4172 6510
314 416 409 475 169

1063 416 1152 471 DE
1189 412 1634 471 ADORATIONE
1672 413 1742 470 IN
1782 411 2056 469 SPIRITU
2096 412 2186 467 ET
2226 408 2598 466 VERITATE.
2640 408 2771 465 LIB.
2812 406 2857 464 I.

3501 412 3604 465 I70

311 536 431 606 θορε
464 533 595 605 γῆν,
623 533 657 602 ἡ
703 530 805 602 τῆς
850 531 1107 596 θεοπτίας
1151 532 1361 587 δέδοται
1411 533 1594 603 χάρις,
1657 531 1752 586 καὶ
1807 533 1940 603 τῆς,

2041 545 2147 584 :ura
2203 528 2366 599 patrii
2436 527 2544 599 23
2616 528 2718 581 soli
2796 526 3150 597 posthabita,
3212 528 3445 599 migrare.
3515 531 3607 600 ju-

311 625 525 689 ἐλπίδος
564 624 628 678 τὸ
672 624 916 694 ἀσφαλὲς
950 625 1009 678 ὲν
1052 624 1257 696 βεϐαίῳ
1304 623 1404 695 τῆς
1443 624 1778 696 ἐλευθερίας,
1814 623 1909 680 καὶ

308 719 365 774 τὸ
404 718 616 785 ἐξεῖναι
666 715 858 769 λοιπὸν
891 716 1127 788 ἐγείρειν
1174 716 1585 787 θυσιαστήριον.
1620 715 1731 769 Καὶ
1778 716 1909 785 ἡμῖν

310 808 395 866 οὖν
426 811 564 880 ἀρα,
605 809 753 862 κατά
774 825 838 877 γε
877 808 939 862 τὺ
971 807 1085 861 ἴσον
1111 806 1205 861 τοῦ
1233 807 1393 877 λόγου
1422 808 1626 879 σχῆμα,
1669 806 1914 879 προσμέο

313 922 458 958 νουσι
498 904 603 975 μὲν
635 903 715 974 τῷ
743 902 937 973 κόσμῳ
959 903 1053 955 καὶ¹
1083 904 1202 966 ταῖς
1232 902 1355 956 κατ’
1379 898 1544 956 αὐτὸν
1578 900 1914 972 βδελυρωτά-

310 1012 422 1059 ταις
450 995 696 1066 ἡδοναῖς,
743 995 974 1064 οὐδεμία
1009 993 1108 1064 μὲν
1152 991 1306 1045 ἔσται
1358 991 1514 1064 παρά
1560 990 1697 1045 Θεοῦ
1730 990 1909 1063 χάρις’

310 1087 675 1159 κεκλημένοις
722 1086 780 1140 ἃ
830 1084 928 1140 καὶ
969 1083 1083 1150 τοῖς
1140 1084 1308 1149 θείοις
1357 1084 1649 1139 ὑπείκουσι
1701 1084 1913 1153 νόμοις,

310 1178 733 1250 ἀναθρώσκουσι
767 1175 877 1229 τῶν
926 1175 1182 1247 καθάπερ
1218 1176 1299 1240 είς
1337 1177 1442 1247 γῆν
1473 1175 1683 1247 ὑψηλὴν
1709 1174 1807 1247 τὴν
1837 1176 1917 1239 είς

311 1274 413 1326 πᾶν
456 1270 647 1325 ὁτιοῦν
689 1269 803 1323 τῶν
858 1266 1081 1338 ἀγαθῶν
1124 1267 1312 1337 ἑφεσίν
1361 1284 1421 1320 τε
1456 1270 1549 1322 καὶ
1583 1267 1913 1340 προθυμίαν,

308 1364 485 1434 ἐνίησι
520 1363 623 1433 μὲν
646 1361 749 1432 τῆς
774 1358 914 1424 ιδίας
946 1359 1105 1430 δόξης
1129 1359 1230 1430 τὴν
1262 1357 1468 1428 γνῶσιν
1493 1360 1522 1414 6
1544 1359 1696 1424 Θεὸς,
1732 1359 1828 1413 καὶ
1857 1359 1920 1413 τὸ

308 1456 407 1526 τῆς
438 1453 668 1518 ἐλπίδος
702 1452 1100 1526 ὲρηρεισμένον
1134 1450 1554 1520 ἐπαγγέλλεται·
1598 1451 1829 1524 εὐσθενῆ
1863 1451 1921 1505 δὲ

306 1546 452 1602 οὕτω
491 1544 587 1600 τὸν
623 1548 682 1600 ὲν
723 1542 859 1616 ἡμῖν
902 1541 1279 1615 ἀπεργάζεται
1332 1541 1491 1610 νοῦν,
1539 1541 1616 1607 ὡς
1654 1541 1755 1614 ἠδη
1805 1559 1923 1606 πως

312 1638 538 1710 ἰσχῦσαι
575 1636 774 1699 θυσίας
793 1634 1093 1708 προσάγειν
1125 1632 1535 1705 πνευματικὰς,
1568 1633 1663 1687 καὶ
1695 1632 1922 1688 εὐωδίαν

310 1729 574 1800 γενέσθαι
592 1727 835 1799 Χριστοῦ
858 1725 937 1798 τῷ
957 1724 1076 1797 Θεῷ
1101 1726 1195 1780 καὶ
1216 1726 1420 1797 Ila-cpt,
1442 1724 1583 1779 κατά
1603 1725 1663 1778 τὸ
1683 1741 1925 1797 γεγραμ-

317 1822 525 1894 μένονο
561 1820 917 1891 παραστῆσαι
963 1819 1020 1872 δὲ
1052 1818 1147 1872 καὶ
1192 1814 1342 1888 αὐτῷ
1387 1815 1450 1870 τὸ
1494 1815 1677 1888 σῶμα,
1734 1816 1925 1870 θυσίαν

2014 622 2286 677 bcbatur:
2323 628 2514 691 postea
2535 636 2669 675 vero
2706 635 2874 690 quam
2935 635 3061 675 cum
3107 628 3220 676 tota
3269 621 3434 676 domo
3475 622 3606 676 uni-

2012 728 2283 785 versaque
2327 712 2657 783 supellectili
2696 712 2850 767 venit
2894 713 2951 768 in
2996 711 3258 768 Chanaan
3282 754 3296 779 ,
3329 722 3495 784 atque
3536 713 3606 768 ad

2015 812 2221 859 terram
2278 811 2524 858 sanctam
2565 803 2855 868 ascendit,
2906 813 3025 859 tum
3083 820 3218 860 vero
3269 805 3350 860 illi
3403 805 3607 861 divinae

2016 894 2247 951 visionis
2309 895 2486 966 gratia
2531 909 2797 953 concessa
2835 906 2944 963 est,
3002 899 3236 969 ejusque
3289 913 3416 970 Spes
3451 898 3610 953 ﬁrma

2015 984 2385 1059 promissione
2429 986 2785 1041 corroborata
2830 997 2943 1053 est,
2984 990 3285 1061 altarisque
3315 1000 3608 1047 exstruen-

2018 1079 2072 1134 di
2102 1081 2217 1152 jam
2267 1089 2519 1152 potestas
2554 1082 2721 1138 facta.
2759 1081 2830 1137 At
2858 1098 2960 1138 nos
3001 1082 3135 1138 item
3175 1083 3342 1138 simili
3375 1084 3609 1151 ratione,

2018 1168 2264 1239 quandiu
2306 1170 2363 1223 in
2417 1171 2626 1226 mundo
2686 1187 2996 1237 manemus,
3033 1180 3090 1227 et
3124 1173 3277 1228 illius
3314 1188 3608 1229 exsecran-

2018 1260 2107 1315 dis
2154 1262 2533 1332 voluptatibus
2568 1250 3037 1330 ‘adhasrescimus,
3068 1266 3223 1321 nulla
3265 1266 3614 1337 permanebit

2021 1370 2053 1409 a
2102 1356 2217 1410 Deo
2251 1356 2457 1428 gratia;
2512 1356 2608 1412 sed
2661 1358 2707 1412 si
2762 1357 2942 1412 vocati
3004 1356 3211 1412 divinis
3252 1358 3469 1428 legibus
3509 1358 3613 1414 ob-

2020 1448 2542 1522 temperaverimus,
2573 1456 2631 1504 et
2662 1446 2732 1504 ad
2783 1449 3033 1504 omnium
3076 1448 3349 1504 bonorum
3404 1449 3617 1520 expeti—

2025 1543 2233 1599 tionem
2274 1552 2439 1613 atque
2470 1543 2648 1599 alacre
2676 1542 2919 1598 studium
2964 1550 3225 1614 tanquam
3255 1542 3311 1596 in
3343 1543 3617 1598 excelsam

2027 1642 2229 1690 terram
2257 1635 2786 1702 conscenderimus,
2821 1645 2939 1692 tum
2977 1652 3112 1692 vero
3157 1634 3322 1690 nobis
3366 1634 3620 1689 immittit

2026 1727 2174 1783 Deus
2200 1728 2387 1799 gloriae
2414 1743 2527 1784 sua:
2555 1729 2951 1800 cognitionem,
2979 1736 3040 1785 et
3090 1728 3209 1800 spei
3245 1727 3622 1784 conﬁrmatio-

2027 1834 2169 1874 nem.
2189 1819 2522 1890 pollicetur,
2556 1828 2904 1891 .tantumque
2944 1821 3117 1876 robur
3175 1818 3464 1875 mentibus
3520 1833 3624 1873 no-

312 1913 503 1980 ζῶσαν
535 1912 636 1967 καὶ
668 1911 966 1983 εὐάρεστον
1013 1909 1092 1982 τῷ
1124 1908 1267 1980 Θεῷ,
1306 1909 1410 1980 τὴν
1452 1909 1679 1980 λογικὴν
1726 1908 1822 1963 καὶ
1872 1909 1930 1963 ὲν

2041 1911 2164 1966 stris
2181 1909 2450 1976 immittit,
2477 1919 2536 1966 ut
2553 1913 2666 1983 jam
2686 1913 2963 1983 possimus
2994 1911 3205 1969 hostias
3231 1912 3434 1968 oil'erre
3460 1909 3624 1982 spiri—

312 2006 597 2077 τινεύματι
631 2003 895 2074 λατρείαν
938 2002 1037 2073 τὴν
1068 2001 1370 2056 ἀπόδεκτον
1400 2000 1554 2073 παρὰ
1580 2000 1721 2073 Θεῷ.
1752 2003 1929 2073 Προσ-

316 2099 458 2154 ίεται
499 2096 616 2168 γὰρ
653 2095 909 2166 ἀσμένως
952 2094 1052 2164 τῆς
1099 2095 1158 2148 ἐν
1207 2092 1484 2165 πνεύματι
1516 2093 1771 2167 λατρείας
1799 2094 1926 2159 τοὺς

314 2190 582 2261 τρόπους,
616 2187 715 2240 καὶ
740 2185 937 2239 θυσίαν
968 2185 1185 2255 ἡγεῖται
1205 2183 1269 2237 τὸ
1303 2185 1492 2255 χρῆμα
1523 2183 1925 2255 πνευματικήν.

2039 2002 2217 2057 tuales
2233 2001 2300 2067 “,
2330 2009 2387 2058 et
2406 1999 2613 2058 Christi
2647 2004 2827 2059 bonus
2859 2003 2999 2059 odor
3027 2002 3149 2058 ﬁeri
3197 2003 3312 2057 Deo
3356 2009 3414 2057 et
3440 2001 3620 2065 Patri,

2036 2095 2179 2150 sicut
2212 2094 2480 2167 scriptum
2519 2096 2711 2164 est“;
2762 2096 3027 2152 exhibere
3072 2093 3240 2150 etiam
3272 2094 3377 2166 ipsi
3404 2108 3626 2165 quoque

2040 2201 2245 2257 corpus
2277 2187 2516 2242 hostiam
2567 2188 2878 2254 viventem,
2943 2188 3365 2258 placentemque
3421 2187 3534 2243 Deo
3554 2187 3623 2251 “,

314 2298 523 2353 nempe
582 2279 918 2335 rationalem
956 2277 1118 2333 illum
1180 2283 1239 2333 et
1293 2277 1350 2332 in
1395 2278 1595 2349 spiritu
1633 2278 1883 2342 cultum,
1918 2278 2013 2348 qui
2043 2276 2157 2334 Deo
2186 2288 2273 2335 est
2301 2280 2358 2335 in
2393 2281 2589 2351 primis
2624 2288 2904 2351 acceptus.
2953 2280 3219 2336 Libenter
3279 2280 3429 2335 enim
3503 2293 3623 2335 am-

309 2374 588 2445 plectitur
616 2371 927 2443 spiritualis
967 2370 1119 2426 illius
1170 2370 1424 2442 obsequii
1480 2372 1623 2427 ritus
1647 2412 1663 2437 ,
1709 2364 1878 2442 atque
1930 2371 2068 2428 illud
2105 2373 2342 2429 hostiam
2369 2375 2713 2446 spiritualem
2745 2384 2924 2446 putat.

384 2489 609 2543 ΠΔΛΛ.
664 2485 1112 2558 Μεθορμίζεσθαι
1157 2486 1222 2558 δὴ
1276 2480 1370 2540 οῦν
1434 2487 1528 2540 ἐπὶ
1596 2487 1663 2540 τὰ
1718 2486 1932 2559 ἀμείνω

313 2584 553 2657 πρέπει,
593 2581 707 2637 τῶν
740 2580 1030 2651 αἰσχιόνων
1078 2581 1435 2653 ἀπαίροντας·
1484 2581 1580 2635 καὶ⁹
1613 2583 1930 2654 προσίεσθαι

316 2678 423 2749 μὲν
457 2676 540 2740 ὡς
573 2675 772 2747 ἥδιστα
801 2673 901 2745 τὴν
939 2672 1153 2729 ἀνωθεν
1191 2673 1405 2745 κλῆσιν,
1450 2674 1849 2748 ἐμφιλοχωρεῖν
1873 2675 1930 2731 δὲ

305 2769 402 2822 ὃτι
443 2765 694 2838 μάλιστα
727 2764 908 2835 φιλεῖν
948 2767 1062 2829 τοῖς
1091 2766 1157 2819 ὲκ
1197 2765 1366 2836 νόμου
1394 2766 1804 2837 τετιμημένοις,
1838 2767 1934 2823 καὶ

313 2860 418 2932 τὴν
444 2857 691 2930 ἀρίστην
742 2857 945 2928 ψῆφον⁹
971 2855 1198 2927 λαχοῦσι
1245 2856 1398 2930 παρά
1442 2856 1582 2928 Θεῷ.
1639 2857 1728 2923 Ὠς
1759 2858 1824 2913 τό
1857 2877 1941 2914 τοι

315 2952 512 3023 ζητεῖν
540 2951 742 3006 ἀνόπιν
772 2951 909 3004 ίέναι
934 2949 1030 3005 καὶ
1060 2951 1366 3004 έπινοστεῖν
1393 2949 1486 3004 ὲπί
1511 2968 1565 3005 τι
1594 2951 1703 3006 τῶν
1732 2952 1939 3007 ἀδικεῖν

315 3042 626 3109 εἰωθότων,
653 3041 841 3104 αἰτίας
862 3041 964 3094 οὐκ
994 3039 1402 3113 ἀπαλλάξομεν.

391 3158 571 3212 ΚΥΡ.
614 3156 693 3211 Οὐ
730 3155 833 3228 μὲν
857 3151 980 3221 οὖν,
1003 3148 1050 3210 ὦ
1084 3157 1290 3230 ἑταῖρε.
1319 3158 1677 3230 Παγχάλεπον
1707 3158 1807 3231 μὲν
1832 3159 1940 3232 γὰρ
1965 3181 1985 3199 ·

2107 2488 2308 2544 PALL.
2343 2490 2512 2545 Decet
2542 2490 2732 2562 igitur,
2770 2500 2832 2546 ut
2872 2506 2907 2545 a
2952 2491 3298 2562 turpioribus
3349 2489 3514 2546 factis
3543 2489 3628 2546 di—

2037 2582 2239 2652 gressi,
2276 2582 2347 2637 ad
2367 2583 2656 2652 meliorem
2692 2584 2861 2641 vitam
2897 2600 3000 2642 nos
3028 2584 3399 2651 conferamus,
3429 2601 3628 2657 super-

2038 2688 2277 2745 namque
2314 2665 2662 2732 vocationem
2694 2676 3062 2734 libentissime
3109 2679 3541 2749 amplectamur,
3571 2678 3629 2734 in

2039 2765 2219 2837 iisque
2248 2767 2416 2823 rebus
2445 2769 2685 2825 maxime
2711 2768 2919 2826 versari
2963 2770 3275 2842 cupiamus,
3302 2786 3426 2842 quae
3450 2786 3482 2826 a
3510 2771 3632 2843 lege

2038 2861 2369 2932 probantur,
2402 2871 2459 2918 et
2500 2879 2533 2919 a
2570 2863 2685 2919 Deo
2730 2864 2941 2935 optima
2988 2864 3331 2936 iudicantur.
3374 2864 3511 2919 Nam
3546 2880 3631 2919 re-

2040 2959 2281 3007 trorsum
2307 2953 2462 3008 abire
2489 2954 2653 3021 velle,
2679 2962 2736 3009 et
2767 2955 2837 3010 ad
2860 2971 2925 3011 ea
2954 2954 3184 3022 reverti,
3205 2971 3237 3011 a
3253 2955 3458 3026 quibus
3482 2954 3633 3011 laedi-

2039 3060 2189 3111 mur,
2220 3045 2277 3101 id
2306 3060 2437 3101 vero
2462 3047 2623 3118 culpa
2648 3047 2877 3104 minime
2900 3057 3080 3105 vacat.

2109 3158 2267 3215 CYR.
2301 3160 2526 3217 Minime
2545 3177 2698 3228 vero,
2719 3162 2948 3218 Palladi.
2985 3162 3524 3220 Periculosissimum
3548 3171 3635 3220 est

314 3252 383 3307 τὸ
415 3252 605 3306 νοσεῖν
644 3247 868 3302 ἑλέσθαι
903 3248 1070 3303 πάλιν
1104 3248 1174 3303 τά
1209 3242 1288 3304 ὧν
1319 3249 1386 3304 ἂν
1419 3250 1682 3321 ὲξοίχοιτό
1718 3267 1830 3315 τις’
1863 3250 1940 3315 ὼς

2043 3251 2192 3306 enim
2240 3252 2298 3306 in
2353 3268 2451 3309 eos
2512 3254 2738 3309 morbos
2778 3254 3028 3310 recidere
3064 3255 3241 3320 velle,
3282 3270 3425 3326 quos
3462 3256 3634 3311 semel

315 3340 440 3409 ..σεξ
484 3360 553 3413 γε
583 3340 738 3406 ἅπαξ
780 3340 1144 3414 ὲξῃρημένοις
1183 3341 1415 3412 δυνάμει
1470 3341 1608 3395 Θεοῦ
1659 3343 1941 3407 πολιτείας

317 3439 630 3511 κοσμικῆς,
686 3436 957 3510 σφαλερὸν
1001 3436 1141 3505 ἀγαν
1182 3437 1247 3490 τὸ
1298 3437 1403 3491 κᾶν
1457 3436 1589 3506 γοῦν
1641 3439 1722 3501 είς
1771 3438 1942 3509 αὐτὴν

319 3529 646 3598 ἀποϐλέψαι
696 3527 878 3598 μόνον,
929 3526 1025 3580 καὶ
1071 3525 1236 3580 οἱονεὶ
1291 3525 1432 3596 πρὸς
1461 3524 1770 3597 ἀνάμνησιν
1804 3524 1943 3580 ίέναι

322 3621 857 3696 πλημμελημάτων,
891 3620 1096 3690 είςςτὴν
1126 3620 1212 3673 ἐπ’
1240 3619 1428 3683 αὐτοῖς
1453 3619 1736 3691 ἀγάπησιν
1762 3617 1945 3682 ἱέντας

322 3718 419 3772 τὸν
449 3710 606 3771 νοῦν.
650 3714 765 3768 Καὶ
817 3711 949 3783 γοῦν
997 3713 1027 3765 6
1068 3711 1357 3775 θεσπέσιος
1389 3711 1645 3783 Μελῳδὸς
1694 3711 1945 3781 ἐλιπάρει

325 3810 533 3880 λέγων·
587 3826 607 3860 ι
657 3804 1030 3878 Ἀπόστρεψον
1073 3806 1203 3869 τούς
1247 3803 1562 3876 ὀφθαλμούς
1606 3822 1709 3877 μου
1747 3804 1842 3858 τοῦ
1870 3805 1946 3876 μὴ

332 3903 467 3957 ἰδεῖν
520 3899 890 3973 ματαιότητα.
932 3915 951 3948 ι
1013 3897 1333 3967 Ματαιότης
1377 3897 1488 3969 γὰρ
1535 3896 1614 3961 ὡς
1646 3896 1864 3968 άληθῶς
1915 3898 1944 3949 6

329 3995 493 4050 τοῦδε
524 3991 626 4046 τοῦ
658 3991 778 4063 βίου
804 3988 1213 4061 περισπασμὸς,
1255 3990 1349 4043 καὶ
1371 3991 1406 4060 ἡ
1444 3988 1552 4041 τῶν
1593 3989 1945 4060 προσκαίρων

332 4088 594 4149 διάκενος
639 4083 868 4155 τέρψις,
909 4074 988 4136 ὧν
1038 4081 1123 4135 ὅτι
1179 4083 1447 4154 προσήκει
1491 4081 1798 4137 διίστασθαι
1852 4084 1949 4137 καὶ

335 4180 677 4249 ἀποφοιτᾷν,
707 4174 1097 4249 παραιτεῖσθαι
1129 4173 1188 4227 δὲ
1217 4175 1311 4228 καὶ
1343 4174 1512 4245 μόνην
1539 4175 1639 4246 τὴν
1666 4173 1743 4237 ὡς
1772 4174 1830 4226 ὲν
1860 4174 1949 4226 ὲν-

333 4274 516 4337 νοίαις
562 4271 665 4343 μὲν
702 4269 783 4323 ἐτι
832 4269 932 4323 σὺν
975 4267 1137 4339 ἡδονῇ
1162 4284 1225 4320 τε
1266 4266 1610 4336 κατάσκεψιν
1652 4264 1745 4318 τόν
1771 4280 1834 4333 γε
1876 4264 1952 4328 ὼς

331 4362 563 4434 ἀληθῶς
604 4360 925 4433 ὀρθοποδεῖν
964 4358 1265 4431 ᾑρημένον,
1300 4358 1573 4430 ἀναμάθοι
1610 4375 1696 4422 τις
1724 4356 1792 4413 ἂν
1822 4359 1953 4412 κάν.

330 4454 535 4509 τεῦθεν
563 4453 831 4518 εὐκόλως.

408 4545 633 4600 ΠΔΛΛ.
690 4543 786 4598 Ἐκ
816 4544 912 4599 τοῦ
947 4545 1012 4617 δὴ
1044 4545 1153 4617 φής
1179 4559 1193 4611 ζ

408 4661 592 4716 ΚΥΡ.
634 4659 700 4714 Oi
743 4658 856 4714 τῶν
894 4658 1151 4732 Σοδόμων
1190 4659 1480 4731 οἰκήτορες
1533 4658 1614 4721 εἰς
1656 4655 1756 4720 τὰς
1804 4654 1954 4727 παρὰ

336 4754 513 4826 φῦσιν
533 4751 743 4824 ἡδονὰς
763 4752 974 4825 ἀγρίως
994 4748 1451 4824 ὲξοιστρούμενοι,
1481 4751 1576 4804 καὶ
1602 4747 1960 4820 ἀτιμάζοντες

340 4846 449 4917 μὲν
476 4842 574 4899 τὸν
597 4842 823 4897 συνόδου
857 4836 1045 4912 νόμον,
1073 4841 1133 4896 ὃν
1156 4841 1252 4895 ἐπὶ
1278 4840 1487 4894 παίδων
1518 4840 1704 4909 γοναῖς
1736 4840 1769 4909 ἠ
1799 4837 1960 4907 φύσις

332 4939 617 5011 ὡρίσατο,
666 4934 844 5006 ὥραις
870 4933 929 4988 δὲ
960 4936 1083 4998 ταῖς
1121 4932 1373 5006 ἀρρένων
1404 4929 1816 5000 ὲπιθηγόμενοι,
1866 4928 1964 4982 καὶ

336 5035 394 5088 τί
419 5034 539 5105 γὰρ
575 5031 704 5102 οὐχὶ
735 5029 844 5084 τῶν
874 5026 998 5083 λίαν
1053 5029 1452 5085 ἐκτοπωτάτων
1498 5024 1962 5097 διαπεραίνοντες,

339 5118 727 5195 κατηρέθιζον
772 5120 855 5184 είς
884 5119 1078 5192 ὀργὰς,
1117 5121 1214 5175 καὶ
1253 5119 1537 5183 οίονείπως
1581 5115 1971 5180 κατεόιάζοντο

339 5215 495 5287 πρὸς
523 5212 630 5284 τὴν
654 5211 744 5265 ἐπ’
770 5212 957 5275 αὐτοῖς
990 5211 1128 5265 ἰέναι
1159 5210 1339 5280 δίκην,
1369 5209 1551 5265 καίτοι
1586 5205 1969 5278 φιλάνθρωπον

338 5308 484 5361 ὄντα
514 5305 615 5359 τὸν
656 5304 1030 5376 Δημιουργόν.
1076 5302 1296 5373 Ἐπειδὴ
1326 5302 1384 5356 δὲ
1413 5301 1505 5355 τοῦ
1540 5301 1739 5372 χρῆναι
1772 5299 1969 5354 παθεῖν

340 5400 445 5454 ἐπὶ
492 5395 701 5467 θύραις
725 5392 796 5467 ἦν
826 5397 856 5449 6
889 5394 1104 5468 καιρὸς,
1148 5393 1600 5465 δεδαπανημένης
1639 5390 1831 5465 ὥσπερ
1869 5393 1970 5464 τῆς

343 5492 438 5546 ἐπ’
512 5489 709 5551 αὐτοῖς
744 5487 1121 5553 ἀνεξικακίας,
1165 5484 1481 5539 εἰσέϐαλλον
1518 5487 1576 5538 ὲν
1621 5483 1880 5555 Σοδόμοις
1919 5485 1969 5537 οἱ

345 5581 520 5638 τοῦτο
553 5577 969 5650 πληρώσοντες.
1017 5579 1339 5649 Γέγραπται
1381 5575 1437 5630 δὲ
1465 5574 1660 5641 οὕτως·
1700 5595 1721 5627 ι
1767 5573 1971 5629 *Ηλθον

346 5673 407 5727 δὲ
432 5671 538 5727 δύο
559 5669 792 5739 ἄγγελοι
825 5673 905 5735 εἰς
936 5670 1147 5740 Σόδομα
1178 5669 1442 5741 ἑσπέρας.
1476 5667 1601 5723 Λὼτ
1650 5667 1708 5723 δὲ
1737 5669 1974 5739 ἐκάθητο

428 5878 485 5913 ⁸⁵
514 5877 691 5934 IPet.
715 5891 776 5941 ιι,
803 5876 856 5931 5.
900 5874 948 5908 ”
985 5875 1032 5931 Il
1066 5875 1197 5933 Cor.
1238 5893 1298 5941 ιι,
1333 5877 1420 5934 15.

702 5968 982 6028 ΡΑτιιοι.
1029 5969 1146 6029 Gn.
1194 5968 1458 6032 LXVIII.

1524 5878 1570 5911 ⁸⁸
1601 5878 1763 5936 Rom.
1793 5894 1891 5946 xu,
1930 5879 1986 5936 l.

1964 4590 2032 4666 ὀ

2041 3343 2289 3400 evaseris
2317 3361 2331 3399 :
2359 3360 2490 3403 nam
2524 3345 2611 3411 iis,
2645 3344 2739 3416 qui
2782 3346 2953 3401 semel
2981 3345 3083 3402 Dei
3122 3361 3227 3417 ope
3250 3360 3318 3400 ex
3357 3345 3634 3401 mundana

2042 3438 2458 3494 conversatione
2491 3437 2603 3494 sint
2644 3437 2846 3509 erepti,
2867 3439 2938 3495 ad
2978 3454 3101 3495 eam
3133 3439 3223 3495 vel
3253 3438 3527 3510 respicere
3548 3455 3624 3494 so

2041 3529 2179 3595 lum,
2212 3544 2277 3584 ac
2296 3529 2566 3585 memoria
2601 3537 2852 3601 repetere
2874 3537 3123 3600 peccata,
3160 3539 3325 3601 atque
3358 3530 3429 3587 ad
3451 3546 3517 3587 ea
3535 3530 3637 3587 ad-

2045 3623 2280 3678 amanda
2317 3623 2567 3678 animum
2596 3623 2897 3695 appellere,
2931 3622 3161 3678 minime
3193 3631 3376 3679 tutum
3407 3624 3637 3681 est.lta-

2046 3731 2154 3786 que
2188 3715 2413 3771 divinus
2445 3715 2537 3770 ille
2562 3715 2850 3771 Psalmista
2888 3717 3082 3771 orabat
3114 3715 3306 3774 dicens
3335 3734 3350 3772 :
3385 3737 3405 3769 ι
3438 3717 3639 3775 Averte

2047 3808 2240 3863 oculos
2276 3823 2451 3874 meos,
2499 3823 2570 3864 ne
2623 3808 2851 3865 videant
2899 3809 3205 3865 vanitatem
3224 3811 3288 3864 ⁸⁷.
3331 3830 3349 3862 ι
3412 3810 3640 3867 Vanitas

2048 3900 2196 3955 enim
2219 3914 2412 3955 revera
2439 3908 2524 3956 est
2549 3900 2719 3972 hujus
2746 3901 2874 3956 vitae
2908 3900 3219 3969 distractio,
3254 3911 3420 3975 atque
3451 3921 3639 3961 rerum

2050 3990 2437 4061 temporalium
2484 3989 2667 4045 inanis
2714 3990 3033 4057 oblectatio,
3065 4007 3096 4047 a
3146 3992 3351 4064 quibus
3398 3994 3639 4067 disjungi

2052 4090 2216 4152 atque
2232 4081 2490 4138 recedere
2512 4090 2789 4153 oportere,
2814 4097 3118 4154 earumque
3143 4100 3328 4139 rerum
3353 4087 3442 4141 vel
3467 4087 3641 4142 solam

2053 4173 2403 4245 cogitationis
2441 4189 2570 4229 cum
2605 4174 2888 4244 voluptate
2935 4176 3286 4246 conjunctam
3320 4178 3640 4234 consideras

2055 4265 2261 4320 tionem
2300 4265 2498 4335 ei,qui
2530 4273 2679 4320 recte
2711 4264 2924 4336 ingredi
2958 4266 3128 4333 velit,
3165 4281 3287 4323 esse
3318 4269 3640 4335 cavendam,

2056 4358 2185 4411 hinc
2220 4357 2379 4413 facile
2406 4358 2636 4430 intelligi
2656 4366 2855 4429 potest.

2132 4543 2331 4600 PALL.
2355 4544 2668 4610 Undenam,
2713 4536 2939 4615 quaeso?

2133 4658 2242 4732 24
2263 4659 2421 4715 CYR.
2460 4658 2830 4715 Sodomorum
2874 4658 3238 4723 habitatores,
3281 4677 3406 4717 cum
3446 4661 3515 4717 ad
3555 4679 3647 4719 eas

2058 4754 2391 4823 voluptates,
2421 4768 2544 4823 quae
2570 4760 2769 4823 praeter
2792 4759 3046 4808 naturam
3080 4760 3299 4817 essent,
3336 4754 3659 4813 immaniter

2059 4845 2211 4899 velut
2252 4853 2422 4900 (nstro
2460 4845 2698 4914 quodam
2734 4844 3185 4912 stimularentur,
3227 4861 3467 4917 cumque
3515 4863 3647 4904 con-

2061 4943 2269 5008 tempta
2301 4951 2631 5008 congressus
2666 4936 2809 5008 lege,
2842 4953 3007 5008 quam
3056 4937 3250 4995 liberis
3295 4939 3654 5010 procreandis

2064 5036 2259 5083 natura
2277 5027 2394 5098 ipsa
2426 5028 2784 5099 praescripsit,
2815 5029 3189 5084 masculorum
3229 5029 3411 5100 specie
3456 5029 3648 5093 illecti,

2068 5122 2137 5176 ad
2166 5121 2430 5176 libidines
2457 5121 2861 5187 excitarentur,
2894 5122 3157 5193 nullaque
3198 5121 3338 5178 adeo
3384 5121 3650 5193 ﬂagitiosa

2070 5228 2156 5267 res
2188 5220 2336 5267 esset
2377 5228 2408 5267 a
2436 5228 2545 5283 qua
2585 5210 2952 5285 perpetranda
2982 5213 3359 5279 abstinerent,
3394 5212 3533 5269 iram
3554 5214 3650 5271 Dei

2067 5313 2459 5375 provocarunt,
2495 5313 2552 5362 et
2580 5306 2897 5363 Creatorem
2941 5307 3151 5377 alioqui
3192 5307 3532 5381 benignum,
3583 5308 3651 5367 ad

2069 5411 2258 5467 pmnas
2297 5400 2367 5454 ab
2404 5401 2487 5455 eis
2513 5401 2838 5472 repetendas
2875 5400 3208 5459 descendere
3248 5404 3621 5475 quodammod
3720 5440 3727 5465 ι

2069 5499 2388 5561 coegerunt.
2423 5490 2647 5561 Itaque,
2706 5508 2834 5547 cum
2892 5502 3111 5565 tempus
3156 5495 3347 5551 luendi
3401 5496 3679 5569 supplicii}
3710 5556 3724 5571 ο

2069 5582 2321 5646 instaret,
2343 5583 2634 5655 absumpta
2653 5586 2765 5657 jam
2790 5586 3198 5656 quodammodo
3237 5589 3427 5647 divina
3469 5590 3528 5646 in
3579 5590 3667 5660 eis

2071 5674 2360 5744 patientia,
2388 5676 2617 5747 ingressi
2666 5688 2795 5734 sunt
2815 5679 3053 5737 Sodoma
3074 5682 3304 5742 ultionis
3329 5683 3531 5740 divinae
3558 5679 3665 5737 mi-

2079 5880 2123 5913 ⁸⁷
2173 5880 2318 5937 Psal.
2363 5897 2543 5949 cxvm,
2606 5884 2693 5939 57.

3268 5974 3304 6036 6
