4172 6444
607 426 702 479 171

1625 420 1680 477 S.
1722 419 1995 478 CYRILLI
2033 417 2504 473 ALEXANDRINI
2541 416 2858 475 ARCHIEP.

3748 416 3852 476 172

598 537 775 595 nistri.
811 535 902 593 Sic
930 552 1165 609 namque
1182 538 1445 609 scriptum
1469 545 1587 594 est:
1623 556 1641 588 ι
1679 538 1961 593 Venerunt
1983 545 2166 590 autem

2272 532 2423 603 παρά
2467 534 2566 602 τὴν
2598 532 2775 602 πύλην
2814 532 3080 604 Σοδόμων.
3129 532 3271 587 Ἰδὼν
3306 531 3363 586 δὲ
3407 530 3551 596 Λὼτ,
3587 531 3850 607 ἐξανέστη

596 628 708 683 duo
746 628 923 699 angeli
948 626 1241 683 Sodomam
1285 627 1521 699 vesperi.
1578 626 1681 681 Lot
1722 635 1908 680 autem
1944 624 2172 680 sedebat

598 731 767 789 prope
796 723 1009 787 portam
1033 715 1416 771 Sodomorum.
1448 714 1655 771 Videns
1688 722 1872 769 autem
1903 714 2026 780 Lot,
2050 730 2173 768 sur-

600 807 741 863 rexit
773 808 828 862 in
872 821 1163 862 occursum
1203 821 1417 871 eorum,
1467 815 1524 860 et
1576 804 1823 860 adoravit
1857 821 2065 876 pronus
2112 805 2172 860 in

600 906 821 964 terram,
854 905 911 953 ct
932 897 1070 953 dixit
1103 897 1242 962 :En,
1292 895 1814 962 domini,declinate
1850 895 1908 950 in
1945 895 2170 951 domum

599 988 744 1045 servi
775 988 967 1053 vestri,
989 995 1044 1043 et
1077 987 1357 1051 divertite,
1404 993 1462 1041 et
1500 985 1707 1040 abluite
1734 983 1903 1056 pedes
1933 993 2168 1053 vestros,

596 1090 653 1136 et
683 1096 841 1136 mane
878 1088 1164 1151 surgentes
1179 1078 1601 1148 proﬁciscemini
1649 1076 1705 1132 in
1733 1078 1877 1132 viam
1909 1087 2169 1132 vestram.

598 1170 667 1225 Et
714 1168 973 1224 dixerunt
1006 1167 1187 1223 :Non.
1228 1166 1336 1221 Sed
1383 1166 1441 1221 in
1483 1167 1665 1238 platea
1711 1166 2077 1222 manebimus.
2101 1167 2173 1222 Et

597 1261 778 1332 coegit
802 1260 948 1324 illos,
976 1265 1035 1314 et
1076 1258 1495 1315 declinaverunt
1542 1259 1611 1315 ad
1648 1276 1798 1326 eum,
1836 1269 1893 1316 et
1938 1261 2171 1332 ingressi

600 1359 730 1405 sunt
752 1351 976 1405 domum
1009 1350 1150 1422 ejus,
1181 1358 1238 1405 et
1274 1349 1407 1405 fecit
1433 1351 1514 1406 eis
1556 1350 1892 1416 convivium,
1933 1361 1990 1406 et
2025 1351 2173 1407 coxit

597 1457 807 1513 azyma,
833 1447 889 1495 et
908 1441 1267 1497 comederunt
1296 1449 1587 1511 antequam
1615 1441 1758 1496 irent
1778 1441 2027 1496 cubitum
2048 1442 2113 1495 ⁸⁸.
2144 1460 2163 1494 ι

597 1531 699 1586 Lot
727 1547 961 1601 namque
993 1547 1118 1586 cum
1156 1547 1222 1587 ex
1254 1532 1464 1587 semine
1502 1541 1647 1588 esset
1691 1532 1985 1597 Abraham,
2024 1540 2081 1588 et
2114 1533 2170 1589 in

597 1621 763 1676 rectis
785 1621 1002 1694 legibus
1026 1621 1315 1687 educatus,
1340 1629 1397 1676 ct
1427 1620 1652 1692 pictatis
1692 1622 1747 1676 in
1796 1622 1973 1677 Deum
2003 1622 2172 1677 vehe-

2274 623 2352 686 εἰς
2377 621 2698 693 συνάντησιν
2722 621 2923 686 αὐτῶν,
2948 622 3040 675 καὶ
3074 621 3443 694 προσεκύνησε
3467 621 3546 693 τῷ
3570 621 3850 696 προσώπῳ

2272 713 2365 767 ἐπὶ
2391 714 2492 786 τὴν
2522 713 2649 784 γῆν,
2709 713 2805 766 καὶ
2870 708 3050 766 εἶπεν·
3113 712 3266 777 Ἰδοὺ,
3311 712 3527 783 Κύριοι,
3563 712 3848 768 ὲκκλίνατε

2276 806 2356 868 είς
2382 804 2473 859 τὸν
2510 801 2658 860 οἷκον
2693 804 2786 859 τοῦ
2821 805 3009 869 παιδὸς
3037 804 3209 875 ὑμῶν,
3242 805 3335 859 καὶ
3362 803 3724 872 καταλύσατε,
3754 807 3850 861 καὶ

2276 896 2501 967 νίψασθε
2526 898 2654 961 τοὺς
2692 896 2859 961 πόδας
2904 896 3077 967 ὑμῶν,
3118 896 3213 950 καὶ
3238 896 3589 969 όρθρίσαντες
3618 896 3849 951 ἀπελεύ-

2276 986 2434 1040 σεσθε
2473 988 2553 1051 είς
2594 985 2693 1056 τὴν
2720 986 2837 1040 ὁδὸν
2869 986 3046 1057 ὑμῶν.
3075 985 3186 1039 Καὶ
3223 981 3395 1041 εἷπον·
3443 986 3599 1058 Οὐχί.
3626 986 3766 1039 Ἀλλ’
3789 989 3847 1040 ὲν

2271 1078 2337 1147 τῇ
2370 1075 2602 1148 πλατείᾳ
2647 1074 3049 1145 καταλύσομεν,
3100 1076 3193 1132 καὶ⁵
3230 1075 3584 1138 κατεϐιάζετο
3626 1077 3843 1142 αὐτοὺς,

2273 1167 2367 1220 καλ⁵
2388 1167 2663 1232 ἐξέκλιναν
2705 1167 2841 1238 πρὸς
2869 1166 3050 1232 αὑτὸν,
3080 1168 3175 1220 καὶ
3211 1166 3456 1237 εἰσῆλθον
3484 1167 3564 1232 είς
3592 1168 3681 1222 τὸν
3702 1162 3850 1223 οἷκον

2274 1255 2460 1322 αὐτοῦ,
2492 1256 2586 1310 καὶ
2609 1257 2865 1328 ἐποίησεν
2893 1257 3077 1322 αὐτοῖς
3101 1258 3281 1313 πότον.
3315 1257 3423 1311 Καὶ
3454 1258 3693 1329 ἀζύμους
3716 1258 3814 1314 ἕπε
3830 1288 3849 1302 -

2271 1346 2371 1418 ψεν
2406 1348 2609 1415 αὐτοῖς,
2644 1348 2739 1403 καὶ
2767 1348 2970 1418 ἔφαγον
3012 1349 3121 1419 πρὸ
3159 1348 3254 1403 τοῦ
3286 1349 3635 1422 κοιμηθῆναι.
3672 1371 3691 1404 ι
3724 1352 3849 1408 Λὼτ

2277 1436 2377 1507 μὲν
2406 1436 2537 1508 γὰρ,
2577 1437 2673 1491 ἀτε
2703 1437 2767 1508 δὴ
2796 1438 2887 1491 καὶ
2916 1436 2975 1504 ἐξ
3014 1439 3245 1510 αἵματος
3273 1440 3532 1512 ὑπάρχων
3573 1440 3846 1514 Ἀϐραὰμ,

2271 1528 2508 1592 καὶτοῖς
2536 1528 2637 1600 τῆς
2652 1528 2936 1603 ὀρθότητος
2977 1530 3162 1602 νόμοις
3200 1533 3655 1603 ἐντεθραμμένος,
3694 1533 3846 1588 εύσεο

2272 1617 2424 1683 σείας
2459 1636 2518 1672 τε
2542 1620 2641 1691 τῆς
2682 1617 2762 1685 si:
2802 1621 2935 1675 Θεὸν
2971 1622 3073 1676 οὐκ
3101 1624 3157 1676 ὲν
3197 1622 3390 1695 βραχεῖ
3431 1623 3573 1695 λόγῳ
3610 1641 3848 1698 πεφρον-

597 1720 811 1767 menter
868 1712 1171 1777 studiosus,
1239 1712 1526 1767 habitabat
1598 1713 1652 1767 in
1708 1712 1981 1769 Sodomis.
2038 1713 2166 1769 Erat

2270 1708 2456 1778 τικὼς,
2486 1710 2735 1783 παρῴκει
2759 1712 2828 1766 τά
2859 1712 3087 1785 Σόδομα.
3112 1707 3222 1767 Ἦν
3247 1713 3302 1766 δὲ
3327 1713 3413 1767 ἐπ’
3434 1716 3616 1780 αὐτοῖς
3643 1716 3851 1789 ἔπηλυς

596 1814 777 1859 autem
809 1804 952 1876 apud
985 1820 1083 1860 eos
1118 1803 1324 1859 advena
1351 1812 1407 1859 et
1432 1804 1633 1874 hospes
1657 1811 1716 1859 et
1738 1819 1938 1874 genere
1971 1811 2026 1859 et
2047 1820 2166 1859 mo-

2272 1802 2364 1855 καὶ
2391 1802 2540 1867 ξένος
2574 1804 2668 1858 καὶ
2700 1804 2846 1874 γένει
2876 1805 2971 1858 καὶ
2993 1805 3199 1877 τρόπῳ.
3248 1825 3267 1858 ι
3314 1806 3412 1871 Τίς
3440 1806 3548 1880 γάρ
3596 1810 3857 1867 κοινωνία

596 1896 769 1951 ribus.
810 1875 994 1963 {Quae
1015 1897 1163 1952 enim
1205 1896 1438 1951 societas
1480 1895 1592 1953 luci
1650 1894 1719 1950 ad
1751 1894 2042 1951 tenebras?
2084 1895 2166 1951 vel

2272 1892 2411 1960 φωτὶ
2466 1894 2602 1966 πρὸς
2654 1894 2876 1962 σκότος;
2928 1895 2961 1967 ἢ
3009 1875 3092 1960 τίς
3127 1875 3285 1969 μερὶς
3334 1875 3689 1970 πιστῷ-μετά
3720 1902 3851 1956 ἀπί-

594 2004 716 2059 qnae
742 2005 868 2059 pars
889 1988 1035 2045 ﬁdeli
1070 2002 1196 2043 cum
1219 1987 1464 2043 inﬁdeli?
1487 2006 1505 2039 ι
1529 1987 1674 2064 sicut
1702 1986 1967 2057 scriptum
1998 1994 2083 2042 est
2102 1988 2166 2040 ⁸³.

2273 2003 2432 2051 στου,
2473 2005 2492 2038 ι
2534 1985 2677 2041 κατά
2711 1987 2772 2041 τὸ
2808 1988 3226 2060 γεγραμμένον;
3267 1990 3764 2063 Κατευμεγεθήσας
3790 1994 3852 2049 δὲ

594 2081 779 2151 itaque
802 2096 927 2137 cum
955 2086 1330 2137 contemneret
1364 2079 1497 2135 vitia
1554 2078 1956 2151 indigenarum,
1982 2095 2047 2135 ac
2073 2095 2166 2150 per

2268 2074 2379 2129 τῶν
2429 2075 2734 2147 ἐπιχωρίων
2789 2075 2994 2142 κακῶν,
3045 2076 3138 2130 καί⁹
3184 2076 3283 2150 τὴν
3327 2064 3475 2151 αὐτῷ
3520 2080 3721 2154 συνήθη
3752 2085 3848 2138 τοῦ

592 2168 728 2224 illud
777 2168 883 2223 iter
907 2169 1035 2223 vitae
1093 2167 1507 2240 ingrederetur,
1562 2169 1651 2225 cui
1712 2177 1967 2225 assuetus
2026 2179 2166 2237 erat,

2272 2166 2389 2237 βίου
2426 2166 2741 2238 διαστείχων
2781 2168 2919 2232 ὁδὸν,
2965 2168 3135 2238 ἁγίων
3170 2167 3346 2240 εἴχετο
3392 2172 3849 2244 σπουδασμάτων,

590 2261 796 2316 sanctis
825 2259 1233 2317 adhaerescebat
1276 2261 1497 2329 studiis,
1531 2269 1698 2333 atque
1729 2277 1853 2318 cum
1882 2262 2166 2334 hospitali-

2270 2258 2365 2312 καὶ
2416 2258 2515 2329 τῆς
2563 2258 2863 2328 φιλοξενίας
2906 2259 2998 2313 τὸν
3041 2259 3203 2331 νόμον
3245 2263 3327 2314 ὅτι
3370 2261 3605 2332 μάλιστα
3647 2265 3849 2337 τιμῶν,

590 2351 720 2406 tatis
756 2351 933 2422 legem
962 2350 1019 2405 in
1056 2350 1252 2421 primis
1277 2351 1507 2416 coleret,
1544 2351 1604 2405 in
1645 2350 1765 2421 ipso
1801 2351 1956 2406 urbis
2013 2350 2166 2406 aditu

2269 2352 2387 2415 ταῖς
2445 2348 2539 2403 τοῦ
2587 2350 2792 2414 ἄστεως
2842 2350 3178 2423 προσιζήσας
3226 2352 3527 2421 εἰσϐολαῖς,
3579 2356 3707 2419 τοὺς
3736 2359 3853 2411 εἰσ·-

589 2442 810 2508 sedens,
863 2440 1239 2513 ingredientes
1280 2442 1519 2514 benigne
1565 2442 1870 2513 accipiebat
1912 2461 1925 2496 :
1958 2443 2166 2498 sciebat

2270 2440 2560 2512 τρέχοντας
2585 2442 2642 2494 ὲν
2670 2441 2863 2505 αὐταῖς
2896 2443 3177 2513 προσίεται
3216 2443 3573 2516 φιλοφρόνως,
3601 2445 3857 2516 θεοφιλὲς

587 2534 737 2589 enim
763 2534 816 2589 id
835 2549 956 2590 csse
978 2535 1441 2605 Deopergratum.
1470 2533 1609 2590 Cum
1633 2549 1766 2590 vero
1796 2535 2079 2591 venissent
2105 2536 2165 2600 ii,

2267 2530 2328 2584 τὸ
2368 2529 2557 2602 χρῆμα
2593 2529 2770 2594 εἰδώς.
2832 2532 3053 2604 Ἐπειδὴ
3099 2532 3155 2585 δὲ
3185 2526 3320 2606 ἧκον
3363 2536 3409 2588 οἱ
3436 2538 3547 2600 τοῖς
3577 2539 3654 2600 είς
3682 2537 3854 2590 ἀσέλ-

589 2626 685 2696 qui
708 2625 1032 2683 hominibus
1057 2625 1295 2681 libidine
1324 2625 1589 2682 eﬁ‘renata
1618 2625 1931 2682 furentibus
1955 2626 2166 2699 suppli-

2266 2637 2421 2689 γειαν
2449 2621 2721 2693 ἀχαλίνως
2761 2622 3177 2696 ὲκλελυττηκόσι
3210 2625 3312 2696 τὴν
3337 2626 3494 2697 δίκην
3536 2627 3855 2692 ὲποίσοντες

590 2717 738 2772 cium
764 2717 971 2772 illaturi
1001 2726 1160 2772 erant
1185 2717 1322 2789 (par
1343 2716 1398 2772 id
1429 2725 1550 2773 erat
1577 2716 1939 2791 angelorum),
1971 2732 2166 2771 occur-

2268 2713 2435 2783 (δυάς
2459 2714 2504 2766 δ’
2530 2709 2599 2784 ἦν
2635 2713 2936 2783 ἀγγέλων),
2985 2716 3305 2781 ὑπαντιάζει
3334 2717 3572 2789 γοργῶς,
3613 2718 3706 2772 καὶ
3748 2718 3855 2789 τῆς

590 2806 666 2863 rit
690 2808 964 2873 alacriter,
997 2817 1056 2865 et
1083 2807 1438 2879 benignitatis
1476 2824 1590 2864 sua:
1620 2808 1900 2879 specimen
1943 2808 2169 2864 eviden-

592 2898 866 2955 tissimum
886 2900 998 2956 illis
1033 2902 1240 2971 praebet
1274 2901 1330 2956 in
1375 2916 1471 2966 eo,
1503 2900 1651 2972 quod
1702 2901 1829 2957 illos
1883 2902 2161 2957 salutavit.

590 2991 852 3048 Adoravit
900 2993 1051 3051 enim
1094 3006 1307 3063 pronus
1353 2992 1410 3047 in
1470 3001 1709 3059 terram;
1767 3002 1824 3048 et
1849 3001 1911 3048 ut
1936 2993 2162 3049 domum

589 3090 735 3147 eant,
776 3082 1061 3149 hortatur,
1092 3082 1485 3153 charitatisque
1528 3083 1743 3155 legibus
1785 3082 2160 3155 perfruantur.

588 3173 658 3228 At
679 3173 779 3238 illi,
815 3173 1059 3241 Minime,
1079 3174 1363 3245 inquiunt,
1396 3174 1493 3230 sed
1521 3175 1577 3230 in
1594 3175 1776 3247 platea
1793 3177 2159 3233 manebimus.

586 3266 799 3334 Quibus
817 3267 1004 3322 verbis
1033 3267 1282 3339 hospites
1313 3268 1536 3339 quidem
1564 3284 1623 3325 se
1654 3276 1712 3323 et
1733 3267 1851 3324 sine
1881 3275 2027 3323 tecto
2043 3282 2169 3324 esse

587 3358 996 3430 signiﬁcabant;
1046 3358 1212 3416 simul
1260 3375 1393 3416 vero
1442 3361 1724 3419 hominem
1776 3360 2169 3430 hospitalitatis

587 3450 898 3506 Studiosum
926 3450 995 3505 ad
1022 3451 1303 3522 majorem,
1324 3452 1429 3522 25
1456 3460 1518 3507 ut
1543 3452 1800 3518 arbitror,
1824 3451 1993 3507 studii
2028 3468 2162 3509 con-

591 3542 892 3597 tentionem
931 3541 1253 3609 incitabant,
1280 3559 1345 3599 ac
1387 3550 1600 3599 tantum
1642 3559 1755 3599 non
1790 3544 2000 3599 urbane
2027 3543 2164 3599 insi-

592 3639 848 3697 nuantes,
884 3630 1030 3687 haud
1064 3632 1145 3689 illi
1189 3633 1483 3690 honesturn
1509 3633 1650 3699 fore,
1686 3632 1734 3689 si
1776 3648 1836 3690 se
1876 3634 2036 3690 tectis
2064 3649 2163 3688 ex-

590 3724 773 3779 clusos
800 3730 858 3778 et
888 3724 945 3778 in
980 3723 1158 3780 triviis
1188 3725 1435 3796 abiectos
1462 3724 1769 3780 dimitteret
1808 3742 1822 3779 :
1854 3724 2001 3795 quod
2038 3739 2165 3781 cum

589 3815 682 3870 ille
730 3814 817 3869 vir
870 3816 1057 3886 justus
1100 3815 1483 3881 intellexisset,
1525 3815 1915 3873 vehementius
1966 3832 2167 3887 urgere

588 3906 784 3977 caspit;
817 3922 997 3977 neque
1023 3915 1283 3976 tanquam
1322 3906 1516 3978 frigide
1553 3922 1857 3978 parumque
1888 3922 1957 3963 ex
1979 3907 2165 3964 animo

587 3998 713 4055 illos
752 3998 1029 4065 invitaret,
1062 3998 1279 4054 illorum
1304 3999 1715 4055 excusationem
1741 4014 1843 4071 pro
1875 4001 2163 4057 occasione

586 4090 786 4160 rapuit.
823 4089 1011 4160 Itaque
1048 4090 1272 4144 domum
1297 4106 1394 4146 eos
1433 4090 1607 4156 ducit,
1638 4105 1810 4161 panes
1831 4106 2051 4163 azymos
2069 4108 2165 4163 ap-

588 4180 797 4252 posuit,
849 4179 1163 4236 convivium
1226 4180 1501 4237 instruxit.
1542 4180 1720 4253 Atque
1763 4181 1883 4238 haec
1939 4182 2164 4253 quidem

586 4272 679 4328 ille
719 4272 804 4327 vir
828 4273 1030 4343 justus.
1060 4271 1357 4329 Sodomita:
1394 4289 1525 4329 vero
1558 4284 1750 4344 aperto
1790 4288 1856 4329 ac
1885 4273 2034 4344 turpi
2070 4287 2167 4328 vo-

584 4364 811 4435 luptatis
844 4363 1038 4419 morho
1066 4378 1193 4418 cum
1232 4364 1584 4429 laborarent,
1624 4365 1866 4419 hominis
1916 4365 1994 4434 pii
2056 4364 2161 4418 do-

586 4455 901 4510 munculam
943 4454 1151 4511 nefarie
1198 4454 1447 4527 cingunt,
1483 4463 1649 4526 atque
1689 4463 1947 4509 extremm
1985 4453 2167 4522 impu-

2266 2805 2490 2875 ἐνούσης
2521 2804 2670 2875 αὐτῷ
2706 2806 3071 2878 χρηστότητος
3107 2812 3336 2880 μήνυσιν
3366 2809 3573 2881 ἐναργῆ
3604 2827 3854 2881 προανα-

2266 2897 2444 2965 φαίνει
2490 2895 2587 2968 τὴν
2613 2897 2936 2969 πρόσρησιν.
2969 2898 3390 2971 Προσκεκύνηκε
3423 2901 3532 2973 γάρ
3569 2900 3644 2972 τῷ
3679 2920 3856 2975 προσ-

2264 2987 2399 3058 ώπῳ
2450 2986 2543 3039 ἐπὶ
2575 2987 2675 3058 τὴν
2702 2988 2825 3058 γῆν,
2866 2987 3046 3042 οἴκαδε
3092 3005 3153 3042 τε
3199 2989 3335 3044 ίέναι
3373 2992 3695 3064 προτρέπει,
3750 2994 3858 3048 καὶ

2227 3082 2373 3145 ,τοῖς
2410 3080 2509 3150 τῆς
2532 3080 2752 3152 ἀγάπης
2787 3082 3191 3150 ὲνσπαταλῆσαι
3225 3084 3429 3156 νόμοις.
3464 3086 3528 3140 Oi
3568 3086 3623 3139 δέ
3652 3104 3849 3156 φασινο

2268 3170 2421 3240 Οὐχὶ,
2446 3170 2560 3225 ἀλλ’
2583 3171 2641 3225 ὲν
2669 3174 2737 3242 τῇ
2764 3171 2997 3243 πλατείᾳ
3030 3172 3426 3245 καταλύσομεν·
3480 3174 3543 3228 τὸ
3583 3177 3681 3248 μὲν
3705 3171 3858 3232 εῖναι

2269 3262 2406 3327 ξένοι
2438 3262 2531 3316 καὶ
2559 3263 2796 3317 ἀνέστιοι
2828 3262 2916 3317 διὰ
2940 3263 3130 3318 τούτου
3160 3266 3674 3336 κατασημαίνοντες,
3712 3283 3859 3321 κατ-

2265 3352 2601 3426 ερεθίζοντες
2654 3352 2711 3406 δὲ
2741 3348 2897 3424 οἶμαί
2952 3370 3055 3410 που
3096 3357 3233 3428 πρὸς
3282 3358 3645 3430 ὲντονωτέραν
3679 3375 3860 3413 σπου-

2262 3445 2358 3517 δὴν
2422 3445 2516 3498 τὸν
2575 3442 2870 3515 φιλοξενεῖν
2921 3447 3197 3519 ᾑρημένον
3218 3488 3233 3514 ,
3298 3451 3580 3521 μονονουχὶ
3630 3450 3688 3505 δὲ
3751 3454 3859 3506 καὶ

2264 3536 2493 3601 ἀστείως
2540 3537 3034 3609 ὑποσημαίνοντες,
3069 3540 3146 3604 ὡς
3182 3541 3279 3594 οὐκ
3305 3540 3375 3596 ἂν
3402 3543 3599 3606 αὐτοὺς
3629 3543 3860 3615 μεθεῖτο

2264 3626 2581 3699 πρεπόντως
2638 3627 2881 3698 ἐρήμους
2926 3627 3089 3693 ὄντας
3143 3631 3349 3695 ἑστίας,
3393 3633 3487 3685 καὶ
3546 3634 3605 3686 ἐν
3655 3634 3860 3700 αὑταῖς

2263 3718 2494 3789 τριόδοις
2523 3717 2980 3790 ὲξερριμμένους·
3041 3720 3070 3773 ὃ
3102 3720 3167 3792 δὴ
3202 3722 3297 3775 καὶ
3329 3723 3508 3787 συνεὶς
3545 3724 3573 3777 ὁ
3614 3723 3857 3791 δίκαιος,

2267 3807 2531 3879 μειζόνως
2556 3807 2933 3874 κατεϐιάζετο,
2960 3809 3054 3864 καὶ
3077 3812 3176 3881 οὺχ
3202 3811 3494 3884 ἁρπαγμὸν
3517 3814 3615 3884 τὴν
3645 3804 3861 3887 παραί-

2264 3916 2418 3970 τησιν
2471 3899 2547 3964 ὡς
2598 3900 2657 3968 ἐξ
2707 3900 2974 3971 ἀδρανοῦς
3033 3902 3129 3955 καὶ
3190 3903 3553 3976 ὑδαρεστέρας
3612 3908 3862 3965 ἐποιεῖτο

2264 3991 2480 4063 φρενός.
2509 3991 2716 4046 Οὐκοῦν
2761 3993 3109 4058 είσοικίζεται
3143 3995 3240 4065 μὲν
3272 3996 3492 4062 αὐτοὺς,
3518 3995 3766 4069 ἀζύμους
3788 4018 3861 4056 τε

2264 4085 2463 4157 ἄρτους
2490 4084 2791 4156 παρετίθει,
2826 4086 2920 4139 καὶ
2968 4085 3130 4140 πότον
3158 4087 3461 4159 εἰργάζετο.
3504 4090 3664 4145 Ἀλλά
3687 4095 3860 4150 ταυτὶ

2268 4179 2365 4249 μὲν
2390 4178 2419 4230 ό
2466 4177 2692 4240 δίκαιος.
2738 4177 3019 4249 Σοδομῖται
3062 4179 3119 4232 δὲ
3171 4180 3384 4252 γυμνὴν
3417 4180 3512 4234 καὶ
3560 4183 3862 4255 ἀσχήμονα

2263 4267 2544 4333 νοσοῦντες
2594 4267 2805 4339 ἡδονὴν,
2852 4268 2915 4322 τὸ
2941 4266 3034 4322 τοῦ
3066 4268 3275 4323 δικαίου
3306 4270 3576 4341 δωμάτιον
3613 4273 3861 4340 ἀνοσίως

2265 4361 2700 4431 περιερχόμενοι,
2733 4360 2826 4413 καὶ
2852 4360 2949 4428 τῆς
2979 4361 3059 4424 εἰς
3086 4360 3254 4431 ἀκρον
3284 4361 3524 4432 ἡκούσης
3551 4364 3862 4435 ἀναισχυν-

2264 4450 2383 4512 τίας
2408 4450 2663 4513 πεσόντες
2684 4450 2955 4515 ἐπέκεινα,
2986 4450 3231 4505 ἀνεῖσθαι
3254 4452 3353 4523 μὲν
3378 4452 3526 4521 σφίσι
3549 4453 3616 4508 τὰ
3639 4456 3859 4527 συνήθη

592 4546 798 4601 dentia:
827 4546 1091 4602 terminos
1112 4546 1340 4617 egressi,
1380 4546 1555 4600 solitae
1584 4544 1839 4599 libidinis
1863 4559 2024 4598 usum
2043 4559 2166 4614 per-

2270 4540 2402 4612 δρᾷν
2425 4539 2629 4609 ἠξίουν,
2662 4535 2781 4592 εἶτα
2820 4538 2937 4593 δέον
2967 4541 3179 4596 ἑλέσθαι
3229 4541 3551 4611 φιλοξενίαν,
3586 4545 3863 4621 ἀσελγείᾳ

588 4639 731 4693 mitti
771 4638 877 4693 sibi
918 4637 1360 4703 contendebant;
1393 4648 1450 4691 et
1492 4636 1548 4689 in
1581 4650 1721 4705 quos
1775 4633 2167 4703 hospitalitatis

582 4727 762 4784 ofﬁcia
798 4729 1047 4785 conferre
1073 4729 1381 4794 debebant,
1426 4728 1482 4782 in
1517 4742 1614 4782 eos
1649 4725 1936 4781 libidinem
1973 4733 2170 4797 praeter

589 4831 839 4878 naturam
858 4837 1117 4878 exercere
1144 4820 1423 4877 volebant.
1458 4819 1570 4890 lpsi
1591 4817 1694 4872 Lot
1714 4825 2002 4888 praeterea,
2039 4833 2166 4873 cum

590 4913 712 4969 illos
743 4928 774 4967 a
817 4919 929 4967 tam
969 4910 1302 4966 immanibus
1341 4908 1612 4978 foedisque
1661 4908 1858 4979 ereptis
1919 4916 2168 4964 avertere

494 5050 497 5053 .
588 5008 899 5064 conaretur,
932 5000 1043 5055 vim
1075 5000 1272 5054 afferre
1294 4997 1584 5063 volebant,
1640 5013 1945 5069 parumque
1990 4998 2169 5053 abfuit

588 5094 723 5167 quin
740 5094 825 5149 illi
850 5094 961 5147 vim
995 5091 1278 5152 aﬁ'crrent,
1312 5089 1420 5143 nisi
1449 5088 1756 5143 adfuissent
1798 5088 1876 5143 illi
1916 5097 2165 5145 servato-

591 5199 697 5239 res.
726 5203 744 5236 ι
771 5182 1145 5239 Extendentes
1178 5181 1348 5246 enim,
1384 5199 1401 5231 ι
1430 5180 1631 5250 inquit,
1680 5199 1699 5232 ι
1729 5180 1834 5235 viri
1860 5181 1942 5235 illi
1970 5196 2167 5236 manus

590 5288 715 5328 suas
744 5280 1131 5343 pertraxerunt
1156 5269 1261 5327 Lot
1290 5269 1359 5325 ad
1394 5285 1451 5326 se
1475 5269 1730 5337 domum,
1779 5280 1836 5327 et
1873 5271 2021 5327 fores
2064 5272 2167 5327 do-

592 5378 715 5417 mus
761 5363 1098 5419 clauserunt.
1156 5362 1421 5418 Homines
1477 5370 1661 5418 autem
1698 5403 1712 5429 ,
1747 5363 1843 5434 qui
1902 5362 1970 5418 ad
2020 5363 2170 5419 fores

589 5460 752 5508 erant
796 5453 1012 5518 domus,
1073 5464 1467 5524 percusserunt
1526 5455 1805 5521 caicitate,
1852 5471 1884 5510 a
1935 5455 2164 5511 minimo

592 5557 767 5613 usque
798 5544 866 5598 ad
892 5544 1189 5599 maximum
1213 5584 1226 5610 ,
1258 5553 1315 5600 et
1359 5545 1639 5617 defatigati
1676 5554 1806 5601 sunt
1855 5555 2165 5617 quaerentes

583 5633 894 5704 januam".
931 5654 949 5686 ι
980 5635 1167 5706 Neque
1217 5652 1347 5691 vero
1389 5637 1683 5702 auxilium,
1725 5636 1869 5707 quod
1908 5637 1987 5692 illi
2026 5654 2165 5708 pra:-

2264 4634 2331 4703 τῇ
2366 4630 2518 4701 παρά
2560 4630 2722 4699 φύσιν
2786 4631 3065 4688 ἐϐούλοντο
3121 4634 3345 4689 κακοῦν.
3409 4636 3739 4706 ’Ᾱφιστάντα
3791 4639 3864 4696 δὲ

2262 4722 2460 4786 αὐτοὺς
2499 4721 2590 4777 τὸν
2638 4720 2762 4777 Λὼτ
2799 4722 2907 4777 τῶν
2938 4724 3110 4790 οὕτως
3138 4725 3345 4797 ἀγρίων
3387 4729 3479 4782 καὶ
3506 4728 3867 4800 βδελυρωτά-

2261 4830 2369 4868 των
2393 4813 2806 4885 ἐγχειρημάτων
2832 4816 3129 4888 παραλύειν
3151 4818 3359 4889 ἦθελον,
3390 4820 3504 4889 ἥλω
3532 4821 3577 4874 δ’
3611 4820 3676 4875 ἀν
3704 4821 3869 4893 τάχα

2265 4904 2358 4958 καὶ
2386 4906 2464 4969 είς
2502 4905 2634 4958 αὐτὸ
2659 4905 2719 4959 τὸ
2747 4907 2961 4974 παθεῖν,
2996 4910 3044 4963 εί
3077 4910 3154 4981 μὴ
3187 4910 3442 4981 παρῆσαν
3474 4912 3524 4963 οἱ
3556 4910 3864 4979 σώζοντες.

2271 5012 2290 5045 ι
2338 4992 2706 5059 Ἐκτεξναντες
2736 4996 2865 5065 γὰρ,
2901 5013 2919 5046 ι
2954 4998 3137 5067 φησιν,
3175 5017 3195 5050 ι
3226 4999 3273 5051 oi
3297 4998 3488 5071 ἀνδρες
3512 4999 3609 5062 τάς
3635 5002 3866 5072 χεῖρας,

2265 5083 2671 5138 εἰσεσπάσαντο
2702 5084 2792 5138 τὸν
2829 5083 2951 5139 Λὼτ
2986 5087 3120 5157 πρὸς
3154 5088 3380 5153 ἑαυτοὺς
3422 5092 3501 5153 εἰς
3535 5090 3625 5143 τὸν
3673 5086 3869 5157 οἷκον,

2265 5177 2360 5231 καὶ
2386 5175 2486 5248 τὴν
2519 5176 2689 5247 θύραν
2753 5177 2847 5231 τοῦ
2894 5180 3042 5232 οἴκου
3103 5179 3454 5237 ἀπέκλεισαν.
3493 5182 3629 5245 Τοὺς
3663 5182 3721 5237 δὲ
3754 5186 3871 5239 ἄν-

2263 5270 2395 5340 δρας
2422 5271 2549 5336 τοὺς
2575 5271 2733 5337 ὄντας
2768 5272 2862 5325 ἐπὶ
2904 5277 3003 5345 τῆς
3036 5275 3205 5346 θύρας
3242 5275 3337 5331 τοῦ
3381 5278 3529 5331 οῐκου
3567 5277 3873 5344 ἐπάταξαν

2264 5358 2496 5431 ἀορασίᾳ
2529 5361 2637 5415 ἀπὸ
2665 5363 2861 5434 μικροῦ
2902 5364 3006 5428 ἕως
3040 5367 3300 5435 μεγάλου,
3330 5368 3423 5422 καὶ
3457 5368 3873 5439 παρελύθησοιν

2266 5449 2554 5520 ζητοῦντες
2578 5451 2676 5521 τὴν
2702 5452 2892 5525 θύραν.
2943 5474 2962 5509 ι
3008 5457 3430 5531 Εύμεμέτρηται
3463 5459 3520 5512 δὲ
3568 5458 3668 5513 οὐκ
3698 5459 3757 5513 έν
3788 5480 3875 5531 γε

2268 5544 2507 5597 τουτοισὶ
2536 5546 2717 5615 μόνοις
2743 5545 2811 5601 τά
2844 5548 2943 5618 τῆς
2967 5549 3287 5622 ἐπικουρίας
3318 5549 3487 5621 αὐτῷ.
3521 5550 3877 5618 Γέγραπται

2266 5636 2376 5708 γὰρ
2402 5636 2585 5690 πάλιν·
2626 5656 2644 5689 ι
2694 5638 2883 5695 Ἠνίκα
2896 5641 2953 5694 δὲ
2972 5640 3164 5713 ὄρθρος
3188 5642 3425 5713 ἐγένετο,
3445 5642 3880 5709 ὲπεσπούδαζον

689 5814 730 5845 ⁸⁸
768 5813 905 5872 Gen.
930 5830 1037 5880 xix,
1071 5817 1188 5872 1-4.
1282 5818 1325 5851 ⁶’
1351 5818 1393 5873 ll
1418 5819 1543 5874 Cor.
1582 5835 1654 5884 vi,
1685 5818 1767 5873 14.
1858 5820 1903 5851 ⁷ο
1943 5818 2079 5874 Gen.
2126 5835 2231 5882 xu,
2278 5817 2431 5873 9—H.
