  <div class='ocr_page' id='page_1' title='image "/cluster/home/n/w/nwhite01/storage/ocr_20150623/68:no.1/coo.31924054869742/095.png"; bbox 0 0 4172 6454; ppageno 0'>
   <div class='ocr_carea' id='block_1_1' title="bbox 496 380 600 436">
    <p class='ocr_par' dir='ltr' id='par_1_1' title="bbox 496 380 600 436">
     <span class='ocr_line' id='line_1_1' title="bbox 496 380 600 436; baseline -0.019 0"><span class='ocrx_word' id='word_1_1' title='bbox 496 380 600 436; x_wconf 70' lang='grc'><strong>175</strong></span> 
     </span>
    </p>
   </div>
   <div class='ocr_carea' id='block_1_2' title="bbox 1515 367 2758 428">
    <p class='ocr_par' dir='ltr' id='par_1_2' title="bbox 1515 367 2758 428">
     <span class='ocr_line' id='line_1_2' title="bbox 1515 367 2758 428; baseline -0.002 -1"><span class='ocrx_word' id='word_1_2' title='bbox 1515 373 1570 428; x_wconf 88' lang='lat' dir='ltr'><strong>S.</strong></span> <span class='ocrx_word' id='word_1_3' title='bbox 1611 370 1886 427; x_wconf 76' lang='lat' dir='ltr'><strong>CYRILLI</strong></span> <span class='ocrx_word' id='word_1_4' title='bbox 1926 367 2397 426; x_wconf 77' lang='lat' dir='ltr'><strong>ALEXANDRINI</strong></span> <span class='ocrx_word' id='word_1_5' title='bbox 2437 369 2758 427; x_wconf 79' lang='lat' dir='ltr'><strong>ARCIIIEP.</strong></span> 
     </span>
    </p>
   </div>
   <div class='ocr_carea' id='block_1_3' title="bbox 3657 364 3760 424">
    <p class='ocr_par' dir='ltr' id='par_1_3' title="bbox 3657 364 3760 424">
     <span class='ocr_line' id='line_1_3' title="bbox 3657 364 3760 424; baseline 0.029 -3"><span class='ocrx_word' id='word_1_6' title='bbox 3657 364 3760 424; x_wconf 69' lang='grc'><strong>176</strong></span> 
     </span>
    </p>
   </div>
   <div class='ocr_carea' id='block_1_4' title="bbox 496 477 2098 562">
    <p class='ocr_par' dir='ltr' id='par_1_4' title="bbox 496 477 2061 560">
     <span class='ocr_line' id='line_1_4' title="bbox 496 477 2061 560; baseline -0.006 -9"><span class='ocrx_word' id='word_1_7' title='bbox 496 477 706 552; x_wconf 84' lang='lat' dir='ltr'><strong>salvum</strong></span> <span class='ocrx_word' id='word_1_8' title='bbox 742 502 794 550; x_wconf 89' lang='lat' dir='ltr'><strong>te</strong></span> <span class='ocrx_word' id='word_1_9' title='bbox 823 493 936 556; x_wconf 80' lang='lat' dir='ltr'><strong>fac,</strong></span> <span class='ocrx_word' id='word_1_10' title='bbox 977 508 1046 548; x_wconf 91' lang='lat' dir='ltr'><strong>ne</strong></span> <span class='ocrx_word' id='word_1_11' title='bbox 1071 492 1212 548; x_wconf 87' lang='lat' dir='ltr'><strong>forte</strong></span> <span class='ocrx_word' id='word_1_12' title='bbox 1244 491 1405 547; x_wconf 88' lang='lat' dir='ltr'><strong>simul</strong></span> <span class='ocrx_word' id='word_1_13' title='bbox 1437 490 2002 560; x_wconf 79' lang='lat' dir='ltr'><strong>comprehendaris”.</strong></span> <span class='ocrx_word' id='word_1_14' title='bbox 2044 509 2061 542; x_wconf 73' lang='grc' dir='ltr'><strong>ι</strong></span> 
     </span>
    </p>
   </div>
   <div class='ocr_carea' id='block_1_5' title="bbox 2201 477 3764 562">
    <p class='ocr_par' dir='ltr' id='par_1_5' title="bbox 2201 479 3764 562">
     <span class='ocr_line' id='line_1_5' title="bbox 2201 479 3764 562; baseline -0.001 -18"><span class='ocrx_word' id='word_1_15' title='bbox 2201 508 2304 544; x_wconf 75' lang='grc' dir='ltr'>τοτε</span> <span class='ocrx_word' id='word_1_16' title='bbox 2329 489 2821 562; x_wconf 80' lang='grc' dir='ltr'>συμπαραληφθῇς.</span> <span class='ocrx_word' id='word_1_17' title='bbox 2859 507 2876 539; x_wconf 73' lang='grc' dir='ltr'><strong>ι</strong></span> <span class='ocrx_word' id='word_1_18' title='bbox 2927 488 3014 542; x_wconf 81' lang='grc' dir='ltr'>Ἐν</span> <span class='ocrx_word' id='word_1_19' title='bbox 3049 487 3146 558; x_wconf 82' lang='grc' dir='ltr'><strong>μὲν</strong></span> <span class='ocrx_word' id='word_1_20' title='bbox 3176 479 3268 541; x_wconf 78' lang='grc' dir='ltr'><strong>οῦν</strong></span> <span class='ocrx_word' id='word_1_21' title='bbox 3296 484 3396 557; x_wconf 85' lang='grc' dir='ltr'><strong>τῷ,</strong></span> <span class='ocrx_word' id='word_1_22' title='bbox 3434 503 3451 538; x_wconf 75' lang='grc' dir='ltr'>ί</span> <span class='ocrx_word' id='word_1_23' title='bbox 3491 484 3638 552; x_wconf 80' lang='grc' dir='ltr'><strong>Σῶζε</strong></span> <span class='ocrx_word' id='word_1_24' title='bbox 3666 487 3764 558; x_wconf 78' lang='grc' dir='ltr'><strong>τὴν</strong></span> 
     </span>
    </p>
   </div>
   <div class='ocr_carea' id='block_1_6' title="bbox 496 579 2072 655">
    <p class='ocr_par' dir='ltr' id='par_1_6' title="bbox 496 579 2072 655">
     <span class='ocr_line' id='line_1_6' title="bbox 496 579 2072 655; baseline -0.005 -13"><span class='ocrx_word' id='word_1_25' title='bbox 496 587 557 642; x_wconf 89' lang='lat' dir='ltr'><strong>In</strong></span> <span class='ocrx_word' id='word_1_26' title='bbox 601 585 709 642; x_wconf 84' lang='lat' dir='ltr'><strong>illis</strong></span> <span class='ocrx_word' id='word_1_27' title='bbox 736 585 917 655; x_wconf 79' lang='lat' dir='ltr'><strong>itaque</strong></span> <span class='ocrx_word' id='word_1_28' title='bbox 945 583 1146 646; x_wconf 85' lang='lat' dir='ltr'><strong>verbis,</strong></span> <span class='ocrx_word' id='word_1_29' title='bbox 1179 602 1197 634; x_wconf 76' lang='grc' dir='ltr'><strong>ι</strong></span> <span class='ocrx_word' id='word_1_30' title='bbox 1234 582 1391 637; x_wconf 89' lang='lat' dir='ltr'><strong>Salva</strong></span> <span class='ocrx_word' id='word_1_31' title='bbox 1413 581 1651 634; x_wconf 91' lang='lat' dir='ltr'><strong>animam</strong></span> <span class='ocrx_word' id='word_1_32' title='bbox 1677 589 1845 645; x_wconf 91' lang='lat' dir='ltr'><strong>tuam,</strong></span> <span class='ocrx_word' id='word_1_33' title='bbox 1881 598 1899 631; x_wconf 71' lang='grc' dir='ltr'><strong>ι</strong></span> <span class='ocrx_word' id='word_1_34' title='bbox 1939 579 2072 634; x_wconf 90' lang='lat' dir='ltr'><strong>illud</strong></span> 
     </span>
    </p>
   </div>
   <div class='ocr_carea' id='block_1_7' title="bbox 498 671 2074 742">
    <p class='ocr_par' dir='ltr' id='par_1_7' title="bbox 498 671 2074 742">
     <span class='ocr_line' id='line_1_7' title="bbox 498 671 2074 742; baseline -0.003 -10"><span class='ocrx_word' id='word_1_35' title='bbox 498 676 786 732; x_wconf 87' lang='lat' dir='ltr'><strong>manifeste</strong></span> <span class='ocrx_word' id='word_1_36' title='bbox 816 676 924 731; x_wconf 91' lang='lat' dir='ltr'><strong>dici</strong></span> <span class='ocrx_word' id='word_1_37' title='bbox 946 675 1229 730; x_wconf 88' lang='lat' dir='ltr'><strong>arbitror:</strong></span> <span class='ocrx_word' id='word_1_38' title='bbox 1267 692 1285 725; x_wconf 86' lang='grc'><strong>‹</strong></span> <span class='ocrx_word' id='word_1_39' title='bbox 1323 673 1399 726; x_wconf 92' lang='lat' dir='ltr'><strong>Te</strong></span> <span class='ocrx_word' id='word_1_40' title='bbox 1435 671 1615 742; x_wconf 90' lang='lat' dir='ltr'><strong>ipsum</strong></span> <span class='ocrx_word' id='word_1_41' title='bbox 1664 682 1877 727; x_wconf 90' lang='lat' dir='ltr'><strong>castum</strong></span> <span class='ocrx_word' id='word_1_42' title='bbox 1947 687 2074 727; x_wconf 88' lang='lat' dir='ltr'><strong>cus-</strong></span> 
     </span>
    </p>
   </div>
   <div class='ocr_carea' id='block_1_8' title="bbox 499 764 2077 835">
    <p class='ocr_par' dir='ltr' id='par_1_8' title="bbox 499 764 2077 835">
     <span class='ocr_line' id='line_1_8' title="bbox 499 764 2077 835; baseline -0.004 -11"><span class='ocrx_word' id='word_1_43' title='bbox 499 770 634 835; x_wconf 85' lang='lat' dir='ltr'><strong>todi,</strong></span> <span class='ocrx_word' id='word_1_44' title='bbox 656 778 712 824; x_wconf 92' lang='lat' dir='ltr'><strong>et</strong></span> <span class='ocrx_word' id='word_1_45' title='bbox 729 785 796 823; x_wconf 92' lang='lat' dir='ltr'><strong>ne</strong></span> <span class='ocrx_word' id='word_1_46' title='bbox 817 766 1187 822; x_wconf 89' lang='lat' dir='ltr'><strong>communices</strong></span> <span class='ocrx_word' id='word_1_47' title='bbox 1218 765 1456 835; x_wconf 75' lang='lat' dir='ltr'><strong>peccatis</strong></span> <span class='ocrx_word' id='word_1_48' title='bbox 1479 764 1752 820; x_wconf 81' lang='lat' dir='ltr'><strong>alienis&quot;.</strong></span> <span class='ocrx_word' id='word_1_49' title='bbox 1770 782 1800 815; x_wconf 63' lang='grc' dir='ltr'><strong>τ</strong></span> <span class='ocrx_word' id='word_1_50' title='bbox 1824 764 1900 818; x_wconf 81' lang='lat' dir='ltr'><strong>Ac</strong></span> <span class='ocrx_word' id='word_1_51' title='bbox 1921 764 2077 818; x_wconf 88' lang='lat' dir='ltr'><strong>vince</strong></span> 
     </span>
    </p>
   </div>
   <div class='ocr_carea' id='block_1_9' title="bbox 498 851 2078 929">
    <p class='ocr_par' dir='ltr' id='par_1_9' title="bbox 498 851 2078 929">
     <span class='ocr_line' id='line_1_9' title="bbox 498 851 2078 929; baseline -0.006 -14"><span class='ocrx_word' id='word_1_52' title='bbox 498 877 584 924; x_wconf 87' lang='lat' dir='ltr'><strong>ea,</strong></span> <span class='ocrx_word' id='word_1_53' title='bbox 615 874 735 929; x_wconf 67' lang='lat' dir='ltr'><strong>qua:</strong></span> <span class='ocrx_word' id='word_1_54' title='bbox 767 856 1006 912; x_wconf 86' lang='lat' dir='ltr'><strong>mundus</strong></span> <span class='ocrx_word' id='word_1_55' title='bbox 1034 855 1216 919; x_wconf 73' lang='lat' dir='ltr'><strong>affert,</strong></span> <span class='ocrx_word' id='word_1_56' title='bbox 1245 854 1674 924; x_wconf 88' lang='lat' dir='ltr'><strong>impedimenta;</strong></span> <span class='ocrx_word' id='word_1_57' title='bbox 1706 868 1887 922; x_wconf 90' lang='lat' dir='ltr'><strong>neque</strong></span> <span class='ocrx_word' id='word_1_58' title='bbox 1928 851 2078 906; x_wconf 89' lang='lat' dir='ltr'><strong>enim</strong></span> 
     </span>
    </p>
   </div>
   <div class='ocr_carea' id='block_1_10' title="bbox 501 941 2080 1018">
    <p class='ocr_par' dir='ltr' id='par_1_10' title="bbox 501 941 2080 1018">
     <span class='ocr_line' id='line_1_10' title="bbox 501 941 2080 1018; baseline -0.006 -14"><span class='ocrx_word' id='word_1_59' title='bbox 501 950 794 1005; x_wconf 87' lang='lat' dir='ltr'><strong>universus</strong></span> <span class='ocrx_word' id='word_1_60' title='bbox 817 946 1056 1001; x_wconf 91' lang='lat' dir='ltr'><strong>mundus</strong></span> <span class='ocrx_word' id='word_1_61' title='bbox 1073 947 1283 1018; x_wconf 87' lang='lat' dir='ltr'><strong>justum</strong></span> <span class='ocrx_word' id='word_1_62' title='bbox 1307 952 1391 1000; x_wconf 88' lang='lat' dir='ltr'><strong>est</strong></span> <span class='ocrx_word' id='word_1_63' title='bbox 1419 945 1678 1015; x_wconf 86' lang='lat' dir='ltr'><strong>pretium,</strong></span> <span class='ocrx_word' id='word_1_64' title='bbox 1711 958 1809 1014; x_wconf 90' lang='lat' dir='ltr'><strong>pro</strong></span> <span class='ocrx_word' id='word_1_65' title='bbox 1829 958 1938 1013; x_wconf 93' lang='lat' dir='ltr'><strong>quo</strong></span> <span class='ocrx_word' id='word_1_66' title='bbox 1959 941 2080 996; x_wconf 89' lang='lat' dir='ltr'><strong>ani-</strong></span> 
     </span>
    </p>
   </div>
   <div class='ocr_carea' id='block_1_11' title="bbox 501 1033 2082 1106">
    <p class='ocr_par' dir='ltr' id='par_1_11' title="bbox 501 1033 2082 1106">
     <span class='ocr_line' id='line_1_11' title="bbox 501 1033 2082 1106; baseline -0.006 -10"><span class='ocrx_word' id='word_1_67' title='bbox 501 1057 589 1096; x_wconf 89' lang='lat' dir='ltr'><strong>ma</strong></span> <span class='ocrx_word' id='word_1_68' title='bbox 641 1047 1034 1096; x_wconf 90' lang='lat' dir='ltr'><strong>commutetur.</strong></span> <span class='ocrx_word' id='word_1_69' title='bbox 1083 1057 1102 1090; x_wconf 73' lang='grc' dir='ltr'><strong>ι</strong></span> <span class='ocrx_word' id='word_1_70' title='bbox 1141 1037 1283 1104; x_wconf 83' lang='lat' dir='ltr'><strong>Quid</strong></span> <span class='ocrx_word' id='word_1_71' title='bbox 1321 1036 1469 1090; x_wconf 92' lang='lat' dir='ltr'><strong>enim</strong></span> <span class='ocrx_word' id='word_1_72' title='bbox 1496 1035 1720 1106; x_wconf 85' lang='lat' dir='ltr'><strong>prodest</strong></span> <span class='ocrx_word' id='word_1_73' title='bbox 1765 1033 1998 1099; x_wconf 85' lang='lat' dir='ltr'><strong>homini,</strong></span> <span class='ocrx_word' id='word_1_74' title='bbox 2033 1033 2082 1088; x_wconf 88' lang='lat' dir='ltr'><strong>si</strong></span> 
     </span>
    </p>
   </div>
   <div class='ocr_carea' id='block_1_12' title="bbox 502 1129 2083 1199">
    <p class='ocr_par' dir='ltr' id='par_1_12' title="bbox 502 1129 2083 1199">
     <span class='ocr_line' id='line_1_12' title="bbox 502 1129 2083 1199; baseline -0.004 -10"><span class='ocrx_word' id='word_1_75' title='bbox 502 1136 820 1190; x_wconf 90' lang='lat' dir='ltr'><strong>universum</strong></span> <span class='ocrx_word' id='word_1_76' title='bbox 841 1131 1107 1186; x_wconf 90' lang='lat' dir='ltr'><strong>mundum</strong></span> <span class='ocrx_word' id='word_1_77' title='bbox 1137 1131 1402 1194; x_wconf 92' lang='lat' dir='ltr'><strong>lucretur,</strong></span> <span class='ocrx_word' id='word_1_78' title='bbox 1439 1130 1545 1199; x_wconf 73' lang='lat'><strong>27</strong></span> <span class='ocrx_word' id='word_1_79' title='bbox 1579 1129 1774 1182; x_wconf 73' lang='lat' dir='ltr'><strong>animae</strong></span> <span class='ocrx_word' id='word_1_80' title='bbox 1805 1143 1937 1182; x_wconf 89' lang='lat' dir='ltr'><strong>vero</strong></span> <span class='ocrx_word' id='word_1_81' title='bbox 1970 1142 2083 1182; x_wconf 68' lang='lat' dir='ltr'><strong>sua:</strong></span> 
     </span>
    </p>
   </div>
   <div class='ocr_carea' id='block_1_13' title="bbox 502 1218 2084 1294">
    <p class='ocr_par' dir='ltr' id='par_1_13' title="bbox 502 1218 2084 1294">
     <span class='ocr_line' id='line_1_13' title="bbox 502 1218 2084 1294; baseline -0.005 -13"><span class='ocrx_word' id='word_1_82' title='bbox 502 1227 894 1282; x_wconf 87' lang='lat' dir='ltr'><strong>detrimentum</strong></span> <span class='ocrx_word' id='word_1_83' title='bbox 919 1223 1160 1294; x_wconf 89' lang='lat' dir='ltr'><strong>patiatur</strong></span> <span class='ocrx_word' id='word_1_84' title='bbox 1178 1221 1259 1275; x_wconf 72' lang='grc' dir='ltr'><strong>⁷θῖ</strong></span> <span class='ocrx_word' id='word_1_85' title='bbox 1290 1240 1307 1272; x_wconf 75' lang='grc' dir='ltr'><strong>ι</strong></span> <span class='ocrx_word' id='word_1_86' title='bbox 1334 1220 1491 1287; x_wconf 84' lang='lat' dir='ltr'><strong>Quod</strong></span> <span class='ocrx_word' id='word_1_87' title='bbox 1537 1228 1721 1274; x_wconf 87' lang='lat' dir='ltr'><strong>autem</strong></span> <span class='ocrx_word' id='word_1_88' title='bbox 1761 1219 1838 1274; x_wconf 91' lang='lat' dir='ltr'><strong>ait</strong></span> <span class='ocrx_word' id='word_1_89' title='bbox 1870 1218 1943 1274; x_wconf 88' lang='lat' dir='ltr'><strong>ita</strong></span> <span class='ocrx_word' id='word_1_90' title='bbox 1977 1219 2084 1274; x_wconf 89' lang='lat' dir='ltr'><strong>sibi</strong></span> 
     </span>
    </p>
   </div>
   <div class='ocr_carea' id='block_1_14' title="bbox 501 1313 2084 1384">
    <p class='ocr_par' dir='ltr' id='par_1_14' title="bbox 501 1313 2084 1384">
     <span class='ocr_line' id='line_1_14' title="bbox 501 1313 2084 1384; baseline -0.004 -10"><span class='ocrx_word' id='word_1_91' title='bbox 501 1335 622 1374; x_wconf 87' lang='lat' dir='ltr'><strong>esse</strong></span> <span class='ocrx_word' id='word_1_92' title='bbox 654 1317 1070 1384; x_wconf 81' lang='lat' dir='ltr'><strong>ambulandum,</strong></span> <span class='ocrx_word' id='word_1_93' title='bbox 1109 1333 1178 1372; x_wconf 88' lang='lat' dir='ltr'><strong>ne</strong></span> <span class='ocrx_word' id='word_1_94' title='bbox 1237 1331 1294 1372; x_wconf 90' lang='lat' dir='ltr'><strong>se</strong></span> <span class='ocrx_word' id='word_1_95' title='bbox 1333 1324 1632 1369; x_wconf 85' lang='lat' dir='ltr'><strong>retrorsum</strong></span> <span class='ocrx_word' id='word_1_96' title='bbox 1679 1322 1988 1379; x_wconf 87' lang='lat' dir='ltr'><strong>convertat,</strong></span> <span class='ocrx_word' id='word_1_97' title='bbox 2029 1313 2084 1367; x_wconf 92' lang='lat' dir='ltr'><strong>id</strong></span> 
     </span>
    </p>
   </div>
   <div class='ocr_carea' id='block_1_15' title="bbox 504 1404 2085 1479">
    <p class='ocr_par' dir='ltr' id='par_1_15' title="bbox 504 1404 2085 1479">
     <span class='ocr_line' id='line_1_15' title="bbox 504 1404 2085 1479; baseline -0.003 -15"><span class='ocrx_word' id='word_1_98' title='bbox 504 1411 733 1464; x_wconf 82' lang='lat' dir='ltr'><strong>fortasse</strong></span> <span class='ocrx_word' id='word_1_99' title='bbox 753 1408 1047 1479; x_wconf 84' lang='lat' dir='ltr'><strong>signiﬁcat,</strong></span> <span class='ocrx_word' id='word_1_100' title='bbox 1082 1406 1388 1463; x_wconf 88' lang='lat' dir='ltr'><strong>cavendum</strong></span> <span class='ocrx_word' id='word_1_101' title='bbox 1428 1421 1572 1471; x_wconf 88' lang='lat' dir='ltr'><strong>esse,</strong></span> <span class='ocrx_word' id='word_1_102' title='bbox 1610 1421 1680 1460; x_wconf 90' lang='lat' dir='ltr'><strong>ne</strong></span> <span class='ocrx_word' id='word_1_103' title='bbox 1711 1405 1842 1460; x_wconf 89' lang='lat' dir='ltr'><strong>dum</strong></span> <span class='ocrx_word' id='word_1_104' title='bbox 1887 1421 1989 1460; x_wconf 92' lang='lat' dir='ltr'><strong>nos</strong></span> <span class='ocrx_word' id='word_1_105' title='bbox 2015 1404 2085 1459; x_wconf 87' lang='lat' dir='ltr'><strong>ad</strong></span> 
     </span>
    </p>
   </div>
   <div class='ocr_carea' id='block_1_16' title="bbox 507 1497 2086 1571">
    <p class='ocr_par' dir='ltr' id='par_1_16' title="bbox 507 1497 2086 1571">
     <span class='ocr_line' id='line_1_16' title="bbox 507 1497 2086 1571; baseline -0.003 -16"><span class='ocrx_word' id='word_1_106' title='bbox 507 1501 815 1571; x_wconf 84' lang='lat' dir='ltr'><strong>nequitiam</strong></span> <span class='ocrx_word' id='word_1_107' title='bbox 843 1500 1234 1564; x_wconf 88' lang='lat' dir='ltr'><strong>convertimus,</strong></span> <span class='ocrx_word' id='word_1_108' title='bbox 1269 1499 1461 1554; x_wconf 89' lang='lat' dir='ltr'><strong>eadem</strong></span> <span class='ocrx_word' id='word_1_109' title='bbox 1497 1514 1623 1553; x_wconf 92' lang='lat' dir='ltr'><strong>cum</strong></span> <span class='ocrx_word' id='word_1_110' title='bbox 1655 1497 1723 1552; x_wconf 91' lang='lat' dir='ltr'><strong>iis</strong></span> <span class='ocrx_word' id='word_1_111' title='bbox 1748 1497 1931 1552; x_wconf 91' lang='lat' dir='ltr'><strong>denuo</strong></span> <span class='ocrx_word' id='word_1_112' title='bbox 1957 1513 2086 1551; x_wconf 90' lang='lat' dir='ltr'><strong>sen-</strong></span> 
     </span>
    </p>
   </div>
   <div class='ocr_carea' id='block_1_17' title="bbox 506 1589 2089 1661">
    <p class='ocr_par' dir='ltr' id='par_1_17' title="bbox 506 1589 2089 1661">
     <span class='ocr_line' id='line_1_17' title="bbox 506 1589 2089 1661; baseline -0.003 -16"><span class='ocrx_word' id='word_1_113' title='bbox 506 1593 611 1647; x_wconf 90' lang='lat' dir='ltr'><strong>tire</strong></span> <span class='ocrx_word' id='word_1_114' title='bbox 659 1591 1028 1661; x_wconf 89' lang='lat' dir='ltr'><strong>incipiamus,</strong></span> <span class='ocrx_word' id='word_1_115' title='bbox 1079 1591 1173 1660; x_wconf 89' lang='lat' dir='ltr'><strong>qui</strong></span> <span class='ocrx_word' id='word_1_116' title='bbox 1212 1591 1269 1644; x_wconf 91' lang='lat' dir='ltr'><strong>in</strong></span> <span class='ocrx_word' id='word_1_117' title='bbox 1307 1589 1636 1660; x_wconf 86' lang='lat' dir='ltr'><strong>supplicium</strong></span> <span class='ocrx_word' id='word_1_118' title='bbox 1678 1589 1822 1660; x_wconf 90' lang='lat' dir='ltr'><strong>ignis</strong></span> <span class='ocrx_word' id='word_1_119' title='bbox 1864 1597 2089 1659; x_wconf 91' lang='lat' dir='ltr'><strong>propter</strong></span> 
     </span>
    </p>
   </div>
   <div class='ocr_carea' id='block_1_18' title="bbox 508 1681 2086 1755">
    <p class='ocr_par' dir='ltr' id='par_1_18' title="bbox 508 1681 2086 1755">
     <span class='ocr_line' id='line_1_18' title="bbox 508 1681 2086 1755; baseline -0.004 -15"><span class='ocrx_word' id='word_1_120' title='bbox 508 1684 985 1755; x_wconf 88' lang='lat' dir='ltr'><strong>intemperantiam</strong></span> <span class='ocrx_word' id='word_1_121' title='bbox 1019 1683 1350 1738; x_wconf 88' lang='lat' dir='ltr'><strong>inciderunt.</strong></span> <span class='ocrx_word' id='word_1_122' title='bbox 1390 1702 1407 1734; x_wconf 76' lang='grc' dir='ltr'><strong>ι</strong></span> <span class='ocrx_word' id='word_1_123' title='bbox 1431 1683 1603 1738; x_wconf 84' lang='lat' dir='ltr'><strong>Nemo</strong></span> <span class='ocrx_word' id='word_1_124' title='bbox 1625 1683 1794 1747; x_wconf 90' lang='lat' dir='ltr'><strong>enim,</strong></span> <span class='ocrx_word' id='word_1_125' title='bbox 1825 1701 1843 1733; x_wconf 72' lang='grc' dir='ltr'><strong>ι</strong></span> <span class='ocrx_word' id='word_1_126' title='bbox 1887 1681 2086 1751; x_wconf 89' lang='lat' dir='ltr'><strong>inquit,</strong></span> 
     </span>
    </p>
   </div>
   <div class='ocr_carea' id='block_1_19' title="bbox 515 1774 2087 1838">
    <p class='ocr_par' dir='ltr' id='par_1_19' title="bbox 515 1774 2087 1838">
     <span class='ocr_line' id='line_1_19' title="bbox 515 1774 2087 1838; baseline -0.001 -9"><span class='ocrx_word' id='word_1_127' title='bbox 515 1800 533 1829; x_wconf 67' lang='grc' dir='ltr'><strong>ι</strong></span> <span class='ocrx_word' id='word_1_128' title='bbox 567 1779 789 1833; x_wconf 88' lang='lat' dir='ltr'><strong>mittens</strong></span> <span class='ocrx_word' id='word_1_129' title='bbox 823 1791 1043 1830; x_wconf 90' lang='lat' dir='ltr'><strong>manum</strong></span> <span class='ocrx_word' id='word_1_130' title='bbox 1081 1774 1149 1830; x_wconf 90' lang='lat' dir='ltr'><strong>ad</strong></span> <span class='ocrx_word' id='word_1_131' title='bbox 1185 1783 1456 1838; x_wconf 89' lang='lat' dir='ltr'><strong>aratrum,</strong></span> <span class='ocrx_word' id='word_1_132' title='bbox 1491 1783 1548 1830; x_wconf 90' lang='lat' dir='ltr'><strong>et</strong></span> <span class='ocrx_word' id='word_1_133' title='bbox 1585 1787 1887 1829; x_wconf 89' lang='lat' dir='ltr'><strong>conversus</strong></span> <span class='ocrx_word' id='word_1_134' title='bbox 1918 1782 2087 1837; x_wconf 89' lang='lat' dir='ltr'><strong>retro,</strong></span> 
     </span>
    </p>
   </div>
   <div class='ocr_carea' id='block_1_20' title="bbox 2178 577 3766 654">
    <p class='ocr_par' dir='ltr' id='par_1_20' title="bbox 2178 577 3766 654">
     <span class='ocr_line' id='line_1_20' title="bbox 2178 577 3766 654; baseline -0.002 -19"><span class='ocrx_word' id='word_1_135' title='bbox 2178 583 2405 637; x_wconf 79' lang='grc' dir='ltr'><strong>σεαυτοῦ</strong></span> <span class='ocrx_word' id='word_1_136' title='bbox 2426 583 2623 654; x_wconf 75' lang='grc' dir='ltr'>ψυχὴν,</span> <span class='ocrx_word' id='word_1_137' title='bbox 2653 601 2670 633; x_wconf 75' lang='grc' dir='ltr'><strong>ι</strong></span> <span class='ocrx_word' id='word_1_138' title='bbox 2704 583 2846 652; x_wconf 71' lang='grc' dir='ltr'>φημὶ</span> <span class='ocrx_word' id='word_1_139' title='bbox 2865 581 2929 652; x_wconf 79' lang='grc' dir='ltr'>δὴ</span> <span class='ocrx_word' id='word_1_140' title='bbox 2951 580 3203 649; x_wconf 86' lang='grc' dir='ltr'>λέγεσθαι</span> <span class='ocrx_word' id='word_1_141' title='bbox 3235 578 3422 648; x_wconf 85' lang='grc' dir='ltr'>σαφῶς</span> <span class='ocrx_word' id='word_1_142' title='bbox 3439 577 3518 644; x_wconf 78' lang='grc' dir='ltr'>τὸ,</span> <span class='ocrx_word' id='word_1_143' title='bbox 3553 596 3572 630; x_wconf 75' lang='grc' dir='ltr'><strong>ι</strong></span> <span class='ocrx_word' id='word_1_144' title='bbox 3600 579 3766 632; x_wconf 84' lang='grc' dir='ltr'>Σεαυ-</span> 
     </span>
    </p>
   </div>
   <div class='ocr_carea' id='block_1_21' title="bbox 2175 667 3767 746">
    <p class='ocr_par' dir='ltr' id='par_1_21' title="bbox 2175 667 3767 746">
     <span class='ocr_line' id='line_1_21' title="bbox 2175 667 3767 746; baseline -0.004 -20"><span class='ocrx_word' id='word_1_145' title='bbox 2175 674 2265 729; x_wconf 78' lang='grc' dir='ltr'><strong>τὸν</strong></span> <span class='ocrx_word' id='word_1_146' title='bbox 2296 675 2455 744; x_wconf 80' lang='grc' dir='ltr'>ἁγνὸν</span> <span class='ocrx_word' id='word_1_147' title='bbox 2483 677 2656 746; x_wconf 82' lang='grc' dir='ltr'>τήρει·</span> <span class='ocrx_word' id='word_1_148' title='bbox 2706 674 2799 726; x_wconf 68' lang='grc' dir='ltr'><strong>καὶ</strong></span> <span class='ocrx_word' id='word_1_149' title='bbox 2836 671 2910 743; x_wconf 80' lang='grc' dir='ltr'>μὴ</span> <span class='ocrx_word' id='word_1_150' title='bbox 2958 671 3207 726; x_wconf 82' lang='grc' dir='ltr'>κοινώνει</span> <span class='ocrx_word' id='word_1_151' title='bbox 3254 671 3555 741; x_wconf 82' lang='grc' dir='ltr'><strong>ἁμαρτίαις</strong></span> <span class='ocrx_word' id='word_1_152' title='bbox 3604 667 3767 722; x_wconf 81' lang='grc' dir='ltr'>ἀλλο-</span> 
     </span>
    </p>
   </div>
   <div class='ocr_carea' id='block_1_22' title="bbox 2175 763 3766 838">
    <p class='ocr_par' dir='ltr' id='par_1_22' title="bbox 2175 763 3766 838">
     <span class='ocr_line' id='line_1_22' title="bbox 2175 763 3766 838; baseline -0.003 -20"><span class='ocrx_word' id='word_1_153' title='bbox 2175 766 2374 838; x_wconf 85' lang='grc' dir='ltr'>τρίαις.</span> <span class='ocrx_word' id='word_1_154' title='bbox 2416 785 2434 819; x_wconf 73' lang='grc' dir='ltr'><strong>ι</strong></span> <span class='ocrx_word' id='word_1_155' title='bbox 2481 767 2589 819; x_wconf 78' lang='lat' dir='ltr'><strong>Kal</strong></span> <span class='ocrx_word' id='word_1_156' title='bbox 2617 765 2856 836; x_wconf 86' lang='grc' dir='ltr'>ἀμείνων</span> <span class='ocrx_word' id='word_1_157' title='bbox 2902 765 2994 817; x_wconf 80' lang='grc' dir='ltr'><strong>ἑσο</strong></span> <span class='ocrx_word' id='word_1_158' title='bbox 3025 763 3137 817; x_wconf 85' lang='grc' dir='ltr'><strong>τῶν</strong></span> <span class='ocrx_word' id='word_1_159' title='bbox 3187 766 3242 816; x_wconf 82' lang='grc' dir='ltr'><strong>ἑν</strong></span> <span class='ocrx_word' id='word_1_160' title='bbox 3283 763 3476 833; x_wconf 87' lang='grc' dir='ltr'>κόσμῳ</span> <span class='ocrx_word' id='word_1_161' title='bbox 3507 779 3766 832; x_wconf 79' lang='grc' dir='ltr'>παραπο-</span> 
     </span>
    </p>
   </div>
   <div class='ocr_carea' id='block_1_23' title="bbox 2176 853 3767 928">
    <p class='ocr_par' dir='ltr' id='par_1_23' title="bbox 2176 853 3767 928">
     <span class='ocr_line' id='line_1_23' title="bbox 2176 853 3767 928; baseline -0.001 -19"><span class='ocrx_word' id='word_1_162' title='bbox 2176 856 2472 928; x_wconf 75' lang='grc' dir='ltr'>δισμάτωνο</span> <span class='ocrx_word' id='word_1_163' title='bbox 2509 856 2685 927; x_wconf 68' lang='grc' dir='ltr'>ψυχῆς</span> <span class='ocrx_word' id='word_1_164' title='bbox 2717 855 2828 926; x_wconf 82' lang='grc' dir='ltr'><strong>γὰρ</strong></span> <span class='ocrx_word' id='word_1_165' title='bbox 2867 855 3224 926; x_wconf 79' lang='grc' dir='ltr'><strong>ἀντάλλαγμα</strong></span> <span class='ocrx_word' id='word_1_166' title='bbox 3254 853 3314 907; x_wconf 86' lang='grc' dir='ltr'><strong>τὸ</strong></span> <span class='ocrx_word' id='word_1_167' title='bbox 3347 853 3570 926; x_wconf 76' lang='grc' dir='ltr'>σύμπαν</span> <span class='ocrx_word' id='word_1_168' title='bbox 3593 855 3767 908; x_wconf 73' lang='grc' dir='ltr'>οὐδέν.</span> 
     </span>
    </p>
   </div>
   <div class='ocr_carea' id='block_1_24' title="bbox 2185 947 3772 1022">
    <p class='ocr_par' dir='ltr' id='par_1_24' title="bbox 2185 947 3772 1022">
     <span class='ocr_line' id='line_1_24' title="bbox 2185 947 3772 1022; baseline 0.001 -23"><span class='ocrx_word' id='word_1_169' title='bbox 2185 967 2203 999; x_wconf 76' lang='grc' dir='ltr'><strong>ι</strong></span> <span class='ocrx_word' id='word_1_170' title='bbox 2243 949 2307 1003; x_wconf 87' lang='grc' dir='ltr'>Τί</span> <span class='ocrx_word' id='word_1_171' title='bbox 2334 949 2442 1022; x_wconf 79' lang='grc' dir='ltr'>γὰρ</span> <span class='ocrx_word' id='word_1_172' title='bbox 2473 948 2885 1018; x_wconf 80' lang='grc' dir='ltr'><strong>ὠφεληθήσεται</strong></span> <span class='ocrx_word' id='word_1_173' title='bbox 2931 947 3216 1019; x_wconf 87' lang='grc' dir='ltr'>ἄνθρωπος</span> <span class='ocrx_word' id='word_1_174' title='bbox 3237 987 3250 1010; x_wconf 93' lang='grc'><strong>,</strong></span> <span class='ocrx_word' id='word_1_175' title='bbox 3284 947 3412 1002; x_wconf 87' lang='grc' dir='ltr'>ὃταν</span> <span class='ocrx_word' id='word_1_176' title='bbox 3442 947 3534 1000; x_wconf 83' lang='grc' dir='ltr'><strong>τὸν</strong></span> <span class='ocrx_word' id='word_1_177' title='bbox 3566 947 3772 1018; x_wconf 80' lang='grc' dir='ltr'>κόσμον</span> 
     </span>
    </p>
   </div>
   <div class='ocr_carea' id='block_1_25' title="bbox 2178 1035 3774 1108">
    <p class='ocr_par' dir='ltr' id='par_1_25' title="bbox 2178 1035 3774 1108">
     <span class='ocr_line' id='line_1_25' title="bbox 2178 1035 3774 1108; baseline 0 -18"><span class='ocrx_word' id='word_1_178' title='bbox 2178 1037 2298 1090; x_wconf 85' lang='grc' dir='ltr'><strong>ὅλον</strong></span> <span class='ocrx_word' id='word_1_179' title='bbox 2329 1037 2587 1108; x_wconf 80' lang='grc' dir='ltr'><strong>κερδήσῃ,</strong></span> <span class='ocrx_word' id='word_1_180' title='bbox 2623 1037 2719 1108; x_wconf 78' lang='grc' dir='ltr'><strong>τὴν</strong></span> <span class='ocrx_word' id='word_1_181' title='bbox 2744 1037 2800 1090; x_wconf 84' lang='grc' dir='ltr'><strong>δὲ</strong></span> <span class='ocrx_word' id='word_1_182' title='bbox 2827 1037 3007 1107; x_wconf 74' lang='grc' dir='ltr'>ψυχὴν</span> <span class='ocrx_word' id='word_1_183' title='bbox 3037 1037 3200 1090; x_wconf 77' lang='grc' dir='ltr'>αὐτοῦ</span> <span class='ocrx_word' id='word_1_184' title='bbox 3237 1035 3526 1108; x_wconf 77' lang='grc' dir='ltr'>ζημιωθῇ;</span> <span class='ocrx_word' id='word_1_185' title='bbox 3565 1055 3583 1088; x_wconf 72' lang='grc' dir='ltr'><strong>ι</strong></span> <span class='ocrx_word' id='word_1_186' title='bbox 3614 1036 3687 1089; x_wconf 88' lang='grc' dir='ltr'><strong>Τὸ</strong></span> <span class='ocrx_word' id='word_1_187' title='bbox 3717 1036 3774 1090; x_wconf 76' lang='grc' dir='ltr'>δὲ</span> 
     </span>
    </p>
   </div>
   <div class='ocr_carea' id='block_1_26' title="bbox 2180 1128 3772 1201">
    <p class='ocr_par' dir='ltr' id='par_1_26' title="bbox 2180 1128 3772 1201">
     <span class='ocr_line' id='line_1_26' title="bbox 2180 1128 3772 1201; baseline -0.003 -17"><span class='ocrx_word' id='word_1_188' title='bbox 2180 1131 2245 1200; x_wconf 83' lang='grc' dir='ltr'>δὴ</span> <span class='ocrx_word' id='word_1_189' title='bbox 2270 1130 2466 1201; x_wconf 82' lang='grc' dir='ltr'>χρῆναι</span> <span class='ocrx_word' id='word_1_190' title='bbox 2487 1129 2665 1198; x_wconf 85' lang='grc' dir='ltr'>λέγειν</span> <span class='ocrx_word' id='word_1_191' title='bbox 2693 1129 3106 1201; x_wconf 74' lang='grc' dir='ltr'>ἀμεταστρεπτὶ</span> <span class='ocrx_word' id='word_1_192' title='bbox 3127 1128 3400 1182; x_wconf 86' lang='grc' dir='ltr'>ποιεῖσθαι</span> <span class='ocrx_word' id='word_1_193' title='bbox 3421 1129 3518 1199; x_wconf 80' lang='grc' dir='ltr'><strong>τὴν</strong></span> <span class='ocrx_word' id='word_1_194' title='bbox 3541 1128 3772 1199; x_wconf 82' lang='grc' dir='ltr'><strong>βάδισιν,</strong></span> 
     </span>
    </p>
   </div>
   <div class='ocr_carea' id='block_1_27' title="bbox 2185 1221 3777 1293">
    <p class='ocr_par' dir='ltr' id='par_1_27' title="bbox 2185 1221 3777 1293">
     <span class='ocr_line' id='line_1_27' title="bbox 2185 1221 3777 1293; baseline -0.001 -18"><span class='ocrx_word' id='word_1_195' title='bbox 2185 1223 2440 1292; x_wconf 80' lang='grc' dir='ltr'>σημαίνει</span> <span class='ocrx_word' id='word_1_196' title='bbox 2485 1239 2590 1277; x_wconf 89' lang='grc' dir='ltr'><strong>που</strong></span> <span class='ocrx_word' id='word_1_197' title='bbox 2637 1221 2780 1291; x_wconf 85' lang='grc' dir='ltr'>τάχα</span> <span class='ocrx_word' id='word_1_198' title='bbox 2807 1221 2888 1286; x_wconf 80' lang='grc' dir='ltr'><strong>τὸ,</strong></span> <span class='ocrx_word' id='word_1_199' title='bbox 2921 1221 2996 1293; x_wconf 84' lang='grc' dir='ltr'>μὴ</span> <span class='ocrx_word' id='word_1_200' title='bbox 3029 1223 3148 1284; x_wconf 85' lang='grc' dir='ltr'>ταῖς</span> <span class='ocrx_word' id='word_1_201' title='bbox 3191 1223 3271 1286; x_wconf 90' lang='grc' dir='ltr'><strong>είς</strong></span> <span class='ocrx_word' id='word_1_202' title='bbox 3315 1221 3629 1290; x_wconf 77' lang='grc' dir='ltr'><strong>φαυλότητα</strong></span> <span class='ocrx_word' id='word_1_203' title='bbox 3678 1239 3777 1292; x_wconf 88' lang='grc' dir='ltr'>με-</span> 
     </span>
    </p>
   </div>
   <div class='ocr_carea' id='block_1_28' title="bbox 2183 1312 3777 1385">
    <p class='ocr_par' dir='ltr' id='par_1_28' title="bbox 2183 1312 3777 1385">
     <span class='ocr_line' id='line_1_28' title="bbox 2183 1312 3777 1385; baseline -0.001 -18"><span class='ocrx_word' id='word_1_204' title='bbox 2183 1316 2513 1385; x_wconf 86' lang='grc' dir='ltr'>ταστροφαῖς</span> <span class='ocrx_word' id='word_1_205' title='bbox 2558 1313 2629 1367; x_wconf 89' lang='grc' dir='ltr'><strong>τά</strong></span> <span class='ocrx_word' id='word_1_206' title='bbox 2662 1313 2753 1366; x_wconf 88' lang='grc' dir='ltr'><strong>ίσα</strong></span> <span class='ocrx_word' id='word_1_207' title='bbox 2787 1315 3002 1384; x_wconf 84' lang='grc' dir='ltr'>φρονεῖν</span> <span class='ocrx_word' id='word_1_208' title='bbox 3043 1312 3260 1366; x_wconf 79' lang='grc' dir='ltr'>ἑλέσθαι</span> <span class='ocrx_word' id='word_1_209' title='bbox 3309 1313 3470 1367; x_wconf 87' lang='grc' dir='ltr'>πάλιν</span> <span class='ocrx_word' id='word_1_210' title='bbox 3518 1315 3629 1376; x_wconf 85' lang='grc' dir='ltr'>τοῖς</span> <span class='ocrx_word' id='word_1_211' title='bbox 3670 1313 3777 1366; x_wconf 82' lang='grc' dir='ltr'><strong>ὑπὸ</strong></span> 
     </span>
    </p>
   </div>
   <div class='ocr_carea' id='block_1_29' title="bbox 2183 1402 3777 1479">
    <p class='ocr_par' dir='ltr' id='par_1_29' title="bbox 2183 1402 3777 1479">
     <span class='ocr_line' id='line_1_29' title="bbox 2183 1402 3777 1479; baseline -0.002 -20"><span class='ocrx_word' id='word_1_212' title='bbox 2183 1405 2339 1476; x_wconf 89' lang='grc' dir='ltr'>δίκην</span> <span class='ocrx_word' id='word_1_213' title='bbox 2368 1405 2466 1478; x_wconf 82' lang='grc' dir='ltr'><strong>τὴν</strong></span> <span class='ocrx_word' id='word_1_214' title='bbox 2492 1405 2665 1478; x_wconf 85' lang='grc' dir='ltr'>πυρὸς</span> <span class='ocrx_word' id='word_1_215' title='bbox 2699 1405 2757 1472; x_wconf 78' lang='grc' dir='ltr'>ἑξ</span> <span class='ocrx_word' id='word_1_216' title='bbox 2791 1405 3064 1479; x_wconf 81' lang='grc' dir='ltr'>ἀκρασίας</span> <span class='ocrx_word' id='word_1_217' title='bbox 3086 1404 3469 1475; x_wconf 84' lang='grc' dir='ltr'>ἑνηνεγμένοις</span> <span class='ocrx_word' id='word_1_218' title='bbox 3501 1404 3546 1476; x_wconf 82' lang='grc' dir='ltr'>(ι</span> <span class='ocrx_word' id='word_1_219' title='bbox 3584 1402 3777 1467; x_wconf 75' lang='grc' dir='ltr'>Οὐδεὶς</span> 
     </span>
    </p>
   </div>
   <div class='ocr_carea' id='block_1_30' title="bbox 2186 1495 3782 1569">
    <p class='ocr_par' dir='ltr' id='par_1_30' title="bbox 2186 1495 3782 1569">
     <span class='ocr_line' id='line_1_30' title="bbox 2186 1495 3782 1569; baseline -0.002 -19"><span class='ocrx_word' id='word_1_220' title='bbox 2186 1496 2316 1568; x_wconf 83' lang='grc' dir='ltr'>γὰρ,</span> <span class='ocrx_word' id='word_1_221' title='bbox 2360 1514 2379 1549; x_wconf 74' lang='grc' dir='ltr'><strong>ι</strong></span> <span class='ocrx_word' id='word_1_222' title='bbox 2421 1497 2576 1568; x_wconf 77' lang='grc' dir='ltr'>φησὶ,</span> <span class='ocrx_word' id='word_1_223' title='bbox 2625 1517 2643 1550; x_wconf 77' lang='grc' dir='ltr'><strong>ι</strong></span> <span class='ocrx_word' id='word_1_224' title='bbox 2694 1496 2792 1568; x_wconf 84' lang='grc' dir='ltr'>τὴν</span> <span class='ocrx_word' id='word_1_225' title='bbox 2843 1500 2998 1569; x_wconf 88' lang='grc' dir='ltr'>χεῖρα</span> <span class='ocrx_word' id='word_1_226' title='bbox 3046 1496 3221 1567; x_wconf 85' lang='grc' dir='ltr'>βαλὼν</span> <span class='ocrx_word' id='word_1_227' title='bbox 3267 1498 3353 1549; x_wconf 72' lang='grc' dir='ltr'><strong>ἐπ’</strong></span> <span class='ocrx_word' id='word_1_228' title='bbox 3393 1497 3644 1568; x_wconf 79' lang='grc' dir='ltr'>ἄροτρον,</span> <span class='ocrx_word' id='word_1_229' title='bbox 3684 1495 3782 1548; x_wconf 75' lang='grc' dir='ltr'>καὶ</span> 
     </span>
    </p>
   </div>
   <div class='ocr_carea' id='block_1_31' title="bbox 2189 1588 3779 1659">
    <p class='ocr_par' dir='ltr' id='par_1_31' title="bbox 2189 1588 3779 1659">
     <span class='ocr_line' id='line_1_31' title="bbox 2189 1588 3779 1659; baseline 0.001 -19"><span class='ocrx_word' id='word_1_230' title='bbox 2189 1589 2450 1659; x_wconf 72' lang='grc' dir='ltr'>στραφεὶς</span> <span class='ocrx_word' id='word_1_231' title='bbox 2493 1591 2574 1651; x_wconf 90' lang='grc' dir='ltr'><strong>είς</strong></span> <span class='ocrx_word' id='word_1_232' title='bbox 2611 1589 2680 1643; x_wconf 87' lang='grc' dir='ltr'><strong>τά</strong></span> <span class='ocrx_word' id='word_1_233' title='bbox 2709 1590 2906 1656; x_wconf 81' lang='grc' dir='ltr'>ὀπίσω,</span> <span class='ocrx_word' id='word_1_234' title='bbox 2939 1589 3157 1653; x_wconf 75' lang='grc' dir='ltr'>εὔθετός</span> <span class='ocrx_word' id='word_1_235' title='bbox 3189 1591 3338 1643; x_wconf 86' lang='grc' dir='ltr'>ἑστιν</span> <span class='ocrx_word' id='word_1_236' title='bbox 3377 1592 3456 1654; x_wconf 87' lang='grc' dir='ltr'><strong>είς</strong></span> <span class='ocrx_word' id='word_1_237' title='bbox 3487 1590 3585 1659; x_wconf 85' lang='grc' dir='ltr'><strong>τὴν</strong></span> <span class='ocrx_word' id='word_1_238' title='bbox 3620 1588 3779 1659; x_wconf 85' lang='grc' dir='ltr'>βασι-</span> 
     </span>
    </p>
   </div>
   <div class='ocr_carea' id='block_1_32' title="bbox 2189 1680 3781 1754">
    <p class='ocr_par' dir='ltr' id='par_1_32' title="bbox 2189 1680 3781 1754">
     <span class='ocr_line' id='line_1_32' title="bbox 2189 1680 3781 1754; baseline 0 -21"><span class='ocrx_word' id='word_1_239' title='bbox 2189 1680 2339 1736; x_wconf 88' lang='grc' dir='ltr'>λείαν</span> <span class='ocrx_word' id='word_1_240' title='bbox 2368 1681 2475 1735; x_wconf 84' lang='grc' dir='ltr'><strong>τῶν</strong></span> <span class='ocrx_word' id='word_1_241' title='bbox 2509 1681 2811 1754; x_wconf 76' lang='grc' dir='ltr'>οὐρανῶν)ο</span> <span class='ocrx_word' id='word_1_242' title='bbox 2852 1702 2870 1734; x_wconf 76' lang='grc' dir='ltr'><strong>ι</strong></span> <span class='ocrx_word' id='word_1_243' title='bbox 2913 1681 3135 1753; x_wconf 76' lang='grc' dir='ltr'>ἔχεσθαι</span> <span class='ocrx_word' id='word_1_244' title='bbox 3176 1683 3234 1736; x_wconf 81' lang='grc' dir='ltr'>δὲ</span> <span class='ocrx_word' id='word_1_245' title='bbox 3275 1682 3386 1736; x_wconf 86' lang='grc' dir='ltr'>δεῖν</span> <span class='ocrx_word' id='word_1_246' title='bbox 3419 1681 3518 1750; x_wconf 76' lang='grc' dir='ltr'>τῆς</span> <span class='ocrx_word' id='word_1_247' title='bbox 3558 1683 3638 1745; x_wconf 86' lang='grc' dir='ltr'><strong>είς</strong></span> <span class='ocrx_word' id='word_1_248' title='bbox 3673 1697 3781 1734; x_wconf 85' lang='grc' dir='ltr'>σω-</span> 
     </span>
    </p>
   </div>
   <div class='ocr_carea' id='block_1_33' title="bbox 2189 1772 3785 1846">
    <p class='ocr_par' dir='ltr' id='par_1_33' title="bbox 2189 1772 3785 1846">
     <span class='ocr_line' id='line_1_33' title="bbox 2189 1772 3785 1846; baseline -0.002 -19"><span class='ocrx_word' id='word_1_249' title='bbox 2189 1773 2386 1845; x_wconf 86' lang='grc' dir='ltr'>τηρίαν</span> <span class='ocrx_word' id='word_1_250' title='bbox 2419 1773 2562 1841; x_wconf 82' lang='grc' dir='ltr'>ὁδοῦ,</span> <span class='ocrx_word' id='word_1_251' title='bbox 2605 1775 2680 1846; x_wconf 84' lang='grc' dir='ltr'>μὴ</span> <span class='ocrx_word' id='word_1_252' title='bbox 2713 1774 2839 1846; x_wconf 82' lang='grc' dir='ltr'>τῇδε</span> <span class='ocrx_word' id='word_1_253' title='bbox 2873 1775 3095 1828; x_wconf 89' lang='grc' dir='ltr'>κάκεῖσε</span> <span class='ocrx_word' id='word_1_254' title='bbox 3144 1772 3596 1846; x_wconf 80' lang='grc' dir='ltr'>περισπωμένους</span> <span class='ocrx_word' id='word_1_255' title='bbox 3619 1812 3634 1836; x_wconf 96' lang='grc'><strong>,</strong></span> <span class='ocrx_word' id='word_1_256' title='bbox 3687 1772 3785 1825; x_wconf 73' lang='grc' dir='ltr'><strong>καὶ</strong></span> 
     </span>
    </p>
   </div>
   <div class='ocr_carea' id='block_1_34' title="bbox 508 1854 2098 1940">
    <p class='ocr_par' dir='ltr' id='par_1_34' title="bbox 508 1865 2091 1940">
     <span class='ocr_line' id='line_1_34' title="bbox 508 1865 2091 1940; baseline -0.004 -15"><span class='ocrx_word' id='word_1_257' title='bbox 508 1879 668 1940; x_wconf 88' lang='lat' dir='ltr'><strong>aptus</strong></span> <span class='ocrx_word' id='word_1_258' title='bbox 693 1879 778 1924; x_wconf 88' lang='lat' dir='ltr'><strong>est</strong></span> <span class='ocrx_word' id='word_1_259' title='bbox 814 1886 981 1940; x_wconf 89' lang='lat' dir='ltr'><strong>regno</strong></span> <span class='ocrx_word' id='word_1_260' title='bbox 1003 1869 1269 1924; x_wconf 71' lang='lat' dir='ltr'><strong>caelorum</strong></span> <span class='ocrx_word' id='word_1_261' title='bbox 1291 1869 1357 1920; x_wconf 76' lang='grc' dir='ltr'><strong>τ’.</strong></span> <span class='ocrx_word' id='word_1_262' title='bbox 1400 1886 1417 1918; x_wconf 77' lang='grc' dir='ltr'><strong>ι</strong></span> <span class='ocrx_word' id='word_1_263' title='bbox 1451 1865 1713 1920; x_wconf 89' lang='lat' dir='ltr'><strong>Tenenda</strong></span> <span class='ocrx_word' id='word_1_264' title='bbox 1739 1872 1822 1919; x_wconf 88' lang='lat' dir='ltr'><strong>est</strong></span> <span class='ocrx_word' id='word_1_265' title='bbox 1855 1879 2091 1933; x_wconf 90' lang='lat' dir='ltr'><strong>namque</strong></span> 
     </span>
    </p>
   </div>
   <div class='ocr_carea' id='block_1_35' title="bbox 2201 1854 3784 1940">
    <p class='ocr_par' dir='ltr' id='par_1_35' title="bbox 2201 1865 3784 1938">
     <span class='ocr_line' id='line_1_35' title="bbox 2201 1865 3784 1938; baseline 0.001 -19"><span class='ocrx_word' id='word_1_266' title='bbox 2201 1867 2515 1936; x_wconf 87' lang='grc' dir='ltr'>φαντασίαις</span> <span class='ocrx_word' id='word_1_267' title='bbox 2545 1865 2734 1931; x_wconf 79' lang='grc' dir='ltr'>ἑώλοις</span> <span class='ocrx_word' id='word_1_268' title='bbox 2767 1866 3050 1937; x_wconf 86' lang='grc' dir='ltr'>κοσμικῶν</span> <span class='ocrx_word' id='word_1_269' title='bbox 3079 1866 3388 1936; x_wconf 79' lang='grc' dir='ltr'>ἐπιθυμιῶν</span> <span class='ocrx_word' id='word_1_270' title='bbox 3421 1866 3654 1938; x_wconf 75' lang='grc' dir='ltr'>ἐλαφρὸν</span> <span class='ocrx_word' id='word_1_271' title='bbox 3685 1868 3784 1921; x_wconf 77' lang='grc' dir='ltr'>καὶ</span> 
     </span>
    </p>
   </div>
   <div class='ocr_carea' id='block_1_36' title="bbox 508 1954 2092 2027">
    <p class='ocr_par' dir='ltr' id='par_1_36' title="bbox 508 1954 2092 2027">
     <span class='ocr_line' id='line_1_36' title="bbox 508 1954 2092 2027; baseline -0.007 -8"><span class='ocrx_word' id='word_1_272' title='bbox 508 1965 704 2019; x_wconf 90' lang='lat' dir='ltr'><strong>salutis</strong></span> <span class='ocrx_word' id='word_1_273' title='bbox 727 1962 835 2027; x_wconf 86' lang='lat' dir='ltr'><strong>via,</strong></span> <span class='ocrx_word' id='word_1_274' title='bbox 881 1977 991 2016; x_wconf 92' lang='lat' dir='ltr'><strong>non</strong></span> <span class='ocrx_word' id='word_1_275' title='bbox 1033 1961 1136 2014; x_wconf 89' lang='lat' dir='ltr'><strong>hac</strong></span> <span class='ocrx_word' id='word_1_276' title='bbox 1177 1959 1301 2014; x_wconf 91' lang='lat' dir='ltr'><strong>illac</strong></span> <span class='ocrx_word' id='word_1_277' title='bbox 1340 1956 1765 2021; x_wconf 84' lang='lat' dir='ltr'><strong>deﬂectcndum,</strong></span> <span class='ocrx_word' id='word_1_278' title='bbox 1802 1970 1982 2025; x_wconf 90' lang='lat' dir='ltr'><strong>neque</strong></span> <span class='ocrx_word' id='word_1_279' title='bbox 2021 1954 2092 2008; x_wconf 93' lang='lat' dir='ltr'><strong>ad</strong></span> 
     </span>
    </p>
   </div>
   <div class='ocr_carea' id='block_1_37' title="bbox 508 2048 2090 2125">
    <p class='ocr_par' dir='ltr' id='par_1_37' title="bbox 508 2048 2090 2125">
     <span class='ocr_line' id='line_1_37' title="bbox 508 2048 2090 2125; baseline -0.005 -15"><span class='ocrx_word' id='word_1_280' title='bbox 508 2073 674 2112; x_wconf 87' lang='lat' dir='ltr'><strong>vanas</strong></span> <span class='ocrx_word' id='word_1_281' title='bbox 701 2054 965 2125; x_wconf 83' lang='lat' dir='ltr'><strong>imagines</strong></span> <span class='ocrx_word' id='word_1_282' title='bbox 994 2051 1397 2107; x_wconf 89' lang='lat' dir='ltr'><strong>mundanarum</strong></span> <span class='ocrx_word' id='word_1_283' title='bbox 1437 2050 1800 2120; x_wconf 90' lang='lat' dir='ltr'><strong>cupiditatum</strong></span> <span class='ocrx_word' id='word_1_284' title='bbox 1831 2048 1970 2103; x_wconf 89' lang='lat' dir='ltr'><strong>levis</strong></span> <span class='ocrx_word' id='word_1_285' title='bbox 2001 2056 2090 2103; x_wconf 85' lang='lat' dir='ltr'><strong>at-</strong></span> 
     </span>
    </p>
   </div>
   <div class='ocr_carea' id='block_1_38' title="bbox 509 2143 2097 2222">
    <p class='ocr_par' dir='ltr' id='par_1_38' title="bbox 509 2143 2097 2222">
     <span class='ocr_line' id='line_1_38' title="bbox 509 2143 2097 2222; baseline -0.006 -16"><span class='ocrx_word' id='word_1_286' title='bbox 509 2168 615 2222; x_wconf 86' lang='lat' dir='ltr'><strong>que</strong></span> <span class='ocrx_word' id='word_1_287' title='bbox 647 2149 906 2206; x_wconf 80' lang='lat' dir='ltr'><strong>volubilis</strong></span> <span class='ocrx_word' id='word_1_288' title='bbox 948 2148 1167 2203; x_wconf 88' lang='lat' dir='ltr'><strong>animus</strong></span> <span class='ocrx_word' id='word_1_289' title='bbox 1195 2154 1281 2201; x_wconf 91' lang='lat' dir='ltr'><strong>est</strong></span> <span class='ocrx_word' id='word_1_290' title='bbox 1333 2145 1701 2216; x_wconf 86' lang='lat' dir='ltr'><strong>impellendus</strong></span> <span class='ocrx_word' id='word_1_291' title='bbox 1723 2161 1738 2211; x_wconf 90' lang='lat'><strong>;</strong></span> <span class='ocrx_word' id='word_1_292' title='bbox 1759 2143 1854 2199; x_wconf 89' lang='lat' dir='ltr'><strong>sed</strong></span> <span class='ocrx_word' id='word_1_293' title='bbox 1886 2143 2097 2214; x_wconf 82' lang='lat' dir='ltr'><strong>integer</strong></span> 
     </span>
    </p>
   </div>
   <div class='ocr_carea' id='block_1_39' title="bbox 509 2235 2094 2314">
    <p class='ocr_par' dir='ltr' id='par_1_39' title="bbox 509 2235 2094 2314">
     <span class='ocr_line' id='line_1_39' title="bbox 509 2235 2094 2314; baseline -0.004 -16"><span class='ocrx_word' id='word_1_294' title='bbox 509 2254 671 2314; x_wconf 90' lang='lat' dir='ltr'><strong>atque</strong></span> <span class='ocrx_word' id='word_1_295' title='bbox 688 2243 938 2314; x_wconf 82' lang='lat' dir='ltr'><strong>vigilans,</strong></span> <span class='ocrx_word' id='word_1_296' title='bbox 968 2249 1024 2295; x_wconf 90' lang='lat' dir='ltr'><strong>et</strong></span> <span class='ocrx_word' id='word_1_297' title='bbox 1065 2239 1160 2310; x_wconf 89' lang='lat' dir='ltr'><strong>qui</strong></span> <span class='ocrx_word' id='word_1_298' title='bbox 1189 2253 1407 2309; x_wconf 89' lang='lat' dir='ltr'><strong>semper</strong></span> <span class='ocrx_word' id='word_1_299' title='bbox 1435 2237 1704 2292; x_wconf 90' lang='lat' dir='ltr'><strong>directum</strong></span> <span class='ocrx_word' id='word_1_300' title='bbox 1739 2236 1846 2290; x_wconf 89' lang='lat' dir='ltr'><strong>iter</strong></span> <span class='ocrx_word' id='word_1_301' title='bbox 1879 2235 2094 2305; x_wconf 83' lang='lat' dir='ltr'><strong>aspice-</strong></span> 
     </span>
    </p>
   </div>
   <div class='ocr_carea' id='block_1_40' title="bbox 511 2327 2094 2401">
    <p class='ocr_par' dir='ltr' id='par_1_40' title="bbox 511 2327 2094 2401">
     <span class='ocr_line' id='line_1_40' title="bbox 511 2327 2094 2401; baseline -0.005 -13"><span class='ocrx_word' id='word_1_302' title='bbox 511 2351 569 2389; x_wconf 90' lang='lat' dir='ltr'><strong>re</strong></span> <span class='ocrx_word' id='word_1_303' title='bbox 606 2342 792 2400; x_wconf 91' lang='lat' dir='ltr'><strong>curet,</strong></span> <span class='ocrx_word' id='word_1_304' title='bbox 834 2334 892 2389; x_wconf 90' lang='lat' dir='ltr'><strong>in</strong></span> <span class='ocrx_word' id='word_1_305' title='bbox 925 2331 1089 2387; x_wconf 90' lang='lat' dir='ltr'><strong>nobis</strong></span> <span class='ocrx_word' id='word_1_306' title='bbox 1128 2330 1264 2401; x_wconf 91' lang='lat' dir='ltr'><strong>ipsis</strong></span> <span class='ocrx_word' id='word_1_307' title='bbox 1301 2338 1385 2386; x_wconf 89' lang='lat' dir='ltr'><strong>est</strong></span> <span class='ocrx_word' id='word_1_308' title='bbox 1435 2328 1872 2385; x_wconf 89' lang='lat' dir='ltr'><strong>conservandus.</strong></span> <span class='ocrx_word' id='word_1_309' title='bbox 1917 2327 2094 2394; x_wconf 90' lang='lat' dir='ltr'><strong>Quin-</strong></span> 
     </span>
    </p>
   </div>
   <div class='ocr_carea' id='block_1_41' title="bbox 510 2419 2095 2498">
    <p class='ocr_par' dir='ltr' id='par_1_41' title="bbox 510 2419 2095 2498">
     <span class='ocr_line' id='line_1_41' title="bbox 510 2419 2095 2498; baseline -0.006 -15"><span class='ocrx_word' id='word_1_310' title='bbox 510 2429 677 2483; x_wconf 85' lang='lat' dir='ltr'><strong>etiam</strong></span> <span class='ocrx_word' id='word_1_311' title='bbox 697 2428 773 2492; x_wconf 90' lang='lat' dir='ltr'><strong>id,</strong></span> <span class='ocrx_word' id='word_1_312' title='bbox 807 2426 953 2498; x_wconf 92' lang='lat' dir='ltr'><strong>quod</strong></span> <span class='ocrx_word' id='word_1_313' title='bbox 975 2427 1157 2496; x_wconf 79' lang='lat' dir='ltr'><strong>majus</strong></span> <span class='ocrx_word' id='word_1_314' title='bbox 1187 2432 1292 2488; x_wconf 89' lang='lat' dir='ltr'><strong>est,</strong></span> <span class='ocrx_word' id='word_1_315' title='bbox 1325 2423 1542 2477; x_wconf 86' lang='lat' dir='ltr'><strong>dicam:</strong></span> <span class='ocrx_word' id='word_1_316' title='bbox 1573 2421 1651 2475; x_wconf 90' lang='lat' dir='ltr'><strong>ait</strong></span> <span class='ocrx_word' id='word_1_317' title='bbox 1677 2421 1823 2476; x_wconf 89' lang='lat' dir='ltr'><strong>enim</strong></span> <span class='ocrx_word' id='word_1_318' title='bbox 1848 2419 2095 2490; x_wconf 86' lang='lat' dir='ltr'><strong>angelus,</strong></span> 
     </span>
    </p>
   </div>
   <div class='ocr_carea' id='block_1_42' title="bbox 512 2513 2099 2577">
    <p class='ocr_par' dir='ltr' id='par_1_42' title="bbox 512 2513 2099 2577">
     <span class='ocr_line' id='line_1_42' title="bbox 512 2513 2099 2577; baseline -0.008 -2"><span class='ocrx_word' id='word_1_319' title='bbox 512 2535 621 2576; x_wconf 92' lang='lat' dir='ltr'><strong>non</strong></span> <span class='ocrx_word' id='word_1_320' title='bbox 651 2519 816 2574; x_wconf 93' lang='lat' dir='ltr'><strong>modo</strong></span> <span class='ocrx_word' id='word_1_321' title='bbox 848 2517 922 2572; x_wconf 89' lang='lat' dir='ltr'><strong>ita</strong></span> <span class='ocrx_word' id='word_1_322' title='bbox 953 2516 1032 2570; x_wconf 90' lang='lat' dir='ltr'><strong>illi</strong></span> <span class='ocrx_word' id='word_1_323' title='bbox 1066 2531 1188 2571; x_wconf 89' lang='lat' dir='ltr'><strong>esse</strong></span> <span class='ocrx_word' id='word_1_324' title='bbox 1231 2513 1648 2577; x_wconf 87' lang='lat' dir='ltr'><strong>ambulandum,</strong></span> <span class='ocrx_word' id='word_1_325' title='bbox 1691 2527 1762 2567; x_wconf 92' lang='lat' dir='ltr'><strong>ne</strong></span> <span class='ocrx_word' id='word_1_326' title='bbox 1796 2520 2099 2565; x_wconf 88' lang='lat' dir='ltr'><strong>retrorsum</strong></span> 
     </span>
    </p>
   </div>
   <div class='ocr_carea' id='block_1_43' title="bbox 2194 1957 3785 2030">
    <p class='ocr_par' dir='ltr' id='par_1_43' title="bbox 2194 1957 3785 2030">
     <span class='ocr_line' id='line_1_43' title="bbox 2194 1957 3785 2030; baseline 0 -20"><span class='ocrx_word' id='word_1_327' title='bbox 2194 1957 2630 2030; x_wconf 74' lang='grc' dir='ltr'>εὐδιαρρίπιστον</span> <span class='ocrx_word' id='word_1_328' title='bbox 2661 1957 2807 2022; x_wconf 83' lang='grc' dir='ltr'>νοῦν,</span> <span class='ocrx_word' id='word_1_329' title='bbox 2839 1958 2955 2012; x_wconf 83' lang='grc' dir='ltr'>ἀλλ’</span> <span class='ocrx_word' id='word_1_330' title='bbox 2991 1959 3178 2029; x_wconf 76' lang='grc' dir='ltr'>ἐντελῆ</span> <span class='ocrx_word' id='word_1_331' title='bbox 3210 1975 3267 2010; x_wconf 87' lang='grc' dir='ltr'><strong>τε</strong></span> <span class='ocrx_word' id='word_1_332' title='bbox 3300 1958 3394 2011; x_wconf 71' lang='grc' dir='ltr'><strong>καὶ</strong></span> <span class='ocrx_word' id='word_1_333' title='bbox 3423 1957 3648 2023; x_wconf 75' lang='grc' dir='ltr'>ἄϋπνον,</span> <span class='ocrx_word' id='word_1_334' title='bbox 3689 1960 3785 2014; x_wconf 83' lang='grc' dir='ltr'>καὶ</span> 
     </span>
    </p>
   </div>
   <div class='ocr_carea' id='block_1_44' title="bbox 2195 2049 3787 2122">
    <p class='ocr_par' dir='ltr' id='par_1_44' title="bbox 2195 2049 3787 2122">
     <span class='ocr_line' id='line_1_44' title="bbox 2195 2049 3787 2122; baseline 0 -18"><span class='ocrx_word' id='word_1_335' title='bbox 2195 2052 2274 2115; x_wconf 85' lang='grc' dir='ltr'><strong>είς</strong></span> <span class='ocrx_word' id='word_1_336' title='bbox 2322 2049 2450 2104; x_wconf 70' lang='grc' dir='ltr'>εὐθὺ</span> <span class='ocrx_word' id='word_1_337' title='bbox 2501 2049 2720 2120; x_wconf 84' lang='grc' dir='ltr'>βλέπειν</span> <span class='ocrx_word' id='word_1_338' title='bbox 2769 2051 2855 2105; x_wconf 75' lang='grc' dir='ltr'>ἀεὶ</span> <span class='ocrx_word' id='word_1_339' title='bbox 2907 2050 3338 2122; x_wconf 85' lang='grc' dir='ltr'>μεμελετηκότα,</span> <span class='ocrx_word' id='word_1_340' title='bbox 3379 2051 3682 2120; x_wconf 82' lang='grc' dir='ltr'>τηροῦντας</span> <span class='ocrx_word' id='word_1_341' title='bbox 3725 2053 3787 2104; x_wconf 67' lang='grc' dir='ltr'>ἑ)</span> 
     </span>
    </p>
   </div>
   <div class='ocr_carea' id='block_1_45' title="bbox 2193 2138 3782 2211">
    <p class='ocr_par' dir='ltr' id='par_1_45' title="bbox 2193 2138 3782 2211">
     <span class='ocr_line' id='line_1_45' title="bbox 2193 2138 3782 2211; baseline 0.002 -21"><span class='ocrx_word' id='word_1_342' title='bbox 2193 2138 2425 2200; x_wconf 84' lang='grc' dir='ltr'>ἑαυτοῖς.</span> <span class='ocrx_word' id='word_1_343' title='bbox 2457 2138 2565 2191; x_wconf 76' lang='lat' dir='ltr'><strong>Kal</strong></span> <span class='ocrx_word' id='word_1_344' title='bbox 2593 2139 2652 2192; x_wconf 85' lang='grc' dir='ltr'><strong>τὸ</strong></span> <span class='ocrx_word' id='word_1_345' title='bbox 2679 2138 2760 2192; x_wconf 81' lang='grc' dir='ltr'><strong>ἔτι</strong></span> <span class='ocrx_word' id='word_1_346' title='bbox 2790 2140 2974 2209; x_wconf 74' lang='grc' dir='ltr'>μεῖζον</span> <span class='ocrx_word' id='word_1_347' title='bbox 3005 2139 3134 2211; x_wconf 85' lang='grc' dir='ltr'><strong>ἑρῶ·</strong></span> <span class='ocrx_word' id='word_1_348' title='bbox 3178 2140 3313 2210; x_wconf 73' lang='grc' dir='ltr'>φησὶ</span> <span class='ocrx_word' id='word_1_349' title='bbox 3342 2139 3451 2211; x_wconf 81' lang='grc' dir='ltr'>γὰρ</span> <span class='ocrx_word' id='word_1_350' title='bbox 3483 2141 3510 2193; x_wconf 89' lang='grc' dir='ltr'><strong>ό</strong></span> <span class='ocrx_word' id='word_1_351' title='bbox 3548 2139 3782 2209; x_wconf 78' lang='grc' dir='ltr'>ἄγγελος</span> 
     </span>
    </p>
   </div>
   <div class='ocr_carea' id='block_1_46' title="bbox 2197 2229 3787 2302">
    <p class='ocr_par' dir='ltr' id='par_1_46' title="bbox 2197 2229 3787 2302">
     <span class='ocr_line' id='line_1_46' title="bbox 2197 2229 3787 2302; baseline 0.003 -22"><span class='ocrx_word' id='word_1_352' title='bbox 2197 2229 2296 2299; x_wconf 77' lang='grc' dir='ltr'><strong>οὐχ</strong></span> <span class='ocrx_word' id='word_1_353' title='bbox 2328 2229 2407 2282; x_wconf 86' lang='grc' dir='ltr'><strong>ὅτι</strong></span> <span class='ocrx_word' id='word_1_354' title='bbox 2436 2229 2542 2301; x_wconf 81' lang='grc' dir='ltr'>χρὴ</span> <span class='ocrx_word' id='word_1_355' title='bbox 2563 2229 2663 2302; x_wconf 75' lang='grc' dir='ltr'>ἤδη</span> <span class='ocrx_word' id='word_1_356' title='bbox 2690 2229 2851 2301; x_wconf 88' lang='grc' dir='ltr'>μόνον</span> <span class='ocrx_word' id='word_1_357' title='bbox 2880 2230 3042 2284; x_wconf 76' lang='grc' dir='ltr'>αὐτὸν</span> <span class='ocrx_word' id='word_1_358' title='bbox 3070 2231 3486 2302; x_wconf 78' lang='grc' dir='ltr'>ἀμεταστρεπτὶ</span> <span class='ocrx_word' id='word_1_359' title='bbox 3515 2232 3787 2285; x_wconf 82' lang='grc' dir='ltr'>ποιεῖσθαι</span> 
     </span>
    </p>
   </div>
   <div class='ocr_carea' id='block_1_47' title="bbox 2200 2320 3788 2395">
    <p class='ocr_par' dir='ltr' id='par_1_47' title="bbox 2200 2320 3788 2395">
     <span class='ocr_line' id='line_1_47' title="bbox 2200 2320 3788 2395; baseline 0.002 -21"><span class='ocrx_word' id='word_1_360' title='bbox 2200 2321 2298 2392; x_wconf 78' lang='grc' dir='ltr'>τὴν</span> <span class='ocrx_word' id='word_1_361' title='bbox 2322 2320 2548 2391; x_wconf 76' lang='grc' dir='ltr'>βάδισινο</span> <span class='ocrx_word' id='word_1_362' title='bbox 2574 2323 2882 2394; x_wconf 87' lang='grc' dir='ltr'>προσετίθει</span> <span class='ocrx_word' id='word_1_363' title='bbox 2904 2323 2961 2376; x_wconf 82' lang='grc' dir='ltr'>δὲ</span> <span class='ocrx_word' id='word_1_364' title='bbox 2992 2322 3277 2394; x_wconf 83' lang='grc' dir='ltr'>χρησίμως</span> <span class='ocrx_word' id='word_1_365' title='bbox 3302 2323 3382 2387; x_wconf 85' lang='grc' dir='ltr'><strong>τὸ,</strong></span> <span class='ocrx_word' id='word_1_366' title='bbox 3419 2343 3437 2375; x_wconf 73' lang='grc' dir='ltr'><strong>ι</strong></span> <span class='ocrx_word' id='word_1_367' title='bbox 3462 2323 3555 2394; x_wconf 81' lang='grc' dir='ltr'><strong>Μὴ</strong></span> <span class='ocrx_word' id='word_1_368' title='bbox 3575 2327 3704 2395; x_wconf 80' lang='grc' dir='ltr'>στῇς</span> <span class='ocrx_word' id='word_1_369' title='bbox 3731 2326 3788 2377; x_wconf 82' lang='grc' dir='ltr'><strong>ἑν</strong></span> 
     </span>
    </p>
   </div>
   <div class='ocr_carea' id='block_1_48' title="bbox 2200 2413 3790 2487">
    <p class='ocr_par' dir='ltr' id='par_1_48' title="bbox 2200 2413 3790 2487">
     <span class='ocr_line' id='line_1_48' title="bbox 2200 2413 3790 2487; baseline 0.001 -20"><span class='ocrx_word' id='word_1_370' title='bbox 2200 2413 2349 2487; x_wconf 84' lang='grc' dir='ltr'>πάσῃ</span> <span class='ocrx_word' id='word_1_371' title='bbox 2373 2416 2440 2486; x_wconf 78' lang='grc' dir='ltr'>τῇ</span> <span class='ocrx_word' id='word_1_372' title='bbox 2469 2413 2783 2486; x_wconf 85' lang='grc' dir='ltr'>περιχώρῳ.</span> <span class='ocrx_word' id='word_1_373' title='bbox 2817 2415 2912 2478; x_wconf 88' lang='grc' dir='ltr'>Είς</span> <span class='ocrx_word' id='word_1_374' title='bbox 2938 2413 3000 2468; x_wconf 83' lang='grc' dir='ltr'><strong>τὸ</strong></span> <span class='ocrx_word' id='word_1_375' title='bbox 3022 2414 3148 2486; x_wconf 79' lang='grc' dir='ltr'>ὅρος</span> <span class='ocrx_word' id='word_1_376' title='bbox 3178 2414 3376 2482; x_wconf 82' lang='grc' dir='ltr'>σώζου,</span> <span class='ocrx_word' id='word_1_377' title='bbox 3407 2417 3618 2487; x_wconf 83' lang='grc' dir='ltr'>μήποτε</span> <span class='ocrx_word' id='word_1_378' title='bbox 3650 2433 3790 2486; x_wconf 89' lang='grc' dir='ltr'>συμ-</span> 
     </span>
    </p>
   </div>
   <div class='ocr_carea' id='block_1_49' title="bbox 2203 2507 2652 2580">
    <p class='ocr_par' dir='ltr' id='par_1_49' title="bbox 2203 2507 2652 2580">
     <span class='ocr_line' id='line_1_49' title="bbox 2203 2507 2652 2580; baseline -0.004 -18"><span class='ocrx_word' id='word_1_379' title='bbox 2203 2507 2592 2580; x_wconf 82' lang='grc' dir='ltr'>παραληφθῇς.</span> <span class='ocrx_word' id='word_1_380' title='bbox 2633 2526 2652 2559; x_wconf 74' lang='grc' dir='ltr'><strong>ι</strong></span> 
     </span>
    </p>
   </div>
   <div class='ocr_carea' id='block_1_50' title="bbox 513 2603 3792 2682">
    <p class='ocr_par' dir='ltr' id='par_1_50' title="bbox 513 2603 3792 2682">
     <span class='ocr_line' id='line_1_50' title="bbox 513 2603 3792 2682; baseline -0.004 -8"><span class='ocrx_word' id='word_1_381' title='bbox 513 2633 572 2674; x_wconf 88' lang='lat' dir='ltr'><strong>se</strong></span> <span class='ocrx_word' id='word_1_382' title='bbox 613 2622 915 2679; x_wconf 85' lang='lat' dir='ltr'><strong>convertat,</strong></span> <span class='ocrx_word' id='word_1_383' title='bbox 945 2612 1042 2668; x_wconf 92' lang='lat' dir='ltr'><strong>sed</strong></span> <span class='ocrx_word' id='word_1_384' title='bbox 1075 2620 1384 2682; x_wconf 90' lang='lat' dir='ltr'><strong>opportune</strong></span> <span class='ocrx_word' id='word_1_385' title='bbox 1423 2609 1666 2681; x_wconf 88' lang='lat' dir='ltr'><strong>adjecit:</strong></span> <span class='ocrx_word' id='word_1_386' title='bbox 1709 2627 1727 2660; x_wconf 85' lang='grc'><strong>‹</strong></span> <span class='ocrx_word' id='word_1_387' title='bbox 1766 2608 1845 2664; x_wconf 90' lang='lat' dir='ltr'><strong>Ne</strong></span> <span class='ocrx_word' id='word_1_388' title='bbox 1878 2619 1989 2663; x_wconf 89' lang='lat' dir='ltr'><strong>stes</strong></span> <span class='ocrx_word' id='word_1_389' title='bbox 2032 2607 2089 2661; x_wconf 92' lang='lat' dir='ltr'><strong>in</strong></span> <span class='ocrx_word' id='word_1_390' title='bbox 2125 2606 2273 2660; x_wconf 91' lang='lat' dir='ltr'><strong>omni</strong></span> <span class='ocrx_word' id='word_1_391' title='bbox 2305 2605 2452 2660; x_wconf 91' lang='lat' dir='ltr'><strong>circa</strong></span> <span class='ocrx_word' id='word_1_392' title='bbox 2489 2604 2755 2676; x_wconf 81' lang='lat' dir='ltr'><strong>regione;</strong></span> <span class='ocrx_word' id='word_1_393' title='bbox 2792 2603 2850 2660; x_wconf 87' lang='lat' dir='ltr'><strong>in</strong></span> <span class='ocrx_word' id='word_1_394' title='bbox 2920 2614 3164 2661; x_wconf 88' lang='lat' dir='ltr'><strong>montem</strong></span> <span class='ocrx_word' id='word_1_395' title='bbox 3205 2605 3416 2660; x_wconf 83' lang='lat' dir='ltr'><strong>salvum</strong></span> <span class='ocrx_word' id='word_1_396' title='bbox 3454 2615 3508 2660; x_wconf 91' lang='lat' dir='ltr'><strong>te</strong></span> <span class='ocrx_word' id='word_1_397' title='bbox 3573 2603 3680 2671; x_wconf 89' lang='lat' dir='ltr'><strong>fac,</strong></span> <span class='ocrx_word' id='word_1_398' title='bbox 3720 2620 3792 2661; x_wconf 84' lang='lat' dir='ltr'><strong>ne</strong></span> 
     </span>
    </p>
   </div>
   <div class='ocr_carea' id='block_1_51' title="bbox 515 2703 1357 2774">
    <p class='ocr_par' dir='ltr' id='par_1_51' title="bbox 515 2703 1357 2774">
     <span class='ocr_line' id='line_1_51' title="bbox 515 2703 1357 2774; baseline -0.014 -8"><span class='ocrx_word' id='word_1_399' title='bbox 515 2710 656 2765; x_wconf 90' lang='lat' dir='ltr'><strong>forte</strong></span> <span class='ocrx_word' id='word_1_400' title='bbox 681 2719 738 2764; x_wconf 91' lang='lat' dir='ltr'><strong>et</strong></span> <span class='ocrx_word' id='word_1_401' title='bbox 767 2717 825 2763; x_wconf 92' lang='lat' dir='ltr'><strong>tu</strong></span> <span class='ocrx_word' id='word_1_402' title='bbox 848 2704 1010 2762; x_wconf 91' lang='lat' dir='ltr'><strong>simul</strong></span> <span class='ocrx_word' id='word_1_403' title='bbox 1043 2703 1299 2774; x_wconf 87' lang='lat' dir='ltr'><strong>capiaris.</strong></span> <span class='ocrx_word' id='word_1_404' title='bbox 1339 2722 1357 2754; x_wconf 72' lang='grc' dir='ltr'><strong>ι</strong></span> 
     </span>
    </p>
   </div>
   <div class='ocr_carea' id='block_1_52' title="bbox 585 2790 2096 2865">
    <p class='ocr_par' dir='ltr' id='par_1_52' title="bbox 585 2790 2096 2865">
     <span class='ocr_line' id='line_1_52' title="bbox 585 2790 2096 2865; baseline -0.007 -9"><span class='ocrx_word' id='word_1_405' title='bbox 585 2800 785 2857; x_wconf 84' lang='lat' dir='ltr'><strong>PALL.</strong></span> <span class='ocrx_word' id='word_1_406' title='bbox 820 2797 964 2865; x_wconf 83' lang='lat' dir='ltr'><strong>Quid</strong></span> <span class='ocrx_word' id='word_1_407' title='bbox 992 2810 1126 2851; x_wconf 87' lang='lat' dir='ltr'><strong>vero</strong></span> <span class='ocrx_word' id='word_1_408' title='bbox 1163 2794 1300 2850; x_wconf 90' lang='lat' dir='ltr'><strong>illud</strong></span> <span class='ocrx_word' id='word_1_409' title='bbox 1362 2802 1482 2861; x_wconf 88' lang='lat' dir='ltr'><strong>est,</strong></span> <span class='ocrx_word' id='word_1_410' title='bbox 1531 2811 1550 2846; x_wconf 88' lang='grc'><strong>‹</strong></span> <span class='ocrx_word' id='word_1_411' title='bbox 1576 2793 1656 2848; x_wconf 83' lang='lat' dir='ltr'><strong>Ne</strong></span> <span class='ocrx_word' id='word_1_412' title='bbox 1689 2801 1802 2848; x_wconf 86' lang='lat' dir='ltr'><strong>stes</strong></span> <span class='ocrx_word' id='word_1_413' title='bbox 1855 2791 1910 2846; x_wconf 91' lang='lat' dir='ltr'><strong>in</strong></span> <span class='ocrx_word' id='word_1_414' title='bbox 1943 2790 2096 2846; x_wconf 88' lang='lat' dir='ltr'><strong>omni</strong></span> 
     </span>
    </p>
   </div>
   <div class='ocr_carea' id='block_1_53' title="bbox 519 2889 1004 2962">
    <p class='ocr_par' dir='ltr' id='par_1_53' title="bbox 519 2889 1004 2962">
     <span class='ocr_line' id='line_1_53' title="bbox 519 2889 1004 2962; baseline -0.016 -14"><span class='ocrx_word' id='word_1_415' title='bbox 519 2894 666 2949; x_wconf 90' lang='lat' dir='ltr'><strong>circa</strong></span> <span class='ocrx_word' id='word_1_416' title='bbox 694 2889 958 2962; x_wconf 80' lang='lat' dir='ltr'><strong>regione?</strong></span> <span class='ocrx_word' id='word_1_417' title='bbox 986 2907 1004 2940; x_wconf 75' lang='grc' dir='ltr'><strong>ι</strong></span> 
     </span>
    </p>
   </div>
   <div class='ocr_carea' id='block_1_54' title="bbox 594 2975 2098 3048">
    <p class='ocr_par' dir='ltr' id='par_1_54' title="bbox 594 2975 2098 3048">
     <span class='ocr_line' id='line_1_54' title="bbox 594 2975 2098 3048; baseline -0.005 -11"><span class='ocrx_word' id='word_1_418' title='bbox 594 2981 754 3037; x_wconf 84' lang='lat' dir='ltr'><strong>CYR.</strong></span> <span class='ocrx_word' id='word_1_419' title='bbox 794 2980 968 3044; x_wconf 87' lang='lat' dir='ltr'><strong>Illam,</strong></span> <span class='ocrx_word' id='word_1_420' title='bbox 998 2977 1053 3033; x_wconf 89' lang='lat' dir='ltr'><strong>ni</strong></span> <span class='ocrx_word' id='word_1_421' title='bbox 1093 2976 1275 3043; x_wconf 84' lang='lat' dir='ltr'><strong>fallor,</strong></span> <span class='ocrx_word' id='word_1_422' title='bbox 1322 2975 1580 3033; x_wconf 86' lang='lat' dir='ltr'><strong>inertiam</strong></span> <span class='ocrx_word' id='word_1_423' title='bbox 1615 2983 1777 3047; x_wconf 91' lang='lat' dir='ltr'><strong>atque</strong></span> <span class='ocrx_word' id='word_1_424' title='bbox 1807 2975 2098 3048; x_wconf 87' lang='lat' dir='ltr'><strong>segnitiem</strong></span> 
     </span>
    </p>
   </div>
   <div class='ocr_carea' id='block_1_55' title="bbox 521 3069 2098 3140">
    <p class='ocr_par' dir='ltr' id='par_1_55' title="bbox 521 3069 2098 3140">
     <span class='ocr_line' id='line_1_55' title="bbox 521 3069 2098 3140; baseline -0.004 -11"><span class='ocrx_word' id='word_1_425' title='bbox 521 3074 590 3129; x_wconf 90' lang='lat' dir='ltr'><strong>ad</strong></span> <span class='ocrx_word' id='word_1_426' title='bbox 631 3072 992 3129; x_wconf 89' lang='lat' dir='ltr'><strong>resiliendum</strong></span> <span class='ocrx_word' id='word_1_427' title='bbox 1016 3086 1048 3125; x_wconf 90' lang='lat' dir='ltr'><strong>a</strong></span> <span class='ocrx_word' id='word_1_428' title='bbox 1084 3069 1258 3137; x_wconf 88' lang='lat' dir='ltr'><strong>vitiis,</strong></span> <span class='ocrx_word' id='word_1_429' title='bbox 1292 3069 1566 3124; x_wconf 86' lang='lat' dir='ltr'><strong>lubricam</strong></span> <span class='ocrx_word' id='word_1_430' title='bbox 1591 3082 1736 3134; x_wconf 90' lang='lat' dir='ltr'><strong>esse,</strong></span> <span class='ocrx_word' id='word_1_431' title='bbox 1796 3076 1854 3124; x_wconf 87' lang='lat' dir='ltr'><strong>et</strong></span> <span class='ocrx_word' id='word_1_432' title='bbox 1874 3070 2098 3140; x_wconf 89' lang='lat' dir='ltr'><strong>pericu-</strong></span> 
     </span>
    </p>
   </div>
   <div class='ocr_carea' id='block_1_56' title="bbox 521 3164 1032 3236">
    <p class='ocr_par' dir='ltr' id='par_1_56' title="bbox 521 3164 1032 3236">
     <span class='ocr_line' id='line_1_56' title="bbox 521 3164 1032 3236; baseline -0.004 -16"><span class='ocrx_word' id='word_1_433' title='bbox 521 3167 693 3221; x_wconf 91' lang='lat' dir='ltr'><strong>losam</strong></span> <span class='ocrx_word' id='word_1_434' title='bbox 735 3164 1032 3236; x_wconf 83' lang='lat' dir='ltr'><strong>significat.</strong></span> 
     </span>
    </p>
   </div>
   <div class='ocr_carea' id='block_1_57' title="bbox 592 3251 1698 3322">
    <p class='ocr_par' dir='ltr' id='par_1_57' title="bbox 592 3251 1698 3322">
     <span class='ocr_line' id='line_1_57' title="bbox 592 3251 1698 3322; baseline -0.003 -11"><span class='ocrx_word' id='word_1_435' title='bbox 592 3255 744 3312; x_wconf 83' lang='lat' dir='ltr'><strong>PAL.</strong></span> <span class='ocrx_word' id='word_1_436' title='bbox 782 3256 1032 3322; x_wconf 86' lang='lat' dir='ltr'><strong>Quonam</strong></span> <span class='ocrx_word' id='word_1_437' title='bbox 1060 3252 1245 3319; x_wconf 91' lang='lat' dir='ltr'><strong>modo,</strong></span> <span class='ocrx_word' id='word_1_438' title='bbox 1289 3251 1402 3318; x_wconf 92' lang='lat' dir='ltr'><strong>dic,</strong></span> <span class='ocrx_word' id='word_1_439' title='bbox 1443 3251 1698 3309; x_wconf 87' lang='lat' dir='ltr'><strong>obsecro.</strong></span> 
     </span>
    </p>
   </div>
   <div class='ocr_carea' id='block_1_58' title="bbox 589 3343 2102 3415">
    <p class='ocr_par' dir='ltr' id='par_1_58' title="bbox 589 3343 2102 3415">
     <span class='ocr_line' id='line_1_58' title="bbox 589 3343 2102 3415; baseline -0.002 -12"><span class='ocrx_word' id='word_1_440' title='bbox 589 3348 749 3403; x_wconf 79' lang='lat' dir='ltr'><strong>CYR.</strong></span> <span class='ocrx_word' id='word_1_441' title='bbox 774 3345 1138 3415; x_wconf 88' lang='lat' dir='ltr'><strong>Propheticus</strong></span> <span class='ocrx_word' id='word_1_442' title='bbox 1156 3343 1305 3400; x_wconf 91' lang='lat' dir='ltr'><strong>enim</strong></span> <span class='ocrx_word' id='word_1_443' title='bbox 1333 3358 1514 3400; x_wconf 89' lang='lat' dir='ltr'><strong>sermo</strong></span> <span class='ocrx_word' id='word_1_444' title='bbox 1539 3344 1620 3399; x_wconf 90' lang='lat' dir='ltr'><strong>sic</strong></span> <span class='ocrx_word' id='word_1_445' title='bbox 1653 3344 1732 3399; x_wconf 89' lang='lat' dir='ltr'><strong>ait</strong></span> <span class='ocrx_word' id='word_1_446' title='bbox 1760 3361 1772 3398; x_wconf 92' lang='lat'>:</span> <span class='ocrx_word' id='word_1_447' title='bbox 1812 3361 1830 3394; x_wconf 74' lang='grc' dir='ltr'><strong>ι</strong></span> <span class='ocrx_word' id='word_1_448' title='bbox 1859 3343 1972 3409; x_wconf 70' lang='lat' dir='ltr'><strong>Vae,</strong></span> <span class='ocrx_word' id='word_1_449' title='bbox 2006 3343 2102 3413; x_wconf 86' lang='lat' dir='ltr'><strong>qui</strong></span> 
     </span>
    </p>
   </div>
   <div class='ocr_carea' id='block_1_59' title="bbox 537 3432 2106 3503">
    <p class='ocr_par' dir='ltr' id='par_1_59' title="bbox 537 3432 2106 3503">
     <span class='ocr_line' id='line_1_59' title="bbox 537 3432 2106 3503; baseline -0.001 -14"><span class='ocrx_word' id='word_1_450' title='bbox 537 3434 880 3503; x_wconf 84' lang='lat' dir='ltr'><strong>facitisopus</strong></span> <span class='ocrx_word' id='word_1_451' title='bbox 907 3433 1003 3488; x_wconf 90' lang='lat' dir='ltr'><strong>Dei</strong></span> <span class='ocrx_word' id='word_1_452' title='bbox 1039 3432 1380 3503; x_wconf 84' lang='lat' dir='ltr'><strong>negligenter</strong></span> <span class='ocrx_word' id='word_1_453' title='bbox 1401 3433 1466 3488; x_wconf 82' lang='grc'><strong>⁸⁸.</strong></span> <span class='ocrx_word' id='word_1_454' title='bbox 1495 3463 1567 3473; x_wconf 93' lang='grc'><strong><em>-</em></strong></span> <span class='ocrx_word' id='word_1_455' title='bbox 1594 3432 1815 3489; x_wconf 88' lang='lat' dir='ltr'><strong>Currite</strong></span> <span class='ocrx_word' id='word_1_456' title='bbox 1852 3433 2019 3487; x_wconf 86' lang='lat' dir='ltr'><strong>etiam</strong></span> <span class='ocrx_word' id='word_1_457' title='bbox 2044 3444 2106 3488; x_wconf 92' lang='lat' dir='ltr'><strong>ut</strong></span> 
     </span>
    </p>
   </div>
   <div class='ocr_carea' id='block_1_60' title="bbox 525 3524 2104 3596">
    <p class='ocr_par' dir='ltr' id='par_1_60' title="bbox 525 3524 2104 3596">
     <span class='ocr_line' id='line_1_60' title="bbox 525 3524 2104 3596; baseline -0.002 -14"><span class='ocrx_word' id='word_1_458' title='bbox 525 3524 1028 3596; x_wconf 85' lang='lat' dir='ltr'><strong>comprehendatis,</strong></span> <span class='ocrx_word' id='word_1_459' title='bbox 1064 3543 1082 3575; x_wconf 71' lang='grc' dir='ltr'><strong>ι</strong></span> <span class='ocrx_word' id='word_1_460' title='bbox 1127 3525 1205 3580; x_wconf 90' lang='lat' dir='ltr'><strong>ait</strong></span> <span class='ocrx_word' id='word_1_461' title='bbox 1231 3525 1426 3580; x_wconf 90' lang='lat' dir='ltr'><strong>beatus</strong></span> <span class='ocrx_word' id='word_1_462' title='bbox 1455 3525 1660 3580; x_wconf 91' lang='lat' dir='ltr'><strong>Paulus</strong></span> <span class='ocrx_word' id='word_1_463' title='bbox 1690 3526 1756 3578; x_wconf 71' lang='grc'><strong>⁸⁸.</strong></span> <span class='ocrx_word' id='word_1_464' title='bbox 1790 3525 1924 3578; x_wconf 87' lang='lat' dir='ltr'><strong>Nam</strong></span> <span class='ocrx_word' id='word_1_465' title='bbox 1959 3525 2104 3579; x_wconf 90' lang='lat' dir='ltr'><strong>nolle</strong></span> 
     </span>
    </p>
   </div>
   <div class='ocr_carea' id='block_1_61' title="bbox 526 3615 2106 3688">
    <p class='ocr_par' dir='ltr' id='par_1_61' title="bbox 526 3615 2106 3688">
     <span class='ocr_line' id='line_1_61' title="bbox 526 3615 2106 3688; baseline -0.003 -15"><span class='ocrx_word' id='word_1_466' title='bbox 526 3619 748 3674; x_wconf 81' lang='lat' dir='ltr'><strong>fortiter</strong></span> <span class='ocrx_word' id='word_1_467' title='bbox 759 3632 823 3672; x_wconf 89' lang='lat' dir='ltr'><strong>ac</strong></span> <span class='ocrx_word' id='word_1_468' title='bbox 843 3616 990 3672; x_wconf 88' lang='lat' dir='ltr'><strong>serio</strong></span> <span class='ocrx_word' id='word_1_469' title='bbox 1001 3632 1033 3670; x_wconf 92' lang='lat' dir='ltr'><strong>a</strong></span> <span class='ocrx_word' id='word_1_470' title='bbox 1050 3616 1283 3688; x_wconf 90' lang='lat' dir='ltr'><strong>turpiori</strong></span> <span class='ocrx_word' id='word_1_471' title='bbox 1307 3617 1418 3670; x_wconf 91' lang='lat' dir='ltr'><strong>vita</strong></span> <span class='ocrx_word' id='word_1_472' title='bbox 1433 3615 1706 3687; x_wconf 87' lang='lat' dir='ltr'><strong>refugere,</strong></span> <span class='ocrx_word' id='word_1_473' title='bbox 1726 3616 1873 3686; x_wconf 92' lang='lat' dir='ltr'><strong>quod</strong></span> <span class='ocrx_word' id='word_1_474' title='bbox 1888 3616 2106 3670; x_wconf 91' lang='lat' dir='ltr'><strong>animus</strong></span> 
     </span>
    </p>
   </div>
   <div class='ocr_carea' id='block_1_62' title="bbox 527 3705 2108 3780">
    <p class='ocr_par' dir='ltr' id='par_1_62' title="bbox 527 3705 2108 3780">
     <span class='ocr_line' id='line_1_62' title="bbox 527 3705 2108 3780; baseline -0.001 -16"><span class='ocrx_word' id='word_1_475' title='bbox 527 3725 672 3780; x_wconf 65' lang='lat' dir='ltr'><strong>aegre</strong></span> <span class='ocrx_word' id='word_1_476' title='bbox 700 3724 758 3764; x_wconf 88' lang='lat' dir='ltr'><strong>se</strong></span> <span class='ocrx_word' id='word_1_477' title='bbox 793 3707 1019 3762; x_wconf 89' lang='lat' dir='ltr'><strong>aveteri</strong></span> <span class='ocrx_word' id='word_1_478' title='bbox 1058 3706 1460 3763; x_wconf 89' lang='lat' dir='ltr'><strong>consuetudine</strong></span> <span class='ocrx_word' id='word_1_479' title='bbox 1499 3705 1690 3762; x_wconf 89' lang='lat' dir='ltr'><strong>divelli</strong></span> <span class='ocrx_word' id='word_1_480' title='bbox 1732 3709 1996 3777; x_wconf 88' lang='lat' dir='ltr'><strong>patiatur,</strong></span> <span class='ocrx_word' id='word_1_481' title='bbox 2044 3723 2108 3762; x_wconf 93' lang='lat' dir='ltr'><strong>ac</strong></span> 
     </span>
    </p>
   </div>
   <div class='ocr_carea' id='block_1_63' title="bbox 529 3797 2108 3868">
    <p class='ocr_par' dir='ltr' id='par_1_63' title="bbox 529 3797 2108 3868">
     <span class='ocr_line' id='line_1_63' title="bbox 529 3797 2108 3868; baseline -0.002 -14"><span class='ocrx_word' id='word_1_482' title='bbox 529 3799 704 3854; x_wconf 89' lang='lat' dir='ltr'><strong>veluti</strong></span> <span class='ocrx_word' id='word_1_483' title='bbox 731 3814 857 3854; x_wconf 91' lang='lat' dir='ltr'><strong>cum</strong></span> <span class='ocrx_word' id='word_1_484' title='bbox 896 3797 1129 3868; x_wconf 88' lang='lat' dir='ltr'><strong>quadam</strong></span> <span class='ocrx_word' id='word_1_485' title='bbox 1153 3797 1404 3852; x_wconf 88' lang='lat' dir='ltr'><strong>molestia</strong></span> <span class='ocrx_word' id='word_1_486' title='bbox 1443 3812 1473 3850; x_wconf 89' lang='lat' dir='ltr'><strong>a</strong></span> <span class='ocrx_word' id='word_1_487' title='bbox 1517 3797 1748 3868; x_wconf 90' lang='lat' dir='ltr'><strong>singulis</strong></span> <span class='ocrx_word' id='word_1_488' title='bbox 1796 3797 2108 3866; x_wconf 90' lang='lat' dir='ltr'><strong>quibusque</strong></span> 
     </span>
    </p>
   </div>
   <div class='ocr_carea' id='block_1_64' title="bbox 543 3888 2105 3961">
    <p class='ocr_par' dir='ltr' id='par_1_64' title="bbox 543 3888 2105 3961">
     <span class='ocr_line' id='line_1_64' title="bbox 543 3888 2105 3961; baseline -0.002 -15"><span class='ocrx_word' id='word_1_489' title='bbox 543 3892 700 3947; x_wconf 87' lang='lat' dir='ltr'><strong>vitiis</strong></span> <span class='ocrx_word' id='word_1_490' title='bbox 747 3890 997 3946; x_wconf 89' lang='lat' dir='ltr'><strong>discedat</strong></span> <span class='ocrx_word' id='word_1_491' title='bbox 1049 3889 1481 3961; x_wconf 89' lang='lat' dir='ltr'><strong>gravissimeque</strong></span> <span class='ocrx_word' id='word_1_492' title='bbox 1527 3903 1586 3943; x_wconf 88' lang='lat' dir='ltr'><strong>se</strong></span> <span class='ocrx_word' id='word_1_493' title='bbox 1623 3888 1693 3943; x_wconf 93' lang='lat' dir='ltr'><strong>ad</strong></span> <span class='ocrx_word' id='word_1_494' title='bbox 1741 3888 1795 3942; x_wconf 91' lang='lat' dir='ltr'><strong>id</strong></span> <span class='ocrx_word' id='word_1_495' title='bbox 1838 3888 2105 3955; x_wconf 89' lang='lat' dir='ltr'><strong>conferat,</strong></span> 
     </span>
    </p>
   </div>
   <div class='ocr_carea' id='block_1_65' title="bbox 529 3979 2107 4054">
    <p class='ocr_par' dir='ltr' id='par_1_65' title="bbox 529 3979 2107 4054">
     <span class='ocr_line' id='line_1_65' title="bbox 529 3979 2107 4054; baseline -0.002 -17"><span class='ocrx_word' id='word_1_496' title='bbox 529 3983 678 4054; x_wconf 91' lang='lat' dir='ltr'><strong>quod</strong></span> <span class='ocrx_word' id='word_1_497' title='bbox 730 3988 922 4052; x_wconf 90' lang='lat' dir='ltr'><strong>suapte</strong></span> <span class='ocrx_word' id='word_1_498' title='bbox 949 3987 1146 4036; x_wconf 87' lang='lat' dir='ltr'><strong>natura</strong></span> <span class='ocrx_word' id='word_1_499' title='bbox 1183 3979 1428 4050; x_wconf 88' lang='lat' dir='ltr'><strong>prodest,</strong></span> <span class='ocrx_word' id='word_1_500' title='bbox 1464 3993 1576 4033; x_wconf 91' lang='lat' dir='ltr'><strong>non</strong></span> <span class='ocrx_word' id='word_1_501' title='bbox 1608 3979 1760 4034; x_wconf 89' lang='lat' dir='ltr'><strong>aliud</strong></span> <span class='ocrx_word' id='word_1_502' title='bbox 1803 3989 1908 4045; x_wconf 89' lang='lat' dir='ltr'><strong>est,</strong></span> <span class='ocrx_word' id='word_1_503' title='bbox 1943 3996 2107 4051; x_wconf 90' lang='lat' dir='ltr'><strong>quam</strong></span> 
     </span>
    </p>
   </div>
   <div class='ocr_carea' id='block_1_66' title="bbox 533 4069 2108 4142">
    <p class='ocr_par' dir='ltr' id='par_1_66' title="bbox 533 4069 2108 4142">
     <span class='ocr_line' id='line_1_66' title="bbox 533 4069 2108 4142; baseline -0.002 -12"><span class='ocrx_word' id='word_1_504' title='bbox 533 4077 588 4130; x_wconf 90' lang='lat' dir='ltr'><strong>in</strong></span> <span class='ocrx_word' id='word_1_505' title='bbox 627 4075 809 4130; x_wconf 91' lang='lat' dir='ltr'><strong>vicina</strong></span> <span class='ocrx_word' id='word_1_506' title='bbox 837 4072 1099 4142; x_wconf 67' lang='lat' dir='ltr'><strong>nequitiae</strong></span> <span class='ocrx_word' id='word_1_507' title='bbox 1137 4071 1361 4142; x_wconf 89' lang='lat' dir='ltr'><strong>regione</strong></span> <span class='ocrx_word' id='word_1_508' title='bbox 1418 4069 1739 4137; x_wconf 87' lang='lat' dir='ltr'><strong>subsistere,</strong></span> <span class='ocrx_word' id='word_1_509' title='bbox 1767 4071 1912 4126; x_wconf 89' lang='lat' dir='ltr'><strong>unde</strong></span> <span class='ocrx_word' id='word_1_510' title='bbox 1942 4073 2108 4127; x_wconf 89' lang='lat' dir='ltr'><strong>celeri</strong></span> 
     </span>
    </p>
   </div>
   <div class='ocr_carea' id='block_1_67' title="bbox 533 4161 2112 4234">
    <p class='ocr_par' dir='ltr' id='par_1_67' title="bbox 533 4161 2112 4234">
     <span class='ocr_line' id='line_1_67' title="bbox 533 4161 2112 4234; baseline -0.003 -11"><span class='ocrx_word' id='word_1_511' title='bbox 533 4184 698 4223; x_wconf 90' lang='lat' dir='ltr'><strong>cursu</strong></span> <span class='ocrx_word' id='word_1_512' title='bbox 743 4165 1009 4221; x_wconf 80' lang='lat' dir='ltr'><strong>excedere</strong></span> <span class='ocrx_word' id='word_1_513' title='bbox 1048 4170 1285 4234; x_wconf 89' lang='lat' dir='ltr'><strong>oportet.</strong></span> <span class='ocrx_word' id='word_1_514' title='bbox 1317 4161 1463 4217; x_wconf 87' lang='lat' dir='ltr'><strong>Fieri</strong></span> <span class='ocrx_word' id='word_1_515' title='bbox 1514 4178 1751 4233; x_wconf 88' lang='lat' dir='ltr'><strong>namque</strong></span> <span class='ocrx_word' id='word_1_516' title='bbox 1817 4171 1999 4234; x_wconf 88' lang='lat' dir='ltr'><strong>potest</strong></span> <span class='ocrx_word' id='word_1_517' title='bbox 2050 4173 2112 4219; x_wconf 91' lang='lat' dir='ltr'><strong>ut</strong></span> 
     </span>
    </p>
   </div>
   <div class='ocr_carea' id='block_1_68' title="bbox 533 4254 2112 4332">
    <p class='ocr_par' dir='ltr' id='par_1_68' title="bbox 533 4254 2112 4332">
     <span class='ocr_line' id='line_1_68' title="bbox 533 4254 2112 4332; baseline -0.004 -18"><span class='ocrx_word' id='word_1_518' title='bbox 533 4261 858 4332; x_wconf 84' lang='lat' dir='ltr'><strong>priusquam</strong></span> <span class='ocrx_word' id='word_1_519' title='bbox 890 4257 1011 4312; x_wconf 87' lang='lat' dir='ltr'><strong>vitii</strong></span> <span class='ocrx_word' id='word_1_520' title='bbox 1047 4255 1301 4311; x_wconf 89' lang='lat' dir='ltr'><strong>terminis</strong></span> <span class='ocrx_word' id='word_1_521' title='bbox 1327 4255 1747 4319; x_wconf 76' lang='lat' dir='ltr'><strong>excesserimus,</strong></span> <span class='ocrx_word' id='word_1_522' title='bbox 1793 4254 1925 4309; x_wconf 92' lang='lat' dir='ltr'><strong>dum</strong></span> <span class='ocrx_word' id='word_1_523' title='bbox 1962 4269 2112 4309; x_wconf 44' lang='lat' dir='ltr'><strong>sem,</strong></span> 
     </span>
    </p>
   </div>
   <div class='ocr_carea' id='block_1_69' title="bbox 533 4344 2113 4421">
    <p class='ocr_par' dir='ltr' id='par_1_69' title="bbox 533 4344 2113 4421">
     <span class='ocr_line' id='line_1_69' title="bbox 533 4344 2113 4421; baseline -0.004 -17"><span class='ocrx_word' id='word_1_524' title='bbox 533 4367 636 4421; x_wconf 90' lang='lat' dir='ltr'><strong>per</strong></span> <span class='ocrx_word' id='word_1_525' title='bbox 670 4356 1001 4404; x_wconf 86' lang='lat' dir='ltr'><strong>cunctamur</strong></span> <span class='ocrx_word' id='word_1_526' title='bbox 1025 4361 1089 4402; x_wconf 92' lang='lat' dir='ltr'><strong>ac</strong></span> <span class='ocrx_word' id='word_1_527' title='bbox 1115 4347 1562 4416; x_wconf 88' lang='lat' dir='ltr'><strong>tergiversamur,</strong></span> <span class='ocrx_word' id='word_1_528' title='bbox 1603 4345 1789 4400; x_wconf 90' lang='lat' dir='ltr'><strong>divina</strong></span> <span class='ocrx_word' id='word_1_529' title='bbox 1835 4360 1937 4399; x_wconf 90' lang='lat' dir='ltr'><strong>nos</strong></span> <span class='ocrx_word' id='word_1_530' title='bbox 1975 4344 2113 4398; x_wconf 92' lang='lat' dir='ltr'><strong>ultio</strong></span> 
     </span>
    </p>
   </div>
   <div class='ocr_carea' id='block_1_70' title="bbox 2271 2779 3794 2852">
    <p class='ocr_par' dir='ltr' id='par_1_70' title="bbox 2271 2779 3794 2852">
     <span class='ocr_line' id='line_1_70' title="bbox 2271 2779 3794 2852; baseline -0.001 -15"><span class='ocrx_word' id='word_1_531' title='bbox 2271 2783 2478 2840; x_wconf 79' lang='grc' dir='ltr'><strong>ΠΑΛΛ.</strong></span> <span class='ocrx_word' id='word_1_532' title='bbox 2515 2783 2626 2837; x_wconf 75' lang='grc' dir='ltr'><strong>Καὶ</strong></span> <span class='ocrx_word' id='word_1_533' title='bbox 2659 2781 2712 2836; x_wconf 90' lang='grc' dir='ltr'><strong>τί</strong></span> <span class='ocrx_word' id='word_1_534' title='bbox 2747 2782 2812 2836; x_wconf 84' lang='grc' dir='ltr'>ἂν</span> <span class='ocrx_word' id='word_1_535' title='bbox 2843 2779 3314 2852; x_wconf 83' lang='grc' dir='ltr'>βούλοιτο-δηλοῦν</span> <span class='ocrx_word' id='word_1_536' title='bbox 3370 2780 3451 2846; x_wconf 85' lang='grc' dir='ltr'><strong>τὸ,</strong></span> <span class='ocrx_word' id='word_1_537' title='bbox 3495 2798 3514 2833; x_wconf 75' lang='grc' dir='ltr'><strong>ι</strong></span> <span class='ocrx_word' id='word_1_538' title='bbox 3544 2779 3636 2852; x_wconf 77' lang='grc' dir='ltr'><strong>Μὴ</strong></span> <span class='ocrx_word' id='word_1_539' title='bbox 3664 2783 3794 2852; x_wconf 79' lang='grc' dir='ltr'>στῇς</span> 
     </span>
    </p>
   </div>
   <div class='ocr_carea' id='block_1_71' title="bbox 2200 2873 2952 2947">
    <p class='ocr_par' dir='ltr' id='par_1_71' title="bbox 2200 2873 2952 2947">
     <span class='ocr_line' id='line_1_71' title="bbox 2200 2873 2952 2947; baseline -0.009 -15"><span class='ocrx_word' id='word_1_540' title='bbox 2200 2880 2258 2932; x_wconf 83' lang='grc' dir='ltr'><strong>ἑν</strong></span> <span class='ocrx_word' id='word_1_541' title='bbox 2288 2877 2435 2947; x_wconf 83' lang='grc' dir='ltr'>πάσῃ</span> <span class='ocrx_word' id='word_1_542' title='bbox 2465 2877 2531 2947; x_wconf 82' lang='grc' dir='ltr'>τῇ</span> <span class='ocrx_word' id='word_1_543' title='bbox 2561 2873 2890 2946; x_wconf 76' lang='grc' dir='ltr'>περιχώρῳς</span> <span class='ocrx_word' id='word_1_544' title='bbox 2933 2892 2952 2925; x_wconf 71' lang='grc' dir='ltr'><strong>ι</strong></span> 
     </span>
    </p>
   </div>
   <div class='ocr_carea' id='block_1_72' title="bbox 2272 2961 3795 3036">
    <p class='ocr_par' dir='ltr' id='par_1_72' title="bbox 2272 2961 3795 3036">
     <span class='ocr_line' id='line_1_72' title="bbox 2272 2961 3795 3036; baseline -0.004 -15"><span class='ocrx_word' id='word_1_545' title='bbox 2272 2967 2439 3020; x_wconf 86' lang='grc' dir='ltr'>ΚΥΡ.</span> <span class='ocrx_word' id='word_1_546' title='bbox 2470 2967 2544 3020; x_wconf 85' lang='grc' dir='ltr'>Τὸ</span> <span class='ocrx_word' id='word_1_547' title='bbox 2571 2963 2723 3036; x_wconf 81' lang='grc' dir='ltr'>οἶμαι</span> <span class='ocrx_word' id='word_1_548' title='bbox 2750 2964 2957 3036; x_wconf 91' lang='grc' dir='ltr'>νωθρόν</span> <span class='ocrx_word' id='word_1_549' title='bbox 2997 2980 3056 3016; x_wconf 89' lang='grc' dir='ltr'><strong>τε</strong></span> <span class='ocrx_word' id='word_1_550' title='bbox 3087 2963 3182 3017; x_wconf 71' lang='grc' dir='ltr'><strong>καὶ</strong></span> <span class='ocrx_word' id='word_1_551' title='bbox 3222 2961 3452 3033; x_wconf 82' lang='grc' dir='ltr'>ἀδρανὲς</span> <span class='ocrx_word' id='word_1_552' title='bbox 3493 2963 3573 3026; x_wconf 88' lang='grc' dir='ltr'><strong>είς</strong></span> <span class='ocrx_word' id='word_1_553' title='bbox 3597 2962 3657 3015; x_wconf 80' lang='grc' dir='ltr'>τὸ</span> <span class='ocrx_word' id='word_1_554' title='bbox 3685 2962 3795 3016; x_wconf 89' lang='grc' dir='ltr'>δεῖν</span> 
     </span>
    </p>
   </div>
   <div class='ocr_carea' id='block_1_73' title="bbox 2202 3054 3718 3130">
    <p class='ocr_par' dir='ltr' id='par_1_73' title="bbox 2202 3054 3718 3130">
     <span class='ocr_line' id='line_1_73' title="bbox 2202 3054 3718 3130; baseline -0.002 -19"><span class='ocrx_word' id='word_1_555' title='bbox 2202 3057 2524 3130; x_wconf 49' lang='grc' dir='ltr'>ἐξίπτασθαι</span> <span class='ocrx_word' id='word_1_556' title='bbox 2549 3057 2642 3112; x_wconf 89' lang='grc' dir='ltr'><strong>τοῦ</strong></span> <span class='ocrx_word' id='word_1_557' title='bbox 2671 3055 2864 3122; x_wconf 88' lang='grc' dir='ltr'>κακοῦ,</span> <span class='ocrx_word' id='word_1_558' title='bbox 2893 3054 3159 3126; x_wconf 86' lang='grc' dir='ltr'>σφαλερόν</span> <span class='ocrx_word' id='word_1_559' title='bbox 3189 3071 3249 3108; x_wconf 90' lang='grc' dir='ltr'><strong>τε</strong></span> <span class='ocrx_word' id='word_1_560' title='bbox 3287 3055 3379 3108; x_wconf 71' lang='grc' dir='ltr'><strong>καὶ</strong></span> <span class='ocrx_word' id='word_1_561' title='bbox 3406 3054 3718 3125; x_wconf 75' lang='grc' dir='ltr'>ἐπιζήμιον.</span> 
     </span>
    </p>
   </div>
   <div class='ocr_carea' id='block_1_74' title="bbox 2271 3234 2919 3309">
    <p class='ocr_par' dir='ltr' id='par_1_74' title="bbox 2271 3234 2919 3309">
     <span class='ocr_line' id='line_1_74' title="bbox 2271 3234 2919 3309; baseline 0.003 -19"><span class='ocrx_word' id='word_1_562' title='bbox 2271 3237 2478 3290; x_wconf 82' lang='grc' dir='ltr'>ΠΑΛΛ.</span> <span class='ocrx_word' id='word_1_563' title='bbox 2511 3235 2723 3309; x_wconf 84' lang='grc' dir='ltr'>Φράσον</span> <span class='ocrx_word' id='word_1_564' title='bbox 2748 3234 2919 3298; x_wconf 80' lang='grc' dir='ltr'>ὅπως.</span> 
     </span>
    </p>
   </div>
   <div class='ocr_carea' id='block_1_75' title="bbox 2272 3323 3798 3398">
    <p class='ocr_par' dir='ltr' id='par_1_75' title="bbox 2272 3323 3798 3398">
     <span class='ocr_line' id='line_1_75' title="bbox 2272 3323 3798 3398; baseline -0.003 -15"><span class='ocrx_word' id='word_1_565' title='bbox 2272 3329 2436 3383; x_wconf 83' lang='grc' dir='ltr'>ΚΥΡ.</span> <span class='ocrx_word' id='word_1_566' title='bbox 2470 3327 2814 3398; x_wconf 83' lang='grc' dir='ltr'>Προφητικὸς</span> <span class='ocrx_word' id='word_1_567' title='bbox 2841 3325 2945 3397; x_wconf 74' lang='grc' dir='ltr'>ἔφη</span> <span class='ocrx_word' id='word_1_568' title='bbox 2986 3324 3162 3394; x_wconf 84' lang='grc' dir='ltr'>λόγος·</span> <span class='ocrx_word' id='word_1_569' title='bbox 3198 3343 3217 3378; x_wconf 85' lang='grc'><em>‹</em></span> <span class='ocrx_word' id='word_1_570' title='bbox 3251 3323 3405 3390; x_wconf 80' lang='grc' dir='ltr'>Οὐαὶ,</span> <span class='ocrx_word' id='word_1_571' title='bbox 3441 3325 3488 3377; x_wconf 89' lang='grc' dir='ltr'><strong>οί</strong></span> <span class='ocrx_word' id='word_1_572' title='bbox 3520 3323 3798 3388; x_wconf 84' lang='grc' dir='ltr'>ποιοῦντες</span> 
     </span>
    </p>
   </div>
   <div class='ocr_carea' id='block_1_76' title="bbox 2201 3414 3799 3491">
    <p class='ocr_par' dir='ltr' id='par_1_76' title="bbox 2201 3414 3799 3491">
     <span class='ocr_line' id='line_1_76' title="bbox 2201 3414 3799 3491; baseline -0.004 -18"><span class='ocrx_word' id='word_1_573' title='bbox 2201 3420 2262 3474; x_wconf 78' lang='grc' dir='ltr'><strong>τὸ</strong></span> <span class='ocrx_word' id='word_1_574' title='bbox 2289 3420 2448 3491; x_wconf 80' lang='grc' dir='ltr'>ἔργον</span> <span class='ocrx_word' id='word_1_575' title='bbox 2489 3417 2694 3490; x_wconf 83' lang='grc' dir='ltr'>Κυρίου</span> <span class='ocrx_word' id='word_1_576' title='bbox 2729 3415 2968 3488; x_wconf 84' lang='grc' dir='ltr'>ἀμελῶς.</span> <span class='ocrx_word' id='word_1_577' title='bbox 2995 3414 3314 3486; x_wconf 81' lang='grc' dir='ltr'>-Τρέχετε</span> <span class='ocrx_word' id='word_1_578' title='bbox 3341 3415 3396 3468; x_wconf 84' lang='grc' dir='ltr'>δὲ</span> <span class='ocrx_word' id='word_1_579' title='bbox 3428 3415 3515 3470; x_wconf 79' lang='grc' dir='ltr'>ἵνα</span> <span class='ocrx_word' id='word_1_580' title='bbox 3557 3415 3799 3469; x_wconf 88' lang='grc' dir='ltr'>καταλά-</span> 
     </span>
    </p>
   </div>
   <div class='ocr_carea' id='block_1_77' title="bbox 2205 3506 3793 3580">
    <p class='ocr_par' dir='ltr' id='par_1_77' title="bbox 2205 3506 3793 3580">
     <span class='ocr_line' id='line_1_77' title="bbox 2205 3506 3793 3580; baseline -0.002 -18"><span class='ocrx_word' id='word_1_581' title='bbox 2205 3510 2358 3580; x_wconf 87' lang='grc' dir='ltr'>6ητε,</span> <span class='ocrx_word' id='word_1_582' title='bbox 2390 3528 2407 3560; x_wconf 71' lang='grc' dir='ltr'><strong>ι</strong></span> <span class='ocrx_word' id='word_1_583' title='bbox 2441 3508 2536 3561; x_wconf 72' lang='grc' dir='ltr'><strong>καὶ</strong></span> <span class='ocrx_word' id='word_1_584' title='bbox 2569 3507 2731 3571; x_wconf 79' lang='grc' dir='ltr'>αὑτός</span> <span class='ocrx_word' id='word_1_585' title='bbox 2762 3507 2863 3561; x_wconf 84' lang='grc' dir='ltr'>πού</span> <span class='ocrx_word' id='word_1_586' title='bbox 2897 3524 3060 3578; x_wconf 83' lang='grc' dir='ltr'>φησιν</span> <span class='ocrx_word' id='word_1_587' title='bbox 3089 3509 3117 3560; x_wconf 83' lang='grc' dir='ltr'>ὁ</span> <span class='ocrx_word' id='word_1_588' title='bbox 3139 3507 3424 3571; x_wconf 83' lang='grc' dir='ltr'>θεσπέσιος</span> <span class='ocrx_word' id='word_1_589' title='bbox 3449 3506 3679 3568; x_wconf 82' lang='grc' dir='ltr'>Παῦλος.</span> <span class='ocrx_word' id='word_1_590' title='bbox 3717 3507 3793 3559; x_wconf 87' lang='grc' dir='ltr'>Τὸ</span> 
     </span>
    </p>
   </div>
   <div class='ocr_carea' id='block_1_78' title="bbox 2205 3597 3802 3673">
    <p class='ocr_par' dir='ltr' id='par_1_78' title="bbox 2205 3597 3802 3673">
     <span class='ocr_line' id='line_1_78' title="bbox 2205 3597 3802 3673; baseline -0.003 -17"><span class='ocrx_word' id='word_1_591' title='bbox 2205 3603 2315 3673; x_wconf 85' lang='grc' dir='ltr'>γάρ</span> <span class='ocrx_word' id='word_1_592' title='bbox 2365 3618 2448 3654; x_wconf 92' lang='grc' dir='ltr'><strong>τοι</strong></span> <span class='ocrx_word' id='word_1_593' title='bbox 2498 3600 2572 3672; x_wconf 80' lang='grc' dir='ltr'>μὴ</span> <span class='ocrx_word' id='word_1_594' title='bbox 2622 3599 2753 3670; x_wconf 84' lang='grc' dir='ltr'>δρᾷν</span> <span class='ocrx_word' id='word_1_595' title='bbox 2810 3600 3016 3654; x_wconf 72' lang='grc' dir='ltr'>ἐθέλειν</span> <span class='ocrx_word' id='word_1_596' title='bbox 3065 3598 3464 3652; x_wconf 79' lang='grc' dir='ltr'>εὐσθενέστατά</span> <span class='ocrx_word' id='word_1_597' title='bbox 3508 3614 3569 3651; x_wconf 88' lang='grc' dir='ltr'><strong>τε</strong></span> <span class='ocrx_word' id='word_1_598' title='bbox 3617 3597 3711 3651; x_wconf 74' lang='grc' dir='ltr'><strong>καὶ</strong></span> <span class='ocrx_word' id='word_1_599' title='bbox 3743 3599 3802 3652; x_wconf 82' lang='grc' dir='ltr'>ἐν</span> 
     </span>
    </p>
   </div>
   <div class='ocr_carea' id='block_1_79' title="bbox 2208 3688 3800 3764">
    <p class='ocr_par' dir='ltr' id='par_1_79' title="bbox 2208 3688 3800 3764">
     <span class='ocr_line' id='line_1_79' title="bbox 2208 3688 3800 3764; baseline -0.003 -18"><span class='ocrx_word' id='word_1_600' title='bbox 2208 3692 2412 3763; x_wconf 79' lang='grc' dir='ltr'>σπουδῇ</span> <span class='ocrx_word' id='word_1_601' title='bbox 2460 3693 2560 3764; x_wconf 83' lang='grc' dir='ltr'>τὴν</span> <span class='ocrx_word' id='word_1_602' title='bbox 2600 3692 2665 3746; x_wconf 86' lang='grc' dir='ltr'><strong>ἑκ</strong></span> <span class='ocrx_word' id='word_1_603' title='bbox 2705 3690 2814 3746; x_wconf 85' lang='grc' dir='ltr'><strong>τῶν</strong></span> <span class='ocrx_word' id='word_1_604' title='bbox 2853 3690 3138 3761; x_wconf 78' lang='grc' dir='ltr'>αἰσχιόνων</span> <span class='ocrx_word' id='word_1_605' title='bbox 3187 3688 3522 3761; x_wconf 82' lang='grc' dir='ltr'>ἀποδρομὴν,</span> <span class='ocrx_word' id='word_1_606' title='bbox 3559 3690 3800 3742; x_wconf 87' lang='grc' dir='ltr'>δυσαπο-</span> 
     </span>
    </p>
   </div>
   <div class='ocr_carea' id='block_1_80' title="bbox 2208 3779 3804 3852">
    <p class='ocr_par' dir='ltr' id='par_1_80' title="bbox 2208 3779 3804 3852">
     <span class='ocr_line' id='line_1_80' title="bbox 2208 3779 3804 3852; baseline -0.003 -16"><span class='ocrx_word' id='word_1_607' title='bbox 2208 3783 2464 3845; x_wconf 83' lang='grc' dir='ltr'>σπάστως</span> <span class='ocrx_word' id='word_1_608' title='bbox 2495 3781 2708 3852; x_wconf 77' lang='grc' dir='ltr'>ἔχοντος</span> <span class='ocrx_word' id='word_1_609' title='bbox 2743 3781 2879 3852; x_wconf 75' lang='grc' dir='ltr'>πρὸς</span> <span class='ocrx_word' id='word_1_610' title='bbox 2907 3780 2975 3833; x_wconf 89' lang='grc' dir='ltr'><strong>τά</strong></span> <span class='ocrx_word' id='word_1_611' title='bbox 3007 3781 3208 3852; x_wconf 86' lang='grc' dir='ltr'>ἀρχαῖα</span> <span class='ocrx_word' id='word_1_612' title='bbox 3235 3779 3329 3832; x_wconf 88' lang='grc' dir='ltr'><strong>τοῦ</strong></span> <span class='ocrx_word' id='word_1_613' title='bbox 3369 3779 3484 3844; x_wconf 87' lang='grc' dir='ltr'>νοῦ,</span> <span class='ocrx_word' id='word_1_614' title='bbox 3514 3779 3609 3833; x_wconf 73' lang='grc' dir='ltr'>καὶ</span> <span class='ocrx_word' id='word_1_615' title='bbox 3638 3780 3804 3833; x_wconf 77' lang='grc' dir='ltr'>οἱονεὶ</span> 
     </span>
    </p>
   </div>
   <div class='ocr_carea' id='block_1_81' title="bbox 2209 3870 3802 3943">
    <p class='ocr_par' dir='ltr' id='par_1_81' title="bbox 2209 3870 3802 3943">
     <span class='ocr_line' id='line_1_81' title="bbox 2209 3870 3802 3943; baseline -0.002 -16"><span class='ocrx_word' id='word_1_616' title='bbox 2209 3872 2448 3943; x_wconf 83' lang='grc' dir='ltr'>στυγνῶς</span> <span class='ocrx_word' id='word_1_617' title='bbox 2479 3874 2571 3942; x_wconf 82' lang='grc' dir='ltr'>ἀφ’</span> <span class='ocrx_word' id='word_1_618' title='bbox 2606 3873 2838 3927; x_wconf 83' lang='grc' dir='ltr'>ἑκάστου</span> <span class='ocrx_word' id='word_1_619' title='bbox 2892 3871 3000 3926; x_wconf 80' lang='grc' dir='ltr'><strong>τῶν</strong></span> <span class='ocrx_word' id='word_1_620' title='bbox 3032 3870 3252 3940; x_wconf 79' lang='grc' dir='ltr'>φαύλων</span> <span class='ocrx_word' id='word_1_621' title='bbox 3281 3871 3640 3943; x_wconf 85' lang='grc' dir='ltr'>ἀπαίροντος,</span> <span class='ocrx_word' id='word_1_622' title='bbox 3676 3871 3802 3924; x_wconf 90' lang='grc' dir='ltr'>δυσ-</span> 
     </span>
    </p>
   </div>
   <div class='ocr_carea' id='block_1_82' title="bbox 2208 3961 3801 4035">
    <p class='ocr_par' dir='ltr' id='par_1_82' title="bbox 2208 3961 3801 4035">
     <span class='ocr_line' id='line_1_82' title="bbox 2208 3961 3801 4035; baseline -0.003 -15"><span class='ocrx_word' id='word_1_623' title='bbox 2208 3966 2473 4020; x_wconf 89' lang='grc' dir='ltr'>οκνότατα</span> <span class='ocrx_word' id='word_1_624' title='bbox 2493 3964 2548 4017; x_wconf 85' lang='grc' dir='ltr'>δὲ</span> <span class='ocrx_word' id='word_1_625' title='bbox 2570 3961 3038 4035; x_wconf 75' lang='grc' dir='ltr'>μεθορμιξομένου</span> <span class='ocrx_word' id='word_1_626' title='bbox 3061 3961 3197 4033; x_wconf 84' lang='grc' dir='ltr'>πρὸς</span> <span class='ocrx_word' id='word_1_627' title='bbox 3213 3962 3273 4014; x_wconf 87' lang='grc' dir='ltr'><strong>τὸ</strong></span> <span class='ocrx_word' id='word_1_628' title='bbox 3296 3962 3537 4032; x_wconf 79' lang='grc' dir='ltr'>πεφυκὸς</span> <span class='ocrx_word' id='word_1_629' title='bbox 3550 3962 3801 4031; x_wconf 87' lang='grc' dir='ltr'>ὠφελεῖν,</span> 
     </span>
    </p>
   </div>
   <div class='ocr_carea' id='block_1_83' title="bbox 2209 4051 3804 4130">
    <p class='ocr_par' dir='ltr' id='par_1_83' title="bbox 2209 4051 3804 4130">
     <span class='ocr_line' id='line_1_83' title="bbox 2209 4051 3804 4130; baseline -0.003 -19"><span class='ocrx_word' id='word_1_630' title='bbox 2209 4058 2294 4130; x_wconf 70' lang='grc' dir='ltr'><strong>εἴη</strong></span> <span class='ocrx_word' id='word_1_631' title='bbox 2331 4057 2396 4111; x_wconf 89' lang='grc' dir='ltr'><strong>ἂν</strong></span> <span class='ocrx_word' id='word_1_632' title='bbox 2427 4056 2612 4126; x_wconf 69' lang='grc' dir='ltr'>ἕτερον</span> <span class='ocrx_word' id='word_1_633' title='bbox 2638 4053 2866 4124; x_wconf 81' lang='grc' dir='ltr'>οὐδὲν,ἢ</span> <span class='ocrx_word' id='word_1_634' title='bbox 2897 4052 2955 4106; x_wconf 82' lang='grc' dir='ltr'><strong>τὸ</strong></span> <span class='ocrx_word' id='word_1_635' title='bbox 2986 4052 3173 4123; x_wconf 85' lang='grc' dir='ltr'>στῆναι</span> <span class='ocrx_word' id='word_1_636' title='bbox 3202 4051 3386 4107; x_wconf 82' lang='grc' dir='ltr'>λοιπὸν</span> <span class='ocrx_word' id='word_1_637' title='bbox 3419 4055 3474 4106; x_wconf 90' lang='grc' dir='ltr'><strong>ἑν</strong></span> <span class='ocrx_word' id='word_1_638' title='bbox 3508 4052 3804 4126; x_wconf 85' lang='grc' dir='ltr'>περιχώρῳ</span> 
     </span>
    </p>
   </div>
   <div class='ocr_carea' id='block_1_84' title="bbox 2211 4141 3802 4216">
    <p class='ocr_par' dir='ltr' id='par_1_84' title="bbox 2211 4141 3802 4216">
     <span class='ocr_line' id='line_1_84' title="bbox 2211 4141 3802 4216; baseline -0.003 -14"><span class='ocrx_word' id='word_1_639' title='bbox 2211 4148 2444 4211; x_wconf 88' lang='grc' dir='ltr'>κακίας,</span> <span class='ocrx_word' id='word_1_640' title='bbox 2489 4146 2667 4199; x_wconf 84' lang='grc' dir='ltr'>καίτοι</span> <span class='ocrx_word' id='word_1_641' title='bbox 2711 4143 2985 4216; x_wconf 82' lang='grc' dir='ltr'>δρομαίως</span> <span class='ocrx_word' id='word_1_642' title='bbox 3028 4141 3231 4208; x_wconf 75' lang='grc' dir='ltr'>ἐξιέναι</span> <span class='ocrx_word' id='word_1_643' title='bbox 3273 4142 3412 4197; x_wconf 76' lang='grc' dir='ltr'>δέον.</span> <span class='ocrx_word' id='word_1_644' title='bbox 3466 4144 3540 4197; x_wconf 84' lang='grc' dir='ltr'>’Ἡ</span> <span class='ocrx_word' id='word_1_645' title='bbox 3587 4144 3694 4215; x_wconf 85' lang='grc' dir='ltr'>γὰρ</span> <span class='ocrx_word' id='word_1_646' title='bbox 3733 4144 3802 4199; x_wconf 81' lang='grc' dir='ltr'><strong>ἂν</strong></span> 
     </span>
    </p>
   </div>
   <div class='ocr_carea' id='block_1_85' title="bbox 2211 4234 3802 4310">
    <p class='ocr_par' dir='ltr' id='par_1_85' title="bbox 2211 4234 3802 4310">
     <span class='ocr_line' id='line_1_85' title="bbox 2211 4234 3802 4310; baseline -0.004 -14"><span class='ocrx_word' id='word_1_647' title='bbox 2211 4243 2319 4296; x_wconf 80' lang='grc' dir='ltr'><strong>τῶν</strong></span> <span class='ocrx_word' id='word_1_648' title='bbox 2363 4239 2744 4310; x_wconf 76' lang='grc' dir='ltr'>ἐνδεχομένων,</span> <span class='ocrx_word' id='word_1_649' title='bbox 2786 4236 2915 4309; x_wconf 72' lang='grc' dir='ltr'>πρὶν</span> <span class='ocrx_word' id='word_1_650' title='bbox 2957 4236 3097 4306; x_wconf 82' lang='grc' dir='ltr'>ὅρων</span> <span class='ocrx_word' id='word_1_651' title='bbox 3150 4234 3255 4299; x_wconf 73' lang='grc' dir='ltr'><strong>ἔξω</strong></span> <span class='ocrx_word' id='word_1_652' title='bbox 3301 4235 3555 4304; x_wconf 85' lang='grc' dir='ltr'>γενέσθαι</span> <span class='ocrx_word' id='word_1_653' title='bbox 3603 4236 3802 4300; x_wconf 84' lang='grc' dir='ltr'>κακοῦ,</span> 
     </span>
    </p>
   </div>
   <div class='ocr_carea' id='block_1_86' title="bbox 2219 4325 3801 4403">
    <p class='ocr_par' dir='ltr' id='par_1_86' title="bbox 2219 4325 3801 4403">
     <span class='ocr_line' id='line_1_86' title="bbox 2219 4325 3801 4403; baseline -0.003 -20"><span class='ocrx_word' id='word_1_654' title='bbox 2219 4331 2511 4403; x_wconf 87' lang='grc' dir='ltr'>μέλλοντας</span> <span class='ocrx_word' id='word_1_655' title='bbox 2553 4329 2640 4382; x_wconf 74' lang='grc' dir='ltr'><strong>ἀεὶ</strong></span> <span class='ocrx_word' id='word_1_656' title='bbox 2689 4327 2782 4382; x_wconf 76' lang='grc' dir='ltr'><strong>καὶ</strong></span> <span class='ocrx_word' id='word_1_657' title='bbox 2830 4326 3226 4396; x_wconf 86' lang='grc' dir='ltr'>ἀναδυομένους</span> <span class='ocrx_word' id='word_1_658' title='bbox 3268 4325 3685 4396; x_wconf 83' lang='grc' dir='ltr'>καταληφθῆναι</span> <span class='ocrx_word' id='word_1_659' title='bbox 3733 4328 3801 4398; x_wconf 80' lang='grc' dir='ltr'>τῇ</span> 
     </span>
    </p>
   </div>
   <div class='ocr_carea' id='block_1_87' title="bbox 534 4418 2098 4512">
    <p class='ocr_par' dir='ltr' id='par_1_87' title="bbox 534 4435 2098 4512">
     <span class='ocr_line' id='line_1_87' title="bbox 534 4435 2098 4512; baseline -0.004 -17"><span class='ocrx_word' id='word_1_660' title='bbox 534 4439 853 4512; x_wconf 67' lang='grc' dir='ltr'>ρι-ωγεῑιίιιι,</span> <span class='ocrx_word' id='word_1_661' title='bbox 880 4449 1173 4508; x_wconf 89' lang='lat' dir='ltr'><strong>antequam</strong></span> <span class='ocrx_word' id='word_1_662' title='bbox 1215 4435 1460 4491; x_wconf 89' lang='lat' dir='ltr'><strong>maculas</strong></span> <span class='ocrx_word' id='word_1_663' title='bbox 1482 4437 1922 4507; x_wconf 87' lang='lat' dir='ltr'><strong>purgaverimus,</strong></span> <span class='ocrx_word' id='word_1_664' title='bbox 1956 4444 2098 4488; x_wconf 91' lang='lat' dir='ltr'><strong>ante-</strong></span> 
     </span>
    </p>
   </div>
   <div class='ocr_carea' id='block_1_88' title="bbox 2201 4418 3804 4512">
    <p class='ocr_par' dir='ltr' id='par_1_88' title="bbox 2220 4418 3804 4497">
     <span class='ocr_line' id='line_1_88' title="bbox 2220 4418 3804 4497; baseline -0.004 -20"><span class='ocrx_word' id='word_1_665' title='bbox 2220 4425 2367 4497; x_wconf 80' lang='grc' dir='ltr'>δίκῃ,</span> <span class='ocrx_word' id='word_1_666' title='bbox 2394 4424 2524 4495; x_wconf 70' lang='grc' dir='ltr'>πρὶν</span> <span class='ocrx_word' id='word_1_667' title='bbox 2555 4419 3010 4492; x_wconf 85' lang='grc' dir='ltr'>ἀποκαθήρασθαι</span> <span class='ocrx_word' id='word_1_668' title='bbox 3031 4420 3132 4489; x_wconf 83' lang='grc' dir='ltr'><strong>τὴν</strong></span> <span class='ocrx_word' id='word_1_669' title='bbox 3159 4418 3372 4489; x_wconf 87' lang='grc' dir='ltr'>κηλίδα,</span> <span class='ocrx_word' id='word_1_670' title='bbox 3400 4420 3530 4490; x_wconf 80' lang='grc' dir='ltr'>πρὶν</span> <span class='ocrx_word' id='word_1_671' title='bbox 3557 4418 3804 4472; x_wconf 83' lang='grc' dir='ltr'>ἀποπλύ-</span> 
     </span>
    </p>
   </div>
   <div class='ocr_carea' id='block_1_89' title="bbox 537 4526 2114 4602">
    <p class='ocr_par' dir='ltr' id='par_1_89' title="bbox 537 4526 2114 4602">
     <span class='ocr_line' id='line_1_89' title="bbox 537 4526 2114 4602; baseline -0.003 -17"><span class='ocrx_word' id='word_1_672' title='bbox 537 4547 705 4602; x_wconf 90' lang='lat' dir='ltr'><strong>quam</strong></span> <span class='ocrx_word' id='word_1_673' title='bbox 738 4531 940 4585; x_wconf 90' lang='lat' dir='ltr'><strong>veteris</strong></span> <span class='ocrx_word' id='word_1_674' title='bbox 971 4528 1236 4584; x_wconf 64' lang='lat' dir='ltr'><strong>socordiae</strong></span> <span class='ocrx_word' id='word_1_675' title='bbox 1262 4527 1498 4582; x_wconf 89' lang='lat' dir='ltr'><strong>infusam</strong></span> <span class='ocrx_word' id='word_1_676' title='bbox 1517 4527 1703 4580; x_wconf 92' lang='lat' dir='ltr'><strong>animo</strong></span> <span class='ocrx_word' id='word_1_677' title='bbox 1738 4526 1919 4579; x_wconf 91' lang='lat' dir='ltr'><strong>labem</strong></span> <span class='ocrx_word' id='word_1_678' title='bbox 1956 4526 2114 4580; x_wconf 86' lang='lat' dir='ltr'><strong>elue-</strong></span> 
     </span>
    </p>
   </div>
   <div class='ocr_carea' id='block_1_90' title="bbox 535 4614 2112 4689">
    <p class='ocr_par' dir='ltr' id='par_1_90' title="bbox 535 4614 2112 4689">
     <span class='ocr_line' id='line_1_90' title="bbox 535 4614 2112 4689; baseline -0.006 -12"><span class='ocrx_word' id='word_1_679' title='bbox 535 4623 732 4686; x_wconf 91' lang='lat' dir='ltr'><strong>rimus,</strong></span> <span class='ocrx_word' id='word_1_680' title='bbox 765 4628 1061 4689; x_wconf 88' lang='lat' dir='ltr'><strong>antequam</strong></span> <span class='ocrx_word' id='word_1_681' title='bbox 1089 4616 1386 4672; x_wconf 90' lang='lat' dir='ltr'><strong>criminum</strong></span> <span class='ocrx_word' id='word_1_682' title='bbox 1436 4630 1468 4670; x_wconf 92' lang='lat' dir='ltr'><strong>a</strong></span> <span class='ocrx_word' id='word_1_683' title='bbox 1513 4614 1676 4668; x_wconf 91' lang='lat' dir='ltr'><strong>nobis</strong></span> <span class='ocrx_word' id='word_1_684' title='bbox 1701 4614 1972 4668; x_wconf 90' lang='lat' dir='ltr'><strong>sarcinam</strong></span> <span class='ocrx_word' id='word_1_685' title='bbox 2015 4630 2112 4669; x_wconf 77' lang='lat' dir='ltr'><strong>cx-</strong></span> 
     </span>
    </p>
   </div>
   <div class='ocr_carea' id='block_1_91' title="bbox 534 4704 2110 4780">
    <p class='ocr_par' dir='ltr' id='par_1_91' title="bbox 534 4704 2110 4780">
     <span class='ocr_line' id='line_1_91' title="bbox 534 4704 2110 4780; baseline -0.004 -14"><span class='ocrx_word' id='word_1_686' title='bbox 534 4712 894 4776; x_wconf 75' lang='lat' dir='ltr'><strong>cusserimus,</strong></span> <span class='ocrx_word' id='word_1_687' title='bbox 938 4711 1241 4780; x_wconf 74' lang='lat' dir='ltr'><strong>iugumque</strong></span> <span class='ocrx_word' id='word_1_688' title='bbox 1296 4705 1633 4762; x_wconf 86' lang='lat' dir='ltr'><strong>subierimus</strong></span> <span class='ocrx_word' id='word_1_689' title='bbox 1666 4704 1800 4758; x_wconf 89' lang='lat' dir='ltr'><strong>illud</strong></span> <span class='ocrx_word' id='word_1_690' title='bbox 1851 4706 2110 4771; x_wconf 88' lang='lat' dir='ltr'><strong>salutare,</strong></span> 
     </span>
    </p>
   </div>
   <div class='ocr_carea' id='block_1_92' title="bbox 530 4795 2116 4873">
    <p class='ocr_par' dir='ltr' id='par_1_92' title="bbox 530 4795 2116 4873">
     <span class='ocr_line' id='line_1_92' title="bbox 530 4795 2116 4873; baseline -0.003 -15"><span class='ocrx_word' id='word_1_691' title='bbox 530 4819 600 4863; x_wconf 76' lang='lat' dir='ltr'><strong>ac</strong></span> <span class='ocrx_word' id='word_1_692' title='bbox 638 4803 882 4873; x_wconf 89' lang='lat' dir='ltr'><strong>requiem</strong></span> <span class='ocrx_word' id='word_1_693' title='bbox 916 4815 1015 4871; x_wconf 91' lang='lat' dir='ltr'><strong>per</strong></span> <span class='ocrx_word' id='word_1_694' title='bbox 1044 4799 1327 4855; x_wconf 87' lang='lat' dir='ltr'><strong>Christum</strong></span> <span class='ocrx_word' id='word_1_695' title='bbox 1360 4797 1755 4852; x_wconf 89' lang='lat' dir='ltr'><strong>invenerimus.</strong></span> <span class='ocrx_word' id='word_1_696' title='bbox 1797 4795 2014 4867; x_wconf 88' lang='lat' dir='ltr'><strong>Optima</strong></span> <span class='ocrx_word' id='word_1_697' title='bbox 2030 4807 2116 4853; x_wconf 92' lang='lat' dir='ltr'><strong>est</strong></span> 
     </span>
    </p>
   </div>
   <div class='ocr_carea' id='block_1_93' title="bbox 439 4885 2112 4963">
    <p class='ocr_par' dir='ltr' id='par_1_93' title="bbox 439 4885 2112 4963">
     <span class='ocr_line' id='line_1_93' title="bbox 439 4885 2112 4963; baseline -0.002 -19"><span class='ocrx_word' id='word_1_698' title='bbox 439 4903 476 4912; x_wconf 83' lang='lat'><strong><em>&quot;</em></strong></span> <span class='ocrx_word' id='word_1_699' title='bbox 533 4892 704 4963; x_wconf 90' lang='lat' dir='ltr'><strong>igitur</strong></span> <span class='ocrx_word' id='word_1_700' title='bbox 740 4889 1070 4952; x_wconf 81' lang='lat' dir='ltr'><strong>exhortatio,</strong></span> <span class='ocrx_word' id='word_1_701' title='bbox 1120 4906 1140 4939; x_wconf 76' lang='grc' dir='ltr'><strong>ι</strong></span> <span class='ocrx_word' id='word_1_702' title='bbox 1178 4886 1258 4942; x_wconf 89' lang='lat' dir='ltr'><strong>Ne</strong></span> <span class='ocrx_word' id='word_1_703' title='bbox 1290 4894 1404 4941; x_wconf 90' lang='lat' dir='ltr'><strong>stes</strong></span> <span class='ocrx_word' id='word_1_704' title='bbox 1448 4885 1504 4938; x_wconf 90' lang='lat' dir='ltr'><strong>in</strong></span> <span class='ocrx_word' id='word_1_705' title='bbox 1551 4885 1700 4938; x_wconf 89' lang='lat' dir='ltr'><strong>omni</strong></span> <span class='ocrx_word' id='word_1_706' title='bbox 1750 4885 1894 4941; x_wconf 90' lang='lat' dir='ltr'><strong>circa</strong></span> <span class='ocrx_word' id='word_1_707' title='bbox 1930 4888 2112 4958; x_wconf 85' lang='lat' dir='ltr'><strong>regio-</strong></span> 
     </span>
    </p>
   </div>
   <div class='ocr_carea' id='block_1_94' title="bbox 533 4975 2112 5049">
    <p class='ocr_par' dir='ltr' id='par_1_94' title="bbox 533 4975 2112 5049">
     <span class='ocr_line' id='line_1_94' title="bbox 533 4975 2112 5049; baseline -0.002 -13"><span class='ocrx_word' id='word_1_708' title='bbox 533 4998 628 5047; x_wconf 88' lang='lat' dir='ltr'><strong>ne,</strong></span> <span class='ocrx_word' id='word_1_709' title='bbox 658 5002 678 5035; x_wconf 75' lang='grc' dir='ltr'><strong>ι</strong></span> <span class='ocrx_word' id='word_1_710' title='bbox 729 4983 836 5038; x_wconf 92' lang='lat' dir='ltr'><strong>hoc</strong></span> <span class='ocrx_word' id='word_1_711' title='bbox 871 4987 977 5044; x_wconf 87' lang='lat' dir='ltr'><strong>est,</strong></span> <span class='ocrx_word' id='word_1_712' title='bbox 1035 4993 1167 5034; x_wconf 90' lang='lat' dir='ltr'><strong>cave</strong></span> <span class='ocrx_word' id='word_1_713' title='bbox 1214 4992 1286 5032; x_wconf 90' lang='lat' dir='ltr'><strong>ne</strong></span> <span class='ocrx_word' id='word_1_714' title='bbox 1323 4977 1380 5030; x_wconf 90' lang='lat' dir='ltr'><strong>in</strong></span> <span class='ocrx_word' id='word_1_715' title='bbox 1435 4975 1548 5030; x_wconf 93' lang='lat' dir='ltr'><strong>ullo</strong></span> <span class='ocrx_word' id='word_1_716' title='bbox 1594 4977 1855 5046; x_wconf 73' lang='lat' dir='ltr'><strong>nequitia:</strong></span> <span class='ocrx_word' id='word_1_717' title='bbox 1909 4994 2112 5049; x_wconf 87' lang='lat' dir='ltr'><strong>genere</strong></span> 
     </span>
    </p>
   </div>
   <div class='ocr_carea' id='block_1_95' title="bbox 537 5065 2110 5138">
    <p class='ocr_par' dir='ltr' id='par_1_95' title="bbox 537 5065 2110 5138">
     <span class='ocr_line' id='line_1_95' title="bbox 537 5065 2110 5138; baseline -0.003 -11"><span class='ocrx_word' id='word_1_718' title='bbox 537 5083 723 5127; x_wconf 82' lang='lat' dir='ltr'><strong>moras</strong></span> <span class='ocrx_word' id='word_1_719' title='bbox 751 5071 974 5126; x_wconf 78' lang='lat' dir='ltr'><strong>trahere</strong></span> <span class='ocrx_word' id='word_1_720' title='bbox 1023 5065 1478 5138; x_wconf 88' lang='lat' dir='ltr'><strong>deprehendaris,</strong></span> <span class='ocrx_word' id='word_1_721' title='bbox 1524 5065 1621 5120; x_wconf 88' lang='lat' dir='ltr'><strong>sed</strong></span> <span class='ocrx_word' id='word_1_722' title='bbox 1659 5067 1892 5122; x_wconf 87' lang='lat' dir='ltr'><strong>ascende</strong></span> <span class='ocrx_word' id='word_1_723' title='bbox 1941 5069 2110 5123; x_wconf 90' lang='lat' dir='ltr'><strong>veluti</strong></span> 
     </span>
    </p>
   </div>
   <div class='ocr_carea' id='block_1_96' title="bbox 481 5156 2112 5227">
    <p class='ocr_par' dir='ltr' id='par_1_96' title="bbox 481 5156 2112 5227">
     <span class='ocr_line' id='line_1_96' title="bbox 481 5156 2112 5227; baseline -0.001 -11"><span class='ocrx_word' id='word_1_724' title='bbox 481 5199 499 5206; x_wconf 58' lang='grc' dir='ltr'>ς</span> <span class='ocrx_word' id='word_1_725' title='bbox 539 5171 594 5215; x_wconf 82' lang='lat' dir='ltr'><strong>tn</strong></span> <span class='ocrx_word' id='word_1_726' title='bbox 619 5169 880 5225; x_wconf 89' lang='lat' dir='ltr'><strong>montem,</strong></span> <span class='ocrx_word' id='word_1_727' title='bbox 921 5159 978 5213; x_wconf 92' lang='lat' dir='ltr'><strong>in</strong></span> <span class='ocrx_word' id='word_1_728' title='bbox 1011 5156 1268 5212; x_wconf 85' lang='lat' dir='ltr'><strong>eximiam</strong></span> <span class='ocrx_word' id='word_1_729' title='bbox 1305 5170 1502 5225; x_wconf 89' lang='lat' dir='ltr'><strong>nempe</strong></span> <span class='ocrx_word' id='word_1_730' title='bbox 1531 5171 1596 5211; x_wconf 92' lang='lat' dir='ltr'><strong>ac</strong></span> <span class='ocrx_word' id='word_1_731' title='bbox 1621 5159 1972 5227; x_wconf 88' lang='lat' dir='ltr'><strong>spectabilem</strong></span> <span class='ocrx_word' id='word_1_732' title='bbox 2023 5159 2112 5214; x_wconf 89' lang='lat' dir='ltr'><strong>vi-</strong></span> 
     </span>
    </p>
   </div>
   <div class='ocr_carea' id='block_1_97' title="bbox 541 5247 2112 5322">
    <p class='ocr_par' dir='ltr' id='par_1_97' title="bbox 541 5247 2112 5322">
     <span class='ocr_line' id='line_1_97' title="bbox 541 5247 2112 5322; baseline -0.001 -15"><span class='ocrx_word' id='word_1_733' title='bbox 541 5261 672 5318; x_wconf 87' lang='lat' dir='ltr'><strong>tam,</strong></span> <span class='ocrx_word' id='word_1_734' title='bbox 699 5266 822 5321; x_wconf 73' lang='lat' dir='ltr'><strong>quae</strong></span> <span class='ocrx_word' id='word_1_735' title='bbox 869 5249 1081 5304; x_wconf 90' lang='lat' dir='ltr'><strong>humile</strong></span> <span class='ocrx_word' id='word_1_736' title='bbox 1112 5255 1170 5302; x_wconf 91' lang='lat' dir='ltr'><strong>et</strong></span> <span class='ocrx_word' id='word_1_737' title='bbox 1219 5247 1496 5319; x_wconf 68' lang='lat' dir='ltr'><strong>abiectum</strong></span> <span class='ocrx_word' id='word_1_738' title='bbox 1547 5247 1686 5302; x_wconf 90' lang='lat' dir='ltr'><strong>nihil</strong></span> <span class='ocrx_word' id='word_1_739' title='bbox 1738 5249 1958 5315; x_wconf 89' lang='lat' dir='ltr'><strong>habeat,</strong></span> <span class='ocrx_word' id='word_1_740' title='bbox 2001 5251 2112 5322; x_wconf 74' lang='lat'><strong>28</strong></span> 
     </span>
    </p>
   </div>
   <div class='ocr_carea' id='block_1_98' title="bbox 539 5337 2113 5408">
    <p class='ocr_par' dir='ltr' id='par_1_98' title="bbox 539 5337 2113 5408">
     <span class='ocr_line' id='line_1_98' title="bbox 539 5337 2113 5408; baseline -0.004 -9"><span class='ocrx_word' id='word_1_741' title='bbox 539 5343 637 5398; x_wconf 80' lang='lat' dir='ltr'><strong>sed</strong></span> <span class='ocrx_word' id='word_1_742' title='bbox 667 5341 882 5396; x_wconf 76' lang='lat' dir='ltr'><strong>excelsa</strong></span> <span class='ocrx_word' id='word_1_743' title='bbox 933 5337 1267 5408; x_wconf 88' lang='lat' dir='ltr'><strong>sublimique</strong></span> <span class='ocrx_word' id='word_1_744' title='bbox 1309 5337 1516 5392; x_wconf 87' lang='lat' dir='ltr'><strong>virtute</strong></span> <span class='ocrx_word' id='word_1_745' title='bbox 1559 5339 1854 5407; x_wconf 69' lang='lat' dir='ltr'><strong>praecellat,</strong></span> <span class='ocrx_word' id='word_1_746' title='bbox 1893 5339 1962 5394; x_wconf 93' lang='lat' dir='ltr'><strong>ab</strong></span> <span class='ocrx_word' id='word_1_747' title='bbox 2006 5340 2113 5394; x_wconf 88' lang='lat' dir='ltr'><strong>hu-</strong></span> 
     </span>
    </p>
   </div>
   <div class='ocr_carea' id='block_1_99' title="bbox 541 5431 2111 5503">
    <p class='ocr_par' dir='ltr' id='par_1_99' title="bbox 541 5431 2111 5503">
     <span class='ocr_line' id='line_1_99' title="bbox 541 5431 2111 5503; baseline -0.002 -13"><span class='ocrx_word' id='word_1_748' title='bbox 541 5434 657 5490; x_wconf 91' lang='lat' dir='ltr'><strong>mili</strong></span> <span class='ocrx_word' id='word_1_749' title='bbox 683 5447 901 5502; x_wconf 89' lang='lat' dir='ltr'><strong>quoque</strong></span> <span class='ocrx_word' id='word_1_750' title='bbox 923 5445 1110 5495; x_wconf 88' lang='lat' dir='ltr'><strong>sensu,</strong></span> <span class='ocrx_word' id='word_1_751' title='bbox 1140 5438 1379 5496; x_wconf 87' lang='lat' dir='ltr'><strong>terreno,</strong></span> <span class='ocrx_word' id='word_1_752' title='bbox 1410 5431 1654 5502; x_wconf 90' lang='lat' dir='ltr'><strong>inquam,</strong></span> <span class='ocrx_word' id='word_1_753' title='bbox 1685 5441 1850 5503; x_wconf 90' lang='lat' dir='ltr'><strong>atque</strong></span> <span class='ocrx_word' id='word_1_754' title='bbox 1880 5433 2111 5498; x_wconf 88' lang='lat' dir='ltr'><strong>carnali,</strong></span> 
     </span>
    </p>
   </div>
   <div class='ocr_carea' id='block_1_100' title="bbox 540 5521 2114 5593">
    <p class='ocr_par' dir='ltr' id='par_1_100' title="bbox 540 5521 2114 5593">
     <span class='ocr_line' id='line_1_100' title="bbox 540 5521 2114 5593; baseline -0.003 -12"><span class='ocrx_word' id='word_1_755' title='bbox 540 5528 614 5582; x_wconf 87' lang='lat' dir='ltr'><strong>sit</strong></span> <span class='ocrx_word' id='word_1_756' title='bbox 678 5523 884 5578; x_wconf 86' lang='lat' dir='ltr'><strong>aliena.</strong></span> <span class='ocrx_word' id='word_1_757' title='bbox 938 5521 1216 5591; x_wconf 90' lang='lat' dir='ltr'><strong>Scriptum</strong></span> <span class='ocrx_word' id='word_1_758' title='bbox 1278 5538 1516 5593; x_wconf 90' lang='lat' dir='ltr'><strong>namque</strong></span> <span class='ocrx_word' id='word_1_759' title='bbox 1572 5533 1658 5579; x_wconf 91' lang='lat' dir='ltr'><strong>est</strong></span> <span class='ocrx_word' id='word_1_760' title='bbox 1708 5543 1721 5578; x_wconf 89' lang='lat'>:</span> <span class='ocrx_word' id='word_1_761' title='bbox 1778 5545 1796 5575; x_wconf 83' lang='grc'><strong><em>‹</em></strong></span> <span class='ocrx_word' id='word_1_762' title='bbox 1831 5525 1928 5579; x_wconf 89' lang='lat' dir='ltr'><strong>Dei</strong></span> <span class='ocrx_word' id='word_1_763' title='bbox 2003 5523 2114 5578; x_wconf 90' lang='lat' dir='ltr'><strong>for-</strong></span> 
     </span>
    </p>
   </div>
   <div class='ocr_carea' id='block_1_101' title="bbox 543 5608 2115 5667">
    <p class='ocr_par' dir='ltr' id='par_1_101' title="bbox 543 5608 2115 5667">
     <span class='ocr_line' id='line_1_101' title="bbox 543 5608 2115 5667; baseline 0.001 -3"><span class='ocrx_word' id='word_1_764' title='bbox 543 5622 626 5667; x_wconf 88' lang='lat' dir='ltr'><strong>tes</strong></span> <span class='ocrx_word' id='word_1_765' title='bbox 684 5624 715 5662; x_wconf 87' lang='lat' dir='ltr'><strong>a</strong></span> <span class='ocrx_word' id='word_1_766' title='bbox 747 5618 892 5663; x_wconf 88' lang='lat' dir='ltr'><strong>terra</strong></span> <span class='ocrx_word' id='word_1_767' title='bbox 941 5608 1296 5663; x_wconf 89' lang='lat' dir='ltr'><strong>vehementer</strong></span> <span class='ocrx_word' id='word_1_768' title='bbox 1332 5611 1532 5665; x_wconf 88' lang='lat' dir='ltr'><strong>elevati</strong></span> <span class='ocrx_word' id='word_1_769' title='bbox 1570 5619 1700 5666; x_wconf 91' lang='lat' dir='ltr'><strong>sunt</strong></span> <span class='ocrx_word' id='word_1_770' title='bbox 1743 5611 1809 5664; x_wconf 78' lang='grc'>⁸⁸.</span> <span class='ocrx_word' id='word_1_771' title='bbox 1843 5630 1861 5662; x_wconf 74' lang='grc' dir='ltr'><strong>ι</strong></span> <span class='ocrx_word' id='word_1_772' title='bbox 1908 5610 2115 5666; x_wconf 90' lang='lat' dir='ltr'><strong>Sensus</strong></span> 
     </span>
    </p>
   </div>
   <div class='ocr_carea' id='block_1_102' title="bbox 2212 4509 3801 4584">
    <p class='ocr_par' dir='ltr' id='par_1_102' title="bbox 2212 4509 3801 4584">
     <span class='ocr_line' id='line_1_102' title="bbox 2212 4509 3801 4584; baseline -0.006 -13"><span class='ocrx_word' id='word_1_773' title='bbox 2212 4517 2403 4571; x_wconf 87' lang='grc' dir='ltr'>νασθαι</span> <span class='ocrx_word' id='word_1_774' title='bbox 2439 4517 2532 4570; x_wconf 83' lang='grc' dir='ltr'><strong>τὸν</strong></span> <span class='ocrx_word' id='word_1_775' title='bbox 2566 4517 2632 4568; x_wconf 85' lang='grc' dir='ltr'><strong>ἑκ</strong></span> <span class='ocrx_word' id='word_1_776' title='bbox 2664 4516 2763 4584; x_wconf 83' lang='grc' dir='ltr'>τῆς</span> <span class='ocrx_word' id='word_1_777' title='bbox 2794 4510 3029 4582; x_wconf 81' lang='grc' dir='ltr'>ἀρχαίας</span> <span class='ocrx_word' id='word_1_778' title='bbox 3065 4509 3334 4580; x_wconf 81' lang='grc' dir='ltr'>ῥᾳθυμίας</span> <span class='ocrx_word' id='word_1_779' title='bbox 3381 4510 3705 4580; x_wconf 74' lang='grc' dir='ltr'>ἐντετηκότα</span> <span class='ocrx_word' id='word_1_780' title='bbox 3732 4513 3801 4581; x_wconf 77' lang='grc' dir='ltr'>τῇ</span> 
     </span>
    </p>
   </div>
   <div class='ocr_carea' id='block_1_103' title="bbox 2211 4599 3798 4679">
    <p class='ocr_par' dir='ltr' id='par_1_103' title="bbox 2211 4599 3798 4679">
     <span class='ocr_line' id='line_1_103' title="bbox 2211 4599 3798 4679; baseline -0.004 -18"><span class='ocrx_word' id='word_1_781' title='bbox 2211 4609 2355 4679; x_wconf 78' lang='grc' dir='ltr'>ψυχῇ</span> <span class='ocrx_word' id='word_1_782' title='bbox 2389 4605 2683 4678; x_wconf 85' lang='grc' dir='ltr'>μολυσμὸν,</span> <span class='ocrx_word' id='word_1_783' title='bbox 2706 4601 2836 4673; x_wconf 72' lang='grc' dir='ltr'>πρὶν</span> <span class='ocrx_word' id='word_1_784' title='bbox 2859 4599 3331 4672; x_wconf 86' lang='grc' dir='ltr'>ἀποφορτίσασθαι</span> <span class='ocrx_word' id='word_1_785' title='bbox 3355 4600 3423 4654; x_wconf 86' lang='grc' dir='ltr'><strong>τά</strong></span> <span class='ocrx_word' id='word_1_786' title='bbox 3452 4599 3620 4671; x_wconf 80' lang='grc' dir='ltr'>ἑγκλή</span> <span class='ocrx_word' id='word_1_787' title='bbox 3631 4616 3798 4670; x_wconf 87' lang='grc' dir='ltr'>ματα,</span> 
     </span>
    </p>
   </div>
   <div class='ocr_carea' id='block_1_104' title="bbox 2212 4688 3804 4765">
    <p class='ocr_par' dir='ltr' id='par_1_104' title="bbox 2212 4688 3804 4765">
     <span class='ocr_line' id='line_1_104' title="bbox 2212 4688 3804 4765; baseline -0.006 -13"><span class='ocrx_word' id='word_1_788' title='bbox 2212 4699 2308 4752; x_wconf 79' lang='grc' dir='ltr'><strong>καὶ</strong></span> <span class='ocrx_word' id='word_1_789' title='bbox 2336 4696 2498 4765; x_wconf 78' lang='grc' dir='ltr'>ζυγὸν</span> <span class='ocrx_word' id='word_1_790' title='bbox 2533 4694 2868 4765; x_wconf 88' lang='grc' dir='ltr'>ὑποδραμεῖν</span> <span class='ocrx_word' id='word_1_791' title='bbox 2913 4693 3004 4746; x_wconf 80' lang='grc' dir='ltr'><strong>τὸν</strong></span> <span class='ocrx_word' id='word_1_792' title='bbox 3045 4692 3333 4761; x_wconf 87' lang='grc' dir='ltr'>σωτήριον,</span> <span class='ocrx_word' id='word_1_793' title='bbox 3383 4688 3804 4751; x_wconf 81' lang='grc' dir='ltr'>ἀναπαύσασθαι</span> 
     </span>
    </p>
   </div>
   <div class='ocr_carea' id='block_1_105' title="bbox 2211 4778 3806 4860">
    <p class='ocr_par' dir='ltr' id='par_1_105' title="bbox 2211 4778 3806 4860">
     <span class='ocr_line' id='line_1_105' title="bbox 2211 4778 3806 4860; baseline -0.005 -17"><span class='ocrx_word' id='word_1_794' title='bbox 2211 4789 2301 4843; x_wconf 84' lang='grc' dir='ltr'><strong>διὰ</strong></span> <span class='ocrx_word' id='word_1_795' title='bbox 2348 4786 2604 4860; x_wconf 86' lang='grc' dir='ltr'>Χριστοῦ.</span> <span class='ocrx_word' id='word_1_796' title='bbox 2668 4786 2926 4857; x_wconf 77' lang='grc' dir='ltr'>Ἀριστον</span> <span class='ocrx_word' id='word_1_797' title='bbox 2976 4778 3070 4838; x_wconf 83' lang='grc' dir='ltr'><strong>οῦν</strong></span> <span class='ocrx_word' id='word_1_798' title='bbox 3119 4781 3656 4853; x_wconf 61' lang='grc' dir='ltr'>παῳκελευσμάτων</span> <span class='ocrx_word' id='word_1_799' title='bbox 3705 4782 3806 4848; x_wconf 85' lang='grc' dir='ltr'><strong>τὸ,</strong></span> 
     </span>
    </p>
   </div>
   <div class='ocr_carea' id='block_1_106' title="bbox 2222 4871 3810 4950">
    <p class='ocr_par' dir='ltr' id='par_1_106' title="bbox 2222 4871 3810 4950">
     <span class='ocr_line' id='line_1_106' title="bbox 2222 4871 3810 4950; baseline -0.004 -15"><span class='ocrx_word' id='word_1_800' title='bbox 2222 4899 2244 4935; x_wconf 72' lang='grc' dir='ltr'><strong>ι</strong></span> <span class='ocrx_word' id='word_1_801' title='bbox 2274 4879 2366 4950; x_wconf 82' lang='grc' dir='ltr'><strong>Μὴ</strong></span> <span class='ocrx_word' id='word_1_802' title='bbox 2387 4881 2514 4949; x_wconf 83' lang='grc' dir='ltr'>στῇς</span> <span class='ocrx_word' id='word_1_803' title='bbox 2544 4878 2601 4932; x_wconf 89' lang='grc' dir='ltr'><strong>ἑν</strong></span> <span class='ocrx_word' id='word_1_804' title='bbox 2629 4876 2776 4948; x_wconf 81' lang='grc' dir='ltr'>πάσῃ</span> <span class='ocrx_word' id='word_1_805' title='bbox 2806 4879 2874 4948; x_wconf 85' lang='grc' dir='ltr'>τῇ</span> <span class='ocrx_word' id='word_1_806' title='bbox 2909 4871 3201 4945; x_wconf 82' lang='grc' dir='ltr'>περιχώρῳ</span> <span class='ocrx_word' id='word_1_807' title='bbox 3221 4913 3234 4936; x_wconf 94' lang='grc'><strong>,</strong></span> <span class='ocrx_word' id='word_1_808' title='bbox 3275 4891 3294 4925; x_wconf 76' lang='grc' dir='ltr'><strong>ι</strong></span> <span class='ocrx_word' id='word_1_809' title='bbox 3332 4871 3477 4926; x_wconf 83' lang='grc' dir='ltr'>τοῦτ’</span> <span class='ocrx_word' id='word_1_810' title='bbox 3500 4872 3668 4937; x_wconf 78' lang='grc' dir='ltr'>ἐστιν,</span> <span class='ocrx_word' id='word_1_811' title='bbox 3715 4871 3810 4928; x_wconf 86' lang='grc' dir='ltr'><strong>Ἐν</strong></span> 
     </span>
    </p>
   </div>
   <div class='ocr_carea' id='block_1_107' title="bbox 2223 4959 3810 5037">
    <p class='ocr_par' dir='ltr' id='par_1_107' title="bbox 2223 4959 3810 5037">
     <span class='ocr_line' id='line_1_107' title="bbox 2223 4959 3810 5037; baseline -0.001 -20"><span class='ocrx_word' id='word_1_812' title='bbox 2223 4965 2414 5037; x_wconf 69' lang='grc' dir='ltr'>μηδενὶ</span> <span class='ocrx_word' id='word_1_813' title='bbox 2445 4965 2634 5035; x_wconf 84' lang='grc' dir='ltr'>τρόπῳ</span> <span class='ocrx_word' id='word_1_814' title='bbox 2674 4962 3006 5033; x_wconf 86' lang='grc' dir='ltr'>φαυλότητος</span> <span class='ocrx_word' id='word_1_815' title='bbox 3043 4959 3407 5031; x_wconf 87' lang='grc' dir='ltr'>διαμελλήσας</span> <span class='ocrx_word' id='word_1_816' title='bbox 3441 4959 3619 5031; x_wconf 83' lang='grc' dir='ltr'>ἁλῷς,</span> <span class='ocrx_word' id='word_1_817' title='bbox 3662 4959 3810 5016; x_wconf 79' lang='grc' dir='ltr'>ἄνιθι</span> 
     </span>
    </p>
   </div>
   <div class='ocr_carea' id='block_1_108' title="bbox 2214 5050 3811 5128">
    <p class='ocr_par' dir='ltr' id='par_1_108' title="bbox 2214 5050 3811 5128">
     <span class='ocr_line' id='line_1_108' title="bbox 2214 5050 3811 5128; baseline -0.004 -16"><span class='ocrx_word' id='word_1_818' title='bbox 2214 5059 2270 5112; x_wconf 83' lang='grc' dir='ltr'>δὲ</span> <span class='ocrx_word' id='word_1_819' title='bbox 2301 5055 2744 5128; x_wconf 82' lang='grc' dir='ltr'>μᾶλλον,’ὦσπερ</span> <span class='ocrx_word' id='word_1_820' title='bbox 2770 5056 2854 5118; x_wconf 87' lang='grc' dir='ltr'><strong>είς</strong></span> <span class='ocrx_word' id='word_1_821' title='bbox 2895 5053 3040 5125; x_wconf 79' lang='grc' dir='ltr'>ὅρος,</span> <span class='ocrx_word' id='word_1_822' title='bbox 3074 5053 3154 5115; x_wconf 86' lang='grc' dir='ltr'><strong>είς</strong></span> <span class='ocrx_word' id='word_1_823' title='bbox 3189 5050 3534 5124; x_wconf 81' lang='grc' dir='ltr'>ὲξῃρημένην</span> <span class='ocrx_word' id='word_1_824' title='bbox 3562 5051 3684 5106; x_wconf 88' lang='grc' dir='ltr'>τινὰ</span> <span class='ocrx_word' id='word_1_825' title='bbox 3713 5053 3811 5106; x_wconf 77' lang='grc' dir='ltr'><strong>καὶ</strong></span> 
     </span>
    </p>
   </div>
   <div class='ocr_carea' id='block_1_109' title="bbox 2218 5143 3809 5222">
    <p class='ocr_par' dir='ltr' id='par_1_109' title="bbox 2218 5143 3809 5222">
     <span class='ocr_line' id='line_1_109' title="bbox 2218 5143 3809 5222; baseline -0.004 -19"><span class='ocrx_word' id='word_1_826' title='bbox 2218 5151 2510 5222; x_wconf 87' lang='grc' dir='ltr'>περίοπτον</span> <span class='ocrx_word' id='word_1_827' title='bbox 2544 5146 2710 5219; x_wconf 84' lang='grc' dir='ltr'>ζωὴν,</span> <span class='ocrx_word' id='word_1_828' title='bbox 2738 5147 2890 5200; x_wconf 80' lang='grc' dir='ltr'>οὐδὲν</span> <span class='ocrx_word' id='word_1_829' title='bbox 2921 5145 3149 5216; x_wconf 77' lang='grc' dir='ltr'>ἔχουσαν</span> <span class='ocrx_word' id='word_1_830' title='bbox 3177 5143 3237 5196; x_wconf 86' lang='grc' dir='ltr'><strong>τὸ</strong></span> <span class='ocrx_word' id='word_1_831' title='bbox 3266 5143 3656 5214; x_wconf 77' lang='grc' dir='ltr'>χαμαιρριφὲς,</span> <span class='ocrx_word' id='word_1_832' title='bbox 3689 5143 3809 5198; x_wconf 84' lang='grc' dir='ltr'>ἀλλ’</span> 
     </span>
    </p>
   </div>
   <div class='ocr_carea' id='block_1_110' title="bbox 2217 5235 3809 5313">
    <p class='ocr_par' dir='ltr' id='par_1_110' title="bbox 2217 5235 3809 5313">
     <span class='ocr_line' id='line_1_110' title="bbox 2217 5235 3809 5313; baseline -0.004 -17"><span class='ocrx_word' id='word_1_833' title='bbox 2217 5246 2275 5296; x_wconf 87' lang='grc' dir='ltr'><strong>ἑν</strong></span> <span class='ocrx_word' id='word_1_834' title='bbox 2307 5241 2485 5313; x_wconf 76' lang='grc' dir='ltr'>ὑψηλῇ</span> <span class='ocrx_word' id='word_1_835' title='bbox 2515 5259 2574 5294; x_wconf 90' lang='grc' dir='ltr'><strong>τε</strong></span> <span class='ocrx_word' id='word_1_836' title='bbox 2605 5240 2700 5294; x_wconf 77' lang='grc' dir='ltr'><strong>καὶ</strong></span> <span class='ocrx_word' id='word_1_837' title='bbox 2730 5239 3015 5310; x_wconf 74' lang='grc' dir='ltr'>ἐπηρμένη</span> <span class='ocrx_word' id='word_1_838' title='bbox 3040 5235 3448 5307; x_wconf 86' lang='grc' dir='ltr'>διαπρέπουσαν</span> <span class='ocrx_word' id='word_1_839' title='bbox 3476 5236 3680 5306; x_wconf 81' lang='grc' dir='ltr'>ἀρετῇ,</span> <span class='ocrx_word' id='word_1_840' title='bbox 3710 5236 3809 5290; x_wconf 77' lang='grc' dir='ltr'>καὶ</span> 
     </span>
    </p>
   </div>
   <div class='ocr_carea' id='block_1_111' title="bbox 2221 5327 3812 5406">
    <p class='ocr_par' dir='ltr' id='par_1_111' title="bbox 2221 5327 3812 5406">
     <span class='ocr_line' id='line_1_111' title="bbox 2221 5327 3812 5406; baseline -0.003 -18"><span class='ocrx_word' id='word_1_841' title='bbox 2221 5333 2614 5406; x_wconf 80' lang='grc' dir='ltr'>ἀπηλλαγμένῃ</span> <span class='ocrx_word' id='word_1_842' title='bbox 2647 5332 2994 5403; x_wconf 83' lang='grc' dir='ltr'>φρονήματος</span> <span class='ocrx_word' id='word_1_843' title='bbox 3041 5329 3134 5382; x_wconf 86' lang='grc' dir='ltr'><strong>τοῦ</strong></span> <span class='ocrx_word' id='word_1_844' title='bbox 3172 5327 3626 5400; x_wconf 72' lang='grc' dir='ltr'>χθαμαλωτάτου,</span> <span class='ocrx_word' id='word_1_845' title='bbox 3663 5327 3812 5383; x_wconf 80' lang='grc' dir='ltr'>τοῦτ’</span> 
     </span>
    </p>
   </div>
   <div class='ocr_carea' id='block_1_112' title="bbox 2222 5418 3806 5494">
    <p class='ocr_par' dir='ltr' id='par_1_112' title="bbox 2222 5418 3806 5494">
     <span class='ocr_line' id='line_1_112' title="bbox 2222 5418 3806 5494; baseline -0.003 -15"><span class='ocrx_word' id='word_1_846' title='bbox 2222 5426 2368 5480; x_wconf 75' lang='grc' dir='ltr'>ἐστιν</span> <span class='ocrx_word' id='word_1_847' title='bbox 2393 5425 2486 5478; x_wconf 89' lang='grc' dir='ltr'><strong>τοῦ</strong></span> <span class='ocrx_word' id='word_1_848' title='bbox 2509 5424 2752 5491; x_wconf 78' lang='grc' dir='ltr'>ἐπιγείου</span> <span class='ocrx_word' id='word_1_849' title='bbox 2779 5422 2873 5475; x_wconf 69' lang='grc' dir='ltr'><strong>καὶ</strong></span> <span class='ocrx_word' id='word_1_850' title='bbox 2905 5418 3190 5493; x_wconf 85' lang='grc' dir='ltr'>σαρκικοῦ.</span> <span class='ocrx_word' id='word_1_851' title='bbox 3220 5420 3535 5491; x_wconf 85' lang='grc' dir='ltr'>Γέγραπται</span> <span class='ocrx_word' id='word_1_852' title='bbox 3559 5418 3694 5494; x_wconf 80' lang='grc' dir='ltr'>γὰρ,</span> <span class='ocrx_word' id='word_1_853' title='bbox 3721 5420 3806 5474; x_wconf 79' lang='grc' dir='ltr'>ὅτι</span> 
     </span>
    </p>
   </div>
   <div class='ocr_carea' id='block_1_113' title="bbox 2226 5513 3800 5587">
    <p class='ocr_par' dir='ltr' id='par_1_113' title="bbox 2226 5513 3800 5587">
     <span class='ocr_line' id='line_1_113' title="bbox 2226 5513 3800 5587; baseline -0.003 -19"><span class='ocrx_word' id='word_1_854' title='bbox 2226 5535 2244 5568; x_wconf 69' lang='grc' dir='ltr'><strong>ε</strong></span> <span class='ocrx_word' id='word_1_855' title='bbox 2277 5518 2384 5571; x_wconf 86' lang='grc' dir='ltr'><strong>Τοῦ</strong></span> <span class='ocrx_word' id='word_1_856' title='bbox 2407 5517 2541 5571; x_wconf 88' lang='grc' dir='ltr'>Θεοῦ</span> <span class='ocrx_word' id='word_1_857' title='bbox 2565 5518 2613 5570; x_wconf 79' lang='lat' dir='ltr'><strong>ot</strong></span> <span class='ocrx_word' id='word_1_858' title='bbox 2640 5515 2891 5587; x_wconf 74' lang='grc' dir='ltr'>κραταιοὶ</span> <span class='ocrx_word' id='word_1_859' title='bbox 2913 5515 3012 5584; x_wconf 81' lang='grc' dir='ltr'>τῆς</span> <span class='ocrx_word' id='word_1_860' title='bbox 3037 5513 3143 5583; x_wconf 81' lang='grc' dir='ltr'>γῆς</span> <span class='ocrx_word' id='word_1_861' title='bbox 3180 5513 3381 5584; x_wconf 87' lang='grc' dir='ltr'>σφόδρα</span> <span class='ocrx_word' id='word_1_862' title='bbox 3403 5514 3508 5585; x_wconf 83' lang='grc' dir='ltr'>ἑπή</span> <span class='ocrx_word' id='word_1_863' title='bbox 3519 5513 3746 5586; x_wconf 89' lang='grc' dir='ltr'>ρθησαν.</span> <span class='ocrx_word' id='word_1_864' title='bbox 3781 5531 3800 5564; x_wconf 75' lang='grc' dir='ltr'><strong>ι</strong></span> 
     </span>
    </p>
   </div>
   <div class='ocr_carea' id='block_1_114' title="bbox 2235 5605 3803 5680">
    <p class='ocr_par' dir='ltr' id='par_1_114' title="bbox 2235 5605 3803 5680">
     <span class='ocr_line' id='line_1_114' title="bbox 2235 5605 3803 5680; baseline -0.001 -18"><span class='ocrx_word' id='word_1_865' title='bbox 2235 5610 2521 5664; x_wconf 86' lang='grc' dir='ltr'>Ἀνωτάτω</span> <span class='ocrx_word' id='word_1_866' title='bbox 2537 5608 2646 5680; x_wconf 90' lang='grc' dir='ltr'><strong>γάρ</strong></span> <span class='ocrx_word' id='word_1_867' title='bbox 2664 5607 2770 5662; x_wconf 88' lang='grc' dir='ltr'><strong>τῶν</strong></span> <span class='ocrx_word' id='word_1_868' title='bbox 2790 5607 3046 5675; x_wconf 80' lang='grc' dir='ltr'>ἐπιγείων</span> <span class='ocrx_word' id='word_1_869' title='bbox 3074 5606 3134 5659; x_wconf 86' lang='grc' dir='ltr'><strong>τὸ</strong></span> <span class='ocrx_word' id='word_1_870' title='bbox 3151 5605 3490 5674; x_wconf 83' lang='grc' dir='ltr'>ἁγιοπρεπές</span> <span class='ocrx_word' id='word_1_871' title='bbox 3519 5607 3636 5660; x_wconf 86' lang='grc' dir='ltr'>ἑστι</span> <span class='ocrx_word' id='word_1_872' title='bbox 3666 5607 3803 5676; x_wconf 85' lang='grc' dir='ltr'>φρό-</span> 
     </span>
    </p>
   </div>
   <div class='ocr_carea' id='block_1_115' title="bbox 615 5715 2098 5799">
    <p class='ocr_par' dir='ltr' id='par_1_115' title="bbox 615 5723 2098 5799">
     <span class='ocr_line' id='line_1_115' title="bbox 615 5723 2098 5799; baseline -0.005 -14"><span class='ocrx_word' id='word_1_873' title='bbox 615 5724 674 5799; x_wconf 42' lang='grc' dir='ltr'><strong>⁷⁴Α</strong></span> <span class='ocrx_word' id='word_1_874' title='bbox 689 5723 969 5799; x_wconf 45' lang='lat' dir='ltr'><strong>Gen-fl},</strong></span> <span class='ocrx_word' id='word_1_875' title='bbox 1003 5724 1087 5799; x_wconf 64' lang='grc' dir='ltr'>Π.</span> <span class='ocrx_word' id='word_1_876' title='bbox 1164 5725 1209 5756; x_wconf 82' lang='grc'><strong>⁷⁷</strong></span> <span class='ocrx_word' id='word_1_877' title='bbox 1243 5724 1531 5799; x_wconf 81' lang='lat' dir='ltr'><strong>I_Timoth&#39;.</strong></span> <span class='ocrx_word' id='word_1_878' title='bbox 1561 5743 1614 5792; x_wconf 91' lang='lat' dir='ltr'><strong>v,</strong></span> <span class='ocrx_word' id='word_1_879' title='bbox 1650 5725 1822 5799; x_wconf 53' lang='lat'><strong>21]&quot;</strong></span> <span class='ocrx_word' id='word_1_880' title='bbox 1855 5724 2045 5780; x_wconf 87' lang='lat' dir='ltr'><strong>Matth.</strong></span> <span class='ocrx_word' id='word_1_881' title='bbox 2076 5741 2098 5778; x_wconf 70' lang='grc' dir='ltr'><strong>ι</strong></span> 
     </span>
    </p>
   </div>
   <div class='ocr_carea' id='block_1_116' title="bbox 2201 5715 3806 5799">
    <p class='ocr_par' dir='ltr' id='par_1_116' title="bbox 2201 5715 3806 5792">
     <span class='ocr_line' id='line_1_116' title="bbox 2201 5715 3806 5792; baseline -0.002 -15"><span class='ocrx_word' id='word_1_882' title='bbox 2201 5740 2225 5792; x_wconf 89' lang='lat'><strong>:,</strong></span> <span class='ocrx_word' id='word_1_883' title='bbox 2254 5723 2342 5779; x_wconf 74' lang='grc'><strong>26.</strong></span> <span class='ocrx_word' id='word_1_884' title='bbox 2420 5724 2465 5757; x_wconf 74' lang='grc'><strong>⁷⁸</strong></span> <span class='ocrx_word' id='word_1_885' title='bbox 2499 5723 2632 5780; x_wconf 90' lang='lat' dir='ltr'><strong>Luc.</strong></span> <span class='ocrx_word' id='word_1_886' title='bbox 2669 5737 2727 5786; x_wconf 82' lang='grc' dir='ltr'><strong>ιι,</strong></span> <span class='ocrx_word' id='word_1_887' title='bbox 2755 5721 2843 5778; x_wconf 74' lang='grc'><strong>62.</strong></span> <span class='ocrx_word' id='word_1_888' title='bbox 2919 5717 3187 5776; x_wconf 78' lang='lat' dir='ltr'><strong>“Jerem.</strong></span> <span class='ocrx_word' id='word_1_889' title='bbox 3227 5717 3484 5784; x_wconf 68' lang='lat' dir='ltr'><strong>nmmo.</strong></span> <span class='ocrx_word' id='word_1_890' title='bbox 3563 5718 3607 5750; x_wconf 82' lang='grc'><strong>⁶¹</strong></span> <span class='ocrx_word' id='word_1_891' title='bbox 3633 5715 3806 5774; x_wconf 84' lang='lat' dir='ltr'><strong>lCor.</strong></span> 
     </span>
    </p>
   </div>
   <div class='ocr_carea' id='block_1_117' title="bbox 549 5793 1302 5862">
    <p class='ocr_par' dir='ltr' id='par_1_117' title="bbox 549 5793 1302 5862">
     <span class='ocr_line' id='line_1_117' title="bbox 549 5793 1302 5862; baseline 0 -12"><span class='ocrx_word' id='word_1_892' title='bbox 549 5811 621 5862; x_wconf 78' lang='lat' dir='ltr'><strong>Ix,</strong></span> <span class='ocrx_word' id='word_1_893' title='bbox 647 5793 739 5848; x_wconf 64' lang='grc'>94.</span> <span class='ocrx_word' id='word_1_894' title='bbox 827 5793 872 5824; x_wconf 75' lang='grc'><strong>⁸³</strong></span> <span class='ocrx_word' id='word_1_895' title='bbox 901 5794 1040 5849; x_wconf 83' lang='lat' dir='ltr'><strong>Psal.</strong></span> <span class='ocrx_word' id='word_1_896' title='bbox 1083 5810 1226 5861; x_wconf 74' lang='lat' dir='ltr'><strong>XLVI,</strong></span> <span class='ocrx_word' id='word_1_897' title='bbox 1255 5795 1302 5850; x_wconf 77' lang='grc'><strong>1.</strong></span> 
     </span>
    </p>
   </div>
  </div>
