4172 6438
379 429 488 484 I77

1153 439 1242 494 DE
1283 438 1733 497 ADORATIONE
1771 439 1839 496 IN
1881 437 2157 497 SPIRITU
2194 438 2288 494 ET
2330 437 2709 496 VERlTATE.
2752 435 2882 492 LIB.
2923 436 2964 490 1.

3614 434 3720 490 178

380 563 444 641 νη
454 563 561 616 μα.
594 567 613 601 ι
647 549 757 605 Καὶ
778 551 986 607 νεοττοὶ
1011 554 1185 623 γυπὸς
1210 555 1280 610 τὰ
1306 556 1487 627 ὑψηλὰ
1509 559 1786 627 πέτονται,
1823 580 1841 614 ι
1869 559 2010 615 κατὰ

2120 559 2265 615 enim
2323 560 2439 626 ille,
2483 561 2579 631 qui
2631 566 2854 615 sanctos
2893 555 3074 621 decet,
3135 555 3296 627 longe
3335 563 3422 611 est
3479 555 3722 610 terrenis

379 639 441 692 τὸ
470 644 896 715 γεγραμμένον,
935 647 1100 722 είπερ
1144 649 1331 721 ἔχουσι
1381 652 1634 728 καθάπερ
1666 657 1746 718 είς
1780 657 1908 728 ὅρος
1952 658 2010 709 ἐν

377 733 612 805 οὐρανῷ
658 737 720 789 τὸ
750 737 1088 810 πολίτευμα,
1123 742 1218 795 καὶ
1270 745 1701 814 μεταποιοῦνται
1753 746 2012 819 πατρίδος

379 825 482 896 τῆς
516 825 658 882 ἄνω.
698 830 907 900 Γράφει
953 833 1010 886 δέ
1039 851 1142 887 που
1183 836 1277 889 καὶ
1312 837 1543 902 Παῦλος·
1589 859 1607 890 ι
1649 840 1730 893 Τὰ
1763 839 1874 894 ἄνω
1915 840 2011 911 ζη-

378 921 559 987 τεῖτε,
591 921 672 993 μὴ
706 922 776 978 τὰ
808 923 903 978 ἐπὶ
938 924 1043 997 τῆς
1077 927 1200 999 γῆς.
1238 947 1256 980 ι

457 1190 683 1247 ΠΑΛΛ.
738 1195 904 1267 Ὄρος
949 1190 1043 1250 οὖν
1074 1195 1184 1267 ἆρα
1219 1197 1280 1252 τὸ
1327 1201 1539 1274 νοητὸν,
1580 1203 1613 1273 ἡ
1654 1203 1712 1257 ἐν
1756 1200 2016 1272 ἁγιασμῷ

379 1285 528 1356 ζωὴ,
561 1287 662 1340 καὶ
687 1291 788 1360 τῆς
816 1289 1100 1362 ἐξαιρέτου
1130 1291 1409 1357 πολιτείας
1438 1296 1498 1348 τὸ
1524 1295 1847 1366 ὑπερτενὲς,
1873 1313 2017 1349 vocu-

381 1381 570 1452 μένης
605 1399 711 1434 που
740 1382 894 1436 κάτω
917 1385 1017 1454 τῆς
1051 1387 1110 1438 ὲν
1143 1385 1510 1457 ἀκαθαρσίαις
1539 1387 1634 1441 καὶ
1665 1386 2016 1460 φιλαμαρτή-

382 1487 581 1540 μονος,
617 1473 716 1526 καὶ
753 1474 866 1538 τοῖς
894 1472 1159 1543 ἐπιγείοις
1186 1475 1616 1550 ἐντετηγμένης.

457 1744 638 1818 ΚῩΡ.
669 1757 744 1818 Εὖ
780 1763 941 1834 ἔφης·
995 1761 1152 1817 τουτλ⁵
1187 1762 1300 1836 γὰρ
1333 1763 1470 1834 ἡμῖν
1511 1763 1540 1817 ὁ
1571 1762 1731 1834 λόγος
1760 1757 1820 1816 εὗ
1871 1762 2019 1835 μάλα

380 1857 718 1930 καταδηλοῖ,
748 1857 1092 1930 θαυμάσειας
1115 1856 1161 1910 δ’
1193 1855 1260 1912 ἂν
1288 1856 1368 1911 ἔτι
1399 1857 1494 1911 καὶ
1515 1856 1656 1914 τόδε.

459 1949 687 2004 ΠΑΛΛ.
723 1949 798 2004 Τὸ
837 1951 891 2005 τί
915 1968 931 2017 ;

459 2042 639 2096 ΚΥΡ.
690 2043 750 2097 '0
795 2042 898 2114 μὲν
941 2041 1052 2115 γὰρ
1087 2043 1361 2116 μακάριος
1404 2043 1640 2114 ἄγγελος
1683 2043 1920 2116 ἀμελητί
1959 2061 2016 2098 τε

379 2136 487 2190 καὶ
547 2137 976 2208 ἀμεταστρεπτὶ
1031 2137 1315 2193 διαθέοντα
1367 2137 1462 2192 τὸν
1509 2138 1803 2192 Θεσπέσιον
1851 2137 2016 2204 Λὼτ,

2115 655 2288 712 re'ius
2325 653 2602 724 superior.
2648 671 2666 703 ι
2705 651 2771 706 Et
2804 650 2942 722 pulli
2988 644 3229 704 vulturis
3253 648 3310 704 in
3347 647 3589 705 sublime
3618 662 3720 703 νο·-

2114 752 2256 815 lam,
2287 767 2305 800 ›
2343 754 2406 802 ut
2423 746 2691 816 scriptum
2729 752 2816 800 est
2840 743 2925 810 3';
2987 742 3266 814 siquidem
3301 741 3359 797 in
3414 741 3557 798 caalo
3594 749 3720 797 tan-

2117 859 2285 916 quam
2321 843 2379 897 in
2410 848 2598 896 monte
2627 837 2870 908 quodam
2899 838 2990 909 jus
3017 836 3260 892 civitatis
3290 835 3520 900 habent,
3543 843 3601 890 et
3623 851 3720 890 su-

2117 951 2349 1010 pernam
2388 935 2539 989 illam
2580 930 2816 1003 patriam
2856 945 3012 984 suam
3043 938 3261 1000 putant.
3300 928 3508 984 Scribit
3549 927 3720 984 etiam

2117 1031 2326 1088 Paulus
2361 1047 2374 1082 :
2419 1047 2437 1079 ι
2474 1026 2610 1094 Qua:
2672 1023 2901 1080 'sursum
2957 1032 3089 1078 sunt
3127 1021 3382 1094 quaerite,
3415 1038 3528 1077 non
3597 1037 3722 1093 quas

2118 1138 2286 1193 super
2321 1130 2526 1176 terram
2557 1118 2624 1172 ⁸⁸.
2667 1135 2686 1170 ι

2190 1214 2392 1272 PALL.
2441 1213 2598 1268 Mons
2650 1210 2837 1281 itaque
2892 1207 3203 1281 spiritualis
3257 1223 3370 1262 non
3426 1207 3569 1262 alius
3637 1214 3724 1262 est

2118 1324 2286 1381 quam
2343 1307 2459 1362 vita
2496 1320 2620 1376 qua:
2669 1303 2727 1358 in
2790 1303 3086 1358 sanctitate
3123 1300 3367 1365 ducitur,
3427 1316 3722 1355 conversa-

2119 1401 2402 1472 tionisque
2461 1395 2938 1470 praestantissimae
3001 1394 3354 1460 sublimitas;
3418 1402 3724 1464 contraque

2121 1492 2215 1548 illa
2241 1489 2467 1547 vivendi
2501 1489 2668 1555 ratio,
2703 1502 2828 1559 quae
2868 1487 2927 1541 in
2967 1484 3390 1556 impuritatibus
3447 1493 3721 1549 versatur,

2120 1595 2177 1642 et
2211 1583 2482 1657 peccandi
2513 1581 2700 1638 studio
2734 1590 2978 1644 tenetur,
3016 1587 3186 1649 atque
3218 1576 3277 1633 in
3318 1576 3488 1632 rebus
3546 1583 3724 1632 terre-

2121 1676 2210 1730 nis
2248 1673 2567 1739 intabescit,
2597 1672 2787 1727 inﬁma
2808 1670 3159 1742 intelligitur.

2192 1769 2353 1824 CYR.
2385 1768 2558 1822 Recte
2597 1767 2712 1823 ais:
2749 1765 2805 1820 id
2839 1765 2990 1820 enim
3047 1763 3219 1819 verba
3252 1762 3372 1834 ipsa
3403 1761 3614 1833 optime
3644 1761 3723 1816 si-

2123 1860 2405 1934 gniﬁcant.
2431 1859 2572 1914 Puto
2593 1867 2781 1914 autem
2800 1857 2969 1914 etiam
2989 1855 3129 1911 illud
3165 1855 3466 1910 mirabere.

2048 1946 2090 2002 Β
2192 1952 2393 2009 PALL.
2423 1951 2568 2020 Quid
2603 1951 2740 2006 illud
2782 1949 3050 2005 tandem?

2190 2044 2349 2100 CYR.
2371 2044 2510 2099 Nam
2550 2044 2644 2100 ille
2673 2043 2870 2098 beatus
2903 2041 3134 2113 angelus
3162 2039 3284 2096 sine
3329 2039 3442 2094 ulla
3491 2046 3723 2095 cuncta-

2120 2138 2272 2194 tione
2307 2154 2373 2193 ac
2412 2137 2822 2208 respectatione
2859 2143 3181 2192 currentem
3234 2134 3463 2189 beatum
3519 2131 3625 2186 Lot
3659 2131 3720 2186 in

2121 2240 2366 2286 montem
2419 2229 2798 2285 conscendere
2853 2235 3113 2300 oportere
3163 2225 3405 2282 dicebat.
3441 2225 3493 2280 Is
3537 2233 3724 2278 autem

2121 2325 2351 2396 rogabat
2389 2323 2620 2380 dicens:
2665 2343 2682 2374 ι
2711 2321 2930 2390 Quaaso,
2954 2320 3208 2385 Domine,
3249 2319 3515 2391 quoniam
3562 2316 3722 2372 inve-

2120 2419 2204 2473 nit
2236 2433 2436 2473 servus
2466 2427 2597 2472 tuus
2620 2416 2855 2489 gratiam
2873 2431 3062 2470 coram
3080 2423 3155 2480 te,
3173 2423 3230 2470 et
3251 2410 3724 2484 magniﬁcastiju-

2121 2511 2332 2567 stitiam
2370 2520 2544 2578 tuam,
2587 2526 2756 2582 quam
2786 2509 2925 2565 facis
2956 2509 3013 2563 in
3048 2523 3160 2574 me,
3221 2514 3284 2561 ut
3319 2507 3491 2575 .vivat
3541 2505 3727 2560 anima

2121 2620 2291 2660 mea:
2323 2619 2426 2676 ego
2482 2619 2620 2658 vero
2661 2619 2773 2658 non
2843 2610 3041 2673 potero
3090 2600 3294 2655 salvari
3353 2599 3410 2652 in
3459 2606 3724 2663 montem,

2122 2711 2192 2751 ne
2231 2694 2710 2766 comprehendant
2735 2710 2824 2750 me
2864 2695 3031 2759 mala,
3066 2703 3124 2747 et
3157 2692 3384 2747 moriar.
3414 2691 3557 2746 Ecce
3584 2690 3720 2746 civi-

2124 2795 2210 2842 tas
2235 2787 2417 2858 juxta,
2458 2795 2523 2843 ut
2552 2786 2866 2858 confugiam
2899 2786 3058 2852 illuc,
3115 2800 3240 2856 quae
3275 2791 3361 2840 est
3397 2799 3588 2855 parva,
3648 2783 3727 2837 ibi

2124 2867 2384 2936 salvabor
2417 2897 2430 2934 :
2464 2895 2653 2935 nonne
2695 2895 2866 2950 parva
2894 2887 3002 2945 est,
3042 2887 3101 2933 et
3139 2878 3290 2933 vivet
3324 2876 3508 2931 anima
3565 2875 3730 2931 mea?

2123 2971 2195 3027 Et
2237 2972 2379 3028 dixit
2438 2973 2545 3037 illi,
2579 2972 2805 3042 inquit:
2840 2971 2986 3028 Ecce
3025 2970 3339 3027 admiratus
3370 2985 3493 3026 sum
3529 2968 3730 3024 faciem

379 2229 599 2300 χρῆναι
631 2229 745 2283 δεῖν
782 2228 1026 2300 ἔφασκεν
1061 2232 1142 2294 είς
1189 2230 1251 2283 τὸ
1295 2230 1421 2303 όρος
1450 2230 1758 2302 ἀναπηδᾷν.
1799 2231 1866 2285 Ὀ
1912 2231 2021 2285 ἐλι-

385 2327 580 2395 πάρει
609 2323 810 2394 λέγων·
863 2343 882 2376 ι
921 2323 1148 2396 Δέομαι,
1183 2323 1357 2397 Κύριε
1378 2365 1392 2390 ,
1423 2325 1614 2396 ἐπειδὴ
1643 2317 1805 2397 εὗρεν
1830 2327 1859 2380 ό
1890 2328 2021 2390 παῖς

386 2435 489 2470 σου
514 2416 671 2480 ἕλεος
693 2415 940 2470 ἐναντίον
967 2434 1084 2480 σου,
1119 2418 1215 2471 καί
1242 2418 1592 2489 ἐμεγάλυνας
1624 2418 1723 2488 τὴν
1745 2417 2022 2474 δικαιοσύ·

382 2527 492 2579 νην
535 2527 658 2573 σου,
702 2509 733 2562 ὃ
771 2513 948 2574 ποιεῖς
976 2510 1070 2563 ἐπὶ
1093 2509 1188 2564 τοῦ
1228 2511 1329 2582 ζῇν
1347 2498 1455 2582 ’τὴν
1513 2511 1694 2582 ψυχήν
1735 2527 1872 2583 μου·
1910 2509 2022 2581 ἐγὼ

382 2602 450 2654 δὲ
480 2601 546 2654 οὐ
584 2601 891 2672 δυνήσομαι
930 2600 1268 2672 διασωθῆναι
1300 2603 1380 2667 είς
1415 2601 1475 2655 τὸ
1521 2602 1680 2672 ὄρος,
1737 2603 1812 2675 μὴ
1847 2620 2020 2657 κατα-

385 2693 539 2764 λάϐῃ
581 2710 652 2764 με
691 2694 761 2746 τὰ
788 2693 940 2746 κακὰ
963 2734 978 2759 ,
1019 2694 1113 2746 καὶ
1145 2692 1425 2748 ἀποθάνω.
1468 2694 1600 2748 Ἰδοὺ
1633 2696 1666 2767 ἡ
1694 2695 1850 2758 πόλις
1879 2695 2022 2766 αὕτη

384 2788 573 2856 ἐγγὺς
613 2786 711 2840 τοῦ
741 2788 1082 2856 καταφυγεῖν
1125 2803 1195 2857 με
1238 2786 1390 2853 ἐκεῖ,
1419 2786 1454 2857 ἦ
1487 2787 1605 2840 ἐστι
1639 2787 1816 2860 μικρὰ
1839 2828 1854 2852 ,
1904 2789 2024 2842 ἐκεῖ

393 2878 753 2950 σωθήσομαι.
781 2879 854 2932 Οὐ
889 2878 1064 2950 μικρά
1093 2880 1232 2944 ἐστι,
1262 2879 1358 2932 καὶ
1387 2877 1614 2950 ζήσεται
1646 2879 1681 2950 ἡ
1706 2879 1852 2951 ψυχή
1885 2898 2020 2952 μου;

388 2972 512 3027 Καὶ
545 2969 725 3025 εἰπὼν
759 2969 934 3043 αὐτῷ,
963 2970 1152 3042 φησίνο
1207 2970 1340 3025 Ἰδοὺ
1370 2970 1484 3040 ἐγὼ
1517 2971 1809 3042 ἐθαύμασα
1843 2989 1938 3026 σου
1962 2974 2024 3027 τὸ

388 3065 702 3136 πρόσωπον
729 3065 828 3119 καὶ
856 3065 951 3118 ἐπὶ
989 3065 1068 3136 τῷ
1108 3065 1318 3137 ῥήματι
1358 3066 1572 3138 τούτῳ,
1613 3062 1708 3119 τοῦ
1753 3064 1830 3138 μὴ
1854 3083 2018 3120 κατα-

2125 3073 2278 3120 tuam
2316 3065 2485 3122 etiam
2517 3065 2575 3120 in
2611 3065 2784 3120 verbo
2812 3065 2942 3131 hoc,
2975 3081 3045 3119 ne
3071 3064 3391 3119 subvertam
3422 3064 3727 3125 civitatem,

389 3156 638 3228 στρέψαι
657 3157 758 3229 τὴν
780 3155 936 3212 πόλιν
959 3157 1090 3228 περὶ
1123 3152 1191 3232 ῆς
1220 3155 1513 3229 ἐλάλησας.
1540 3155 1786 3213 Σπεῦσον
1809 3151 1902 3212 οὖν
1927 3152 2018 3212 τοῦ

2126 3157 2196 3214 de
2233 3173 2342 3229 qua
2363 3159 2585 3214 locutus
2618 3175 2699 3214 es.
2725 3158 2949 3214 Festina
2985 3157 3155 3228 igitur
3185 3164 3248 3212 ut
3291 3154 3525 3212 salveris
3555 3155 3727 3221 illuc;

392 3249 657 3320 σωθῆναι
709 3251 861 3314 ἐκεῖ,
895 3249 956 3303 οὐ
1009 3249 1119 3321 γὰρ
1168 3249 1474 3322 δυνήσομαι
1511 3249 1748 3320 ,ποιῆσαι
1790 3251 2018 3321 πρᾶγμα

2127 3265 2309 3321 neque
2331 3250 2480 3305 enim
2517 3260 2713 3321 potero
2747 3249 2929 3305 facere
2959 3248 3286 3320 quidquam,
3317 3261 3608 3318 quousque
3640 3245 3728 3300 in-

384 3342 499 3407 ιως
527 3307 628 3396 τοῦ
657 3343 716 3397 σέ
741 3307 1006 3398 εἰσελθεῖν
1021 3307 1162 3398 ἐκεῖ.
1189 3307 1300 3397 Διὰ.
1320 3307 1480 3414 τοῦτο
1500 3307 1729 3396 ἐκάλεσε
1763 3307 2018 3414 τὸδνομα

2126 3361 2353 3418 gressus
2396 3345 2573 3400 fueris
2607 3345 2760 3400 illuc.
2801 3344 2932 3400 Ideo
2970 3343 3194 3398 vocavit
3228 3356 3434 3396 nomen
3484 3339 3730 3395 civitatis

383 3435 497 3502 τῆς
532 3435 749 3500 πόλεως
797 3437 1041 3507 ἐκείνης,
1074 3433 1297 3508 Σηγώρ.
1342 3434 1402 3489 '0
1448 3435 1601 3506 ἥλιος
1648 3434 1877 3506 ἐξῆλθεν
1927 3435 2018 3490 ἐπὶ

2125 3439 2298 3505 illius,
2352 3438 2545 3510 Segor.
2601 3437 2694 3494 Sol
2730 3445 2890 3493 ortus
2920 3444 3006 3492 est
3051 3451 3221 3507 super
3255 3443 3485 3500 terram,
3527 3441 3586 3490 et
3623 3431 3732 3488 Lot

383 3531 494 3600 τὴν
526 3528 660 3597 γῆν,
696 3528 792 3582 καὶ
826 3526 950 3582 Λὼτ
973 3527 1225 3600 εἰσῆλθεν
1259 3530 1340 3592 εἰς
1368 3527 1468 3599 τὴν
1499 3526 1720 3602 Σηγώρ.
1757 3546 1775 3579 ι

2124 3530 2408 3603 ingressus
2435 3540 2521 3586 cst
2545 3530 2718 3603 Segor
2755 3531 2822 3584 ⁸⁸.
2861 3549 2879 3582 ι

467 3623 688 3678 ΠΑΛΛ.
725 3623 835 3677 Καὶ
865 3623 951 3687 τίς
988 3621 1055 3676 ἂν
1087 3621 1300 3691 γένοιτο
1329 3622 1425 3676 καὶ
1458 3621 1546 3676 διὰ
1581 3621 1790 3677 τούτων
1823 3623 1956 3696 ἡμῖν
1986 3627 2018 3698 ή

2193 3623 2396 3680 PALL.
2416 3623 2680 3691 Quaenam
2696 3639 2829 3679 vero
2860 3638 2930 3678 ex
2952 3621 3038 3677 his
3071 3620 3259 3677 verbis
3279 3619 3348 3676 ad
3373 3635 3477 3676 nos
3503 3634 3728 3691 perma-

385 3717 585 3790 ὖνησις
606 3757 621 3784 ,
655 3715 896 3788 ἐθέλοιμ’
921 3714 1010 3782 ἂν,
1042 3715 1120 3780 ὡς
1159 3710 1219 3770 εὖ
1254 3715 1364 3770 ίσθι
1407 3732 1519 3781 τοι,
1563 3715 1872 3788 διαμαθεῖν.

2122 3731 2260 3772 nare
2292 3716 2470 3787 possit
2526 3715 2740 3770 utilitas
2762 3756 2776 3780 ,
2807 3713 3094 3785 equidem,
3123 3720 3186 3768 ut
3229 3712 3348 3783 ipse
3389 3711 3556 3778 nosti,
3588 3724 3728 3766 aveo

2125 3809 2366 3866 discere.

471 3897 649 3951 ΚΥΡ.
689 3897 761 3949 Ἦ
785 3895 907 3967 οὐχὶ
938 3894 1150 3966 συνίης,
1177 3895 1358 3950 καίτοι
1380 3895 1517 3950 πολὺ
1547 3896 1819 3961 νενευκὼς
1848 3897 1928 3962 είς
1959 3897 2020 3952 τὸ

389 3992 518 4046 λίαν
552 3989 821 4062 εὐμαθὲς,
859 3989 946 4043 ὅτι
995 3991 1109 4053 τοῖς
1145 3988 1272 4060 ἄρτι
1313 3989 1650 4060 φαυλότητος
1686 3989 2022 4063 ἐκδεδραμη-

391 4085 541 4148 κόσι,
579 4083 781 4156 χρῆναι
817 4083 875 4137 δὲ
903 4083 1014 4138 δεῖν
1051 4081 1322 4154 οἰομένοις
1347 4082 1443 4136 ἐπὶ
1475 4081 1577 4155 τὴν
1606 4081 1707 4152 τῆς
1740 4082 2020 4153 σωτηρίας

2192 3904 2354 3961 CYR.
2387 3905 2473 3959 An
2508 3903 2751 3977 ignoras,
2788 3919 2915 3960 cum
2954 3899 3164 3971 alioqui
3193 3899 3271 3955 sis
3308 3898 3422 3954 acri
3462 3895 3730 3969 praeditus

2124 3997 2368 4068 ingenio,
2401 3996 2498 4066 qui
2555 4010 2786 4068 nupere
2838 3993 3089 4065 nequitia
3147 3991 3503 4054 emerserint,
3553 3998 3727 4059 atque

2123 4089 2428 4144 statuerint
2477 4087 2626 4143 viam
2681 4087 2882 4143 salutis
2926 4085 3167 4157 ingredi,
3222 4098 3320 4139 eos
3366 4098 3480 4136 non
3536 4079 3727 4138 statim

393 4179 580 4233 ἵεσθαι
609 4177 824 4250 τρίϐον,
852 4177 955 4231 οὐκ
980 4175 1166 4241 εὐθὺς,
1194 4174 1321 4229 οὔτε
1350 4175 1459 4246 μὴν
1485 4175 1550 4228 ἐκ
1579 4173 1814 4246 πρώτων
1840 4175 2020 4244 ἐγχειο

393 4272 692 4345 ρημᾶτων,
721 4269 1002 4340 ἁλώσιμος
1031 4271 1066 4340 ἡ
1096 4268 1267 4340 ἀρετὴ
1297 4268 1394 4323 καὶ
1421 4266 1656 4338 βάσιμον
1687 4267 1750 4319 τὸ
1787 4265 2016 4335 δοκοῦν;

391 4367 543 4420 Ἀλλ’
576 4365 690 4418 οὐδ’
723 4363 791 4419 ἂν
818 4363 1060 4426 εὐκόλως
1081 4360 1476 4433 ἀνακομίζοιτό
1499 4377 1583 4424 τις
1621 4360 1703 4424 είς
1743 4358 2019 4414 πολιτείαν

392 4455 778 4532 ὲξῃρημένην,
811 4455 922 4510 οὐδ’
959 4454 1026 4530 ay
1059 4454 1274 4524 γένοιτο
1305 4451 1527 4524 μακρὰν
1558 4451 1669 4505 τῶν
1708 4450 1871 4506 οἱονεί
1900 4467 2019 4515 πως

389 4550 551 4622 αὐτῷ
602 4548 1106 4620 συντεθραμμένων
1149 4546 1362 4614 παθῶν,
1405 4545 1521 4601 ἀλλ’
1568 4542 1675 4611 ἔξω
1723 4544 1824 4617 μὲν
1863 4543 2018 4599 ἐσται

2121 4197 2304 4252 neque
2374 4180 2558 4251 primo
2615 4188 2822 4236 conatu
2876 4178 3170 4250 percipere
3222 4191 3386 4246 posse
3434 4174 3724 4240 virtutem,

2121 4279 2179 4328 et
2199 4287 2266 4328 eo
2288 4271 2604 4342 pervenire,
2627 4285 2738 4340 quo
2760 4266 3198 4324 constituerint?
3228 4264 3545 4332 Quinetiam
3574 4264 3725 4319 haud

2121 4365 2284 4421 facile
2315 4364 2442 4436 quis
2481 4363 2551 4419 ad
2610 4363 2873 4419 eximiam
2903 4360 3033 4418 vita:
3067 4359 3340 4415 rationem
3384 4356 3584 4412 adduci
3620 4374 3724 4429 po-
3835 4407 3838 4412 .

2121 4467 2232 4516 test
2255 4465 2354 4514 aut
2377 4457 2656 4514 semoveri
2691 4455 2848 4511 abiis
2884 4453 3115 4521 morbis,
3149 4454 3246 4525 qui
3280 4469 3408 4508 cum
3440 4452 3535 4508 illo
3583 4453 3720 4509 ado-

2121 4552 2378 4616 leverint,
2402 4551 2501 4606 sed
2531 4550 2602 4606 ab
2628 4547 2906 4621 ejusmodi
2949 4546 3108 4602 vitiis
3143 4545 3488 4617 pedetentim
3519 4544 3717 4612 exibit,

390 4646 506 4700 τῶν
552 4643 815 4697 τοιούτων
847 4642 1034 4714 ἡρέμα
1055 4683 1070 4708 ,
1103 4643 1164 4696 τό
1188 4659 1254 4711 γε
1296 4641 1422 4694 ὅσον
1448 4640 1530 4704 είς
1567 4637 1879 4711 προθυμίας
1919 4637 2018 4704 τὰς

2124 4645 2273 4717 quod
2292 4644 2362 4701 ad
2383 4643 2632 4701 melioris
2665 4644 2808 4700 vita:
2830 4641 3100 4706 studium,
3134 4647 3192 4694 et
3231 4646 3532 4694 conatuum
3562 4637 3723 4694 initia

391 4738 483 4793 ἐπ’
523 4737 804 4808 ἀμείνοσι,
851 4736 949 4790 καὶ
987 4735 1412 4808 ἐγχειρημάτων
1446 4733 1642 4806 ἀρχάςο
1689 4730 1828 4803 ὑψοῦ
1861 4731 1918 4785 δὲ
1955 4731 2017 4785 οὐ

2121 4739 2384 4810 pertinet,
2417 4737 2528 4810 29
2583 4753 2699 4793 non
2749 4744 2938 4791 tamen
2997 4732 3223 4789 sublimi
3264 4731 3569 4787 admodum
3607 4731 3720 4788 erit

389 4833 538 4896 λίαν,
570 4833 604 4904 ἢ
639 4832 882 4904 μακράν·
915 4829 1202 4902 μονονουχὶ
1231 4829 1290 4884 δὲ
1329 4827 1780 4900 μεταφοιτήσειεν
1806 4826 1888 4891 είς
1915 4825 2018 4897 γῆν

2120 4832 2265 4899 loco,
2297 4839 2396 4888 aut
2418 4831 2639 4904 longius
2656 4838 2892 4894 remoto,
2914 4827 3008 4884 sed
3043 4825 3383 4899 demigrabit
3407 4825 3522 4892 ille,
3546 4839 3723 4896 prope

395 4927 499 4998 μὲν
529 4924 731 4995 ὥσπερ
761 4925 842 4988 είς
876 4923 1092 4996 ἑτέραν,
1134 4924 1216 4987 είς
1259 4917 1404 4992 ζωῆν
1448 4921 1548 4992 μὲν
1593 4917 2018 4990 ἐπαινουμένην,

391 5019 619 5091 ὑψηλὴν
655 5017 716 5071 δὲ
748 5015 904 5083 οφπω
941 5016 1036 5071 καὶ
1076 5015 1370 5087 περίοπτον
1401 5011 1676 5085 λαχοῦσαν
1709 5011 1808 5084 τὴν
1837 5011 2018 5078 δόξαν,

385 5113 562 5168 ὁποία
599 5129 687 5174 τις
716 5105 787 5182 ἦν
810 5111 846 5180 ἡ
892 5109 1037 5164 κατὰ
1073 5108 1238 5179 νόμον
1268 5104 1657 5175 παιδαγωγίαῖ
1671 5105 1809 5178 πρὸς
1842 5103 2018 5176 ἀρχὰς

387 5204 760 5276 ἀναφέρουσα
796 5202 949 5274 ζωῆς
977 5201 1210 5275 ἀρίστης
1236 5217 1295 5254 τε
1320 5201 1414 5255 καὶ
1437 5199 1671 5271 ἀγαθῆς.
1701 5197 2019 5268 Γέγραπται

387 5301 528 5371 γάρ·
572 5317 591 5350 ι
640 5297 813 5369 Ἀρχὴ
836 5296 959 5350 ὁδοῦ
993 5295 1206 5366 ἀγαθῆς
1228 5294 1293 5347 τὸ
1316 5295 1490 5347 ποιεῖν
1519 5291 1590 5346 τὰ
1615 5291 1822 5346 δίκαια.
1866 5310 1884 5343 ι
1923 5290 2020 5344 Ὃν

387 5393 504 5466 γὰρ
533 5393 743 5464 τρόπον
776 5393 892 5453 τοῖς
923 5389 1054 5461 περὶ
1097 5387 1299 5458 γνῶσιν
1326 5385 1695 5440 ἐσπουδακόσι
1715 5424 1729 5449 ,
1763 5384 1858 5438 καὶ
1883 5383 2020 5436 θεω-

392 5485 526 5558 ρίας
583 5482 898 5553 ἐφιεμένοις
932 5481 1032 5551 τῆς
1089 5480 1392 5551 μυστικῆς,
1448 5476 1756 5548 ἐπιτήδειος
1812 5473 1912 5546 μὲν
1961 5476 2020 5527 ἐν

390 5578 602 5649 ἀρχαῖς
631 5575 726 5629 καὶ
756 5576 839 5630 ὅτι
879 5573 1119 5645 μάλιστα
1151 5573 1381 5644 πρέπων
1415 5570 1503 5642 εἴη
1551 5569 1617 5624 ἂν
1656 5571 1685 5623 ό
1728 5569 1828 5640 τῆς
1881 5585 2014 5622 κατ-

390 5671 661 5742 ηχήσεως
691 5667 850 5738 λόγος
868 5683 883 5698 °
916 5666 1194 5720 διάττουσι
1217 5665 1275 5719 δὲ
1307 5664 1442 5736 πρὸς
1467 5663 1638 5735 ἄνδρα
1659 5661 1860 5716 τέλειον
1883 5663 2018 5734 ἤδη,

393 5762 495 5816 καὶ
523 5761 610 5823 είς
635 5758 833 5832 μέτρον
865 5759 1082 5831 ἡλικίας
1103 5757 1198 5812 τοῦ
1225 5756 1592 5830 πληρώματος
1621 5755 1715 5810 τοῦ
1745 5755 2009 5826 Χριστοῦ,

499 5943 552 5978 ⁸³
577 5942 684 6002 Job
734 5959 956 6014 xxxvnr,
987 5945 1040 6000 4.
1133 5945 1190 6017 ,⁸⁵
1224 5941 1438 6001 Coloss.
1488 5959 1568 6013 ιιι,
1610 5945 1694 6028 2ο,

1768 5945 1814 5979 ⁸³
1846 5944 1985 6004 Gen.
2015 5957 2127 6014 XIX,
2166 5941 2350 6001 {8-23.

2121 4919 2381 4992 dixerim,
2441 4933 2709 4996 tanquam
2745 4924 2802 4978 in
2833 4923 2976 4979 alias
3017 4929 3218 4986 terras,
3247 4920 3318 4976 ad
3369 4920 3564 4984 vitam,
3595 4919 3722 4974 lau-

2121 5017 2365 5074 dabilem
2393 5017 2622 5088 quidem
2657 5017 2832 5082 illam,
2867 5015 2966 5071 sed
2993 5013 3061 5070 de
3086 5015 3256 5086 cujus
3283 5012 3461 5085 gloria
3483 5026 3596 5066 non
3625 5011 3727 5067 ad-

2125 5110 2353 5166 modum
2394 5109 2652 5166 sublimis
2698 5117 2865 5180 atque
2921 5107 3222 5178 conspicua
3261 5106 3335 5161 sit
3379 5105 3593 5177 opinio,
3627 5119 3726 5161 cu-

2117 5202 2363 5274 jusmodi
2419 5209 2543 5256 erat
2595 5201 2689 5256 illa
2745 5199 2885 5272 legis
2930 5198 3230 5264 institutio,
3273 5212 3397 5268 quae
3433 5195 3505 5252 ad
3550 5196 3713 5252 initia

2121 5295 2310 5366 probae
2335 5302 2705 5366 spectataeque
2722 5293 2850 5350 vitae
2872 5290 3228 5364 perducebat.
3253 5289 3535 5361 Scriptum
3567 5306 3726 5348 nam-

2121 5403 2232 5458 que
2265 5395 2353 5444 est
2379 5405 2392 5440 :
2437 5406 2455 5439 ‹
2487 5387 2716 5442 Initium
2737 5387 2842 5442 viae
2872 5386 3034 5442 bonae
3066 5392 3154 5440 est
3217 5382 3402 5439 facere
3431 5384 3581 5456 justa
3608 5384 3712 5439 ⁸⁸.»
3751 5377 3766 5392 ’

2122 5481 2193 5537 Ut
2221 5480 2372 5536 enim
2424 5479 2520 5551 qui
2571 5479 2879 5551 cognitioni
2912 5478 3164 5542 student,
3211 5484 3269 5532 et
3291 5477 3720 5549 contemplatio-

2123 5588 2252 5627 nem
2286 5572 2580 5644 mysticam
2616 5580 2908 5642 expetunt,
2936 5571 3005 5627 iis
3042 5577 3208 5641 aptus
3255 5579 3341 5625 est
3363 5569 3433 5624 ab
3465 5568 3625 5623 initio
3661 5575 3722 5624 et

2123 5664 2182 5722 in
2236 5664 2434 5736 primis
2491 5663 2833 5719 conveniens
2891 5657 3274 5720 catecheticus
3336 5674 3545 5725 sermo,
3617 5655 3717 5713 sed

2121 5753 2211 5818 iis,
2249 5753 2346 5825 qui
2373 5754 2488 5826 jam
2516 5752 2574 5808 in
2597 5753 2782 5809 virum
2811 5753 3122 5826 perfectum
3148 5760 3527 5826 pervenerunt
3573 5756 3632 5806 et
3657 5746 3718 5805 in

2430 5941 2475 5976 ⁶⁶
2514 5943 2675 6002 Prov.
2727 5957 2834 6012 xvi,
2872 5939 2929 5998 5.
