4172 6452
509 349 616 404 179
1554 350 1610 406 S.
1644 349 1924 406 CYRILLI
1961 350 2439 407 ALEXANDRINI
2464 350 2784 407 ARCllIEP.
3704 353 3815 406 180

396 482 478 496 ἐ-
507 476 821 519 mensuram
857 461 1036 517 aetatis
1087 461 1453 531 plenitudinis
1493 460 1703 517 Christi
1727 462 2069 529 “7,.conveni

2202 461 2497 533 ἀρμόσειεν
2531 461 2597 516 ἂν
2631 462 2733 533 ἤδη
2773 479 2890 526 πως
2939 462 2974 533 ἡ
3010 461 3353 533 στερεωτέρα
3396 463 3572 534 τροφὴ
3600 505 3615 530 ,
3658 463 3806 517 τοῦτ’

504 556 741 612 solidior
779 549 961 619 cibus,
1005 554 1062 609 id
1101 562 1207 619 est,
1240 570 1429 609 rerum
1479 570 1865 625 supremarum
1916 555 2078 624 expli-

2205 552 2374 618 ἔστιν,
2409 554 2438 607 6
2476 554 2607 625 περὶ
2651 553 2761 607 τῶν
2794 553 3056 609 ἀνωτάτω
3104 553 3298 624 λόγος,
3327 552 3483 625 οίμός
3524 571 3583 608 τε
3615 555 3806 611 ἅπασα

505 649 673 714 catio,
717 647 805 702 via
839 646 1084 717 denique
1122 646 1307 702 omnis
1338 662 1404 703 ac
1465 647 1617 702 ratio
1636 647 1962 719 dogmaticae
2009 648 2078 702 in-

2202 645 2388 699 λοιπὸν
2447 644 2677 716 ἐρεύνης
2727 644 3095 717 ὼγματικῆς·
3147 645 3292 699 οὑτω
3342 646 3574 701 κάνθάδε
3623 650 3804 719 φημὶ,

469 740 826 812 ν’ἀαεειὶοιιὶε
849 748 936 794 εει
952 739 1291 810 aperienda:
1320 740 1400 794 sic
1443 740 1501 794 in
1534 739 1639 795 hac
1664 755 1895 811 quoque
1917 748 2074 812 parte

2201 734 2345 790 τοῦτ’
2384 734 2552 798 ἔστιν,
2581 737 2639 788 ἐν
2670 737 2791 799 ταῖς
2818 734 2925 788 τῶν
2944 733 3094 805 ἠθῶν
3125 735 3221 789 καὶ
3248 735 3468 807 τρόπων
3491 737 3802 808 ἐπανορθώ-

507 833 564 889 id
590 844 706 899 est,
772 835 828 888 in
868 832 1123 888 moribus
1160 832 1508 905 corrigendis
1540 832 1688 889 haud
1728 832 1811 889 fas
1854 842 1942 889 est
1972 833 2078 887 cui-

2201 843 2340 892 σεσι,
2361 828 2463 881 οὐκ
2492 826 2559 881 ἂν
2584 826 2669 898 εἴη
2695 826 2804 881 τῶν
2828 828 3195 899 ἐνδεχομένων
3222 827 3387 892 εὐθὺς
3417 827 3803 901 ἀναθρώσκειν

504 942 693 996 quam,
717 927 898 998 primo
928 927 1119 981 statim
1169 926 1382 996 impetu
1428 925 1497 980 ad
1523 932 1731 981 statum
1766 925 1943 996 culpae
1971 939 2095 979 om-

502 1019 592 1074 nis
607 1017 974 1089 expertem,id
995 1025 1081 1072 est
1102 1016 1170 1072 ad
1195 1016 1579 1072 admirabilem
1604 1023 1770 1087 atque
1799 1015 2094 1070 sublimem

501 1111 726 1166 vivendi
786 1110 1061 1166 rationem
1117 1109 1510 1165 conscendere.
1547 1109 1857 1165 Procedere
1908 1117 2094 1163 tamen

502 1202 652 1258 idem
690 1211 874 1275 potest
931 1202 1198 1274 paulatim
1239 1202 1307 1257 ad
1341 1202 1592 1257 habitum
1628 1202 1878 1257 numeris
1908 1201 2091 1257 omni-

502 1294 609 1350 bus
645 1294 988 1359 absolutum,
1046 1294 1092 1348 si
1134 1291 1205 1348 ab
1257 1292 1475 1364 exiguis
1505 1300 1563 1346 et
1590 1290 1973 1349 mediocribus
2001 1289 2093 1344 in—

499 1386 733 1456 ceperit,
774 1401 841 1441 ac
862 1384 1271 1456 quodammodo
1302 1398 1629 1455 progressus
1665 1382 1835 1439 fuerit
1870 1382 1939 1438 ad
1976 1381 2094 1437 exi-

501 1494 669 1550 guam
716 1477 1002 1534 civitatem
1052 1484 1111 1533 et
1163 1476 1385 1532 excelso
1438 1475 1612 1530 monti
1652 1474 1978 1545 proximam,
2019 1473 2088 1528 ad

498 1582 623 1627 eam
663 1586 864 1643 nempe
895 1570 1123 1627 vivendi
1155 1569 1447 1634 rationem,
1483 1584 1605 1639 quae
1633 1568 1761 1623 vita:
1798 1567 2084 1638 praestanti

498 1673 673 1735 atque
720 1663 947 1720 sublimi
1018 1662 1267 1734 subjecta
1307 1668 1395 1717 est
1441 1670 1498 1716 et
1545 1658 1793 1714 inferior.
1829 1659 1943 1714 Hac
1996 1674 2090 1714 ra-

499 1753 652 1809 tione
673 1753 859 1824 justus
905 1752 1029 1817 Lot,
1058 1751 1154 1822 qui
1210 1767 1322 1806 non
1369 1750 1425 1805 in
1456 1758 1701 1805 montem
1741 1749 1949 1813 statim,
1990 1748 2088 1804 sed

2198 918 2458 973 δύνασθαί
2502 937 2654 982 τινας
2705 918 2800 972 ἐπὶ
2848 919 2911 972 τὸ
2957 921 3280 991 ἀμωμήτως
3328 919 3473 991 ἔχον,
3508 922 3678 992 ἤγουν
3720 926 3801 988 είς

2199 1011 2456 1081 ὑπερφυᾶ
2477 1011 2571 1064 καὶ
2620 1010 2929 1081 ὑπέρλοφον
2965 1010 3264 1066 πολιτείαν.
3318 1013 3595 1085 Προσήκοι
3621 1015 3665 1068 δ’
3706 1015 3799 1082 ἂν,

2196 1094 2375 1169 οἶμαι,
2400 1100 2542 1154 κατὰ
2566 1099 2741 1171 βραχὺ
2774 1100 2911 1172 πρὸς
2940 1100 3037 1172 τὴν
3066 1100 3271 1173 ἀρτίως
3301 1100 3531 1172 ἔχουσαν
3559 1104 3694 1170 ἕξιν,
3730 1109 3798 1160 ἐκ

2198 1191 2412 1263 μικρῶν
2458 1191 2554 1246 καὶ
2597 1192 2930 1264 συμμέτρων
2977 1191 3322 1265 ἀρξάμενος,
3368 1195 3465 1250 καὶ¹
3512 1202 3796 1270 μονονουχὶ

2194 1284 2599 1357 προειστρέχων
2628 1285 2882 1358 καθάπερ
2915 1287 2997 1351 είς
3048 1287 3203 1341 πόλιν
3234 1288 3459 1360 μικρὰν,
3504 1291 3598 1343 καὶ
3631 1291 3795 1362 ὅρους

2195 1374 2399 1447 ὑψηλοῦ
2434 1376 2674 1445 γείτονα,
2706 1377 2809 1449 τὴν
2838 1380 2939 1450 τῆς
2966 1377 3247 1449 ἐξαιρέτου
3279 1380 3374 1433 καὶ
3397 1377 3794 1456 ἀνῳκισμένης

2193 1470 2341 1542 ζωῆς
2358 1471 2782 1543 ὑποκαθημένην
2800 1489 2861 1525 τε
2882 1473 2975 1525 καὶ
2993 1474 3052 1525 ἐν
3067 1473 3245 1544 μείοσι
3262 1475 3560 1532 πολιτείαν.
3581 1480 3793 1553 Ταύτῃ⁴

2189 1580 2271 1617 τοι
2303 1564 2398 1619 καὶ
2418 1565 2447 1618 6
2473 1564 2683 1629 δίκαιος
2707 1563 2852 1629 Λὼτ,
2878 1565 3049 1631 τύπος
3069 1567 3136 1621 ἂν
3169 1567 3258 1637 εῐη
3291 1567 3402 1622 τῶν
3429 1570 3558 1641 τῇδε
3582 1570 3794 1627 διακει-

2194 1657 2393 1727 μένων,
2429 1656 2528 1711 οὑκ
2564 1657 2643 1721 εἰς
2677 1657 2738 1710 τὸ
2764 1657 2890 1728 ὅρος
2934 1658 3128 1723 εὐθὺς,
3159 1659 3277 1714 ἀλλ’
3307 1661 3366 1715 ἐν
3410 1661 3565 1716 πόλει
3593 1664 3799 1736 Σηγὼρ

2189 1750 2255 1821 τῇ
2285 1750 2457 1821 μικρᾷ
2477 1790 2497 1815 ,
2516 1748 2845 1805 καταλύσειν
2874 1748 3061 1815 ἀξιῶν.
3097 1752 3167 1805 Ἢ
3196 1751 3305 1824 γάρ
3330 1754 3452 1824 οὐχὶ
3474 1755 3651 1809 καὶ-ἐν
3675 1760 3793 1825 τοῖς

497 1843 557 1898 in
578 1843 860 1898 civitatem
899 1843 1071 1914 Segor
1098 1843 1352 1913 exiguam
1384 1840 1660 1897 divertere
1683 1849 1743 1896 ut
1766 1841 1872 1895 sibi
1902 1841 2078 1906 liceat,

2192 1841 2569 1912 εὐαγγελικοῖς
2633 1841 2957 1914 κηρύγμασι
3020 1843 3279 1907 τοιαύτας
3352 1843 3614 1910 πολλάκις
3686 1849 3789 1912 τὰς

498 1935 661 2004 petit,
691 1949 888 1992 eorum
918 1935 1015 2004 qui
1055 1935 1139 1990 sic
1177 1934 1361 1989 ail‘ecti
1405 1941 1555 1998 sunt,
1597 1947 1709 1987 non
1738 1932 1982 1989 absurde
2022 1932 2089 1986 fi-

498 2042 636 2097 gura
696 2026 887 2082 fuerit.
936 2027 1136 2083 Annon
1184 2028 1335 2084 enim
1374 2026 1428 2082 in
1472 2028 1589 2099 ipsa
1628 2040 1855 2098 quoque
1911 2026 2091 2081 Evan-

2191 1934 2508 2005 οἰκονομίας
2548 1935 2860 2007 εὑρήσομεν
2891 1936 2951 1990 ἐν
2981 1937 3096 2001 τοῖς
3125 1935 3447 1991 πιστεύουσι
3479 1940 3787 2011 γεγενημέι

2191 2046 2289 2093 νας
2314 2046 2330 2095 ;
2359 2030 2469 2083 Καὶ
2494 2029 2625 2100 γοῦν
2648 2032 2677 2083 ὀ
2705 2030 2977 2102 μακάριος
3004 2030 3217 2096 Παῦλος
3241 2033 3549 2088 ἐπιστέλλει
3578 2033 3754 2103 λέγων
3771 2050 3785 2065 ⁸

2196 2141 2216 2176 ι
2249 2123 2429 2177 Καλὸν
2461 2122 2737 2196 ἀνθρώπῳ
2761 2123 3019 2193 γυναικὸς
3048 2124 3122 2195 μὴ
3153 2123 3443 2178 ἅπτεσθαι·
3478 2124 3567 2178 διά
3595 2125 3654 2179 δὲ
3687 2126 3792 2190 τάς

2190 2214 2444 2285 πορνείας
2482 2214 2714 2277 ἕκαστος
2762 2215 2862 2285 τὴν
2911 2213 3107 2267 ἐαυτοῦ
3155 2217 3391 2283 γυναῖκα
3448 2214 3643 2285 ἐχέτω,
3689 2216 3790 2271 καὶ

2188 2305 2397 2374 ἑκάστη
2432 2305 2524 2371 τὸν
2552 2305 2682 2359 ῑδιον
2728 2303 2898 2375 ἄνδρα
2937 2303 3129 2374 ἐχέτω.
3163 2301 3334 2356 Τοῦτο
3374 2303 3430 2357 δέ
3462 2302 3607 2371 λέγω
3642 2302 3791 2356 κατά

2190 2395 2543 2468 συγγνώμην,
2568 2394 2670 2449 οὑκ
2695 2393 2985 2463 ἐπιταγήν.
3017 2393 3168 2446 Θέλω
3193 2392 3302 2465 γὰρ
3331 2393 3542 2456 πάντας
3575 2392 3787 2465 ἀνθρώ-

2188 2504 2323 2551 πους
2348 2483 2490 2540 εῖναι
2517 2486 2594 2550 ὡς
2633 2485 2727 2539 καὶ
2758 2484 3018 2554 ἐμαυτόν.
3067 2484 3211 2538 Ἀλλ’
3244 2484 3474 2548 ἕκαστος
3509 2484 3639 2539 ἴδιον
3668 2485 3784 2557 ἔχει

2184 2580 2432 2652 χάρισμα
2469 2582 2534 2633 ἐκ
2572 2578 2730 2643 Θεοῦ,
2771 2580 2801 2632 6
2829 2577 2928 2649 μὲν
2964 2576 3158 2643 οὕτως,
3187 2580 3216 2632 6
3243 2577 3301 2631 δὲ
3331 2577 3525 2641 οὕτως.
3566 2598 3585 2629 ι
3618 2579 3785 2649 Ὁρᾷς

2183 2674 2302 2738 πῶς
2324 2674 2425 2745 τῆς
2451 2670 2782 2742 ἐγκρατείας
2806 2670 2869 2723 τὸ
2897 2671 2977 2734 είς
3004 2669 3143 2740 ἄγαν
3168 2669 3499 2742 ὑπερφερὲς,
3528 2668 3785 2745 καθάπερ

2181 2761 2306 2833 ὑρος
2339 2763 2470 2832 ἡμῖν
2499 2758 2746 2824 ὑπέδειξε
2779 2758 2976 2829 λέγων·
3010 2777 3029 2812 ι
3063 2760 3246 2814 Καλὸν
3278 2758 3553 2830 ἀνθρώπῳ
3583 2777 3778 2828 γυναι-

491 2859 725 2915 scsicut
784 2876 874 2917 me
938 2860 1139 2931 ipsum.
1204 2859 1312 2916 Sed
1342 2862 1725 2932 unusquisque
1790 2861 2078 2932 proprium

2183 2855 2276 2918 κὸς
2305 2853 2380 2926 μὴ
2410 2852 2700 2911 διτττεσθαι⁵
2748 2871 2769 2905 ι
2820 2853 2999 2924 ἐφῆκε
3043 2852 3101 2907 δὲ
3152 2855 3304 2924 ἡμᾶς
3343 2852 3651 2908 καταλῦσαι
3699 2855 3784 2918 εἰς

491 2953 663 3010 habet
696 2955 903 3010 donum
929 2969 997 3009 ex
1027 2955 1161 3020 Deo,
1198 2954 1341 3009 alius
1370 2954 1597 3026 quidem
1627 2955 1730 3020 sic,
1766 2955 1914 3009 alius
1945 2968 2078 3009 vero

2183 2947 2400 3019 Σηγὼρ,
2438 2945 2585 3000 τοῦτ’
2633 2945 2805 3011 ἐστιν,
2844 2946 2925 3010 είς
2964 2944 3065 3018 τὴν
3106 2945 3534 3019 ὑποκαθημένην
3564 2946 3643 2999 ἔτι
3680 2944 3780 2999 τοῦ

489 3046 571 3101 sic
607 3045 674 3101 ⁸⁸.
707 3066 724 3098 ι
763 3045 932 3102 Vides
960 3054 1023 3101 ut
1066 3061 1388 3117 supremum
1441 3046 1799 3102 continentiae
1843 3045 2076 3117 gradum

2183 3039 2400 3104 τελείως
2425 3038 2641 3110 ἔχοντος
2673 3037 2917 3109 ἀγωγὴν,
2945 3038 3007 3092 τό
3041 3056 3101 3093 τε
3139 3037 3341 3104 ἐξεῖναί
3370 3056 3516 3109 φημι
3550 3039 3687 3111 μόνῃ
3710 3041 3783 3110 τῇ

486 3137 658 3194 veluti
692 3147 934 3194 montem
981 3138 1143 3193 nobis
1169 3138 1497 3205 ostenderit,
1557 3138 1772 3204 dicens,
1812 3159 1830 3190 ι
1858 3139 2075 3193 Bonum

2184 3130 2290 3202 ἰδίᾳ
2318 3128 2731 3201 συμπλέκεσθαι
2756 3129 3010 3198 γυναικί;
3039 3127 3151 3200 Τὴν
3175 3128 3233 3183 δέ
3262 3128 3366 3199 γῆν
3395 3129 3497 3201 τὴν
3523 3128 3781 3201 ἀρίστην,

486 3240 571 3285 cst
602 3230 814 3285 homini
837 3230 1127 3287 mulierem
1174 3246 1285 3285 non
1314 3236 1559 3301 tangere,
1587 3249 1606 3281 ι
1638 3230 1953 3301 permiserit
1987 3238 2072 3284 ta-

2183 3189 2428 3294 καρποὺς
2450 3221 2753 3281 ἀποδώσειν
2768 3189 3008 3292 ἔφασκεν
3031 3224 3060 3276 6
3081 3189 3294 3292 immo,
3311 3189 3409 3293 τὴν
3437 3189 3536 3293 μὲν
3559 3189 3784 3284 ἐκατὺν,

485 3339 617 3379 men
645 3323 700 3379 in
725 3323 897 3395 Segor
923 3324 1225 3389 divertere,
1260 3322 1317 3377 id
1353 3331 1460 3389 est,
1517 3322 1575 3376 in
1608 3321 1917 3394 subjectam
1975 3320 2076 3375 ad-

2183 3317 2273 3387 τὴν
2304 3316 2361 3370 δὲ
2390 3310 2686 3387 ἐξήκοντα,
2723 3314 2825 3386 τὴν
2869 3314 2928 3368 δέ
2963 3315 3282 3386 τριάκοντα.
3326 3315 3563 3368 Διεδίδου
3595 3314 3653 3367 δὲ
3683 3313 3779 3369 καὶ

486 3416 600 3473 huc
629 3416 891 3487 perfectae
931 3415 1129 3470 virtuti
1180 3415 1310 3470 vita:
1338 3414 1634 3480 rationem,
1670 3422 1733 3469 ut
1769 3414 1955 3479 liceat,
1986 3414 2075 3469 in-

2183 3408 2236 3461 τὸ
2260 3407 2543 3474 τάλαντον,
2578 3408 2678 3460 οὐκ
2720 3408 2779 3461 ἐν
2812 3406 2914 3478 ῐσῳ
2947 3406 3156 3479 μέτρῳ,
3184 3407 3322 3469 ἀλλὰ
3351 3407 3428 3479 τῷ
3462 3408 3562 3479 μὲν
3588 3407 3778 3473 πέντε,

486 3522 679 3579 quam,
701 3522 828 3563 cum
855 3506 973 3562 sola
1003 3522 1104 3561 sua
1123 3505 1327 3575 cuique
1348 3520 1520 3560 uxore
1547 3504 1815 3575 copulari.
1844 3503 2075 3559 Terram

2183 3501 2250 3573 τῷ
2274 3502 2332 3555 δέ
2364 3500 2479 3565 δύο,
2503 3499 2582 3571 τῷ
2608 3500 2664 3555 δὲ
2693 3500 2772 3555 ἐν’
2801 3500 2881 3562 τὸ,
2911 3494 3090 3571 οἶμαι,
3114 3492 3405 3568 τῶνέξεων
3432 3501 3785 3566 ἀνισοσθενὲς

485 3610 709 3669 quoque
762 3598 1026 3667 optimam
1060 3596 1274 3657 fructus
1322 3595 1555 3652 reddere
1613 3594 1838 3651 dicebat
1880 3592 2073 3649 Salva—

2183 3595 2257 3651 Ξιά
2284 3592 2490 3649 τούτων
2513 3592 2746 3656 δεικνὺς,
2775 3592 2993 3665 ἑκάστῳ
3014 3610 3073 3647 τε
3100 3593 3370 3667 διανέμων
3390 3595 3467 3661 ώς
3492 3596 3558 3650 ἂν
3583 3595 3784 3669 ἐπιτη-

487 3696 578 3743 ιοι·
608 3687 678 3755 ⁸ο,
721 3688 830 3760 3o
853 3688 998 3743 hanc
1024 3687 1249 3758 quidem
1275 3688 1665 3751 centesimum,
1705 3686 1937 3741 alteram
1984 3698 2077 3739 se-

2183 3686 2456 3756 δειότητος
2484 3684 2597 3756 ἔχοι
2624 3687 2720 3739 καὶ
2757 3684 3005 3757 γνώμης.
3048 3687 3138 3751 Ὠς
3163 3688 3273 3761 γὰρ
3310 3688 3524 3760 ἔφαμεν
3547 3690 3780 3762 ἀρτίως,

486 3780 850 3851 xagesimum,
883 3780 1049 3836 aliam
1076 3779 1319 3849 denique
1359 3779 1728 3851 trigesimum.
1779 3776 2078 3834 Distribuit

2186 3795 2204 3828 ι
2236 3778 2506 3840 Ἕκαστος
2538 3776 2668 3832 ίδιον
2694 3775 2809 3849 ἔχει
2835 3777 3170 3850 χάρισμα-ἐκ
3201 3780 3360 3847 Θεοῦ,
3391 3783 3419 3835 ὁ
3450 3783 3549 3854 μὲν
3577 3782 3777 3849 οὕτως,

487 3872 662 3928 etiam
702 3855 973 3929 talentum
1000 3887 1113 3927 non
1142 3887 1301 3942 aequa
1324 3885 1613 3937 mensura,
1642 3868 1740 3926 sed
1786 3869 1885 3925 uni
1903 3867 2075 3940 quin-

2183 3867 2290 3922 ὑδὲ
2322 3867 2517 3931 οὕτως.
2554 3888 2574 3921 ι
2924 3862 2929 3867 ’
3458 3862 3463 3869 ”

485 3976 616 4031 que,
644 3948 809 4019 alteri
825 3963 957 4027 duo,
976 3962 1070 4017 alii
1103 3977 1277 4017 unum
1301 3962 1367 4016 9°.
1402 3960 1618 4028 Quibus
1666 3960 1936 4031 exemplis
1988 3974 2099 4015 non
2172 3974 2387 4030 aequam
2454 3974 2577 4016 esse
2629 3961 2837 4017 virium
2888 3961 3208 4018 facultatem
3267 3965 3534 4033 ostendit,
3597 3981 3778 4039 seque

484 4058 719 4131 singulis
738 4057 882 4115 dona
898 4074 1003 4129 pro
1046 4064 1213 4128 captu
1257 4057 1528 4128 cujusque
1564 4065 1619 4112 et
1662 4055 1951 4111 habilitate
1991 4055 2260 4110 tribuere.
2297 4054 2365 4111 Ut
2394 4055 2547 4110 enim
2593 4056 2760 4114 modo
2799 4057 3043 4113 diximus
3082 4076 3097 4111 :
3138 4078 3157 4111 ι
3195 4058 3593 4134 Unusquisque
3633 4080 3773 4136 pro-

484 4150 666 4223 prium
706 4150 877 4206 habet
910 4149 1119 4229 donum
1145 4164 1177 4204 a
1204 4150 1338 4215 Deo,
1363 4165 1509 4207 unus
1529 4150 1755 4221 quidem
1786 4148 1887 4215 sic,
1920 4149 2064 4207 alius
2098 4164 2234 4204 vero
2263 4147 2368 4204 sic.
2406 4166 2425 4199 ι

495 2118 626 2190 gelii
663 2119 1096 2190 praedicatione,
1155 2120 1476 2192 bujusmodi
1535 2134 1918 2190 saepenumero
1965 2134 2088 2174 mo-

494 2213 843 2269 derationem
877 2229 1008 2285 erga
1053 2214 1245 2270 fideles
1296 2214 1648 2270 observatam
1694 2230 1815 2270 esse
1854 2229 2085 2285 compe-

492 2306 739 2362 riemus?
783 2306 987 2361 Beatus
1024 2292 1230 2362 Paulus
1277 2315 1428 2362 certe
1473 2306 1529 2361 in
1564 2307 1811 2377 Epistola
1851 2306 2084 2361 scribit:

500 2418 519 2448 ι
542 2398 755 2454 Bonum
794 2405 881 2454 est
907 2398 1122 2454 homini
1157 2399 1449 2455 mulierem
1482 2415 1593 2454 non
1645 2408 1872 2471 tangere
1906 2418 1920 2453 :
1953 2415 2085 2470 pro-

491 2498 618 2559 pter
649 2488 1052 2545 fornicationes
1090 2498 1275 2545 autcm
1307 2491 1693 2561 unusquisque
1750 2505 1905 2545 suam
1936 2506 2077 2545 uxo-

493 2595 610 2636 rem
649 2581 874 2647 habeat,
925 2590 984 2638 et
1019 2597 1363 2653 unaquaeque
1401 2599 1563 2638 suum
1612 2583 1793 2638 virum
1837 2584 2080 2639 habeat:

492 2672 599 2727 hoc
627 2681 816 2729 autem
839 2672 967 2730 dico
1002 2674 1309 2729 secundum
1352 2674 1778 2747 indulgentiam,
1821 2690 1934 2730 non
1991 2690 2082 2730 se-

492 2767 736 2823 cundum
768 2768 1089 2839 imperium.
1120 2768 1260 2824 Volo
1288 2768 1437 2823 enim
1483 2783 1678 2824 omnes
1716 2769 1973 2825 homines
1993 2785 2083 2826 es-

496 4232 501 4239 '
553 4242 753 4319 PALL.
784 4243 956 4298 Recte
985 4243 1087 4298 ais.

531 4334 693 4392 (ΠΒ.
719 4335 1202 4408 Permittititaque
1226 4338 1424 4396 beatus
1447 4339 1676 4419 angelus
1718 4345 1782 4394 ut
1813 4339 1872 4393 in
1899 4337 2072 4409 Segor

483 4429 743 4485 divertat.
787 4427 971 4483 «Ecce
1012 4428 1184 4496 enim,
1214 4449 1232 4481 ι
1273 4428 1476 4501 inquit,
1538 4448 1556 4480 ι
1585 4429 1892 4484 admiratus
1945 4441 2069 4481 sum

2244 4242 2455 4295 IIAAA.
2487 4236 2561 4296 Εὖ
2610 4242 2809 4312 λέγεις.

2251 4334 2417 4387 ΚΥΡ.
2462 4334 2680 4405 Ἐφίησι
2707 4335 2807 4407 μὲν
2835 4336 2864 4388 6
2891 4337 3164 4409 μακάριος
3183 4337 3413 4423 ἄγγελος
3439 4342 3772 4399 καταλύσειν

2176 4427 2258 4488 είς
2294 4424 2515 4496 Σηγώρ.
2564 4446 2581 4478 ι
2630 4427 2765 4480 Ἰδοὺ
2810 4428 2940 4500 γὰρ,
2988 4447 3006 4480 ι
3045 4430 3230 4501 φησὶν,
3271 4449 3290 4485 ι
3340 4432 3630 4505 ὲθαύμασά
3669 4454 3773 4489 σου

484 4524 681 4580 faciem
712 4531 863 4579 tuam
890 4524 1143 4607 etiamin
1182 4525 1356 4581 verbo
1417 4526 1545 4591 hoc,
1597 4541 1669 4582 ne
1698 4532 1948 4581 evertam
1990 4522 2070 4578 ci-

2183 4519 2239 4572 τὸ
2278 4521 2571 4590 πρόσωπον
2609 4519 2704 4573 καὶ
2745 4521 2840 4573 ἐπὶ
2862 4520 2944 4592 τῷ
2989 4523 3195 4593 ῥήματι
3224 4524 3400 4597 τούτῳ
3424 4526 3520 4580 τοῦ
3552 4528 3626 4600 μὴ
3664 4546 3771 4583 κα-

480 4616 734 4681 vitatem,
770 4616 837 4672 de
860 4633 967 4688 qua
1000 4602 1221 4673 locutus
1249 4632 1329 4673 es.
1360 4618 1582 4677 Festina
1635 4618 1823 4689 igitur,
1854 4623 1917 4671 ut
1957 4615 2068 4670 sal-

484 4690 630 4761 veris
653 4706 753 4761 ibi.
789 4725 808 4758 ι
846 4705 1058 4781 Deinde
1098 4705 1303 4776 inquit,
1341 4724 1359 4757 ι
1383 4705 1475 4761 Sol
1500 4720 1761 4776 egressus
1787 4714 1874 4761 est
1899 4718 2071 4778 super

482 4809 714 4865 terram,
766 4808 823 4855 et
877 4798 982 4879 Lot
1024 4799 1312 4870 ingressus
1367 4805 1453 4853 est
1504 4797 1696 4868 Segor.
1747 4816 1767 4850 ι
1802 4798 1916 4855 Nec
1958 4801 2070 4855 mi-

481 4908 588 4947 nus
621 4891 915 4956 mirabere,
947 4891 1176 4972 Palladi,
1218 4891 1314 4946 ubi
1363 4890 1636 4946 didiceris
1681 4907 1807 4962 quaa
1860 4892 1934 4949 sit
1960 4894 2066 4949 ho-

481 5000 606 5039 rum
627 4983 925 5061 verborum
952 4982 1246 5048 sententia,
1275 5001 1293 5033 ι
1319 4981 1638 5038 Admiratus
1678 4998 1800 5038 sum
1827 4983 2000 5050 enim,
2038 5003 2060 5036 ι

481 5077 685 5147 inquit,
722 5096 741 5128 ι
789 5074 987 5132 faciem
1031 5082 1202 5139 tuam,
1238 5090 1309 5129 ne
1344 5082 1589 5130 evertam
1638 5076 1940 5142 civitatem,
1985 5077 2054 5133 de

480 5184 588 5239 qua
619 5169 845 5243 locutus
878 5183 991 5223 es.»
1019 5164 1223 5222 Odiosa
1270 5166 1419 5221 enim
1456 5183 1652 5223 revera
1684 5170 1798 5225 Deo
1831 5180 1918 5226 est
1969 5171 2062 5226 illa

481 5260 609 5314 vita:
640 5259 802 5337 ratio,
828 5274 953 5328 quae
974 5273 1033 5313 se
1058 5275 1168 5314 non
1213 5258 1454 5329 perfecte
1489 5259 1558 5315 ad
1603 5262 1868 5318 virtutem
1913 5278 2065 5319 com-

481 5352 640 5427 ponit
667 5369 682 5418 ;
706 5351 884 5406 ethoc
913 5352 1093 5420 ipsum
1114 5352 1202 5407 vel
1237 5353 1465 5429 minima
1488 5369 1557 5409 ex
1588 5364 1747 5425 parte
1768 5355 1923 5411 vitiis
1939 5372 2065 5412 suc-

483 5444 767 5506 cumbere,
804 5442 883 5497 illi
911 5445 1285 5513 respuendum
1323 5447 1564 5513 videtur,
1597 5459 1653 5504 et
1684 5467 1796 5506 non
1848 5452 2008 5524 longe
2032 5469 2062 5507 a

482 5531 942 5588 condemnatione
985 5532 1159 5590 abest.
1187 5534 1460 5593 Caeterum
1501 5538 1747 5610 indulget
1779 5556 1876 5596 sua
1902 5542 2062 5597 beni—

484 5623 710 5693 gnitate,
760 5628 817 5676 et
859 5620 1142 5678 initiorum
1195 5624 1535 5695 facultatem,
1589 5636 1802 5684 natura:
1844 5628 2065 5684 viribus

583 5802 628 5835 ⁸⁷
660 5801 861 5874 Ερὴεε.
891 5822 963 5875 1v,
1000 5807 1082 5863 15.
1181 5813 1225 5846 ⁸⁸
1261 5809 1431 5869 lCor.
1470 5829 1564 5882 vn,
1612 5814 1662 5882 l,
1695 5814 1749 5884 2,
1786 5816 1837 5883 6,
1867 5815 1918 5870 7.

2022 5816 2066 5849 "
2100 5815 2293 5872 Matth.
2326 5833 2440 5886 xui,
2495 5820 2584 5876 25.

2171 4610 2478 4681 ταστρέψαι
2525 4610 2624 4682 τὴν
2672 4612 2850 4680 πόλιν,
2888 4615 3016 4685 περὶ
3059 4609 3126 4688 ἧς
3171 4615 3463 4689 ἐλάλησας.
3518 4621 3769 4677 Σπεῦσον

2171 4700 2265 4758 οὖν
2295 4703 2392 4757 τοῦ
2428 4704 2667 4775 σωθῆναι
2692 4706 2829 4761 ἐκεῖ.
2873 4724 2893 4757 ι
2929 4704 3064 4761 Εῐτά
3107 4726 3293 4779 φησιν,
3333 4711 3414 4764 ὅτι
3451 4730 3469 4764 ι
3522 4712 3580 4766 Ὀ
3613 4713 3767 4785 ἥλιος

2171 4795 2395 4868 ἐξῆλθεν
2430 4797 2524 4850 ἐπὶ
2550 4796 2652 4869 τὴν
2680 4797 2807 4867 γῆν,
2837 4798 2934 4852 καὶ
2952 4797 3078 4853 Λὼτ
3107 4800 3360 4873 εἰσῆλθεν
3381 4804 3459 4867 εἰς
3489 4803 3707 4877 Σηγώρ.
3736 4827 3760 4857 ι

2170 4890 2493 4959 Θαυμάσαις
2530 4889 2576 4943 δ’
2619 4889 2705 4953 ἂν,
2750 4887 2795 4945 ὧ
2840 4893 3047 4963 ἑταῖρε,
3078 4892 3163 4957 τίς
3197 4892 3265 4947 ἂν
3307 4894 3517 4963 γένοιτο
3570 4896 3764 4969 μαθὼν

2171 4981 2267 5034 καὶ
2298 4980 2505 5036 τούτων
2533 4982 2562 5034 ὁ
2607 4981 2752 5049 νοῦς,
2805 5001 2825 5035 ι
2879 4983 3205 5056 Ἐθαύμασα
3230 4988 3339 5060 γάρ
3373 5003 3488 5053 σου,
3535 5008 3555 5043 ι
3601 4990 3763 5061 φησὶ,

2175 5093 2194 5126 ε
2227 5074 2289 5127 τὸ
2328 5061 2623 5147 πρόσωπόν
2657 5092 2751 5131 σου
2779 5077 2875 5131 τοῦ
2911 5079 2984 5149 μὴ
3023 5062 3401 5153 καταστρέψαι
3427 5082 3529 5155 τὴν
3576 5084 3759 5151 πόλιν,

2169 5166 2301 5238 περὶ
2328 5163 2398 5240 ἦς
2438 5167 2725 5240 ἐλάλησας.
2766 5189 2785 5223 ι
2824 5171 3168 5244 Ἀνεθέλητος
3205 5173 3305 5245 μὲν
3341 5174 3453 5248 γὰρ
3481 5175 3560 5248 τῷ
3608 5177 3755 5250 θεῷ,

2171 5257 2313 5312 κατά
2342 5257 2404 5312 τὸ
2437 5258 2660 5329 ἀληθὲς,
2690 5261 2723 5331 ή
2749 5259 2974 5325 τελείως
3005 5264 3105 5317 οὐκ
3136 5263 3338 5335 ἔχουσα
3373 5267 3512 5338 πρὸς
3552 5269 3759 5338 ἀρετὴν

2172 5349 2436 5415 πολιτεία,
2468 5352 2562 5404 καὶ
2596 5351 2660 5404 τὺ
2688 5351 2831 5406 κατά
2858 5370 2908 5406 τι
2960 5354 3091 5420 γοῦν
3123 5356 3389 5426 ἡττᾶσθαι
3414 5359 3524 5414 τῶν
3566 5361 3759 5415 παθῶν

2170 5442 2480 5512 ἀπόὄλητόν
2519 5459 2579 5496 τε
2635 5432 2785 5512 αὑτῷ
2827 5445 2923 5499 καὶ
2977 5449 3357 5519 κατακρίσεως
3387 5452 3447 5505 ού
3509 5453 3753 5525 μακράν.

2171 5536 2319 5607 Πλὴν
2349 5536 2566 5607 ἐφίησιν
2593 5537 2657 5590 ἐκ
2690 5536 3121 5609 φιλανθρωπίας,
3152 5543 3247 5596 καὶ
3268 5546 3662 5618 συμμετρήσας
3683 5552 3751 5621 τῇ

2172 5629 2331 5698 φύσει
2362 5627 2422 5682 τὸ
2456 5631 2516 5683 ἐν
2543 5629 2740 5699 ἀρχαῖς
2769 5631 3014 5700 ἐφικτὸν,
3062 5632 3334 5699 σώζεσθαι
3368 5637 3601 5713 κελεύει,
3655 5644 3753 5697 καὶ

2694 5824 2744 5858 ’θ
2771 5823 2962 5880 Matth.
3004 5840 3127 5894 xxv,
3184 5826 3270 5883 l5.
