4172 6474
421 406 528 462 181

1200 412 1290 467 DE
1330 407 1779 468 ADORATIONE
1819 413 1889 469 IN
1929 412 2205 470 SPIRITU
2245 413 2334 469 ET
2375 415 2748 471 VERITATE.
2791 415 2922 470 LIB.
2963 416 3002 470 l‘.

3647 429 3671 475 1
3683 422 3751 477 8‘2

421 517 786 590 μελετῶντας
831 520 914 577 ἔτι
959 523 1024 578 τὸ
1061 525 1268 596 ἀγαθὸν
1290 567 1306 593 ,
1353 526 1513 582 οὔπω
1551 545 1612 582 τε
1659 528 1759 600 τὴν
1801 529 2046 584 ὑπαίτιον

2157 529 2470 597 dimetitus,
2498 531 2699 586 salvari
2737 530 2898 603 jubet
2924 546 3022 586 eos
3055 545 3299 602 quoque,
3327 530 3424 603 qui
3473 531 3750 590 meditan-

421 612 633 685 κομιδῇ
690 614 1109 688 διαστείχοντας
1145 621 1395 692 ἀγωγήν.
1437 620 1600 675 Ἀλλά
1640 622 1736 676 καλ⁹
1784 625 1896 686 τοῖς
1968 625 2046 686 είς

420 705 595 760 τοῦτο
627 708 830 779 ἥκουσι
862 710 1103 782 μέτρων,
1123 712 1221 769 καὶ
1239 715 1321 778 είς
1335 714 1564 786 ταυτηνί
1588 731 1647 767 τε
1673 714 2047 769 εἰσελαύνουσι

421 798 526 871 τὴν
568 801 942 868 κατάστασιν,
971 806 1032 858 οὐ
1065 805 1191 877 δίχα
1232 807 1412 876 φωτὸς
1434 806 1531 860 τοῦ
1561 806 1709 860 θείου
1741 807 1837 860 καὶ
1857 806 2049 879 δᾳδου-

422 891 555 963 χίας
597 895 704 966 τῆς
740 896 952 952 ἀνωθεν
982 899 1015 970 ὴ
1053 899 1318 972 είσδρομὴ
1352 898 1553 969 γένοιτ’
1577 899 1680 955 .ἀν.
1717 919 1736 950 ι
1783 900 2048 955 Ἀνέτειλε

421 987 565 1060 γὰρ.
601 1006 623 1040 ι
659 991 852 1062 φησιν,
891 1011 908 1044 ι
949 995 979 1048 ὁ
1007 992 1164 1064 ἥλιος
1206 995 1303 1049 και
1355 994 1480 1050 Λὼτ
1525 993 1780 1066 εἰσῆλθεν
1819 995 1900 1060 εις
1939 995 2048 1066 Ση-

420 1079 571 1153 γὼρ.
622 1101 644 1135 ι

497 1263 725 1318 ΠΑΛΛ.
771 1263 861 1329 Ὠς
888 1265 1100 1337 σφόδρα
1129 1284 1193 1336 γε
1237 1266 1307 1321 τὰ
1333 1265 1521 1321 εἰκότα
1554 1265 1724 1337 ἐφηςῐ

497 1356 679 1412 ΚΥΡ.
739 1358 798 1412 ’0
829 1358 932 1427 μὲν
966 1354 1060 1414 οὖν
1094 1357 1384 1422 θεσπέσιος
1413 1357 1538 1414 Λὼτ
1580 1359 1660 1421 είς
1696 1356 1796 1429 τὴν
1847 1355 1932 1411 ἔτι·
1960 1373 2048 1428 μι-

417 1447 575 1520 κρὰν
612 1449 822 1505 είσέθει
857 1451 1038 1517 πόλιν,
1090 1453 1340 1524 ἐφιέντος
1373 1453 1526 1526 αὐτῷ
1553 1452 1649 1507 τοῦ
1686 1452 1845 1507 Θεοῦ·
1894 1452 2050 1523 ἠλέγ-

417 1557 558 1611 χετο
593 1541 654 1594 δὲ
691 1542 790 1596 καὶ
818 1543 959 1615 πρὸς
986 1543 1149 1599 τοῦτο
1185 1545 1424 1616 ἀσθενὴς
1466 1547 1501 1617 ἡ
1531 1545 1776 1617 ἑπομένη
1804 1561 1863 1599 τε
1897 1541 2048 1614 αὐτῷ

423 1631 532 1684 καὶ
569 1633 952 1690 συνεκθὲουσα
1001 1637 1163 1708 γυνή.
1196 1654 1215 1687 ι
1264 1634 1567 1708 Ἐπὲϐλεψε
1613 1637 1746 1708 γὰρ,
1792 1654 1810 1688 ›
1857 1637 2044 1707 φησὶν,

422 1740 446 1774 ι
490 1726 581 1788 εἰς
621 1724 695 1778 τὰ
740 1725 941 1793 ὀπίσω,
993 1728 1088 1781 καὶ
1135 1727 1358 1796 ἐγένετο
1389 1728 1564 1800 στήλη
1607 1729 1754 1794 ἁλός.
1794 1749 1812 1782 ι
1847 1729 1957 1782 Θέα
1991 1728 2047 1782 δὲ

415 1817 508 1869 ὅτι
534 1817 672 1880 νοῦς
703 1819 806 1888 μὲν
834 1821 864 1872 ὁ
885 1819 1135 1891 ἀνδρεῖος
1160 1821 1256 1875 καὶ
1279 1822 1536 1894 φρόνημα
1561 1822 1621 1876 τὸ
1648 1821 1917 1888 νεανικὸν,
1942 1821 2047 1875 κᾶν

415 1909 473 1961 εἰ
518 1909 606 1982 μὴ
638 1911 870 1976 τελείως
899 1913 1187 1983 ἀφικνοῖτο
1215 1914 1380 1986 τυχὸν
1413 1917 1494 1978 είς
1524 1915 1586 1968 τὺ
1625 1915 1861 1987 ἀρέσκον
1903 1912 2044 1985 Θεῷ,
2081 1897 2126 1955 Β

417 2003 748 2074 κατορθοῦν
766 2006 1051 2077 ἠργμένος
1071 2006 1171 2079 τὴν
1192 2007 1416 2080 ἀρετὴν,
1441 2008 1559 2063 ἀλλ’
1583 2003 1678 2062 οὖν
1696 2008 1840 2075 ἕξεις
1857 2007 2048 2062 παθῶν

414 2101 673 2154 ποιεῖται
719 2101 864 2156 κατά
908 2101 1085 2176 βραχὺ
1130 2103 1269 2175 πρὸς
1296 2103 1359 2157 τὺ
1388 2103 1695 2175 ἀμεινόνως
1721 2101 1866 2173 ἕχον.
1908 2103 1967 2156 Ὀ
1991 2101 2049 2155 δὲ

413 2192 674 2265 ἀσθενής
699 2211 759 2247 τε
785 2197 882 2249 καὶ
910 2195 1198 2267 ἄνανδρος,
1220 2190 1282 2251 οὗ
1314 2199 1544 2268 σημεῖον
1575 2199 1602 2267 ἡ
1632 2194 1792 2268 γυνὴ,
1815 2197 1935 2258 ταῖς
1967 2195 2048 2257 είς

415 2287 752 2358 φαυλότητα
775 2292 1173 2362 μετατροπαῖς,
1210 2290 1528 2362 ἀχρειοῦται
1552 2288 1855 2352 παντελῶς.
1884 2288 2048 2342 Τουτὶ⁹

416 2380 538 2452 γὰρ
581 2376 744 2452 οἶμαι
775 2382 976 2454 δηλοῦν
1004 2383 1067 2436 τὸ
1094 2383 1352 2452 γενέσθαι
1379 2384 1553 2454 στήλη
1603 2381 1730 2446 ἀλός
1750 2399 1763 2413 ·
1813 2383 1954 2455 ὅπερ
1980 2381 2048 2435 ἂν

417 2476 512 2546 εἴη
561 2475 840 2549 σύμϐολον
869 2479 1366 2552 ἀπομαρανθείσης
1399 2479 1616 2550 φρενὸς,
1652 2479 1746 2532 καὶ
1770 2477 1864 2532 νοῦ
1907 2478 2047 2550 πρὸς

417 2569 758 2642 ἠλιθιότητα
815 2573 1154 2642 μεταφοιτᾷν
1195 2572 1476 2644 κειμένου,
1531 2571 1628 2626 καὶ
1676 2571 1758 2636 είς
1807 2570 2046 2642 ἐσχάτην

417 2660 528 2732 ἤδη
559 2678 683 2721 πως
711 2661 1077 2732 ἀναισθησίαν
1108 2661 1438 2730 ὲληλακότος
1474 2663 1525 2732 (1
1534 2676 1573 2732 ).
1619 2661 2047 2733 Ἀπομωρανθὲν

416 2753 480 2806 δὲ
507 2753 574 2806 τὸ
601 2753 760 2818 ἃλας,
791 2755 872 2818 είς
898 2754 1054 2808 οὐδὲν
1084 2753 1331 2825 ἰσχύσειν
1362 2754 1465 2818 ἔτι,
1499 2755 1592 2811 καὶ
1619 2754 1782 2818 αὐτὸς
1805 2754 2045 2824 ἔφασκεν

415 2846 450 2897 6
468 2844 672 2917 Σωτήρ
696 2863 707 2876 ·
722 2845 1207 2917 ἀχρειωθήσεσθαι
1227 2845 1285 2899 δὲ
1299 2845 1600 2912 παντελῶς,
1626 2845 1730 2911 ἔξω
1749 2863 1809 2899 τε
1828 2846 2046 2917 πεμπό-

421 2955 621 3006 μενον,
656 2939 756 2992 κα).
780 2937 888 2992 ὑπὸ
920 2938 1092 3000 πόδας
1117 2937 1426 3010 ἀνθρώπων
1459 2939 1872 3012 διεῤῥιμμένον.
1918 2939 2045 2992 Ἀπ-

419 3031 684 3086 ελιθοῦτο
701 3033 799 3103 μὲν
816 3027 909 3087 οὗν
935 3035 968 3103 ἡ
992 3031 1153 3104 γυνὴ,
1175 3032 1490 3104 προσετίθει
1506 3032 1564 3086 δὲ
1586 3033 1688 3086 οὐκ
1711 3035 1793 3096 είς
1823 3031 2043 3104 μακρὰν

419 3126 488 3180 τὸ
520 3127 714 3179 λεῖπον
747 3126 779 3178 ὁ
807 3122 952 3178 Λώτ.
987 3124 1311 3195 Γέγραπται
1346 3124 1479 3196 γὰρ,
1508 3125 1592 3179 ὅτι
1631 3144 1650 3176 ι
1690 3124 1882 3196 Ἀνέϐη
1919 3122 2044 3177 Λὼτ

417 3217 490 3271 ἑκ
525 3216 753 3290 Σηγὼρ,
797 3217 894 3270 καὶ
926 3216 1167 3285 ἐκάθητο
1195 3216 1254 3269 ὲν
1301 3213 1381 3286 τῷ
1413 3214 1554 3287 ὄρει,
1611 3214 1774 3279 αὐτὸς
1839 3215 1935 3269 καὶ
1983 3215 2042 3268 αἱ

415 3308 519 3365 δύο
555 3309 868 3380 θυγατέρες
893 3306 1066 3362 αὑτοῦ
1115 3308 1232 3379 μετ’
1277 3307 1465 3362 αὐτοῦ.
1511 3305 1893 3379 Ἐφοϐήθησαν
1936 3307 2044 3379 γὰρ

416 3405 768 3475 κατοικῆσαι
798 3405 858 3457 ὲν
892 3403 1116 3476 Σηγὼρ,
1157 3403 1253 3458 καὶ
1279 3403 1508 3474 ῷκησαν
1555 3402 1614 3454 ὲν
1650 3399 1729 3471 τῷ
1762 3399 2040 3472 σπηλαίῳ,

419 3499 597 3561 αὐτὸς
656 3497 754 3551 καὶ⁹
806 3499 861 3550 αἱ
916 3497 1013 3550 δύο
1060 3497 1358 3568 θυγατέρες
1398 3493 1566 3549 αὐτοῦ
1617 3493 1735 3565 μετ’
1789 3493 1978 3548 αὐτοῦ.
2021 3513 2040 3546 ι

419 3585 662 3658 Πρόεισι
716 3585 828 3658 γὰρ
865 3585 1062 3661 ὥσπερ
1101 3585 1171 3640 δι’
1222 3584 1561 3657 ἀναϐαθμῶν
1602 3585 1631 3638 6
1662 3583 1790 3651 νοῦς
1843 3584 1938 3639 ἐπὶ
1983 3585 2045 3639 τὸ

421 3682 555 3753 ἔχον
605 3681 854 3752 ἀρτίως,
907 3681 1004 3735 καὶ
1072 3678 1422 3758 ἀναθρεῦσκει
1471 3679 1616 3734 κατά
1674 3680 1851 3752 βραχὺ
1907 3679 2045 3751 πρὸς

423 3777 576 3845 ὅπερ
606 3770 680 3847 ἦν
715 3778 774 3829 ἐν
819 3776 1041 3847 ἀρχαῖς,
1080 3774 1183 3828 οὐκ
1221 3773 1546 3846 ἐπιτηδείως
1576 3773 1717 3845 ἔχων
1766 3771 1892 3827 οὗτε
1923 3772 2046 3827 λίαν

427 3868 664 3932 ἱκανῶς.
692 3867 919 3939 Πρόεισί
961 3886 1023 3922 τε
1063 3867 1158 3922 καὶ
1195 3869 1466 3939 ἀναφοιτᾷ
1517 3868 1654 3938 πρὸς
1695 3867 1758 3922 τὸ
1795 3866 2044 3938 ἄμεινον,

427 3963 703 4034 φρονήσει
750 3980 812 4015 τε
858 3962 953 4016 καὶ
1003 3961 1229 4034 ἀνδρείᾳ
1276 3963 1344 4033 τῇ
1393 3963 1742 4033 πνευματικῇ
1788 3961 2045 4034 καθάπερ

424 4057 578 4110 τισὶν
612 4056 776 4120 ίδίαις
818 4055 1158 4128 θυγατράσιν
1203 4054 1706 4126 ἐπισκηπτόμενος,
1750 4055 1845 4108 καλ¹
1893 4054 2047 4109 κάτω

427 4168 539 4205 που
575 4151 764 4220 μένειν
805 4151 970 4220 ἀφεὶς
1002 4149 1064 4203 τὸ
1101 4147 1382 4221 ήδυπαθές
1416 4166 1477 4202 τε
1514 4150 1611 4202 καὶ
1652 4148 1936 4221 ἄνανδρον,
1971 4142 2046 4203 ὧν

428 4247 514 4310 είς
545 4245 722 4300 τύπον
764 4245 797 4316 ἡ
835 4245 1000 4314 γυνή.
1047 4244 1318 4298 Κατοικεῖ
1348 4241 1407 4295 δὲ
1453 4241 1643 4296 λοιπὸν
1687 4242 1944 4315 καθάπερ
1987 4244 2046 4296 έν

428 4340 552 4410 ὖρει
582 4356 643 4392 τε
665 4337 762 4392 καὶ
786 4338 844 4390 έν
865 4335 1138 4408 σπηλαίῳ
1165 4335 1262 4388 τοῦ
1299 4333 1576 4406 μὲνὸρους
1597 4335 1735 4404 ἡμῖν
1755 4333 1817 4386 τὸ
1841 4333 2047 4403 ὑψηλόν

426 4449 488 4486 τε
523 4432 623 4485 καὶ
656 4428 976 4502 ἐπηρμένον
1005 4429 1086 4492 εἰς
1134 4427 1352 4494 εὐεξίαν
1381 4425 1482 4499 τὴν
1519 4426 1921 4497 πνευματικὴν,
1951 4425 2044 4480 τοῦ

425 4526 486 4579 δὲ
525 4523 827 4594 σπηλαίου,
855 4522 919 4576 τὸ
950 4521 1203 4592 πεπηγὸς
1245 4519 1342 4574 κοιλ⁵
1372 4520 1586 4592 ἑδραῖον
1606 4519 1709 4590 τῆς
1737 4519 1817 4581 είς
1843 4518 2046 4589 ἀρετὴν

2153 631 2244 677 tur
2276 622 2545 678 virtutem
2594 623 2798 690 adhuc,
2834 639 2948 678 non
2993 631 3180 679 tamen
3224 638 3326 695 per
3357 639 3479 679 eam
3523 625 3748 682 vivendi

2152 713 2299 769 viam
2337 714 2648 781 ambulant,
2681 732 2804 786 quae
2831 731 2861 769 a
2894 716 3058 786 culpa
3088 716 3250 787 longe
3284 725 3496 771 remota
3531 715 3750 772 sit.Sed

2153 807 2223 862 iis
2238 823 2482 878 quoque,
2520 807 2616 878 qui
2639 809 2708 862 ad
2739 808 3125 865 huncvirtutis
3151 809 3382 882 graddm
3408 810 3662 876 tendunt,
3694 816 3752 866 et

2152 899 2221 954 ad
2245 898 2582 970 hujusmodi-
2601 909 2805 954 statum
2834 900 3240 970 provehuntur,
3269 916 3381 956 non
3405 900 3525 956 sine
3559 899 3750 955 divino

2151 991 2384 1059 lumine,
2422 1007 2791 1064 superumque
2843 994 3111 1065 lampadis
3153 995 3361 1064 praevio
3385 993 3637 1066 fulgore,
3685 1008 3752 1048 eo

2152 1083 2369 1154 ingredi
2410 1083 2705 1154 contingit.
2747 1103 2766 1136 ι
2793 1083 2964 1140 Ortus
3003 1093 3085 1140 est
3117 1085 3291 1153 enim,
3323 1103 3341 1138 ι
3372 1085 3574 1157 inquit,
3608 1085 3750 1151 «sol,

2152 1184 2209 1232 et
2233 1175 2337 1229 Lot
2367 1175 2652 1246 ingressus
2684 1183 2770 1230 est
2804 1174 2998 1246 Segor.
3035 1194 3051 1227 ι

2223 1266 2426 1323 PALL.
2462 1267 2638 1334 Quam
2677 1283 2764 1334 ea,
2803 1284 2927 1338 qua:
2953 1269 3162 1333 dixisti,
3192 1268 3496 1339 quadram!

2221 1358 2381 1415 CYR.
2420 1360 2620 1415 Beatus
2649 1360 2820 1432 igitur
2842 1361 2946 1416 Lot
3004 1361 3060 1415 in
3106 1362 3363 1432 exiguam
3397 1359 3581 1417 adhuc
3610 1361 3748 1417 civi«

2152 1461 2348 1519 tatem,
2382 1454 2496 1508 Deo
2546 1455 2942 1524 permittente,
2986 1463 3072 1510 est
3107 1455 3430 1526 ingressus:
3484 1454 3580 1509 sed
3629 1470 3752 1524 qua:

2149 1562 2279 1602 eum
2323 1546 2715 1612 comitabatur,
2759 1563 2982 1618 unaque
3033 1547 3282 1619 fugiebat
3321 1564 3483 1614 uxor,
3536 1548 3604 1602 ad
3649 1549 3754 1603 hoc

2150 1653 2374 1710 quoque
2430 1639 2648 1695 inﬁrma
2698 1656 2821 1697 esse
2879 1641 3227 1712 deprehensa
3287 1651 3391 1697 est.
3470 1661 3487 1693 ι
3527 1641 3755 1713 Aspexit

2150 1731 2324 1797 enim,
2351 1751 2369 1782 ›
2401 1731 2603 1802 inquit,
2655 1751 2672 1783 ‹
2700 1741 2875 1799 retro,
2921 1741 2977 1789 et
2999 1734 3054 1787 in
3083 1733 3216 1789 salis
3241 1740 3480 1789 statuam
3506 1742 3591 1789 est
3616 1749 3752 1789 con-

2150 1839 2309 1879 versa
2341 1825 2410 1878 9‘.
2483 1843 2502 1876 ›
2541 1825 2937 1882 Animadverte
2987 1826 3159 1898 igitur
3217 1827 3465 1882 animum
3534 1827 3753 1882 virilem

2151 1924 2558 1988 strenuumque
2593 1933 2842 1986 sensum,
2875 1935 3002 1975 cum
3042 1921 3310 1976 virtutem
3354 1936 3615 1976 exercere
3636 1935 3753 1975 cm-

2151 2005 2320 2076 perit,
2345 2006 2513 2062 etiam
2544 2007 2591 2062 si
2614 2007 2684 2062 ad
2720 2008 2798 2074 id,
2835 2008 2986 2080 quod
3017 2009 3132 2064 Deo
3176 2010 3379 2080 placet,
3408 2009 3594 2064 minus
3623 2025 3750 2080 per-

2150 2100 2325 2166 venit,
2355 2108 2541 2156 tamen
2577 2102 2850 2158 excedere
2889 2119 2920 2158 e
2949 2103 3106 2158 vitiis
3166 2110 3340 2167 certe,
3378 2111 3435 2157 et
3485 2102 3752 2173 paulatim

2151 2191 2220 2246 ad
2254 2193 2643 2262 praestantiora
2670 2195 2933 2266 progredi
2959 2213 2971 2248 :
3006 2196 3234 2250 atillum
3259 2194 3540 2249 inﬁrmum
3564 2201 3620 2250 et
3651 2211 3757 2264 ra-

2152 2299 2275 2337 rum
2315 2284 2554 2351 virilem,
2595 2287 2754 2356 cujus
2786 2285 2957 2357 ﬁgura
3003 2293 3090 2342 est
3136 2285 3340 2339 mulier
3372 2284 3504 2339 dum
3550 2283 3618 2338 ad
3650 2299 3752 2339 ne-

2150 2378 2390 2447 quitiam
2446 2379 2820 2444 convertitur,
2887 2378 3010 2433 ﬁeri
3071 2393 3304 2449 prorsus
3356 2377 3611 2432 inutilem
3646 2393 3660 2431 :
3694 2375 3752 2431 id

2147 2471 2300 2527 enim
2334 2471 2655 2542 signiﬁcare
2691 2471 2942 2527 arbitror
2987 2471 3109 2527 ﬁeri
3139 2480 3378 2527 statuam
3413 2472 3568 2537 salis,
3601 2471 3752 2541 quod

2149 2577 2262 2616 non
2294 2561 2540 2617 absurde
2570 2563 2882 2634 symbolum
2915 2562 3088 2618 fuerit
3118 2561 3404 2617 infatuatae
3439 2563 3665 2627 mentis,
3691 2570 3752 2618 et

2149 2653 2346 2720 animi,
2372 2655 2467 2725 qui
2493 2654 2562 2709 ad
2589 2655 2883 2710 stultitiam
2927 2655 3165 2711 transire
3199 2655 3456 2720 voluerit,
3488 2663 3654 2726 atque
3683 2655 3751 2710 ad

2149 2754 2468 2802 extremum
2499 2748 2613 2819 jam
2647 2756 2935 2820 stuporem
2965 2747 3304 2820 pervenerit.
3329 2747 3433 2819 31
3472 2746 3564 2802 Sal
3588 2747 3744 2804 enim

2149 2841 2480 2896 infatuatum
2535 2842 2604 2897 ad
2653 2841 2897 2897 nihilum
2949 2841 3096 2896 ultra
3149 2842 3358 2907 valere,
3407 2841 3576 2896 etiam
3634 2839 3753 2912 ipse

2150 2931 2404 2988 Salvator
2437 2933 2670 3000 ait;sed
2687 2934 2916 3004 penitus
2951 2934 3149 2990 inutile
3179 2933 3300 2989 fieri
3324 2933 3472 2988 foras
3494 2933 3748 2998 missum,

2147 3035 2207 3083 et
2227 3029 2332 3083 sub
2371 3029 2613 3100 pedibus
2645 3030 2936 3085 hominum
2965 3031 3353 3087 conculcatum
3380 3032 3447 3085 θ’.
3487 3029 3627 3087 Cum
3651 3031 3752 3086 ita-

2147 3135 2258 3191 que
2293 3121 2492 3176 mulier
2541 3121 2598 3176 in
2646 3122 2890 3193 lapidem
2949 3123 3149 3178 durata
3200 3131 3367 3190 esset,
3421 3138 3532 3179 non
3574 3125 3752 3179 multo

2147 3219 2273 3281 post
2306 3212 2430 3278 Lot,
2460 3213 2612 3284 quod
2638 3214 2852 3280 deerat,
2881 3214 3106 3286 adjecit.
3143 3214 3422 3285 Scriptum
3451 3222 3538 3271 est
3577 3216 3748 3271 enim:

2158 3321 2177 3354 ι
2205 3302 2472 3360 Ascendit
2501 3305 2607 3360 Lot
2633 3321 2702 3361 ex
2724 3306 2915 3378 Segor,
2941 3313 3000 3362 et
3032 3306 3183 3362 sedit
3215 3307 3272 3361 in
3307 3314 3518 3374 monte,
3545 3307 3664 3378 ipse
3695 3319 3753 3363 et

2149 3393 2272 3450 dua:
2302 3396 2431 3452 lilia:
2467 3399 2590 3470 ejus
2643 3414 2773 3454 cum
2813 3414 2902 3454 eo.
2942 3398 3275 3455 Timuerant
3305 3399 3455 3454 enim
3498 3399 3751 3456 habitare

2149 3487 2208 3542 in
2241 3487 2434 3560 Segor,
2461 3497 2518 3545 et
2548 3491 2948 3547 habitaverunt
2977 3492 3034 3546 in
3056 3491 3322 3562 spelunca
3352 3491 3492 3562 ipse,
3546 3501 3605 3547 et
3627 3492 3749 3550 dua:

2149 3578 2275 3636 ﬁliae
2313 3583 2436 3653 ejus
2467 3599 2592 3638 cum
2624 3599 2691 3639 eo
2721 3584 2790 3638 ³³.
2811 3603 2828 3635 ι
2861 3583 3099 3639 Animus
3124 3584 3277 3640 enim
3311 3585 3466 3639 velut
3493 3600 3596 3656 per
3631 3601 3754 3656 gra-

2149 3673 2255 3730 dus
2284 3676 2642 3746 progreditur
2682 3676 2751 3732 ad
2803 3676 3210 3748 perfectionem
3269 3678 3515 3744 virtutis,
3569 3687 3625 3732 et
3684 3677 3753 3733 ad

2148 3783 2278 3823 eum
2310 3776 2538 3835 statum,
2573 3770 2643 3826 ad
2674 3786 2842 3842 quem
2867 3771 2936 3826 ab
2976 3772 3138 3827 initio
3157 3773 3382 3842 ineptus
3413 3779 3470 3827 et
3502 3771 3754 3827 inﬁrmus

2149 3858 2352 3926 fuerat,
2398 3862 2669 3932 paulatim
2706 3864 2997 3932 ascendit;
3035 3865 3405 3936 proceditque
3440 3872 3499 3920 et
3524 3880 3753 3936 promo-

2149 3963 2244 4010 vet
2288 3955 2343 4009 in
2385 3956 2609 4020 melius,
2661 3957 2959 4027 prudentia
2996 3966 3054 4013 et
3095 3957 3425 4013 fortitudine
3477 3956 3755 4028 spirituali

2150 4053 2412 4116 tanquam
2453 4050 2573 4105 suis
2591 4051 2928 4122 quibusdam
2973 4051 3194 4107 ﬁliabus
3243 4051 3430 4116 nixus,
3493 4066 3559 4107 ac
3590 4053 3753 4108 volu-

2149 4143 2395 4212 ptarium
2427 4143 2587 4198 illum
2646 4145 2913 4200 aﬂ‘ectum
2944 4153 3002 4200 et
3034 4146 3442 4210 effeminatum,
3480 4147 3641 4218 cujus
3686 4146 3754 4201 ﬁ-

2149 4249 2287 4303 gura
2316 4243 2403 4289 est
2425 4236 2648 4302 mulier,
2692 4237 2954 4292 deorsum
2997 4252 3226 4292 manere
3267 4238 3479 4292 sinens.
3526 4238 3752 4295 Habitat

2150 4327 2351 4382 deinde
2385 4337 2646 4398 tanquam
2688 4330 2747 4384 in
2789 4338 2981 4384 monte
3033 4343 3097 4385 ac
3138 4329 3423 4400 spelunca.
3461 4329 3540 4385 Ac
3591 4346 3753 4388 mons

2149 4415 2373 4486 quidem
2408 4417 2810 4475 sublimitatem
2845 4427 3010 4489 atque
3055 4419 3418 4474 eminentiam
3444 4419 3752 4490 spiritualis

2150 4509 2390 4578 roboris,
2419 4511 2688 4582 spelunca
2718 4527 2852 4568 vero
2892 4512 3054 4567 ﬁxam
3085 4527 3150 4568 ac
3186 4512 3400 4567 ﬁrmam
3447 4515 3504 4577 in
3543 4514 3752 4570 virtute

424 4615 701 4686 διαμονῆς
724 4612 1142 4682 ὑποδηλούντων
1175 4607 1235 4666 εὖ
1271 4610 1438 4683 μάλα.
1470 4610 1790 4680 Γέγραπται
1814 4609 1924 4679 γάρ
1947 4607 2043 4662 ὡδὶ

2149 4607 2622 4674 perseverantiam
2665 4607 2874 4678 optime
2924 4606 3259 4678 signiﬁcant.
3310 4606 3405 4664 Sic
3468 4608 3616 4664 enim
3669 4616 3754 4664 est

426 4711 568 4780 περὶ
593 4707 808 4780 ἀνδρῶν
846 4705 1100 4776 ἀγαθῶΨ
1143 4725 1162 4757 ι
1199 4703 1578 4778 Πορευόμενος
1611 4705 1670 4756 ἐν
1699 4701 2041 4774 δικαιοσύνῃ,

423 4803 615 4860 λαλῶν
639 4802 855 4856 εὐθεῖαν
885 4799 1026 4866 ὁδὸν,
1084 4798 1263 4870 μισῶν
1291 4795 1526 4867 ἀνομίαν
1552 4795 1650 4849 καὶ
1673 4794 1912 4861 ἀδικίαν,
1947 4796 2044 4848 καὶ

423 4899 528 4963 τὰς
577 4899 774 4968 χεῖρας
813 4893 1210 4964 ἀποσειόμενος
1255 4891 1365 4945 ἀπὸ
1398 4888 1610 4960 δώρων,
1671 4887 1924 4960 βαρύνων
1975 4886 2045 4941 τά

422 4983 569 5054 ὦτα,
601 4989 694 5043 ἵνα
726 4986 800 5060 μὴ
834 4986 1046 5058 ἀκούσῃ
1080 4984 1264 5058 κρίσιν
1287 4983 1545 5054 αἵματος,
1591 4980 1868 5052 καμμύων
1913 4980 2042 5042 τοὺς

422 5082 779 5153 ὀφθαλμοὺς,
816 5081 903 5134 ἵνα
940 5078 1016 5150 μὴ
1070 5078 1156 5151 ἴδῃ
1214 5076 1458 5139 ἀδικίαν,
1514 5066 1673 5138 οὗτος
1721 5074 1933 5144 οἰκήσει
1983 5074 2045 5126 ἐν

425 5175 628 5249 ὑψηλῴ
672 5173 927 5245 σπηλαίῳ
979 5172 1188 5244 πέτρας
1225 5171 1478 5241 ἰσχυρᾶς.
1523 5187 1542 5220 ι
1585 5166 1686 5238 Είη
1733 5165 1778 5219 δ’
1829 5165 1898 5220 ἂν
1947 5165 2041 5219 καὶ

425 5265 639 5342 ἑ-Ξέρως
667 5268 769 5322 οὐκ
798 5265 1064 5329 ἀπίθανος
1101 5266 1238 5337 ἡμῖν
1271 5265 1299 5317 ὁ
1341 5262 1436 5316 ἐπὶ
1467 5260 1604 5332 τῷδε
1644 5260 1822 5329 λόγος.
1855 5259 2042 5330 Πέτρα

429 5362 536 5433 μὲν
567 5360 680 5430 γὰρ
713 5359 738 5410 ὁ
774 5356 1036 5429 Χριστὸς,
1068 5354 1237 5409 διὰτὸ
1265 5353 1523 5417 εὐσθενὲς
1554 5370 1614 5405 τε
1660 5352 1756 5405 καὶ
1795 5349 2044 5421 ἄτρωτον

424 5453 530 5522 τῆς
558 5450 827 5503 ἀνωτάτω
848 5447 1040 5501 πασῶν
1055 5446 1266 5512 οὐσίας.
1281 5444 1556 5516 Σπήλαιον
1578 5442 1636 5496 δὲ
1657 5443 1719 5494 τὸ
1736 5442 1794 5494 ὲν
1822 5439 2043 5512 Χριστῷ

425 5544 594 5599 voci-3
637 5543 704 5596 ἂν
761 5545 795 5613 ὴ
832 5539 1157 5611 Ἐκκλησία,
1225 5538 1285 5591 τὸ
1344 5535 1453 5590 τῶν
1517 5534 1691 5604 ἀγίων
1726 5532 2039 5604 κατάλυμα,

421 5638 541 5693 τῶν
586 5635 963 5691 εὐσεϐούντων
1008 5636 1045 5704 ἡ
1107 5632 1308 5701 σκέπη,
1348 5631 1417 5703 ἢν
1455 5626 1773 5683 κατοικοῦσι
1816 5625 2037 5691 δίκαιοι,

2145 4696 2212 4752 de
2241 4699 2434 4768 probis
2485 4699 2624 4755 viris
2650 4700 2920 4771 scriptum
2961 4718 2973 4754 :
3016 4719 3035 4751 ι
3058 4699 3165 4767 Qui
3200 4700 3448 4755 ambulat
3480 4701 3537 4756 in
3590 4702 3752 4772 justi-

2144 4785 2240 4854 tia,
2269 4799 2324 4845 et
2354 4790 2606 4863 loquitur
2631 4801 2840 4848 rectam
2879 4793 3062 4860 viam;
3095 4793 3190 4864 qui
3235 4793 3354 4848 odit
3395 4790 3747 4865 injustitiam,

2142 4891 2200 4941 et
2231 4885 2612 4957 iniquitatem,
2673 4897 2731 4944 et
2775 4889 2990 4944 excutit
3035 4903 3234 4943 manus
3293 4903 3324 4942 a
3369 4888 3742 4955 muneribus;

2143 4980 2240 5052 qui
2265 4979 2491 5034 obturat
2548 4993 2733 5045 aures,
2764 4995 2836 5035 ne
2884 4981 3076 5036 audiat
3124 4981 3399 5053 judicium
3441 4981 3748 5053 sanguinis,

2147 5083 2205 5130 et
2231 5071 2440 5128 claudit
2470 5073 2684 5139 oculos,
2718 5089 2787 5129 ne
2811 5074 2997 5129 videat
3033 5075 3366 5146 injustitiam
3391 5090 3406 5128 :
3436 5074 3528 5130 hic
3587 5073 3749 5128 habi-

2149 5165 2289 5221 tabit
2323 5163 2379 5217 in
2417 5163 2643 5218 sublimi
2687 5165 2952 5234 spelunca
2995 5173 3166 5236 petraa
3208 5164 3469 5223 ﬁrmze”.
3497 5183 3515 5216 ι
3545 5164 3749 5221 Aﬁ‘erri

2151 5267 2335 5313 autem
2369 5265 2428 5313 et
2485 5258 2592 5313 alia
2643 5257 2819 5327 possit
2857 5257 3078 5314 anobis
3128 5275 3241 5314 non
3290 5259 3532 5314 absurda
3583 5259 3750 5332 hujus

2151 5349 2258 5405 loci
2291 5349 2584 5420 expositio.
2600 5349 2760 5403 Petra
2793 5349 3017 5418 quidem
3039 5349 3296 5406 Christus
3317 5357 3403 5407 est
3429 5352 3498 5420 ³⁸,
3522 5362 3749 5423 propter

2152 5441 2368 5496 ﬁrmam
2397 5441 2546 5496 illam
2582 5449 2639 5496 et
2673 5441 2938 5496 invictam
2985 5458 3261 5513 suprema:
3312 5444 3563 5499 omnium
3620 5444 3751 5499 sub-

2150 5535 2367 5589 stantiae
2404 5541 2686 5588 naturam.
2730 5534 2901 5589 Porro
2947 5536 3213 5606 spelunca
3263 5537 3378 5604 illa,
3423 5537 3481 5592 in
3526 5536 3751 5593 Christo

2149 5627 2384 5699 intelligi
2422 5634 2605 5698 potest
2655 5626 2925 5693 Ecclesia,
2989 5644 3187 5694 nempe
3232 5629 3371 5687 illud
3430 5639 3746 5686 sanctorum

498 5778 545 5810 ⁹¹
581 5775 724 5832 Gen.
770 5792 880 5840 lux,
914 5774 1005 5830 26.
1085 5773 1130 5804 θ’
1164 5771 1356 5827 Matth.
1384 5789 1438 5838 v,
1473 5772 1558 5826 l5.
1637 5770 1682 5802 9³
1715 5767 1854 5825 Gen.
1886 5766 2046 5833 χηιῶ

2192 5768 2237 5801 ’⁵
2268 5767 2371 5824 lsa.
2407 5783 2593 5833 xxxiii,
2626 5767 2824 5834 l5,16.
2903 5768 2949 5800 ⁹⁸
2983 5767 3147 5826 lCor.
3173 5784 3227 5837 ι,
3252 5769 3304 5824 4.

503 5897 586 5969 (Ι)
618 5894 759 5950 Cod.
797 5894 921 5949 Vat.
959 5890 1417 5962 κατεσκληκότος.
