  <div class='ocr_page' id='page_1' title='image "/cluster/home/n/w/nwhite01/storage/ocr_20150623/68:no.1/coo.31924054869742/099.png"; bbox 0 0 4172 6476; ppageno 0'>
   <div class='ocr_carea' id='block_1_1' title="bbox 512 387 617 444">
    <p class='ocr_par' dir='ltr' id='par_1_1' title="bbox 512 387 617 444">
     <span class='ocr_line' id='line_1_1' title="bbox 512 387 617 444; baseline 0.019 -2"><span class='ocrx_word' id='word_1_1' title='bbox 512 387 617 444; x_wconf 75' lang='grc'><strong>185</strong></span> 
     </span>
    </p>
   </div>
   <div class='ocr_carea' id='block_1_2' title="bbox 1540 386 2781 448">
    <p class='ocr_par' dir='ltr' id='par_1_2' title="bbox 1540 386 2781 448">
     <span class='ocr_line' id='line_1_2' title="bbox 1540 386 2781 448; baseline 0.005 -6"><span class='ocrx_word' id='word_1_2' title='bbox 1540 388 1594 442; x_wconf 87' lang='lat' dir='ltr'><strong>S.</strong></span> <span class='ocrx_word' id='word_1_3' title='bbox 1636 387 1914 442; x_wconf 79' lang='lat' dir='ltr'><strong>CYRILLI</strong></span> <span class='ocrx_word' id='word_1_4' title='bbox 1953 386 2425 446; x_wconf 77' lang='lat' dir='ltr'><strong>ALEXANDRJNI</strong></span> <span class='ocrx_word' id='word_1_5' title='bbox 2461 390 2781 448; x_wconf 84' lang='lat' dir='ltr'><strong>ARCHIEP.</strong></span> 
     </span>
    </p>
   </div>
   <div class='ocr_carea' id='block_1_3' title="bbox 3675 403 3779 459">
    <p class='ocr_par' dir='ltr' id='par_1_3' title="bbox 3675 403 3779 459">
     <span class='ocr_line' id='line_1_3' title="bbox 3675 403 3779 459; baseline 0.019 -2"><span class='ocrx_word' id='word_1_6' title='bbox 3675 403 3779 459; x_wconf 65' lang='grc'><strong>184</strong></span> 
     </span>
    </p>
   </div>
   <div class='ocr_carea' id='block_1_4' title="bbox 510 501 2092 590">
    <p class='ocr_par' dir='ltr' id='par_1_4' title="bbox 510 501 2090 589">
     <span class='ocr_line' id='line_1_4' title="bbox 510 501 2090 589; baseline 0.003 -32"><span class='ocrx_word' id='word_1_7' title='bbox 510 501 798 558; x_wconf 82' lang='lat' dir='ltr'><strong>hominum</strong></span> <span class='ocrx_word' id='word_1_8' title='bbox 832 504 1219 571; x_wconf 82' lang='lat' dir='ltr'><strong>diversorium,</strong></span> <span class='ocrx_word' id='word_1_9' title='bbox 1257 506 1584 589; x_wconf 75' lang='lat' dir='ltr'><strong>piorumque</strong></span> <span class='ocrx_word' id='word_1_10' title='bbox 1637 513 1866 568; x_wconf 90' lang='lat' dir='ltr'><strong>tectum,</strong></span> <span class='ocrx_word' id='word_1_11' title='bbox 1895 505 1953 559; x_wconf 88' lang='lat' dir='ltr'><strong>in</strong></span> <span class='ocrx_word' id='word_1_12' title='bbox 1981 521 2090 574; x_wconf 92' lang='lat' dir='ltr'><strong>quo</strong></span> 
     </span>
    </p>
   </div>
   <div class='ocr_carea' id='block_1_5' title="bbox 2195 501 3776 590">
    <p class='ocr_par' dir='ltr' id='par_1_5' title="bbox 2195 507 3776 590">
     <span class='ocr_line' id='line_1_5' title="bbox 2195 507 3776 590; baseline 0.009 -31"><span class='ocrx_word' id='word_1_13' title='bbox 2195 507 2287 560; x_wconf 71' lang='lat' dir='ltr'><strong>mi</strong></span> <span class='ocrx_word' id='word_1_14' title='bbox 2341 507 2446 579; x_wconf 84' lang='grc' dir='ltr'><strong>μὴν</strong></span> <span class='ocrx_word' id='word_1_15' title='bbox 2472 508 2586 562; x_wconf 82' lang='grc' dir='ltr'><strong>ὅσοι</strong></span> <span class='ocrx_word' id='word_1_16' title='bbox 2644 509 2743 580; x_wconf 83' lang='grc' dir='ltr'><strong>τὴν</strong></span> <span class='ocrx_word' id='word_1_17' title='bbox 2797 509 2885 567; x_wconf 82' lang='grc' dir='ltr'>διὰ</span> <span class='ocrx_word' id='word_1_18' title='bbox 2918 512 3089 584; x_wconf 85' lang='grc' dir='ltr'>πυρὸς</span> <span class='ocrx_word' id='word_1_19' title='bbox 3163 515 3557 586; x_wconf 76' lang='grc' dir='ltr'><strong>παραιτοῦνται</strong></span> <span class='ocrx_word' id='word_1_20' title='bbox 3599 516 3776 590; x_wconf 88' lang='grc' dir='ltr'>δίκην.</span> 
     </span>
    </p>
   </div>
   <div class='ocr_carea' id='block_1_6' title="bbox 507 592 2093 673">
    <p class='ocr_par' dir='ltr' id='par_1_6' title="bbox 507 592 2093 673">
     <span class='ocr_line' id='line_1_6' title="bbox 507 592 2093 673; baseline 0.008 -27"><span class='ocrx_word' id='word_1_21' title='bbox 507 592 642 664; x_wconf 78' lang='lat' dir='ltr'><strong>justi</strong></span> <span class='ocrx_word' id='word_1_22' title='bbox 680 593 787 648; x_wconf 88' lang='lat' dir='ltr'><strong>viri</strong></span> <span class='ocrx_word' id='word_1_23' title='bbox 809 594 1080 663; x_wconf 88' lang='lat' dir='ltr'><strong>habitant,</strong></span> <span class='ocrx_word' id='word_1_24' title='bbox 1102 603 1160 651; x_wconf 91' lang='lat' dir='ltr'><strong>et</strong></span> <span class='ocrx_word' id='word_1_25' title='bbox 1197 598 1515 671; x_wconf 86' lang='lat' dir='ltr'><strong>quicunque</strong></span> <span class='ocrx_word' id='word_1_26' title='bbox 1560 598 1702 670; x_wconf 86' lang='lat' dir='ltr'><strong>ignis</strong></span> <span class='ocrx_word' id='word_1_27' title='bbox 1758 601 2093 673; x_wconf 85' lang='lat' dir='ltr'><strong>supplicium</strong></span> 
     </span>
    </p>
   </div>
   <div class='ocr_carea' id='block_1_7' title="bbox 510 687 777 742">
    <p class='ocr_par' dir='ltr' id='par_1_7' title="bbox 510 687 777 742">
     <span class='ocr_line' id='line_1_7' title="bbox 510 687 777 742; baseline 0.004 -1"><span class='ocrx_word' id='word_1_28' title='bbox 510 687 777 742; x_wconf 91' lang='lat' dir='ltr'><strong>evadunt.</strong></span> 
     </span>
    </p>
   </div>
   <div class='ocr_carea' id='block_1_8' title="bbox 581 777 2095 850">
    <p class='ocr_par' dir='ltr' id='par_1_8' title="bbox 581 777 2095 850">
     <span class='ocr_line' id='line_1_8' title="bbox 581 777 2095 850; baseline 0.009 -19"><span class='ocrx_word' id='word_1_29' title='bbox 581 777 781 832; x_wconf 86' lang='lat' dir='ltr'><strong>PALL.</strong></span> <span class='ocrx_word' id='word_1_30' title='bbox 804 777 978 845; x_wconf 84' lang='lat' dir='ltr'><strong>Quam</strong></span> <span class='ocrx_word' id='word_1_31' title='bbox 1018 780 1280 850; x_wconf 69' lang='lat' dir='ltr'><strong>praeclare</strong></span> <span class='ocrx_word' id='word_1_32' title='bbox 1313 782 1450 838; x_wconf 86' lang='lat' dir='ltr'><strong>mihi</strong></span> <span class='ocrx_word' id='word_1_33' title='bbox 1480 784 1689 841; x_wconf 84' lang='lat' dir='ltr'><strong>habere</strong></span> <span class='ocrx_word' id='word_1_34' title='bbox 1732 788 1953 843; x_wconf 83' lang='lat' dir='ltr'><strong>videtur</strong></span> <span class='ocrx_word' id='word_1_35' title='bbox 1980 789 2095 845; x_wconf 85' lang='lat' dir='ltr'><strong>haec</strong></span> 
     </span>
    </p>
   </div>
   <div class='ocr_carea' id='block_1_9' title="bbox 509 869 2094 952">
    <p class='ocr_par' dir='ltr' id='par_1_9' title="bbox 509 869 2094 952">
     <span class='ocr_line' id='line_1_9' title="bbox 509 869 2094 952; baseline 0.009 -30"><span class='ocrx_word' id='word_1_36' title='bbox 509 869 815 939; x_wconf 87' lang='lat' dir='ltr'><strong>expositio!</strong></span> <span class='ocrx_word' id='word_1_37' title='bbox 853 870 962 927; x_wconf 85' lang='lat' dir='ltr'><strong>Sed</strong></span> <span class='ocrx_word' id='word_1_38' title='bbox 995 873 1162 927; x_wconf 88' lang='lat' dir='ltr'><strong>velim</strong></span> <span class='ocrx_word' id='word_1_39' title='bbox 1200 875 1461 944; x_wconf 81' lang='lat' dir='ltr'><strong>equidem</strong></span> <span class='ocrx_word' id='word_1_40' title='bbox 1501 877 1626 933; x_wconf 89' lang='lat' dir='ltr'><strong>aliis</strong></span> <span class='ocrx_word' id='word_1_41' title='bbox 1673 882 2094 952; x_wconf 89' lang='lat' dir='ltr'><strong>quamplurimis</strong></span> 
     </span>
    </p>
   </div>
   <div class='ocr_carea' id='block_1_10' title="bbox 509 958 2094 1031">
    <p class='ocr_par' dir='ltr' id='par_1_10' title="bbox 509 958 2094 1031">
     <span class='ocr_line' id='line_1_10' title="bbox 509 958 2094 1031; baseline 0.009 -21"><span class='ocrx_word' id='word_1_42' title='bbox 509 958 934 1025; x_wconf 75' lang='lat' dir='ltr'><strong>probationibus</strong></span> <span class='ocrx_word' id='word_1_43' title='bbox 959 972 1286 1031; x_wconf 79' lang='lat' dir='ltr'><strong>praesentem</strong></span> <span class='ocrx_word' id='word_1_44' title='bbox 1327 964 1509 1020; x_wconf 89' lang='lat' dir='ltr'><strong>locum</strong></span> <span class='ocrx_word' id='word_1_45' title='bbox 1532 982 1564 1021; x_wconf 93' lang='lat' dir='ltr'><strong>a</strong></span> <span class='ocrx_word' id='word_1_46' title='bbox 1594 975 1649 1022; x_wconf 91' lang='lat' dir='ltr'><strong>te</strong></span> <span class='ocrx_word' id='word_1_47' title='bbox 1686 971 1915 1024; x_wconf 88' lang='lat' dir='ltr'><strong>versari.</strong></span> <span class='ocrx_word' id='word_1_48' title='bbox 1957 971 2094 1027; x_wconf 86' lang='lat' dir='ltr'><strong>Nam</strong></span> 
     </span>
    </p>
   </div>
   <div class='ocr_carea' id='block_1_11' title="bbox 511 1048 2091 1134">
    <p class='ocr_par' dir='ltr' id='par_1_11' title="bbox 511 1048 2091 1134">
     <span class='ocr_line' id='line_1_11' title="bbox 511 1048 2091 1134; baseline 0.01 -32"><span class='ocrx_word' id='word_1_49' title='bbox 511 1048 567 1105; x_wconf 91' lang='lat' dir='ltr'><strong>id</strong></span> <span class='ocrx_word' id='word_1_50' title='bbox 607 1050 745 1106; x_wconf 83' lang='lat' dir='ltr'><strong>velle</strong></span> <span class='ocrx_word' id='word_1_51' title='bbox 771 1052 933 1122; x_wconf 86' lang='lat' dir='ltr'><strong>plene</strong></span> <span class='ocrx_word' id='word_1_52' title='bbox 961 1068 1319 1124; x_wconf 79' lang='lat' dir='ltr'><strong>cognoscere,</strong></span> <span class='ocrx_word' id='word_1_53' title='bbox 1358 1058 1507 1127; x_wconf 87' lang='lat' dir='ltr'><strong>quod</strong></span> <span class='ocrx_word' id='word_1_54' title='bbox 1546 1059 1681 1117; x_wconf 91' lang='lat' dir='ltr'><strong>utile</strong></span> <span class='ocrx_word' id='word_1_55' title='bbox 1702 1069 1809 1127; x_wconf 89' lang='lat' dir='ltr'><strong>est,</strong></span> <span class='ocrx_word' id='word_1_56' title='bbox 1844 1078 1946 1134; x_wconf 85' lang='lat' dir='ltr'><strong>ego</strong></span> <span class='ocrx_word' id='word_1_57' title='bbox 1966 1063 2091 1133; x_wconf 91' lang='lat' dir='ltr'><strong>qui-</strong></span> 
     </span>
    </p>
   </div>
   <div class='ocr_carea' id='block_1_12' title="bbox 509 1138 1168 1210">
    <p class='ocr_par' dir='ltr' id='par_1_12' title="bbox 509 1138 1168 1210">
     <span class='ocr_line' id='line_1_12' title="bbox 509 1138 1168 1210; baseline 0.008 -16"><span class='ocrx_word' id='word_1_58' title='bbox 509 1138 636 1195; x_wconf 89' lang='lat' dir='ltr'><strong>dem</strong></span> <span class='ocrx_word' id='word_1_59' title='bbox 667 1141 893 1210; x_wconf 84' lang='lat' dir='ltr'><strong>plurimi</strong></span> <span class='ocrx_word' id='word_1_60' title='bbox 918 1142 1168 1198; x_wconf 84' lang='lat' dir='ltr'><strong>fecerim.</strong></span> 
     </span>
    </p>
   </div>
   <div class='ocr_carea' id='block_1_13' title="bbox 581 1229 2096 1311">
    <p class='ocr_par' dir='ltr' id='par_1_13' title="bbox 581 1229 2096 1311">
     <span class='ocr_line' id='line_1_13' title="bbox 581 1229 2096 1311; baseline 0.013 -28"><span class='ocrx_word' id='word_1_61' title='bbox 581 1229 741 1285; x_wconf 81' lang='lat' dir='ltr'><strong>CYR.</strong></span> <span class='ocrx_word' id='word_1_62' title='bbox 794 1231 983 1303; x_wconf 85' lang='lat' dir='ltr'><strong>Atqui,</strong></span> <span class='ocrx_word' id='word_1_63' title='bbox 1025 1235 1253 1301; x_wconf 86' lang='lat' dir='ltr'><strong>Palladi,</strong></span> <span class='ocrx_word' id='word_1_64' title='bbox 1305 1246 1363 1294; x_wconf 90' lang='lat' dir='ltr'><strong>et</strong></span> <span class='ocrx_word' id='word_1_65' title='bbox 1411 1243 1771 1311; x_wconf 80' lang='lat' dir='ltr'><strong>congruentia</strong></span> <span class='ocrx_word' id='word_1_66' title='bbox 1802 1243 1961 1300; x_wconf 89' lang='lat' dir='ltr'><strong>dicis.</strong></span> <span class='ocrx_word' id='word_1_67' title='bbox 1997 1247 2096 1302; x_wconf 89' lang='lat' dir='ltr'><strong>Est</strong></span> 
     </span>
    </p>
   </div>
   <div class='ocr_carea' id='block_1_14' title="bbox 508 1321 2095 1405">
    <p class='ocr_par' dir='ltr' id='par_1_14' title="bbox 508 1321 2095 1405">
     <span class='ocr_line' id='line_1_14' title="bbox 508 1321 2095 1405; baseline 0.013 -29"><span class='ocrx_word' id='word_1_68' title='bbox 508 1321 681 1388; x_wconf 86' lang='lat' dir='ltr'><strong>enim,</strong></span> <span class='ocrx_word' id='word_1_69' title='bbox 714 1332 776 1379; x_wconf 85' lang='grc' dir='ltr'><strong>ιιι</strong></span> <span class='ocrx_word' id='word_1_70' title='bbox 800 1325 1019 1394; x_wconf 85' lang='lat' dir='ltr'><strong>Opinor,</strong></span> <span class='ocrx_word' id='word_1_71' title='bbox 1050 1343 1117 1382; x_wconf 90' lang='lat' dir='ltr'><strong>ea</strong></span> <span class='ocrx_word' id='word_1_72' title='bbox 1145 1344 1235 1384; x_wconf 88' lang='lat' dir='ltr'><strong>res</strong></span> <span class='ocrx_word' id='word_1_73' title='bbox 1257 1332 1459 1386; x_wconf 90' lang='lat' dir='ltr'><strong>mentis</strong></span> <span class='ocrx_word' id='word_1_74' title='bbox 1491 1333 1651 1405; x_wconf 86' lang='lat' dir='ltr'><strong>longe</strong></span> <span class='ocrx_word' id='word_1_75' title='bbox 1672 1335 2095 1397; x_wconf 73' lang='lat' dir='ltr'><strong>studiosissime</strong></span> 
     </span>
    </p>
   </div>
   <div class='ocr_carea' id='block_1_15' title="bbox 507 1413 2093 1500">
    <p class='ocr_par' dir='ltr' id='par_1_15' title="bbox 507 1413 2093 1500">
     <span class='ocr_line' id='line_1_15' title="bbox 507 1413 2093 1500; baseline 0.013 -32"><span class='ocrx_word' id='word_1_76' title='bbox 507 1413 745 1479; x_wconf 80' lang='lat' dir='ltr'><strong>fructus,</strong></span> <span class='ocrx_word' id='word_1_77' title='bbox 786 1426 843 1471; x_wconf 91' lang='lat' dir='ltr'><strong>et</strong></span> <span class='ocrx_word' id='word_1_78' title='bbox 874 1433 998 1473; x_wconf 82' lang='lat' dir='ltr'><strong>mea</strong></span> <span class='ocrx_word' id='word_1_79' title='bbox 1038 1420 1216 1476; x_wconf 78' lang='lat' dir='ltr'><strong>oratio</strong></span> <span class='ocrx_word' id='word_1_80' title='bbox 1264 1424 1554 1494; x_wconf 82' lang='lat' dir='ltr'><strong>segnitiem</strong></span> <span class='ocrx_word' id='word_1_81' title='bbox 1604 1442 1826 1483; x_wconf 90' lang='lat' dir='ltr'><strong>omnem</strong></span> <span class='ocrx_word' id='word_1_82' title='bbox 1883 1432 2093 1500; x_wconf 78' lang='lat' dir='ltr'><strong>vincet,</strong></span> 
     </span>
    </p>
   </div>
   <div class='ocr_carea' id='block_1_16' title="bbox 510 1505 2093 1586">
    <p class='ocr_par' dir='ltr' id='par_1_16' title="bbox 510 1505 2093 1586">
     <span class='ocr_line' id='line_1_16' title="bbox 510 1505 2093 1586; baseline 0.013 -28"><span class='ocrx_word' id='word_1_83' title='bbox 510 1505 772 1574; x_wconf 90' lang='lat' dir='ltr'><strong>quoniam</strong></span> <span class='ocrx_word' id='word_1_84' title='bbox 797 1523 869 1563; x_wconf 91' lang='lat' dir='ltr'><strong>ne</strong></span> <span class='ocrx_word' id='word_1_85' title='bbox 901 1509 1039 1564; x_wconf 85' lang='lat' dir='ltr'><strong>mihi</strong></span> <span class='ocrx_word' id='word_1_86' title='bbox 1092 1512 1318 1581; x_wconf 87' lang='lat' dir='ltr'><strong>quidem</strong></span> <span class='ocrx_word' id='word_1_87' title='bbox 1363 1515 1466 1584; x_wconf 90' lang='lat' dir='ltr'><strong>ipsi</strong></span> <span class='ocrx_word' id='word_1_88' title='bbox 1514 1532 1734 1586; x_wconf 62' lang='lat' dir='ltr'><strong>aequum</strong></span> <span class='ocrx_word' id='word_1_89' title='bbox 1773 1520 1994 1576; x_wconf 90' lang='lat' dir='ltr'><strong>videtur</strong></span> <span class='ocrx_word' id='word_1_90' title='bbox 2037 1524 2093 1579; x_wconf 85' lang='lat' dir='ltr'><strong>in</strong></span> 
     </span>
    </p>
   </div>
   <div class='ocr_carea' id='block_1_17' title="bbox 513 1599 2093 1676">
    <p class='ocr_par' dir='ltr' id='par_1_17' title="bbox 513 1599 2093 1676">
     <span class='ocr_line' id='line_1_17' title="bbox 513 1599 2093 1676; baseline 0.013 -26"><span class='ocrx_word' id='word_1_91' title='bbox 513 1604 623 1651; x_wconf 90' lang='lat' dir='ltr'><strong>tam</strong></span> <span class='ocrx_word' id='word_1_92' title='bbox 653 1599 932 1667; x_wconf 66' lang='lat' dir='ltr'><strong>praeclaris</strong></span> <span class='ocrx_word' id='word_1_93' title='bbox 978 1610 1200 1673; x_wconf 88' lang='lat' dir='ltr'><strong>tamque</strong></span> <span class='ocrx_word' id='word_1_94' title='bbox 1225 1605 1879 1676; x_wconf 83' lang='lat' dir='ltr'><strong>jucundis’sermonibus</strong></span> <span class='ocrx_word' id='word_1_95' title='bbox 1923 1615 2093 1669; x_wconf 91' lang='lat' dir='ltr'><strong>silen-</strong></span> 
     </span>
    </p>
   </div>
   <div class='ocr_carea' id='block_1_18' title="bbox 514 1690 2096 1779">
    <p class='ocr_par' dir='ltr' id='par_1_18' title="bbox 514 1690 2096 1779">
     <span class='ocr_line' id='line_1_18' title="bbox 514 1690 2096 1779; baseline 0.013 -36"><span class='ocrx_word' id='word_1_96' title='bbox 514 1690 675 1757; x_wconf 91' lang='lat' dir='ltr'><strong>tium,</strong></span> <span class='ocrx_word' id='word_1_97' title='bbox 718 1691 766 1747; x_wconf 91' lang='lat' dir='ltr'><strong>si</strong></span> <span class='ocrx_word' id='word_1_98' title='bbox 817 1693 1132 1764; x_wconf 88' lang='lat' dir='ltr'><strong>importune</strong></span> <span class='ocrx_word' id='word_1_99' title='bbox 1165 1698 1474 1769; x_wconf 89' lang='lat' dir='ltr'><strong>irrepserit,</strong></span> <span class='ocrx_word' id='word_1_100' title='bbox 1517 1709 1724 1759; x_wconf 88' lang='lat' dir='ltr'><strong>tenere.</strong></span> <span class='ocrx_word' id='word_1_101' title='bbox 1774 1705 1881 1775; x_wconf 72' lang='lat'><strong>32</strong></span> <span class='ocrx_word' id='word_1_102' title='bbox 1924 1707 2096 1779; x_wconf 81' lang='lat' dir='ltr'><strong>Igitur</strong></span> 
     </span>
    </p>
   </div>
   <div class='ocr_carea' id='block_1_19' title="bbox 511 1782 2095 1864">
    <p class='ocr_par' dir='ltr' id='par_1_19' title="bbox 511 1782 2095 1864">
     <span class='ocr_line' id='line_1_19' title="bbox 511 1782 2095 1864; baseline 0.012 -28"><span class='ocrx_word' id='word_1_103' title='bbox 511 1782 571 1836; x_wconf 91' lang='lat' dir='ltr'><strong>in</strong></span> <span class='ocrx_word' id='word_1_104' title='bbox 605 1783 926 1840; x_wconf 91' lang='lat' dir='ltr'><strong>universum</strong></span> <span class='ocrx_word' id='word_1_105' title='bbox 962 1788 1331 1860; x_wconf 89' lang='lat' dir='ltr'><strong>omnibusque</strong></span> <span class='ocrx_word' id='word_1_106' title='bbox 1363 1792 1543 1848; x_wconf 88' lang='lat' dir='ltr'><strong>modis</strong></span> <span class='ocrx_word' id='word_1_107' title='bbox 1562 1794 1631 1849; x_wconf 89' lang='lat' dir='ltr'><strong>ab</strong></span> <span class='ocrx_word' id='word_1_108' title='bbox 1659 1795 1971 1864; x_wconf 85' lang='lat' dir='ltr'><strong>aﬁ&#39;ectione,</strong></span> <span class='ocrx_word' id='word_1_109' title='bbox 2002 1814 2095 1854; x_wconf 89' lang='lat' dir='ltr'><strong>so-</strong></span> 
     </span>
    </p>
   </div>
   <div class='ocr_carea' id='block_1_20' title="bbox 511 1874 2097 1957">
    <p class='ocr_par' dir='ltr' id='par_1_20' title="bbox 511 1874 2097 1957">
     <span class='ocr_line' id='line_1_20' title="bbox 511 1874 2097 1957; baseline 0.008 -26"><span class='ocrx_word' id='word_1_110' title='bbox 511 1874 825 1947; x_wconf 89' lang='lat' dir='ltr'><strong>cietateque</strong></span> <span class='ocrx_word' id='word_1_111' title='bbox 846 1878 1170 1935; x_wconf 85' lang='lat' dir='ltr'><strong>vitiosarum</strong></span> <span class='ocrx_word' id='word_1_112' title='bbox 1205 1897 1409 1949; x_wconf 88' lang='lat' dir='ltr'><strong>rerum,</strong></span> <span class='ocrx_word' id='word_1_113' title='bbox 1428 1884 1609 1953; x_wconf 87' lang='lat' dir='ltr'><strong>quoad</strong></span> <span class='ocrx_word' id='word_1_114' title='bbox 1650 1901 1739 1941; x_wconf 91' lang='lat' dir='ltr'><strong>res</strong></span> <span class='ocrx_word' id='word_1_115' title='bbox 1761 1887 1988 1957; x_wconf 89' lang='lat' dir='ltr'><strong>patitur,</strong></span> <span class='ocrx_word' id='word_1_116' title='bbox 2012 1905 2097 1945; x_wconf 90' lang='lat' dir='ltr'><strong>se-</strong></span> 
     </span>
    </p>
   </div>
   <div class='ocr_carea' id='block_1_21' title="bbox 503 1966 2094 2044">
    <p class='ocr_par' dir='ltr' id='par_1_21' title="bbox 503 1966 2094 2044">
     <span class='ocr_line' id='line_1_21' title="bbox 503 1966 2094 2044; baseline 0.009 -25"><span class='ocrx_word' id='word_1_117' title='bbox 503 1966 729 2038; x_wconf 87' lang='lat' dir='ltr'><strong>junctos</strong></span> <span class='ocrx_word' id='word_1_118' title='bbox 753 1984 855 2024; x_wconf 89' lang='lat' dir='ltr'><strong>nos</strong></span> <span class='ocrx_word' id='word_1_119' title='bbox 900 1986 1025 2026; x_wconf 88' lang='lat' dir='ltr'><strong>esse</strong></span> <span class='ocrx_word' id='word_1_120' title='bbox 1072 1980 1365 2042; x_wconf 88' lang='lat' dir='ltr'><strong>oportere:</strong></span> <span class='ocrx_word' id='word_1_121' title='bbox 1402 1975 1708 2044; x_wconf 80' lang='lat' dir='ltr'><strong>quinetiam</strong></span> <span class='ocrx_word' id='word_1_122' title='bbox 1760 1992 1873 2033; x_wconf 91' lang='lat' dir='ltr'><strong>non</strong></span> <span class='ocrx_word' id='word_1_123' title='bbox 1931 1979 2094 2035; x_wconf 79' lang='lat' dir='ltr'><strong>aliter</strong></span> 
     </span>
    </p>
   </div>
   <div class='ocr_carea' id='block_1_22' title="bbox 508 2060 2093 2139">
    <p class='ocr_par' dir='ltr' id='par_1_22' title="bbox 508 2060 2093 2139">
     <span class='ocr_line' id='line_1_22' title="bbox 508 2060 2093 2139; baseline 0.009 -25"><span class='ocrx_word' id='word_1_124' title='bbox 508 2060 674 2116; x_wconf 90' lang='lat' dir='ltr'><strong>nobis</strong></span> <span class='ocrx_word' id='word_1_125' title='bbox 697 2075 858 2131; x_wconf 90' lang='lat' dir='ltr'><strong>posse</strong></span> <span class='ocrx_word' id='word_1_126' title='bbox 886 2063 1226 2134; x_wconf 87' lang='lat' dir='ltr'><strong>contingere,</strong></span> <span class='ocrx_word' id='word_1_127' title='bbox 1260 2074 1321 2119; x_wconf 83' lang='lat' dir='ltr'><strong>ut</strong></span> <span class='ocrx_word' id='word_1_128' title='bbox 1340 2065 1409 2120; x_wconf 88' lang='lat' dir='ltr'><strong>ad</strong></span> <span class='ocrx_word' id='word_1_129' title='bbox 1438 2066 1699 2122; x_wconf 89' lang='lat' dir='ltr'><strong>virtutem</strong></span> <span class='ocrx_word' id='word_1_130' title='bbox 1724 2084 2093 2139; x_wconf 89' lang='lat' dir='ltr'><strong>recurramus,</strong></span> 
     </span>
    </p>
   </div>
   <div class='ocr_carea' id='block_1_23' title="bbox 509 2154 2094 2227">
    <p class='ocr_par' dir='ltr' id='par_1_23' title="bbox 509 2154 2094 2227">
     <span class='ocr_line' id='line_1_23' title="bbox 509 2154 2094 2227; baseline 0.009 -21"><span class='ocrx_word' id='word_1_131' title='bbox 509 2169 676 2223; x_wconf 89' lang='lat' dir='ltr'><strong>quam</strong></span> <span class='ocrx_word' id='word_1_132' title='bbox 705 2154 811 2209; x_wconf 90' lang='lat' dir='ltr'><strong>hoc</strong></span> <span class='ocrx_word' id='word_1_133' title='bbox 841 2155 962 2225; x_wconf 86' lang='lat' dir='ltr'><strong>ipso</strong></span> <span class='ocrx_word' id='word_1_134' title='bbox 999 2156 1185 2222; x_wconf 91' lang='lat' dir='ltr'><strong>modo,</strong></span> <span class='ocrx_word' id='word_1_135' title='bbox 1227 2173 1338 2227; x_wconf 92' lang='lat' dir='ltr'><strong>quo</strong></span> <span class='ocrx_word' id='word_1_136' title='bbox 1384 2158 1646 2225; x_wconf 83' lang='lat' dir='ltr'><strong>diximus,</strong></span> <span class='ocrx_word' id='word_1_137' title='bbox 1701 2162 1821 2218; x_wconf 89' lang='lat' dir='ltr'><strong>sine</strong></span> <span class='ocrx_word' id='word_1_138' title='bbox 1851 2164 1964 2220; x_wconf 92' lang='lat' dir='ltr'><strong>ullo</strong></span> <span class='ocrx_word' id='word_1_139' title='bbox 1994 2182 2094 2221; x_wconf 82' lang='lat' dir='ltr'><strong>ne-</strong></span> 
     </span>
    </p>
   </div>
   <div class='ocr_carea' id='block_1_24' title="bbox 509 2245 2094 2325">
    <p class='ocr_par' dir='ltr' id='par_1_24' title="bbox 509 2245 2094 2325">
     <span class='ocr_line' id='line_1_24' title="bbox 509 2245 2094 2325; baseline 0.007 -26"><span class='ocrx_word' id='word_1_140' title='bbox 509 2245 662 2315; x_wconf 86' lang='lat' dir='ltr'><strong>gotio</strong></span> <span class='ocrx_word' id='word_1_141' title='bbox 717 2247 1240 2318; x_wconf 85' lang='lat' dir='ltr'><strong>contemplabimur,</strong></span> <span class='ocrx_word' id='word_1_142' title='bbox 1282 2250 1329 2303; x_wconf 92' lang='lat' dir='ltr'><strong>si</strong></span> <span class='ocrx_word' id='word_1_143' title='bbox 1364 2250 1567 2306; x_wconf 90' lang='lat' dir='ltr'><strong>mentis</strong></span> <span class='ocrx_word' id='word_1_144' title='bbox 1606 2252 1801 2307; x_wconf 89' lang='lat' dir='ltr'><strong>oculos</strong></span> <span class='ocrx_word' id='word_1_145' title='bbox 1837 2253 2094 2325; x_wconf 74' lang='lat' dir='ltr'><strong>inieceri-</strong></span> 
     </span>
    </p>
   </div>
   <div class='ocr_carea' id='block_1_25' title="bbox 508 2337 2087 2416">
    <p class='ocr_par' dir='ltr' id='par_1_25' title="bbox 508 2337 2087 2416">
     <span class='ocr_line' id='line_1_25' title="bbox 508 2337 2087 2416; baseline 0.008 -27"><span class='ocrx_word' id='word_1_146' title='bbox 508 2352 634 2391; x_wconf 89' lang='lat' dir='ltr'><strong>mns</strong></span> <span class='ocrx_word' id='word_1_147' title='bbox 678 2344 792 2391; x_wconf 86' lang='lat' dir='ltr'><strong>tum</strong></span> <span class='ocrx_word' id='word_1_148' title='bbox 819 2337 877 2392; x_wconf 90' lang='lat' dir='ltr'><strong>in</strong></span> <span class='ocrx_word' id='word_1_149' title='bbox 916 2355 978 2394; x_wconf 86' lang='lat' dir='ltr'><strong>ea</strong></span> <span class='ocrx_word' id='word_1_150' title='bbox 1033 2356 1156 2410; x_wconf 85' lang='lat' dir='ltr'><strong>quae</strong></span> <span class='ocrx_word' id='word_1_151' title='bbox 1217 2340 1382 2395; x_wconf 90' lang='lat' dir='ltr'><strong>beato</strong></span> <span class='ocrx_word' id='word_1_152' title='bbox 1429 2341 1662 2398; x_wconf 73' lang='lat' dir='ltr'><strong>Abrahae</strong></span> <span class='ocrx_word' id='word_1_153' title='bbox 1717 2344 2087 2416; x_wconf 84' lang='lat' dir='ltr'><strong>contigerunt,</strong></span> 
     </span>
    </p>
   </div>
   <div class='ocr_carea' id='block_1_26' title="bbox 507 2431 2096 2511">
    <p class='ocr_par' dir='ltr' id='par_1_26' title="bbox 507 2431 2096 2511">
     <span class='ocr_line' id='line_1_26' title="bbox 507 2431 2096 2511; baseline 0.006 -27"><span class='ocrx_word' id='word_1_154' title='bbox 507 2436 625 2484; x_wconf 90' lang='lat' dir='ltr'><strong>tum</strong></span> <span class='ocrx_word' id='word_1_155' title='bbox 650 2446 773 2501; x_wconf 72' lang='lat' dir='ltr'><strong>quae</strong></span> <span class='ocrx_word' id='word_1_156' title='bbox 800 2431 857 2486; x_wconf 84' lang='lat' dir='ltr'><strong>in</strong></span> <span class='ocrx_word' id='word_1_157' title='bbox 890 2432 1047 2487; x_wconf 80' lang='lat' dir='ltr'><strong>exitu</strong></span> <span class='ocrx_word' id='word_1_158' title='bbox 1087 2432 1332 2489; x_wconf 90' lang='lat' dir='ltr'><strong>ﬁliorum</strong></span> <span class='ocrx_word' id='word_1_159' title='bbox 1385 2433 1561 2490; x_wconf 88' lang='lat' dir='ltr'><strong>Israel</strong></span> <span class='ocrx_word' id='word_1_160' title='bbox 1594 2436 1974 2494; x_wconf 86' lang='lat' dir='ltr'><strong>admirabilius</strong></span> <span class='ocrx_word' id='word_1_161' title='bbox 1998 2456 2096 2511; x_wconf 87' lang='lat' dir='ltr'><strong>ge-</strong></span> 
     </span>
    </p>
   </div>
   <div class='ocr_carea' id='block_1_27' title="bbox 507 2526 2095 2599">
    <p class='ocr_par' dir='ltr' id='par_1_27' title="bbox 507 2526 2095 2599">
     <span class='ocr_line' id='line_1_27' title="bbox 507 2526 2095 2599; baseline 0.008 -24"><span class='ocrx_word' id='word_1_162' title='bbox 507 2531 593 2575; x_wconf 88' lang='lat' dir='ltr'><strong>sta</strong></span> <span class='ocrx_word' id='word_1_163' title='bbox 616 2532 765 2588; x_wconf 89' lang='lat' dir='ltr'><strong>sunt,</strong></span> <span class='ocrx_word' id='word_1_164' title='bbox 807 2536 974 2592; x_wconf 89' lang='lat' dir='ltr'><strong>quam</strong></span> <span class='ocrx_word' id='word_1_165' title='bbox 1005 2532 1067 2578; x_wconf 85' lang='lat' dir='ltr'><strong>ut</strong></span> <span class='ocrx_word' id='word_1_166' title='bbox 1092 2526 1345 2580; x_wconf 89' lang='lat' dir='ltr'><strong>oratione</strong></span> <span class='ocrx_word' id='word_1_167' title='bbox 1374 2526 1642 2597; x_wconf 81' lang='lat' dir='ltr'><strong>explicari</strong></span> <span class='ocrx_word' id='word_1_168' title='bbox 1686 2530 1920 2599; x_wconf 89' lang='lat' dir='ltr'><strong>possint,</strong></span> <span class='ocrx_word' id='word_1_169' title='bbox 1969 2546 2095 2587; x_wconf 82' lang='lat' dir='ltr'><strong>cum</strong></span> 
     </span>
    </p>
   </div>
   <div class='ocr_carea' id='block_1_28' title="bbox 508 2613 2095 2691">
    <p class='ocr_par' dir='ltr' id='par_1_28' title="bbox 508 2613 2095 2691">
     <span class='ocr_line' id='line_1_28' title="bbox 508 2613 2095 2691; baseline 0.009 -24"><span class='ocrx_word' id='word_1_170' title='bbox 508 2613 626 2669; x_wconf 88' lang='lat' dir='ltr'><strong>suis</strong></span> <span class='ocrx_word' id='word_1_171' title='bbox 651 2615 1016 2685; x_wconf 86' lang='lat' dir='ltr'><strong>temporibus,</strong></span> <span class='ocrx_word' id='word_1_172' title='bbox 1053 2617 1301 2673; x_wconf 82' lang='lat' dir='ltr'><strong>eﬁ‘ractis</strong></span> <span class='ocrx_word' id='word_1_173' title='bbox 1330 2618 1570 2691; x_wconf 66' lang='lat' dir='ltr'><strong>Egyptii</strong></span> <span class='ocrx_word' id='word_1_174' title='bbox 1620 2621 1934 2680; x_wconf 90' lang='lat' dir='ltr'><strong>dominatus</strong></span> <span class='ocrx_word' id='word_1_175' title='bbox 1977 2625 2095 2681; x_wconf 55' lang='lat' dir='ltr'><strong>vin,-</strong></span> 
     </span>
    </p>
   </div>
   <div class='ocr_carea' id='block_1_29' title="bbox 508 2706 1094 2779">
    <p class='ocr_par' dir='ltr' id='par_1_29' title="bbox 508 2706 1094 2779">
     <span class='ocr_line' id='line_1_29' title="bbox 508 2706 1094 2779; baseline 0.009 -20"><span class='ocrx_word' id='word_1_176' title='bbox 508 2706 674 2772; x_wconf 89' lang='lat' dir='ltr'><strong>culis,</strong></span> <span class='ocrx_word' id='word_1_177' title='bbox 714 2714 846 2761; x_wconf 87' lang='lat' dir='ltr'><strong>sunt</strong></span> <span class='ocrx_word' id='word_1_178' title='bbox 862 2708 1094 2779; x_wconf 84' lang='lat' dir='ltr'><strong>egressi.</strong></span> 
     </span>
    </p>
   </div>
   <div class='ocr_carea' id='block_1_30' title="bbox 581 2796 2096 2877">
    <p class='ocr_par' dir='ltr' id='par_1_30' title="bbox 581 2796 2096 2877">
     <span class='ocr_line' id='line_1_30' title="bbox 581 2796 2096 2877; baseline 0.009 -25"><span class='ocrx_word' id='word_1_179' title='bbox 581 2796 782 2853; x_wconf 85' lang='lat' dir='ltr'><strong>PALL.</strong></span> <span class='ocrx_word' id='word_1_180' title='bbox 811 2799 1132 2871; x_wconf 87' lang='lat' dir='ltr'><strong>Exsequere</strong></span> <span class='ocrx_word' id='word_1_181' title='bbox 1169 2803 1340 2874; x_wconf 85' lang='lat' dir='ltr'><strong>igitur</strong></span> <span class='ocrx_word' id='word_1_182' title='bbox 1367 2805 1582 2877; x_wconf 86' lang='lat' dir='ltr'><strong>singula</strong></span> <span class='ocrx_word' id='word_1_183' title='bbox 1619 2823 1637 2861; x_wconf 85' lang='lat'><strong>:</strong></span> <span class='ocrx_word' id='word_1_184' title='bbox 1685 2808 1765 2863; x_wconf 93' lang='lat' dir='ltr'><strong>sic</strong></span> <span class='ocrx_word' id='word_1_185' title='bbox 1810 2809 1959 2864; x_wconf 87' lang='lat' dir='ltr'><strong>enim</strong></span> <span class='ocrx_word' id='word_1_186' title='bbox 1998 2810 2096 2865; x_wconf 85' lang='lat' dir='ltr'><strong>ha-</strong></span> 
     </span>
    </p>
   </div>
   <div class='ocr_carea' id='block_1_31' title="bbox 513 2888 2093 2971">
    <p class='ocr_par' dir='ltr' id='par_1_31' title="bbox 513 2888 2093 2971">
     <span class='ocr_line' id='line_1_31' title="bbox 513 2888 2093 2971; baseline 0.011 -29"><span class='ocrx_word' id='word_1_187' title='bbox 513 2888 663 2956; x_wconf 83' lang='lat' dir='ltr'><strong>beto,</strong></span> <span class='ocrx_word' id='word_1_188' title='bbox 691 2891 987 2947; x_wconf 78' lang='lat' dir='ltr'><strong>maximam</strong></span> <span class='ocrx_word' id='word_1_189' title='bbox 1014 2901 1069 2949; x_wconf 90' lang='lat' dir='ltr'><strong>te</strong></span> <span class='ocrx_word' id='word_1_190' title='bbox 1110 2896 1280 2953; x_wconf 91' lang='lat' dir='ltr'><strong>nobis</strong></span> <span class='ocrx_word' id='word_1_191' title='bbox 1318 2898 1661 2971; x_wconf 84' lang='lat' dir='ltr'><strong>voluptatem</strong></span> <span class='ocrx_word' id='word_1_192' title='bbox 1697 2901 2015 2971; x_wconf 86' lang='lat' dir='ltr'><strong>allaturum,</strong></span> <span class='ocrx_word' id='word_1_193' title='bbox 2047 2904 2093 2960; x_wconf 92' lang='lat' dir='ltr'><strong>si</strong></span> 
     </span>
    </p>
   </div>
   <div class='ocr_carea' id='block_1_32' title="bbox 512 2972 1330 3057">
    <p class='ocr_par' dir='ltr' id='par_1_32' title="bbox 512 2972 1330 3057">
     <span class='ocr_line' id='line_1_32' title="bbox 512 2972 1330 3057; baseline 0.015 -22"><span class='ocrx_word' id='word_1_194' title='bbox 512 2981 569 3036; x_wconf 90' lang='lat' dir='ltr'><strong>id</strong></span> <span class='ocrx_word' id='word_1_195' title='bbox 610 2981 791 3039; x_wconf 83' lang='lat' dir='ltr'><strong>facere</strong></span> <span class='ocrx_word' id='word_1_196' title='bbox 815 2972 1107 3057; x_wconf 82' lang='lat' dir='ltr'><strong>aggressus</strong></span> <span class='ocrx_word' id='word_1_197' title='bbox 1136 2988 1330 3046; x_wconf 77' lang='lat' dir='ltr'><strong>fueris.</strong></span> 
     </span>
    </p>
   </div>
   <div class='ocr_carea' id='block_1_33' title="bbox 582 3074 2093 3153">
    <p class='ocr_par' dir='ltr' id='par_1_33' title="bbox 582 3074 2093 3153">
     <span class='ocr_line' id='line_1_33' title="bbox 582 3074 2093 3153; baseline 0.009 -22"><span class='ocrx_word' id='word_1_198' title='bbox 582 3074 740 3133; x_wconf 81' lang='lat' dir='ltr'><strong>CYR.</strong></span> <span class='ocrx_word' id='word_1_199' title='bbox 763 3078 1097 3136; x_wconf 89' lang='lat' dir='ltr'><strong>Dicebamus</strong></span> <span class='ocrx_word' id='word_1_200' title='bbox 1132 3081 1342 3153; x_wconf 87' lang='lat' dir='ltr'><strong>itaque,</strong></span> <span class='ocrx_word' id='word_1_201' title='bbox 1379 3084 1601 3141; x_wconf 89' lang='lat' dir='ltr'><strong>beatum</strong></span> <span class='ocrx_word' id='word_1_202' title='bbox 1641 3087 1918 3143; x_wconf 83' lang='lat' dir='ltr'><strong>Abraham</strong></span> <span class='ocrx_word' id='word_1_203' title='bbox 1966 3105 2093 3145; x_wconf 83' lang='lat' dir='ltr'><strong>cum</strong></span> 
     </span>
    </p>
   </div>
   <div class='ocr_carea' id='block_1_34' title="bbox 2266 787 3782 865">
    <p class='ocr_par' dir='ltr' id='par_1_34' title="bbox 2266 787 3782 865">
     <span class='ocr_line' id='line_1_34' title="bbox 2266 787 3782 865; baseline 0.003 -19"><span class='ocrx_word' id='word_1_204' title='bbox 2266 794 2473 849; x_wconf 82' lang='lat' dir='ltr'><strong>HAAA.</strong></span> <span class='ocrx_word' id='word_1_205' title='bbox 2513 794 2600 858; x_wconf 80' lang='grc' dir='ltr'>Ὦς</span> <span class='ocrx_word' id='word_1_206' title='bbox 2626 787 2752 863; x_wconf 77' lang='grc' dir='ltr'>εὖγε</span> <span class='ocrx_word' id='word_1_207' title='bbox 2775 796 2927 865; x_wconf 86' lang='grc' dir='ltr'>ἡμῖν,</span> <span class='ocrx_word' id='word_1_208' title='bbox 2951 789 2997 850; x_wconf 82' lang='grc' dir='ltr'><strong>ὦ</strong></span> <span class='ocrx_word' id='word_1_209' title='bbox 3017 797 3137 860; x_wconf 80' lang='grc' dir='ltr'>τᾶν,</span> <span class='ocrx_word' id='word_1_210' title='bbox 3162 798 3190 849; x_wconf 86' lang='grc' dir='ltr'>ὁ</span> <span class='ocrx_word' id='word_1_211' title='bbox 3216 796 3375 864; x_wconf 82' lang='grc' dir='ltr'><strong>λόγος</strong></span> <span class='ocrx_word' id='word_1_212' title='bbox 3400 795 3539 865; x_wconf 78' lang='grc' dir='ltr'>ἔχειῒ</span> <span class='ocrx_word' id='word_1_213' title='bbox 3570 796 3782 851; x_wconf 74' lang='grc' dir='ltr'>Βουλαί-</span> 
     </span>
    </p>
   </div>
   <div class='ocr_carea' id='block_1_35' title="bbox 2202 884 3781 961">
    <p class='ocr_par' dir='ltr' id='par_1_35' title="bbox 2202 884 3781 961">
     <span class='ocr_line' id='line_1_35' title="bbox 2202 884 3781 961; baseline 0.003 -23"><span class='ocrx_word' id='word_1_214' title='bbox 2202 902 2309 955; x_wconf 87' lang='grc' dir='ltr'><strong>μην</strong></span> <span class='ocrx_word' id='word_1_215' title='bbox 2339 885 2383 938; x_wconf 90' lang='grc' dir='ltr'>δ’</span> <span class='ocrx_word' id='word_1_216' title='bbox 2412 884 2479 939; x_wconf 83' lang='grc' dir='ltr'><strong>ἂν</strong></span> <span class='ocrx_word' id='word_1_217' title='bbox 2522 886 2700 955; x_wconf 79' lang='grc' dir='ltr'>ἔγωγε</span> <span class='ocrx_word' id='word_1_218' title='bbox 2730 887 2827 940; x_wconf 77' lang='grc' dir='ltr'><strong>καὶ</strong></span> <span class='ocrx_word' id='word_1_219' title='bbox 2858 887 2925 940; x_wconf 85' lang='grc' dir='ltr'><strong>δι’</strong></span> <span class='ocrx_word' id='word_1_220' title='bbox 2962 888 3167 961; x_wconf 88' lang='grc' dir='ltr'>ἐτέρων</span> <span class='ocrx_word' id='word_1_221' title='bbox 3203 888 3345 942; x_wconf 78' lang='grc' dir='ltr'>ὅσων</span> <span class='ocrx_word' id='word_1_222' title='bbox 3385 891 3518 960; x_wconf 79' lang='grc' dir='ltr'>ἡμῖν</span> <span class='ocrx_word' id='word_1_223' title='bbox 3564 888 3781 943; x_wconf 86' lang='grc' dir='ltr'>ἀποδεί-</span> 
     </span>
    </p>
   </div>
   <div class='ocr_carea' id='block_1_36' title="bbox 2195 977 3782 1052">
    <p class='ocr_par' dir='ltr' id='par_1_36' title="bbox 2195 977 3782 1052">
     <span class='ocr_line' id='line_1_36' title="bbox 2195 977 3782 1052; baseline 0.003 -23"><span class='ocrx_word' id='word_1_224' title='bbox 2195 977 2330 1044; x_wconf 82' lang='grc' dir='ltr'>ξεων</span> <span class='ocrx_word' id='word_1_225' title='bbox 2351 977 2487 1031; x_wconf 74' lang='grc' dir='ltr'>ἱέναι</span> <span class='ocrx_word' id='word_1_226' title='bbox 2510 979 2572 1032; x_wconf 82' lang='grc' dir='ltr'><strong>τὸ</strong></span> <span class='ocrx_word' id='word_1_227' title='bbox 2602 978 2920 1050; x_wconf 81' lang='grc' dir='ltr'><strong>γύμνασμα.</strong></span> <span class='ocrx_word' id='word_1_228' title='bbox 2948 979 3023 1033; x_wconf 83' lang='grc' dir='ltr'>Τὸ</span> <span class='ocrx_word' id='word_1_229' title='bbox 3044 982 3153 1052; x_wconf 87' lang='grc' dir='ltr'><strong>γάρ</strong></span> <span class='ocrx_word' id='word_1_230' title='bbox 3175 998 3258 1034; x_wconf 91' lang='grc' dir='ltr'><strong>τοι</strong></span> <span class='ocrx_word' id='word_1_231' title='bbox 3283 980 3457 1051; x_wconf 83' lang='grc' dir='ltr'>φιλεῖν</span> <span class='ocrx_word' id='word_1_232' title='bbox 3493 980 3782 1048; x_wconf 83' lang='grc' dir='ltr'>ἐξεπίστα-</span> 
     </span>
    </p>
   </div>
   <div class='ocr_carea' id='block_1_37' title="bbox 2198 1069 3781 1147">
    <p class='ocr_par' dir='ltr' id='par_1_37' title="bbox 2198 1069 3781 1147">
     <span class='ocr_line' id='line_1_37' title="bbox 2198 1069 3781 1147; baseline 0.006 -29"><span class='ocrx_word' id='word_1_233' title='bbox 2198 1069 2321 1123; x_wconf 83' lang='grc' dir='ltr'>σθαι</span> <span class='ocrx_word' id='word_1_234' title='bbox 2355 1072 2626 1136; x_wconf 82' lang='grc' dir='ltr'><strong>πλουσίως</strong></span> <span class='ocrx_word' id='word_1_235' title='bbox 2664 1074 2726 1125; x_wconf 85' lang='grc' dir='ltr'><strong>τὸ</strong></span> <span class='ocrx_word' id='word_1_236' title='bbox 2778 1072 2970 1128; x_wconf 82' lang='grc' dir='ltr'>τελοῦν</span> <span class='ocrx_word' id='word_1_237' title='bbox 3001 1075 3081 1139; x_wconf 90' lang='grc' dir='ltr'><strong>είς</strong></span> <span class='ocrx_word' id='word_1_238' title='bbox 3117 1074 3326 1147; x_wconf 77' lang='grc' dir='ltr'>δνησιν,</span> <span class='ocrx_word' id='word_1_239' title='bbox 3371 1074 3666 1145; x_wconf 81' lang='grc' dir='ltr'>οίησαίμην</span> <span class='ocrx_word' id='word_1_240' title='bbox 3712 1072 3781 1128; x_wconf 76' lang='grc' dir='ltr'>ἂν</span> 
     </span>
    </p>
   </div>
   <div class='ocr_carea' id='block_1_38' title="bbox 2196 1159 2934 1229">
    <p class='ocr_par' dir='ltr' id='par_1_38' title="bbox 2196 1159 2934 1229">
     <span class='ocr_line' id='line_1_38' title="bbox 2196 1159 2934 1229; baseline 0.007 -17"><span class='ocrx_word' id='word_1_241' title='bbox 2196 1159 2371 1229; x_wconf 76' lang='grc' dir='ltr'>ἔγωγε</span> <span class='ocrx_word' id='word_1_242' title='bbox 2401 1161 2495 1215; x_wconf 76' lang='grc' dir='ltr'>τοῦ</span> <span class='ocrx_word' id='word_1_243' title='bbox 2532 1161 2734 1226; x_wconf 76' lang='grc' dir='ltr'>παντὸς</span> <span class='ocrx_word' id='word_1_244' title='bbox 2762 1162 2934 1227; x_wconf 79' lang='grc' dir='ltr'>ἀξιον.</span> 
     </span>
    </p>
   </div>
   <div class='ocr_carea' id='block_1_39' title="bbox 2265 1248 3781 1327">
    <p class='ocr_par' dir='ltr' id='par_1_39' title="bbox 2265 1248 3781 1327">
     <span class='ocr_line' id='line_1_39' title="bbox 2265 1248 3781 1327; baseline 0.004 -22"><span class='ocrx_word' id='word_1_245' title='bbox 2265 1253 2431 1308; x_wconf 86' lang='grc' dir='ltr'>ΚΥΡ.</span> <span class='ocrx_word' id='word_1_246' title='bbox 2460 1254 2572 1307; x_wconf 72' lang='grc' dir='ltr'><strong>Καὶ</strong></span> <span class='ocrx_word' id='word_1_247' title='bbox 2602 1253 2728 1327; x_wconf 78' lang='grc' dir='ltr'>μὴν,</span> <span class='ocrx_word' id='word_1_248' title='bbox 2753 1248 2798 1307; x_wconf 81' lang='grc' dir='ltr'>ὧ</span> <span class='ocrx_word' id='word_1_249' title='bbox 2814 1255 3101 1321; x_wconf 89' lang='grc' dir='ltr'>Παλλάδιε,</span> <span class='ocrx_word' id='word_1_250' title='bbox 3126 1256 3197 1309; x_wconf 86' lang='grc' dir='ltr'><strong>τά</strong></span> <span class='ocrx_word' id='word_1_251' title='bbox 3222 1272 3286 1325; x_wconf 91' lang='grc' dir='ltr'><strong>γε</strong></span> <span class='ocrx_word' id='word_1_252' title='bbox 3313 1255 3500 1312; x_wconf 78' lang='grc' dir='ltr'>είκότα</span> <span class='ocrx_word' id='word_1_253' title='bbox 3525 1256 3652 1327; x_wconf 83' lang='grc' dir='ltr'>φής.</span> <span class='ocrx_word' id='word_1_254' title='bbox 3676 1254 3781 1326; x_wconf 80' lang='grc' dir='ltr'>Εῐη</span> 
     </span>
    </p>
   </div>
   <div class='ocr_carea' id='block_1_40' title="bbox 2195 1343 3784 1419">
    <p class='ocr_par' dir='ltr' id='par_1_40' title="bbox 2195 1343 3784 1419">
     <span class='ocr_line' id='line_1_40' title="bbox 2195 1343 3784 1419; baseline 0.003 -23"><span class='ocrx_word' id='word_1_255' title='bbox 2195 1343 2305 1415; x_wconf 81' lang='grc' dir='ltr'>γὰρ</span> <span class='ocrx_word' id='word_1_256' title='bbox 2347 1343 2414 1398; x_wconf 84' lang='grc' dir='ltr'><strong>ἂν</strong></span> <span class='ocrx_word' id='word_1_257' title='bbox 2439 1344 2677 1409; x_wconf 81' lang='grc' dir='ltr'><strong>διανοίας</strong></span> <span class='ocrx_word' id='word_1_258' title='bbox 2711 1348 2846 1417; x_wconf 79' lang='grc' dir='ltr'>ἡμῖν</span> <span class='ocrx_word' id='word_1_259' title='bbox 2874 1349 2975 1416; x_wconf 84' lang='grc' dir='ltr'>τῆς</span> <span class='ocrx_word' id='word_1_260' title='bbox 2995 1349 3077 1412; x_wconf 85' lang='grc' dir='ltr'><strong>είς</strong></span> <span class='ocrx_word' id='word_1_261' title='bbox 3101 1348 3182 1401; x_wconf 82' lang='grc' dir='ltr'><strong>ὅτι</strong></span> <span class='ocrx_word' id='word_1_262' title='bbox 3210 1348 3447 1417; x_wconf 85' lang='grc' dir='ltr'>μάλιστα</span> <span class='ocrx_word' id='word_1_263' title='bbox 3482 1348 3784 1419; x_wconf 81' lang='grc' dir='ltr'>φιλομαθε-</span> 
     </span>
    </p>
   </div>
   <div class='ocr_carea' id='block_1_41' title="bbox 2198 1437 3784 1511">
    <p class='ocr_par' dir='ltr' id='par_1_41' title="bbox 2198 1437 3784 1511">
     <span class='ocr_line' id='line_1_41' title="bbox 2198 1437 3784 1511; baseline 0.003 -22"><span class='ocrx_word' id='word_1_264' title='bbox 2198 1437 2401 1509; x_wconf 87' lang='grc' dir='ltr'>στάτης</span> <span class='ocrx_word' id='word_1_265' title='bbox 2426 1437 2486 1492; x_wconf 86' lang='grc' dir='ltr'><strong>τὸ</strong></span> <span class='ocrx_word' id='word_1_266' title='bbox 2514 1438 2705 1510; x_wconf 83' lang='grc' dir='ltr'>χρῆμα</span> <span class='ocrx_word' id='word_1_267' title='bbox 2739 1437 2975 1511; x_wconf 72' lang='grc' dir='ltr'>καρπὸς,</span> <span class='ocrx_word' id='word_1_268' title='bbox 3003 1438 3163 1492; x_wconf 75' lang='grc' dir='ltr'>ὄκνου</span> <span class='ocrx_word' id='word_1_269' title='bbox 3213 1439 3273 1492; x_wconf 86' lang='grc' dir='ltr'>δὲ</span> <span class='ocrx_word' id='word_1_270' title='bbox 3317 1438 3557 1510; x_wconf 87' lang='grc' dir='ltr'>ἀμείνων</span> <span class='ocrx_word' id='word_1_271' title='bbox 3583 1440 3612 1492; x_wconf 85' lang='grc' dir='ltr'>ὁ</span> <span class='ocrx_word' id='word_1_272' title='bbox 3642 1440 3784 1511; x_wconf 71' lang='grc' dir='ltr'>πρὸς</span> 
     </span>
    </p>
   </div>
   <div class='ocr_carea' id='block_1_42' title="bbox 2196 1526 3787 1600">
    <p class='ocr_par' dir='ltr' id='par_1_42' title="bbox 2196 1526 3787 1600">
     <span class='ocr_line' id='line_1_42' title="bbox 2196 1526 3787 1600; baseline 0.002 -19"><span class='ocrx_word' id='word_1_273' title='bbox 2196 1529 2352 1600; x_wconf 82' lang='grc' dir='ltr'>ἡμῶν</span> <span class='ocrx_word' id='word_1_274' title='bbox 2392 1526 2547 1582; x_wconf 81' lang='grc' dir='ltr'>ἔσται</span> <span class='ocrx_word' id='word_1_275' title='bbox 2579 1527 2756 1598; x_wconf 83' lang='grc' dir='ltr'>λόγος,</span> <span class='ocrx_word' id='word_1_276' title='bbox 2782 1529 2841 1581; x_wconf 85' lang='grc' dir='ltr'><strong>ού</strong></span> <span class='ocrx_word' id='word_1_277' title='bbox 2869 1528 2930 1582; x_wconf 81' lang='grc' dir='ltr'><strong>τὸ</strong></span> <span class='ocrx_word' id='word_1_278' title='bbox 2960 1529 3093 1582; x_wconf 82' lang='grc' dir='ltr'>αὐτό</span> <span class='ocrx_word' id='word_1_279' title='bbox 3126 1546 3217 1600; x_wconf 87' lang='grc' dir='ltr'>μοι</span> <span class='ocrx_word' id='word_1_280' title='bbox 3241 1528 3453 1595; x_wconf 81' lang='grc' dir='ltr'>δοκοῦν,</span> <span class='ocrx_word' id='word_1_281' title='bbox 3486 1531 3601 1594; x_wconf 86' lang='grc' dir='ltr'>τοῖς</span> <span class='ocrx_word' id='word_1_282' title='bbox 3638 1530 3787 1584; x_wconf 78' lang='grc' dir='ltr'>οὕτω</span> 
     </span>
    </p>
   </div>
   <div class='ocr_carea' id='block_1_43' title="bbox 2196 1618 3784 1693">
    <p class='ocr_par' dir='ltr' id='par_1_43' title="bbox 2196 1618 3784 1693">
     <span class='ocr_line' id='line_1_43' title="bbox 2196 1618 3784 1693; baseline 0.003 -22"><span class='ocrx_word' id='word_1_283' title='bbox 2196 1619 2472 1693; x_wconf 79' lang='grc' dir='ltr'>λαμπροῖς</span> <span class='ocrx_word' id='word_1_284' title='bbox 2514 1621 2608 1674; x_wconf 80' lang='grc' dir='ltr'><strong>καὶ</strong></span> <span class='ocrx_word' id='word_1_285' title='bbox 2659 1618 3002 1692; x_wconf 82' lang='grc' dir='ltr'>ἀξιεράστοις</span> <span class='ocrx_word' id='word_1_286' title='bbox 3042 1620 3371 1691; x_wconf 80' lang='grc' dir='ltr'><strong>διηγήμασι,</strong></span> <span class='ocrx_word' id='word_1_287' title='bbox 3419 1620 3521 1693; x_wconf 83' lang='grc' dir='ltr'>τὴν</span> <span class='ocrx_word' id='word_1_288' title='bbox 3569 1622 3670 1675; x_wconf 83' lang='grc' dir='ltr'><strong>οὐκ</strong></span> <span class='ocrx_word' id='word_1_289' title='bbox 3723 1623 3784 1675; x_wconf 86' lang='grc' dir='ltr'><strong>ἐν</strong></span> 
     </span>
    </p>
   </div>
   <div class='ocr_carea' id='block_1_44' title="bbox 2197 1712 3783 1787">
    <p class='ocr_par' dir='ltr' id='par_1_44' title="bbox 2197 1712 3783 1787">
     <span class='ocr_line' id='line_1_44' title="bbox 2197 1712 3783 1787; baseline 0.003 -22"><span class='ocrx_word' id='word_1_290' title='bbox 2197 1712 2375 1783; x_wconf 81' lang='grc' dir='ltr'><strong>καιρῷ</strong></span> <span class='ocrx_word' id='word_1_291' title='bbox 2400 1714 3232 1784; x_wconf 69' lang='grc' dir='ltr'>παρειστρέχουσανιέπασκῆσαι</span> <span class='ocrx_word' id='word_1_292' title='bbox 3258 1715 3438 1787; x_wconf 87' lang='grc' dir='ltr'>σιγήν.</span> <span class='ocrx_word' id='word_1_293' title='bbox 3465 1714 3676 1770; x_wconf 81' lang='grc' dir='ltr'>Οὐκοῦν</span> <span class='ocrx_word' id='word_1_294' title='bbox 3699 1716 3783 1770; x_wconf 81' lang='grc' dir='ltr'>ὅτι</span> 
     </span>
    </p>
   </div>
   <div class='ocr_carea' id='block_1_45' title="bbox 2197 1803 3783 1875">
    <p class='ocr_par' dir='ltr' id='par_1_45' title="bbox 2197 1803 3783 1875">
     <span class='ocr_line' id='line_1_45' title="bbox 2197 1803 3783 1875; baseline 0.003 -19"><span class='ocrx_word' id='word_1_295' title='bbox 2197 1803 2296 1873; x_wconf 82' lang='grc' dir='ltr'>τῆς</span> <span class='ocrx_word' id='word_1_296' title='bbox 2323 1804 2461 1875; x_wconf 78' lang='grc' dir='ltr'>πρὸς</span> <span class='ocrx_word' id='word_1_297' title='bbox 2481 1804 2550 1858; x_wconf 82' lang='grc' dir='ltr'>τὰ</span> <span class='ocrx_word' id='word_1_298' title='bbox 2590 1803 2769 1873; x_wconf 83' lang='grc' dir='ltr'>φαῦλα</span> <span class='ocrx_word' id='word_1_299' title='bbox 2798 1803 3094 1868; x_wconf 85' lang='grc' dir='ltr'>διαθέσεώς</span> <span class='ocrx_word' id='word_1_300' title='bbox 3114 1821 3176 1858; x_wconf 86' lang='grc' dir='ltr'><strong>τε</strong></span> <span class='ocrx_word' id='word_1_301' title='bbox 3210 1805 3306 1858; x_wconf 78' lang='grc' dir='ltr'><strong>καὶ</strong></span> <span class='ocrx_word' id='word_1_302' title='bbox 3341 1807 3630 1869; x_wconf 77' lang='grc' dir='ltr'>κοινωνίας</span> <span class='ocrx_word' id='word_1_303' title='bbox 3668 1809 3783 1861; x_wconf 88' lang='grc' dir='ltr'>είσ-</span> 
     </span>
    </p>
   </div>
   <div class='ocr_carea' id='block_1_46' title="bbox 2197 1893 3787 1968">
    <p class='ocr_par' dir='ltr' id='par_1_46' title="bbox 2197 1893 3787 1968">
     <span class='ocr_line' id='line_1_46' title="bbox 2197 1893 3787 1968; baseline 0.004 -21"><span class='ocrx_word' id='word_1_304' title='bbox 2197 1893 2343 1947; x_wconf 89' lang='grc' dir='ltr'>άπαν</span> <span class='ocrx_word' id='word_1_305' title='bbox 2372 1910 2431 1946; x_wconf 81' lang='grc' dir='ltr'><strong>τε</strong></span> <span class='ocrx_word' id='word_1_306' title='bbox 2453 1895 2549 1947; x_wconf 78' lang='grc' dir='ltr'><strong>καὶ</strong></span> <span class='ocrx_word' id='word_1_307' title='bbox 2567 1893 2878 1964; x_wconf 81' lang='grc' dir='ltr'>ὁλοτρόπως</span> <span class='ocrx_word' id='word_1_308' title='bbox 2906 1894 3513 1968; x_wconf 75' lang='grc' dir='ltr'>ἀποσχοινίζεσθαιχρὴ</span> <span class='ocrx_word' id='word_1_309' title='bbox 3548 1898 3691 1953; x_wconf 87' lang='grc' dir='ltr'><strong>κατά</strong></span> <span class='ocrx_word' id='word_1_310' title='bbox 3721 1898 3787 1953; x_wconf 72' lang='grc' dir='ltr'>τὸ</span> 
     </span>
    </p>
   </div>
   <div class='ocr_carea' id='block_1_47' title="bbox 2197 1984 3784 2062">
    <p class='ocr_par' dir='ltr' id='par_1_47' title="bbox 2197 1984 3784 2062">
     <span class='ocr_line' id='line_1_47' title="bbox 2197 1984 3784 2062; baseline 0.004 -25"><span class='ocrx_word' id='word_1_311' title='bbox 2197 1984 2511 2055; x_wconf 77' lang='grc' dir='ltr'><strong>ἐγχωροῦν·</strong></span> <span class='ocrx_word' id='word_1_312' title='bbox 2550 1984 2646 2039; x_wconf 66' lang='grc' dir='ltr'><strong>καὶ¹</strong></span> <span class='ocrx_word' id='word_1_313' title='bbox 2678 1985 2786 2057; x_wconf 80' lang='grc' dir='ltr'>μὴν</span> <span class='ocrx_word' id='word_1_314' title='bbox 2806 1986 2890 2038; x_wconf 82' lang='grc' dir='ltr'>ὅτι</span> <span class='ocrx_word' id='word_1_315' title='bbox 2923 1986 2985 2040; x_wconf 82' lang='grc' dir='ltr'><strong>τὸ</strong></span> <span class='ocrx_word' id='word_1_316' title='bbox 3028 1985 3286 2059; x_wconf 88' lang='grc' dir='ltr'>ἀναθρεῖν</span> <span class='ocrx_word' id='word_1_317' title='bbox 3332 1987 3593 2044; x_wconf 86' lang='grc' dir='ltr'>δύνασθαι</span> <span class='ocrx_word' id='word_1_318' title='bbox 3643 1991 3784 2062; x_wconf 74' lang='grc' dir='ltr'>πρὸς</span> 
     </span>
    </p>
   </div>
   <div class='ocr_carea' id='block_1_48' title="bbox 2196 2076 3781 2152">
    <p class='ocr_par' dir='ltr' id='par_1_48' title="bbox 2196 2076 3781 2152">
     <span class='ocr_line' id='line_1_48' title="bbox 2196 2076 3781 2152; baseline 0.006 -24"><span class='ocrx_word' id='word_1_319' title='bbox 2196 2076 2419 2148; x_wconf 86' lang='grc' dir='ltr'>ἀρετὴν,</span> <span class='ocrx_word' id='word_1_320' title='bbox 2469 2077 2807 2146; x_wconf 82' lang='grc' dir='ltr'>προσγένοιτ’</span> <span class='ocrx_word' id='word_1_321' title='bbox 2848 2076 2915 2131; x_wconf 85' lang='grc' dir='ltr'><strong>ἂν</strong></span> <span class='ocrx_word' id='word_1_322' title='bbox 2951 2078 3050 2148; x_wconf 82' lang='grc' dir='ltr'>οὐχ</span> <span class='ocrx_word' id='word_1_323' title='bbox 3076 2079 3302 2150; x_wconf 82' lang='grc' dir='ltr'><strong>ἑτέρως,</strong></span> <span class='ocrx_word' id='word_1_324' title='bbox 3341 2080 3375 2152; x_wconf 80' lang='grc' dir='ltr'><strong>ἢ</strong></span> <span class='ocrx_word' id='word_1_325' title='bbox 3413 2081 3553 2135; x_wconf 83' lang='grc' dir='ltr'><strong>κατά</strong></span> <span class='ocrx_word' id='word_1_326' title='bbox 3591 2082 3781 2136; x_wconf 77' lang='grc' dir='ltr'>τοῦτον</span> 
     </span>
    </p>
   </div>
   <div class='ocr_carea' id='block_1_49' title="bbox 2196 2166 3784 2245">
    <p class='ocr_par' dir='ltr' id='par_1_49' title="bbox 2196 2166 3784 2245">
     <span class='ocr_line' id='line_1_49' title="bbox 2196 2166 3784 2245; baseline 0.003 -25"><span class='ocrx_word' id='word_1_327' title='bbox 2196 2166 2360 2221; x_wconf 80' lang='grc' dir='ltr'>αὐτὸν</span> <span class='ocrx_word' id='word_1_328' title='bbox 2391 2166 2487 2221; x_wconf 86' lang='grc' dir='ltr'><strong>τόν</strong></span> <span class='ocrx_word' id='word_1_329' title='bbox 2520 2168 2745 2239; x_wconf 83' lang='grc' dir='ltr'>τρόπον,</span> <span class='ocrx_word' id='word_1_330' title='bbox 2764 2169 3000 2238; x_wconf 71' lang='grc' dir='ltr'>ἀπονητὶ</span> <span class='ocrx_word' id='word_1_331' title='bbox 3024 2168 3398 2243; x_wconf 83' lang='grc' dir='ltr'>θεωρήσομεν,</span> <span class='ocrx_word' id='word_1_332' title='bbox 3420 2173 3518 2245; x_wconf 80' lang='grc' dir='ltr'>τῆς</span> <span class='ocrx_word' id='word_1_333' title='bbox 3542 2173 3784 2239; x_wconf 80' lang='grc' dir='ltr'>διανοίας</span> 
     </span>
    </p>
   </div>
   <div class='ocr_carea' id='block_1_50' title="bbox 2196 2257 3783 2330">
    <p class='ocr_par' dir='ltr' id='par_1_50' title="bbox 2196 2257 3783 2330">
     <span class='ocr_line' id='line_1_50' title="bbox 2196 2257 3783 2330; baseline 0.004 -18"><span class='ocrx_word' id='word_1_334' title='bbox 2196 2259 2288 2312; x_wconf 78' lang='grc' dir='ltr'><strong>τὸν</strong></span> <span class='ocrx_word' id='word_1_335' title='bbox 2314 2257 2592 2329; x_wconf 80' lang='grc' dir='ltr'>ὀφθαλμὸν</span> <span class='ocrx_word' id='word_1_336' title='bbox 2625 2259 2862 2325; x_wconf 77' lang='grc' dir='ltr'>ἐνιέντες</span> <span class='ocrx_word' id='word_1_337' title='bbox 2910 2257 2970 2315; x_wconf 79' lang='grc' dir='ltr'><strong>εὖ</strong></span> <span class='ocrx_word' id='word_1_338' title='bbox 3004 2260 3172 2330; x_wconf 87' lang='grc' dir='ltr'>μάλα,</span> <span class='ocrx_word' id='word_1_339' title='bbox 3219 2262 3315 2317; x_wconf 74' lang='grc' dir='ltr'><strong>καὶ</strong></span> <span class='ocrx_word' id='word_1_340' title='bbox 3354 2266 3468 2327; x_wconf 80' lang='grc' dir='ltr'>τοῖς</span> <span class='ocrx_word' id='word_1_341' title='bbox 3504 2263 3647 2318; x_wconf 85' lang='grc' dir='ltr'><strong>κατά</strong></span> <span class='ocrx_word' id='word_1_342' title='bbox 3686 2265 3783 2319; x_wconf 83' lang='grc' dir='ltr'>τὸν</span> 
     </span>
    </p>
   </div>
   <div class='ocr_carea' id='block_1_51' title="bbox 2198 2348 3784 2426">
    <p class='ocr_par' dir='ltr' id='par_1_51' title="bbox 2198 2348 3784 2426">
     <span class='ocr_line' id='line_1_51' title="bbox 2198 2348 3784 2426; baseline 0.005 -24"><span class='ocrx_word' id='word_1_343' title='bbox 2198 2348 2487 2404; x_wconf 86' lang='grc' dir='ltr'>θεσπέσιον</span> <span class='ocrx_word' id='word_1_344' title='bbox 2524 2350 2801 2423; x_wconf 74' lang='grc' dir='ltr'>Ἀϐραὰμ,</span> <span class='ocrx_word' id='word_1_345' title='bbox 2853 2353 2949 2405; x_wconf 81' lang='grc' dir='ltr'><strong>καὶ</strong></span> <span class='ocrx_word' id='word_1_346' title='bbox 2977 2355 3090 2416; x_wconf 89' lang='grc' dir='ltr'>τοῖς</span> <span class='ocrx_word' id='word_1_347' title='bbox 3122 2354 3267 2425; x_wconf 81' lang='grc' dir='ltr'>ὑπὲρ</span> <span class='ocrx_word' id='word_1_348' title='bbox 3298 2353 3456 2423; x_wconf 91' lang='grc' dir='ltr'>λόγον</span> <span class='ocrx_word' id='word_1_349' title='bbox 3486 2355 3784 2426; x_wconf 87' lang='grc' dir='ltr'>κατωρθω-</span> 
     </span>
    </p>
   </div>
   <div class='ocr_carea' id='block_1_52' title="bbox 2201 2440 3784 2517">
    <p class='ocr_par' dir='ltr' id='par_1_52' title="bbox 2201 2440 3784 2517">
     <span class='ocr_line' id='line_1_52' title="bbox 2201 2440 3784 2517; baseline 0.004 -25"><span class='ocrx_word' id='word_1_350' title='bbox 2201 2441 2382 2512; x_wconf 77' lang='grc' dir='ltr'>μένοις</span> <span class='ocrx_word' id='word_1_351' title='bbox 2405 2441 2498 2495; x_wconf 83' lang='grc' dir='ltr'>ἐπ“ι</span> <span class='ocrx_word' id='word_1_352' title='bbox 2531 2444 2597 2513; x_wconf 77' lang='grc' dir='ltr'>τῇ</span> <span class='ocrx_word' id='word_1_353' title='bbox 2627 2440 2794 2513; x_wconf 79' lang='grc' dir='ltr'>ἐξόδῳ</span> <span class='ocrx_word' id='word_1_354' title='bbox 2818 2442 2929 2497; x_wconf 81' lang='grc' dir='ltr'><strong>τῶν</strong></span> <span class='ocrx_word' id='word_1_355' title='bbox 2968 2442 3029 2508; x_wconf 80' lang='grc' dir='ltr'>ἐξ</span> <span class='ocrx_word' id='word_1_356' title='bbox 3054 2443 3311 2513; x_wconf 65' lang='grc' dir='ltr'>ἰΙσραὴλ,</span> <span class='ocrx_word' id='word_1_357' title='bbox 3343 2444 3410 2515; x_wconf 79' lang='grc' dir='ltr'>ἣν</span> <span class='ocrx_word' id='word_1_358' title='bbox 3454 2444 3784 2517; x_wconf 76' lang='grc' dir='ltr'>πεποίηνται</span> 
     </span>
    </p>
   </div>
   <div class='ocr_carea' id='block_1_53' title="bbox 2196 2534 3782 2608">
    <p class='ocr_par' dir='ltr' id='par_1_53' title="bbox 2196 2534 3782 2608">
     <span class='ocr_line' id='line_1_53' title="bbox 2196 2534 3782 2608; baseline 0.003 -21"><span class='ocrx_word' id='word_1_359' title='bbox 2196 2534 2341 2589; x_wconf 85' lang='grc' dir='ltr'><strong>κατά</strong></span> <span class='ocrx_word' id='word_1_360' title='bbox 2369 2535 2596 2605; x_wconf 80' lang='grc' dir='ltr'>καιροὺς</span> <span class='ocrx_word' id='word_1_361' title='bbox 2629 2534 2732 2606; x_wconf 75' lang='grc' dir='ltr'>τῆς</span> <span class='ocrx_word' id='word_1_362' title='bbox 2775 2536 3088 2604; x_wconf 79' lang='grc' dir='ltr'>Αἰγυπτίων</span> <span class='ocrx_word' id='word_1_363' title='bbox 3129 2535 3466 2605; x_wconf 77' lang='grc' dir='ltr'>πλεονεξίας,</span> <span class='ocrx_word' id='word_1_364' title='bbox 3508 2536 3577 2591; x_wconf 84' lang='grc' dir='ltr'>τὰ</span> <span class='ocrx_word' id='word_1_365' title='bbox 3605 2536 3782 2608; x_wconf 83' lang='grc' dir='ltr'>δεσμὰ</span> 
     </span>
    </p>
   </div>
   <div class='ocr_carea' id='block_1_54' title="bbox 2195 2625 2609 2697">
    <p class='ocr_par' dir='ltr' id='par_1_54' title="bbox 2195 2625 2609 2697">
     <span class='ocr_line' id='line_1_54' title="bbox 2195 2625 2609 2697; baseline 0.002 -18"><span class='ocrx_word' id='word_1_366' title='bbox 2195 2625 2609 2697; x_wconf 75' lang='grc' dir='ltr'>διαρρήξαντες.</span> 
     </span>
    </p>
   </div>
   <div class='ocr_carea' id='block_1_55' title="bbox 2268 2799 3783 2878">
    <p class='ocr_par' dir='ltr' id='par_1_55' title="bbox 2268 2799 3783 2878">
     <span class='ocr_line' id='line_1_55' title="bbox 2268 2799 3783 2878; baseline -0.001 -17"><span class='ocrx_word' id='word_1_367' title='bbox 2268 2807 2477 2861; x_wconf 84' lang='grc' dir='ltr'>ΠΔΛΛ.</span> <span class='ocrx_word' id='word_1_368' title='bbox 2511 2804 2692 2877; x_wconf 79' lang='grc' dir='ltr'>Φράζε</span> <span class='ocrx_word' id='word_1_369' title='bbox 2715 2804 2781 2877; x_wconf 81' lang='grc' dir='ltr'>δὴ</span> <span class='ocrx_word' id='word_1_370' title='bbox 2817 2799 2912 2860; x_wconf 80' lang='grc' dir='ltr'><strong>οὖν</strong></span> <span class='ocrx_word' id='word_1_371' title='bbox 2951 2805 3056 2860; x_wconf 82' lang='grc' dir='ltr'>ἀνὰ</span> <span class='ocrx_word' id='word_1_372' title='bbox 3101 2808 3285 2878; x_wconf 80' lang='grc' dir='ltr'>μέρος.</span> <span class='ocrx_word' id='word_1_373' title='bbox 3327 2802 3414 2870; x_wconf 81' lang='grc' dir='ltr'>Ὡς</span> <span class='ocrx_word' id='word_1_374' title='bbox 3458 2801 3516 2860; x_wconf 75' lang='grc' dir='ltr'><strong>εὖ</strong></span> <span class='ocrx_word' id='word_1_375' title='bbox 3560 2805 3670 2860; x_wconf 85' lang='grc' dir='ltr'>ῖσθι</span> <span class='ocrx_word' id='word_1_376' title='bbox 3698 2823 3783 2860; x_wconf 81' lang='grc' dir='ltr'><strong>τοι</strong></span> 
     </span>
    </p>
   </div>
   <div class='ocr_carea' id='block_1_56' title="bbox 2198 2897 3608 2971">
    <p class='ocr_par' dir='ltr' id='par_1_56' title="bbox 2198 2897 3608 2971">
     <span class='ocr_line' id='line_1_56' title="bbox 2198 2897 3608 2971; baseline -0.001 -18"><span class='ocrx_word' id='word_1_377' title='bbox 2198 2898 2467 2962; x_wconf 80' lang='grc' dir='ltr'>πλουσίως</span> <span class='ocrx_word' id='word_1_378' title='bbox 2493 2899 2641 2971; x_wconf 82' lang='grc' dir='ltr'>ἡμᾶς</span> <span class='ocrx_word' id='word_1_379' title='bbox 2662 2897 2991 2971; x_wconf 74' lang='grc' dir='ltr'>εὐφραίνων,</span> <span class='ocrx_word' id='word_1_380' title='bbox 3019 2899 3067 2951; x_wconf 88' lang='grc' dir='ltr'><strong>εί</strong></span> <span class='ocrx_word' id='word_1_381' title='bbox 3096 2897 3230 2970; x_wconf 81' lang='grc' dir='ltr'>δρᾷν</span> <span class='ocrx_word' id='word_1_382' title='bbox 3255 2898 3397 2952; x_wconf 83' lang='grc' dir='ltr'>ἓλοιο</span> <span class='ocrx_word' id='word_1_383' title='bbox 3427 2898 3608 2958; x_wconf 84' lang='grc' dir='ltr'>ταυτί.</span> 
     </span>
    </p>
   </div>
   <div class='ocr_carea' id='block_1_57' title="bbox 2267 3074 3779 3149">
    <p class='ocr_par' dir='ltr' id='par_1_57' title="bbox 2267 3074 3779 3149">
     <span class='ocr_line' id='line_1_57' title="bbox 2267 3074 3779 3149; baseline -0.001 -20"><span class='ocrx_word' id='word_1_384' title='bbox 2267 3075 2434 3129; x_wconf 84' lang='grc' dir='ltr'><strong>ΚΥΡ.</strong></span> <span class='ocrx_word' id='word_1_385' title='bbox 2479 3075 2773 3149; x_wconf 80' lang='grc' dir='ltr'>Ἐλέγομεν</span> <span class='ocrx_word' id='word_1_386' title='bbox 2808 3077 3010 3142; x_wconf 84' lang='grc' dir='ltr'>τοίνυν,</span> <span class='ocrx_word' id='word_1_387' title='bbox 3041 3076 3117 3140; x_wconf 86' lang='grc' dir='ltr'>ὡς</span> <span class='ocrx_word' id='word_1_388' title='bbox 3159 3075 3422 3147; x_wconf 84' lang='grc' dir='ltr'>ἀφορήτῳ</span> <span class='ocrx_word' id='word_1_389' title='bbox 3453 3075 3583 3131; x_wconf 82' lang='grc' dir='ltr'>ποτὲ</span> <span class='ocrx_word' id='word_1_390' title='bbox 3614 3074 3779 3146; x_wconf 80' lang='grc' dir='ltr'>λιμῷ,</span> 
     </span>
    </p>
   </div>
   <div class='ocr_carea' id='block_1_58' title="bbox 510 3167 2092 3263">
    <p class='ocr_par' dir='ltr' id='par_1_58' title="bbox 510 3168 2092 3241">
     <span class='ocr_line' id='line_1_58' title="bbox 510 3168 2092 3241; baseline 0.009 -19"><span class='ocrx_word' id='word_1_391' title='bbox 510 3168 654 3224; x_wconf 82' lang='lat' dir='ltr'><strong>fame</strong></span> <span class='ocrx_word' id='word_1_392' title='bbox 680 3172 957 3241; x_wconf 90' lang='lat' dir='ltr'><strong>quondam</strong></span> <span class='ocrx_word' id='word_1_393' title='bbox 984 3174 1342 3241; x_wconf 89' lang='lat' dir='ltr'><strong>intolerabili,</strong></span> <span class='ocrx_word' id='word_1_394' title='bbox 1366 3185 1422 3232; x_wconf 89' lang='lat' dir='ltr'><strong>et</strong></span> <span class='ocrx_word' id='word_1_395' title='bbox 1446 3181 1881 3236; x_wconf 87' lang='lat' dir='ltr'><strong>necessariarum</strong></span> <span class='ocrx_word' id='word_1_396' title='bbox 1906 3197 2092 3236; x_wconf 88' lang='lat' dir='ltr'><strong>rerum</strong></span> 
     </span>
    </p>
   </div>
   <div class='ocr_carea' id='block_1_59' title="bbox 2195 3167 3784 3263">
    <p class='ocr_par' dir='ltr' id='par_1_59' title="bbox 2197 3167 3784 3239">
     <span class='ocr_line' id='line_1_59' title="bbox 2197 3167 3784 3239; baseline 0 -16"><span class='ocrx_word' id='word_1_397' title='bbox 2197 3169 2294 3223; x_wconf 70' lang='grc' dir='ltr'><strong>καὶ</strong></span> <span class='ocrx_word' id='word_1_398' title='bbox 2321 3172 2442 3234; x_wconf 88' lang='grc' dir='ltr'>ταῖς</span> <span class='ocrx_word' id='word_1_399' title='bbox 2475 3170 2586 3225; x_wconf 88' lang='grc' dir='ltr'><strong>τῶν</strong></span> <span class='ocrx_word' id='word_1_400' title='bbox 2633 3169 2949 3238; x_wconf 82' lang='grc' dir='ltr'>ἀναγκαίων</span> <span class='ocrx_word' id='word_1_401' title='bbox 2992 3169 3225 3233; x_wconf 86' lang='grc' dir='ltr'>ἐνδείαις</span> <span class='ocrx_word' id='word_1_402' title='bbox 3275 3167 3710 3239; x_wconf 83' lang='grc' dir='ltr'>ἐκπεπιεσμένος</span> <span class='ocrx_word' id='word_1_403' title='bbox 3753 3171 3784 3223; x_wconf 83' lang='grc' dir='ltr'>ὁ</span> 
     </span>
    </p>
   </div>
   <div class='ocr_carea' id='block_1_60' title="bbox 512 3260 2100 3343">
    <p class='ocr_par' dir='ltr' id='par_1_60' title="bbox 512 3260 2100 3343">
     <span class='ocr_line' id='line_1_60' title="bbox 512 3260 2100 3343; baseline 0.009 -29"><span class='ocrx_word' id='word_1_404' title='bbox 512 3260 698 3332; x_wconf 82' lang='lat' dir='ltr'><strong>inOpia</strong></span> <span class='ocrx_word' id='word_1_405' title='bbox 768 3273 1146 3333; x_wconf 86' lang='lat' dir='ltr'><strong>premeretur,</strong></span> <span class='ocrx_word' id='word_1_406' title='bbox 1184 3283 1297 3323; x_wconf 89' lang='lat' dir='ltr'><strong>non</strong></span> <span class='ocrx_word' id='word_1_407' title='bbox 1331 3278 1525 3340; x_wconf 88' lang='lat' dir='ltr'><strong>sponte</strong></span> <span class='ocrx_word' id='word_1_408' title='bbox 1554 3271 1622 3325; x_wconf 86' lang='lat' dir='ltr'><strong>ad</strong></span> <span class='ocrx_word' id='word_1_409' title='bbox 1672 3270 1955 3343; x_wconf 65' lang='lat' dir='ltr'><strong>Egyptios</strong></span> <span class='ocrx_word' id='word_1_410' title='bbox 2003 3273 2100 3327; x_wconf 84' lang='lat' dir='ltr'><strong>de-</strong></span> 
     </span>
    </p>
   </div>
   <div class='ocr_carea' id='block_1_61' title="bbox 510 3352 2098 3420">
    <p class='ocr_par' dir='ltr' id='par_1_61' title="bbox 510 3352 2098 3420">
     <span class='ocr_line' id='line_1_61' title="bbox 510 3352 2098 3420; baseline 0.008 -13"><span class='ocrx_word' id='word_1_411' title='bbox 510 3352 813 3420; x_wconf 87' lang='lat' dir='ltr'><strong>scendisse,</strong></span> <span class='ocrx_word' id='word_1_412' title='bbox 849 3356 946 3411; x_wconf 91' lang='lat' dir='ltr'><strong>sed</strong></span> <span class='ocrx_word' id='word_1_413' title='bbox 986 3360 1302 3416; x_wconf 88' lang='lat' dir='ltr'><strong>necessitati</strong></span> <span class='ocrx_word' id='word_1_414' title='bbox 1344 3362 1721 3417; x_wconf 84' lang='lat' dir='ltr'><strong>succubuisse.</strong></span> <span class='ocrx_word' id='word_1_415' title='bbox 1793 3364 1950 3419; x_wconf 85' lang='lat' dir='ltr'><strong>Hunc</strong></span> <span class='ocrx_word' id='word_1_416' title='bbox 1995 3365 2098 3420; x_wconf 88' lang='lat' dir='ltr'><strong>ho-</strong></span> 
     </span>
    </p>
   </div>
   <div class='ocr_carea' id='block_1_62' title="bbox 507 3440 2097 3523">
    <p class='ocr_par' dir='ltr' id='par_1_62' title="bbox 507 3440 2097 3523">
     <span class='ocr_line' id='line_1_62' title="bbox 507 3440 2097 3523; baseline 0.007 -24"><span class='ocrx_word' id='word_1_417' title='bbox 507 3440 710 3513; x_wconf 76' lang='lat' dir='ltr'><strong>Spitem</strong></span> <span class='ocrx_word' id='word_1_418' title='bbox 735 3453 792 3499; x_wconf 88' lang='lat' dir='ltr'><strong>et</strong></span> <span class='ocrx_word' id='word_1_419' title='bbox 820 3446 1092 3501; x_wconf 87' lang='lat' dir='ltr'><strong>advenam</strong></span> <span class='ocrx_word' id='word_1_420' title='bbox 1120 3449 1389 3505; x_wconf 89' lang='lat' dir='ltr'><strong>molestiis</strong></span> <span class='ocrx_word' id='word_1_421' title='bbox 1408 3453 1598 3507; x_wconf 89' lang='lat' dir='ltr'><strong>multis</strong></span> <span class='ocrx_word' id='word_1_422' title='bbox 1615 3460 1671 3507; x_wconf 91' lang='lat' dir='ltr'><strong>et</strong></span> <span class='ocrx_word' id='word_1_423' title='bbox 1698 3454 1917 3523; x_wconf 86' lang='lat' dir='ltr'><strong>injuriis</strong></span> <span class='ocrx_word' id='word_1_424' title='bbox 1950 3455 2097 3510; x_wconf 87' lang='lat' dir='ltr'><strong>Pha-</strong></span> 
     </span>
    </p>
   </div>
   <div class='ocr_carea' id='block_1_63' title="bbox 509 3536 2094 3613">
    <p class='ocr_par' dir='ltr' id='par_1_63' title="bbox 509 3536 2094 3613">
     <span class='ocr_line' id='line_1_63' title="bbox 509 3536 2094 3613; baseline 0.007 -26"><span class='ocrx_word' id='word_1_425' title='bbox 509 3548 608 3587; x_wconf 91' lang='lat' dir='ltr'><strong>rao</strong></span> <span class='ocrx_word' id='word_1_426' title='bbox 634 3536 874 3590; x_wconf 80' lang='lat' dir='ltr'><strong>vexavit.</strong></span> <span class='ocrx_word' id='word_1_427' title='bbox 915 3536 1053 3592; x_wconf 85' lang='lat' dir='ltr'><strong>Nam</strong></span> <span class='ocrx_word' id='word_1_428' title='bbox 1106 3539 1256 3595; x_wconf 91' lang='lat' dir='ltr'><strong>illius</strong></span> <span class='ocrx_word' id='word_1_429' title='bbox 1307 3542 1599 3613; x_wconf 74' lang='lat' dir='ltr'><strong>coniugem</strong></span> <span class='ocrx_word' id='word_1_430' title='bbox 1647 3543 1853 3598; x_wconf 89' lang='lat' dir='ltr'><strong>violare</strong></span> <span class='ocrx_word' id='word_1_431' title='bbox 1899 3544 2094 3611; x_wconf 91' lang='lat' dir='ltr'><strong>voluit,</strong></span> 
     </span>
    </p>
   </div>
   <div class='ocr_carea' id='block_1_64' title="bbox 509 3625 2097 3708">
    <p class='ocr_par' dir='ltr' id='par_1_64' title="bbox 509 3625 2097 3708">
     <span class='ocr_line' id='line_1_64' title="bbox 509 3625 2097 3708; baseline 0.005 -23"><span class='ocrx_word' id='word_1_432' title='bbox 509 3625 909 3699; x_wconf 85' lang='lat' dir='ltr'><strong>intemperanti</strong></span> <span class='ocrx_word' id='word_1_433' title='bbox 932 3631 1164 3688; x_wconf 89' lang='lat' dir='ltr'><strong>libidine</strong></span> <span class='ocrx_word' id='word_1_434' title='bbox 1187 3634 1255 3689; x_wconf 90' lang='lat' dir='ltr'><strong>ad</strong></span> <span class='ocrx_word' id='word_1_435' title='bbox 1280 3635 1585 3706; x_wconf 87' lang='lat' dir='ltr'><strong>turpissimi</strong></span> <span class='ocrx_word' id='word_1_436' title='bbox 1607 3635 1798 3708; x_wconf 82' lang='lat' dir='ltr'><strong>ﬂagitii</strong></span> <span class='ocrx_word' id='word_1_437' title='bbox 1819 3637 2097 3707; x_wconf 87' lang='lat' dir='ltr'><strong>cupidita-</strong></span> 
     </span>
    </p>
   </div>
   <div class='ocr_carea' id='block_1_65' title="bbox 509 3721 2098 3799">
    <p class='ocr_par' dir='ltr' id='par_1_65' title="bbox 509 3721 2098 3799">
     <span class='ocr_line' id='line_1_65' title="bbox 509 3721 2098 3799; baseline 0.007 -26"><span class='ocrx_word' id='word_1_438' title='bbox 509 3728 622 3774; x_wconf 86' lang='lat' dir='ltr'><strong>tem</strong></span> <span class='ocrx_word' id='word_1_439' title='bbox 651 3721 930 3778; x_wconf 88' lang='lat' dir='ltr'><strong>incensus.</strong></span> <span class='ocrx_word' id='word_1_440' title='bbox 967 3723 1028 3779; x_wconf 89' lang='lat' dir='ltr'><strong>Id</strong></span> <span class='ocrx_word' id='word_1_441' title='bbox 1070 3740 1239 3795; x_wconf 89' lang='lat' dir='ltr'><strong>porro</strong></span> <span class='ocrx_word' id='word_1_442' title='bbox 1283 3734 1347 3781; x_wconf 91' lang='lat' dir='ltr'><strong>ut</strong></span> <span class='ocrx_word' id='word_1_443' title='bbox 1384 3726 1648 3794; x_wconf 82' lang='lat' dir='ltr'><strong>eﬁiceret,</strong></span> <span class='ocrx_word' id='word_1_444' title='bbox 1687 3745 1799 3784; x_wconf 87' lang='lat' dir='ltr'><strong>non</strong></span> <span class='ocrx_word' id='word_1_445' title='bbox 1846 3729 2098 3799; x_wconf 87' lang='lat' dir='ltr'><strong>permisit</strong></span> 
     </span>
    </p>
   </div>
   <div class='ocr_carea' id='block_1_66' title="bbox 506 3810 2099 3888">
    <p class='ocr_par' dir='ltr' id='par_1_66' title="bbox 506 3810 2099 3888">
     <span class='ocr_line' id='line_1_66' title="bbox 506 3810 2099 3888; baseline 0.008 -23"><span class='ocrx_word' id='word_1_446' title='bbox 506 3810 673 3866; x_wconf 89' lang='lat' dir='ltr'><strong>Deus.</strong></span> <span class='ocrx_word' id='word_1_447' title='bbox 713 3830 732 3863; x_wconf 87' lang='grc'><strong>‹</strong></span> <span class='ocrx_word' id='word_1_448' title='bbox 766 3813 1081 3885; x_wconf 85' lang='lat' dir='ltr'><strong>Flagellavit</strong></span> <span class='ocrx_word' id='word_1_449' title='bbox 1107 3816 1278 3882; x_wconf 91' lang='lat' dir='ltr'><strong>enim,</strong></span> <span class='ocrx_word' id='word_1_450' title='bbox 1310 3836 1328 3868; x_wconf 71' lang='grc' dir='ltr'>ι</span> <span class='ocrx_word' id='word_1_451' title='bbox 1360 3817 1563 3888; x_wconf 90' lang='lat' dir='ltr'><strong>inquit,</strong></span> <span class='ocrx_word' id='word_1_452' title='bbox 1590 3838 1608 3871; x_wconf 75' lang='grc' dir='ltr'>ι</span> <span class='ocrx_word' id='word_1_453' title='bbox 1636 3820 1979 3875; x_wconf 86' lang='lat' dir='ltr'><strong>Pharaonem</strong></span> <span class='ocrx_word' id='word_1_454' title='bbox 2002 3820 2099 3877; x_wconf 84' lang='lat' dir='ltr'><strong>ﬂa-</strong></span> 
     </span>
    </p>
   </div>
   <div class='ocr_carea' id='block_1_67' title="bbox 507 3900 2088 3975">
    <p class='ocr_par' dir='ltr' id='par_1_67' title="bbox 507 3900 2088 3975">
     <span class='ocr_line' id='line_1_67' title="bbox 507 3900 2088 3975; baseline 0.006 -21"><span class='ocrx_word' id='word_1_455' title='bbox 507 3900 664 3971; x_wconf 85' lang='lat' dir='ltr'><strong>gellis</strong></span> <span class='ocrx_word' id='word_1_456' title='bbox 683 3902 938 3958; x_wconf 82' lang='lat' dir='ltr'><strong>maximis</strong></span> <span class='ocrx_word' id='word_1_457' title='bbox 956 3914 1183 3975; x_wconf 87' lang='lat' dir='ltr'><strong>propter</strong></span> <span class='ocrx_word' id='word_1_458' title='bbox 1206 3905 1396 3961; x_wconf 87' lang='lat' dir='ltr'><strong>Saram</strong></span> <span class='ocrx_word' id='word_1_459' title='bbox 1425 3924 1648 3963; x_wconf 79' lang='lat' dir='ltr'><strong>uxorem</strong></span> <span class='ocrx_word' id='word_1_460' title='bbox 1678 3909 1950 3965; x_wconf 83' lang='lat' dir='ltr'><strong>Abraham</strong></span> <span class='ocrx_word' id='word_1_461' title='bbox 1973 3912 2041 3965; x_wconf 80' lang='grc'><strong>⁹⁶.</strong></span> <span class='ocrx_word' id='word_1_462' title='bbox 2069 3931 2088 3963; x_wconf 75' lang='grc' dir='ltr'><strong>ι</strong></span> 
     </span>
    </p>
   </div>
   <div class='ocr_carea' id='block_1_68' title="bbox 507 3992 2096 4072">
    <p class='ocr_par' dir='ltr' id='par_1_68' title="bbox 507 3992 2096 4072">
     <span class='ocr_line' id='line_1_68' title="bbox 507 3992 2096 4072; baseline 0.006 -23"><span class='ocrx_word' id='word_1_463' title='bbox 507 3992 605 4049; x_wconf 82' lang='lat' dir='ltr'><strong>Est</strong></span> <span class='ocrx_word' id='word_1_464' title='bbox 649 4003 835 4050; x_wconf 91' lang='lat' dir='ltr'><strong>autem</strong></span> <span class='ocrx_word' id='word_1_465' title='bbox 892 3996 1108 4053; x_wconf 89' lang='lat' dir='ltr'><strong>Pharao</strong></span> <span class='ocrx_word' id='word_1_466' title='bbox 1153 3998 1327 4070; x_wconf 85' lang='lat' dir='ltr'><strong>ﬁgura</strong></span> <span class='ocrx_word' id='word_1_467' title='bbox 1382 4008 1549 4070; x_wconf 90' lang='lat' dir='ltr'><strong>atque</strong></span> <span class='ocrx_word' id='word_1_468' title='bbox 1591 4000 1770 4072; x_wconf 91' lang='lat' dir='ltr'><strong>imago</strong></span> <span class='ocrx_word' id='word_1_469' title='bbox 1809 4002 2096 4059; x_wconf 63' lang='lat' dir='ltr'><strong>diabolicae</strong></span> 
     </span>
    </p>
   </div>
   <div class='ocr_carea' id='block_1_69' title="bbox 506 4085 2093 4166">
    <p class='ocr_par' dir='ltr' id='par_1_69' title="bbox 506 4085 2093 4166">
     <span class='ocr_line' id='line_1_69' title="bbox 506 4085 2093 4166; baseline 0.006 -23"><span class='ocrx_word' id='word_1_470' title='bbox 506 4085 981 4158; x_wconf 66' lang='lat' dir='ltr'><strong>intemperantiae;</strong></span> <span class='ocrx_word' id='word_1_471' title='bbox 1025 4090 1083 4145; x_wconf 92' lang='lat' dir='ltr'><strong>id</strong></span> <span class='ocrx_word' id='word_1_472' title='bbox 1137 4091 1289 4146; x_wconf 90' lang='lat' dir='ltr'><strong>enim</strong></span> <span class='ocrx_word' id='word_1_473' title='bbox 1334 4091 1427 4147; x_wconf 92' lang='lat' dir='ltr'><strong>ille</strong></span> <span class='ocrx_word' id='word_1_474' title='bbox 1486 4101 1726 4162; x_wconf 89' lang='lat' dir='ltr'><strong>spectat,</strong></span> <span class='ocrx_word' id='word_1_475' title='bbox 1768 4095 1827 4149; x_wconf 92' lang='lat' dir='ltr'><strong>in</strong></span> <span class='ocrx_word' id='word_1_476' title='bbox 1860 4110 2093 4166; x_wconf 88' lang='lat' dir='ltr'><strong>eamque</strong></span> 
     </span>
    </p>
   </div>
   <div class='ocr_carea' id='block_1_70' title="bbox 505 4182 2095 4251">
    <p class='ocr_par' dir='ltr' id='par_1_70' title="bbox 505 4182 2095 4251">
     <span class='ocr_line' id='line_1_70' title="bbox 505 4182 2095 4251; baseline 0.004 -16"><span class='ocrx_word' id='word_1_477' title='bbox 505 4195 621 4235; x_wconf 90' lang='lat' dir='ltr'><strong>rem</strong></span> <span class='ocrx_word' id='word_1_478' title='bbox 648 4182 797 4237; x_wconf 90' lang='lat' dir='ltr'><strong>omni</strong></span> <span class='ocrx_word' id='word_1_479' title='bbox 838 4183 1025 4238; x_wconf 89' lang='lat' dir='ltr'><strong>studio</strong></span> <span class='ocrx_word' id='word_1_480' title='bbox 1069 4183 1367 4251; x_wconf 89' lang='lat' dir='ltr'><strong>incumbit,</strong></span> <span class='ocrx_word' id='word_1_481' title='bbox 1403 4191 1465 4238; x_wconf 90' lang='lat' dir='ltr'><strong>ut</strong></span> <span class='ocrx_word' id='word_1_482' title='bbox 1512 4184 1569 4238; x_wconf 92' lang='lat' dir='ltr'><strong>in</strong></span> <span class='ocrx_word' id='word_1_483' title='bbox 1603 4195 1916 4241; x_wconf 88' lang='lat' dir='ltr'><strong>sanctorum</strong></span> <span class='ocrx_word' id='word_1_484' title='bbox 1946 4188 2095 4243; x_wconf 89' lang='lat' dir='ltr'><strong>viro-</strong></span> 
     </span>
    </p>
   </div>
   <div class='ocr_carea' id='block_1_71' title="bbox 502 4276 2093 4347">
    <p class='ocr_par' dir='ltr' id='par_1_71' title="bbox 502 4276 2093 4347">
     <span class='ocr_line' id='line_1_71' title="bbox 502 4276 2093 4347; baseline 0 -15"><span class='ocrx_word' id='word_1_485' title='bbox 502 4288 628 4332; x_wconf 81' lang='lat' dir='ltr'><strong>rum</strong></span> <span class='ocrx_word' id='word_1_486' title='bbox 653 4283 868 4331; x_wconf 88' lang='lat' dir='ltr'><strong>mentes</strong></span> <span class='ocrx_word' id='word_1_487' title='bbox 910 4276 1124 4331; x_wconf 89' lang='lat' dir='ltr'><strong>semina</strong></span> <span class='ocrx_word' id='word_1_488' title='bbox 1163 4292 1276 4333; x_wconf 63' lang='lat' dir='ltr'><strong>sua:</strong></span> <span class='ocrx_word' id='word_1_489' title='bbox 1304 4277 1643 4347; x_wconf 87' lang='lat' dir='ltr'><strong>impuritatis</strong></span> <span class='ocrx_word' id='word_1_490' title='bbox 1693 4278 1970 4343; x_wconf 81' lang='lat' dir='ltr'><strong>infundat,</strong></span> <span class='ocrx_word' id='word_1_491' title='bbox 2030 4288 2093 4334; x_wconf 91' lang='lat' dir='ltr'><strong>ut</strong></span> 
     </span>
    </p>
   </div>
   <div class='ocr_carea' id='block_1_72' title="bbox 503 4367 2089 4440">
    <p class='ocr_par' dir='ltr' id='par_1_72' title="bbox 503 4367 2089 4440">
     <span class='ocr_line' id='line_1_72' title="bbox 503 4367 2089 4440; baseline 0.001 -16"><span class='ocrx_word' id='word_1_492' title='bbox 503 4367 585 4424; x_wconf 87' lang='lat' dir='ltr'><strong>illi</strong></span> <span class='ocrx_word' id='word_1_493' title='bbox 609 4376 898 4438; x_wconf 84' lang='lat' dir='ltr'><strong>exoptatos</strong></span> <span class='ocrx_word' id='word_1_494' title='bbox 937 4369 1327 4440; x_wconf 90' lang='lat' dir='ltr'><strong>jucundosque</strong></span> <span class='ocrx_word' id='word_1_495' title='bbox 1372 4368 1587 4425; x_wconf 81' lang='lat' dir='ltr'><strong>fructus</strong></span> <span class='ocrx_word' id='word_1_496' title='bbox 1624 4372 1872 4440; x_wconf 86' lang='lat' dir='ltr'><strong>pariant:</strong></span> <span class='ocrx_word' id='word_1_497' title='bbox 1908 4371 1946 4423; x_wconf 89' lang='lat' dir='ltr'><strong>ii</strong></span> <span class='ocrx_word' id='word_1_498' title='bbox 1988 4386 2089 4425; x_wconf 87' lang='lat' dir='ltr'><strong>au-</strong></span> 
     </span>
    </p>
   </div>
   <div class='ocr_carea' id='block_1_73' title="bbox 506 4461 2089 4533">
    <p class='ocr_par' dir='ltr' id='par_1_73' title="bbox 506 4461 2089 4533">
     <span class='ocr_line' id='line_1_73' title="bbox 506 4461 2089 4533; baseline 0.002 -19"><span class='ocrx_word' id='word_1_499' title='bbox 506 4469 617 4515; x_wconf 90' lang='lat' dir='ltr'><strong>tem</strong></span> <span class='ocrx_word' id='word_1_500' title='bbox 673 4468 825 4525; x_wconf 86' lang='lat' dir='ltr'><strong>sunt,</strong></span> <span class='ocrx_word' id='word_1_501' title='bbox 889 4469 953 4516; x_wconf 90' lang='lat' dir='ltr'><strong>ut</strong></span> <span class='ocrx_word' id='word_1_502' title='bbox 989 4461 1218 4532; x_wconf 91' lang='lat' dir='ltr'><strong>opinor,</strong></span> <span class='ocrx_word' id='word_1_503' title='bbox 1254 4463 1577 4521; x_wconf 69' lang='lat' dir='ltr'><strong>{variorum</strong></span> <span class='ocrx_word' id='word_1_504' title='bbox 1631 4461 2089 4533; x_wconf 85' lang='lat' dir='ltr'><strong>diversorumque</strong></span> 
     </span>
    </p>
   </div>
   <div class='ocr_carea' id='block_1_74' title="bbox 2200 3261 3783 3334">
    <p class='ocr_par' dir='ltr' id='par_1_74' title="bbox 2200 3261 3783 3334">
     <span class='ocr_line' id='line_1_74' title="bbox 2200 3261 3783 3334; baseline -0.001 -17"><span class='ocrx_word' id='word_1_505' title='bbox 2200 3263 2488 3326; x_wconf 84' lang='grc' dir='ltr'>Θεσπέσιος</span> <span class='ocrx_word' id='word_1_506' title='bbox 2551 3264 2825 3334; x_wconf 75' lang='grc' dir='ltr'>Ἀϐραὰμ,</span> <span class='ocrx_word' id='word_1_507' title='bbox 2887 3263 2948 3316; x_wconf 86' lang='grc' dir='ltr'><strong>ού</strong></span> <span class='ocrx_word' id='word_1_508' title='bbox 3002 3262 3232 3334; x_wconf 86' lang='grc' dir='ltr'>θελητὴν</span> <span class='ocrx_word' id='word_1_509' title='bbox 3285 3263 3524 3316; x_wconf 86' lang='grc' dir='ltr'>ἐποιεῖτο</span> <span class='ocrx_word' id='word_1_510' title='bbox 3555 3261 3654 3332; x_wconf 83' lang='grc' dir='ltr'>τὴν</span> <span class='ocrx_word' id='word_1_511' title='bbox 3701 3262 3783 3325; x_wconf 83' lang='grc' dir='ltr'><strong>είς</strong></span> 
     </span>
    </p>
   </div>
   <div class='ocr_carea' id='block_1_75' title="bbox 2197 3353 3778 3425">
    <p class='ocr_par' dir='ltr' id='par_1_75' title="bbox 2197 3353 3778 3425">
     <span class='ocr_line' id='line_1_75' title="bbox 2197 3353 3778 3425; baseline -0.002 -17"><span class='ocrx_word' id='word_1_512' title='bbox 2197 3354 2476 3422; x_wconf 70' lang='grc' dir='ltr'>Αἴγυπτον</span> <span class='ocrx_word' id='word_1_513' title='bbox 2506 3354 2752 3421; x_wconf 90' lang='grc' dir='ltr'>κάθοδον,</span> <span class='ocrx_word' id='word_1_514' title='bbox 2771 3354 2869 3408; x_wconf 72' lang='grc' dir='ltr'>καὶ</span> <span class='ocrx_word' id='word_1_515' title='bbox 2897 3357 3019 3418; x_wconf 84' lang='grc' dir='ltr'>ταῖς</span> <span class='ocrx_word' id='word_1_516' title='bbox 3042 3354 3313 3423; x_wconf 83' lang='grc' dir='ltr'>ἀνάγκαις</span> <span class='ocrx_word' id='word_1_517' title='bbox 3333 3353 3502 3407; x_wconf 89' lang='grc' dir='ltr'>ἐδίδου</span> <span class='ocrx_word' id='word_1_518' title='bbox 3531 3354 3778 3425; x_wconf 84' lang='grc' dir='ltr'>κρατεῖν.</span> 
     </span>
    </p>
   </div>
   <div class='ocr_carea' id='block_1_76' title="bbox 2198 3443 3785 3516">
    <p class='ocr_par' dir='ltr' id='par_1_76' title="bbox 2198 3443 3785 3516">
     <span class='ocr_line' id='line_1_76' title="bbox 2198 3443 3785 3516; baseline -0.001 -17"><span class='ocrx_word' id='word_1_519' title='bbox 2198 3445 2359 3499; x_wconf 81' lang='grc' dir='ltr'>Ξένον</span> <span class='ocrx_word' id='word_1_520' title='bbox 2382 3446 2440 3500; x_wconf 84' lang='grc' dir='ltr'>δὲ</span> <span class='ocrx_word' id='word_1_521' title='bbox 2471 3446 2600 3501; x_wconf 86' lang='grc' dir='ltr'>ὄντα</span> <span class='ocrx_word' id='word_1_522' title='bbox 2632 3447 2726 3498; x_wconf 75' lang='grc' dir='ltr'><strong>καὶ</strong></span> <span class='ocrx_word' id='word_1_523' title='bbox 2758 3446 2982 3516; x_wconf 80' lang='grc' dir='ltr'>ἔπηλυν,</span> <span class='ocrx_word' id='word_1_524' title='bbox 3021 3446 3218 3510; x_wconf 86' lang='grc' dir='ltr'>λύπαις</span> <span class='ocrx_word' id='word_1_525' title='bbox 3248 3447 3343 3499; x_wconf 71' lang='grc' dir='ltr'>καὶ</span> <span class='ocrx_word' id='word_1_526' title='bbox 3385 3443 3725 3510; x_wconf 82' lang='grc' dir='ltr'>πλεονεξίαις</span> <span class='ocrx_word' id='word_1_527' title='bbox 3753 3444 3785 3498; x_wconf 86' lang='grc' dir='ltr'>ὀ</span> 
     </span>
    </p>
   </div>
   <div class='ocr_carea' id='block_1_77' title="bbox 2196 3532 3784 3607">
    <p class='ocr_par' dir='ltr' id='par_1_77' title="bbox 2196 3532 3784 3607">
     <span class='ocr_line' id='line_1_77' title="bbox 2196 3532 3784 3607; baseline -0.003 -17"><span class='ocrx_word' id='word_1_528' title='bbox 2196 3534 2398 3607; x_wconf 83' lang='grc' dir='ltr'>Φαραὼ</span> <span class='ocrx_word' id='word_1_529' title='bbox 2432 3534 2782 3606; x_wconf 80' lang='grc' dir='ltr'>κατῃκίζετο.</span> <span class='ocrx_word' id='word_1_530' title='bbox 2814 3536 2926 3607; x_wconf 83' lang='grc' dir='ltr'>Τὴν</span> <span class='ocrx_word' id='word_1_531' title='bbox 2944 3536 3051 3606; x_wconf 89' lang='grc' dir='ltr'><strong>γάρ</strong></span> <span class='ocrx_word' id='word_1_532' title='bbox 3078 3553 3163 3589; x_wconf 89' lang='grc' dir='ltr'><strong>τοι</strong></span> <span class='ocrx_word' id='word_1_533' title='bbox 3189 3534 3604 3607; x_wconf 78' lang='grc' dir='ltr'>συνῳκισμένην</span> <span class='ocrx_word' id='word_1_534' title='bbox 3631 3532 3784 3604; x_wconf 84' lang='grc' dir='ltr'>αὐτῷ</span> 
     </span>
    </p>
   </div>
   <div class='ocr_carea' id='block_1_78' title="bbox 2198 3625 3779 3698">
    <p class='ocr_par' dir='ltr' id='par_1_78' title="bbox 2198 3625 3779 3698">
     <span class='ocr_line' id='line_1_78' title="bbox 2198 3625 3779 3698; baseline 0.002 -19"><span class='ocrx_word' id='word_1_535' title='bbox 2198 3625 2499 3697; x_wconf 84' lang='grc' dir='ltr'>παραλύειν</span> <span class='ocrx_word' id='word_1_536' title='bbox 2549 3626 2761 3696; x_wconf 72' lang='grc' dir='ltr'>ἤθελεν,</span> <span class='ocrx_word' id='word_1_537' title='bbox 2800 3626 3013 3696; x_wconf 84' lang='grc' dir='ltr'>ἡδοναῖς</span> <span class='ocrx_word' id='word_1_538' title='bbox 3059 3625 3319 3698; x_wconf 82' lang='grc' dir='ltr'>ἀκράτοις</span> <span class='ocrx_word' id='word_1_539' title='bbox 3350 3626 3779 3697; x_wconf 83' lang='grc' dir='ltr'>ἐκκεκαυμένος,</span> 
     </span>
    </p>
   </div>
   <div class='ocr_carea' id='block_1_79' title="bbox 2197 3718 3782 3791">
    <p class='ocr_par' dir='ltr' id='par_1_79' title="bbox 2197 3718 3782 3791">
     <span class='ocr_line' id='line_1_79' title="bbox 2197 3718 3782 3791; baseline 0.003 -20"><span class='ocrx_word' id='word_1_540' title='bbox 2197 3720 2277 3781; x_wconf 88' lang='grc' dir='ltr'><strong>είς</strong></span> <span class='ocrx_word' id='word_1_541' title='bbox 2306 3718 2701 3790; x_wconf 74' lang='grc' dir='ltr'>αἰσχρουργίας</span> <span class='ocrx_word' id='word_1_542' title='bbox 2744 3718 2951 3788; x_wconf 76' lang='grc' dir='ltr'>ἔφεσιν.</span> <span class='ocrx_word' id='word_1_543' title='bbox 2990 3719 3351 3791; x_wconf 81' lang='grc' dir='ltr'>Κατορθῶσαι</span> <span class='ocrx_word' id='word_1_544' title='bbox 3374 3719 3428 3773; x_wconf 88' lang='grc' dir='ltr'><strong>δέ</strong></span> <span class='ocrx_word' id='word_1_545' title='bbox 3463 3720 3640 3786; x_wconf 78' lang='grc' dir='ltr'>τοῦτο,</span> <span class='ocrx_word' id='word_1_546' title='bbox 3681 3722 3782 3775; x_wconf 82' lang='grc' dir='ltr'><strong>οὐκ</strong></span> 
     </span>
    </p>
   </div>
   <div class='ocr_carea' id='block_1_80' title="bbox 2196 3807 3782 3882">
    <p class='ocr_par' dir='ltr' id='par_1_80' title="bbox 2196 3807 3782 3882">
     <span class='ocr_line' id='line_1_80' title="bbox 2196 3807 3782 3882; baseline 0.004 -23"><span class='ocrx_word' id='word_1_547' title='bbox 2196 3807 2350 3877; x_wconf 71' lang='grc' dir='ltr'>ἠφίει</span> <span class='ocrx_word' id='word_1_548' title='bbox 2397 3807 2552 3871; x_wconf 86' lang='grc' dir='ltr'>Θεὸς.</span> <span class='ocrx_word' id='word_1_549' title='bbox 2590 3827 2610 3859; x_wconf 77' lang='grc' dir='ltr'>ι</span> <span class='ocrx_word' id='word_1_550' title='bbox 2648 3809 2854 3861; x_wconf 87' lang='grc' dir='ltr'>Ἥτασε</span> <span class='ocrx_word' id='word_1_551' title='bbox 2911 3808 3044 3881; x_wconf 86' lang='grc' dir='ltr'>γὰρ,</span> <span class='ocrx_word' id='word_1_552' title='bbox 3096 3827 3116 3860; x_wconf 72' lang='grc' dir='ltr'>ι</span> <span class='ocrx_word' id='word_1_553' title='bbox 3150 3810 3305 3880; x_wconf 67' lang='grc' dir='ltr'>φησι,</span> <span class='ocrx_word' id='word_1_554' title='bbox 3362 3828 3382 3862; x_wconf 75' lang='grc' dir='ltr'>ι</span> <span class='ocrx_word' id='word_1_555' title='bbox 3433 3810 3525 3863; x_wconf 80' lang='grc' dir='ltr'><strong>τὸν</strong></span> <span class='ocrx_word' id='word_1_556' title='bbox 3579 3809 3782 3882; x_wconf 84' lang='grc' dir='ltr'>Φαραὼ</span> 
     </span>
    </p>
   </div>
   <div class='ocr_carea' id='block_1_81' title="bbox 2196 3899 3779 3973">
    <p class='ocr_par' dir='ltr' id='par_1_81' title="bbox 2196 3899 3779 3973">
     <span class='ocr_line' id='line_1_81' title="bbox 2196 3899 3779 3973; baseline 0.001 -19"><span class='ocrx_word' id='word_1_557' title='bbox 2196 3901 2454 3971; x_wconf 83' lang='grc' dir='ltr'>ἐτασμοῖς</span> <span class='ocrx_word' id='word_1_558' title='bbox 2525 3899 2786 3971; x_wconf 79' lang='grc' dir='ltr'>μεγάλοις</span> <span class='ocrx_word' id='word_1_559' title='bbox 2859 3901 2988 3973; x_wconf 80' lang='grc' dir='ltr'>περὶ</span> <span class='ocrx_word' id='word_1_560' title='bbox 3046 3902 3263 3973; x_wconf 78' lang='grc' dir='ltr'>Σάρρας</span> <span class='ocrx_word' id='word_1_561' title='bbox 3340 3902 3441 3972; x_wconf 87' lang='grc' dir='ltr'>τῆς</span> <span class='ocrx_word' id='word_1_562' title='bbox 3521 3903 3779 3970; x_wconf 85' lang='grc' dir='ltr'>γυναικὸς</span> 
     </span>
    </p>
   </div>
   <div class='ocr_carea' id='block_1_82' title="bbox 2208 3990 3780 4065">
    <p class='ocr_par' dir='ltr' id='par_1_82' title="bbox 2208 3990 3780 4065">
     <span class='ocr_line' id='line_1_82' title="bbox 2208 3990 3780 4065; baseline 0.003 -22"><span class='ocrx_word' id='word_1_563' title='bbox 2208 3992 2480 4064; x_wconf 80' lang='grc' dir='ltr'>Ἀϐραάμ.</span> <span class='ocrx_word' id='word_1_564' title='bbox 2515 4011 2534 4044; x_wconf 71' lang='grc' dir='ltr'><strong>ι</strong></span> <span class='ocrx_word' id='word_1_565' title='bbox 2574 3990 2754 4046; x_wconf 85' lang='grc' dir='ltr'>Είκὼν</span> <span class='ocrx_word' id='word_1_566' title='bbox 2782 3992 2840 4046; x_wconf 81' lang='grc' dir='ltr'>δὲ</span> <span class='ocrx_word' id='word_1_567' title='bbox 2868 3993 2961 4046; x_wconf 62' lang='grc' dir='ltr'><strong>καί⁵</strong></span> <span class='ocrx_word' id='word_1_568' title='bbox 2993 3992 3164 4057; x_wconf 83' lang='grc' dir='ltr'>τύπος</span> <span class='ocrx_word' id='word_1_569' title='bbox 3195 3996 3223 4047; x_wconf 87' lang='grc' dir='ltr'>ὁ</span> <span class='ocrx_word' id='word_1_570' title='bbox 3248 3992 3447 4065; x_wconf 82' lang='grc' dir='ltr'>Φαραὼ</span> <span class='ocrx_word' id='word_1_571' title='bbox 3466 3992 3780 4065; x_wconf 78' lang='grc' dir='ltr'>διαϐολικῆς</span> 
     </span>
    </p>
   </div>
   <div class='ocr_carea' id='block_1_83' title="bbox 2195 4084 3780 4156">
    <p class='ocr_par' dir='ltr' id='par_1_83' title="bbox 2195 4084 3780 4156">
     <span class='ocr_line' id='line_1_83' title="bbox 2195 4084 3780 4156; baseline 0.001 -18"><span class='ocrx_word' id='word_1_572' title='bbox 2195 4084 2487 4155; x_wconf 86' lang='grc' dir='ltr'>ἀκρασίας.</span> <span class='ocrx_word' id='word_1_573' title='bbox 2521 4084 2731 4147; x_wconf 86' lang='grc' dir='ltr'>Σκοπὸς</span> <span class='ocrx_word' id='word_1_574' title='bbox 2784 4084 2893 4154; x_wconf 85' lang='grc' dir='ltr'>γὰρ</span> <span class='ocrx_word' id='word_1_575' title='bbox 2928 4084 3122 4156; x_wconf 84' lang='grc' dir='ltr'>ἐκείνῳ</span> <span class='ocrx_word' id='word_1_576' title='bbox 3154 4085 3250 4137; x_wconf 74' lang='grc' dir='ltr'><strong>καὶ</strong></span> <span class='ocrx_word' id='word_1_577' title='bbox 3287 4085 3398 4138; x_wconf 86' lang='grc' dir='ltr'><strong>τῶν</strong></span> <span class='ocrx_word' id='word_1_578' title='bbox 3426 4085 3508 4139; x_wconf 85' lang='grc' dir='ltr'><strong>ὅτι</strong></span> <span class='ocrx_word' id='word_1_579' title='bbox 3544 4084 3780 4156; x_wconf 86' lang='grc' dir='ltr'>μάλιστα</span> 
     </span>
    </p>
   </div>
   <div class='ocr_carea' id='block_1_84' title="bbox 2193 4174 3778 4246">
    <p class='ocr_par' dir='ltr' id='par_1_84' title="bbox 2193 4174 3778 4246">
     <span class='ocr_line' id='line_1_84' title="bbox 2193 4174 3778 4246; baseline 0.001 -18"><span class='ocrx_word' id='word_1_580' title='bbox 2193 4176 2726 4246; x_wconf 87' lang='grc' dir='ltr'>διεσπουδασμένων,</span> <span class='ocrx_word' id='word_1_581' title='bbox 2759 4174 2820 4228; x_wconf 85' lang='grc' dir='ltr'><strong>τὸ</strong></span> <span class='ocrx_word' id='word_1_582' title='bbox 2852 4176 2945 4229; x_wconf 79' lang='grc' dir='ltr'><strong>καὶ</strong></span> <span class='ocrx_word' id='word_1_583' title='bbox 2986 4178 3106 4239; x_wconf 86' lang='grc' dir='ltr'>ταῖς</span> <span class='ocrx_word' id='word_1_584' title='bbox 3142 4176 3251 4230; x_wconf 83' lang='grc' dir='ltr'>τῶν</span> <span class='ocrx_word' id='word_1_585' title='bbox 3286 4176 3455 4246; x_wconf 87' lang='grc' dir='ltr'>ἁγίων</span> <span class='ocrx_word' id='word_1_586' title='bbox 3498 4175 3778 4230; x_wconf 84' lang='grc' dir='ltr'>συνέσεσιν</span> 
     </span>
    </p>
   </div>
   <div class='ocr_carea' id='block_1_85' title="bbox 2195 4266 3777 4340">
    <p class='ocr_par' dir='ltr' id='par_1_85' title="bbox 2195 4266 3777 4340">
     <span class='ocr_line' id='line_1_85' title="bbox 2195 4266 3777 4340; baseline -0.002 -18"><span class='ocrx_word' id='word_1_587' title='bbox 2195 4268 2397 4322; x_wconf 87' lang='grc' dir='ltr'>ἐνιέναι</span> <span class='ocrx_word' id='word_1_588' title='bbox 2420 4268 2594 4337; x_wconf 78' lang='grc' dir='ltr'>φιλεῖν</span> <span class='ocrx_word' id='word_1_589' title='bbox 2612 4268 2712 4338; x_wconf 84' lang='grc' dir='ltr'><strong>τῆς</strong></span> <span class='ocrx_word' id='word_1_590' title='bbox 2741 4267 2967 4338; x_wconf 87' lang='grc' dir='ltr'>ἐνούσης</span> <span class='ocrx_word' id='word_1_591' title='bbox 2984 4266 3132 4337; x_wconf 71' lang='grc' dir='ltr'>αὐτῷ</span> <span class='ocrx_word' id='word_1_592' title='bbox 3148 4266 3490 4340; x_wconf 86' lang='grc' dir='ltr'>ἀκαθαρσίας</span> <span class='ocrx_word' id='word_1_593' title='bbox 3510 4266 3577 4321; x_wconf 83' lang='grc' dir='ltr'><strong>τά</strong></span> <span class='ocrx_word' id='word_1_594' title='bbox 3610 4268 3777 4338; x_wconf 82' lang='grc' dir='ltr'>σπέρ-</span> 
     </span>
    </p>
   </div>
   <div class='ocr_carea' id='block_1_86' title="bbox 2198 4358 3777 4432">
    <p class='ocr_par' dir='ltr' id='par_1_86' title="bbox 2198 4358 3777 4432">
     <span class='ocr_line' id='line_1_86' title="bbox 2198 4358 3777 4432; baseline 0.002 -18"><span class='ocrx_word' id='word_1_595' title='bbox 2198 4378 2366 4432; x_wconf 88' lang='grc' dir='ltr'>ματα,</span> <span class='ocrx_word' id='word_1_596' title='bbox 2400 4360 2475 4423; x_wconf 81' lang='grc' dir='ltr'>ὡς</span> <span class='ocrx_word' id='word_1_597' title='bbox 2505 4360 2570 4414; x_wconf 80' lang='grc' dir='ltr'>ἂν</span> <span class='ocrx_word' id='word_1_598' title='bbox 2608 4359 2813 4414; x_wconf 68' lang='grc' dir='ltr'>ἕλοιντο</span> <span class='ocrx_word' id='word_1_599' title='bbox 2855 4362 3227 4431; x_wconf 79' lang='grc' dir='ltr'>καρποφορεῖν</span> <span class='ocrx_word' id='word_1_600' title='bbox 3253 4358 3324 4413; x_wconf 85' lang='grc' dir='ltr'>τὰ</span> <span class='ocrx_word' id='word_1_601' title='bbox 3354 4358 3502 4431; x_wconf 75' lang='grc' dir='ltr'>αὐτῷ</span> <span class='ocrx_word' id='word_1_602' title='bbox 3543 4360 3672 4428; x_wconf 84' lang='grc' dir='ltr'>φίλα</span> <span class='ocrx_word' id='word_1_603' title='bbox 3715 4377 3777 4417; x_wconf 82' lang='grc' dir='ltr'><strong>τε</strong></span> 
     </span>
    </p>
   </div>
   <div class='ocr_carea' id='block_1_87' title="bbox 2194 4447 3774 4523">
    <p class='ocr_par' dir='ltr' id='par_1_87' title="bbox 2194 4447 3774 4523">
     <span class='ocr_line' id='line_1_87' title="bbox 2194 4447 3774 4523; baseline 0 -17"><span class='ocrx_word' id='word_1_604' title='bbox 2194 4454 2289 4507; x_wconf 73' lang='grc' dir='ltr'><strong>καὶ</strong></span> <span class='ocrx_word' id='word_1_605' title='bbox 2319 4452 2439 4505; x_wconf 82' lang='grc' dir='ltr'>καθ’</span> <span class='ocrx_word' id='word_1_606' title='bbox 2478 4452 2695 4523; x_wconf 75' lang='grc' dir='ltr'>ἡδονήν.</span> <span class='ocrx_word' id='word_1_607' title='bbox 2729 4447 2853 4505; x_wconf 77' lang='grc' dir='ltr'>Εἶεν</span> <span class='ocrx_word' id='word_1_608' title='bbox 2885 4451 2929 4504; x_wconf 84' lang='grc' dir='ltr'>δ’</span> <span class='ocrx_word' id='word_1_609' title='bbox 2962 4451 3028 4506; x_wconf 80' lang='grc' dir='ltr'>ἂν</span> <span class='ocrx_word' id='word_1_610' title='bbox 3060 4447 3216 4523; x_wconf 74' lang='grc' dir='ltr'>οἶμαι</span> <span class='ocrx_word' id='word_1_611' title='bbox 3247 4453 3425 4519; x_wconf 74' lang='grc' dir='ltr'>ταυτὶ,</span> <span class='ocrx_word' id='word_1_612' title='bbox 3460 4452 3529 4506; x_wconf 89' lang='grc' dir='ltr'><strong>τά</strong></span> <span class='ocrx_word' id='word_1_613' title='bbox 3554 4454 3635 4516; x_wconf 87' lang='grc' dir='ltr'><strong>είς</strong></span> <span class='ocrx_word' id='word_1_614' title='bbox 3675 4470 3774 4506; x_wconf 77' lang='grc' dir='ltr'>πο-</span> 
     </span>
    </p>
   </div>
   <div class='ocr_carea' id='block_1_88' title="bbox 504 4543 2092 4623">
    <p class='ocr_par' dir='ltr' id='par_1_88' title="bbox 504 4551 2089 4623">
     <span class='ocr_line' id='line_1_88' title="bbox 504 4551 2089 4623; baseline 0 -18"><span class='ocrx_word' id='word_1_615' title='bbox 504 4560 855 4621; x_wconf 89' lang='lat' dir='ltr'><strong>peccatorum</strong></span> <span class='ocrx_word' id='word_1_616' title='bbox 883 4552 1134 4607; x_wconf 89' lang='lat' dir='ltr'><strong>crimina.</strong></span> <span class='ocrx_word' id='word_1_617' title='bbox 1158 4551 1337 4623; x_wconf 80' lang='lat' dir='ltr'><strong>Atque</strong></span> <span class='ocrx_word' id='word_1_618' title='bbox 1365 4552 1515 4607; x_wconf 90' lang='lat' dir='ltr'><strong>illius</strong></span> <span class='ocrx_word' id='word_1_619' title='bbox 1541 4551 1768 4620; x_wconf 89' lang='lat' dir='ltr'><strong>quidem</strong></span> <span class='ocrx_word' id='word_1_620' title='bbox 1795 4551 1848 4605; x_wconf 88' lang='lat' dir='ltr'><strong>vi</strong></span> <span class='ocrx_word' id='word_1_621' title='bbox 1906 4559 1964 4605; x_wconf 90' lang='lat' dir='ltr'><strong>et</strong></span> <span class='ocrx_word' id='word_1_622' title='bbox 2001 4551 2089 4605; x_wconf 90' lang='lat' dir='ltr'><strong>in—</strong></span> 
     </span>
    </p>
   </div>
   <div class='ocr_carea' id='block_1_89' title="bbox 2195 4543 3776 4623">
    <p class='ocr_par' dir='ltr' id='par_1_89' title="bbox 2195 4543 3776 4615">
     <span class='ocr_line' id='line_1_89' title="bbox 2195 4543 3776 4615; baseline 0.001 -19"><span class='ocrx_word' id='word_1_623' title='bbox 2195 4543 2461 4611; x_wconf 86' lang='grc' dir='ltr'>λύτροπον</span> <span class='ocrx_word' id='word_1_624' title='bbox 2509 4544 2781 4615; x_wconf 84' lang='grc' dir='ltr'>ἁμαρτίαν</span> <span class='ocrx_word' id='word_1_625' title='bbox 2820 4544 3166 4615; x_wconf 83' lang='grc' dir='ltr'>ἐγκλήματα.</span> <span class='ocrx_word' id='word_1_626' title='bbox 3202 4544 3313 4598; x_wconf 74' lang='grc' dir='ltr'>Καὶ</span> <span class='ocrx_word' id='word_1_627' title='bbox 3339 4544 3492 4615; x_wconf 87' lang='grc' dir='ltr'>ἀλοίη</span> <span class='ocrx_word' id='word_1_628' title='bbox 3539 4544 3637 4615; x_wconf 86' lang='grc' dir='ltr'><strong>μὲν</strong></span> <span class='ocrx_word' id='word_1_629' title='bbox 3667 4546 3776 4609; x_wconf 79' lang='grc' dir='ltr'>πᾶς</span> 
     </span>
    </p>
   </div>
   <div class='ocr_carea' id='block_1_90' title="bbox 498 4641 2093 4713">
    <p class='ocr_par' dir='ltr' id='par_1_90' title="bbox 498 4641 2093 4713">
     <span class='ocr_line' id='line_1_90' title="bbox 498 4641 2093 4713; baseline -0.001 -18"><span class='ocrx_word' id='word_1_630' title='bbox 498 4642 646 4713; x_wconf 89' lang='lat' dir='ltr'><strong>juria</strong></span> <span class='ocrx_word' id='word_1_631' title='bbox 671 4658 838 4698; x_wconf 90' lang='lat' dir='ltr'><strong>nemo</strong></span> <span class='ocrx_word' id='word_1_632' title='bbox 878 4658 991 4699; x_wconf 90' lang='lat' dir='ltr'><strong>non</strong></span> <span class='ocrx_word' id='word_1_633' title='bbox 1028 4652 1341 4713; x_wconf 89' lang='lat' dir='ltr'><strong>caperetur,</strong></span> <span class='ocrx_word' id='word_1_634' title='bbox 1367 4651 1426 4697; x_wconf 90' lang='lat' dir='ltr'><strong>et</strong></span> <span class='ocrx_word' id='word_1_635' title='bbox 1470 4643 1559 4696; x_wconf 90' lang='lat' dir='ltr'><strong>vel</strong></span> <span class='ocrx_word' id='word_1_636' title='bbox 1595 4641 1791 4696; x_wconf 90' lang='lat' dir='ltr'><strong>nolens</strong></span> <span class='ocrx_word' id='word_1_637' title='bbox 1836 4655 2093 4696; x_wconf 91' lang='lat' dir='ltr'><strong>succum-</strong></span> 
     </span>
    </p>
   </div>
   <div class='ocr_carea' id='block_1_91' title="bbox 506 4732 2087 4804">
    <p class='ocr_par' dir='ltr' id='par_1_91' title="bbox 506 4732 2087 4804">
     <span class='ocr_line' id='line_1_91' title="bbox 506 4732 2087 4804; baseline 0.001 -18"><span class='ocrx_word' id='word_1_638' title='bbox 506 4733 666 4787; x_wconf 81' lang='lat' dir='ltr'><strong>heret</strong></span> <span class='ocrx_word' id='word_1_639' title='bbox 719 4732 937 4802; x_wconf 89' lang='lat' dir='ltr'><strong>(natura</strong></span> <span class='ocrx_word' id='word_1_640' title='bbox 973 4750 1215 4804; x_wconf 89' lang='lat' dir='ltr'><strong>namque</strong></span> <span class='ocrx_word' id='word_1_641' title='bbox 1267 4742 1460 4791; x_wconf 85' lang='lat' dir='ltr'><strong>nostra</strong></span> <span class='ocrx_word' id='word_1_642' title='bbox 1504 4732 1827 4788; x_wconf 88' lang='lat' dir='ltr'><strong>inﬁrmitate</strong></span> <span class='ocrx_word' id='word_1_643' title='bbox 1881 4732 2087 4787; x_wconf 89' lang='lat' dir='ltr'><strong>virium</strong></span> 
     </span>
    </p>
   </div>
   <div class='ocr_carea' id='block_1_92' title="bbox 502 4824 2089 4897">
    <p class='ocr_par' dir='ltr' id='par_1_92' title="bbox 502 4824 2089 4897">
     <span class='ocr_line' id='line_1_92' title="bbox 502 4824 2089 4897; baseline 0.001 -19"><span class='ocrx_word' id='word_1_644' title='bbox 502 4824 762 4896; x_wconf 89' lang='lat' dir='ltr'><strong>laborat),</strong></span> <span class='ocrx_word' id='word_1_645' title='bbox 796 4826 902 4882; x_wconf 91' lang='lat' dir='ltr'><strong>nisi</strong></span> <span class='ocrx_word' id='word_1_646' title='bbox 933 4826 988 4882; x_wconf 91' lang='lat' dir='ltr'><strong>id</strong></span> <span class='ocrx_word' id='word_1_647' title='bbox 1021 4827 1251 4882; x_wconf 89' lang='lat' dir='ltr'><strong>minime</strong></span> <span class='ocrx_word' id='word_1_648' title='bbox 1286 4825 1639 4897; x_wconf 87' lang='lat' dir='ltr'><strong>permitteret</strong></span> <span class='ocrx_word' id='word_1_649' title='bbox 1660 4824 1841 4891; x_wconf 90' lang='lat' dir='ltr'><strong>Deus;</strong></span> <span class='ocrx_word' id='word_1_650' title='bbox 1873 4833 1929 4880; x_wconf 92' lang='lat' dir='ltr'><strong>et</strong></span> <span class='ocrx_word' id='word_1_651' title='bbox 1963 4825 2089 4879; x_wconf 90' lang='lat' dir='ltr'><strong>illos</strong></span> 
     </span>
    </p>
   </div>
   <div class='ocr_carea' id='block_1_93' title="bbox 503 4916 2089 4986">
    <p class='ocr_par' dir='ltr' id='par_1_93' title="bbox 503 4916 2089 4986">
     <span class='ocr_line' id='line_1_93' title="bbox 503 4916 2089 4986; baseline 0 -15"><span class='ocrx_word' id='word_1_652' title='bbox 503 4916 769 4973; x_wconf 77' lang='lat' dir='ltr'><strong>adversus</strong></span> <span class='ocrx_word' id='word_1_653' title='bbox 802 4927 1024 4973; x_wconf 89' lang='lat' dir='ltr'><strong>sanctos</strong></span> <span class='ocrx_word' id='word_1_654' title='bbox 1046 4919 1194 4973; x_wconf 89' lang='lat' dir='ltr'><strong>viros</strong></span> <span class='ocrx_word' id='word_1_655' title='bbox 1222 4924 1473 4982; x_wconf 88' lang='lat' dir='ltr'><strong>conatus,</strong></span> <span class='ocrx_word' id='word_1_656' title='bbox 1497 4932 1562 4970; x_wconf 90' lang='lat' dir='ltr'><strong>ac</strong></span> <span class='ocrx_word' id='word_1_657' title='bbox 1589 4916 1808 4986; x_wconf 89' lang='lat' dir='ltr'><strong>maligni</strong></span> <span class='ocrx_word' id='word_1_658' title='bbox 1836 4917 1984 4971; x_wconf 87' lang='lat' dir='ltr'><strong>illius</strong></span> <span class='ocrx_word' id='word_1_659' title='bbox 2004 4917 2089 4971; x_wconf 55' lang='lat' dir='ltr'><strong>in-</strong></span> 
     </span>
    </p>
   </div>
   <div class='ocr_carea' id='block_1_94' title="bbox 505 5009 2089 5080">
    <p class='ocr_par' dir='ltr' id='par_1_94' title="bbox 505 5009 2089 5080">
     <span class='ocr_line' id='line_1_94' title="bbox 505 5009 2089 5080; baseline -0.002 -14"><span class='ocrx_word' id='word_1_660' title='bbox 505 5009 674 5067; x_wconf 85' lang='lat' dir='ltr'><strong>sidias</strong></span> <span class='ocrx_word' id='word_1_661' title='bbox 695 5009 999 5065; x_wconf 85' lang='lat' dir='ltr'><strong>cohiberet.</strong></span> <span class='ocrx_word' id='word_1_662' title='bbox 1030 5010 1137 5066; x_wconf 89' lang='lat' dir='ltr'><strong>Sed</strong></span> <span class='ocrx_word' id='word_1_663' title='bbox 1194 5024 1306 5066; x_wconf 88' lang='lat' dir='ltr'><strong>non</strong></span> <span class='ocrx_word' id='word_1_664' title='bbox 1354 5009 1460 5063; x_wconf 90' lang='lat' dir='ltr'><strong>alia</strong></span> <span class='ocrx_word' id='word_1_665' title='bbox 1506 5009 1719 5062; x_wconf 88' lang='lat' dir='ltr'><strong>ratione</strong></span> <span class='ocrx_word' id='word_1_666' title='bbox 1768 5009 2089 5080; x_wconf 85' lang='lat' dir='ltr'><strong>contigisset</strong></span> 
     </span>
    </p>
   </div>
   <div class='ocr_carea' id='block_1_95' title="bbox 504 5098 2088 5171">
    <p class='ocr_par' dir='ltr' id='par_1_95' title="bbox 504 5098 2088 5171">
     <span class='ocr_line' id='line_1_95' title="bbox 504 5098 2088 5171; baseline 0.001 -17"><span class='ocrx_word' id='word_1_667' title='bbox 504 5099 667 5155; x_wconf 87' lang='lat' dir='ltr'><strong>beato</strong></span> <span class='ocrx_word' id='word_1_668' title='bbox 692 5098 926 5157; x_wconf 65' lang='lat' dir='ltr'><strong>Abrahae</strong></span> <span class='ocrx_word' id='word_1_669' title='bbox 954 5101 1046 5156; x_wconf 89' lang='lat' dir='ltr'><strong>illa</strong></span> <span class='ocrx_word' id='word_1_670' title='bbox 1076 5100 1423 5157; x_wconf 88' lang='lat' dir='ltr'><strong>incommoda</strong></span> <span class='ocrx_word' id='word_1_671' title='bbox 1444 5100 1642 5163; x_wconf 87' lang='lat' dir='ltr'><strong>vitare,</strong></span> <span class='ocrx_word' id='word_1_672' title='bbox 1672 5099 1778 5154; x_wconf 89' lang='lat' dir='ltr'><strong>nisi</strong></span> <span class='ocrx_word' id='word_1_673' title='bbox 1806 5100 2088 5171; x_wconf 54' lang='lat' dir='ltr'><strong>{Egyptia-</strong></span> 
     </span>
    </p>
   </div>
   <div class='ocr_carea' id='block_1_96' title="bbox 506 5190 2086 5263">
    <p class='ocr_par' dir='ltr' id='par_1_96' title="bbox 506 5190 2086 5263">
     <span class='ocr_line' id='line_1_96' title="bbox 506 5190 2086 5263; baseline 0.001 -18"><span class='ocrx_word' id='word_1_674' title='bbox 506 5206 630 5245; x_wconf 88' lang='lat' dir='ltr'><strong>rum</strong></span> <span class='ocrx_word' id='word_1_675' title='bbox 656 5193 881 5263; x_wconf 87' lang='lat' dir='ltr'><strong>regione</strong></span> <span class='ocrx_word' id='word_1_676' title='bbox 920 5193 1144 5257; x_wconf 89' lang='lat' dir='ltr'><strong>relicta,</strong></span> <span class='ocrx_word' id='word_1_677' title='bbox 1186 5192 1255 5247; x_wconf 90' lang='lat' dir='ltr'><strong>ad</strong></span> <span class='ocrx_word' id='word_1_678' title='bbox 1296 5198 1541 5245; x_wconf 90' lang='lat' dir='ltr'><strong>veterem</strong></span> <span class='ocrx_word' id='word_1_679' title='bbox 1588 5190 1745 5244; x_wconf 91' lang='lat' dir='ltr'><strong>illum</strong></span> <span class='ocrx_word' id='word_1_680' title='bbox 1788 5192 2086 5263; x_wconf 84' lang='lat' dir='ltr'><strong>divinoque</strong></span> 
     </span>
    </p>
   </div>
   <div class='ocr_carea' id='block_1_97' title="bbox 507 5282 2090 5354">
    <p class='ocr_par' dir='ltr' id='par_1_97' title="bbox 507 5282 2090 5354">
     <span class='ocr_line' id='line_1_97' title="bbox 507 5282 2090 5354; baseline 0.003 -20"><span class='ocrx_word' id='word_1_681' title='bbox 507 5297 737 5337; x_wconf 88' lang='lat' dir='ltr'><strong>munere</strong></span> <span class='ocrx_word' id='word_1_682' title='bbox 785 5298 1110 5339; x_wconf 85' lang='lat' dir='ltr'><strong>concessum</strong></span> <span class='ocrx_word' id='word_1_683' title='bbox 1178 5283 1275 5337; x_wconf 87' lang='lat' dir='ltr'><strong>Dei</strong></span> <span class='ocrx_word' id='word_1_684' title='bbox 1343 5282 1523 5336; x_wconf 93' lang='lat' dir='ltr'><strong>locum</strong></span> <span class='ocrx_word' id='word_1_685' title='bbox 1573 5284 1925 5349; x_wconf 74' lang='lat' dir='ltr'><strong>revertisset,</strong></span> <span class='ocrx_word' id='word_1_686' title='bbox 1979 5300 2090 5354; x_wconf 92' lang='lat' dir='ltr'><strong>quo</strong></span> 
     </span>
    </p>
   </div>
   <div class='ocr_carea' id='block_1_98' title="bbox 507 5372 2091 5445">
    <p class='ocr_par' dir='ltr' id='par_1_98' title="bbox 507 5372 2091 5445">
     <span class='ocr_line' id='line_1_98' title="bbox 507 5372 2091 5445; baseline 0.003 -19"><span class='ocrx_word' id='word_1_687' title='bbox 507 5382 866 5444; x_wconf 84' lang='lat' dir='ltr'><strong>posteaquam</strong></span> <span class='ocrx_word' id='word_1_688' title='bbox 897 5372 1175 5443; x_wconf 87' lang='lat' dir='ltr'><strong>pervenit,</strong></span> <span class='ocrx_word' id='word_1_689' title='bbox 1226 5373 1376 5427; x_wconf 89' lang='lat' dir='ltr'><strong>omni</strong></span> <span class='ocrx_word' id='word_1_690' title='bbox 1419 5388 1551 5429; x_wconf 90' lang='lat' dir='ltr'><strong>cura</strong></span> <span class='ocrx_word' id='word_1_691' title='bbox 1596 5390 1827 5440; x_wconf 88' lang='lat' dir='ltr'><strong>vacuus,</strong></span> <span class='ocrx_word' id='word_1_692' title='bbox 1865 5376 2091 5445; x_wconf 88' lang='lat' dir='ltr'><strong>optimis</strong></span> 
     </span>
    </p>
   </div>
   <div class='ocr_carea' id='block_1_99' title="bbox 504 5462 2090 5537">
    <p class='ocr_par' dir='ltr' id='par_1_99' title="bbox 504 5462 2090 5537">
     <span class='ocr_line' id='line_1_99' title="bbox 504 5462 2090 5537; baseline 0.003 -19"><span class='ocrx_word' id='word_1_693' title='bbox 504 5465 705 5519; x_wconf 83' lang='lat' dir='ltr'><strong>studiis</strong></span> <span class='ocrx_word' id='word_1_694' title='bbox 737 5480 961 5534; x_wconf 85' lang='lat' dir='ltr'><strong>Operam</strong></span> <span class='ocrx_word' id='word_1_695' title='bbox 985 5462 1158 5518; x_wconf 87' lang='lat' dir='ltr'><strong>dedit.</strong></span> <span class='ocrx_word' id='word_1_696' title='bbox 1186 5465 1278 5521; x_wconf 86' lang='lat' dir='ltr'><strong>Sic</strong></span> <span class='ocrx_word' id='word_1_697' title='bbox 1306 5466 1453 5521; x_wconf 88' lang='lat' dir='ltr'><strong>enim</strong></span> <span class='ocrx_word' id='word_1_698' title='bbox 1484 5468 1751 5537; x_wconf 90' lang='lat' dir='ltr'><strong>scriptum</strong></span> <span class='ocrx_word' id='word_1_699' title='bbox 1781 5477 1868 5523; x_wconf 86' lang='lat' dir='ltr'><strong>est</strong></span> <span class='ocrx_word' id='word_1_700' title='bbox 1895 5487 1907 5521; x_wconf 88' lang='lat'>:</span> <span class='ocrx_word' id='word_1_701' title='bbox 1944 5490 1961 5520; x_wconf 88' lang='grc'><strong>‹</strong></span> <span class='ocrx_word' id='word_1_702' title='bbox 1984 5469 2090 5523; x_wconf 82' lang='lat' dir='ltr'><strong>As-</strong></span> 
     </span>
    </p>
   </div>
   <div class='ocr_carea' id='block_1_100' title="bbox 506 5550 2092 5626">
    <p class='ocr_par' dir='ltr' id='par_1_100' title="bbox 506 5550 2092 5626">
     <span class='ocr_line' id='line_1_100' title="bbox 506 5550 2092 5626; baseline 0 -18"><span class='ocrx_word' id='word_1_703' title='bbox 506 5554 697 5608; x_wconf 84' lang='lat' dir='ltr'><strong>cendit</strong></span> <span class='ocrx_word' id='word_1_704' title='bbox 747 5562 930 5606; x_wconf 89' lang='lat' dir='ltr'><strong>autem</strong></span> <span class='ocrx_word' id='word_1_705' title='bbox 963 5550 1240 5607; x_wconf 84' lang='lat' dir='ltr'><strong>Abraham</strong></span> <span class='ocrx_word' id='word_1_706' title='bbox 1291 5571 1357 5608; x_wconf 83' lang='lat' dir='ltr'><strong>ex</strong></span> <span class='ocrx_word' id='word_1_707' title='bbox 1405 5554 1660 5626; x_wconf 68' lang='lat' dir='ltr'><strong>Aigypto,</strong></span> <span class='ocrx_word' id='word_1_708' title='bbox 1706 5556 1823 5626; x_wconf 88' lang='lat' dir='ltr'><strong>ipse</strong></span> <span class='ocrx_word' id='word_1_709' title='bbox 1869 5564 1925 5610; x_wconf 89' lang='lat' dir='ltr'><strong>et</strong></span> <span class='ocrx_word' id='word_1_710' title='bbox 1954 5571 2092 5609; x_wconf 84' lang='lat' dir='ltr'><strong>uxor</strong></span> 
     </span>
    </p>
   </div>
   <div class='ocr_carea' id='block_1_101' title="bbox 506 5642 2087 5719">
    <p class='ocr_par' dir='ltr' id='par_1_101' title="bbox 506 5642 2087 5719">
     <span class='ocr_line' id='line_1_101' title="bbox 506 5642 2087 5719; baseline 0.001 -20"><span class='ocrx_word' id='word_1_711' title='bbox 506 5645 649 5719; x_wconf 77' lang='lat' dir='ltr'><strong>ejus,</strong></span> <span class='ocrx_word' id='word_1_712' title='bbox 678 5654 734 5698; x_wconf 86' lang='lat' dir='ltr'><strong>et</strong></span> <span class='ocrx_word' id='word_1_713' title='bbox 754 5642 940 5695; x_wconf 90' lang='lat' dir='ltr'><strong>omnia</strong></span> <span class='ocrx_word' id='word_1_714' title='bbox 960 5645 1100 5713; x_wconf 86' lang='lat' dir='ltr'><strong>ejus.</strong></span> <span class='ocrx_word' id='word_1_715' title='bbox 1160 5654 1216 5701; x_wconf 89' lang='lat' dir='ltr'><strong>et</strong></span> <span class='ocrx_word' id='word_1_716' title='bbox 1259 5646 1362 5701; x_wconf 89' lang='lat' dir='ltr'><strong>Lot</strong></span> <span class='ocrx_word' id='word_1_717' title='bbox 1397 5662 1522 5704; x_wconf 87' lang='lat' dir='ltr'><strong>cum</strong></span> <span class='ocrx_word' id='word_1_718' title='bbox 1563 5664 1630 5704; x_wconf 91' lang='lat' dir='ltr'><strong>eo</strong></span> <span class='ocrx_word' id='word_1_719' title='bbox 1686 5649 1745 5703; x_wconf 88' lang='lat' dir='ltr'><strong>in</strong></span> <span class='ocrx_word' id='word_1_720' title='bbox 1785 5647 2087 5703; x_wconf 88' lang='lat' dir='ltr'><strong>desertum.</strong></span> 
     </span>
    </p>
   </div>
   <div class='ocr_carea' id='block_1_102' title="bbox 586 5820 1098 5888">
    <p class='ocr_par' dir='ltr' id='par_1_102' title="bbox 586 5820 1098 5888">
     <span class='ocr_line' id='line_1_102' title="bbox 586 5820 1098 5888; baseline 0.002 -8"><span class='ocrx_word' id='word_1_721' title='bbox 586 5824 631 5859; x_wconf 84' lang='lat'><strong>’°</strong></span> <span class='ocrx_word' id='word_1_722' title='bbox 653 5820 789 5880; x_wconf 76' lang='lat' dir='ltr'><strong>Gen.</strong></span> <span class='ocrx_word' id='word_1_723' title='bbox 810 5833 859 5888; x_wconf 60' lang='grc' dir='ltr'><strong>ι,</strong></span> <span class='ocrx_word' id='word_1_724' title='bbox 897 5821 980 5888; x_wconf 80' lang='grc'><strong>12,</strong></span> <span class='ocrx_word' id='word_1_725' title='bbox 1017 5822 1098 5882; x_wconf 81' lang='grc'><strong>17.</strong></span> 
     </span>
    </p>
   </div>
   <div class='ocr_carea' id='block_1_103' title="bbox 2196 4629 3777 4704">
    <p class='ocr_par' dir='ltr' id='par_1_103' title="bbox 2196 4629 3777 4704">
     <span class='ocr_line' id='line_1_103' title="bbox 2196 4629 3777 4704; baseline 0.001 -17"><span class='ocrx_word' id='word_1_726' title='bbox 2196 4651 2281 4696; x_wconf 87' lang='grc' dir='ltr'><strong>τις</strong></span> <span class='ocrx_word' id='word_1_727' title='bbox 2304 4629 2418 4698; x_wconf 79' lang='grc' dir='ltr'>οὖν,</span> <span class='ocrx_word' id='word_1_728' title='bbox 2446 4636 2540 4688; x_wconf 68' lang='grc' dir='ltr'><strong>καὶ</strong></span> <span class='ocrx_word' id='word_1_729' title='bbox 2556 4635 2654 4704; x_wconf 86' lang='grc' dir='ltr'>οὐχ</span> <span class='ocrx_word' id='word_1_730' title='bbox 2676 4632 2818 4687; x_wconf 85' lang='grc' dir='ltr'>έκὼν</span> <span class='ocrx_word' id='word_1_731' title='bbox 2835 4634 3185 4689; x_wconf 85' lang='grc' dir='ltr'>ὑποκείσεται</span> <span class='ocrx_word' id='word_1_732' title='bbox 3214 4637 3335 4698; x_wconf 89' lang='grc' dir='ltr'>ταῖς</span> <span class='ocrx_word' id='word_1_733' title='bbox 3357 4635 3565 4689; x_wconf 86' lang='grc' dir='ltr'>ἐκείνου</span> <span class='ocrx_word' id='word_1_734' title='bbox 3587 4635 3777 4689; x_wconf 87' lang='grc' dir='ltr'>πλεον-</span> 
     </span>
    </p>
   </div>
   <div class='ocr_carea' id='block_1_104' title="bbox 2197 4723 3774 4799">
    <p class='ocr_par' dir='ltr' id='par_1_104' title="bbox 2197 4723 3774 4799">
     <span class='ocr_line' id='line_1_104' title="bbox 2197 4723 3774 4799; baseline 0.001 -21"><span class='ocrx_word' id='word_1_735' title='bbox 2197 4723 2390 4791; x_wconf 82' lang='grc' dir='ltr'>εξίαις.</span> <span class='ocrx_word' id='word_1_736' title='bbox 2428 4726 2595 4779; x_wconf 85' lang='grc' dir='ltr'>Νοσεῖ</span> <span class='ocrx_word' id='word_1_737' title='bbox 2623 4726 2731 4797; x_wconf 80' lang='grc' dir='ltr'>γὰρ</span> <span class='ocrx_word' id='word_1_738' title='bbox 2769 4726 2802 4796; x_wconf 79' lang='grc' dir='ltr'><strong>ἡ</strong></span> <span class='ocrx_word' id='word_1_739' title='bbox 2839 4726 3002 4796; x_wconf 88' lang='grc' dir='ltr'>φύσις</span> <span class='ocrx_word' id='word_1_740' title='bbox 3033 4726 3095 4779; x_wconf 77' lang='grc' dir='ltr'>τὸ</span> <span class='ocrx_word' id='word_1_741' title='bbox 3120 4726 3343 4793; x_wconf 81' lang='grc' dir='ltr'>ἅναλκι,</span> <span class='ocrx_word' id='word_1_742' title='bbox 3379 4728 3566 4797; x_wconf 87' lang='grc' dir='ltr'>ἐφίησι</span> <span class='ocrx_word' id='word_1_743' title='bbox 3598 4727 3774 4799; x_wconf 70' lang='grc' dir='ltr'>γεμὴν</span> 
     </span>
    </p>
   </div>
   <div class='ocr_carea' id='block_1_105' title="bbox 2194 4817 3776 4891">
    <p class='ocr_par' dir='ltr' id='par_1_105' title="bbox 2194 4817 3776 4891">
     <span class='ocr_line' id='line_1_105' title="bbox 2194 4817 3776 4891; baseline 0.003 -20"><span class='ocrx_word' id='word_1_744' title='bbox 2194 4817 2312 4871; x_wconf 76' lang='grc' dir='ltr'>οὔτι</span> <span class='ocrx_word' id='word_1_745' title='bbox 2342 4835 2445 4871; x_wconf 88' lang='grc' dir='ltr'><strong>που</strong></span> <span class='ocrx_word' id='word_1_746' title='bbox 2479 4817 2633 4884; x_wconf 84' lang='grc' dir='ltr'>Θεὸς,</span> <span class='ocrx_word' id='word_1_747' title='bbox 2681 4819 3054 4891; x_wconf 76' lang='grc' dir='ltr'>ἀνασειράζων</span> <span class='ocrx_word' id='word_1_748' title='bbox 3094 4817 3294 4890; x_wconf 88' lang='grc' dir='ltr'>τρόπον</span> <span class='ocrx_word' id='word_1_749' title='bbox 3349 4819 3471 4873; x_wconf 80' lang='grc' dir='ltr'>τινὰ</span> <span class='ocrx_word' id='word_1_750' title='bbox 3518 4820 3587 4873; x_wconf 80' lang='grc' dir='ltr'>τὰ</span> <span class='ocrx_word' id='word_1_751' title='bbox 3632 4821 3776 4876; x_wconf 86' lang='grc' dir='ltr'><strong>κατά</strong></span> 
     </span>
    </p>
   </div>
   <div class='ocr_carea' id='block_1_106' title="bbox 2194 4909 3777 4984">
    <p class='ocr_par' dir='ltr' id='par_1_106' title="bbox 2194 4909 3777 4984">
     <span class='ocr_line' id='line_1_106' title="bbox 2194 4909 3777 4984; baseline 0.002 -21"><span class='ocrx_word' id='word_1_752' title='bbox 2194 4910 2304 4963; x_wconf 85' lang='grc' dir='ltr'><strong>τῶν</strong></span> <span class='ocrx_word' id='word_1_753' title='bbox 2330 4909 2500 4979; x_wconf 80' lang='grc' dir='ltr'>ἁγίων</span> <span class='ocrx_word' id='word_1_754' title='bbox 2538 4912 2965 4984; x_wconf 80' lang='grc' dir='ltr'>ἐπιχειρήματα,</span> <span class='ocrx_word' id='word_1_755' title='bbox 3001 4912 3096 4964; x_wconf 75' lang='grc' dir='ltr'><strong>καὶ</strong></span> <span class='ocrx_word' id='word_1_756' title='bbox 3123 4912 3218 4964; x_wconf 74' lang='grc' dir='ltr'><strong>τοῦ</strong></span> <span class='ocrx_word' id='word_1_757' title='bbox 3251 4914 3488 4983; x_wconf 83' lang='grc' dir='ltr'>πονηροῦ</span> <span class='ocrx_word' id='word_1_758' title='bbox 3516 4914 3616 4978; x_wconf 78' lang='grc' dir='ltr'>τὰς</span> <span class='ocrx_word' id='word_1_759' title='bbox 3656 4917 3777 4968; x_wconf 80' lang='grc' dir='ltr'>ἐπι-</span> 
     </span>
    </p>
   </div>
   <div class='ocr_carea' id='block_1_107' title="bbox 2196 4999 3773 5078">
    <p class='ocr_par' dir='ltr' id='par_1_107' title="bbox 2196 4999 3773 5078">
     <span class='ocr_line' id='line_1_107' title="bbox 2196 4999 3773 5078; baseline 0.003 -24"><span class='ocrx_word' id='word_1_760' title='bbox 2196 5000 2412 5063; x_wconf 76' lang='grc' dir='ltr'>δουλάς.</span> <span class='ocrx_word' id='word_1_761' title='bbox 2445 4999 2767 5071; x_wconf 78' lang='grc' dir='ltr'>Συμϐέὸηκε</span> <span class='ocrx_word' id='word_1_762' title='bbox 2793 5000 2849 5055; x_wconf 80' lang='grc' dir='ltr'>δὲ</span> <span class='ocrx_word' id='word_1_763' title='bbox 2868 5002 2966 5070; x_wconf 81' lang='grc' dir='ltr'><strong>οὐχ</strong></span> <span class='ocrx_word' id='word_1_764' title='bbox 2988 5001 3191 5074; x_wconf 76' lang='grc' dir='ltr'>ἑτέρως</span> <span class='ocrx_word' id='word_1_765' title='bbox 3208 5002 3485 5073; x_wconf 81' lang='grc' dir='ltr'>διαδράναι</span> <span class='ocrx_word' id='word_1_766' title='bbox 3506 5004 3576 5058; x_wconf 81' lang='grc' dir='ltr'>τὰ.</span> <span class='ocrx_word' id='word_1_767' title='bbox 3602 5004 3773 5078; x_wconf 74' lang='grc' dir='ltr'>βλάϐη</span> 
     </span>
    </p>
   </div>
   <div class='ocr_carea' id='block_1_108' title="bbox 2194 5091 3775 5165">
    <p class='ocr_par' dir='ltr' id='par_1_108' title="bbox 2194 5091 3775 5165">
     <span class='ocr_line' id='line_1_108' title="bbox 2194 5091 3775 5165; baseline 0.001 -18"><span class='ocrx_word' id='word_1_768' title='bbox 2194 5093 2284 5147; x_wconf 84' lang='grc' dir='ltr'><strong>τὸν</strong></span> <span class='ocrx_word' id='word_1_769' title='bbox 2318 5092 2603 5145; x_wconf 81' lang='grc' dir='ltr'>θεσπέσιον</span> <span class='ocrx_word' id='word_1_770' title='bbox 2654 5091 2925 5163; x_wconf 81' lang='grc' dir='ltr'>Ἀϐραὰμ,</span> <span class='ocrx_word' id='word_1_771' title='bbox 2973 5093 3022 5145; x_wconf 86' lang='grc' dir='ltr'><strong>εί</strong></span> <span class='ocrx_word' id='word_1_772' title='bbox 3054 5092 3149 5163; x_wconf 79' lang='grc' dir='ltr'>μὴ,</span> <span class='ocrx_word' id='word_1_773' title='bbox 3182 5094 3278 5165; x_wconf 80' lang='grc' dir='ltr'>τὴν</span> <span class='ocrx_word' id='word_1_774' title='bbox 3316 5094 3425 5147; x_wconf 84' lang='grc' dir='ltr'>τῶν</span> <span class='ocrx_word' id='word_1_775' title='bbox 3464 5095 3775 5165; x_wconf 77' lang='grc' dir='ltr'>Αίγυπτίων</span> 
     </span>
    </p>
   </div>
   <div class='ocr_carea' id='block_1_109' title="bbox 2193 5185 3775 5262">
    <p class='ocr_par' dir='ltr' id='par_1_109' title="bbox 2193 5185 3775 5262">
     <span class='ocr_line' id='line_1_109' title="bbox 2193 5185 3775 5262; baseline 0.002 -22"><span class='ocrx_word' id='word_1_776' title='bbox 2193 5187 2373 5256; x_wconf 75' lang='grc' dir='ltr'>ἀφεὶς,</span> <span class='ocrx_word' id='word_1_777' title='bbox 2400 5186 2538 5257; x_wconf 84' lang='grc' dir='ltr'>πρὸς</span> <span class='ocrx_word' id='word_1_778' title='bbox 2561 5185 2651 5238; x_wconf 86' lang='grc' dir='ltr'><strong>τὸν</strong></span> <span class='ocrx_word' id='word_1_779' title='bbox 2673 5187 2731 5238; x_wconf 88' lang='grc' dir='ltr'><strong>ἐν</strong></span> <span class='ocrx_word' id='word_1_780' title='bbox 2760 5187 2903 5258; x_wconf 81' lang='grc' dir='ltr'>ἀρχῇ</span> <span class='ocrx_word' id='word_1_781' title='bbox 2933 5186 3027 5240; x_wconf 76' lang='grc' dir='ltr'><strong>καὶ</strong></span> <span class='ocrx_word' id='word_1_782' title='bbox 3058 5186 3335 5240; x_wconf 84' lang='grc' dir='ltr'>θεόσδοτον</span> <span class='ocrx_word' id='word_1_783' title='bbox 3369 5189 3775 5262; x_wconf 85' lang='grc' dir='ltr'>ἀναπεφοίτηκε</span> 
     </span>
    </p>
   </div>
   <div class='ocr_carea' id='block_1_110' title="bbox 2188 5270 3847 5352">
    <p class='ocr_par' dir='ltr' id='par_1_110' title="bbox 2188 5270 3847 5352">
     <span class='ocr_line' id='line_1_110' title="bbox 2188 5270 3847 5352; baseline 0.002 -20"><span class='ocrx_word' id='word_1_784' title='bbox 2188 5278 2386 5350; x_wconf 84' lang='grc' dir='ltr'>χῶρον,</span> <span class='ocrx_word' id='word_1_785' title='bbox 2412 5270 2473 5332; x_wconf 74' lang='grc' dir='ltr'>οὗ</span> <span class='ocrx_word' id='word_1_786' title='bbox 2496 5279 2591 5331; x_wconf 69' lang='grc' dir='ltr'><strong>καὶ</strong></span> <span class='ocrx_word' id='word_1_787' title='bbox 2612 5279 2914 5349; x_wconf 81' lang='grc' dir='ltr'>ἀφιγμένος</span> <span class='ocrx_word' id='word_1_788' title='bbox 2944 5278 3379 5350; x_wconf 87' lang='grc' dir='ltr'>σπουδασμάτων</span> <span class='ocrx_word' id='word_1_789' title='bbox 3397 5281 3617 5349; x_wconf 74' lang='grc' dir='ltr'>ἀγαθῶν</span> <span class='ocrx_word' id='word_1_790' title='bbox 3650 5299 3774 5352; x_wconf 83' lang='grc' dir='ltr'>σχο-</span> <span class='ocrx_word' id='word_1_791' title='bbox 3844 5270 3847 5273; x_wconf 44' lang='grc'><em>’</em></span> 
     </span>
    </p>
   </div>
   <div class='ocr_carea' id='block_1_111' title="bbox 2189 5365 3772 5445">
    <p class='ocr_par' dir='ltr' id='par_1_111' title="bbox 2189 5365 3772 5445">
     <span class='ocr_line' id='line_1_111' title="bbox 2189 5365 3772 5445; baseline 0.002 -24"><span class='ocrx_word' id='word_1_792' title='bbox 2189 5370 2335 5431; x_wconf 86' lang='grc' dir='ltr'>λαῖος</span> <span class='ocrx_word' id='word_1_793' title='bbox 2366 5365 2432 5439; x_wconf 82' lang='grc' dir='ltr'>ἦν</span> <span class='ocrx_word' id='word_1_794' title='bbox 2458 5367 2816 5438; x_wconf 80' lang='grc' dir='ltr'>ἐπιμελητής.</span> <span class='ocrx_word' id='word_1_795' title='bbox 2853 5368 3170 5438; x_wconf 86' lang='grc' dir='ltr'>Γέγραπται</span> <span class='ocrx_word' id='word_1_796' title='bbox 3191 5371 3246 5423; x_wconf 84' lang='grc' dir='ltr'><strong>δὲ</strong></span> <span class='ocrx_word' id='word_1_797' title='bbox 3270 5371 3441 5437; x_wconf 77' lang='grc' dir='ltr'>οὕτως</span> <span class='ocrx_word' id='word_1_798' title='bbox 3460 5389 3473 5402; x_wconf 91' lang='grc'><strong>·</strong></span> <span class='ocrx_word' id='word_1_799' title='bbox 3509 5393 3535 5432; x_wconf 73' lang='grc' dir='ltr'>,ί</span> <span class='ocrx_word' id='word_1_800' title='bbox 3579 5373 3772 5445; x_wconf 78' lang='grc' dir='ltr'>Ἀνέϐη</span> 
     </span>
    </p>
   </div>
   <div class='ocr_carea' id='block_1_112' title="bbox 2187 5461 3772 5536">
    <p class='ocr_par' dir='ltr' id='par_1_112' title="bbox 2187 5461 3772 5536">
     <span class='ocr_line' id='line_1_112' title="bbox 2187 5461 3772 5536; baseline 0.002 -20"><span class='ocrx_word' id='word_1_801' title='bbox 2187 5463 2243 5516; x_wconf 86' lang='grc' dir='ltr'>δὲ</span> <span class='ocrx_word' id='word_1_802' title='bbox 2285 5462 2537 5533; x_wconf 77' lang='grc' dir='ltr'>Ἀϐραὰμ</span> <span class='ocrx_word' id='word_1_803' title='bbox 2578 5461 2637 5527; x_wconf 78' lang='grc' dir='ltr'><strong>ἐξ</strong></span> <span class='ocrx_word' id='word_1_804' title='bbox 2671 5461 2972 5527; x_wconf 76' lang='grc' dir='ltr'>Αἰγύπτου,</span> <span class='ocrx_word' id='word_1_805' title='bbox 3016 5462 3179 5526; x_wconf 81' lang='grc' dir='ltr'>αὐτὸς</span> <span class='ocrx_word' id='word_1_806' title='bbox 3212 5463 3365 5536; x_wconf 77' lang='grc' dir='ltr'>καὶὴ</span> <span class='ocrx_word' id='word_1_807' title='bbox 3410 5466 3549 5536; x_wconf 83' lang='grc' dir='ltr'>γυνὴ</span> <span class='ocrx_word' id='word_1_808' title='bbox 3581 5466 3772 5532; x_wconf 81' lang='grc' dir='ltr'>αὐτοῦ,</span> 
     </span>
    </p>
   </div>
   <div class='ocr_carea' id='block_1_113' title="bbox 2190 5553 3777 5632">
    <p class='ocr_par' dir='ltr' id='par_1_113' title="bbox 2190 5553 3777 5632">
     <span class='ocr_line' id='line_1_113' title="bbox 2190 5553 3777 5632; baseline 0.003 -25"><span class='ocrx_word' id='word_1_809' title='bbox 2190 5556 2284 5609; x_wconf 71' lang='grc' dir='ltr'><strong>καὶ</strong></span> <span class='ocrx_word' id='word_1_810' title='bbox 2314 5556 2491 5609; x_wconf 84' lang='grc' dir='ltr'>πάντα</span> <span class='ocrx_word' id='word_1_811' title='bbox 2530 5554 2599 5608; x_wconf 90' lang='grc' dir='ltr'><strong>τά</strong></span> <span class='ocrx_word' id='word_1_812' title='bbox 2650 5553 2842 5621; x_wconf 80' lang='grc' dir='ltr'>αὐτοῦ,</span> <span class='ocrx_word' id='word_1_813' title='bbox 2888 5555 2982 5608; x_wconf 79' lang='grc' dir='ltr'><strong>καὶ</strong></span> <span class='ocrx_word' id='word_1_814' title='bbox 3011 5553 3135 5608; x_wconf 85' lang='grc' dir='ltr'>Λὼτ</span> <span class='ocrx_word' id='word_1_815' title='bbox 3176 5559 3293 5627; x_wconf 81' lang='grc' dir='ltr'>μετ’</span> <span class='ocrx_word' id='word_1_816' title='bbox 3335 5557 3500 5611; x_wconf 78' lang='grc' dir='ltr'>αὑτοῦ</span> <span class='ocrx_word' id='word_1_817' title='bbox 3551 5560 3633 5623; x_wconf 83' lang='grc' dir='ltr'><strong>είς</strong></span> <span class='ocrx_word' id='word_1_818' title='bbox 3674 5560 3777 5632; x_wconf 81' lang='grc' dir='ltr'>τὴν</span> 
     </span>
    </p>
   </div>
   <div class='ocr_carea' id='block_1_114' title="bbox 2188 5642 3775 5727">
    <p class='ocr_par' dir='ltr' id='par_1_114' title="bbox 2188 5642 3775 5727">
     <span class='ocr_line' id='line_1_114' title="bbox 2188 5642 3775 5727; baseline 0.008 -28"><span class='ocrx_word' id='word_1_819' title='bbox 2188 5646 2413 5723; x_wconf 80' lang='grc' dir='ltr'>ἔρημον.</span> <span class='ocrx_word' id='word_1_820' title='bbox 2459 5645 2709 5719; x_wconf 78' lang='grc' dir='ltr'>’Λϐραάμ</span> <span class='ocrx_word' id='word_1_821' title='bbox 2749 5645 2808 5701; x_wconf 82' lang='grc' dir='ltr'>δὲ.</span> <span class='ocrx_word' id='word_1_822' title='bbox 2849 5642 2917 5719; x_wconf 80' lang='grc' dir='ltr'>ἦν</span> <span class='ocrx_word' id='word_1_823' title='bbox 2967 5647 3220 5712; x_wconf 86' lang='grc' dir='ltr'>πλούσιος</span> <span class='ocrx_word' id='word_1_824' title='bbox 3278 5650 3505 5722; x_wconf 87' lang='grc' dir='ltr'>σφόδρα,</span> <span class='ocrx_word' id='word_1_825' title='bbox 3551 5655 3775 5727; x_wconf 82' lang='grc' dir='ltr'>κτήνεσι</span> 
     </span>
    </p>
   </div>
  </div>
