4172 6438
410 432 533 494 185

1183 438 1273 494 DE
1310 437 1757 497 ADORATIONE
1798 440 1865 497 IN
1905 440 2180 501 SPIRITU
2218 445 2308 501 ET
2347 443 2720 501 VERITATE.
2764 442 2893 498 LIB.
2932 443 2977 500 Ι.

3621 439 3725 497 186

415 549 519 602 καὶ
547 547 827 621 ἀργυρίῳ,
856 549 955 604 καὶ⁸
975 549 1204 621 χρυσίῳ,
1232 551 1328 603 καὶ
1353 551 1627 623 ἐπορεύθη
1655 553 1779 605 ὅποι
1806 553 2029 624 ἐξῆλθεν

2131 556 2409 612 Abraham
2440 565 2622 613 autem
2641 565 2763 613 erat
2787 556 2943 612 dives
2978 553 3159 618 valde,
3186 552 3456 626 jumentis
3480 561 3538 607 et
3562 567 3721 617 auro,

416 642 503 704 εἰς
526 641 633 712 τὴν
664 640 875 714 ἔρημον
916 642 1023 707 ἕως
1058 641 1281 715 Βαιθὴλ,
1311 642 1417 706 ἕως
1454 644 1547 697 τοῦ
1576 644 1764 709 τόπου,
1795 639 1856 699 οὗ
1891 642 1960 719 ἦν
1985 648 2020 719 ἡ

418 734 606 805 σκηνὴ
636 733 807 788 αὐτοῦ
837 734 1130 805 πρότερον,
1178 734 1283 789 ἀνὰ
1316 735 1481 806 μέσον
1522 734 1747 807 Βαιθὴλ,
1792 737 1887 790 καὶ
1924 738 2029 791 ἀνά

420 824 866 895 μὲσον.’Δγγα“ι,
911 828 993 889 είς
1027 826 1120 879 τὸν
1161 827 1330 880 τόπον
1364 826 1460 881 τοῦ
1507 827 1921 901 θυσιαστηρίου,
1966 822 2028 884 οὗ

416 917 696 989 ἐποίησεν
759 919 879 971 ἐκεῖ
937 919 1039 990 τὴν
1090 918 1287 991 ἀρχήν.
1347 920 1459 972 Kal.
1520 920 1854 976 ἐπεκάλεσεν
1914 925 2032 977 ἐκεῖ

430 1009 699 1081 ’Δϐραάμ
718 1010 781 1064 τὸ
801 1009 974 1080 ὄνομα
1001 1012 1231 1081 Κυρίου.
1258 1030 1276 1063 ι
1304 1011 1501 1082 Συνίης
1525 1007 1619 1066 οὖν
1642 1014 1726 1067 ὅτι
1754 1031 2033 1069 συναναπ-

416 1101 611 1173 αίρειν
639 1101 859 1173 ἀνάγκη
885 1104 999 1165 τοῖς
1032 1100 1091 1168 ἐξ
1120 1102 1392 1174 ἀκρασίας
1417 1107 1691 1178 κοσμικῆς
1724 1110 1805 1172 είς
1836 1109 2030 1182 ἑτέραν

418 1194 796 1265 ἀνατρέχουσι
831 1195 975 1267 ζωὴν
1026 1196 1211 1267 ἱερὰν,
1272 1197 1437 1251 οἱονεὶ
1482 1199 1661 1253 πάντα
1703 1201 1773 1254 τὰ
1814 1202 2029 1270 abeam;

418 1287 659 1339 πανοικὶ
686 1286 798 1359 γὰρ
840 1289 938 1341 καὶ
966 1290 1259 1357 παγγενεὶ,
1306 1290 1604 1362 προσθείην
1638 1292 1682 1346 δ’
1722 1293 1788 1347 ἂν
1813 1294 1896 1347 ὅτι
1930 1295 2025 1348 καὶ

419 1378 772 1443 πανσκευεὶ,
837 1378 939 1449 τῆς
1000 1380 1317 1448 Αἰγυπτίων
1370 1382 1789 1455 ἀποδεδράμηκε
1844 1385 1952 1456 γῆς
2001 1387 2032 1441 ό

413 1470 742 1542 προπάτωρ
795 1470 1072 1542 Ἁϐραάμ.
1113 1473 1209 1524 Δεῖ
1242 1473 1350 1546 γάρ
1384 1475 1694 1545 όλοτρόπως
1728 1478 2031 1549 ἀποφοιτᾷν

408 1562 519 1615 καὶ
566 1561 797 1615 πανοικὶ
845 1562 1050 1634 τρόπον
1086 1557 1215 1618 τινᾶ
1265 1565 1697 1637 μεθορμίζεσθαι
1741 1568 1916 1638 φιλεῖν
1951 1571 2031 1636 είς

419 1654 531 1726 τὴν
565 1652 803 1727 ἔρημον,
838 1653 986 1708 τοῦτ’
1013 1655 1183 1721 ἐστιν,
1232 1658 1313 1720 είς
1347 1657 1790 1729 ἀπαρενόχλητόν
1834 1676 1895 1712 τε
1934 1661 2032 1713 καὶ

412 1745 684 1817 καθαρὰν
712 1746 955 1811 διανοίας
984 1748 1343 1811 κατάστασιν,
1381 1749 1504 1803 ὅθεν
1543 1751 1638 1804 καὶ
1670 1753 1728 1804 ἐν
1766 1753 1961 1822 ἀρχαῖς
1995 1752 2029 1824 ἡ

410 1837 519 1892 τοῦ
559 1837 860 1911 ἀνθρώπου
910 1840 1075 1907 φύσις
1108 1839 1435 1911 ἐκϐέϐηκεν,
1473 1841 1652 1913 ἐνδείᾳ
1682 1841 1792 1894 τῶν
1824 1841 2031 1896 ἀνωθεν

411 1931 656 2000 ἀγαθῶν
689 1931 1046 1987 ἀπονεύσασα
1080 1932 1217 2003 πρὸς
1245 1932 1317 1986 τά
1335 1933 1524 2005 χείρω.
1554 1932 1726 1987 Τοῦτο
1755 1934 1865 2005 γὰρ
1894 1936 2027 1988 αίνιο

419 2022 749 2093 γματωδῶς
776 2024 1221 2094 κατασημηνειεν
1251 2023 1319 2078 ἂν
1363 2026 1398 2095 ἡ
1427 2025 1507 2088 είς
1547 2006 1863 2096 ἀλλοτρίους
1893 2024 2028 2079 κάθο

407 2114 564 2179 οδος,
594 2114 710 2168 ἀπὸ
730 2115 836 2185 γῆς
863 2115 1029 2168 οἱονεὶ
1049 2114 1144 2168 καὶ
1176 2115 1383 2187 σκηνῆς
1402 2118 1503 2187 τῆς
1533 2118 1591 2170 ἐν
1614 2117 1814 2189 ἀρχαῖς
1841 2133 1900 2169 τε
1931 2115 2027 2170 καὶ

408 2205 777 2277 φάαιτάτης,
810 2206 869 2258 ἐν
967 2205 1064 2259 καὶ
1088 2204 1490 2277 θυσιαστήριον.
1524 2205 2029 2278 Παλινδρομοῦντες

408 2296 531 2367 γὰρ
562 2295 769 2359 οὕτως,
802 2295 909 2359 ἕως
950 2295 1018 2349 ἂν
1048 2298 1105 2349 ἐν
1129 2296 1281 2367 τύπῳ
1301 2295 1398 2350 καὶ
1427 2295 1582 2368 χώρᾳ
1611 2296 1901 2367 γενώμεθα
1930 2295 2025 2350 τοῦ

410 2388 826 2459 θυσιαστηρίου
859 2385 956 2441 τοῦ
988 2387 1048 2439 ἐν
1095 2386 1315 2457 ἀρχαῖς,
1363 2386 1509 2440 τοῦτ’
1546 2387 1685 2453 ἔστι,
1722 2385 1818 2440 τοῦ
1859 2386 2028 2441 πάλαι

412 2479 891 2552 προσπεφυκότος
931 2478 1238 2549 ἀγιασμοῦ,
1278 2479 1375 2534 καὶ
1417 2480 1583 2552 ἡμεῖς
1621 2478 2030 2551 ἐπικαλούμεθα

406 2572 513 2626 τὸν
536 2572 656 2627 τῶν
681 2572 821 2626 ὅλων
860 2571 1016 2638 Θεὸν,
1045 2570 1108 2624 τὸ
1136 2572 1480 2643 προφητικὸν
1511 2573 1690 2627 ἐκεῖνο
1729 2573 2028 2645 πρόσρημα

406 2665 715 2734 λέγοντες
754 2682 773 2715 ι
804 2665 1002 2733 Κύριε,
1033 2665 1191 2730 ἐκτὸς
1225 2664 1324 2719 σοῦ
1352 2664 1513 2721 ἀλλον
1541 2666 1642 2721 οὐκ
1674 2664 1922 2738 οἴδαμεν.
1953 2665 2029 2719 Τὸ

408 2755 603 2828 διιομά
634 2772 731 2810 σου
767 2757 1138 2830 ὀνομάζομεν.
1185 2775 1206 2809 ι

487 2940 712 2996 ΠΑΛΛ.
764 2939 1118 2994 ’Δστειότατα
1155 2938 1317 3011 ἔφης.

487 3030 661 3084 ΚΥΡ.
703 3029 865 3094 Ἵδοις
888 3029 936 3083 δ’
960 3029 1027 3084 ἂν
1056 3030 1119 3083 τὸ
1144 3030 1338 3103 χρῆμα
1362 3029 1496 3101 ἡμῖν
1519 3028 1617 3099 οὑχ
1648 3027 1853 3101 ἑτέρως
1881 3026 2025 3099 ἔχον.

408 3122 513 3177 καὶ
553 3121 628 3175 τὰ
660 3122 758 3176 ἐπὶ
783 3125 900 3184 τοῖς
920 3123 1059 3186 υἱοῖς
1099 3121 1317 3193 Ἰσραὴλ
1338 3121 1605 3191 γεγονότα
1630 3120 1772 3174 κατὰ
1801 3120 2029 3191 καιροὺς

408 3210 476 3268 εὖ
531 3214 685 3287 μάλα
718 3213 1218 3285 διασκοπούμενοςο
1255 3211 1352 3277 οὒς
1400 3212 1633 3284 ἐπείπερ
1667 3206 1813 3266 εἷλον
1844 3213 1894 3265 ot
1927 3212 2026 3266 Al-

408 3278 651 3377 γύπτιοι
708 3305 873 3378 λιμοῦ
924 3278 1347 3378 κατ’ωθήσαντος
1396 3306 1455 3358 ἐν
1508 3278 1708 3377 ἀρχαῖς
1756 3305 1852 3357 καὶ
1899 3303 2025 3368 τοὺς
2054 3278 2096 3336 C

409 3402 632 3458 ἄνωθέν
666 3418 730 3455 τε
764 3402 860 3455 καὶ
905 3403 971 3455 ἑκ
1011 3399 1169 3472 ῥίζης
1207 3401 1413 3470 ἀγίων,
1461 3401 1558 3455 καὶ
1598 3398 1918 3472 ἐλευθέρους
1949 3401 2031 3463 είς

408 3494 692 3565 ἀδόκητόν
739 3511 802 3547 τε
842 3493 937 3548 καὶ
969 3492 1309 3565 ἀμελέτητον
1339 3495 1525 3557 αὐτοῖς
1562 3490 2030 3560 καταζευγνύντες

412 3585 668 3655 θητείαν,
702 3585 912 3656 ἀγρίως
929 3582 1342 3651 κατεϐιάζοντο,
1358 3584 1461 3654 τῆς
1480 3584 1567 3638 ἐπ’
1591 3585 1787 3646 αὐτοὺς
1810 3582 2032 3654 ὠμότη-

409 3693 509 3739 τος
548 3670 769 3729 τοιάνδε
799 3674 924 3729 τινὰ
966 3673 1255 3739 συνθέντες
1284 3675 1386 3746 τὴν
1414 3676 1693 3748 ἀφορμήν.
1737 3694 1756 3727 ι
1801 3675 2027 3746 Ἀνέστη

409 3770 550 3841 γὰρ,
593 3788 615 3820 ι
650 3768 810 3840 φησὶ,
847 3788 865 3819 ι
907 3766 1159 3838 βασιλεὺς
1178 3767 1367 3840 ἐτερος
1397 3768 1487 3821 ἐπ’
1518 3769 1815 3838 Αἴγυπτον,
1844 3768 1903 3832 ὃς
1927 3767 2031 3823 οὐκ

411 3862 537 3934 ᾔδει
569 3861 668 3915 τὸν
716 3861 940 3932 Ἰωσήφ.
977 3857 1115 3915 Εἴπε
1146 3860 1204 3915 δὲ
1231 3859 1313 3933 τῷ
1344 3862 1493 3930 γένει
1541 3859 1705 3915 αὑτοῦ
1736 3876 1751 3892 ·
1804 3860 1938 3915 Ἰδοὺ
1966 3860 2031 3915 τὸ

412 3953 580 4022 γένος
622 3951 737 4004 τῶν
777 3951 912 4005 υἱῶν
954 3950 1212 4023 Ἰσραὴλ,
1250 3952 1393 4023 μέγα
1434 3950 1661 4022 πλῆθος,
1704 3949 1801 4005 καὶ
1856 3950 2029 4022 ἰσχύει

413 4044 563 4115 ὑπὲρ
595 4043 772 4113 ἡμᾶς,
814 4041 967 4095 δεῦτε
1004 4041 1511 4113 κατασοφισὼμεθα
1553 4042 1777 4108 αὐτοὺς,
1815 4043 2028 4113 μήποτε

415 4132 736 4207 πληθυνθῇ,
765 4133 882 4197 καὶ,
908 4132 1076 4204 ἡνίκα
1105 4133 1199 4186 ἐὰν
1228 4132 1411 4204 συμϐῇ
1444 4133 1702 4203 πόλεμος,
1727 4132 2031 4205 προστεθή-

424 4243 618 4280 σονται
666 4225 768 4279 καὶ
792 4216 941 4278 οὗτοι
978 4224 1115 4295 πρὸς
1148 4226 1275 4289 τοὺς
1320 4224 1697 4291 ὑπεναντίους,
1739 4225 1836 4278 καὶ
1859 4228 2028 4278 ἐκπο-

413 4320 768 4391 λεμήσαντες
788 4319 958 4391 ἡμᾶς,
991 4317 1371 4385 ἐξελεύσονται
1395 4319 1459 4371 ἐκ
1487 4317 1589 4388 τῆς
1609 4318 1734 4388 γῆς.
1762 4337 1781 4369 ι
1802 4316 2026 4372 Ἐλύπει

416 4410 551 4479 γὰρ,
574 4404 760 4479 οἶμαι,
778 4409 870 4464 τὸν
896 4407 1000 4479 τῆς
1028 4408 1344 4477 Αίγυπτίων
1371 4406 1670 4479 ὲξάρχοντα
1700 4407 1900 4477 γῆς,τὸ
1924 4407 2029 4462 κᾶν

414 4504 550 4574 γοῦν
599 4502 828 4558 ἑλέσθαι
880 4502 1013 4557 ποτὲ
1064 4502 1199 4573 πρὸς
1248 4499 1563 4570 ἐλευθερίαν
1609 4500 1751 4565 ἰδεῖν,
1797 4502 1925 4563 τοὺς
1970 4499 2028 4568 ἐξ

2129 657 2186 705 et
2213 659 2472 719 argento:
2503 659 2560 705 et
2587 650 2723 704 abiit
2751 649 2949 704 itinere
2965 663 3076 718 quo
3114 653 3344 702 venerat
3367 645 3423 699 in
3439 644 3723 699 desertum

2132 758 2306 812 usque
2329 742 2541 808 Bethel,
2571 757 2748 813 usque
2786 741 2855 796 ad
2884 742 3067 795 locum
3102 738 3199 793 ubi
3236 737 3417 793 fuerat
3461 735 3727 790 tabernae

2131 836 2317 891 culum
2348 836 2471 905 ejus
2494 835 2670 905 prius,
2722 833 2829 903 33
2884 833 3029 887 inter
3055 831 3250 887 Bethel
3297 839 3353 884 et
3406 828 3630 899 IIaggai,
3663 827 3723 882 in

2130 925 2314 981 locum
2344 926 2556 989 altaris,
2595 923 2745 993 quod
2776 924 2983 978 fecerat
3008 922 3085 976 ibi
3122 922 3301 992 prius,
3348 928 3405 974 et
3441 917 3724 973 invocavit

2132 1018 2210 1073 ibi
2235 1016 2513 1072 Abraham
2555 1031 2758 1070 nomen
2794 1014 3013 1069 Domini
3043 1015 3111 1067 ".
3150 1033 3167 1066 ›
3206 1013 3478 1083 Intelligis
3526 1012 3721 1082 igitur,

2132 1109 2229 1181 qui
2275 1124 2344 1163 ex
2386 1105 2816 1176 intemperantia
2860 1103 3111 1158 smculari
3161 1102 3227 1157 ad
3275 1103 3505 1157 alteram
3549 1100 3725 1154 vitam

2131 1208 2451 1265 recurrunt,
2496 1199 2567 1254 iis
2608 1197 2795 1253 omnia
2835 1196 3000 1251 simul
3045 1210 3165 1250 esse
3198 1194 3543 1249 abducenda.
3578 1192 3718 1246 Nam

2133 1310 2258 1350 cum
2289 1294 2549 1348 universa
2592 1290 2824 1353 familia,
2878 1288 3254 1356 universeque
3305 1301 3526 1356 genere,
3585 1282 3723 1337 illud

2131 1386 2299 1441 etiam
2316 1383 2646 1448 addiderim,
2687 1397 2815 1437 cum
2852 1379 3114 1435 universa
3145 1376 3504 1447 supellectili,
3545 1376 3724 1429 Abra-
3837 1378 3846 1386 '

2132 1478 2261 1533 ham
2292 1475 2608 1548 patriarcha
2651 1490 2722 1531 ex
2762 1473 3147 1546 Egyptiorum
3180 1471 3403 1540 regione
3444 1467 3719 1538 migravit.

2131 1569 2361 1640 Oportet
2397 1569 2547 1624 enim
2605 1566 2867 1622 omnibus
2918 1564 3099 1619 modis
3141 1561 3449 1625 discedere,
3498 1569 3555 1614 et
3597 1573 3724 1613 cum

2131 1663 2391 1717 universa
2424 1658 2832 1732 quodammodo
2875 1656 3085 1712 familia
3121 1654 3179 1709 in
3218 1653 3499 1709 desertum
3546 1648 3725 1704 demi-

2132 1769 2313 1825 grare,
2369 1754 2428 1809 id
2475 1761 2581 1818 est,
2627 1751 2695 1806 ad
2728 1749 3194 1821 imperturbatum
3243 1753 3301 1801 et
3354 1742 3720 1813 tranquillum

2133 1843 2304 1898 animi
2351 1850 2577 1907 statum,
2614 1841 2761 1897 unde
2798 1841 2868 1895 ab
2911 1839 3072 1894 initio
3097 1834 3340 1891 hominis
3371 1843 3570 1887 natura
3602 1830 3721 1886 dis-

2133 1939 2317 2003 cessit,
2349 1954 2475 1994 cum
2519 1937 2704 2009 in0pia
2732 1948 3099 2007 supernorum
3129 1932 3402 1987 bonorum
3442 1927 3509 1982 ad
3538 1927 3727 1997 pejora
3786 1920 3791 1925 ’

2134 2030 2474 2086 declinavit:
2511 2030 2567 2086 id
2588 2030 2739 2085 enim
2771 2044 2874 2098 per
2901 2026 3135 2097 aenigma
3189 2020 3463 2093 signiﬁcat
3502 2019 3594 2073 ille
3656 2016 3726 2071 ad

2134 2130 2351 2179 exteras
2388 2122 2647 2176 nationes
2675 2120 3000 2183 descensus,
3037 2116 3108 2171 ab
3149 2115 3246 2170 illa
3274 2112 3475 2176 veteri,
3533 2117 3591 2165 et
3631 2110 3725 2180 ju-

2136 2214 2474 2270 cundissima
2509 2221 2680 2279 terra,
2710 2213 2767 2267 in
2816 2227 2925 2284 qua
2955 2210 3128 2265 altare
3163 2221 3385 2279 quoque
3408 2212 3527 2259 erat
3553 2220 3567 2257 :
3595 2218 3726 2257 nam

2135 2305 2241 2361 hoc
2266 2313 2427 2376 pacto
2455 2310 3153 2372 recurrentes,'quousque
3200 2297 3268 2352 ad
3304 2297 3487 2351 locum
3531 2309 3597 2348 ac
3632 2308 3723 2347 re-

2135 2395 2354 2467 gionem
2400 2394 2795 2466 perveniamus
2835 2390 3029 2445 altaris
3080 2389 3224 2459 ejus,
3266 2385 3417 2457 quod
3455 2383 3524 2438 ab
3561 2381 3726 2437 initio

2135 2487 2337 2553 fuerat,
2363 2487 2420 2541 id
2443 2494 2530 2541 est
2558 2485 2709 2540 illius
2732 2483 2937 2538 veteris
2959 2489 3018 2537 et
3048 2480 3215 2535 nobis
3240 2477 3426 2533 insita:
3451 2474 3725 2531 sanctita-

2136 2580 2232 2646 tis,
2259 2595 2362 2635 nos
2412 2578 2516 2649 ipsi
2557 2591 2781 2648 quoque
2834 2566 3158 2629 invocamus
3196 2585 3384 2626 rerum
3434 2568 3726 2622 universa-

2133 2689 2261 2730 rum
2318 2673 2515 2737 Deum,
2574 2668 2903 2742 prophetica
2966 2666 3060 2720 illa
3108 2663 3389 2719 dicentes:
3426 2657 3723 2721 «Domine,

2133 2772 2289 2823 extra
2326 2773 2379 2819 te
2425 2763 2597 2819 alium
2640 2776 2754 2816 non
2785 2758 3069 2823 novimus,
3099 2770 3305 2811 nomen
3352 2761 3512 2809 tuum
3564 2749 3725 2805 invo-

2133 2873 2325 2916 camus
2351 2856 2418 2912 “.
2452 2876 2472 2909 ι

2204 2950 2405 3008 PALL.
2429 2946 2846 3021 Elegantissime
2872 2942 3081 3000 dixisti.

2204 3042 2365 3099 CYR.
2396 3042 2457 3097 Id
2487 3050 2673 3096 autem
2701 3052 2814 3094 non
2844 3037 3008 3093 aliter
3031 3051 3091 3091 se
3126 3034 3339 3090 habere
3367 3032 3528 3088 facile
3562 3031 3725 3087 intel-

2134 3134 2293 3206 liges,
2345 3134 2391 3188 si
2442 3148 2565 3204 quae
2601 3131 2732 3185 ﬁliis
2766 3143 2991 3200 quoque
3021 3125 3195 3181 Israel
3232 3124 3348 3179 suis
3385 3122 3729 3193 temporibus

2135 3224 2483 3289 acciderunt,
2521 3222 2819 3293 diligenter
2843 3215 3156 3289 inspexeris
3202 3232 3217 3269 :
3262 3228 3405 3284 quos
3447 3228 3575 3269 cum
3615 3226 3729 3267 cm-

2129 3317 2344 3389 pissent
2372 3313 2639 3386 Egyptii,
2679 3312 2823 3367 fame
2849 3307 3166 3378 compulsos
3217 3305 3287 3360 ab
3322 3305 3504 3370 initio,
3539 3313 3595 3360 et
3620 3304 3727 3357 ho-

2129 3406 2309 3460 mines
2346 3403 2416 3459 ab
2471 3402 2591 3473 ipsa
2639 3401 2917 3471 majorum
2945 3411 3175 3452 suorum
3218 3395 3455 3466 origine,
3482 3410 3514 3449 e
3554 3394 3727 3464 stirpe

2127 3504 2447 3554 sanctorum
2471 3503 2643 3559 ortos,
2671 3503 2727 3550 et
2744 3491 2973 3555 liberos,
2993 3488 3063 3543 ad
3088 3486 3432 3557 inopinatam
3451 3495 3509 3541 et
3536 3485 3727 3541 insue-

2129 3596 2240 3645 tam
2298 3587 2691 3659 subjugassent
2735 3585 3099 3652 servitutem,
3140 3581 3473 3641 immaniter
3516 3577 3730 3632 violen-

2129 3690 2330 3753 terque
2378 3680 2715 3745 tractabant,
2745 3695 2861 3735 suaa
2897 3679 3169 3736 adversus
3210 3677 3334 3733 illos
3379 3669 3729 3729 crudelitatis

2106 3776 2235 3841 hac
2258 3775 2549 3831 occasione
2602 3773 2857 3829 conﬁcta.
2913 3792 2931 3825 ‹
2964 3772 3222 3828 Surrexit
3267 3769 3479 3833 enim,»
3523 3766 3724 3837 inquit,

2137 3884 2272 3923 «rex
2292 3868 2433 3923 alter
2456 3867 2512 3921 in
2540 3865 2796 3938 Egypto,
2828 3865 2925 3937 qui
2950 3881 3064 3920 non
3111 3872 3342 3919 noverat
3371 3860 3598 3931 Ioseph,
3630 3857 3727 3929 qui

2129 3960 2269 4016 dixit
2295 3959 2500 4031 populo
2545 3974 2677 4014 suo:
2711 3958 2854 4014 Ecce
2884 3973 3060 4029 genus
3083 3956 3323 4011 ﬁliorum
3350 3952 3518 4009 Israel
3578 3951 3727 4004 mul-

2130 4061 2368 4115 tumest,
2396 4060 2457 4108 et
2491 4051 2854 4107 multitudine
2908 4051 3055 4105 valet
3094 4063 3262 4118 super
3314 4060 3438 4100 nos.
3503 4042 3723 4106 Venite,

2128 4145 2423 4200 fraudibus
2461 4145 2842 4215 opprimamus
2872 4142 3017 4207 illos,
3042 4157 3113 4196 ne
3159 4140 3301 4193 forte
3350 4135 3725 4204 multiplicen-

2132 4243 2261 4301 tur;
2289 4242 2348 4289 et
2398 4249 2526 4289 cum
2569 4231 2839 4287 acciderit
2880 4230 3045 4286 nobis
3072 4229 3303 4293 bellum,
3354 4226 3726 4297 adjungantur

2129 4324 2297 4380 etiam
2336 4322 2395 4378 hi
2450 4320 2696 4377 inimicis
2738 4319 2981 4385 nostris,
3030 4327 3108 4385 et,
3160 4314 3494 4389 expugnatis
3536 4311 3722 4379 nobis,

2131 4414 2490 4487 egrediantur
2534 4413 2604 4469 de
2644 4421 2790 4469 terra
2821 4412 2888 4467 θ’,
2922 4430 2941 4464 ι
2990 4409 3241 4482 Angebat
3276 4407 3448 4472 enim,
3500 4404 3722 4476 opinor,

2128 4502 2510 4575 Egyptiorum
2538 4510 2702 4557 terra:
2732 4502 3065 4572 principem,
3093 4498 3242 4572 quod
3266 4498 3354 4553 vel
3384 4496 3726 4567 respicerent

414 4598 730 4668 ἀναγκαίου
763 4595 989 4667 δεσμοῦ,
1019 4595 1081 4649 οὐ
1113 4593 1256 4648 κατά
1293 4592 1522 4664 γνώμην
1556 4593 2020 4664 ὑπεζευγμένους.

2131 4595 2428 4666 aliquando
2451 4594 2675 4650 tandem
2698 4593 2767 4649 ad
2790 4593 3131 4659 libertatem,
3189 4591 3228 4646 ii
3260 4589 3356 4660 qui
3405 4586 3726 4643 necessario

421 4712 440 4744 ε
466 4693 582 4747 Καὶ
597 4691 912 4762 ἐπέστησεν
926 4689 1132 4753 αὐτοῖς.
1153 4688 1341 4757 φησὶν,
1370 4686 1670 4750 ἐπιστάτας
1693 4686 1802 4740 τῶν
1822 4685 2023 4758 ἔργων,

418 4784 509 4837 ῖνα
540 4780 882 4836 κακώσωσιν
920 4779 1119 4843 αὐτοὺς
1155 4780 1220 4831 ἐκ
1249 4777 1360 4832 τῶν
1390 4777 1591 4849 ἔργων,
1620 4777 1713 4831 καὶ
1740 4776 2028 4849 ᾠκοδόμη-

2129 4705 2308 4760 eoque
2336 4697 2537 4760 praeter
2563 4686 2884 4759 opinionem
2904 4684 3151 4750 vinculo,
3183 4679 3459 4754 subjugati
3481 4680 3721 4735 fuerant.

2138 4800 2157 4833 σ
2197 4780 2609 4852 Etpraaposuit,
2645 4799 2665 4831 ›
2711 4779 2915 4849 inquit,
2946 4797 2964 4829 ‹
2997 4778 3081 4833 eis
3123 4775 3419 4847 magistros
3464 4788 3721 4843 operum,

417 4892 523 4927 σαν
562 4872 759 4936 πόλεις
785 4869 993 4942 ὀχυρὰς
1036 4868 1116 4943 τῷ
1162 4866 1365 4941 Φαραὼ
1397 4870 1498 4939 τήν
1541 4885 1602 4921 τε
1642 4866 1888 4930 Πειθὼν,
1937 4866 2030 4921 καὶ¹

2131 4880 2192 4927 ut
2218 4872 2525 4942 aflligerent
2554 4886 2652 4925 eos
2669 4869 2938 4941 operibus
2964 4886 2979 4936 ;
3030 4877 3089 4923 et
3116 4866 3529 4923 aediﬁcaverunt
3556 4863 3727 4919 urbes
3840 4876 3849 4890 '

425 4962 743 5036 Ῥαμεσσῆ,
778 4964 872 5016 καὶ
904 4955 1030 5025 τΩν,
1054 4962 1089 5032 ἧ
1123 4961 1274 5014 ἐστιν
1314 4959 1498 5013 Ἡλίου
1541 4958 1715 5023 πόλις.
1759 4978 1777 5010 ι
1812 4959 2030 5031 Καρποὶ

2133 4963 2376 5017 munitas
2405 4962 2703 5029 Pharaoni,
2738 4961 2959 5016 Phitom
3010 4969 3067 5016 et
3105 4960 3419 5021 Ramesses,
3470 4965 3528 5011 et
3576 4955 3721 5021 lion,

413 5055 527 5128 γὰρ
575 5051 725 5127 ἦσαν
781 5054 883 5125 τῆς
909 5054 1186 5124 ἀφορήτου
1220 5052 1552 5120 πλεονεξίας,
1580 5050 1908 5123 τληπάθειαι
1931 5051 2028 5122 μὲν

2134 5070 2258 5125 quae
2282 5061 2367 5110 est
2390 5053 2694 5124 Heliopolis
2728 5054 2766 5107 ⁸.
2788 5072 2806 5105 ι
2832 5052 2941 5125 34
2969 5053 3039 5107 Ili
3067 5066 3306 5121 namque
3332 5049 3548 5103 fructus
3563 5057 3725 5102 erant

413 5145 474 5198 αί
526 5144 808 5214 διηνεκεῖς
848 5142 943 5196 ἐπί
979 5159 1040 5195 τε
1076 5141 1235 5213 πηλῷ
1272 5140 1368 5194 καὶ
1420 5141 1703 5214 πλινθείᾳ,
1739 5142 1926 5204 πόλεις
1970 5141 2027 5195 δέ

2133 5144 2283 5199 illius
2307 5159 2419 5198 non
2458 5143 2674 5200 ferendi
2720 5142 3060 5205 dominatus,
3115 5138 3438 5196 vexationes
3498 5152 3722 5207 nempe,

410 5234 740 5305 περιϐόλοις
774 5232 1158 5305 πυργούμεναι
1184 5272 1199 5297 ,
1233 5231 1461 5286 καὶτῶν
1501 5233 1559 5285 ἐν
1603 5234 1794 5304 ἀγροῖς
1836 5233 2024 5304 χωμά-

2134 5244 2299 5305 atque
2326 5250 2588 5289 aerumnae
2634 5233 2870 5289 assiduae
2908 5231 2965 5286 in
3000 5232 3118 5286 luto
3155 5237 3323 5300 atque
3357 5243 3529 5299 opere
3580 5227 3721 5283 late—

408 5346 526 5381 των
548 5326 829 5398 ἐγέρσεις,
855 5325 1051 5396 ἀμισθὶ
1079 5325 1138 5379 δὲ
1167 5325 1324 5379 ταυτὶ
1343 5325 1440 5379 καὶ
1471 5325 1568 5378 σὺν
1607 5325 1794 5397 ἱδρῶτι
1824 5325 2021 5398 μακρῷ

2131 5327 2270 5391 ritio,
2308 5327 2478 5382 urbes
2524 5341 2749 5397 quoque
2795 5324 3078 5379 moenibus
3118 5339 3183 5378 ac
3221 5322 3472 5377 turribus
3502 5320 3720 5389 cinctae,

408 5422 530 5482 τοῖς
572 5417 803 5471 πονοῦσι
843 5417 1241 5488 διεπεραίνετο.
1284 5416 1423 5470 Ὑπὸ
1462 5420 1622 5488 χεῖρα
1659 5416 1769 5489 γὰρ
1811 5417 2023 5482 ἑλόντες

2131 5425 2177 5472 et
2205 5431 2465 5488 aggerum
2487 5415 2544 5470 in
2560 5416 2710 5487 agris
2737 5413 3162 5470 exstructiones.
3188 5412 3315 5468 Haec
3345 5419 3531 5466 autem
3554 5426 3723 5481 opera

407 5509 514 5581 τὴν
541 5508 762 5562 ἑαυτῶν
792 5510 841 5561 οί
865 5508 1315 5580 κοσμοκράτορες
1342 5508 1437 5561 τοῦ
1466 5508 1664 5570 αἰῶνος
1700 5506 1892 5561 τούτου
1925 5508 2026 5571 τὰς

2131 5509 2246 5564 sine
2280 5509 2388 5564 ulla
2419 5508 2699 5574 mercede,
2746 5508 3048 5577 multisque
3071 5520 3199 5561 cum
3231 5503 3531 5560 sudoribus
3562 5502 3723 5557 labo-

408 5603 614 5667 ἀθλίας
652 5602 767 5655 τῶν
809 5599 1117 5674 ἀνθρώπων
1148 5600 1348 5673 ψυχὰς,
1386 5601 1546 5673 πηλῷ
1586 5601 1681 5656 καὶ
1724 5600 2027 5665 πλινθείαις

2131 5611 2314 5657 rantes
2364 5601 2751 5672 perﬁciebant.
2798 5600 3089 5671 Principes
3111 5599 3267 5655 enim
3318 5597 3508 5654 saeculi
3553 5596 3723 5667 hujus

406 5697 507 5751 καὶ
539 5697 661 5760 τοῖς
695 5695 779 5760 είς
816 5695 922 5767 γῆν
967 5711 1028 5748 τε
1073 5695 1169 5749 καὶ
1210 5695 1340 5766 περὶ
1371 5696 1477 5767 γῆν
1513 5695 1818 5768 δρωμένοις
1860 5696 2030 5765 ἐγκα-

2131 5697 2229 5754 ubi
2251 5696 2356 5751 sub
2385 5695 2659 5753 ditionem
2698 5710 2857 5753 suam
2895 5694 3150 5752 infelices
3178 5693 3396 5752 animos
3432 5690 3719 5749 hominum

477 5879 523 5909 ’⁷
550 5876 697 5933 Gen.
730 5892 784 5943 ι,
819 5875 870 5933 8.
948 5872 1127 5936 “15a.
1156 5893 1314 5946 xxvi,
1352 5877 1436 5932 l3.
1516 5877 1557 5910 θ’
1585 5875 1757 5933 Exod.
1789 5892 1827 5944 ι,
1871 5874 2026 5932 8—10.

2149 5873 2285 5932 ibid.
2338 5874 2427 5931 21.

1716 6074 1749 6119 4
