4096 6446
538 384 670 464 187,

1559 395 1615 452 S.
1658 396 1932 454 CYRILLI
1975 397 2447 460 ALEXANDRINI
2483 404 2804 464 ARCHIEP.

3686 411 3785 467 188

542 512 828 572 ceperint,
883 506 941 562 in
972 506 1090 564 luto
1126 525 1194 565 ac
1239 510 1499 569 lateritiis
1544 515 1827 584 operibus,
1874 517 1964 582 iis,
2021 518 2108 573 in-

2214 522 2556 594 τατρύχουσι,
2609 526 2706 580 καὶ
2748 524 3041 598 πειρασμῷ
3086 524 3307 598 πονηρῷ
3338 544 3398 581 τε
3434 530 3529 584 καὶ
3570 531 3785 604 ἀκερδεῖ

536 608 721 661 quam,
764 611 888 665 qua:
920 597 975 653 in
1005 608 1148 654 terra
1180 610 1236 656 et
1259 601 1405 657 circa
1436 612 1640 660 terram
1672 606 1835 674 ﬁunt,
1862 623 1960 665 eos
1975 624 2110 665 con-

500 744 503 747 λ
538 692 720 741 terunt
744 729 759 753 ,
808 698 864 745 et
905 690 973 745 ad
1006 691 1310 749 laboriosas
1344 694 1682 767 inutilesque
1719 701 2113 770 occupationes

536 775 807 833 distentos
825 790 988 851 atque
1022 782 1310 839 devinctos
1332 783 1626 856 (ejusmodi
1658 804 1892 861 namque
1913 790 2110 847 viden-

538 883 629 920 tur
661 871 842 926 carnis
864 886 1050 940 opera,
1083 881 1139 928 et
1169 889 1290 943 quae
1317 876 1464 930 circa
1506 892 1628 931 eam
1658 877 1817 947 ﬁunt)
1851 879 2108 934 acerbam

534 962 908 1031 aerumnisque
952 964 1211 1022 omnibus
1265 966 1484 1034 plenam
1525 968 1697 1023 vitam
1762 968 1959 1040 degere
2018 986 2111 1026 co-

536 1058 692 1117 gunt,
721 1066 841 1120 quae
867 1052 1075 1107 nullam
1114 1069 1342 1123 prorsus
1377 1056 1469 1121 iis,
1510 1058 1605 1127 qui
1651 1056 2116 1131 hujusmodiope-

539 1147 698 1199 ritus
756 1143 1081 1198 incumbere
1135 1147 1310 1200 coacti
1358 1157 1508 1213 sunt,
1549 1149 1745 1205 aﬂ‘erat
1790 1151 2109 1206 utilitatem.

534 1238 675 1306 Quid
723 1236 872 1292 enim
919 1236 1104 1291 carnis
1149 1252 1319 1306 opera
1364 1254 1430 1293 ac
1475 1240 1609 1296 vitia
1644 1241 1861 1298 miserae
1909 1252 2113 1300 nostrae

534 1331 731 1384 anima:
770 1327 1022 1398 prosint?
1056 1327 1127 1382 Et
1166 1329 1306 1383 lucri
1352 1329 1600 1399 quaedam
1651 1330 1864 1401 species
1894 1332 1962 1388 ad
1994 1333 2114 1389 dia-

534 1421 724 1475 bolum
780 1435 844 1475 ac
882 1420 1156 1475 daemonas
1199 1421 1519 1491 pertinebit,
1570 1429 1628 1477 et
1665 1423 2108 1480 adversariorum

536 1525 706 1580 regno
739 1520 909 1580 parta:
955 1526 1087 1582 opes
1120 1520 1286 1566 erunt
1323 1521 1379 1567 et
1408 1514 1600 1583 gloria,
1646 1515 2109 1583 quemadmodum

534 1603 703 1657 etiam
745 1601 1016 1656 Pharaoni
1053 1601 1241 1671 gloria:
1292 1617 1404 1656 non
1431 1602 1696 1657 mediocri
1740 1602 1864 1669 fuit,
1901 1612 1964 1659 ut
2003 1620 2110 1675 pu-

2216 616 2620 686 προσδήσαντες
2662 616 2884 688 (τοιάδε
2921 618 3031 689 γὰρ
3074 617 3144 672 τά
3178 619 3380 690 σαρκὸς
3415 622 3512 676 καὶ
3548 622 3618 677 τὰ
3658 627 3784 696 περὶ

2213 706 2383 778 αὐτὴν
2404 707 2543 778 ἔργα
2568 709 2819 779 φαίνεται
2848 711 2887 775 ),
2912 709 3117 780 πικρὰν
3138 709 3508 780 ἀναγκάζουσι
3528 714 3621 767 καὶ
3640 732 3785 786 παμ-

2218 796 2490 870 μόχθηρον
2523 800 2718 871 κομιδῇ
2749 800 3139 872 καταδέχεσθαι
3179 802 3345 874 ζωήν,
3376 805 3410 875 ἢ
3443 806 3565 858 κατ’
3597 806 3787 862 οὐδένα

2212 889 2413 958 τρόπον
2451 892 2564 953 τοῖς
2601 891 2942 960 ἐπιτηδεύειν
2991 892 3431 963 ἠναγκασμένοις
3472 895 3696 949 εἰσοίσει
3725 895 3786 951 τὸ

2212 977 2476 1047 ὠφελοῦν.
2508 981 2573 1034 Τί
2602 981 2710 1051 γὰρ
2743 980 2808 1034 ἂν
2850 982 2921 1036 τά
2966 982 3170 1053 σαρκὸς
3212 984 3352 1056 ἔργα
3393 1001 3456 1037 τε
3498 985 3593 1039 καὶ
3642 988 3787 1059 πάθη

2209 1069 2309 1139 τὴν
2349 1070 2539 1126 ἀθλίαν
2586 1072 2744 1142 ἡμῶν
2775 1072 2957 1142 ὀνήσει
2993 1073 3209 1145 ψυχήνς
3264 1075 3470 1143 Κέρδος
3509 1075 3566 1128 δὲ
3600 1074 3787 1149 ὥσπερ

2209 1160 2554 1216 ἀνακείσεται
2601 1161 2733 1233 παρ’
2773 1163 2932 1233 ἡμῶν
2981 1164 3213 1235 διαϐόλῳ
3256 1164 3353 1218 καὶ
3400 1164 3642 1234 δαίμοσι,
3697 1169 3789 1217 καὶ

2207 1250 2311 1319 τῆς
2341 1249 2448 1304 τῶν
2482 1252 2871 1321 ἀντικειμένων
2907 1251 3184 1322 βασιλείας
3225 1252 3456 1317 πλοῦτος
3494 1253 3647 1308 ἔσται
3699 1256 3793 1308 καὶ

2211 1340 2468 1415 καύχημα
2491 1383 2506 1408 ,
2540 1342 2795 1414 καθάπερ
2833 1343 3027 1414 ἀμέλει
3056 1344 3150 1399 καὶ
3179 1344 3258 1414 τῷ
3285 1344 3487 1416 Φαραὼ
3523 1346 3662 1415 πρὸς
3708 1347 3793 1399 εύ-

2213 1430 2398 1496 κλείας
2443 1431 2502 1485 ὃν
2541 1433 2601 1486 ού
2649 1434 2848 1503 μικρᾶς
2901 1431 3039 1504 ᾤετο
3083 1433 3142 1488 τὸ
3176 1434 3569 1503 ἀναδείμασθαι
3611 1435 3794 1497 πόλεις

2214 1519 2362 1590 αὐτῷ
2377 1520 2504 1583 τοὺς
2521 1520 2582 1586 ἐξ
2616 1518 2833 1592 Ἰσραὴλ
2857 1521 3006 1575 ἀσιτί
3036 1538 3097 1575 τε
3123 1522 3217 1579 καί
3241 1522 3436 1593 ἀμισθὶ
3472 1523 3607 1594 πρὸς
3637 1524 3795 1577 τοῦτο

2214 1608 2371 1680 ἥκειν
2390 1611 2861 1681 ἠναγκασμένους.

536 1692 708 1757 tabat,
751 1692 919 1747 urbes
980 1692 1087 1747 sibi
1141 1707 1262 1747 esse
1286 1707 1319 1746 a
1352 1691 1481 1748 ﬁliis
1523 1692 1687 1749 Israel
1733 1700 2064 1763 exstructas,
2117 1712 2297 1771 neque
2332 1701 2458 1757 cibo
2497 1703 2613 1758 ullo
2649 1703 2905 1775 prmbito,
2943 1718 3124 1774 neque
3161 1703 3438 1771 mercede,
3475 1720 3603 1760 eum
3638 1705 3796 1761 labo-

537 1798 653 1839 rem
684 1783 965 1854 suscipere
1012 1784 1235 1839 coactis.

605 1878 805 1935 PALL.
856 1878 948 1936 Sic
1001 1893 1061 1935 se
1094 1895 1186 1934 res
1220 1879 1407 1935 habet.
1456 1879 1555 1935 Est
1584 1895 1825 1951 namque
1869 1887 1965 1937 tua
2003 1881 2104 1937 ad-

2276 1884 2487 1940 ΠΑΛΛ.
2516 1876 2646 1938 Ὧδε
2675 1884 2811 1957 ἔχει.
2849 1883 2960 1940 Καὶ
2986 1883 3096 1956 γάρ
3119 1901 3199 1939 τοι
3229 1884 3349 1939 λίαν
3380 1886 3527 1941 ἐστὶν
3555 1886 3796 1957 ἐναργὴς

538 1969 767 2025 modum
809 1969 1039 2025 evidens
1068 1970 1265 2025 oratio.

603 2061 762 2117 GYR.
801 2061 1127 2118 Nostrorum
1152 2061 1321 2133 igitur
1343 2060 1400 2117 in
1433 2062 1597 2117 terris
1634 2062 1879 2118 inanium
1908 2071 1963 2119 et
1988 2077 2117 2133 pro-

542 2150 799 2207 fanorum
814 2151 1143 2217 studiorum,
1178 2151 1410 2206 formam
1444 2152 1852 2222 quodammodo
1880 2162 1938 2208 et
1975 2153 2115 2210 ima-

534 2240 717 2310 ginem
735 2240 896 2295 nobis
929 2241 1307 2297 Israelitarum
1344 2241 1502 2301 labor
1541 2241 1810 2312 depingit,
1854 2257 1977 2297 cum
2025 2242 2113 2297 in-

531 2338 641 2386 stet
671 2340 838 2401 atque
864 2332 1151 2387 immineat
1189 2330 1440 2395 Satanas,
1480 2332 1708 2402 ejusque
1748 2333 1980 2389 comites
2014 2348 2114 2387 ne—

532 2423 812 2493 quissima:
836 2429 1155 2493 potestates,
1191 2436 1331 2497 quos
1366 2431 1685 2476 exactorum
1738 2437 1970 2491 operum
2015 2436 2117 2477 no-

533 2512 680 2567 mine
709 2512 997 2583 Scriptura
1032 2511 1220 2569 divina
1254 2512 1542 2582 signiﬁcat.
1584 2512 1712 2569 Haec
1744 2529 1878 2568 vero
1927 2513 2113 2568 studia

529 2618 897 2660 acrumnosam
923 2604 1310 2659 distentionem
1332 2613 1498 2673 atque
1527 2603 1941 2674 occupationem
1962 2603 2117 2674 equi-

531 2694 659 2749 dem
689 2696 946 2761 dixerim,
969 2695 1190 2750 sudoris
1238 2710 1303 2750 ac
1336 2695 1542 2750 laboris
1572 2697 1812 2767 plenam,
1848 2711 1913 2751 ac
1958 2696 2117 2751 velut

529 2786 649 2841 luto
700 2788 941 2857 quodam
999 2788 1338 2858 impuritatis
1409 2803 1753 2858 cmnosaeque
1813 2788 2116 2858 voluptatis

530 2878 825 2947 oppletum.
860 2878 968 2934 Sed
1017 2879 1313 2934 miseratus
1379 2887 1465 2935 est
1525 2888 1641 2933 tum
1706 2894 1927 2950 quoque
1967 2880 2115 2935 Deus

529 2984 646 3035 eos,
685 2970 780 3039 qui
812 2986 911 3040 per
944 2985 1213 3026 summam
1255 2971 1591 3041 impietatem
1626 2979 1792 3042 atque
1846 2971 2111 3029 immani-

533 3064 698 3113 tatem
739 3060 931 3129 iniquo
981 3058 1365 3130 Egyptiorum
1417 3059 1700 3115 dominatu
1743 3058 2109 3123 vexabantur,

530 3146 707 3218 iisque
740 3157 941 3219 praeter
975 3165 1139 3219 omne
1181 3150 1274 3220 jus
1315 3149 1508 3221 fasque
1540 3150 1885 3207 serviebant.
1954 3149 2116 3205 Illico

2215 1976 2245 2029 ὁ
2273 1974 2451 2045 λόγος.

2285 2067 2450 2122 ΚΥΡ.
2501 2066 2873 2121 Ἀνατύπωσιν
2904 2067 2970 2139 δὴ
3002 2063 3096 2121 οὖν
3116 2054 3223 2122 ’καὶ
3252 2066 3414 2121 οἱονεί
3459 2084 3577 2132 πως
3611 2068 3798 2122 εἰκόνα

2216 2158 2364 2228 σαφῆ
2393 2157 2501 2212 τῶν
2535 2159 2760 2214 είκαίων
2787 2176 2848 2213 τε
2876 2160 2972 2214 καὶ
3002 2160 3235 2232 ἀνιέρων
3269 2158 3345 2230 (1)
3380 2158 3473 2212 ἐπὶ
3501 2159 3604 2230 γῆς
3641 2159 3803 2229 ἡμῶν

2214 2250 2645 2321 σπουδασμάτων
2672 2251 2701 2305 ὁ
2728 2250 2837 2306 τῶν
2887 2251 3234 2323 Ἰσραηλιτῶν
3264 2252 3571 2322 ἀναγράφει
3611 2251 3800 2315 πόνος,

2214 2339 2533 2411 ἐγκειμένου
2583 2357 2645 2393 τε
2688 2340 2783 2395 καὶ
2825 2340 3258 2410 ἐπιθρώσκοντος
3286 2338 3453 2393 αὑτοῦ
3482 2357 3542 2393 τε
3578 2338 3678 2393 τοῦ
3704 2340 3807 2392 Σα-

2211 2432 2370 2497 τανᾶ,
2415 2430 2513 2485 καὶ
2555 2429 2665 2483 τῶν
2713 2431 2810 2485 σὺν
2848 2430 2997 2501 αὐτῴ
3044 2429 3327 2501 δυνάμεων
3382 2426 3661 2500 πονηρῶν,
3711 2427 3805 2490 οὓς

2213 2524 2325 2585 τοῖς
2374 2521 2481 2575 τῶν
2534 2521 2914 2593 ἐργοδιωκτῶν
2956 2520 3218 2592 ὀνόμασιν
3277 2522 3311 2591 ή
3361 2518 3483 2573 θεία
3540 2519 3803 2589 σημαίνει

2212 2613 2403 2685 Γραφή
2420 2630 2435 2645 ·
2465 2614 2557 2666 τὸν
2587 2614 2821 2684 πονηρὸν
2843 2614 2900 2667 δέ
2928 2612 3312 2684 περισπασμὸν
3334 2612 3504 2682 φαίην
3528 2610 3595 2665 ἂν
3621 2610 3807 2678 ἔγωγε

2211 2704 2390 2768 ταυτὶ,
2420 2702 2614 2773 μεστὸν
2643 2702 2742 2774 μὲν
2774 2702 2998 2773 ἱδρῶτος
3028 2703 3124 2757 καὶ
3155 2702 3341 2767 πόνου,
3370 2700 3810 2771 ἀναπεπλησμέ-

2213 2813 2304 2851 νον
2330 2796 2386 2849 δὲ
2412 2797 2600 2869 ὥσπερ
2631 2796 2804 2867 πηλοῦ
2839 2796 2931 2850 καλ⁹
2966 2794 3309 2867 ἀκαθαρσίας
3328 2835 3344 2860 ,
3378 2795 3473 2848 καὶ
3520 2792 3807 2864 βορϐορώ-

2211 2889 2335 2953 δους
2359 2889 2574 2961 ἡδονῆς.
2621 2889 2757 2942 Ἀλλ’
2791 2888 2942 2959 ἠλέει
2975 2890 3069 2942 καὶ
3100 2888 3221 2943 τότε
3249 2887 3383 2950 Θεὸς
3412 2886 3538 2949 τοὺς
3572 2886 3811 2939 ἀνοσιώ-

2211 2982 2351 3037 τατά
2377 2999 2439 3036 τε
2471 2982 2566 3037 καὶ
2605 2979 2923 3051 ἀγριώτατα
2962 2981 3081 3043 ταῖς
3122 2978 3230 3035 τῶν
3268 2977 3581 3047 Αἰγυπτίων
3615 2976 3811 3029 πλεον-

2212 3074 2384 3139 εξίαις
2416 3076 2875 3148 κατῃκισμένους,
2899 3074 2995 3128 καὶ
3037 3072 3168 3144 παρ’
3202 3070 3335 3125 αὐτὸ
3371 3069 3432 3123 τὸ
3464 3068 3641 3140 χρεὼν
3684 3069 3811 3122 bou-

2212 3164 2487 3228 λεύοντας.
2524 3163 2826 3233 ’Υπουργδν
2854 3163 2968 3234 γὰρ
2992 3162 3093 3231 τῆς
3120 3162 3200 3223 εἰς
3220 3160 3420 3223 αὖτοὺς
3440 3158 3811 3230 ἡμερότητος,

531 3256 768 3311 namque
802 3257 913 3297 sua:
945 3258 1077 3312 erga
1135 3242 1260 3297 illos
1308 3241 1667 3312 benignitatis
1716 3239 2104 3299 administrum

2214 3256 2301 3310 τὸν
2329 3257 2661 3326 πανάριστον
2688 3257 2851 3319 εὐθὺς
2889 3257 3125 3309 ἐποιεῖτο
3155 3254 3382 3309 Μωσέα.
3418 3253 3491 3307 Ἣ
3531 3250 3643 3321 γὰρ
3690 3250 3815 3321 οὐχὶ

529 3330 753 3400 Moysen
812 3330 1086 3401 optimum
1144 3331 1330 3386 virum
1386 3331 1572 3401 elegit.
1605 3330 1793 3397 Quid?
1844 3345 1954 3384 non
2006 3329 2114 3383 hoc

530 3422 712 3493 ipsum
747 3421 1120 3490 comperimus
1174 3423 1345 3477 Deum
1384 3436 1515 3492 erga
1553 3437 1655 3476 nos
1692 3420 1914 3476 facere?
1943 3419 2114 3475 Nobis

529 3510 678 3565 enim
707 3509 764 3563 in
789 3518 1014 3578 peccata
1044 3510 1213 3579 lapsis
1244 3509 1690 3565 misericordiam
1726 3509 2000 3578 impertit,
2034 3514 2114 3561 at-

531 3617 640 3672 quc
662 3602 718 3654 in
737 3600 983 3653 omnium
1024 3600 1286 3656 cordibus
1308 3601 1458 3655 illico
1489 3616 1644 3657 suam
1682 3600 1861 3671 legem
1893 3599 2110 3663 inserit,

532 3708 655 3761 quae
687 3693 840 3747 velut
877 3693 1149 3749 mediator
1180 3692 1407 3764 quidam
1445 3692 1513 3748 ad
1543 3693 1775 3747 liberam
1816 3707 1920 3748 nos
1951 3700 2112 3748 ret'o-

532 3792 620 3841 cet
647 3786 836 3841 vitam.

605 3874 802 3930 PALL.
834 3875 1084 3948 Intelligo
1117 3874 1265 3946 quod
1299 3874 1460 3930 dicis.

599 3965 759 4021 CYR.
826 3967 996 4023 Visne
1036 3967 1227 4038 igitur,
1283 3965 1390 4036 35
1436 3972 1519 4031 ut,
1580 3963 1817 4021 historia
1864 3962 2111 4019 breviter

531 4058 950 4128 comprehensa,
986 4058 1169 4129 quoad
1204 4057 1326 4113 ﬁeri
1371 4056 1598 4129 poterit,
1635 4055 1998 4129 congruentia
2024 4055 2112 4111 di-

531 4165 723 4205 camus
742 4150 765 4203 ?

604 4239 803 4295 PALL.
822 4239 1055 4295 Maxime
1082 4256 1238 4296 vero.

599 4330 761 4386 CYR.
830 4329 921 4384 Sic
956 4330 1125 4401 igitur
1163 4330 1430 4401 scriptum
1454 4339 1577 4387 est:
1622 4329 1790 4386 «Post
1846 4329 1964 4384 haec
2024 4325 2113 4380 in-

531 4439 756 4495 gressus
779 4433 863 4479 est
888 4424 1102 4496 Moyses
1133 4434 1190 4479 et
1216 4425 1398 4481 Aaron
1420 4427 1487 4483 ad
1523 4426 1904 4489 Pharaonem;
1930 4430 1987 4477 et
2022 4421 2110 4475 di-

2195 3347 2308 3414 ,καὶ
2332 3348 2411 3408 εἰς
2438 3347 2586 3417 ἡμᾶς
2620 3347 2816 3411 αὐτοὺς
2847 3344 3005 3400 τοῦτο
3043 3343 3258 3416 δρῶντα
3291 3342 3421 3396 Θεὸν
3455 3342 3811 3413 εὐρήσομεν;

2214 3437 2607 3506 Διωλισθηκόσι
2635 3437 2745 3509 γὰρ
2778 3440 2908 3508 ἡμῖν
2934 3440 3014 3502 είς
3049 3438 3344 3510 ἁμαρτίας,
3370 3436 3660 3508 χαρίζεται
3709 3437 3813 3509 μὲι

2214 3525 2304 3579 τὸν
2333 3525 2501 3593 ἔλεον,
2537 3528 2768 3598 μεσίτην
2794 3527 2850 3581 δὲ
2882 3526 3072 3600 ῶσπερ
3109 3528 3244 3600 πρὸς
3278 3528 3571 3599 ἐλευθέραν
3595 3528 3815 3597 ἀναφέ-

2216 3634 2380 3689 ροντα
2423 3617 2568 3689 ζωὴν
2618 3620 2676 3671 ἐν
2714 3620 2833 3683 ταῖς
2869 3617 3125 3674 ἁπάντων
3173 3618 3423 3690 καρδίαις
3466 3618 3558 3675 τὸν
3602 3620 3817 3675 οἰκεῖον

2214 3709 2376 3771 εὐθὺς
2417 3709 2592 3780 ἐνίησι
2623 3709 2808 3780 νόμον.

2285 3879 2497 3936 ΠΑΛΛ.
2520 3881 2752 3954 Συνίημι
2773 3881 2801 3935 ὃ
2821 3881 2948 3953 φής.

2284 3973 2447 4027 ΚΥΡ.
2479 3973 2667 4028 Βούλει
2690 3974 2756 4044 δὴ
2790 3970 2905 4039 οὖν,
2941 3973 3002 4027 τὸ
3036 3972 3238 4040 πλάτος
3264 3976 3365 4046 τῆς
3400 3973 3643 4046 ἱστορίας
3678 3976 3814 4028 ἐπι-

2212 4064 2489 4135 τεμόντες,
2520 4065 2596 4129 ὡς
2623 4064 2702 4119 ἐνι
2724 4064 2793 4118 τὰ
2818 4065 3005 4120 εἰκότα
3033 4056 3315 4137 λέγωμεν;

2283 4237 2493 4291 ΠΑΛΛ.
2526 4237 2639 4293 Καὶ
2671 4238 2837 4308 μάλα.

2282 4323 2809 4402 ΚΥΡ.⁶Γέγραπται
2838 4333 3018 4388 τοίνυν
3061 4333 3194 4388 ὡδί*
3232 4353 3251 4387 ι
3302 4332 3412 4389 Καὶ
3455 4333 3591 4406 μετὰ
3628 4333 3818 4389 ταῦτα

2211 4422 2429 4493 εἰσῆλθε
2461 4424 2664 4501 Μωσῆς
2701 4426 2795 4479 καὶ
2836 4426 3047 4497 Ἀαρὼν
3081 4426 3218 4497 πρὸς
3248 4426 3447 4498 Φαραὼ
3466 4464 3481 4489 ,
3523 4426 3619 4481 καὶ
3649 4422 3818 4480 εἶπον

532 4525 734 4572 xerunt
756 4517 807 4572 ei
834 4534 847 4570 :
879 4517 1007 4573 Haec
1034 4518 1450 4574 dicitDominus
1469 4518 1617 4573 Deus
1645 4515 1813 4571 Israel
1839 4531 1852 4569 :
1886 4513 2111 4568 Dimitte

2214 4513 2382 4585 αὐτῷ’
2422 4515 2562 4568 Τάδε
2589 4514 2742 4583 λέγει
2783 4515 2989 4588 Κύριος
3028 4519 3056 4572 ὁ
3090 4517 3223 4581 Θεὸς
3281 4517 3527 4589 Ἰσραήλ·
3576 4517 3832 4584 Ἑξαπύ-

531 4609 796 4678 populum
836 4624 1041 4672 meum,
1071 4617 1133 4663 ut
1167 4609 1303 4663 mihi
1346 4609 1547 4663 festum
1599 4607 1884 4664 celebrent
1914 4605 1973 4661 in
2009 4604 2110 4659 de-

530 4707 700 4755 serto.
733 4700 802 4753 Et
832 4699 971 4753 dixit
997 4700 1244 4755 Pharao:
1274 4698 1409 4765 Quis
1431 4706 1536 4762 est,
1562 4706 1625 4751 ut
1658 4697 1878 4752 audiam
1918 4711 2111 4752 vocem

530 4787 672 4857 ejus,
717 4795 776 4841 ut
825 4787 1103 4841 dimittam
1142 4786 1286 4842 ﬁlios
1337 4786 1544 4841 Israel?
1576 4786 1697 4840 Non
1743 4785 1871 4839 novi
1921 4784 2113 4839 Domi-

532 4893 686 4942 num,
713 4888 768 4934 et
798 4879 965 4933 Israel
1002 4894 1113 4934 non
1161 4877 1433 4933 dimittam
1461 4877 1503 4928 '.
1543 4894 1562 4926 ι
1605 4875 1816 4947 Moyses
1863 4875 2011 4931 enim
2065 4882 2123 4931 et

532 4968 712 5026 Aaron
745 4986 813 5025 ex
836 4969 1213 5041 {Egyptiorum
1237 4969 1459 5039 regione
1500 4982 1566 5023 ac
1595 4976 1739 5023 terra
1773 4967 1975 5022 dimitti
2013 4967 2110 5023 de-

533 5062 662 5118 bere
710 5063 973 5133 populum
1028 5061 1197 5116 lsrael
1255 5058 1675 5125 conﬁrmabant,
1732 5060 1845 5115 Deo
1894 5059 1964 5114 ad
2026 5058 2112 5114 fe-

533 5162 677 5209 stum
734 5154 1005 5225 agendum
1061 5159 1347 5206 evocante.
1430 5151 1653 5206 Festum
1724 5152 1873 5208 enim
1923 5166 2117 5209 revera

532 5253 616 5297 est
665 5253 870 5298 coacta:
923 5241 1209 5297 servitutis
1264 5256 1295 5294 a
1361 5255 1420 5296 se
1470 5241 1662 5313 jugum
1706 5250 1985 5306 excutere,
2058 5251 2116 5298 et

535 5336 591 5390 in
665 5334 763 5390 Dei
823 5350 945 5391 esse
1024 5342 1292 5402 prmterea
1361 5341 1667 5404 potestate,
1733 5350 1967 5405 quaeque
2035 5335 2115 5390 illi

533 5438 690 5500 grata
775 5435 906 5480 sunt
994 5426 1262 5496 exsequi,
1322 5427 1544 5482 nemine
1633 5426 1934 5483 obsistente
1966 5468 1981 5493 ,
2056 5429 2113 5484 id

536 5530 636 5584 est,
678 5517 899 5573 nemine
934 5527 1164 5587 cogente
1227 5518 1293 5573 ad
1328 5518 1383 5572 id
1424 5518 1844 5588 suscipiendum
1881 5526 1938 5574 et
1989 5534 2111 5575 am-

605 5651 819 5708 ‘Exod.
847 5667 900 5716 ν,
938 5651 990 5718 l,
1041 5651 1097 5705 2.

611 5767 688 5835 (ι)
724 5764 813 5822 Sic
838 5768 960 5824 cod.
989 5769 1110 5825 Vat.
1135 5769 1271 5827 Cod.
1308 5772 1516 5841 Sirleti,
1549 5773 1809 5844 ἀνιαρῶν,
1844 5770 2202 5827 molestorum.

2217 4605 2425 4659 στειλον
2470 4606 2563 4660 τὸν
2612 4606 2740 4660 λαόν
2792 4624 2916 4678 μου,
2969 4608 3055 4663 ἵνα
3108 4626 3198 4681 μοι
3238 4608 3570 4680 ἐορτὰσωσιν
3622 4609 3684 4662 ἐν
3742 4612 3819 4681 τῇ

2212 4697 2425 4769 ἐρήμῳ.
2462 4697 2575 4751 Καὶ
2603 4693 2725 4751 εἷπε
2750 4697 2970 4769 Φαραώ·
3002 4700 3096 4762 Τίς
3126 4701 3294 4761 ἐστιν,
3323 4692 3384 4753 οὗ
3412 4697 3819 4769 εἰσακούσομαι

2212 4786 2312 4856 τῆς
2351 4785 2536 4855 φωνῆς
2588 4785 2789 4849 αὐτοῦ,
2839 4786 2980 4840 ὥστε
3038 4787 3420 4854 ἐξαποστεῖλαι
3473 4787 3599 4850 τοὺς
3651 4789 3819 4851 υἱοὺς

2228 4879 2479 4950 ἰσραήλ;
2513 4878 2628 4932 Ούκ
2654 4875 2772 4933 οἶδα
2804 4880 2897 4933 τὸν
2928 4879 3152 4950 Κύριον,
3184 4880 3277 4935 καὶ
3314 4880 3406 4934 τὸν
3457 4878 3677 4949 Ἰσραὴλ
3706 4880 3827 4933 οὐκ

2216 4964 2579 5032 ἐξαποστελῶ.
2635 4985 2655 5019 ι
2709 4968 2773 5022 Οἱ
2829 4968 2928 5037 μὲν
2977 4968 3085 5040 γὰρ
3142 4970 3287 5040 ἀμφὶ
3342 4968 3546 5023 Μωσὲα
3589 4984 3649 5021 τε
3711 4969 3820 5023 καὶ

2230 5059 2460 5133 Ἀαρὼν,
2490 5061 2590 5129 τῆς
2622 5061 2937 5128 Αἰγυπτίων
2969 5060 3153 5133 χώρας
3187 5078 3248 5115 τε
3279 5060 3375 5115 καὶ
3411 5061 3515 5132 γῆς
3555 5061 3819 5115 ἀνεῖσθαι

2213 5149 2322 5203 δεῖν
2349 5149 2746 5204 διεϐεϐαιοῦντο
2787 5151 2879 5204 τὸν
2926 5151 3176 5224 Ἰσραὴλ,
3205 5151 3340 5205 Θεοῦ
3385 5153 3680 5215 καλοῦντος
3727 5155 3818 5216 εἰς

2213 5243 2427 5314 ἑορτήν·
2471 5243 2633 5313 ἑορτὴ
2665 5243 2772 5314 γὰρ
2799 5243 2968 5308 ὅντως
2999 5244 3208 5316 ἀληθὴς
3228 5245 3320 5299 τὸν
3346 5246 3445 5315 τῆς
3472 5244 3819 5316 ἁνεθελήτου

2210 5334 2455 5397 δουλείας
2482 5333 2856 5388 ἀπολύσασθαι
2897 5334 3082 5406 ζυγὸν,
3115 5337 3211 5390 καὶ
3240 5337 3348 5391 ὑπὸ
3385 5336 3506 5408 Θεῷ
3540 5335 3820 5404 γενέσθαι

2210 5425 2417 5489 λοιπὸν,
2456 5425 2550 5478 καὶ
2589 5425 2659 5479 τὰ
2687 5425 2835 5497 αὐτῴ
2863 5427 3083 5500 θυμήρη
3115 5428 3377 5500 πληροῦν,
3410 5427 3821 5495 ἁντεξάγοντος

2210 5518 2444 5583 οὐδενὸς,
2484 5517 2651 5588 ἤγουν
2687 5517 2753 5571 τὸ
2788 5519 2936 5592 αύτῷ
2980 5519 3173 5577 δοκοῦν
3222 5518 3544 5576 ἀνθελέσθαι
3595 5535 3654 5571 τε
3709 5517 3818 5570 καὶ
