4096 6428
294 366 401 426 189

1054 376 1146 433 DE
1183 374 1634 436 ADORATIONE
1670 379 1740 437 ΙΝ
1774 379 2053 441 SPIRITU
2095 386 2185 440 ET
2227 388 2599 446 VERITATE.
2640 391 2772 447 LIB.
2816 392 2857 447 Ι.

3507 391 3613 448 196

295 486 522 580 ἀγαπᾷν
551 474 984 556 ἀναγκάζοντος.
1028 492 1463 564 ’Λθυρογλωττεῖ
1500 495 1555 549 δὲ
1589 496 1711 553 λίαν
1743 499 1772 552 ὁ
1803 499 1895 554 Φα-

2015 508 2394 578 plectendum,
2438 509 2588 580 quod
2621 509 2730 564 sibi
2769 509 3048 566 videatur.
3087 507 3363 567 Caeterum
3393 510 3609 567 Pharao

239 642 247 652 δ
290 576 427 647 ραὼ,
462 580 561 632 καὶ
610 579 707 651 τῆς
731 580 830 633 τοῦ
858 580 995 635 Θεοῦ
1025 581 1187 655 δόξης
1214 585 1726 658 καταθρασύνεται,
1762 592 1901 661 μήτε

284 671 376 722 τὸν
402 669 617 740 Κύριον
646 673 798 737 ὅστις
828 674 962 728 ποτέ
988 676 1135 730 ἐστιν
1167 678 1367 732 εἰδέναι
1392 679 1590 749 λέγων,
1621 683 1759 752 μήτε
1793 682 1903 754 μὴν

283 761 511 832 ἀνήσειν
534 763 627 816 τὸν
669 764 913 836 Ἰσραήλ.
946 767 1266 839 Καταλήγει
1293 770 1349 823 δὲ
1372 772 1625 844 οὐδαμῶς
1645 777 1673 827 ὁ
1700 773 1901 829 θεσπέ-

284 867 397 913 σιος
434 852 672 923 Μωσῆς,
719 855 1193 928 ἀποπεραίνεσθαι
1227 860 1284 913 δὲ
1314 861 1423 915 δεῖν
1449 865 1511 917 τὸ
1553 864 1631 935 τῷ
1662 865 1782 938 Θεῷ
1813 868 1901 921 δο-

278 942 411 997 κοῦν
441 939 509 997 εὖ
540 945 689 1016 μάλα
714 947 1134 1020 διισχυρίζεται.
1166 953 1638 1025 Παραποδίζοντος
1671 958 1781 1031 γὰρ
1823 963 1903 1025 είς

275 1033 608 1107 ἐλευθερίαν
644 1037 787 1093 ἰέναι
820 1040 915 1093 τοῦ
942 1043 1177 1106 Σατανᾶ,
1212 1046 1340 1110 τοὺς
1369 1048 1532 1120 οἵπερ
1564 1048 1631 1103 ἂν
1663 1047 1773 1107 εἶεν
1809 1053 1902 1105 ὑπ’

275 1127 431 1198 αὐτῷ
478 1131 775 1198 γεγονότες
813 1137 1274 1206 κατανδρίζεσθαι
1313 1140 1452 1212 χρὴ,
1509 1144 1602 1196 καὶ⁴
1642 1144 1902 1215 ἀμείνους

273 1218 540 1288 γίνεσθαι
565 1223 772 1287 παντὸς
803 1225 927 1296 μὲν,
960 1226 1140 1298 οἶμαι,
1161 1229 1285 1301 δίχα
1316 1233 1664 1306 κωλύματος,
1699 1237 1902 1307 ἥκιστα

271 1314 464 1385 γεμὴν
512 1314 750 1386 ὁρᾶσθαι
810 1317 1044 1385 δειλοὺς,
1105 1322 1221 1376 ἀλλ’
1262 1326 1549 1393 ἐγκεῖσθαι
1599 1327 1899 1396 λέγοντας

273 1419 296 1453 ι
340 1403 414 1457 '0
443 1403 584 1467 Θεὸς
606 1404 719 1459 τῶν
756 1406 1029 1479 Ἑϐραίων
1054 1414 1464 1486 προσκέκληται
1489 1418 1660 1487 ἡμᾶς.
1690 1419 1902 1490 Πορευ-

271 1495 495 1564 σόμεθα
526 1492 621 1550 οὖν
647 1498 766 1553 ὁδὸν
794 1501 964 1572 τριῶν
987 1505 1216 1576 ἡμερῶν
1243 1508 1324 1571 εἰς
1350 1509 1448 1579 τὴν
1479 1510 1690 1582 ἔρημον
1707 1554 1721 1577 ,
1752 1513 1902 1575 ὅπως

269 1586 548 1659 θύσωμεν
590 1591 670 1662 τῷ
710 1591 1064 1665 Θεῷηὴμῶν,
1112 1599 1189 1670 μή
1240 1616 1370 1653 ποτε
1406 1606 1720 1676 συναντήσῃ
1769 1606 1902 1676 ἡμῖν

268 1681 519 1746 θάνατος
551 1683 586 1755 ἢ
618 1684 803 1754 φόνος.
846 1706 865 1738 ι
903 1688 1076 1741 Ταυτὶ
1102 1690 1212 1763 γὰρ
1239 1694 1370 1763 ἡμῖν
1399 1696 1493 1748 καὶ
1528 1697 1556 1748 ὁ
1586 1696 1749 1766 σοφὸς
1779 1698 1902 1750 τότε

265 1773 639 1846 δεκεκράγει
660 1774 892 1849 Μωσῆς.
923 1781 999 1833 Οὐ
1023 1781 1133 1853 γὰρ
1153 1783 1218 1854 δὴ
1243 1784 1368 1838 καθ’
1394 1788 1714 1860 ὁμοιότητα,
1740 1790 1898 1860 φησὶ,

2006 597 2181 653 nimia
2218 599 2419 669 lingua:
2451 598 2674 655 licentia
2711 600 2910 667 utitur,
2939 608 2996 656 et
3034 600 3304 657 adversus
3337 601 3436 657 Dei
3485 603 3607 674 glo-

2005 693 2146 748 riam
2194 692 2389 747 audaci
2428 694 2742 751 temeritate
2781 694 2983 760 fertur,
3023 710 3089 752 ac
3126 695 3444 761 Dominum,
3478 697 3575 767 qui

2004 804 2134 844 nam
2174 788 2268 843 ille
2300 787 2391 852 sit,
2431 803 2489 842 se
2509 804 2673 843 nosse
2695 798 2882 859 negat,
2927 806 3031 844 nec
3064 791 3496 847 commissurum
3520 806 3604 857 se,

2009 893 2068 937 ut
2096 880 2265 937 Israel
2290 880 2557 935 dimittat.
2592 879 2697 935 Sed
2729 882 2924 938 beatus
2958 883 3169 955 Moyses
3220 884 3451 939 minime
3501 883 3603 937 de-

2004 974 2171 1038 sistit,
2206 973 2414 1043 Deique
2448 974 2790 1028 voluntatem
2816 974 3009 1045 perﬁci
3039 984 3299 1045 oportere
3331 975 3602 1030 audacter

2005 1066 2316 1123 conﬁrmat.
2348 1066 2488 1120 Nam
2540 1065 2744 1120 Satana
2775 1081 2893 1129 eos,
2932 1068 3029 1135 qui
3078 1068 3132 1121 in
3188 1082 3288 1123 sua
3327 1076 3602 1139 potestate

2005 1158 2137 1224 sint,
2181 1158 2538 1230 impediente,
2572 1175 2644 1212 ne
2683 1158 2751 1212 ad
2788 1158 3104 1213 libertatem
3162 1161 3601 1232 recuperandam

2005 1250 2259 1316 tendant,
2302 1251 2615 1305 curandum
2648 1251 2760 1305 illis
2800 1260 2907 1316 est,
2952 1261 3014 1307 ut
3040 1253 3279 1307 viriliter
3307 1265 3493 1325 agant,
3544 1263 3604 1310 et

2004 1342 2190 1398 omnia
2216 1341 2613 1411 impedimenta
2641 1343 2888 1407 vincant,
2920 1343 3258 1414 minimeque
3304 1346 3481 1400 timidi
3516 1346 3602 1400 vi-

2004 1434 2262 1500 deantur,
2304 1434 2440 1504 quin
2502 1434 2691 1505 potius
2754 1435 2965 1491 instent
3029 1436 3332 1491 dicentes:
3397 1458 3415 1488 ε
3456 1438 3605 1491 Deus

2004 1531 2365 1587 Hebraiorum
2394 1530 2614 1587 vocavit
2641 1546 2764 1587 nos.
2797 1531 3008 1585 Ibimus
3039 1530 3209 1600 igitur
3238 1531 3380 1585 viam
3432 1531 3602 1585 trium

2004 1625 2220 1681 dierum
2246 1627 2305 1681 in
2344 1626 2651 1692 desertum,
2693 1634 2756 1679 nt
2782 1606 3174 1681 sacriﬁcemus
3231 1627 3343 1681 Deo
3385 1635 3598 1690 nostro,

2002 1734 2073 1773 ne
2121 1718 2265 1774 forte
2298 1727 2560 1773 occurrat
2598 1718 2762 1773 nobis
2798 1734 2951 1773 mors
2983 1725 3080 1773 aut
3112 1717 3293 1773 caedes
3322 1716 3386 1770 ³⁸.
3425 1736 3442 1767 ι
3474 1716 3602 1771 Haec

2003 1812 2153 1867 enim
2179 1811 2351 1867 verba
2380 1810 2545 1865 nobis
2574 1826 2795 1882 quoque
2832 1819 2961 1866 tunc
3001 1811 3224 1885 sapiens
3248 1810 3333 1865 vir
3387 1810 3604 1881 Moyses

430 1870 576 1971 πρὸς
628 1872 798 1971 ύμᾶς,
851 1867 900 1927 ὦ
953 1873 1279 1944 Αἰγύπτιοι,
1342 1878 1542 1950 μόσχος
1593 1882 1728 1952 ἡμῖν
1784 1884 1895 1947 τοῖς

2003 1919 2116 1958 non
2145 1902 2263 1958 sine
2287 1902 2443 1957 vocis
2477 1903 2838 1958 contentione
2887 1902 3130 1957 dicebat.
3170 1902 3363 1971 Neque
3425 1902 3599 1965 enim,

276 1960 571 2033 Ἑϐραίοις
607 1963 672 2016 τὸ
708 1964 898 2031 σέϐας,
940 1966 1057 2020 ἀλλ’
1092 1969 1216 2023 οὐδὲ
1253 1970 1371 2035 σῦς,
1418 1973 1452 2045 ἢ
1485 1973 1665 2047 αἲξ,ἣ
1700 1975 1899 2047 βρέτας

264 2056 496 2127 ἀνδρὸς,
517 2059 613 2111 καὶ
637 2059 860 2130 πτηνῶν
877 2061 1256 2135 ἀποσκίασμα,
1277 2067 1371 2118 καὶ
1390 2067 1640 2138 ἑρπετῶν
1663 2071 1895 2136 εἰκόνες,

262 2150 332 2203 τὰ
364 2151 432 2202 ἐν
466 2152 662 2220 σηκοῖς
695 2152 981 2223 ἱδρυμένα.
1023 2154 1413 2227 Ἐπικέκληται
1437 2158 1492 2213 δὲ
1528 2162 1677 2231 ἡμᾶς
1709 2163 1735 2215 ὁ
1764 2162 1899 2224 Θεδς

264 2244 367 2296 καὶ
397 2243 712 2313 Δεσπότης,
745 2244 806 2309 ὃς
838 2246 962 2300 τόδε
993 2245 1218 2318 σύμπαν
1264 2249 1669 2325 διετεκτήνατο.
1705 2256 1896 2323 Μέγας

261 2332 361 2388 οὖν
398 2336 539 2408 ἄρα,
583 2339 679 2391 καὶ
713 2340 829 2403 τοῖς
859 2342 1181 2409 Αἰγυπτίων
1220 2342 1582 2411 ἀσύντακτος,
1622 2348 1718 2401 καὶ
1754 2348 1897 2420 ὑπὲρ

260 2430 463 2484 πᾶσαν
495 2431 601 2501 τὴν
638 2431 818 2486 κτίσιν
840 2474 854 2498 ,
888 2433 917 2485 ὁ
952 2433 1059 2487 τῶν
1101 2434 1373 2507 Ἑϐραίων
1407 2437 1540 2502 Θεὸς
1560 2482 1573 2505 ,
1602 2439 1662 2503 ὃς
1688 2443 1769 2503 εἰς
1798 2440 1897 2513 τὴν

263 2520 489 2592 ἔρημον
548 2524 700 2593 ἡμᾶς
756 2524 951 2592 καλεῖ,
1008 2528 1106 2597 τὴν
1153 2528 1451 2600 εὐάρεστον
1498 2529 1649 2602 αὑτῷ
1702 2531 1895 2587 θυσίαν

263 2615 762 2684 πῳσκομιοῦντας
790 2619 929 2670 ἐκεῖ.
970 2622 1307 2692 Σκοτισμὸς
1345 2623 1443 2693 μὲν
1482 2618 1576 2677 οὖν
1605 2623 1885 2694 Αἴγυπτος

262 2704 635 2776 ὀνομάζεται,
664 2710 868 2781 χρῆναι
895 2711 954 2765 δὲ
987 2706 1143 2783 οἶμαι
1172 2716 1300 2780 τοὺς
1333 2717 1494 2789 οἷπερ
1524 2717 1692 2788 ἐσμὲν
1728 2708 1895 2773 πνευ-

266 2798 532 2866 ματικῶς
572 2801 943 2871 προσϐάλλειν
981 2808 1096 2868 τοῖς
1134 2808 1191 2860 ὲν
1237 2809 1369 2881 σκιᾷ
1416 2810 1511 2862 καὶ
1540 2810 1756 2875 τύποις.
1803 2813 1897 2864 Δεῖ

263 2891 381 2962 γὰρ
432 2894 589 2963 ἡμᾶς
634 2894 1050 2964 ἀποφοιτῶντας
1087 2895 1147 2953 εὖ
1180 2901 1326 2971 μάλα
1358 2903 1559 2967 παντὸς
1590 2900 1745 2975 οἶμαί
1788 2922 1893 2959 που

264 2984 610 3056 πράγματος
623 2988 718 3041 τοῦ
742 2994 1102 3046 κατασκοτεῖν
1128 2994 1383 3058 εἰωθότος
1401 3037 1415 3060 ,
1436 2998 1530 3049 καὶ
1548 2995 1740 3068 ὥσπερ
1775 2996 1894 3061 τινὰ

262 3077 458 3150 χώραν
505 3080 884 3152 ἐκϐεϐηκότας
923 3083 1024 3158 τὴν
1060 3085 1166 3139 ὑπὸ
1199 3086 1277 3158 τῷ
1310 3088 1561 3160 τυράννῳ
1590 3089 1850 3161 κειμένην
1875 3129 1890 3154 ,

263 3174 420 3243 φημὶ
457 3174 525 3246 δὴ
554 3173 635 3245 τῷ
666 3176 904 3248 Σατανᾷ,
937 3176 1000 3230 τὸ
1032 3179 1090 3231 ὲν
1119 3179 1423 3251 ἁμαρτίαις
1450 3179 1695 3246 εὔκολον,
1728 3199 1891 3253 μετα-

262 3269 475 3337 χωρεῖν
526 3267 855 3337 ἐπείγεσθαι
897 3271 1169 3336 νεανικῶς
1219 3275 1300 3335 είς
1349 3274 1646 3346 ἀνειμένην
1694 3294 1755 3329 τε
1795 3277 1892 3333 καὶ

263 3358 674 3431 καθαρωτέραν
699 3359 870 3431 ζωὴν,
893 3362 990 3415 καὶ
1012 3362 1291 3427 πολιτείας
1312 3364 1541 3434 ἐννόμου
1565 3365 1894 3438 διαστείχειν

264 3450 412 3516 ὁδὸν,
445 3453 550 3535 οὐχ
585 3454 965 3526 ὑποκειμένην
997 3455 1241 3527 δαίμοσιο
1288 3457 1639 3529 δυνησόμεθα
1684 3460 1794 3529 γὰρ
1829 3456 1889 3514 εὖ

263 3543 389 3597 τότε
446 3545 582 3608 τοὺς
631 3545 738 3615 τῆς
779 3545 1133 3619 δικαιοσύνης
1184 3551 1433 3621 καρποὺς
1481 3552 1778 3606 καταθύειν
1813 3553 1892 3627 τῷ

266 3635 413 3707 Θεῷ.
442 3637 780 3692 Στέλλεσθαι
812 3638 870 3693 δὲ
902 3639 1014 3694 δεῖν
1042 3641 1171 3705 τοὺς
1200 3641 1258 3709 ἐξ
1314 3642 1534 3715 Ἰσραὴλ
1560 3644 1678 3697 ὁδὸν
1723 3644 1893 3719 τριῶν

266 3727 499 3798 ἡμερῶν
548 3727 924 3784 διεϐεϐαιοῦτο
948 3731 1091 3785 κατά
1115 3732 1216 3803 τὴν
1246 3732 1489 3805 ἔρημον,
1513 3734 1575 3788 τὸ
1610 3734 1685 3807 μὴ
1720 3737 1891 3806 ἐγγὺς

270 3815 412 3874 εἶναι
448 3820 564 3874 τῶν
609 3822 713 3894 τῆς
759 3825 1101 3897 φαυλότητος
1147 3828 1289 3898 ὅρων
1333 3828 1428 3882 καὶ
1472 3827 1615 3901 ζωῆς
1656 3829 1761 3901 τῆς
1802 3848 1897 3884 τυ-

273 3914 657 3985 ραννουμένης
689 3915 779 3969 διὰ
818 3915 1012 3969 τούτου
1053 3917 1250 3989 δηλῶν.
1290 3920 1606 3991 Σκήπτεται
1634 3920 1690 3974 δέ
1720 3939 1772 3974 τι
1800 3921 1896 3977 καὶ

272 4007 439 4076 σοφὸν
483 4008 516 4060 ὀ
552 4007 847 4073 Θεσπέσιος
872 4011 1101 4082 Μωσῆς,
1147 4012 1242 4065 καὶ
1282 4012 1617 4085 εύαφόρμως
1660 4014 1725 4086 δὴ
1769 4014 1893 4068 λίαν

269 4100 748 4169 ἀπονοσφίζεσθαι
783 4102 895 4156 δεῖν
944 4103 1047 4174 τῆς
1089 4103 1371 4173 Αἰγύπτου
1413 4105 1582 4176 φησὶν
1619 4107 1748 4171 τοὺς
1787 4107 1894 4161 ὑπὸ

271 4189 409 4244 Θεοῦ
445 4191 858 4263 κεκλημένους*
901 4212 917 4246 ι
966 4195 1058 4266 Μή
1103 4213 1221 4260 πως
1254 4196 1363 4269 γὰρ
1409 4200 1720 4270 συναντήσῃ
1761 4201 1895 4271 ἡμῖν

269 4281 529 4349 θάνατος,
566 4303 587 4337 ι
625 4287 812 4355 φησιν,
847 4306 865 4338 ι
905 4287 939 4358 ἢ
970 4288 1150 4357 φόνος.
1198 4306 1217 4340 ι

2001 1995 2206 2065 inquit,
2270 1995 2501 2067 perinde
2546 2010 2609 2051 ac
2666 2010 2787 2060 vos,
2828 2009 2862 2049 ο
2897 1993 3165 2066 Ᾰίεγριίἰ,
3208 1994 3448 2053 vitulum
3498 2007 3605 2048 nos

2000 2085 2218 2140 Hebraei
2246 2102 2604 2151 veneramur,
2639 2100 2823 2155 neque
2875 2100 3033 2140 suem
3071 2093 3169 2141 aut
3201 2100 3447 2155 capram,
3507 2092 3602 2138 aut

2000 2179 2246 2234 hominis
2298 2179 2556 2250 efﬁgiem,
2606 2179 3034 2247 volucriumque
3092 2178 3460 2233 animantium
3497 2176 3599 2231 ad—

2001 2273 2312 2327 umbratam
2331 2270 2589 2338 formam,
2624 2279 2721 2327 aut
2764 2270 3104 2339 reptantium
3142 2268 3436 2341 imagines,
3475 2283 3599 2338 qua

1999 2362 2059 2416 in
2093 2362 2299 2416 vestris
2333 2361 2602 2423 collocata
2652 2368 2783 2419 sunt
2818 2360 3060 2430 templis.
3093 2359 3203 2415 Sed
3242 2358 3465 2414 vocavit
3496 2372 3602 2412 nos

1999 2454 2147 2509 Deus
2176 2469 2241 2508 ac
2265 2452 2557 2516 Dominus,
2601 2451 2698 2521 qui
2731 2450 2840 2507 hoc
2870 2449 3196 2505 universum
3229 2457 3317 2504 est
3352 2448 3599 2503 fabrica-

2000 2556 2110 2602 tus.
2136 2547 2367 2618 Magnus
2393 2554 2581 2600 autem
2621 2553 2727 2608 est,
2771 2552 2826 2598 et
2870 2558 2999 2597 cum
3038 2540 3312 2613 [Egyptiis
3349 2541 3457 2596 diis
3490 2540 3602 2594 mi-

1999 2643 2149 2698 nime
2202 2640 2601 2704 recensendus,
2643 2653 2814 2709 supra
2852 2644 3166 2692 creaturam
3220 2649 3442 2705 quoque
3477 2649 3599 2687 om-

1996 2751 2146 2800 nem,
2183 2733 2545 2789 liebrzeorum
2583 2732 2753 2796 Deus,
2786 2731 2883 2801 qui
2931 2744 3035 2785 nos
3086 2727 3141 2782 in
3181 2726 3466 2782 desertum
3501 2741 3603 2780 vo-

1996 2834 2105 2892 cat,
2144 2833 2207 2880 ut
2242 2825 2320 2881 ibi
2356 2834 2577 2897 gratam
2603 2825 2706 2896 ipsi
2756 2825 2994 2880 hostiam
3051 2825 3373 2879 oﬁ‘eramus.
3422 2822 3601 2893 Atque

1996 2920 2264 2992 Egyptus
2284 2919 2510 2990 quidem
2559 2919 2921 2975 obtencbratio
2964 2918 3194 2973 dicitur.
3230 2917 3472 2987 Equum
3498 2932 3602 2972 au-

1996 3020 2107 3068 tem
2135 3027 2255 3066 esse
2285 3009 2548 3075 arbitror,
2591 3017 2654 3067 ut
2706 3026 2828 3076 nos,
2858 3011 2956 3081 qui
3010 3010 3333 3081 Spirituales
3382 3024 3597 3074 sumus,

1996 3102 2364 3174 spiritualiter
2404 3117 2489 3167 ea,
2526 3116 2650 3171 quae
2689 3101 2747 3155 in
2816 3101 3014 3157 umbra
3057 3107 3113 3154 et
3157 3099 3349 3170 ﬁguris
3390 3096 3600 3153 tradita

1996 3199 2147 3258 sunt,
2173 3192 2572 3262 intelligamus.
2602 3190 2713 3261 36
2741 3188 2977 3262 Oportet
3007 3190 3160 3247 enim
3209 3205 3312 3243 nos
3354 3188 3425 3242 ab
3446 3187 3598 3242 omni

1997 3299 2077 3349 re,
2113 3299 2237 3353 qua:
2272 3282 2531 3338 tenebras
2565 3280 2854 3337 oﬁ‘undere
2883 3281 3079 3346 soleat,
3117 3280 3436 3352 longissime
3468 3280 3600 3335 abs-

1993 3374 2228 3441 cedere;
2289 3380 2347 3428 et
2402 3372 2496 3427 ubi
2558 3387 2628 3426 ex
2679 3372 2772 3426 illa
2812 3371 3079 3427 facilitate
3117 3371 3386 3443 peccandi
3448 3372 3599 3426 velut

1994 3467 2223 3538 regione
2263 3464 2504 3536 quadam
2539 3480 2664 3535 qua:
2692 3464 2749 3519 in
2783 3465 3024 3536 tyranni,
3065 3463 3284 3520 Satanas
3310 3462 3597 3529 videlicet,

1995 3565 2274 3628 potestate
2315 3557 2408 3622 sit,
2431 3556 2862 3621 excesserimus,
2892 3563 3008 3610 tum
3057 3555 3129 3614 ad
3175 3555 3408 3611 liberam
3446 3554 3599 3610 illam

1995 3649 2391 3722 purioremque
2414 3648 2587 3701 vitam
2627 3654 2856 3701 strenue
2885 3659 3209 3716 properare,
3237 3659 3303 3701 ac
3336 3641 3599 3715 perviam

1992 3744 2260 3816 legitima:
2313 3740 2761 3799 conversationis
2807 3738 3117 3804 ambulare,
3158 3736 3448 3795 daemoniis
3496 3735 3602 3790 mi-

1992 3838 2143 3892 nime
2183 3835 2527 3906 subiectam:
2574 3841 2689 3887 tum
2724 3831 2968 3902 denique
2995 3828 3310 3901 poterimus
3358 3829 3472 3885 Deo
3505 3829 3598 3899 ju-

1993 3928 2161 3983 stitiw
2202 3926 2421 3981 fructus
2491 3924 2715 3979 oﬁcrre.
2783 3922 2897 3977 Iter
2934 3937 3105 3992 porro
3159 3920 3327 3976 trium
3382 3918 3600 3975 dierum

1992 4018 2261 4075 lsraelitis
2295 4016 2616 4073 faciendum
2649 4030 2773 4071 esse
2832 4015 3052 4086 Moyses
3091 4012 3435 4069 afﬁrmabat:
3470 4009 3601 4080 qui-

1997 4112 2105 4169 bus
2138 4113 2327 4167 verbis
2355 4109 2726 4182 signiﬁcabat,
2765 4107 3088 4179 longissime
3119 4123 3151 4162 a
3182 4104 3449 4177 nequitia:
3489 4112 3603 4158 ter-

1999 4203 2187 4267 minis,
2219 4211 2277 4257 et
2305 4202 2373 4256 ab
2397 4216 2462 4255 ea
2497 4199 2632 4266 vita,
2667 4214 2791 4268 quae
2817 4197 3008 4267 iniquo
3046 4195 3331 4252 dominatu
3378 4209 3600 4265 prema-

2003 4304 2114 4361 tur,
2146 4295 2343 4350 abesse
2373 4300 2659 4363 oportere.
2688 4289 2939 4362 Sapienti
2976 4295 3162 4346 autem
3191 4286 3430 4358 quodam
3456 4299 3601 4356 prae-

272 4385 428 4433 textu
457 4378 662 4434 beatus
691 4379 909 4452 Moyses
968 4383 1184 4449 utitur,
1225 4388 1284 4438 et
1320 4382 1639 4439 rationabili
1688 4384 1987 4444 admodum
2018 4406 2188 4445 causa
2220 4388 2310 4457 iis,
2353 4386 2451 4459 qui
2513 4401 2545 4440 a
2616 4387 2731 4442 Deo
2805 4383 2985 4440 vocati
3037 4388 3248 4448 essent,
3323 4378 3599 4436 seceden-

272 4475 405 4531 dum
444 4490 573 4530 esse
608 4474 749 4530 dixit
786 4491 855 4531 ex
896 4474 1163 4549 ZEgypto:
1205 4478 1322 4535 «Ne
1351 4479 1519 4547 forte,
1553 4500 1572 4533 ι
1610 4481 1816 4552 inquit,
1853 4501 1871 4533 ι
1908 4493 2170 4541 occurrat
2191 4484 2354 4539 nobis
2386 4498 2538 4538 mors
2568 4489 2664 4537 aut
2694 4478 2893 4536 caedes.
2926 4496 2945 4530 ι

343 4571 564 4623 ΠΑΛΛ.
596 4571 710 4623 Καὶ
747 4571 803 4623 τί
848 4571 915 4642 δὴ
944 4571 1105 4625 τοῦτό
1154 4573 1337 4642 ἐστιν;
1379 4574 1601 4647 ἕτοιμον
1630 4576 1742 4648 γὰρ
1765 4577 1891 4649 οὐχὶ

2078 4580 2281 4636 PALL.
2333 4576 2478 4645 Quid
2524 4591 2659 4632 vero
2714 4573 2821 4629 hoc
2880 4571 3005 4627 est?
3036 4585 3219 4640 neque
3271 4583 3420 4627 enim
3455 4565 3600 4623 scire

270 4664 381 4726 τοῖς
416 4662 643 4717 θέλουσι
668 4665 833 4719 νοεῖν.

342 4757 515 4810 ΚΥΡ.
562 4755 707 4826 Ἐγὼ
729 4757 948 4830 φράσω
968 4759 1294 4827 Αἰγυπτίοις
1316 4755 1384 4833 ἦν
1414 4760 1561 4830 ἔθος,
1585 4764 1889 4836 τετήρηται

269 4849 330 4906 δὲ
361 4850 459 4905 καὶ
495 4852 581 4913 εἰς
623 4849 787 4923 δεῦρο
822 4851 974 4923 παρὰ
1000 4856 1115 4918 τοῖς
1151 4854 1260 4909 τῶν
1299 4855 1536 4911 εἰδώλων
1577 4875 1890 4930 προσκυνη-

269 4943 511 5009 ταῖςίτὸ
539 4942 676 5008 δεῖν,
712 4944 1103 5014 εἰσφοιτῶντας
1140 4950 1198 5001 ὲν
1240 4948 1426 5020 ἱεροῖς,
1460 4950 1640 5021 νεκρῷ
1664 4968 1890 5023 περιτυ-

270 5039 384 5108 χεῖν
427 5036 826 5107 παραιτεῖσθαι
863 5035 1100 5108 σώματι.
1134 5038 1431 5112 Μολυσμὸν
1474 5042 1584 5114 γὰρ
1625 5036 1767 5097 εἶναι
1797 5044 1891 5100 τὸν

269 5129 543 5184 ἀνωτάτω
573 5130 710 5198 φασὶ
738 5128 800 5183 τὸ
824 5129 922 5201 οὐχ
956 5131 1107 5196 ὅπως
1148 5132 1213 5204 δὴ
1254 5133 1416 5205 μόνον
1437 5175 1452 5199 ,
1482 5133 1537 5187 et
1570 5153 1655 5200 τις
1693 5136 1890 5200 ἕλοιτο,

268 5220 487 5293 θήγειν,
509 5221 651 5276 ἀλλά
667 5222 777 5295 γὰρ
799 5222 904 5277 κᾶν
920 5224 969 5277 εί
987 5227 1045 5278 ὲν
1064 5224 1251 5295 ψιλαῖς
1274 5225 1578 5301 ταυτ[αισ]ὶ
1604 5232 1894 5299 παραπίπ-

269 5330 355 5369 τοι
382 5315 563 5380 θέαις.
590 5315 808 5381 Obscon
834 5317 899 5370 ἐκ
920 5318 1030 5370 τῶν
1063 5318 1216 5391 παρά
1235 5319 1421 5387 σφίσιν
1441 5320 1892 5376 ὲθῶνάναπείθει

272 5411 519 5480 φρονεῖν,
550 5407 628 5472 ὡς
657 5408 761 5462 οὐκ
786 5407 853 5462 ἂν
878 5408 1092 5477 γένοιτο
1119 5410 1378 5483 καθαρῶς
1406 5412 1468 5466 τὸ
1506 5412 1657 5467 θύειν
1682 5415 1891 5484 αὐτοῖς,

271 5502 318 5553 εἰ
346 5500 408 5568 ἐξ
441 5500 764 5572 ἀπροόπτου
795 5500 963 5556 ποθὲν
1002 5500 1162 5556 τοῦτο
1192 5502 1325 5575 δρᾷν
1364 5505 1666 5578 ἡργμένοις
1705 5524 1887 5580 παρα-

269 5589 426 5662 τύχοι
469 5589 673 5660 νεκρὺς
715 5591 751 5662 ἢ
781 5590 965 5661 φόνος,
991 5591 1139 5646 τοῦτ’
1173 5592 1343 5660 ἔστιν,
1396 5594 1429 5666 ἦ
1477 5596 1629 5669 νόμῳ
1668 5599 1888 5668 φύσεως

269 5680 757 5752 τετελευτηκὼς,ἢ
786 5682 893 5737 ὑπὸ
915 5683 1010 5739 τοῦ
1032 5684 1141 5740 τῶν
1163 5688 1499 5757 φονευόντων
1515 5689 1886 5764 ἐκϐεϐιασμέ-

346 5868 397 5900 ³⁴
429 5867 612 5924 Exod.
638 5884 690 5934 v,
726 5866 783 5924 5.

1995 4672 2357 4743 cupientibus
2379 4669 2701 4741 expeditum
2739 4675 2825 4722 est
2855 4663 2911 4720 id
2944 4662 3273 4733 intelligere.

2066 4763 2226 4819 ΟΥΕ.
2274 4763 2388 4835 Ego
2413 4777 2546 4817 vero
2585 4773 2877 4830 exponam.
2931 4756 3048 4811 Mos
3107 4752 3255 4824 apud
3313 4750 3603 4823 Egyptios

1995 4855 2325 4921 inoleverat,
2366 4852 2463 4923 qui
2495 4851 2679 4906 adhuc
2703 4847 2851 4919 apud
2894 4846 3171 4903 idolorum
3206 4845 3449 4899 cultores
3477 4858 3599 4898 ser-

1996 4957 2182 5013 vatur,
2205 4959 2266 5004 ut
2294 4947 2499 5018 templa
2521 4944 2793 4999 adeuntes
2814 4941 2991 4996 vitent
3012 4955 3082 4994 ne
3112 4938 3368 4994 cadaveri
3393 4952 3597 4991 occur-

1996 5048 2142 5095 rant.
2194 5038 2477 5095 Summam
2515 5036 2667 5091 enim
2716 5033 3099 5104 impurilatem
3129 5046 3252 5086 esse
3282 5030 3441 5084 aiunt
3484 5045 3599 5086 non

1997 5132 2166 5188 modo
2207 5142 2405 5203 sponte
2442 5128 2582 5185 illud
2626 5126 2924 5196 attingere,
2959 5124 3057 5179 sed
3094 5123 3181 5178 vel
3222 5122 3281 5176 in
3301 5122 3425 5193 ejus
3450 5120 3598 5176 dun-

1997 5236 2148 5283 taxat
2187 5235 2476 5297 aspectum
2528 5224 2837 5278 incurrerc.
2866 5219 3041 5289 Igitur
3073 5231 3142 5270 ex
3173 5216 3416 5287 receptis
3450 5215 3597 5287 apud

1995 5337 2093 5376 eos
2118 5320 2373 5375 moribus
2395 5317 2615 5382 suadet,
2645 5330 2703 5371 se
2743 5327 2884 5384 pure
2913 5308 3227 5367 sacriﬁcare
3266 5325 3379 5364 non
3410 5325 3599 5380 posse,

1993 5415 2040 5469 si
2068 5412 2293 5468 aliunde
2330 5427 2401 5467 ex
2434 5408 2759 5480 improviso,
2804 5405 2900 5460 uhi
2940 5405 3049 5460 hoc
3075 5418 3241 5477 agere
3273 5404 3599 5473 coepissent,

1993 5505 2232 5562 cadaver
2261 5513 2356 5567 aut
2394 5503 2575 5559 credes
2608 5508 2951 5564 occursaret,
2986 5497 3043 5553 id
3089 5505 3195 5562 est,
3240 5497 3332 5553 vel
3382 5505 3598 5557 natura

1992 5599 2114 5669 lege
2156 5608 2431 5664 mortuus,
2493 5596 2580 5651 vel
2613 5595 2682 5650 ab
2716 5578 3029 5648 homicidis
3065 5608 3166 5662 per
3199 5592 3312 5647 vim
3353 5592 3596 5647 occisus.

1996 5692 2169 5750 Vobis
2206 5692 2379 5757 enim,
2443 5688 2649 5760 inquit,
2693 5700 2865 5744 sacrae
2904 5692 3038 5753 sunt
3062 5684 3212 5742 mdes
3257 5698 3324 5739 ac
3366 5681 3599 5739 delubra
