  <div class='ocr_page' id='page_1' title='image "/cluster/home/n/w/nwhite01/storage/ocr_20150623/68:no.1/coo.31924054869742/103.png"; bbox 0 0 4096 6454; ppageno 0'>
   <div class='ocr_carea' id='block_1_1' title="bbox 491 417 591 476">
    <p class='ocr_par' dir='ltr' id='par_1_1' title="bbox 491 417 591 476">
     <span class='ocr_line' id='line_1_1' title="bbox 491 417 591 476; baseline 0.01 -1"><span class='ocrx_word' id='word_1_1' title='bbox 491 417 591 476; x_wconf 70' lang='grc'><strong>191</strong></span> 
     </span>
    </p>
   </div>
   <div class='ocr_carea' id='block_1_2' title="bbox 1529 428 2775 495">
    <p class='ocr_par' dir='ltr' id='par_1_2' title="bbox 1529 428 2775 495">
     <span class='ocr_line' id='line_1_2' title="bbox 1529 428 2775 495; baseline 0.007 -11"><span class='ocrx_word' id='word_1_2' title='bbox 1529 428 1585 483; x_wconf 89' lang='lat' dir='ltr'><strong>S.</strong></span> <span class='ocrx_word' id='word_1_3' title='bbox 1629 428 1905 488; x_wconf 79' lang='lat' dir='ltr'><strong>CYRILLI</strong></span> <span class='ocrx_word' id='word_1_4' title='bbox 1945 432 2420 493; x_wconf 68' lang='lat' dir='ltr'><strong>ALEXANDle</strong></span> <span class='ocrx_word' id='word_1_5' title='bbox 2455 438 2775 495; x_wconf 79' lang='lat' dir='ltr'><strong>ARCHIEP.</strong></span> 
     </span>
    </p>
   </div>
   <div class='ocr_carea' id='block_1_3' title="bbox 3668 443 3774 501">
    <p class='ocr_par' dir='ltr' id='par_1_3' title="bbox 3668 443 3774 501">
     <span class='ocr_line' id='line_1_3' title="bbox 3668 443 3774 501; baseline 0.009 -1"><span class='ocrx_word' id='word_1_6' title='bbox 3668 443 3774 501; x_wconf 68' lang='lat'><strong>£92</strong></span> 
     </span>
    </p>
   </div>
   <div class='ocr_carea' id='block_1_4' title="bbox 489 557 2093 647">
    <p class='ocr_par' dir='ltr' id='par_1_4' title="bbox 489 560 2070 647">
     <span class='ocr_line' id='line_1_4' title="bbox 489 560 2070 647; baseline 0.012 -33"><span class='ocrx_word' id='word_1_7' title='bbox 489 560 751 616; x_wconf 73' lang='lat' dir='ltr'><strong>claustris</strong></span> <span class='ocrx_word' id='word_1_8' title='bbox 777 575 841 617; x_wconf 90' lang='lat' dir='ltr'><strong>ac</strong></span> <span class='ocrx_word' id='word_1_9' title='bbox 871 561 1045 632; x_wconf 91' lang='lat' dir='ltr'><strong>portis</strong></span> <span class='ocrx_word' id='word_1_10' title='bbox 1068 565 1300 632; x_wconf 89' lang='lat' dir='ltr'><strong>munita,</strong></span> <span class='ocrx_word' id='word_1_11' title='bbox 1338 566 1483 622; x_wconf 90' lang='lat' dir='ltr'><strong>intra</strong></span> <span class='ocrx_word' id='word_1_12' title='bbox 1510 586 1633 640; x_wconf 82' lang='lat' dir='ltr'><strong>quae</strong></span> <span class='ocrx_word' id='word_1_13' title='bbox 1665 588 1793 628; x_wconf 91' lang='lat' dir='ltr'><strong>cum</strong></span> <span class='ocrx_word' id='word_1_14' title='bbox 1832 574 2070 647; x_wconf 87' lang='lat' dir='ltr'><strong>ingressi</strong></span> 
     </span>
    </p>
   </div>
   <div class='ocr_carea' id='block_1_5' title="bbox 2195 557 3773 647">
    <p class='ocr_par' dir='ltr' id='par_1_5' title="bbox 2195 557 3773 630">
     <span class='ocr_line' id='line_1_5' title="bbox 2195 557 3773 630; baseline 0.006 -24"><span class='ocrx_word' id='word_1_15' title='bbox 2195 574 2284 621; x_wconf 74' lang='grc' dir='ltr'>νος.</span> <span class='ocrx_word' id='word_1_16' title='bbox 2328 557 2492 628; x_wconf 83' lang='grc' dir='ltr'>Ὑμῖν</span> <span class='ocrx_word' id='word_1_17' title='bbox 2532 559 2642 629; x_wconf 78' lang='grc' dir='ltr'>γὰρ</span> <span class='ocrx_word' id='word_1_18' title='bbox 2674 557 2944 627; x_wconf 78' lang='grc' dir='ltr'><strong>ἔφασκεν,</strong></span> <span class='ocrx_word' id='word_1_19' title='bbox 2992 558 3130 628; x_wconf 68' lang='grc' dir='ltr'><strong>ἱερά⁵</strong></span> <span class='ocrx_word' id='word_1_20' title='bbox 3148 558 3208 612; x_wconf 87' lang='grc' dir='ltr'><strong>τέ</strong></span> <span class='ocrx_word' id='word_1_21' title='bbox 3242 557 3359 612; x_wconf 85' lang='grc' dir='ltr'>ἐστι</span> <span class='ocrx_word' id='word_1_22' title='bbox 3402 559 3496 613; x_wconf 70' lang='grc' dir='ltr'>καὶ</span> <span class='ocrx_word' id='word_1_23' title='bbox 3529 561 3731 630; x_wconf 84' lang='grc' dir='ltr'><strong>τεμένη</strong></span> <span class='ocrx_word' id='word_1_24' title='bbox 3757 602 3773 626; x_wconf 88' lang='grc'><strong>,</strong></span> 
     </span>
    </p>
   </div>
   <div class='ocr_carea' id='block_1_6' title="bbox 491 652 2077 732">
    <p class='ocr_par' dir='ltr' id='par_1_6' title="bbox 491 652 2077 732">
     <span class='ocr_line' id='line_1_6' title="bbox 491 652 2077 732; baseline 0.013 -27"><span class='ocrx_word' id='word_1_25' title='bbox 491 652 731 719; x_wconf 80' lang='lat' dir='ltr'><strong>fueritis,</strong></span> <span class='ocrx_word' id='word_1_26' title='bbox 762 663 911 710; x_wconf 81' lang='lat' dir='ltr'><strong>caste</strong></span> <span class='ocrx_word' id='word_1_27' title='bbox 953 657 1289 724; x_wconf 88' lang='lat' dir='ltr'><strong>sacriﬁcare,</strong></span> <span class='ocrx_word' id='word_1_28' title='bbox 1317 668 1379 713; x_wconf 91' lang='lat' dir='ltr'><strong>ut</strong></span> <span class='ocrx_word' id='word_1_29' title='bbox 1414 660 1521 731; x_wconf 87' lang='lat' dir='ltr'>ipsi</span> <span class='ocrx_word' id='word_1_30' title='bbox 1559 664 1908 732; x_wconf 82' lang='lat' dir='ltr'><strong>existimatis,</strong></span> <span class='ocrx_word' id='word_1_31' title='bbox 1939 668 2077 724; x_wconf 85' lang='lat' dir='ltr'><strong>lice-</strong></span> 
     </span>
    </p>
   </div>
   <div class='ocr_carea' id='block_1_7' title="bbox 490 740 2078 822">
    <p class='ocr_par' dir='ltr' id='par_1_7' title="bbox 490 740 2078 822">
     <span class='ocr_line' id='line_1_7' title="bbox 490 740 2078 822; baseline 0.011 -26"><span class='ocrx_word' id='word_1_32' title='bbox 490 740 599 797; x_wconf 92' lang='lat' dir='ltr'><strong>bit:</strong></span> <span class='ocrx_word' id='word_1_33' title='bbox 628 759 732 799; x_wconf 91' lang='lat' dir='ltr'><strong>nos</strong></span> <span class='ocrx_word' id='word_1_34' title='bbox 783 760 916 800; x_wconf 91' lang='lat' dir='ltr'><strong>vero</strong></span> <span class='ocrx_word' id='word_1_35' title='bbox 967 747 1023 800; x_wconf 91' lang='lat' dir='ltr'><strong>in</strong></span> <span class='ocrx_word' id='word_1_36' title='bbox 1058 747 1242 802; x_wconf 90' lang='lat' dir='ltr'><strong>media</strong></span> <span class='ocrx_word' id='word_1_37' title='bbox 1281 750 1418 804; x_wconf 85' lang='lat' dir='ltr'><strong>urbe</strong></span> <span class='ocrx_word' id='word_1_38' title='bbox 1473 752 1873 822; x_wconf 86' lang='lat' dir='ltr'><strong>sacriﬁcantes,</strong></span> <span class='ocrx_word' id='word_1_39' title='bbox 1933 767 1990 812; x_wconf 90' lang='lat' dir='ltr'><strong>et</strong></span> <span class='ocrx_word' id='word_1_40' title='bbox 2022 759 2078 813; x_wconf 89' lang='lat' dir='ltr'><strong>in</strong></span> 
     </span>
    </p>
   </div>
   <div class='ocr_carea' id='block_1_8' title="bbox 492 832 2080 917">
    <p class='ocr_par' dir='ltr' id='par_1_8' title="bbox 492 832 2080 917">
     <span class='ocr_line' id='line_1_8' title="bbox 492 832 2080 917; baseline 0.011 -32"><span class='ocrx_word' id='word_1_41' title='bbox 492 832 680 887; x_wconf 85' lang='lat' dir='ltr'><strong>triviis</strong></span> <span class='ocrx_word' id='word_1_42' title='bbox 712 843 769 888; x_wconf 92' lang='lat' dir='ltr'><strong>et</strong></span> <span class='ocrx_word' id='word_1_43' title='bbox 806 834 864 888; x_wconf 88' lang='lat' dir='ltr'><strong>in</strong></span> <span class='ocrx_word' id='word_1_44' title='bbox 908 836 1077 905; x_wconf 84' lang='lat' dir='ltr'><strong>agris,</strong></span> <span class='ocrx_word' id='word_1_45' title='bbox 1140 853 1369 894; x_wconf 89' lang='lat' dir='ltr'><strong>necesse</strong></span> <span class='ocrx_word' id='word_1_46' title='bbox 1416 852 1504 896; x_wconf 90' lang='lat' dir='ltr'><strong>est</strong></span> <span class='ocrx_word' id='word_1_47' title='bbox 1551 843 1882 900; x_wconf 83' lang='lat' dir='ltr'><strong>cadaverum</strong></span> <span class='ocrx_word' id='word_1_48' title='bbox 1919 863 2080 917; x_wconf 89' lang='lat' dir='ltr'><strong>aspe-</strong></span> 
     </span>
    </p>
   </div>
   <div class='ocr_carea' id='block_1_9' title="bbox 454 926 2081 1010">
    <p class='ocr_par' dir='ltr' id='par_1_9' title="bbox 454 926 2081 1010">
     <span class='ocr_line' id='line_1_9' title="bbox 454 926 2081 1010; baseline 0.01 -31"><span class='ocrx_word' id='word_1_49' title='bbox 454 927 583 980; x_wconf 91' lang='lat' dir='ltr'><strong>&#39;ctu</strong></span> <span class='ocrx_word' id='word_1_50' title='bbox 624 926 797 995; x_wconf 92' lang='lat' dir='ltr'><strong>pollui</strong></span> <span class='ocrx_word' id='word_1_51' title='bbox 836 944 850 980; x_wconf 92' lang='lat'><strong>:</strong></span> <span class='ocrx_word' id='word_1_52' title='bbox 902 928 1042 982; x_wconf 88' lang='lat' dir='ltr'><strong>nihil</strong></span> <span class='ocrx_word' id='word_1_53' title='bbox 1102 930 1253 984; x_wconf 90' lang='lat' dir='ltr'><strong>enim</strong></span> <span class='ocrx_word' id='word_1_54' title='bbox 1312 941 1399 986; x_wconf 89' lang='lat' dir='ltr'><strong>est</strong></span> <span class='ocrx_word' id='word_1_55' title='bbox 1439 934 1686 1001; x_wconf 89' lang='lat' dir='ltr'><strong>omnino,</strong></span> <span class='ocrx_word' id='word_1_56' title='bbox 1738 938 1884 1007; x_wconf 93' lang='lat' dir='ltr'><strong>quod</strong></span> <span class='ocrx_word' id='word_1_57' title='bbox 1919 955 2081 1010; x_wconf 89' lang='lat' dir='ltr'><strong>aspe-</strong></span> 
     </span>
    </p>
   </div>
   <div class='ocr_carea' id='block_1_10' title="bbox 492 1020 2083 1096">
    <p class='ocr_par' dir='ltr' id='par_1_10' title="bbox 492 1020 2083 1096">
     <span class='ocr_line' id='line_1_10' title="bbox 492 1020 2083 1096; baseline 0.011 -27"><span class='ocrx_word' id='word_1_58' title='bbox 492 1024 642 1070; x_wconf 89' lang='lat' dir='ltr'><strong>ctum</strong></span> <span class='ocrx_word' id='word_1_59' title='bbox 680 1032 936 1073; x_wconf 86' lang='lat' dir='ltr'><strong>coercere</strong></span> <span class='ocrx_word' id='word_1_60' title='bbox 976 1020 1170 1088; x_wconf 84' lang='lat' dir='ltr'><strong>possit.</strong></span> <span class='ocrx_word' id='word_1_61' title='bbox 1210 1021 1289 1076; x_wconf 87' lang='lat' dir='ltr'><strong>Ae</strong></span> <span class='ocrx_word' id='word_1_62' title='bbox 1330 1023 1598 1094; x_wconf 89' lang='lat' dir='ltr'><strong>simplicis</strong></span> <span class='ocrx_word' id='word_1_63' title='bbox 1645 1028 1871 1096; x_wconf 89' lang='lat' dir='ltr'><strong>quidem</strong></span> <span class='ocrx_word' id='word_1_64' title='bbox 1909 1030 2083 1085; x_wconf 85' lang='lat' dir='ltr'><strong>histo-</strong></span> 
     </span>
    </p>
   </div>
   <div class='ocr_carea' id='block_1_11' title="bbox 493 1108 2082 1189">
    <p class='ocr_par' dir='ltr' id='par_1_11' title="bbox 493 1108 2082 1189">
     <span class='ocr_line' id='line_1_11' title="bbox 493 1108 2082 1189; baseline 0.011 -29"><span class='ocrx_word' id='word_1_65' title='bbox 493 1108 591 1162; x_wconf 73' lang='lat' dir='ltr'><strong>ria:</strong></span> <span class='ocrx_word' id='word_1_66' title='bbox 630 1108 772 1162; x_wconf 80' lang='lat' dir='ltr'><strong>ratio</strong></span> <span class='ocrx_word' id='word_1_67' title='bbox 807 1124 877 1163; x_wconf 81' lang='lat' dir='ltr'><strong>ex</strong></span> <span class='ocrx_word' id='word_1_68' title='bbox 921 1108 1305 1183; x_wconf 67' lang='lat' dir='ltr'><strong>Egyptiorum</strong></span> <span class='ocrx_word' id='word_1_69' title='bbox 1349 1117 1601 1172; x_wconf 91' lang='lat' dir='ltr'><strong>moribus</strong></span> <span class='ocrx_word' id='word_1_70' title='bbox 1633 1120 2082 1189; x_wconf 86' lang='lat' dir='ltr'><strong>probabilitatem</strong></span> 
     </span>
    </p>
   </div>
   <div class='ocr_carea' id='block_1_12' title="bbox 493 1198 2083 1281">
    <p class='ocr_par' dir='ltr' id='par_1_12' title="bbox 493 1198 2083 1281">
     <span class='ocr_line' id='line_1_12' title="bbox 493 1198 2083 1281; baseline 0.011 -30"><span class='ocrx_word' id='word_1_71' title='bbox 493 1198 681 1253; x_wconf 90' lang='lat' dir='ltr'><strong>habet.</strong></span> <span class='ocrx_word' id='word_1_72' title='bbox 714 1200 908 1270; x_wconf 86' lang='lat' dir='ltr'><strong>Neque</strong></span> <span class='ocrx_word' id='word_1_73' title='bbox 948 1210 1132 1257; x_wconf 91' lang='lat' dir='ltr'><strong>tamen</strong></span> <span class='ocrx_word' id='word_1_74' title='bbox 1162 1207 1346 1261; x_wconf 91' lang='lat' dir='ltr'><strong>minus</strong></span> <span class='ocrx_word' id='word_1_75' title='bbox 1399 1217 1549 1262; x_wconf 88' lang='lat' dir='ltr'><strong>recte</strong></span> <span class='ocrx_word' id='word_1_76' title='bbox 1594 1210 1745 1264; x_wconf 89' lang='lat' dir='ltr'><strong>dicta</strong></span> <span class='ocrx_word' id='word_1_77' title='bbox 1784 1213 2083 1281; x_wconf 89' lang='lat' dir='ltr'><strong>sapientis-</strong></span> 
     </span>
    </p>
   </div>
   <div class='ocr_carea' id='block_1_13' title="bbox 493 1290 2084 1369">
    <p class='ocr_par' dir='ltr' id='par_1_13' title="bbox 493 1290 2084 1369">
     <span class='ocr_line' id='line_1_13' title="bbox 493 1290 2084 1369; baseline 0.008 -26"><span class='ocrx_word' id='word_1_78' title='bbox 493 1290 617 1344; x_wconf 87' lang='lat' dir='ltr'><strong>simi</strong></span> <span class='ocrx_word' id='word_1_79' title='bbox 658 1291 763 1345; x_wconf 91' lang='lat' dir='ltr'><strong>viri</strong></span> <span class='ocrx_word' id='word_1_80' title='bbox 804 1294 975 1347; x_wconf 90' lang='lat' dir='ltr'><strong>verba</strong></span> <span class='ocrx_word' id='word_1_81' title='bbox 1018 1297 1456 1365; x_wconf 89' lang='lat' dir='ltr'><strong>comperiemus,</strong></span> <span class='ocrx_word' id='word_1_82' title='bbox 1498 1299 1545 1353; x_wconf 88' lang='lat' dir='ltr'><strong>si</strong></span> <span class='ocrx_word' id='word_1_83' title='bbox 1582 1300 1947 1369; x_wconf 88' lang='lat' dir='ltr'><strong>spiritualiter</strong></span> <span class='ocrx_word' id='word_1_84' title='bbox 2000 1302 2084 1356; x_wconf 89' lang='lat' dir='ltr'><strong>in-</strong></span> 
     </span>
    </p>
   </div>
   <div class='ocr_carea' id='block_1_14' title="bbox 494 1382 2085 1460">
    <p class='ocr_par' dir='ltr' id='par_1_14' title="bbox 494 1382 2085 1460">
     <span class='ocr_line' id='line_1_14' title="bbox 494 1382 2085 1460; baseline 0.008 -25"><span class='ocrx_word' id='word_1_85' title='bbox 494 1382 846 1453; x_wconf 84' lang='lat' dir='ltr'><strong>telligantur.</strong></span> <span class='ocrx_word' id='word_1_86' title='bbox 874 1383 1106 1455; x_wconf 86' lang='lat' dir='ltr'><strong>Oportet</strong></span> <span class='ocrx_word' id='word_1_87' title='bbox 1138 1388 1287 1442; x_wconf 89' lang='lat' dir='ltr'><strong>enim</strong></span> <span class='ocrx_word' id='word_1_88' title='bbox 1329 1405 1430 1444; x_wconf 90' lang='lat' dir='ltr'><strong>nos</strong></span> <span class='ocrx_word' id='word_1_89' title='bbox 1474 1397 1731 1460; x_wconf 82' lang='lat' dir='ltr'><strong>tanquam</strong></span> <span class='ocrx_word' id='word_1_90' title='bbox 1776 1392 1833 1446; x_wconf 91' lang='lat' dir='ltr'><strong>in</strong></span> <span class='ocrx_word' id='word_1_91' title='bbox 1864 1393 2085 1449; x_wconf 90' lang='lat' dir='ltr'><strong>deserto</strong></span> 
     </span>
    </p>
   </div>
   <div class='ocr_carea' id='block_1_15' title="bbox 495 1474 2085 1551">
    <p class='ocr_par' dir='ltr' id='par_1_15' title="bbox 495 1474 2085 1551">
     <span class='ocr_line' id='line_1_15' title="bbox 495 1474 2085 1551; baseline 0.01 -25"><span class='ocrx_word' id='word_1_92' title='bbox 495 1474 834 1539; x_wconf 90' lang='lat' dir='ltr'><strong>sacriﬁcare,</strong></span> <span class='ocrx_word' id='word_1_93' title='bbox 874 1486 1236 1547; x_wconf 88' lang='lat' dir='ltr'><strong>sanctumque</strong></span> <span class='ocrx_word' id='word_1_94' title='bbox 1280 1479 1480 1534; x_wconf 82' lang='lat' dir='ltr'><strong>festum</strong></span> <span class='ocrx_word' id='word_1_95' title='bbox 1520 1482 1633 1536; x_wconf 92' lang='lat' dir='ltr'><strong>Deo</strong></span> <span class='ocrx_word' id='word_1_96' title='bbox 1673 1485 1976 1551; x_wconf 88' lang='lat' dir='ltr'><strong>celebrare,</strong></span> <span class='ocrx_word' id='word_1_97' title='bbox 2017 1487 2085 1541; x_wconf 90' lang='lat' dir='ltr'><strong>ab</strong></span> 
     </span>
    </p>
   </div>
   <div class='ocr_carea' id='block_1_16' title="bbox 490 1562 2088 1646">
    <p class='ocr_par' dir='ltr' id='par_1_16' title="bbox 490 1562 2088 1646">
     <span class='ocr_line' id='line_1_16' title="bbox 490 1562 2088 1646; baseline 0.01 -30"><span class='ocrx_word' id='word_1_98' title='bbox 490 1562 877 1634; x_wconf 64' lang='lat' dir='ltr'><strong>Egyptiorum</strong></span> <span class='ocrx_word' id='word_1_99' title='bbox 912 1568 1076 1623; x_wconf 87' lang='lat' dir='ltr'><strong>terris</strong></span> <span class='ocrx_word' id='word_1_100' title='bbox 1117 1570 1450 1626; x_wconf 75' lang='lat' dir='ltr'><strong>excedentes</strong></span> <span class='ocrx_word' id='word_1_101' title='bbox 1482 1590 1495 1625; x_wconf 90' lang='lat'>:</span> <span class='ocrx_word' id='word_1_102' title='bbox 1537 1573 1797 1630; x_wconf 87' lang='lat' dir='ltr'><strong>vitandus</strong></span> <span class='ocrx_word' id='word_1_103' title='bbox 1822 1586 2088 1646; x_wconf 74' lang='lat' dir='ltr'><strong>praetcrea</strong></span> 
     </span>
    </p>
   </div>
   <div class='ocr_carea' id='block_1_17' title="bbox 494 1655 2087 1739">
    <p class='ocr_par' dir='ltr' id='par_1_17' title="bbox 494 1655 2087 1739">
     <span class='ocr_line' id='line_1_17' title="bbox 494 1655 2087 1739; baseline 0.011 -33"><span class='ocrx_word' id='word_1_104' title='bbox 494 1655 691 1708; x_wconf 91' lang='lat' dir='ltr'><strong>mortis</strong></span> <span class='ocrx_word' id='word_1_105' title='bbox 715 1665 1011 1726; x_wconf 89' lang='lat' dir='ltr'><strong>aspectus;</strong></span> <span class='ocrx_word' id='word_1_106' title='bbox 1046 1675 1221 1715; x_wconf 89' lang='lat' dir='ltr'><strong>vacuo</strong></span> <span class='ocrx_word' id='word_1_107' title='bbox 1246 1663 1396 1716; x_wconf 90' lang='lat' dir='ltr'><strong>enim</strong></span> <span class='ocrx_word' id='word_1_108' title='bbox 1421 1662 1627 1729; x_wconf 88' lang='lat' dir='ltr'><strong>animo,</strong></span> <span class='ocrx_word' id='word_1_109' title='bbox 1658 1674 1714 1720; x_wconf 91' lang='lat' dir='ltr'><strong>et</strong></span> <span class='ocrx_word' id='word_1_110' title='bbox 1763 1668 1924 1739; x_wconf 79' lang='lat' dir='ltr'><strong>longe</strong></span> <span class='ocrx_word' id='word_1_111' title='bbox 1947 1686 1977 1723; x_wconf 88' lang='lat' dir='ltr'><strong>a</strong></span> <span class='ocrx_word' id='word_1_112' title='bbox 2002 1676 2087 1724; x_wconf 90' lang='lat' dir='ltr'><strong>te—</strong></span> 
     </span>
    </p>
   </div>
   <div class='ocr_carea' id='block_1_18' title="bbox 493 1746 2089 1828">
    <p class='ocr_par' dir='ltr' id='par_1_18' title="bbox 493 1746 2089 1828">
     <span class='ocr_line' id='line_1_18' title="bbox 493 1746 2089 1828; baseline 0.011 -29"><span class='ocrx_word' id='word_1_113' title='bbox 493 1746 685 1801; x_wconf 90' lang='lat' dir='ltr'><strong>nebris</strong></span> <span class='ocrx_word' id='word_1_114' title='bbox 726 1759 958 1815; x_wconf 89' lang='lat' dir='ltr'><strong>remoto,</strong></span> <span class='ocrx_word' id='word_1_115' title='bbox 1004 1767 1142 1821; x_wconf 88' lang='lat' dir='ltr'><strong>quas</strong></span> <span class='ocrx_word' id='word_1_116' title='bbox 1198 1754 1439 1808; x_wconf 89' lang='lat' dir='ltr'><strong>mundus</strong></span> <span class='ocrx_word' id='word_1_117' title='bbox 1471 1754 1729 1823; x_wconf 79' lang='lat' dir='ltr'><strong>oﬂ‘undit,</strong></span> <span class='ocrx_word' id='word_1_118' title='bbox 1765 1758 1873 1828; x_wconf 84' lang='lat'><strong>37</strong></span> <span class='ocrx_word' id='word_1_119' title='bbox 1912 1761 2089 1817; x_wconf 93' lang='lat' dir='ltr'><strong>oculis</strong></span> 
     </span>
    </p>
   </div>
   <div class='ocr_carea' id='block_1_19' title="bbox 496 1842 2085 1917">
    <p class='ocr_par' dir='ltr' id='par_1_19' title="bbox 496 1842 2085 1917">
     <span class='ocr_line' id='line_1_19' title="bbox 496 1842 2085 1917; baseline 0.011 -26"><span class='ocrx_word' id='word_1_120' title='bbox 496 1853 723 1909; x_wconf 91' lang='lat' dir='ltr'><strong>quoque</strong></span> <span class='ocrx_word' id='word_1_121' title='bbox 754 1842 967 1897; x_wconf 78' lang='lat' dir='ltr'><strong>aversis</strong></span> <span class='ocrx_word' id='word_1_122' title='bbox 992 1843 1059 1897; x_wconf 87' lang='lat' dir='ltr'><strong>ab</strong></span> <span class='ocrx_word' id='word_1_123' title='bbox 1094 1843 1162 1898; x_wconf 90' lang='lat' dir='ltr'><strong>iis</strong></span> <span class='ocrx_word' id='word_1_124' title='bbox 1182 1845 1369 1906; x_wconf 89' lang='lat' dir='ltr'><strong>rebus,</strong></span> <span class='ocrx_word' id='word_1_125' title='bbox 1398 1864 1519 1917; x_wconf 69' lang='lat' dir='ltr'><strong>quae</strong></span> <span class='ocrx_word' id='word_1_126' title='bbox 1549 1849 1616 1903; x_wconf 92' lang='lat' dir='ltr'><strong>ad</strong></span> <span class='ocrx_word' id='word_1_127' title='bbox 1648 1849 1933 1905; x_wconf 90' lang='lat' dir='ltr'><strong>interitum</strong></span> <span class='ocrx_word' id='word_1_128' title='bbox 1960 1866 2085 1907; x_wconf 90' lang='lat' dir='ltr'><strong>cor-</strong></span> 
     </span>
    </p>
   </div>
   <div class='ocr_carea' id='block_1_20' title="bbox 494 1929 2083 2003">
    <p class='ocr_par' dir='ltr' id='par_1_20' title="bbox 494 1929 2083 2003">
     <span class='ocr_line' id='line_1_20' title="bbox 494 1929 2083 2003; baseline 0.01 -22"><span class='ocrx_word' id='word_1_129' title='bbox 494 1929 918 2001; x_wconf 90' lang='lat' dir='ltr'><strong>ruptionemque</strong></span> <span class='ocrx_word' id='word_1_130' title='bbox 950 1934 1281 2003; x_wconf 88' lang='lat' dir='ltr'><strong>perducunt,</strong></span> <span class='ocrx_word' id='word_1_131' title='bbox 1311 1936 1385 1991; x_wconf 89' lang='lat' dir='ltr'><strong>ita</strong></span> <span class='ocrx_word' id='word_1_132' title='bbox 1423 1937 1642 1993; x_wconf 92' lang='lat' dir='ltr'><strong>demum</strong></span> <span class='ocrx_word' id='word_1_133' title='bbox 1666 1948 1813 1996; x_wconf 92' lang='lat' dir='ltr'><strong>caste</strong></span> <span class='ocrx_word' id='word_1_134' title='bbox 1836 1942 2083 1997; x_wconf 90' lang='lat' dir='ltr'><strong>omnium</strong></span> 
     </span>
    </p>
   </div>
   <div class='ocr_carea' id='block_1_21' title="bbox 494 2022 2080 2101">
    <p class='ocr_par' dir='ltr' id='par_1_21' title="bbox 494 2022 2080 2101">
     <span class='ocr_line' id='line_1_21' title="bbox 494 2022 2080 2101; baseline 0.009 -28"><span class='ocrx_word' id='word_1_135' title='bbox 494 2022 733 2092; x_wconf 86' lang='lat' dir='ltr'><strong>principi</strong></span> <span class='ocrx_word' id='word_1_136' title='bbox 760 2022 873 2076; x_wconf 88' lang='lat' dir='ltr'><strong>Deo</strong></span> <span class='ocrx_word' id='word_1_137' title='bbox 895 2022 1348 2080; x_wconf 87' lang='lat' dir='ltr'><strong>sacriﬁcabimus.</strong></span> <span class='ocrx_word' id='word_1_138' title='bbox 1377 2025 1554 2096; x_wconf 89' lang='lat' dir='ltr'><strong>Opera</strong></span> <span class='ocrx_word' id='word_1_139' title='bbox 1577 2044 1813 2101; x_wconf 79' lang='lat' dir='ltr'><strong>namque</strong></span> <span class='ocrx_word' id='word_1_140' title='bbox 1843 2040 2080 2098; x_wconf 90' lang='lat' dir='ltr'><strong>mortua,</strong></span> 
     </span>
    </p>
   </div>
   <div class='ocr_carea' id='block_1_22' title="bbox 494 2114 2081 2192">
    <p class='ocr_par' dir='ltr' id='par_1_22' title="bbox 494 2114 2081 2192">
     <span class='ocr_line' id='line_1_22' title="bbox 494 2114 2081 2192; baseline 0.009 -26"><span class='ocrx_word' id='word_1_141' title='bbox 494 2114 678 2169; x_wconf 89' lang='lat' dir='ltr'><strong>carnis</strong></span> <span class='ocrx_word' id='word_1_142' title='bbox 715 2130 882 2184; x_wconf 86' lang='lat' dir='ltr'><strong>opera</strong></span> <span class='ocrx_word' id='word_1_143' title='bbox 935 2125 1095 2174; x_wconf 87' lang='lat' dir='ltr'><strong>sunt:</strong></span> <span class='ocrx_word' id='word_1_144' title='bbox 1133 2118 1519 2174; x_wconf 87' lang='lat' dir='ltr'><strong>obtenebratio</strong></span> <span class='ocrx_word' id='word_1_145' title='bbox 1550 2130 1734 2177; x_wconf 90' lang='lat' dir='ltr'><strong>autem</strong></span> <span class='ocrx_word' id='word_1_146' title='bbox 1785 2124 2081 2192; x_wconf 89' lang='lat' dir='ltr'><strong>mundana,</strong></span> 
     </span>
    </p>
   </div>
   <div class='ocr_carea' id='block_1_23' title="bbox 496 2203 2085 2284">
    <p class='ocr_par' dir='ltr' id='par_1_23' title="bbox 496 2203 2085 2284">
     <span class='ocr_line' id='line_1_23' title="bbox 496 2203 2085 2284; baseline 0.009 -28"><span class='ocrx_word' id='word_1_147' title='bbox 496 2203 591 2257; x_wconf 84' lang='lat' dir='ltr'><strong>illa</strong></span> <span class='ocrx_word' id='word_1_148' title='bbox 618 2220 687 2258; x_wconf 86' lang='lat' dir='ltr'><strong>ex</strong></span> <span class='ocrx_word' id='word_1_149' title='bbox 716 2206 1012 2262; x_wconf 88' lang='lat' dir='ltr'><strong>laboriosis</strong></span> <span class='ocrx_word' id='word_1_150' title='bbox 1059 2209 1467 2280; x_wconf 83' lang='lat' dir='ltr'><strong>inutilibusqu&#39;e</strong></span> <span class='ocrx_word' id='word_1_151' title='bbox 1497 2214 1652 2267; x_wconf 90' lang='lat' dir='ltr'><strong>curis</strong></span> <span class='ocrx_word' id='word_1_152' title='bbox 1681 2221 1845 2284; x_wconf 85' lang='lat' dir='ltr'><strong>atque</strong></span> <span class='ocrx_word' id='word_1_153' title='bbox 1875 2215 2085 2271; x_wconf 91' lang='lat' dir='ltr'><strong>disten-</strong></span> 
     </span>
    </p>
   </div>
   <div class='ocr_carea' id='block_1_24' title="bbox 494 2295 2087 2377">
    <p class='ocr_par' dir='ltr' id='par_1_24' title="bbox 494 2295 2087 2377">
     <span class='ocr_line' id='line_1_24' title="bbox 494 2295 2087 2377; baseline 0.009 -29"><span class='ocrx_word' id='word_1_154' title='bbox 494 2295 740 2351; x_wconf 88' lang='lat' dir='ltr'><strong>tionibus</strong></span> <span class='ocrx_word' id='word_1_155' title='bbox 770 2299 1115 2367; x_wconf 85' lang='lat' dir='ltr'><strong>perturbatio</strong></span> <span class='ocrx_word' id='word_1_156' title='bbox 1158 2309 1324 2372; x_wconf 90' lang='lat' dir='ltr'><strong>atque</strong></span> <span class='ocrx_word' id='word_1_157' title='bbox 1369 2303 1643 2367; x_wconf 82' lang='lat' dir='ltr'><strong>confusio,</strong></span> <span class='ocrx_word' id='word_1_158' title='bbox 1704 2322 1827 2375; x_wconf 65' lang='lat' dir='ltr'><strong>qua:</strong></span> <span class='ocrx_word' id='word_1_159' title='bbox 1884 2323 2087 2377; x_wconf 89' lang='lat' dir='ltr'><strong>purum</strong></span> 
     </span>
    </p>
   </div>
   <div class='ocr_carea' id='block_1_25' title="bbox 498 2386 2084 2467">
    <p class='ocr_par' dir='ltr' id='par_1_25' title="bbox 498 2386 2084 2467">
     <span class='ocr_line' id='line_1_25' title="bbox 498 2386 2084 2467; baseline 0.009 -28"><span class='ocrx_word' id='word_1_160' title='bbox 498 2386 656 2441; x_wconf 89' lang='lat' dir='ltr'><strong>illum</strong></span> <span class='ocrx_word' id='word_1_161' title='bbox 690 2396 855 2459; x_wconf 89' lang='lat' dir='ltr'><strong>atque</strong></span> <span class='ocrx_word' id='word_1_162' title='bbox 908 2392 1250 2460; x_wconf 80' lang='lat' dir='ltr'><strong>pellucidum</strong></span> <span class='ocrx_word' id='word_1_163' title='bbox 1292 2394 1493 2448; x_wconf 89' lang='lat' dir='ltr'><strong>mentis</strong></span> <span class='ocrx_word' id='word_1_164' title='bbox 1540 2395 1803 2451; x_wconf 65' lang='lat' dir='ltr'><strong>aetherem</strong></span> <span class='ocrx_word' id='word_1_165' title='bbox 1844 2399 2084 2467; x_wconf 88' lang='lat' dir='ltr'><strong>polluit;</strong></span> 
     </span>
    </p>
   </div>
   <div class='ocr_carea' id='block_1_26' title="bbox 496 2481 2088 2559">
    <p class='ocr_par' dir='ltr' id='par_1_26' title="bbox 496 2481 2088 2559">
     <span class='ocr_line' id='line_1_26' title="bbox 496 2481 2088 2559; baseline 0.008 -26"><span class='ocrx_word' id='word_1_166' title='bbox 496 2494 526 2533; x_wconf 88' lang='lat' dir='ltr'><strong>a</strong></span> <span class='ocrx_word' id='word_1_167' title='bbox 558 2481 761 2549; x_wconf 91' lang='lat' dir='ltr'><strong>quibus</strong></span> <span class='ocrx_word' id='word_1_168' title='bbox 790 2497 913 2538; x_wconf 88' lang='lat' dir='ltr'><strong>esse</strong></span> <span class='ocrx_word' id='word_1_169' title='bbox 945 2485 1320 2539; x_wconf 89' lang='lat' dir='ltr'><strong>recedendum</strong></span> <span class='ocrx_word' id='word_1_170' title='bbox 1355 2485 1445 2550; x_wconf 90' lang='lat' dir='ltr'><strong>iis,</strong></span> <span class='ocrx_word' id='word_1_171' title='bbox 1496 2487 1593 2559; x_wconf 88' lang='lat' dir='ltr'><strong>qui</strong></span> <span class='ocrx_word' id='word_1_172' title='bbox 1649 2487 1867 2544; x_wconf 89' lang='lat' dir='ltr'><strong>sincere</strong></span> <span class='ocrx_word' id='word_1_173' title='bbox 1914 2490 2088 2545; x_wconf 90' lang='lat' dir='ltr'><strong>Deum</strong></span> 
     </span>
    </p>
   </div>
   <div class='ocr_carea' id='block_1_27' title="bbox 496 2574 1868 2639">
    <p class='ocr_par' dir='ltr' id='par_1_27' title="bbox 496 2574 1868 2639">
     <span class='ocr_line' id='line_1_27' title="bbox 496 2574 1868 2639; baseline 0.006 -12"><span class='ocrx_word' id='word_1_174' title='bbox 496 2574 679 2628; x_wconf 87' lang='lat' dir='ltr'><strong>colere</strong></span> <span class='ocrx_word' id='word_1_175' title='bbox 710 2575 901 2639; x_wconf 84' lang='lat' dir='ltr'><strong>velint,</strong></span> <span class='ocrx_word' id='word_1_176' title='bbox 925 2576 1094 2630; x_wconf 90' lang='lat' dir='ltr'><strong>etiam</strong></span> <span class='ocrx_word' id='word_1_177' title='bbox 1128 2577 1377 2631; x_wconf 61' lang='lat' dir='ltr'><strong>historia:</strong></span> <span class='ocrx_word' id='word_1_178' title='bbox 1404 2578 1576 2634; x_wconf 90' lang='lat' dir='ltr'><strong>verba</strong></span> <span class='ocrx_word' id='word_1_179' title='bbox 1610 2579 1868 2635; x_wconf 87' lang='lat' dir='ltr'><strong>suadent.</strong></span> 
     </span>
    </p>
   </div>
   <div class='ocr_carea' id='block_1_28' title="bbox 569 2664 2088 2736">
    <p class='ocr_par' dir='ltr' id='par_1_28' title="bbox 569 2664 2088 2736">
     <span class='ocr_line' id='line_1_28' title="bbox 569 2664 2088 2736; baseline 0.007 -19"><span class='ocrx_word' id='word_1_180' title='bbox 569 2664 767 2718; x_wconf 89' lang='lat' dir='ltr'><strong>PALL.</strong></span> <span class='ocrx_word' id='word_1_181' title='bbox 801 2665 859 2719; x_wconf 92' lang='lat' dir='ltr'>Id</span> <span class='ocrx_word' id='word_1_182' title='bbox 901 2666 1125 2736; x_wconf 89' lang='lat' dir='ltr'><strong>quidem</strong></span> <span class='ocrx_word' id='word_1_183' title='bbox 1159 2668 1387 2723; x_wconf 91' lang='lat' dir='ltr'><strong>minime</strong></span> <span class='ocrx_word' id='word_1_184' title='bbox 1415 2678 1501 2725; x_wconf 92' lang='lat' dir='ltr'><strong>est</strong></span> <span class='ocrx_word' id='word_1_185' title='bbox 1535 2670 1833 2725; x_wconf 90' lang='lat' dir='ltr'><strong>obscurum</strong></span> <span class='ocrx_word' id='word_1_186' title='bbox 1874 2689 1886 2725; x_wconf 92' lang='lat'><strong>:</strong></span> <span class='ocrx_word' id='word_1_187' title='bbox 1931 2671 2088 2727; x_wconf 90' lang='lat' dir='ltr'><strong>ideo-</strong></span> 
     </span>
    </p>
   </div>
   <div class='ocr_carea' id='block_1_29' title="bbox 500 2756 2089 2837">
    <p class='ocr_par' dir='ltr' id='par_1_29' title="bbox 500 2756 2089 2837">
     <span class='ocr_line' id='line_1_29' title="bbox 500 2756 2089 2837; baseline 0.008 -28"><span class='ocrx_word' id='word_1_188' title='bbox 500 2770 608 2825; x_wconf 92' lang='lat' dir='ltr'><strong>que</strong></span> <span class='ocrx_word' id='word_1_189' title='bbox 636 2756 801 2811; x_wconf 86' lang='lat' dir='ltr'><strong>velim</strong></span> <span class='ocrx_word' id='word_1_190' title='bbox 834 2756 947 2826; x_wconf 87' lang='lat' dir='ltr'><strong>illa,</strong></span> <span class='ocrx_word' id='word_1_191' title='bbox 983 2774 1106 2830; x_wconf 65' lang='lat' dir='ltr'><strong>qua:</strong></span> <span class='ocrx_word' id='word_1_192' title='bbox 1151 2760 1414 2834; x_wconf 88' lang='lat' dir='ltr'><strong>deinceps</strong></span> <span class='ocrx_word' id='word_1_193' title='bbox 1456 2773 1786 2835; x_wconf 89' lang='lat' dir='ltr'><strong>sequuntur,</strong></span> <span class='ocrx_word' id='word_1_194' title='bbox 1816 2780 2089 2837; x_wconf 82' lang='lat' dir='ltr'><strong>exsequa-</strong></span> 
     </span>
    </p>
   </div>
   <div class='ocr_carea' id='block_1_30' title="bbox 500 2844 600 2899">
    <p class='ocr_par' dir='ltr' id='par_1_30' title="bbox 500 2844 600 2899">
     <span class='ocr_line' id='line_1_30' title="bbox 500 2844 600 2899; baseline 0.02 -2"><span class='ocrx_word' id='word_1_195' title='bbox 500 2844 600 2899; x_wconf 88' lang='lat' dir='ltr'><strong>ris.</strong></span> 
     </span>
    </p>
   </div>
   <div class='ocr_carea' id='block_1_31' title="bbox 571 2937 2088 3021">
    <p class='ocr_par' dir='ltr' id='par_1_31' title="bbox 571 2937 2088 3021">
     <span class='ocr_line' id='line_1_31' title="bbox 571 2937 2088 3021; baseline 0.01 -30"><span class='ocrx_word' id='word_1_196' title='bbox 571 2937 731 2992; x_wconf 67' lang='grc' dir='ltr'><strong>(ΝΒ.</strong></span> <span class='ocrx_word' id='word_1_197' title='bbox 763 2939 1039 2999; x_wconf 87' lang='lat' dir='ltr'><strong>Israelitas</strong></span> <span class='ocrx_word' id='word_1_198' title='bbox 1068 2944 1234 3015; x_wconf 84' lang='lat' dir='ltr'><strong>igitur</strong></span> <span class='ocrx_word' id='word_1_199' title='bbox 1268 2946 1735 3015; x_wconf 88' lang='lat' dir='ltr'><strong>ardentissimum,</strong></span> <span class='ocrx_word' id='word_1_200' title='bbox 1776 2961 1835 3005; x_wconf 91' lang='lat' dir='ltr'><strong>ut</strong></span> <span class='ocrx_word' id='word_1_201' title='bbox 1873 2951 2088 3021; x_wconf 90' lang='lat' dir='ltr'><strong>opinor,</strong></span> 
     </span>
    </p>
   </div>
   <div class='ocr_carea' id='block_1_32' title="bbox 501 3033 2093 3107">
    <p class='ocr_par' dir='ltr' id='par_1_32' title="bbox 501 3033 2093 3107">
     <span class='ocr_line' id='line_1_32' title="bbox 501 3033 2093 3107; baseline 0.01 -24"><span class='ocrx_word' id='word_1_202' title='bbox 501 3040 558 3084; x_wconf 90' lang='lat' dir='ltr'><strong>et</strong></span> <span class='ocrx_word' id='word_1_203' title='bbox 599 3033 933 3088; x_wconf 89' lang='lat' dir='ltr'><strong>acerrimum</strong></span> <span class='ocrx_word' id='word_1_204' title='bbox 976 3037 1215 3107; x_wconf 66' lang='lat' dir='ltr'><strong>antiquae</strong></span> <span class='ocrx_word' id='word_1_205' title='bbox 1254 3039 1527 3095; x_wconf 87' lang='lat' dir='ltr'><strong>libertatis</strong></span> <span class='ocrx_word' id='word_1_206' title='bbox 1563 3040 1837 3097; x_wconf 87' lang='lat' dir='ltr'><strong>invaserat</strong></span> <span class='ocrx_word' id='word_1_207' title='bbox 1869 3043 2093 3101; x_wconf 86' lang='lat' dir='ltr'><strong>deside-</strong></span> 
     </span>
    </p>
   </div>
   <div class='ocr_carea' id='block_1_33' title="bbox 504 3123 2088 3205">
    <p class='ocr_par' dir='ltr' id='par_1_33' title="bbox 504 3123 2088 3205">
     <span class='ocr_line' id='line_1_33' title="bbox 504 3123 2088 3205; baseline 0.008 -28"><span class='ocrx_word' id='word_1_208' title='bbox 504 3123 646 3177; x_wconf 92' lang='lat' dir='ltr'><strong>rium</strong></span> <span class='ocrx_word' id='word_1_209' title='bbox 700 3141 714 3177; x_wconf 88' lang='lat'><strong>:</strong></span> <span class='ocrx_word' id='word_1_210' title='bbox 764 3141 1001 3196; x_wconf 89' lang='lat' dir='ltr'><strong>cumque</strong></span> <span class='ocrx_word' id='word_1_211' title='bbox 1064 3130 1422 3186; x_wconf 83' lang='lat' dir='ltr'><strong>vehementer</strong></span> <span class='ocrx_word' id='word_1_212' title='bbox 1470 3132 1537 3187; x_wconf 92' lang='lat' dir='ltr'><strong>ad</strong></span> <span class='ocrx_word' id='word_1_213' title='bbox 1589 3148 1711 3188; x_wconf 91' lang='lat' dir='ltr'><strong>eam</strong></span> <span class='ocrx_word' id='word_1_214' title='bbox 1760 3134 2088 3205; x_wconf 85' lang='lat' dir='ltr'><strong>aspirarent,</strong></span> 
     </span>
    </p>
   </div>
   <div class='ocr_carea' id='block_1_34' title="bbox 2182 643 3775 723">
    <p class='ocr_par' dir='ltr' id='par_1_34' title="bbox 2182 643 3775 723">
     <span class='ocr_line' id='line_1_34' title="bbox 2182 643 3775 723; baseline 0.004 -22"><span class='ocrx_word' id='word_1_215' title='bbox 2182 648 2410 719; x_wconf 84' lang='grc' dir='ltr'>κλεῖθρά</span> <span class='ocrx_word' id='word_1_216' title='bbox 2436 667 2495 704; x_wconf 91' lang='grc' dir='ltr'><strong>τε</strong></span> <span class='ocrx_word' id='word_1_217' title='bbox 2521 651 2618 703; x_wconf 75' lang='grc' dir='ltr'><strong>καὶ</strong></span> <span class='ocrx_word' id='word_1_218' title='bbox 2653 650 2841 712; x_wconf 81' lang='grc' dir='ltr'><strong>πύλαι,</strong></span> <span class='ocrx_word' id='word_1_219' title='bbox 2869 643 2944 703; x_wconf 83' lang='grc' dir='ltr'><strong>ὧν</strong></span> <span class='ocrx_word' id='word_1_220' title='bbox 2974 650 3105 704; x_wconf 84' lang='grc' dir='ltr'>εῐσω</span> <span class='ocrx_word' id='word_1_221' title='bbox 3149 651 3312 722; x_wconf 90' lang='grc' dir='ltr'>τυχὸν</span> <span class='ocrx_word' id='word_1_222' title='bbox 3342 650 3775 723; x_wconf 81' lang='grc' dir='ltr'>εἱσδεδραμηκό-</span> 
     </span>
    </p>
   </div>
   <div class='ocr_carea' id='block_1_35' title="bbox 2183 740 3779 812">
    <p class='ocr_par' dir='ltr' id='par_1_35' title="bbox 2183 740 3779 812">
     <span class='ocr_line' id='line_1_35' title="bbox 2183 740 3779 812; baseline 0.004 -20"><span class='ocrx_word' id='word_1_223' title='bbox 2183 756 2268 793; x_wconf 90' lang='grc' dir='ltr'>σιν</span> <span class='ocrx_word' id='word_1_224' title='bbox 2314 740 2531 804; x_wconf 75' lang='grc' dir='ltr'><strong>ἐξέσται</strong></span> <span class='ocrx_word' id='word_1_225' title='bbox 2581 740 2729 796; x_wconf 84' lang='grc' dir='ltr'>θύειν</span> <span class='ocrx_word' id='word_1_226' title='bbox 2780 740 2989 810; x_wconf 86' lang='grc' dir='ltr'>ἁγνῶς,</span> <span class='ocrx_word' id='word_1_227' title='bbox 3044 741 3232 812; x_wconf 87' lang='grc' dir='ltr'>ῶσπερ</span> <span class='ocrx_word' id='word_1_228' title='bbox 3285 742 3353 797; x_wconf 84' lang='grc' dir='ltr'><strong>ἂν</strong></span> <span class='ocrx_word' id='word_1_229' title='bbox 3402 742 3580 797; x_wconf 78' lang='grc' dir='ltr'>οἴεσθε</span> <span class='ocrx_word' id='word_1_230' title='bbox 3629 744 3779 798; x_wconf 84' lang='grc' dir='ltr'><strong>κατά</strong></span> 
     </span>
    </p>
   </div>
   <div class='ocr_carea' id='block_1_36' title="bbox 2183 832 3777 905">
    <p class='ocr_par' dir='ltr' id='par_1_36' title="bbox 2183 832 3777 905">
     <span class='ocr_line' id='line_1_36' title="bbox 2183 832 3777 905; baseline 0.001 -21"><span class='ocrx_word' id='word_1_231' title='bbox 2183 832 2324 899; x_wconf 79' lang='grc' dir='ltr'>σφᾶς</span> <span class='ocrx_word' id='word_1_232' title='bbox 2356 832 2554 897; x_wconf 85' lang='grc' dir='ltr'>αὐτούς</span> <span class='ocrx_word' id='word_1_233' title='bbox 2575 850 2589 864; x_wconf 76' lang='grc'><strong><em>⁸</em></strong></span> <span class='ocrx_word' id='word_1_234' title='bbox 2634 835 2781 905; x_wconf 80' lang='grc' dir='ltr'>ἡμᾶς</span> <span class='ocrx_word' id='word_1_235' title='bbox 2818 833 2876 886; x_wconf 86' lang='grc' dir='ltr'><strong>δέ</strong></span> <span class='ocrx_word' id='word_1_236' title='bbox 2916 833 3130 905; x_wconf 79' lang='grc' dir='ltr'><strong>ἀνάγκη</strong></span> <span class='ocrx_word' id='word_1_237' title='bbox 3170 834 3311 889; x_wconf 89' lang='grc' dir='ltr'><strong>κατά</strong></span> <span class='ocrx_word' id='word_1_238' title='bbox 3345 835 3518 905; x_wconf 83' lang='grc' dir='ltr'><strong>μέσην</strong></span> <span class='ocrx_word' id='word_1_239' title='bbox 3544 833 3777 896; x_wconf 85' lang='grc' dir='ltr'>θύοντας</span> 
     </span>
    </p>
   </div>
   <div class='ocr_carea' id='block_1_37' title="bbox 2181 921 3774 994">
    <p class='ocr_par' dir='ltr' id='par_1_37' title="bbox 2181 921 3774 994">
     <span class='ocr_line' id='line_1_37' title="bbox 2181 921 3774 994; baseline 0.003 -20"><span class='ocrx_word' id='word_1_240' title='bbox 2181 921 2355 987; x_wconf 89' lang='grc' dir='ltr'>πόλιν,</span> <span class='ocrx_word' id='word_1_241' title='bbox 2391 924 2449 976; x_wconf 82' lang='grc' dir='ltr'>ἐν</span> <span class='ocrx_word' id='word_1_242' title='bbox 2472 924 2705 994; x_wconf 81' lang='grc' dir='ltr'><strong>τριόδοις</strong></span> <span class='ocrx_word' id='word_1_243' title='bbox 2729 942 2788 978; x_wconf 90' lang='grc' dir='ltr'><strong>τε</strong></span> <span class='ocrx_word' id='word_1_244' title='bbox 2812 926 2908 979; x_wconf 77' lang='grc' dir='ltr'><strong>καὶ</strong></span> <span class='ocrx_word' id='word_1_245' title='bbox 2932 926 2991 979; x_wconf 83' lang='grc' dir='ltr'><strong>ἐν</strong></span> <span class='ocrx_word' id='word_1_246' title='bbox 3021 926 3232 994; x_wconf 83' lang='grc' dir='ltr'><strong>ἀγροῖς,</strong></span> <span class='ocrx_word' id='word_1_247' title='bbox 3255 928 3376 980; x_wconf 80' lang='grc' dir='ltr'>ταῖς</span> <span class='ocrx_word' id='word_1_248' title='bbox 3404 925 3512 979; x_wconf 92' lang='grc' dir='ltr'><strong>τῶν</strong></span> <span class='ocrx_word' id='word_1_249' title='bbox 3538 923 3774 978; x_wconf 83' lang='grc' dir='ltr'>τεθνεώ-</span> 
     </span>
    </p>
   </div>
   <div class='ocr_carea' id='block_1_38' title="bbox 2182 1016 3769 1089">
    <p class='ocr_par' dir='ltr' id='par_1_38' title="bbox 2182 1016 3769 1089">
     <span class='ocr_line' id='line_1_38' title="bbox 2182 1016 3769 1089; baseline 0.003 -24"><span class='ocrx_word' id='word_1_250' title='bbox 2182 1029 2290 1067; x_wconf 87' lang='grc' dir='ltr'><strong>των</strong></span> <span class='ocrx_word' id='word_1_251' title='bbox 2333 1016 2801 1086; x_wconf 85' lang='grc' dir='ltr'>καταμολύνεσθαι</span> <span class='ocrx_word' id='word_1_252' title='bbox 2833 1016 3002 1082; x_wconf 85' lang='grc' dir='ltr'>θέαις.</span> <span class='ocrx_word' id='word_1_253' title='bbox 3036 1018 3110 1071; x_wconf 94' lang='grc' dir='ltr'>Τὸ</span> <span class='ocrx_word' id='word_1_254' title='bbox 3150 1017 3261 1089; x_wconf 85' lang='grc' dir='ltr'><strong>γὰρ</strong></span> <span class='ocrx_word' id='word_1_255' title='bbox 3290 1018 3557 1087; x_wconf 79' lang='grc' dir='ltr'><strong>ἀπεῖργον</strong></span> <span class='ocrx_word' id='word_1_256' title='bbox 3596 1017 3769 1089; x_wconf 83' lang='grc' dir='ltr'><strong>ὅροις,</strong></span> 
     </span>
    </p>
   </div>
   <div class='ocr_carea' id='block_1_39' title="bbox 2184 1106 3773 1181">
    <p class='ocr_par' dir='ltr' id='par_1_39' title="bbox 2184 1106 3773 1181">
     <span class='ocr_line' id='line_1_39' title="bbox 2184 1106 3773 1181; baseline 0.004 -25"><span class='ocrx_word' id='word_1_257' title='bbox 2184 1106 2462 1170; x_wconf 84' lang='grc' dir='ltr'>παντελῶς</span> <span class='ocrx_word' id='word_1_258' title='bbox 2489 1108 2661 1162; x_wconf 88' lang='grc' dir='ltr'>ούδέν.</span> <span class='ocrx_word' id='word_1_259' title='bbox 2697 1110 2808 1163; x_wconf 74' lang='grc' dir='ltr'><strong>Καὶ</strong></span> <span class='ocrx_word' id='word_1_260' title='bbox 2847 1112 2875 1163; x_wconf 83' lang='grc' dir='ltr'><strong>ὁ</strong></span> <span class='ocrx_word' id='word_1_261' title='bbox 2908 1110 3008 1181; x_wconf 78' lang='grc' dir='ltr'>μὲν</span> <span class='ocrx_word' id='word_1_262' title='bbox 3037 1109 3140 1180; x_wconf 77' lang='grc' dir='ltr'>τῆς</span> <span class='ocrx_word' id='word_1_263' title='bbox 3182 1109 3421 1181; x_wconf 83' lang='grc' dir='ltr'><strong>ἱστορίας</strong></span> <span class='ocrx_word' id='word_1_264' title='bbox 3455 1107 3611 1176; x_wconf 84' lang='grc' dir='ltr'>λόγος</span> <span class='ocrx_word' id='word_1_265' title='bbox 3655 1108 3773 1178; x_wconf 80' lang='grc' dir='ltr'><strong>έχοι</strong></span> 
     </span>
    </p>
   </div>
   <div class='ocr_carea' id='block_1_40' title="bbox 2186 1194 3770 1270">
    <p class='ocr_par' dir='ltr' id='par_1_40' title="bbox 2186 1194 3770 1270">
     <span class='ocr_line' id='line_1_40' title="bbox 2186 1194 3770 1270; baseline 0.003 -21"><span class='ocrx_word' id='word_1_266' title='bbox 2186 1194 2253 1249; x_wconf 89' lang='grc' dir='ltr'>ἂν</span> <span class='ocrx_word' id='word_1_267' title='bbox 2287 1198 2419 1267; x_wconf 80' lang='grc' dir='ltr'>ἡμῖν</span> <span class='ocrx_word' id='word_1_268' title='bbox 2454 1197 2530 1261; x_wconf 89' lang='grc' dir='ltr'>ὡς</span> <span class='ocrx_word' id='word_1_269' title='bbox 2565 1200 2624 1252; x_wconf 84' lang='grc' dir='ltr'>ἐν</span> <span class='ocrx_word' id='word_1_270' title='bbox 2652 1199 2801 1253; x_wconf 77' lang='grc' dir='ltr'>ἔθεσι</span> <span class='ocrx_word' id='word_1_271' title='bbox 2824 1201 2935 1254; x_wconf 90' lang='grc' dir='ltr'>τῶν</span> <span class='ocrx_word' id='word_1_272' title='bbox 2961 1201 3275 1270; x_wconf 77' lang='grc' dir='ltr'><strong>Αἰγυπτίων</strong></span> <span class='ocrx_word' id='word_1_273' title='bbox 3312 1200 3389 1269; x_wconf 82' lang='grc'><strong>(1)</strong></span> <span class='ocrx_word' id='word_1_274' title='bbox 3428 1199 3489 1251; x_wconf 92' lang='grc' dir='ltr'><strong>τὸ</strong></span> <span class='ocrx_word' id='word_1_275' title='bbox 3522 1198 3770 1267; x_wconf 89' lang='grc' dir='ltr'>πιθανὸν,</span> 
     </span>
    </p>
   </div>
   <div class='ocr_carea' id='block_1_41' title="bbox 2186 1287 3773 1363">
    <p class='ocr_par' dir='ltr' id='par_1_41' title="bbox 2186 1287 3773 1363">
     <span class='ocr_line' id='line_1_41' title="bbox 2186 1287 3773 1363; baseline 0.005 -24"><span class='ocrx_word' id='word_1_276' title='bbox 2186 1287 2271 1358; x_wconf 77' lang='grc' dir='ltr'><strong>εἴη</strong></span> <span class='ocrx_word' id='word_1_277' title='bbox 2302 1289 2346 1341; x_wconf 90' lang='grc' dir='ltr'>δ’</span> <span class='ocrx_word' id='word_1_278' title='bbox 2371 1288 2438 1342; x_wconf 87' lang='grc' dir='ltr'>ἂν</span> <span class='ocrx_word' id='word_1_279' title='bbox 2467 1290 2643 1361; x_wconf 83' lang='grc' dir='ltr'><strong>ὀρθῶς</strong></span> <span class='ocrx_word' id='word_1_280' title='bbox 2666 1291 2955 1363; x_wconf 82' lang='grc' dir='ltr'><strong>εἰρημένον</strong></span> <span class='ocrx_word' id='word_1_281' title='bbox 2989 1292 3049 1346; x_wconf 88' lang='grc' dir='ltr'><strong>τὸ</strong></span> <span class='ocrx_word' id='word_1_282' title='bbox 3079 1292 3184 1346; x_wconf 84' lang='grc' dir='ltr'><strong>ὑπὸ</strong></span> <span class='ocrx_word' id='word_1_283' title='bbox 3212 1292 3305 1345; x_wconf 85' lang='grc' dir='ltr'><strong>τοῦ</strong></span> <span class='ocrx_word' id='word_1_284' title='bbox 3333 1289 3609 1360; x_wconf 83' lang='grc' dir='ltr'>πανσόφου</span> <span class='ocrx_word' id='word_1_285' title='bbox 3638 1292 3773 1347; x_wconf 78' lang='grc' dir='ltr'><strong>Μω-</strong></span> 
     </span>
    </p>
   </div>
   <div class='ocr_carea' id='block_1_42' title="bbox 2190 1378 3776 1453">
    <p class='ocr_par' dir='ltr' id='par_1_42' title="bbox 2190 1378 3776 1453">
     <span class='ocr_line' id='line_1_42' title="bbox 2190 1378 3776 1453; baseline 0.002 -23"><span class='ocrx_word' id='word_1_286' title='bbox 2190 1378 2345 1442; x_wconf 87' lang='grc' dir='ltr'>σέως,</span> <span class='ocrx_word' id='word_1_287' title='bbox 2394 1379 2496 1433; x_wconf 79' lang='grc' dir='ltr'>κᾶν</span> <span class='ocrx_word' id='word_1_288' title='bbox 2547 1383 2597 1434; x_wconf 81' lang='grc' dir='ltr'><strong>εί</strong></span> <span class='ocrx_word' id='word_1_289' title='bbox 2640 1384 2814 1435; x_wconf 88' lang='grc' dir='ltr'>νοοῖτο</span> <span class='ocrx_word' id='word_1_290' title='bbox 2865 1382 3272 1452; x_wconf 82' lang='grc' dir='ltr'><strong>πνευματικῶς.</strong></span> <span class='ocrx_word' id='word_1_291' title='bbox 3316 1381 3438 1453; x_wconf 81' lang='grc' dir='ltr'>Χρὴ</span> <span class='ocrx_word' id='word_1_292' title='bbox 3483 1379 3592 1450; x_wconf 83' lang='grc' dir='ltr'>γὰρ</span> <span class='ocrx_word' id='word_1_293' title='bbox 3624 1382 3776 1451; x_wconf 76' lang='grc' dir='ltr'>ἡμᾶς</span> 
     </span>
    </p>
   </div>
   <div class='ocr_carea' id='block_1_43' title="bbox 2187 1471 3777 1546">
    <p class='ocr_par' dir='ltr' id='par_1_43' title="bbox 2187 1471 3777 1546">
     <span class='ocr_line' id='line_1_43' title="bbox 2187 1471 3777 1546; baseline 0.002 -23"><span class='ocrx_word' id='word_1_294' title='bbox 2187 1471 2262 1534; x_wconf 86' lang='grc' dir='ltr'>ὡς</span> <span class='ocrx_word' id='word_1_295' title='bbox 2295 1473 2353 1525; x_wconf 87' lang='grc' dir='ltr'>ἐν</span> <span class='ocrx_word' id='word_1_296' title='bbox 2392 1474 2584 1544; x_wconf 83' lang='grc' dir='ltr'>ἐρήμῳ</span> <span class='ocrx_word' id='word_1_297' title='bbox 2620 1474 2787 1539; x_wconf 82' lang='grc' dir='ltr'><strong>θύειν,</strong></span> <span class='ocrx_word' id='word_1_298' title='bbox 2831 1476 2925 1528; x_wconf 75' lang='grc' dir='ltr'>καὶ</span> <span class='ocrx_word' id='word_1_299' title='bbox 2962 1475 3154 1546; x_wconf 77' lang='grc' dir='ltr'>ἑορτὴν</span> <span class='ocrx_word' id='word_1_300' title='bbox 3186 1473 3349 1542; x_wconf 89' lang='grc' dir='ltr'>ἀγίαν</span> <span class='ocrx_word' id='word_1_301' title='bbox 3377 1472 3777 1546; x_wconf 81' lang='grc' dir='ltr'>ἀποπεραίνειν</span> 
     </span>
    </p>
   </div>
   <div class='ocr_carea' id='block_1_44' title="bbox 2189 1560 3778 1634">
    <p class='ocr_par' dir='ltr' id='par_1_44' title="bbox 2189 1560 3778 1634">
     <span class='ocr_line' id='line_1_44' title="bbox 2189 1560 3778 1634; baseline 0.003 -21"><span class='ocrx_word' id='word_1_302' title='bbox 2189 1560 2329 1632; x_wconf 82' lang='grc' dir='ltr'>Θεῷ,</span> <span class='ocrx_word' id='word_1_303' title='bbox 2368 1563 2467 1633; x_wconf 82' lang='grc' dir='ltr'><strong>τῆς</strong></span> <span class='ocrx_word' id='word_1_304' title='bbox 2518 1562 2833 1631; x_wconf 75' lang='grc' dir='ltr'><strong>Αἰγυπτίων</strong></span> <span class='ocrx_word' id='word_1_305' title='bbox 2879 1564 3245 1634; x_wconf 87' lang='grc' dir='ltr'>ἀπαίροντας,</span> <span class='ocrx_word' id='word_1_306' title='bbox 3284 1563 3671 1634; x_wconf 86' lang='grc' dir='ltr'>παραιτεῖσθαι</span> <span class='ocrx_word' id='word_1_307' title='bbox 3717 1564 3778 1617; x_wconf 83' lang='grc' dir='ltr'>δὲ</span> 
     </span>
    </p>
   </div>
   <div class='ocr_carea' id='block_1_45' title="bbox 2190 1654 3780 1728">
    <p class='ocr_par' dir='ltr' id='par_1_45' title="bbox 2190 1654 3780 1728">
     <span class='ocr_line' id='line_1_45' title="bbox 2190 1654 3780 1728; baseline 0.002 -22"><span class='ocrx_word' id='word_1_308' title='bbox 2190 1654 2286 1707; x_wconf 74' lang='grc' dir='ltr'>καὶ</span> <span class='ocrx_word' id='word_1_309' title='bbox 2315 1654 2547 1708; x_wconf 85' lang='grc' dir='ltr'>θανάτου</span> <span class='ocrx_word' id='word_1_310' title='bbox 2573 1656 2722 1710; x_wconf 90' lang='grc' dir='ltr'><strong>θέαν.</strong></span> <span class='ocrx_word' id='word_1_311' title='bbox 2750 1656 2993 1727; x_wconf 83' lang='grc' dir='ltr'>Σχολαίῳ</span> <span class='ocrx_word' id='word_1_312' title='bbox 3021 1656 3132 1728; x_wconf 79' lang='grc' dir='ltr'><strong>γὰρ</strong></span> <span class='ocrx_word' id='word_1_313' title='bbox 3165 1655 3240 1727; x_wconf 83' lang='grc' dir='ltr'><strong>νῷ</strong></span> <span class='ocrx_word' id='word_1_314' title='bbox 3267 1656 3362 1710; x_wconf 78' lang='grc' dir='ltr'>καὶ</span> <span class='ocrx_word' id='word_1_315' title='bbox 3387 1655 3644 1726; x_wconf 77' lang='grc' dir='ltr'>βεϐηκότι</span> <span class='ocrx_word' id='word_1_316' title='bbox 3673 1673 3780 1727; x_wconf 90' lang='grc' dir='ltr'>μα-</span> 
     </span>
    </p>
   </div>
   <div class='ocr_carea' id='block_1_46' title="bbox 2191 1744 3781 1818">
    <p class='ocr_par' dir='ltr' id='par_1_46' title="bbox 2191 1744 3781 1818">
     <span class='ocr_line' id='line_1_46' title="bbox 2191 1744 3781 1818; baseline 0.003 -21"><span class='ocrx_word' id='word_1_317' title='bbox 2191 1744 2334 1816; x_wconf 87' lang='grc' dir='ltr'>κρὰν</span> <span class='ocrx_word' id='word_1_318' title='bbox 2377 1746 2470 1799; x_wconf 77' lang='grc' dir='ltr'><strong>τοῦ</strong></span> <span class='ocrx_word' id='word_1_319' title='bbox 2515 1747 3005 1812; x_wconf 76' lang='grc' dir='ltr'>κατασκοτίζεσθαι</span> <span class='ocrx_word' id='word_1_320' title='bbox 3048 1747 3367 1818; x_wconf 86' lang='grc' dir='ltr'>κοσμικῶς,</span> <span class='ocrx_word' id='word_1_321' title='bbox 3416 1748 3511 1801; x_wconf 74' lang='grc' dir='ltr'><strong>καὶ</strong></span> <span class='ocrx_word' id='word_1_322' title='bbox 3543 1747 3652 1801; x_wconf 88' lang='grc' dir='ltr'><strong>τῶν</strong></span> <span class='ocrx_word' id='word_1_323' title='bbox 3696 1750 3781 1813; x_wconf 86' lang='grc' dir='ltr'><strong>εἱς</strong></span> 
     </span>
    </p>
   </div>
   <div class='ocr_carea' id='block_1_47' title="bbox 2193 1836 3781 1910">
    <p class='ocr_par' dir='ltr' id='par_1_47' title="bbox 2193 1836 3781 1910">
     <span class='ocr_line' id='line_1_47' title="bbox 2193 1836 3781 1910; baseline 0.004 -24"><span class='ocrx_word' id='word_1_324' title='bbox 2193 1836 2496 1905; x_wconf 86' lang='grc' dir='ltr'>νεκρότητα</span> <span class='ocrx_word' id='word_1_325' title='bbox 2519 1837 2614 1891; x_wconf 76' lang='grc' dir='ltr'><strong>καὶ</strong></span> <span class='ocrx_word' id='word_1_326' title='bbox 2633 1836 2842 1907; x_wconf 76' lang='grc' dir='ltr'><strong>φθορὰν</strong></span> <span class='ocrx_word' id='word_1_327' title='bbox 2874 1837 3352 1908; x_wconf 77' lang='grc' dir='ltr'><strong>κατακομιζόντων</strong></span> <span class='ocrx_word' id='word_1_328' title='bbox 3377 1837 3471 1890; x_wconf 91' lang='grc' dir='ltr'><strong>τὸν</strong></span> <span class='ocrx_word' id='word_1_329' title='bbox 3497 1837 3781 1910; x_wconf 84' lang='grc' dir='ltr'>ὀφθαλμὸν</span> 
     </span>
    </p>
   </div>
   <div class='ocr_carea' id='block_1_48' title="bbox 2186 1925 3786 2002">
    <p class='ocr_par' dir='ltr' id='par_1_48' title="bbox 2186 1925 3786 2002">
     <span class='ocr_line' id='line_1_48' title="bbox 2186 1925 3786 2002; baseline 0.003 -24"><span class='ocrx_word' id='word_1_330' title='bbox 2186 1925 2623 1992; x_wconf 85' lang='grc' dir='ltr'>ἀπαλλάττοντες</span> <span class='ocrx_word' id='word_1_331' title='bbox 2644 1969 2660 1993; x_wconf 94' lang='grc'><strong>,</strong></span> <span class='ocrx_word' id='word_1_332' title='bbox 2692 1927 2929 1999; x_wconf 86' lang='grc' dir='ltr'>θύσομεν</span> <span class='ocrx_word' id='word_1_333' title='bbox 2977 1927 3232 2000; x_wconf 82' lang='grc' dir='ltr'><strong>καθαρῶς</strong></span> <span class='ocrx_word' id='word_1_334' title='bbox 3260 1925 3339 1999; x_wconf 81' lang='grc' dir='ltr'><strong>τῷ</strong></span> <span class='ocrx_word' id='word_1_335' title='bbox 3383 1927 3602 1983; x_wconf 85' lang='grc' dir='ltr'>πάντων</span> <span class='ocrx_word' id='word_1_336' title='bbox 3642 1946 3786 2002; x_wconf 87' lang='grc' dir='ltr'>κρα-</span> 
     </span>
    </p>
   </div>
   <div class='ocr_carea' id='block_1_49' title="bbox 2183 2016 3783 2093">
    <p class='ocr_par' dir='ltr' id='par_1_49' title="bbox 2183 2016 3783 2093">
     <span class='ocr_line' id='line_1_49' title="bbox 2183 2016 3783 2093; baseline 0.002 -22"><span class='ocrx_word' id='word_1_337' title='bbox 2183 2016 2367 2071; x_wconf 82' lang='grc' dir='ltr'>τοῦντι</span> <span class='ocrx_word' id='word_1_338' title='bbox 2397 2018 2537 2090; x_wconf 83' lang='grc' dir='ltr'>Θεῷ.</span> <span class='ocrx_word' id='word_1_339' title='bbox 2565 2020 2742 2091; x_wconf 88' lang='grc' dir='ltr'><strong>Ἔργα</strong></span> <span class='ocrx_word' id='word_1_340' title='bbox 2774 2020 2833 2074; x_wconf 84' lang='grc' dir='ltr'>δὲ</span> <span class='ocrx_word' id='word_1_341' title='bbox 2861 2019 3053 2093; x_wconf 85' lang='grc' dir='ltr'>νεκρὰ,</span> <span class='ocrx_word' id='word_1_342' title='bbox 3081 2019 3150 2073; x_wconf 88' lang='grc' dir='ltr'><strong>τά</strong></span> <span class='ocrx_word' id='word_1_343' title='bbox 3178 2019 3381 2091; x_wconf 87' lang='grc' dir='ltr'>σαρκὸς</span> <span class='ocrx_word' id='word_1_344' title='bbox 3407 2019 3473 2074; x_wconf 81' lang='grc' dir='ltr'>ἂν</span> <span class='ocrx_word' id='word_1_345' title='bbox 3501 2020 3608 2092; x_wconf 84' lang='grc' dir='ltr'>είη.</span> <span class='ocrx_word' id='word_1_346' title='bbox 3641 2021 3783 2074; x_wconf 84' lang='grc' dir='ltr'>Σκο-</span> 
     </span>
    </p>
   </div>
   <div class='ocr_carea' id='block_1_50' title="bbox 2184 2111 3783 2183">
    <p class='ocr_par' dir='ltr' id='par_1_50' title="bbox 2184 2111 3783 2183">
     <span class='ocr_line' id='line_1_50' title="bbox 2184 2111 3783 2183; baseline 0.002 -19"><span class='ocrx_word' id='word_1_347' title='bbox 2184 2111 2377 2181; x_wconf 86' lang='grc' dir='ltr'>τισμὸς</span> <span class='ocrx_word' id='word_1_348' title='bbox 2433 2112 2489 2165; x_wconf 86' lang='grc' dir='ltr'>δὲ</span> <span class='ocrx_word' id='word_1_349' title='bbox 2534 2112 2839 2183; x_wconf 87' lang='grc' dir='ltr'>κοσμικὸς,</span> <span class='ocrx_word' id='word_1_350' title='bbox 2885 2114 2918 2183; x_wconf 88' lang='grc' dir='ltr'><strong>ή</strong></span> <span class='ocrx_word' id='word_1_351' title='bbox 2961 2115 3027 2167; x_wconf 88' lang='grc' dir='ltr'><strong>ἐκ</strong></span> <span class='ocrx_word' id='word_1_352' title='bbox 3080 2111 3336 2183; x_wconf 82' lang='grc' dir='ltr'><strong>πονηρῶν</strong></span> <span class='ocrx_word' id='word_1_353' title='bbox 3406 2114 3502 2167; x_wconf 78' lang='grc' dir='ltr'><strong>καὶ</strong></span> <span class='ocrx_word' id='word_1_354' title='bbox 3555 2113 3783 2167; x_wconf 88' lang='grc' dir='ltr'>εἱκαίων</span> 
     </span>
    </p>
   </div>
   <div class='ocr_carea' id='block_1_51' title="bbox 2189 2201 3784 2274">
    <p class='ocr_par' dir='ltr' id='par_1_51' title="bbox 2189 2201 3784 2274">
     <span class='ocr_line' id='line_1_51' title="bbox 2189 2201 3784 2274; baseline 0.001 -19"><span class='ocrx_word' id='word_1_355' title='bbox 2189 2201 2593 2273; x_wconf 88' lang='grc' dir='ltr'>περισπασμῶν</span> <span class='ocrx_word' id='word_1_356' title='bbox 2614 2202 2935 2265; x_wconf 80' lang='grc' dir='ltr'>ἐπιθόλωσις</span> <span class='ocrx_word' id='word_1_357' title='bbox 2951 2242 2966 2267; x_wconf 97' lang='grc'><strong>,</strong></span> <span class='ocrx_word' id='word_1_358' title='bbox 2990 2201 3081 2255; x_wconf 89' lang='grc' dir='ltr'><strong>τὸν</strong></span> <span class='ocrx_word' id='word_1_359' title='bbox 3107 2201 3347 2274; x_wconf 89' lang='grc' dir='ltr'>καθαρόν</span> <span class='ocrx_word' id='word_1_360' title='bbox 3375 2219 3437 2255; x_wconf 87' lang='grc' dir='ltr'><strong>τε</strong></span> <span class='ocrx_word' id='word_1_361' title='bbox 3463 2202 3558 2256; x_wconf 72' lang='grc' dir='ltr'>καὶ</span> <span class='ocrx_word' id='word_1_362' title='bbox 3578 2202 3784 2274; x_wconf 82' lang='grc' dir='ltr'>διαυγῆ</span> 
     </span>
    </p>
   </div>
   <div class='ocr_carea' id='block_1_52' title="bbox 2186 2287 3788 2367">
    <p class='ocr_par' dir='ltr' id='par_1_52' title="bbox 2186 2287 3788 2367">
     <span class='ocr_line' id='line_1_52' title="bbox 2186 2287 3788 2367; baseline 0.001 -22"><span class='ocrx_word' id='word_1_363' title='bbox 2186 2293 2290 2363; x_wconf 80' lang='grc' dir='ltr'>τῆς</span> <span class='ocrx_word' id='word_1_364' title='bbox 2321 2293 2563 2357; x_wconf 82' lang='grc' dir='ltr'><strong>διανοίας</strong></span> <span class='ocrx_word' id='word_1_365' title='bbox 2587 2294 2785 2366; x_wconf 79' lang='grc' dir='ltr'><strong>αἰθέρα</strong></span> <span class='ocrx_word' id='word_1_366' title='bbox 2828 2293 3304 2365; x_wconf 88' lang='grc' dir='ltr'>καταμολύνουσα.</span> <span class='ocrx_word' id='word_1_367' title='bbox 3340 2287 3443 2350; x_wconf 78' lang='grc' dir='ltr'>Ὧν</span> <span class='ocrx_word' id='word_1_368' title='bbox 3480 2294 3565 2348; x_wconf 81' lang='grc' dir='ltr'><strong>ὅτι</strong></span> <span class='ocrx_word' id='word_1_369' title='bbox 3607 2310 3788 2367; x_wconf 88' lang='grc' dir='ltr'>προσ-</span> 
     </span>
    </p>
   </div>
   <div class='ocr_carea' id='block_1_53' title="bbox 2188 2384 3786 2464">
    <p class='ocr_par' dir='ltr' id='par_1_53' title="bbox 2188 2384 3786 2464">
     <span class='ocr_line' id='line_1_53' title="bbox 2188 2384 3786 2464; baseline 0.006 -27"><span class='ocrx_word' id='word_1_370' title='bbox 2188 2384 2322 2455; x_wconf 80' lang='grc' dir='ltr'>ῆκεν</span> <span class='ocrx_word' id='word_1_371' title='bbox 2387 2387 2846 2456; x_wconf 72' lang='grc' dir='ltr'>ἀπονοσφίζεσθαι</span> <span class='ocrx_word' id='word_1_372' title='bbox 2918 2392 3047 2455; x_wconf 80' lang='grc' dir='ltr'>τοὺς</span> <span class='ocrx_word' id='word_1_373' title='bbox 3117 2390 3429 2463; x_wconf 72' lang='grc' dir='ltr'>εἰλικρινῶς</span> <span class='ocrx_word' id='word_1_374' title='bbox 3496 2390 3786 2464; x_wconf 85' lang='grc' dir='ltr'>λατρεύειν</span> 
     </span>
    </p>
   </div>
   <div class='ocr_carea' id='block_1_54' title="bbox 2191 2474 3783 2556">
    <p class='ocr_par' dir='ltr' id='par_1_54' title="bbox 2191 2474 3783 2556">
     <span class='ocr_line' id='line_1_54' title="bbox 2191 2474 3783 2556; baseline 0.008 -29"><span class='ocrx_word' id='word_1_375' title='bbox 2191 2474 2493 2544; x_wconf 83' lang='grc' dir='ltr'>ἐθέλοντας,</span> <span class='ocrx_word' id='word_1_376' title='bbox 2524 2480 2618 2533; x_wconf 76' lang='grc' dir='ltr'>καὶ</span> <span class='ocrx_word' id='word_1_377' title='bbox 2651 2481 2680 2534; x_wconf 88' lang='grc' dir='ltr'>ό</span> <span class='ocrx_word' id='word_1_378' title='bbox 2712 2481 2810 2553; x_wconf 83' lang='grc' dir='ltr'><strong>τῆς</strong></span> <span class='ocrx_word' id='word_1_379' title='bbox 2838 2482 3079 2556; x_wconf 77' lang='grc' dir='ltr'>ἱστορίας</span> <span class='ocrx_word' id='word_1_380' title='bbox 3106 2484 3259 2555; x_wconf 80' lang='grc' dir='ltr'>ἡμᾶς</span> <span class='ocrx_word' id='word_1_381' title='bbox 3288 2483 3573 2538; x_wconf 82' lang='grc' dir='ltr'>ἀναπείθει</span> <span class='ocrx_word' id='word_1_382' title='bbox 3601 2485 3783 2555; x_wconf 90' lang='grc' dir='ltr'>λόγος.</span> 
     </span>
    </p>
   </div>
   <div class='ocr_carea' id='block_1_55' title="bbox 2186 2667 3795 2747">
    <p class='ocr_par' dir='ltr' id='par_1_55' title="bbox 2186 2667 3795 2747">
     <span class='ocr_line' id='line_1_55' title="bbox 2186 2667 3795 2747; baseline 0.007 -29"><span class='ocrx_word' id='word_1_383' title='bbox 2186 2690 2201 2698; x_wconf 76' lang='grc'><strong>-</strong></span> <span class='ocrx_word' id='word_1_384' title='bbox 2237 2667 2472 2737; x_wconf 77' lang='grc' dir='ltr'><strong>ΠΑΛΑ.</strong></span> <span class='ocrx_word' id='word_1_385' title='bbox 2504 2670 2613 2724; x_wconf 70' lang='grc' dir='ltr'><strong>Καὶ</strong></span> <span class='ocrx_word' id='word_1_386' title='bbox 2643 2670 2749 2742; x_wconf 80' lang='grc' dir='ltr'><strong>μὴν</strong></span> <span class='ocrx_word' id='word_1_387' title='bbox 2766 2671 2926 2726; x_wconf 83' lang='grc' dir='ltr'>τοῦτό</span> <span class='ocrx_word' id='word_1_388' title='bbox 2948 2671 3011 2742; x_wconf 84' lang='grc' dir='ltr'><strong>γέ</strong></span> <span class='ocrx_word' id='word_1_389' title='bbox 3031 2675 3181 2729; x_wconf 88' lang='grc' dir='ltr'>ἐστιν</span> <span class='ocrx_word' id='word_1_390' title='bbox 3210 2675 3312 2729; x_wconf 85' lang='grc' dir='ltr'>οὐκ</span> <span class='ocrx_word' id='word_1_391' title='bbox 3341 2675 3683 2747; x_wconf 74' lang='grc' dir='ltr'>ἀσυμφανέςο</span> <span class='ocrx_word' id='word_1_392' title='bbox 3714 2673 3795 2729; x_wconf 69' lang='grc' dir='ltr'>τὰ</span> 
     </span>
    </p>
   </div>
   <div class='ocr_carea' id='block_1_56' title="bbox 2190 2752 3067 2836">
    <p class='ocr_par' dir='ltr' id='par_1_56' title="bbox 2190 2752 3067 2836">
     <span class='ocr_line' id='line_1_56' title="bbox 2190 2752 3067 2836; baseline 0.008 -25"><span class='ocrx_word' id='word_1_393' title='bbox 2190 2755 2235 2811; x_wconf 85' lang='grc' dir='ltr'>δ’</span> <span class='ocrx_word' id='word_1_394' title='bbox 2255 2752 2350 2814; x_wconf 84' lang='grc' dir='ltr'><strong>οὖν</strong></span> <span class='ocrx_word' id='word_1_395' title='bbox 2379 2759 2579 2831; x_wconf 81' lang='grc' dir='ltr'>ἐφεξῆς</span> <span class='ocrx_word' id='word_1_396' title='bbox 2606 2762 2920 2836; x_wconf 86' lang='grc' dir='ltr'>διαπέραινέ</span> <span class='ocrx_word' id='word_1_397' title='bbox 2955 2782 3067 2836; x_wconf 89' lang='grc' dir='ltr'><strong>μοι.</strong></span> 
     </span>
    </p>
   </div>
   <div class='ocr_carea' id='block_1_57' title="bbox 2263 2935 3790 3014">
    <p class='ocr_par' dir='ltr' id='par_1_57' title="bbox 2263 2935 3790 3014">
     <span class='ocr_line' id='line_1_57' title="bbox 2263 2935 3790 3014; baseline 0.001 -20"><span class='ocrx_word' id='word_1_398' title='bbox 2263 2939 2428 2994; x_wconf 89' lang='grc' dir='ltr'><strong>ΚΥΡ.</strong></span> <span class='ocrx_word' id='word_1_399' title='bbox 2461 2937 2602 3004; x_wconf 80' lang='grc' dir='ltr'>Τοὺς</span> <span class='ocrx_word' id='word_1_400' title='bbox 2627 2939 2726 3010; x_wconf 85' lang='grc' dir='ltr'><strong>μὲν</strong></span> <span class='ocrx_word' id='word_1_401' title='bbox 2749 2935 2843 2995; x_wconf 82' lang='grc' dir='ltr'><strong>οὖν</strong></span> <span class='ocrx_word' id='word_1_402' title='bbox 2870 2939 2931 3007; x_wconf 83' lang='grc' dir='ltr'><strong>ἐξ</strong></span> <span class='ocrx_word' id='word_1_403' title='bbox 2967 2940 3185 3014; x_wconf 79' lang='grc' dir='ltr'>Ἰσραὴλ</span> <span class='ocrx_word' id='word_1_404' title='bbox 3214 2942 3494 3007; x_wconf 87' lang='grc' dir='ltr'>δύσοιστος</span> <span class='ocrx_word' id='word_1_405' title='bbox 3523 2940 3677 3013; x_wconf 75' lang='grc' dir='ltr'>οἶμαί</span> <span class='ocrx_word' id='word_1_406' title='bbox 3700 2958 3790 3006; x_wconf 86' lang='grc' dir='ltr'><strong>τις</strong></span> 
     </span>
    </p>
   </div>
   <div class='ocr_carea' id='block_1_58' title="bbox 2192 3031 3788 3108">
    <p class='ocr_par' dir='ltr' id='par_1_58' title="bbox 2192 3031 3788 3108">
     <span class='ocr_line' id='line_1_58' title="bbox 2192 3031 3788 3108; baseline 0.002 -23"><span class='ocrx_word' id='word_1_407' title='bbox 2192 3033 2289 3085; x_wconf 75' lang='grc' dir='ltr'><strong>καὶ</strong></span> <span class='ocrx_word' id='word_1_408' title='bbox 2333 3031 2533 3104; x_wconf 84' lang='grc' dir='ltr'>δριμὺς</span> <span class='ocrx_word' id='word_1_409' title='bbox 2578 3032 2679 3103; x_wconf 85' lang='grc' dir='ltr'>τῆς</span> <span class='ocrx_word' id='word_1_410' title='bbox 2730 3034 2965 3105; x_wconf 81' lang='grc' dir='ltr'>ἀρχαίας</span> <span class='ocrx_word' id='word_1_411' title='bbox 3017 3034 3329 3108; x_wconf 77' lang='grc' dir='ltr'>ἐλευθερίας</span> <span class='ocrx_word' id='word_1_412' title='bbox 3365 3034 3567 3090; x_wconf 89' lang='grc' dir='ltr'>εἱσέθει</span> <span class='ocrx_word' id='word_1_413' title='bbox 3601 3034 3788 3099; x_wconf 79' lang='grc' dir='ltr'>πόθοςο</span> 
     </span>
    </p>
   </div>
   <div class='ocr_carea' id='block_1_59' title="bbox 2194 3125 3793 3203">
    <p class='ocr_par' dir='ltr' id='par_1_59' title="bbox 2194 3125 3793 3203">
     <span class='ocr_line' id='line_1_59' title="bbox 2194 3125 3793 3203; baseline -0.002 -21"><span class='ocrx_word' id='word_1_414' title='bbox 2194 3126 2618 3190; x_wconf 84' lang='grc' dir='ltr'>ἀπονενευκότες</span> <span class='ocrx_word' id='word_1_415' title='bbox 2642 3126 2700 3180; x_wconf 84' lang='grc' dir='ltr'>δὲ</span> <span class='ocrx_word' id='word_1_416' title='bbox 2720 3126 2821 3197; x_wconf 71' lang='grc' dir='ltr'><strong>ἤδη</strong></span> <span class='ocrx_word' id='word_1_417' title='bbox 2852 3126 2989 3195; x_wconf 87' lang='grc' dir='ltr'>πρὸς</span> <span class='ocrx_word' id='word_1_418' title='bbox 3003 3126 3182 3195; x_wconf 78' lang='grc' dir='ltr'>τοῦτο,</span> <span class='ocrx_word' id='word_1_419' title='bbox 3217 3127 3406 3191; x_wconf 87' lang='grc' dir='ltr'>δεινῶς</span> <span class='ocrx_word' id='word_1_420' title='bbox 3430 3146 3566 3203; x_wconf 84' lang='grc' dir='ltr'>κατη</span> <span class='ocrx_word' id='word_1_421' title='bbox 3577 3125 3793 3199; x_wconf 84' lang='grc' dir='ltr'><strong>ρέθιζον</strong></span> 
     </span>
    </p>
   </div>
   <div class='ocr_carea' id='block_1_60' title="bbox 500 3213 2093 3295">
    <p class='ocr_par' dir='ltr' id='par_1_60' title="bbox 500 3213 2093 3295">
     <span class='ocr_line' id='line_1_60' title="bbox 500 3213 2093 3295; baseline 0.01 -28"><span class='ocrx_word' id='word_1_422' title='bbox 500 3213 621 3284; x_wconf 86' lang='lat' dir='ltr'><strong>ejus</strong></span> <span class='ocrx_word' id='word_1_423' title='bbox 645 3214 774 3280; x_wconf 90' lang='lat' dir='ltr'><strong>iras,</strong></span> <span class='ocrx_word' id='word_1_424' title='bbox 803 3218 898 3286; x_wconf 91' lang='lat' dir='ltr'><strong>qui</strong></span> <span class='ocrx_word' id='word_1_425' title='bbox 918 3218 1027 3274; x_wconf 87' lang='lat' dir='ltr'><strong>illis</strong></span> <span class='ocrx_word' id='word_1_426' title='bbox 1046 3220 1236 3291; x_wconf 84' lang='lat' dir='ltr'><strong>jugum</strong></span> <span class='ocrx_word' id='word_1_427' title='bbox 1260 3222 1544 3279; x_wconf 90' lang='lat' dir='ltr'><strong>servitutis</strong></span> <span class='ocrx_word' id='word_1_428' title='bbox 1567 3224 1921 3295; x_wconf 87' lang='lat' dir='ltr'><strong>imposuerat,</strong></span> <span class='ocrx_word' id='word_1_429' title='bbox 1946 3244 2093 3282; x_wconf 77' lang='lat' dir='ltr'><strong>com—</strong></span> 
     </span>
    </p>
   </div>
   <div class='ocr_carea' id='block_1_61' title="bbox 2195 3213 3792 3295">
    <p class='ocr_par' dir='ltr' id='par_1_61' title="bbox 2197 3217 3792 3289">
     <span class='ocr_line' id='line_1_61' title="bbox 2197 3217 3792 3289; baseline -0.001 -17"><span class='ocrx_word' id='word_1_430' title='bbox 2197 3221 2277 3283; x_wconf 84' lang='grc' dir='ltr'><strong>εἰς</strong></span> <span class='ocrx_word' id='word_1_431' title='bbox 2302 3218 2473 3289; x_wconf 83' lang='grc' dir='ltr'>ὀργὰς</span> <span class='ocrx_word' id='word_1_432' title='bbox 2496 3218 2587 3272; x_wconf 87' lang='grc' dir='ltr'><strong>τὸν</strong></span> <span class='ocrx_word' id='word_1_433' title='bbox 2624 3221 2737 3283; x_wconf 80' lang='grc' dir='ltr'>τοῖς</span> <span class='ocrx_word' id='word_1_434' title='bbox 2759 3218 2859 3289; x_wconf 79' lang='grc' dir='ltr'>τῆς</span> <span class='ocrx_word' id='word_1_435' title='bbox 2886 3217 3129 3283; x_wconf 86' lang='grc' dir='ltr'>δουλείας</span> <span class='ocrx_word' id='word_1_436' title='bbox 3158 3218 3556 3289; x_wconf 86' lang='grc' dir='ltr'>ἐγκαταδέοντα</span> <span class='ocrx_word' id='word_1_437' title='bbox 3584 3219 3792 3287; x_wconf 77' lang='grc' dir='ltr'>ζυγοῖς.</span> 
     </span>
    </p>
   </div>
   <div class='ocr_carea' id='block_1_62' title="bbox 502 3309 2094 3386">
    <p class='ocr_par' dir='ltr' id='par_1_62' title="bbox 502 3309 2094 3386">
     <span class='ocr_line' id='line_1_62' title="bbox 502 3309 2094 3386; baseline 0.011 -28"><span class='ocrx_word' id='word_1_438' title='bbox 502 3316 826 3374; x_wconf 87' lang='lat' dir='ltr'><strong>moverunt;</strong></span> <span class='ocrx_word' id='word_1_439' title='bbox 858 3309 953 3379; x_wconf 89' lang='lat' dir='ltr'><strong>qui</strong></span> <span class='ocrx_word' id='word_1_440' title='bbox 993 3325 1119 3365; x_wconf 92' lang='lat' dir='ltr'><strong>eum</strong></span> <span class='ocrx_word' id='word_1_441' title='bbox 1150 3313 1360 3369; x_wconf 90' lang='lat' dir='ltr'><strong>diceret</strong></span> <span class='ocrx_word' id='word_1_442' title='bbox 1383 3315 1701 3386; x_wconf 90' lang='lat' dir='ltr'><strong>hujusmodi</strong></span> <span class='ocrx_word' id='word_1_443' title='bbox 1732 3333 1916 3372; x_wconf 89' lang='lat' dir='ltr'><strong>rerum</strong></span> <span class='ocrx_word' id='word_1_444' title='bbox 1946 3319 2094 3375; x_wconf 85' lang='lat' dir='ltr'><strong>desi-</strong></span> 
     </span>
    </p>
   </div>
   <div class='ocr_carea' id='block_1_63' title="bbox 504 3394 2097 3478">
    <p class='ocr_par' dir='ltr' id='par_1_63' title="bbox 504 3394 2097 3478">
     <span class='ocr_line' id='line_1_63' title="bbox 504 3394 2097 3478; baseline 0.009 -28"><span class='ocrx_word' id='word_1_445' title='bbox 504 3394 725 3452; x_wconf 89' lang='lat' dir='ltr'><strong>derium</strong></span> <span class='ocrx_word' id='word_1_446' title='bbox 753 3415 821 3453; x_wconf 79' lang='lat' dir='ltr'><strong>ex</strong></span> <span class='ocrx_word' id='word_1_447' title='bbox 856 3400 973 3456; x_wconf 88' lang='lat' dir='ltr'><strong>otio</strong></span> <span class='ocrx_word' id='word_1_448' title='bbox 1003 3402 1359 3470; x_wconf 90' lang='lat' dir='ltr'><strong>descendere,</strong></span> <span class='ocrx_word' id='word_1_449' title='bbox 1388 3409 1576 3477; x_wconf 81' lang='lat' dir='ltr'><strong>augeri</strong></span> <span class='ocrx_word' id='word_1_450' title='bbox 1604 3407 1715 3463; x_wconf 88' lang='lat' dir='ltr'><strong>illis</strong></span> <span class='ocrx_word' id='word_1_451' title='bbox 1743 3424 1971 3478; x_wconf 89' lang='lat' dir='ltr'><strong>operum</strong></span> <span class='ocrx_word' id='word_1_452' title='bbox 2002 3426 2097 3464; x_wconf 90' lang='lat' dir='ltr'><strong>su-</strong></span> 
     </span>
    </p>
   </div>
   <div class='ocr_carea' id='block_1_64' title="bbox 504 3487 2097 3568">
    <p class='ocr_par' dir='ltr' id='par_1_64' title="bbox 504 3487 2097 3568">
     <span class='ocr_line' id='line_1_64' title="bbox 504 3487 2097 3568; baseline 0.01 -27"><span class='ocrx_word' id='word_1_453' title='bbox 504 3487 694 3543; x_wconf 91' lang='lat' dir='ltr'><strong>dorem</strong></span> <span class='ocrx_word' id='word_1_454' title='bbox 746 3490 1103 3562; x_wconf 90' lang='lat' dir='ltr'><strong>laboremque</strong></span> <span class='ocrx_word' id='word_1_455' title='bbox 1136 3495 1319 3567; x_wconf 65' lang='lat' dir='ltr'><strong>jussit,</strong></span> <span class='ocrx_word' id='word_1_456' title='bbox 1352 3497 1539 3568; x_wconf 83' lang='lat' dir='ltr'><strong>Itaque</strong></span> <span class='ocrx_word' id='word_1_457' title='bbox 1570 3506 1629 3553; x_wconf 87' lang='lat' dir='ltr'><strong>ut</strong></span> <span class='ocrx_word' id='word_1_458' title='bbox 1659 3499 1777 3554; x_wconf 88' lang='lat' dir='ltr'><strong>sine</strong></span> <span class='ocrx_word' id='word_1_459' title='bbox 1812 3500 1923 3554; x_wconf 88' lang='lat' dir='ltr'><strong>ulla</strong></span> <span class='ocrx_word' id='word_1_460' title='bbox 1958 3500 2097 3558; x_wconf 85' lang='lat' dir='ltr'><strong>dila-</strong></span> 
     </span>
    </p>
   </div>
   <div class='ocr_carea' id='block_1_65' title="bbox 506 3580 2096 3659">
    <p class='ocr_par' dir='ltr' id='par_1_65' title="bbox 506 3580 2096 3659">
     <span class='ocr_line' id='line_1_65' title="bbox 506 3580 2096 3659; baseline 0.006 -23"><span class='ocrx_word' id='word_1_461' title='bbox 506 3580 659 3636; x_wconf 92' lang='lat' dir='ltr'><strong>tione</strong></span> <span class='ocrx_word' id='word_1_462' title='bbox 700 3581 769 3636; x_wconf 91' lang='lat' dir='ltr'><strong>ab</strong></span> <span class='ocrx_word' id='word_1_463' title='bbox 805 3583 886 3638; x_wconf 89' lang='lat' dir='ltr'><strong>eis</strong></span> <span class='ocrx_word' id='word_1_464' title='bbox 927 3596 1315 3653; x_wconf 78' lang='lat' dir='ltr'><strong>exposceretur</strong></span> <span class='ocrx_word' id='word_1_465' title='bbox 1357 3590 1605 3644; x_wconf 91' lang='lat' dir='ltr'><strong>consueti</strong></span> <span class='ocrx_word' id='word_1_466' title='bbox 1649 3591 1834 3659; x_wconf 91' lang='lat' dir='ltr'><strong>operis</strong></span> <span class='ocrx_word' id='word_1_467' title='bbox 1864 3607 2096 3659; x_wconf 90' lang='lat' dir='ltr'><strong>summa,</strong></span> 
     </span>
    </p>
   </div>
   <div class='ocr_carea' id='block_1_66' title="bbox 504 3671 2099 3748">
    <p class='ocr_par' dir='ltr' id='par_1_66' title="bbox 504 3671 2099 3748">
     <span class='ocr_line' id='line_1_66' title="bbox 504 3671 2099 3748; baseline 0.009 -24"><span class='ocrx_word' id='word_1_468' title='bbox 504 3671 790 3741; x_wconf 79' lang='lat' dir='ltr'><strong>palearum</strong></span> <span class='ocrx_word' id='word_1_469' title='bbox 821 3688 955 3729; x_wconf 89' lang='lat' dir='ltr'><strong>vero</strong></span> <span class='ocrx_word' id='word_1_470' title='bbox 987 3676 1218 3731; x_wconf 89' lang='lat' dir='ltr'><strong>tributio</strong></span> <span class='ocrx_word' id='word_1_471' title='bbox 1265 3687 1467 3748; x_wconf 83' lang='lat' dir='ltr'><strong>praeter</strong></span> <span class='ocrx_word' id='word_1_472' title='bbox 1510 3681 1966 3737; x_wconf 85' lang='lat' dir='ltr'><strong>consuetudinem</strong></span> <span class='ocrx_word' id='word_1_473' title='bbox 1999 3683 2099 3739; x_wconf 94' lang='lat' dir='ltr'><strong>de-</strong></span> 
     </span>
    </p>
   </div>
   <div class='ocr_carea' id='block_1_67' title="bbox 506 3763 2100 3839">
    <p class='ocr_par' dir='ltr' id='par_1_67' title="bbox 506 3763 2100 3839">
     <span class='ocr_line' id='line_1_67' title="bbox 506 3763 2100 3839; baseline 0.008 -22"><span class='ocrx_word' id='word_1_474' title='bbox 506 3769 822 3829; x_wconf 83' lang='lat' dir='ltr'><strong>negaretur,</strong></span> <span class='ocrx_word' id='word_1_475' title='bbox 852 3763 1120 3835; x_wconf 82' lang='lat' dir='ltr'><strong>injunxit;</strong></span> <span class='ocrx_word' id='word_1_476' title='bbox 1150 3767 1369 3822; x_wconf 88' lang='lat' dir='ltr'><strong>dicebat</strong></span> <span class='ocrx_word' id='word_1_477' title='bbox 1396 3770 1545 3824; x_wconf 91' lang='lat' dir='ltr'><strong>enim</strong></span> <span class='ocrx_word' id='word_1_478' title='bbox 1569 3787 1581 3823; x_wconf 90' lang='lat'><strong>:</strong></span> <span class='ocrx_word' id='word_1_479' title='bbox 1624 3789 1642 3821; x_wconf 76' lang='grc' dir='ltr'>ι</span> <span class='ocrx_word' id='word_1_480' title='bbox 1671 3773 1911 3839; x_wconf 84' lang='lat' dir='ltr'><strong>Vacatis,</strong></span> <span class='ocrx_word' id='word_1_481' title='bbox 1938 3774 2100 3830; x_wconf 92' lang='lat' dir='ltr'><strong>otiosi</strong></span> 
     </span>
    </p>
   </div>
   <div class='ocr_carea' id='block_1_68' title="bbox 507 3852 2101 3923">
    <p class='ocr_par' dir='ltr' id='par_1_68' title="bbox 507 3852 2101 3923">
     <span class='ocr_line' id='line_1_68' title="bbox 507 3852 2101 3923; baseline 0.011 -17"><span class='ocrx_word' id='word_1_482' title='bbox 507 3852 664 3918; x_wconf 88' lang='lat' dir='ltr'><strong>estis,</strong></span> <span class='ocrx_word' id='word_1_483' title='bbox 698 3854 821 3909; x_wconf 91' lang='lat' dir='ltr'><strong>ideo</strong></span> <span class='ocrx_word' id='word_1_484' title='bbox 861 3855 1067 3923; x_wconf 91' lang='lat' dir='ltr'><strong>dicitis,</strong></span> <span class='ocrx_word' id='word_1_485' title='bbox 1109 3858 1313 3914; x_wconf 86' lang='lat' dir='ltr'><strong>Eamus</strong></span> <span class='ocrx_word' id='word_1_486' title='bbox 1343 3867 1401 3914; x_wconf 93' lang='lat' dir='ltr'><strong>et</strong></span> <span class='ocrx_word' id='word_1_487' title='bbox 1440 3860 1814 3920; x_wconf 85' lang='lat' dir='ltr'><strong>sacriﬁcemus</strong></span> <span class='ocrx_word' id='word_1_488' title='bbox 1847 3866 1961 3921; x_wconf 91' lang='lat' dir='ltr'><strong>Deo</strong></span> <span class='ocrx_word' id='word_1_489' title='bbox 1998 3883 2101 3923; x_wconf 92' lang='lat' dir='ltr'><strong>no—</strong></span> 
     </span>
    </p>
   </div>
   <div class='ocr_carea' id='block_1_69' title="bbox 507 3944 2102 4024">
    <p class='ocr_par' dir='ltr' id='par_1_69' title="bbox 507 3944 2102 4024">
     <span class='ocr_line' id='line_1_69' title="bbox 507 3944 2102 4024; baseline 0.011 -28"><span class='ocrx_word' id='word_1_490' title='bbox 507 3952 644 3997; x_wconf 87' lang='lat' dir='ltr'><strong>stro.</strong></span> <span class='ocrx_word' id='word_1_491' title='bbox 696 3944 853 4001; x_wconf 86' lang='lat' dir='ltr'><strong>Nunc</strong></span> <span class='ocrx_word' id='word_1_492' title='bbox 891 3946 1061 4018; x_wconf 78' lang='lat' dir='ltr'><strong>igitur</strong></span> <span class='ocrx_word' id='word_1_493' title='bbox 1104 3957 1301 4004; x_wconf 91' lang='lat' dir='ltr'><strong>euntes</strong></span> <span class='ocrx_word' id='word_1_494' title='bbox 1344 3952 1651 4021; x_wconf 90' lang='lat' dir='ltr'><strong>operamini</strong></span> <span class='ocrx_word' id='word_1_495' title='bbox 1698 3971 1710 4006; x_wconf 94' lang='lat'>:</span> <span class='ocrx_word' id='word_1_496' title='bbox 1742 3954 1912 4024; x_wconf 77' lang='lat' dir='ltr'><strong>palea:</strong></span> <span class='ocrx_word' id='word_1_497' title='bbox 1953 3958 2102 4012; x_wconf 90' lang='lat' dir='ltr'><strong>enim</strong></span> 
     </span>
    </p>
   </div>
   <div class='ocr_carea' id='block_1_70' title="bbox 509 4035 2098 4117">
    <p class='ocr_par' dir='ltr' id='par_1_70' title="bbox 509 4035 2098 4117">
     <span class='ocr_line' id='line_1_70' title="bbox 509 4035 2098 4117; baseline 0.011 -30"><span class='ocrx_word' id='word_1_498' title='bbox 509 4051 621 4088; x_wconf 91' lang='lat' dir='ltr'><strong>non</strong></span> <span class='ocrx_word' id='word_1_499' title='bbox 653 4035 949 4103; x_wconf 89' lang='lat' dir='ltr'><strong>dabuntur,</strong></span> <span class='ocrx_word' id='word_1_500' title='bbox 994 4048 1053 4095; x_wconf 93' lang='lat' dir='ltr'><strong>et</strong></span> <span class='ocrx_word' id='word_1_501' title='bbox 1083 4056 1354 4096; x_wconf 90' lang='lat' dir='ltr'><strong>summam</strong></span> <span class='ocrx_word' id='word_1_502' title='bbox 1392 4043 1618 4099; x_wconf 91' lang='lat' dir='ltr'><strong>lateritii</strong></span> <span class='ocrx_word' id='word_1_503' title='bbox 1659 4048 1842 4117; x_wconf 82' lang='lat' dir='ltr'><strong>Operis</strong></span> <span class='ocrx_word' id='word_1_504' title='bbox 1876 4049 2098 4107; x_wconf 90' lang='lat' dir='ltr'><strong>dabitis.</strong></span> 
     </span>
    </p>
   </div>
   <div class='ocr_carea' id='block_1_71' title="bbox 508 4126 2104 4206">
    <p class='ocr_par' dir='ltr' id='par_1_71' title="bbox 508 4126 2104 4206">
     <span class='ocr_line' id='line_1_71' title="bbox 508 4126 2104 4206; baseline 0.011 -25"><span class='ocrx_word' id='word_1_505' title='bbox 508 4126 891 4199; x_wconf 78' lang='lat' dir='ltr'><strong>Videbantque</strong></span> <span class='ocrx_word' id='word_1_506' title='bbox 936 4145 995 4186; x_wconf 91' lang='lat' dir='ltr'><strong>se</strong></span> <span class='ocrx_word' id='word_1_507' title='bbox 1022 4130 1230 4187; x_wconf 67' lang='lat' dir='ltr'><strong>Scriba:</strong></span> <span class='ocrx_word' id='word_1_508' title='bbox 1260 4131 1497 4188; x_wconf 87' lang='lat' dir='ltr'><strong>ﬁliorum</strong></span> <span class='ocrx_word' id='word_1_509' title='bbox 1525 4135 1690 4191; x_wconf 89' lang='lat' dir='ltr'><strong>Israel</strong></span> <span class='ocrx_word' id='word_1_510' title='bbox 1724 4138 1776 4192; x_wconf 91' lang='lat' dir='ltr'><strong>in</strong></span> <span class='ocrx_word' id='word_1_511' title='bbox 1806 4140 1984 4206; x_wconf 89' lang='lat' dir='ltr'><strong>malis,</strong></span> <span class='ocrx_word' id='word_1_512' title='bbox 2016 4141 2104 4197; x_wconf 90' lang='lat' dir='ltr'><strong>di-</strong></span> 
     </span>
    </p>
   </div>
   <div class='ocr_carea' id='block_1_72' title="bbox 509 4221 2105 4304">
    <p class='ocr_par' dir='ltr' id='par_1_72' title="bbox 509 4221 2105 4304">
     <span class='ocr_line' id='line_1_72' title="bbox 509 4221 2105 4304; baseline 0.011 -31"><span class='ocrx_word' id='word_1_513' title='bbox 509 4228 697 4275; x_wconf 82' lang='lat' dir='ltr'><strong>centes</strong></span> <span class='ocrx_word' id='word_1_514' title='bbox 729 4238 743 4273; x_wconf 88' lang='lat'><strong>:</strong></span> <span class='ocrx_word' id='word_1_515' title='bbox 768 4221 889 4276; x_wconf 90' lang='lat' dir='ltr'><strong>Non</strong></span> <span class='ocrx_word' id='word_1_516' title='bbox 919 4221 1180 4279; x_wconf 89' lang='lat' dir='ltr'><strong>minuetis</strong></span> <span class='ocrx_word' id='word_1_517' title='bbox 1206 4240 1237 4278; x_wconf 91' lang='lat' dir='ltr'><strong>a</strong></span> <span class='ocrx_word' id='word_1_518' title='bbox 1265 4233 1469 4280; x_wconf 90' lang='lat' dir='ltr'><strong>statuta</strong></span> <span class='ocrx_word' id='word_1_519' title='bbox 1492 4242 1706 4285; x_wconf 91' lang='lat' dir='ltr'><strong>summa</strong></span> <span class='ocrx_word' id='word_1_520' title='bbox 1736 4230 1971 4289; x_wconf 89' lang='lat' dir='ltr'><strong>laterum</strong></span> <span class='ocrx_word' id='word_1_521' title='bbox 2006 4250 2105 4304; x_wconf 90' lang='lat' dir='ltr'><strong>per</strong></span> 
     </span>
    </p>
   </div>
   <div class='ocr_carea' id='block_1_73' title="bbox 511 4311 2106 4392">
    <p class='ocr_par' dir='ltr' id='par_1_73' title="bbox 511 4311 2106 4392">
     <span class='ocr_line' id='line_1_73' title="bbox 511 4311 2106 4392; baseline 0.008 -26"><span class='ocrx_word' id='word_1_522' title='bbox 511 4311 757 4381; x_wconf 85' lang='lat' dir='ltr'><strong>singulos</strong></span> <span class='ocrx_word' id='word_1_523' title='bbox 791 4312 929 4369; x_wconf 89' lang='lat' dir='ltr'><strong>dies.</strong></span> <span class='ocrx_word' id='word_1_524' title='bbox 964 4312 1342 4370; x_wconf 90' lang='lat' dir='ltr'><strong>Occurrerunt</strong></span> <span class='ocrx_word' id='word_1_525' title='bbox 1386 4328 1570 4374; x_wconf 91' lang='lat' dir='ltr'><strong>autem</strong></span> <span class='ocrx_word' id='word_1_526' title='bbox 1612 4320 1783 4392; x_wconf 83' lang='lat' dir='ltr'><strong>Moysi</strong></span> <span class='ocrx_word' id='word_1_527' title='bbox 1822 4331 1879 4377; x_wconf 89' lang='lat' dir='ltr'><strong>et</strong></span> <span class='ocrx_word' id='word_1_528' title='bbox 1921 4323 2106 4379; x_wconf 85' lang='lat' dir='ltr'><strong>Aaron</strong></span> 
     </span>
    </p>
   </div>
   <div class='ocr_carea' id='block_1_74' title="bbox 512 4402 2106 4483">
    <p class='ocr_par' dir='ltr' id='par_1_74' title="bbox 512 4402 2106 4483">
     <span class='ocr_line' id='line_1_74' title="bbox 512 4402 2106 4483; baseline 0.01 -29"><span class='ocrx_word' id='word_1_529' title='bbox 512 4402 865 4459; x_wconf 87' lang='lat' dir='ltr'><strong>venientibus</strong></span> <span class='ocrx_word' id='word_1_530' title='bbox 898 4404 956 4458; x_wconf 89' lang='lat' dir='ltr'><strong>in</strong></span> <span class='ocrx_word' id='word_1_531' title='bbox 983 4421 1276 4463; x_wconf 90' lang='lat' dir='ltr'><strong>occursum</strong></span> <span class='ocrx_word' id='word_1_532' title='bbox 1302 4425 1519 4477; x_wconf 91' lang='lat' dir='ltr'><strong>eorum,</strong></span> <span class='ocrx_word' id='word_1_533' title='bbox 1545 4426 1672 4465; x_wconf 90' lang='lat' dir='ltr'><strong>cum</strong></span> <span class='ocrx_word' id='word_1_534' title='bbox 1708 4413 2106 4483; x_wconf 81' lang='lat' dir='ltr'><strong>egrederentur</strong></span> 
     </span>
    </p>
   </div>
   <div class='ocr_carea' id='block_1_75' title="bbox 515 4493 2105 4571">
    <p class='ocr_par' dir='ltr' id='par_1_75' title="bbox 515 4493 2105 4571">
     <span class='ocr_line' id='line_1_75' title="bbox 515 4493 2105 4571; baseline 0.011 -25"><span class='ocrx_word' id='word_1_535' title='bbox 515 4508 546 4546; x_wconf 89' lang='lat' dir='ltr'><strong>a</strong></span> <span class='ocrx_word' id='word_1_536' title='bbox 575 4493 881 4560; x_wconf 85' lang='lat' dir='ltr'><strong>Pharaone,</strong></span> <span class='ocrx_word' id='word_1_537' title='bbox 910 4505 967 4551; x_wconf 93' lang='lat' dir='ltr'><strong>et</strong></span> <span class='ocrx_word' id='word_1_538' title='bbox 987 4498 1247 4555; x_wconf 79' lang='lat' dir='ltr'><strong>dixerunt</strong></span> <span class='ocrx_word' id='word_1_539' title='bbox 1278 4502 1386 4556; x_wconf 91' lang='lat' dir='ltr'><strong>illis</strong></span> <span class='ocrx_word' id='word_1_540' title='bbox 1412 4502 1689 4571; x_wconf 85' lang='lat' dir='ltr'><strong>:Aspieiat</strong></span> <span class='ocrx_word' id='word_1_541' title='bbox 1717 4504 1982 4561; x_wconf 88' lang='lat' dir='ltr'><strong>Dominus</strong></span> <span class='ocrx_word' id='word_1_542' title='bbox 2010 4523 2105 4562; x_wconf 90' lang='lat' dir='ltr'><strong>su-</strong></span> 
     </span>
    </p>
   </div>
   <div class='ocr_carea' id='block_1_76' title="bbox 2201 3304 3795 3379">
    <p class='ocr_par' dir='ltr' id='par_1_76' title="bbox 2201 3304 3795 3379">
     <span class='ocr_line' id='line_1_76' title="bbox 2201 3304 3795 3379; baseline -0.002 -17"><span class='ocrx_word' id='word_1_543' title='bbox 2201 3309 2406 3379; x_wconf 86' lang='grc' dir='ltr'>Ἔργον</span> <span class='ocrx_word' id='word_1_544' title='bbox 2440 3306 2497 3361; x_wconf 90' lang='grc' dir='ltr'><strong>δέ</strong></span> <span class='ocrx_word' id='word_1_545' title='bbox 2530 3304 2670 3360; x_wconf 79' lang='grc' dir='ltr'><strong>εῖναι</strong></span> <span class='ocrx_word' id='word_1_546' title='bbox 2710 3307 2906 3378; x_wconf 83' lang='grc' dir='ltr'>σχολῆς</span> <span class='ocrx_word' id='word_1_547' title='bbox 2940 3307 3040 3372; x_wconf 86' lang='grc' dir='ltr'>τὰς</span> <span class='ocrx_word' id='word_1_548' title='bbox 3081 3307 3175 3361; x_wconf 79' lang='grc' dir='ltr'>ἐπὶ</span> <span class='ocrx_word' id='word_1_549' title='bbox 3198 3307 3427 3361; x_wconf 86' lang='grc' dir='ltr'>τοιοῖσδε</span> <span class='ocrx_word' id='word_1_550' title='bbox 3455 3306 3628 3376; x_wconf 84' lang='grc' dir='ltr'>λέγων</span> <span class='ocrx_word' id='word_1_551' title='bbox 3671 3309 3795 3360; x_wconf 84' lang='grc' dir='ltr'>ἐπι-</span> 
     </span>
    </p>
   </div>
   <div class='ocr_carea' id='block_1_77' title="bbox 2199 3396 3797 3470">
    <p class='ocr_par' dir='ltr' id='par_1_77' title="bbox 2199 3396 3797 3470">
     <span class='ocr_line' id='line_1_77' title="bbox 2199 3396 3797 3470; baseline -0.002 -17"><span class='ocrx_word' id='word_1_552' title='bbox 2199 3399 2433 3470; x_wconf 85' lang='grc' dir='ltr'>θυμίας,</span> <span class='ocrx_word' id='word_1_553' title='bbox 2469 3398 2946 3468; x_wconf 84' lang='grc' dir='ltr'>ἐγκατατείνεσθαι</span> <span class='ocrx_word' id='word_1_554' title='bbox 2991 3399 3143 3469; x_wconf 86' lang='grc' dir='ltr'>σφίσι</span> <span class='ocrx_word' id='word_1_555' title='bbox 3190 3399 3281 3452; x_wconf 91' lang='grc' dir='ltr'><strong>τὸν</strong></span> <span class='ocrx_word' id='word_1_556' title='bbox 3317 3398 3410 3452; x_wconf 78' lang='grc' dir='ltr'><strong>ἐπὶ</strong></span> <span class='ocrx_word' id='word_1_557' title='bbox 3454 3400 3565 3462; x_wconf 85' lang='grc' dir='ltr'>τοῖς</span> <span class='ocrx_word' id='word_1_558' title='bbox 3611 3396 3797 3468; x_wconf 84' lang='grc' dir='ltr'>ἐργοις</span> 
     </span>
    </p>
   </div>
   <div class='ocr_carea' id='block_1_78' title="bbox 2202 3488 3799 3564">
    <p class='ocr_par' dir='ltr' id='par_1_78' title="bbox 2202 3488 3799 3564">
     <span class='ocr_line' id='line_1_78' title="bbox 2202 3488 3799 3564; baseline -0.001 -19"><span class='ocrx_word' id='word_1_559' title='bbox 2202 3491 2401 3564; x_wconf 81' lang='grc' dir='ltr'>ἱδρῶτα</span> <span class='ocrx_word' id='word_1_560' title='bbox 2424 3491 2659 3558; x_wconf 85' lang='grc' dir='ltr'>κελεύει,</span> <span class='ocrx_word' id='word_1_561' title='bbox 2683 3494 2782 3563; x_wconf 80' lang='grc' dir='ltr'>τῆς</span> <span class='ocrx_word' id='word_1_562' title='bbox 2811 3492 2910 3563; x_wconf 77' lang='grc' dir='ltr'><strong>μὲν</strong></span> <span class='ocrx_word' id='word_1_563' title='bbox 2931 3493 2988 3545; x_wconf 89' lang='grc' dir='ltr'>ἐν</span> <span class='ocrx_word' id='word_1_564' title='bbox 3015 3491 3126 3545; x_wconf 75' lang='grc' dir='ltr'>ἔθει</span> <span class='ocrx_word' id='word_1_565' title='bbox 3161 3490 3466 3556; x_wconf 81' lang='grc' dir='ltr'>συντάξεως</span> <span class='ocrx_word' id='word_1_566' title='bbox 3494 3488 3799 3562; x_wconf 81' lang='grc' dir='ltr'>ἀνυπερθέ-</span> 
     </span>
    </p>
   </div>
   <div class='ocr_carea' id='block_1_79' title="bbox 2199 3580 3799 3654">
    <p class='ocr_par' dir='ltr' id='par_1_79' title="bbox 2199 3580 3799 3654">
     <span class='ocr_line' id='line_1_79' title="bbox 2199 3580 3799 3654; baseline 0 -19"><span class='ocrx_word' id='word_1_567' title='bbox 2199 3600 2307 3646; x_wconf 85' lang='grc' dir='ltr'><strong>τως</strong></span> <span class='ocrx_word' id='word_1_568' title='bbox 2335 3580 2724 3653; x_wconf 82' lang='grc' dir='ltr'>ἐξαιτουμένης</span> <span class='ocrx_word' id='word_1_569' title='bbox 2743 3622 2758 3649; x_wconf 93' lang='grc'><strong>,</strong></span> <span class='ocrx_word' id='word_1_570' title='bbox 2791 3583 3262 3654; x_wconf 87' lang='grc' dir='ltr'>περιτεμνομένης</span> <span class='ocrx_word' id='word_1_571' title='bbox 3288 3582 3345 3636; x_wconf 86' lang='grc' dir='ltr'><strong>δέ</strong></span> <span class='ocrx_word' id='word_1_572' title='bbox 3382 3581 3667 3653; x_wconf 83' lang='grc' dir='ltr'>ἀσυνήθως</span> <span class='ocrx_word' id='word_1_573' title='bbox 3699 3581 3799 3635; x_wconf 76' lang='grc' dir='ltr'>αύ-</span> 
     </span>
    </p>
   </div>
   <div class='ocr_carea' id='block_1_80' title="bbox 2202 3671 3798 3745">
    <p class='ocr_par' dir='ltr' id='par_1_80' title="bbox 2202 3671 3798 3745">
     <span class='ocr_line' id='line_1_80' title="bbox 2202 3671 3798 3745; baseline 0 -17"><span class='ocrx_word' id='word_1_574' title='bbox 2202 3676 2315 3736; x_wconf 88' lang='grc' dir='ltr'>τοῖς</span> <span class='ocrx_word' id='word_1_575' title='bbox 2349 3673 2449 3744; x_wconf 76' lang='grc' dir='ltr'>τῆς</span> <span class='ocrx_word' id='word_1_576' title='bbox 2479 3671 2587 3727; x_wconf 91' lang='grc' dir='ltr'><strong>τῶν</strong></span> <span class='ocrx_word' id='word_1_577' title='bbox 2644 3672 2863 3745; x_wconf 88' lang='grc' dir='ltr'>ἀχύρων</span> <span class='ocrx_word' id='word_1_578' title='bbox 2905 3673 3201 3745; x_wconf 75' lang='grc' dir='ltr'>διανομῆς-ο</span> <span class='ocrx_word' id='word_1_579' title='bbox 3246 3673 3482 3743; x_wconf 75' lang='grc' dir='ltr'>ἔφασκεν</span> <span class='ocrx_word' id='word_1_580' title='bbox 3520 3673 3662 3744; x_wconf 83' lang='grc' dir='ltr'>γάρ,</span> <span class='ocrx_word' id='word_1_581' title='bbox 3712 3673 3798 3728; x_wconf 81' lang='grc' dir='ltr'>ὅτι</span> 
     </span>
    </p>
   </div>
   <div class='ocr_carea' id='block_1_81' title="bbox 2214 3759 3800 3833">
    <p class='ocr_par' dir='ltr' id='par_1_81' title="bbox 2214 3759 3800 3833">
     <span class='ocr_line' id='line_1_81' title="bbox 2214 3759 3800 3833; baseline -0.002 -18"><span class='ocrx_word' id='word_1_582' title='bbox 2214 3782 2232 3815; x_wconf 84' lang='grc' dir='ltr'><strong>ι</strong></span> <span class='ocrx_word' id='word_1_583' title='bbox 2246 3762 2566 3833; x_wconf 77' lang='grc' dir='ltr'>Σχολάζετε,</span> <span class='ocrx_word' id='word_1_584' title='bbox 2595 3761 2886 3833; x_wconf 84' lang='grc' dir='ltr'>σχολασταί</span> <span class='ocrx_word' id='word_1_585' title='bbox 2907 3762 3052 3826; x_wconf 87' lang='grc' dir='ltr'>ἐστε,</span> <span class='ocrx_word' id='word_1_586' title='bbox 3075 3761 3163 3815; x_wconf 85' lang='grc' dir='ltr'>διὰ</span> <span class='ocrx_word' id='word_1_587' title='bbox 3183 3759 3343 3814; x_wconf 78' lang='grc' dir='ltr'>τοῦτο</span> <span class='ocrx_word' id='word_1_588' title='bbox 3359 3759 3569 3831; x_wconf 84' lang='grc' dir='ltr'>λέγετε,</span> <span class='ocrx_word' id='word_1_589' title='bbox 3590 3760 3800 3829; x_wconf 89' lang='grc' dir='ltr'>Πορευ-</span> 
     </span>
    </p>
   </div>
   <div class='ocr_carea' id='block_1_82' title="bbox 2203 3847 3800 3925">
    <p class='ocr_par' dir='ltr' id='par_1_82' title="bbox 2203 3847 3800 3925">
     <span class='ocr_line' id='line_1_82' title="bbox 2203 3847 3800 3925; baseline -0.003 -17"><span class='ocrx_word' id='word_1_590' title='bbox 2203 3853 2386 3925; x_wconf 87' lang='grc' dir='ltr'>θῶμεν</span> <span class='ocrx_word' id='word_1_591' title='bbox 2418 3854 2513 3908; x_wconf 72' lang='grc' dir='ltr'>καὶ</span> <span class='ocrx_word' id='word_1_592' title='bbox 2542 3853 2794 3924; x_wconf 86' lang='grc' dir='ltr'>θύσωμεν</span> <span class='ocrx_word' id='word_1_593' title='bbox 2834 3852 2911 3924; x_wconf 79' lang='grc' dir='ltr'>τῷ</span> <span class='ocrx_word' id='word_1_594' title='bbox 2941 3851 3062 3923; x_wconf 88' lang='grc' dir='ltr'><strong>Θεῷ</strong></span> <span class='ocrx_word' id='word_1_595' title='bbox 3107 3852 3287 3924; x_wconf 79' lang='grc' dir='ltr'><strong>ἡμῶν.</strong></span> <span class='ocrx_word' id='word_1_596' title='bbox 3317 3850 3435 3906; x_wconf 83' lang='grc' dir='ltr'><strong>Νῦν</strong></span> <span class='ocrx_word' id='word_1_597' title='bbox 3473 3847 3566 3905; x_wconf 81' lang='grc' dir='ltr'><strong>οὖν</strong></span> <span class='ocrx_word' id='word_1_598' title='bbox 3599 3868 3800 3923; x_wconf 84' lang='grc' dir='ltr'>πορευ-</span> 
     </span>
    </p>
   </div>
   <div class='ocr_carea' id='block_1_83' title="bbox 2204 3944 3798 4017">
    <p class='ocr_par' dir='ltr' id='par_1_83' title="bbox 2204 3944 3798 4017">
     <span class='ocr_line' id='line_1_83' title="bbox 2204 3944 3798 4017; baseline -0.001 -18"><span class='ocrx_word' id='word_1_599' title='bbox 2204 3945 2388 4009; x_wconf 84' lang='grc' dir='ltr'>θέντες</span> <span class='ocrx_word' id='word_1_600' title='bbox 2420 3945 2753 4017; x_wconf 68' lang='grc' dir='ltr'><strong>ἐργάζεσθε⁸</strong></span> <span class='ocrx_word' id='word_1_601' title='bbox 2783 3944 2845 3999; x_wconf 89' lang='grc' dir='ltr'><strong>τὸ</strong></span> <span class='ocrx_word' id='word_1_602' title='bbox 2873 3944 2980 4016; x_wconf 84' lang='grc' dir='ltr'>γὰρ</span> <span class='ocrx_word' id='word_1_603' title='bbox 3010 3945 3211 4016; x_wconf 82' lang='grc' dir='ltr'>ἄχυρον</span> <span class='ocrx_word' id='word_1_604' title='bbox 3244 3945 3304 3998; x_wconf 81' lang='grc' dir='ltr'>οὐ</span> <span class='ocrx_word' id='word_1_605' title='bbox 3339 3944 3660 4016; x_wconf 85' lang='grc' dir='ltr'>δοθήσεται,</span> <span class='ocrx_word' id='word_1_606' title='bbox 3696 3944 3798 3999; x_wconf 66' lang='grc' dir='ltr'><strong>καὶΙ</strong></span> 
     </span>
    </p>
   </div>
   <div class='ocr_carea' id='block_1_84' title="bbox 2203 4032 3798 4111">
    <p class='ocr_par' dir='ltr' id='par_1_84' title="bbox 2203 4032 3798 4111">
     <span class='ocr_line' id='line_1_84' title="bbox 2203 4032 3798 4111; baseline 0 -18"><span class='ocrx_word' id='word_1_607' title='bbox 2203 4039 2302 4110; x_wconf 80' lang='grc' dir='ltr'>τὴν</span> <span class='ocrx_word' id='word_1_608' title='bbox 2340 4038 2590 4104; x_wconf 83' lang='grc' dir='ltr'>σύνταξιν</span> <span class='ocrx_word' id='word_1_609' title='bbox 2631 4039 2731 4109; x_wconf 85' lang='grc' dir='ltr'><strong>τῆς</strong></span> <span class='ocrx_word' id='word_1_610' title='bbox 2779 4037 3057 4103; x_wconf 85' lang='grc' dir='ltr'>πλινθείας</span> <span class='ocrx_word' id='word_1_611' title='bbox 3100 4040 3253 4093; x_wconf 69' lang='grc' dir='ltr'>αὐτοὶ</span> <span class='ocrx_word' id='word_1_612' title='bbox 3296 4032 3517 4093; x_wconf 80' lang='grc' dir='ltr'>δώσετε.</span> <span class='ocrx_word' id='word_1_613' title='bbox 3576 4037 3798 4111; x_wconf 82' lang='grc' dir='ltr'>Ἐὡρων</span> 
     </span>
    </p>
   </div>
   <div class='ocr_carea' id='block_1_85' title="bbox 2204 4128 3797 4204">
    <p class='ocr_par' dir='ltr' id='par_1_85' title="bbox 2204 4128 3797 4204">
     <span class='ocr_line' id='line_1_85' title="bbox 2204 4128 3797 4204; baseline -0.003 -17"><span class='ocrx_word' id='word_1_614' title='bbox 2204 4128 2297 4187; x_wconf 75' lang='grc' dir='ltr'><strong>οὖν</strong></span> <span class='ocrx_word' id='word_1_615' title='bbox 2330 4134 2379 4185; x_wconf 89' lang='grc' dir='ltr'>οἱ</span> <span class='ocrx_word' id='word_1_616' title='bbox 2404 4132 2760 4204; x_wconf 82' lang='grc' dir='ltr'>Γραμματεϊς</span> <span class='ocrx_word' id='word_1_617' title='bbox 2789 4130 2897 4184; x_wconf 90' lang='grc' dir='ltr'><strong>τῶν</strong></span> <span class='ocrx_word' id='word_1_618' title='bbox 2927 4130 3060 4184; x_wconf 85' lang='grc' dir='ltr'>υἱῶν</span> <span class='ocrx_word' id='word_1_619' title='bbox 3099 4131 3319 4203; x_wconf 81' lang='grc' dir='ltr'>Ἰσραὴλ</span> <span class='ocrx_word' id='word_1_620' title='bbox 3349 4131 3576 4196; x_wconf 76' lang='grc' dir='ltr'>ἑαυτοὺς</span> <span class='ocrx_word' id='word_1_621' title='bbox 3607 4133 3665 4184; x_wconf 82' lang='grc' dir='ltr'>ἐν</span> <span class='ocrx_word' id='word_1_622' title='bbox 3694 4147 3797 4185; x_wconf 85' lang='grc' dir='ltr'>κα-</span> 
     </span>
    </p>
   </div>
   <div class='ocr_carea' id='block_1_86' title="bbox 2206 4221 3799 4294">
    <p class='ocr_par' dir='ltr' id='par_1_86' title="bbox 2206 4221 3799 4294">
     <span class='ocr_line' id='line_1_86' title="bbox 2206 4221 3799 4294; baseline -0.003 -14"><span class='ocrx_word' id='word_1_623' title='bbox 2206 4227 2343 4289; x_wconf 85' lang='grc' dir='ltr'>κοῖς,</span> <span class='ocrx_word' id='word_1_624' title='bbox 2372 4223 2645 4294; x_wconf 72' lang='grc' dir='ltr'>λέγοντεςο</span> <span class='ocrx_word' id='word_1_625' title='bbox 2681 4223 2796 4278; x_wconf 86' lang='grc' dir='ltr'>Ούκ</span> <span class='ocrx_word' id='word_1_626' title='bbox 2822 4222 3145 4292; x_wconf 73' lang='grc' dir='ltr'>ἀπολείψετε</span> <span class='ocrx_word' id='word_1_627' title='bbox 3169 4222 3276 4276; x_wconf 89' lang='grc' dir='ltr'><strong>ἀπὸ</strong></span> <span class='ocrx_word' id='word_1_628' title='bbox 3304 4221 3407 4292; x_wconf 82' lang='grc' dir='ltr'>τῆς</span> <span class='ocrx_word' id='word_1_629' title='bbox 3428 4221 3709 4286; x_wconf 87' lang='grc' dir='ltr'>πλινθείας</span> <span class='ocrx_word' id='word_1_630' title='bbox 3735 4221 3799 4276; x_wconf 89' lang='grc' dir='ltr'><strong>τὸ</strong></span> 
     </span>
    </p>
   </div>
   <div class='ocr_carea' id='block_1_87' title="bbox 2205 4313 3798 4389">
    <p class='ocr_par' dir='ltr' id='par_1_87' title="bbox 2205 4313 3798 4389">
     <span class='ocr_line' id='line_1_87' title="bbox 2205 4313 3798 4389; baseline -0.002 -17"><span class='ocrx_word' id='word_1_631' title='bbox 2205 4317 2447 4388; x_wconf 84' lang='grc' dir='ltr'>καθῆκον</span> <span class='ocrx_word' id='word_1_632' title='bbox 2470 4319 2535 4388; x_wconf 79' lang='grc' dir='ltr'>τῇ</span> <span class='ocrx_word' id='word_1_633' title='bbox 2562 4317 2768 4389; x_wconf 81' lang='grc' dir='ltr'>ἡμέρᾳ.</span> <span class='ocrx_word' id='word_1_634' title='bbox 2796 4316 3146 4386; x_wconf 84' lang='grc' dir='ltr'>Συνήντησαν</span> <span class='ocrx_word' id='word_1_635' title='bbox 3172 4315 3229 4369; x_wconf 83' lang='grc' dir='ltr'><strong>δέ</strong></span> <span class='ocrx_word' id='word_1_636' title='bbox 3248 4315 3421 4387; x_wconf 78' lang='grc' dir='ltr'>Μωσῇ</span> <span class='ocrx_word' id='word_1_637' title='bbox 3454 4313 3549 4368; x_wconf 75' lang='grc' dir='ltr'>καὶ</span> <span class='ocrx_word' id='word_1_638' title='bbox 3586 4313 3798 4386; x_wconf 79' lang='grc' dir='ltr'><strong>’Δαρὼν</strong></span> 
     </span>
    </p>
   </div>
   <div class='ocr_carea' id='block_1_88' title="bbox 2207 4404 3799 4479">
    <p class='ocr_par' dir='ltr' id='par_1_88' title="bbox 2207 4404 3799 4479">
     <span class='ocr_line' id='line_1_88' title="bbox 2207 4404 3799 4479; baseline -0.001 -19"><span class='ocrx_word' id='word_1_639' title='bbox 2207 4407 2524 4479; x_wconf 72' lang='grc' dir='ltr'><strong>ἐρχομένοις</strong></span> <span class='ocrx_word' id='word_1_640' title='bbox 2569 4408 2651 4468; x_wconf 87' lang='grc' dir='ltr'><strong>εἱς</strong></span> <span class='ocrx_word' id='word_1_641' title='bbox 2714 4405 3037 4476; x_wconf 86' lang='grc' dir='ltr'>συνάντησιν</span> <span class='ocrx_word' id='word_1_642' title='bbox 3070 4404 3289 4468; x_wconf 79' lang='grc' dir='ltr'>αὐτοῖς,</span> <span class='ocrx_word' id='word_1_643' title='bbox 3344 4404 3799 4474; x_wconf 85' lang='grc' dir='ltr'>ἐκπορευομένων</span> 
     </span>
    </p>
   </div>
   <div class='ocr_carea' id='block_1_89' title="bbox 2210 4493 3802 4571">
    <p class='ocr_par' dir='ltr' id='par_1_89' title="bbox 2210 4493 3802 4571">
     <span class='ocr_line' id='line_1_89' title="bbox 2210 4493 3802 4571; baseline -0.001 -20"><span class='ocrx_word' id='word_1_644' title='bbox 2210 4498 2390 4551; x_wconf 85' lang='grc' dir='ltr'>αὐτῶν</span> <span class='ocrx_word' id='word_1_645' title='bbox 2416 4498 2523 4553; x_wconf 88' lang='grc' dir='ltr'><strong>ἀπὸ</strong></span> <span class='ocrx_word' id='word_1_646' title='bbox 2542 4498 2637 4552; x_wconf 82' lang='grc' dir='ltr'>τοῦ</span> <span class='ocrx_word' id='word_1_647' title='bbox 2658 4498 2879 4571; x_wconf 81' lang='grc' dir='ltr'>Φαραὼ,</span> <span class='ocrx_word' id='word_1_648' title='bbox 2902 4499 2997 4552; x_wconf 71' lang='grc' dir='ltr'>καὶ</span> <span class='ocrx_word' id='word_1_649' title='bbox 3016 4493 3168 4550; x_wconf 79' lang='grc' dir='ltr'>εἶπον</span> <span class='ocrx_word' id='word_1_650' title='bbox 3185 4497 3388 4561; x_wconf 81' lang='grc' dir='ltr'>αὐτοῖς·</span> <span class='ocrx_word' id='word_1_651' title='bbox 3431 4493 3748 4567; x_wconf 86' lang='grc' dir='ltr'>Ἐπίδοι[τ]ο</span> <span class='ocrx_word' id='word_1_652' title='bbox 3771 4496 3802 4549; x_wconf 84' lang='grc' dir='ltr'><strong>ὁ</strong></span> 
     </span>
    </p>
   </div>
   <div class='ocr_carea' id='block_1_90' title="bbox 516 4584 2093 4661">
    <p class='ocr_par' dir='ltr' id='par_1_90' title="bbox 516 4588 2093 4661">
     <span class='ocr_line' id='line_1_90' title="bbox 516 4588 2093 4661; baseline 0.011 -24"><span class='ocrx_word' id='word_1_653' title='bbox 516 4599 616 4654; x_wconf 87' lang='lat' dir='ltr'><strong>per</strong></span> <span class='ocrx_word' id='word_1_654' title='bbox 658 4601 756 4640; x_wconf 90' lang='lat' dir='ltr'><strong>vos</strong></span> <span class='ocrx_word' id='word_1_655' title='bbox 802 4596 859 4642; x_wconf 91' lang='lat' dir='ltr'><strong>et</strong></span> <span class='ocrx_word' id='word_1_656' title='bbox 901 4588 1133 4658; x_wconf 86' lang='lat' dir='ltr'><strong>judieet,</strong></span> <span class='ocrx_word' id='word_1_657' title='bbox 1167 4592 1428 4661; x_wconf 91' lang='lat' dir='ltr'><strong>quoniam</strong></span> <span class='ocrx_word' id='word_1_658' title='bbox 1471 4592 1864 4649; x_wconf 83' lang='lat' dir='ltr'><strong>exsecrabilem</strong></span> <span class='ocrx_word' id='word_1_659' title='bbox 1897 4596 2093 4655; x_wconf 73' lang='lat' dir='ltr'><strong>fecistis</strong></span> 
     </span>
    </p>
   </div>
   <div class='ocr_carea' id='block_1_91' title="bbox 2195 4584 3807 4661">
    <p class='ocr_par' dir='ltr' id='par_1_91' title="bbox 2208 4584 3807 4661">
     <span class='ocr_line' id='line_1_91' title="bbox 2208 4584 3807 4661; baseline -0.003 -19"><span class='ocrx_word' id='word_1_660' title='bbox 2208 4588 2340 4652; x_wconf 83' lang='grc' dir='ltr'>Θεὸς</span> <span class='ocrx_word' id='word_1_661' title='bbox 2374 4590 2545 4661; x_wconf 79' lang='grc' dir='ltr'>ὑμᾶς,</span> <span class='ocrx_word' id='word_1_662' title='bbox 2585 4588 2682 4642; x_wconf 71' lang='grc' dir='ltr'><strong>καὶ</strong></span> <span class='ocrx_word' id='word_1_663' title='bbox 2719 4588 2937 4658; x_wconf 79' lang='grc' dir='ltr'>κρίναι.</span> <span class='ocrx_word' id='word_1_664' title='bbox 2991 4588 3075 4642; x_wconf 82' lang='grc' dir='ltr'><strong>ὅτι</strong></span> <span class='ocrx_word' id='word_1_665' title='bbox 3120 4585 3441 4652; x_wconf 76' lang='grc' dir='ltr'>ἐδδελύξατε</span> <span class='ocrx_word' id='word_1_666' title='bbox 3474 4584 3575 4658; x_wconf 77' lang='grc' dir='ltr'><strong>τὴν</strong></span> <span class='ocrx_word' id='word_1_667' title='bbox 3625 4585 3807 4661; x_wconf 75' lang='grc' dir='ltr'>ὀσμὴν</span> 
     </span>
    </p>
   </div>
   <div class='ocr_carea' id='block_1_92' title="bbox 516 4676 2109 4747">
    <p class='ocr_par' dir='ltr' id='par_1_92' title="bbox 516 4676 2109 4747">
     <span class='ocr_line' id='line_1_92' title="bbox 516 4676 2109 4747; baseline 0.011 -17"><span class='ocrx_word' id='word_1_668' title='bbox 516 4676 742 4732; x_wconf 91' lang='lat' dir='ltr'><strong>odorem</strong></span> <span class='ocrx_word' id='word_1_669' title='bbox 771 4688 1020 4735; x_wconf 90' lang='lat' dir='ltr'><strong>nostrum</strong></span> <span class='ocrx_word' id='word_1_670' title='bbox 1052 4698 1237 4737; x_wconf 90' lang='lat' dir='ltr'><strong>coram</strong></span> <span class='ocrx_word' id='word_1_671' title='bbox 1271 4684 1578 4747; x_wconf 91' lang='lat' dir='ltr'><strong>Pharaone,</strong></span> <span class='ocrx_word' id='word_1_672' title='bbox 1612 4692 1668 4738; x_wconf 90' lang='lat' dir='ltr'><strong>et</strong></span> <span class='ocrx_word' id='word_1_673' title='bbox 1709 4700 1893 4741; x_wconf 91' lang='lat' dir='ltr'><strong>coram</strong></span> <span class='ocrx_word' id='word_1_674' title='bbox 1934 4691 2109 4747; x_wconf 78' lang='lat' dir='ltr'><strong>servis</strong></span> 
     </span>
    </p>
   </div>
   <div class='ocr_carea' id='block_1_93' title="bbox 517 4765 2111 4845">
    <p class='ocr_par' dir='ltr' id='par_1_93' title="bbox 517 4765 2111 4845">
     <span class='ocr_line' id='line_1_93' title="bbox 517 4765 2111 4845; baseline 0.011 -26"><span class='ocrx_word' id='word_1_675' title='bbox 517 4765 659 4836; x_wconf 89' lang='lat' dir='ltr'><strong>ejus,</strong></span> <span class='ocrx_word' id='word_1_676' title='bbox 697 4777 759 4821; x_wconf 89' lang='lat' dir='ltr'><strong>ut</strong></span> <span class='ocrx_word' id='word_1_677' title='bbox 802 4768 1009 4826; x_wconf 87' lang='lat' dir='ltr'><strong>daretis</strong></span> <span class='ocrx_word' id='word_1_678' title='bbox 1047 4772 1288 4843; x_wconf 83' lang='lat' dir='ltr'><strong>gladium</strong></span> <span class='ocrx_word' id='word_1_679' title='bbox 1334 4773 1393 4827; x_wconf 91' lang='lat' dir='ltr'><strong>in</strong></span> <span class='ocrx_word' id='word_1_680' title='bbox 1436 4788 1633 4828; x_wconf 88' lang='lat' dir='ltr'><strong>manus</strong></span> <span class='ocrx_word' id='word_1_681' title='bbox 1655 4775 1773 4845; x_wconf 88' lang='lat' dir='ltr'><strong>ejus</strong></span> <span class='ocrx_word' id='word_1_682' title='bbox 1799 4777 1868 4832; x_wconf 89' lang='lat' dir='ltr'><strong>ad</strong></span> <span class='ocrx_word' id='word_1_683' title='bbox 1898 4779 2111 4836; x_wconf 88' lang='lat' dir='ltr'><strong>interﬁ-</strong></span> 
     </span>
    </p>
   </div>
   <div class='ocr_carea' id='block_1_94' title="bbox 519 4857 2110 4935">
    <p class='ocr_par' dir='ltr' id='par_1_94' title="bbox 519 4857 2110 4935">
     <span class='ocr_line' id='line_1_94' title="bbox 519 4857 2110 4935; baseline 0.013 -25"><span class='ocrx_word' id='word_1_684' title='bbox 519 4857 745 4913; x_wconf 90' lang='lat' dir='ltr'><strong>ciendos</strong></span> <span class='ocrx_word' id='word_1_685' title='bbox 786 4877 888 4917; x_wconf 92' lang='lat' dir='ltr'><strong>nos</strong></span> <span class='ocrx_word' id='word_1_686' title='bbox 928 4863 969 4917; x_wconf 83' lang='grc'><strong>⁸.</strong></span> <span class='ocrx_word' id='word_1_687' title='bbox 1008 4882 1027 4916; x_wconf 83' lang='grc'>›</span> <span class='ocrx_word' id='word_1_688' title='bbox 1077 4863 1220 4930; x_wconf 87' lang='lat' dir='ltr'><strong>Quid</strong></span> <span class='ocrx_word' id='word_1_689' title='bbox 1264 4874 1357 4931; x_wconf 91' lang='lat' dir='ltr'><strong>tu,</strong></span> <span class='ocrx_word' id='word_1_690' title='bbox 1400 4865 1605 4935; x_wconf 91' lang='lat' dir='ltr'><strong>amice,</strong></span> <span class='ocrx_word' id='word_1_691' title='bbox 1652 4882 1836 4924; x_wconf 92' lang='lat' dir='ltr'><strong>nonne</strong></span> <span class='ocrx_word' id='word_1_692' title='bbox 1882 4874 2110 4929; x_wconf 87' lang='lat' dir='ltr'><strong>verissi-</strong></span> 
     </span>
    </p>
   </div>
   <div class='ocr_carea' id='block_1_95' title="bbox 521 4954 2110 5030">
    <p class='ocr_par' dir='ltr' id='par_1_95' title="bbox 521 4954 2110 5030">
     <span class='ocr_line' id='line_1_95' title="bbox 521 4954 2110 5030; baseline 0.011 -26"><span class='ocrx_word' id='word_1_693' title='bbox 521 4966 673 5006; x_wconf 90' lang='lat' dir='ltr'><strong>mum</strong></span> <span class='ocrx_word' id='word_1_694' title='bbox 698 4967 818 5007; x_wconf 85' lang='lat' dir='ltr'><strong>esse</strong></span> <span class='ocrx_word' id='word_1_695' title='bbox 846 4954 1016 5020; x_wconf 91' lang='lat' dir='ltr'><strong>dices,</strong></span> <span class='ocrx_word' id='word_1_696' title='bbox 1046 4956 1141 5011; x_wconf 90' lang='lat' dir='ltr'><strong>ubi</strong></span> <span class='ocrx_word' id='word_1_697' title='bbox 1170 4959 1403 5027; x_wconf 86' lang='lat' dir='ltr'><strong>coeperit</strong></span> <span class='ocrx_word' id='word_1_698' title='bbox 1428 4961 1551 5030; x_wconf 91' lang='lat' dir='ltr'><strong>quis</strong></span> <span class='ocrx_word' id='word_1_699' title='bbox 1579 4962 1834 5019; x_wconf 90' lang='lat' dir='ltr'><strong>diabolici</strong></span> <span class='ocrx_word' id='word_1_700' title='bbox 1860 4964 2110 5020; x_wconf 88' lang='lat' dir='ltr'><strong>domina-</strong></span> 
     </span>
    </p>
   </div>
   <div class='ocr_carea' id='block_1_96' title="bbox 522 5044 2110 5128">
    <p class='ocr_par' dir='ltr' id='par_1_96' title="bbox 522 5044 2110 5128">
     <span class='ocr_line' id='line_1_96' title="bbox 522 5044 2110 5128; baseline 0.009 -33"><span class='ocrx_word' id='word_1_701' title='bbox 522 5049 613 5096; x_wconf 88' lang='lat' dir='ltr'><strong>tus</strong></span> <span class='ocrx_word' id='word_1_702' title='bbox 635 5044 826 5114; x_wconf 89' lang='lat' dir='ltr'><strong>jugum</strong></span> <span class='ocrx_word' id='word_1_703' title='bbox 848 5055 1126 5112; x_wconf 82' lang='lat' dir='ltr'><strong>excutere,</strong></span> <span class='ocrx_word' id='word_1_704' title='bbox 1150 5059 1451 5121; x_wconf 88' lang='lat' dir='ltr'><strong>contraque</strong></span> <span class='ocrx_word' id='word_1_705' title='bbox 1480 5052 1651 5109; x_wconf 80' lang='lat' dir='ltr'><strong>divini</strong></span> <span class='ocrx_word' id='word_1_706' title='bbox 1680 5056 1861 5111; x_wconf 90' lang='lat' dir='ltr'><strong>cultus</strong></span> <span class='ocrx_word' id='word_1_707' title='bbox 1880 5057 2110 5128; x_wconf 77' lang='lat' dir='ltr'><strong>gloriam</strong></span> 
     </span>
    </p>
   </div>
   <div class='ocr_carea' id='block_1_97' title="bbox 522 5130 2111 5216">
    <p class='ocr_par' dir='ltr' id='par_1_97' title="bbox 522 5130 2111 5216">
     <span class='ocr_line' id='line_1_97' title="bbox 522 5130 2111 5216; baseline 0.013 -35"><span class='ocrx_word' id='word_1_708' title='bbox 522 5130 843 5197; x_wconf 64' lang='lat' dir='ltr'><strong>praeclaram</strong></span> <span class='ocrx_word' id='word_1_709' title='bbox 874 5134 1025 5188; x_wconf 90' lang='lat' dir='ltr'><strong>illam</strong></span> <span class='ocrx_word' id='word_1_710' title='bbox 1053 5144 1109 5189; x_wconf 92' lang='lat' dir='ltr'><strong>et</strong></span> <span class='ocrx_word' id='word_1_711' title='bbox 1136 5136 1366 5192; x_wconf 89' lang='lat' dir='ltr'><strong>liberam</strong></span> <span class='ocrx_word' id='word_1_712' title='bbox 1396 5143 1697 5213; x_wconf 89' lang='lat' dir='ltr'><strong>suscipere,</strong></span> <span class='ocrx_word' id='word_1_713' title='bbox 1722 5162 2029 5216; x_wconf 88' lang='lat' dir='ltr'><strong>vacareque</strong></span> <span class='ocrx_word' id='word_1_714' title='bbox 2054 5155 2111 5201; x_wconf 92' lang='lat' dir='ltr'><strong>et</strong></span> 
     </span>
    </p>
   </div>
   <div class='ocr_carea' id='block_1_98' title="bbox 2210 4676 3805 4751">
    <p class='ocr_par' dir='ltr' id='par_1_98' title="bbox 2210 4676 3805 4751">
     <span class='ocr_line' id='line_1_98' title="bbox 2210 4676 3805 4751; baseline -0.001 -20"><span class='ocrx_word' id='word_1_715' title='bbox 2210 4678 2367 4751; x_wconf 83' lang='grc' dir='ltr'>ἡμῶν</span> <span class='ocrx_word' id='word_1_716' title='bbox 2391 4677 2633 4733; x_wconf 88' lang='grc' dir='ltr'>ἐναντίον</span> <span class='ocrx_word' id='word_1_717' title='bbox 2662 4676 2882 4749; x_wconf 81' lang='grc' dir='ltr'>Φαραὼ,</span> <span class='ocrx_word' id='word_1_718' title='bbox 2905 4678 3000 4732; x_wconf 78' lang='grc' dir='ltr'>καὶ</span> <span class='ocrx_word' id='word_1_719' title='bbox 3032 4678 3272 4751; x_wconf 82' lang='grc' dir='ltr'>ἐναντίρν</span> <span class='ocrx_word' id='word_1_720' title='bbox 3309 4676 3418 4731; x_wconf 89' lang='grc' dir='ltr'><strong>τῶν</strong></span> <span class='ocrx_word' id='word_1_721' title='bbox 3452 4676 3805 4748; x_wconf 85' lang='grc' dir='ltr'>θεραπόντων</span> 
     </span>
    </p>
   </div>
   <div class='ocr_carea' id='block_1_99' title="bbox 2210 4766 3803 4844">
    <p class='ocr_par' dir='ltr' id='par_1_99' title="bbox 2210 4766 3803 4844">
     <span class='ocr_line' id='line_1_99' title="bbox 2210 4766 3803 4844; baseline -0.005 -18"><span class='ocrx_word' id='word_1_722' title='bbox 2210 4770 2400 4834; x_wconf 80' lang='grc' dir='ltr'>αὐτοῦ,</span> <span class='ocrx_word' id='word_1_723' title='bbox 2432 4771 2615 4826; x_wconf 81' lang='grc' dir='ltr'>δοῦναι</span> <span class='ocrx_word' id='word_1_724' title='bbox 2647 4773 2922 4844; x_wconf 73' lang='grc' dir='ltr'><strong>ῥομφαίαν</strong></span> <span class='ocrx_word' id='word_1_725' title='bbox 2959 4773 3039 4835; x_wconf 88' lang='grc' dir='ltr'><strong>είς</strong></span> <span class='ocrx_word' id='word_1_726' title='bbox 3064 4769 3163 4835; x_wconf 83' lang='grc' dir='ltr'>τὰς</span> <span class='ocrx_word' id='word_1_727' title='bbox 3191 4772 3379 4841; x_wconf 86' lang='grc' dir='ltr'>χεῖρας</span> <span class='ocrx_word' id='word_1_728' title='bbox 3419 4766 3587 4822; x_wconf 80' lang='grc' dir='ltr'>αὐτοῦ</span> <span class='ocrx_word' id='word_1_729' title='bbox 3610 4805 3626 4829; x_wconf 88' lang='grc'><strong>,</strong></span> <span class='ocrx_word' id='word_1_730' title='bbox 3665 4766 3803 4819; x_wconf 88' lang='grc' dir='ltr'>ἀπο-</span> 
     </span>
    </p>
   </div>
   <div class='ocr_carea' id='block_1_100' title="bbox 2212 4853 3803 4935">
    <p class='ocr_par' dir='ltr' id='par_1_100' title="bbox 2212 4853 3803 4935">
     <span class='ocr_line' id='line_1_100' title="bbox 2212 4853 3803 4935; baseline -0.006 -16"><span class='ocrx_word' id='word_1_731' title='bbox 2212 4865 2419 4919; x_wconf 85' lang='grc' dir='ltr'>κτεῖναι</span> <span class='ocrx_word' id='word_1_732' title='bbox 2442 4864 2614 4935; x_wconf 79' lang='grc' dir='ltr'>ἡμᾶς.</span> <span class='ocrx_word' id='word_1_733' title='bbox 2646 4883 2666 4916; x_wconf 77' lang='grc' dir='ltr'><strong>ι</strong></span> <span class='ocrx_word' id='word_1_734' title='bbox 2693 4864 2763 4917; x_wconf 85' lang='grc' dir='ltr'><strong>’Ἡ</strong></span> <span class='ocrx_word' id='word_1_735' title='bbox 2790 4864 2918 4935; x_wconf 83' lang='grc' dir='ltr'>γάρ,</span> <span class='ocrx_word' id='word_1_736' title='bbox 2941 4855 2986 4915; x_wconf 80' lang='grc' dir='ltr'>ὦ</span> <span class='ocrx_word' id='word_1_737' title='bbox 3007 4861 3251 4932; x_wconf 86' lang='grc' dir='ltr'>φιλότης,</span> <span class='ocrx_word' id='word_1_738' title='bbox 3282 4860 3383 4915; x_wconf 85' lang='grc' dir='ltr'>οὐκ</span> <span class='ocrx_word' id='word_1_739' title='bbox 3409 4858 3637 4930; x_wconf 85' lang='grc' dir='ltr'>ἀτρεκὲς</span> <span class='ocrx_word' id='word_1_740' title='bbox 3662 4853 3803 4911; x_wconf 74' lang='grc' dir='ltr'>εἶναι</span> 
     </span>
    </p>
   </div>
   <div class='ocr_carea' id='block_1_101' title="bbox 2216 4949 3806 5026">
    <p class='ocr_par' dir='ltr' id='par_1_101' title="bbox 2216 4949 3806 5026">
     <span class='ocr_line' id='line_1_101' title="bbox 2216 4949 3806 5026; baseline -0.005 -16"><span class='ocrx_word' id='word_1_741' title='bbox 2216 4957 2346 5026; x_wconf 80' lang='grc' dir='ltr'>φὴς,</span> <span class='ocrx_word' id='word_1_742' title='bbox 2384 4956 2461 5019; x_wconf 88' lang='grc' dir='ltr'>ὼς</span> <span class='ocrx_word' id='word_1_743' title='bbox 2502 4954 2726 5009; x_wconf 85' lang='grc' dir='ltr'>ἐπειδὰν</span> <span class='ocrx_word' id='word_1_744' title='bbox 2774 4955 2949 5009; x_wconf 79' lang='grc' dir='ltr'>ἐλοιτό</span> <span class='ocrx_word' id='word_1_745' title='bbox 2971 4972 3053 5018; x_wconf 86' lang='grc' dir='ltr'><strong>τις</strong></span> <span class='ocrx_word' id='word_1_746' title='bbox 3080 4956 3179 5026; x_wconf 82' lang='grc' dir='ltr'>τῆς</span> <span class='ocrx_word' id='word_1_747' title='bbox 3204 4951 3300 5006; x_wconf 80' lang='grc' dir='ltr'><strong>τοῦ</strong></span> <span class='ocrx_word' id='word_1_748' title='bbox 3333 4951 3583 5005; x_wconf 77' lang='grc' dir='ltr'>διαϐόλου</span> <span class='ocrx_word' id='word_1_749' title='bbox 3613 4949 3806 5003; x_wconf 86' lang='grc' dir='ltr'>πλεον-</span> 
     </span>
    </p>
   </div>
   <div class='ocr_carea' id='block_1_102' title="bbox 2213 5042 3805 5117">
    <p class='ocr_par' dir='ltr' id='par_1_102' title="bbox 2213 5042 3805 5117">
     <span class='ocr_line' id='line_1_102' title="bbox 2213 5042 3805 5117; baseline -0.003 -17"><span class='ocrx_word' id='word_1_750' title='bbox 2213 5047 2361 5115; x_wconf 79' lang='grc' dir='ltr'>εξίας</span> <span class='ocrx_word' id='word_1_751' title='bbox 2395 5047 2771 5103; x_wconf 86' lang='grc' dir='ltr'>ἀπολύσασθαι</span> <span class='ocrx_word' id='word_1_752' title='bbox 2820 5047 2909 5103; x_wconf 91' lang='grc' dir='ltr'><strong>τὸν</strong></span> <span class='ocrx_word' id='word_1_753' title='bbox 2939 5046 3119 5117; x_wconf 80' lang='grc' dir='ltr'>ζυγὸν,</span> <span class='ocrx_word' id='word_1_754' title='bbox 3167 5047 3263 5101; x_wconf 73' lang='grc' dir='ltr'><strong>καὶ</strong></span> <span class='ocrx_word' id='word_1_755' title='bbox 3303 5046 3365 5100; x_wconf 91' lang='grc' dir='ltr'><strong>τὸ</strong></span> <span class='ocrx_word' id='word_1_756' title='bbox 3410 5044 3664 5116; x_wconf 84' lang='grc' dir='ltr'>λαμπρὸν</span> <span class='ocrx_word' id='word_1_757' title='bbox 3706 5042 3805 5096; x_wconf 79' lang='grc' dir='ltr'>καὶ</span> 
     </span>
    </p>
   </div>
   <div class='ocr_carea' id='block_1_103' title="bbox 2214 5131 3806 5210">
    <p class='ocr_par' dir='ltr' id='par_1_103' title="bbox 2214 5131 3806 5210">
     <span class='ocr_line' id='line_1_103' title="bbox 2214 5131 3806 5210; baseline -0.005 -17"><span class='ocrx_word' id='word_1_758' title='bbox 2214 5137 2496 5210; x_wconf 87' lang='grc' dir='ltr'>ἐλεύθερον</span> <span class='ocrx_word' id='word_1_759' title='bbox 2520 5139 2619 5210; x_wconf 82' lang='grc' dir='ltr'><strong>τῆς</strong></span> <span class='ocrx_word' id='word_1_760' title='bbox 2654 5140 2732 5202; x_wconf 85' lang='grc' dir='ltr'><strong>εἱς</strong></span> <span class='ocrx_word' id='word_1_761' title='bbox 2773 5138 2906 5192; x_wconf 85' lang='grc' dir='ltr'>Θεὸν</span> <span class='ocrx_word' id='word_1_762' title='bbox 2946 5137 3205 5208; x_wconf 88' lang='grc' dir='ltr'>λατρείας</span> <span class='ocrx_word' id='word_1_763' title='bbox 3246 5133 3635 5189; x_wconf 86' lang='grc' dir='ltr'>ἀντανελέσθαι</span> <span class='ocrx_word' id='word_1_764' title='bbox 3669 5131 3806 5186; x_wconf 87' lang='grc' dir='ltr'>καύ-</span> 
     </span>
    </p>
   </div>
   <div class='ocr_carea' id='block_1_104' title="bbox 522 5227 2093 5307">
    <p class='ocr_par' dir='ltr' id='par_1_104' title="bbox 522 5227 2093 5303">
     <span class='ocr_line' id='line_1_104' title="bbox 522 5227 2093 5303; baseline 0.014 -33"><span class='ocrx_word' id='word_1_765' title='bbox 522 5232 853 5288; x_wconf 82' lang='lat' dir='ltr'><strong>cognoscere</strong></span> <span class='ocrx_word' id='word_1_766' title='bbox 884 5239 1032 5290; x_wconf 91' lang='lat' dir='ltr'><strong>eum,</strong></span> <span class='ocrx_word' id='word_1_767' title='bbox 1066 5227 1267 5296; x_wconf 84' lang='lat' dir='ltr'><strong>quiest</strong></span> <span class='ocrx_word' id='word_1_768' title='bbox 1293 5247 1422 5286; x_wconf 87' lang='lat' dir='ltr'><strong>vere</strong></span> <span class='ocrx_word' id='word_1_769' title='bbox 1451 5234 1735 5303; x_wconf 90' lang='lat' dir='ltr'><strong>Dominus,</strong></span> <span class='ocrx_word' id='word_1_770' title='bbox 1761 5246 1820 5292; x_wconf 90' lang='lat' dir='ltr'><strong>ut</strong></span> <span class='ocrx_word' id='word_1_771' title='bbox 1851 5238 1908 5291; x_wconf 91' lang='lat' dir='ltr'><strong>in</strong></span> <span class='ocrx_word' id='word_1_772' title='bbox 1941 5238 2093 5292; x_wconf 73' lang='lat' dir='ltr'><strong>Psal—</strong></span> 
     </span>
    </p>
   </div>
   <div class='ocr_carea' id='block_1_105' title="bbox 2195 5227 3793 5307">
    <p class='ocr_par' dir='ltr' id='par_1_105' title="bbox 2201 5228 3793 5307">
     <span class='ocr_line' id='line_1_105' title="bbox 2201 5228 3793 5307; baseline -0.003 -21"><span class='ocrx_word' id='word_1_773' title='bbox 2201 5253 2374 5307; x_wconf 87' lang='grc' dir='ltr'>χημα,</span> <span class='ocrx_word' id='word_1_774' title='bbox 2405 5234 2664 5307; x_wconf 86' lang='grc' dir='ltr'>σχολάσαι</span> <span class='ocrx_word' id='word_1_775' title='bbox 2696 5252 2754 5289; x_wconf 90' lang='grc' dir='ltr'><strong>τε</strong></span> <span class='ocrx_word' id='word_1_776' title='bbox 2776 5234 2872 5289; x_wconf 74' lang='grc' dir='ltr'>καὶ</span> <span class='ocrx_word' id='word_1_777' title='bbox 2904 5233 3105 5302; x_wconf 89' lang='grc' dir='ltr'>γνῶναι</span> <span class='ocrx_word' id='word_1_778' title='bbox 3131 5232 3221 5287; x_wconf 89' lang='grc' dir='ltr'><strong>τὸν</strong></span> <span class='ocrx_word' id='word_1_779' title='bbox 3243 5230 3463 5302; x_wconf 85' lang='grc' dir='ltr'>ἀληθῶς</span> <span class='ocrx_word' id='word_1_780' title='bbox 3488 5228 3793 5300; x_wconf 85' lang='grc' dir='ltr'>Δεσπότην,</span> 
     </span>
    </p>
   </div>
   <div class='ocr_carea' id='block_1_106' title="bbox 524 5310 2093 5399">
    <p class='ocr_par' dir='ltr' id='par_1_106' title="bbox 524 5310 2093 5399">
     <span class='ocr_line' id='line_1_106' title="bbox 524 5310 2093 5399; baseline 0.013 -37"><span class='ocrx_word' id='word_1_781' title='bbox 524 5310 630 5364; x_wconf 89' lang='lat' dir='ltr'><strong>mis</strong></span> <span class='ocrx_word' id='word_1_782' title='bbox 659 5313 875 5368; x_wconf 88' lang='lat' dir='ltr'><strong>canitur</strong></span> <span class='ocrx_word' id='word_1_783' title='bbox 905 5334 917 5368; x_wconf 95' lang='lat'><strong>:</strong></span> <span class='ocrx_word' id='word_1_784' title='bbox 957 5335 975 5367; x_wconf 81' lang='grc' dir='ltr'><strong>ι</strong></span> <span class='ocrx_word' id='word_1_785' title='bbox 1011 5317 1211 5374; x_wconf 83' lang='lat' dir='ltr'><strong>Vacate</strong></span> <span class='ocrx_word' id='word_1_786' title='bbox 1248 5328 1305 5377; x_wconf 90' lang='lat' dir='ltr'><strong>et</strong></span> <span class='ocrx_word' id='word_1_787' title='bbox 1339 5323 1540 5391; x_wconf 86' lang='lat' dir='ltr'><strong>videte,</strong></span> <span class='ocrx_word' id='word_1_788' title='bbox 1569 5329 1827 5397; x_wconf 91' lang='lat' dir='ltr'><strong>quoniam</strong></span> <span class='ocrx_word' id='word_1_789' title='bbox 1859 5344 1961 5399; x_wconf 88' lang='lat' dir='ltr'><strong>ego</strong></span> <span class='ocrx_word' id='word_1_790' title='bbox 1986 5343 2093 5382; x_wconf 84' lang='lat' dir='ltr'><strong>sun:</strong></span> 
     </span>
    </p>
   </div>
   <div class='ocr_carea' id='block_1_107' title="bbox 2195 5310 3806 5399">
    <p class='ocr_par' dir='ltr' id='par_1_107' title="bbox 2216 5321 3806 5396">
     <span class='ocr_line' id='line_1_107' title="bbox 2216 5321 3806 5396; baseline -0.004 -17"><span class='ocrx_word' id='word_1_791' title='bbox 2216 5327 2358 5380; x_wconf 87' lang='grc' dir='ltr'><strong>κατά</strong></span> <span class='ocrx_word' id='word_1_792' title='bbox 2397 5326 2458 5379; x_wconf 92' lang='grc' dir='ltr'><strong>τὸ</strong></span> <span class='ocrx_word' id='word_1_793' title='bbox 2493 5328 2552 5379; x_wconf 91' lang='grc' dir='ltr'>ἐν</span> <span class='ocrx_word' id='word_1_794' title='bbox 2585 5327 2834 5396; x_wconf 81' lang='grc' dir='ltr'>Ψαλμοῖς</span> <span class='ocrx_word' id='word_1_795' title='bbox 2877 5323 3233 5396; x_wconf 85' lang='grc' dir='ltr'>ὑμνούμενον·</span> <span class='ocrx_word' id='word_1_796' title='bbox 3289 5342 3309 5376; x_wconf 81' lang='grc' dir='ltr'><strong>ι</strong></span> <span class='ocrx_word' id='word_1_797' title='bbox 3354 5322 3662 5393; x_wconf 89' lang='grc' dir='ltr'>Σχολάσατε</span> <span class='ocrx_word' id='word_1_798' title='bbox 3707 5321 3806 5374; x_wconf 81' lang='grc' dir='ltr'>καὶ</span> 
     </span>
    </p>
   </div>
   <div class='ocr_carea' id='block_1_108' title="bbox 525 5400 2093 5488">
    <p class='ocr_par' dir='ltr' id='par_1_108' title="bbox 525 5400 2093 5488">
     <span class='ocr_line' id='line_1_108' title="bbox 525 5400 2093 5488; baseline 0.011 -34"><span class='ocrx_word' id='word_1_799' title='bbox 525 5400 671 5456; x_wconf 90' lang='lat' dir='ltr'><strong>Deus</strong></span> <span class='ocrx_word' id='word_1_800' title='bbox 717 5403 758 5468; x_wconf 80' lang='lat'><strong>°,</strong></span> <span class='ocrx_word' id='word_1_801' title='bbox 802 5424 820 5456; x_wconf 72' lang='grc' dir='ltr'><strong>ι</strong></span> <span class='ocrx_word' id='word_1_802' title='bbox 866 5415 985 5460; x_wconf 87' lang='lat' dir='ltr'><strong>tum</strong></span> <span class='ocrx_word' id='word_1_803' title='bbox 1029 5407 1144 5465; x_wconf 83' lang='lat' dir='ltr'><strong>fore</strong></span> <span class='ocrx_word' id='word_1_804' title='bbox 1201 5419 1261 5466; x_wconf 91' lang='lat' dir='ltr'><strong>ut</strong></span> <span class='ocrx_word' id='word_1_805' title='bbox 1305 5414 1393 5469; x_wconf 90' lang='lat' dir='ltr'><strong>ille</strong></span> <span class='ocrx_word' id='word_1_806' title='bbox 1427 5417 1483 5470; x_wconf 92' lang='lat' dir='ltr'><strong>in</strong></span> <span class='ocrx_word' id='word_1_807' title='bbox 1530 5418 1848 5488; x_wconf 87' lang='lat' dir='ltr'><strong>hujusmodi</strong></span> <span class='ocrx_word' id='word_1_808' title='bbox 1889 5418 2093 5488; x_wconf 68' lang='lat' dir='ltr'><strong>negotit</strong></span> 
     </span>
    </p>
   </div>
   <div class='ocr_carea' id='block_1_109' title="bbox 2195 5400 3806 5488">
    <p class='ocr_par' dir='ltr' id='par_1_109' title="bbox 2214 5409 3806 5488">
     <span class='ocr_line' id='line_1_109' title="bbox 2214 5409 3806 5488; baseline -0.003 -19"><span class='ocrx_word' id='word_1_809' title='bbox 2214 5416 2389 5485; x_wconf 86' lang='grc' dir='ltr'>γνῶτε</span> <span class='ocrx_word' id='word_1_810' title='bbox 2421 5419 2504 5472; x_wconf 84' lang='grc' dir='ltr'>ὅτι</span> <span class='ocrx_word' id='word_1_811' title='bbox 2539 5416 2652 5488; x_wconf 85' lang='grc' dir='ltr'>ἐγώ</span> <span class='ocrx_word' id='word_1_812' title='bbox 2690 5419 2806 5487; x_wconf 82' lang='grc' dir='ltr'>εἰμι</span> <span class='ocrx_word' id='word_1_813' title='bbox 2836 5415 3041 5487; x_wconf 86' lang='grc' dir='ltr'>Κύριος</span> <span class='ocrx_word' id='word_1_814' title='bbox 3070 5416 3098 5468; x_wconf 87' lang='grc' dir='ltr'><strong>ό</strong></span> <span class='ocrx_word' id='word_1_815' title='bbox 3140 5413 3294 5479; x_wconf 82' lang='grc' dir='ltr'>Θεὸς,</span> <span class='ocrx_word' id='word_1_816' title='bbox 3332 5432 3352 5467; x_wconf 73' lang='grc' dir='ltr'>ι</span> <span class='ocrx_word' id='word_1_817' title='bbox 3386 5413 3673 5483; x_wconf 78' lang='grc' dir='ltr'>ἐγκαλέσει</span> <span class='ocrx_word' id='word_1_818' title='bbox 3703 5409 3806 5481; x_wconf 86' lang='grc' dir='ltr'><strong>μὲν</strong></span> 
     </span>
    </p>
   </div>
   <div class='ocr_carea' id='block_1_110' title="bbox 525 5494 2093 5580">
    <p class='ocr_par' dir='ltr' id='par_1_110' title="bbox 525 5494 2093 5579">
     <span class='ocr_line' id='line_1_110' title="bbox 525 5494 2093 5579; baseline 0.011 -33"><span class='ocrx_word' id='word_1_819' title='bbox 525 5494 700 5549; x_wconf 90' lang='lat' dir='ltr'><strong>otium</strong></span> <span class='ocrx_word' id='word_1_820' title='bbox 739 5511 804 5551; x_wconf 90' lang='lat' dir='ltr'><strong>ac</strong></span> <span class='ocrx_word' id='word_1_821' title='bbox 842 5500 1085 5555; x_wconf 89' lang='lat' dir='ltr'><strong>studium</strong></span> <span class='ocrx_word' id='word_1_822' title='bbox 1137 5512 1397 5575; x_wconf 89' lang='lat' dir='ltr'><strong>tanquam</strong></span> <span class='ocrx_word' id='word_1_823' title='bbox 1443 5507 1782 5579; x_wconf 87' lang='lat' dir='ltr'><strong>impietatem</strong></span> <span class='ocrx_word' id='word_1_824' title='bbox 1814 5508 2093 5578; x_wconf 68' lang='lat' dir='ltr'><strong>quamdam</strong></span> 
     </span>
    </p>
   </div>
   <div class='ocr_carea' id='block_1_111' title="bbox 2195 5494 3808 5580">
    <p class='ocr_par' dir='ltr' id='par_1_111' title="bbox 2217 5499 3808 5580">
     <span class='ocr_line' id='line_1_111' title="bbox 2217 5499 3808 5580; baseline -0.006 -17"><span class='ocrx_word' id='word_1_825' title='bbox 2217 5510 2347 5580; x_wconf 85' lang='grc' dir='ltr'><strong>ἡμῖν</strong></span> <span class='ocrx_word' id='word_1_826' title='bbox 2384 5508 2460 5572; x_wconf 87' lang='grc' dir='ltr'>ὠς</span> <span class='ocrx_word' id='word_1_827' title='bbox 2491 5508 2706 5563; x_wconf 87' lang='grc' dir='ltr'>ἀνόσιόν</span> <span class='ocrx_word' id='word_1_828' title='bbox 2732 5525 2786 5561; x_wconf 90' lang='grc' dir='ltr'><strong>τι</strong></span> <span class='ocrx_word' id='word_1_829' title='bbox 2816 5507 3027 5578; x_wconf 84' lang='grc' dir='ltr'>χρῆμα,</span> <span class='ocrx_word' id='word_1_830' title='bbox 3060 5506 3160 5577; x_wconf 82' lang='grc' dir='ltr'>τὴν</span> <span class='ocrx_word' id='word_1_831' title='bbox 3190 5506 3283 5559; x_wconf 74' lang='grc' dir='ltr'><strong>ἐπὶ</strong></span> <span class='ocrx_word' id='word_1_832' title='bbox 3311 5504 3447 5576; x_wconf 83' lang='grc' dir='ltr'>τῷδε</span> <span class='ocrx_word' id='word_1_833' title='bbox 3488 5501 3683 5575; x_wconf 82' lang='grc' dir='ltr'>σχολὴν</span> <span class='ocrx_word' id='word_1_834' title='bbox 3710 5499 3808 5554; x_wconf 67' lang='grc' dir='ltr'>καὶ</span> 
     </span>
    </p>
   </div>
   <div class='ocr_carea' id='block_1_112' title="bbox 604 5655 1673 5735">
    <p class='ocr_par' dir='ltr' id='par_1_112' title="bbox 604 5655 1673 5735">
     <span class='ocr_line' id='line_1_112' title="bbox 604 5655 1673 5735; baseline 0.009 -24"><span class='ocrx_word' id='word_1_835' title='bbox 604 5655 627 5689; x_wconf 82' lang='grc'>⁸</span> <span class='ocrx_word' id='word_1_836' title='bbox 653 5656 827 5712; x_wconf 79' lang='lat' dir='ltr'><strong>Exod.</strong></span> <span class='ocrx_word' id='word_1_837' title='bbox 866 5675 918 5726; x_wconf 91' lang='lat' dir='ltr'><strong>v,</strong></span> <span class='ocrx_word' id='word_1_838' title='bbox 945 5660 1010 5716; x_wconf 84' lang='lat' dir='ltr'><strong>l7</strong></span> <span class='ocrx_word' id='word_1_839' title='bbox 1042 5679 1162 5735; x_wconf 90' lang='lat' dir='ltr'><strong>sqq.</strong></span> <span class='ocrx_word' id='word_1_840' title='bbox 1240 5665 1262 5697; x_wconf 86' lang='grc'><strong><em>⁸</em></strong></span> <span class='ocrx_word' id='word_1_841' title='bbox 1289 5665 1432 5721; x_wconf 84' lang='lat' dir='ltr'><strong>Psal.</strong></span> <span class='ocrx_word' id='word_1_842' title='bbox 1468 5682 1590 5733; x_wconf 69' lang='lat' dir='ltr'><strong>XLV,</strong></span> <span class='ocrx_word' id='word_1_843' title='bbox 1622 5667 1673 5722; x_wconf 83' lang='lat' dir='ltr'><strong>l.</strong></span> 
     </span>
    </p>
   </div>
   <div class='ocr_carea' id='block_1_113' title="bbox 603 5789 2093 5876">
    <p class='ocr_par' dir='ltr' id='par_1_113' title="bbox 603 5789 2091 5876">
     <span class='ocr_line' id='line_1_113' title="bbox 603 5789 2091 5876; baseline 0.007 -28"><span class='ocrx_word' id='word_1_844' title='bbox 603 5789 679 5859; x_wconf 84' lang='lat' dir='ltr'><strong>(l)</strong></span> <span class='ocrx_word' id='word_1_845' title='bbox 715 5789 807 5876; x_wconf 70' lang='lat' dir='ltr'><strong>§ie</strong></span> <span class='ocrx_word' id='word_1_846' title='bbox 858 5794 979 5848; x_wconf 88' lang='lat' dir='ltr'><strong>eod.</strong></span> <span class='ocrx_word' id='word_1_847' title='bbox 1023 5795 1145 5852; x_wconf 82' lang='lat' dir='ltr'><strong>Vat.</strong></span> <span class='ocrx_word' id='word_1_848' title='bbox 1190 5797 1310 5854; x_wconf 89' lang='lat' dir='ltr'><strong>Non</strong></span> <span class='ocrx_word' id='word_1_849' title='bbox 1361 5800 1588 5870; x_wconf 87' lang='lat' dir='ltr'><strong>probavi</strong></span> <span class='ocrx_word' id='word_1_850' title='bbox 1654 5801 1802 5872; x_wconf 85' lang='lat' dir='ltr'><strong>quod</strong></span> <span class='ocrx_word' id='word_1_851' title='bbox 1860 5810 1980 5861; x_wconf 88' lang='lat' dir='ltr'><strong>erat</strong></span> <span class='ocrx_word' id='word_1_852' title='bbox 2033 5802 2091 5859; x_wconf 89' lang='lat' dir='ltr'><strong>in</strong></span> 
     </span>
    </p>
   </div>
   <div class='ocr_carea' id='block_1_114' title="bbox 2195 5789 3804 5876">
    <p class='ocr_par' dir='ltr' id='par_1_114' title="bbox 2195 5794 3804 5876">
     <span class='ocr_line' id='line_1_114' title="bbox 2195 5794 3804 5876; baseline -0.004 -22"><span class='ocrx_word' id='word_1_853' title='bbox 2195 5800 2327 5857; x_wconf 60' lang='lat' dir='ltr'><strong>idiee</strong></span> <span class='ocrx_word' id='word_1_854' title='bbox 2382 5801 2591 5869; x_wconf 89' lang='lat' dir='ltr'><strong>Sirleti,</strong></span> <span class='ocrx_word' id='word_1_855' title='bbox 2640 5798 2714 5866; x_wconf 82' lang='grc' dir='ltr'>ὡς</span> <span class='ocrx_word' id='word_1_856' title='bbox 2771 5802 2829 5858; x_wconf 82' lang='grc' dir='ltr'><strong>ἐν</strong></span> <span class='ocrx_word' id='word_1_857' title='bbox 2865 5798 3136 5876; x_wconf 66' lang='grc' dir='ltr'><strong>⁸αἰσθήσει</strong></span> <span class='ocrx_word' id='word_1_858' title='bbox 3185 5798 3325 5873; x_wconf 73' lang='grc' dir='ltr'><strong>τῶν⁵</strong></span> <span class='ocrx_word' id='word_1_859' title='bbox 3355 5794 3687 5869; x_wconf 76' lang='grc' dir='ltr'>Αἰγυπτίων,</span> <span class='ocrx_word' id='word_1_860' title='bbox 3736 5808 3804 5848; x_wconf 70' lang='lat' dir='ltr'><strong>ea;</strong></span> 
     </span>
    </p>
   </div>
   <div class='ocr_carea' id='block_1_115' title="bbox 530 5857 1104 5934">
    <p class='ocr_par' dir='ltr' id='par_1_115' title="bbox 530 5857 1104 5934">
     <span class='ocr_line' id='line_1_115' title="bbox 530 5857 1104 5934; baseline 0.016 -22"><span class='ocrx_word' id='word_1_861' title='bbox 530 5857 898 5934; x_wconf 47' lang='lat' dir='ltr'><strong>gﬁgypliorum</strong></span> <span class='ocrx_word' id='word_1_862' title='bbox 932 5881 1104 5922; x_wconf 71' lang='lat' dir='ltr'><strong>sensu.</strong></span> 
     </span>
    </p>
   </div>
  </div>
