4096 6468
348 313 463 375 193

1126 314 1216 375 DE
1255 315 1705 377 ADORATIONE
1744 316 1813 375 IN
1853 314 2126 376 SPIRITU
2173 317 2263 375 ET
2301 315 2674 379 VERITATE.
2720 316 2849 377 LIB.
2892 318 2933 377 Ι.

3566 326 3669 384 191

347 431 609 501 θέλησιν,
640 426 1107 496 κατεξανίσταται
1129 428 1186 483 δὲ
1208 431 1319 494 τοῖς
1342 429 1523 495 ἄλλοις
1552 430 1689 503 ὁμοῦ
1717 429 1974 501 πονηροῖς

2082 428 2240 485 nobis
2268 430 2406 486 vitio
2436 440 2636 497 vertat,
2660 446 2881 502 unaque
2906 445 3033 486 eum
3063 431 3187 487 aliis
3219 448 3458 505 nequam
3488 436 3673 512 impu~

346 539 410 576 τε
464 521 569 576 καὶ
634 520 975 595 ἀκαθάρτοις
1036 519 1344 592 πνεύμασιν
1399 524 1429 576 ὁ
1485 523 1706 577 πάντων
1754 520 1969 591 ἐχθρὸς,

348 612 644 685 σαρκικῆς
683 613 785 685 μὲν
829 615 929 666 καὶ
969 612 1206 682 γεώδους
1249 612 1596 687 ἀκαθαρσίας
1628 616 1723 668 καὶ
1757 612 1868 666 τῶν
1913 614 1972 666 ἐν

348 708 558 778 κόσμῳ
597 705 1006 778 ἀκαταλήκτως
1041 705 1287 777 ἔχεσθαι,
1325 705 1471 759 κατὰ
1502 706 1566 759 τὸ
1596 707 1814 776 ἑκάστῳ
1848 704 1974 758 σύν-

351 799 512 871 ηθες,
543 796 968 868 ἐπαναγκάζωνξ
987 799 1217 868 ἀγρίως,
1242 797 1544 868 ἀπέχεσθαι
1577 797 1637 877 δέΙ
1665 797 1769 867 τῆς
1797 797 1975 868 ἐντρι-

352 891 487 956 ϐοὗς
531 892 874 962 φαυλότητος
903 891 1106 963 ἥκιστα
1142 891 1241 961 μὲν
1274 890 1450 961 ἐφιεὶς
1470 928 1486 954 ,
1526 889 1885 961 δυσπόριστον
1916 888 1974 942 δὲ

349 985 451 1037 καὶ
490 983 666 1037 τοῦτο
712 982 924 1047 τιθεὶς,
973 982 1050 1046 ὡς
1098 982 1164 1036 ἂν
1200 983 1277 1054 μὴ
1323 980 1403 1053 τῷ
1444 981 1565 1036 λίαν
1616 982 1818 1052 ἑτοίμῳ
1857 982 1975 1035 δια-

350 1076 590 1132 πτύοιτό
636 1093 698 1129 τε
733 1075 829 1130 καὶ
880 1077 962 1139 είς
1005 1074 1169 1145 κόρον
1204 1074 1273 1128 ίοι
1310 1074 1372 1128 τὸ
1413 1074 1619 1141 κακόν;
1660 1075 1832 1129 Ταυτὶ
1863 1073 1974 1145 γὰρ

349 1167 519 1242 οῐμαι
549 1168 920 1239 καταδηλοῦν,
943 1168 1004 1221 τὸ
1042 1167 1276 1233 ἐξαιτεῖν
1306 1168 1408 1239 μὲν
1434 1168 1668 1232 εὐτόνως
1692 1168 1793 1238 τῆς
1817 1167 1975 1221 πλιν-

352 1263 517 1325 θείας
553 1261 657 1334 τὴν
686 1260 943 1327 σύνταξιν
964 1300 978 1325 ,
1010 1258 1080 1312 τὰ
1111 1258 1168 1312 δὲ
1199 1259 1268 1312 δι’
1308 1254 1383 1314 ὧν
1419 1260 1486 1314 ἂν
1522 1258 1736 1329 γένοιτο
1776 1258 1975 1330 ῥαδίως

350 1356 720 1426 ἀποστερεῖν,
755 1352 903 1407 τοῦτ’
949 1352 1132 1419 ἐστιν,
1165 1351 1227 1405 τὸ
1270 1351 1498 1424 ἄχυρον.
1542 1351 1878 1423 Πεφύκαμεν
1918 1353 1976 1406 δέ

264 1510 267 1513 ν
350 1463 518 1510 πως,
562 1444 691 1498 τότε
723 1443 789 1512 δὴ
845 1442 1084 1514 μάλιστα
1131 1442 1525 1515 προθυμότατα
1561 1459 1621 1496 τε
1655 1442 1749 1496 καὶ¹
1781 1440 1976 1494 εὐσθε-

352 1538 607 1591 νέστατα
648 1536 718 1589 τά
758 1535 964 1607 συνήθη
1009 1534 1215 1606 ζητεῖν,
1255 1534 1353 1588 καὶ
1393 1532 1756 1605 θερμοτέραις
1790 1532 1980 1586 ἐπιθυ-

356 1630 525 1701 μίαις
553 1629 645 1681 ἐπ’
670 1627 813 1682 αὐτὰ
831 1626 1294 1697 καταφλέγεσθαι,
1312 1624 1400 1679 ὅτε
1419 1643 1474 1678 τι
1502 1624 1746 1695 φαίνοιτο
1773 1623 1977 1695 μεταξὺ

352 1725 421 1778 τὺ
448 1724 535 1787 ὡς
569 1722 633 1787 ἐξ
665 1721 915 1791 ἀνάγκης
948 1719 1228 1792 ἀποφέρον
1259 1718 1353 1772 ἐπὶ
1384 1719 1447 1771 τὸ
1494 1717 1571 1789 μὴ
1598 1716 1861 1771 δύνασθαι
1883 1733 1979 1769 τυ-

2073 523 2263 594 risque
2307 524 2594 594 spiritibus
2639 525 2730 579 ille
2769 522 3017 579 omnium
3064 524 3241 583 hostis
3271 527 3538 603 insurgat,
3568 534 3675 588 im-

2073 615 2420 685 maniterque
2469 624 2647 686 cogat,
2683 625 2746 671 ιιι
2796 618 3002 672 carnali
3051 624 3394 691 terrenaque
3439 621 3677 695 impuri.

2074 707 2197 773 tati,
2227 708 2340 778 38
2375 716 2432 762 et
2464 709 2651 763 saeculi
2686 710 2836 764 curis
2880 719 3050 781 atque
3097 711 3532 774 distentionibus
3574 735 3678 790 pro

2074 799 2343 869 cujusque
2372 801 2773 856 consuetudine
2801 801 3035 858 ﬁrmiter
3074 803 3534 874 adhaerescamus,
3568 809 3677 865 mi-

2072 889 2335 960 nimeque
2368 892 2672 961 permittat,
2702 900 2815 947 uta
2840 894 3087 963 nequitia
3118 894 3175 949 in
3207 912 3316 966 qua
3343 901 3547 956 versati
3579 902 3678 958 diu

2075 997 2288 1049 sumus,
2335 984 2741 1050 abstineamus;
2774 985 2907 1055 quin
2951 987 3116 1041 etiam
3142 988 3199 1047 id
3234 991 3414 1060 ipsum
3449 994 3682 1052 minime

2075 1074 2240 1130 nobis
2267 1077 2587 1148 expeditum
2617 1076 2831 1142 reddat,
2865 1092 2935 1132 ne
2962 1077 3160 1133 vitium
3200 1081 3247 1136 si
3287 1084 3583 1140 admodum
3617 1088 3676 1142 in

2075 1176 2337 1238 promptu
2390 1169 2481 1234 sit,
2535 1177 2942 1237 contemnatur,
2996 1178 3052 1226 et
3098 1172 3405 1230 satietatem
3447 1178 3533 1233 sui
3576 1194 3676 1249 pa~

2075 1258 2219 1315 riat?
2247 1261 2307 1315 Id
2337 1263 2485 1316 enim
2517 1262 2829 1333 signiﬁcare
2861 1263 3124 1325 arbitror,
3162 1264 3400 1322 laterum
3430 1278 3677 1327 structu-

2076 1367 2194 1406 ram
2214 1352 2419 1408 acriter
2442 1369 2774 1424 exposcere;
2799 1370 2863 1410 ea
2884 1370 3071 1425 porro,
3096 1371 3198 1426 per
3223 1373 3344 1428 quae
3365 1359 3524 1417 facile
3548 1378 3681 1418 conn-

2076 1442 2167 1498 ﬁci
2207 1452 2457 1514 possunt,
2495 1445 2550 1498 id
2582 1454 2686 1510 cst,
2717 1446 2903 1515 paleas
2942 1447 3214 1502 subtrahi.
3255 1449 3352 1505 Est
3397 1453 3546 1507 enim
3575 1470 3678 1510 na-

2078 1546 2201 1594 tura
2234 1538 2395 1593 nobis
2417 1530 2824 1609 quodammodo
2852 1551 3253 1611 comparatum,
3282 1551 3344 1598 ut
3371 1558 3437 1599 ea
3471 1545 3526 1601 in
3552 1547 3680 1617 qui-

2078 1631 2184 1687 bus
2211 1633 2419 1687 assueti
2454 1648 2666 1698 sumus,
2706 1642 2822 1688 tum
2852 1635 3090 1689 maxima
3121 1636 3430 1706 alacritate,
3459 1647 3515 1694 et
3545 1655 3687 1695 con-

2080 1724 2328 1780 tentione
2351 1742 2686 1796 quaeramus,
2714 1716 3021 1798 eorumque
3049 1728 3354 1785 ardentiori
3378 1732 3683 1803 cupiditate

355 1820 505 1888 χείν.
563 1814 728 1869 Θείου
776 1812 835 1867 δὲ
874 1790 946 1885 δὴ
996 1790 1164 1883 νόμου
1205 1812 1298 1865 τὸν
1347 1810 1691 1882 ἀνθρώπινον
1735 1807 1862 1862 νοῦν
1910 1806 1979 1860 τὰ

2082 1790 2394 1887 θοαί-οπως,
2422 1831 2549 1871 eum
2579 1790 2786 1888 aliquid
2822 1790 3137 1885 intercedit,
3173 1821 3323 1890 quod
3358 1821 3412 1876 vi
3442 1790 3681 1893 quadam

356 1906 571 1978 αἰσχίω
629 1905 1130 1977 μεταπαιδεὼντος
1196 1903 1386 1977 μακρά
1437 1919 1522 1965 τις
1575 1899 1808 1954 εἰσδύνει
1856 1898 1981 1952 τότε

352 2001 425 2072 δὴ
462 2000 716 2071 μάλιστα
740 1997 903 2070 ποθὴ,
934 1996 1178 2051 καλοῦσα
1201 1995 1342 2067 πρὸς
1365 1994 1435 2049 τὰ
1467 1993 1628 2058 αὐτὰ,
1664 1992 1761 2046 καὶ
1789 2008 1983 2062 μονον·-

354 2094 487 2165 ουχὶ
551 2091 651 2147 τοῦ
708 2091 1011 2163 νομοθέτου
1093 2089 1373 2161 καταϐοᾷν
1424 2085 1827 2141 ἀναπείθουσα·
1886 2083 1984 2138 καὶ

354 2184 525 2237 τοῦδε
553 2182 620 2254 δὴ
665 2182 832 2238 πάλιν
886 2181 965 2246 ὼς
1003 2181 1063 2235 ἐν
1099 2181 1279 2242 σκιαῖς
1313 2177 1588 2244 ἀπόδειξις
1633 2177 1684 2229 οί
1713 2177 1981 2247 Γραμμα-

354 2280 478 2344 τεζς
518 2275 637 2330 τῶν
668 2275 803 2329 υίῶν
842 2273 1062 2346 Ἰσραὴλ
1081 2315 1095 2339 ,
1127 2271 1511 2345 ἐντρυχόμενοί
1544 2288 1605 2324 τε
1634 2273 1746 2334 τοῖς
1777 2269 1981 2340 ἔργοις,

359 2372 462 2427 καὶ
489 2370 599 2442 τὴν
633 2369 723 2424 ἐπ’
770 2369 916 2424 αὐτά
960 2367 1151 2441 ῥᾳδίαν
1184 2368 1286 2439 οὐχ
1318 2366 1554 2439 ὁρῶντες
1586 2364 1707 2419 ὁδόν
1727 2382 1740 2396 ·
1777 2362 1983 2435 ἀχύρου

356 2462 479 2535 rip
521 2458 671 2534 ἦσαν
706 2463 766 2517 ἐν
797 2461 1034 2527 σπάνει,
1071 2458 1377 2531 ἐπῃτιῶντο
1407 2457 1467 2512 δὲ
1514 2457 1637 2511 λίαν
1684 2455 1894 2510 Μωσέα
1921 2470 1983 2507 τε

358 2556 466 2609 καὶ
545 2553 765 2627 Ἀαρὼν
834 2554 938 2625 τῆς
998 2551 1446 2623 ἐπενηνεγμένης
1518 2548 1703 2612 αίτίας
1763 2547 1980 2612 αὐτοῖς,

358 2648 654 2721 πρόφασιν
683 2648 883 2712 αὐτοὺς
914 2645 1168 2716 γενέσθαι
1195 2644 1467 2714 λέγοντες,
1495 2643 1590 2697 καὶ
1618 2639 1980 2713 δυσαχθεστέο

362 2757 472 2813 ραν
494 2739 805 2811 ἀνατλῆναι
834 2738 937 2810 τῆς
963 2736 1280 2802 πλεονεξίας
1300 2737 1402 2808 τὴν
1423 2736 1633 2806 ἔφοδον,
1661 2736 1760 2806 οὐχ
1788 2734 1979 2805 ἐτέρου

358 2848 463 2884 του
487 2830 694 2902 χάριν,
726 2830 762 2903 ἢ
793 2830 878 2885 ὅτι
919 2828 984 2902 δὴ
1022 2828 1184 2902 μόνον
1216 2826 1536 2900 ἐλευθερίας
1567 2826 1768 2891 αὐτοὺς
1800 2824 1978 2879 είσέδυ

360 2921 565 2989 πόθος,
595 2923 712 2986 τοῖς
744 2922 877 2994 παρ’
910 2921 1092 2976 αὐτῶν
1124 2919 1304 2989 λόγοις
1336 2918 1865 2989 ἀναπεπεισμένους.

2078 1923 2182 1963 nos
2222 1908 2292 1963 ab
2329 1908 2399 1963 iis
2445 1911 2854 1981 consequendis
2905 1911 3152 1966 abducit.
3197 1912 3387 1984 Itaque
3423 1930 3550 1970 cum
3594 1916 3683 1972 di-

2077 2000 2209 2055 vina
2239 2000 2328 2056 lex
2358 2001 2665 2057 humanum
2695 2002 2940 2057 animum
2975 2004 3161 2073 turpia
3200 2004 3455 2074 dedocet,
3487 2007 3685 2080 ingens

2081 2091 2358 2161 quoddam
2395 2092 2735 2148 desiderium
2780 2100 2895 2148 tum
2936 2095 3172 2151 maxime
3215 2097 3386 2163 subit,
3421 2100 3570 2168 quod
3612 2100 3681 2155 ad

2080 2183 2275 2239 eadem
2301 2193 2543 2248 revocat,
2575 2193 2632 2239 et
2660 2185 3060 2255 propemodum
3089 2186 3356 2243 adversus
3383 2187 3565 2258 ipsum
3597 2190 3681 2245 le-

2080 2275 2398 2347 gislatorem
2428 2278 2721 2334 vociferari
2759 2279 2974 2344 suadet,
3002 2280 3232 2350 ejusque
3261 2281 3342 2335 rei
3374 2289 3437 2336 ut
3464 2280 3523 2336 in
3556 2297 3682 2336 um-

2081 2367 2200 2423 bris
2247 2368 2601 2438 quibusdam,
2630 2369 2913 2439 specimen
2957 2368 3228 2425 habemus
3270 2369 3493 2425 Scribas
3539 2369 3682 2426 ﬁlio-

2082 2476 2206 2515 rum
2238 2461 2427 2526 lsrael,
2463 2461 2558 2531 qui
2592 2469 2711 2515 tum
2736 2476 2968 2531 operum
3001 2461 3188 2517 labore
3220 2461 3682 2529 conﬁciebantur,

2081 2559 2199 2607 tum
2228 2553 2373 2608 viam
2406 2553 2475 2607 ad
2518 2568 2583 2607 ea
2610 2552 2949 2623 perﬁcienda
2991 2552 3211 2609 facilem
3238 2554 3444 2609 nullam
3484 2570 3684 2610 seruem

2086 2644 2254 2710 bant;
2306 2645 2590 2715 palearum
2631 2646 2781 2699 enim
2817 2645 3003 2716 inopia
3039 2645 3367 2701 laborabant
3398 2664 3411 2700 :
3444 2647 3686 2718 graviter

2084 2751 2307 2807 quoque
2350 2736 2572 2809 Moysen
2611 2745 2669 2792 et
2700 2736 2887 2793 Aaron
2917 2738 3235 2809 culpabant,
3272 2754 3400 2795 cum
3433 2738 3687 2794 dicerent

2083 2824 2209 2883 illos
2241 2827 2585 2884 occasionem
2615 2843 2729 2884 suae
2763 2829 3070 2884 vexationis
3098 2830 3425 2900 praebuisse,
3468 2828 3688 2901 gravio-

2085 2935 2317 2991 remque
2345 2936 2403 2976 se
2441 2920 2659 2993 injuria:
2690 2921 2803 2975 vim
2840 2921 3078 2992 perpeti,
3114 2936 3225 2977 non
3253 2922 3359 2977 alia
3396 2921 3466 2977 de
3496 2937 3685 2987 causa,

360 3013 477 3069 nisi
505 3013 615 3068 hac
644 3012 781 3075 sola,
809 3011 959 3083 quod
993 3011 1116 3069 illos
1149 3009 1544 3082 recuperandae
1584 3009 1861 3065 libertatis
1889 3018 2112 3079 ceperat
2165 3011 2529 3079 desiderium,
2559 3027 2626 3067 ex
2694 3026 2806 3082 quo
2838 3012 3061 3068 illorum
3118 3014 3469 3070 sermonibus
3522 3012 3689 3069 ﬁdem

361 3104 769 3162 adhibuissent

438 3200 664 3255 IIAAA.
707 3197 782 3252 Οὐ
822 3196 935 3269 γὰρ
961 3196 1064 3251 οίει
1095 3195 1278 3266 λέγειν
1308 3192 1380 3250 τά
1423 3193 1611 3248 εἰκότα
1642 3195 1737 3249 καὶ
1762 3191 1978 3264 ἀληθῆ;

2154 3176 2354 3243 PALL.
2399 3186 2580 3253 Quid?
2602 3202 2715 3243 non
2751 3201 2850 3244 eos
2894 3189 3297 3259 propemodum
3326 3207 3483 3263 aequa
3509 3204 3567 3251 et
3595 3211 3690 3253 ve-

440 3380 618 3435 ΚΥΡ.
650 3377 976 3433 Παντάπασι
1021 3376 1120 3448 μὲν
1158 3367 1288 3440 οὖν,
1319 3368 1365 3428 ὧ
1405 3372 1697 3428 Παλλάδιεο
1725 3371 1843 3444 ἅμα
1871 3370 1982 3444 γὰρ

361 3476 525 3547 ἡμᾶς
552 3469 827 3541 ἐπιθυμία
864 3468 1080 3541 χρηστὴ
1120 3468 1215 3523 καὶ
1252 3465 1514 3538 λογισμὸς
1550 3464 1756 3533 ἀγαθὸς
1794 3464 1984 3520 ἀνεσό-

364 3568 512 3638 δησε
562 3564 728 3636 τυχδν
773 3562 912 3635 πρὸς
957 3562 1019 3615 τὸ
1059 3561 1170 3615 δεῖν
1222 3558 1441 3614 ἑλέσθαι
1480 3557 1549 3611 τὰ
1596 3557 1674 3630 τῷ
1727 3557 1848 3629 Θεῷ
1896 3557 1985 3610 δο-

365 3658 605 3722 κοῦντα,
631 3657 728 3710 καὶ
750 3654 923 3726 νόμου
944 3651 1039 3707 τοῦ
1068 3652 1203 3724 πρὸς
1227 3650 1510 3704 εὐσέϐειαν
1534 3644 1980 3722 διαμεμνήμεθαο

365 3748 649 3818 κατάγχει
674 3746 733 3800 δέ
761 3745 1000 3817 μάλιστα
1032 3742 1294 3815 χειρόνως
1322 3742 1417 3794 ἐπὶ
1440 3740 1502 3793 τὸ
1529 3740 1770 3796 σίνεσθαι
1809 3758 1985 3811 πεφυ-

368 3841 468 3905 κὸς
500 3842 533 3894 ὁ
562 3839 787 3893 πάντων
816 3836 1031 3910 ἐχθρὸς,
1055 3835 1193 3906 πλὴν
1222 3832 1479 3907 ἐκρύεται
1500 3833 1594 3888 καὶ
1630 3833 1792 3899 σώζει
1824 3834 1981 3900 Θεός.

366 3934 486 3989 Καὶ
525 3929 660 3999 γοῦν
707 3929 814 4000 ἔφη
849 3928 989 4000 πρὸς
1030 3926 1271 3981 Μωσέα’
1336 3943 1355 3977 ι
1409 3923 1658 3985 Βάδισον,
1704 3924 1827 3977 είπέ
1871 3926 1984 3986 τοῖς

366 4029 511 4092 υἱοῖς
545 4023 769 4097 Ἰσραὴλ
807 4021 1005 4091 λέγων,
1036 4018 1186 4089 Ἐγὼ
1223 4017 1453 4090 Κύριος,
1501 4018 1596 4071 καὶ
1630 4015 1806 4081 ἐξάξω
1838 4016 1986 4086 ὑμᾶς

366 4118 485 4175 ἀπὺ
528 4119 635 4189 τῆς
677 4111 1001 4175 δυναστείας
1048 4111 1181 4167 τῶν,
1201 4109 1554 4179 Αίγυπτίων,
1606 4110 1701 4162 καὶ
1749 4108 1984 4179 ῥύσομαι

369 4211 523 4282 ὑμᾶς
586 4210 654 4262 ἐκ
725 4207 826 4278 τῆς
890 4203 1134 4268 δουλείας
1194 4201 1404 4266 αὐτῶν,
1465 4201 1560 4254 καὶ
1633 4197 1984 4271 λυτρώσομαι

369 4304 558 4375 ὑμᾶς,
611 4302 671 4355 ἐν
718 4298 966 4372 βραχίονι
1012 4295 1226 4368 ὑψηλῷ,
1261 4295 1353 4348 καὶ
1395 4293 1576 4364 κρίσει
1615 4290 1861 4363 μεγάλῃ,
1892 4291 1987 4342 καὶ¹

368 4396 624 4465 λήψομαι
673 4392 819 4462 ὑμᾶς
864 4392 946 4453 εἰς
982 4388 1112 4443 λαὸν
1156 4383 1400 4458 ἐμαυτῷ.
1448 4384 1561 4439 Καὶ
1591 4384 1788 4453 ἔσομαι
1829 4379 1985 4452 ὑμῶν

368 4487 531 4551 Θεὸς,
569 4487 671 4540 καὶ
697 4480 976 4554 γνώσεσθε
1004 4481 1086 4535 ὅτι
1122 4478 1234 4548 ἐγὼ
1266 4478 1474 4551 Κύριος
1515 4477 1545 4529 ὁ
1577 4474 1710 4538 Θεὸς
1746 4472 1924 4543 ὑμῶν,
1957 4473 1986 4525 ὁ

2084 3297 2145 3336 ra
2176 3281 2363 3337 dicere
2393 3281 2625 3336 censes?
3312 3338 3322 3349 _

2153 3372 2313 3429 (ΠΒ.
2349 3373 2426 3428 lta
2457 3380 2543 3428 est
2571 3372 2819 3439 omnino,
2860 3372 3089 3428 Palladi.
3126 3373 3304 3430 Simul
3335 3375 3486 3432 enim
3521 3387 3690 3452 atque

2082 3461 2377 3519 laudabilis
2410 3462 2687 3533 cupiditas
2717 3471 2978 3533 rectaque
3009 3464 3270 3535 cogitatio
3302 3482 3405 3523 nos
3427 3470 3690 3526 excitavit

2083 3555 2317 3612 fortasse
2363 3555 2433 3610 ad
2476 3570 2563 3621 ea,
2592 3570 2715 3625 qua;
2757 3555 2871 3610 Deo
2914 3555 3153 3627 placent,
3189 3557 3591 3629 amplectenda,
3632 3571 3689 3619 et

2084 3651 2222 3723 legis
2259 3648 2636 3714 meminimus,
2673 3664 2797 3720 qua:
2842 3664 2946 3703 nos
2994 3648 3065 3704 ad
3109 3650 3375 3720 pietatem
3408 3651 3687 3721 hortatur,

2086 3743 2179 3799 ille
2207 3742 2519 3798 communis
2548 3743 2797 3798 omnium
2840 3743 3015 3799 hostis
3056 3758 3161 3798 nos
3199 3742 3267 3796 ad
3298 3758 3385 3809 ea,
3417 3760 3542 3815 qua:
3582 3761 3686 3801 no-

2085 3843 2232 3903 cent,
2269 3837 2430 3908 pejus
2464 3836 2719 3907 impellit.
2763 3836 2942 3908 Eripit
2986 3843 3172 3892 tamen
3214 3835 3343 3891 inde
3380 3852 3447 3893 ac
3484 3838 3688 3895 liberat

2085 3928 2260 3995 Deus;
2297 3927 2482 3997 itaque
2505 3928 2582 3982 ait
2602 3927 2671 3982 ad
2694 3927 2954 3999 Moysen:
2982 3927 3181 3994 «Vade,
3209 3927 3299 3983 die
3318 3926 3449 3984 ﬁliis
3474 3928 3639 3986 Israel
3671 3949 3686 3986 :

2086 4020 2200 4091 Ego
2228 4019 2526 4087 Dominus;
2551 4027 2607 4075 et
2631 4019 2864 4075 educam
2891 4035 2991 4076 vos
3013 4019 3081 4074 de
3111 4026 3384 4090 potestate
3406 4019 3689 4093 Egyptio—

2087 4127 2232 4176 rum,
2256 4119 2314 4166 et
2344 4098 2594 4166 liberabo
2631 4127 2731 4166 vos
2769 4111 2837 4166 de
2876 4111 3147 4166 servitute
3182 4126 3401 4177 eorum,
3431 4120 3490 4167 et
3532 4113 3686 4168 redi-

2085 4221 2230 4260 mam
2259 4220 2359 4260 vos
2403 4204 2462 4259 in
2498 4204 2729 4260 brachio
2766 4202 3013 4267 sublimi,
3043 4213 3101 4258 et
3125 4202 3339 4274 judicio
3369 4219 3587 4276 magno,
3630 4216 3688 4261 et

2087 4298 2356 4368 accipiam
2386 4313 2487 4354 vos
2534 4298 2591 4351 in
2623 4296 2890 4367 populum
2924 4296 3062 4351 mihi
3112 4295 3237 4366 ipsi,
3271 4303 3329 4351 et
3366 4311 3465 4351 ero
3503 4306 3690 4354 vester

2086 4392 2266 4458 Deus;
2299 4399 2357 4445 et
2396 4390 2741 4462 cognoscetis
2792 4389 2942 4461 quod
2977 4405 3080 4460 ego
3111 4389 3381 4444 Dominus
3411 4388 3558 4445 Deus
3588 4405 3685 4445 ve-

2088 4491 2220 4548 ster,
2249 4481 2344 4551 qui
2388 4480 2556 4535 eduxi
2599 4495 2698 4534 vos
2726 4478 2795 4533 de
2837 4486 2986 4533 terra
3024 4476 3265 4547 Egypti,
3298 4475 3367 4531 de
3412 4483 3686 4546 potestate

368 4576 669 4647 ἐξαγαγὼν
696 4575 843 4645 ὑμᾶς
865 4574 930 4627 ἐκ
963 4572 1067 4642 γῆς
1096 4568 1400 4639 Αἰγύπτου,
1437 4570 1503 4621 ἐκ
1535 4569 1634 4638 τῆς
1662 4562 1980 4624 δυναστείας

2082 4574 2464 4646 Ᾰίςγριὶοιουπι
2505 4575 2547 4626 ⁷.
2592 4591 2610 4625 ι
2639 4572 2809 4637 Nam,
2846 4586 2973 4627 eum
3002 4570 3232 4625 Satanas
3281 4569 3350 4624 ab
3390 4570 3540 4625 omni
3585 4586 3686 4626 nos

367 4671 486 4727 τῶν
513 4668 854 4739 Αἰγυπτίων.
900 4685 918 4718 ι
970 4662 1399 4735 Ἀποτρέποντος
1434 4658 1544 4730 γὰρ
1580 4658 1727 4729 ἡμᾶς
1755 4655 1851 4709 τοῦ
1878 4656 1980 4708 Σα-

2082 4667 2226 4722 bono
2256 4664 2533 4721 desiderio
2565 4663 2893 4719 dehortetur
2914 4671 2972 4718 et
2998 4669 3240 4728 avertat,
3269 4669 3328 4717 et
3357 4661 3563 4733 quibus
3589 4678 3688 4733 po—

368 4762 538 4829 τανᾶ,
586 4761 685 4814 καὶ
716 4758 938 4828 ἁπάσης
975 4755 1190 4825 ἀγαθῆς
1226 4751 1609 4819 ἐξανιστάντος
1648 4747 1981 4819 ἐπιθυμίας,

2081 4766 2190 4813 test
2210 4757 2416 4821 modis,
2443 4773 2474 4810 a
2501 4764 2690 4811 nostra
2715 4756 2773 4810 in
2794 4755 3004 4827 bonum
3026 4753 3399 4825 propensione
3424 4754 3682 4824 repellat;

369 4855 469 4910 καὶ
512 4852 629 4907 τῶν
678 4852 759 4916 είς
799 4848 961 4905 τοῦτο
1013 4844 1391 4917 διανευμάτων
1432 4843 1498 4898 δι’
1535 4837 1611 4896 ὧν
1659 4840 1725 4895 ἂν
1768 4839 1980 4894 δύναιτο

2082 4857 2297 4913 contra,
2349 4847 2448 4903 Dei
2495 4847 2585 4901 lex
2633 4845 2703 4901 ad
2750 4845 2952 4900 bonam
2999 4844 3343 4899 voluntatem
3391 4842 3683 4911 hortatur;

370 4943 771 5017 παρωθοῦντος
799 4940 1050 5013 τρόπων,
1090 4936 1392 5011 προτρέπει
1433 4934 1571 5004 πρὸς
1599 4931 1820 5002 θέλησιν
1849 4932 1988 4999 ἀγα-

368 5039 475 5111 θὴν
521 5038 551 5092 ὁ
579 5036 675 5091 τοῦ
716 5032 854 5089 Θεοῦ
899 5033 1101 5105 νόμος,
1144 5029 1452 5103 ἄθραυστον
1498 5026 1597 5098 μὲν
1629 5025 1723 5078 τὸν
1760 5024 1989 5078 ἐπικουο

370 5128 582 5205 ροῦντα
603 5126 840 5191 δεικνὺς,
873 5125 1048 5179 ἐλπίδι
1078 5122 1137 5176 δὲ
1161 5124 1229 5195 τῇ
1259 5117 1617 5193 λιπαρωτάτη
1642 5115 1983 5187 παραθήγων

370 5227 457 5297 είς
483 5220 806 5292 εὐτολμίαν,
842 5216 941 5273 καὶ
983 5216 1164 5271 πίστει
1189 5212 1421 5286 νευρῶν,
1449 5213 1545 5267 καὶ
1569 5209 1648 5281 τῷ
1671 5209 1790 5281 Θεῷ
1814 5225 1985 5281 προσ-

369 5317 590 5387 νέμων,
626 5313 703 5378 ὡς
727 5309 947 5384 ἀληθῶς
975 5310 1182 5381 σωτῆρι
1201 5308 1298 5362 καὶ
1323 5306 1594 5377 λυτρωτῇ.

446 5405 669 5461 ΠΔΛΛ.
717 5405 807 5465 Ὧς
840 5401 1177 5473 πανάριστόν
1205 5418 1259 5455 τι
1297 5400 1486 5471 χρῆμα
1522 5396 1617 5450 καὶ
1651 5394 1920 5466 σωτήριον
1946 5395 1980 5465 ἡ

371 5501 591 5564 πίστις.
619 5498 714 5553 καὶ
739 5497 803 5551 τὸ
841 5497 952 5551 δεῖν
974 5495 1204 5550 ἔπεσθαι
1231 5492 1394 5563 διψῇν
1426 5488 1504 5560 τῷ
1533 5485 1654 5559 Θεῷ
1679 5487 1704 5541 ι-

444 5593 619 5648 ΚΥΡ.
664 5589 872 5663 Ὀρθῶς
911 5589 1068 5662 ἔφης.
1109 5587 1307 5659 Ἒρπει
1349 5583 1408 5638 δὲ
1443 5584 1527 5637 ὅτι
1564 5578 1703 5650 πρὸς
1740 5577 1913 5649 πέρας
1947 5580 1982 5649 ἡ

451 5765 477 5800 ’
507 5776 682 5833 Ετοιι.
722 5793 798 5843 v1,
839 5776 895 5843 6,
922 5778 976 5830 7.

2083 4940 2194 5011 39
2217 4948 2382 5009 atque
2416 4939 2685 4993 invictum
2710 4952 2839 4992 eum
2865 4951 3008 5002 esse,
3037 4936 3132 5006 qui
3171 4950 3275 4990 nos
3316 4933 3560 5003 adjuvat,
3591 4949 3683 4989 os-

2088 5032 2343 5097 tendens,
2391 5031 2729 5103 amplissima
2766 5045 2862 5100 spe
2905 5028 2974 5083 ad
3013 5026 3331 5083 audendum
3374 5024 3598 5090 excitat,
3629 5033 3685 5080 et

2093 5124 2221 5181 ﬁdei
2265 5140 2469 5179 nervos
2521 5122 2699 5188 addit,
2743 5122 2968 5192 Deoque
3011 5128 3273 5190 tanquam
3324 5132 3460 5172 vero
3502 5116 3682 5173 salva-

2087 5215 2195 5272 tori
2227 5231 2292 5272 ac
2319 5215 2606 5272 liberatori
2636 5212 2863 5269 addicit.

2156 5391 2355 5449 PALL.
2389 5389 2565 5459 Quam
2595 5389 2741 5445 bona
2774 5402 2864 5444 res
2905 5402 2971 5442 ac
3009 5381 3270 5441 salutaris
3310 5389 3399 5438 est
3439 5380 3596 5449 ﬁdes,
3626 5388 3683 5439 et

2085 5485 2289 5540 ardens
2316 5484 2489 5538 Deum
2518 5479 2784 5552 sequendi
2812 5476 3181 5534 desideriuml

2156 5577 2314 5633 (ΝΒ.
2360 5576 2529 5631 Recte
2570 5574 2731 5631 dicis.
2784 5571 2943 5641 Quod
2984 5579 3167 5627 autem
3199 5568 3335 5625 ﬁdes
3380 5565 3448 5623 ad
3493 5568 3677 5639 perle-
