4096 6448
485 390 590 450 1⁷95

1506 385 1562 440 S.
1605 382 1893 441 CYRILLI
1928 376 2407 440 ALEXANDRINI
2446 376 2770 439 ARCHIEP.

3676 384 3780 442 138

480 523 596 567 tam
638 510 902 564 virtutem
936 479 1198 578 tanquam
1238 503 1309 561 ad
1341 504 1505 561 linem
1552 503 1761 568 tendat,
1815 511 1931 557 tum
1978 517 2069 573 op-

2186 502 2367 566 πίστις
2437 501 2497 554 τὸ
2537 500 2774 570 ἀγαθὸν,
2821 500 2944 573 εἴσῃ
2982 517 3063 555 τοι
3098 503 3312 570 καλῶς,
3350 496 3779 569 ὲκτελευτῶντος

482 606 618 659 time
662 618 878 668 nosces,
904 616 1030 656 cum
1065 614 1133 654 eo
1173 613 1283 668 quo
1311 603 1524 667 spectat
1546 606 1737 650 nostra
1761 596 2081 666 pervenerit

482 697 683 752 oratio.
709 695 844 750 Cum
870 694 1016 748 enim
1042 692 1254 763 Moyses
1280 690 1509 760 ejusque
1539 698 1773 743 comites
1798 689 2082 743 venissent

482 788 551 843 ad
581 788 942 850 Pharaonem,
979 793 1043 840 ut
1067 798 1192 839 cum
1222 798 1293 838 eo
1312 796 1508 836 rursus
1536 790 1853 851 agerent,ac
1877 779 2079 834 suade-

484 889 608 933 rent
659 888 721 933 ut
757 879 1062 933 dimitteret
1087 893 1156 931 ex
1184 875 1564 946 Egyptiorum
1600 875 1784 939 terris,
1819 882 1875 928 et
1897 872 2078 928 exsol-

480 980 639 1025 veret
664 970 948 1025 veteribus
968 969 1203 1024 vinculis
1226 968 1505 1031 Israelem,
1535 966 1728 1038 signis,
1746 967 1891 1021 ultra
1914 981 2079 1037 quam

483 1063 593 1117 dici
626 1063 816 1133 possit,
850 1060 1269 1115 admirabilibus
1316 1061 1472 1114 illum
1518 1060 1742 1115 ﬂectere
1785 1059 2076 1125 volebant;

481 1155 692 1225 virgam
732 1155 880 1208 enim
924 1153 978 1206 in
1027 1138 1340 1223 serpentem
1386 1160 1780 1208 commutatam
1818 1151 2079 1206 ostende-

481 1258 634 1313 runt,
668 1248 955 1315 multoque
987 1247 1193 1315 majora
1229 1247 1722 1316 prmstantioraque
1753 1244 1971 1299 elIicere
2019 1260 2080 1300 se

481 1339 581 1395 Dei
632 1354 735 1409 ope
778 1337 1037 1391 facillime
1082 1352 1263 1406 posse,
1294 1346 1485 1406 aperte
1537 1336 1957 1406 proﬁtebantur.
2010 1336 2080 1390 At

480 1431 576 1485 ille
599 1430 715 1483 suis
739 1429 931 1498 Magis,
956 1438 1019 1483 ut
1046 1429 1199 1498 paria
1227 1428 1492 1493 facerent,
1522 1427 1905 1497 imperavit,ad
1930 1427 2081 1482 hunc

474 1522 595 1577 fere
626 1521 853 1575 modum
909 1521 1152 1575 clamans
1195 1538 1207 1573 :
1237 1520 1357 1574 Non
1391 1535 1494 1575 nos
1533 1519 1708 1590 ignari
1749 1535 1941 1574 sumus
1969 1519 2079 1573 hu-

468 1612 720 1684 ,juSmodi
743 1628 999 1683 Operum,
1027 1612 1299 1682 longeque
1338 1612 1529 1681 plures
1567 1619 1697 1665 sunt
1727 1610 1872 1681 apud
1910 1609 2077 1683 Egy-

475 1705 645 1774 ptios,
672 1704 767 1774 qui
792 1704 909 1760 hate
938 1703 1324 1775 proﬁteantur,
1354 1719 1519 1773 quam
1549 1703 1693 1773 apud
1730 1719 1860 1768 vos;
1902 1712 1958 1758 et
1986 1718 2080 1757 ars

480 1796 763 1867 Magorum
791 1806 879 1851 est
919 1810 983 1851 ac
1024 1796 1269 1851 studium
1315 1795 1435 1850 haec
1483 1795 1752 1851 miracula
1794 1794 1981 1861 edere,
2018 1795 2074 1850 in

472 1903 716 1958 quorum
748 1904 983 1944 numero
1012 1904 1109 1943 vos
1134 1904 1357 1959 quoque
1399 1886 1552 1943 estis.
1600 1888 1789 1957 Itaque
1819 1903 1944 1941 cum
1970 1887 2069 1941 ad—

474 1981 704 2035 modum
746 1980 1123 2047 induraretur,
1167 1995 1273 2036 nec
1324 1981 1630 2035 dimitteret
1681 1980 1824 2034 ﬁlios
1870 1980 2068 2045 Israel,

472 2083 716 2144 quatuor
736 2074 786 2128 ci
815 2089 1009 2145 graves
1028 2074 1152 2128 aliae
1188 2073 1316 2129 aliis
1353 2074 1571 2144 pejores
1596 2072 1758 2127 illatae
1795 2078 1925 2127 sunt
1949 2072 2069 2143 pla-

471 2176 557 2236 ga:
602 2184 615 2219 :
651 2182 807 2237 aqua:
844 2167 992 2222 enim
1027 2164 1086 2219 in
1123 2166 1449 2237 sanguinem
1490 2164 1763 2220 mirabilis
1801 2164 1893 2220 illa
1933 2178 2069 2219 con-

472 2260 659 2315 verSio
677 2260 819 2316 facta
841 2270 946 2326 est,
971 2275 1234 2330 ranaeque
1264 2269 1323 2315 et
1348 2259 1564 2327 ciuiles,
1593 2268 1650 2315 et
1669 2259 1739 2315 ad
1761 2267 2070 2315 extremum

472 2366 678 2408 musca:
708 2354 919 2408 caninae
941 2353 997 2409 vi
1035 2353 1266 2407 minime
1294 2352 1522 2408 ferenda
1561 2352 1872 2408 molliorem
1908 2351 2069 2407 deni-

466 2460 583 2515 que
610 2446 957 2501 Pharaonem
998 2445 1386 2502 reddiderunt.
1420 2446 1610 2515 Itaque
1647 2461 1774 2501 cum
1809 2445 2070 2501 advocasp

468 2547 560 2593 set
582 2537 827 2609 Moysen,
863 2538 941 2593 ait
982 2556 995 2592 :
1036 2557 1054 2589 ι
1102 2539 1312 2594 Euntes
1358 2538 1661 2603 sacriﬁcate
1689 2537 1923 2611 Domino
1955 2538 2069 2593 Deo

472 2636 661 2683 vestro
702 2628 760 2682 in
808 2636 973 2683 terra.
1011 2628 1081 2684 Et
1121 2628 1261 2683 dixit
1299 2628 1542 2700 Moyses:
1573 2628 1694 2683 Non
1727 2636 1910 2699 potest
1947 2627 2069 2683 ﬁeri

468 2720 555 2775 sic
600 2738 613 2774 :
652 2720 1092 2776 abominationes
1124 2721 1273 2775 enim
1311 2718 1695 2791 Egyptiorum
1729 2719 2067 2775 sacriﬁcabi-

472 2828 599 2868 mus
629 2811 864 2867 Domino
906 2813 1021 2868 Deo
1054 2819 1265 2868 nostro.
1299 2811 1355 2867 Si
1389 2812 1540 2866 enim
1577 2810 2073 2867 sacriﬁcaverimus

473 2902 709 2957 Domino
735 2903 849 2957 Deo
881 2912 1071 2958 nostro
1106 2902 1545 2957 abominationes
1569 2900 1949 2973 {Egyptiorum
1977 2918 2070 2960 co-

472 3010 592 3049 ram
624 2995 777 3066 ipsis,
809 2995 1199 3066 lapidabimur.
1228 2995 1385 3051 Viam
1418 2995 1586 3050 trium
1620 2995 1836 3049 dierum
1867 2995 2069 3051 ibimus

474 3086 532 3142 in
565 3086 941 3153 solitudinem,
982 3095 1041 3142 et
1078 3086 1515 3142 sacriﬁcabimus
1546 3086 1779 3142 Domino
1808 3088 1922 3143 Deo
1964 3103 2067 3142 no-

471 3189 608 3245 stro,
644 3179 788 3235 sicut
830 3178 1093 3249 praecepit
1129 3178 1310 3233 nobis.
1360 3176 1429 3231 Et
1471 3176 1609 3231 dixit
1641 3176 1859 3232 Pharao
1905 3194 1918 3229 :
1954 3175 2069 3248 Ego

472 3274 690 3329 dimitto
716 3289 835 3337 vos,
863 3280 919 3329 et
945 3271 1250 3328 sacriﬁcate
1276 3272 1510 3327 Domino
1537 3271 1652 3326 Deo
1682 3280 1869 3327 vestro
1892 3270 1947 3325 in
1973 3271 2068 3326 de-

468 3380 651 3438 serto;
690 3383 883 3424 verum
920 3381 992 3422 ne
1017 3366 1180 3437 longe
1221 3365 1433 3420 abeatis
1461 3365 1503 3419 ’.
1540 3384 1559 3417 ›
1593 3363 1733 3419 Cum
1772 3364 1921 3419 enim
1965 3362 2066 3420 Sa-

472 3467 629 3514 tanas
665 3457 915 3520 obsistit,
953 3462 1011 3509 et
1042 3462 1362 3509 nostrorum
1414 3456 1725 3510 animorum
1772 3454 2065 3521 alacritati,

473 3566 585 3621 qua
610 3548 687 3607 ad
717 3548 984 3602 virtutem
1012 3546 1296 3617 erigimur,
1327 3546 1632 3617 nequitiam
1663 3560 1819 3601 suam
1846 3546 2073 3602 fortiter

474 3641 727 3712 opponit,
760 3639 1027 3694 adversus
1058 3638 1213 3694 illum
1245 3638 1484 3710 insurgit
1506 3638 1674 3703 Deus,
1705 3639 1935 3709 ejusque
1965 3654 2063 3693 au-

476 3736 641 3791 daces
672 3735 912 3806 impetus
936 3732 1158 3804 frangit,
1184 3747 1248 3788 ac
1273 3730 1446 3803 plagis
1488 3731 1718 3787 emollit.
1756 3732 1827 3785 At
1855 3731 1947 3787 ille
1974 3732 2073 3788 vix

477 3827 698 3883 tandem
728 3826 959 3882 dimittit
988 3825 1221 3893 invitus;
1252 3830 1485 3879 conatur
1518 3830 1701 3878 tamen
1734 3824 2068 3894 persuadere

476 3920 660 3986 nobis,
689 3927 751 3974 ut
781 3920 894 3974 Deo
925 3920 1135 3975 cultum
1162 3932 1273 3973 non
1299 3924 1556 3973 accurate
1582 3915 1878 3971 admodum
1906 3916 2066 3972 exhi-

476 4014 725 4078 beamus,
764 4028 944 4082 neque
973 4012 1197 4083 penitus
1224 4009 1293 4064 ab
1323 4008 1499 4079 ipsius
1528 4009 1796 4064 servitute
1836 4010 2065 4065 receda-

475 4120 602 4162 mus
630 4124 642 4159 :
674 4104 785 4177 5.0
808 4120 916 4158 non
950 4104 1099 4159 enim
1128 4109 1282 4156 extra
1321 4115 1476 4155 suam
1501 4101 1814 4172 regionem,
1849 4101 1945 4157 sed
1976 4102 2064 4156 in-

478 4206 561 4252 tra
585 4197 734 4252 illius
760 4195 897 4251 (lues
928 4194 1240 4251 sacriﬁcare
1264 4191 1483 4249 Iudaeos
1506 4193 1683 4264 jubet.
1713 4193 1819 4249 Sed
1850 4195 2067 4265 sapien-

476 4290 687 4345 tissime
738 4289 991 4362 Moyses,
1041 4307 1061 4340 ι
1108 4288 1228 4343 Non
1262 4296 1445 4359 potest
1487 4287 1608 4343 ﬁeri
1651 4287 1752 4354 sic,
1803 4307 1822 4339 ι
1862 4287 2061 4358 inquit.

476 4383 706 4455 Semper
733 4385 882 4440 enim
918 4384 1010 4439 ille
1038 4383 1250 4452 peccati
1280 4384 1536 4438 inventor
1575 4382 1644 4438 ad
1670 4397 1760 4437 res
1786 4382 2067 4451 improbas

473 4482 559 4530 est
589 4483 815 4542 auctor;
847 4491 941 4530 eas
967 4483 1151 4530 autem
1183 4474 1363 4546 rejicit
1398 4477 1486 4531 lex
1516 4475 1721 4539 divina,
1750 4489 1924 4543 eaque
1946 4475 2066 4529 ﬁeri

2183 594 2313 664 ἡμῖν
2356 591 2451 646 τοῦ
2492 592 2650 660 λόγου
2694 593 2831 664 πρὸς
2856 592 2947 645 τὸν
2973 592 3105 647 ἴδιον
3145 596 3367 651 σκοπόν.
3409 595 3630 670 Ἐπειδὴ
3669 597 3779 671 γὰρ

2178 679 2314 756 ἧκον
2341 686 2477 757 πρὸς
2499 683 2590 738 τὸν
2609 682 2809 755 Φαραὼ
2827 684 3191 757 διαλεξόμενοι
3218 688 3381 744 πάλιν
3402 691 3453 743 οί
3483 690 3628 761 ἀμφὶ
3649 692 3782 744 Μω-

2184 777 2300 841 σέα,
2335 777 2544 831 ἀνεῖναί
2571 794 2630 830 τε
2659 777 2757 847 τῆς
2796 777 3112 846 Αἰγυπτίων
3141 782 3235 834 καὶ
3268 781 3535 835 ἀπολῦσαι
3561 782 3780 854 δεσμῶν

2179 870 2288 924 τῶν
2321 870 2491 924 πάλαι
2523 870 2615 923 τὸν
2652 868 2867 941 Ἰσραὴλ
2890 871 3294 937 ἀναπείσαντες,
3318 875 3565 946 σημείοις
3589 875 3783 929 ἐκδυσ-

2179 965 2351 1016 ωπεῖν
2379 965 2492 1025 τοῖς
2540 961 2681 1032 ὑπὲρ
2719 961 2876 1030 λόγον
2922 962 3142 1034 ἤθελον,
3201 966 3400 1036 ῥάϐδου
3440 985 3500 1021 τε
3541 969 3622 1032 εἰς
3653 968 3782 1038 ὅφιν

2184 1053 2576 1124 μεταπλασμὸν
2610 1052 2977 1119 ἐπεδείκνυον,
3005 1054 3101 1108 καὶ
3128 1055 3209 1109 ἔτι
3240 1055 3333 1110 τοῦ
3369 1074 3431 1126 γε
3462 1049 3690 1129 μεεζονά
3715 1076 3779 1112 τε

2180 1147 2275 1199 καὶ
2303 1145 2589 1216 ὑπερφερῆ
2611 1146 2915 1218 κατορθοῦν
2934 1147 3195 1201 δύνασθαι
3236 1150 3658 1221 προχειρότατα,
3687 1150 3782 1205 διὰ

2180 1239 2315 1292 Θεοῦ
2344 1238 2529 1308 σαφῶς
2551 1238 2972 1308 ἐπηγγέλλοντο.
3008 1241 3066 1293 '0
3094 1240 3151 1293 δὲ
3180 1244 3292 1305 τοῖς
3322 1242 3473 1307 ίδὶοις
3502 1245 3777 1315 ίσουργεῖν

2181 1332 2401 1385 ἐκέλευε
2451 1332 2688 1401 Μάγοις,
2746 1333 3030 1404 μονονουχὶ
3076 1333 3165 1387 διὰ
3208 1334 3399 1388 τούτου
3455 1335 3612 1406 βοῶν·
3660 1337 3781 1390 Οὐκ

2180 1426 2424 1495 ἀγνῶτες
2455 1427 2633 1498 ἔργων
2668 1425 2776 1480 τῶν
2803 1426 3062 1481 τοιούτων
3086 1430 3269 1499 ἡμεῖς.
3294 1429 3546 1482 Πλεῖστοι
3570 1428 3626 1482 δὲ
3659 1429 3778 1482 ὅσοι

2180 1520 2310 1590 παρ’
2355 1519 2677 1588 Αἰγυπτίοις
2725 1519 2757 1589 ἢ
2795 1519 2918 1571 καθ’
2967 1519 3144 1589 ὑμᾶς·
3193 1517 3286 1573 δῖα).
3334 1520 3619 1590 μελέτημα
3662 1522 3777 1584 τοῖς

2179 1612 2392 1680 Μάγοις
2419 1610 2480 1664 τὸ
2511 1610 2951 1682 θαυματουργεῖν
2969 1652 2984 1677 ,
3017 1606 3100 1675 οἷς
3132 1612 3228 1665 καὶ
3258 1613 3416 1682 ὑμεῖς
3442 1611 3772 1682 ἐναρίθμιοι.

2180 1702 2613 1774 Σκληρυνομένῳ
2646 1703 2703 1757 δὲ
2736 1701 2878 1765 λίαν,
2911 1703 3007 1756 καὶ
3038 1703 3141 1756 οὐκ
3167 1702 3372 1757 ἀνιέντι
3400 1703 3491 1757 τὸν
3533 1702 3774 1775 Ἰσραὴλ,

2177 1796 2445 1869 τέσσαρες
2489 1796 2664 1850 δειναὶ
2707 1796 2803 1849 καὶ
2840 1796 3091 1868 ἀλλήλων
3147 1796 3367 1869 χείρους
3420 1792 3776 1868 ἐπιφέρονται

2104 1870 2145 1924 Β
2177 1890 2413 1962 πληγαί·
2455 1888 2648 1953 ὒδατός
2678 1906 2741 1942 τε
2787 1888 2898 1961 γὰρ
2924 1890 3007 1953 εἰς
3043 1883 3185 1960 αἷμα
3221 1888 3493 1961 μεταϐολὴ
3534 1888 3776 1960 παραδόο

2176 1978 2281 2043 ξως
2308 1980 2631 2051 ἐπράττετο,
2663 1978 2927 2050 βάτραχοί
2951 1996 3013 2032 τε
3044 1981 3138 2033 καὶ
3166 1980 3415 2045 σκνίπες,
3454 1980 3547 2034 καὶ
3584 1980 3774 2034 τελευ-

2172 2073 2299 2126 ταία
2325 2072 2617 2144 κυνόμυια,
2648 2070 3069 2144 μαλθακώτερον
3090 2074 3190 2144 ἤδη
3210 2088 3325 2137 πως
3348 2074 3425 2137 ὡς
3447 2072 3507 2140 ἐξ
3522 2073 3772 2142 ἀνάγκης

2178 2166 2240 2219 οὐ
2280 2167 2527 2238 φορητῆς
2558 2164 2856 2219 ἀπετέλουν
2894 2165 2985 2220 τὸν
3016 2164 3240 2237 Φαραώ.
3292 2165 3769 2236 Βίσκαλεσάμενος

2172 2258 2236 2332 δὴ
2269 2260 2397 2323 τοὺς
2435 2259 2583 2330 ἀμφὶ
2619 2248 2846 2325 Minoia,
2880 2259 3045 2329 φησίν
3070 2274 3084 2288 ·
3127 2277 3147 2309 ‹
3184 2258 3532 2322 Εἱσελθόντες
3571 2257 3771 2311 θύσατε

2174 2351 2364 2422 Κυρίῳ
2386 2349 2464 2421 τῷ
2487 2349 2610 2422 Θεῷ
2641 2350 2798 2422 ὑμῶν
2831 2354 2888 2405 έν
2918 2353 2987 2423 τῇ
3025 2355 3122 2423 γῇ.
3149 2353 3257 2405 Καὶ
3284 2346 3405 2405 εἶπε
3431 2351 3658 2421 Μωσῆς,
3692 2349 3770 2403 Οὐ

2171 2444 2396 2498 δυνατὸν
2436 2443 2692 2514 γενέσθαι
2730 2443 2944 2507 οὕτως·
2987 2443 3057 2497 τὰ
3104 2443 3214 2515 γάρ
3270 2442 3618 2514 βδελύγματα
3660 2440 3771 2493 τῶν

2171 2534 2489 2604 Αἰγυπτίων
2530 2533 2770 2607 θύσομεν
2810 2534 3001 2606 Κυρίῳ
3035 2534 3113 2606 τῷ
3142 2535 3261 2606 Θεῷ
3286 2535 3464 2607 ἡμῶν.
3513 2533 3637 2587 Ἐὰν
3659 2533 3770 2605 γὰρ

2173 2627 2427 2699 θύσωμεν
2463 2627 2658 2700 Κυρίῳ
2689 2627 2769 2699 τῷ
2805 2627 2927 2699 Θεῷ
2966 2627 3129 2699 ὴμῶν
3166 2628 3235 2681 τὰ
3274 2626 3623 2698 βδελύγματα
3658 2626 3769 2680 τῶν

2170 2722 2486 2792 Αἰγυπτίων
2521 2722 2765 2777 ἐναντίον
2792 2721 2993 2786 αὐτῶν,
3025 2720 3583 2793 λιθοϐοληθησόμεθα.
3620 2719 3769 2773 Ὀδὸν

2168 2817 2338 2887 τριῶν
2361 2815 2588 2888 ἡμερῶν
2612 2814 2997 2885 πορευσόμεθα
3021 2815 3102 2877 εἰς
3120 2812 3219 2886 τὴν
3240 2814 3471 2886 ἔρημον,
3494 2814 3592 2869 καὶ
3615 2813 3771 2868 θύσο-

2174 2925 2274 2979 μεν
2304 2908 2495 2981 Κυρίῳ
2523 2907 2603 2980 τῷ
2634 2906 2755 2978 Θεῴ
2780 2906 2959 2978 ἡμῶν,
2993 2906 3246 2978 καθάπερ
3274 2902 3426 2961 εἶπεν
3465 2908 3617 2978 ἡμῖν.
3655 2906 3770 2960 Καὶ

2171 2995 2292 3052 εἷπε
2316 2997 2549 3070 Φαραώο
2594 2997 2737 3066 Ἐγὼ
2765 2996 3054 3050 ἀποστελῶ
3100 2997 3266 3068 ὑμᾶς,
3304 2996 3401 3052 καὶ
3431 2996 3626 3050 θύσετε
3660 2997 3770 3048 Ku-

2174 3092 2274 3165 ρίῳ
2306 3092 2383 3164 τῷ
2406 3091 2525 3162 Θεῷ
2565 3091 2720 3162 ὑμῶν
2744 3093 2802 3147 έν
2829 3093 2893 3163 τῇ
2928 3091 3142 3163 ἐρήμῳ,
3168 3090 3283 3144 ἀλλ’
3303 3090 3365 3144 οὐ
3388 3089 3609 3162 μακρὰν
3635 3090 3773 3143 ἀπο-ι

2172 3187 2376 3238 τενεϊτε
2409 3184 2504 3238 τοῦ
2526 3184 2899 3255 πορευθῆναι.
2933 3202 2953 3235 ι
3010 3181 3386 3252 Ἀντεξάγοντι
3427 3183 3525 3256 μὲν
3549 3182 3658 3252 γὰρ
3689 3181 3768 3253 τῷ

2123 3262 2137 3281 ⁸
2168 3277 2420 3348 Σατανᾷ,
2460 3277 2560 3331 καὶ¹
2594 3278 2717 3338 ταῖς
2756 3278 2838 3339 είς
2877 3275 2938 3329 τὸ
2980 3276 3187 3344 ἀγαθὸν
3227 3276 3387 3348 ἡμῶν
3429 3276 3767 3347 προθυμίαις

2168 3368 2560 3441 ἀντιφέρεσθαι
2607 3370 2871 3437 ἐγνωκότι
2913 3369 3179 3434 νεανικῶς
3219 3369 3319 3441 τὴν
3367 3366 3564 3422 ἑαυτοῦ
3610 3385 3767 3439 μισο-

2170 3462 2458 3532 πονηρίαν,
2489 3461 2839 3531 ἀντανίστησι
2867 3456 3031 3525 Θεὸς,
3073 3460 3168 3515 καὶ
3206 3461 3471 3531 κατάγχει
3501 3460 3769 3532 θρασυνὸ-

2172 3571 2367 3626 μενον,
2418 3555 2515 3608 καὶ
2561 3551 2869 3607 τιθασσεύει
2919 3553 3176 3624 πληγαῖς.
3222 3555 3282 3607 '0
3327 3553 3383 3607 δὲ
3437 3557 3557 3607 τότε
3611 3553 3767 3625 μόλις

2168 3649 2352 3720 ἐφίησι
2390 3646 2491 3719 μὲν
2520 3646 2617 3716 οὐχ
2651 3644 2793 3699 ἑκὼν
2812 3661 2826 3677 ο
2854 3647 3111 3717 πειρᾶται
3139 3646 3185 3699 δ’
3214 3641 3308 3700 οὖν
3349 3647 3500 3717 ὅμως
3532 3646 3762 3700 ἀναπεί-

2169 3742 2282 3795 θειν
2324 3741 2505 3812 ἡμᾶς,
2537 3737 2807 3793 ποιεῖσθαι
2850 3736 2950 3808 μὲν
2982 3738 3083 3791 οὐκ
3120 3739 3324 3811 ἀκριϐῆ
3366 3738 3466 3811 τὴν
3511 3741 3589 3803 εἰς
3631 3739 3765 3793 Θεὸν

2167 3834 2426 3907 λατρείαν
2460 3875 2475 3898 ,
2511 3833 2585 3906 μὴ
2630 3833 2736 3905 μὴν
2772 3831 2854 3885 ἔτι
2890 3831 3168 3895 παντελῶς
3219 3831 3314 3886 καὶ
3355 3832 3454 3903 τῆς
3490 3833 3579 3886 ἐπ’
3613 3832 3765 3902 αὐτῷ

2166 3927 2414 3990 δουλείας
2444 3926 2765 3997 ἀποφοιτᾷν.
2800 3925 2874 3978 Ού
2910 3924 3020 3997 γὰρ
3049 3924 3156 3992 ἔξω
3193 3927 3298 3995 γῆς
3344 3924 3480 3988 ιδίας
3504 3964 3518 3987 ,
3554 3924 3669 3978 ἀλλ’
3705 3927 3763 3977 ὲν

2167 4018 2305 4089 αὐτῇ
2337 4017 2535 4088 χρῆναι
2569 4014 2718 4069 θύειν
2744 4016 2862 4077 τοῖς
2895 4013 3169 4079 Ἰουδαίοις
3197 4014 3437 4071 ἐκέλευε.
3466 4014 3764 4081 Σοφιὶηατα

2164 4109 2222 4165 δὲ
2248 4107 2475 4179 Μωσῆς,
2512 4108 2646 4162 ι·ού
2674 4106 2898 4161 δυνατὸν
2931 4105 3187 4175 γενέσθαι
3220 4106 3386 4174 οὕτω,
3433 4124 3454 4160 ι
3479 4107 3635 4178 φησί.
3672 4105 3765 4159 Γί-

2165 4220 2313 4258 νεται
2370 4202 2469 4274 μὲν
2521 4202 2633 4273 γὰρ
2684 4202 2773 4256 ἀεὶ
2818 4202 2928 4256 τῶν
2974 4200 3193 4271 φαύλων
3235 4200 3536 4272 εἰσηγητὴς
3583 4202 3613 4253 6
3661 4201 3763 4271 τῆς

2166 4296 2442 4365 ἁμαρτιας
2475 4292 2705 4363 εὑρετής
2730 4307 2742 4320 ·
2775 4292 3054 4361 ἐκπέμπει
3082 4290 3140 4344 δὲ
3170 4289 3334 4359 νόμος
3363 4291 3393 4343 6
3428 4288 3570 4353 θεῖος
3596 4289 3758 4357 αὐτὰ,

2166 4385 2263 4439 καὶ
2290 4384 2598 4453 ἀποφάσκει
2630 4382 2695 4437 τὸ
2716 4383 2872 4455 δρᾷν,
2902 4383 3046 4455 ειπερ
3075 4381 3142 4436 ἂν
3173 4382 3364 4454 ἐκείνῳ
3400 4382 3551 4455 δοκῇ.
3587 4384 3762 4453 Προσ-

2170 4478 2357 4532 εκτέον
2396 4477 2687 4550 τοιγαροῦν
2737 4479 2850 4542 τοίς
2904 4476 3149 4531 ἐθέλουσι
3198 4475 3347 4547 βιοῦν
3398 4476 3611 4549 ὀρθῶς,
3661 4476 3761 4547 οὐχ

473 4576 643 4633 vetat,
675 4577 799 4638 quae
842 4568 923 4623 illi
966 4569 1238 4639 placeant.
1272 4567 1345 4622 Iis
1378 4567 1546 4639 igitur
1574 4566 1669 4636 qui
1701 4574 1850 4621 recte
1877 4565 2063 4620 vivere

2169 4568 2362 4642 οἷσπερ
2397 4572 2463 4626 ἂν
2505 4572 2655 4640 λέγοι
2690 4570 2997 4641 φενακίζων
3050 4572 3079 4624 ὁ
3128 4569 3391 4643 Πονηρὸς,
3426 4570 3542 4624 ἀλλ’
3582 4564 3663 4634 οἷς
3699 4568 3762 4625 τὺ

474 4660 670 4726 velint,
695 4659 1050 4724 attendenda,
1081 4674 1189 4714 non
1221 4673 1345 4729 quae
1373 4657 1648 4727 malignus
1674 4656 1767 4711 ille
1806 4655 2067 4727 deceptor

475 4752 691 4817 suadet,
724 4751 823 4808 scd
852 4766 974 4823 quae
1004 4751 1255 4806 divinum
1299 4762 1626 4818 responsum
1672 4747 1859 4803 edicit.
1901 4767 1919 4799 ι
1953 4749 2066 4804 Lu-

475 4859 640 4901 cerna
672 4842 842 4909 enim,
883 4860 902 4894 ι
943 4841 1144 4912 inquit,
1192 4859 1211 4892 ι
1254 4838 1493 4910 pedibus
1536 4836 1674 4892 meis
1713 4837 1803 4892 lex
1854 4845 1964 4904 tua,
2012 4848 2070 4895 et

473 4937 665 4992 lumen
722 4933 935 4990 semitis
960 4933 1100 4988 meis
1126 4932 1169 4986 ’.
1207 4949 1227 4984 ι

548 5027 746 5084 PALL.
782 5027 864 5082 Ita
897 5033 1002 5081 est.

543 5121 702 5178 ΟΥΕ.
735 5116 880 5191 Ergo
906 5133 1033 5175 cum
1065 5118 1157 5173 ille
1190 5115 1465 5186 malignus
1491 5129 1597 5171 nos
1625 5115 1869 5172 detineat
1900 5125 2065 5189 atque

473 5215 737 5271 cohibere
767 5214 921 5278 velit,
957 5212 1175 5281 sibique
1221 5210 1514 5281 subjicere,
1555 5209 1906 5266 serviendum
1950 5211 2062 5266 Deo

473 5316 560 5362 est
601 5306 704 5372 illi,
735 5305 830 5375 qui
876 5303 1183 5360 secundum
1226 5309 1479 5357 naturam
1543 5302 1694 5358 solus
1730 5313 1847 5369 est;
1898 5311 2063 5374 atque

473 5398 595 5453 sine
623 5399 736 5453 ullo
763 5405 913 5452 metu
943 5396 1240 5452 dicendum
1268 5413 1281 5449 :
1322 5414 1341 5447 ι
1380 5395 1502 5451 Non
1534 5403 1715 5466 potest
1746 5393 1866 5451 ﬁeri
1895 5394 1993 5450 sic.
2032 5414 2052 5447 ι

470 5518 546 5533 -
572 5512 591 5543 ι
619 5491 793 5548 Nemo
831 5491 978 5545 enim
1022 5497 1205 5561 potest
1251 5488 1468 5545 duobus
1511 5489 1750 5545 dominis
1798 5489 2006 5545 servire
2040 5506 2055 5543 :

474 5596 571 5641 aut
599 5585 749 5641 enim
796 5599 967 5638 unum
1013 5583 1141 5638 odio
1180 5582 1428 5649 habebit,
1462 5590 1520 5638 et
1551 5582 1786 5637 alterum
1833 5581 2051 5652 diliget;

472 5687 570 5732 aut
617 5691 790 5732 unum
835 5677 1150 5743 sustinebit,
1200 5684 1258 5732 et
1306 5674 1541 5729 alterum
1575 5679 1892 5728 contemnet
1922 5672 1987 5726 ¹⁰.
2029 5690 2049 5725 ι

2164 4665 2305 4720 θεῖον
2334 4668 2469 4738 ἡμῖν
2506 4667 2781 4733 ἀναφωνεῐ
2812 4663 3215 4736 χρησμῴδημα.
3255 4684 3273 4717 ι
3321 4663 3528 4736 Λύχνος
3562 4664 3693 4736 γὰρ,
3733 4681 3755 4716 ι

2165 4758 2320 4829 φησι,
2351 4778 2368 4809 ι
2404 4760 2518 4821 τοῖς
2540 4756 2667 4811 ποσί
2696 4774 2797 4828 μου
2822 4758 2850 4811 6
2879 4758 3041 4829 νόμος
3077 4774 3192 4824 σου,
3225 4757 3321 4813 καὶ
3355 4755 3473 4829 φῶς
3496 4759 3618 4821 ταῖς
3642 4755 3762 4829 τρί-

2166 4850 2283 4914 ϐοις
2316 4867 2441 4922 μου.
2487 4869 2506 4903 ι

2240 5025 2449 5079 nam.
2493 5024 2740 5097 Ἀληθές.

2240 5120 2405 5174 ΚΥΡ.
2438 5119 2762 5192 Συνέχοντος
2805 5119 2988 5175 τοίνυν
3026 5121 3195 5193 ἡμᾶς,
3240 5122 3408 5194 ἧγουν
3441 5120 3759 5196 καθείργειν

2168 5209 2445 5274 ἐθέλοντος
2475 5210 2567 5265 καὶ
2602 5211 2694 5264 ὑπ’
2739 5210 2890 5284 αὐτῷ
2916 5213 3209 5277 ποιεῖσθαι,
3240 5211 3333 5266 τοῦ
3363 5212 3631 5284 Πονηροῦ,
3655 5213 3753 5267 λα-

2166 5302 2424 5374 τρευτέον
2445 5302 2565 5375 Θεῷ
2589 5302 2669 5374 τῷ
2698 5302 2840 5357 κατὰ
2870 5303 3033 5373 φύσιν
3060 5304 3228 5376 μόνῳ,
3251 5305 3347 5359 καὶ
3371 5306 3622 5377 διψυχίας
3651 5304 3757 5358 ἰόν-

2165 5412 2258 5459 τες
2286 5394 2362 5459 ὠς
2401 5395 2695 5459 ἀπωτάτω,
2743 5396 3029 5468 λέγωμεν,
3065 5417 3085 5450 ‹
3123 5399 3199 5452 Οὐ
3238 5397 3463 5453 δυνατὸν
3500 5398 3755 5466 γενέσθαι
3785 5458 3795 5478 ⁸

2164 5487 2358 5551 οὕτως.
2385 5507 2509 5540 ι--ι
2532 5488 2765 5542 Δύναται
2781 5488 2891 5560 γὰρ
2908 5488 3083 5553 οὐδεὶς
3103 5490 3224 5543 δυσὶ
3235 5490 3443 5558 κυρίοις
3462 5489 3751 5544 δουλεύειν·

2163 5578 2197 5650 ἦ
2225 5576 2334 5648 γὰρ
2372 5578 2465 5634 τὸν
2499 5578 2595 5632 ἕνα
2625 5581 2878 5650 μισήσει,
2915 5581 3010 5635 καὶ
3041 5581 3132 5636 τὸν
3161 5581 3348 5654 ἕτερον
3377 5582 3677 5652 ἀγαπήσει·
3717 5580 3752 5655 ἢ

2161 5669 2255 5724 τοῦ
2295 5670 2414 5735 ἐνὸς
2454 5669 2756 5739 ἀνθέξεται,
2785 5674 2880 5729 καὶ
2907 5672 3003 5729 τοῦ
3035 5674 3225 5746 ἐτέρου
3264 5674 3690 5746 καταφρονήσει.
3726 5691 3749 5726 ι

547 5860 567 5891 ³
594 5861 765 5918 Exod.
798 5879 911 5931 vm,
928 5862 998 5921 9.5
1019 5877 1139 5933 sqq.
1217 5861 1238 5893 ’
1260 5858 1405 5915 Psal.
1428 5871 1609 5926 cxvm,
1639 5853 1761 5911 105.
1839 5853 1882 5888 ⁸⁵
1900 5852 2092 5933 Matth.
2132 5868 2249 5921 ιιιιι,
2275 5851 2365 5908 24.
