4096 6462
353 360 447 418 m
495 339 515 355 ‘

1094 360 1185 419 DE
1221 357 1673 419 ADORATIONE
1712 361 1783 420 IN
1824 362 2100 422 SPIRITU
2142 364 2233 422 ET
2271 364 2645 424 VERITATE.
2690 365 2823 429 LIB.
2854 368 2896 424 1.

3544 370 3646 428 198

346 482 653 550 Γέγραπται
680 474 739 530 δὲ
762 468 853 542 αὖ,
884 492 902 527 ι
946 475 1095 531 Οὺαϊ
1116 476 1366 550 καρδίαις
1394 476 1629 545 δειλαῖς,
1659 480 1757 534 καὶ
1785 480 1932 553 χερσὶ

2048 481 2331 553 Scriptum
2359 483 2441 540 est
2475 482 2606 539 item
2635 499 2648 536 :
2675 501 2693 535 ‹
2725 482 2819 539 Vae
2842 480 3106 538 cordibus
3133 481 3361 570 timidis,
3387 491 3444 541 et
3468 484 3646 540 manl—

342 567 720 641 παρειμέναις,
757 566 853 620 καὶ
879 567 1195 639 ἁμαρτωλῷ
1222 569 1560 624 ὲπιϐαίνοντι
1581 571 1674 624 ἐπὶ
1707 570 1799 626 δύο
1819 573 1939 648 τρί-

340 660 497 725 δουςί
527 679 548 711 ι
583 659 801 732 Χρῆναι
827 660 940 731 γὰρ
988 659 1167 729 ἔγωγέ
1196 677 1363 733 φημι,
1385 659 1636 735 καθαρὰν
1664 664 1758 717 καὶ
1783 664 1941 736 ἀμώ-

343 770 504 825 μητον
540 752 814 806 ποιεῖσθαι
842 751 1102 823 λατρείαν
1132 753 1209 826 τῷ
1237 752 1455 808 πάντων
1477 755 1766 828 κρατοῦντι
1795 756 1937 828 Θεῷ,

340 845 804 914 ἑκπεφοιτηκότας
850 847 1088 901 είσάπαν
1135 851 1234 919 τῆς
1284 847 1376 901 ὑπ’
1415 849 1611 920 ἐκείνῳ
1644 849 1936 921 λατρείας-⁸

335 936 468 989 οὕτω
496 953 558 988 τε
587 936 727 1009 πρὸς
765 936 868 1006 τὴν
899 936 1110 1009 ἀμείνω
1144 938 1330 1010 ζητεῖν
1366 938 1501 992 ἰέναι
1527 938 1814 1009 γεννικῶς·
1844 942 1943 997 ἄλο

332 1028 433 1090 λως
463 1043 550 1094 τε,
601 1045 621 1079 ι
672 1027 754 1081 Τὰ
794 1027 1142 1099 βδελύγματα
1189 1029 1300 1084 τῶν
1333 1031 1686 1100 Αἰγυπτίων,
1719 1052 1738 1086 ι
1778 1036 1934 1105 φησὶ,

337 1138 355 1170 ι
387 1117 631 1188 θύσομεν
659 1119 854 1191 Κυρίῳ
886 1119 966 1190 τῷ
998 1119 1120 1192 Θεῷ
1147 1122 1326 1193 ἡμῶν.
1378 1123 1505 1177 Ἐὰν
1532 1122 1643 1197 γὰρ
1683 1125 1938 1196 θύσωμεν

328 1211 391 1265 τὰ
421 1210 779 1282 βδελύγματα
808 1211 918 1267 τῶν
944 1214 1260 1282 Αἰγυπτίων
1294 1216 1534 1291 ἐναντίον
1564 1218 1765 1283 αὐτῶν,
1793 1219 1938 1273 λιθο-

327 1303 767 1378 θοληθησὸμεθα.
814 1327 834 1360 ›
874 1308 991 1364 Καὶ
1019 1309 1143 1364 ὅσον
1176 1309 1275 1379 μὲν
1312 1304 1448 1383 ἧκεν
1482 1310 1565 1377 εἷς
1601 1330 1665 1382 γε
1700 1313 1794 1368 τὸν
1833 1313 1936 1384 τῆς

324 1398 568 1470 ίστορίας
589 1398 772 1469 λόγον,
796 1400 1113 1473 εὐάφορμος
1136 1403 1169 1473 ἡ
1195 1404 1551 1475 παραίτησις.
1577 1405 1934 1479 Βδελύγματα

325 1488 427 1559 γὰρ
458 1489 658 1543 ἐνθάδε
687 1492 845 1563 φησι,
870 1493 939 1546 τὰ
967 1492 1291 1563 σεϐάσματα
1313 1513 1324 1525 ·
1355 1497 1546 1567 μόσχοι
1577 1498 1634 1551 δὲ
1657 1494 1795 1570 ἦσαν
1819 1503 1935 1564 τοῖς

320 1584 648 1651 Αἰγυπτίοις
680 1585 744 1637 τὸ
785 1585 971 1647 σέϐας.
1018 1586 1191 1640 Ταυτὶ
1230 1587 1308 1655 δὲ,
1367 1591 1554 1661 φησιν,
1609 1593 1658 1645 εί
1701 1592 1781 1664 τῷ
1824 1593 1932 1649 τῶν

330 1677 603 1749 Ἐϐραίων
632 1677 1021 1749 καταθύσομεν
1061 1679 1183 1751 Θεῷ
1204 1720 1218 1744 ,
1255 1682 1600 1754 ἀκονήσομεν
1635 1686 1717 1749 είς
1759 1686 1933 1759 ὀργὰς

319 1769 491 1840 πάντη
528 1787 599 1822 τε
633 1770 733 1824 καὶ
757 1770 979 1835 πάντως
1007 1773 1137 1835 τοὺς
1166 1773 1523 1841 Αἰγυπτίους,
1554 1774 1835 1832 δύσοιστον
1870 1779 1932 1833 τὸ

317 1862 503 1934 χρῆμα
555 1861 947 1934 ποιουμένους.
997 1864 1153 1919 Ἔσθ’
1204 1867 1294 1919 ὅτε
1341 1869 1435 1920 καὶ
1479 1868 1705 1934 πιθανὸς
1748 1870 1925 1941 λόγος.
1964 1848 2004 1902 Β

317 1954 476 2008 Ὅσον
504 1954 571 2008 δὲ
602 1950 739 2028 ἧκεν
779 1956 860 2019 είς
900 1955 1137 2030 Θεωρίαν
1169 1960 1572 2030 πνευματικὴν,
1600 1961 1662 2014 οὐ
1704 1963 1930 2034 μετρίαν

314 2047 421 2119 ἔχει
438 2049 546 2120 τὴν
570 2049 782 2121 ὄνησιν.
813 2053 880 2106 Ὀ
899 2052 1006 2123 γὰρ
1026 2047 1137 2105 οἶδε
1165 2053 1402 2123 μάλιστα
1426 2057 1613 2127 τιμᾷν,
1636 2056 1730 2110 καὶ
1759 2058 1928 2109 ποιεῖ-

313 2157 397 2196 ται
430 2142 570 2214 περὶ
620 2143 843 2207 πολλοῦ,
871 2144 1019 2211 ἀξιοί
1051 2161 1114 2198 τε
1156 2145 1316 2214 λόγου
1367 2146 1570 2210 παντὸς
1599 2149 1631 2218 ή
1664 2147 1772 2200 τῶν
1814 2147 1931 2201 δαι-

316 2234 511 2303 μονίων
554 2233 777 2305 πληθὺς
801 2277 816 2302 ,
871 2236 1341 2309 κατανεκροῦντες
1376 2238 1541 2310 ἡμεῖς
1585 2237 1815 2311 ἡδίστην
1852 2238 1930 2312 τῷ

312 2323 426 2398 Θεῷ
446 2326 727 2400 τελοῦμεν
761 2329 1046 2400 λατρείαν.

381 2513 604 2568 ΠΛΛΛ.
637 2511 767 2576 Πῶς
802 2511 972 2585 ἔφης

376 2610 547 2664 ΚΥΡ.
584 2609 656 2661 Ἦ
689 2607 798 2680 γὰρ
820 2607 943 2679 οὐχὶ¹
969 2606 1039 2661 τὰ
1068 2606 1172 2677 τῆς
1202 2604 1403 2677 σαρκὸς
1431 2604 1581 2676 πάθη
1612 2605 1768 2676 τίμια
1797 2604 1927 2678 παρ’

312 2703 558 2769 ἑαυτοῖςς
593 2702 691 2757 καὶ
720 2702 843 2773 οὐχὶ
882 2699 1102 2762 πάντως
1136 2699 1203 2753 δι’
1233 2698 1425 2766 ἑαυτὰ,
1456 2698 1573 2753 ἀλλ’
1615 2698 1825 2753 ὲπείτοι
1857 2700 1926 2752 δι’

312 2796 484 2850 αὐτῶν
522 2793 832 2865 όλλύμεθα,
875 2792 973 2847 καὶ
1016 2791 1155 2865 πρὸς
1194 2791 1438 2848 δουλείαν
1481 2791 1579 2866 τὴν
1620 2793 1712 2846 ὑπ’
1742 2793 1927 2858 αὐτοῖς

313 2887 740 2960 κατεσφίγμεθα
760 2905 777 2954 ;

375 2983 601 3038 ΠΔΑΛ.
642 2978 889 3051 Ἀληθές.

376 3074 550 3130 ΚΥΡ.
592 3072 781 3127 Ταῦτα
818 3072 885 3144 δὴ
929 3067 1256 3144 νεκροῢντες
1294 3069 1389 3122 καὶ
1418 3069 1582 3123 οἱονεὶ
1634 3070 1925 3139 κατασφά-

2044 572 2149 629 bus
2181 574 2489 640 dissolutis,
2520 585 2581 629 et
2607 575 2884 645 peccaturi
2913 574 3218 632 ambulanti
3246 591 3345 646 per
3379 575 3518 631 duas
3553 592 3642 632 se-

2043 665 2209 721 mitas
2242 666 2323 721 ιιι
2363 686 2382 719 ι
2417 665 2649 736 Oportet
2692 666 2872 733 enim,
2908 674 2971 721 ut
3007 682 3111 738 ego
3148 668 3348 733 sentio,
3396 668 3475 723 illi
3521 685 3643 723 om-

2040 758 2196 815 nium
2223 760 2464 831 principi
2491 760 2606 815 Deo
2626 776 2826 831 purum
2846 760 3130 826 exhibere,
3154 761 3445 832 omnisque
3469 763 3644 830 culpae

2041 858 2327 921 expertem
2356 852 2600 917 cultum,
2651 866 2903 921 egressos
2950 852 3005 906 in
3043 860 3219 907 totum
3270 853 3340 907 ab
3384 869 3448 909 ea
3495 855 3641 919 vita,

2041 957 2165 1012 quae
2190 944 2294 999 sub
2318 944 2469 999 illius
2497 943 2725 1014 maligni
2752 952 2838 998 est
2863 943 3104 1011 ditione;
3136 946 3328 1016 sicque
3354 946 3422 1001 ad
3454 947 3642 1001 lauda-

2040 1034 2298 1091 biliorem
2335 1036 2485 1091 illam
2522 1036 2754 1091 alteram
2784 1034 3004 1091 fortiter
3038 1037 3266 1091 tendere
3313 1055 3326 1090 :
3371 1039 3639 1107 alioquin,

2049 1144 2066 1177 ι
2104 1125 2580 1192 Abominationes,
2622 1147 2641 1178 ›
2676 1126 2876 1196 inquit,
2905 1145 2923 1177 ι
2956 1128 3388 1184 sacrificabimus
3410 1130 3640 1185 Domino

2039 1217 2155 1273 Deo
2199 1229 2414 1274 nostro.
2453 1219 2510 1275 Si
2549 1219 2702 1274 enim
2745 1218 3240 1275 sacriﬁcaverimus
3272 1223 3641 1277 abominatio-

2038 1327 2140 1368 nes
2181 1310 2561 1384 IEgyptiorum
2620 1328 2807 1367 coram
2856 1312 2996 1375 illis,
3052 1313 3443 1382 lapidabimur.
3501 1335 3518 1367 ι
3563 1316 3641 1370 Ac

2038 1404 2186 1475 quod
2239 1405 2307 1459 ad
2357 1405 2626 1475 simplicis
2671 1404 2916 1459 historia:
2967 1406 3366 1475 expositionem
3413 1408 3639 1472 attinet,

2037 1496 2238 1552 idonea
2267 1506 2387 1551 erat
2417 1497 2719 1557 excusatio.
2751 1496 3207 1552 Abominationcs
3238 1498 3384 1552 enim
3421 1499 3511 1553 hic
3542 1516 3641 1569 ap-

2035 1590 2223 1659 pellat,
2260 1605 2382 1660 qua'
2417 1589 2496 1644 illi
2544 1589 2802 1645 colebant
2850 1590 3127 1645 :vitulum
3176 1604 3343 1661 porro
3389 1591 3641 1647 colebant

2033 1680 2296 1754 Egyptii.
2331 1682 2456 1738 Hmc
2490 1683 2680 1753 igitur,
2714 1682 2917 1752 inquit,
2947 1682 2993 1738 si
3027 1682 3382 1738 Hebr-reorum
3409 1684 3521 1739 Deo
3558 1700 3643 1739 sa-

2035 1771 2491 1839 criﬁcaverimus,
2519 1773 2747 1828 omnino
2802 1788 3031 1830 necesse
3057 1782 3142 1829 est
3172 1783 3232 1829 ut
3259 1774 3641 1847 [Egyptiorum

2033 1862 2143 1917 iras
2163 1878 2548 1934 provocemus,
2584 1862 2677 1935 qui
2709 1864 2817 1919 hoc
2842 1864 3072 1919 minime
3101 1864 3401 1919 ferendum
3422 1874 3640 1936 putant.

2033 1958 2102 2012 Et
2140 1956 2446 2027 probabilis
2476 1957 2702 2028 quidem
2742 1957 2860 2012 hazc
2903 1966 2988 2012 est
3031 1957 3324 2027 expositio.
3370 1956 3642 2015 Caeterum

2031 2050 2182 2121 quod
2221 2050 2290 2106 ad
2337 2049 2862 2119 contemplationem
2897 2049 3241 2119 spiritualem
3276 2049 3493 2113 attinet,
3529 2066 3642 2107 non

2031 2144 2370 2199 mediocrem
2405 2143 2573 2198 habet
2608 2142 2936 2210 utilitatem;
2969 2141 3118 2212 quod
3148 2142 3298 2196 enim
3326 2142 3639 2199 daemonum

2032 2238 2195 2292 turba
2216 2252 2477 2308 magnum
2502 2235 2804 2301 existimat,
2833 2251 2897 2290 ac
2928 2234 3156 2305 plurimi
3182 2234 3335 2300 facit,
3363 2243 3417 2291 et
3443 2237 3499 2290 in
3529 2253 3641 2308 quo

2030 2345 2303 2385 summam
2335 2338 2503 2385 totam
2529 2329 2692 2385 sitam
2729 2344 2850 2385 esse
2889 2335 3068 2399 putat,
3099 2327 3154 2382 id
3192 2329 3237 2383 si
3271 2346 3372 2385 nos
3406 2331 3640 2385 mortiﬁ—

2030 2424 2362 2488 caverimus,
2402 2423 2779 2494 gratissimum
2822 2423 2935 2477 Deo
2971 2422 3183 2476 cultum
3227 2424 3635 2481 exhibebimus.

2101 2514 2301 2570 PALL.
2334 2514 2453 2582 Quo
2484 2516 2704 2570 tandem
2737 2515 2940 2570 modo?

2102 2601 2262 2658 (JYR.
2302 2602 2480 2669 Quid?
2524 2602 2720 2659 Carnis
2752 2604 2887 2658 vitia
2928 2620 3113 2660 nonne
3147 2605 3225 2661 illi
3271 2607 3454 2678 magni
3489 2609 3640 2663 aesti-

2029 2696 2222 2751 mant?
2254 2712 2437 2766 neque
2460 2712 2593 2751 vero
2626 2697 2719 2751 illa
2749 2712 2849 2767 per
2879 2712 2938 2753 se
2967 2698 3217 2764 omnino,
3255 2699 3347 2754 sed
3380 2699 3509 2769 quia
3544 2715 3643 2770 per

2030 2784 2125 2843 illa
2173 2803 2277 2843 nos
2316 2788 2629 2859 perdimur,
2678 2797 2735 2844 et
2779 2789 2836 2843 in
2866 2804 3063 2845 eorum
3103 2799 3434 2862 potestatem
3474 2793 3640 2850 vincti

2029 2880 2330 2936 ducimur?

2099 2972 2298 3028 PALL.
2328 2974 2408 3028 Ita
2436 2982 2540 3029 est.

2098 3060 2257 3117 CYR.
2290 3063 2420 3118 Haec
2468 3065 2637 3135 igitur
2683 3065 2728 3120 si
2775 3064 3329 3133 mortiﬁcaverimus,
3361 3081 3426 3122 ac
3466 3065 3652 3124 veluti"

310 3165 514 3234 ζοντες,
561 3166 647 3229 είς
678 3165 858 3237 ὀσμὴν
898 3164 1130 3226 εὐωδίας
1162 3160 1401 3231 ἐσόμεθα
1436 3161 1516 3233 τῷ
1544 3162 1690 3234 Θεῷ.
1714 3163 1923 3233 Γράφει

2037 3154 2477 3221 mactaverimus,
2523 3155 2581 3210 in
2629 3157 2855 3212 odorem
2902 3157 3198 3212 suavitatis
3243 3159 3455 3214 erimus
3502 3160 3636 3215 Deo.

309 3261 361 3316 δὲ
390 3263 418 3315 ό
445 3260 674 3324 Παῦλος
712 3259 846 3313 ὡδί⁶
901 3277 920 3310 ‹
960 3252 1365 3328 Παραστήσατε
1401 3254 1471 3310 τὰ
1511 3254 1739 3327 σώματα
1770 3255 1926 3327 ὑμῶν

2037 3245 2135 3318 41
2172 3246 2380 3302 Scribit
2409 3256 2597 3302 autem
2624 3249 2830 3303 Paulus
2874 3249 2930 3302 in
2966 3249 3115 3304 hunc
3146 3249 3371 3303 modum
3413 3268 3426 3304 :
3469 3269 3488 3302 ι
3526 3250 3639 3306 Ex-

309 3355 497 3410 θυσίαν
538 3355 729 3420 ζῶσαν
748 3394 765 3419 ,
793 3352 1093 3425 εὐάρεστον
1119 3350 1199 3422 τῷ
1246 3349 1402 3421 Θεῷ,
1432 3350 1531 3422 τὴν
1562 3349 1788 3421 λογικὴν
1818 3349 1929 3403 λα-

307 3449 488 3523 τρείαν
520 3449 705 3520 ὑμῶν.
741 3466 762 3500 ι
796 3445 958 3520 Δρῴη
986 3445 1030 3500 δ’
1054 3444 1120 3500 ἂν
1145 3442 1358 3498 τοιοῦτό
1381 3461 1463 3508 τις
1492 3442 1689 3517 ὀρθῶς,
1715 3443 1926 3516 νεκρῶν

308 3541 373 3596 τὰ
401 3541 551 3613 μέλη
586 3541 658 3594 τὰ
688 3539 784 3593 ἐπὶ
818 3539 919 3610 τῆς
945 3540 1072 3610 γῆς,
1115 3538 1397 3608 πορνείαν,
1424 3536 1790 3608 ἀκαθαρσίαν,
1823 3536 1929 3590 πά-

310 3631 418 3697 θος,
444 3630 757 3702 ἐπιθυμίαν
787 3630 991 3701 κακὴν,
1025 3628 1122 3682 καὶ
1148 3627 1247 3700 τὴν
1276 3626 1611 3692 πλεονεξίαν.
1653 3627 1925 3682 Ἕκαστον

310 3723 398 3782 οὖν
431 3728 548 3799 ἄρα
574 3725 687 3778 τῶν
715 3726 774 3779 ὲν
798 3726 932 3796 ἡμῖν
965 3721 1188 3786 παθῶν,
1226 3721 1544 3790 Αἰγυπτίων
1576 3721 1689 3773 τῶν
1716 3720 1925 3793 νοητῶν

312 3822 423 3874 ἔστι
453 3820 767 3892 βδέλυγμα,
797 3814 946 3870 τοῦτ’
973 3814 1090 3868 ἐστι
1109 3855 1123 3879 ,
1154 3812 1625 3885 σεὸασμιώτατον.
1657 3814 1779 3867 Ὅτι
1806 3812 1925 3885 ’γὰρ

308 3913 425 3978 ἔθος
454 3915 527 3984 τῇ
563 3911 686 3982 θείᾳ
722 3911 918 3982 Γραφῇ
967 3906 1249 3979 βδέλυγμα
1290 3905 1471 3975 λέγειν
1504 3906 1566 3960 τὸ
1608 3907 1667 3960 ὲν
1701 3904 1923 3959 εἰδώλου

309 4007 480 4076 τάξει,
513 4005 616 4060 καὶ
648 4003 814 4057 οἱονεί
847 4020 900 4055 τι
926 4001 1113 4065 σέϐας,
1155 3999 1441 4053 ἀναπείθει
1478 3999 1653 4068 λέγων
1679 3996 1808 4062 Θεὸς
1837 3997 1927 4051 διὰ

309 4102 407 4171 τῆς
459 4097 743 4172 Ἱερεμίου
792 4094 1013 4165 φωνῆς,
1057 4092 1185 4165 περὶ
1220 4092 1319 4163 τῆς
1358 4091 1629 4144 Ἰουδαίων
1669 4092 1924 4159 Συναγω-

309 4192 443 4265 Ὑῆξ⁶
493 4209 515 4244 ⁸
576 4190 644 4243 Τί
677 4189 712 4260 ἦ
759 4184 1099 4258 ἠγαπημένη
1152 4186 1210 4238 ὲν
1254 4182 1333 4254 τῷ
1377 4184 1513 4254 οἴκῳ
1562 4199 1663 4252 μου
1699 4181 1925 4251 ἐποίησε

312 4284 627 4355 βδέλυγμας
673 4302 693 4335 ι
733 4281 796 4334 Et
835 4280 890 4333 δὲ
919 4279 982 4351 δή
1011 4296 1093 4342 τις
1130 4276 1375 4349 βούλοιτο
1419 4276 1600 4344 λέγειν
1648 4273 1926 4344 βδέλυγμα

309 4377 415 4429 τῶν
457 4373 788 4444 Αἰγυπτίων
840 4371 902 4425 τὸ
938 4371 1103 4425 οἱονεὶ
1156 4370 1378 4442 μίσημα
1427 4369 1522 4421 καὶ
1566 4366 1919 4437 παραίτησιν,

304 4468 407 4523 οὐκ
444 4467 514 4522 ἂν
542 4466 811 4538 ἐξοίχοιτο
836 4462 932 4517 τοῦ
966 4462 1275 4535 πρέποντος
1301 4461 1395 4516 νοῦ
1422 4478 1435 4492 ⁸
1469 4461 1506 4515 ἂ
1534 4462 1642 4534 γὰρ
1687 4459 1808 4524 ἔθος
1837 4460 1924 4513 ἀεὶ

313 4563 496 4633 μισεῖν
531 4560 632 4614 καὶ
663 4556 1187 4613 καταῆδελύττεσθαι
1219 4558 1335 4618 τοῖς
1379 4554 1717 4625 ἀκαθάρτοις
1762 4553 1924 4606 πνεύ-
1959 4573 2002 4628 D

311 4672 473 4726 μασι,
502 4653 669 4708 ταυτὶ
687 4652 824 4725 πρὸς
841 4652 1003 4722 ἡμῶν
1024 4651 1102 4713 εἰς
1128 4647 1306 4721 ὀσμὴν
1333 4647 1560 4712 εὐωδίας
1579 4646 1928 4702 ἀνακείσεται

306 4748 384 4821 τῷ
430 4746 578 4818 Θεῷ,
612 4747 710 4800 καὶ
750 4745 913 4800 θυσία
956 4741 1329 4814 πνευματικὴ,
1377 4739 1596 4804 πίστις,
1644 4739 1924 4812 πραότης,

309 4840 641 4912 ἐγκράτεια.
674 4835 1026 4910 σωφροσύνη,
1052 4831 1403 4905 φιλαλληλία,
1435 4831 1531 4891 καί⁵
1559 4832 1661 4910 τῆς
1689 4832 1770 4896 είς
1789 4831 1924 4885 θεὸν

307 4933 672 5005 γνησιότητος
704 4930 776 4984 τά
810 4930 1131 5001 αὐχήματα.

384 5212 599 5266 ΠᾹΑΛ.
644 5209 756 5264 Καὶ
784 5208 933 5273 τίνες
968 5208 1035 5262 ἂν
1065 5203 1176 5262 εἶεν
1209 5205 1261 5260 oi
1291 5205 1350 5260 ὲν
1382 5205 1450 5275 τῇ
1479 5204 1549 5274 γῇ
1586 5199 1808 5264 θύοντες
1830 5197 1926 5252 τοῦ

313 5303 601 5377 Πονηροῦ;
643 5304 853 5357 νοοῖντο
880 5300 926 5353 δ’
957 5298 1025 5355 ἂν
1058 5298 1201 5362 τίνες
1229 5299 1328 5352 καὶ
1365 5298 1414 5350 οἱ
1445 5294 1552 5362 ἔξω
1585 5294 1720 5365 γῆς;

382 5484 555 5537 ΚΥΡ.
603 5482 668 5536 Οἱ
705 5480 804 5553 μὶν
838 5477 952 5551 γὰρ
985 5476 1144 5531 οὔπω
1184 5474 1284 5546 τῆς
1321 5471 1640 5542 Αἰγυπτίων
1688 5468 1922 5541 ἐκϐεϐη-

315 5576 504 5641 κότες,
537 5576 632 5631 καὶ
667 5571 789 5644 Θεῷ
837 5570 1058 5633 θύοντες
1104 5569 1161 5621 ὲν
1204 5567 1379 5638 αὐτῇ,
1426 5562 1616 5619 πολλοὶ
1646 5561 1791 5625 λίαν,
1827 5562 1924 5615 καὶ

315 5667 555 5740 ἀριθμοῦ
598 5667 744 5738 τάχα
788 5681 893 5719 που
931 5660 1244 5735 κρείττονες
1268 5676 1283 5692 ο
1318 5658 1368 5711 οἱ
1410 5656 1470 5711 δὲ
1508 5654 1616 5722 ἔξω
1648 5671 1711 5708 τε
1738 5652 1834 5707 καὶ
1866 5655 1925 5707 ὲν

2031 3338 2220 3394 hibete
2247 3355 2479 3410 corpora
2505 3348 2690 3396 vestra
2714 3341 2953 3396 hostiam
2988 3342 3291 3406 viventem,
3325 3344 3640 3413 placentem

2029 3432 2174 3498 Deo,
2225 3433 2558 3488 rationabile
2607 3433 2938 3504 obsequium
2971 3440 3219 3489 vestrum
3271 3435 3333 3489 ".
3376 3454 3394 3486 ι
3436 3434 3495 3490 Id
3544 3450 3643 3490 au-

2030 3531 2141 3579 tem
2173 3524 2221 3580 is
2246 3532 2395 3580 recte
2424 3525 2613 3592 faciet,
2642 3526 2738 3597 qui
2770 3524 3190 3581 mortiﬁcaverit
3217 3527 3486 3593 membra,
3518 3543 3641 3598 quae

2029 3625 2159 3672 sunt
2214 3631 2381 3688 super
2433 3626 2660 3684 terram,
2710 3618 3157 3684 fornicationem,
3207 3617 3639 3675 immunditiam.

2028 3708 2342 3775 libidinem,
2370 3710 2879 3782 concupiscentiam
2909 3711 3135 3788 malam,
3163 3717 3221 3766 et
3256 3710 3543 3765 avaritiam
3574 3711 3637 3766 ”.

2031 3800 2258 3873 Singula
2296 3802 2486 3873 igitur,
2523 3819 2648 3874 quae
2678 3803 2733 3858 in
2774 3802 2942 3857 nobis
2975 3803 3167 3858 insunt
3192 3803 3349 3868 vitia,
3382 3803 3644 3873 spiritua-

2027 3892 2165 3948 lium
2194 3892 2580 3966 {Egyptiorum
2608 3894 3056 3950 abominationes
3088 3902 3239 3959 sunt,
3270 3893 3325 3948 id
3360 3902 3467 3959 est,
3496 3909 3642 3964 pree-

2028 3985 2227 4057 cipuus
2255 4003 2451 4042 eorum
2481 3988 2683 4043 cultus.
2719 3987 2855 4043 Esse
2890 3996 3078 4042 autem
3118 3986 3270 4041 hunc
3300 4000 3511 4040 morem
3551 4001 3641 4040 sa-

2028 4093 2245 4132 crarum
2276 4078 2637 4145 Litterarum,
2667 4088 2726 4133 ut
2768 4080 2917 4149 quod
2955 4078 3088 4133 idoli
3136 4078 3255 4133 vice
3295 4077 3389 4142 sit,
3432 4084 3489 4130 et
3532 4093 3643 4132 nu-

2026 4169 2217 4234 minis,
2266 4170 2735 4225 abominationem
2786 4170 3087 4239 appellent,
3139 4167 3431 4222 confirmat
3472 4167 3639 4234 Deus,

2027 4277 2152 4317 cum
2177 4278 2277 4332 per
2290 4262 2544 4318 Ieremia
2567 4277 2761 4318 vocem
2789 4261 2856 4317 de
2891 4261 3208 4317 Judmorum
3240 4258 3523 4330 Synagoga
3553 4258 3641 4312 di-

2027 4354 2147 4408 cit:
2187 4373 2205 4406 ‹
2240 4354 2354 4410 Cur
2387 4354 2588 4410 dilecta
2620 4355 2677 4409 in
2725 4355 2888 4410 domo
2935 4369 3058 4408 mea
3102 4351 3232 4408 fecit
3271 4350 3640 4406 abominatio-

2027 4463 2155 4503 nem
2187 4446 2570 4520 Egyptiorum
2619 4448 2701 4502 ﬁ?
2755 4467 2773 4500 ι
2824 4446 2879 4503 Si
2930 4445 3056 4516 quis
3100 4453 3285 4500 autem
3332 4442 3642 4513 intelligere

2029 4540 2274 4595 voluerit
2306 4556 2425 4595 rem
2456 4555 2679 4595 exosam
2715 4548 2772 4595 et
2817 4537 3203 4603 aversandam,
3240 4552 3309 4593 ne
3338 4535 3385 4591 is
3414 4535 3642 4606 quidem

2036 4645 2067 4683 a
2097 4638 2246 4685 recta
2296 4629 2664 4701 intelligentia
2713 4627 3055 4684 abcrraverit
3106 4646 3119 4682 :
3162 4642 3285 4698 quae
3332 4626 3482 4681 enim
3535 4626 3642 4680 im-

2038 4724 2229 4777 mundi
2261 4722 2494 4794 spiritus
2521 4738 2740 4793 semper
2776 4722 2961 4777 odisse
2989 4729 3046 4776 et
3074 4715 3383 4776 abominari
3410 4733 3647 4774 consue-

2032 4823 2256 4881 verunt,
2287 4830 2353 4871 ea
2382 4802 2413 4870 a
2442 4815 2607 4871 nobis
2639 4816 2753 4870 Deo
2799 4814 2858 4869 in
2897 4813 3127 4868 odorem
3179 4809 3470 4867 suavitatis
3502 4808 3643 4866 oile-

2029 4917 2251 4975 runtur,
2283 4919 2340 4963 et
2372 4907 2571 4963 hostiae
2614 4907 2935 4979 spirituales
2976 4914 3126 4972 sunt,
3176 4903 3333 4970 fides,
3378 4917 3641 4958 mansue-

2029 4999 2188 5067 tudo,
2235 5000 2601 5067 continentia,
2644 5000 3027 5070 temperantia,
3081 5007 3311 5054 mutuus
3363 5011 3538 5063 amor,
3586 5003 3642 5052 et

2028 5091 2261 5148 sincerae
2297 5091 2352 5146 in
2384 5093 2559 5147 Deum
2596 5093 2816 5164 pietatis
2845 5092 3039 5164 gloria.

2112 5185 2312 5241 PALL.
2351 5186 2422 5241 Et
2460 5187 2689 5257 quinam
2729 5201 2864 5241 vero
2905 5185 2983 5240 illi
3036 5182 3262 5249 fuerint,
3294 5180 3389 5253 qui
3440 5178 3499 5236 in
3550 5196 3641 5237 re-

2030 5280 2193 5353 gione
2267 5280 2509 5353 improbi
2564 5278 2913 5336 sacrificant?
2986 5276 3152 5348 quive
3210 5274 3445 5346 intelligi
3507 5288 3640 5345 pos-

2031 5382 2183 5440 sunt,
2211 5374 2308 5445 qui
2341 5385 2498 5430 extra
2531 5389 2652 5429 eam
2686 5370 3006 5443 regionem?

2103 5448 2262 5526 C'YR.
2302 5468 2408 5536 Qui
2439 5466 2688 5523 nondum
2717 5481 2785 5520 ex
2814 5464 3209 5537 Egyptiorum
3222 5462 3387 5519 terris
3407 5461 3639 5534 egressi,

2031 5559 2240 5614 ibidem
2286 5558 2401 5613 Deo
2445 5556 2795 5622 sacrificant,
2842 5555 3160 5626 complures
3207 5569 3338 5610 sane
3388 5561 3539 5619 sunt,
3583 5561 3640 5607 et

2032 5652 2265 5708 fortasse
2312 5648 2752 5706 innumerabiles
2785 5667 2797 5704 :
2832 5647 2929 5720 qui
2968 5663 3102 5705 vero
3145 5655 3303 5704 extra
3341 5653 3547 5700 terram
3582 5649 3640 5699 et

396 5851 443 5885 “
466 5849 834 5920 Eccli.n,15.
914 5851 958 5883 ι’
994 5806 1282 5916 Romam,
1316 5846 1371 5902 Ι.
1448 5847 1491 5881 ’³
1520 5846 1843 5913 Coloss.m,
1866 5843 1928 5900 5-

2037 5858 2041 5868 '
2068 5840 2275 5897 Jerem.
2302 5857 2378 5904 tt,
2405 5841 2496 5897 15.
