4096 6478
432 351 537 410 199

1425 343 1483 399 S.
1524 340 1800 399 CYRILLI
1839 333 2308 395 ALEXANDle
2345 330 2663 390 ARCHlEP.

3585 319 3712 394 200‘

433 470 490 525 in
523 468 763 530 deserto,
795 462 955 535 pauci
994 459 1288 517 admodum
1314 466 1370 512 et
1401 458 1561 512 electi
1588 475 1600 509 :
1633 476 1650 508 ι
1682 455 1835 511 Multi
1864 455 2011 510 enim

2114 448 2305 520 ἐρήμῳ
2324 488 2339 512 ,
2369 446 2562 517 κομιδῇ
2586 444 2806 516 βραχεῖς
2838 444 2932 497 καὶ
2955 443 3241 499 ἀπόλεκτοι
3261 462 3274 476 ”
3311 462 3330 497 ι
3361 444 3556 500 Πολλοί
3584 449 3696 518 γάρ

430 569 563 617 sunt
590 557 790 620 vocati,
826 575 844 607 ι
892 553 1091 623 inquit,
1134 570 1152 604 ι
1188 549 1346 620 pauci
1374 563 1507 604 vero
1533 548 1695 602 electi
1720 549 1784 601 ³⁸,
1816 566 1833 597 ι
1879 544 2011 600 Om-

434 666 531 706 nes
569 650 737 721 igitur
768 662 867 718 per
899 646 1063 701 ﬁdem
1092 660 1213 715 quae
1237 651 1322 698 est
1350 643 1405 696 in
1438 640 1656 696 Christo
1688 638 1755 693 ad
1785 639 2013 693 liberta-

431 748 545 798 tem
573 740 753 796 vocati
782 753 994 802 sumus,
1028 745 1085 791 et
1113 751 1144 789 a
1171 733 1445 789 diabolico
1473 730 1757 786 dominatu
1795 728 2014 783 redem-

430 828 547 899 pti;
604 827 944 898 perducente
988 839 1089 879 nos
1137 822 1206 877 ad
1264 823 1371 876 hoc
1408 819 1650 883 Christo,
1683 818 1779 889 qui
1819 817 2015 888 priscis

430 920 540 974 illis
568 917 884 972 hominibus
915 915 1145 986 pulchre
1174 912 1229 966 in
1261 912 1443 983 Moyse
1470 918 1526 966 et
1550 910 1731 965 Aaron
1759 907 2014 979 praeﬁgu-

429 1010 675 1073 rabatur,
716 1015 778 1061 ut
817 1007 873 1060 in
914 1005 1110 1061 eodem
1166 1003 1323 1057 illum
1370 1000 1691 1056 Emmanuel
1736 998 2013 1068 legislato-

430 1115 547 1153 rem
578 1107 634 1153 et
665 1098 971 1168 principem
1001 1095 1351 1151 sacerdotum
1379 1101 1434 1148 et
1463 1092 1770 1163 apostolum
1796 1089 2017 1158 dispen-

428 1190 633 1246 satoria
685 1189 898 1243 ratione
952 1187 1247 1257 intelligas.
1290 1188 1359 1241 At
1395 1200 1526 1239 vero
1564 1181 1785 1253 plurimi
1832 1196 1898 1235 ex
1945 1181 2015 1235 iis

428 1282 523 1351 qui
571 1281 747 1336 vocati
804 1287 967 1345 sunt,
1020 1278 1382 1333 libentissime
1428 1276 1486 1331 in
1526 1275 1684 1330 malis
1731 1273 2016 1329 veteribus

425 1381 742 1435 versantur,
790 1371 884 1440 qui
937 1385 1062 1424 cum
1106 1369 1255 1423 haud
1303 1375 1416 1422 tota
1463 1374 1646 1420 mente
1690 1380 1722 1418 a
1765 1362 2014 1418 saeculari

427 1480 615 1520 errore
664 1462 1059 1527 discesserint,
1112 1459 1260 1515 nuda
1309 1458 1575 1526 tantisper
1622 1470 1687 1510 ac
1742 1454 1857 1508 sola
1906 1452 2014 1508 ﬁde

426 1554 600 1608 Deum
646 1553 855 1606 colunt.
905 1551 1017 1605 Hos
1063 1565 1185 1604 esse
1231 1548 1486 1611 dicimus,
1529 1544 1623 1615 qui
1677 1544 1735 1598 in
1782 1542 2015 1614 {Egypto

426 1642 758 1706 sacriﬁcant,
792 1650 887 1696 aut
931 1647 1080 1695 certe
1126 1639 1351 1709 paulum
1395 1636 1621 1706 egressi.
1667 1652 1686 1686 ι
1727 1634 1806 1689 Ne
1854 1634 2014 1703 longe

425 1733 574 1787 enim
613 1733 840 1795 abeatis,
882 1750 901 1782 ι
955 1729 1135 1799 inquit
1178 1729 1269 1782 ille
1321 1727 1460 1781 dura
1512 1724 1727 1779 cervice
1774 1724 2009 1787 Pharao,

2115 541 2223 592 εἰσι
2255 538 2442 609 κλητοί
2474 556 2520 601 ι,
2555 538 2739 607 φησὶν,
2777 556 2794 588 ι
2834 536 3003 605 ὀλίγοι
3028 535 3087 589 δέ
3115 535 3381 590 ἐκλεκτοί.
3420 555 3439 589 ι
3476 536 3695 608 Κεκλή-

2121 630 2260 703 μεθα
2290 629 2389 700 μὲν
2414 623 2507 682 οὖν
2534 629 2613 691 εἰς
2640 627 2950 698 ἐλευθερίαν
2981 626 3184 690 πάντες
3211 627 3301 681 διὰ
3337 628 3575 692 πίστεως
3595 627 3697 698 τῆς

2115 725 2173 776 ἐν
2192 721 2433 795 Χριστῷ,
2457 720 2553 775 καὶ
2570 718 3020 792 ἐκλελυτρώμεθα
3033 721 3345 792 τυραννίδος
3362 721 3696 792 διαϐολικῆς,

2114 814 2485 885 ἀποφέροντος
2512 812 2662 883 ἡμᾶς
2693 813 2773 875 εἰς
2805 811 2965 865 τοῦτο
2993 811 3254 882 Χριστοῦ,
3280 828 3697 883 προανατυπου-

2121 911 2281 981 μένου
2304 911 2416 971 τοῖς
2448 907 2616 961 πάλαι
2640 905 2822 969 καλῶς
2853 907 2910 959 ἐν
2935 907 3108 977 Μωσῇ
3142 924 3204 960 τε
3232 906 3326 959 καὶ
3369 905 3602 978 Ἀαρὼν,
3626 906 3695 962 ἵν’

2116 1002 2174 1052 ἐν
2195 997 2378 1068 ταύτῷ
2404 996 2495 1050 τὸν
2532 994 2885 1066 Ἐμμανουήλ
2903 995 3205 1067 νομοθέτην
3234 994 3364 1048 ὄντα
3389 994 3482 1049 καὶ
3511 996 3698 1065 ἀρχιε-

2118 1089 2218 1160 ρέα
2268 1089 2364 1142 καὶ
2417 1086 2735 1150 ἀπόστολον,
2784 1086 3143 1158 οἰκονομικῶς
3179 1087 3384 1157 ἐννοῇς.
3423 1086 3484 1139 Οἱ
3526 1085 3586 1141 δέ
3629 1102 3695 1154 γε

2116 1178 2359 1230 πλεῖστοι
2410 1174 2521 1228 τῶν
2571 1175 2925 1245 κεκλημένων
2960 1173 3431 1246 ἐμφιλοχωροῦσιν
3467 1174 3549 1227 ἐτι
3581 1177 3697 1240 τοῖς

2116 1268 2282 1321 πάλαι
2307 1268 2530 1330 κακοῖς,
2571 1266 2780 1338 διανοίᾳ
2812 1266 2869 1320 δέ
2906 1265 3060 1320 οῦπω
3091 1269 3156 1338 τῇ
3192 1262 3471 1339 ὁλοσχερεῖ
3503 1283 3696 1338 κοσμι-

2115 1357 2217 1430 κῆς
2252 1358 2466 1427 ἀπάτης
2496 1356 2879 1428 ἐκϐεϐηκότες,
2912 1357 2989 1421 ὡς
3017 1359 3074 1410 ἐν
3111 1359 3291 1429 γυμνῇ
3324 1375 3384 1411 τε
3425 1358 3521 1412 καὶ
3557 1358 3693 1429 μόνῃ

2112 1451 2179 1517 τῇ
2211 1446 2389 1500 πίστει
2417 1445 2735 1516 λατρεύουσι
2765 1446 2906 1518 Θεῷ.
2942 1445 3178 1511 Τούτους
3202 1444 3340 1502 εἷναί
3367 1465 3547 1517 φαμεν
3566 1449 3695 1511 τοὺς

2114 1538 2173 1590 ἐν
2214 1535 2475 1607 Αἰγύπτῳ
2523 1535 2783 1601 θύοντας,
2816 1537 2984 1607 ἤγουν
3022 1535 3129 1602 ἔξω
3176 1535 3350 1606 βραχὺ
3378 1537 3691 1605 γεγονότας.

2120 1647 2139 1679 ‹
2187 1630 2263 1683 Οὐ
2293 1630 2510 1701 μακρὰν
2539 1633 2647 1702 γὰρ
2681 1632 3027 1695 ἀποτενεῖτε,
3066 1649 3085 1683 ι
3115 1632 3279 1702 φησὶν
3299 1633 3328 1684 ὁ
3360 1630 3696 1702 σκληροκάρ-

2114 1718 2225 1783 διος
2266 1720 2497 1792 Φαραὼ,
2530 1720 2632 1775 κᾶν
2671 1722 2719 1774 εἰ
2756 1721 2856 1792 τῆς
2894 1721 3207 1789 Αἰγυπτίων
3238 1722 3539 1793 ἐκτρέχητε
3566 1722 3691 1793 γῆς.

426 1822 644 1877 tametsi
689 1838 758 1877 ex
793 1820 1170 1891 [Egyptiorum
1206 1816 1370 1873 terris
1401 1815 1782 1888 egrediamini.
1818 1816 1888 1870 At
1919 1814 2011 1884 qui

2116 1811 2246 1879 Οίγε
2289 1812 2396 1882 μὴν
2439 1811 2718 1883 ὁλοκλήρῳ
2761 1812 3092 1883 μεταστάσει
3118 1814 3181 1883 τῇ
3217 1813 3298 1876 εἰς
3324 1811 3527 1881 ἀγαθὸν
3566 1813 3696 1865 εὐα-

425 1911 665 1981 perfecte
703 1926 761 1966 se
806 1910 875 1965 ad
918 1909 1177 1964 virtutem
1225 1905 1580 1971 transferunt,
1622 1921 1686 1960 ac
1728 1906 1842 1960 Deo
1889 1905 2008 1974 pla-

425 2016 553 2057 cere
593 2001 837 2066 student,
886 2009 943 2056 et
987 2000 1042 2054 in
1087 2007 1262 2054 totum
1318 2013 1349 2053 a
1399 1997 1645 2053 saeculari
1687 1996 2010 2051 confusione

425 2092 734 2157 discedunt,
766 2092 806 2146 ii
840 2107 907 2147 ex
937 2090 1316 2163 Egyptiorum
1361 2089 1564 2144 ﬁnibus
1599 2087 1891 2152 excedunt,
1923 2096 2008 2159 ty-

425 2182 695 2253 rannique
725 2198 948 2237 manum
973 2197 1037 2237 ac
1058 2188 1384 2251 potestatem
1417 2179 1705 2251 effugiunt,
1735 2178 1843 2252 42
1872 2186 1927 2233 et
1953 2178 2009 2232 in

423 2288 599 2329 vacua
642 2275 930 2344 solutaque
972 2273 1122 2328 curis
1162 2272 1305 2338 vita,
1350 2279 1612 2342 tanquam
1665 2271 1725 2327 in
1769 2272 2008 2332 deserto,

422 2366 546 2435 puri
577 2381 641 2421 ac
669 2381 807 2438 pure
840 2366 954 2421 Deo
992 2364 1322 2420 sacrificant.
1365 2364 1635 2434 Equidem
1671 2362 1923 2428 dixerim,
1953 2371 2011 2419 et

419 2459 529 2514 alia
550 2475 769 2530 quoque
798 2460 1011 2514 ratione
1040 2458 1356 2529 longissime
1385 2458 1453 2512 ab
1475 2457 1852 2530 [Egyptiorum
1882 2456 2007 2512 ﬁni-

422 2552 528 2606 bus
562 2550 629 2611 iis
659 2550 903 2605 eundum
926 2564 1068 2614 esse,
1098 2549 1193 2619 qui
1226 2564 1258 2603 a
1289 2548 1519 2603 colenda
1548 2557 1800 2603 creatura
1829 2548 2010 2619 potius

418 2654 585 2710 quam
616 2638 877 2695 Creatore
906 2640 975 2694 ad
1005 2639 1293 2696 veritatem
1322 2638 1572 2704 veniunt,
1604 2645 1766 2708 atque
1805 2639 1874 2694 ad
1913 2654 2006 2695 co-

421 2730 727 2802 gnitionem
770 2731 941 2797 illius,
977 2731 1072 2802 qui
1104 2739 1304 2785 natura
1338 2729 1484 2785 Deus
1515 2737 1619 2794 est,
1650 2730 2003 2786 advocantur.

420 2818 678 2878 Nondum
726 2822 876 2879 enim
920 2823 960 2877 ii
1003 2822 1245 2893 perfecte
1289 2828 1418 2876 sunt
1464 2821 1690 2891 egressi,
1723 2821 1814 2892 qui
1851 2837 1881 2876 a
1911 2838 2008 2876 sua

422 2921 608 2969 mente
642 2914 847 2970 veteris
891 2914 1100 2970 erroris
1144 2913 1406 2983 reliquias
1452 2913 1695 2968 nondum
1734 2914 2007 2968 absterse-

423 3012 572 3061 runt.
623 3005 885 3061 Nonnulli
930 3006 1081 3062 enim
1125 3007 1423 3061 observant
1470 3005 1589 3061 dies
1632 3007 1895 3076 quosdam
1945 3021 2009 3061 ac

422 3112 662 3163 menses,
690 3106 747 3153 et
788 3106 1034 3169 tempora
1062 3104 1118 3152 et
1150 3113 1341 3152 annos.
1374 3098 1441 3152 Hi
1471 3114 1598 3153 cum
1635 3098 1703 3153 ad
1738 3098 2008 3154 libertatis

2115 1904 2326 1973 ρεστεῖν
2356 1903 2630 1968 ἐθέλοντες
2655 1903 2731 1974 τῷ
2763 1903 2901 1974 Θεῷ,
2930 1904 3339 1976 ἀπηλλαγμένοι
3367 1921 3427 1959 τε
3455 1905 3549 1960 καί
3573 1906 3693 1959 εἰσ⁶

2112 1995 2257 2048 ἁπαν
2292 1995 2607 2065 συγχύσεως
2646 1996 2950 2066 κοσμικῆς,
2991 1995 3098 2060 ἔξω
3132 1995 3393 2066 φέρονται
3444 1997 3544 2068 τῆς
3590 1999 3692 2051 Αἰ-

2109 2085 2379 2154 γυπτίων,
2425 2086 2520 2140 καὶ
2550 2086 2650 2159 τὴν
2695 2086 2961 2159 τυράννου
3007 2086 3442 2160 διαδιδράσκουσι
3493 2091 3691 2161 χεῖρα,

2114 2178 2213 2231 καὶ
2248 2177 2502 2250 καθάπερ
2533 2181 2592 2232 ἐν
2637 2180 2831 2250 ἐρήμῳ
2870 2182 2936 2251 τῇ
2972 2179 3196 2252 σχολαία
3218 2196 3278 2233 τε
3309 2181 3404 2235 καὶ
3431 2181 3691 2253 ἀνειμένῃ

2112 2267 2225 2341 ζωῇ
2272 2270 2505 2343 καθαροὶ
2536 2264 2790 2341 καθαρῶς
2829 2269 3017 2325 θύουσι
3052 2270 3128 2341 τῷ
3159 2271 3301 2343 Θεῷ.
3340 2271 3511 2342 Φαίην
3539 2272 3584 2325 δ’
3624 2273 3692 2326 ἂν

2118 2358 2293 2429 ἔγωγε
2335 2361 2431 2415 καὶ
2472 2361 2593 2416 καθ’
2634 2362 2822 2433 ἕτερόν
2866 2379 2990 2417 τινα
3032 2362 3253 2435 τρόπον,
3288 2365 3543 2419 ἀποτάτω
3578 2364 3692 2418 δεῖν

2110 2452 2210 2521 τῆς
2240 2453 2556 2523 Αἰγυπτίων
2588 2454 2851 2525 φέρεσθαι
2891 2454 2995 2524 γῆς
3027 2455 3156 2518 τοὺς
3182 2455 3246 2509 ἐκ
3281 2453 3374 2508 τοῦ
3409 2455 3691 2528 λατρεύειν

2110 2543 2176 2612 τῇ
2203 2542 2378 2602 κτίσει
2409 2543 2563 2614 παρὰ
2596 2543 2689 2597 τὸν
2721 2543 2981 2598 κτίσαντα
3010 2542 3158 2616 ξπρὸς
3184 2543 3440 2615 ἀλήθειαν
3468 2546 3690 2618 τρέχον-

2110 2650 2230 2699 τας,
2263 2634 2358 2688 καὶ
2378 2636 2457 2698 εἰς
2487 2635 2784 2704 ἐπίγνωσιν
2814 2618 3319 2707 κεκλημένουςποῦΔ
3344 2637 3487 2692 κατά
3525 2638 3690 2707 φύσιν

2109 2727 2262 2790 ὄντος
2290 2725 2447 2782 Θεοῦ.
2467 2728 2829 2799 Ἐκϐεϐήκασι
2857 2729 2966 2801 γὰρ
2993 2728 3142 2783 οὔπω
3169 2726 3389 2796 τελείως
3417 2732 3466 2785 οἰ
3495 2732 3563 2786 τὰ
3589 2733 3691 2803 τῆς

2110 2817 2344 2888 ἀρχαίας
2377 2813 2593 2891 ἀπάτης
2628 2816 2782 2875 οῦπω
2820 2824 2921 2892 τῆς
2948 2820 3157 2874 ἑαυτῶν
3187 2820 3425 2885 διανοίας
3457 2816 3689 2893 ἀποτρί-

2110 2908 2296 2973 ϐοντες
2329 2909 2576 2978 λείψανα.
2619 2912 3070 2984 Παρατηροῦνται
3116 2914 3227 2985 γάρ
3259 2931 3404 2978 τινες
3434 2915 3648 2985 ἡμέρας
3670 2951 3687 2978 ,

2110 3003 2204 3058 καί
2238 3005 2415 3077 μῆνας
2437 3046 2453 3071 ,
2483 3006 2579 3060 καὶ
2607 3006 2858 3077 καιροὺς,
2888 3006 2982 3059 καὶ
3019 3005 3318 3070 ἐνιαυτούς.
3354 2998 3512 3060 Οῦτοι
3553 3005 3690 3079 πρὸς

2108 3097 2170 3150 τὸ
2202 3095 2490 3169 ἐλεύθερον
2531 3097 2750 3169 ἀξίωμα
2789 3097 2878 3152 διὰ
2910 3097 3148 3169 Χριστοῦ
3194 3097 3556 3169 κεκλημένοι,
3589 3098 3690 3169 τὴν

423 3186 746 3260 dignitatem
784 3205 884 3260 per
901 3164 1201 3246 Christum
1242 3192 1422 3245 vocati
1455 3190 1586 3256 sint,
1624 3198 1804 3246 tamen
1841 3190 2006 3261 [Egy—

2112 3164 2424 3257 Αίγυπτίων
2444 3164 2742 3253 οἰκοῦντες,
2766 3189 2845 3242 ἔτι
2876 3164 3063 3243 θύουσι
3097 3188 3174 3261 τῷ
3206 3164 3462 3260 Θεᾷ-τὸν
3485 3191 3605 3262 οὐχί
3623 3164 3689 3243 ἀν

419 3280 659 3349 ptiorum
694 3280 972 3350 regionem
1003 3281 1324 3346 incolentes,
1355 3282 1467 3337 Deo
1504 3282 1834 3348 sacriﬁcant,
1860 3282 2008 3353 quod

421 3385 543 3425 eam
589 3370 812 3431 vivendi
865 3372 1135 3426 rationem
1192 3372 1452 3438 retinent,
1498 3389 1621 3444 qua:
1675 3373 1889 3428 Satanae
1937 3375 2010 3427 sit

421 3476 532 3516 non
588 3461 886 3517 admodum
936 3462 1169 3533 ingrata.
1221 3461 1329 3518 Sed
1374 3465 1421 3519 si
1471 3465 1596 3535 quis
1646 3465 1871 3520 omnino
1937 3465 2010 3519 sit

418 3568 696 3624 egressus,
726 3568 792 3608 ac
828 3552 1025 3624 priscis
1057 3553 1305 3609 moribus
1333 3556 1560 3610 multam
1593 3556 1826 3611 salutem
1852 3554 2009 3609 dixe-

419 3645 512 3709 rit,
548 3645 596 3699 is
636 3644 691 3699 in
728 3644 948 3700 deserto
979 3642 1264 3700 sacriﬁcat.
1295 3645 1573 3719 vitamque
1609 3663 1821 3704 summa
1846 3646 2008 3703 laude

420 3737 644 3808 dignam
672 3737 803 3809 agit.

490 3828 686 3884 PALL.
743 3829 1028 3887 Assentior
1065 3850 1078 3887 :
1118 3848 1246 3889 nam
1297 3841 1445 3889 recte
1501 3832 1692 3888 sentis.
1741 3830 1847 3888 Sed
1895 3830 2005 3903 jam

418 3922 662 3977 secundo
687 3921 916 3980 flumine
940 3925 1008 3979 ad
1034 3927 1250 3982 alveum
1283 3934 1534 3982 recurrat
1561 3925 1755 3980 oratio.

488 4011 645 4069 CYK.
687 4015 949 4070 Mentitur
976 4017 1159 4087 itaque
1188 4019 1421 4082 Pharao,
1448 4028 1506 4072 et
1541 4018 1871 4087 promissum
1906 4017 2005 4071 ab-

417 4112 599 4176 negat,
639 4107 957 4176 nequedum
992 4110 1191 4165 missos
1228 4111 1359 4166 facit
1402 4109 1540 4164 ﬁlios
1577 4109 1762 4164 Israel.
1798 4109 2005 4165 Deinde

417 4197 596 4254 tribus
637 4198 760 4253 aliis
794 4199 970 4271 plagis
1004 4210 1254 4267 vexatur,
1293 4202 1495 4271 vixque
1532 4201 1751 4257 tandem
1788 4201 2002 4268 annuit,

416 4287 884 4360 dimissurumque
901 4305 957 4345 se
973 4290 1078 4346 ait:
1095 4292 1403 4361 iterumque
1421 4292 1685 4347 mentitus
1701 4292 2007 4363 deprehen-

416 4377 587 4435 ditur.
622 4399 640 4431 ι
670 4380 900 4436 Mendax
923 4382 1070 4436 enim
1100 4392 1205 4447 est,
1226 4390 1283 4438 et
1309 4382 1366 4438 in
1382 4385 1615 4439 veritate
1641 4399 1751 4439 non
1773 4384 1947 4449 stetit,
1978 4404 1996 4436 ι

417 4479 481 4524 ut
514 4469 764 4526 Salvator
808 4472 886 4527 ait
920 4474 983 4529 ¹⁶.
1035 4456 1368 4530 Grandinem
1419 4490 1657 4545 namque
1704 4474 2002 4531 vehemen-
2039 4514 2078 4567 ο

417 4561 682 4619 tissimam
751 4578 810 4618 se
864 4562 1135 4636 Egyptiis
1201 4565 1579 4621 immissurum
1637 4566 2003 4622 comminante

416 4652 559 4718 Deo,
614 4661 779 4724 atque
835 4654 1001 4709 etiam
1042 4654 1407 4722 immittente;
1462 4671 1678 4711 necnon
1737 4656 2000 4714 locustam

418 4756 672 4813 agrorum
719 4744 1088 4809 vastatricem,
1133 4744 1179 4799 si
1228 4745 1358 4799 licet
1405 4746 1548 4801 hanc
1592 4763 1783 4803 vocem
1833 4752 1998 4822 ἀγρο-

418 4832 666 4901 λέτειραν
701 4849 733 4890 e
769 4834 973 4890 Graecis
1011 4836 1253 4890 mutuari
1286 4853 1300 4890 :
1341 4844 1457 4891 tum
1491 4854 1625 4893 vero
1655 4840 1747 4893 vix
1784 4843 2002 4897 tandem

419 4923 498 4978 illi
540 4926 843 4981 Pharaonis
892 4927 1166 4982 scelerum
1208 4942 1364 4981 acres
1412 4928 1541 4983 olim
1595 4939 1757 5001 atque
1815 4933 2003 4990 invicti

420 5016 701 5081 satellites,
739 5016 991 5072 maximis
1031 5016 1296 5073 adversus
1328 5034 1454 5074 eum
1485 5022 1714 5077 vocibus
1753 5024 2003 5081 inclami-

421 5117 559 5175 tant,
600 5109 893 5165 dicentes:
931 5128 950 5161 ι
999 5108 1295 5179 Quousque
1341 5112 1447 5166 erit
1486 5113 1646 5169 nobis
1696 5116 1801 5172 hoc
1844 5133 2005 5173 scan-

421 5200 640 5256 dalum?
670 5202 894 5257 Dimitte
912 5200 1183 5267 homines,
1217 5210 1274 5256 ut
1295 5203 1605 5260 sacriﬁcent
1630 5206 1864 5263 Domino
1896 5211 2008 5265 Deo

422 5290 685 5360 ipsorum.
755 5290 839 5345 An
890 5290 1033 5367 scire
1085 5291 1199 5358 vis,
1262 5293 1408 5363 quod
1474 5296 1697 5365 perierit
1754 5299 2007 5355 universa

419 5382 685 5456 Egyptus
718 5383 792 5436 ”?
828 5401 847 5435 ι
898 5382 977 5438 Ac
1026 5383 1159 5437 mihi
1210 5400 1403 5441 rursus
1438 5402 1507 5442 ex
1556 5387 1662 5443 hoc
1701 5389 1823 5444 loco
1870 5389 2005 5445 illud

423 5472 880 5528 considerandum
928 5474 1188 5539 occurrit,
1229 5473 1503 5543 Satanam,
1548 5478 1752 5547 quibus
1804 5478 1859 5533 in
1914 5495 2005 5534 re-

423 5564 528 5620 bus
556 5564 773 5619 vincere
810 5563 915 5619 sihi
948 5564 1206 5621 decorum
1249 5575 1424 5636 putat,
1462 5566 1691 5623 fortasse
1719 5568 2003 5625 fortiorem

500 5738 543 5770 "
572 5738 761 5794 Matth.
812 5757 953 5811 χχιι,
986 5744 1071 5800 id.
1152 5745 1363 5801 "Joan.
1392 5763 1505 5812 vm,
1546 5748 1628 5801 44.
1688 5749 1727 5779 ¹⁷
1758 5747 1931 5804 Exod.
1968 5765 2020 5811 χ,
2047 5751 2096 5804 7.

2109 3278 2407 3351 ἀϐούλητον
2432 3280 2510 3351 τῷ
2539 3282 2755 3353 Σατανᾷ
2789 3278 3147 3346 διασώζοντες
3179 3282 3315 3354 βίον.
3344 3282 3478 3336 Εἰδέ
3509 3282 3572 3353 δή
3603 3298 3690 3347 τις

2111 3368 2373 3442 ἐξοίχοιτο
2386 3372 2688 3437 παντελῶς,
2702 3376 2813 3437 τοῖς
2830 3374 3205 3445 ἀρχαιοτέροις
3221 3374 3396 3430 ἔθεσιν
3414 3375 3691 3448 ἐρρῶσθαι

2111 3462 2345 3532 φράσας,
2368 3464 2424 3515 ἐν
2444 3463 2636 3535 ἐρήμῳ
2657 3461 2793 3532 θύει,
2812 3465 2907 3519 καὶ
2933 3464 3032 3536 τὴν
3057 3465 3282 3521 ἐπαίνου
3305 3467 3503 3532 παντὸς
3529 3467 3691 3535 ἀξίαν

2110 3550 2418 3622 ἐπιτηδεύει
2451 3553 2616 3624 ζωήν.

2180 3832 2392 3888 ΠᾹΛΛ.
2423 3829 2717 3907 Σύμφημι·
2749 3835 2891 3900 νοεῖς
2920 3836 3029 3908 γὰρ
3066 3832 3262 3909 ὀρθῶς.
3298 3837 3425 3895 Ἰτω
3451 3836 3508 3894 δὲ
3534 3830 3691 3906 αὖθις

2110 3928 2242 3998 ἡμῖν
2269 3928 2410 3981 κατὰ
2451 3927 2578 3998 ῥοῦν
2605 3930 2634 3982 ὁ
2671 3926 2850 3997 λόγος.

2179 4017 2352 4071 ΚΥΡ.·
2383 4012 2592 4071 Οὐκοῦν
2617 4017 2948 4091 ψευδομυθεῖ
2973 4018 3073 4092 μὲν
3097 4024 3125 4077 ό
3143 4018 3363 4094 Φαραὼ,
3393 4022 3488 4076 καὶ
3513 4024 3691 4097 ἀρνεῖ-

2107 4125 2197 4161 ται
2216 4106 2317 4180 τὴν
2342 4107 2659 4179 ὑπόσχεσιν,
2688 4110 2870 4180 ἀνίησι
2891 4110 2946 4163 δὲ
2962 4109 3077 4166 οὔτι
3104 4129 3188 4166 πω
3210 4113 3335 4177 τοὺς
3357 4113 3414 4181 ἐξ
3448 4114 3684 4186 Ἰσραήλ.

2108 4188 2245 4250 Εἶτα
2276 4197 2454 4268 τρισὶν
2489 4196 2703 4269 ἑτέραις
2733 4198 2971 4270 πληγαῖς
3003 4201 3352 4274 κατῃκίζετο,
3388 4204 3483 4257 καὶ
3516 4215 3688 4259 κατα-

2106 4287 2253 4343 νεύει
2276 4289 2452 4361 μόλις,
2472 4290 2699 4362 ἀνήσειν
2730 4290 2921 4345 εἰπών·
2946 4291 3061 4363 ἥλω
3083 4310 3142 4347 τε
3167 4292 3547 4366 ψευδοεπήσας
3577 4297 3686 4351 πά-

2106 4379 2211 4436 λιν.
2249 4399 2270 4433 ι
2316 4381 2574 4464 ἱξίεύστης
2622 4383 2728 4455 γάρ
2776 4383 2929 4448 ἐστι,
2977 4385 3072 4439 καὶ
3100 4387 3158 4439 ἐν
3202 4388 3269 4458 τῇ
3312 4386 3541 4459 ἀληθείᾳ
3588 4388 3687 4459 οὐχ

2106 4471 2306 4543 ἕστηκε
2343 4492 2388 4538 ι,
2420 4473 2563 4528 κατά
2591 4473 2689 4545 τὴν
2711 4473 2805 4528 τοῦ
2834 4474 3088 4547 Σωτῆρος
3114 4478 3318 4550 φωνήν.
3346 4477 3599 4543 Χάλαζαν
3626 4478 3683 4534 δὲ

2107 4567 2205 4635 τὴν
2228 4565 2622 4637 ραγδαιοτάτην
2643 4566 2819 4637 ἐνίησι
2842 4568 2956 4632 τοῖς
2977 4569 3315 4638 Αἰγυπτίοις,
3337 4570 3687 4639 ἀπειλοῦντος

2107 4653 2265 4720 Θεοῦ,
2301 4657 2397 4710 καὶ
2429 4655 2494 4727 δὴ
2528 4656 2622 4710 καὶ
2646 4656 2880 4722 ἐνιέντος
2900 4696 2914 4722 ,
2950 4660 3043 4713 καὶ
3069 4660 3173 4731 μὴν
3200 4661 3397 4733 ἀκρίδα
3429 4663 3527 4736 τὴν
3553 4667 3687 4737 ἀγρ-

2106 4748 2400 4819 ολὲτειραν,
2430 4748 2587 4819 εἰπερ
2614 4765 2666 4801 τι
2692 4747 2798 4820 χρὴ
2829 4749 2924 4803 καὶ
2951 4750 3011 4816 ἐξ
3045 4748 3310 4822 Ἑλλήνων
3333 4756 3516 4826 φωνὴν
3545 4757 3687 4810 ἐλόνο

2106 4856 2206 4903 τας
2222 4839 2418 4891 εἰπεῖν.
2451 4839 2584 4892 Τότε
2615 4838 2703 4910 δὴ,
2730 4839 2854 4894 τότε
2874 4844 2967 4895 καὶ
2995 4842 3145 4912 μόλις
3170 4846 3217 4897 οἱ
3244 4845 3410 4900 πάλαι
3433 4846 3595 4901 δεινοί
3627 4863 3686 4902 τε

2109 4931 2205 4984 καὶ
2235 4929 2533 5002 ἄθραυστοι
2554 4930 2655 5000 τῆς
2690 4931 2784 4985 τοῦ
2807 4930 3007 5005 Φαραὼ
3033 4934 3315 5007 βδελυρίας
3346 4939 3687 4995 ὑπασπισταὶ

2109 5020 2368 5091 πλείστην
2405 5021 2537 5092 ὅσην
2565 5022 2730 5076 αὐτοῦ
2762 5024 3041 5079 ποιοῦνται
3078 5027 3371 5100 καταϐοὴν,
3411 5029 3685 5099 λέγοντεςο

2115 5132 2133 5164 ι
2164 5114 2309 5177 Ἕως
2336 5114 2481 5179 τίνος
2518 5113 2671 5168 ἔσται
2699 5116 2831 5187 ἡμῖν
2856 5117 3016 5170 τοῦτο
3045 5119 3287 5187 σκῶλον;
3313 5121 3688 5187 ἐξαπόστειλον

2109 5204 2238 5267 τοὺς
2272 5204 2627 5274 ἀνθρώπους,
2659 5204 2807 5267 ὅπως
2857 5205 3199 5279 λατρεύσωσι
3234 5209 3426 5282 Κυρίῳ
3462 5210 3539 5282 τῷ
3569 5212 3688 5284 Θεῴ

2109 5294 2309 5350 αὐτῶν.
2342 5296 2413 5350 Ἦ
2445 5297 2643 5351 εἰδέναι
2673 5297 2850 5367 βούλει
2882 5299 2963 5352 ὅτι
2988 5298 3269 5354 ἀπόλωλεν
3305 5300 3624 5368 Αίγυπτος;
3664 5323 3682 5355 ι

2109 5387 2220 5442 Καί
2270 5406 2359 5460 μοι
2406 5389 2570 5444 πάλιν
2604 5390 2854 5445 ἐντεῦθεν
2890 5391 3068 5447 ἔπεισι
3116 5397 3277 5461 νοεῖν,
3322 5396 3398 5457 ὡς
3437 5395 3553 5449 ἔστι
3585 5414 3687 5450 που

2108 5482 2251 5552 τάχα
2293 5483 2401 5536 τῶν
2435 5485 2527 5537 ὑπ’
2568 5485 2720 5555 αὑτῷ
2747 5485 3030 5558 δυνάμεων
3075 5488 3314 5560 ἀμείνων
3347 5491 3375 5542 ὁ
3419 5490 3684 5554 Σατανᾶς,

2108 5573 2194 5643 ἐφ’
2228 5568 2310 5638 οἷς
2342 5573 2409 5630 ἂν
2451 5575 2601 5647 αὐτῷ
2644 5577 2705 5630 τὸ
2748 5580 2908 5650 νικᾷν
2949 5580 3170 5651 πρέποι.
3201 5582 3268 5636 Αἰ
3316 5582 3418 5653 μὲν
3441 5582 3583 5655 γὰρ,
3611 5582 3687 5648 ὡς
