4096 6454
356 354 469 412 £01

1137 356 1234 415 DE
1270 355 1724 415 ADORATIONE
1757 356 1827 413 IN
1872 352 2145 413 SPlRlTU
2187 355 2275 413 ΕΤ
2318 356 2691 435 VERlTATE.
2734 357 2864 414 LIB.
2902 355 2943 414 Ι.

3599 363 3707 419 26?.

352 472 539 541 ἔοικε,
562 471 804 545 σκληραὶ
830 473 932 546 μέν
955 469 1095 530 εἰσιν
1126 476 1269 545 ἄγαν
1300 476 1397 530 καὶ⁵
1422 475 1733 548 ἀμείλικτοι
1762 476 1982 548 κομιδῇ,

2089 492 2210 534 esse
2243 477 2312 533 iis
2341 494 2465 550 qua:
2513 478 2617 533 sub
2667 477 2762 532 illo
2793 487 2922 533 sunt
2967 478 3356 549 potestatibus.
3389 480 3526 537 Nam
3572 484 3701 552 illae,

352 562 460 618 καὶ
494 562 601 636 ὀψὲ
652 565 757 635 μὲν
788 566 883 620 καὶ
916 566 1074 638 μόλις
1113 567 1290 623 ίοῦσαι
1331 567 1378 622 δ’
1407 568 1476 623 ἂν
1515 567 1669 639 ὅμως
1709 567 1813 622 κᾶν
1850 568 1983 639 γοῦν

2089 569 2365 640 quamvis,
2402 579 2463 625 ut
2500 570 2742 636 videtur,
2787 570 2944 626 durae
2985 570 3097 627 sint
3153 579 3211 627 et
3265 571 3457 643 rigidae
3507 572 3702 633 admo-

349 656 441 719 είς
495 655 741 729 μετρίαν
779 656 1176 733 αἵσθησιντῆς
1219 661 1370 726 θείας
1403 662 1578 734 ὀργῆς
1601 676 1616 694 ο
1642 663 1693 737 ,ὁ
1736 661 1795 715 δέ
1831 663 1983 716 ἐστιν

349 747 668 820 ἀγριότητι
694 751 764 821 τῇ
797 750 944 824 ὑπὲρ
981 751 1144 822 λόγον
1173 753 1517 828 ὑπερφερὴς,
1547 753 1646 807 καὶ
1677 753 1984 824 κατεσκλη-

352 840 477 905 κὼς
508 843 594 906 είς
626 841 822 914 ἀκρον.
858 843 1188 917 Γέγραπται
1211 846 1324 920 γάρ
1355 847 1461 912 ὅτι,
1503 865 1523 899 ι
1563 846 1631 901 Ἦ
1655 845 1855 917 καρδία
1885 846 1985 901 αὑ-

350 935 453 989 τοῦ
498 935 764 1008 πέπηγεν
799 935 996 1010 ὥσπερ
1037 938 1209 1005 λίθος,
1249 939 1455 1012 ἕστηκε
1480 940 1537 995 δὲ
1569 940 1760 1014 ὥσπερ
1787 940 1983 1013 ἄκμων

346 1027 666 1099 ἀνήλατος.
706 1047 727 1082 ι
763 1029 1042 1102 Πλείστης
1066 1027 1161 1087 οὖν
1194 1034 1331 1105 ὅσης
1365 1034 1668 1106 γενομένης
1706 1035 1794 1088 ἐπ’
1834 1032 1984 1106 αὐτῷ

349 1121 461 1192 τῆς
503 1121 814 1194 καταϐοῆς,
863 1122 971 1195 ἔφη
1019 1124 1176 1198 μόλις
1203 1128 1321 1192 τοῖς
1360 1127 1515 1200 ’ἀμφὶ
1542 1127 1774 1184 Μωσέα·
1814 1130 1983 1184 r-Ilo-

348 1215 599 1288 ρεύεσθε
620 1216 717 1270 καὶ
737 1214 1082 1290 λατρεύσατε
1099 1219 1294 1293 Κυρίῳ
1320 1218 1536 1292 τῷηΘεῷ
1556 1220 1734 1293 ὑμῶν.
1755 1221 1910 1286 Τίνες
1925 1221 1983 1276 δὲ

351 1308 457 1364 καί
499 1310 647 1364 εἰσιν
673 1311 723 1364 οί
750 1311 1151 1384 πορευομένοις
1184 1331 1206 1367 ι
1240 1313 1352 1368 Καὶ
1379 1312 1532 1384 λέγει
1562 1314 1790 1387 Μωσῆς·
1827 1332 1848 1369 ι
1876 1315 1982 1371 Σὺν

349 1402 477 1464 τοῖς
530 1400 844 1467 νεανίσκοις
880 1402 1044 1475 ἡμῶν
1093 1403 1330 1472 καὶτοῖς
1378 1405 1774 1480 πρεσϐυτέροις
1824 1405 1985 1481 ἡμῶν

350 1495 782 1568 πορευσόμεθα,
815 1497 916 1551 σὺν
936 1500 1051 1564 τοῖς
1077 1500 1216 1565 υίοῖς
1242 1500 1340 1555 καὶ
1366 1503 1489 1566 ταῖς
1513 1500 1847 1574 θυγατράσι,
1883 1500 1984 1557 καὶ

349 1590 692 1661 προϐάτοις,
715 1592 814 1647 καὶ
838 1591 1028 1665 βουσὶν
1048 1592 1228 1666 ἡμῶν·
1255 1593 1502 1669 ἔστιγὰρ
1524 1596 1559 1669 ή
1580 1597 1743 1669 ἑορτὴ
1774 1595 1984 1667 Κυρίου

348 1683 456 1737 τοῦ
475 1683 623 1739 Θεοῦ
651 1684 829 1758 ήμῶν.
863 1688 977 1743 Καὶ
1002 1683 1124 1743 εἷπε
1152 1689 1292 1761 πρὸς
1310 1689 1511 1755 αὐτούς
1531 1708 1546 1721 ·
1569 1691 1755 1745 Ἔστω
1778 1690 1986 1764 Κύριος

349 1777 485 1849 ,μεθ’
536 1778 720 1851 ὑμῶν,
768 1779 899 1835 καθ’
941 1781 1025 1836 ὅτι
1058 1782 1380 1838 ἀποστέλλω
1410 1783 1580 1856 ὑμᾶς,
1632 1782 1710 1856 μὴ
1754 1785 1852 1839 καὶ
1883 1784 1986 1857 τὴν

2090 661 2253 728 dum,
2284 671 2341 717 et
2382 660 2474 716 vix
2502 662 2728 732 quidem
2765 678 2829 719 ac
2866 675 3013 730 sero,
3049 661 3278 734 capiunt
3323 671 3505 721 tamen
3551 678 3705 725 certe

2091 756 2179 812 vel
2208 755 2547 812 mediocrem
2563 754 2663 810 iras
2692 754 2895 811 divinae
2921 769 3183 822 sensum;
3211 756 3305 812 hic
3327 772 3462 814 vero
3483 758 3704 817 feritate

2089 848 2186 904 illa
2238 847 2463 904 infanda
2512 847 2691 903 vincit
2740 862 2968 914 omnes,
3016 864 3345 921 summoque
3384 851 3564 925 rigore
3618 864 3706 910 est

2090 939 2419 995 obduratus.
2452 937 2735 1011 Scriptum
2766 947 2851 994 est
2879 940 3030 996 enim
3065 959 3078 995 :
3118 960 3137 993 ι
3172 941 3281 998 Cor
3313 959 3555 1016 namque
3584 948 3706 1018 ejus

2090 1042 2445 1104 compactum
2486 1041 2576 1088 est
2610 1041 2674 1089 ut
2712 1032 2872 1104 lapis,
2914 1045 2972 1089 et
3009 1044 3117 1091 stat
3160 1045 3223 1093 ιιι
3269 1037 3430 1096 incus
3472 1040 3704 1098 minime

2091 1123 2316 1180 ductilis
2344 1126 2407 1179 ’³.
2443 1144 2461 1178 ι
2505 1123 2646 1182 Cum
2695 1124 2864 1197 igitur
2918 1127 3169 1184 maximae
3235 1130 3301 1186 de
3351 1147 3419 1188 eo
3462 1134 3706 1204 querelae

2090 1213 2250 1271 facta
2300 1223 2509 1281 essent,
2556 1216 2640 1271 ait
2689 1216 2915 1272 tandem
2969 1217 3142 1291 Moysi
3194 1221 3425 1294 ejusque
3478 1225 3646 1282 sociis
3687 1243 3702 1280 :

2099 1327 2117 1358 ι
2146 1307 2226 1364 Ιιε
2267 1315 2326 1364 ει
2361 1307 2671 1366 sacriﬁcate
2711 1309 2948 1367 Domino
2989 1311 3106 1368 Deo
3141 1317 3348 1371 vestro.
3384 1336 3404 1369 ι
3436 1316 3705 1390 430ui-
3794 1312 3807 1331 '

2091 1416 2221 1456 nam
2245 1409 2430 1457 autem
2455 1401 2590 1458 ituri
2634 1402 2798 1459 sunt?
2844 1422 2862 1455 ι
2890 1403 2962 1459 Ει
2989 1403 3066 1459 ait
3093 1404 3307 1479 Moyses
3340 1425 3352 1460 :
3395 1407 3534 1464 Cum
3567 1410 3706 1467 ado-

2090 1496 2435 1553 lescentibus
2487 1497 2695 1562 nostris
2745 1506 2804 1553 et
2854 1498 3175 1555 senioribus
3220 1499 3429 1556 nostris
3476 1500 3704 1571 ibimus,

2091 1604 2220 1645 cum
2264 1589 2394 1646 ﬁliis
2437 1598 2494 1647 et
2535 1589 2776 1655 ﬁliabus,
2809 1600 2867 1648 et
2903 1592 3104 1649 ovibus
3135 1600 3191 1648 et
3228 1592 3410 1650 bobus
3450 1596 3703 1653 nostris:

2091 1692 2177 1738 est
2211 1682 2359 1738 enim
2393 1682 2596 1739 festum
2625 1683 2848 1740 Domini
2869 1683 2968 1740 Dei
2992 1685 3191 1741 nostri.
3219 1686 3289 1742 Et
3310 1687 3449 1743 dixit
3474 1688 3541 1744 ad
3564 1704 3699 1746 eos:

2093 1775 2177 1833 Sit
2213 1776 2482 1834 Dominus
2518 1776 2837 1846 vobiscum;
2878 1778 3159 1849 quomodo
3195 1794 3298 1851 ego
3333 1780 3555 1838 dimitto
3581 1797 3705 1848 vos,

344 1871 692 1945 ἀποσκευὴν
752 1872 943 1945 ὑμῶνς
1004 1873 1213 1942 Ἴδετε,
1253 1876 1339 1931 ὅτι
1399 1876 1640 1951 πονηρία
1697 1877 1988 1950 πρόκειται

2093 1870 2346 1942 nunquid
2384 1881 2441 1926 et
2488 1871 2890 1943 supellectilem
2944 1873 3225 1928 vestram?
3278 1873 3509 1941 Videte,
3562 1892 3706 1947 quo-

352 1962 521 2035 ὗμίν.
557 1965 656 2037 Μὴ
698 1964 914 2032 οὕτως’
951 1969 1382 2042 πορευέσθωσαν
1416 1970 1473 2026 δὲ
1523 1973 1574 2026 οἱ
1624 1971 1840 2043 ἄνδρες,
1889 1972 1986 2026 καὶ

343 2054 711 2132 λατρεύσατε
738 2058 820 2133 τῷ
847 2060 991 2134 Θεῷ,
1016 2060 1180 2117 τοῦτο
1205 2063 1318 2137 γὰρ
1340 2063 1497 2119 αὐτοὶ
1528 2062 1766 2136 ζητεῖτε.
1797 2083 1817 2118 ι
1850 2063 1986 2118 Σύν-

345 2165 414 2214 ec
465 2151 543 2224 δὴ
573 2147 706 2219 οὖν,
756 2146 805 2209 ὦ
838 2153 1102 2228 φιλότης,
1148 2155 1225 2221 ὡς
1265 2157 1500 2229 ἀρίστην
1555 2157 1659 2230 μὲν
1703 2160 1734 2214 6
1777 2158 1986 2231 Μωσῆς

345 2243 647 2300 ποιεῖσθαι
669 2245 785 2301 δεῖν
812 2246 1022 2318 ἔφασκε
1051 2248 1152 2322 τὴν
1178 2248 1477 2317 ἀνάζευξιν
1500 2269 1516 2284 ο
1539 2251 1570 2304 6
1587 2250 1668 2318 δὲ,
1694 2251 1794 2324 οὐχ
1817 2250 1984 2321 οὕτω,

349 2338 535 2410 φησιν
558 2354 572 2367 ·
599 2338 830 2413 ἀνήσειν
858 2339 919 2395 δὲ
947 2341 1061 2397 ἀπὸ
1086 2341 1313 2415 μέρους,
1337 2344 1434 2400 καὶ
1456 2346 1762 2419 ὁμήρευσιν
1782 2346 1986 2419 τρόπον

347 2428 485 2483 τινὰ
519 2431 647 2494 ταῖς
679 2429 791 2485 τῶν
834 2430 1189 2505 ἀπαιρόντων
1223 2432 1601 2507 ὐποστροφαίς
1627 2435 1741 2490 δεῖν
1784 2435 1890 2509 ἔφη
1924 2437 1988 2492 τὸ

344 2522 718 2595 λειπόμενον,
746 2525 845 2579 καὶ
870 2525 1047 2598 αὐτῆς
1076 2526 1470 2601 ἀπομενούσης
1494 2531 1554 2584 ὲν
1577 2528 1848 2603 Αἰγύπτῳ
1885 2531 1989 2604 τῆς

360 2614 720 2687 ἀποσκευῆς.
754 2615 1006 2689 Οίχέσθω
1038 2617 1150 2691 γὰρ
1179 2617 1246 2691 δή
1274 2620 1384 2685 πᾶς
1413 2620 1513 2692 μὲν
1551 2620 1709 2693 ὑμῶν
1741 2621 1986 2688 νεανίας,

352 2708 505 2780 φησί
537 2727 547 2739 ·
586 2711 703 2765 πᾶν
743 2709 803 2764 δὲ
843 2711 1005 2782 γένος
1049 2711 1112 2767 τὸ
1163 2714 1223 2768 ὲν
1262 2714 1499 2786 ἀκμαῖς.
1541 2715 1602 2770 '0
1649 2715 1709 2771 δέ
1747 2733 1815 2788 γε
1843 2717 1989 2786 θεῖος

351 2803 598 2877 Μωσῆς.
632 2805 716 2860 ὄτι
749 2807 1033 2879 προσῆκεν
1076 2806 1335 2880 ἀπαίρειν
1361 2803 1421 2862 εῦ
1459 2808 1614 2881 μάλα
1650 2799 1988 2885 διῖσχυρίζε-

350 2915 476 2965 ται,
511 2898 896 2971 παροφθέντος
924 2899 1140 2966 οὐδενός
1160 2917 1174 2932 ·
1196 2901 1313 2957 ἀλλ’
1340 2901 1481 2974 ὁμοῦ
1514 2906 1632 2970 τοῖς
1664 2905 1726 2961 ἐν
1746 2906 1856 2979 ἥϐῃ
1891 2904 1987 2961 καὶ

355 2994 421 3046 ἐν
454 2991 702 3064 δυσμαῖς
728 2992 973 3065 ήλικίας,
992 2995 1131 3060 υἱοῖς
1150 3012 1213 3050 τε
1234 2997 1329 3051 καὶ
1360 2996 1691 3070 θυγατράσι,
1720 3000 1818 3055 καὶ
1846 2998 1987 3072 βοιῖιν

2088 1964 2241 2019 niam
2279 1963 2490 2020 malitia
2521 1964 2805 2036 proposita
2831 1973 2918 2021 εει
2938 1965 3117 2022 vobis.
3151 1966 3272 2022 Non
3306 1967 3419 2036 sic;
3452 1968 3549 2024 sed
3578 1979 3711 2025 eant

2087 2057 2216 2123 viri,
2255 2065 2316 2114 et
2351 2057 2659 2115 sacriﬁcate
2689 2058 2802 2115 Deo
2835 2078 2847 2113 :
2880 2059 2987 2116 hoc
3019 2060 3168 2116 enim
3209 2061 3314 2132 ipsi
3350 2061 3541 2132 petitis
3566 2063 3630 2119 ”.
3679 2083 3698 2114 ι

2087 2148 2161 2206 Ut
2189 2149 2455 2223 intelligis
2485 2151 2676 2223 igitur,
2704 2150 2935 2218 Palladi,
2963 2152 3179 2225 Moyses
3216 2152 3462 2224 perfecta
3493 2153 3705 2210 disces-

2088 2240 2245 2299 sione
2269 2242 2552 2315 proﬁcisci
2576 2244 2783 2301 debere
2813 2244 3069 2312 dicebat;
3098 2245 3190 2301 ille
3210 2254 3422 2313 autem,
3452 2246 3575 2302 Non
3604 2247 3704 2311 ita,

2089 2334 2305 2408 inquit;
2337 2337 2435 2394 sed
2461 2347 2673 2410 partem
2703 2353 2763 2396 se
2792 2338 3176 2405 dimissurum,
3201 2353 3438 2410 eamque
3464 2347 3705 2411 partem,

2087 2446 2214 2502 quae
2281 2431 2712 2504 relinqueretur,
2779 2432 3031 2489 obsidem
3099 2431 3512 2503 quodammodo
3583 2448 3708 2490 esse

2088 2528 2349 2591 oportere
2393 2536 2497 2593 pro
2547 2522 2732 2579 reditu
2774 2521 3203 2589 discedentium,
3244 2523 3362 2595 ipsa
3393 2538 3617 2595 quoque
3649 2522 3707 2579 in

2085 2612 2323 2688 Egypto
2350 2615 2543 2672 relicta
2572 2615 2939 2688 supellectile.
2972 2615 3078 2671 Eat
3100 2616 3274 2683 enim,
3314 2614 3518 2687 inquit,
3548 2615 3708 2687 quis-

2088 2708 2218 2781 quis
2262 2709 2586 2767 adolescens
2626 2717 2746 2778 est,
2790 2726 2984 2768 omnes
3020 2709 3191 2766 etiam
3234 2709 3331 2782 qui
3370 2709 3562 2766 adulta
3592 2711 3710 2781 jam

2050 2810 2055 2815 ’
2090 2811 2221 2860 sunt
2243 2811 2427 2860 aetate.
2450 2803 2523 2860 At
2537 2802 2700 2860 divus
2713 2801 2930 2877 Moyses
2951 2811 3276 2860 constanter
3299 2801 3538 2859 afﬁrmat
3561 2817 3709 2869 esse,

2089 2898 2244 2955 nulla
2280 2914 2342 2954 re
2375 2897 2750 2971 praetermissa
2785 2905 2957 2969 atque
2997 2895 3213 2963 relicta,
3254 2894 3656 2953 discedendum
3689 2912 3706 2950 :

2088 2990 2187 3046 sed
2236 2989 2403 3046 simul
2446 3005 2575 3046 cum
2621 2988 3103 3055 adolescentibus,
3149 2996 3207 3043 et
3255 2986 3326 3043 iis
3371 2985 3469 3059 qui
3514 2992 3709 3042 exacta

352 3084 621 3156 ἀγέλαις,
646 3086 743 3141 καὶ
766 3086 977 3160 ἑτέροις
1009 3087 1321 3161 θρέμμασι.
1341 3090 1452 3145 Καὶ
1474 3092 1587 3165 γάρ
1606 3109 1691 3147 τοι
1714 3092 1987 3166 προσήκει

2089 3084 2198 3156 iam
2223 3093 2410 3141 essent
2431 3091 2614 3151 aetate,
2647 3082 2776 3139 ﬁliis
2804 3098 3029 3155 quoque
3061 3096 3128 3136 ac
3151 3080 3395 3147 filiabus,
3421 3081 3592 3136 boum
3621 3095 3711 3135 ar-

351 3181 492 3245 τοὺς
526 3180 631 3253 τῆς
655 3180 900 3256 ἀληθοῦς
928 3182 1249 3257 ἐλευθερίας
1284 3184 1704 3258 μεταποιεῖσθαι
1751 3186 1988 3242 σπουδά-

354 3273 566 3341 ζοντας
586 3318 603 3344 ,
642 3275 755 3330 τῶν
807 3276 913 3349 μὲν
956 3278 1016 3333 έν
1073 3279 1270 3352 κόσμῳ
1321 3258 1498 3349 φιλεῖν
1542 3279 1987 3336 ἀπαλλάττεσθαι

354 3464 637 3535 παράπαν
659 3462 761 3534 τῆς
787 3461 1003 3518 ἑαυτῶν
1032 3462 1215 3537 ψυχῆς
1248 3481 1309 3518 τε
1340 3465 1436 3519 καὶ
1458 3464 1699 3531 διανοίας
1724 3464 1989 3538 ἀφιέντας

354 3556 664 3627 λείψανον,
703 3556 772 3610 δι’
806 3547 870 3610 οὗ
900 3555 966 3629 δὴ
995 3557 1161 3613 πάλιν
1190 3558 1315 3624 ταῖς
1352 3556 1452 3612 τοῦ
1503 3558 1747 3631 πονηροῦ
1790 3559 1989 3615 πλεον-

357 3650 547 3716 εξίαις
587 3649 945 3722 ὑπενεχθεῖεν
988 3651 1078 3707 ἀν.
1110 3650 1288 3706 Καλεῖ
1326 3651 1384 3706 δὲ
1414 3651 1552 3726 πρὸς
1580 3652 1741 3708 τοῦτο
1783 3655 1812 3709 6
1842 3653 1987 3721 θεῖος

358 3740 534 3812 νόμος
577 3739 906 3805 νεανίσκους
949 3741 1047 3796 καὶ
1085 3741 1435 3814 παρθένους,
1481 3743 1800 3816 πρεσϐύτας
1847 3746 1989 3817 μετά

358 3834 679 3907 νεωτέρων,
718 3834 865 3890 κατά
886 3834 988 3908 τὴν
1018 3835 1115 3890 τοῦ
1142 3836 1461 3902 Ψάλλοντος
1498 3837 1709 3912 φωνὴν,
1754 3840 1850 3894 καὶ
1876 3842 1986 3895 πᾶν

360 3921 511 3993 εἶδος
543 3927 649 3999 τῆς
694 3927 753 3981 ὲν
787 3925 1013 4000 Χριστῷ
1042 3928 1350 4003 νοουμένης
1402 3929 1646 3998 ἡλικίας.
1692 3925 1789 3997 Οἷς
1834 3931 1989 3986 καὶὸ

362 4017 665 4082 θεσπέσιος
712 4017 973 4092 Ἰωάννης
1004 4018 1350 4093 προσεφώνει
1369 4061 1385 4087 ,
1413 4020 1589 4092 λέγων
1610 4038 1624 4053 ’
1663 4041 1682 4075 ι
1728 4021 1989 4095 Ἔγραψα

363 4109 524 4180 ὖμῖν,
548 4108 764 4176 παιδία,
784 4111 868 4165 ὅτι
884 4110 1167 4181 ἐγνώκατε
1184 4112 1280 4167 τὸν
1300 4113 1524 4187 Πατέρα
1548 4131 1562 4145 ·
1588 4113 1808 4187 ἔγραψα
1833 4115 1985 4187 ὑμῖν,

365 4201 641 4274 πατέρες,
674 4202 759 4257 ὅτι
785 4202 1069 4274 ἐγνώκατε
1098 4203 1192 4261 τὸν
1218 4205 1315 4259 ἀπ’
1340 4205 1518 4279 ἀρχῆς
1545 4224 1560 4240 ο
1588 4206 1808 4279 ἔγραψα
1834 4207 1985 4279 ὑμῖν,

254 4298 261 4305 “
334 4293 673 4361 ’νεανίσκοι,
702 4296 786 4350 ὃτι
830 4296 1048 4369 ἰσχυροί
1072 4298 1200 4352 ἐστε
1220 4337 1237 4364 ,
1265 4298 1364 4353 καὶ
1395 4301 1426 4353 6
1451 4296 1612 4368 λόγος
1643 4298 1739 4353 τοῦ
1764 4298 1901 4353 Θεοῦ
1928 4300 1988 4353 ἐν

368 4383 506 4456 ὑμῖν
553 4385 747 4457 μένει,
791 4387 890 4442 καὶ
920 4387 1252 4460 νενικήκατε
1281 4389 1375 4444 τὸν
1419 4387 1681 4462 πονηρόν.
1727 4407 1747 4443 ι
1787 4385 1912 4444 Εῐεν
1938 4389 1987 4444 δ’

365 4477 438 4531 ἂν
480 4479 581 4532 καὶ
632 4479 875 4551 ἑτέρως,
921 4482 1137 4538 νεανίαι
1193 4483 1294 4554 μὲν
1338 4483 1439 4555 τῆς
1472 4482 1727 4556 ἀνδρείας
1770 4481 1941 4548 τύπος
1969 4522 1986 4550 ,

367 4571 700 4643 φρονήσεως
755 4570 814 4626 δὲ
872 4572 1222 4647 πρεσϐύται,
1281 4574 1613 4647 νηπιότητος
1663 4573 1722 4629 δὲ
1773 4574 1877 4647 τῆς
1929 4576 1989 4629 ὲν

366 4659 604 4733 Χριστῷ
641 4662 967 4735 νοουμένης,
1017 4665 1146 4737 υἱοί]
1166 4683 1227 4719 τε
1261 4665 1360 4720 καὶ
1396 4664 1732 4738 θυγατέρες·
1767 4666 1866 4720 σὺν
1892 4667 1989 4721 ἀν-

365 4750 529 4822 δρείᾳ
550 4749 685 4823 γὰρ,
713 4752 810 4806 καὶ
838 4756 1128 4826 φρονήσει,
1161 4756 1255 4811 καὶ
1279 4755 1551 4828 ἁπλότητι
1573 4759 1642 4830 τῇ
1668 4756 1813 4813 κατά
1826 4756 1987 4824 Θεὸν,

367 4843 707 4916 ἀπαροῦμεν
738 4844 800 4912 ἐξ
832 4849 1113 4920 ἁμαρτίας
1133 4852 1215 4916 είς
1242 4850 1542 4924 ἁγιασμόν.
1580 4871 1600 4906 ι
1644 4852 1989 4924 ’Δνδρίζεσθε

366 4938 483 5009 γὰρ
511 4958 558 5002 ι,
596 4940 772 5011 φησὶ,
810 4960 830 4994 ι
883 4943 980 4996 καὶ
1028 4944 1416 5017 κραταιούσθω
1461 4948 1497 5018 ή
1528 4946 1726 5019 καρδία
1756 4946 1932 5018 ὑμῶν.
1965 4965 1985 4999 ι

366 5029 485 5084 Καὶ
520 5026 590 5086 αὖ
619 5047 633 5062 ⁸
664 5032 891 5088 Γίνεσθε
923 5035 1183 5110 φρόνιμοι
1217 5038 1296 5104 ὡς
1327 5040 1378 5092 οἱ
1404 5038 1582 5111 ὄφεις,
1620 5041 1715 5094 καὶ
1738 5041 1992 5114 ἀκέραιοι

364 5123 444 5186 ὡς
485 5125 544 5177 αί
579 5127 935 5199 περιστεραί.
983 5148 1002 5181 ι
1057 5130 1316 5203 Πρόϐατα
1351 5132 1409 5186 δὲ
1444 5134 1541 5188 καὶ
1583 5134 1715 5205 βόας
1748 5151 1989 5189 συναπο-

364 5215 595 5287 τρέχειν
647 5219 860 5285 εἰπὼν,
912 5224 1361 5296 κατασημαίνειν
1406 5225 1474 5281 ἂν
1524 5222 1684 5300 οἶμαί
1724 5244 1864 5293 που,
1903 5226 1990 5282 δτι

367 5310 651 5380 προσήκει
684 5311 822 5383 μηδὲ
857 5313 1002 5368 αὐτά
1044 5315 1299 5387 μεθεῖναι
1328 5316 1407 5389 τῷ
1439 5319 1658 5390 Σατανᾷ
1690 5317 1760 5374 τὰ
1794 5336 1989 5392 σωμα-

364 5402 503 5457 τικά
528 5420 591 5457 τε
623 5404 720 5459 καὶ
748 5405 1073 5480 ἀλογώτερα
1101 5410 1213 5465 τῶν
1245 5413 1305 5465 έν
1332 5413 1466 5484 ἡμῖν
1496 5412 1839 5485 κινημάτων.
1874 5412 1988 5468 Καὶ

364 5495 505 5564 γοῦν
534 5498 565 5551 6
591 5497 881 5566 θεσπέσιος
915 5502 1130 5569 Παῦλος
1153 5504 1360 5578 γράφει
1381 5522 1394 5538 ο
1424 5523 1444 5557 ι
1472 5505 1687 5579 Ὥσπερ
1711 5506 1820 5578 γὰρ
1844 5522 1990 5576 παρ-

364 5590 647 5662 εστήσατε
685 5592 757 5647 τὰ
801 5595 940 5670 μέλη
999 5597 1156 5669 ὑμῶν
1208 5597 1374 5654 δοῦλα
1412 5602 1481 5673 τῇ
1522 5598 1845 5674 ἀκαθαρσία
1889 5599 1989 5655 καὶ

2090 3174 2297 3232 mentis
2329 3174 2567 3245 aliisque
2608 3173 2929 3244 pecoribus.
2972 3171 3207 3244 Oportet
3237 3171 3389 3227 enim
3425 3179 3489 3227 ut
3514 3170 3611 3244 qui
3649 3170 3708 3227 in

2014 3244 2058 3302 θ
2093 3283 2281 3326 veram
2302 3244 2693 3324 selibertatem
2715 3281 2964 3322 asserere
3003 3264 3199 3330 velint,
3230 3263 3492 3320 studeant
3512 3263 3711 3319 avitiis

356 3370 565 3427 κακῶν
587 3412 606 3439 ,
639 3370 739 3424 καὶ
771 3370 968 3442 τρίϐον
1016 3371 1153 3426 ξέναι
1186 3373 1288 3445 τὴν
1317 3373 1406 3426 ἐπ’
1446 3373 1707 3446 ἀρεταῖς,
1741 3372 1897 3428 οὐδὲν
1923 3373 1987 3428 τὸ
2048 3422 2053 3428 .

2095 3377 2219 3433 qua:
2248 3361 2305 3417 in
2335 3360 2539 3417 saeculo
2568 3367 2719 3425 sunt,
2744 3357 3069 3424 abscedere,
3107 3364 3167 3413 et
3194 3355 3450 3412 semitam
3489 3356 3707 3429 ingredi

2094 3469 2219 3526 quae
2237 3453 2307 3510 ad
2329 3453 2569 3509 virtutes
2593 3450 2768 3518 ducit,
2797 3449 3092 3521 nullasque
3114 3448 3343 3505 omnino
3362 3456 3460 3505 aut
3486 3449 3707 3515 anim,

2092 3557 2193 3605 aut
2216 3547 2422 3605 mentis
2443 3545 2711 3618 reliquias
2736 3544 3040 3611 dimittere,
3064 3557 3167 3614 per
3198 3557 3340 3614 quas
3362 3542 3565 3599 iterum
3600 3542 3709 3598 sub

2096 3642 2247 3699 illius
2282 3639 2508 3715 maligni
2547 3639 2896 3695 dominatum
2936 3652 3003 3693 ac
3048 3635 3399 3709 tyrannidem
3448 3636 3709 3708 redigan-

2097 3746 2207 3792 tur.
2260 3735 2342 3792 Ad
2393 3735 2539 3791 hanc
2592 3741 2780 3789 autem
2826 3731 3144 3787 libertatem
3191 3729 3381 3785 divina
3421 3729 3508 3785 lex
3549 3737 3715 3787 vocat

2092 3833 2327 3904 juvenes
2375 3837 2435 3885 et
2478 3826 2755 3900 virgines,
2790 3840 2956 3882 senes
3005 3839 3133 3880 cum
3177 3822 3518 3895 junioribus,
3556 3823 3712 3895 juxta

2095 3923 2389 3983 Psallentis
2419 3937 2613 3979 vocem
2643 3923 2710 3987 ὀ,
2743 3929 2909 3991 atque
2945 3933 3112 3975 omne
3144 3932 3320 3989 genus
3354 3916 3552 3985 aetatis,
3587 3932 3714 3988 quae

2096 4020 2155 4075 in
2211 4018 2435 4076 Christo
2485 4014 2837 4086 intelligitur.
2894 4010 3047 4080 Quos
3109 4009 3277 4065 etiam
3342 4010 3430 4065 vir
3486 4009 3713 4065 divinus

2092 4111 2336 4168 Joannes
2357 4107 2743 4179 alloquebatur
2766 4105 2959 4161 dicens
2991 4122 3004 4158 :
3036 4123 3056 4154 ι
3084 4101 3293 4173 Scripsi
3316 4101 3497 4168 vobis,
3525 4102 3709 4173 pueri,

2096 4204 2229 4277 quia
2256 4199 2594 4274 cognovistis
2617 4200 2838 4255 Patrem
2862 4214 2877 4265 ;
2912 4195 3110 4267 scripsi
3141 4195 3323 4260 vobis,
3348 4203 3559 4265 patres,
3578 4195 3713 4267 quia

2095 4293 2436 4368 cognovistis
2480 4307 2611 4351 eum
2645 4290 2741 4362 qui
2784 4296 2871 4346 est
2926 4288 2997 4345 ab
3044 4286 3232 4354 initio;
3275 4286 3476 4359 scripsi
3525 4288 3707 4355 vobis,

2091 4392 2349 4466 juvenes,
2383 4386 2515 4458 quia
2555 4385 2732 4441 fortes
2773 4383 2933 4450 estis,
2975 4391 3033 4439 et
3063 4381 3296 4437 verbum
3338 4382 3437 4439 Dei
3466 4383 3523 4438 in
3549 4383 3710 4440 vobis

2097 4490 2304 4548 manet,
2329 4486 2387 4537 et
2410 4472 2626 4534 vicistis
2659 4475 2964 4547 malignum
2989 4473 3057 4528 ".
3090 4491 3111 4526 ι
3149 4471 3328 4529 Aliter
3355 4482 3544 4529 autem
3571 4473 3705 4530 ado-

2096 4577 2371 4634 lescentes
2408 4572 2584 4647 ﬁgura
2617 4585 2741 4626 esse
2789 4574 3026 4640 possunt
3060 4564 3427 4631 fortitudinis,
3460 4564 3713 4638 pruden-

2097 4670 2187 4726 tiae
2221 4682 2405 4735 senes,
2438 4662 2685 4721 infantia:
2717 4676 2852 4717 vero
2886 4658 3057 4725 illius,
3098 4673 3221 4731 quae
3259 4658 3318 4714 in
3357 4656 3581 4714 Christo
3619 4657 3706 4713 in-
3788 4728 3805 4734 _

2093 4763 2383 4837 telligitur,
2415 4760 2515 4816 ﬁlii
2548 4774 2615 4815 ac
2645 4757 2772 4813 ﬁliae
2807 4775 2820 4812 :
2853 4769 2981 4811 cum
3009 4751 3340 4810 fortitudine
3371 4768 3611 4824 namque
3642 4767 3711 4810 ac

2093 4854 2412 4928 prudentia,
2439 4849 2907 4923 simplicitateque
2943 4861 3011 4903 ea
3034 4861 3159 4918 quas
3198 4843 3505 4901 secundum
3530 4844 3704 4900 Deum

2093 4959 2201 5016 est,
2249 4963 2280 5004 a
2318 4954 2549 5019 peccato
2606 4943 2676 4999 ad
2727 4939 3224 4998 sanctiﬁcationem
3275 4935 3703 5009 proﬁciscimur.

2099 5064 2119 5095 ι
2153 5041 2404 5100 Viriliter
2442 5038 2592 5095 enim
2641 5036 2809 5109 agite,
2856 5054 2875 5087 ι
2932 5033 3136 5105 inquit,
3195 5050 3213 5082 ι
3249 5038 3307 5086 ει
3358 5026 3702 5084 confortetur

2091 5152 2190 5192 cor
2227 5144 2474 5190 vestrum
2502 5129 2569 5185 ".
2612 5150 2632 5181 ι
2678 5129 2748 5184 Ει
2786 5128 2989 5183 iterum
3035 5141 3051 5182 :
3098 5144 3117 5177 ι
3162 5122 3355 5179 Estote
3398 5119 3702 5193 prudentes

2090 5229 2237 5287 sicut
2277 5234 2599 5299 serpentes,
2647 5230 2707 5280 et
2752 5218 3033 5292 simplices
3081 5216 3228 5272 sicut
3275 5213 3633 5270 columbae".
3678 5234 3696 5265 ι

2091 5323 2231 5382 Cum
2258 5336 2395 5379 vero
2422 5318 2583 5385 dixit,
2606 5330 2740 5373 oves
2761 5328 2986 5387 quoque
3021 5326 3085 5367 ac
3113 5309 3283 5366 boves
3312 5307 3479 5365 simul
3504 5307 3703 5366 absce-

2093 5416 2227 5474 dere
2250 5413 2480 5480 debere,
2513 5406 2848 5483 signiﬁcavit
2876 5404 3134 5469 fortasse,
3154 5417 3226 5458 ne
3252 5416 3550 5474 corporeos
3573 5402 3702 5475 qui-

2093 5510 2222 5566 dem
2247 5508 2372 5564 illos
2397 5515 2585 5562 motus
2610 5509 2833 5558 nostros
2858 5507 2916 5559 ει
2940 5495 3175 5554 rationis
3197 5504 3457 5568 expertes
3485 5493 3703 5552 Satanae

2090 5616 2214 5658 esse
2249 5595 2676 5670 relinquendos;
2719 5591 2831 5666 44
2863 5590 3051 5662 itaque
3090 5586 3319 5645 divinus
3368 5587 3461 5644 ille
3492 5586 3701 5643 Paulus

364 5686 432 5757 τῇ
470 5684 680 5760 ἀνομίᾳ
720 5689 802 5752 είς
833 5688 936 5762 τὴν
974 5693 1232 5764 ἀνομίαν,
1277 5691 1424 5747 οὕτω
1448 5692 1546 5749 νῦν
1587 5695 1983 5767 παραστήσατε

2089 5692 2314 5759 scribit,
2357 5709 2376 5744 ι
2402 5688 2561 5746 Sicut
2609 5682 2944 5742 exbibuistis
2979 5681 3228 5741 membra
3258 5689 3447 5738 vestra
3485 5679 3700 5735 servire

440 5828 625 5910 ‘_'_Jol_)
662 5846 782 5899 xu,
821 5832 926 5910 μβ.
1005 5836 1047 5868 ¹⁹
1072 5836 1251 5892 Exod.
1284 5853 1338 5903 x,
1364 5836 1398 5892 8
1433 5851 1557 5910 sqq.
1636 5840 1682 5871 ὀ
1707 5837 1853 5895 Psal.
1897 5853 1988 5895 cn

2089 5836 2233 5906 με.
2312 5837 2352 5868 ιι
2386 5833 2597 5891 lJoan.
2639 5846 2699 5898 η,
2734 5827 2824 5897 ιι,
2878 5806 3001 5883 is;
3075 5826 3121 5860 ι’
3159 5822 3305 5883 Psal.
3345 5838 3473 5890 xxx,
3527 5820 3619 5877 ss.

366 5901 416 5937 ⁸³
448 5899 653 5959 Matth.
694 5919 763 5968 x,
814 5903 906 5960 16.

682 5999 982 6089 ΧΡΑτιιοι..
1029 6002 1147 6064 Gn.
1200 6000 1464 6065 LXVIII.

3305 5987 3341 6053 7
3668 6009 3748 6065 si:
