4096 6428
333 386 455 442 205

1127 389 1215 444 DE
1255 372 1703 444 AnonATio-NE
1738 383 1805 437 ιχ
1858 377 2132 438 SPlRlTU
2173 366 2260 433 ET
2298 363 2675 432 \‘ERITATE.
2720 373 2849 428 LIB.
2887 371 2930 427 ι.

3565 372 3668 427 206

334 500 503 553 τουτί
528 500 706 574 δρῷεν
737 503 806 556 ἂν
837 503 888 559 οί
919 501 1007 557 διὰ
1033 503 1229 573 σοφίας
1257 503 1532 574 κοσμικῆς
1559 503 1671 563 τοῖς
1705 500 1871 570 ἱεροῖς
1899 512 1961 549 τε

2084 509 2132 549 ιο
2170 494 2281 547 Deo
2317 501 2542 562 accepta
2581 489 2916 548 sacriﬁcare.
2950 491 3033 542 An
3061 489 3196 542 'vero
3222 501 3336 541 non
3371 486 3426 541 id
3461 485 3670 542 iaciunt

337 594 443 646 καὶ
491 593 670 658 θείοις
709 595 871 666 ἡμῶν
905 594 1373 667 ἐπαγωνι-ζόμενοι
1418 594 1722 663 δόγμασιν,
1761 590 1856 644 καὶ
1899 588 1960 641 τὸ

334 685 609 757 λαμπρὸν
625 688 687 740 ὲν
704 687 870 754 λέξει,
896 689 990 742 καί
1009 689 1069 752 τὸ
1088 690 1146 746 ἐν
1169 688 1377 760 εἰδήσει
1399 686 1597 758 πικρὸν
1620 683 1957 756 θηρώμενοι,

333 780 440 834 καὶ
474 780 578 850 τὴν
607 780 838 853 λογικὴν
865 780 1125 853 λατρείαν
1153 779 1537 842 ἐπιτελοῦντες
1566 776 1723 848 Θεῷ;
1752 795 1771 828 ι
1800 776 1963 830 Πᾶσα

337 870 450 942 μὲν
485 873 604 942 γὰρ
637 872 804 943 σοφία-
846 873 1002 946 παρὰ
1042 873 1288 944 Κυρίου,
1322 889 1342 926 ι
1373 871 1523 928 κατὰ
1545 869 1608 926 τὸ
1636 865 1962 940 γεγραμμέ-

336 981 458 1018 νον.
506 965 654 1020 Ἀλλ’
684 968 743 1021 ἐν
785 967 1061 1040 πνεύματι
1093 949 1382 1039 κοσμικῷ,
1411 966 1540 1030 τοὺς
1569 965 1702 1036 παρ’
1735 964 1962 1034 Ἕλλησι

337 1059 587 1130 ποιητὰς
617 1061 714 1114 καὶ
745 1061 1125 1134 λογογράφους
1152 1064 1232 1125 είς
1265 1061 1428 1118 τοῦτο
1448 1059 1832 1132 λαμπρότητος
1861 1056 1964 1126 τῆς

342 1153 476 1206 κατ’
507 1154 852 1224 εῦγλωττίαν
891 1156 1188 1226 ἀφικέσθαι
1226 1156 1434 1227 φαμέν.
1463 1154 1578 1214 Καὶ
1605 1152 1738 1223 γοῦν
1771 1153 1800 1205 ὁ
1839 1150 1964 1205 θεσο

342 1245 547 1310 πέσιος
583 1247 803 1312 Παῦλος
826 1264 838 1277 ·
875 1267 896 1300 ‹
937 1249 1013 1302 Οὐ
1043 1247 1106 1304 τὸ
1135 1248 1355 1320 πνεῦμα
1382 1288 1397 1313 ,
1439 1248 1594 1319 φησὶ,
1619 1246 1716 1300 τοῦ
1752 1245 1962 1313 κόσμου

340 1339 547 1393 τούτου
591 1340 883 1412 ἐλάϐομεν,
916 1340 1054 1396 ἀλλά
1099 1340 1161 1402 τὸ
1205 1340 1424 1413 πνεῦμα
1465 1341 1527 1394 τὸ
1567 1341 1632 1393 ὲκ
1666 1337 1803 1392 Θεοῦ
1827 1378 1842 1402 ,
1878 1324 1965 1391 ἵνα

343 1435 558 1504 ἴδωμεν
604 1437 676 1490 τὰ
720 1437 830 1490 ὑπὸ
864 1436 962 1490 τοῦ
999 1434 1137 1490 Θεοῦ
1186 1435 1523 1509 χαρισθέντα
1570 1436 1741 1504 ἡμῖν·
1792 1431 1829 1486 ἀ
1870 1431 1965 1485 καὶ

339 1530 769 1602 λαλοῦμεν,ὀύκ
790 1532 850 1585 ἐν
872 1531 1143 1595 διδακτοῖς
1165 1531 1360 1600 σοφίας
1380 1529 1732 1598 ἀνθρωπίνης
1758 1526 1964 1593 λόγοις.

339 1624 464 1678 ἀλλ’
494 1626 556 1681 ἐν
593 1624 868 1693 ἀποδείξει
899 1624 1234 1697 πνεύματος.
1271 1645 1292 1678 ι
1332 1625 1454 1679 Ὅτι
1487 1623 1544 1677 δὲ
1579 1618 1649 1694 ῆν
1688 1618 1908 1692 ἀληθῶς
1929 1618 1965 1678 ῥ

339 1715 563 1786 Μωσῆς
601 1717 660 1768 ἐν
703 1719 886 1781 σκιαῖς
939 1715 1054 1783 ἐτι,
1092 1715 1162 1770 τά
1213 1715 1475 1786 ἐξαίρετα
1527 1713 1631 1783 τῆς
1669 1713 1727 1766 ἐν
1771 1711 1966 1780 κόσμῳ

340 1805 502 1878 ζωῆς
532 1809 636 1862 οὐκ
660 1808 948 1878 ἀπόὸλητα
970 1805 1302 1879 γενήσεσθαι
1331 1805 1511 1875 λέγων
1536 1803 1615 1875 τῷ
1643 1801 1785 1858 κατὰ
1804 1797 1966 1872 φύσιν

2067 587 2164 657 qui
2201 585 2484 656 sapientiae
2516 583 2809 638 mundanae
2839 582 3010 639 armis
3049 588 3149 652 pro
3210 580 3382 636 sacris
3434 581 3668 638 divinis-

2068 695 2178 750 que
2215 679 2424 733 nostris
2455 677 2726 748 dogmatis
2753 683 2988 740 certant,
3025 687 3083 730 et
3121 675 3382 730 dictionis
3413 676 3672 746 splendo—

2071 786 2190 827 rem
2218 772 2576 842 eonjunctum
2603 785 2730 824 cum
2756 769 3002 824 scientia:
3029 769 3335 825 acrimonia
3366 779 3670 837 sectantur,

2070 881 2134 920 ac
2191 865 2306 920 Deo
2355 863 2623 917 rationale
2691 862 3020 932 obsequium
3067 863 3374 918 exhibent?
3407 861 3672 929 Quamvis

2069 957 2220 1012 cnim
2261 974 2281 1006 ι
2314 955 2496 1010 omnis
2561 953 2830 1023 sapientia
2890 970 2921 1008 a
2977 944 3232 1020 Domino,
3257 955 3301 986 ²⁷
3340 973 3358 1005 ι
3423 964 3482 1009 ut
3533 955 3671 1010 scri-

2070 1060 2228 1121 ptum
2285 1057 2390 1114 est,
2451 1058 2634 1103 tamen
2694 1055 2888 1118 poetas
2951 1048 3239 1118 gentilium
3315 1058 3481 1120 atque
3530 1051 3674 1104 scrin

2071 1150 2261 1211 ptores
2289 1140 2570 1195 mundano
2603 1138 2802 1209 spiritu
2831 1138 2905 1191 ad
2945 1154 3070 1191 eum
3108 1139 3438 1208 eloquentia:
3485 1141 3661 1210 splen-

2072 1234 2264 1306 dorem
2307 1233 2626 1303 pervenisse
2659 1231 2937 1298 dicimus;
2983 1231 3168 1302 itaque
3208 1232 3404 1287 beatus
3447 1235 3672 1300 Paulus,

2081 1346 2098 1380 ‹
2144 1319 2267 1383 Non
2297 1326 2561 1397 spiritum
2597 1345 2644 1391 ι,
2685 1325 2885 1395 inquit,
2931 1345 2949 1376 ‹
2982 1328 3174 1381 mundi
3234 1328 3401 1398 hujus
3454 1331 3675 1400 accepi-

2074 1437 2219 1486 mus,
2256 1422 2353 1476 sed
2384 1420 2643 1491 spiritum
2669 1421 2765 1492 qui
2789 1436 2857 1474 ex
2895 1422 3009 1475 Deo
3041 1431 3144 1486 est,
3185 1431 3237 1476 ut
3271 1424 3508 1479 sciamus
3555 1442 3678 1495 quae

2064 1530 2105 1570 -ιι
2144 1517 2256 1570 Deo
2291 1514 2495 1569 donata
2527 1522 2658 1568 sunt
2689 1513 2888 1580 nobis;
2931 1531 3052 1584 quae
3084 1526 3140 1570 et
3172 1517 3455 1586 loquimur
3482 1535 3591 1572 non
3619 1519 3676 1574 in

2074 1607 2540 1679 persuasibilibns
2574 1607 2830 1663 humana:
2886 1609 3169 1678 sapientiae
3224 1610 3428 1675 verbis,
3475 1611 3569 1665 sed
3621 1613 3679 1666 in

2074 1703 2390 1758 ostensione
2411 1702 2642 1773 spiritus
2666 1703 2732 1756 ’⁸.
2768 1723 2786 1754 ι
2820 1701 2977 1769 Quod
3005 1718 3135 1756 vero
3168 1704 3396 1776 Moyses,
3426 1704 3555 1760 licet
3578 1706 3680 1760 ad-

2069 1798 2351 1861 ‘umbr'ate,
2376 1812 2504 1850 vere
2535 1805 2716 1852 tamen
2744 1797 2911 1861 dicat,
2934 1809 3058 1866 qua:
3086 1797 3137 1851 in
3170 1798 3282 1853 vita
3304 1798 3407 1853 hac
3430 1799 3681 1855 sazeulari

340 1897 470 1968 θεῷ
493 1939 508 1962 ,
561 1899 916 1970 παραχρῆμα
959 1898 1237 1951 δείκνυσιν
1272 1894 1525 1966 ἐναργῶς
1549 1935 1563 1958 ,
1600 1893 1742 1964 πλὴν
1784 1892 1860 1955 ὡς
1903 1892 1964 1944 ὲν

2084 1893 2349 1962 παιεὶρυιι
2391 1891 2688 1954 habentur,
2722 1896 2786 1944 ea
2828 1891 3056 1945 minime
3079 1900 3117 1946 ’a
3151 1894 3264 1948 Deo
3292 1911 3426 1950 vero
3470 1897 3678 1966 reSpui,

338 1990 509 2061 ’τύπῳ
539 1990 638 2043 καὶ
678 1992 831 2062 σκιᾷι
877 1991 1014 2044 Θεοῦ
1046 1991 1156 2062 γὰρ
1197 1989 1630 2061 προστάττοντος
1678 1984 1966 2041 σκυλεύειν

338 2084 477 2148 τοὺς
508 2084 875 2152 Αἰγυπτίους,
913 2085 1094 2155 χρυσᾶ
1122 2101 1184 2138 τε
1215 2084 1310 2139 καὶ
1341 2083 1563 2156 ἀργυρᾶ
1607 2080 1777 2153 σκεύη
1827 2081 1965 2151 χρή-

340 2176 553 2232 σασθαι
585 2177 700 2230 δεῖν
730 2176 938 2247 ἔφασκε
961 2219 975 2242 ,
1010 2176 1165 2248 παρά
1200 2194 1260 2230 τε
1295 2177 1564 2246 συσκήνου
1589 2175 1681 2232 κα).
1705 2173 1966 2243 γείτονος,

337 2269 370 2321 ὃ
399 2267 471 2340 δὴ
507 2269 608 2322 καὶ
643 2267 970 2340 περαίνεται
995 2268 1084 2322 διὰ
1115 2268 1414 2337 γυναικῶν.
1449 2266 1700 2338 Ψίθυρον
1734 2264 1844 2336 γὰρ
1880 2262 1968 2319 ἀεί

341 2361 469 2425 πώς
510 2362 634 2414 ὲστι
662 2361 724 2415 τὸ
758 2360 954 2433 χρῆμα
984 2361 1080 2416 καὶ
1125 2360 1480 2426 λαλίστατον,
1517 2359 1612 2412 καὶ
1648 2357 1790 2430 πρὸς
1823 2357 1970 2412 ἀπά-

340 2463 447 2526 την
481 2455 819 2526 εὐμήχανον.
846 2455 1027 2525 Σκεύη
1056 2455 1112 2509 δὲ
1145 2449 1303 2525 οἶμαι
1330 2454 1508 2526 χρυσᾶ
1543 2469 1604 2505 τε
1631 2450 1729 2504 καὶ
1751 2450 1971 2522 ἀργυρᾶ

344 2548 507 2619 παρά
535 2547 652 2601 τῶν
679 2547 1000 2618 Αἰγυπτίων
1030 2549 1116 2620 εἴη
1150 2547 1242 2610 ἂν,
1283 2547 1538 2617 καθάπερ
1570 2543 1776 2616 ἀρτίως
1806 2542 1967 2611 ἔφην,

337 2641 417 2696 τά
441 2636 529 2705 οἷς
555 2637 626 2713 ἦν
647 2641 796 2705 εἰκὸς
823 2640 1337 2712 κατασεμνύνεσθαι
1359 2639 1467 2693 τῶν
1491 2640 1550 2692 ἐν
1580 2637 1772 2708 κόσμῳ
1791 2636 1969 2700 τινὰς,

344 2735 396 2786 εἰ
430 2734 536 2786 καὶ
581 2731 718 2786 Θεὸν
766 2732 998 2805 εἰδησαν
1027 2733 1120 2787 τὸν
1152 2731 1429 2804 ἀληθινόν.
1483 2731 1640 2784 ΙἘστι
1679 2729 1736 2783 δὲ
1763 2729 1791 2782 ὃ
1827 2717 1970 2800 φημι

342 2825 561 2879 τοιόνδε
601 2842 656 2879 τι
703 2825 889 2879 πάλιν.
923 2824 1096 2879 Κοινά
1134 2828 1236 2896 μὲν
1273 2824 1382 2897 γὰρ
1416 2824 1621 2878 ἅπασιν
1658 2821 1972 2895 ἀνθρώποις
2005 2821 2012 2828 ’

343 2921 419 2972 τι
466 2919 565 2974 νοῦ
616 2936 678 2972 τε
725 2921 824 2975 καὶ
856 2919 1039 2992 ψυχῆς
1092 2920 1408 2991 κινήματα,
1457 2918 1552 2972 καὶ
1602 2919 1636 2989 ἡ
1690 2917 1827 2989 πρὸς
1863 2917 1974 2969 πᾶν

346 3012 538 3066 ὁτιοῦν
569 2995 959 3085 ἐπιτηδειότης
992 3011 1203 3082 ἀγαθοῦ
1225 3030 1284 3065 τε
1321 3011 1416 3065 καὶ
1446 3008 1709 3082 πονηροῦ.
1753 3008 1893 3062 Ἀλλ’
1923 3009 1975 3061 οί

351 3106 459 3177 μὲν
491 3109 609 3170 τοῖς
641 3105 744 3184 τῆς
779 3095 999 3176 φύσεως
1031 3105 1506 3177 πλεονεκτήμασιν
1532 3101 1976 3174 ἀποκεχρημένοι

349 3199 546 3264 καλῶς
569 3242 586 3266 ,
622 3199 718 3253 τὸν
757 3199 962 3253 εὐκλεᾶ
997 3200 1098 3252 καὶ
1146 3198 1428 3270 ἐξαίρετον
1479 3195 1807 3267 κατορθοῦσι
1837 3193 1971 3263 βίον.

2071 1985 2339 2041 continuo
2375 1984 2667 2039 evidenter
2717 1985 2982 2050 ostendit,
3025 1987 3078 2040 in
3117 1987 3289 2058 ﬁgura
3325 1990 3592 2046 duntaxat
3624 1999 3682 2047 et

2072 2081 2291 2136 umbra.
2320 2068 2418 2134 Dei
2458 2093 2698 2148 namque
2729 2079 2909 2148 jussu,
2944 2077 3230 2151 [Egyptios
3273 2084 3530 2152 spoliare,
3577 2101 3680 2140 au-'

2071 2190 2276 2244 reaque
2309 2184 2365 2228 et
2400 2181 2658 2243 argentea
2705 2177 2834 2226 vasa
2879 2182 3074 2228 mutuo
3122 2175 3374 2244 accipere
3424 2181 3682 2247 epor't’ere

2071 2269 2208 2324 dicit
2238 2270 2678 2327 aeontubernali
2717 2267 2882 2325 simul
2933 2279 3098 2342 atque
3137 2271 3341 2326 vicino.
3393 2271 3551 2337 Quod
3595 2272 3683 2343 ip-

2076 2376 2197 2415 sum
2221 2376 2322 2430 per
2350 2362 2614 2418 mulieres
2640 2365 2947 2434 perfectum
2969 2371 3087 2430 est;
3125 2364 3497 2418 susurra-timui
3520 2380 3682 2419 trama

2073 2453 2264 2524 queis
2301 2470 2468 2510 sexus
2509 2464 2595 2510 est
2625 2465 2682 2511 et
2729 2455 3054 2526 loquacitati
3105 2455 3448 2525 aptissimus,
3499 2464 3556 2511 et
3613 2451 3685 2512 ad

2073 2547 2370 2601 struendas
2406 2546 2629 2603 fraudes
2669 2548 3008 2619 ingeniosus.
3047 2548 3187 2604 Vasa
3218 2563 3385 2618 porro
3423 2555 3590 2604 aurea
3629 2548 3688 2606 et

2075 2648 2338 2712 argentea
2376 2650 2570 2698 mutuo
2603 2643 2671 2697 ab
2704 2629 2976 2715 [Egyptiis
3002 2650 3222 2712 sumpta
3261 2649 3410 2708 sunt,
3455 2652 3518 2698 ut
3560 2643 3684 2713 opi-

2075 2748 2200 2798 nor,
2233 2747 2300 2787 ac
2335 2733 2501 2788 modo
2528 2733 2663 2799 dixi,
2699 2733 2769 2789 de
2811 2733 3018 2804 quibus
3056 2749 3279 2804 atqunm
3316 2742 3466 2789 esset
3513 2750 3687 2804 quos—

2077 2825 2205 2882 dam
2255 2825 2353 2896 qui
2406 2826 2463 2880 in
2513 2827 2715 2881 sieCulo
2747 2833 2879 2881 sunt
2925 2827 3170 2898 gloriari,
3213 2827 3258 2882 si
3310 2827 3481 2900 iidem
3512 2828 3687 2882 Deum

2075 2927 2300 2988 Quoque
2322 2934 2518 2973 verum
2548 2928 2928 2990 agnoscerent.
2977 2919 3075 2974 Est
3101 2928 3285 2975 autem
3312 2906 3366 2974 id
3391 2921 3539 2990 quod
3563 2920 3690 2977 dico

2078 3028 2274 3067 rursus
2308 3013 2718 3083 hujuscemodi.
2752 3013 3092 3068 Communes
3131 3023 3262 3068 sunt
3289 3014 3553 3069 omnibus
3583 3014 3688 3069 ho-

2078 3105 2326 3161 minibus
2359 3105 2562 3160 mentis
2597 3113 2762 3176 atque
2796 3106 2997 3162 animae
3026 3110 3231 3170 motus,
3271 3115 3328 3161 et
3377 3115 3567 3177 aptum
3617 3096 3689 3162 ad

2080 3198 2268 3253 omnia
2307 3198 2592 3268 ingenium
2629 3205 2744 3252 tum
2787 3198 2854 3252 ad
2888 3199 3118 3263 bonum,
3165 3206 3279 3253 tum
3332 3199 3404 3254 ad
3459 3201 3687 3255 malum.

347 3293 426 3346 Οἵ
452 3308 520 3360 γε
553 3291 666 3362 μὴν
695 3292 782 3361 ἐφ’
811 3289 847 3344 ἃ
882 3290 958 3361 μὴ
1010 3289 1292 3361 προσῆκεν
1321 3286 1663 3358 ἀνοητότατα
1693 3284 1976 3356 παρατρέ-

2084 3285 2192 3342 Sed
2219 3287 2317 3358 qui
2350 3295 2565 3344 natura:
2592 3278 3077 3358 praestantiorib'ns
3103 3288 3264 3344 donis
3311 3298 3463 3343 recte
3516 3298 3689 3345 utun—
3733 3356 3751 3362 κ

353 3399 596 3447 παντες,
627 3380 1112 3453 παρασημαίνουσί
1142 3397 1260 3442 πως
1293 3377 1364 3432 τὰ
1405 3378 1505 3448 τῆς
1539 3375 1756 3445 φύσεως
1795 3369 1978 3443 ἀγαθὰ

353 3476 452 3530 καὶ
477 3475 582 3548 τῆν
615 3474 703 3528 ἐπ’
737 3472 1043 3545 αἰσχίστοις
1079 3471 1215 3526 ἱέναι
1241 3470 1451 3544 τρίϐον.
1499 3469 1748 3541 Ἀνδρεία
1777 3487 1839 3522 τε
1867 3468 1978 3541 γὰρ

355 3569 459 3624 καὶ
510 3560 780 3640 φρόνησις
830 3565 973 3620 καλά
1022 3565 1124 3638 μὲν
1170 3566 1284 3628 τοῖς
1339 3564 1540 3635 ἄριστα
1587 3561 1978 3634 κεχρημένοις,

355 3661 642 3732 ἐπιζήμια
673 3659 732 3713 δὲ
765 3660 878 3723 τοῖς
904 3658 1007 3712 οὐκ
1031 3657 1252 3730 ἔχουσιν
1283 3655 1463 3726 ὀρθῶς
1483 3673 1498 3684 ·
1529 3655 1708 3722 ἔξεστι
1741 3654 1842 3725 μὲν
1871 3657 1981 3726 γὰρ

357 3754 722 3828 ἀνδρίζεσθαι
773 3753 871 3807 καὶ
921 3754 1144 3824 φρονεῖν
1183 3751 1286 3805 σὺν
1331 3749 1538 3819 ἐπαίνῳ
1592 3749 1686 3802 καὶ
1732 3749 1978 3820 κρότοις·

361 3848 550 3914 ἔξεστι
579 3847 639 3900 δὲ
665 3841 734 3901 αὖ
757 3847 857 3900 σὺν
888 3845 1058 3916 πολλῇ
1090 3844 1155 3916 δὴ
1182 3843 1358 3897 ταῦτα
1389 3841 1691 3913 κεκτῆσθαι
1714 3841 1980 3913 καταϐοῇ.

362 3945 546 3998 Ταυτὶ
571 3941 642 4014 δὴ
667 3940 828 3996 κοινά
852 3939 950 3994 καὶ
976 3939 1036 3993 ὲν
1063 3937 1392 4002 πᾶσίνιὲστι,
1419 3936 1514 3989 καὶ
1532 3936 1592 3989 ὲν
1615 3937 1727 3999 τοῖς
1749 3933 1830 3989 ἔτι
1850 3934 1984 3989 πλα-

363 4037 666 4109 νωμένοις,
700 4035 796 4088 καὶ
822 4034 881 4086 ὲν
907 4035 1024 4098 τοῖς
1052 4031 1219 4086 εἰδόσι
1243 4029 1400 4086 Θεόν.
1425 4029 1557 4083 Ὅτε
1587 4026 1721 4098 γοῦν
1752 4029 1787 4100 ἡ
1819 4027 1985 4081 πάλαι

364 4130 718 4202 φαυλότητος
739 4127 969 4199 ἐργάτις
995 4123 1243 4197 ἀνδρεία,
1266 4123 1364 4178 καὶ
1386 4122 1445 4176 τὸ
1470 4123 1529 4175 ὲν
1550 4121 1763 4174 συνέσει
1788 4119 1988 4192 πικρὸν

374 4223 823 4296 μετατρέποιντο
857 4214 997 4292 πρδς
1031 4217 1191 4290 ἡμῶν
1237 4218 1320 4280 είς
1363 4215 1424 4269 τὸ
1472 4213 1666 4269 δοκοῦν
1705 4212 1783 4284 τῷ
1830 4212 1985 4284 Θεῷ,

374 4316 672 4388 μονονουχὶ
714 4315 812 4368 καὶ
843 4313 906 4378 ἐξ
943 4308 1266 4381 Αἰγυπτίων
1307 4308 1617 4380 ληφθέντα,
1655 4308 1749 4361 καὶ
1772 4308 1845 4360 ὲκ
1889 4310 1989 4379 τῆς

370 4414 432 4464 ὲν
461 4410 664 4480 κόσμῳ
691 4407 840 4479 ζωῆς
861 4446 878 4472 ,
914 4405 1038 4477 ίερά
1064 4421 1123 4457 τε
1167 4403 1263 4458 καὶ
1289 4401 1666 4472 εύπρόώεκτα
1700 4400 1990 4472 γενήσεται

369 4505 452 4576 τῷ
476 4502 604 4574 Θεῷ
626 4519 642 4533 ο
676 4499 1145 4573 μεταρυθμίζεται
1175 4496 1284 4569 γάρ
1311 4496 1392 4560 είς
1414 4494 1620 4566 ἀρετῆς
1649 4492 1862 4564 χρείαν,
1897 4493 1992 4545 καὶ

374 4595 689 4668 ὑπουργίαν
711 4589 1013 4663 ἀγιαςμοῦ,
1041 4589 1295 4661 καθάπερ
1323 4587 1517 4659 ἀμέλει
1537 4587 1607 4640 τὰ
1628 4586 1688 4653 ἐξ
1713 4586 1990 4656 Αἰγύπτου

375 4690 556 4758 σκεύη
598 4688 781 4759 χρυσᾶ
808 4703 870 4739 τε
889 4685 985 4738 καὶ
1005 4684 1226 4758 ἀργυρᾶ
1261 4682 1399 4754 πρὸς
1423 4682 1777 4752 κατασκευήν
1810 4698 1870 4734 τε
1898 4679 1992 4732 καὶ

375 4781 742 4851 ἀποτέλεσμα
771 4780 872 4851 τῆς
911 4779 1074 4847 ἁγίας
1129 4777 1337 4847 σκηνῆς
1384 4773 1668 4845 ἀνεδείχθη
1720 4774 1990 4845 χρήσιμα.

379 4875 545 4932 Μετά
561 4875 622 4928 δὲ
650 4874 714 4926 τὸ
739 4871 1037 4927 σκυλεῦσαι
1053 4870 1180 4934 τοὺς
1203 4868 1555 4938 Αἰγυπτίους,
1585 4866 1810 4921 καὶτῶν
1842 4883 1996 4937 πρω-

379 4973 626 5028 τοτόκων
643 4969 738 5024 τὸν
756 4968 1012 5030 θάνατον,
1035 4965 1404 5036 λελύτρωνται
1428 4961 1581 5032 μόλις
1601 4960 1652 5012 οἱ
1669 4958 1726 5026 ἐξ
1753 4958 1994 5030 Ἰσραὴλ,

383 5065 804 5126 καταθύσαντες
833 5061 922 5114 τὸν
949 5061 1121 5132 ἀμνὸν
1153 5061 1233 5124 είς
1264 5056 1436 5111 τύπον
1477 5051 1722 5128 Χριστοῦ
1744 5069 1756 5082 ο
1789 5047 1857 5123 ἦν
1886 5051 1994 5124 γὰρ

382 5165 491 5235 οὐχ
520 5161 729 5232 ἑτέρως
753 5157 1022 5214 δύνασθαι
1045 5155 1140 5210 τοῦ
1157 5153 1368 5210 τοιοῦδε
1388 5154 1596 5223 τυχεῖν,
1623 5149 1858 5221 ἐπείπερ
1881 5149 1996 5202 ἐστὶ

387 5258 547 5309 πᾶσα
574 5253 848 5324 λύτρωσις
879 5252 936 5304 ἐν
973 5247 1199 5319 Χριστῷ
1219 5289 1234 5311 ,
1265 5247 1360 5300 καὶ
1383 5245 1450 5297 δι’
1479 5240 1646 5296 αὑτοῦ
1677 5243 1828 5296 πᾶσα
1852 5240 1999 5304 δόσις

387 5348 604 5420 ἀγαθή.
645 5345 1059 5416 Ἑκπὲμπονται
1083 5341 1140 5395 δὲ
1159 5341 1262 5412 τῆς
1292 5337 1628 5414 Αἰγυπτίων,
1655 5334 1799 5389 κατά
1827 5334 2000 5405 μέσην

388 5442 572 5496 νύκτα
592 5479 606 5504 ,
633 5436 919 5510 μονονουχὶ
942 5433 1168 5497 σκότους
1195 5449 1255 5485 τε
1279 5428 1416 5501 ὁμοῦ
1441 5429 1535 5482 καὶ
1555 5426 1798 5490 δουλείας
1817 5425 2000 5487 ἀπαλ-

389 5535 740 5605 λαττόμενοι.
796 5531 886 5584 Ἐν
910 5529 1020 5600 γάρ
1041 5544 1126 5581 τοι
1160 5525 1338 5596 σκότῳ
1375 5521 1453 5594 τῷ
1476 5520 1675 5593 νοητῷ,
1697 5519 1793 5573 καὶ
1813 5521 1913 5573 οὐκ
1942 5520 2000 5571 ὲν

392 5630 541 5700 φωτὶ
561 5625 644 5697 τῷ
671 5625 830 5696 θείῳ,
863 5622 928 5676 τὸ
955 5620 1142 5676 δοῦλον
1165 5621 1243 5682 είς
1279 5615 1557 5688 ἁμαρτίαν
1591 5613 1678 5668 ἀεί
1712 5629 1831 5676 πως
1859 5606 1999 5665 εἶναι

394 5725 570 5797 φιλεῖ.
623 5741 642 5774 ‹
684 5722 799 5784 Πᾶς
839 5719 949 5790 γὰρ
981 5718 1010 5770 ὁ
1055 5715 1127 5769 τὰ
1173 5711 1354 5783 φαῦλα
1401 5710 1666 5782 πράσσων
1695 5749 1708 5774 ,
1748 5708 1898 5778 μισεί
1938 5706 2000 5758 τὸ

494 5905 537 5935 ³⁷
562 5900 790 5960 Ere-lit.
828 5899 878 5952 1.
956 5897 1000 5927 ’⁸
1032 5895 1052 5949 l
1083 5893 1208 5948 Cor.
1233 5908 1291 5953 ιι,
1329 5889 1414 5943 l2.
1493 5887 1732 5949 "Jac.1,
1779 5885 1866 5938 i7.

2083 3385 2196 3444 tur,
2243 3379 2564 3449 prmclaram
2610 3387 2777 3449 atque
2832 3379 3110 3451 egregiam
3149 3379 3318 3434 vitam
3365 3389 3540 3451 agunt
3587 3386 3693 3436 :at

2083 3473 2180 3544 qui
2222 3473 2342 3528 haec
2402 3473 2471 3528 ad
2527 3489 2592 3528 ea
2641 3489 2766 3543 quae
2818 3473 3048 3527 minime
3089 3471 3308 3542 oportet
3367 3472 3692 3529 stultissime

2083 3565 2439 3636 detorquent,
2483 3565 2734 3620 indicant
2777 3564 3014 3634 quodam
3067 3564 3232 3618 modo
3278 3569 3492 3620 natura
3549 3565 3694 3621 bona

2082 3653 2251 3709 etiam
2283 3653 2352 3708 ad
2387 3669 2473 3708 res
2501 3651 2857 3725 turpissimas
2892 3653 3180 3708 transferri
3217 3669 3400 3724 posse.
3443 3656 3690 3711 Fortitu-

2086 3746 2159 3802 do
2199 3747 2348 3801 enim
2388 3755 2443 3802 et
2488 3747 2805 3817 prudentia,
2839 3746 3102 3816 prtecl‘ara
3146 3746 3276 3802 sunt
3318 3748 3415 3804 illa
3467 3749 3694 3819 quidem

2087 3839 2296 3909 optime
2341 3839 2650 3903 utentibus,
2687 3839 2882 3894 eadem
2936 3851 3130 3893 rursus
3179 3854 3289 3893 non
3328 3848 3477 3895 recte
3515 3841 3695 3910 possi-

2089 3932 2354 3989 dentibus
2381 3933 2580 3988 noxia:
2618 3933 2892 4003 contingit
2921 3933 3071 3987 enim
3111 3933 3331 3988 fortiter
3356 3949 3419 3988 ac
3451 3934 3697 4003 pruden-

2092 4030 2178 4079 ter
2211 4039 2270 4081 se
2311 4039 2507 4093 gerere
2550 4039 2679 4078 cum
2729 4023 2992 4078 laudibus
3040 4039 3106 4078 ac
3155 4024 3373 4093 plausu,
3425 4025 3701 4095 contingit

2088 4116 2227 4174 item
2267 4117 2385 4172 hanc
2433 4115 2628 4171 eadem
2678 4131 2805 4171 cum
2861 4130 3060 4186 magno
3111 4116 3361 4169 omnium
3423 4115 3698 4170 dedecore

2092 4209 2396 4280 possidere.
2464 4208 2594 4264 Haec
2673 4214 2858 4261 autem
2912 4207 3230 4260 communia
3279 4213 3444 4271 sunt,
3515 4215 3573 4261 et
3641 4207 3700 4262 in

2092 4301 2204 4374 46
2239 4301 2520 4364 omnibus,
2554 4307 2666 4354 tam
2700 4299 2756 4353 in
2797 4299 2865 4353 iis
2892 4297 2987 4368 qui
3012 4297 3197 4353 adhuc
3234 4299 3290 4352 in
3330 4315 3522 4353 errore
3571 4316 3698 4354 ver-

2094 4404 2308 4460 santur,
2340 4407 2507 4464 quam
2534 4392 2590 4447 in
2611 4392 2680 4446 iis
2706 4392 2800 4463 qui
2823 4392 3000 4446 Deum
3031 4400 3397 4461 agnoverunt.
3423 4392 3560 4447 Cum
3594 4393 3699 4464 igi-

2096 4498 2188 4546 tur
2217 4486 2510 4551 fortitudo,
2545 4500 2668 4556 quae
2696 4483 2850 4555 prius
2875 4483 3138 4554 nequitia:
3173 4481 3350 4537 fuerat
3390 4482 3608 4548 artifex,
3643 4492 3705 4540 et

2099 4581 2235 4638 illud
2279 4595 2514 4636 acumen
2584 4574 2963 4646 intelligentia:
2994 4574 3064 4629 ab
3104 4573 3372 4645 Aigyptiis
3425 4574 3706 4643 quodam-

2100 4675 2267 4732 modo
2297 4682 2354 4729 et
2379 4689 2410 4728 a
2449 4670 2700 4727 sazculari
2731 4669 2845 4724 vita
2877 4675 3159 4739 sumptum
3209 4667 3276 4722 ad
3329 4668 3382 4721 id
3427 4669 3704 4722 converti-

2101 4783 2246 4833 mus,
2289 4765 2438 4837 quod
2481 4765 2596 4819 Deo
2640 4769 2856 4834 gratum
2895 4769 3000 4824 est,
3051 4777 3204 4815 sacra
3241 4770 3356 4815 tum
3403 4768 3570 4814 erunt
3607 4776 3699 4814 ac-

2100 4868 2372 4930 oeptaque
2423 4857 2580 4922 Deo;
2636 4853 3050 4910 transferuntur
3124 4852 3273 4906 enim
3334 4850 3404 4905 ad
3471 4850 3704 4906 virtutis

2102 4971 2266 5011 usum
2297 4951 2718 5022 sanetitatisque
2737 4948 3151 5013 ministerium;
3190 4957 3250 5002 ut
3295 4947 3388 5001 illa
3437 4945 3699 5000 nimirum

2102 5065 2172 5104 ex
2199 5047 2433 5120 IEgypto
2456 5061 2622 5101 aurea
2655 5052 3025 5115 argenteaque
3051 5055 3179 5094 vasa
3207 5038 3276 5093 ad
3308 5036 3704 5092 exstruendum

2105 5139 2614 5214 perﬁciendumque
2648 5133 3066 5191 tabernaculum
3100 5129 3257 5185 utilia
3308 5127 3478 5182 fuisse
3518 5125 3707 5181 decla-

2108 5243 2291 5290 ratum
2325 5241 2428 5288 est.
2466 5231 2599 5287 Post
2620 5225 3074 5298 exspoliationem
3116 5223 3283 5294 igitur
3323 5219 3705 5292 [Egyptiorum

2109 5344 2174 5384 ac
2221 5334 2456 5382 mortem
2509 5320 3022 5394 primogenitorum,
3060 5317 3151 5372 vix
3196 5314 3418 5370 tandem
3486 5313 3704 5369 liberati

2111 5430 2240 5479 sunt
2266 5419 2546 5484 Israelita,
2572 5432 2696 5473 cum
2718 5430 2918 5486 agnum
2949 5414 3005 5468 in
3025 5411 3228 5468 Christi
3254 5410 3480 5482 ﬁguram
3505 5408 3704 5462 immo-

2112 5517 2351 5580 lassent;
2376 5527 2556 5584 neque
2581 5509 2731 5566 enim
2761 5507 2816 5562 id
2840 5507 3000 5561 aliter
3019 5503 3240 5574 assequi
3270 5508 3555 5574 poterant;
3581 5515 3706 5552 nam

2112 5610 2294 5666 omnis
2325 5605 2635 5678 redemptio
2659 5604 2716 5659 in
2744 5601 2970 5658 Christo
2991 5606 3100 5665 est,
3125 5614 3188 5653 ac
3215 5613 3313 5668 per
3339 5595 3520 5666 ipsum
3544 5597 3709 5644 omne

2115 5704 2304 5759 datum
2350 5699 2623 5772 optimum
2646 5699 2711 5753 ’9.
2749 5694 3092 5751 Emittuntur
3135 5700 3317 5746 autem
3370 5703 3437 5743 ex
3475 5681 3712 5760 Aigypto
