4096 6454
476 371 593 428 £07

1493 377 1564 434 S.
1592 378 1884 437 'CYRILL‘I
1921 380 2398 439 ALEXANDRINI
2434 382 2759 443 ARCHIEP.

3660 394 3773 452 ’208

486 488 595 545 sub
617 497 837 559 noctem
864 490 1125 559 mediam,
1159 494 1559 564 propemodum
1584 512 1618 553 e
1641 497 1888 556 tenebris
1915 500 2048 556 simu

2151 555 2157 572 ι
2183 503 2302 573 φῶς
2327 522 2374 573 ι,
2404 504 2550 559 κατά
2583 506 2686 579 τὴν
2709 503 2806 561 τοῦ
2826 504 3082 578 Σωτῆρος
3111 508 3318 582 φωνήν.
3357 507 3602 584 Ἀζυμον
3624 512 3683 569 δὲ
3709 515 3773 569 rb

487 595 553 636 ac
581 580 850 637 servitute
883 583 1115 654 profecti
1139 603 1155 651 ;
1182 586 1279 656 qui
1309 587 1460 642 enim
1508 590 1655 644 servi
1697 599 1828 653 sunt
1868 593 2081 663 peccati

486 689 710 745 semper
743 673 864 731 fere
904 676 1143 747 cupiunt
1165 676 1222 733 in
1254 679 1500 736 tenebris
1519 681 1906 752 spiritualibus
1926 700 2078 752 esse,

484 783 596 823 non
624 766 682 823 in
705 768 916 825 lumine
943 768 1172 826 divino:
1206 789 1225 822 ι
1248 769 1431 827 omnis
1448 771 1605 827 enim
1645 773 1743 845 qui
1772 775 1917 830 male
1943 776 2077 847 agit,

483 863 603 919 odit
632 864 813 919 lucem
837 863 904 929 ³⁸,
936 883 954 916 ι
987 871 1050 918 ιιι
1073 861 1325 920 Salvator
1338 862 1436 919 ait.
1454 862 1841 921 lni‘ermentata
1858 882 2079 938 quoque

461 956 802 1027 .conspersio
827 955 1093 1022 eﬁ‘ertur,
1136 969 1202 1011 ac
1234 955 1356 1010 sine
1401 953 1605 1010 viatico
1640 954 1877 1027 fugiunt.
1921 974 1940 1007 ι
1980 957 2079 1014 Ur-

483 1048 873 1120 gebantenim,
917 1068 935 1101 ι
960 1047 1163 1119 inquit,
1196 1066 1214 1099 ›
1243 1046 1484 1119 Εςγριίἰ
1516 1047 1801 1120 populum,
1827 1055 1890 1104 ut
1916 1047 2073 1105 festi-

480 1149 680 1196 nanter
713 1141 981 1213 cjicerent
1001 1155 1099 1196 eos
1131 1139 1201 1195 de
1238 1146 1408 1195 terra.
1432 1139 1701 1196 Dixerunt
1720 1141 1905 1196 enim:
1940 1140 2074 1198 0m-

465 1247 580 1287 .nes
624 1247 727 1288 nos
774 1230 1067 1286 morimur.
1110 1229 1261 1286 Tulit
1295 1239 1481 1286 autem
1524 1232 1763 1303 populus
1809 1247 2073 1305 consper-

464 1323 691 1380 sionem
716 1340 870 1380 suam
897 1332 1190 1396 antequam
1240 1322 1704 1381 fermentarentur
1744 1341 1937 1382 massa:
1975 1341 2072 1382 eo-

480 1433 623 1485 rum,
657 1433 796 1489 quas
838 1416 1139 1489 ligaverant
1162 1414 1218 1471 in
1260 1416 1508 1473 vestibus
1536 1416 1653 1473 suis
1684 1432 1852 1489 super
1880 1418 2076 1474 hume-

476 1525 570 1566 ros
594 1510 660 1565 ".
701 1529 719 1562 ι
752 1509 943 1581 Neque
973 1508 1145 1575 enim,
1196 1516 1260 1564 ut
1303 1510 1522 1581 opinor,
1567 1509 1774 1567 debent
1820 1512 1916 1582 qui
1957 1512 2070 1568 Deo

449 1602 854 1658 .adlizerescere
883 1601 1076 1668 velint,
1104 1603 1337 1674 ejusque
1367 1602 1798 1659 familiaritatem
1818 1604 2066 1671 inierint,

477 1695 755 1751 saacularis
802 1693 1025 1751 malitia:
1062 1692 1326 1765 reliquias
1374 1693 1542 1760 ferre,
1581 1710 1765 1766 neque
1804 1704 2070 1754 extraneo

472 1788 815 1861 profanoque
859 1788 1101 1855 viatico,
1145 1787 1418 1859 spirituali
1467 1787 1766 1856 nimirum,
1810 1790 2066 1849 instructi

2181 598 2336 661 σταῖς
2370 596 2664 670 ἐκφέρεται
2686 639 2703 664 ,
2743 599 2845 656 καὶ
2899 601 3254 673 ἐπισιτισμοῦ
3303 602 3428 674 δίχα
3483 605 3767 676 φεύγουσι.

2183 706 2202 740 ι
2234 687 2638 755 Κατεσιάζοντο
2674 690 2785 763 γάρ
2805 730 2821 756 ,
2865 692 3069 766 φησὶν,
3103 694 3154 747 οῖ
3185 692 3477 764 Αἰγύπτιοι
3497 697 3590 753 τὸν
3615 696 3770 765 λαὸν,

2181 781 2382 855 σπουδῇ
2412 782 2663 838 ἐκϐαλεῖν
2686 785 2890 850 αὐτοὺς
2913 785 3026 841 ἀπὸ
3052 787 3155 859 τῆς
3175 786 3305 858 γῆς.
3333 781 3514 844 Εἶπαν
3546 792 3660 863 γάρ
3686 789 3771 845 ὅτι

2176 871 2383 938 πάντες
2408 874 2575 946 ἡμεῖς
2608 875 3056 948 ἀποθνήσκομεν.
3090 876 3351 932 ’Δνέλασε
3374 878 3432 933 δέ
3458 879 3488 933 ό
3520 878 3650 945 λαὸς
3671 881 3773 935 καὶ

2173 965 2236 1020 τὸ
2280 970 2437 1032 σταῖς
2461 968 2647 1024 αὐτῶν
2695 968 2804 1042 πρὸ
2850 969 2947 1025 τοῦ
2985 969 3309 1043 ζυμωθῆναι
3342 971 3426 1027 τὰ
3454 972 3771 1046 ’φυράματα

2152 1056 2375 1127 αὐτῶν,
2401 1057 2474 1113 τὰ
2492 1059 2815 1132 ἐνδεδεμένα
2842 1060 2902 1115 ἐν
2931 1063 3047 1127 τοῖς
3071 1062 3309 1133 ἱματίοις
3338 1063 3520 1119 αὐτῶν
3541 1062 3772 1119 ἐπὶτῶν

2180 1147 2369 1218 ὤμων.
2411 1168 2431 1201 ι
2463 1150 2539 1204 Ού
2567 1151 2677 1223 γάρ
2700 1146 2862 1224 οἶμαι
2885 1153 3026 1220 δεῖν,
3059 1155 3187 1219 τοὺς
3210 1154 3289 1226 τῷ
3310 1155 3432 1227 Θεῷ
3466 1154 3770 1211 κολλᾶσθαι

2177 1239 2494 1310 μέλλοντας,
2528 1241 2839 1313 οἰκειότητά
2864 1260 2925 1298 τε
2951 1243 3091 1317 πρὸς
3122 1244 3287 1300 αὐτὸν
3307 1245 3643 1317 ᾑρημένους,
3664 1263 3770 1300 κα·-

2172 1334 2301 1398 κίας
2329 1333 2579 1405 λείψανον
2607 1335 2970 1410 ἐπιφέρεσθαι
3000 1340 3277 1412 κοσμικῆς
3297 1380 3312 1405 ,
3345 1339 3473 1393 οὔτε
3512 1339 3624 1410 μὴν
3660 1337 3764 1393 ἀλ-

2170 1424 2413 1500 λοτρίαις
2436 1444 2496 1482 τε
2519 1429 2617 1483 καὶ
2638 1430 2878 1501 ἀνιέροις
2912 1431 3299 1502 ἐφοδιάζεσθαι
3323 1435 3578 1504 τροφαῖς,
3601 1432 3765 1505 δῆλον

2171 1518 2230 1573 δέ
2267 1519 2349 1574 ὅτι
2380 1523 2499 1585 ταῖς
2526 1523 2745 1594 νοηταῖς
2770 1538 2785 1554 ·
2818 1520 3063 1594 ἀζύμους
3089 1522 3148 1577 δὲ
3179 1518 3318 1577 εἶναι
3344 1522 3520 1593 φιλεῖν
3537 1525 3759 1596 ἄρτους,

2170 1613 2232 1667 τὸ
2274 1613 2524 1685 ἐφίεσθαι
2576 1614 2764 1668 λοιπὸν
2794 1614 2891 1669 τοῦ
2932 1614 3335 1684 ζωογονοῦντος
3375 1615 3466 1670 τὸν
3513 1608 3758 1689 κόσμου’·

2170 1706 2489 1776 ἐορτάσειαν
2515 1706 2626 1777 γὰρ
2652 1707 2704 1760 oi
2734 1707 2929 1762 τοιοίδε
2963 1707 3254 1779 καθαρῶς,
3288 1707 3383 1762 καὶ
3411 1709 3512 1780 τὴν
3540 1709 3761 1781 ἀξιόλη-

2171 1815 2305 1852 πτον
2334 1798 2412 1869 τῷ
2471 1797 2594 1870 Θεῷ
2642 1798 2901 1872 λατρείαν
2949 1799 3415 1874 ἀποπεραίνοντες
3434 1840 3449 1865 ,
3481 1801 3577 1855 ὑπ’
3605 1802 3762 1873 αὐτῷ

472 1880 541 1935 ad
567 1880 673 1936 iter
696 1880 938 1952 accingi;
966 1881 1062 1936 sed
1084 1881 1261 1953 azymi
1301 1896 1367 1937 ac
1406 1880 1609 1936 sinceri
1655 1896 1800 1948 esse,
1839 1898 2048 1955 panem-

2178 1886 2402 1957 μένουσι
2428 1887 2744 1953 διαπαντός.

471 1985 579 2039 que
618 1986 746 2025 eum
788 1981 1046 2042 expetere
1107 1971 1204 2042 qui
1255 1971 1499 2028 viviﬁcat
1554 1972 1867 2029 mundum:
1924 1976 2197 2047 ejusmodi
2261 1994 2503 2050 namque
2541 1980 2798 2037 homines
2860 1995 3000 2052 pure
3055 1980 3198 2037 festa
3244 1981 3639 2049 celebrabunt,
3691 1997 3757 2038 ac

470 2062 697 2135 dignum
753 2063 867 2119 Deo
917 2064 1128 2119 cultum
1178 2064 1543 2130 exhibebunt,
1579 2080 1645 2121 ac
1685 2074 1957 2137 perpetuo
1997 2069 2055 2123 in
2093 2070 2242 2137 illius
2264 2080 2539 2143 potestate
2572 2074 2998 2144 permanebunt.

542 2160 737 2216 PALL.
770 2146 1075 2216 Conﬁcitur
1106 2175 1270 2231 ergo:
1304 2160 1626 2232 quicunque
1664 2162 1745 2217 illi
1783 2171 1914 2218 sunt
1964 2163 2063 2219 lio-

469 2251 645 2307 mines
673 2250 768 2306 Dei
800 2258 1076 2306 amatores
1105 2266 1171 2306 ac
1200 2250 1382 2322 probi,
1414 2266 1512 2306 eos
1562 2258 1819 2323 tanquam
1869 2251 1938 2308 ad
1976 2268 2063 2309 sa-

464 2359 616 2400 cram
666 2348 1024 2413 sanctamquc
1087 2350 1311 2409 terram,
1367 2342 1436 2399 ad
1484 2343 1652 2398 vitam
1694 2359 1915 2415 nempe,
1954 2345 2059 2401 sub

462 2435 670 2493 Christi
710 2435 921 2491 ditione
946 2434 1237 2507 agendam,
1272 2443 1329 2492 et
1361 2450 1393 2491 a
1420 2435 1724 2508 tyrannidis
1755 2436 1810 2515 vi
1828 2436 2057 2492 liberam

439 2528 753 2601 ,pervenire
779 2537 1058 2599 oportere,
1083 2535 1248 2598 atque
1282 2527 1617 2584 contendere
1640 2535 1702 2582 ut
1722 2527 2053 2595 sacriﬁcent,

462 2639 573 2678 non
604 2622 662 2679 in
691 2621 937 2676 hostium
967 2618 1193 2685 ﬁnibus,
1225 2618 1280 2674 id
1319 2626 1424 2685 est,
1461 2635 1574 2675 non
1608 2634 1676 2676 eo
1701 2620 1871 2676 animi
1901 2620 2057 2676 habi-

463 2722 524 2770 tu
555 2713 645 2769 cui
675 2718 898 2784 peccata
929 2712 1179 2784 placent:
1233 2719 1289 2767 et
1335 2711 1381 2767 si
1427 2728 1541 2769 non
1585 2712 1882 2768 admodum
1924 2728 2054 2785 per-

460 2806 627 2873 fecto,
649 2813 906 2877 prompto
924 2814 1109 2860 tamen
1134 2814 1297 2875 atque
1325 2805 1394 2861 ad
1421 2804 1684 2861 virtutem
1709 2813 1925 2873 erecto,
1955 2822 2053 2863 eo-

437 2915 568 2971 ..que
601 2915 819 2955 morum
848 2906 996 2956 statu
1035 2899 1131 2970 qui
1157 2898 1317 2970 longe
1347 2898 1420 2954 sit
1459 2913 1491 2954 a
1525 2898 1731 2955 diaboli
1764 2899 2053 2973 tyrannide

442 3000 743 3072 .remotus.‘

498 3085 633 3159 ,47
672 3068 831 3139 CYR.
863 3082 941 3139 Ne
968 3089 1024 3138 tu
1054 3097 1172 3139 rem
1210 3082 1372 3139 aliter
1398 3097 1458 3138 sc
1498 3082 1726 3148 habere,
1757 3097 1921 3155 quam
1945 3082 2052 3138 hoc

455 3177 645 3243 modo,
698 3175 1023 3247 suspiceris,
1045 3175 1460 3242 Palladi,'recte
1485 3177 1636 3232 enim
1665 3192 1697 3232 a
1733 3176 1898 3233 nobis
1921 3191 2052 3233 con-

452 3271 605 3326 clusa
624 3278 710 3325 est
741 3267 939 3324 oratio.
966 3268 1151 3324 Facile
1178 3277 1363 3324 autem
1392 3278 1478 3325 est
1503 3269 1549 3326 si
1582 3270 1754 3326 libeat
1787 3272 1955 3328 etiam
1992 3272 2050 3329 in

442 3361 558 3416 alia
580 3359 817 3431 imagine
845 3358 953 3415 hoc
978 3358 1124 3414 idem
1147 3359 1529 3430 contemplari.
1543 3361 1680 3417 Nam
1702 3377 1828 3418 cum
1845 3373 2050 3420 sanctae

2236 2168 2444 2222 ΠΛΛΛ.
2491 2169 2734 2241 Ἀραρεν
2760 2164 2875 2238 οὖν,
2899 2171 2983 2224 ὅτι
3004 2171 3257 2243 καθάπερ
3282 2171 3430 2235 τινὸς
3465 2171 3569 2242 γῆς
3594 2170 3757 2241 ἁγίας

2160 2275 2220 2311 τε
2246 2260 2340 2313 καὶ
2380 2261 2532 2333 ἱερᾶς
2566 2261 2854 2332 ἐφικέσθαι
2885 2262 2994 2335 χρὴ
3024 2258 3152 2328 τοὺς
3179 2263 3339 2332 οἷπερ
3364 2262 3432 2316 ἂν
3465 2257 3576 2316 εἶεν
3606 2261 3759 2332 φιλό-

2162 2350 2275 2406 θεοι
2305 2369 2366 2405 τε
2397 2353 2491 2407 καὶ
2526 2354 2744 2422 ἀγαθοὶ,
2778 2354 2878 2426 τῆς
2907 2353 3012 2410 ὑπὸ
3043 2352 3267 2426 Χριστῷ
3293 2354 3389 2408 καὶ
3419 2355 3757 2426 ἀτυραννεύ-

2158 2463 2254 2500 του
2285 2445 2428 2515 ζωῆς
2456 2461 2469 2474 ·
2507 2445 2828 2516 ἐπείγεσθαι
2865 2446 2924 2500 δέ
2964 2446 3258 2502 καταθύειν
3309 2446 3412 2500 οὐκ
3444 2448 3502 2500 ἐν
3533 2447 3600 2517 τῇ
3642 2446 3756 2500 τῶν

2158 2537 2394 2610 ἐχθρῶν,
2431 2538 2576 2592 τοῦτ’
2601 2538 2771 2607 ἔστιν,
2805 2542 2907 2595 οὐκ
2931 2540 3093 2605 ὄντας
3130 2541 3190 2593 ἐν
3220 2538 3333 2607 ἕξει
3370 2542 3439 2611 τῇ
3477 2540 3757 2611 φιλαμαρ-

2158 2632 2337 2704 τήτῳ,
2395 2631 2492 2686 καὶ
2532 2632 2635 2686 οὐκ
2678 2634 2966 2705 ἀμωμήτῳ
3012 2631 3170 2699 λίαν,
3221 2634 3280 2687 ἐν
3318 2632 3654 2705 προθυμίαις
3694 2633 3753 2687 δὲ

2160 2724 2363 2795 μᾶλλον
2400 2728 2524 2788 ταῖς
2553 2727 2635 2789 εἰς
2678 2724 2904 2797 ἀρετὴν,
2950 2726 3046 2780 καὶ
3093 2726 3151 2779 ἐν
3196 2725 3346 2796 ὴθῶν
3380 2727 3750 2796 καταστάσει,
3795 2741 3807 2756 ⁸

2154 2818 2255 2889 τῆς
2287 2816 2381 2872 τοῦ
2410 2816 2661 2872 διαϐόλου
2689 2818 3004 2891 τυραννίδος
3034 2817 3404 2890 ἐξῳκισμένῃ.
3697 2831 3706 2839 ’

2224 3067 2391 3124 ΚΥΡ.
2419 3067 2512 3139 Μὴ
2542 3067 2747 3139 ἐτέρως
2773 3066 2920 3139 ἔχειν
2947 3066 3293 3139 ὑπολάϐοιςῆ
3322 3066 3497 3133 οὕτως
3516 3061 3601 3135 ,οῶ
3622 3071 3746 3124 τᾶνο

2153 3162 2447 3234 πεποίηται
2472 3161 2583 3234 γάρ
2607 3160 2787 3234 ὀρθῶς
2818 3163 2954 3233 ἡμῖν
2979 3164 3007 3216 ὁ
3036 3160 3214 3231 λόγος.
3245 3162 3405 3233 Πάρα
3433 3161 3492 3216 δὲ
3523 3165 3572 3217 εί
3598 3162 3751 3218 δοκεῖ

2151 3254 2248 3308 καὶ
2275 3253 2345 3308 δι’
2386 3253 2582 3324 ἐτέρας
2624 3251 2788 3306 ταυτὶ
2831 3252 3059 3325 θεωρεῖν
3092 3251 3322 3316 εἰκόνος.
3371 3252 3591 3324 Ἐπειδὴ
3634 3251 3747 3325 γὰρ

2149 3344 2238 3401 διὰ
2263 3342 2362 3415 τῆς
2388 3345 2469 3408 εἰς
2492 3345 2602 3398 πᾶν
2627 3343 2809 3398 ὁτιοῦν
2832 3342 2943 3397 τῶν
2963 3343 3209 3397 ἐκτόπων
3231 3343 3546 3416 ἀποδρομῆς
3566 3361 3747 3400 κατα-

449 3451 693 3508 civitatis
721 3450 1081 3517 habitatores,
1141 3450 1470 3519 Jerusalem,
1511 3452 1757 3524 inquam,
1783 3455 2048 3527 praecipiti

2156 3436 2350 3491 λυπεῖν
2397 3435 2725 3507 ἀπετόλμων
2764 3436 2858 3491 τὸν
2900 3434 3012 3492 τῶν
3055 3436 3193 3491 ὅλων
3242 3436 3467 3509 σωτῆρα
3515 3435 3653 3491 Θεδν
3691 3437 3747 3493 οἱ
3780 3478 3783 3481 η

449 3548 510 3601 in
548 3545 735 3602 omnia
772 3546 984 3602 scelera
1025 3562 1191 3603 cursu
1222 3548 1397 3603 Deum
1429 3550 1677 3604 omnium
1712 3550 2040 3607 salvatorem

447 3636 734 3693 offendere
759 3637 1125 3704 ausiessent,
1161 3638 1217 3694 in
1246 3648 1575 3711 potestatem
1614 3640 2042 3714 Babyloniorum

440 3736 755 3787 venerunt:
779 3744 919 3801 quos
946 3729 1025 3784 illi
1048 3745 1175 3785 cum
1202 3732 1257 3787 vi
1292 3731 1573 3803 armisque
1603 3734 1901 3805 cepissent,
1916 3750 2039 3792 ser-

445 3819 568 3876 vire
593 3819 899 3893 iubebant:
930 3820 1239 3877 victoribus
1256 3822 1404 3877 enim
1434 3822 1612 3878 victos
1641 3835 1808 3879 etiam
1839 3823 2039 3881 invitos

444 3912 648 3969 cedere
673 3912 978 3971 necessitas
1016 3914 1269 3986 cogebat.
1296 3913 1436 3970 Cum
1477 3914 1665 3986 itaque
1695 3920 2036 3974 consternati

440 4001 740 4058 admodum
768 4012 977 4071 essent,
1005 4011 1318 4076 et.propter
1357 4002 1668 4076 inopinatas
1698 4006 2037 4064 calamitates

441 4094 904 4166 ingemiscerent;
934 4096 1023 4151 vel
1052 4095 1316 4168 exiguum
1336 4095 1631 4153 interdum
1657 4098 1910 4155 laborum
1947 4116 2036 4156 so—

436 4186 636 4242 latium
678 4187 1042 4258 quaerebant:
1093 4187 1150 4243 id
1196 4194 1382 4244 autem
1434 4198 1576 4257 erat,
1617 4192 1940 4265 compositis
1976 4192 2034 4248 in

437 4277 538 4335 Dei
570 4278 790 4335 laudem
829 4278 1188 4347 carminibus,
1220 4282 1509 4353 praesentis
1533 4284 1791 4341 maeroris
1810 4283 2031 4340 acerbi-

436 4376 609 4425 tatem
657 4370 855 4426 lenire.
899 4390 918 4425 ι
949 4371 1160 4427 Memor
1190 4372 1339 4428 enim
1366 4372 1446 4429 fui
1480 4373 1611 4441 Dei,
1650 4393 1669 4427 ι
1714 4375 1894 4445 inquit
1929 4374 2033 4428 Da-

434 4460 551 4527 vid,
589 4480 608 4514 ι
638 4470 695 4518 et
726 4461 1046 4530 delectatus-
1060 4480 1184 4521 sum
1200 4466 1266 4533 ⁸¹,
1286 4485 1305 4519 ›
1340 4465 1545 4538 quibus
1563 4466 1749 4521 verbis
1780 4481 2032 4537 pronun-

436 4553 595 4609 tiavit
622 4554 719 4611 Dei
738 4555 981 4611 carmina
1005 4557 1349 4629 spiritualem
1378 4572 1498 4614 esse
1514 4557 1867 4614 festivitatem
1891 4574 1905 4611 :
1929 4556 2030 4613 sed

432 4645 750 4703 volentibus
775 4649 1021 4705 carmina
1063 4649 1285 4717 dicere,
1320 4659 1377 4706 et
1413 4656 1740 4705 consuetum
1783 4647 2025 4706 oilicium

431 4739 677 4810 explere,
698 4747 861 4812 turpe
877 4743 1279 4814 propemodum
1297 4741 1617 4805 videbatur,
1643 4739 1859 4796 dulcem
1886 4740 2026 4798 adeo

2148 3529 2249 3601 τὴν
2276 3529 2442 3598 ἁγίαν
2468 3527 2747 3591 οἰκοῦντες
2774 3526 2952 3592 πόλιν,
2978 3528 3123 3601 φημὶ
3142 3527 3208 3601 δὴ
3230 3526 3743 3600 τὴν“⁹1ερουσαλὴμ,

2149 3621 2257 3677 ὑπὸ
2277 3623 2436 3692 χεῖρα
2464 3620 2726 3690 γεγόνασι
2752 3618 2860 3675 τῶν
2880 3619 3263 3684 Βαϐυλωνίων,
3285 3620 3335 3675 οῖ
3362 3621 3455 3674 καὶ
3474 3619 3743 3693 δορυκτή-

2145 3732 2273 3779 τους
2304 3714 2519 3778 ἐλόντες
2559 3712 2810 3784 θητεύειν
2842 3712 3120 3767 ἐκέλευον.
3163 3711 3351 3767 Εῖκειν
3382 3714 3493 3786 γὰρ
3531 3707 3601 3785 ἦν
3628 3715 3744 3778 τοῖς

2146 3806 2444 3881 κρατοῦσιν
2481 3807 2723 3879 ἀνάγκη,
2767 3804 2864 3860 καὶ
2904 3807 3004 3877 οὐχ
3047 3804 3274 3869 ἑκόντας
3315 3806 3533 3871 αὐτούς.
3573 3807 3641 3862 υί
3678 3806 3743 3863 δέ

2145 3903 2402 3966 ἀλύοντες
2448 3902 2607 3965 λίαν,.
2639 3900 2735 3954 καὶ
2778 3899 2876 3953 ἐπὶ
2923 3900 3048 3963 ταῖς
3084 3897 3382 3970 ,ἀδοκήτοις
3429 3900 3742 3971 συμφοραῖς

2144 3994 2623 4067 κατοιμώζοντες,
2676 3992 2784 4047 κᾶν
2830 3990 2964 4061 γοῦν
3015 3989 3274 4063 εὑρέσθαι
3326 3988 3590 4062 βραχεῖαν
3640 3988 3739 4045 τοῦ

2144 4088 2311 4145 πόνου
2372 4086 2708 4160 παραψυχὴν
2746 4083 2975 4157 ἐζήτουν
3021 4082 3134 4137 ἐσθ’
3166 4084 3279 4138 ὅτε.
3326 4082 3498 4138 Τοῦτο
3541 4083 3601 4138 δέ
3642 4078 3737 4156 ἦν,

2142 4183 2263 4246 ταῖς
2313 4181 2396 4246 είς
2442 4177 2578 4234 Θεὸν
2614 4176 2910 4250 ὑμνῳδίαις
2942 4174 3041 4246 τῆς
3086 4173 3316 4245 ἐνούσης
3348 4175 3536 4240 αὐτοῖς
3579 4175 3737 4241 ἀνίας
3838 4256 3843 4260 ἡ

2141 4271 2602 4344 ἀπαμῦλύνεσθαι
2629 4269 2693 4324 τὸ
2722 4267 2913 4341 δριμύο
2950 4287 2971 4320 ι
3007 4266 3319 4339 Ἑμνήσθην
3341 4266 3451 4339 γὰρ
3469 4264 3568 4321 τοῦ
3595 4265 3733 4321 Θεοῦ

2140 4365 2238 4420 καὶ
2252 4362 2585 4436 εὐφράνθην,
2612 4382 2631 4416 ι
2657 4365 2687 4417 ὁ
2707 4362 2849 4427 θεῖος
2869 4360 2975 4432 ἔφη
2997 4359 3185 4424 Δαόὶδ,
3203 4357 3397 4430 ἑορτὴν
3414 4358 3734 4429 ἀποφαίνων

2139 4456 2543 4529 πνευματικὴν,
2573 4455 2675 4526 τὴν
2703 4455 2786 4518 είς
2816 4452 2949 4507 Θεὸν
2991 4450 3290 4524 ὑμνῳδίαν.
3340 4449 3476 4505 Ἀλλ’
3504 4450 3732 4524 αἰσχρὸν

2138 4544 2281 4604 εἶναί
2320 4567 2439 4614 πως
2471 4547 2649 4603 ἐδόκει
2686 4549 2800 4611 τοῖς
2832 4544 3174 4617 ἀναμέλπειν
3211 4544 3496 4609 ἐθέλουσι,
3525 4542 3623 4597 καὶ
3661 4542 3731 4597 τά

2139 4641 2350 4713 συνήθη
2388 4639 2656 4714 πληροῦν,
2690 4641 2788 4712 τὴν
2818 4636 2962 4692 οὕτω
2988 4637 3248 4706 γλυκεῖαν
3285 4635 3426 4709 ἠχὴν
3467 4637 3581 4698 τοῖς
3614 4634 3729 4690 τῶν

2134 4732 2449 4802 ἀλλοφύλων
2474 4733 2608 4787 ὠσὶν
2629 4733 2833 4787 ἐνιέναι
2864 4730 3058 4802 φιλεῖν,
3087 4730 3182 4784 καὶ
3203 4729 3266 4783 τδ
3297 4730 3483 4793 αὐτοῖς
3508 4726 3727 4800 ἥδιστόν

431 4846 630 4887 sonum
661 4832 1097 4904 alienigenarum
1138 4834 1371 4890 auribus
1403 4830 1769 4897 committere,
1798 4841 1864 4887 et
1890 4847 2027 4887 sua-

2151 4844 2195 4881 ιε
2228 4827 2325 4881 καὶ
2350 4826 2723 4898 λιγυρώτατον
2760 4824 2952 4897 μέλος,
2992 4822 3157 4878 οἱονεί
3190 4840 3307 4887 πως
3340 4822 3441 4895 ἤδη
3500 4822 3597 4877 καὶ
3644 4822 3726 4885 εἰς

428 4923 720 4980 vissimum
750 4923 856 4980 sibi
886 4926 1465 4998 jucundissimumque
1498 4937 1723 4978 carmen
1755 4923 2024 4980 inaerem

431 5015 836 5085 quodammodo
873 5018 1131 5083 fundere,
1168 5014 1556 5074 deridentibus
1605 5013 1886 5071 interdum
1920 5016 2027 5072 Ba-

428 5106 686 5180 byloniis,
712 5117 770 5165 et
790 5113 1033 5182 graviter
1060 5108 1289 5163 omnino
1316 5106 1653 5163 musicorum
1685 5107 2025 5175 instrumen-

428 5211 610 5256 torum
639 5203 851 5258 cantica
884 5201 1209 5257 ferentibus.
1239 5200 1429 5270 Itaque
1467 5198 1762 5256 dicebant:
1793 5219 1810 5253 ι
1847 5200 2026 5273 Super

425 5292 651 5347 ﬁumina
692 5292 990 5363 Babylonis
1031 5290 1143 5346 illic
1181 5291 1427 5347 sedimus
1480 5301 1538 5347 et
1575 5289 1862 5357 ﬂevimus,
1887 5291 2023 5347 dum

424 5383 847 5439 recordaremur
873 5382 977 5447 tui,
1021 5381 1153 5437 Sion
1170 5383 1243 5450 3’;
1274 5401 1297 5437 θ
1329 5384 1384 5439 in
1410 5399 1517 5455 qua
1541 5385 1763 5441 civitate
1787 5400 1856 5441 ex
1887 5384 2022 5457 legis

424 5493 754 5548 morumque
808 5475 1171 5533 Judaicorum
1222 5478 1552 5549 przescripto
1599 5478 1780 5534 laudis
1840 5478 2020 5534 hostia

2126 4921 2270 4993 ἀέρα
2308 4919 2542 4992 ῥίπτειν,
2576 4916 3058 4991 καταμειδιώντων
3108 4915 3220 4970 ἐσθ’
3261 4917 3351 4971 ὅτε
3395 4914 3509 4970 τῶν
3546 4914 3725 4969 Βαϐυ-

2128 5013 2337 5068 λωνίων
2361 5051 2376 5073 ,
2411 5011 2506 5067 καὶ
2545 5011 2863 5083 ἀχθομένων
2894 5013 2974 5077 εἰς
3019 5013 3167 5066 ἅπαν
3203 5011 3324 5074 ταῖς
3357 5008 3427 5063 δι’
3472 4994 3724 5080 ὀργάνων

2125 5106 2310 5178 ᾠδαῖς.
2345 5104 2638 5177 Τοιγάρτοι
2666 5105 2764 5160 καὶ
2789 5104 3057 5174 ἔφασκον·
3100 5122 3119 5156 ι
3165 5102 3291 5157 Ἐπὶ
3318 5101 3430 5157 τῶν
3458 5102 3724 5173 ποταμῶν

2126 5197 2449 5262 Βαϐυλῶνος
2486 5199 2604 5251 ἐκεῖ
2635 5197 2973 5268 ἐκαθίσαμεν
3010 5197 3107 5251 καὶ
3144 5194 3516 5268 ἐκλαύσαμεν,
3555 5196 3613 5248 ἐν
3644 5193 3724 5265 τῷ

2127 5290 2435 5364 μνησθῆναι
2471 5291 2622 5361 ἡμᾶς
2649 5290 2749 5361 τῆς
2785 5288 2954 5343 Σιών·
2995 5306 3014 5341 ι
3058 5283 3178 5363 ἐνῇ
3213 5287 3357 5342 κατά
3395 5287 3595 5357 νόμους
3624 5287 3722 5342 καὶ

2122 5383 2223 5454 ἔθη
2250 5383 2322 5439 τὰ
2370 5382 2679 5447 Ἰουδαίων,
2728 5382 2763 5453 ἡ
2797 5379 2899 5452 τῆς
2939 5381 3198 5445 αἰνέσεως
3240 5378 3405 5435 θυσία
3452 5393 3720 5448 προσεκο-

2123 5477 2313 5549 μίζετο
2363 5476 2583 5546 χορδαῖς
2645 5475 2741 5531 καὶ
2788 5474 3045 5546 ὀργάνοις
3092 5470 3564 5546 ἐκπεραινομένη,
3622 5471 3720 5525 καὶ

422 5586 546 5626 eum
595 5570 914 5634 oﬁ'erretur,
946 5567 1150 5625 ﬁdibus
1191 5585 1255 5625 ac
1303 5570 1454 5626 tibiis
1491 5571 1880 5643 peragebatur,
1906 5586 2017 5641 quo

2151 5568 2504 5640 ςατακηλοῦσα
2541 5570 2657 5632 τοῖς
2696 5567 2883 5638 μέλεσι
2922 5569 3051 5631 τοὺς
3095 5565 3175 5638 τῷ
3221 5566 3353 5639 θείῳ
3386 5565 3715 5637 προσιόντας

422 5663 477 5716 [ἰ
502 5664 516 5719 i
540 5662 804 5733 templum
830 5661 1098 5719 adeuntes
1122 5664 1388 5720 suavitate
1401 5666 1710 5720 carminum
1731 5664 2016 5720 demulce-

2119 5660 2252 5731 ναῷ.
2309 5660 2530 5732 Ἐπειδὴ
2568 5660 2627 5714 δὲ
2659 5657 2803 5733 ἦσαν
2845 5663 2905 5716 ἐν
2954 5661 3224 5735 ἀλλοτρίῳ
3270 5659 3423 5731 ζυγῷ
3465 5656 3711 5727 δουλείας

491 5843 537 5877 ³⁸
565 5845 722 5902 Joan.
756 5866 835 5913 ιιι.
859 5851 944 5908 Ἃ).
1025 5856 1064 5887 ³¹
1091 5854 1263 5922 Exod.
1302 5872 1393 5911 vn.
1427 5854 1514 5909 55.
1553 5854 1643 5909 3i.
1724 5853 1766 5884 θ’
1795 5852 1937 5908 Psal.
1982 5866 2048 5905 1.x

2151 5850 2237 5916 .4-
2316 5849 2360 5883 ³³
2391 5848 2535 5905 Psal.
2562 5865 2781 5916 cxxxvr,
2813 5848 2864 5916 l,
2896 5846 2952 5901 2.
