4096 6434
277 424 394 487 200

1056 429 1147 486 DE
1185 429 1634 488 ADORATIONE
1673 432 1742 487 IN
1781 429 2052 488 SPIRITU
2096 429 2187 485 ET
2231 429 2601 487 VERITATE.
2639 428 2769 484 LlB.
2813 429 2852 483 1.

3502 417 3632 486 2m"

281 543 750 618 κατεσφιγμένοι,
801 545 1304 618 κατολοφυρόμενοι
1357 546 1608 616 λέγουσιν
1628 564 1640 577 ο
1693 567 1712 600 ι
1781 547 1905 601 Ἐπὶ

2011 552 2224 600 rentur.
2259 542 2367 598 Sed
2400 558 2527 598 cum
2565 550 2752 598 essent
2780 545 2926 613 apud
2953 547 3172 596 exteras
3192 541 3446 600 nationes
3474 545 3606 617 iugo

278 645 406 706 ταῖς
438 640 618 705 ίτέαις
645 642 705 694 ὲν
741 639 896 712 μέσῳ
930 641 1106 711 αὐτῆς
1127 681 1143 706 ,
1175 643 1567 712 ὲκρεμάσαμεν
1600 641 1670 695 τὰ
1695 640 1901 713 ὄργανα

281 734 450 806 ἡμῶν
471 750 486 764 ⁸
531 753 552 786 ι
583 733 647 786 τὸ
675 734 734 787 ὲν
760 733 924 805 ᾠδαῖς
958 733 1287 804 ἀπρακτεῖν,
1320 733 1388 786 δι’
1418 733 1586 787 αὑτοῦ
1613 732 1678 804 δὴ
1708 735 1901 786 τούτου

286 827 833 898 κατασημαίνοντες.
865 826 1155 896 Ἀκαρπον
1193 824 1338 897 γὰρ,
1376 826 1578 898 μᾶλλον
1611 825 1669 880 δὲ
1708 825 1904 880 ὠλεσί-

283 938 509 992 καρπον
533 921 570 992 ἡ
601 919 716 973 ἰτέα
747 920 937 989 φυτὸν,
975 922 1191 992 εἴρηται
1220 919 1332 992 γὰρ
1360 919 1458 974 ὡδὶ¹
1487 920 1640 993 παρά
1671 919 1764 974 τοῦ
1793 919 1903 974 τῶν

285 1015 420 1084 παρ’
452 1012 690 1082 Ἕλλησι
716 1012 984 1084 ποιητῶν.
1027 1013 1299 1066 Ἀνὲκειτο
1320 1012 1502 1068 τοίνυν
1527 1015 1608 1078 εἰς
1628 1013 1904 1082 ἀπραξίαν

282 1123 343 1158 τε
388 1105 493 1159 καὶ
539 1105 830 1179 ἀκαρπίαν
863 1104 932 1160 τὰ
968 1105 1069 1176 τῆς
1101 1105 1250 1176 ᾠδῆς
1279 1105 1491 1178 ὅργανα
1511 1122 1526 1136 ⁸
1566 1107 1663 1160 καὶ
1691 1106 1793 1179 τῆς
1822 1107 1904 1170 είς

284 1196 450 1252 τοῦτο
475 1198 768 1270 ῥᾳστώνης
791 1199 894 1271 τὴν
916 1197 1174 1272 ἀφορμὴν
1200 1199 1642 1275 ἀνακεκραγότες
1661 1199 1900 1270 λέγουσι’

288 1309 308 1342 ι
340 1291 477 1354 Πῶς
501 1289 728 1362 ᾄσωμεν
752 1293 854 1362 τὴν
873 1291 1017 1364 ᾠδὴν
1047 1292 1257 1364 Κυρίου
1277 1293 1372 1348 ἐπὶ
1400 1293 1508 1365 γῆς
1526 1293 1850 1366 ἀλλοτρίαςς
1877 1313 1896 1347 ι

281 1381 728 1452 Διακομίσαντος
760 1382 820 1435 δὲ
856 1383 1042 1448 αὐτοῖς
1072 1383 1169 1437 τοῦ
1201 1385 1419 1457 Βαροὺχ
1463 1384 1592 1448 τοὺς
1632 1385 1902 1458 Ἱερεμίου

279 1473 510 1543 λόγους,
552 1474 816 1530 Ἐκλαιον
849 1477 1076 1541 πάντες,
1113 1479 1274 1549 φησι,
1328 1478 1423 1532 καὶ
1455 1479 1750 1552 ὲνήστευον
1807 1479 1905 1534 καὶ

279 1567 528 1639 ηὔχοντο
556 1569 876 1640 προσευχὴν
907 1570 1152 1624 ἐναντίον
1195 1572 1427 1644 Κυρίου·
1461 1573 1558 1627 καὶ
1593 1574 1904 1645 συνήγαγον

278 1659 597 1732 ἀργύριον,
651 1661 796 1716 καθὰ
835 1662 1074 1718 ἑκάστου
1125 1663 1349 1720 ἐδύνατο
1403 1666 1620 1738 ὴχείρ·
1659 1669 1754 1721 καὶ
1796 1670 1905 1724 ἀπ-

281 1751 546 1804 έστειλαν
564 1752 645 1814 είς
675 1751 1038 1826 Ἰερουσαλὴμ
1056 1755 1195 1826 πρὸς
1229 1755 1489 1828 Ίωακεὶμ
1505 1757 1624 1812 υἱὸν
1643 1758 1901 1823 Χελκίου,

2007 638 2296 693 servitutis
2313 637 2588 702 obstricti,
2611 637 3037 708 ingemiscentes
3056 634 3318 692 dicebant
3341 655 3356 691 :
3387 657 3404 688 ι
3429 638 3490 692 In
3513 655 3605 694 sa-

2004 731 2208 786 licibus
2230 731 2287 796 in
2314 730 2497 786 medio
2529 731 2650 802 ejus
2681 730 3073 801 suspendimus
3102 745 3306 802 organa
3331 739 3550 797 nostra;
3582 752 3598 783 ›

2006 824 2181 900 ipsam
2226 840 2259 881 a
2303 823 2647 879 carminibus
2688 824 3052 878 cessationem
3096 823 3202 879 hoc
3241 825 3361 894 ipso
3393 824 3606 895 signiti-

2005 925 2234 984 cantes;
2263 916 2586 987 ini‘rugifera
2615 925 2702 971 est
2728 917 2878 971 enim
2909 916 3098 987 stirps,
3127 915 3237 972 imo
3261 917 3603 988 frugiperda.

2002 1018 2078 1064 ut.
2101 1010 2300 1065 melius
2336 1009 2541 1075 dicam,
2574 1009 2749 1064 salix:
2793 1009 2876 1064 sic
2905 1009 3054 1064 enim
3082 1025 3111 1065 a
3145 1008 3338 1066 Grazco
3369 1009 3606 1080 quodam

2006 1113 2167 1174 poeta
2205 1103 2271 1169 ",
2327 1102 2744 1176 ὠλεσίκαρπος,
2777 1097 2925 1158 dicta
2971 1111 3075 1158 est.
3111 1101 3194 1157 Ad
3243 1102 3607 1170 cessationem

2007 1195 2178 1265 igitur
2203 1205 2261 1252 et
2284 1196 2636 1252 sterilitatem
2662 1211 2902 1266 appensa
2919 1204 3080 1250 erant
3101 1195 3468 1251 instrumenta
3487 1211 3611 1249 mu-

2005 1289 2153 1356 sica;
2182 1305 2520 1360 causamque
2553 1288 2885 1346 cessationis
2925 1288 3092 1359 hujus
3131 1287 3492 1343 inclamantes
3527 1287 3610 1342 di-

2005 1394 2175 1440 cunt:
2208 1404 2226 1437 ι
2263 1384 2553 1453 Quomodo
2599 1384 2948 1440 cantabimus
2991 1383 3267 1450 canticum
3301 1383 3520 1438 Domini
3553 1383 3607 1438 in

2007 1486 2153 1534 terra
2203 1480 2383 1534 aliena
2407 1479 2496 1533 ”?
2528 1477 2634 1533 Sed
2688 1494 2814 1533 eum
2853 1477 3133 1533 attulisset
3157 1476 3225 1530 ad
3266 1492 3363 1530 eos
3392 1477 3608 1530 Barucli

2003 1571 2259 1628 Jcrcmiaa
2281 1572 2452 1627 verba
2485 1590 2496 1624 :
2529 1591 2548 1623 ‹
2568 1571 2801 1626 Flebant
2829 1585 3043 1634 omnes,
3085 1589 3101 1620 ι
3125 1569 3326 1640 inquit,
3355 1587 3372 1619 ι
3399 1569 3614 1640 ctjeju-

2006 1664 2214 1720 nabant
2246 1672 2304 1721 et
2328 1666 2565 1721 orabant
2591 1665 2648 1720 in
2677 1671 2978 1734 conSpectu
3008 1663 3264 1729 Domini;
3293 1671 3350 1717 et
3376 1677 3611 1733 congre-

2005 1766 2604 1830 gu'eruntargentum,
2625 1758 2932 1814 secundum
2960 1757 3108 1827 quod
3139 1757 3321 1827 potuit
3345 1756 3616 1812 uniuscu-

283 1842 406 1896 υἱοῦ
432 1841 648 1916 Σαλὼμ
672 1844 767 1898 τὸν
792 1845 965 1916 ἱερέα,
995 1847 1090 1900 καὶ
1117 1849 1257 1918 πρὸς
1284 1851 1412 1914 τοὺς
1443 1851 1610 1924 ἱερεῖς
1639 1852 1734 1905 καὶ
1763 1852 1903 1925 πρὸς

2011 1853 2204 1923 iusque
2223 1869 2440 1919 manus,
2471 1861 2527 1908 et
2566 1856 2840 1908 miserunt
2875 1853 2930 1908 in
2960 1852 3267 1909 Jerusalem
3304 1843 3372 1907 ad
3402 1852 3613 1908 Joacim

285 1935 475 1991 πάντα
501 1936 600 1990 τὸν
629 1937 760 1990 λαὸν
786 1936 880 1990 τὸν
915 1939 1217 2010 εὑρεθέντα
1250 1942 1369 2011 μετ’
1393 1941 1562 1996 αὐτοῦ
1603 1943 1662 1995 ὲν
1706 1944 1906 2016 Ἰερου-

2012 1944 2185 1998 ﬁlium
2206 1944 2430 2011 Helcim,
2445 1944 2543 1999 ﬁlii
2558 1944 2741 2001 Salom
2760 1944 3125 2010 sacerdotem,
3140 1953 3197 1999 et
3216 1942 3284 1998 ad
3305 1943 3417 2016 48
3432 1959 3615 1998 sacer-

283 2029 500 2100 σαλήμ.
533 2049 555 2083 ι
609 2030 722 2086 Καὶ
746 2031 868 2103 μεθ’
912 2032 1109 2105 ἓτεραο
1173 2052 1192 2086 ι
1229 2035 1342 2088 Kal
1381 2031 1566 2090 εἷπονο
1622 2033 1752 2090 Ἰδοὺ
1795 2037 1906 2090 ἀπ-

283 2124 624 2197 εστείλαμεν
646 2126 786 2199 πρὸς
810 2127 958 2198 ὑμᾶς
981 2127 1267 2200 ἀργύριον,
1297 2129 1606 2201 ἀγοράσατε
1623 2129 1716 2183 τοῦ
1736 2130 1908 2198 ἀργυ-

283 2217 406 2288 ρίου
437 2214 884 2287 ὁλοκαυτώματα
911 2217 1006 2270 καὶ¹
1036 2218 1168 2290 περὶ
1194 2217 1472 2290 ἁμαρτίας
1491 2258 1507 2281 ,
1543 2217 1638 2271 καλ⁵
1665 2217 1905 2282 λίϐανον,

278 2311 380 2364 καὶ
409 2309 694 2380 ποιήσατε
729 2311 934 2382 μάννα,
968 2312 1064 2366 καὶ
1097 2311 1352 2365 ἀνοίσατε
1393 2312 1489 2366 ἐπὶ
1516 2310 1908 2383 θυσιαστήριον

279 2402 508 2477 Κυρίου
539 2402 640 2457 τοῦ
679 2403 818 2458 Θεοῦ
851 2402 1035 2475 ἡμῶν.
1077 2423 1097 2456 ι
1132 2404 1374 2476 Πρέπειν
1411 2405 1522 2476 γὰρ
1550 2403 1718 2476 ῷοντο
1753 2404 1907 2474 σφίσι

281 2497 423 2568 μὲν,
461 2497 592 2569 οὐχὶ
639 2496 793 2553 θύειν
839 2497 946 2564 ἔτι,
992 2497 1098 2569 γῆς
1143 2499 1243 2570 μὲν
1285 2498 1449 2569 ἁγίας
1488 2499 1905 2570 ὲξῳκισμένοις,

279 2591 604 2661 πράττουσι
629 2589 688 2645 δὲ
711 2589 853 2655 τέως
878 2590 986 2645 ὑπὸ
1011 2590 1132 2663 Θεῷ
1162 2591 1263 2663 μὲν
1286 2592 1493 2657 οὐκέτι,
1527 2592 1906 2666 κατεζευγμέ-

276 2703 401 2751 vos;
428 2685 494 2740 δὲ
526 2684 724 2757 ὥσπερ
755 2685 933 2758 ἑτέρῳ
962 2687 1058 2741 καὶ
1087 2686 1195 2740 ὑπὸ
1226 2687 1391 2759 χεῖρα
1419 2686 1649 2742 πεσοῦσι
1680 2687 1782 2760 τὴν
1814 2705 1908 2742 τυ·

281 2778 595 2852 ραννικὴν,
623 2780 743 2842 τοῖς
772 2795 837 2848 γε
873 2779 983 2850 μὴν
1019 2777 1102 2832 ἔτι
1133 2779 1236 2852 τὴν
1266 2781 1433 2850 ἁγίαν
1471 2779 1683 2835 οἰκοῦσι
1724 2780 1904 2846 πόλιν,

279 2871 644 2944 λειτουργίας
674 2890 737 2926 τε
774 2873 876 2944 τῆς
908 2874 1060 2946 ἱερᾶς
1090 2873 1320 2945 λαχοῦσι
1356 2874 1456 2945 τὴν
1484 2874 1672 2941 δόξαν,
1703 2875 1905 2930 ἀπονέ-

283 2985 456 3038 μουσι
487 2966 593 3039 τὴν
617 2967 901 3040 λατρείαν,
927 2967 1074 3040 ὀρθῷ
1104 2967 1308 3041 δηλαδὴ
1337 2967 1612 3041 χρώμενοι
1633 2969 1902 3042 λογισμῷ,

281 3057 428 3129 πρὸς
457 3057 562 3131 τὴν
590 3057 690 3112 τοῦ
725 3058 1031 3130 πρέποντάς
1070 3076 1133 3112 τε
1167 3061 1260 3113 καὶ
1300 3060 1602 3130 ἀναγκαίου
1634 3061 1908 3117 κατάσκε-

277 3151 400 3220 ψιν.
440 3153 559 3206 Kal
599 3151 768 3216 αὐτὸς
799 3151 858 3206 δὲ
895 3153 1028 3224 ἡμῖν
1052 3153 1082 3206 ὁ
1111 3151 1423 3222 σοφώτατος
1459 3152 1693 3225 Δανιὴλ,
1742 3153 1910 3224 ἱερῶν

283 3245 390 3315 μὲν
429 3245 616 3317 εἴχετο
655 3244 1123 3316 σπουδασμάτων,
1154 3245 1292 3317 ὁμοῦ
1326 3245 1383 3300 δὲ
1425 3247 1520 3299 καὶ
1559 3249 1672 3310 τοῖς
1721 3246 1905 3312 ἄλλοις

280 3337 652 3409 αἰχμάλωτος
714 3337 828 3406 ὢν,
904 3338 968 3392 τὸ
1030 3339 1132 3410 τῆς
1189 3338 1441 3411 ἀνάγκης
1514 3337 1907 3408 κατεσοφίζετο

281 3429 510 3501 χρῆμα,
553 3427 670 3502 Kal
697 3426 820 3482 τίνα
845 3427 1070 3500 τρόπον,
1099 3428 1230 3499 ἐρῶ·
1260 3427 1606 3500 προσηύχετο
1629 3428 1739 3501 γὰρ
1758 3430 1909 3502 τρεῖς

279 3497 418 3592 τῆς-
440 3497 670 3594 ὴμέραξ
699 3497 949 3594 καιροῦς.
996 3497 1818 3594 Ἀλλίῆσανναὐτῷηβλέπουσαί
1848 3537 1910 3574 τε

285 3617 388 3669 καὶ
419 3613 780 3688 ἠνεῳγμέναι
811 3614 950 3684 πρὸς
975 3615 1075 3687 τὴν
1123 3612 1485 3686 Ἰερουσαλὴμ,
1514 3614 1571 3666 αἱ
1604 3611 1819 3685 θυρίδες
1853 3613 1912 3667 ὲν

282 3715 405 3777 τοῖς
461 3709 763 3782 ὑπερῴοις.
825 3709 1145 3780 Γέγραπται
1190 3708 1302 3780 γὰρ
1339 3707 1455 3762 ὡδί.
1497 3708 1913 3780 Εὐπρὸσδεκτον

287 3806 403 3876 γὰρ
444 3804 572 3857 τότε
616 3803 774 3875 μόλις
820 3801 1040 3857 ἔσεσθαι
1083 3801 1236 3873 παρά
1278 3800 1399 3872 Θεῷ
1448 3801 1548 3872 τὴν
1599 3799 1736 3855 ἰδίαν
1771 3798 1909 3870 ᾤετο

288 3899 648 3971 προσευχὴν,
699 3899 749 3950 εί
783 3897 888 3968 γῆς
920 3895 1209 3969 ἀλλοτρίας
1260 3895 1354 3948 καὶ
1393 3893 1816 3966 μεμισημένης,
1859 3894 1910 3946 εί

294 3994 373 4064 μὴ
403 3993 578 4064 σαρκὶ
609 3990 831 4044 δύναιτο
856 3988 1038 4061 τυχὸν,
1066 3987 1170 4044 κᾶν
1200 3987 1332 4057 γοῦν
1358 3987 1592 4052 ἐννοίαις
1616 3985 1910 4057 ἀπονοσφί-

292 4089 480 4154 ζοιτο,
518 4086 616 4140 καὶ
665 4087 782 4148 τοῖς
815 4083 916 4156 τῆς
962 4083 1204 4146 διανοίας
1237 4081 1472 4153 ὄμμασι,
1519 4079 1658 4153 πρὸς
1690 4081 1792 4154 τὴν
1833 4080 1912 4152 τῷ

293 4181 416 4254 Θεῷ
445 4179 779 4254 φιλαιτάτην
800 4177 1023 4250 ἀφορῶν
1037 4177 1165 4248 γῆν,
1197 4177 1278 4240 εἰς,
1309 4175 1472 4229 αὐτὸν
1500 4174 1558 4228 δὲ
1579 4173 1772 4246 ὥσπερ
1796 4175 1911 4228 είσ-

293 4280 518 4349 φρήσας
553 4276 648 4330 τὸν
690 4273 853 4344 νεὼν,
895 4273 998 4346 τὴν
1030 4273 1173 4346 ὑπὲρ
1207 4266 1283 4329 ὧν
1317 4271 1385 4327 ἂν
1417 4271 1608 4326 ’ἕλοιτο
1640 4269 1912 4343 προσάγοι

293 4371 475 4441 λιτήν.

369 4550 589 4605 ΠΑΛΛ.
612 4543 691 4602 Εῦ
715 4563 783 4619 γε
806 4545 885 4613 ὡς
911 4545 1132 4620 ἀληθῶς
1150 4545 1180 4600 ὁ
1203 4543 1424 4616 σύμπας
1447 4543 1578 4615 ἡμῖν
1603 4540 1914 4616 διήρτισται

293 4641 456 4711 λόγος
463 4681 481 4696 .

372 4760 420 4796 ³³
449 4761 706 4829 llomer.,
739 4758 930 4834 Odyss.
951 4759 986 4817 ιι
1083 4760 1128 4793 ³⁸
1163 4757 1543 4825 Psal.cxxxv1,
1571 4755 1624 4812 ll.
1700 4755 1746 4789 ³⁸
1765 4755 1906 4812 Baru

2035 4733 2220 4822 1,537..
2287 4755 2328 4787 ετ
2352 4753 2518 4820 um,
2557 4754 2640 4809 ιο.

2010 2035 2188 2102 dotes,
2225 2046 2282 2092 et
2313 2038 2380 2093 ad
2406 2054 2628 2094 omnem
2663 2039 2930 2109 populum
2960 2039 3056 2109 qui
3096 2039 3358 2094 inventus
3379 2047 3613 2093 estcum

2008 2145 2077 2185 eo
2107 2131 2162 2185 in
2200 2131 2506 2186 Jerusalem
2544 2131 2608 2186 ³⁸.
2636 2151 2654 2182 ι
2687 2133 2756 2187 Ει
2786 2138 2910 2203 post
2934 2146 3108 2201 pauca
3135 2148 3148 2184 :
3181 2149 3199 2180 ι
3232 2131 3302 2184 Ει
3329 2129 3612 2193 dixerunt,

2009 2222 2153 2278 Ecce
2204 2222 2460 2278 misimus
2517 2223 2586 2278 ad
2641 2239 2743 2279 vos
2787 2231 3120 2294 argentum;
3162 2222 3332 2277 emite
3386 2229 3618 2292 argento

2009 2315 2354 2382 holocausta,
2383 2325 2442 2372 et
2480 2309 2584 2387 pro
2617 2324 2870 2388 peccato,
2913 2324 2972 2371 et
2996 2315 3316 2380 incensum,
3348 2322 3406 2370 et
3451 2313 3616 2368 facite

2009 2421 2231 2474 manna,
2259 2415 2318 2463 et
2346 2408 2546 2464 oﬂ‘erte
2587 2408 2657 2464 ad
2689 2423 2842 2464 aram
2878 2408 3097 2463 Domini
3144 2409 3242 2463 Dei
3285 2406 3462 2462 nostri
3493 2407 3558 2460 ³⁷.
3591 2425 3609 2456 ι

2009 2500 2215 2557 Decere
2241 2501 2390 2557 enim
2414 2501 2854 2568 arbitrabantur,
2895 2510 2957 2556 ut
2989 2500 3094 2572 ipsi
3122 2499 3348 2570 quidem
3378 2514 3408 2553 a
3439 2500 3616 2553 sacri-

2011 2590 2151 2649 ﬁciis
2185 2592 2408 2649 interim
2441 2592 2808 2658 abstinerent,
2828 2607 2955 2648 cum
2977 2591 3170 2663 procul
3196 2605 3226 2644 a
3259 2597 3403 2644 terra
3426 2595 3617 2642 sancta

2007 2693 2388 2753 versarentur,
2416 2702 2600 2757 neque
2642 2685 2828 2741 adhuc
2878 2683 2985 2740 sub
3031 2681 3130 2739 Dei
3184 2681 3420 2752 imperio
3451 2679 3620 2751 dege-

2009 2785 2156 2844 rent,
2184 2777 2280 2833 sed
2307 2777 2468 2835 alteri
2503 2777 2730 2833 domino
2757 2776 3000 2848 subjecti
3029 2783 3238 2840 essent,
3273 2781 3330 2829 et
3357 2773 3411 2828 in
3448 2772 3618 2828 ditio-

2010 2887 2137 2926 nem
2161 2871 2503 2944 tyrannicam
2535 2871 2858 2938 venissent;
2888 2870 2956 2925 iis
2988 2877 3174 2925 autem
3201 2869 3297 2939 qui
3335 2867 3390 2921 in
3427 2873 3621 2921 sancta

2010 2962 2239 3018 civitate
2290 2962 2478 3017 adhuc
2527 2962 2876 3028 habitabant,
2935 2975 3339 3030 sacrorumque
3377 2957 3619 3012 admini-

2009 3055 2363 3110 strandorum
2397 3053 2698 3127 gloriosum
2736 3053 2977 3110 oilieium
3013 3052 3194 3109 sortiti
3227 3061 3414 3117 erant,
3447 3049 3626 3105 divini.

2009 3149 2197 3204 cultus
2236 3157 2425 3220 partes
2456 3147 2829 3213 demandant;
2863 3146 2919 3200 in
2952 3162 3065 3216 quo
3095 3145 3313 3200 scilicet
3349 3143 3486 3215 quid
3519 3143 3620 3199 dc-

2010 3251 2183 3306 ceret,
2211 3240 2416 3312 quidve
2445 3254 2672 3295 necesse
2701 3247 2868 3306 esset,
2892 3238 3099 3309 Optima
3122 3236 3339 3292 ratione
3367 3234 3624 3290 conside-

2011 3340 2296 3388 raverunt.
2339 3331 2460 3402 Ipse
2502 3330 2594 3386 ille
2643 3345 2866 3400 quoque
2924 3327 3368 3400 sapientissimus
3428 3325 3620 3380 Daniel

2011 3425 2186 3482 sacris
2218 3423 2446 3496 quidem
2483 3423 2687 3480 studiis
2714 3421 2950 3478 vacabat
2970 3421 3017 3453 ⁸⁸
3044 3439 3056 3475 :
3085 3435 3325 3491 cumque
3356 3435 3466 3474 una
3494 3433 3621 3472 eum

2012 3517 2138 3573 aliis
2179 3516 2434 3588 captivus
2469 3525 2638 3582 esset,
2678 3515 2800 3590 ipso
2825 3529 3050 3586 quoque
3094 3512 3445 3570 necessitatis
3476 3511 3624 3567 malo

2013 3609 2296 3680 sapienter
2327 3609 2537 3665 abusus
2560 3618 2666 3664 est.
2693 3609 2883 3664 Dicam
2914 3606 3197 3679 quomodo
3223 3624 3234 3660 :
3268 3606 3450 3662 tribus
3468 3621 3624 3660 nam-

2013 3719 2124 3774 que
2159 3703 2507 3774 temporibus
2534 3718 2634 3772 per
2662 3701 2783 3757 dies
2812 3700 3061 3771 singulos
3100 3698 3331 3764 orabat;
3380 3696 3625 3752 habebat

2015 3803 2202 3851 autem
2255 3793 2314 3850 in
2357 3794 2563 3849 solario
2592 3793 2866 3849 fenestras
2911 3806 3035 3862 quae
3077 3791 3388 3846 Jerusalem
3428 3804 3621 3846 versu:

2016 3887 2361 3959 spectabant,
2387 3896 2552 3959 atque
2591 3888 2856 3958 patebant
2888 3903 2900 3939 :
2934 3886 3016 3942 sic
3042 3886 3192 3941 enim
3221 3892 3307 3940 est
3328 3885 3619 3960 scriptum.

2017 3981 2338 4039 Orationem
2382 3997 2622 4052 namque
2649 3997 2807 4036 suam
2836 3988 2963 4044 tum,
2982 3981 3096 4035 Deo
3124 3986 3339 4051 gratam
3370 3979 3485 4034 fore
3517 3995 3620 4049 pu-

2018 4075 2193 4142 tabat,
2227 4091 2356 4130 cum
2385 4075 2470 4130 sin
2506 4074 2693 4130 minus
2721 4089 2955 4144 corpore
2976 4079 3182 4144 posset,
3213 4071 3400 4126 animo
3424 4072 3621 4126 saltem

2013 4184 2046 4222 a
2075 4175 2224 4223 terra
2251 4175 2439 4222 extera
2479 4174 2645 4236 atque
2674 4165 2865 4221 odiosa
2903 4165 3310 4236 sejungeretur,
3331 4171 3389 4218 et
3420 4163 3624 4218 mentis

2015 4259 2194 4315 oculis
2219 4259 2278 4314 in
2312 4267 2518 4314 terram
2552 4259 2666 4313 Deo
2707 4257 3084 4329 gratissimam
3119 4264 3429 4328 spectaret;
3465 4266 3524 4312 et
3564 4255 3621 4310 in

2017 4353 2200 4423 ipsum
2244 4351 2399 4406 velut
2446 4351 2630 4406 illatus
2673 4349 2941 4420 templum
2967 4389 2982 4416 ,
3013 4363 3208 4420 preces
3255 4362 3359 4418 pro
3417 4345 3624 4417 quibus

2017 4445 2205 4510 vellet,
2229 4443 2475 4500 oll'erret.

2093 4537 2294 4593 PALL.
2329 4535 2712 4593 Pulcherrima
2743 4543 2895 4592 certe
2938 4543 3053 4592 tota
3094 4545 3180 4594 est
3203 4553 3235 4593 a
3265 4537 3427 4595 nobis
3457 4536 3635 4596 abso~.

2026 4631 2141 4686 luta
2170 4629 2492 4702 diSputatio.

2755 4755 2799 4786 ³⁸
2822 4753 3017 4810 Daniel
3071 4770 3144 4821 vr,
3178 4753 3262 4810 10.
