4096 6454
1616 284 1722 301 ’λς-υ-

294 429 410 489 ειε

369 555 466 607 ΠΑ
477 553 598 612 AA.
630 553 768 608 Τίνα
794 553 1002 627 τρόπον
1023 571 1040 622 ;

369 644 542 699 ΚΥΡ.
575 645 790 715 Μωσῆς
826 644 928 715 μὲν
955 644 1069 716 γὰρ
1110 644 1140 697 6
1173 643 1462 710 θεσπέσιος
1496 649 1770 719 σαρκικῆς
1799 646 1926 701 6on-

295 734 454 798 λείας
500 735 800 805 ὲξεκόμιζε
837 735 933 790 τὸν
989 733 1209 807 Ἰσραὴλ
1247 736 1345 789 καὶ
1390 737 1500 789 τῶν
1531 739 1614 802 είς
1645 737 1928 792 πλινθείαν

301 826 564 900 ἑξῃρεῖτο
588 828 793 894 πόνων,
821 827 1005 900 ἔργων
1033 845 1093 881 τε
1119 827 1229 881 τῶν
1253 829 1385 900 περὶ
1406 831 1532 901 γῆν,
1569 832 1666 885 καὶ
1692 833 1924 902 μεταίχο

303 940 425 996 μιον
461 922 666 996 ὥσπερ
707 941 762 976 τι
807 923 1063 994 κείμενος
1097 923 1236 978 Θεοῦ
1279 925 1375 979 καὶ
1405 925 1750 997 ἀνθρώπων,
1797 930 1926 992 τοὺς

296 1015 516 1070 ἄνωθεν
551 1017 710 1087 σφίσι
751 1016 1036 1087 διεκόμιζε
1073 1017 1287 1087 λόγους.
1330 1017 1392 1072 '0
1425 1019 1483 1074 δὲ
1519 1020 1726 1094 Κύριος
1767 1021 1926 1094 ἡμῶν

307 1111 530 1182 Ἰησοῦς
559 1112 592 1165 6
625 1109 888 1183 Χριστὸς,
921 1112 991 1165 τὰ
1018 1112 1094 1176 ὡς
1123 1112 1184 1165 ὲν
1208 1113 1366 1185 τύπῳ
1391 1116 1486 1168 καὶ
1520 1118 1699 1179 σκιαῖς
1753 1133 1925 1187 μετα-

293 1204 600 1275 χαράττων
633 1206 716 1269 είς
755 1204 1052 1277 ἀλήθειαν,
1099 1205 1349 1272 δουλείας
1391 1209 1541 1280 ἡμᾶς
1577 1209 1787 1274 ἔξὲλκει
1825 1211 1926 1281 τῆς

291 1297 539 1368 νοητῆς,
579 1297 686 1368 τὴν
747 1299 848 1370 μὲν
899 1301 1071 1356 πάλαι
1115 1301 1240 1355 καθ’
1295 1302 1456 1375 ἡμῶν
1506 1306 1927 1376 τυραννήσασαν

289 1393 589 1465 ἁμαρτίαν
645 1394 887 1461 ἐξιστὰς,
937 1398 1254 1452 κατασείων
1302 1397 1362 1452 δὲ
1411 1398 1507 1453 τοῦ
1561 1399 1810 1455 διαϐόλου
1866 1402 1928 1456 τὸ

289 1487 537 1559 κράτος,
575 1489 675 1541 καὶ⁸
718 1489 1074 1561 φρονήματος
1107 1491 1205 1562 μὲν
1246 1492 1492 1562 ἐπιγείου
1528 1495 1758 1549 καὶτῶν
1797 1497 1928 1570 περὶ

290 1582 488 1653 σᾰρκα
553 1581 1000 1654 σπουδασμάτων
1058 1585 1365 1659 ἀποφοιτᾷν
1419 1589 1734 1645 ἀναπείθων
1800 1591 1928 1656 τοὺς

287 1673 537 1727 ἔπεσθαι
576 1674 687 1727 δεῖν
710 1676 997 1746 οἰομένους
1022 1677 1193 1749 αὐτῷ,
1229 1671 1630 1749 μεταπλὰττων
1652 1683 1709 1738 δὲ
1735 1683 1928 1759 ὥσπερ

290 1769 375 1830 εἰς
401 1767 605 1836 ἔφεσιν
636 1769 861 1840 ἀρετῆς,
893 1770 1260 1841 ἀριδηλότατά
1283 1791 1344 1826 τε
1372 1776 1506 1846 ἡμῖν
1539 1775 1638 1848 τὴν
1667 1777 1761 1831 τοῦ
1788 1777 1925 1832 Θεοῦ

289 1857 390 1912 καὶ
457 1858 687 1930 Πατρὸς
746 1859 1115 1930 ἀπαγγέλλων
1175 1862 1435 1935 θέλησιν·
1489 1867 1770 1938 τοιγάρτοι
1831 1870 1927 1924 καὶ

1075 430 1167 489 DE
1201 430 1652 489 ADORATIONE
1690 432 1759 488 IN
1800 431 2075 491 SPlRlTU
2116 433 2206 490 ET
2248 434 2623 491 VERITATE.
2666 434 2796 491 LIB.
2843 423 2906 491 ιιξ

1953 564 2000 620 Α
2100 555 2298 612 PALL.
2327 556 2578 623 Quonam
2608 558 2811 613 modo?

3521 440 3632 497 2H.

2102 647 2264 704 CYR.
2295 649 2506 721 Moyses
2547 650 2718 717 enim,
2767 651 2858 707 ille
2890 651 2976 706 vir
3012 667 3142 708 sane
3184 653 3562 725 admirandus,
3604 675 3647 714 ιι.

2032 741 2245 797 carnali
2277 743 2547 798 servitute
2577 743 2785 815 eripuit
2814 744 3178 801 lsraeliticum
3213 749 3500 818 populum;
3525 759 3582 805 et
3606 768 3660 810 a.

2032 836 2318 892 laboribus
2344 837 2757 908 coquendorum
2793 838 3050 906 laterum,
3079 839 3148 894 ab
3178 840 3442 912 Operibus
3467 843 3634 898 etiam

2034 930 2092 985 in
2132 938 2278 986 terra
2304 930 2656 986 exstruendis
2689 931 2926 999 exemit;
2952 948 3016 988 ac
3050 934 3222 989 veluti
3265 934 3484 992 medius
3515 937 3640 1007 qui-

2034 1023 2161 1078 dam
2199 1023 2360 1078 limes
2403 1024 2549 1079 inter
2594 1025 2768 1080 Deum
2793 1034 2851 1080 et
2891 1025 3145 1081 homines
3182 1026 3538 1100 interjectus,
3567 1029 3636 1084 ad

2034 1116 2162 1171 illos
2191 1117 2414 1173 cmlitus
2444 1116 2734 1172 exauditas
2767 1132 2933 1173 voces
2977 1117 3328 1188 perferebat:
3369 1121 3637 1178 Dominus

2033 1225 2166 1264 vero
2216 1218 2407 1264 noster
2460 1210 2622 1266 Jesus
2673 1209 2949 1277 Christus,
2988 1225 3054 1266 ea
3101 1227 3224 1282 quae
3266 1212 3322 1267 in
3369 1213 3543 1284 ﬁgura
3580 1223 3637 1268 et

2036 1302 2251 1358 umbris
2279 1302 2482 1358 tradita
2517 1301 2758 1368 fuerant,
2791 1303 2860 1358 ad
2884 1303 3173 1358 veritatem
3211 1305 3569 1370 transferens,
3605 1323 3636 1360 a

2034 1394 2310 1466 spirituali
2339 1395 2606 1451 servitute
2639 1411 2742 1451 nos
2772 1395 3032 1463 extrahit,
3066 1396 3124 1451 in
3157 1411 3226 1452 eo
3256 1397 3405 1466 quod
3438 1414 3636 1468 pecca-
3677 1437 3682 1440 -

2036 1495 2174 1554 tum,
2211 1489 2360 1558 quod
2408 1488 2506 1544 diu
2549 1488 2713 1544 nobis
2753 1487 3102 1544 dominatum
3153 1488 3354 1555 fuerat,
3383 1490 3659 1560 expellit”

2036 1581 2359 1656 diabolique
2390 1583 2686 1655 imperium
2733 1584 2967 1651 evertit;
3009 1589 3066 1638 et
3105 1591 3408 1639 sectatores
3443 1599 3575 1640 suos
3605 1600 3650 1640 a~.

2039 1686 2257 1731 terreno
2288 1691 2477 1742 sensu,
2504 1692 2805 1748 rerumque
2837 1677 3144 1733 carnalium
3168 1676 3352 1732 studio
3384 1676 3638 1750 refugere

2036 1769 2266 1837 suadet;
2292 1787 2499 1842 eosque
2537 1771 2949 1842 quodammodo
2983 1770 3248 1826 reformat
3281 1770 3350 1846 ad
3389 1769 3638 1826 studium

2035 1859 2279 1928 virtutis,
2312 1862 2773 1934 apertissimeque
2812 1861 2976 1917 nobis
3008 1861 3104 1916 Dei
3141 1877 3206 1916 ac
3231 1861 3411 1916 Patris
3433 1861 3636 1916 volun-

289 1952 546 2021 ἔφασκεν
567 1971 584 1984 ο
627 1971 646 2004 ι
693 1953 775 2007 Τὰ
807 1955 1032 2026 ῥήματα
1062 1955 1098 2010 ἃ
1129 1956 1241 2024 ἐγὼ
1267 1955 1444 2024 λαλῶ,
1478 1960 1579 2014 οὐκ
1612 1959 1762 2014 ἔστιν
1790 1962 1922 2032 ἐμὰ,

2033 1958 2195 2007 tatem
2232 1953 2560 2020 annuntiat;
2609 1953 2848 2024 ideoque
2873 1953 3014 2010 dixit
3064 1969 3077 2006 :
3114 1971 3132 2004 ι
3170 1952 3349 2009 Verba
3381 1967 3505 2023 quae
3534 1967 3654 2023 ego.

289 2046 432 2100 ἁλλὰ
462 2046 563 2099 τοῦ
590 2047 915 2118 πέμψαντός
943 2066 1032 2119 με.
1067 2068 1086 2101 ι
1111 2049 1223 2104 Καὶ
1247 2050 1411 2105 πάλιν
1435 2069 1449 2083 ·
1481 2070 1502 2105 ι
1541 2053 1662 2106 Ἀπ’
1684 2054 1924 2126 ἐμαυτοῦ

291 2141 351 2192 οὐ
393 2140 577 2200 λαλῶ,
613 2141 734 2194 ἀλλ’
770 2142 798 2194 6
840 2141 1068 2213 πέμψας
1108 2161 1174 2213 με
1209 2145 1420 2216 Πατὴρ,
1453 2146 1618 2211 αὐτός
1647 2166 1735 2219 μοι
1771 2149 1925 2202 ἐντο-

289 2233 392 2304 λὴν
425 2233 642 2287 δέδωκε
666 2273 680 2297 ,
710 2235 765 2287 τί
793 2235 955 2300 εἴπω,
989 2236 1085 2289 καὶ
1128 2237 1181 2291 τί
1215 2237 1458 2310 λαλήσω.
1513 2258 1531 2292 ι
1583 2241 1693 2294 Καὶ
1731 2241 1865 2310 γοῦν
1899 2243 1928 2296 6

286 2326 513 2397 Μωσῆς
537 2327 732 2380 εἰκόνα
771 2327 868 2381 καὶ
903 2328 1260 2382 ἀνατύπωσιν
1295 2330 1398 2401 τῆς
1423 2333 1482 2385 ὲν
1517 2333 1740 2405 Χριστῷ
1771 2352 1927 2406 μεσι-

286 2420 474 2485 τῇας,
506 2421 576 2474 τὰ
601 2420 729 2474 καθ’
751 2422 946 2475 ἑαυτὸν
968 2424 1226 2490 ἐποιεῖτο,
1253 2424 1430 2495 λέγων
1453 2429 1567 2484 τοῖς
1587 2428 1644 2495 ἐξ
1683 2428 1923 2502 Ἰσραήλο

293 2532 315 2566 ι
371 2516 686 2586 Προφήτην
721 2518 784 2570 ὲκ
828 2515 938 2569 τῶν
970 2516 1219 2588 ἀδελφῶν
1259 2537 1354 2573 σου
1385 2521 1683 2593 ἀναστήσει
1726 2540 1806 2577 σοι
1849 2522 1928 2588 ὡς

286 2607 419 2678 ἐμὲ,
445 2607 666 2680 Κύριος
688 2609 716 2661 6
735 2607 867 2673 Θεός
897 2625 1014 2663 σου.
1039 2608 1216 2663 Αὑτοῦ
1245 2609 1548 2665 ἀκούσεσθε
1580 2613 1724 2667 κατὰ
1745 2613 1928 2669 πάντα

283 2700 395 2754 ὅσα
426 2702 628 2772 ᾐτήσω
664 2702 818 2772 παρὰ
849 2701 1059 2774 Κυρίου
1092 2702 1189 2756 τοῦ
1219 2702 1355 2758 Θεοῦ
1385 2722 1478 2758 σου
1509 2705 1568 2758 ὲν
1599 2705 1824 2779 Χωρὴϐ,
1857 2710 1923 2780 τῇ

285 2795 487 2865 ἡμέρα
514 2794 619 2864 τῆς
642 2795 968 2867 ἐκκλησίας.
1008 2814 1026 2847 ι
1075 2795 1167 2850 Ἐν
1196 2797 1352 2868 τύπῳ
1381 2797 1482 2868 μὲν
1506 2794 1600 2852 οὖν
1635 2802 1730 2854 καὶ
1756 2801 1927 2856 εικόνι

286 2885 364 2938 τὰ
393 2885 490 2940 διὰ
513 2886 787 2951 Μωσέως,
812 2887 909 2941 καὶ
933 2888 1036 2958 τῆς
1062 2890 1185 2944 κατ’
1207 2889 1372 2943 αὐτὸν
1403 2890 1733 2964 μεσιτείαςή
1765 2892 1922 2948 δύνα-

295 2996 424 3050 μις·
475 2979 934 3052 ἀπορῤητότερος
977 2981 1034 3034 δὲ
1069 2981 1173 3051 τῆς
1222 2982 1281 3036 ὲν
1318 2983 1540 3056 Χριστῷ
1579 2987 1859 3056 μεσιτείας
1896 2989 1926 3043 6

289 3073 529 3144 τρόπος.
573 3073 633 3127 '0
662 3075 763 3145 μὲν
803 3075 915 3146 γὰρ
948 3073 1119 3146 νόμου
1150 3076 1245 3129 καὶ
1277 3078 1438 3146 σκιᾶς
1464 3077 1710 3143 διάκονος
1735 3075 1806 3153 ἦν
1829 3082 1926 3136 καὶ

291 3165 698 3235 παιδαγωγίας
747 3165 850 3238 τῆς
898 3167 1108 3222 ἄνωθεν
1146 3168 1541 3242 διακομιστής⁶
1589 3172 1828 3243 Χριστὸς
1866 3173 1926 3227 δὲ

291 3259 375 3322 ὡς
408 3260 587 3330 νόμου
625 3260 722 3312 καὶ
747 3261 1050 3332 προφητῶν
1073 3261 1363 3334 δεσπότης,
1393 3264 1464 3318 τὰ
1489 3263 1641 3337 αὖτῷ
1663 3265 1925 3321 δοκοῦντα

294 3350 655 3421 θεσμοθετεῖ,
681 3353 778 3405 καὶ
812 3351 1041 3424 μεσίτης
1069 3348 1167 3425 ἦν,
1201 3353 1536 3427 συνθεούσης
1565 3357 1624 3412 ὲν
1661 3357 1810 3430 αὐτῷ
1830 3357 1926 3415 καὶ

292 3445 380 3507 είς
414 3443 476 3498 ἓν
509 3441 707 3519 ὥσπερ
740 3443 951 3516 ίούσης,
988 3445 1245 3518 θεότητός
1265 3464 1326 3500 τε
1351 3447 1447 3501 καὶ
1482 3449 1927 3523 ἀνθρωπότητος.

297 3538 518 3607 ’Ἄμφω
546 3536 661 3610 γὰρ
688 3538 807 3607 ἅμα
848 3540 1051 3592 νοεῖται
1074 3539 1334 3609 Χριστός.
1371 3559 1390 3593 ι
1432 3541 1544 3596 Καὶ
1584 3544 1792 3615 Μωσῆς
1829 3545 1928 3616 μὲν

296 3628 378 3691 ὡς
409 3628 678 3700 θεράπων
705 3630 785 3693 είς
807 3630 930 3685 ὅλον
966 3630 1059 3686 τὸν
1081 3627 1230 3686 οἷκον
1255 3632 1421 3687 αὐτοῦ
1451 3635 1668 3701 πιστὸς,
1692 3638 1931 3709 Χριστὸς

296 3720 360 3774 δὲ
408 3719 491 3784 ὡς
537 3719 679 3784 υίὸς,
720 3721 814 3775 ἐπὶ
863 3721 958 3775 τὸν
1007 3718 1157 3777 οἶκον
1206 3723 1395 3788 αὐτοῦ,
1453 3720 1514 3781 οὗ
1557 3722 1706 3791 οἶκός
1760 3731 1932 3802 ἐσμεν

295 3815 492 3885 ἡμεῖς·
535 3832 554 3864 ι
600 3815 651 3866 oi
685 3813 773 3868 διὰ
799 3815 905 3885 τῆς
945 3817 1026 3879 είς
1064 3817 1231 3872 αὑτὸν
1261 3818 1500 3883 πίστεως
1540 3820 1676 3892 πρὸς
1711 3821 1926 3877 ὲλευθευ

301 3905 430 3979 ρίαν
475 3905 718 3976 ἠγμένοι
758 3906 862 3978 τὴν
897 3907 1099 3980 ἀληθῆ.
1129 3908 1374 3982 Ἀραρεν
1411 3907 1534 3978 οὖν,
1578 3912 1660 3966 ὅτι
1700 3913 1932 3984 μεσίτης

305 4003 409 4071 μὲν
445 4001 725 4072 σαρκικῆς
757 3999 1097 4074 ἐλευθερίας,
1135 4003 1466 4075 γράμματός
1495 4022 1554 4059 τε
1588 4007 1680 4060 καὶ
1710 4009 1871 4072 σκιᾶς
1900 4009 1930 4062 6

305 4096 648 4168 ἱεροφάντης
676 4096 886 4167 Μωσῆς
910 4111 925 4126 °
969 4096 998 4148 6
1030 4095 1088 4150 δὲ
1104 4095 1310 4167 Κύριος
1341 4097 1501 4168 ἡμῶν
1544 4098 1752 4169 Ἰησοῦς
1789 4101 1929 4171 Χρι-

307 4189 466 4253 στὸς,
505 4187 621 4242 τῶν
651 4188 797 4260 ὑπὲρ
833 4189 1001 4259 νόμον
1041 4189 1366 4260 εἰσηγητὴς,
1396 4189 1492 4243 καὶ
1523 4191 1625 4262 τῆς
1650 4192 1926 4263 σαρκικῆς

305 4281 632 4352 ὲλεῦθερίας
649 4279 750 4353 τὴν
771 4279 1124 4352 ἀσυγκρίτως
1154 4281 1366 4352 ἀμείνω
1389 4281 1756 4355 δωρούμενος,
1781 4283 1929 4337 τοῦτ’

307 4375 454 4440 ἔστι,
504 4374 608 4445 τὴν
642 4373 789 4427 κατὰ
826 4372 1071 4444 πνεῦμα.
1114 4373 1408 4446 Τοιγάρτοι
1447 4376 1544 4430 καὶ
1583 4373 1791 4446 ἔφασκε
1837 4377 1932 4430 καί⁹

304 4471 424 4533 τοῖς
494 4466 786 4540 σαρκικῶς
841 4466 1318 4540 ὴλευθερωμένοις
1371 4469 1488 4533 τοῖς
1539 4467 1599 4536 ἐξ
1671 4469 1927 4541 Ἰσραήλ·

313 4580 335 4615 ι
383 4561 520 4615 Ἐὰν
550 4563 715 4634 ὑμεῖς
759 4561 983 4634 μείνητε
1022 4561 1080 4616 ὲν
1117 4561 1198 4633 τῷ
1229 4562 1374 4635 λόγῳ
1405 4561 1486 4634 τῷ
1529 4555 1681 4634 ε’μῷ,
1712 4562 1932 4635 ἀληθῶς

2026 2043 2226 2116 loquor
2244 2046 2424 2111 vobis,
2453 2061 2565 2100 non
2595 2054 2725 2101 sunt
2745 2060 2866 2100 mea
2891 2085 2906 2111 ,
2938 2043 3034 2099 sed
3054 2044 3198 2115 ejus,
3217 2043 3314 2114 qui
3340 2043 3494 2099 misit
3525 2059 3636 2109 me,

2027 2137 2310 2205 Patris”;i
2332 2139 2612 2210 itemque:
2651 2158 2668 2190 ι
2689 2136 2734 2192 Α
2762 2153 2852 2192 me
2889 2137 3010 2208 ipso
3032 2152 3143 2191 non
3159 2136 3360 2207 loquor
3382 2153 3396 2203 ;
3416 2135 3512 2191 sed
3539 2136 3637 2206 qui

2027 2233 2181 2287 misit
2214 2248 2324 2298 me,
2365 2234 2549 2300 Pater,
2595 2233 2713 2304 ipse
2754 2233 2891 2288 mihi
2928 2231 3253 2287 mandatum
3291 2230 3466 2297 dedit,
3500 2232 3638 2302 quid

2028 2323 2231 2388 dicam,
2271 2330 2328 2378 et
2355 2323 2490 2394 quid
2521 2324 2716 2395 loquar
2731 2323 2798 2378 ⁸ο.
2830 2343 2850 2375 ι
2894 2323 2974 2379 Ac
3001 2323 3214 2396 Moyses
3249 2331 3400 2378 certe
3439 2323 3496 2377 in
3520 2322 3638 2378 suis

2029 2416 2200 2471 rebus
2231 2415 2529 2487 imaginem
2558 2426 2724 2488 atque
2757 2417 2988 2474 formam
3015 2419 3312 2489 quamdam
3349 2433 3409 2473 se
3442 2430 3636 2487 gerere

2029 2512 2179 2570 illius
2197 2512 2401 2569 Christi
2431 2515 2856 2570 interventionis
2880 2515 3313 2580 intellexit,cum
3343 2514 3482 2569 dixit
3509 2511 3638 2566 ﬁliis

2027 2604 2324 2677 lsrael:51
2340 2607 2699 2677 «Prophetam
2711 2623 2776 2664 ex
2793 2608 3054 2663 fratribus
3069 2608 3177 2663 tuis
3191 2605 3474 2671 excitabit,
3489 2603 3638 2659 sicut

2028 2712 2139 2764 me,
2161 2699 2431 2756 Dominus
2472 2702 2620 2757 Deus
2657 2710 2812 2757 tuus:
2835 2703 2989 2757 illum
3009 2701 3248 2757 audietis
3264 2701 3420 2771 juxta
3449 2697 3640 2754 omnia

2028 2808 2376 2865 quaecunque
2419 2796 2676 2867 expetisti
2711 2813 2742 2852 a
2773 2797 3009 2851 Domino
3051 2796 3164 2852 Deo
3206 2802 3304 2850 tuo
3340 2795 3395 2848 in
3427 2793 3634 2857 ﬂoreb,

2029 2885 2087 2941 in
2124 2886 2215 2943 die
2249 2888 2533 2945 concionis
2549 2891 2617 2945 “.
2657 2909 2676 2943 ι
2710 2890 2884 2962 Igitur
2909 2905 3252 2961 quazcunque
3282 2904 3381 2960 per
3413 2887 3638 2958 Moysen

2029 2979 2355 3050 agebantur,
2395 2981 2602 3052 illaque
2653 2983 2740 3038 vis
2790 2983 3216 3038 interventionis
3267 2982 3409 3054 ejus,
3465 2980 3650 3051 figura.

2029 3070 2281 3140 quaedam
2321 3080 2444 3127 erat
2485 3081 2543 3128 et
2583 3073 2802 3144 imago;
2844 3079 2902 3127 at
2955 3070 3163 3128 Christi
3212 3066 3640 3124 interventionis

2027 3162 2206 3219 forma
2251 3167 2424 3238 magis
2452 3165 2754 3222 ineﬂ’abilis
2781 3175 2888 3220 est.
2937 3166 3034 3220 llle
3066 3164 3215 3220 enim
3245 3163 3384 3235 legis
3420 3170 3479 3218 et
3509 3177 3636 3217 um-

2032 3253 2146 3311 brae
2174 3257 2430 3313 minister
2457 3256 2581 3323 fuit,
2615 3264 2672 3312 et
2703 3265 2943 3328 acceptae
2969 3256 3238 3312 divinitus
3268 3255 3638 3311 institutionis

2032 3348 2310 3422 interpres
2336 3368 2350 3407 :
2377 3350 2634 3408 Christus
2662 3358 2870 3417 autem,
2903 3359 2965 3407 ut
2987 3353 3124 3424 legis
3143 3366 3207 3406 ac
3236 3349 3645 3422 prophetarum,

2032 3443 2314 3511 dominus,
2351 3460 2474 3515 qua:
2507 3444 2612 3499 sibi
2638 3443 2900 3499 videntur
2935 3442 3226 3508 decernit;
3261 3449 3318 3497 et
3362 3441 3640 3496 mediator

2031 3536 2156 3605 fuit,
2183 3554 2310 3594 cum
2350 3538 2408 3594 in
2453 3555 2521 3595 eo
2553 3544 2951 3605 concurreret,
2979 3546 3145 3610 atque
3187 3537 3246 3593 in
3282 3552 3456 3592 unum
3491 3551 3636 3608 quo-

2031 3631 2329 3688 dammodo
2363 3633 2688 3689 conveniret
2711 3641 2829 3688 tum
2869 3632 3078 3699 divina,
3107 3637 3228 3688 tum
3263 3631 3504 3686 humana
3533 3646 3646 3686 na-.

2032 3729 2178 3776 tura.
2223 3721 2332 3778 Has
2369 3723 2518 3778 enim
2557 3723 2749 3779 ambas
2792 3724 2959 3780 simul
3003 3724 3226 3796 junctas
3276 3722 3639 3794 intelligimus

2030 3812 2334 3870 Christum.
2377 3798 2395 3867 ι
2429 3814 2508 3871 Ae
2537 3816 2748 3888 Moyses
2781 3816 3009 3887 quidem
3044 3823 3107 3870 ut
3141 3829 3338 3870 servus
3369 3813 3424 3869 in
3467 3820 3637 3868 totam

2031 3910 2152 3980 ejus
2214 3909 2442 3965 domum
2485 3909 2692 3977 ﬁdelis;
2729 3909 2988 3966 Christus
3037 3918 3222 3966 autem
3275 3917 3338 3964 ut
3387 3907 3534 3964 ﬁlius
3579 3909 3637 3964 in

2031 4001 2199 4058 domo
2243 4017 2362 4067 sua,
2399 4003 2557 4073 cujus
2600 4003 2800 4059 domus
2842 4019 2945 4059 nos
2995 4019 3190 4060 sumus
3219 4003 3302 4056 δ’»
3340 4021 3352 4056 :
3391 4002 3488 4074 qui
3537 4018 3639 4072 per

2032 4091 2198 4147 ﬁdem
2244 4108 2411 4163 quam
2455 4093 2510 4148 in
2564 4093 2722 4148 illum
2768 4094 3059 4160 habemus,
3111 4095 3183 4150 ad
3221 4109 3408 4150 veram
3444 4109 3639 4148 sumus

2030 4185 2345 4240 libertatem
2386 4185 2633 4242 adducti.
2665 4186 2896 4242 Constat
2925 4187 3095 4258 igitur
3120 4186 3484 4242 mediatorem
3515 4201 3637 4241 car»

2033 4277 2182 4333 nalis
2205 4277 2499 4342 libertatis,
2532 4278 2842 4349 litteraeque
2876 4287 2933 4335 et
2959 4279 3191 4346 umbrae,
3218 4279 3390 4334 fuisse
3414 4279 3654 4351 Moysen

2033 4371 2189 4426 illum
2221 4387 2502 4426 sacrarum
2532 4387 2719 4427 rerum
2744 4371 3138 4443 interpretem:
3167 4371 3463 4428 Dominum
3501 4387 3650 4427 vero-

2032 4474 2285 4523 nostrum
2342 4466 2532 4522 Jesum
2574 4465 2860 4522 Christum
2898 4483 3090 4523 earum
3126 4483 3311 4524 rerum
3353 4475 3636 4523 auctorem

2035 4574 2158 4630 qua:
2190 4567 2321 4615 sunt
2347 4575 2513 4630 supra
2548 4560 2759 4632 legem:
2801 4576 2868 4616 ac
2897 4561 3126 4632 spiritus
3155 4557 3500 4626 libertatem,
3542 4548 3638 4616 illa

313 4652 567 4725 μαθηταί
611 4651 715 4724 μού
756 4653 903 4718 ἐστε,
941 4653 1037 4706 καὶ
1073 4651 1351 4721 γνώσεσθε
1389 4653 1488 4725 τήν
1518 4653 1798 4725 ἀλήθειαν,
1833 4655 1927 4710 καὶ

2036 4650 2299 4706 libertate
2360 4652 2568 4707 carnali
2627 4650 2832 4718 multis:
2878 4651 3132 4724 partibus
3198 4653 3654 4724 praestantiorem.

309 4743 347 4814 ή
382 4743 624 4814 ἀλήθεια
655 4741 1021 4815 ἐλευθερώσει
1060 4744 1226 4816 ὑμᾶς.
1277 4762 1296 4796 ι
1338 4743 1452 4799 Καὶ
1486 4743 1650 4800 πάλιν
1673 4763 1688 4779 ·
1745 4763 1766 4797 ι
1813 4746 1931 4812 Πᾶς

308 4838 341 4893 6
379 4837 561 4892 ποιῶν
590 4836 694 4910 τὴν
722 4836 1004 4910 ἁμαρτίαν
1025 4877 1038 4902 ,
1069 4837 1257 4902 δοῦλός
1287 4839 1406 4892 ἐστι
1434 4838 1535 4911 τῆς
1572 4838 1874 4912 ἁμαρτίαςο
1904 4841 1933 4894 6

2038 4759 2160 4800 esse
2209 4743 2488 4816 largitum.
2538 4745 2730 4815 itaque
2752 4744 3020 4800 Israelitis
3052 4745 3308 4816 quamvis
3341 4745 3642 4801 carnaliter

2037 4837 2290 4894 liberatis
2323 4837 2547 4894 dicebat
2579 4855 2594 4892 τ
2634 4856 2652 4891 ι
2694 4837 2751 4894 Si
2792 4853 2893 4894 vos
2935 4838 3255 4894 manseritis
3291 4837 3349 4892 in
3387 4853 3644 4894 sermone

309 4931 371 4986 δὲ
407 4931 604 4995 δοῦλος
629 4932 692 4985 ού
726 4932 883 5002 μένει
912 4933 970 4986 ὲν
995 4933 1062 5003 τῇ
1090 4929 1243 5003 οἰκίᾳ
1295 4932 1376 4994 είς
1399 4931 1492 4987 τὸν
1518 4932 1690 4986 αίῶνα
1710 4975 1725 4999 ,
1756 4934 1785 4987 6
1818 4931 1927 4998 υίὸς

2039 4945 2195 4997 meo,
2225 4947 2356 4987 vere
2390 4930 2652 5002 discipuli
2682 4931 2792 4986 mei
2831 4931 2986 4995 estis,
3013 4940 3070 4987 et
3102 4929 3448 5002 cognoscetis
3491 4929 3642 4985 veri-

315 5026 477 5098 μὲνει
515 5029 597 5092 είς
623 5024 718 5080 τὸν
746 5024 942 5080 αἰῶνα.
1001 5026 1128 5079 Ἐὰν
1150 5021 1244 5080 οὖν
1279 5027 1308 5080 6
1347 5026 1476 5092 Υἱὸς
1514 5026 1662 5098 ὑμᾶς
1711 5025 1933 5083 ἐλευθε-

313 5119 496 5191 ρώσῃ,
525 5119 698 5202 ὖντως
724 5117 1007 5191 ἐλεύθεροι
1041 5118 1186 5176 ἐστέ.

2043 5031 2249 5091 tatem,
2302 5031 2360 5080 et
2408 5024 2615 5081 veritas
2651 5025 2912 5081 liberabit
2969 5040 3071 5082 vos
3095 5023 3159 5080 “.
3196 5044 3214 5077 ι
3272 5025 3341 5079 Et
3391 5024 3638 5079 iterum:

2041 5136 2059 5167 α
2093 5117 2287 5174 Omnis
2338 5117 2432 5190 qui
2483 5116 2615 5175 facit
2657 5128 2946 5190 peccatum
2971 5159 2985 5184 ,
3035 5133 3232 5173 servus
3269 5124 3354 5171 est
3387 5116 3639 5186 peccati:

310 5231 518 5272 servus
566 5223 756 5272 autem
807 5229 920 5270 non
959 5223 1146 5284 manet
1190 5214 1249 5270 in
1289 5214 1454 5272 domo
1503 5213 1560 5270 in
1621 5221 1924 5283 :eternum;
1985 5214 2136 5271 ﬁlius
2179 5223 2368 5271 autem
2397 5221 2584 5270 manet
2606 5215 2664 5269 in
2696 5223 2988 5270 aeternum.
3043 5213 3101 5269 Si
3152 5212 3320 5283 igitur
3345 5210 3519 5267 Filius
3541 5226 3648 5267 vos

307 5309 665 5378 liberaverit,
701 5325 832 5366 vere
870 5307 1034 5364 liberi
1073 5308 1233 5365 eritis
1256 5309 1323 5364 “.
1363 5327 1382 5362 ι

387 5478 609 5536 ΠΔΛΛ.
649 5477 888 5548 ’Δριστα
912 5475 1071 5547 ἔφης.

393 5573 575 5629 ΚΥΡ.
625 5570 1038 5643 Καυχησόμεθα
1071 5569 1136 5643 δὴ
1185 5565 1280 5626 οῦν
1312 5569 1375 5624 οὐ
1415 5569 1528 5634 τοῖς
1572 5565 1716 5623 κατὰ
1755 5565 1938 5639 σάρκα

2059 5498 2078 5515 ο
2117 5465 2317 5525 PALL.
2352 5466 2680 5524 Rectissime
2709 5459 2872 5516 dicis;

2113 5561 2272 5618 CYR.
2309 5558 2432 5614 Non
2466 5556 2635 5628 igitur
2667 5554 2736 5609 de
2767 5549 3070 5606 carnalium
3119 5565 3306 5606 rerum
3349 5549 3646 5620 splendore

299 5665 622 5738 ἂαμπροῖς,
664 5641 820 5718 ἀλλα
840 5641 956 5728 τοῖς
994 5665 1054 5718 ὲν
1092 5641 1366 5735 πνεύματι
1401 5662 1496 5718 καὶ
1527 5659 1843 5732 δικαιοσύνῃ
1870 5659 1927 5730 τῇ

2048 5653 2395 5728 gloriandum
2439 5650 2602 5707 nobis
2645 5655 2770 5713 est,
2800 5644 2898 5702 sed
2946 5641 3030 5700 de'
3051 5643 3281 5717 spiritus
3329 5652 3387 5700 et
3417 5643 3647 5714 justitia‘.

389 5868 627 5924 “Joan.
663 5884 776 5934 xiv,
809 5869 902 5926 24.
981 5869 1212 5926 “Joan.
1255 5883 1351 5934 xu,
1395 5866 1483 5922 49.
1563 5866 1606 5900 υ
1644 5865 1809 5921 Deut.
1840 5859 2106 5930 “111,15,
2146 5859 2233 5916 l6.
2329 5858 2374 5890 "
2427 5853 2598 5912 llebr.
2647 5867 2728 5921 ιιι,
2780 5849 2836 5921 2,
2885 5851 2940 5908 5.
3021 5849 3248 5907 “Joan.
3286 5863 3400 5915 vui,
3437 5843 3525 5914 52,
3551 5844 3644 5900 55.

320 5941 364 5973 “
388 5937 507 5994 lbid
522 5977 556 6007 .,
578 5939 772 5996 35-1-56.
