4096 6450
459 392 568 452 215

1493 391 1548 447 S.
1592 392 1870 450 CYRILLI
1909 396 2386 457 ALEXANDRIM
2424 401 2745 460 ARCHIEP.

3650 413 3768 470 ειθ

461 511 733 576 claritate,
777 511 898 582 ejus
945 509 1216 566 duntaxat
1263 525 1388 581 qua
1417 525 1486 565 ex
1533 511 1759 568 Christo
1804 524 1913 580 est,
1943 532 2054 572 non

2162 521 2301 576 κατὰ
2323 521 2581 594 Χριστὸν,
2611 524 2673 578 οὒ
2714 527 2778 597 τῇ
2812 525 2954 580 κατὰ
3009 525 3192 598 νόμον.
3226 526 3291 580 El
3329 527 3446 600 γὰρ.
3467 526 3654 584 δοῦλον
3682 529 3763 583 ἔτι

461 617 584 672 quae
609 619 677 673 ex
708 603 848 675 lege.
891 603 1050 669 Nam,
1083 603 1127 658 si
1157 617 1354 659 servus
1394 603 1632 661 habetur
1669 607 1930 678 quisquis.
1956 609 2062 664 sub

461 703 688 764 peccato
719 703 824 761 est,
859 709 962 750 nec
988 693 1255 766 justiﬁcat
1285 695 1397 750 ullo
1439 696 1604 752 modo
1655 697 1774 765 lex;
1812 700 2062 769 quinimo

459 783 796 839 condemnat
853 784 1058 855 potius,
1115 799 1348 854 reosque
1401 785 1532 841 facit
1590 794 2065 858 transgressores;

460 877 552 932 cui
597 893 709 932 non
739 878 1096 949 perspicuum
1142 878 1215 933 sit
1246 893 1468 934 omnem
1511 879 1956 951 justiﬁcationem
2001 882 2060 937 in

459 966 680 1024 Christo
719 979 1002 1037 constare;
1037 971 1281 1042 itemque
1309 985 1528 1026 omnem
1565 971 1906 1042 spiritualem
1930 987 2058 1044 per-

459 1057 778 1124 fectionem,
815 1075 939 1130 quae
983 1077 1081 1131 per
1121 1060 1615 1117 sanctiﬁcationcm
1638 1061 1929 1130 habeatur,
1961 1079 2061 1134 per

460 1148 641 1220 ipsum
687 1160 745 1206 et
787 1152 842 1206 in
888 1152 1008 1222 ipso
1040 1153 1286 1222 acquiri?
1311 1153 1516 1209 Paulus
1544 1153 1632 1210 vir
1659 1163 1810 1210 certe
1838 1156 2060 1226 sapiens

459 1243 518 1300 in
546 1245 740 1316 primis
787 1245 982 1300 scribit
1019 1264 1030 1299 :
1076 1266 1093 1296 ι
1131 1247 1252 1302 Non
1299 1246 1448 1302 enim
1493 1248 1766 1303 erubesco
1806 1248 2058 1320 Evange-

458 1337 626 1405 lium;
664 1337 763 1393 Dei
807 1337 956 1393 enim
1003 1339 1180 1395 virtus
1225 1348 1312 1394 est
1358 1340 1414 1394 in
1459 1340 1693 1395 salutem
1739 1340 1896 1395 omni
1932 1355 2056 1396 cre-

458 1429 633 1495 denti,
665 1429 856 1486 Judazo
894 1431 1132 1501 primum
1167 1439 1224 1486 et
1267 1431 1476 1487 Graeco.
1517 1431 1739 1487 Justitia
1772 1432 1919 1487 enim
1958 1433 2056 1489 Dei

458 1523 516 1577 in
543 1538 611 1578 co
639 1524 917 1579 revelatur
943 1539 1014 1580 ex
1040 1523 1146 1580 ﬁde
1177 1525 1232 1579 in
1254 1524 1440 1588 ﬁdem,
1469 1524 1613 1581 sicut
1641 1525 1908 1596 scriptum
1934 1536 2050 1581 est:

455 1613 648 1669 Justus
699 1623 885 1669 autem
942 1630 1012 1670 ex
1051 1614 1158 1670 ﬁde
1211 1615 1358 1670 vivet
1407 1615 1469 1669 ⁸⁸.
1519 1634 1536 1666 ι
1574 1614 1790 1670 Veteris
1833 1632 2055 1686 quoque

456 1704 594 1774 legis
622 1704 874 1768 inutilem
898 1705 1009 1763 vim
1045 1715 1210 1776 atque
1242 1705 1516 1762 inﬁrmam
1545 1707 1614 1762 iis
1638 1709 1822 1765 verbis
1851 1719 2010 1765 notat
2038 1729 2051 1765 :

458 1798 565 1868 52
598 1818 617 1850 ι
646 1797 805 1865 Quod
833 1807 1039 1864 autem,
1072 1799 1271 1870 inquit,
1303 1799 1360 1854 in
1386 1800 1506 1871 lege
1531 1816 1696 1856 nemo
1717 1801 2053 1874 justiﬁcatur

2164 612 2227 666 τὸ
2252 612 2342 681 ὑφ’
2369 613 2666 685 ἁμαρτίαν,
2699 615 2900 670 δικαιοῖ
2925 616 2982 671 δὲ
3012 617 3214 688 ἥκιστα
3250 617 3350 688 μὲν
3377 619 3407 671 6
3434 619 3620 690 νόμος.
3664 637 3767 675 κα-

2162 705 2409 779 τακρίνει
2427 706 2484 762 δὲ
2511 707 2718 779 μᾶλλον
2738 710 2836 762 καὶ
2860 709 3130 781 γράφεται
3155 710 3618 782 παραϐαίνοντας,
3646 713 3770 776 πῶς

2161 800 2264 853 οὐκ
2293 799 2364 854 ἂν
2391 800 2603 871 γένοιτο
2642 803 2804 857 παντί
2845 819 2925 874 τῳ
2955 803 3146 871 σαφὲς,
3179 803 3264 856 ὅτι
3296 804 3448 857 πᾶσα
3475 804 3768 868 δικαίωσις

2161 892 2221 944 ἐν
2248 893 2490 965 Χριστῷ,
2518 894 2617 948 καὶ
2633 893 2913 957 τελείωσις
2931 896 2964 964 ἡ
2989 894 3048 946 ὲν
3069 893 3342 964 πνεύματι
3361 894 3429 949 δι’
3457 893 3763 966 άγιασμοῦ,

2160 982 2228 1037 δι’
2260 985 2427 1039 αὑτοῦ
2465 1003 2526 1039 τε
2577 986 2674 1040 καὶ
2717 985 2778 1040 ἐν
2813 985 2964 1056 αὐτῷ
2993 1002 3008 1051 ;
3061 986 3172 1040 Kal
3222 985 3355 1055 γοῦν
3386 987 3415 1039 6
3451 986 3762 1055 σοφώτατος

2160 1077 2361 1147 γράφει
2393 1077 2606 1142 Παῦλος
2625 1095 2640 1110 ·
2681 1096 2702 1129 ι
2740 1078 2814 1132 Οὐ
2845 1078 2962 1150 γὰρ.
2985 1077 3388 1150 ἐπαισχύνομαι
3419 1077 3480 1132 τὸ
3515 1077 3762 1148 an-ne.

2161 1169 2296 1230 λιον,
2324 1168 2555 1240 δύναμις
2589 1169 2700 1241 γὰρ
2724 1168 2860 1223 Θεοῦ
2887 1171 3034 1223 ἐστιν
3064 1171 3145 1234 εἰς
3178 1169 3456 1240 σωτηρίαν
3493 1173 3656 1224 παντὶ
3683 1171 3773 1242 τῷ

2160 1259 2491 1322 πιστεύοντι,
2532 1261 2772 1331 Ἰουδαίῳ
2800 1277 2860 1314 τε
2884 1261 3102 1332 πρῶτον
3126 1261 3224 1315 καὶ
3254 1261 3502 1331 Ἕλληνι.
3543 1265 3764 1316 Δικαιο-

2160 1349 2296 1422 σύνη
2332 1353 2442 1423 γὰρ
2471 1349 2606 1404 Θεοῦ
2641 1351 2700 1404 ὲν
2735 1350 2884 1421 αὐτῷ
2927 1350 3377 1406 ἀποκαλύπτεται
3416 1353 3481 1405 ἐκ
3521 1351 3765 1416 πίστεως

2158 1442 2240 1505 είς
2269 1441 2449 1496 πίστιν
2469 1485 2486 1510 ,
2515 1441 2699 1506 καθὼς
2738 1442 3052 1516 γέγραπται
3084 1459 3098 1474 ο
3147 1443 3206 1495 ’0
3233 1443 3291 1497 δὲ
3323 1442 3532 1506 δίκαιος
3561 1443 3626 1496 ἐκ
3669 1443 3761 1495 πί-

2159 1550 2328 1600 στεως
2359 1534 2607 1606 ζήσεται.
2643 1555 2662 1587 ι
2701 1535 2886 1607 Νόμου
2917 1553 2976 1589 τε
3003 1534 3097 1589 τοῦ
3118 1534 3288 1590 πάλαι
3325 1535 3385 1589 τὸ
3417 1535 3678 1606 ἀνόνητόν
3697 1552 3759 1588 τε

2157 1629 2253 1683 καὶ
2286 1628 2515 1699 ἀδρανὲς
2543 1628 2602 1683 ἐν
2618 1645 2682 1698 γε
2714 1627 2912 1700 τουτῳῒ
2939 1629 3309 1700 καταγράφει,
3342 1629 3536 1698 λέγων’
3577 1647 3596 1679 ι
3634 1629 3765 1686 ’Ότι

2155 1721 2211 1774 δὲ
2244 1722 2302 1775 ἐν
2330 1721 2482 1792 νόμῳ
2514 1721 2691 1785 οὐδεὶς
2734 1721 3040 1776 δικαιοῦται
3067 1722 3222 1792 παρὰ
3265 1720 3406 1792 Θεῷ,
3450 1719 3631 1791 δῆλον·
3675 1721 3760 1775 ὅτι

2157 1814 2187 1866 6
2215 1813 2423 1876 δίκαιος
2450 1814 2514 1866 ἐκ
2545 1813 2784 1877 πίστεως
2813 1812 3060 1885 ζήσεται.
3099 1813 3158 1866 '0
3195 1811 3250 1866 δὲ
3291 1813 3452 1882 νόμος
3479 1812 3582 1865 οὐκ
3611 1811 3767 1864 ἔστιν

455 1890 603 1961 apud
653 1892 849 1959 Deum,
897 1893 1246 1950 manifestum
1280 1901 1413 1948 est:
1455 1893 1587 1963 quia
1609 1893 1792 1964 justus
1836 1910 1905 1950 ex
1950 1895 2058 1951 ﬁde

2162 1907 2226 1958 ἐκ
2257 1905 2516 1970 πίστεως,
2542 1906 2657 1960 ἀλλ’
2677 1907 2705 1960 6
2727 1907 2960 1978 ποιήσας
2980 1906 3141 1974 αὐτὰ,
3168 1905 3393 1977 ζήσεται
3419 1906 3477 1960 ἐν
3502 1905 3705 1968 αὐτοῖς.
3734 1923 3756 1956 ι

455 1981 612 2036 vivit.
646 1981 761 2038 Lex
791 1990 974 2039 autem
1019 1998 1131 2038 non
1179 1991 1265 2060 est
1299 1999 1370 2038 ex
1412 1982 1550 2050 ﬁde;
1584 1983 1680 2039 sed
1719 1985 1814 2054 qui
1863 1985 2057 2042 fecerit

455 2088 543 2137 ea,
583 2074 733 2130 vivet
775 2075 833 2130 in
866 2075 1000 2146 ipsis
1034 2075 1096 2130 “.
1153 2095 1176 2127 ι
1214 2075 1273 2132 In
1314 2075 1534 2132 Christo
1578 2076 1746 2148 igitur
1786 2078 2054 2149 iustiﬁca-

455 2181 582 2220 mur
602 2182 701 2236 per
734 2166 919 2234 ﬁdem,
952 2184 1016 2224 ac
1049 2168 1375 2224 redimimur
1404 2186 1434 2226 a
1463 2171 1729 2227 servitute
1758 2172 2052 2243 spirituali.

528 2259 726 2313 PALL.
756 2260 855 2315 Est
884 2261 1052 2330 igitur
1081 2261 1168 2319 lex
1199 2262 1448 2320 inutilis?

523 2349 682 2406 CYR.
715 2349 836 2407 Non
867 2352 973 2407 hoc
1002 2353 1148 2418 dico,
1197 2370 1378 2424 neque
1418 2356 1569 2411 enim
1615 2357 1821 2415 frustra
1855 2358 2057 2414 divinis

455 2442 737 2512 responsis
785 2445 1002 2501 sancita
1060 2456 1174 2512 est;
1224 2447 1336 2502 imo
1385 2463 1516 2504 vero
1556 2469 1574 2501 ι
1603 2450 1659 2506 in
1720 2452 2055 2524 adjutorium

456 2534 605 2599 data,
636 2554 654 2586 ι
681 2536 828 2592 sicut
853 2537 1123 2608 scriptum
1145 2551 1231 2595 est
1258 2540 1332 2607 ‘7;
1364 2557 1490 2596 nam
1539 2560 1646 2614 qua
1674 2555 1831 2615 parte
1860 2545 1927 2600 ad
1958 2546 2044 2600 in-

456 2624 807 2682 stitutionem
845 2630 1122 2698 puerilem
1147 2631 1478 2702 pertinebat,
1507 2643 1565 2690 et
1597 2635 1664 2690 ad
1707 2637 2056 2707 iniquitatem

456 2720 922 2790 cognoscendam,
948 2739 1058 2793 qua
1088 2725 1253 2780 etiam
1277 2726 1346 2782 ad
1374 2726 1530 2783 initia
1561 2729 1915 2800 percipienda
1941 2729 2055 2784 ele-

457 2819 756 2883 mcntaque
779 2828 1093 2870 sermonum
1121 2817 1239 2883 Dei,
1269 2834 1369 2874 cur
1392 2835 1502 2874 non
1527 2835 1596 2875 ex
1623 2836 1688 2875 ea
1713 2830 1865 2894 parte
1897 2822 2059 2878 intel~

457 2903 663 2976 ligatur
704 2905 888 2962 utilis?
923 2907 1154 2979 Segnior
1182 2918 1267 2965 est
1295 2919 1480 2966 autem
1512 2912 1579 2968 ad
1611 2912 1887 2969 abluenda
1924 2930 2054 2985 pec—

459 3005 580 3054 cata
637 3000 1096 3073 sanctitatemque
1149 3003 1562 3074 perﬁciendam.
1619 3006 1820 3062 Beatus
1871 3006 2056 3078 itaque

458 3087 664 3145 Paulus
700 3090 882 3161 inquit
915 3109 929 3147 :
967 3111 986 3144 ι
1036 3092 1254 3150 Scimus
1296 3104 1481 3150 autem
1530 3095 1679 3167 quod
1711 3112 2056 3168 quaecunque

2172 1997 2262 2050 Ἐν
2290 1995 2332 2049 Χ
2343 1997 2512 2069 ριστῷ
2538 1997 2829 2070 τοιγαροῦν
2856 1997 3212 2069 δικαιούμεθα
3245 1995 3334 2052 διὰ
3364 1995 3601 2060 πίστεως
3623 2038 3638 2063 ,
3663 1996 3759 2050 ὲκ·-

2161 2089 2550 2163 λελυτρώμεθα
2575 2091 2632 2145 δὲ
2653 2091 2901 2156 δουλείας
2929 2092 3027 2163 τῆς
3056 2092 3274 2164 νοητῆς.

2232 2273 2444 2328 ΠΑΛΛ.
2489 2273 2774 2344 Ἀνόνητος
2804 2268 2898 2328 οὖν
2925 2275 2953 2326 ὁ
2980 2275 3142 2344 νόμος
3165 2293 3180 2336 ;

2236 2364 2401 2419 ΚΥΡ.
2430 2364 2506 2419 Οὐ
2535 2363 2694 2417 τοῦτό
2723 2381 2888 2434 φημι⁹
2921 2363 3380 2437 κεχρησμὼδηται
3413 2363 3523 2435 γὰρ
3558 2363 3620 2417 οὐ
3657 2363 3766 2435 μάν-

2158 2473 2289 2530 τηνο
2317 2456 2526 2510 δέδοται
2571 2456 2631 2511 δὲ
2675 2456 2876 2528 μᾶλλον
2912 2474 2931 2509 ι
2987 2458 3070 2520 εἰς
3114 2455 3389 2528 βοήθειαν,
3448 2477 3466 2508 ι
3518 2457 3659 2509 κατὰ
3699 2456 3762 2510 τὸ

2159 2549 2566 2621 γεγραμμένονο
2597 2549 2722 2603 ὅσον
2771 2548 2871 2621 μὲν
2907 2548 3018 2621 γὰρ
3045 2542 3184 2620 ἧκεν
3226 2548 3308 2612 είς
3353 2547 3768 2616 παιδαγωγίαν,

2161 2644 2256 2698 καὶ
2283 2641 2350 2696 τὸ
2365 2642 2564 2697 εἰδέναι
2585 2642 2646 2696 τὸ
2671 2641 3013 2714 πλημμελὲς,
3039 2644 3133 2696 καὶ
3154 2643 3236 2706 εἰς
3258 2643 3321 2695 τὸ
3343 2641 3547 2712 χρῆναι
3571 2641 3761 2696 λαϐεῖν

2159 2735 2334 2808 ἀρχὰς
2371 2733 2468 2790 καὶ
2494 2737 2734 2807 στοιχεῖα
2763 2734 2874 2789 τῶν
2903 2733 3102 2803 λογίων
3141 2733 3236 2788 τοῦ
3283 2733 3451 2798 Θεοῦ,
3497 2733 3614 2797 πῶς
3657 2733 3776 2789 οὐκ.

2160 2829 2228 2884 ἂν
2277 2830 2450 2883 νοοῖτο
2492 2829 2789 2900 χρήσιμος;
2835 2827 3156 2899 Ἀργότερος
3212 2827 3276 2880 δὲ,
3316 2827 3454 2898 πρὸς
3500 2825 3774 2897 ἀπόνιψιν.

2157 2921 2456 2995 ἁμαρτίας,
2497 2920 2593 2974 καὶ
2641 2921 2721 2985 εἰς
2765 2919 2827 2974 τὸ
2870 2918 3134 2974 δύνασθαι
3177 2919 3418 2974 τελειοῦν
3463 2919 3544 2985 εἰς
3593 2919 3768 2989 ἁγια-

2161 3013 2318 3084 σμόν.
2349 3011 2460 3067 Καὶ
2481 3011 2655 3080 γοῦνό
2677 3011 2966 3076 Θεσπέσιος
2998 3012 3130 3083 ἡμῖν
3149 3009 3254 3083 ἔφη
3287 3010 3520 3075 Παῦλος·
3553 3029 3573 3065 ι
3603 3011 3763 3066 Olbu-

2163 3121 2263 3176 μεν
2284 3103 2341 3157 δέ
2363 3104 2444 3158 ὅτι
2478 3104 2579 3158 ὅσα
2605 3103 2633 3156 6
2661 3101 2826 3173 νόμος
2859 3101 3009 3171 λέγει
3049 3104 3162 3166 τοῖς
3191 3103 3248 3154 ἐν
3280 3100 3368 3172 ,τῷ
3401 3102 3552 3173 νόμῳ
3585 3101 3774 3166 λαλεῖ,

457 3179 546 3236 lex
569 3181 835 3254 loquitur,
864 3184 932 3240 iis
958 3185 1054 3255 qui
1098 3185 1152 3241 in
1179 3187 1298 3258 lege
1329 3196 1460 3242 sunt
1483 3187 1751 3258 loquitur,
1794 3195 1856 3242 ut
1892 3203 2056 3244 omne

2162 3195 2251 3249 ἵνα
2277 3195 2386 3249 πᾶν
2431 3194 2609 3266 στόμα
2654 3195 2863 3266 φραγῇ·
2897 3193 2992 3248 καὶ
3019 3193 3277 3258 ὑπόδικος
3308 3193 3536 3264 γένηται
3581 3193 3689 3256 πᾶς
3732 3193 3775 3246 6.

458 3289 525 3331 os
553 3275 896 3344 obstruatur,
927 3287 986 3334 et
1016 3278 1273 3335 subditus
1303 3279 1395 3336 ﬁat
1421 3281 1601 3336 omnis
1631 3280 1876 3337 mundus
1911 3281 2050 3347 Deo;

457 3365 722 3433 quoniam
754 3382 826 3422 ex
850 3368 1111 3439 operibus
1132 3368 1270 3441 legis
1293 3386 1403 3426 non
1419 3369 1815 3443 justiﬁcabitur
1837 3372 1894 3427 in
1924 3388 2062 3427 con-

460 3466 654 3528 spectu
687 3459 808 3530 ejus
847 3459 1029 3515 omnis
1069 3477 1229 3529 caro;
1266 3479 1365 3534 per
1406 3463 1582 3535 legem
1621 3463 1773 3525 enim
1814 3464 2057 3536 cognitio

462 3552 676 3621 peccati
711 3553 775 3608 ⁸⁸.
816 3572 835 3605 ι
888 3553 1065 3609 Habet
1122 3570 1255 3626 ergo
1305 3555 1394 3611 lex
1451 3555 1563 3610 vim
1612 3572 1720 3627 qua
1767 3565 2056 3628 peccatum

461 3642 826 3712 demonstret,
849 3662 962 3703 non
987 3647 1218 3719 gloriam
1242 3648 1311 3704 de
1326 3649 1534 3704 virtute
1551 3658 1862 3720 comparet;
1877 3667 1894 3700 ι
1929 3663 2057 3704 nam

463 3737 522 3792 in
543 3752 611 3794 eo
635 3739 780 3810 quod
801 3739 898 3805 ait,
923 3741 1078 3803 verbi
1103 3741 1277 3814 gratia
1303 3761 1315 3796 :
1345 3761 1362 3794 ι
1389 3742 1509 3798 Non
1532 3741 1914 3809 fornicabcris,
1945 3758 2058 3799 non

461 3828 826 3897 adulterabis,
847 3847 958 3888 non
993 3832 1200 3888 furtum
1246 3834 1436 3900 facies,
1485 3850 1597 3889 non
1642 3836 1918 3907 pejerabis
1939 3836 2004 3901 ",
2032 3855 2051 3888 ι

461 3929 520 3976 et
540 3921 585 3978 si
609 3922 741 3992 quid
760 3923 957 3978 horum
976 3924 1155 3980 simile
1171 3933 1275 3991 est,
1297 3925 1558 3997 nequitia:
1579 3942 1783 3998 genera
1793 3928 2057 3994 ostendit,

463 4021 520 4068 ct
565 4014 913 4086 impuritates
954 4017 1186 4088 eXpulit,
1232 4032 1345 4073 non
1383 4019 1608 4075 virtutis
1647 4020 1930 4077 notionem
1971 4021 2060 4076 in-

463 4107 633 4172 vexit,
663 4117 761 4163 aut
784 4110 1030 4180 probatae
1050 4110 1176 4165 vitae
1200 4110 1570 4182 cognitionem
1594 4113 1942 4185 perspicuam
1964 4130 2069 4169 au-

465 4198 742 4256 ditoribus
788 4201 939 4257 fecit.
988 4202 1125 4257 Nam
1164 4203 1313 4259 istud
1360 4205 1606 4275 quidem,
1651 4222 1763 4261 non
1802 4217 2062 4277 oportere

467 4293 647 4363 turpia
689 4292 892 4360 facere,
942 4294 1089 4350 inter
1131 4296 1530 4366 praestantioris
1566 4296 1692 4352 vitae
1739 4314 1924 4353 mores
1961 4315 2062 4354 an-

465 4401 760 4444 numerare
803 4388 1030 4442 stultum
1069 4388 1173 4455 sit,
1205 4390 1422 4460 opinor.
1463 4392 1604 4447 Puto
1645 4398 1852 4455 autem,
1899 4389 2066 4460 idque

2157 3287 2363 3359 κόσμος
2392 3285 2471 3358 τῷ
2500 3286 2638 3358 Θεῷ·
2682 3285 2816 3340 διότι
2856 3283 2916 3352 ἐξ
2950 3285 3130 3358 ἔργων
3162 3287 3329 3358 νόμου
3365 3287 3427 3341 οὐ
3465 3284 3764 3356 δικαιωθήε

2159 3397 2313 3433 σεται
2343 3380 2492 3433 πᾶσα
2522 3377 2662 3451 σὰρξ
2691 3378 2924 3434 ἐνώπιον
2951 3380 3138 3434 αὐτοῦ·
3171 3379 3262 3434 διὰ
3290 3380 3400 3452 γὰρ
3422 3378 3611 3449 νόμου,
3636 3379 3765 3432 ἐπί-

2157 3490 2360 3543 γνωσις
2387 3471 2694 3544 ἁμαρτιῶν.
2730 3492 2749 3525 ι
2787 3473 3069 3537 Δεικτικὸς
3103 3467 3196 3528 οῦν
3226 3473 3336 3544 άρα
3361 3473 3459 3542 τῆς
3485 3471 3775 3543 ἁμαρτίας-

2157 3566 2403 3637 ὁνόμος,
2448 3565 2550 3618 οὐκ
2589 3564 2930 3635 αὐχημάτων
2963 3564 3226 3636 πρόξενος
3263 3563 3372 3616 τῶν
3407 3565 3487 3628 είς
3535 3563 3764 3634 ἀρετήν.

2159 3657 2236 3711 Τὸ
2259 3657 2368 3730 γάρ
2407 3675 2490 3712 τοι
2529 3656 2698 3726 φάναι
2729 3656 2914 3728 τυχὸν,
2949 3657 3026 3710 Οὐ
3070 3654 3414 3727 πορνεύσεις,
3447 3655 3509 3709 οὐ
3552 3655 3777 3727 μοιχεύα

2162 3763 2308 3812 σεις,
2339 3748 2400 3800 οὐ
2435 3746 2689 3818 κλέψεις,
2731 3746 2832 3800 οὐκ
2867 3747 3250 3818 ἐπιορκήσεις,
3295 3747 3391 3802 καὶ
3416 3745 3471 3799 εἴ
3501 3763 3556 3800 τι
3582 3745 3771 3800 τοιού-

2159 3855 2272 3902 τοις
2341 3839 2749 3910 συνήρμοσται,
2798 3838 2867 3891 τὰ
2923 3837 3024 3909 τῆς
3087 3837 3420 3910 φαυλότητος
3477 3838 3594 3910 εἴδη
3659 3855 3765 3892 κα-

2161 3930 2591 4004 τασημαίνοντος
2619 3927 2709 4004 ἦν,
2756 3933 2851 3986 κα)⁸
2892 3930 3205 3996 ἐξιστάντος
3241 3931 3623 4003 ἀκαθαρσίας,
3661 3932 3774 3988 οὐκ.

2161 4025 2368 4098 ἀρετῆς
2411 4025 2617 4096 εἴδησιν
2663 4023 3106 4094 είακομίξοντος,
3157 4024 3280 4078 οὐδὲ
3320 4024 3424 4095 τῆς
3470 4023 3772 4095 memmi

2165 4115 2312 4187 ζωῆς
2357 4113 2846 4184 καταφανεστάτην
2889 4115 3001 4178 τοῖς
3049 4113 3425 4186 ἀκροωμένοις
3483 4113 3768 4179 ποιοῦντος

2163 4206 2262 4278 τὴν
2286 4205 2508 4275 γνῶσιν.
2547 4205 2637 4268 Ὡς
2656 4204 2718 4258 τό
2734 4221 2817 4258 τοι
2847 4204 2924 4276 μὴ
2945 4205 3142 4278 χρῆναι
3172 4204 3242 4258 τὰ
3271 4204 3467 4275 αἰσχίω
3481 4205 3634 4276 δρᾷν,
3653 4208 3769 4269 τοῖς

2165 4299 2264 4371 τῆς
2291 4298 2572 4370 ἐξαιρέτου
2603 4296 2879 4359 πολιτείας
2914 4296 3291 4368 ἐγγράφεσθαι
3328 4298 3553 4370 τρόποις
3575 4338 3590 4361 ,
3619 4298 3766 4364 ἀμα-

2167 4393 2260 4456 θὲς
2287 4387 2442 4462 οἶμαι
2464 4408 2588 4446 που.
2616 4392 2735 4444 Δεῖν
2761 4390 2817 4443 δὲ
2837 4383 2991 4461 οἶμαι
3017 4391 3114 4445 καὶ
3138 4390 3344 4461 σφόδρα
3369 4389 3618 4456 εἰκότως,
3641 4389 3768 4446 τότε

467 4477 612 4532 haud
644 4479 901 4546 absurde,
945 4480 1020 4536 ita
1045 4481 1284 4554 denique
1307 4500 1527 4554 aequum
1559 4498 1681 4538 esse
1717 4491 1777 4537 ut
1823 4483 1878 4537 in
1914 4483 2058 4538 omni

2167 4481 2232 4552 δὴ
2282 4481 2434 4552 μόλις
2484 4481 2584 4552 τὴν
2631 4481 2718 4550 ἐφ’
2765 4480 2942 4534 ἆπασι
2984 4481 3096 4544 τοῖς
3148 4480 3565 4552 ἐπαινουμένοις
3615 4480 3766 4551 ἡμᾶς

469 4587 656 4628 rerum
697 4565 1094 4629 laudandarum
1138 4591 1339 4646 genere
1375 4576 1538 4630 nobis
1580 4575 1876 4631 honestum
1911 4575 2058 4646 judi-

2170 4573 2479 4628 άναδεῖσθαι
2502 4573 2703 4644 ψῆφον,
2737 4574 2786 4626 εἰ
2814 4572 2880 4645 δὴ
2923 4572 3181 4644 μεθέντες
3213 4573 3308 4626 καὶ
3335 4571 3662 4643 διωσάμενοι
3703 4571 3766 4624 τὸ

469 4663 617 4721 cium
635 4673 801 4736 atque
819 4668 1200 4739 comprobatio
1222 4667 1524 4734 deferatur,
1549 4668 1618 4734 si,
1644 4667 1797 4724 vitiis
1820 4667 2058 4724 dimissis

2165 4667 2336 4722 κακὸν
2369 4667 2463 4720 καὶ¹
2505 4665 2656 4720 κάτω
2695 4683 2796 4718 που
2841 4665 3025 4737 μένειν
3052 4663 3282 4727 ἐῶντες,
3313 4663 3377 4718 τὸ
3403 4666 3460 4717 ἐν
3495 4663 3765 4734 ὑπολήψει

469 4772 534 4813 ac
579 4759 847 4829 repulsis,
892 4769 949 4816 et
984 4761 1340 4833 improbitate
1386 4767 1674 4830 superata,
1721 4760 2058 4833 impurisque

2166 4759 2503 4830 φαυλότητος
2527 4757 2621 4811 καὶ
2644 4756 2873 4828 βεϐήλου
2899 4755 3183 4828 βδελυρίας
3199 4755 3300 4810 οὐκ
3317 4754 3764 4826 ἀπηλλαγμένον,

2166 4854 2253 4907 ἐπ’
2296 4851 2438 4906 αὐτὰ
2478 4851 2576 4919 τῆς
2623 4851 2828 4922 ἀρετῆς
2874 4847 3302 4920 άναθρώσκομεν
3332 4849 3402 4903 τά
3443 4848 3764 4919 αὐχήματα.

2171 4946 2278 4999 Kal
2313 4942 2445 5014 γοῦν
2477 4945 2505 4997 6
2533 4942 2740 5016 Κύριος
2768 4941 2926 5014 ήμῶν
2963 4939 3172 5014 Ἰησοῦς
3197 4940 3456 5012 Χριστὸς,
3489 4959 3508 4992 ι
3566 4940 3763 5012 Ἀμὴν,

2169 5036 2318 5109 ἀμὴν
2331 5035 2477 5106 λέγω
2499 5035 2648 5106 ὑμῖν,
2675 5033 2770 5087 ἐὰν
2795 5033 2868 5105 μὴ
2894 5031 3264 5104 περισσεῦσει,
3287 5031 3473 5102 φησὶν,
3501 5031 3533 5102 ή
3557 5030 3766 5084 δικαιο-

2173 5128 2308 5200 σύνη
2335 5127 2512 5199 ὑμῶν,
2553 5126 2716 5180 πλέον
2749 5123 2859 5178 τῶν
2886 5123 3268 5195 Γραμματέων
3308 5124 3404 5176 καὶ
3429 5123 3765 5195 Φαρισαίων,

2171 5224 2231 5275 οὐ
2277 5221 2351 5292 μὴ
2384 5219 2665 5291 εἰσέλθητε
2705 5219 2784 5280 εἰς
2815 5216 2915 5287 τὴν
2961 5215 3245 5288 βασιλείαν
3274 5215 3384 5268 τῶν
3422 5215 3706 5285 οὑρανῶνκ
3740 5234 3761 5270 ι

2171 5310 2367 5382 Συνίης
2397 5304 2491 5363 οὖν
2519 5309 2602 5362 ὅτι
2635 5307 2736 5378 τὴν
2765 5305 3026 5360 ἐπέκεινα
3049 5307 3147 5377 τῆς
3181 5305 3324 5360 κατὰ
3357 5307 3523 5377 νόμον
3546 5305 3766 5360 ἐλέσθαι

2171 5402 2520 5472 δικαιοσύνην
2550 5400 2914 5472 προστέταχεν
2943 5400 2972 5452 6
3001 5398 3214 5470 Σωτὴρ,
3243 5399 3337 5453 καὶ
3358 5398 3582 5470 ἄριστόν
3615 5417 3680 5468 γε
3706 5400 3768 5453 τὸ

2169 5497 2360 5568 χρῆμα
2389 5495 2546 5557 εἰδὼς
2583 5495 2612 5546 6
2647 5491 2810 5561 σοφὸς
2838 5491 3041 5562 γράφει
3077 5491 3313 5555 naua;-
3352 5511 3370 5542 ι
3395 5491 3476 5578 ,Εἴ
3505 5508 3590 5554 τις
3615 5491 3769 5545 δοκεῖ

2172 5589 2332 5652 ἄλλος
2360 5585 2680 5641 πεποιθέναι
2727 5585 2785 5638 ἐν
2831 5585 3029 5656 σαρκὶ,
3064 5583 3176 5653 ἐγὼ
3217 5583 3439 5655 μᾶλλον.
3485 5584 3766 5656 Περιτομῂ

2175 5680 2538 5750 ὀκταήμερος,
2588 5677 2654 5730 ἐκ
2679 5675 2870 5744 γένους
2939 5674 3155 5746 Ἰσραὴλ
3178 5717 3193 5741 ,
3249 5673 3424 5744 φυλῆς
3477 5674 3766 5744 Βενιαμὶν,

2363 5792 2410 5829 ⁸⁸
2435 5793 2592 5850 Rom.
2631 5806 2710 5858 ut,
2767 5789 2854 5854 l9,
2883 5787 2973 5844 20.
3052 5788 3097 5822 δ’
3130 5787 3304 5844 Exod.
3336 5803 3426 5853 ιιι,
3491 5787 3556 5843 15
3605 5803 3761 5860 seqq.

471 4848 775 4905 sceleribus
804 4851 1058 4922 abjectis,
1090 4851 1160 4906 ad
1198 4866 1477 4906 summum
1515 4861 1798 4922 postremo
1841 4852 2066 4908 virtutis

471 4943 683 5012 apicem
745 4945 1260 5000 conscenderimus.
1327 4945 1518 5015 Itaque
1584 4943 1850 5002 Dominus
1905 4944 2068 5001 Iesus

471 5034 725 5090 Christus
759 5054 772 5089 :
799 5057 816 5087 ι
842 5036 1044 5102 Amen,
1067 5016 1252 5103 amen,
1283 5055 1300 5087 ι
1330 5036 1530 5108 inquit,
1551 5056 1579 5088 ι.
1601 5036 1725 5092 dico
1753 5036 1931 5102 vobis,
1955 5037 2062 5092 nisi

473 5127 836 5183 abundaverit
857 5127 1074 5200 justitia
1109 5136 1292 5183 vestra
1323 5128 1449 5199 plus
1469 5142 1634 5198 quam
1659 5127 1976 5184 Scribarum
2007 5136 2064 5182 et

474 5219 908 5284 Pharisaeorum,
972 5234 1084 5273 non
1149 5217 1428 5274 intrabitis
1484 5219 1542 5274 in
1603 5234 1833 5291 regnum
1891 5219 2061 5274 caelo-

476 5327 597 5366 rum
635 5313 703 5366 ⁵ο.
755 5331 774 5363 ι
807 5309 1074 5381 lntelligis
1121 5309 1288 5382 igitur
1326 5311 1595 5383 justitiam
1628 5311 1722 5367 illa
1763 5311 1924 5383 legali
1964 5328 2062 5368 ex-

473 5404 851 5459 cellentiorem
907 5413 1238 5474 praeceptam
1291 5420 1413 5460 esse
1467 5421 1497 5461 a
1553 5405 1788 5461 Domino
1833 5412 2061 5472 nostro,

474 5511 707 5565 eamque
739 5509 864 5548 cum
900 5511 1020 5550 esse
1066 5485 1576 5567 przestantissimam
1625 5497 1811 5562 sciret,
1860 5497 2065 5552 Paulus

475 5585 568 5639 ille
597 5584 816 5654 sapiens
846 5586 1071 5644 scribit:
1098 5588 1204 5667 «.Si
1229 5590 1355 5660 quis
1372 5590 1514 5646 alius
1540 5590 1761 5646 videtur
1787 5589 2064 5644 conﬁdere

478 5675 533 5732 in
557 5691 744 5740 carne,
769 5692 870 5748 ego
899 5680 1090 5750 magis.
1119 5679 1492 5737 Circumcisus
1515 5689 1707 5737 octavo
1740 5681 1850 5747 die,
1881 5697 1948 5735 ex
1974 5695 2068 5751 ge-

549 5790 596 5868 ξξ
621 5790 972 5868 Rom.l,“l6‘,
1015 5796 1100 5852 Π.
1182 5796 1228 5830 ⁸⁸
1259 5795 1424 5865 lbidu,
1474 5797 1539 5852 17
1602 5812 1715 5868 δεηο

477 5863 523 5896 ⁸⁸
549 5861 738 5921 Matth.
759 5881 809 5928 γ,
835 5864 922 5921 20.

1813 5797 1856 5829 ⁸⁷
1893 5795 2060 5852 Hebr.
2111 5811 2164 5863 v,
2215 5795 2266 5850 l.

3829 2929 3865 2968 κ
