4096 6440
391 425 510 483 ξιτ

1168 417 1258 474 DE
1299 409 1751 472 ADORATIONE
1791 408 1862 464 1N
1903 401 2178 463 SPIRITU
2221 399 2310 461 ET
2353 390 2730 454 VEll-‘ITATE.
2768 386 2900 446 LIB.
2942 382 3004 442 ll.

399 545 670 616 Ἑϐραῖος
693 541 756 608 ἐξ
794 538 1090 614 Ἐϐραίων,
1138 535 1281 593 κατά
1315 534 1484 608 νόμον
1521 532 1844 605 Φαρισαῖος,
1871 526 2018 584 κατά
2045 536 2063 593 Α

2166 535 2254 576 ere
2291 517 2489 581 Israel,
2531 529 2602 570 ex
2645 510 2796 567 tribu
2835 499 3156 577 Beniamin,
3186 492 3462 553 Hebraeus,
3497 502 3568 543 ex
3615 485 3726 539 lle-

2239 608 2250 616 ·
2525 602 2539 616 ·
2666 601 2707 616 ικ
2764 612 2836 616 ς--
2867 591 3178 616 mnum...
3225 579 3532 616 Manna...“
3559 589 3726 616 ωηηι,

388 637 568 710 ζῆλον
587 634 806 691 διώκων
840 634 943 706 τὴν
979 631 1336 702 Ἐκκλησίαν,
1363 628 1509 683 κατά
1533 623 1889 696 δικαιοσύνην
1918 621 2018 693 τὴν

385 735 458 787 ἀν
503 731 662 802 νόμῳ
684 728 984 800 γενόμενος
1021 727 1338 799 ἄμεμπτος.
1374 721 1575 776 "Att-va.
1601 715 1677 792 ἦν
1708 735 1799 790 μοι
1823 714 2014 786 κέρδη,

386 827 584 882 ταῦτα
625 825 846 896 ἥγημαι
877 820 970 876 διά
1004 820 1098 875 τὸν
1139 815 1377 890 Χριστὸν
1422 805 1654 886 ζημίαν.
1715 807 1878 865 Ἀλλά
1921 806 2021 880 μὲν

389 916 498 975 οὖν
525 937 595 990 γε
619 917 866 990 ἠγοῦμαι
895 915 967 971 τὰ
997 913 1182 969 πάντα
1213 910 1423 984 ζημίαν
1456 904 1618 971 εἶναι,
1647 903 1739 960 διὰ
1767 902 1829 956 τὸ
1853 901 2023 972 ὑπερ-

393 1014 532 1085 έχον
565 1010 669 1082 τῆς
694 1008 957 1080 γνώσεως
995 1005 1174 1078 Ἰησοῦ
1203 1001 1446 1079 Χριστοῦ
1473 998 1570 1055 τοῦ
1601 996 1816 1071 Κυρίου
1839 994 2021 1066 ἡμῶνο

395 1106 468 1160 δι’
513 1103 695 1160 ὃνοτά
727 1102 910 1157 πάντα
949 1098 1300 1171 ἐζημιώθην·
1345 1096 1444 1151 καὶ
1489 1091 1735 1166 ἠγοῦμαι
1781 1088 2026 1145 σκύϐαλα

397 1195 577 1262 εἶναι,
615 1197 708 1250 ἵνα
737 1192 974 1267 Χριστὸν
1000 1190 1274 1264 κερδήσω,
1306 1187 1404 1243 καὶ⁸
1439 1184 1652 1258 εὑρεθῶ
1682 1185 1742 1238 ὲν
1769 1181 1922 1254 αὐτῷ
1950 1180 2026 1252 μὴ

397 1292 554 1363 ἔχων
588 1289 736 1362 ὲμὴν
771 1286 1133 1358 δικαιοσύνην
1166 1284 1267 1356 τὴν
1297 1285 1364 1338 ὲκ
1395 1281 1590 1352 νόμου,
1636 1277 1780 1334 ἀλλά
1803 1277 1905 1350 τὴν
1938 1274 2032 1331 διὰ

401 1389 658 1452 πίστεως
687 1383 953 1459 Χριστοῦ.
986 1403 1011 1437 ›

489 1647 712 1702 ΠΑΛΛ.
759 1644 998 1716 Συνίημι
1052 1643 1174 1715 μὲν,
1217 1642 1400 1715 σαφὴς
1446 1639 1556 1712 γάρ
1597 1642 1627 1694 6
1661 1639 1843 1708 λόγος·
1892 1637 2037 1710 πλὴν

405 1746 602 1798 ἐκεῖνο
631 1741 865 1814 φράσον.
890 1739 956 1794 Τί
981 1739 1057 1812 μὴ
1082 1737 1283 1811 μᾶλλον
1307 1739 1365 1792 ὲν
1389 1737 1588 1808 ἀρχαῖς
1618 1735 1652 1805 ὴ
1679 1732 1771 1788 διὰ
1800 1731 2038 1797 πίστεως

407 1837 555 1910 ἡμῖν
582 1831 932 1905 δικαιοσύνη,
967 1830 1065 1888 καὶ
1101 1833 1132 1885 6
1161 1830 1280 1884 κατ⁹
1307 1827 1479 1900 αὐτὴν
1508 1825 1785 1898 ἁγιασμὸς
1812 1823 2039 1878 ὲθεσπίο

2122 608 2306 672 bracis,
2333 602 2641 661 secundum
2666 601 2844 670 legem
2867 591 3202 653 Pbariswus,
3225 579 3534 640 secundum
3559 589 3731 632 aemu-

2122 702 2388 759 lationem
2442 667 2784 769 persequens
2831 686 3160 749 Ecclesiam,
3207 674 3518 737 secundum
3561 667 3731 741 justi-

2125 793 2262 850 tiam
2289 790 2396 863 53
2425 759 2550 859 quae
2689 783 2812 854 lege
2848 787 2955 844 est,
2999 774 3122 832 sine
3154 767 3406 843 querela.
3456 759 3569 818 Sed
3609 771 3735 828 qua:

2125 886 2264 946 mihi
2311 857 2542 940 ﬁlerunt
2587 879 2778 940 lucra,
2814 873 2932 928 haec
2977 867 3283 924 arbitratus
3333 872 3457 915 sum
3506 857 3734 924 propter

2126 980 2410 1040 Christum
2439 971 2794 1030 detrimenta.
2823 966 3031 1022 Verum
3055 960 3223 1018 etiam
3245 951 3503 1012 existimo
3547 942 3736 1001 omnia

2129 1073 2529 1132 detrimentum
2573 1078 2731 1127 esse,
2781 1066 3010 1131 propter
3055 1052 3393 1110 eminentem
3446 1037 3737 1097 scientiam

2059 1174 2063 1178 “
2129 1168 2262 1226 Jesu
2285 1158 2495 1220 Christi
2530 1152 2755 1212 Domini
2785 1130 2972 1206 nostri
2991 1164 3017 1213 ;.
3036 1153 3264 1217 propter
3291 1151 3457 1209 qpem
3489 1130 3741 1188 omnium

2134 1257 2535 1316 detrimentum
2566 1246 2693 1313 feci,
2725 1252 2792 1302 et.
2817 1241 3060 1298 arbitror
3091 1246 3155 1292 ut
3184 1242 3462 1292 stercora,
3487 1233 3550 1280 ut
3576 1220 3743 1278 Chri-

2135 1359 2282 1408 stum
2328 1343 2695 1406 lncrifaciam,
2741 1347 2800 1394 et
2846 1331 3100 1389 inveniar
3146 1327 3203 1382 in
3240 1325 3334 1380 illo
3371 1336 3484 1376 non
3529 1315 3746 1371 habens

2135 1456 2317 1500 meam
2340 1435 2634 1512 justitiam,
2663 1445 2788 1503 quae
2820 1443 2889 1483 ex
2933 1425 3052 1495 lege
3082 1427 3196 1486 est,
3236 1415 3335 1472 sed
3375 1427 3498 1484 quae
3535 1416 3620 1464 est
3645 1421 3746 1476 per

2138 1536 2304 1592 ﬁdem
2331 1528 2538 1590 Christi
2572 1527 2640 1582 δι.
2679 1544 2699 1578 ι

2210 1591 2411 1680 PALL.
2448 1615 2704 1687 Intelligo
2733 1611 2899 1684 plane
2926 1614 3164 1678 :aperta
3195 1600 3348 1657 enim
3389 1612 3451 1652 es
3495 1591 3747 1649 oratione

2142 1731 2296 1773 usus.
2341 1710 2484 1768 lllud
2530 1681 2714 1764 tamen
2736 1681 2990 1776 explices
3033 1697 3199 1753 velim
3232 1711 3244 1748 :
3275 1691 3334 1747 Si
3366 1687 3435 1743 ad
3466 1681 3750 1740 hominem

2142 1803 2544 1887 perﬁciendum
2576 1816 2689 1856 non
2728 1795 2864 1854 satis
2893 1801 3014 1849 erat
3055 1788 3283 1858 antiqua
3315 1783 3426 1846 lex,
3451 1793 3551 1833 cur
3577 1788 3686 1829 non
3721 1786 3755 1824 a

409 1879 570 1996 ζῖτο,
598 1929 762 2000 εἴπερ
791 1879 1140 1997 οὒκιάπόχρη
1167 1879 1259 1988 είς⁷
1584 1879 1810 1974 δ’έτξιλᾶι
1836 1915 2038 1988 νόμος;

2166 1898 2420 1970 ιτίιιοὶρὶο
2463 1894 2652 1968 potius
2680 1887 2899 1964 iustitia
2947 1901 3049 1957 per
3100 1880 3298 1943 ﬁdem,
3352 1881 3416 1928 et
3447 1884 3570 1942 qua:
3595 1881 3663 1921 ex
3687 1879 3755 1918 ea

2241 1993 2252 2000 ‘
2316 1991 2347 2000 ··
2545 1984 2617 2000 “1"
2693 1983 2758 2000 ι’-
2803 1996 2890 2000 --η
2908 1978 3005 2000 -ξι..
3034 1973 3140 2000 λιιι)

488 2114 667 2171 ΚΥΡ.
711 2113 857 2176 Ὅτι,
904 2105 951 2166 ὦ
995 2112 1218 2183 ἑταῖρε,
1257 2107 1427 2180 φαίην
1453 2107 1543 2174 ἂν,
1585 2103 1904 2170 ἀπονίζεται
1939 2101 2040 2172 μὲν

414 2208 657 2272 εἰκότως
694 2205 758 2260 τὸ
789 2205 1023 2279 ρυποῦν,
1063 2202 1452 2275 ἀποσμήχεται
1481 2199 1540 2254 δὲ
1576 2197 1638 2252 τὸ
1685 2191 2042 2270 μεμολυσμέ-

2139 1991 2376 2056 exsistit,
2405 1983 2769 2044 sanctiﬁcatio
2799 1978 3012 2036 sancita
3034 1973 3140 2043 sit?

2210 2087 2370 2143 CYR.
2406 2081 2547 2151 Quia
2595 2086 2776 2141 certe,
2823 2069 3035 2130 Palladi
3053 2109 3079 2133 ,.
3121 2065 3176 2121 id
3225 2050 3756 2119 convenientissime

2143 2140 2392 2236 abluitur
2414 2140 2563 2248 quod
2607 2140 2954 2228 sordidatum
2980 2169 3102 2228 est;
3145 2157 3202 2213 id
3237 2149 3574 2222 abstergitur
3605 2140 3758 2214 quod

414 2233 657 2272 εικοτως
694 2233 758 2260 τυ
789 2233 1023 2279 ρυπυυν,
1063 2233 1452 2275 ατιυυμιιχςιιιι
1481 2233 1540 2254 νο
1587 2233 1638 2252 νυ
1685 2233 2039 2270 μςρνηυυβνν

413 2318 539 2367 νον,
586 2301 688 2354 καὶ
733 2296 1239 2371 καταφαιδρύνεται
1281 2295 1343 2349 τὸ
1387 2290 1801 2362 ὲσκοτισμένον’
1840 2285 2044 2360 πρέποι

2166 2283 2231 2330 :st
2262 2271 2614 2343 inquinatum
2633 2283 2659 2333 ;
2679 2262 2735 2319 id
2764 2261 3076 2316 illustratur
3123 2251 3213 2307 cui
3262 2244 3506 2302 tenebra:
3527 2233 3764 2295 suntcf—

2166 2367 2172 2371 ’
2371 2361 2414 2371 ““
2692 2364 2703 2371 ·
2825 2361 2836 2371 ι
2855 2367 2928 2371 μη
2998 2347 3190 2371 ηιξ-ιιι..
3254 2342 3404 2371 ιιι-ιρι
3455 2326 3763 2371 Golvnlnris

416 2396 464 2449 δ’
499 2395 594 2461 ἂν,
620 2389 802 2466 οἶμαι,
826 2391 973 2446 κατὰ
1001 2391 1104 2462 τὴν
1128 2389 1222 2443 τοῦ
1241 2387 1497 2460 Σωτῆρος
1520 2385 1732 2457 φωνὴν,
1747 2379 2046 2453 θεραπεύε-

420 2489 558 2544 σθαι
596 2487 704 2560 μὲν
749 2485 814 2542 τὸ
841 2483 1242 2558 ήρῤωστηκὸς,
1269 2481 1557 2537 καλεῖσθαι
1597 2479 1656 2534 δὲ
1695 2477 1834 2551 πρὸς
1876 2473 2046 2548 μετά-

420 2594 664 2650 γνωσιν,
691 2576 816 2649 οὐχὶ
841 2577 972 2640 τοὺς
993 2572 1387 2646 ήγιασμένους,
1407 2571 1546 2626 ἀλλά
1568 2572 1698 2635 τοὺς
1721 2571 1843 2634 ταῖς
1869 2569 2052 2640 ἁμαρ·

422 2671 576 2735 τίαις
586 2667 1050 2740 ὲπηχθισμένους.
1069 2658 1148 2719 Ἦ
1163 2665 1272 2736 γὰρ
1287 2662 1410 2735 οὐχὶ
1428 2659 2052 2736 προκαταγινώσκεσθαι

425 2763 544 2836 χρὴ
565 2763 698 2826 τοὺς
721 2760 1099 2833 καλουμένους
1123 2759 1210 2824 είς
1235 2757 1454 2827 ἄφεσιν,
1487 2756 1584 2811 καὶ
1613 2755 1681 2808 ὲκ
1703 2754 1804 2825 τῆς
1826 2752 2055 2821 ἐνούσης

429 2858 628 2920 αὐτοῖς
652 2852 943 2917 ἀσθενείας
971 2850 1465 2913 κεκινδυνευκότας
1482 2888 1498 2913 ,
1526 2845 1761 2919 ὁρᾶσθαι
1787 2844 2060 2916 λελυτρω-

435 2945 676 3019 μὲνους;
704 2944 857 2998 Ἔδει
880 2940 1176 3014 τοιγαροῦν
1201 2940 1422 3012 ἔλεγχον
1438 2937 1630 3009 ὥσπερ
1650 2935 1781 2992 τινὰ,
1801 2935 1898 2991 καὶ
1922 2952 2060 2989 κατ-

437 3041 646 3112 ήγορον
693 3036 905 3110 ἀκριϐῆ
961 3036 1065 3108 τῆς
1113 3035 1375 3090 ἁπάντων
1419 3031 1745 3095 ἀσθενείας,
1807 3028 1902 3084 τὸν
1961 3028 2064 3099 τῆς

437 3131 729 3206 ἁμαρτίας
765 3129 1040 3186 δεικτικὸν
1068 3125 1582 3202 προαναφαίνεσθαι
1615 3124 1805 3196 νόμον,
1849 3123 1938 3177 ἵνα
1965 3121 2065 3176 καὶ

440 3227 545 3299 τῆς
601 3225 760 3288 θείας
811 3225 946 3297 ἡμῖν
996 3222 1344 3295 ἡμερότητος
1392 3219 1496 3289 τῆς
1549 3217 1640 3271 διά
1683 3213 1920 3288 Χριστοῦ
1984 3211 2060 3286 μὴ

442 3321 716 3392 ἀγνοῆται
745 3318 810 3372 τὸ
841 3316 1096 3391 μέγεθος.
1128 3314 1242 3370 Ποῦ
1272 3313 1382 3386 γὰρ
1411 3313 1446 3384 ἢ
1471 3311 1590 3375 πῶς
1623 3311 1658 3382 ἡ
1680 3311 1779 3382 τῆς
1809 3308 2063 3379 ἀφέσεως

444 3417 637 3488 χάρις,
663 3415 715 3468 εί
748 3412 831 3486 μὴ
865 3410 1158 3466 ὑποκέοιτο
1204 3409 1276 3463 τὰ
1313 3407 1680 3479 ὲγκλήματα;
1727 3404 1838 3459 Καὶ
1868 3405 1919 3458 εί
1958 3403 2066 3476 χρὴ

449 3507 934 3582 βραχυλογοῦντας
965 3505 1067 3560 καὶ
1093 3503 1188 3558 ἐπί
1227 3520 1395 3558 τινων
1424 3499 1670 3575 ἀρχαίων
1703 3498 2069 3571 διηγημάτων

450 3600 764 3672 ἀναπηδᾷν,
791 3597 906 3670 ὲρῶ
929 3597 1116 3662 πάλιν,
1157 3597 1242 3651 ὅτι
1277 3595 1357 3668 τῷ
1385 3595 1484 3668 μὲν
1538 3592 1792 3666 Ἀϐραὰμ
1830 3591 2070 3663 ὲπηγέλ-

449 3695 580 3750 λετο
614 3693 645 3746 6
678 3692 815 3757 Θεὸς
840 3691 943 3764 τὴν
976 3690 1068 3746 διά
1096 3690 1336 3753 πίστεως
1367 3688 1553 3761 χάριψ
1597 3686 1693 3740 καὶ
1725 3684 1980 3756 καθάπερ
2011 3684 2072 3738 ὲν

451 3790 693 3861 ἀπαρχῇ
730 3784 843 3841 τῶν
913 3784 1239 3857 ἠλεημένων
1264 3821 1283 3849 ,
1348 3784 1407 3837 ὲν
1474 3780 1626 3852 αὐτῷ
1688 3777 2074 3852 πρεσϐυτέραν

455 3883 701 3935 ἐποιεῖτο
754 3876 853 3934 τοῦ
882 3877 1054 3947 νόμου
1085 3874 1189 3950 τὴν
1231 3875 1292 3943 ἐξ
1328 3873 1670 3948 ἡμερότητος
1707 3872 1926 3944 ἄφεσιν.
1977 3869 2076 3925 Γέ-

455 3990 710 4048 γραπται
738 3972 886 4044 γᾰρη,
913 3971 1036 4038 ὅτι,
1065 3988 1085 4023 ι
1122 3968 1477 4023 Ἐπίστευσεν
1523 3965 1776 4039 ’Δϐραάμ
1813 3965 1894 4037 τῷ
1919 3962 2075 4043 Θεῷ,

460 4041 560 4123 καὶ
587 4041 852 4136 ὶλογίσθη
873 4061 1028 4135 αὐτῷ
1057 4062 1142 4127 είς
1166 4060 1539 4131 δικαιοσύνην.
1577 4079 1597 4113 δ
1630 4041 2080 4132 Προσδιαμαρτύ-

463 4177 625 4236 ρεται
670 4159 730 4214 δὲ
765 4157 944 4227 λέγων
988 4157 1019 4211 6
1050 4154 1296 4220 Παῦλοςο
1352 4172 1373 4208 ι
1410 4152 1539 4218 Πῶς
1565 4148 1660 4208 οὖν
1698 4150 1989 4223 ὲλογίσθη;
2019 4151 2079 4205 ὲν

461 4254 744 4328 περιτομῇ
765 4252 800 4324 ἢ
822 4252 883 4305 ὲν
906 4246 1252 4324 ἀκροϐυστίᾳ
1271 4263 1288 4314 ;
1317 4246 1435 4302 οὐκ
1453 4246 1512 4300 ὲν
1541 4246 1852 4317 περιτομῇ,
1889 4242 2079 4316 φησὶν,

462 4348 584 4406 ἀλλ’
620 4347 682 4402 ὲν
726 4341 1102 4416 ἀκροϐυστίᾳ·
1136 4340 1234 4396 καὶ
1277 4340 1509 4411 σημεῖον
1551 4336 1713 4391 ἔλαϐε
1749 4335 2080 4410 περιτομὴν,

467 4439 750 4512 σφραγίδα
772 4438 874 4509 τῆς
905 4433 1258 4506 δικαιοσύνης
1282 4432 1382 4504 τῆς
1413 4430 1675 4495 πίστεως,
1695 4429 1795 4501 τῆς
1825 4431 1884 4484 ὲν
1911 4430 2082 4502 ἀκρο.

467 4534 694 4605 δυστίᾳ.
733 4550 754 4586 ι
800 4528 1045 4586 Ἤκουσε
1081 4544 1145 4582 τε
1194 4523 1332 4581 Θεοῦ
1364 4523 1618 4594 λέγοντος
1649 4522 1921 4596 ἐναργῶς,
1962 4523 2048 4578 ὅτι
2067 4563 2082 4590 ,

475 4649 498 4682 ι
547 4622 1106 4695 Ἐνευλογηθήσονται
1132 4620 1190 4674 ὲν
1217 4619 1304 4674 σοι
1350 4615 1532 4672 πάντα
1559 4615 1629 4671 τά
1655 4614 1805 4688 ἔθνη.
1842 4634 1862 4668 ι
1897 4614 1972 4670 Τὸ
2006 4614 2090 4682 δὲ,
2121 4622 2169 4680 D

477 4741 498 4771 ι
540 4721 602 4774 ὲν
638 4716 744 4782 σοὶ,
780 4734 799 4768 ι
845 4713 1112 4788 σημαίνοι
1129 4712 1198 4768 ἂν
1226 4711 1310 4778 τὸ,
1346 4708 1473 4765 καθ’
1495 4709 1792 4782 ὁμοιότητα
1815 4709 1920 4782 την
1944 4709 2081 4781 σήνο

472 4812 628 4869 οὕτω
652 4827 716 4864 τε
747 4809 931 4871 συνεὶς
974 4808 1004 4861 6
1051 4804 1268 4869 Παῦλος
1307 4819 1444 4876 φησι
1477 4819 1493 4836 ο
1539 4821 1561 4856 ι
1609 4801 1920 4874 Προτδοῦσα
1947 4801 2007 4856 δὲ
2050 4802 2086 4875 ὴ

475 4904 678 4979 Γραφὴ
715 4903 799 4959 ὅτι
825 4903 892 4957 ὲκ
920 4901 1164 4964 πίστεως
1199 4899 1404 4954 δικαιοῖ
1426 4895 1496 4950 τὰ
1522 4893 1651 4967 ἔθνη
1698 4895 1726 4947 6
1765 4894 1920 4960 Θεὸς,
1957 4911 2092 4967 προ-

476 4997 892 5072 ευηγγελίσατο
914 4983 994 5067 {ip
1021 4991 1300 5064 Ἀϐραὰμ,
1323 4991 1409 5046 ὅτι
1450 4988 2006 5060 Ἐνευλογηθήσονται
2034 4989 2094 5042 ὲν

481 5096 572 5150 σοι
602 5093 785 5147 πάντα
814 5089 886 5144 τά
911 5088 1064 5160 ἔθνη.
1097 5087 1265 5142 Ὥστε
1298 5087 1352 5140 oi.
1373 5087 1439 5140 ὲκ
1468 5084 1706 5148 πίστεως
1739 5081 2094 5152 εὐλογοῦνται

481 5187 586 5240 σὺν
633 5182 714 5256 τῷ
757 5179 940 5251 πιστῷ
987 5178 1265 5252 Ἁϐραάμ.
1297 5193 1318 5229 ι
1369 5175 1608 5248 Σημεῖον
1639 5167 1734 5228 οὖν
1763 5170 1872 5244 ἄρα
1904 5171 2008 5242 τῆς
2037 5171 2097 5224 ὲν

481 5276 830 5351 ἀκροϐυστία
852 5276 1092 5336 πίστεως
1116 5311 1132 5335 ,
1162 5271 1197 5342 ἠ
1227 5267 1523 5341 περιτομὴ,
1551 5265 1898 5321 δεδικαίωται
1921 5264 1980 5319 δὲ
1997 5263 2100 5318 οὐκ

483 5370 548 5438 ἑξ
573 5369 756 5442 ἔργων
784 5367 955 5439 νόμου
975 5405 990 5432 ,
1029 5363 1126 5418 καὶ
1155 5362 1259 5433 τῆς
1303 5361 1362 5413 ἐν
1414 5359 1582 5432 σαρκὶ
1612 5356 1920 5428 περιτομῆς
1963 5371 2102 5429 πρε-

486 5462 738 5536 σϐύτερα
767 5460 1024 5531 φαίνεται
1036 5457 1106 5512 τὰ
1139 5456 1226 5511 διὰ
1253 5455 1438 5509 πίστιν
1466 5452 1782 5525 αὐχήματα.
1803 5449 1961 5515 Φίλος
1989 5447 2102 5522 γὰρ

487 5556 704 5629 ἐκλήθη
728 5555 890 5611 Θεοῦ.

489 5666 661 5724 sunt,
715 5653 1129 5712 benedicuntur
1185 5662 1314 5705 cum
1365 5645 1515 5702 ﬁdeli

596 5859 668 5947 “_
703 5857 947 5985 Phi'lipg.

504 5949 600 5993 ιιι.
637 5947 692 5988 o.
823 5931 844 5962 °
938 5945 947 5984 :

509 5949 600 6001 ιιι,
637 5931 692 5988 5.
796 5924 1199 5995 ’θ’ὒαιιιι.-ω,
1233 5924 1288 5982 8.

1011 5870 1090 5919 Ill,
1139 5853 1260 5909 4-9.
1358 5855 1401 5888 ⁵³
1446 5851 1638 5911 Matth.
1665 5867 1738 5918 lx,
1767 5848 1854 5906 15.
1963 5842 2063 5900 ⁸³(

2166 5855 2246 5898 es.
2278 5835 2469 5906 xv,6;
2525 5820 2869 5894 Bom.tv,'5.
2968 5814 3014 5849 ἰ
3046 5809 3212 5878 tua»,
3265 5803 3349 5862 to.
3399 5769 3485 5855 ll.

2148 2367 2304 2422 fusze.
2339 2326 2590 2434 ⁵Ᾱείιιιιιιιι
2625 2326 2712 2412 est
2749 2361 2968 2416 autem,
2993 2347 3225 2418 opinor,
3251 2342 3410 2412 juxta
3455 2326 3763 2388 Salvatoris

2149 2450 2325 2509 nostri
2348 2465 2542 2505 vocem
2571 2443 2754 2502 curari
2790 2440 2942 2513 quod
2984 2436 3266 2492 inﬁrmum
3289 2429 3361 2484 sit
3377 2421 3605 2495 avocari
3628 2431 3764 2473 vero

2153 2547 2222 2608 ad
2260 2542 2669 2619 paenitentiam,
2708 2553 2823 2594 non
2851 2549 2948 2590 cos
2985 2529 3081 2602 qui
3122 2519 3450 2583 sanctiﬁcati
3484 2521 3634 2578 sunt,
3666 2509 3765 2565 sed

2155 2643 2252 2715 qui
2294 2646 2521 2714 propter
2563 2642 2791 2708 peccata
2823 2629 2937 2686 sint
2980 2620 3146 2680 invisi
3183 2621 3251 2672 ".
3292 2615 3376 2670 An
3417 2624 3549 2666 vero
3575 2601 3769 2675 negari

2157 2702 2340 2810 potest
2387 2702 2523 2805 quin
2564 2702 2742 2786 luerit
2775 2739 2938 2798 opus,
2989 2717 3086 2790 qui
3136 2713 3205 2770 ad
3253 2702 3600 2766 remissionis
3641 2714 3768 2771 gra-

2161 2832 2295 2888 tiam
2310 2835 2666 2891 vocarentur,
2685 2837 2784 2880 eos
2813 2827 2942 2876 ante
2963 2805 3357 2873 condemnari,
3382 2809 3445 2857 ut
3465 2813 3591 2855 cum
3616 2792 3774 2866 prius

2163 2933 2390 2997 propter
2415 2887 2797 2976 inﬁrmitatem
2823 2926 2946 2983 quae
2966 2910 3026 2962 in
3049 2905 3160 2961 illis
3189 2905 3357 2964 esset,
3382 2895 3439 2948 in
3462 2887 3658 2948 salutis
3679 2900 3776 2956 pe-

2166 3016 2404 3072 riculum
2434 3012 2738 3074 venissent,
2773 3014 2891 3061 tum
2923 2999 3166 3069 denique
3204 2986 3477 3059 redempti
3514 2981 3775 3039 videren-

2169 3111 2296 3167 tur?
2362 3106 2634 3176 Quocirca
2685 3114 2914 3156 necesse
2982 3093 3090 3150 fuit
3137 3088 3292 3145 velut
3338 3073 3777 3149 redargutricem

2171 3199 2490 3274 quamdam,
2525 3204 2582 3253 ct
2622 3187 3104 3263 diligentissimam
3149 3172 3492 3236 inﬁrmitatis
3528 3163 3778 3223 omnium

2166 3292 2564 3352 accusatricem
2597 3282 2936 3358 promulgari
2968 3280 3148 3350 legem
3177 3286 3300 3329 eam
3341 3265 3432 3324 cui
3475 3263 3559 3318 vis
3589 3265 3782 3315 osten-

2169 3385 2338 3445 dendi
2379 3351 2669 3456 peccatum
2707 3351 2934 3438 inesset,
2973 3379 3036 3426 ut
3062 3383 3134 3424 ne
3165 3363 3369 3421 divinae
3398 3351 3782 3426 benignitatis,

2171 3495 2294 3553 qua:
2314 3443 2414 3550 per
2434 3473 2722 3531 Christum
2751 3463 3002 3523 exhibita
3023 3467 3131 3525 est,
3163 3449 3604 3528 magnitudinem
3630 3443 3787 3514 igno-

2171 3587 2442 3632 raremus.
2467 3566 2575 3626 Ubi
2597 3563 2749 3621 enim
2778 3568 2876 3617 aut
2901 3553 3185 3630 quomodo
3217 3548 3386 3606 fuerit
3407 3545 3566 3600 locus
3589 3537 3786 3594 remit-

2174 3667 2314 3727 tenti
2346 3663 2558 3738 gratiae,
2599 3657 2710 3715 nisi
2733 3655 2892 3729 prius
2920 3632 3678 3716 criminibus_demonstratis
3706 3641 3792 3687 at-

2175 3778 2286 3835 que
2313 3723 2666 3816 constitutis?
2685 3723 2894 3823 Atque,
2915 3753 2979 3801 ut.
2997 3741 3156 3799 brevi
3179 3747 3304 3795 utar
3334 3731 3610 3794 oratione,
3641 3732 3698 3785 et
3719 3723 3791 3777 ad

2180 3814 2280 3835 Ἰ““’
2324 3814 2338 3816 “
2357 3814 2367 3815 ί
2775 3814 2794 3823 -

2176 3861 2428 3910 veterum
2458 3842 2712 3917 exempla
2738 3846 3046 3902 recurram,
3070 3831 3253 3889 dicam
3283 3826 3471 3882 denuo
3505 3837 3520 3875 :
3555 3814 3794 3875 Abrahae

2179 3941 2480 4018 spopondit
2510 3909 2739 4009 quidem
2766 3933 2916 3988 Deus
2952 3926 3188 4000 gratiam
3231 3936 3332 3992 per
3366 3915 3554 3978 ﬁdem,
3597 3909 3655 3965 in
3693 3920 3794 3961 eo-

2178 4058 2288 4116 que
2323 4035 2550 4094 homine
2581 4041 2845 4100 tanquam
2886 4024 2943 4079 in
2969 4016 3233 4094 primitiis
3263 4024 3459 4069 eorum
3499 4003 3596 4076 qui
3625 4000 3796 4056 mise-

3116 4110 3128 4116 ‘
3195 4109 3207 4116 '
3516 4114 3543 4116 κς
3577 4093 3671 4116 “-2
3701 4092 3769 4116 1...

2181 4092 2286 4116 ‘1“
2324 4092 2358 4094 η
2375 4092 2384 4094 ‘
2695 4092 2716 4100 -
2971 4092 2987 4094 _

2181 4132 2478 4194 ricordiam
2504 4120 2789 4183 consecuti
2813 4125 2964 4183 sunt,
2991 4109 3402 4170 remissionem,
3428 4114 3552 4171 quae
3577 4093 3675 4151 Dei
3701 4092 3800 4146 ιω-

2182 4227 2451 4302 nignitate
2472 4225 2792 4294 praestatur,
2819 4213 2939 4285 ipsa
2958 4209 3080 4280 lege
3103 4200 3438 4259 nobiliorem
3459 4191 3614 4248 fecit.
3641 4185 3797 4242 Scri-

2183 4290 2342 4397 ptum
2364 4329 2452 4378 est
2473 4290 2626 4376 enim
2660 4332 2675 4370 :
2700 4334 2718 4364 ι
2746 4304 2999 4366 Credidit
3025 4297 3306 4357 Abraham
3329 4292 3466 4354 Deo,
3490 4292 3549 4340 et
3570 4290 3800 4352 reputa-

2187 4383 2305 4476 tum
2337 4421 2440 4490 est
2494 4413 2550 4471 ei
2595 4409 2667 4467 ad
2706 4401 2986 4481 justitiam
3033 4395 3101 4449 ⁵³.
3154 4410 3173 4445 ι
3219 4389 3568 4446 Protestatur
3613 4383 3801 4432 autem

2187 4487 2415 4577 Paulus,
2459 4513 2630 4578 atque
2661 4475 2743 4558 ait
2792 4516 2807 4553 :
2861 4514 2881 4548 ι
2928 4484 3221 4561 Quomodo
3262 4479 3433 4574 igitur
3480 4475 3802 4543 reputatum

2201 4602 2322 4661 est?
2346 4601 2409 4658 In
2434 4592 2861 4656 circumcisione
2889 4601 2960 4641 an
3003 4583 3063 4638 in
3105 4563 3411 4652 praeputio?
3447 4567 3570 4624 Non
3601 4562 3660 4617 in
3689 4559 3802 4616 cir-

2191 4694 2584 4758 cumcisione,»
2607 4685 2810 4759 inquit,
2837 4701 2856 4734 ι
2874 4677 2972 4738 sed
2994 4676 3051 4731 in
3067 4667 3361 4746 praeputio;
3389 4672 3447 4719 et
3466 4661 3682 4731 signum
3708 4667 3804 4707 ac-

2196 4789 2349 4863 cepit
2403 4779 2918 4842 circumcisionem,
2969 4762 3318 4839 signaculum
3365 4751 3594 4828 iustitiae
3640 4743 3806 4810 ﬁdei,

2985 4860 2993 4863 ⁸
3139 4856 3176 4863 “
3481 4860 3535 4863 -μ
3553 4849 3661 4863 Α-ιιι
3703 4836 3806 4863 ..ειιε

2199 4836 2326 4957 (ιιιὲ
2366 4879 2474 4935 fuit
2519 4875 2578 4931 in
2635 4836 2911 4945 praeputio
2957 4836 3047 4921 αξξ
3081 4877 3100 4911 ι
3139 4856 3429 4921 Deumque
3475 4849 3664 4915 aperte
3702 4836 3811 4894 sibi

2203 4976 2482 5032 dicentem
2505 4965 2720 5024 audivit
2746 4981 2759 5017 :
2793 4979 2814 5015 ι
2845 4953 3255 5014 Benedicentur
3285 4942 3344 4998 in
3371 4949 3426 4995 te
3449 4949 3644 4994 omnes
3672 4947 3810 5004 gen-

2201 5075 2286 5124 tes
2323 5064 2393 5118 ".
2450 5081 2468 5113 ι
2507 5058 2686 5131 Hujus
2729 5059 2918 5108 autem
2963 5041 3123 5101 verbi
3159 5060 3178 5094 ι
3214 5039 3272 5094 in
3314 5043 3369 5089 te
3409 5051 3428 5084 ι
3463 5044 3530 5085 ea
3568 5024 3654 5080 vis
3693 5021 3812 5078 for-

2199 5167 2348 5215 tasse
2380 5154 2475 5220 sit,
2518 5119 2679 5207 ut'ad
2710 5139 3136 5202 similitudinem
3171 5142 3323 5188 tuam
3353 5119 3632 5196 signiﬁwt
3663 5133 3679 5171 :
3712 5129 3814 5172 eo-

2203 5268 2314 5325 que
2340 5263 2508 5307 sensu
2538 5258 2665 5301 cum
2697 5238 2906 5297 Paulus
2938 5227 3325 5290 intellexisset,
3355 5215 3538 5289 inquit
3564 5230 3578 5268 :
3619 5231 3638 5263 ι
3668 5211 3815 5266 Prae»

2207 5305 2410 5405 videns
2443 5352 2628 5398 autem
2661 5333 2946 5405 Scriptura
2995 5323 3105 5397 54'
3134 5317 3284 5393 quod
3311 5331 3382 5372 ex
3414 5312 3521 5368 ﬁde
3547 5305 3816 5383 justiﬁcat

2207 5449 2406 5514 gentes
2427 5437 2598 5499 Deus,
2623 5421 3021 5503 praenuntiavit
3053 5415 3357 5479 Abraham,
3381 5405 3819 5466 Benedicentur,

3236 5507 3258 5514 -
3298 5505 3310 5514 -
3523 5499 3536 5512 ο
3710 5490 3816 5514 n1-

2207 5490 2398 5514 ια’-ἠ-
2429 5490 2456 5492 ί
2487 5490 2497 5492 ~
2585 5490 2596 5499 ι
2623 5490 2643 5503 ι

2205 5533 2467 5607 inquiens
2490 5571 2505 5597 ,
2540 5529 2598 5584 in
2641 5534 2696 5581 te
2725 5517 2942 5587 omnes)
2968 5519 3182 5587 gentes.
3236 5505 3410 5579 Igitur
3442 5499 3540 5574 qui
3587 5512 3655 5553 ex
3709 5490 3818 5547 ﬁde

1575 5642 1858 5702 Abraham
1923 5640 1989 5695 '°.
2048 5658 2068 5693 i
2115 5596 2347 5709 Signum
2390 5625 2681 5699 estigitur
2745 5609 3099 5674 circumcisio
3165 5604 3295 5664 ﬁdei
3345 5600 3494 5660 illius
3562 5607 3688 5665 qua:
3733 5596 3816 5643 est

3595 5791 3642 5826 "
3674 5786 3814 5845 Gen.
