4096 6502
386 441 494 499 219

1385 441 1442 499 5.
1484 441 1761 497 οῑιιῐιιιι
1798 441 2274 501 ΑιΕΧΑΝοΙυΝι
2312 446 2636 504 Αιιωιιερ.

3569 444 3678 499 9.Ἕο

389 562 448 616 in
472 563 770 634 praaputio;
795 560 1238 635 justiﬁcatusque
1261 570 1349 617 est
1376 560 1469 617 ille
1495 570 1608 617 n‘on
1633 578 1701 618 ex
1719 563 1983 633 operibus
2018 563 2190 635 legis;
2260 575 2319 622 et
2375 566 2604 638 gloriam
2639 565 2765 621 ﬁdei
2794 548 3122 621 nobiliorem
3150 576 3271 619 esse
3301 575 3466 632 quam
3500 560 3591 615 illa
3625 559 3682 615 in

387 670 557 712 carne
591 658 964 722 circumcisio,
1004 656 1361 730 perspicuum
1402 663 1509 723 est,
1543 657 1760 712 amicus
1780 660 1984 729 quippe
2021 660 2123 715 Dei
2167 660 2493 731 appellatus.

460 748 660 804 PALL.
693 748 836 817 Quid
867 750 1035 822 igitur
1063 765 1244 806 causa:
1276 749 1382 805 fuit
1425 764 1529 805 cur
1567 751 1763 807 taudiu
1793 751 1885 807 illa
1912 767 1981 807 ex

2155 752 2368 808 HAAA.
2404 754 2500 817 Τίς
2520 749 2669 826 οὖνὴ
2705 752 2964 824 μέλλὴσις
2997 751 3094 807 τοῦ
3136 749 3279 807 κατὰ
3308 750 3494 803 πίστιν
3526 748 3693 815 ἁγια-

390 838 500 893 ﬁde
528 841 893 896 sanctiﬁcatio
917 850 1246 909 moraretur,
1277 858 1389 898 non
1421 845 1659 903 absurde
1689 849 1981 906 addubita-

388 932 595 1000 verim;
621 948 808 1003 quaero
833 934 982 990 enim
1012 951 1120 1005 qua
1144 936 1212 991 de
1240 951 1405 993 causa
1432 938 1648 1009 signum
1676 942 1857 1013 ipsum
1886 961 1983 1000 an-

391 1023 619 1094 tiquiori
671 1026 743 1080 sit
786 1026 982 1083 ordine
1026 1028 1378 1098 collocatum,
1428 1034 1719 1102 posteriori
1764 1036 1982 1094 veroid

391 1116 540 1185 quod
574 1118 928 1187 praestantius
957 1120 1080 1175 est?
1795 1164 1812 1178 ,

462 1207 621 1263 CYR.
654 1208 800 1276 Quid
845 1210 1017 1277 enim,
1049 1227 1235 1270 nonne
1278 1213 1519 1272 diximus
1549 1217 1714 1274 modo
1740 1218 1982 1277 admiraa

390 1300 604 1358 bilioris
652 1304 941 1375 cujusdam
986 1313 1151 1376 atque
1192 1307 1534 1365 sublimior-is
1574 1310 1790 1367 artiﬁcii
1844 1330 1983 1386 opus

388 1392 562 1449 fuisse
594 1401 657 1449 ut
685 1395 794 1460 lex,
829 1411 954 1466 quae
993 1397 1409 1466 condemnaret,
1441 1411 1813 1461 anteverteret
1840 1414 1981 1462 tem-

388 1486 542 1556 poris
569 1486 765 1543 ordine
790 1486 954 1544 ﬁdem
991 1505 1115 1560 quae
1137 1490 1504 1562 justiﬁcaret?
1527 1510 1711 1552 nonne
1734 1513 1865 1554 vero
1888 1499 1984 1555 lux

388 1578 446 1633 in
478 1581 721 1638 tenebris
766 1583 916 1640 lucet
962 1584 1043 1639 '7?
1074 1584 1253 1641 virtus
1298 1602 1519 1659 quoque
1560 1589 1619 1645 in
1663 1591 1981 1652 inﬁrmitate

389 1671 694 1742 perﬁcitur,
721 1684 783 1731 ut
807 1677 1071 1747 scriptum
1102 1688 1187 1734 est
1228 1678 1330 1733 "'1'

461 1763 659 1821 PALL.
696 1766 865 1823 Recte
895 1767 1054 1825 dicis.

458 1852 618 1910 CYR.
651 1856 823 1928 Igitur
851 1858 940 1915 lex
968 1860 1304 1919 subintravit
1345 1870 1405 1920 ut
1432 1864 1743 1925 abundaret
1781 1884 1983 1942 peccaa

389 1952 529 1998 tum.
567 1944 671 2001 Ubi
710 1946 860 2018 enim
905 1965 1016 2005 non
1070 1960 1154 2008 est
1200 1952 1309 2019 lex,
1345 1969 1526 2026 neque
1554 1961 1932 2029 praevaricatio
1964 1980 1979 2019 ε

388 2036 859 2105 praevaricationis
877 2050 1063 2097 autem
1082 2050 1140 2098 et
1157 2045 1297 2115 ejus,
1317 2062 1440 2117 quae
1459 2048 1528 2103 ad
1544 2050 1687 2106 hanc
1701 2054 1997 2124 perducit;

2093 847 2256 918 σμοῦ,
2283 848 2698 919 ὲπαπορήσαιμι
2716 847 2761 899 δ’
2779 846 2846 900 ἃν
2865 846 3111 912 εἰκότως,
3131 843 3257 898 ἀνθ’
3271 843 3393 896 ὅτου
3418 840 3483 913 δὴ
3503 840 3682 908 λέγων

2087 938 2165 1004 ὡς
2188 943 2247 995 ἐν
2278 939 2627 1014 πρεσϐυτέρᾳ
2653 937 2800 994 θέσει
2829 937 2887 992 τὸ
2917 941 3145 1009 σημεῖον
3179 935 3276 991 καὶ
3302 934 3380 999 ὡς
3414 935 3473 987 ἐν
3498 933 3683 989 δευτέια

2092 1048 2208 1103 ροις
2233 1032 2301 1087 τὸ
2328 1031 2703 1105 ύπερτεροῦν;

2162 1214 2322 1271 ΚΥΡ.
2362 1216 2438 1271 Οὐ
2472 1215 2582 1288 γὰρ
2613 1207 2827 1288 ἔφαμεν
2855 1217 3059 1290 ἀρτίως
3104 1216 3182 1279 ὡς
3211 1208 3547 1283 άξιαγάσσου
3583 1208 3681 1263 καὶ

2086 1305 2404 1379 ἀπορρήτου
2431 1306 2577 1371 τινὸς
2615 1305 2897 1378 εῧτεχνίας
2929 1307 3091 1379 ἔργον
3120 1301 3192 1378 ἦν
3229 1304 3292 1358 τὸ
3322 1298 3681 1376 προαναθρώ-

2092 1414 2245 1453 σκειν
2279 1401 2337 1452 ἐν
2364 1398 2543 1470 χρόνῳ
2573 1399 2675 1469 τῆς
2701 1399 3017 1471 δικαιούσης
3035 1399 3273 1462 πίστεως
3297 1397 3390 1450 τὸν
3410 1393 3681 1464 κατακρί-

2089 1509 2251 1547 νοντα
2280 1492 2444 1563 νόμον
2465 1493 2536 1565 ;ἦ
2565 1493 2687 1563 οὐχὶ
2707 1494 2769 1547 τὸ
2791 1493 2905 1563 φῶς
2934 1495 2991 1546 ἐν
3020 1494 3086 1564 τῇ
3121 1491 3312 1562 σκοτία
3340 1487 3553 1559 φαίνεις
3585 1487 3683 1541 καὶ

2087 1586 2122 1657 ἡ
2156 1584 2386 1656 δύναμις
2407 1588 2467 1640 ἐν
2503 1585 2758 1658 ἀσθενείᾳ
2792 1584 3118 1650 τελειοῦται,
3153 1584 3295 1640 κατὰ
3337 1582 3399 1636 τὸ
3433 1597 3685 1652 γεγραμο

2093 1675 2254 1747 μένον
2275 1692 2292 1742 ;

2161 1768 2373 1822 ΠΑΛΛ.
2407 1760 2485 1822 Εῦ
2509 1767 2709 1836 λέγεις.

2162 1860 2329 1916 ΚΥΡ.
2354 1861 2567 1917 Οὐκοῦν
2598 1863 2764 1932 νόμος
2801 1852 3189 1931 παρεισῆλθεν,
3215 1856 3303 1911 ἵνα
3327 1854 3597 1926 πλεονάσῃ
3621 1853 3685 1913 τὸ

2091 1954 2465 2027 παράπτωμα.
2481 1950 2557 2009 Οῦ
2580 1955 2689 2027 γὰρ
2706 1954 2808 2008 ούκ
2830 1953 2976 2008 ἔστιν
2997 1952 3181 2024 νόμος,
3205 1949 3327 2004 οὐδέ
3345 1966 3421 2003 πα
3429 1947 3683 2020 ράδασις.

2091 2047 2461 2120 Παραϐἁσεως
2482 2048 2538 2102 δὲ
2554 2048 2765 2119 καὶτῆς
2791 2044 3054 2101 ἐπὶτοῦτο
3078 2042 3360 2117 ῥᾳστώνης
3382 2042 3501 2103 πῶς
3521 2040 3586 2093 ἄν
3601 2056 3686 2103 τις

389 2126 620 2199 ignaviae
645 2146 894 2202 quaenam
919 2135 1095 2205 possit
1120 2136 1349 2210 intelligi
1380 2140 1730 2212 condonatio,
1758 2146 1865 2205 nisi
1894 2148 1981 2204 lex

2101 2140 2201 2195 ίδοι
2236 2140 2336 2214 τὴν
2367 2141 2583 2212 ἄφεσιν,
2631 2141 2692 2194 οὐ
2728 2135 3269 2212 προκατακρίναντος
3303 2135 3455 2206 ἡμᾶς
3478 2131 3574 2187 τοῦ
3599 2132 3688 2186 νό-

388 2230 551 2279 antea
599 2239 702 2280 nos
749 2226 1207 2287 condemnasset?
1244 2230 1403 2301 Quod
1451 2243 1635 2292 autem
1674 2254 1869 2295 verum
1915 2243 1988 2298 sit

388 2313 536 2384 quod
577 2314 814 2372 dicimus
843 2334 1024 2390 neque
1056 2319 1124 2377 de
1157 2322 1261 2380 hac
1305 2341 1367 2381 re
1411 2340 1552 2384 vana
1585 2337 1642 2384 et
1681 2329 1864 2402 inepta
1915 2334 1989 2390 sit

387 2406 585 2473 oratio,
609 2409 919 2479 patrocinio
946 2412 1101 2468 Pauli
1130 2415 1492 2485 conﬁrmabo,
1521 2418 1761 2479 dicentis
1789 2443 1801 2477 :
1839 2443 1857 2475 ι
1884 2425 1988 2481 ita-

387 2514 496 2569 que
530 2500 619 2555 lex
666 2512 896 2573 propter
919 2507 1406 2577 praevaricationes
1424 2513 1603 2583 posita
1636 2521 1741 2581 est,
1777 2532 1986 2587 quous-

387 2605 496 2662 que
523 2593 739 2650 veniret
769 2610 957 2652 semen
978 2638 994 2665 ,
1044 2600 1134 2654 cui
1166 2605 1564 2673 repromissum
1598 2614 1705 2673 est,
1734 2607 1987 2663 ordinata

385 2699 487 2755 per
547 2687 772 2758 angelos
827 2689 893 2745 ⁵⁸.
945 2710 964 2744 ι
1020 2690 1294 2751 Caeterum
1364 2698 1494 2768 quia
1549 2700 1989 2771 sapientissimus

386 2788 528 2845 erat,
549 2778 769 2838 futuras
797 2783 1133 2858 quandoque
1151 2790 1517 2858 quorumdam
1549 2792 1837 2850 hominum
1867 2811 1988 2851 ver-

387 2872 589 2931 borum
620 2878 869 2948 argutias
890 2885 1055 2951 atque
1086 2881 1463 2943 dubitationes
1494 2888 1794 2958 praecidere
1824 2893 1987 2948 moli-

391 2975 519 3032 tur;
557 2967 788 3022 etenim*
817 2969 1128 3029 verisimile
1173 2982 1294 3033 erat
1334 2979 1601 3048 quosdam
1645 2980 1717 3051 de
1758 2982 1989 3055 iustitiae

388 3054 520 3112 ﬁdei
549 3056 816 3115 dilatione
841 3075 906 3117 ac
930 3077 1083 3119 mora
1110 3069 1397 3137 conqueri,
1427 3084 1493 3125 ac
1516 3069 1719 3139 dicere,
1748 3073 1873 3130 ideo
1898 3075 1988 3132 in-

391 3147 552 3203 terim
580 3149 922 3209 subintrasse
955 3153 1153 3226 legem,
1188 3167 1250 3213 ut
1289 3160 1531 3232 antiqua:
1572 3162 1721 3221 illius
1750 3167 1988 3237 promis-

390 3240 561 3298 sionis
582 3240 816 3301 ﬁrmitas
837 3245 1147 3305 tolleretur.
1176 3250 1366 3323 itaque
1390 3253 1572 3325 inquit
1596 3272 1610 3311 :
1645 3275 1663 3308 ι
1685 3255 1798 3313 Lex
1821 3258 1991 3331 igitur

389 3330 655 3390 adversus
675 3337 945 3406 promissa
969 3339 1108 3396 Dei?
1126 3338 1300 3410 absit;
1332 3341 1380 3400 si
1405 3344 1555 3400 enim
1578 3345 1705 3402 data
1735 3330 1881 3405 esset
1902 3351 1991 3407 lex

390 3442 514 3497 qua:
554 3438 743 3500 posset
773 3430 1074 3502 viviﬁcare,
1126 3449 1257 3492 vere
1290 3450 1360 3494 ex
1408 3437 1530 3511 lege
1577 3449 1724 3497 esset
1749 3442 1984 3514 justitia.

392 3518 502 3575 Sed
533 3518 809 3578 conclusit
834 3521 1118 3596 Scriptura
1142 3528 1327 3587 omnia
1352 3529 1457 3585 sub
1489 3540 1737 3602 peccato,
1770 3541 1834 3588 ut
1857 3550 1989 3605 pro-

392 3611 585 3669 missio
618 3628 687 3669 ex
733 3612 840 3671 ﬁde
884 3616 1015 3674 Jesu
1064 3616 1274 3676 Christi
1326 3621 1555 3680 daretur
1603 3625 1988 3697 credentibus;

393 3708 550 3778 prius
576 3716 762 3763 autem
792 3723 957 3779 quam
986 3712 1203 3769 veniret
1233 3711 1390 3780 ﬁdes,
1421 3715 1525 3771 sub
1553 3715 1674 3789 lege
1716 3719 1996 3775 custodie—

393 3798 595 3854 bamur
626 3800 875 3858 conclusi
920 3801 976 3858 in
1010 3816 1131 3859 eam
1163 3803 1328 3861 ﬁdem
1374 3822 1499 3879 quae
1542 3810 1834 3866 revelanda
1874 3817 1995 3867 erat

394 3886 454 3943 in
484 3904 618 3959 nos;
647 3891 832 3965 itaque
856 3893 945 3957 lex
967 3892 1294 3970 paedagogus
1321 3908 1511 3956 noster
1533 3900 1639 3959 fuit
1664 3902 1722 3958 in
1749 3902 1991 3970 Christo,

395 3987 460 4035 ut
482 3992 552 4037 ex
580 3980 688 4039 ﬁde
711 3982 1081 4056 jusﬁﬁcemur
1110 4003 1122 4040 :
1151 3995 1207 4043 at
1244 3986 1339 4043 ubi
1366 3990 1715 4058 venit-ﬁdes,
1740 3993 1853 4065 jam
1880 4006 1995 4051 non

395 4087 589 4132 sumus
632 4077 739 4133 sub
772 4077 1088 4152 paedagogo,
1125 4095 1321 4137 omnes
1364 4080 1514 4138 enim
1566 4081 1663 4141 ﬁlii
1703 4084 1802 4140 Dei
1835 4085 1992 4154 estis,

394 4182 495 4240 per
533 4164 699 4226 ﬁdem
744 4186 867 4243 quae
912 4180 998 4229 est
1045 4173 1100 4229 in
1147 4172 1369 4232 Christo
1414 4176 1546 4233 Jesu
1585 4178 1695 4232 δ’.)
1731 4177 1995 4251 Ejusdem

393 4274 530 4318 vero
551 4261 915 4321 dubitationis
943 4264 1341 4324 obscuritatem
1364 4269 1713 4341 perspicuam
1742 4270 1875 4329 facit
1898 4270 1999 4331 ad~

390 4352 666 4427 iungens:
703 4370 724 4410 ‹
773 4350 891 4415 Hoc
935 4368 1122 4417 autem
1169 4358 1317 4430 dico,
1364 4358 1569 4435 inquit,
1599 4370 1995 4424 testamentum

396 4443 781 4503 conﬁrmatum
814 4444 920 4520 55
958 4464 990 4505 a
1014 4448 1130 4507 Deo
1158 4464 1283 4522 quae
1317 4461 1444 4524 post
1475 4455 1912 4527 quadringentos
1941 4466 1999 4513 et

396 4534 622 4609 triginta
641 4552 818 4596 annos
835 4540 975 4598 facta
1003 4550 1090 4599 est
1112 4542 1221 4610 lex,
1242 4548 1356 4600 non
1378 4542 1598 4601 irritum
1618 4542 1751 4603 facit
1771 4546 1841 4602 ad
1864 4558 1996 4603 eva-

396 4629 664 4687 cuandam
692 4634 1116 4705 promissionem
1148 4652 1161 4690 :
1190 4650 1316 4692 nam
1352 4637 1399 4693 si
1432 4652 1502 4694 ex
1527 4638 1655 4710 lege
1678 4636 1995 4703 hereditas,

391 4724 505 4797 jam
534 4740 646 4784 non
675 4742 744 4784 ex
772 4727 1171 4800 promissione;
1206 4728 1441 4786 Abrahae
1464 4738 1649 4787 autem
1671 4744 1774 4802 per
1800 4742 1997 4803 repro-

2092 2247 2219 2303 μου;
2246 2232 2444 2289 Ὀτιδέ
2480 2230 2683 2303 ἀληθὲς
2723 2232 2755 2287 ὅ
2792 2248 2957 2304 φημι,
2989 2230 3086 2284 καὶ
3126 2230 3228 2283 ούκ
3257 2223 3502 2296 ἐξίτηλός
3541 2221 3684 2294 τιςῆ

2088 2324 2329 2397 άκαλλὴς
2359 2327 2387 2378 6
2412 2325 2509 2378 ἐπὶ
2536 2323 2671 2397 τῷδε
2705 2325 2885 2393 λόγος,
2915 2321 3244 2395 συλλήψεται
3272 2320 3445 2391 λέγων
3478 2320 3506 2372 6
3534 2314 3688 2371 Παῦε

2088 2416 2214 2480 λοςο
2254 2435 2274 2470 ι
2313 2416 2478 2470 ’Ὥστε
2511 2418 2541 2470 6
2569 2416 2735 2487 νόμος
2769 2416 2880 2469 τῶν
2917 2414 3288 2488 παραὸάσεων
3322 2412 3485 2486 χάριν
3515 2428 3690 2482 προσ-

2089 2507 2271 2580 ετέθη,
2293 2507 2452 2580 άχρις
2468 2497 2531 2562 οὗ
2551 2507 2681 2582 ἔλθῃ
2695 2508 2757 2562 τὸ
2778 2508 3002 2580 σπέρμα
3019 2506 3048 2561 ὃ
3068 2505 3426 2578 ἐπήγγελται,
3453 2502 3685 2574 διαταγῇ

2090 2600 2362 2670 ἀγγέλων.
2408 2619 2427 2652 ι
2465 2600 2638 2670 Σοφὸς
2664 2600 2722 2654 δὲ
2750 2599 2890 2669 άγαν
2933 2597 3011 2654 ὣν
3033 2597 3134 2664 τὰς
3163 2595 3428 2670 ἐσομένας
3456 2593 3568 2650 ἐσθ’
3595 2595 3689 2650 ὅτε

2091 2694 2243 2766 παρά
2279 2709 2441 2747 τινων
2478 2691 2854 2766 εὑρεσιλογίας
2896 2693 2993 2747 καὶ
3036 2690 3414 2762 ἐπαπορήσεις
3445 2703 3690 2761 προανα-

2090 2784 2312 2840 κόπτειν
2336 2785 2623 2856 ἐπιχειρεϊ’
2651 2780 2721 2857 ἦν
2747 2783 2857 2854 γὰρ
2894 2784 2956 2858 δή
2999 2801 3152 2848 τινας
3176 2783 3325 2847 εἰκὸς
3360 2783 3460 2854 τῆς
3495 2782 3553 2835 ἐν
3590 2781 3688 2835 πί-

2092 2894 2208 2932 στει
2233 2877 2581 2948 δικαιοσύνης
2613 2877 2964 2933 ἐπαιτιᾶσθαι
3011 2878 3111 2949 τὴν
3143 2874 3401 2948 μέλλησιν
3452 2873 3548 2929 καὶ
3589 2872 3690 2944 τὴν

2095 2968 2300 3040 μεταξὺ
2349 2967 2445 3022 τοῦ
2488 2969 2657 3040 νόμου
2703 2967 3133 3041 παρεισδρομὴν,
3178 2967 3258 3032 είς
3290 2965 3547 3037 ἀθέτησιν
3588 2964 3691 3035 τῆς

2090 3062 2325 3136 ἀρχαίας
2346 3064 2563 3135 ἐκείνης
2581 3061 2916 3133 ἐπαγγελίας
2935 3061 3192 3133 γενέσθαι
3216 3060 3417 3131 λέγειν.
3441 3055 3692 3128 Τοιγάρ-

2089 3174 2174 3212 τοι
2205 3156 2391 3228 φησίνο
2427 3173 2447 3209 ι
2493 3154 2554 3211 '0
2585 3150 2679 3210 οὖν
2712 3154 2881 3227 νόμος
2903 3154 3048 3209 κατὰ
3071 3152 3183 3208 τῶν
3222 3152 3566 3223 ἐπαγγελιῶν
3593 3148 3696 3205 τοῦ

2091 3248 2262 3316 Osci};
2309 3247 2384 3321 μὴ
2424 3248 2658 3318 γένοιτο.
2701 3246 2766 3301 El
2799 3246 2910 3318 γὰρ
2938 3244 3096 3318 ἐδόθη
3127 3245 3295 3316 νόμος
3336 3245 3366 3298 6
3396 3243 3693 3314 δυνάμενος

2093 3338 2470 3410 ζωοποιῆσαι,
2513 3338 2684 3402 ὅντως
2734 3338 2794 3392 ἐν
2827 3336 2980 3408 νόμῳ
3024 3334 3091 3390 ἂν
3141 3327 3212 3409 ἦν
3270 3333 3306 3405 ἠ
3351 3330 3691 3403 δικαιοσύνη.

2105 3432 2269 3487 Ἀλλὰ
2297 3431 2647 3486 συνέκλεισεν
2668 3431 2702 3501 ἠ
2732 3428 2927 3503 Γραφὴ
2956 3427 3028 3483 τὰ
3056 3426 3236 3482 πάντα
3267 3426 3374 3481 ὑπδ
3394 3424 3693 3497 ἁμαρτίαν,

2094 3526 2184 3581 ἵνα
2212 3527 2248 3599 ἡ
2270 3523 2577 3595 ἐπαγγελία
2594 3524 2660 3578 ἐκ
2680 3523 2918 3587 πίστεως
2952 3520 3131 3594 Ἰησοῦ
3153 3518 3394 3593 Χριστοῦ
3416 3518 3542 3592 δοθῇ
3581 3520 3696 3583 τοῖς

2095 3619 2463 3677 πιστεύουσιν.
2487 3616 2602 3691 Πρδ
2624 3616 2718 3671 τοῦ
2744 3615 2803 3671 δέ
2836 3613 3010 3670 ἐλθεῖν
3039 3615 3140 3688 τὴν
3169 3614 3374 3680 πίστιν,
3399 3612 3508 3668 ὑπὸ
3526 3612 3699 3683 νόμου

2062 3725 2067 3729 '
2095 3710 2513 3784 ἐφρουρούμεθα
2535 3709 2947 3781 συγκλειόμενοι
2968 3710 3047 3772 είς
3067 3706 3168 3779 τὴν
3191 3705 3493 3779 μέλλουσαν
3513 3705 3696 3758 πίστιν

2096 3802 2553 3875 ἀποκαλυφθῆναι
2580 3805 2661 3868 είς
2690 3803 2860 3875 ἡμᾶς.
2897 3800 3062 3856 Ὥστε
3094 3800 3123 3854 6
3155 3798 3322 3871 νόμος
3346 3796 3699 3867 παιδαγωγὸς

2095 3896 2256 3968 ἡμῶν
2282 3897 2506 3965 γέγονεν
2530 3895 2612 3958 είς
2632 3891 2889 3966 Χριστὸν,
2915 3892 3005 3947 ἵνα
3024 3893 3090 3947 ἐκ
3116 3891 3354 3957 πίστεως
3391 3889 3700 3944 δικαιωθῶη

2100 4005 2222 4062 μεν.
2266 3987 2558 4061 Ἐλθούσης
2596 3986 2654 4040 δέ
2679 3984 2781 4059 τῆς
2808 3985 3047 4050 πίστεως
3070 3983 3253 4038 οὐκέτι
3280 3983 3386 4037 ὑπὸ
3416 3983 3696 4073 παιδαγῳν

2096 4083 2194 4154 γόν
2216 4083 2404 4154 ἐσμεν,
2433 4079 2637 4145 πάντες
2658 4078 2771 4159 γάρ
2793 4077 2901 4133 υἱοὶ
2921 4077 3059 4132 Θεοῦ
3082 4076 3207 4132 ἐστε
3230 4076 3318 4132 διὰ
3339 4076 3437 4148 τῆς
3458 4074 3699 4139 πίστεως

2097 4176 2158 4231 ἐν
2199 4172 2424 4247 Χριστῷ
2462 4170 2662 4245 Ἰησοῦ.
2714 4190 2735 4225 ι
2791 4169 3231 4226 Καταλευκαίνει
3265 4169 3323 4224 δέ
3367 4169 3558 4240 ὥσπερ
3598 4167 3701 4240 τὴν

2096 4268 2450 4339 ἑπαπόρησιν
2465 4261 2523 4321 εὖ
2553 4264 2699 4336 μάλα
2722 4260 3058 4336 προστιθεὶς,
3090 4281 3108 4314 ι
3136 4260 3310 4315 Τοῦτο
3324 4260 3564 4329 δὲλέγω,
3583 4260 3701 4314 δια-

2098 4360 2275 4433 θήκην
2303 4355 2809 4432 προκεκυρωμένην
2859 4352 2967 4415 ὑπδ
3008 4352 3105 4409 τοῦ
3133 4352 3293 4421 Θεοῦ,
3330 4353 3359 4407 6
3411 4353 3553 4425 μετά
3600 4353 3699 4427 ἐτη

2097 4452 2428 4525 τετρακόσια
2454 4451 2552 4506 καὶ
2583 4448 2882 4522 τριάκοντα
2902 4447 3142 4518 γεγονὼς
3170 4448 3333 4519 νόμος
3354 4448 3455 4501 οὐκ
3480 4448 3698 4518 ἀκυροῖ,

2098 4546 2181 4607 εἰς
2206 4545 2270 4598 τὸ
2294 4546 2643 4617 καταργῆσαι
2672 4540 2771 4612 τὴν
2796 4541 3150 4611 ἐπαγγελίαν
3174 4538 3223 4596 εί
3252 4539 3363 4613 γὰρ
3389 4543 3452 4595 ἐκ
3473 4542 3639 4613 νόμου
3662 4543 3696 4613 ἠ

2099 4635 2472 4707 κληρονομία,
2516 4632 2701 4688 οὐκέτι
2728 4632 2788 4699 ἐξ
2827 4634 3181 4704 ἐπαγγελίας.
3227 4633 3320 4705 Τῷ
3352 4633 3411 4687 δὲ
3448 4634 3702 4706 ’Δὸραὰμ

2099 4727 2167 4782 δι’
2211 4725 2548 4797 ἐπαγγελίας
2593 4725 2921 4797 κεχάρισται
2960 4726 2989 4780 6
3035 4725 3186 4790 Θεός.
3243 4744 3263 4781 ι
3321 4725 3702 4789 Κατακλείσας

397 4818 716 4876 missionem
758 4819 983 4877 donavit
1032 4820 1181 4878 Deus
1229 4823 1295 4877 °°.
1355 4839 1374 4874 ι
1419 4818 1559 4879 Cum
1601 4823 1772 4896 igitur
1808 4824 1898 4893 lex
1939 4823 1990 4880 in

2098 4816 2196 4875 οῦν
2247 4820 2398 4891 ἡμᾶς
2434 4821 2516 4883 εἰς
2562 4814 2841 4891 ἁμαρτίαν
2885 4821 2916 4873 6
2954 4818 3147 4891 νόμος,
3203 4818 3708 4890 πεπαιδαγώγηκεν

395 4919 682 4984 peccatum
714 4927 818 4970 nos
844 4914 1225 4978 conclusisset,
1266 4922 1331 4970 ut
1365 4914 1695 4988 paedagogus
1727 4914 1794 4972 ad
1827 4912 1992 4972 Chri-

396 5015 544 5062 stum
584 5005 847 5075 adduxit;
896 5006 1024 5064 ﬁnis
1072 5005 1222 5064 enim
1265 5006 1403 5079 legis
1465 5022 1531 5064 ac
1596 5008 1993 5080 prophetarum

395 5096 671 5157 Christus.
705 5097 896 5169 Itaque
936 5097 985 5154 is
1013 5096 1233 5155 dicebat
1263 5098 1581 5175 Judaeorum
1626 5100 1868 5171 populis,
1899 5102 1995 5172 qui

397 5190 505 5247 sibi
538 5207 652 5247 non
677 5191 1029 5249 crediderant
1053 5206 1081 5246 ε’
1106 5210 1126 5244 ι
1161 5189 1220 5248 Si
1247 5191 1548 5249 crederetis
1585 5191 1776 5266 Moysi,
1799 5193 1995 5250 crede-

398 5282 534 5338 retis
566 5283 758 5356 utique
792 5290 851 5341 et
884 5283 1043 5343 mihi.
1087 5284 1166 5341 De
1194 5300 1283 5342 me
1314 5284 1462 5342 enim
1494 5285 1587 5342 ille
1624 5286 1847 5358 scripsit
1871 5286 1936 5342 “.
1968 5304 1988 5340 ι

397 5374 775 5434 Justiﬁcamur
794 5376 942 5435 enim
963 5390 1074 5435 non
1088 5389 1158 5434 ex
1177 5376 1441 5450 cperibus
1456 5378 1614 5451 legis,
1642 5381 1741 5436 sed
1766 5378 1872 5436 ﬁde
1896 5394 1995 5451 po-

401 5470 514 5527 tius
556 5470 613 5526 in
654 5459 937 5529 Christum
970 5486 984 5524 :
1036 5487 1056 5523 ‹
1100 5468 1428 5542 Quicunque
1453 5471 1601 5528 enim
1632 5487 1701 5529 ex
1728 5473 1994 5546 Operibus

398 5563 539 5637 legis
568 5574 720 5631 sunt,
749 5564 854 5620 sub
876 5563 1171 5621 maledicto
1197 5573 1354 5635 sunt;
1390 5566 1657 5637 scriptum
1685 5575 1771 5623 est
1797 5567 1945 5624 enim
1976 5582 1991 5624 ε

402 5654 730 5713 Maledictus
760 5650 939 5712 omnis
965 5657 1060 5728 qui
1091 5672 1202 5714 non
1245 5660 1612 5731 permanserit
1655 5659 1712 5715 in
1735 5659 1997 5717 omnibus

406 5762 530 5825 quae
556 5748 758 5819 scripta
787 5758 917 5805 sunt
941 5749 998 5806 in
1032 5749 1176 5807 libro
1202 5750 1358 5823 legis,
1390 5760 1453 5807 ut
1485 5749 1651 5807 faciat
1677 5765 1761 5807 ea.
1798 5750 1906 5807 Sed
1930 5766 1999 5806 ex

2099 4916 2180 4979 είς
2213 4911 2470 4988 Χριστὸν,
2496 4911 2651 4978 τέλος
2678 4912 2788 4986 γὰρ
2823 4911 2988 4985 νόμου
3020 4912 3116 4967 καὶ
3158 4912 3455 4985 προφητῶν
3496 4913 3525 4965 6
3566 4911 3705 4984 Χρι-

2102 5007 2250 5074 στός.
2290 5007 2579 5080 Τοιγάρτοι
2622 5004 2719 5060 καὶ
2757 5002 2998 5077 ἔφασκεν
3021 5005 3380 5078 ἡπειθηκόσιν
3408 5002 3558 5076 αὐτῷ
3589 5007 3704 5069 τοῖς

2116 5100 2390 5157 Ἰουδαίων
2420 5100 2590 5166 λαοῖς*
2625 5118 2643 5154 ι
2682 5102 2747 5155 Εἰ
2777 5100 3097 5156 ἐπιστεύετε
3132 5101 3354 5166 Μωσεῖ,
3385 5100 3703 5156 ἐπιστεύετε

2104 5193 2171 5248 ἂν
2210 5192 2352 5267 ἐμοί.
2397 5193 2536 5267 Περὶ
2572 5193 2682 5267 γάρ
2710 5192 2849 5265 ἐμοῦ
2889 5194 3095 5257 ἐκεῖνος
3128 5190 3357 5266 ἕγραψν
3395 5211 3416 5245 ι
3453 5192 3703 5246 Δικαιού-

2107 5286 2249 5358 μεθα
2277 5285 2343 5358 δὴ
2379 5280 2475 5342 οὖν
2500 5286 2602 5342 οὐκ
2635 5286 2695 5352 ἐξ
2734 5285 2912 5358 ἔργων
2939 5286 3135 5359 νόμου,
3176 5284 3357 5339 πίστει
3400 5283 3461 5338 δέ
3502 5282 3704 5356 μᾶλλον

2102 5381 2169 5453 τῇ
2212 5381 2293 5444 είς
2325 5380 2560 5452 Χριστόν
2583 5396 2599 5412 ο
2652 5398 2672 5433 ι
2699 5379 2859 5434 Ὅσοι
2892 5379 3002 5452 γὰρ
3031 5378 3092 5444 ἐξ
3129 5377 3308 5451 ἔργων
3334 5378 3502 5449 νόμου
3539 5376 3700 5441 είσὶν,

2101 5470 2207 5526 ὑπὸ
2225 5471 2468 5544 κατάραν
2492 5472 2614 5527 εἰσί.
2633 5471 2950 5547 Γέγραπται
2971 5472 3100 5544 γάρ·
3136 5470 3567 5541 Ἐπικατάρατος
3593 5469 3701 5534 πᾶς

2101 5566 2162 5631 ὃς
2179 5566 2282 5621 οὐκ
2305 5566 2533 5636 ἐμμένει
2563 5566 2699 5620 πᾶσι
2729 5566 2844 5630 τοῖς
2875 5562 3287 5638 γεγραμμένοις
3316 5563 3375 5616 ὲν
3402 5562 3481 5635 τῷ
3511 5560 3701 5632 βιϐλίῳ

2103 5657 2198 5712 τοῦ
2229 5657 2418 5729 νόμου,
2450 5654 2546 5712 τοῦ
2577 5656 2805 5728 ποιῆσαι
2833 5654 2993 5711 αὐτά.
3037 5654 3177 5709 Ἀλλ’
3202 5655 3268 5708 ἐκ
3294 5653 3395 5723 τῆς
3411 5652 3506 5706 τοῦ
3532 5651 3699 5723 νόμου

2106 5750 2353 5824 κατάρας
2385 5748 2677 5821 ἐξεπρίατο
2720 5749 2931 5814 πάντας
2964 5749 2993 5803 6
3038 5747 3295 5820 Χριστὸς.
3330 5745 3700 5817 γεγενημένος
3768 5766 3785 5775 -

482 5923 526 5962 ⁸⁷
551 5921 707 5984 Joan.
741 5939 779 5991 ι,
816 5924 867 5981 5.
938 5929 1002 5962 ⁵⁷⁸
1039 5928 1086 5988 ll
1123 5926 1248 5985 Cor.
1293 5943 1387 5995 xu,
1418 5927 1470 5982 9.
1553 5929 1597 5961 ³⁸
1624 5927 1801 5985 Galat.
1838 5944 1915 5996 ιιι,
1950 5928 1990 5984 11

2116 5928 2161 5961 ⁸⁸
2191 5926 2353 5995 Ibid.,
2389 5926 2578 5985 21-26.
2662 5928 2704 5962 ⁸⁰
2733 5925 2898 6007 ibid...
2934 5925 3017 5993 l7,
3057 5925 3140 5981 18.
3222 5927 3263 5959 ⁶¹
3307 5924 3462 5982 Joan.
3508 5940 3564 5994 γ,
3600 5920 3692 5981 56.
