4096 6506
407 443 517 500 ε.ῖό

1416 435 1474 493 S.
1522 424 1800 492 CYRILLI
1840 437 2317 496 ALEXANDRINI
2357 437 2679 495 ARCHIEP.

3596 441 3699 498 est

408 558 579 620 disse,
599 569 664 610 ac
681 551 855 608 veluti
875 549 1197 606 rudioribus
1215 548 1322 603 adh
1331 564 1400 603 uc
1420 549 1616 621 ﬁguris
1634 550 2004 623 significasse?

2111 553 2339 622 παχέσιν
2378 551 2460 606 ἔτι
2489 554 2919 623 κατασημαξνων
2955 551 3146 616 τύποις
3167 569 3190 618 ;·
3219 552 3340 624 eam
3369 551 3498 623 γὰρ,
3542 555 3699 625 εἴσῃ,

410 648 721 717 Intelligere
744 643 917 709 enim,
938 658 1118 714 neque
1142 641 1196 697 id
1224 657 1423 714 magno
1448 644 1670 714 negotio
1689 653 1868 714 potes,
1888 643 2001 714 spi-

410 739 629 794 ritualis
649 737 833 793 cultus
855 735 1127 790 rationem
1153 732 1323 789 fuisse
1345 733 1576 804 quidem
1591 749 1811 805 semper
1836 736 2002 790 etiam

407 829 538 886 inde
581 829 651 885 ab
700 828 859 883 initio
903 828 1016 882 Deo
1067 825 1470 898 gratissimam;
1527 825 1775 880 nondum
1820 835 2004 882 tamen

407 921 679 993 ejusmodi
722 929 782 976 ut
807 920 875 975 ad
903 935 1026 975 eam
1054 925 1350 991 penetrare
1375 926 1539 988 atque
1565 920 1878 991 pertingere
1903 921 2002 976 Ju-

406 1013 648 1069 daeorum
677 1011 847 1068 animi
873 1019 1116 1082 possent.
1150 1011 1339 1082 Itaque
1373 1010 1562 1066 verbis
1603 1010 1673 1065 ad
1714 1011 2002 1066 infantiam

405 1104 569 1176 aptis,
608 1105 958 1176 simplicique
981 1103 1275 1175 disciplina
1319 1111 1484 1174 atque
1511 1102 1843 1159 educatione
1879 1120 2002 1160 mo-

404 1199 594 1254 derata
631 1213 770 1269 opus
800 1197 925 1262 fuit,
954 1213 1078 1268 quae
1115 1195 1255 1250 nihil
1289 1195 1546 1261 arduum,
1577 1195 1717 1250 nihil
1745 1211 2002 1267 asperum

406 1293 656 1348 haberet.
710 1291 848 1347 Nam
891 1299 948 1346 et
979 1299 1140 1345 antea
1187 1289 1430 1344 instituit
1475 1289 1702 1360 quidem
1749 1290 1898 1345 Deus
1935 1305 2002 1347 ea

405 1401 529 1457 quae
581 1387 639 1440 in
686 1384 876 1456 ﬁguris
916 1382 1278 1454 gerebantur;
1321 1381 1764 1452 praemonstravit
1820 1389 2000 1438 tamen

403 1492 469 1532 ca
522 1476 746 1531 tandem
806 1481 1040 1530 ventura
1083 1481 1248 1542 atque
1299 1472 1556 1528 adfutura
1600 1489 1702 1528 suo
1753 1482 2002 1544 tempore

403 1587 528 1640 qum
548 1570 615 1624 ad
638 1583 835 1624 verum
856 1566 954 1622 Dei
980 1566 1188 1620 cultum
1214 1565 1574 1635 pertinerent.
1597 1565 1790 1637 Itaque
1814 1581 2000 1621 acces-

404 1676 528 1714 sum
556 1660 732 1725 illum,
761 1673 873 1729 quo
898 1673 996 1729 per
1018 1657 1322 1711 hostiarum
1351 1672 1605 1712 cruorem
1634 1659 1703 1713 ad
1727 1674 1855 1714 eum
1886 1659 2004 1714 adi-

405 1750 587 1814 batur,
620 1749 824 1820 abjecit
867 1763 932 1802 ac
973 1747 1196 1819 repulit,
1223 1762 1323 1817 per
1351 1745 1518 1802 Amos
1555 1748 1878 1819 prophetam
1913 1749 2000 1804 di-

404 1858 538 1898 cens
571 1861 585 1896 :
619 1862 637 1894 ‹
672 1841 796 1907 Odi,
833 1840 1012 1912 repuli
1041 1839 1369 1895 festivitates
1401 1847 1633 1906 vestras,
1665 1857 1769 1896 nec
1798 1841 1998 1897 odora-

405 1937 507 1991 bor
536 1937 592 1991 in
625 1933 991 1991 conventibus
1016 1933 1217 1988 vestris
1244 1951 1257 1986 :
1286 1949 1414 1988 nam
1449 1933 1495 1988 si
1527 1933 1838 1989 obtuleritis
1866 1935 2002 1989 mihi

406 2026 728 2081 holocausta
764 2032 821 2079 et
851 2024 1059 2079 hostias
1089 2032 1335 2090 vestras,
1371 2040 1481 2080 non
1513 2025 1796 2096 aspiciam.
1835 2026 2006 2082 Aufer

404 2135 438 2173 ε
464 2134 552 2174 me
585 2131 783 2173 sonum
804 2115 1114 2172 carminum
1139 2125 1383 2184 tuorum,
1437 2123 1494 2173 et
1519 2133 1852 2188 organorum
1880 2125 2004 2174 tuo-

406 2225 531 2265 rum
574 2210 846 2281 psalmum
890 2223 1003 2264 non
1045 2207 1340 2264 exaudiam
1390 2209 1456 2266 ⁸⁸.
1513 2229 1532 2262 ι
1574 2210 1797 2266 lnduxit
1837 2213 2005 2268 etiam

404 2320 502 2375 per
530 2304 812 2360 Michteam
861 2317 1157 2374 personam
1200 2301 1328 2368 viri,
1376 2317 1615 2373 quanam
1650 2304 1865 2360 ratione
1901 2304 2005 2360 bo-

405 2412 536 2450 num
569 2395 788 2451 efficere
837 2395 1033 2466 possit,
1073 2393 1224 2466 quod
1263 2410 1663 2467 usquequaque
1713 2398 1876 2469 culpa
1906 2413 2005 2453 va-

401 2497 510 2554 cet,
552 2488 870 2559 perdiscere
913 2488 1190 2558 cupientis
1228 2506 1240 2543 :
1279 2507 1299 2540 ι
1345 2488 1407 2543 In
1446 2503 1558 2559 quo
1596 2489 2006 2564 apprehendam

405 2581 722 2643 Dominum,
769 2580 1070 2650 suscipiam
1103 2581 1279 2636 Deum
1309 2595 1498 2635 meum
1537 2581 1908 2637 altissimum?
1948 2581 2007 2639 Si

405 2671 819 2744 apprehendam
843 2688 972 2727 eum
999 2673 1058 2743 in
1082 2672 1448 2738 holocaustis,
1479 2672 1536 2728 in
1561 2673 1752 2729 vitulis
1779 2674 2009 2730 annicu-

401 2765 507 2820 lis?
536 2764 596 2821 Si
619 2763 930 2835 placabitur
957 2763 1227 2820 Dominus
1255 2764 1314 2819 in
1343 2765 1589 2820 millibus
1621 2765 1879 2831 arietum,
1910 2775 2008 2822 aut

403 2858 463 2914 in
505 2857 704 2914 decem
738 2857 988 2914 millibus
1014 2856 1300 2914 hircorum
1342 2857 1666 2928 pinguium?
1698 2857 1755 2914 Si
1801 2858 2007 2915 dedero

403 2949 771 3023 primogenita
811 2967 955 3016 mea,
989 2949 1232 3006 fructum
1257 2950 1467 3006 ventris
1493 2950 1624 3016 mei,
1655 2966 1757 3022 pro
1780 2959 2007 3022 peccato

402 3042 602 3098 anima:
626 3059 764 3100 meae
792 3043 873 3098 “?
895 3063 912 3096 ›
931 3043 1142 3099 Deinde
1161 3043 1266 3114 57
1284 3043 1550 3100 continuo
1578 3044 1924 3117 subjungitu
1948 3043 2006 3102 Si

403 3135 790 3190 annuntiatum
813 3144 897 3191 est
925 3136 1048 3202 tibi,
1073 3135 1273 3207 inquit,
1298 3135 1485 3202 homo,
1514 3137 1649 3209 quid
1675 3137 1749 3192 sit
1773 3137 2002 3205 bonum,

2113 645 2206 698 καὶ
2237 645 2298 698 οὐ
2326 644 2424 698 σὺν
2453 643 2638 715 ἱδρῶτι
2681 643 2879 715 μακρῷ
2908 643 3010 714 τῆς
3044 645 3424 715 πνευματικῆς
3447 645 3701 716 λατρείας

2108 738 2140 790 ό
2170 736 2392 808 τρόπος,
2415 735 2490 801 ὡς
2520 732 2590 808 ἦν
2616 736 2735 808 μὲν,
2773 736 2862 790 ἀεί
2890 753 2951 790 τε
2979 737 3074 791 καὶ
3103 738 3164 791 ἐν
3204 738 3404 808 ἀρχαῖς
3431 737 3700 810 τριπόθη-

2110 847 2202 893 τος
2226 829 2383 902 θεῷ,
2419 829 2762 900 δυσέμϐατος
2811 829 2869 884 δὲ
2907 830 3004 884 καὶ
3041 829 3257 900 ἀναφὴς
3298 829 3380 884 ἔτι
3426 832 3548 894 ταῖς
3592 829 3704 884 τῶν

2123 921 2396 976 Ἰουδαίων
2427 921 2652 994 ψυχαῖς.
2697 922 2799 976 Διά
2832 939 2916 976 τοι
2968 922 3130 976 τοῦτο
3167 922 3376 976 δεῖσθαι
3407 923 3570 992 λόγου
3602 941 3702 995 ν-η-

2111 1013 2490 1084 πιοπρεποῦς,
2535 1015 2630 1067 καὶ
2663 1013 3006 1084 μαθημάτων
3040 1013 3228 1068 ἁπλῶν
3247 1055 3265 1080 ,
3298 1016 3394 1068 καὶ
3444 1014 3704 1068 παιδοκψ-

2113 1105 2244 1176 μίας
2265 1105 2618 1177 οἰκονομικῆς
2647 1105 2800 1159 οὐδὲν
2826 1104 3061 1178 ἐχούσης
3089 1106 3150 1159 τὸ
3179 1105 3409 1170 ἄναντες
3433 1105 3470 1176 ἢ
3502 1107 3703 1178 τραχὺ,

2110 1197 2422 1268 ἐνομοθέτει
2454 1197 2553 1268 μὲν
2600 1197 2710 1270 γάρ
2737 1196 2834 1252 καὶ
2872 1197 3044 1252 πάλαι
3089 1198 3160 1252 τά
3216 1199 3276 1251 ἐν
3319 1198 3514 1262 τύποις
3545 1198 3700 1264 Θεός.

2111 1288 2520 1361 Προῦπεδείκνυ
2552 1290 2610 1344 δέ
2651 1289 2836 1357 πάλιν,
2864 1291 2942 1354 ὼς
2981 1289 3187 1361 ἥξοντα
3220 1307 3281 1343 τε
3331 1291 3425 1344 καὶ
3465 1290 3708 1360 παρεσόι⁵

2114 1398 2253 1452 μενα
2300 1380 2446 1435 κατά
2492 1381 2722 1454 καιροὺς
2766 1381 2835 1435 τά
2883 1383 2949 1436 ἐκ
2995 1382 3097 1452 τῆς
3139 1381 3375 1454 ἀληθοῦς
3421 1382 3704 1454 λατρείαςο

2109 1472 2204 1526 καὶ
2230 1471 2534 1542 ἀπόϐλητον
2581 1473 2681 1543 μὲν
2711 1474 2886 1528 ἐποίει
2919 1474 2980 1528 τὸ
3009 1473 3107 1546 τὴν
3135 1474 3203 1528 δι’
3234 1474 3486 1544 αἱμάτων
3525 1475 3704 1548 πρόσ-

2109 1564 2248 1630 οδον,
2282 1565 2380 1619 καὶ¹
2406 1565 2506 1636 τὴν
2547 1566 2706 1620 σκιάν
2737 1581 2750 1595 ·
2787 1565 3080 1621 ἀπεσείετο
3113 1566 3173 1619 δὲ
3213 1565 3303 1620 διὰ
3344 1567 3440 1620 τοῦ
3479 1569 3706 1638 προφή-

2106 1672 2204 1708 του
2235 1656 2410 1724 λέγων
2447 1656 2648 1728 ’Λμώςο
2683 1677 2702 1708 ι
2733 1658 3057 1728 Μεμίσηκα,
3088 1658 3355 1728 ἀπῶσμαι
3380 1659 3480 1723 τὰς
3510 1659 3708 1731 ἑορτὰς

2109 1747 2288 1819 ὑμῶν,
2336 1748 2432 1802 καὶ
2468 1749 2529 1802 οὐ
2585 1749 2660 1821 μὴ
2707 1749 3002 1820 ὀσφρανθῶ
3055 1752 3114 1803 ἐν
3162 1752 3284 1814 ταῖς
3328 1751 3707 1822 πανηγύρεσιν

2109 1837 2286 1909 ὑμῶν·
2336 1837 2471 1892 διότι
2529 1837 2626 1890 ἐὰν
2678 1838 2942 1909 ἐνέγκητε
2996 1857 3088 1910 μοι
3137 1839 3570 1911 ὁλοκαυτώματα
3607 1842 3707 1896 καὶ

2035 1930 2076 1986 Β
2106 1931 2297 1995 θυσίας
2340 1931 2529 2002 ὑμῶν,
2574 1931 2676 1984 οὐκ
2741 1931 3132 2002 ἐπιϐλέψομαι.
3179 1932 3540 2003 Μετάστησον
3604 1934 3705 1988 ἀπ’

2106 2023 2242 2095 ἐμοῦ
2269 2018 2406 2095 ἦχον
2447 2022 2602 2093 ᾠδῶν
2633 2040 2751 2088 σου,
2785 2024 2882 2076 καὶ
2923 2023 3139 2094 ψαλμὸν
3171 2024 3422 2096 ὁργάνων
3466 2043 3560 2078 σου
3600 2027 3708 2079 οὐκ

2106 2117 2433 2188 ἀκούσομαι.
2470 2135 2490 2169 ι
2542 2115 2913 2187 Εἰσκεκόμικε
2979 2116 3038 2170 δὲ
3081 2116 3172 2170 διά
3232 2117 3469 2188 Μιχαίου
3534 2117 3708 2187 πρόσ-

2108 2225 2258 2261 ωπον
2286 2207 2502 2278 ἀνδρὸς,
2540 2206 2665 2262 τίνα
2693 2207 2759 2277 δὴ
2801 2207 3006 2279 τρόπον
3025 2207 3429 2280 κατορθώσειεν
3458 2209 3525 2262 ἂν
3545 2209 3705 2279 ἀμω·

2113 2302 2301 2373 μήτως
2329 2299 2388 2354 τδ
2419 2300 2648 2369 ἀγαθὸν,
2688 2300 3051 2372 όρεκτιῶντος
3088 2302 3447 2374 ἀναμαθείν·σ
3467 2304 3552 2357 Ἐν
3596 2305 3707 2358 τίνι

2107 2391 2217 2465 γάρ
2245 2392 2543 2448 καταλάὸω
2581 2393 2680 2447 τὸν
2713 2392 2958 2465 Κύριον,
3001 2394 3375 2467 ἀντιλήψομαι
3414 2393 3553 2450 Θεοῦ
3591 2396 3709 2466 ὑψί-

2066 2502 2068 2505 ·
2110 2500 2274 2551 στου;
2313 2484 2377 2538 Εί
2423 2483 2814 2556 καταλήψομαι
2844 2485 3022 2540 αὐτὸν
3045 2488 3106 2540 ἐν
3137 2486 3610 2559 ὁλοκαυτώμασιν,
3646 2490 3706 2543 ἐν

2113 2574 2338 2646 μόσχοις
2361 2573 2688 2641 ἐνιαυσίοις;
2709 2572 2774 2627 Ei
2798 2574 3155 2648 προσδέξεται
3179 2575 3386 2647 Κύριος
3412 2579 3471 2632 ἐν
3500 2577 3707 2648 χιλιάσι

2109 2665 2306 2738 κριῶν,
2331 2664 2366 2737 ἢ
2395 2666 2453 2719 ἐν
2485 2664 2715 2738 μυριάσι
2747 2666 3003 2739 χιμάρων
3028 2666 3231 2722 πιόνων
3256 2684 3272 2735 ;
3304 2667 3367 2723 Et
3393 2667 3470 2722 δῶ
3491 2668 3708 2739 πρωτό-

2108 2757 2246 2813 τοκά
2275 2775 2401 2829 μου,
2429 2757 2684 2822 ἀσεϐείας
2709 2759 2924 2830 καρπὸν
2953 2758 3164 2824 κοιλίας
3189 2777 3319 2830 μου,
3346 2760 3489 2831 ὑπὲρ
3523 2761 3708 2832 ἀμαρ-

2108 2850 2231 2915 τίας
2262 2850 2442 2923 ψυχῆς
2483 2867 2627 2922 μου;
2669 2869 2690 2904 ι
2746 2844 2890 2906 Εἶτα
2926 2852 3293 2923 συνημμένως
3331 2853 3428 2906 καὶ
3475 2851 3702 2923 ἐφεξῆς·

2117 2963 2136 2995 ι
2175 2943 2239 2997 Εί
2264 2941 2543 3014 ἀνηγγέλη
2579 2959 2663 2996 σοι
2683 2982 2698 3008 ,
2727 2943 2894 3013 φησὶν
2915 2983 2932 3010 ,
2963 2942 3255 3014 ἄνθρωπε,
3293 2942 3348 2996 τί
3367 2942 3430 2996 τὸ
3450 2941 3638 2998 καλὸνο
3669 2941 3704 3014 ἢ

2108 3034 2162 3088 τί
2185 3032 2391 3106 Κύριος
2423 3033 2651 3106 ἐκζητεῖ
2672 3033 2826 3104 παρά
2851 3035 2968 3101 σοῦ,
2993 3035 3110 3089 ἀλλ’
3137 3035 3176 3106 ἢ
3203 3033 3298 3090 τοῦ
3324 3035 3502 3090 ποιεῖν
3531 3034 3709 3106 κρίμα

2110 3125 2204 3182 καὶ
2236 3126 2456 3198 ἀγαπᾷν
2484 3125 2656 3190 ἔλεος·
2687 3125 2783 3181 καὶ
2815 3125 3034 3197 ἕτοιμον
3073 3122 3216 3180 εἶναι
3248 3126 3353 3181 τοῦ.
3373 3126 3709 3200 πορεύεσθαι

404 3229 490 3283 vel
510 3229 644 3299 quid
672 3229 942 3285 Dominus
955 3229 1262 3300 exquirata
1289 3237 1362 3294 te,
1391 3229 1498 3285 nisi
1525 3229 1709 3285 facere
1729 3229 2004 3302 judicium

2113 3216 2255 3289 μετὰ
2298 3217 2508 3290 Κυρίου
2541 3216 2637 3273 τοῦ
2675 3215 2812 3272 Θεοῦ
2847 3234 2979 3284 σου;
3036 3237 3056 3272 ι
3102 3215 3230 3291 'Ap‘
3271 3216 3366 3275 οῦν
3395 3221 3518 3290 οὐχὶ
3548 3219 3712 3273 τοῦτό

403 3330 461 3376 ct
489 3319 721 3392 diligere
761 3321 1224 3387 misericordiam,
1255 3329 1313 3377 et
1347 3330 1602 3393 paratum
1644 3337 1768 3378 esse
1805 3322 2004 3378 ambu-

2112 3311 2260 3365 ἐστιν
2291 3309 2577 3382 ἐναργῶς,
2611 3310 2752 3381 ὅπερ
2797 3307 2904 3379 ἔφη
2950 3310 3210 3382 Χριστός·
3249 3330 3269 3365 ι
3318 3311 3388 3365 El’
3434 3329 3520 3376 τις
3564 3311 3713 3365 θέλει

404 3413 520 3469 lare
561 3428 689 3469 cum
736 3413 971 3468 Domino
999 3413 1113 3469 Deo
1140 3421 1236 3469 tuo
1265 3413 1346 3468 ‘7?
1384 3433 1402 3466 ι
1437 3413 1633 3470 Nonne
1676 3414 1846 3486 igitur
1884 3431 2008 3486 per-

404 3505 596 3576 spicue
615 3505 725 3560 hoc
748 3504 885 3560 illud
907 3505 1165 3576 estquod
1200 3505 1382 3576 inquit
1407 3504 1663 3562 Christus
1693 3525 1707 3561 :
1740 3526 1759 3560 ι
1791 3507 1849 3563 Si
1882 3509 2008 3580 quis

404 3597 526 3653 vult
548 3597 742 3666 venire
781 3607 908 3669 post
937 3613 1045 3664 me,
1087 3598 1322 3670 abneget
1351 3599 1734 3672 semetipsum,
1763 3609 1821 3655 et
1856 3601 2010 3656 tollat

405 3703 629 3743 crucem
671 3703 858 3753 suam,
902 3694 959 3742 et
992 3695 1258 3758 sequatur
1299 3704 1389 3745 me
1421 3689 1578 3743 ‘7'?»
1627 3689 1698 3744 Et
1742 3689 1945 3744 iterum
1989 3707 2008 3746 :

417 3799 436 3830 ι
461 3777 568 3846 Qui
593 3794 682 3833 me
708 3778 904 3852 diligit,
933 3796 1020 3836 me
1049 3788 1334 3852 sequatur,
1368 3791 1426 3836 et
1460 3781 1555 3836 ubi
1585 3795 1688 3853 ego
1725 3797 1870 3847 sum,
1896 3781 2010 3838 illic

407 3879 465 3926 et
511 3869 766 3926 minister
824 3886 980 3927 meus
1031 3872 1104 3928 sit
1150 3873 1216 3928 ⁸⁸.
1270 3892 1289 3925 ι
1335 3873 1455 3929 Non
1511 3872 1568 3928 in
1631 3872 1795 3944 legali
1855 3873 2009 3930 cultu

403 3964 722 4020 Christiana
748 3963 964 4037 religio,
988 3965 1083 4021 sed
1113 3965 1169 4020 in
1193 3973 1386 4023 sancto
1405 3974 1571 4037 atque
1596 3965 1876 4037 spirituali
1904 3966 2010 4024 sita

407 4064 518 4127 cst.

478 4147 679 4204 PALL.
711 4148 1040 4205 Rectissime
1070 4147 1281 4205 dixisti.

474 4240 634 4297 CYR.
667 4240 813 4309 Quin
834 4241 1001 4297 etiam
1032 4257 1132 4312 per
1172 4241 1368 4298 Isaiam
1409 4241 1796 4300 vehementius
1815 4244 2006 4317 objur-

406 4349 542 4404 gans
566 4333 876 4400 lsraelitas,
914 4352 932 4385 ‹
963 4333 1189 4401 Audite,
1230 4353 1248 4386 ι
1276 4333 1479 4405 inquit,
1511 4355 1529 4388 ι
1558 4336 1732 4392 verba
1753 4336 2006 4402 Domini,

408 4423 688 4496 principes
716 4423 1119 4492 Sodomorum;
1150 4424 1421 4481 attendite
1465 4425 1641 4498 legem
1670 4425 1790 4490 Dei,
1830 4441 2001 4496 popu-

408 4517 497 4573 lus
542 4515 886 4572 Gomorrhae.
935 4515 1057 4584 Quo
1121 4517 1260 4572 mihi
1311 4517 1613 4573 multitudo
1659 4517 2010 4572 victimarum

407 4616 739 4676 vestrarum,
784 4608 922 4665 dicit
967 4609 1272 4671 Dominus?
1316 4609 1521 4666 Plenus
1569 4624 1694 4664 sum
1742 4608 2010 4663 holocau-

2113 3399 2288 3456 ὀπίσω
2321 3418 2424 3472 μου
2457 3401 2654 3468 ἐλθεῖν,
2688 3401 3103 3475 ἀπαρνησάσθω
3134 3403 3363 3469 ἐαυτὸν,
3391 3406 3487 3459 καὶ
3519 3404 3715 3476 ἀράτω

2110 3493 2204 3550 τὸν
2231 3493 2466 3565 σταυρὸν
2492 3493 2682 3561 αὐτοῦ,
2712 3495 2808 3550 καὶ
2825 3494 3196 3550 ἀκολουθείτω
3235 3513 3326 3568 μοι
3354 3513 3369 3564 ;
3409 3515 3428 3549 ι
3467 3496 3578 3551 Καὶ
3609 3495 3716 3550 πά-

2112 3586 2215 3642 λιν·
2252 3605 2272 3640 ι
2331 3587 2390 3642 Ὀ
2422 3588 2525 3660 ἐμὲ
2555 3587 2809 3658 ἀγαπῶν,
2842 3588 2970 3658 ἐμοὶ
3015 3588 3416 3655 ἀκολουθείτω,
3449 3588 3545 3643 καὶ
3572 3588 3712 3641 ὅπου

2112 3680 2229 3751 εἰμὶ
2263 3679 2409 3750 ἐγὼ,
2443 3681 2562 3735 ἐκεῖ
2599 3679 2696 3734 καὶ
2738 3681 2768 3735 ὁ
2810 3679 3060 3746 διάκονος
3091 3683 3120 3735 ὁ
3159 3680 3293 3752 ἐμὸς
3333 3679 3494 3734 ἔστω.
3538 3698 3557 3732 ι
3593 3679 3713 3734 Οὐκ

2112 3769 2170 3823 ἐν
2192 3775 2392 3844 νομικῇ
2430 3772 2532 3842 μὲν
2558 3770 2788 3844 λατρεία
2818 3771 2886 3842 τῇ
2928 3771 3072 3828 κατά
3096 3770 3369 3843 Χριστὸν,
3401 3771 3538 3826 ἀλλά
3579 3769 3715 3842 ἁγία

2112 3878 2173 3915 τε
2204 3863 2301 3918 καὶ
2328 3867 2706 3937 πνευματικῇ.
3523 3900 3526 3902 ~

2183 4151 2395 4208 ΠΑΛΔ.
2433 4151 2734 4224 ὀρθότατα
2763 4151 2926 4225 ἔφης.

2184 4245 2351 4302 ΚΥΡ.
2383 4247 2494 4302 Καὶ
2521 4245 2610 4301 διὰ
2654 4248 2754 4318 μὲν
2783 4247 2881 4317 τῆς
2922 4246 3154 4301 Ἡσαΐου
3191 4244 3380 4317 φωνῆς
3401 4285 3417 4312 ,
3447 4243 3732 4314 θερμότε-.

2118 4354 2209 4410 ρον
2237 4337 2562 4410 ἐπιπλήττει
2605 4342 2720 4405 τοῖς
2759 4339 2821 4406 ἐξ
2859 4339 3078 4413 Ἰσραὴλ
3123 4339 3319 4409 λέγων·
3346 4355 3366 4391 ι
3414 4337 3714 4392 Ἀκούσατε

2113 4428 2290 4496 λόγων
2321 4428 2530 4501 Κυρίου
2551 4469 2567 4496 ,
2601 4431 2863 4503 ἄρχοντες
2891 4431 3176 4504 Σοδόμων,
3213 4429 3515 4502 προσέχετε
3542 4429 3714 4498 νόμον

2114 4518 2274 4586 Θεοῦ,
2303 4520 2432 4586 λαὸς
2474 4522 2792 4596 Γομόρρων.
2843 4523 2910 4578 Τί
2965 4542 3057 4596 μοι
3099 4522 3308 4596 πλῆθος
3343 4522 3453 4577 τῶν
3505 4519 3711 4575 θυσιῶν

2117 4609 2308 4682 ὑμῶν,
2343 4611 2495 4683 λέγει
2535 4613 2778 4685 Κύριος;
2824 4615 3050 4688 Πλήρης
3085 4615 3206 4686 εἰμὶ
3237 4614 3714 4684 ὁλοκαυτωμάτων

405 4700 508 4755 stis
556 4699 825 4767 arietum;
866 4707 923 4756 et
955 4699 1177 4772 adipem
1225 4714 1526 4771 agnorum,
1577 4707 1634 4754 et
1683 4700 2006 4770 sanguinem

2116 4671 2324 4774 κριῶν,
2365 4671 2461 4760 καὶ
2506 4671 2674 4780 στέαρ
2713 4671 2895 4779 ἀρνῶν
2925 4671 3288 4780 καί-τράγων
3332 4709 3394 4761 οὺ
3425 4671 3708 4778 βούλομαι·

408 4800 692 4849 taurorum
721 4799 780 4848 et
808 4791 1092 4848 hircorum
1135 4792 1264 4847 nolo
1291 4809 1305 4845 :
1331 4807 1513 4862 neque
1552 4791 1820 4847 veneritis
1847 4807 2014 4864 appa-

405 4899 530 4941 rere
579 4884 753 4952 mihi;
805 4885 932 4956 quis
976 4884 1128 4940 enim
1176 4883 1434 4955 quaesivit
1481 4883 1600 4940 haec
1647 4883 1715 4940 de
1757 4884 2014 4942 manibus

405 4976 644 5033 vestris?
675 4977 891 5034 calcare
921 4976 979 5033 in
1009 4977 1215 5033 atrium
1242 4991 1428 5031 meum
1467 4991 1578 5032 non
1611 4977 1918 5048 apponetis.
1953 4977 2012 5034 Si

407 5069 726 5126 obtuleritis
753 5069 1053 5142 siliginem,
1081 5083 1322 5136 vanum;
1347 5067 1637 5125 incensum
1669 5069 2014 5128 abominatio

405 5169 493 5218 est
530 5162 706 5230 mihi;
741 5163 1064 5219 neomenias
1095 5167 1330 5227 vestras,
1369 5167 1428 5217 et
1467 5159 1727 5229 Sabbata,
1763 5170 1820 5218 et
1859 5161 2008 5219 diem

409 5269 670 5326 magnum
699 5271 811 5311 non
840 5255 1035 5311 feram.
1067 5253 1346 5325 Jejunium
1375 5262 1432 5310 et
1459 5254 1656 5320 otium,
1700 5263 1756 5312 et
1793 5254 2008 5312 festivi-

409 5353 550 5402 tates
587 5353 800 5402 vestras
841 5345 962 5402 odit
1001 5345 1184 5401 anima
1232 5361 1389 5412 mea;
1422 5345 1550 5402 facti
1587 5348 1723 5404 estis
1770 5347 1908 5402 mihi
1951 5347 2010 5402 in

406 5436 720 5493 satietatem
745 5437 815 5496 ".
853 5456 873 5489 ι
905 5438 1011 5494 Per
1040 5437 1362 5493 Malachiam
1395 5450 1658 5510 praetcrea
1682 5439 2009 5512 prophetam

405 5526 778 5584 odiosissimis
825 5528 1148 5586 hominibus
1188 5529 1384 5586 eadem
1432 5531 1598 5598 dicit,
1635 5541 1801 5603 atque
1840 5532 2010 5589 etiam

408 5625 724 5690 temporum
753 5619 1026 5688 meminit,
1067 5621 1273 5694 quibus
1311 5639 1410 5694 per
1453 5640 1648 5682 omnes
1692 5632 1870 5682 terras
1901 5627 2010 5682 sibi

407 5708 712 5767 incruenta;
738 5725 804 5769 ac
847 5712 1153 5785 spiritualis
1179 5715 1376 5772 hostia;
1405 5717 1630 5775 odorem
1656 5718 2009 5791 incompara-

2114 4794 2225 4848 οὐδ’
2273 4795 2340 4850 ἂν
2387 4795 2626 4868 ἐρχησθε
2673 4796 2907 4868 ὁφθῆναί
2958 4815 3080 4871 μοι,
3121 4797 3207 4862 τίς
3253 4796 3364 4867 γὰρ
3409 4796 3712 4868 ἐξεζήτησε

2112 4887 2286 4944 ταῦτα
2314 4890 2380 4943 ἐκ
2413 4889 2522 4943 τῶν
2550 4889 2752 4962 χειρῶν
2797 4890 2990 4964 ὑμῶν;
3024 4893 3224 4946 Πατεῖν
3251 4891 3353 4962 τὴν
3389 4890 3563 4960 αὐλήν
3607 4906 3714 4960 μου

2115 4981 2180 5036 οὐ
2211 4980 2615 5053 προσθήσεσθε.
2672 4983 2799 5039 Ἔάν
2842 4984 3052 5057 φέρητε
3097 4981 3417 5056 σεμίδαλιν,
3453 4982 3708 5053 μάταιον.

2117 5072 2385 5146 Θυμίαμα
2429 5073 2705 5148 βδέλυγμά
2733 5079 2824 5148 μοί
2865 5079 3016 5144 ἐστι,
3044 5076 3147 5140 τάς
3175 5074 3476 5147 νουμηνίας
3517 5073 3712 5146 ὑμῶν,

2119 5165 2216 5220 καὶ
2247 5165 2320 5220 τὰ
2347 5166 2626 5237 Σάὸὄατα,
2647 5169 2742 5224 καλ⁵
2767 5171 2984 5242 ἡμέραν
3010 5167 3259 5240 μεγάλην
3286 5167 3388 5222 οὐκ
3418 5165 3712 5238 ἀνέχομαι.

2119 5255 2396 5328 Νηστείαν
2429 5257 2525 5313 καὶ
2563 5258 2766 5331 ἀργίαν
2786 5300 2802 5325 ,
2829 5257 3050 5322 καὶτὰς
3087 5258 3284 5330 ἑορτὰς
3314 5256 3468 5328 ὑμῶν
3514 5256 3712 5328 ἐμίση-

2123 5364 2214 5402 σεν
2255 5351 2289 5420 ἡ
2329 5349 2476 5420 ψυχή
2511 5367 2634 5421 μου·
2670 5350 2971 5422 ἐγενήθητε
3019 5367 3110 5421 μοι
3155 5349 3237 5414 εἰς
3288 5347 3636 5419 πλησμονήν.
3685 5364 3708 5399 ι

2120 5442 2222 5496 Διά
2264 5459 2324 5496 τε
2369 5441 2463 5496 τοῦ
2505 5444 2793 5516 προφήτου
2842 5441 3168 5514 Μαλαχίου,
3213 5441 3383 5496 ταυτὸ
3434 5439 3585 5508 λέγει
3631 5438 3714 5494 ἔτι

2117 5533 2256 5606 πρὸς
2294 5533 2415 5589 λίαν
2462 5535 2909 5607 ἀπηχθημένους’
2958 5534 3334 5607 διαμέμνηται
3378 5532 3438 5587 δὲ
3481 5531 3712 5604 καιρῶν,

2118 5623 2240 5678 καθ’
2287 5624 2382 5690 οὓς
2427 5624 2494 5681 ἂν
2551 5625 2703 5696 αὐτῷ
2746 5625 3098 5699 προσοίσειαν
3150 5627 3202 5680 οἱ
3245 5626 3352 5682 ἀνά
3397 5627 3582 5680 πᾶσαν
3613 5624 3715 5696 τὴν

2113 5717 2218 5789 γῆν
2260 5719 2370 5791 τῆςς
2395 5719 2733 5792 ἀναιμάκτου
2759 5721 2852 5774 καὶ
2879 5720 3079 5793 νοητῆς
3107 5719 3299 5786 θυσίας
3327 5719 3425 5792 τὴν
3450 5718 3712 5792 ἀσύγκρι-

479 5893 1060 5970 “Amos,v,21,22.
1138 5903 1184 5938 σο
1207 5903 1372 5961 Mich.
1404 5919 1476 5974 Vl,
1502 5905 1630 5974 6,7.
1693 5877 2020 5975 "lbid.,8‘.
2101 5906 2632 5977 "Mammas.
2702 5910 3172 5980 “Joan.xn,26.
3232 5909 3276 5946 ιο
3301 5909 3402 5968 lsa.
3425 5923 3465 5976 ι,
3498 5905 3584 5976 10.
3619 5903 3705 5960 is.
