4096 6432
289 393 398 451 :25
1062 396 1154 453 ns
1185 392 1636 454 ADUBATIONE
1673 395 1741 453 1N
1763 394 2046 453 suum;
2088 395 2179 451 ετ
2218 393 2593 452 vsnmrs.
2638 392 2769 449 Lm.
2812 392 2878 448 ιι.

3526 392 3635 447 226

290 535 676 592 τονεύωδίαν.
713 534 864 607 Ἔφη
908 536 1023 608 γὰρ
1061 528 1165 592 ὧδε
1200 536 1400 593 πάλιν·
1444 554 1464 591 ι
1501 537 1621 594 οὐκ
1654 537 1773 593 ἔστι
1805 556 1909 612 μου

2040 534 2185 591 bilem
2204 541 2393 592 essent
2414 533 2677 590 oblaturi.
2699 530 2792 587 Sic
2813 529 2964 587 enim
2987 529 3189 585 iterum
3218 526 3404 599 inquit
3428 546 3442 582 :
3470 546 3488 581 ι
3513 528 3637 584 Νοιι

294 628 528 700 θέλημα
576 632 638 685 tv
659 630 829 702 ὑμῖν,
878 630 1035 702 λέγει
1083 630 1292 703 Κύριος
1338 630 1781 704 παντοκράτωρ,
1825 634 1922 687 καὶ

293 724 501 779 θυσίαν
531 723 598 777 οὗ
636 724 1009 797 προσδέξομαι
1051 725 1118 777 ὲκ
1159 723 1269 778 τῶν
1296 723 1501 798 χειρῶν
1544 723 1737 796 ὑμῶν,
1784 720 1921 779 διότι

289 813 408 869 ἀπὸ
436 813 730 868 ἀνατολῶν
772 814 932 886 ἡλίου
969 814 1066 869 καὶ
1093 811 1204 879 ἕως
1244 813 1471 886 δυσμῶν
1507 812 1569 867 τὸ
1611 813 1785 886 ὄνομά
1816 831 1920 885 μου

293 906 629 972 δεδόξασται
689 908 750 961 tv
786 909 906 972 τοῖς
952 906 1171 973 ἔθνεσι,
1205 907 1305 963 καὶ
1344 908 1406 961 tv
1434 906 1600 961 παντὶ
1638 905 1791 976 τόπῳ
1822 905 1923 961 θυ-

286 1002 490 1073 μίαμα
562 999 944 1072 προσφέρεται
1012 998 1095 1072 τῷ
1151 997 1382 1071 ὀνόματί
1437 1017 1540 1073 μου
1611 1000 1708 1055 καὶ
1759 997 1924 1054 θυσία

292 1091 566 1163 καθαρὰ,
613 1091 754 1145 διότι
805 1089 953 1162 μέγα
991 1091 1054 1145 τὸ
1093 1089 1271 1162 δνομά
1316 1107 1420 1163 μου
1455 1092 1518 1145 tv
1560 1093 1674 1156 τοῖς
1718 1089 1919 1157 ἔθνεσι,

291 1183 454 1253 λέγει
493 1182 713 1254 Κύριος
763 1184 1194 1256 παντοκράτωρ.
1233 1202 1255 1238 ι
1294 1184 1495 1256 Συνίης
1540 1186 1623 1239 ὅτι
1667 1183 1924 1256 θυμίαμά

292 1294 355 1331 τε
410 1275 519 1331 καὶ
574 1274 774 1329 θυσίαν
826 1274 978 1348 αὐτῷ
1025 1275 1280 1349 καθαράν
1326 1276 1438 1332 ἀπὸ
1484 1277 1688 1343 παντὸς
1734 1276 1923 1342 ἔθνους

296 1370 783 1442 ἀνενεχθήσεσθαί
826 1388 1015 1443 φησιν.
1043 1371 1258 1445 ’Ὥσπερ
1287 1369 1345 1424 δὲ
1374 1371 1475 1445 τὴν
1504 1371 1632 1426 νέαν
1658 1373 1795 1444 ήμίν
1826 1371 1922 1427 καὶ

293 1465 355 1518 tv
385 1462 626 1536 Χριστῷ
658 1463 933 1536 διαθήκην
953 1504 969 1529 ,
1003 1464 1201 1536 καινὴν
1225 1463 1523 1537 ὀνομάσας,
1562 1464 1922 1520 πεπαλαίωκε

292 1557 398 1629 τὴν
434 1555 696 1628 πρώτην.
730 1556 947 1629 Γράφει
986 1556 1097 1630 γὰρ
1132 1558 1266 1630 ἡμῖν
1299 1556 1476 1623 οῦτως
1527 1561 1626 1611 καὶ
1653 1560 1682 1612 ὁ
1722 1555 1923 1611 θεσπέ-

301 1665 424 1713 σιος
446 1646 694 1713 Παῦλος.
741 1646 833 1712 Ὧς
878 1646 1116 1702 κάνθάδε
1136 1688 1152 1714 ,
1185 1646 1436 1717 καθαρὰν
1467 1645 1639 1701 είπὼν
1678 1645 1779 1719 τὴν
1813 1645 1924 1700 ἀπὸ

293 1738 516 1806 παντὸς
544 1740 736 1804 ἔθνους
791 1739 986 1795 Θυσίαν
1019 1740 1291 1813 ἐσομένην
1338 1741 1483 1795 κατά
1521 1740 1786 1813 καιροὺς,
1835 1736 1918 1811 τῷ

297 1835 380 1908 μὴ
433 1834 624 1899 οὕτως
670 1834 817 1907 ἔχειν
858 1833 962 1905 τῆς
1017 1834 1255 1907 ἀρχαίας
1304 1833 1764 1905 καταψηφίζεται.
1805 1834 1924 1886 Κα-

2019 635 2107 683 est
2132 627 2392 683 voluntas
2428 641 2551 681 mea
2586 626 2643 680 in
2676 624 2859 691 vobis,
2902 622 3042 679 dicit
3077 621 3349 677 Dominus
3376 619 3636 691 omnipo-

2015 729 2176 802 tens;
2233 726 2291 774 et
2336 717 2674 775 sacriﬁcium
2738 732 2853 773 non
2908 716 3209 788 suscipiam
3254 714 3325 771 de
3378 714 3640 772 manibus

2016 810 2253 878 vestris;
2286 810 2420 881 quia
2462 809 2534 865 ab
2576 817 2704 864 ortu
2739 808 2874 864 solis
2904 821 3082 878 usque
3123 804 3192 861 ad
3226 820 3486 862 occasum
3530 820 3638 861 no-

2018 918 2152 959 men
2179 917 2368 958 meum
2408 900 2779 975 gloriﬁcatum
2804 909 2891 957 est
2916 900 2975 955 in
3000 898 3293 973 gentibus;
3320 906 3378 955 et
3402 898 3461 954 in
3485 898 3640 955 omni

2021 996 2148 1053 loco
2179 996 2473 1054 incensum
2500 997 2738 1053 offertur
2766 994 2981 1052 nomini
3027 1010 3172 1060 meo,
3217 1003 3276 1050 et
3307 991 3643 1050 sacriﬁcium

2020 1089 2296 1145 mundum
2342 1105 2360 1143 :
2393 1089 2524 1160 quia
2568 1104 2832 1162 mgnum
2872 1103 3079 1144 nomen
3115 1101 3303 1143 meum
3354 1086 3413 1141 in
3456 1086 3641 1158 genti-

2022 1183 2152 1251 bus,
2176 1183 2315 1239 dicit
2347 1183 2620 1239 Dominus
2649 1180 3087 1253 omnipotens".
3120 1198 3139 1231 ι
3174 1177 3445 1250 intelligis
3470 1177 3643 1249 igitur

2024 1275 2175 1348 quod
2226 1276 2516 1332 incensum
2563 1288 2629 1329 ac
2689 1271 3030 1330 sacriﬁcium
3086 1269 3194 1326 sibi
3246 1269 3519 1325 mundum
3570 1268 3642 1324 ab

2024 1365 2178 1423 omni
2211 1374 2376 1439 gente
2409 1380 2535 1422 esse
2585 1363 2935 1421 offerendum
2969 1364 3068 1420 ait.
3115 1362 3188 1420 Ut
3235 1371 3424 1417 autem
3467 1361 3527 1417 in
3573 1375 3644 1416 eo

2025 1461 2175 1533 quod
2212 1475 2412 1516 recens
2440 1458 2577 1514 illud
2615 1458 2673 1513 in
2711 1456 2937 1514 Christo
2971 1462 3389 1521 testamentum,
3435 1470 3644 1510 novum

2026 1551 2545 1628 appellavit,‘illud
2613 1538 2771 1622 prius
2834 1564 2901 1605 ac
2951 1555 3114 1605 vetus
3166 1546 3496 1618 antiquavit.
3551 1545 3646 1605 Sic

2026 1649 2178 1704 enim
2213 1648 2417 1703 beatus
2454 1645 2662 1702 Paulus
2691 1643 2890 1699 scribit
2919 1643 2988 1697 '“.
3019 1641 3157 1697 Item
3188 1642 3244 1696 in
3283 1641 3393 1696 hoc
3432 1640 3556 1697 loco
3586 1639 3645 1697 in

2027 1755 2097 1797 eo
2127 1739 2276 1811 quod
2311 1738 2471 1804 dixit,
2501 1737 2775 1793 mundum
2815 1736 2886 1792 ab
2917 1735 3069 1791 omni
3103 1741 3268 1807 gente
3310 1733 3645 1791 sacriﬁcium

2030 1830 2148 1887 suis
2177 1829 2526 1902 temporibus
2557 1828 2830 1894 futurum,
2874 1825 2943 1882 de
2984 1826 3081 1881 illo
3114 1825 3313 1892 veteri,
3351 1824 3502 1897 quod
3531 1840 3645 1879 non

296 1906 455 2000 θαρά
482 1925 600 1997 γάρ
624 1942 752 1979 τινα
775 1924 1003 1997 τρόπον,
1090 1925 1230 1996 μήτε
1261 1923 1627 1997 καθαίρουσα,
1654 1924 1792 1995 μήτε
1821 1921 1927 1995 μὴν

2040 1922 2301 1995 ejusmodi
2331 1906 2430 1988 sit,
2456 1920 2792 1977 sententiam
2816 1918 2966 1976 tulit.
3003 1917 3293 1986 Quomodo
3327 1918 3479 1974 enim
3506 1917 3644 1973 illud

293 2016 515 2087 ἔχουσα
558 2013 625 2068 τὸ
673 2011 921 2067 τελειοῦν
958 2012 1222 2068 δύνασθαι
1275 2013 1414 2086 πρὸς
1454 2015 1695 2087 άρετήν;
1738 2012 1924 2086 Ταύτῃ

291 2109 384 2162 τοί
425 2126 604 2179 φησιν
632 2109 663 2162 ὁ
696 2106 972 2180 μακάριος
1002 2092 1240 2171 Παῦλος,
1262 2106 1339 2171 ὼς
1371 2102 1440 2180 ἦν
1477 2107 1577 2179 μὲν
1603 2107 1706 2161 οὐκ
1735 2107 1924 2178 άμεμ-

294 2220 471 2267 πτος,
509 2199 940 2272 είσκεκομίσθαι
975 2200 1035 2253 δὲ
1074 2199 1393 2270 ἀναγκαίως
1431 2200 1502 2254 τά
1529 2199 1620 2255 διὰ
1648 2197 1926 2271 Χριστοῦ,

290 2296 402 2351 καὶ
428 2296 529 2350 τὸν
556 2295 661 2368 τῆς
680 2293 946 2366 δευτέρας
976 2293 1327 2366 ὲγζητεῖσθαι
1348 2292 1533 2348 τόπον.

383 2581 608 2638 ΠᾹΛΛ.
671 2578 1006 2653 ’Ᾱϐούλητος
1058 2578 1169 2651 ἄρα
1219 2555 1506 2641 παντελῶς
1544 2576 1579 2649 ή
1631 2575 1690 2630 tv
1748 2577 1932 2640 σκιαῖς

297 2675 547 2748 λατρεία
584 2673 842 2744 παναγίῳ
874 2671 995 2743 Θεῷ
1014 2689 1029 2740 ;

384 2767 561 2821 ΚΥΡ.
613 2764 945 2818 Παντάπασι
991 2761 1094 2834 μὲν
1145 2754 1263 2817 οὖν.
1313 2759 1475 2831 Πάρα
1528 2760 1587 2814 δέ
1625 2776 1691 2829 γε
1746 2756 1932 2828 σαφῶς

301 2861 535 2916 ἐπαΐειν
559 2857 818 2927 λέγοντος
852 2859 971 2921 τοῖς
1012 2855 1074 2920 ἐξ
1114 2854 1367 2928 Ἰσραὴλ,
1403 2853 1494 2908 διά
1523 2855 1622 2924 τῆς
1663 2852 1932 2924 Ἱερεμίου

302 2955 528 3025 φωνῆς’
562 2972 582 3005 ι
614 2951 757 3006 Τάδε
778 2950 933 3021 λέγει
956 2949 1185 3020 Κύριος·
1214 2949 1296 3002 Τά
1315 2945 1751 3017 ὁλοκαυτώματα
1776 2943 1933 3016 ὑμῶν

306 3045 668 3113 συναγάγετε
724 3042 864 3114 μετά
913 3039 1023 3095 τῶν
1076 3039 1281 3094 θυσιῶν
1336 3037 1494 3109 ὑμῶν
1516 3077 1533 3103 ,
1579 3035 1677 3090 καὶ
1724 3036 1932 3104 φάγετε

305 3137 483 3211 κρέα.
511 3136 641 3191 ’Ότι
681 3135 788 3188 οὐκ
818 3132 1063 3206 ἐλάλησα
1099 3129 1238 3204 πρὸς
1284 3131 1414 3193 τοὺς
1460 3127 1706 3201 πατέρας
1752 3126 1932 3199 ὑμῶν,

310 3232 418 3285 καὶ
448 3230 556 3284 οὐκ
587 3225 954 3298 ἐνετειλάμην
995 3224 1185 3288 αὐτοῖς
1226 3223 1288 3276 tv
1331 3214 1609 3294 ήμέρᾳ,ᾕ
1653 3220 1931 3292 ἀνήγαγον

2032 2015 2145 2089 58
2187 2016 2458 2072 mundum
2493 2016 2588 2082 sit,
2625 2013 2774 2087 quod
2823 2028 3006 2085 neque
3054 2012 3309 2079 mundat,
3352 2026 3535 2084 neque
3573 2010 3644 2067 ad

2031 2111 2334 2181 perfectam
2380 2110 2646 2167 virtutem
2695 2124 2821 2165 nos
2849 2108 3055 2164 ducere
3109 2107 3330 2179 potest?
3375 2104 3646 2174 Quocirca

2031 2201 2232 2258 beatus
2249 2203 2456 2259 Paulus
2480 2201 2682 2273 inquit,
2706 2210 2868 2259 vetus
2893 2201 3033 2258 illud
3055 2217 3169 2257 non
3193 2216 3421 2257 vacasse
3448 2200 3643 2273 culpa;

2031 2296 2219 2367 itaque
2263 2295 2581 2351 necessario
2620 2294 2758 2350 illud
2802 2296 3138 2351 successisse
3167 2293 3317 2366 quod
3348 2308 3449 2365 per
3478 2292 3645 2349 Chri-

2030 2398 2184 2445 stum
2231 2389 2505 2445 sancitum
2546 2397 2666 2456 est,
2697 2396 2756 2445 et
2800 2388 3034 2444 secundi
3076 2388 3261 2444 locum
3313 2385 3647 2458 inquisitum

2030 2482 2225 2539 fuisse.

2106 2577 2306 2633 PALL.
2340 2577 2561 2651 Ergone
2588 2588 2823 2651 prorsus
2867 2585 3073 2650 praeter
3116 2573 3522 2648 omnipotentis
3545 2572 3648 2630 Dei

2032 2671 2379 2727 voluntatem
2410 2672 2596 2728 cultus
2633 2672 2727 2728 ille
2758 2669 3076 2727 umbratilis
3104 2668 3248 2725 fuit?

2106 2764 2269 2820 CYR.
2302 2763 2563 2821 Omnino.
2595 2765 2694 2820 Est
2719 2771 2908 2820 autem
2936 2763 2993 2819 in
3022 2769 3307 2835 promptu,
3337 2761 3515 2817 Deum
3545 2776 3649 2818 au-

2034 2855 2157 2911 dire
2198 2856 2548 2927 apertissime
2570 2855 2849 2913 dicentem
2892 2855 3022 2911 ﬁliis
3054 2855 3244 2922 Israel,
3272 2869 3373 2926 per
3396 2854 3651 2911 Jeremia:

2035 2962 2230 3003 vocem
2275 2965 2287 3000 :
2329 2965 2348 2998 ι
2388 2945 2519 3003 Haec
2559 2946 2700 3002 dicit
2740 2946 3054 3003 Dominus:
3084 2946 3421 3003 Holocausta
3466 2955 3652 3003 vestra

2032 3049 2366 3112 congregate
2393 3055 2521 3095 cum
2545 3024 2839 3096 sacriﬁciis
2871 3038 3096 3105 vestris,
3126 3047 3184 3095 et
3215 3040 3492 3097 comedite
3523 3056 3651 3096 car-

2031 3147 2154 3188 nes.
2181 3131 2324 3201 Quia
2343 3148 2458 3188 non
2484 3147 2609 3188 sum
2638 3133 2864 3190 locutus
2892 3132 2962 3188 ad
2994 3140 3184 3204 patres
3206 3142 3440 3200 vestros,
3468 3149 3652 3205 neque

2035 3223 2294 3280 mandavi
2319 3223 2403 3280 eis
2440 3223 2497 3280 in
2530 3224 2622 3280 die
2669 3239 2781 3296 qua
2804 3225 3108 3282 ascendere
3141 3239 3240 3281 eos
3269 3223 3378 3281 feci
3407 3225 3477 3281 de
3505 3233 3653 3281 terra

312 3324 528 3387 αὐτοὺς
564 3322 632 3375 ἐκ
663 3320 772 3392 γῆς
824 3318 1110 3389 Αἰγύπτου
1159 3317 1291 3387 περὶ
1321 3311 1797 3384 ὁλοκαυτωμάτων
1837 3312 1935 3365 καὶ

2040 3314 2279 3388 Αὲενγριί,
2317 3315 2388 3371 de
2420 3315 2783 3383 holocaustis,
2819 3324 2878 3373 et
2915 3315 3226 3372 sacriﬁciis.
3275 3314 3385 3372 Sed
3417 3316 3653 3373 verbum

302 3415 555 3471 θυσιῶν.
603 3413 746 3468 Ἀλλ’
786 3413 821 3483 ἢ
865 3411 929 3466 τὸ
960 3411 1114 3484 ῥῆμα
1144 3408 1308 3463 τοῦτο
1353 3403 1713 3478 ἐνετειλάμην
1752 3404 1939 3469 αὐτοῖς

308 3508 501 3576 λέγων
520 3546 537 3570 ,
570 3505 873 3561 Ἀκούσατε
902 3503 1008 3574 τῆς
1045 3501 1232 3574 φωνῆς
1264 3518 1389 3573 μου.
1430 3519 1450 3553 ι
1482 3499 1652 3553 Ὅσον
1701 3497 1802 3570 μὲν
1829 3495 1941 3567 γὰρ

310 3596 461 3673 ἧκεν
502 3600 587 3664 εἴς
615 3616 687 3669 γε
712 3598 777 3653 τὸ
820 3596 1053 3670 ἀκριϐὲς
1077 3594 1160 3667 τῷ
1186 3592 1457 3667 νομοθέτῃ
1485 3589 1702 3656 δοκοῦν,
1736 3588 1846 3644 οὐδ’
1870 3587 1941 3642 ἀν

311 3693 463 3757 ὅλως
486 3693 545 3745 tv
571 3692 772 3763 ἀρχαῖς
810 3692 841 3745 ὁ
867 3692 928 3743 tv
957 3690 1140 3753 σκιαῖς
1179 3685 1262 3741 ἔτι
1299 3681 1818 3758 κατεχρησμωδήθη
1850 3679 1942 3733 v6-

319 3802 451 3858 μος,
472 3783 578 3855 τῆς
602 3783 662 3837 tv
690 3781 971 3854 πνεύματι
995 3778 1256 3851 λατρείας
1284 3775 1678 3847 σεσιγημένης.
1718 3770 1942 3844 Ἐπειδὴ

318 3878 383 3932 δὲ
405 3873 482 3950 ἦν
509 3875 577 3930 τὸ
615 3875 810 3949 χρῆμα
854 3872 1117 3946 φορτικὸν
1134 3912 1151 3939 ,
1183 3870 1281 3925 καὶ
1308 3869 1370 3925 τὸ
1395 3865 1661 3922 δύνασθαι
1695 3861 1944 3935 πληροῦν

319 3972 390 4026 τὸ
428 3969 662 4034 τελείως
702 3968 911 4040 ἀγαθὸν
930 4008 947 4034 ,
1000 3969 1117 4032 τοῖς
1145 3964 1208 4021 τὸ
1253 3962 1514 4036 τηνικάδε
1564 3961 1799 4033 βάσιμον
1841 3957 1944 4031 μὲν

318 4064 470 4136 οὐχὶ,
504 4062 678 4134 φαίην
714 4061 761 4115 δ’
792 4059 861 4115 ἂν
891 4060 977 4114 ὅτι
1016 4045 1255 4131 σκληρὸν
1282 4056 1379 4111 καὶ
1416 4054 1519 4109 οὐκ
1552 4053 1766 4126 άτραχυ
1785 4092 1801 4118 ,
1843 4067 1944 4122 νη-

321 4156 650 4230 πιοπρεπὴς
702 4150 793 4211 οἶά
839 4173 928 4221 τις
995 4154 1323 4228 μελέτησις,
1367 4151 1468 4223 τήν
1516 4149 1620 4221 τῆς
1684 4146 1945 4220 ἀληθείας

321 4257 531 4323 ἔχουσα
568 4249 876 4321 μόρφωσιν,
902 4248 931 4300 ὁ
957 4249 1016 4301 ὲν
1047 4247 1343 4319 γράμμασι
1369 4242 1559 4314 νόμος,
1580 4237 1946 4312 οἰκονομικῶς

320 4343 681 4409 ἑθεσπίζετο.
730 4342 882 4414 Πλὴν
920 4340 1110 4411 ἐδήλου
1159 4337 1350 4409 σαφῶς
1383 4339 1412 4392 ὁ
1437 4335 1549 4390 τῶν
1591 4334 1775 4406 νόμων
1815 4334 1947 4405 ἡμῖν

322 4435 556 4509 ὁριστὴς
579 4475 595 4501 ,
633 4435 720 4488 ὅτι
768 4433 846 4506 μὴ
887 4434 1074 4487 ἐκεῖνα
1109 4431 1310 4505 μᾶλλον
1345 4428 1496 4501 αὐτῷ
1529 4425 1946 4499 θυμηρέστατα,

322 4529 645 4603 τριπόθητα
674 4527 731 4581 δὲ
764 4527 836 4581 τὰ
867 4526 958 4581 διά
994 4524 1259 4599 Χριστοῦ.
1291 4523 1403 4578 Καὶ
1452 4520 1584 4591 γοῦν
1616 4519 1724 4592 ἔφη
1759 4519 1945 4574 πάλινο

330 4643 352 4676 ι
395 4621 503 4677 Διά
547 4622 709 4676 τοῦτο
749 4620 1059 4692 άπεθέριτα
1101 4620 1230 4684 τοὺς
1272 4617 1561 4688 προφήτας
1596 4614 1783 4686 ὑμῶν,
1839 4613 1949 4667 άπ-

327 4717 557 4771 έκτεινα
577 4716 779 4778 αὐτοὺς
806 4716 864 4768 tv
887 4714 1097 4787 ῥήμασι
1126 4710 1398 4784 στόματός
1419 4727 1544 4780 μου,
1572 4705 1752 4763 καὶτὸ
1773 4706 1949 4780 κρίμα

330 4828 436 4882 μου
479 4809 558 4873 ὡς
604 4806 723 4878 φῶς
760 4806 1135 4873 ἐξελεύσεται·
1182 4805 1321 4859 διότι
1353 4804 1502 4867 ἔλεος
1548 4800 1722 4866 θέλω,
1756 4801 1852 4854 καὶ
1884 4798 1947 4853 οὑ

328 4901 563 4965 θυσίαν,
594 4899 692 4952 καὶ
745 4897 1047 4966 ἐπίγνωσιν
1093 4893 1267 4960 Θεοῦ,
1317 4893 1353 4965 ἢ
1404 4890 1860 4963 ὁλοκαυτώματα.
1921 4907 1942 4942 ι

327 4993 480 5049 Πολὺ
513 4990 627 5062 γάρ
654 4990 883 5063 ἄμεινον
915 4989 1068 5063 παρά
1095 4987 1217 5060 Θεῷ
1248 4988 1347 5042 καὶ
1387 4987 1593 5059 μόσχου
1627 4985 1944 5048 πίπτοντος,

327 5087 430 5140 καὶ
461 5084 744 5157 προϐάτου
774 5082 1016 5154 σφαγῆς,
1047 5084 1082 5154 ή
1121 5083 1202 5147 είς
1235 5080 1501 5150 ἀδελφοὺς
1531 5078 1744 5149 ἀγάπη,
1776 5078 1858 5142 είς
1884 5076 1947 5132 τὺ

323 5179 426 5233 τοῦ
464 5179 636 5250 νόμου
677 5177 981 5249 πλήρωμα,
1013 5176 1111 5229 καὶ
1149 5173 1212 5228 τὸ
1258 5173 1526 5245 ὑπερέχον
1554 5171 1656 5243 τῆς
1687 5169 1946 5240 γνώσεως

323 5267 579 5342 Χριστοῦ
601 5307 617 5332 ,
655 5267 722 5322 δι’
750 5261 925 5338 οῦπερ
965 5266 1033 5319 ἂν
1062 5265 1278 5334 γένοιτο
1305 5263 1400 5318 καὶ
1433 5262 1597 5326 αὐτὸς
1628 5264 1766 5334 ἡμῖν
1805 5278 1949 5330 γνω-

328 5362 463 5425 στὸς
491 5362 522 5414 ὁ
554 5360 770 5433 Πατήρ.
807 5357 1081 5431 Πρὸξενον
1110 5356 1166 5411 δὲ
1195 5356 1279 5410 δτι
1310 5358 1414 5429 τῆς
1459 5355 1685 5410 αἰωνίου
1712 5352 1859 5425 ζωῆς
1885 5352 1950 5408 τὸ

327 5452 531 5527 χρῆμά
558 5453 731 5517 ἐστιν,
759 5451 863 5505 οὒκ
894 5448 1155 5523 ὲνδοιάση
1172 5464 1280 5514 ’τις
1308 5447 1397 5515 ἂν,
1430 5443 1672 5518 Χριστοῦ
1697 5444 1951 5515 λέγοντος

326 5546 474 5618 πρὸς
499 5546 596 5601 τὸν
629 5546 689 5601 tv
718 5547 836 5609 τοῖς
861 5543 1116 5617 οὐρανοῖς
1154 5541 1401 5615 Πατέρα·
1426 5536 1609 5613 «Αὕτη
1629 5538 1688 5594 δέ
1730 5540 1881 5595 ἐστιν
1913 5540 1947 5612 ή

324 5639 559 5704 αἰώνιος
591 5638 709 5711 ζωή
729 5679 746 5705 ,
783 5637 876 5692 ἵνα
908 5636 1225 5707 γινώσκωσί
1256 5652 1318 5689 σε
1357 5635 1451 5689 τὸν
1485 5633 1648 5706 μόνον
1689 5631 1947 5705 ἀληθινὸν

324 5734 490 5801 θεὸν,
517 5733 619 5787 καὶ
650 5732 711 5786 ὃν
746 5729 1086 5795 ἀπέστειλας
1119 5727 1331 5801 Ἰησοῦν
1371 5726 1632 5799 Χριστέν.
1670 5745 1691 5782 ι
1744 5725 1943 5798 ’Δψευ-

2041 3408 2151 3465 boc
2183 3408 2440 3464 mandavi
2476 3409 2560 3465 eis
2591 3409 2787 3466 dicens
2810 3427 2823 3464 :
2844 3409 3047 3466 Audite
3080 3424 3275 3466 vocem
3308 3425 3489 3465 meam
3516 3411 3585 3466 τ’.
3625 3430 3647 3464 ι

2041 3498 2202 3567 Quod
2236 3498 2387 3555 enim
2434 3499 2503 3556 ad
2542 3500 2878 3573 praecipuam
2929 3500 3269 3558 institutoris
3307 3502 3654 3558 voluntatem

2042 3593 2310 3665 pertinet,
2341 3608 2414 3648 ne
2460 3608 2491 3648 a
2538 3593 2814 3665 principio
2843 3593 3070 3666 quidem
3102 3595 3219 3650 ullo
3251 3594 3418 3651 modo
3449 3595 3656 3653 divinis

2043 3685 2287 3742 oraculis
2320 3685 2521 3741 tradita
2556 3686 2756 3743 fuisset
2784 3687 2880 3743 illa
2913 3687 3099 3743 adhuc
3141 3686 3199 3743 in
3226 3688 3443 3745 umbris
3475 3690 3656 3761 posita

2044 3780 2156 3845 lex,
2188 3778 2236 3835 si
2267 3779 2337 3835 de
2362 3778 2515 3835 cultu
2538 3779 2814 3852 spirituali
2835 3780 3113 3837 silendum
3146 3780 3367 3839 fuisset.
3395 3782 3505 3838 Sed
3524 3783 3657 3855 quia

2045 3873 2228 3946 gravis
2255 3880 2378 3929 erat
2422 3889 2489 3930 ea
2511 3889 2632 3941 .res,
2668 3882 2727 3930 et
2756 3875 2828 3931 ad
2875 3874 3136 3948 perfecta:
3163 3875 3388 3933 virtutis
3429 3878 3657 3935 absolu-

2045 3966 2256 4023 tionem
2284 3966 2437 4023 illius
2466 3967 2733 4039 temporis
2768 3968 3090 4026 hominibus
3116 3969 3264 4026 haud
3292 3970 3473 4027 facilis
3497 3980 3656 4043 pate-

2045 4056 2143 4114 bat
2171 4073 2459 4126 accessus;
2485 4058 2599 4113 imo
2623 4074 2778 4126 vero,
2810 4075 2934 4116 mea
2959 4061 3186 4131 quidem
3212 4063 3511 4130 sententia,
3547 4063 3657 4121 du-

2048 4166 2171 4206 rum
2200 4150 2256 4205 id
2301 4159 2423 4206 erat
2447 4158 2505 4206 et
2529 4167 2821 4221 asperum;
2864 4153 2954 4209 lex
2994 4153 3198 4225 scripta
3227 4153 3385 4211 velut
3424 4155 3659 4226 puerilis

2048 4242 2302 4316 quaedam
2332 4243 2679 4308 exercitatio,
2710 4259 2835 4313 qua:
2861 4243 3095 4299 formam
3124 4245 3377 4301 veritatis
3398 4245 3655 4312 haberet,

2050 4337 2287 4409 sapienti
2311 4335 2691 4393 moderatione
2731 4336 3035 4392 constituta
3063 4345 3168 4392 est.
3198 4336 3473 4394 Caeterum
3506 4339 3658 4397 haud

2049 4432 2287 4487 obscure
2334 4428 2669 4503 signiﬁcavit
2717 4429 2882 4485 nobis
2922 4429 3017 4485 ille
3062 4429 3348 4502 legislator
3389 4446 3502 4487 non
3535 4447 3660 4489 esse

2051 4525 2148 4581 illa
2193 4524 2300 4581 sibi
2335 4523 2683 4596 gratissima,
2722 4522 2859 4593 quin
2906 4523 3094 4593 potius
3137 4523 3550 4595 exoptatissima
3601 4540 3660 4582 se

2052 4620 2282 4683 habere,
2327 4633 2451 4689 qua:
2492 4625 2685 4688 postea
2715 4631 2817 4687 per
2854 4615 3138 4672 Christum
3168 4616 3540 4689 praecipienda
3569 4633 3660 4674 es-

2057 4720 2201 4767 sent.
2242 4711 2435 4781 ltaque
2461 4709 2602 4765 dixit
2633 4708 2838 4765 iterum
2870 4726 2884 4764 :
2925 4729 2943 4762 ι
2980 4710 3214 4782 Propter
3242 4711 3350 4767 hoc
3383 4710 3661 4769 demessui

2054 4802 2358 4874 pr0phetas
2378 4811 2616 4867 vestros,
2647 4801 2829 4858 occidi
2866 4817 2965 4858 eos
3004 4802 3062 4857 in
3090 4801 3280 4859 verbis
3306 4803 3422 4859 oris
3446 4804 3576 4869 mei,
3606 4812 3662 4859 et

2049 4893 2327 4966 judicium
2361 4908 2548 4949 meum
2577 4892 2739 4963 quasi
2769 4893 2864 4949 lux
2896 4893 3246 4966 egredietur;
3276 4894 3406 4964 quia
3436 4894 3660 4949 miscri-

2055 4986 2303 5042 cordiam
2332 4987 2476 5054 volo,
2507 4995 2565 5043 et
2591 5002 2705 5042 non
2733 4986 3092 5053 sacriﬁcium,
3134 4996 3191 5042 et
3232 4986 3518 5042 scientiam
3561 4987 3661 5044 Dei

2049 5079 2227 5151 magis
2255 5094 2423 5150 quam
2471 5080 2863 5138 holocaustum
2892 5083 2960 5137 ".
3001 5098 3020 5134 ι
3054 5083 3169 5138 Deo
3213 5081 3417 5152 quippe
3463 5087 3521 5136 et
3563 5096 3661 5137 ca-

2050 5171 2218 5228 dente
2282 5172 2491 5241 vitulo,
2539 5184 2597 5232 et
2634 5190 2738 5231 ove
2798 5190 2938 5231 caesa
2999 5175 3209 5247 gratior
3281 5182 3368 5229 est
3436 5173 3528 5230 illa
3602 5175 3661 5232 in

2048 5263 2252 5321 fratres
2293 5265 2540 5334 dilectio,
2586 5284 2695 5339 qua
2720 5269 2811 5324 lex
2855 5269 3138 5340 impletur,
3178 5275 3236 5324 et
3276 5267 3370 5323 illa
3405 5268 3661 5326 eminens

2050 5358 2285 5416 scientia
2302 5359 2532 5427 Christi,
2557 5370 2658 5432 per
2678 5376 2844 5432 quam
2870 5360 2987 5433 ipse
3010 5376 3234 5432 quoque
3260 5360 3424 5418 Pater
3442 5378 3474 5418 a
3495 5361 3661 5420 nobis

2048 5452 2426 5524 cognoscitur.
2476 5453 2778 5510 Conciliari
2836 5469 2971 5510 vero
3016 5454 3180 5511 nobis
3228 5454 3334 5513 hac
3376 5471 3438 5514 re
3487 5456 3658 5514 vitam

2045 5552 2332 5610 aeternam,
2359 5559 2525 5600 nemo
2554 5543 2914 5611 dubitaverit,
2945 5543 3166 5602 Christo
3192 5545 3260 5602 ad
3291 5546 3532 5614 Patrem,
3560 5547 3659 5619 qui

2048 5636 2106 5693 in
2132 5637 2290 5693 caelis
2311 5646 2420 5704 est,
2468 5638 2690 5695 dicente
2719 5637 2769 5671 ⁷⁸
2810 5656 2824 5694 :
2864 5659 2882 5691 ι
2917 5638 3051 5696 Haec
3072 5647 3157 5695 est
3197 5640 3312 5696 vita
3334 5649 3561 5707 mterna,
3596 5649 3658 5695 ut

2045 5742 2383 5803 cognoscant
2409 5739 2459 5788 te
2489 5731 2670 5789 solum
2711 5748 2907 5790 verum
2938 5733 3135 5801 Deum,
3163 5741 3222 5790 et
3244 5749 3410 5804 quem
3433 5730 3655 5801 misisti,

411 5913 463 5949 "
482 5911 720 5970 Halach.
759 5928 799 5980 ι,
840 5912 928 5979 l0,
982 5910 1071 5966 il.
1146 5910 1190 5942 τ’
1216 5909 1387 5966 Hebr.
1419 5908 1648 5977 “11,15.
1726 5909 1771 5943 ⁷³
1798 5909 1935 5968 ποτε]

2041 5926 2136 5979 vn,
2167 5908 2358 5969 ιιι-25.
2436 5913 2484 5947 ⁷³
2509 5912 2673 5985 Osee,
2700 5931 2774 5985 vr,
2814 5916 2869 5986 ὅ,
2897 5917 2950 5973 6.
3019 5916 3067 5950 ⁷⁸
3082 5916 3240 5974 Joan.
3262 5931 3396 5980 xm,
3419 5912 3476 5971 δ.
