4096 6442
505 407 612 463 ΞΞΞἹ

1534 402 1591 457 S.
1631 398 1911 457 CYRILLI
1952 394 2422 452 ALEXANDRINI
2460 392 2778 450 ARCHIEP.

3610 342 3615 345 ’
3679 374 3789 433 ειε

508 507 697 563 Jesum
712 501 1045 561 Christum.»
1069 500 1189 557 Non
1207 498 1430 556 mentiri
1449 507 1634 554 autem
1656 512 1889 568 usquam
1913 496 2100 567 aliquo

2215 494 2357 564 Ξήσει
2383 491 2440 550 δὲ
2471 492 2553 547 ὅτι
2595 491 2773 562 πάντη
2819 504 2878 541 τε
2915 486 3012 542 καὶ⁵
3051 484 3270 550 πάντως
3305 485 3340 559 ἡ
3379 480 3641 555 ἀλήθεια,
3669 478 3790 543 πῶς

511 605 674 668 pacto
712 595 1031 661 Veritatem,
1071 592 1354 664 quo‘ntodo
1383 591 1590 662 ambigi
1634 590 1854 661 potest?

580 688 778 745 PALL.
807 688 1031 746 Minime
1062 702 1213 741 vero.

492 785 495 789 ‘
546 781 704 837 CYR.
724 779 829 836 Sed
844 787 1201 849 posteaquam
1220 775 1385 832 Israel
1400 775 1469 831 ab
1484 775 1603 848 ejus
1618 783 1702 832 est
1717 772 2104 845 conjunctione

512 874 789 943 dilapsus;
825 869 1027 943 quippe
1057 868 1224 924 ﬁdem
1257 882 1554 939 respuens,
1584 882 1695 922 non
1726 866 1834 943 59
1849 865 2106 935 cognovit

509 964 717 1027 Deum,
752 959 1100 1032 apertissime
1136 964 1373 1013 testatur
1420 972 1537 1013 non
1592 957 1701 1012 alia
1741 955 1953 1011 ratione
1984 953 2105 1009 fore

511 1054 679 1111 ut’ad
713 1054 1003 1125 antiquam
1045 1053 1196 1109 illam
1227 1051 1554 1124 dignitatem
1594 1049 1808 1114 redeat,
1852 1047 1960 1103 nisi
2004 1062 2106 1119 per

510 1148 796 1205 Christum
825 1146 1005 1203 solum
1028 1185 1044 1211 ,
1078 1144 1322 1217 abjectis.
1349 1143 1461 1199 illis
1499 1143 1773 1214 legalibus
1813 1139 2101 1196 institutis.

511 1237 702 1308 Itaque
732 1235 1001 1306 scriptum
1028 1242 1147 1291 est:
1184 1252 1203 1285 ι
1240 1232 1380 1301 Quia
1397 1233 1597 1291 diebus
1620 1231 1814 1287 multis
1830 1230 2106 1289 sedebant

512 1326 613 1381 ﬁlii
648 1325 815 1381 Israel
846 1325 967 1381 sine
988 1340 1136 1397 rege,
1174 1325 1294 1381 sine
1328 1324 1600 1397 principe,
1641 1322 1765 1379 sine
1808 1320 2102 1388 sacriﬁcio,

512 1419 634 1474 sine
659 1418 840 1483 altari,
863 1418 983 1474 sine
1014 1416 1345 1482 sacerdotio,
1375 1415 1497 1473 sine
1521 1413 2062 1470 manifestationibus
2088 1431 2102 1467 :

513 1518 570 1565 et
600 1517 725 1580 post
748 1510 867 1564 luce
893 1516 1244 1565 revertentur
1263 1506 1365 1563 ﬁlii
1392 1505 1582 1572 Israel,
1608 1513 1665 1561 et
1696 1513 1946 1576 qumrent
1998 1506 2107 1562 Do-

515 1603 730 1657 minum
757 1603 931 1657 Deum
959 1616 1144 1666 suum,
1176 1608 1236 1657 et
1250 1600 1424 1657 David
1452 1614 1639 1672 regem
1666 1614 1858 1666 suum,
1896 1606 1953 1655 et
1990 1604 2107 1654 stud-

514 1694 728 1766 pebunt
752 1693 809 1749 in
837 1693 1072 1749 Domino
1102 1700 1161 1748 et
1215 1691 1274 1747 in
1306 1691 1470 1747 bonis
1494 1691 1637 1762 ejus,
1694 1690 1752 1745 in
1796 1689 2105 1745 novissimo

516 1785 607 1840 die
642 1785 709 1839 ⁷⁵.
763 1803 782 1836 ι
823 1784 963 1840 Cum
985 1784 1133 1840 enim
1173 1782 1464 1856 plenitudo
1494 1782 1741 1854 gentium
1781 1782 2101 1850 intraverit,

2208 585 2355 637 ἐστιν
2383 582 2751 655 ἁμφιϐαλεῖν;

2274 676 2492 729 ΠΑΛΛ.
2512 666 2759 738 ὶὸἨκιστά,
2791 690 2877 743 γει

2274 769 2441 827 ΚΥΡ.
2485 768 2951 840 Ἀπολισθήσαντα
2974 765 3031 821 δὲ
3059 765 3157 838 τῆς
3183 756 3321 838 πρὶς
3346 764 3508 819 αὐτὸν
3532 765 3794 839 οἰκειότη-

2206 872 2298 926 τος
2343 860 2435 918 τὸν
2495 860 2733 933 Ἰσραὴλ,
2783 860 2905 914 ἐπεί
2935 876 3017 913 τοι
3049 857 3148 929 τὴν
3181 858 3363 913 πίστιν
3402 857 3463 910 οὐ
3506 860 3793 929 προσηκά-

2208 971 2389 1025 μενος,
2420 954 2523 1008 οὐκ
2541 952 2683 1024 ἔγνω
2712 952 2847 1007 Θεὸν
2866 993 2883 1019 ,
2913 953 3013 1025 οὐχ
3058 952 3260 1022 ἑτέρως
3291 949 3586 1021 ἐπανήξειν
3613 951 3693 1015 είς
3728 951 3795 1004 τὸ

2203 1042 2464 1117 ἀπαρχῆς
2490 1039 2552 1103 εὖ
2581 1042 2728 1114 μάλα
2750 1043 2937 1113 φησὶν,
2962 1041 3101 1114 πλὴν
3126 1041 3208 1094 ὅτι
3230 1039 3317 1093 διὰ
3339 1039 3505 1111 μόνου
3530 1038 3795 1115 Χριστοῦ,

2202 1135 2589 1207 λκαταλήξαντα
2619 1133 2730 1188 τῶν
2761 1133 2900 1193 ἐθῶν
2925 1132 3033 1189 τῶν
3055 1131 3201 1186 κατὰ
3231 1130 3417 1209 νόμον.
3451 1130 3795 1200 Γέγραπται,

2202 1223 2381 1282 δὲηαῦ·
2417 1244 2436 1278 ι
2470 1226 2618 1281 Διότι
2644 1225 2860 1299 ἡμέρας
2891 1224 3092 1288 πολλὰς
3122 1223 3437 1280 καθίσονται
3463 1224 3512 1277 ot
3542 1223 3646 1277 υἱοὶ
3689 1225 3799 1278 Ἰσ-

2209 1319 2367 1394 ραὴλ,
2396 1320 2497 1374 οὐκ
2530 1320 2681 1383 ὄντος
2724 1318 3114 1390 θυσιαστηρίου
3134 1358 3149 1383 ,
3183 1318 3307 1373 οὐδὲ
3354 1317 3647 1390 ἱερατείας,
3674 1317 3800 1371 οὐδὲ

2204 1413 2405 1485 δήλωνο
2432 1414 2528 1470 καὶ
2556 1413 2695 1485 μετὰ
2722 1412 2897 1468 ταῦτα
2923 1411 3344 1485 ἐπιστρέφουσιν
3366 1411 3416 1464 οἱ
3440 1411 3548 1464 υἱοὶ
3580 1409 3803 1482 Ἰσραὴλ

2204 1505 2301 1563 καὶ
2322 1504 2717 1577 ὲπιζητήσουσι
2743 1503 2950 1577 Κύριον
2975 1504 3067 1558 τὸν
3095 1504 3229 1558 Θεὸν
3264 1501 3468 1568 αὐτῶν,
3501 1501 3595 1557 καὶ
3630 1499 3803 1555 Δαϐὶδ

2202 1597 2295 1652 τὸν
2328 1597 2557 1671 βασιλέα
2589 1596 2793 1664 αὐτῶν,
2836 1596 2931 1653 καὶ
2959 1597 3320 1670 ἐκστήσονται
3347 1596 3441 1649 ἐπὶ
3474 1593 3551 1666 τῷ
3580 1592 3801 1665 Κυρίῳ,

2204 1690 2303 1743 καὶ
2326 1687 2421 1741 ἐπὶ
2454 1689 2569 1750 τοῖς
2606 1686 2835 1756 ἀγαθοῖς
2864 1685 3031 1742 αὐτοῦ
3062 1686 3149 1741 ἐπ’
3180 1686 3430 1761 ἐσχάτων
3455 1680 3663 1740 τούτων
3686 1683 3803 1738 τῶν

2205 1778 2451 1852 ἡμερῶν.
2480 1798 2503 1831 θ
2538 1780 2709 1836 Ὅταν
2743 1779 2852 1853 γὰρ
2896 1780 2958 1834 τὸ
2998 1780 3274 1852 πλήρωμα
3320 1779 3430 1835 τῶν
3464 1778 3633 1835 ὲθνῶν
3674 1781 3805 1833 εἰσ-

515 1883 652 1931 tune
674 1875 856 1932 omnis
886 1875 1052 1933 Israel
1080 1874 1420 1942 salvabitur;
1448 1874 1545 1930 sed
1578 1874 1638 1929 in
1652 1872 1876 1929 Christo
1897 1882 2100 1940 tamen,

2215 1872 2376 1946 ἔλθῃ,
2427 1872 2551 1928 τότε
2594 1874 2702 1939 πᾶς
2763 1871 2984 1946 Ἰσραὴλ
3030 1872 3359 1945 σωθήσεταιέ
3392 1872 3535 1944 πλὴν
3580 1875 3637 1925 ἐν
3665 1872 3811 1943 Χριι

516 1966 613 2037 qui
657 1967 962 2038 appellatus
993 1975 1078 2023 est
1115 1967 1311 2033 David,
1366 1966 1517 2040 quod
1553 1983 1624 2024 ex
1675 1968 1887 2025 semine
1929 1968 2004 2024 sit
2049 1977 2109 2026 et

516 2058 667 2113 tribu
696 2058 890 2114 David.
919 2058 1056 2115 Esse
1107 2059 1241 2115 item
1289 2059 1409 2131 ipsa
1432 2074 1655 2133 quoque
1684 2076 1755 2115 ex
1781 2060 1902 2132 lege
1932 2059 2108 2116 sacri—

516 2151 639 2208 ﬁcia
666 2152 925 2219 tollenda,
961 2152 1249 2209 conﬁrmat
1287 2168 1388 2224 per
1413 2152 1622 2209 Joclcm
1670 2153 1899 2210 dicens:
1948 2172 1967 2206 ι
1997 2154 2107 2211 Ac-

516 2243 799 2316 cingimini
830 2253 888 2300 et
920 2244 1184 2316 plangite,
1226 2245 1979 2313 sacerdotes;lamentamini
2013 2245 2109 2317 qui

514 2333 842 2390 ministratis
868 2334 1029 2391 altari
1066 2334 1323 2403 Domini;
1359 2334 1738 2407 ingredimini,
1789 2336 2026 2392 dormite
2055 2335 2111 2391 in

517 2425 712 2491 saccis,
738 2425 1119 2483 ministrantes
1144 2427 1294 2493 Deo;
1330 2427 1463 2498 quia
1495 2426 1702 2483 defecit
1733 2427 1804 2484 de
1830 2427 1995 2483 domo
2011 2426 2111 2484 Dei

514 2516 684 2571 vestri
733 2516 1066 2591 sacriﬁcium
1125 2525 1183 2574 et
1223 2517 1421 2574 libatio
1466 2519 1534 2577 ".
1581 2537 1601 2571 ι
1644 2519 1715 2575 Et
1766 2519 1968 2576 iterum
2013 2536 2114 2590 per

513 2606 774 2663 eumdem
795 2609 1157 2680 prophetam:
1193 2628 1212 2661 ι
1238 2608 1532 2665 Sublatum
1567 2618 1667 2667 est‘
1690 2610 2021 2668 sacriﬁcium
2057 2620 2114 2668 et

515 2698 711 2755 Iibatio
760 2699 830 2755 de
880 2700 1046 2757 domo
1097 2700 1353 2769 Domini;
1400 2700 1608 2773 lugete,
1645 2702 1978 2769 sacerdotes,
2009 2704 2115 2758 mi-

517 2791 680 2847 nistri
711 2792 933 2848 Domini
962 2794 1028 2847 ⁷⁷.
1069 2812 1088 2845 ι
1120 2791 1206 2849 Ad
1238 2792 1362 2851 haec
1385 2794 1568 2867 ipsum
1599 2811 1820 2867 quoque
1850 2796 2112 2852 tabcrna-
2160 2798 2169 2807 ‘

515 2883 708 2938 culum
738 2882 855 2940 fore
876 2891 938 2939 ut
964 2899 997 2963 (ξ
1022 2884 1209 2940 medio
1234 2885 1548 2953 tolleretur,
1593 2886 1875 2958 pollicitus
1912 2895 1998 2944 est
2026 2887 2115 2943 his

520 2975 741 3032 verbis:
774 2995 791 3028 ι
820 2975 1033 3042 Eterit,
1056 2976 1103 3032 si
1130 2976 1485 3049 multiplicati
1508 2977 1747 3046 fueritis,
1779 2988 1837 3036 et
1866 2979 2109 3037 creveri-

522 3067 594 3124 tis
622 3083 790 3140 super
850 3076 1076 3136 terram,
1125 3068 1261 3124 dicit
1302 3066 1592 3138 Dominus,
1641 3071 1698 3127 in
1754 3070 1953 3127 diebus
1979 3071 2110 3137 illis,

520 3174 633 3218 non
649 3160 839 3217 dicent
859 3160 1036 3216 ultra:
1065 3159 1210 3217 Area
1233 3165 1552 3220 testamenti
1579 3164 1756 3219 sancti
1804 3163 1971 3220 Israel
2000 3179 2113 3220 non

521 3254 787 3311 ascendet
812 3254 869 3310 in
894 3270 1011 3320 cor,
1045 3269 1228 3326 neque
1256 3255 1663 3325 nominabitur,
1699 3272 1883 3333 neque
1918 3256 2113 3312 visita-
2142 3231 2186 3291 θ·

523 3345 695 3413 bitur,
733 3361 918 3418 neque
944 3346 1038 3403 ﬁet
1072 3348 1214 3404 ultra
1241 3349 1308 3405 ⁷⁸.
1346 3368 1366 3403 ι
1404 3349 1635 3407 Sublato
1676 3364 1918 3421 namque
1952 3349 2115 3421 peni—

525 3446 612 3492 tus
628 3436 810 3508 typico
841 3447 1181 3510 cruentoque
1208 3440 1501 3509 sacriﬁcio,
1518 3440 1922 3508 necessarium,
1941 3455 2117 3513 prope

525 3527 782 3597 dixerim,
811 3528 936 3596 fuit,
967 3531 1137 3587 etiam
1168 3532 1350 3603 ipsum
1386 3533 1506 3589 tolli
1533 3531 1603 3589 de
1640 3533 1829 3590 medio
1855 3533 2118 3590 taberna-

525 3619 750 3687 culum;
782 3621 986 3693 quippe
1003 3638 1130 3679 cum
1159 3624 1350 3680 verius
1389 3624 1528 3681 illud
1552 3641 1622 3680 ex
1641 3625 1878 3682 adverso
1905 3625 2118 3682 excita-

527 3721 646 3766 tum
706 3723 875 3781 esset,
932 3714 990 3771 id
1041 3725 1147 3784 est,
1204 3717 1476 3783 Ecclesia,
1512 3716 1584 3773 de
1649 3733 1762 3789 qua
1817 3718 1936 3790 ipse
1969 3717 2121 3774 idem

526 3803 783 3861 Christus
797 3807 893 3873 ait,
920 3826 938 3858 ι
960 3807 1063 3865 Hic
1090 3809 1375 3877 habitabo,
1400 3810 1664 3881 quoniam
1686 3811 1827 3884 elegi
1844 3827 1969 3868 eam
1987 3811 2032 3843 "
2053 3853 2066 3867 .
2094 3830 2113 3863 ι

526 3894 646 3950 Jam
686 3912 817 3952 vero
847 3897 1057 3954 cultum
1089 3900 1247 3956 illum
1292 3901 1701 3958 immutandum
1736 3902 1931 3969 fuisse,
1955 3909 2012 3961 et
2062 3902 2122 3958 in

529 3989 815 4046 meliorem
841 3991 1075 4048 formam
1123 3994 1584 4061 transferendum,
1604 3994 1661 4051 in
1693 4010 1842 4062 eum,
1870 3995 2119 4066 inquam,

528 4081 759 4148 cultum,
813 4082 909 4153 qui
961 4082 1019 4138 in
1077 4082 1299 4139 Christo
1326 4084 1641 4153 exhibetur,
1690 4102 1755 4142 ac
1791 4103 1968 4142 novus
2013 4093 2120 4153 est,

530 4173 886 4245 perspicuum
935 4174 1031 4232 ﬁet
1060 4175 1130 4232 iis
1158 4177 1345 4233 verbis
1370 4178 1493 4249 qua:
1522 4177 1595 4233 de
1612 4178 1729 4234 Deo
1757 4179 1980 4251 scripsit
2002 4179 2121 4235 lla-

528 4267 760 4335 laehias,
823 4288 841 4321 ι
898 4270 969 4326 Et
1010 4270 1271 4343 purgabit
1310 4270 1455 4327 ﬁlios
1503 4270 1660 4338 Levi,
1695 4280 1754 4329 et
1792 4271 1989 4328 fundet
2027 4286 2124 4328 eos

531 4360 683 4415 velut
721 4376 919 4415 aurum
959 4371 1018 4418 et
1055 4363 1208 4419 velut
1245 4371 1535 4435 argentum
1575 4372 1854 4421 :eterunt
1889 4364 2124 4423 Domino

528 4450 830 4506 oﬁ'erentes
871 4451 1203 4509 sacriﬁcium
1249 4452 1308 4509 in
1352 4453 1605 4525 justitia,
1637 4461 1696 4509 et
1737 4452 1976 4523 placebit
2010 4454 2126 4509 Deo

2212 1965 2343 2037 στῷ·
2386 1966 2808 2038 κατωνόμασται
2853 1966 2911 2020 δὲ
2942 1966 3111 2020 Δαϐὶδ
3144 1966 3233 2023 διὰ
3254 1965 3338 2020 ’τὸ
3380 1967 3446 2018 ὲκ
3484 1965 3812 2036 σπέρματος

2210 2054 2476 2114 εἶναικαὶ
2518 2061 2584 2114 ὲκ
2615 2058 2789 2130 φυλῆς
2833 2059 2927 2114 τοῦ
2968 2058 3152 2116 Δαϐίδ.
3208 2057 3696 2130 Ἀναιρεθήσεσθαι
3750 2057 3812 2112 δὲ

2214 2155 2310 2208 καὶ
2330 2153 2502 2218 αὐτὰς
2520 2153 2620 2219 τὰς
2641 2151 2785 2207 κατὰ
2813 2151 2977 2224 νόμον
3003 2151 3197 2217 Θυσίας
3221 2149 3589 2206 διεϐεϐαιοῦτο
3615 2149 3811 2220 σαφῶς

2211 2243 2301 2298 διὰ
2341 2242 2492 2315 Ἱωὴλ
2520 2242 2696 2313 λέγων
2728 2260 2742 2274 ·
2795 2262 2813 2295 ι
2854 2241 3245 2316 Περιζώσασθε
3298 2243 3395 2298 καλ¹
3443 2241 3712 2296 κόπτεσθε
3758 2243 3814 2295 οἱ

2215 2336 2418 2406 ἱερεῖς,
2491 2336 2742 2408 θρηνεῖτε
2770 2337 2820 2390 oi
2886 2335 3334 2408 λειτουργοῦντες
3393 2335 3813 2407 θυσιαστηρίῳ,

2214 2427 2523 2495 είσέλθετε,
2581 2428 2872 2482 ὑπνώσατε
2932 2429 2991 2483 ὲν
3063 2429 3289 2493 σάκκοις
3356 2427 3816 2501 λειτουργοῦντες

2213 2520 2356 2594 Θεῴ’
2397 2522 2482 2576 ὅτι
2512 2521 2815 2594 ἀπέσχικεν
2851 2520 2910 2589 ἐξ
2959 2521 3109 2576 οἴκου
3139 2520 3275 2575 Θεοῦ
3314 2521 3471 2593 ὑμῶν
3518 2521 3682 2576 θυσία
3709 2522 3817 2576 καὶ

2217 2613 2444 2687 σπονδή.
2466 2633 2485 2666 ι
2509 2615 2622 2670 Καὶ
2642 2614 2805 2669 πάλιν
2828 2615 2899 2669 δι’
2924 2615 3092 2669 αὐτοῦ
3111 2614 3215 2669 τοῦ
3234 2616 3543 2687 προφήτου·
3571 2633 3590 2668 ι
3613 2614 3818 2689 Ἐξῆρ-

2214 2725 2307 2763 ται
2346 2707 2508 2763 θυσία
2549 2709 2646 2763 καὶ
2685 2708 2888 2781 σπονδὴ
2923 2707 2985 2773 ἐξ
3015 2707 3166 2763 οἴκου
3201 2708 3434 2782 Κυρίου·
3476 2707 3727 2763 πενθεῖτε
3764 2710 3817 2763 οἱ

2217 2804 2383 2874 ἱερεῖς
2414 2800 2859 2874 λειτουργοῦντες
2904 2801 2985 2875 τῷ
3025 2792 3423 2874 θυσιαστηρίῳ.
3473 2822 3492 2856 ι
3530 2803 3643 2858 Kal.
3672 2805 3819 2877 πρός

2215 2911 2282 2964 γε
2326 2894 2392 2966 δὴ
2421 2892 2663 2959 τούτοις,
2690 2892 2789 2949 καὶ
2815 2892 2989 2966 αὐτὴν
3028 2895 3094 2947 ὲκ
3130 2894 3301 2964 μέσου
3340 2894 3668 2967 γενήσεσθαι
3709 2895 3820 2968 τὴν

2222 2988 2431 3061 σκηνὴν
2458 2987 2794 3058 ὑπισχνεῖτο,
2817 2985 3013 3055 λέγων’
3044 3004 3062 3039 ι
3096 2985 3209 3041 Καὶ
3237 2985 3414 3053 ἔσται,
3446 2985 3543 3040 ἐὰν
3572 2986 3821 3057 πληθυν-

2185 3133 2188 3137 .
2221 3081 2353 3153 θῆτε
2375 3119 2391 3145 ,
2434 3078 2531 3136 καὶ
2568 3077 2844 3151 αὐξηθῆτε
2872 3078 2968 3132 ἐπὶ
2998 3078 3097 3151 τῆς
3141 3078 3266 3150 γῆς,
3298 3078 3446 3148 λέγει
3480 3078 3715 3152 Κύριος,
3756 3082 3821 3136 ἐν

2216 3176 2337 3237 ταῖς
2373 3171 2614 3244 ἡμέραις
2640 3169 2884 3244 ἐκείναις
2915 3169 3015 3223 οὐκ
3037 3169 3256 3241 ἐροῦσιν
3284 3170 3389 3237 ἔτι,
3423 3169 3670 3235 Κιϐωτὸς
3697 3171 3820 3228 δια-

2218 3264 2394 3336 θήκης
2422 3243 2657 3334 Κυρίου
2707 3243 2868 3330 ἁγίου
2925 3259 3144 3333 Ἰσραὴλ
3185 3261 3286 3316 οὐκ
3336 3260 3674 3334 ἀναϐήσεται
3717 3262 3829 3318 ἐπὶ

2218 3357 2471 3430 καρδίαν,
2496 3355 2625 3412 οὐδὲ
2666 3353 3129 3425 ὀνομασθήσεται,
3160 3354 3282 3408 οὐδὲ
3326 3353 3823 3425 ὲπισκεφθήσεται,

2219 3449 2316 3506 καὶ
2345 3450 2407 3504 οὐ
2432 3448 2795 3520 ποιηθήσεται
2823 3445 2927 3505 ἔτι,
2972 3466 2993 3500 ι
3046 3446 3568 3521 ’Δνατετραμμένης
3594 3446 3707 3518 γὰρ
3730 3447 3820 3513 εἰς

2218 3543 2281 3597 τὸ
2310 3541 2572 3604 παντελὲς
2608 3539 2709 3611 τῆς
2743 3540 2803 3593 ὲν
2843 3537 3037 3603 τύποις
3069 3537 3152 3596 ἐτι
3188 3539 3286 3593 καὶ
3317 3538 3386 3597 δι’
3417 3538 3669 3611 αἱμάτων
3713 3537 3822 3591 θυ-

2221 3633 2366 3698 σίας,
2398 3630 2616 3701 ἀνάγκη
2647 3646 2766 3695 πως
2792 3623 2883 3701 ἦν,
2913 3629 3011 3683 καὶ
3037 3626 3211 3700 αὐτὴν
3244 3629 3310 3683 ὲκ
3343 3628 3514 3700 μέσου
3540 3628 3823 3685 ποιεῖσθαι

2219 3725 2322 3797 τὴν
2352 3720 2580 3793 σκηνὴν,
2613 3719 2712 3774 ἅτε
2748 3719 2814 3792 δὴ
2848 3719 2948 3791 τῆς
2995 3718 3368 3793 ἀληθεστέρας
3396 3719 3825 3793 ἀντεγηγερμέ-

2221 3832 2321 3888 νης
2339 3858 2354 3883 ,
2377 3814 2522 3870 τοῦτ’
2557 3813 2705 3879 ἔστι,
2733 3812 2834 3883 τῆς
2877 3811 3227 3899 Ἐκκλησίας,
3261 3812 3402 3884 ὑπὲρ
3430 3807 3499 3886 ἧς
3527 3813 3623 3877 καὶ
3649 3813 3824 3878 αὐτὸς

2222 3909 2331 3980 ἔφη
2352 3906 2609 3980 Χριστός·
2649 3924 2669 3958 ι
2700 3899 2830 3958 Ὧδε
2860 3905 3192 3975 κατοικήσω,
3226 3904 3309 3958 ὅτι
3344 3902 3689 3978 ᾑρετισάμην
3716 3905 3825 3959 αὐ-

2220 3998 2346 4069 τήν.
2386 4016 2406 4049 ι
2432 3995 2546 4051 Καὶ
2581 3995 2664 4049 ὅτι
2686 3994 3081 4067 ,μεταχωρήσει
3115 3994 3207 4049 καὶ
3246 3996 3651 4067 μεταστήσεται
3678 3996 3826 4067 πρὸς

2222 4089 2286 4144 τὸ
2315 4089 2538 4165 ἄμεινον
2568 4088 2669 4158 τῆς
2700 4084 2957 4159 λατρείας
2988 4088 3019 4140 ὁ
3054 4084 3253 4158 τρόπος
3291 4085 3431 4157 πρὸς
3454 4085 3555 4157 τὴν
3584 4088 3642 4140 ἐν
3675 4088 3824 4159 Χρι-

2227 4180 2339 4252 στῷ
2362 4176 2457 4234 καὶ
2483 4177 2631 4244 νέαν,
2659 4179 2828 4248 σαφὲς
2852 4177 2919 4232 ἂν
2946 4177 3178 4247 γένοιτο,
3199 4176 3503 4251 γράφοντος
3528 4179 3660 4249 ἡμῖν
3687 4180 3827 4253 περὶ

2226 4271 2366 4328 Θεοῦ
2390 4271 2485 4327 τοῦ
2504 4269 2817 4343 Μαλιιχίου⁹
2846 4288 2865 4324 ι
2905 4271 3019 4325 Καὶ
3040 4268 3298 4342 καθαριεῖ
3324 4271 3452 4334 τοὺς
3486 4271 3633 4335 υἱοὺς
3657 4271 3824 4342 Acut,

2227 4367 2325 4422 καὶ
2352 4367 2469 4436 χεεί
2495 4365 2583 4418 ἐπ’
2615 4364 2811 4428 αὐτοὺς
2842 4361 3033 4434 ὥσπερ
3060 4361 3121 4418 τὸ
3144 4363 3390 4435 χρυσίον,
3418 4363 3515 4419 καὶ
3541 4361 3617 4427 ὡς
3643 4363 3826 4433 ἀργύ-

2228 4474 2363 4532 ριον·
2388 4458 2485 4513 καὶ
2520 4456 2735 4513 ἔσονται
2782 4455 2860 4529 τῷ
2897 4455 3088 4529 Κυρίῳ
3124 4457 3497 4529 προσάγοντες
3531 4455 3722 4512 θυσίαν
3756 4459 3826 4514 ἐν

529 4543 864 4598 sacriﬁcium
886 4544 1047 4611 Juda,
1077 4553 1134 4601 et
1162 4546 1490 4611 Jerusalem,
1515 4546 1661 4602 sicut
1688 4545 1807 4601 dies
1829 4544 2034 4612 saeculi,
2065 4554 2116 4602 el

2224 4549 2565 4622 δικαιοσύνῃ,
2598 4550 2694 4604 καὶ
2737 4548 2926 4622 ὰρέσει
2970 4547 3049 4620 τῷ
3076 4546 3196 4619 Θεῷ
3225 4549 3260 4620 ἡ
3295 4547 3457 4602 θυσία
3499 4547 3687 4614 Ἰούδα,
3720 4550 3825 4603 καὶ

531 4635 677 4690 sicut
700 4636 831 4691 anni
868 4635 1084 4706 priores
1107 4637 1175 4692 ⁸ο.
1217 4657 1235 4690 ι
1267 4636 1535 4709 Intelligis
1570 4634 1743 4708 igitur
1765 4636 2124 4707 quemadmov

530 4726 665 4803 dum
719 4727 892 4782 veluti
944 4744 1143 4785 novam
1193 4728 1596 4802 propemodum
1658 4727 2007 4785 reensionem
2052 4744 2123 4785 ac

535 4818 981 4875 reformationem
1004 4822 1301 4879 sacerdotii
1330 4821 1495 4878 simul
1518 4829 1689 4892 atque
1720 4821 2121 4877 sacriﬁciorum

533 4908 775 4966 futuram
804 4911 980 4967 dicit?

609 5003 811 5058 PALL.
850 5004 1129 5076 Intelligo.

604 5093 761 5150 CYR.
796 5097 908 5169 60
928 5096 1045 5153 Hoc
1069 5097 1218 5153 enim
1243 5096 1496 5161 verbum,
1524 5096 1726 5167 (tendet,
1756 5104 1831 5162 et,
1859 5098 2124 5169 purgabit,

2242 4643 2619 4714 Ἰερουσαλὴμ,
2645 4640 2831 4706 καθὼς
2854 4643 2888 4714 ἡ
2917 4640 3103 4714 ἡμέρα
3127 4637 3223 4694 τοῦ
3256 4639 3475 4707 αἰῶνος,
3508 4642 3602 4695 καὶ
3630 4640 3825 4707 καθὼς

2226 4734 2295 4788 τὰ
2324 4733 2419 4804 ἔτη
2449 4734 2519 4787 τὰ
2544 4732 2876 4805 ἔμπροσθεν.
2916 4753 2934 4786 ι
2970 4731 3168 4803 Συνίης
3193 4730 3257 4803 δὴ
3277 4726 3392 4799 οῦν,
3421 4732 3503 4786 ὅτι
3534 4734 3824 4803 μονονουχὶ

2231 4826 2663 4899 μεταχάλκευσίν
2694 4843 2818 4882 τινα
2858 4826 2954 4880 καὶ
3003 4823 3365 4897 ἀναπλασμὺν
3419 4824 3725 4899 ἱερωσύνης
3756 4843 3819 4879 τε

2229 4916 2349 4987 ἅμα
2374 4916 2468 4970 καὶ
2489 4914 2691 4969 θυσιῶν
2722 4914 2942 4968 ἔσεσθαί
2972 4930 3139 4986 φησι,

2298 5008 2509 5062 ΠΑΛΛ.
2536 5008 2792 5079 Συνίημι.

2296 5101 2466 5155 ΚΥΡ.
2501 5100 2575 5155 Τὸ
2618 5101 2728 5172 γάρ
2765 5112 2869 5165 τοι,
2905 5099 3038 5172 χεεῖ
3075 5101 3168 5155 καὶ
3197 5101 3530 5170 καθαρίσει,
3565 5104 3816 5178 καθάπερ

536 5189 693 5257 quasi
726 5190 795 5245 de
816 5206 950 5246 auro
977 5197 1141 5260 atque
1169 5189 1396 5244 auriﬁce
1427 5188 1658 5257 dictum,
1687 5205 1871 5246 nonne
1892 5190 1961 5245 ad
1986 5191 2116 5246 hanc

2226 5191 2320 5245 ἐπὶ
2357 5189 2561 5264 χρυσοῦ
2590 5209 2652 5244 τε
2678 5191 2773 5244 καὶ
2804 5190 3150 5263 χρυσουργοῦ
3197 5191 3545 5264 λελεγμένον,
3571 5191 3660 5268 ἆρ’
3694 5197 3819 5268 οὐχὶ

538 5296 638 5337 nos
677 5282 1100 5356 intelligentiam
1147 5282 1348 5339 ducit?

608 5373 804 5430 PALL.
828 5376 1061 5433 Maxime
1087 5392 1238 5432 vero.

606 5465 763 5523 CYR.
803 5468 971 5540 Atqui
1004 5469 1347 5526 incarnatum
1384 5468 1631 5537 Verbum,
1658 5467 1929 5540 ejusmodi
1958 5467 2123 5538 quid-

530 5558 685 5627 piam
721 5559 1046 5617 cll‘ccturum
1069 5577 1189 5618 esse
1207 5561 1559 5619 conﬁrmavit
1594 5562 1741 5617 Deus
1762 5561 1946 5624 Pater,
1995 5574 2122 5614 cum

541 5651 713 5706 dixit:
755 5671 772 5703 ‹
811 5653 879 5708 Ει
902 5655 1086 5713 statim
1117 5655 1305 5712 veniet
1332 5654 1402 5710 ad
1432 5653 1697 5725 templum
1716 5668 1879 5708 suum
1930 5651 2128 5706 Domi-'

2228 5285 2365 5357 πρὸς
2393 5284 2555 5338 τοῦτο
2582 5284 2804 5338 ἐννοιῶν
2831 5284 2980 5355 ἡμᾶς
3013 5283 3152 5339 ἰέναι
3186 5285 3439 5356 βούλεται
3465 5304 3479 5354 ;

2304 5378 2513 5433 ΠΑΛΛ.
2550 5378 2705 5431 Πάνυ
2739 5377 2838 5448 μὲν
2862 5372 2977 5432 οὖν.
3087 5374 3096 5383 ’

2298 5464 2473 5518 ΚΥΡ.
2498 5466 2622 5517 Ὅτι
2651 5465 2760 5537 γὰρ
2805 5466 3001 5539 ἔμελλε
3030 5467 3238 5540 νοητῶς
3269 5467 3510 5523 τοιοῦτόν
3536 5487 3589 5522 τι
3617 5486 3819 5541 κατορ-

2232 5555 2383 5622 θοῦν,
2406 5557 2833 5630 ἐνανθρωπήσας
2850 5563 2879 5616 ὁ
2907 5562 3101 5631 Λόγος,
3129 5562 3627 5635 πεπληροφόρηκεν
3649 5560 3818 5616 εἰπὼν

2231 5647 2260 5703 ὁ
2283 5648 2414 5715 Θεὸς
2432 5652 2533 5711 ,καὶ
2553 5652 2766 5725 Πατὴρ,
2793 5654 2876 5709 ὅτι
2911 5673 2927 5705 ι
2973 5656 3265 5727 Ἐξαίφνης
3291 5656 3414 5729 ἥξει
3446 5657 3525 5720 εἰς
3562 5656 3653 5710 τὸν
3692 5654 3817 5713 ναὸν

604 5826 646 5861 ⁷⁵
674 5830 836 5903 Οὸῡθ,
869 5850 946 5901 ιιι,
970 5835 1002 5890 4
1026 5851 1149 5905 seq.
1215 5836 1263 5868 "
1287 5834 1427 5893 Joel.
1448 5851 1489 5902 ι,
1517 5834 1602 5889 15.
1678 5834 1723 5866 ⁷⁷
1756 5830 1919 5895 Ibid.,
1949 5829 2002 5883 9.
2083 5828 2116 5859 7'

2215 5844 2269 5882 .r.
2304 5843 2384 5896 III,
2416 5828 2500 5884 l6.
2580 5829 2623 5862 "
2652 5830 2796 5888 Psal.
2828 5849 3007 5901 cxxxr,
3050 5836 3135 5892 Μ.
3181 5839 3227 5871 ³ο
3268 5838 3477 5895 llalach
3540 5854 3619 5899 ιιι.
3650 5838 3705 5893 5.
