4096 6436
309 383 426 447 2Ξ9

1084 384 1172 442 DE
1205 379 1660 443 ADORATIONE
1695 385 1764 441 IN
1808 380 2082 444 srimrv
2118 385 2208 443 ET
2232 350 2618 446 remum
2661 392 2791 447 un.
2840 394 2902 448 ιι.

3557 400 3659 458 230

311 509 490 566 αὑτοῦ
520 509 752 580 Κύριος,
787 505 847 562 ὃν
879 506 1038 580 ὑμεῖς
1074 509 1316 578 ζητεῖτε,
1353 509 1449 562 καὶ
1494 510 1522 561 6
1561 509 1796 576 ἄγγελος
1839 508 1934 579 τῆς

2042 519 2225 577 nator,
2273 528 2438 582 quem
2475 530 2573 570 vos
2612 517 2881 585 quaeritis,
2930 525 2986 571 et
3021 517 3268 588 Angelus
3313 524 3657 588 testamenti,

309 604 617 674 διαθήκης,
648 601 709 656 ὃν
755 601 915 672 ὑμεῖς
947 600 1154 654 θέλετε.
1208 598 1340 653 Ἰδοὺ
1372 599 1618 671 ἔρχεται,
1645 599 1795 668 λέγει
1827 599 1941 652 Κέ-

313 713 441 766 ριος
472 694 902 766 παντοκράτωρ·
932 694 1029 746 καὶ
1063 693 1147 756 τίς
1178 693 1446 763 ὑπομενεῖ
1475 693 1692 763 ἡμέραν
1728 692 1938 745 εἰσόδου

310 786 533 852 αὑτοῠ;
583 787 616 857 ἢ
661 787 748 850 τίς
791 786 1160 856 ὑποστήσεται
1215 786 1274 839 ἐν
1313 787 1381 856 τῇ
1438 784 1679 856 ὀπτασίᾳ
1730 784 1938 849 αὐτοῦς

309 879 459 932 διότι
495 879 662 943 αὐτὸς
709 877 1098 950 εἰσπορεύεται
1125 877 1200 942 ὡς
1265 877 1379 951 πῦρ
1418 877 1814 950 χωνευτηρίου,
1846 877 1942 930 καὶ

305 972 392 1036 ὡς
453 971 569 1024 πόα
629 973 967 1026 πλυνόντων.
1023 972 1136 1026 Καὶ
1199 970 1478 1025 καθιεῖται
1529 971 1785 1042 χωνεύων
1847 969 1942 1024 καὶ

309 1068 644 1140 καθαρίζων
682 1061 774 1131 ὡς’
807 1068 871 1121 τὸ
917 1070 1186 1140 ἀργύριον
1220 1113 1234 1134 ,
1287 1071 1384 1122 καὶ
1430 1068 1507 1131 ὡς
1552 1069 1615 1122 τὸ
1663 1069 1944 1141 χρυσίον⁹ι

311 1162 704 1234 Καινσυργίαν
737 1157 832 1215 οὖν
865 1162 976 1232 ἄρα
997 1163 1090 1214 καὶ
1126 1162 1490 1232 άναπλασμὸν
1505 1162 1603 1232 τῆς
1633 1161 1938 1233 ἱερωσύνης

312 1255 550 1310 ἔσεσθαί
585 1272 751 1325 φησιν
773 1271 786 1284 ·
826 1258 921 1308 καὶ
951 1256 1041 1308 τόν
1082 1273 1147 1324 γε
1181 1257 1282 1325 τῆς
1316 1254 1663 1326 λειτουργίας
1711 1255 1936 1325 τρόπον,

299 1347 418 1419 οὐχ
453 1348 650 1420 ἕτερον
677 1365 727 1400 τι
773 1348 1166 1420 παραδεικνὺς,
1211 1348 1352 1419 πλὴν
1379 1348 1484 1414 ὄτι,
1514 1349 1670 1401 τουτὶ
1699 1348 1937 1415 Χριστοῦ
1963 1413 1966 1416 _

312 1441 654 1510 μυστῆριον.
697 1439 846 1510 Ἔφη
906 1440 1071 1492 πάλιν
1118 1439 1207 1492 διὰ
1247 1438 1434 1509 φωνῆς
1499 1437 1764 1509 Ίεζεκιὴλ
1807 1439 1938 1510 περὶ

301 1533 423 1584 τῶν
463 1531 732 1602 ἰερὼσθαι
783 1530 1248 1604 κεκληρωμένωνο
1307 1549 1325 1583 ι
1381 1526 1540 1586 Οὗτοι
1595 1530 1938 1604 προσάξουσι

303 1627 454 1697 πρὶς
479 1626 550 1696 μὲ
571 1625 668 1678 τοῦ
693 1625 1030 1697 λειτουργεῖν
1059 1643 1169 1696 μοι,
1202 1624 1298 1679 καὶ
1325 1627 1614 1698 στήσονται
1638 1626 1743 1698 πρὸ
1769 1643 1940 1697 προσ-

303 1718 467 1770 ὡπου
523 1735 628 1787 μου
660 1717 756 1771 τοῦ
809 1717 1149 1789 προσφέρειν
1199 1733 1290 1787 μοι
1351 1715 1578 1781 Θυσίαν,
1630 1718 1800 1790 στέαρ
1841 1719 1938 1773 καὶ

295 1805 481 1879 αἷμα,
529 1808 687 1878 λέγει
723 1808 931 1882 Κύριος
959 1812 988 1863 6
1021 1809 1174 1872 Θεός.
1227 1803 1391 1863 Οὗτοι
1432 1809 1834 1881 εἰσελεύσονται
1859 1812 1938 1874 εἰς

291 1905 379 1956 rei
409 1902 554 1971 ἅγιά
588 1921 714 1974 μου,
749 1905 844 1956 καὶ
868 1897 1017 1957 οὗτοι
1044 1901 1505 1975 προσελεύσονταί
1533 1921 1624 1973 μοι
1667 1904 1804 1975 πρὸς
1837 1904 1936 1976 τὴν

301 1994 603 2065 τράπεζάν
638 2012 766 2066 μου,
789 1993 884 2048 τοῦ
909 1993 1247 2066 λειτουργεῖν
1282 2012 1394 2066 μοι.
1440 2015 1458 2048 ι
1497 1995 1607 2050 Καὶ
1641 1998 1805 2066 στέαρ
1840 1997 1937 2051 καὶ

297 2086 456 2155 αἷμα
487 2091 590 2143 καὶ
623 2088 724 2152 τὰς
759 2088 855 2141 ἐπὶ
883 2090 951 2160 τῇ
985 2086 1242 2160 τραπέζῃ
1273 2088 1624 2159 λειτουργίας
1646 2130 1660 2154 ,
1693 2085 1782 2162 ἆρ’
1811 2091 1937 2164 οὐχί

304 2186 474 2252 φαῖεν
501 2182 572 2237 ἂν
603 2183 860 2249 εἰκότως,
884 2183 947 2236 τὸ
975 2180 1219 2254 Χριστοῦ
1268 2183 1572 2254 μυστήριον
1597 2200 1611 2249 ;

379 2278 604 2330 ΠΑΛΛ.
645 2272 721 2330 Εὖ
753 2275 957 2344 λέγεις.
1292 2329 1296 2333 .

373 2369 558 2423 ΚΥΡ,
609 2368 1034 2440 Ἀριδηλότατον
1072 2367 1130 2420 δὲ
1165 2369 1259 2422 καὶ
1304 2369 1469 2424 αὑτὸν
1509 2371 1642 2441 ἡμῖν
1679 2369 1774 2423 τὸν
1806 2385 1934 2426 και-

299 2461 427 2533 ιρον,
449 2460 579 2514 καθ’
602 2460 666 2513 ὃν
694 2463 727 2524 ή
751 2463 975 2515 πάντων
994 2461 1088 2514 ἐπὶ
1106 2462 1167 2515 τὸ
1189 2461 1416 2533 ἄμεινον
1440 2462 1592 2517 ἔσται
1621 2465 1936 2536 μεταδρομὴ

304 2555 412 2625 τῆς
467 2554 840 2625 καινουργίας
883 2557 913 2608 6
954 2554 1195 2626 τρόπος,
1241 2557 1416 2610 ἐποίει
1477 2556 1651 2626 λέγων
1704 2561 1732 2613 6
1777 2558 1932 2623 Θεός·

305 2659 333 2694 ο
368 2642 484 2695 Καὶ
511 2642 672 2696 ἔσται
696 2643 806 2697 ἀπὸ
834 2646 935 2714 τῆς
957 2644 1172 2716 ἡμέρας
1200 2645 1301 2717 τῆς
1326 2647 1521 2718 ὀγδόης
1544 2649 1641 2702 καί
1670 2650 1936 2705 ἐπέκεινα

306 2737 645 2806 ποιήσουσιν
680 2738 728 2788 οἱ
773 2737 942 2809 ἱερεῖς
981 2736 1073 2790 ἐπὶ
1104 2736 1166 2790 τὸ
1194 2737 1585 2814 θυσιαστήριον
1612 2741 1681 2795 τὰ
1708 2742 1936 2796 ὁλοκαυ-

303 2823 549 2893 τώματα
605 2823 795 2893 ὑμῶν,
841 2826 1046 2879 καὶτὰ
1117 2826 1214 2880 τοῦ
1269 2830 1543 2901 σωτηρίου
1597 2832 1787 2902 ὑμῶν,
1839 2833 1936 2886 καὶ

306 2916 693 2988 προσδέξομαι
731 2919 910 2990 ὑμᾶς,
941 2919 1091 2989 λέγει
1131 2920 1358 2993 Κύριος.
1399 2943 1419 2977 ι
1470 2926 1720 3000 Ἡμέραν
1754 2927 1810 2982 δὲ
1835 2929 1935 3000 τὴν

299 3009 505 3081 ὀγδόην
550 3011 646 3066 τὸν
678 3013 780 3084 τῆς
812 3012 910 3066 τοῦ
943 3014 1199 3086 Σωτῆρος
1233 3017 1394 3088 ἡμῶν
1434 3019 1788 3084 ἀναστάσεως
1817 3023 1936 3075 ὀνο-

303 3103 479 3174 μάζει
513 3103 737 3175 καιρόν·
763 3105 889 3158 καθ’
920 3105 980 3160 ὃν
1005 3107 1073 3161 τὰ
1104 3107 1570 3180 ὁλοκαυτώματα,
1591 3111 1737 3165 τοῦτ’
1764 3112 1932 3180 ἐστιν,

304 3197 342 3267 ἠ
388 3196 583 3250 τελεία
636 3198 735 3251 καὶ
780 3197 1092 3270 ὁλοσχερὴς
1153 3202 1234 3264 είς
1281 3200 1415 3256 Θεὸν
1475 3203 1776 3276 ἀφιέρωσις
1824 3204 1934 3259 τῶν

307 3291 795 3354 πεπιστευκότων,
821 3291 991 3358 δεκτὴ
1019 3291 1100 3363 τῷ
1131 3293 1273 3364 Θεῷ,
1307 3294 1402 3347 καί
1431 3295 1742 3367 δωροφορία
1771 3313 1935 3351 πνευ-

311 3384 547 3454 ματική.
599 3382 714 3436 Καὶ
767 3383 929 3437 τοῦτο
980 3384 1226 3438 διδάσκει
1279 3387 1511 3458 γράφων
1561 3390 1590 3441 6
1643 3387 1934 3456 Θεσπέσιος

305 3474 553 3539 Παῦλοςο
592 3494 610 3528 ι
645 3479 724 3530 Δι’
750 3476 920 3530 αὑτοῦ
944 3473 1038 3532 οὖν
1071 3480 1423 3552 άναφέρομεν
1447 3480 1638 3536 θυσίαν
1669 3484 1934 3551 αἰνέσεως

307 3568 612 3634 διαπαντὸς
646 3571 726 3642 τῷ
759 3571 902 3643 eas.
936 3571 1085 3625 τοῦτ’
1116 3572 1234 3628 ἔστι
1256 3617 1270 3641 ,
1300 3576 1519 3648 καρπὸν
1543 3577 1771 3648 χειλέων
1802 3580 1933 3653 ὁμοο

308 3657 624 3729 λογούντων
651 3665 732 3733 τῷ
754 3665 986 3737 ὀνόματι
1016 3667 1208 3722 αὐτοῦ.
1253 3688 1271 3720 ι
1309 3671 1421 3724 Καὶ
1452 3671 1634 3726 πάλιν·
1675 3691 1694 3724 ι
1735 3675 1847 3744 Τῆς
1874 3675 1931 3728 δὲ

309 3753 571 3816 εὐποιίας
603 3753 701 3808 καὶ
723 3756 1014 3820 κοινωνίας
1051 3758 1127 3829 μὴ
1149 3758 1608 3831 ὲπιλανθάνησθε.
1639 3763 1933 3829 Τοιαόταις

309 3847 421 3918 γάρ
467 3846 689 3910 θυσίαις
733 3849 1116 3918 εὐαρεστεῖται
1157 3853 1184 3904 6
1217 3850 1372 3915 Θεός.
1422 3871 1441 3904 ι
1481 3853 1702 3924 Καρποί
1739 3855 1849 3927 γὰρ
1882 3857 1932 3908 οἰ

308 3940 452 4012 πρὸς
491 3938 657 4010 ἡμῶν
687 3939 766 4011 τῷ
804 3940 936 4012 ’Θεῷ
987 3943 1097 3995 τῶν
1138 3945 1197 3996 ἐν
1228 3943 1411 3998 πίστει
1463 3944 1929 4016 δεδικαιωμένων,

307 4034 459 4096 τίνες
493 4032 564 4086 ἂν
590 4029 704 4087 εἷεν
734 4033 916 4104 ἕτεροι
938 4075 954 4100 ,
990 4033 1130 4105 πλὴν
1165 4035 1247 4088 ὅτι
1278 4034 1560 4105 δοξολογία
1609 4037 1800 4109 μακρὰ
1839 4039 1933 4092 καὶ

307 4129 612 4200 διηνεκής;
649 4129 761 4181 Καὶ
789 4127 942 4200 θῦμα
967 4128 1030 4182 τὸ
1055 4127 1451 4202 καθαρώτατον
1490 4131 1591 4202 τῆς
1625 4132 1930 4205 ἀμωμήτου

307 4223 484 4292 ζωῆς,
518 4225 555 4294 ἡ
591 4221 994 4292 ἀπαράϐλητος
1026 4223 1245 4278 εὐωδία.

377 4317 602 4371 ΠΔΔΛ.
647 4315 960 4384 Παγκάλως
989 4317 1124 4388 ἡμῖν
1153 4319 1182 4369 6
1208 4317 1366 4387 λόγος
1397 4317 1532 4390 ἔχει,
1566 4321 1663 4375 καὶ
1697 4321 1928 4392 ἀληθὲς,

305 4411 392 4465 ὅτι
423 4410 744 4465 δικαιοῦται
776 4428 862 4474 τις
905 4411 1109 4481 ἣκιστα
1144 4413 1241 4484 μὲν
1275 4413 1333 4466 ὲν
1366 4413 1538 4485 νόμῳ,
1582 4414 1671 4468 διὰ
1698 4413 1935 4482 πίστεως

306 4503 365 4557 δὲ
400 4505 613 4574 μᾶλλον
657 4505 763 4574 τῆς
792 4506 850 4558 ἐν
877 4505 1124 4576 Χριστῷ,
1157 4507 1253 4560 καὶ
1285 4509 1674 4578 μυσταγιογίας
1699 4510 1931 4581 εὐαγγε-

2045 620 2213 674 quem
2245 620 2340 661 vos
2368 608 2559 662 vultis.
2591 608 2733 664 Ecce
2758 609 2934 675 venit,
2970 608 3108 663 dicit
3146 608 3420 664 Dominus
3471 613 3657 666 omni-

2043 709 2263 770 potens,
2297 708 2354 755 et
2380 702 2508 771 quis
2535 704 2844 759 sustinebit
2871 703 3022 759 diem
3068 703 3355 776 ingressus
3373 705 3536 774 ejus?
3558 718 3658 764 aut

2041 791 2172 861 quis
2205 791 2480 849 subsistet
2511 793 2569 848 in
2597 794 2814 851 visione
2831 797 2992 869 ejus?
3021 797 3152 867 quia
3198 801 3318 868 ipse
3345 797 3662 869 ingreditur

2039 885 2205 953 quasi
2230 884 2375 956 ignis
2404 887 2742 955 conﬁatorii,
2789 864 3057 961 et'quasi
3089 864 3265 948 herba
3322 864 3657 959 lavantium,

2038 984 2098 1030 et
2137 977 2360 1033 sedebit
2395 979 2648 1035 conﬁans
2677 989 2735 1037 et
2762 983 3074 1039 emundans
3097 984 3245 1040 sicut
3272 996 3567 1058 argentum
3598 997 3652 1044 et

2042 1085 2241 1124 aurum
2285 1071 2351 1126 “.
2392 1091 2410 1124 ›
2448 1071 2868 1130 Innovationem
2909 1091 3040 1148 ergo
3090 1078 3657 1153 reformationemquc

2041 1163 2340 1219 sacerdotii
2373 1164 2618 1220 futuram
2649 1167 2811 1234 dicit,
2841 1177 3010 1238 atque
3046 1170 3222 1240 ipsam
3252 1182 3404 1229 certe
3431 1174 3654 1230 colendi

2040 1255 2296 1321 formam,
2347 1273 2460 1312 non
2503 1259 2657 1314 aliud
2721 1260 3012 1331 quidpiam
3064 1262 3183 1318 fore
3224 1263 3435 1320 indicat
3484 1283 3653 1337 quam

2040 1363 2284 1418 praesens
2312 1349 2518 1405 Christi
2550 1353 2898 1424 mysterium.
2936 1356 3151 1411 Rursus
3172 1373 3273 1428 per
3294 1358 3652 1416 Ezechielcm

2037 1440 2274 1499 dixitde
2314 1443 2386 1499 iis
2443 1445 2539 1515 qui
2581 1446 2746 1502 electi
2782 1453 3061 1514 e.rant,'ut
3101 1451 3418 1507 sacerdotio
3453 1453 3652 1524 funge-

2039 1543 2236 1590 rentur
2266 1553 2280 1591 :
2312 1557 2331 1589 ι
2351 1538 2450 1594 isti
2473 1539 2741 1596 accedent
2771 1540 2839 1596 ad
2868 1557 2978 1610 me,
3013 1551 3076 1598 ut
3120 1545 3440 1602 ministrent
3474 1548 3651 1616 mihi;

2037 1633 2097 1682 et
2129 1628 2359 1684 stabunt
2388 1637 2517 1686 ante
2545 1631 2749 1688 laciem
2771 1649 2973 1701 meam,
3001 1645 3063 1690 ut
3091 1637 3331 1692 offerant
3371 1639 3508 1694 mihi
3550 1640 3652 1694 ho-

2038 1717 2223 1785 stiam,
2273 1719 2498 1791 adipem
2555 1729 2612 1778 et
2650 1724 2998 1794 sanguinem,
3031 1725 3168 1781 dicit
3196 1728 3465 1784 Dominus
3485 1729 3653 1786 Deus.

2040 1810 2136 1866 Isti
2169 1812 2554 1884 ingredientur
2590 1817 2645 1871 in
2675 1826 2864 1874 sancta
2899 1834 3043 1886 mea,
3072 1829 3130 1876 et
3163 1821 3254 1877 isti
3285 1822 3553 1879 accedent
3581 1824 3653 1878 ad

1967 1889 2011 1946 θ
2043 1919 2290 1960 mensam
2311 1923 2514 1974 meam,
2549 1917 2612 1964 ut
2640 1910 2962 1967 ministrent
2986 1913 3053 1967 ".
3085 1933 3104 1965 ι
3143 1913 3377 1985 Adipem
3411 1931 3576 1986 porro
3597 1925 3655 1972 et

2039 2000 2388 2070 sanguinem,
2419 2010 2476 2057 et
2507 2003 2601 2058 illa
2642 2020 2850 2060 mensae
2877 2006 3190 2062 ministeria
3221 2023 3335 2063 non
3361 2010 3484 2082 jure
3507 2009 3655 2081 opti-

2039 2108 2132 2149 mo
2161 2094 2418 2150 dicemus
2441 2111 2566 2152 esse
2597 2096 2737 2152 illud
2760 2096 2968 2155 Christi
2991 2100 3360 2172 mysterium?

2112 2269 2313 2326 PALL.
2345 2273 2517 2329 Recte
2548 2273 2711 2330 dicis.

2110 2363 2271 2419 CYR.
2314 2365 2461 2433 Quin
2513 2367 2698 2437 ipsum
2765 2383 2990 2440 quoque
3045 2376 3266 2442 tempus
3312 2387 3424 2443 quo
3463 2389 3652 2429 rerum

2038 2458 2288 2512 omnium
2315 2457 2370 2512 in
2397 2459 2688 2514 meliorem
2711 2467 2918 2517 statum
2954 2478 3235 2530 recursus,
3265 2473 3321 2520 et
3357 2465 3450 2521 ille
3486 2466 3653 2521 inno-

2035 2551 2278 2606 vationis
2299 2552 2500 2622 modus
2520 2561 2668 2608 esset
2694 2551 2941 2620 futurus,
2978 2556 3333 2626 perspicuum
3366 2558 3528 2614 nobis
3551 2559 3652 2614 ad-

2039 2645 2268 2699 modum
2340 2645 2495 2711 fecit,
2543 2662 2671 2702 cum
2724 2646 2868 2703 dixit
2895 2648 3046 2704 Deus
3093 2668 3106 2704 :
3155 2669 3174 2702 ι
3220 2650 3291 2706 Et
3344 2651 3449 2706 erit
3487 2668 3519 2706 a
3561 2652 3653 2708 die

2039 2745 2253 2804 octava,
2285 2746 2342 2794 et
2375 2740 2517 2795 ultra
2553 2740 2759 2796 facient
2790 2743 3118 2798 sacerdotes
3148 2758 3318 2814 super
3347 2744 3522 2800 altare
3541 2745 3652 2800 ho-

2037 2832 2286 2886 locausta
2325 2840 2532 2897 vestra,
2569 2841 2628 2888 et
2669 2848 2792 2904 qua:
2825 2835 3024 2890 salutis
3060 2844 3261 2891 vestrae
3298 2852 3468 2892 causa
3511 2837 3653 2894 οπρ-

2038 2929 2241 2978 runtur
2279 2937 2292 2976 :
2324 2931 2381 2978 et
2400 2924 2703 2995 suscipiam
2729 2942 2850 2990 vos,
2885 2926 3022 2982 dicit
3046 2927 3318 2984 Dominus
3345 2930 3410 2984 ⁸³.
3449 2949 3468 2982 ι
3492 2929 3653 2986 Diem

2027 3024 2324 3082 octavum,
2363 3018 2670 3074 Salvatoris
2713 3020 2890 3075 nostri
2941 3024 3376 3079 resurrectionis
3431 3031 3654 3095 tempus

2029 3109 2300 3179 appellat,
2343 3126 2455 3181 quo
2475 3111 2822 3178 holocausta,
2861 3113 2918 3167 id
2940 3123 3026 3169 est
3056 3115 3302 3184 perfecta
3323 3116 3654 3189 integraque

2039 3202 2390 3258 credentium
2431 3205 2803 3272 consecratio,
2856 3207 2972 3262 Deo
3009 3208 3325 3278 gratissima
3360 3225 3425 3265 ac
3479 3211 3650 3280 spiri-

2039 3295 2213 3351 tualia
2240 3312 2474 3352 munera
2498 3297 2852 3365 offeruntur;
2889 3297 3056 3368 idque
3093 3299 3260 3354 docet
3292 3299 3490 3355 beatus
3508 3300 3652 3356 Pau-

2035 3388 2145 3454 lus,
2186 3403 2312 3445 cum
2366 3389 2565 3444 scribit
2612 3406 2624 3441 :
2684 3407 2702 3439 ‹
2747 3389 2853 3444 Per
2903 3389 3082 3460 ipsum
3130 3390 3302 3462 igitur
3361 3390 3652 3448 oﬁ‘erimus

2037 3482 2277 3538 hostiam
2308 3482 2491 3538 laudis
2515 3498 2738 3553 semper
2785 3483 2920 3549 Deo,
2954 3483 3009 3538 id
3040 3490 3164 3548 est,
3193 3483 3441 3538 fructum
3469 3483 3649 3539 labio-

2037 3587 2163 3631 rum
2194 3575 2581 3631 conﬁtentium
2601 3574 2815 3630 nomini
2833 3575 2956 3646 ejus
3003 3575 3081 3648 (l)
3115 3575 3183 3629 ⁸⁸.
3221 3595 3240 3627 ι
3295 3572 3364 3630 Et
3386 3575 3591 3630 iterum
3632 3591 3648 3630 :

2045 3687 2064 3720 ι
2103 3667 2490 3723 Bcneﬁcentiae
2522 3675 2708 3722 autem
2737 3676 2794 3723 ct
2827 3667 3244 3722 communionis
3291 3665 3468 3722 nolite
3503 3665 3650 3722 obli-

2035 3761 2209 3828 visci;
2241 3761 2452 3817 talibus
2492 3761 2642 3817 enim
2681 3761 2883 3816 hostiis
2932 3769 3288 3832 promeretur
3334 3761 3483 3817 Deus
3515 3760 3582 3815 ‘5.
3622 3780 3642 3814 ι

2036 3853 2272 3909 Fructus
2299 3854 2446 3910 enim
2477 3871 2509 3909 ο
2538 3855 2722 3921 nobis,
2759 3857 2854 3926 qui
2877 3856 2934 3910 in
2970 3854 3078 3911 ﬁde
3108 3853 3397 3926 iustiﬁcati
3432 3869 3648 3922 sumus,

2037 3947 2260 4016 quinam
2279 3947 2393 4003 Deo
2409 3947 2597 4003 oﬁ‘erri
2633 3958 2867 4020 possunt
2897 3950 2992 4004 alii
3021 3965 3186 4020 quam
3205 3949 3311 4020 61
3333 3950 3456 4020 ejus
3473 3949 3650 4020 glori-

2037 4038 2221 4096 ﬁcatio
2247 4041 2397 4112 jugis
2421 4049 2590 4112 atque
2618 4044 3147 4113 perpetua?Hostia
3177 4043 3312 4100 item
3347 4044 3650 4115 purissima

2035 4137 2140 4194 est,
2183 4129 2481 4186 laudabilis
2509 4131 2638 4187 vitm
2661 4133 2802 4188 odor
2828 4133 3088 4189 eximius.

2106 4320 2305 4381 PALL.
2338 4325 2608 4382 Praeclare
2645 4343 2704 4383 se
2737 4327 2909 4384 habet
2937 4328 3138 4396 oratio,
3178 4328 3645 4401 verissimumque

2035 4425 2121 4473 est
2157 4419 2389 4474 minime
2437 4435 2539 4490 per
2590 4420 2769 4492 legem
2804 4419 3101 4492 justiﬁeari
3148 4420 3503 4491 quempiam,
3547 4418 3648 4477 sed

2036 4512 2224 4584 potius
2255 4529 2356 4584 per
2372 4513 2540 4569 ﬁdem
2573 4514 2643 4584 in;
2671 4514 2959 4571 Christum
2994 4524 3051 4570 et
3077 4514 3452 4586 evangelicam
3481 4513 3653 4570 disci-

308 4596 495 4667 λικῆς.
542 4595 826 4665 Ἐθέλοιμι
869 4595 913 4649 δ’
952 4594 1020 4650 ἂν
1070 4598 1167 4649 καὶ
1211 4596 1280 4651 δι’
1317 4599 1568 4669 ἐναργῶν
1618 4601 1751 4671 ἡμῖν
1800 4602 1934 4656 ἰέναι

2041 4608 2272 4677 plinam.
2325 4606 2602 4663 Cmterum
2647 4609 2817 4665 velim
2859 4609 3270 4680 expositionem
3311 4607 3458 4664 hanc
3497 4616 3647 4663 tuam

304 4689 790 4762 παραδειγμάτων
820 4688 920 4761 τὴν
951 4691 1254 4761 ἀφήγησιν,
1284 4690 1381 4746 καὶ
1412 4690 1474 4757 ἐξ
1493 4692 1675 4748 αὐτῶν
1721 4694 1929 4750 τούτων

312 4783 517 4855 μαθεῖν
543 4781 659 4836 τῶν
689 4781 852 4853 ἰερῶν
884 4782 1267 4854 Γραμμάτων.

381 4877 557 4932 ΚΥΡ,
603 4875 836 4942 Οὐκοῦν,
887 4870 932 4929 ὧ
990 4875 1240 4947 φιλότης,
1303 4873 1422 4949 εἶμι
1477 4878 1576 4949 μὲν
1622 4878 1734 4950 ἐγὼ
1794 4882 1932 4954 πρὸς

305 4971 474 5027 τοῦτο
519 4972 780 5040 ἑτοίμοις,
826 4970 951 5022 ἐπεί
991 4987 1071 5023 σοι
1118 4970 1286 5024 δοκεῖ.
1324 4972 1397 5025 Σὺ
1430 4971 1487 5026 δὲ
1536 4972 1597 5045 δή
1639 4991 1729 5044 μοι
1767 4975 1932 5029 πάλιν

306 5063 402 5118 τὸν
452 5061 665 5134 ἀκριϐῆ
713 5079 776 5115 τε
827 5063 924 5117 καὶ
976 5062 1354 5134 άπεξεσμένον
1403 5065 1489 5134 ἐφ’
1546 5067 1764 5138 ἑκάστῳ
1821 5069 1933 5121 τῶν

308 5156 702 5228 θεωρημάτων
737 5153 962 5220 ἐξέταζε
993 5155 1141 5210 νοῦν.
1177 5155 1290 5210 Καὶ
1331 5158 1385 5211 εἴ
1413 5158 1495 5211 σοί
1522 5177 1575 5219 τ,ι
1604 5159 1819 5231 δόξαιμι
1857 5160 1932 5232 μὴ

306 5249 430 5304 λίαν
459 5247 645 5320 ὀρθῶς
667 5249 831 5313 νοεῖν,
864 5247 900 5317 ἢ
940 5247 1152 5316 λέγειν,
1186 5249 1466 5318 νηφαλίως
1500 5251 1805 5323 ὲπανόρθου
1838 5253 1932 5306 καὶ

309 5339 625 5414 μεθόρμιζε
651 5338 866 5411 σαφῶς,
905 5340 1036 5403 τοὺς
1065 5339 1176 5393 τῶν
1197 5341 1471 5395 τεκτόνων
1503 5341 1764 5413 ἀρίστους
1794 5345 1931 5398 ἀπο-

312 5435 682 5508 μιμούμενος,
709 5433 760 5487 οῖ
796 5430 1020 5486 ἐπειδὰν
1054 5431 1240 5504 ἐξήκοι
1274 5432 1370 5487 τοῦ
1405 5433 1741 5506 καθήκοντος
1767 5435 1928 5507 λόγου

2037 4700 2308 4770 exemplis
2324 4700 2458 4756 item
2486 4702 2799 4773 perspicuis
2819 4702 3162 4769 conﬁrmari,
3196 4712 3363 4773 atque
3380 4718 3450 4757 ex
3473 4700 3650 4758 sacris

2039 4792 2264 4849 Litteris
2293 4795 2430 4849 mihi
2459 4795 2604 4851 idem
2634 4797 2859 4867 planum
2892 4795 3032 4851 ﬁeri.

2109 4884 2269 4941 CYR.
2297 4887 2473 4942 Venio
2510 4887 2680 4959 igitur
2716 4888 2834 4959 ipse
2867 4889 2936 4944 ad
2968 4889 3112 4943 hanc
3141 4895 3375 4960 partem,
3413 4885 3646 4953 Palladi,

2039 4977 2302 5043 libenter,
2335 4980 2466 5048 quia
2484 4980 2565 5034 sic
2593 4980 2691 5035 tibi
2721 4981 2963 5037 videtur.
2987 4981 3068 5036 Tu
3084 4997 3216 5036 vero
3245 4980 3380 5034 mihi
3399 4978 3646 5034 vicissim

2041 5072 2304 5127 subtilem
2337 5081 2394 5128 ct
2422 5075 2726 5145 expolitum
2757 5077 2813 5131 in
2833 5091 3162 5146 unaquaque
3180 5072 3647 5143 contemplatione

2041 5179 2264 5219 sensum
2299 5167 2561 5237 exquiras
2595 5168 2764 5224 velim
2801 5186 2813 5222 :
2841 5184 2925 5234 ac,
2946 5169 2993 5224 si
3031 5169 3131 5223 tibi
3160 5167 3348 5222 minus
3376 5173 3525 5221 recte
3547 5173 3646 5221 aut

2039 5258 2248 5315 sentire
2267 5259 2522 5326 videbor,
2567 5270 2662 5317 aut
2697 5263 2904 5334 eloqui,
2945 5265 3254 5335 prudenter
3288 5262 3533 5334 corrigas
3589 5264 3646 5318 et

2039 5339 2303 5409 emendes
2321 5365 2533 5426 aperte,
2554 5355 2836 5411 labrorum
2854 5357 3442 5428 praestantissimorum
3460 5369 3647 5412 exem-

2037 5445 2167 5514 plo,
2207 5448 2302 5517 qui
2329 5490 2342 5514 ,
2379 5449 2556 5504 sicubi
2593 5465 2731 5520 opus
2769 5450 2919 5521 quod
2960 5450 3018 5505 in
3062 5450 3322 5506 manibus
3351 5449 3568 5506 habent
3609 5462 3643 5506 a

373 5635 422 5670 ⁸⁸
457 5638 698 5695 Malach.
739 5655 820 5704 nr,
862 5637 918 5706 2,
943 5639 997 5693 5.
1077 5639 1124 5672 ⁸³
1166 5639 1374 5696 Ezech.
1417 5656 1563 5708 κων,
1600 5640 1688 5705 15,
1729 5639 1815 5694 l6.
1897 5640 1934 5673 θε

2042 5642 2166 5698 ech.
2195 5662 2343 5712 xuii,
2376 5646 2466 5702 27.
2547 5647 2594 5679 ⁸⁸
2621 5648 2790 5704 Hebr.
2836 5665 2924 5717 xv,
2950 5648 3038 5705 l5.
3121 5649 3169 5682 ⁸⁸
3194 5648 3364 5705 Hebr.
3400 5663 3520 5706 xm.
3550 5647 3638 5702 l6.

381 5782 460 5854 (1)
493 5781 788 5854 Fructum
810 5783 1088 5837 labiorum
1126 5782 1363 5854 perinde
1402 5783 1665 5854 intelligit
1699 5783 1790 5838 hic
1819 5783 1927 5837 Pa-

306 5852 402 5908 ter
426 5852 494 5909 ac
541 5854 588 5906 si
620 5852 963 5925 oblationem
1003 5852 1281 5909 labiorum
1317 5854 1553 5910 dixisset
1583 5852 1884 5925 Apostolus
1909 5897 1924 5920 ,

308 5940 418 5996 quo
447 5924 720 5997 loquendi
749 5940 903 5981 more
931 5941 1075 6000 saepe
1117 5925 1262 5982 LXX
1293 5935 1423 5982 sunt
1454 5927 1539 5982 usi
1579 5924 1707 5984 cum
1732 5925 1924 5982 dicunt

2037 5786 2420 5926 ἒαὲπρὲρορίαν
2446 5794 2502 5844 et
2534 5791 2909 5862 καρποφορεῖν
2948 5806 3050 5863 pro
3073 5803 3140 5846 eo
3166 5787 3317 5861 quod
3341 5793 3426 5843 est
3447 5783 3640 5840 θυσίαν

2077 5875 2103 5910 ν
2147 5876 2210 5926 φ.
2253 5877 2354 5912 ειν.

2077 5875 2354 5928 ναφερειν.
