4096 6430
496 381 598 438 2’51

1538 377 1593 434 S.
1634 375 1912 433 C'YlllLLl
1950 369 2421 429 ALEXANDRINI
2461 365 2778 423 ARCHIEP.

3677 367 3780 426 259.

498 493 730 552 rationis
761 495 1006 563 artisque
1031 491 1683 563 ‘prmseriptodeilexerit,
1715 490 1769 544 id
1793 487 2088 545 artiﬁciose

2194 486 2255 538 τὸ
2302 487 2359 537 ἐν
2403 485 2580 556 χερσὶ,
2627 480 3126 555 μεταρυθμίζουσιν
3173 481 3441 552 εὐτέχνως
3485 481 3578 535 ἐπὶ
3619 481 3680 534 τὸ
3709 482 3780 547 ὡς

499 586 918 648 reconcinnant,
955 594 1124 654 atque
1160 584 1229 638 ad
1258 584 1489 640 formam
1524 591 1789 638 revocant
1830 596 1955 652 qua:
1981 579 2091 635 illis

499 677 708 748 optima
733 677 1006 732 videatur.
1049 676 1275 731 Initium
1297 692 1429 733 vero
1466 676 1523 730 in
1574 675 1681 730 hac
1714 674 2090 745 disputatione

499 783 783 824 sumemus
812 785 842 823 a
861 785 1145 823 sacrorum
1179 769 1482 840 interprete
1507 767 1712 839 Moyse,
1727 767 1890 838 cujus
1912 766 2092 820 histo-

498 862 636 918 riam
654 861 748 918 ubi
771 861 977 916 cursim
1009 851 1263 933 attigero,
1289 870 1410 916 tum
1428 876 1561 915 sane
1595 858 1923 915 conﬁrmare
1945 857 2093 912 nitar

497 962 664 1023 atque
690 953 984 1008 ostendere
1029 953 1340 1024 perspicue,
1365 952 1505 1006 nihil
1539 951 1608 1006 ad
1649 950 1953 1022 perfectum
1990 948 2091 1003 ad—

499 1044 724 1100 duxisse
766 1052 983 1117 tegem,
1003 1061 1243 1115 eamque
1266 1059 1381 1099 non
1412 1059 1534 1100 esse
1569 1043 1640 1098 ad
1662 1043 1903 1098 salutem
1935 1041 2089 1107 satis,

498 1138 859 1209 omniumque
883 1139 1172 1193 hominum
1217 1147 1333 1192 tum
1362 1136 1791 1207 redemptorem,
1819 1143 1938 1190 tum
1981 1133 2092 1189 sal~

448 1305 452 1310 »
497 1240 745 1286 vatorem
771 1247 895 1288 esse
924 1231 1228 1287 Christum.

567 1321 764 1379 PALL.
796 1326 963 1395 Atqui
1005 1325 1085 1379 sic
1114 1324 1339 1390 habeto,
1362 1339 1476 1378 non
1496 1323 1833 1378 mediocrem
1869 1329 1924 1376 te
1978 1319 2092 1374 uti-

449 1416 457 1455 τ
497 1415 709 1470 litatem
759 1417 1077 1482 allaturum,
1119 1415 1164 1471 si
1195 1415 1252 1470 in
1288 1416 1393 1471 hac
1431 1429 1654 1486 quoque
1685 1421 1839 1484 parte
1863 1419 2093 1466 cuncta-

498 1507 706 1562 tionem
776 1507 1015 1573 viceris;
1077 1507 1333 1578 quamvis
1393 1507 1546 1563 enim
1603 1503 1926 1560 diﬁicillima
1983 1501 2096 1557 sint

498 1615 566 1655 ea
624 1616 749 1671 quae
785 1600 1106 1671 aggrederis
1129 1641 1145 1664 ,
1195 1599 1630 1669 diﬁicillimeque
1679 1593 1919 1668 spectari
1964 1609 2095 1665 pos-

497 1692 570 1747 sit
621 1707 811 1747 earum
874 1708 1059 1748 rerum
1104 1707 1242 1763 quas
1295 1691 1628 1763 inquirimus
1669 1688 1909 1755 veritas,
1940 1686 2097 1744 dives

497 1794 680 1840 tamen
704 1794 808 1850 est,
837 1785 932 1856 qui
956 1784 1160 1840 revelat
1195 1785 1360 1840 Deus.

2191 577 2392 647 ἄριστα
2416 576 2560 646 ἔχειν
2583 574 2794 629 δοκοῦν.
2813 575 3096 646 ’Λπαρχὴν
3115 573 3173 628 δὲ
3195 573 3392 644 ὥσπερ
3420 574 3542 628 τινὰ
3564 574 3672 627 τῶν
3705 576 3784 639 είς

2192 684 2258 736 γε
2288 668 2447 720 ταυτὶ
2477 666 2820 739 ποιησόμεθα
2863 666 3041 734 λόγων
3070 667 3161 720 τὸν
3199 667 3526 738 ἱεροφάντην
3554 669 3778 734 Μωσέα,

2192 759 2289 812 καὶ
2319 759 2418 830 τῆς
2447 761 2568 814 κατ’
2597 759 2763 812 αὐτὸν
2791 758 3038 828 λίστορίας
3071 759 3441 830 ἐπιδρομάδην
3479 759 3782 831 ἁψάμενος,

2193 851 2562 923 πληροφορεῖν
2612 847 2674 904 εὖ
2721 850 2868 923 μάλα
2923 852 3293 924 πειράσομαι,
3329 853 3424 907 καὶ
3470 854 3784 919 καταδεῖξαι

2197 946 2386 1014 σαφῶς
2405 985 2422 1010 ,
2462 946 2855 1000 τετελειωκότα
2881 945 2980 1018 μὲν
3004 945 3095 1000 τὸν
3121 947 3286 1018 νόμον
3317 946 3496 1013 οὐδὲν,
3527 946 3652 1001 οὔτε
3677 947 3786 1020 μὴν

2193 1036 2524 1109 ἀποχρῶντα
2558 1037 2697 1110 πρὸς
2739 1039 3016 1110 σωτηρίαν
3036 1055 3050 1069 ·
3103 1038 3382 1111 λυτρωτὴν
3418 1039 3482 1098 δὲ
3512 1039 3621 1094 τῶν
3647 1041 3786 1096 ὅλων

2194 1130 2292 1184 καὶ⁵
2326 1131 2550 1202 σωτῆρα
2581 1131 2838 1202 Χριστόν.

2267 1308 2482 1362 ΠᾹΛΛ.
2521 1307 2600 1361 Οὐ
2639 1307 2870 1382 μετρίαν
2911 1307 3022 1362 ίσθι
3073 1325 3156 1362 τοι
3199 1307 3376 1372 διδοὺς
3424 1307 3525 1379 τὴν
3574 1304 3789 1380 ῠνησιν,

2147 1387 2150 1392 ’
2189 1399 2354 1454 ὖκνου
2401 1400 2690 1473 κρείττονα
2739 1401 2937 1455 σαυτὸν
2987 1400 3090 1455 κᾶν
3134 1401 3310 1473 τούτῳ
3361 1400 3576 1465 δεικνύς
3600 1417 3614 1430 ⁸
3662 1402 3794 1455 δυσ-

2195 1490 2394 1560 έφικτα
2419 1490 2528 1562 ,μὲν
2573 1489 2684 1564 γὰρ
2727 1489 2799 1545 τὰ
2836 1491 2895 1544 ἐν
2933 1490 3092 1563 χερσὶ
3125 1491 3264 1558 λίαν,
3295 1493 3390 1546 καὶ
3414 1492 3793 1560 δυσκάτοπτος

2196 1581 2394 1652 κομιδῇ
2425 1580 2534 1635 τῶν
2572 1579 2922 1653 ζητουμένων
2971 1584 3004 1654 ἡ
3032 1583 3255 1653 γνῶσις,
3297 1582 3554 1648 πλούσιός
3583 1601 3648 1655 γε
3675 1585 3794 1658 μὴν

2195 1674 2225 1728 ὁ
2258 1673 2616 1729 ἐκκαλύπτων
2637 1673 2792 1739 Θεός.

2268 1768 2436 1825 ΚΥΡ.
2478 1763 2554 1823 Εὖ
2582 1767 2782 1838 λέγεις,
2807 1769 2905 1824 καὶ
2924 1768 2988 1840 δή
3013 1787 3085 1840 με
3107 1770 3235 1826 κυσὶ
3255 1773 3376 1838 ταῖς
3397 1771 3797 1844 εύρινωτάταις

566 1877 724 1933 CYR.
746 1841 916 1934 Recte
955 1878 1098 1933 dicis
1117 1895 1132 1945 ;
1151 1886 1208 1933 et
1229 1893 1317 1933 me
1332 1878 1444 1950 jam
1470 1891 1627 1948 aeque
1651 1890 1719 1932 ac
1750 1871 2088 1947 sagacissimi

2198 1861 2259 1916 ἐν
2295 1860 2418 1933 ἴσῳ,
2446 1861 2569 1918 κατ’
2612 1860 2758 1933 ίχνος
2791 1862 2930 1918 ἰέναι
2959 1862 3148 1920 λοιπὸν
3181 1864 3289 1919 τῶν
3317 1866 3375 1921 ἐν
3409 1841 3563 1936 βάθει
3600 1884 3660 1921 τε
3693 1868 3799 1922 καὶ

495 1986 665 2026 canes
706 1971 969 2034 assolent,
995 1971 1368 2042 pervestigare
1403 1969 1625 2025 abditos
1682 1967 1741 2023 in
1789 1965 2086 2039 profunde,

496 2062 956 2132 obscurioresque
983 2077 1201 2128 sensus,
1236 2070 1331 2117 tua
1359 2061 1555 2117 suadet
1587 2060 1787 2116 oratio.
1823 2059 1996 2132 Igitur
2028 2059 2088 2114 in

494 2152 718 2208 deserto
758 2153 1125 2210 Madiauiticm
1174 2154 1475 2225 provincia:
1506 2152 1853 2225 beatoMoysi
1895 2166 2091 2224 greges

493 2245 679 2299 ovium
711 2245 981 2315 pascenti,
1001 2261 1127 2301 cum
1153 2247 1258 2302 sub
1288 2247 1421 2318 ipsis
1445 2246 1727 2302 radicibus
1758 2255 1906 2302 esset
1927 2262 2089 2302 mon-

491 2336 566 2391 tis
621 2336 827 2402 lloreb,
880 2353 1022 2392 nova
1069 2337 1322 2409 quaedam
1359 2353 1470 2404 res,
1516 2345 1574 2392 et
1609 2336 1863 2393 miraculi
1901 2337 2086 2407 plena,

492 2429 608 2484 Deo
630 2428 890 2496 faciente,
922 2437 1230 2484 monstrata
1262 2435 1387 2484 est:
1419 2448 1437 2480 ι
1461 2427 1731 2500 Apparuit
1757 2429 1906 2483 enim
1936 2428 2037 2494 illi,
2063 2448 2081 2480 ι

493 2521 696 2593 inquit,
739 2541 758 2574 ι
786 2523 1018 2594 angelus
1047 2522 1106 2577 in
1135 2521 1356 2577 ﬂamma
1382 2521 1526 2594 ignis
1563 2521 1824 2587 derubo,
1858 2530 1915 2578 et
1951 2523 2091 2578 vidit

492 2614 642 2685 quod
659 2615 830 2669 rubus
847 2614 1069 2670 arderet
1096 2614 1232 2686 igni,
1266 2621 1324 2669 et
1341 2629 1450 2669 non
1473 2613 1912 2670 combureretur.
1943 2615 2091 2670 Dixit

493 2715 680 2761 autem
725 2705 938 2776 Moyses
980 2722 994 2759 :
1028 2705 1236 2762 Vadam
1284 2721 1350 2761 ac
1383 2705 1586 2761 videbo
1633 2705 1904 2760 visionem
1946 2704 2090 2761 hanc

493 2810 772 2871 magnam,
790 2815 891 2854 cur
909 2783 1020 2854 non
1036 2799 1398 2855 comburatur
1427 2799 1604 2854 rubus
1632 2801 1699 2852 ⁸⁸.
1729 2820 1747 2851 ι
1774 2799 1871 2855 Est
1901 2807 2087 2855 autem

496 2891 671 2947 rubus
707 2905 820 2946 non
854 2890 1074 2947 exculta
1121 2891 1307 2956 arbor,
1360 2890 1456 2946 sed
1490 2891 1760 2948 silvestris
1811 2891 1983 2962 spinae
2025 2907 2089 2947 ac

493 2985 685 3056 stirpis
720 2994 995 3040 montanae
1011 2999 1207 3056 genus,
1233 2983 1290 3038 in
1311 3000 1420 3055 qua
1443 2985 1770 3040 miraculum
1796 2984 1934 3040 illud
1956 2985 2090 3040 hor-

494 3074 639 3129 roris
664 3075 888 3146 plenum
920 3074 1211 3139 edebatur,
1243 3073 1394 3144 quod
1423 3075 1670 3146 mysterii
1707 3075 1937 3147 ﬁguram
1987 3091 2088 3148 ap-

2191 1955 2580 2028 ἀφανεστὲρων
2610 1955 2854 2021 ἐννοιῶν,
2899 1957 2930 2011 ὁ
2962 1955 3055 2021 σὸς
3085 1958 3396 2032 παραθήγει
3425 1959 3610 2029 λόγος.
3640 1961 3797 2015 οὐκ-

2189 2047 2287 2103 οῦν
2329 2051 2388 2104 ἐν
2438 2049 2632 2122 ἐρήμῳ
2667 2048 2798 2104 ποτὲ
2849 2050 2916 2122 τῇ
2971 2049 3118 2104 κατὰ
3164 2048 3264 2122 τὴν
3296 2050 3641 2123 καλουμένην
3667 2052 3799 2106 Μα-

2189 2143 2344 2216 διὰμ,
2372 2143 2500 2198 ὀΐων
2529 2143 2732 2214 ἀγέλας
2759 2142 3200 2215 διαποιμαίνοντι
3225 2143 3304 2216 τῷ
3329 2135 3589 2216 μακαρίῳ
3611 2145 3796 2216 Muci)

2191 2238 2331 2309 πρὸς
2352 2237 2544 2302 αὐταῖς
2562 2253 2622 2291 τε
2648 2238 2769 2302 ταῖς
2793 2237 3090 2309 ὑπωρείαις
3114 2234 3230 2290 am
3255 2234 3350 2288 τοῦ
3374 2235 3535 2308 ὅρους
3558 2235 3796 2308 Χωρὴσ,

2191 2330 2384 2402 χρῆμά
2403 2347 2454 2384 τι
2480 2329 2630 2397 ξένον
2655 2330 2749 2384 καὶ
2775 2330 2878 2384 οὐκ
2908 2327 3259 2401 ἀθαύμαστον
3283 2327 3418 2383 Θεοῦ
3451 2328 3799 2401 πληροῦντος

2191 2424 2486 2478 ἐδείκνυτο.
2531 2442 2548 2475 ι
2587 2422 2766 2492 Ὠ-εθη
2788 2422 2898 2493 γὰρ
2922 2422 3093 2493 αὐτῷ,
3135 2440 3154 2474 ι
3187 2421 3372 2493 φησὶν,
3403 2441 3421 2473 ι
3459 2421 3692 2491 ἄγγελος
3719 2424 3789 2477 ἐν

2191 2515 2364 2585 πυρὸς
2396 2514 2560 2585 φλογὶ
2580 2516 2646 2568 ἐκ
2683 2514 2847 2586 βάτου
2866 2530 2881 2545 °
2918 2515 3014 2568 καὶ
3039 2512 3187 2585 ἐώρα
3218 2514 3299 2568 ὅτι
3325 2516 3354 2568 6
3380 2513 3540 2584 βάτος
3572 2513 3799 2568 ἐκαίετη

2192 2609 2348 2681 πυρὶ,
2405 2609 2434 2660 ὁ
2487 2607 2544 2661 δὲ
2591 2607 2752 2678 βάτος
2777 2606 2859 2675 ,ού
2894 2605 3234 2661 κατεκαίετο.
3275 2602 3412 2662 Είπε
3457 2606 3516 2660 δὲ
3558 2607 3792 2678 Μωσῆς

2191 2698 2490 2770 Παρελθὼν
2538 2699 2741 2770 ὂψομαι
2785 2698 2848 2753 τὸ
2893 2700 3077 2770 ὅραμα
3123 2700 3187 2753 τὸ
3217 2699 3360 2770 μέγα
3385 2699 3568 2766 τοῦτο,
3607 2702 3690 2755 ὅτι
3725 2703 3794 2758 οὐ

2190 2785 2553 2847 κατακαίεται
2579 2794 2608 2846 ὁ
2640 2791 2822 2863 βάτος.
2862 2810 2880 2843 ι
2920 2791 3087 2845 Ξύλον
3125 2792 3182 2844 δὲ
3215 2792 3339 2863 οὐχὶ
3363 2793 3472 2846 τῶν
3501 2793 3727 2864 ἡμέρων
3761 2795 3796 2846 ὁ

2191 2887 2375 2958 βάτος,
2415 2885 2616 2959 ἀγρίας
2652 2885 2710 2940 δέ
2741 2885 2942 2958 μᾶλλον
2995 2885 3238 2957 ἀκάνθης
3269 2881 3430 2953 εἶδος,
3464 2886 3558 2940 καὶ
3603 2886 3797 2960 ὀρεσι-

2188 2985 2392 3054 τρόφου
2444 2981 2624 3054 ῥίζης,
2675 2983 2760 3052 ἐφ’
2803 2975 2840 3056 ᾖ
2872 2980 2934 3035 τὸ
2972 2980 3201 3054 φρικτὸν
3237 2981 3542 3052 ἐπράττετο
3575 2979 3793 3053 θαῦμα,

2192 3075 2501 3148 μυστηρίου
2550 3073 2722 3127 τύπον
2755 3070 2815 3128 εὖ
2851 3073 2999 3145 μάλα
3049 3072 3312 3146 πληροῦν.
3354 3074 3622 3143 Ἀγγελος
3677 3076 3798 3144 γὰρ

496 3167 707 3222 tissime
737 3167 985 3238 gerebat.
1024 3166 1270 3237 Angelus
1307 3166 1512 3238 quippe
1549 3166 1598 3222 is
1638 3175 1759 3222 erat
1802 3167 1899 3239 qui
1945 3166 2088 3239 ignis

2194 3164 2262 3241 ἦν
2285 3169 2363 3229 ὡς
2404 3171 2462 3222 ἐν
2505 3165 2635 3220 εῖδει
2673 3165 2845 3238 πυρὸς
2894 3165 3018 3221 ὅλον
3058 3165 3233 3220 διόλιυ
3286 3165 3794 3234 καταϐοσκόμενος,

494 3261 677 3332 specie
707 3269 882 3315 totum
918 3258 1163 3328 undique
1181 3258 1604 3330 depascebatur,
1633 3260 1743 3331 62
1761 3275 1940 3331 neque
1953 3261 2009 3315 in
2023 3275 2089 3316 ea

495 3357 681 3406 tamen
711 3350 887 3422 stirpe
910 3350 1202 3421 vestigium
1248 3349 1390 3421 ignis
1413 3351 1589 3406 ullum
1625 3352 2096 3422 imprimebat:ac

496 3453 608 3493 non
638 3455 799 3494 secus
824 3455 988 3509 quam
1019 3439 1066 3494 si
1092 3440 1319 3495 minime
1343 3440 1391 3495 is
1422 3440 1664 3506 adesset,
1704 3457 1774 3497 ne
1808 3441 2094 3498 minimam

497 3522 719 3598 quidem
738 3527 1162 3599 caloris'partem
1185 3529 1256 3583 ab
1277 3529 1402 3600 igne
1417 3530 1584 3586 arbor
1603 3529 1698 3586 illa
1737 3531 2092 3603 suscipiebat.

568 3619 772 3674 PALL.
803 3619 949 3686 Quid
981 3620 1151 3691 igitur
1171 3620 1308 3675 illud
1338 3622 1496 3676 erat?
1839 3623 1846 3631 '

570 3711 729 3766 ΟΥΕ.
787 3712 976 3767 lsraeli
1028 3712 1306 3780 nimirum
1344 3722 1603 3784 tanquam
1632 3713 1873 3770 silvestri
1910 3713 2095 3770 arbori

499 3820 565 3860 ac
591 3805 770 3860 dulcis
813 3806 1037 3877 iustitiae
1079 3808 1292 3862 fructus
1332 3808 1516 3862 nullos
1557 3808 1806 3875 babenti,
1847 3807 1996 3879 quod
2034 3809 2090 3862 in

495 3898 877 3972 Egyptiorum
926 3901 1142 3971 legibus
1185 3901 1452 3966 aleretur,
1491 3903 1811 3974 angelorum
1855 3902 2095 3958 admini-

499 3994 766 4048 stratione
795 3993 975 4049 danda
1002 3995 1091 4050 lex
1119 4003 1259 4058 erat,
1295 4010 1418 4065 quae
1448 3995 1799 4050 illuminandi
1823 3995 1937 4050 vim
1967 3996 2094 4066 qui-

500 4086 625 4141 dem
651 4087 898 4152 haberet,
926 4087 972 4142 si
1006 4087 1373 4157 spiritualiter
1401 4087 1819 4158 intelligeretur,
1851 4097 1909 4142 et
1937 4103 2095 4142 men-

502 4181 574 4235 tis
627 4181 888 4235 tenebras
939 4180 1208 4251 repellere
1253 4187 1440 4250 posset
1493 4180 1684 4250 (habet
1744 4179 1895 4235 enim
1953 4179 2095 4250 ignis

500 4284 719 4338 natura,
761 4284 822 4329 ut
850 4273 1052 4329 etIiciat
1090 4273 1145 4328 id
1169 4272 1414 4345 quoque)
1437 4313 1451 4338 ,
1477 4274 1576 4329 sed
1607 4289 1674 4330 ea
1717 4282 1900 4330 tamen
1946 4273 2094 4328 acci-

503 4367 791 4436 pientibus
832 4365 1046 4420 inutilis
1077 4365 1200 4432 fuit,
1253 4367 1406 4421 nulla
1440 4365 1616 4436 ipsius
1646 4367 1842 4437 culpa;
1878 4380 2093 4428 verum,

503 4459 651 4530 quod
686 4459 746 4524 ii,
783 4458 1116 4529 quibuscum
1152 4457 1438 4529 agebatur,
1475 4457 1703 4512 minime
1733 4458 1922 4511 lumen
1959 4455 2095 4509 illud

2195 3261 2452 3332 αἴσθησιν
2501 3260 2561 3314 δέ
2614 3258 2695 3331 τῷ
2745 3258 2888 3330 ξύλῳ
2935 3257 3210 3330 μηδεμίαν
3257 3255 3490 3320 ἐντιθεὶς
3540 3257 3641 3328 τῆς
3691 3258 3796 3311 τοῦ

2196 3353 2372 3426 πυρὸς
2399 3351 2700 3424 ἐνεργείας,
2734 3353 2793 3406 ἐν
2828 3352 2930 3422 ίσῳ
2957 3351 3015 3404 δέ
3048 3349 3239 3422 ὥσπερ
3269 3351 3318 3403 εί
3347 3351 3441 3403 καὶ
3477 3351 3552 3422 μὴ
3581 3351 3797 3422 παρῆν,

2199 3444 2324 3517 μηδ’
2371 3443 2498 3497 ὅσον
2540 3443 2718 3496 εἰπεῖν
2764 3441 3068 3514 θερμασίας
3104 3458 3210 3496 που
3255 3441 3398 3513 τάχα
3446 3441 3549 3512 τῆς
3600 3441 3678 3507 ὠς
3719 3441 3795 3494 ἐκ

2197 3536 2372 3608 πυρὸς
2399 3535 2492 3591 τοῦ
2523 3535 2682 3603 ξύλου
2709 3534 3132 3607 μετεσχηκότος.

2270 3630 2482 3687 ΠΑΛΛ.
2525 3630 2592 3683 Τί
2619 3627 2714 3685 οὖν
2742 3629 2901 3684 τοῦτό
2931 3646 3030 3700 γε;

2269 3720 2435 3775 ΚΥΡ.
2465 3719 2620 3794 Ξύλῳ
2641 3720 2750 3792 γὰρ
2771 3721 2920 3775 ὥσπε
2929 3738 2960 3791 ρ
2981 3720 3160 3793 ἀγρίῳ
3177 3719 3425 3790 γεγονότι
3442 3717 3520 3790 τῷ
3551 3717 3797 3790 Ἰσραὴλ,

2198 3814 2292 3867 καὶ
2324 3813 2571 3885 καρποὺς
2613 3813 2860 3885 ἡμέρους
2897 3811 3245 3883 δικαιοσύνης
3277 3812 3378 3864 οὑκ
3413 3809 3623 3882 ἔχοντι·
3677 3814 3802 3875 τοῖς

2197 3903 2308 3975 γὰρ
2357 3902 2672 3971 Αἰγυπτίων
2721 3901 3014 3973 ἐτρέφοντο
3076 3901 3295 3972 νόμοις·
3347 3901 3377 3952 ὁ
3420 3900 3488 3952 δι’
3541 3900 3800 3968 ἀγγέλων

2198 3994 2395 4066 ἔμελλε
2434 3992 2759 4064 δοθήσεσθαι
2805 3993 2991 4065 νόμος,
3047 3991 3301 4062 φωτίζειν
3343 3991 3443 4063 μὲν
3487 3991 3691 4055 ἱκανὸς,
3742 3993 3800 4046 εί

2198 4086 2332 4157 γοῦν
2354 4088 2529 4142 νοοῖτο
2552 4085 2960 4156 πνευματικῶς,
2983 4085 3077 4140 καὶ
3099 4085 3194 4138 τὸν
3218 4087 3299 4148 εἰς
3319 4083 3444 4137 νοῦν
3467 4083 3802 4155 ἀποπέμψαι

2201 4179 2414 4244 σκότον,
2444 4178 2696 4257 ἐνέργεια
2724 4177 2831 4248 γὰρ
2878 4177 2971 4230 καὶ
2998 4177 3094 4246 ἧδε
3145 4177 3335 4243 πυρὸς,
3369 4175 3509 4247 πλὴν
3535 4178 3647 4240 τοῖς
3691 4175 3797 4230 λα·-

2200 4272 2387 4326 6οῦσιν
2431 4272 2712 4344 ἀνόνητος,
2758 4272 2849 4326 καὶ
2903 4269 3022 4324 οὔτι
3072 4287 3176 4324 που
3205 4270 3426 4335 πάντως
3455 4270 3521 4324 δι’
3573 4270 3797 4338 ἑαυτὸν,

2200 4365 2316 4419 ἀλλ’
2351 4365 2474 4418 ἐπεί
2505 4383 2589 4419 τοι
2639 4365 2700 4418 τὸ
2722 4364 2839 4434 φῶς
2876 4365 2950 4435 μὴ
2987 4365 3069 4428 είς
3100 4364 3225 4419 νοῦν
3259 4365 3503 4435 ἐδέχοντο
3531 4365 3624 4420 καὶ
3651 4381 3798 4436 καρ-

2198 4457 2340 4522 δίαν,
2365 4460 2414 4511 οἱ
2446 4457 2584 4527 πρὸς
2607 4456 2701 4521 οὒς
2722 4459 2751 4511 ὁ
2778 4456 3184 4527 λόγοςηέξωθεν
3205 4457 3264 4510 δὲ
3283 4456 3475 4529 ὥσπερ
3502 4458 3799 4528 φωτισμοῦ

505 4553 561 4605 in
593 4552 836 4606 animum
861 4559 1025 4620 atque
1061 4549 1117 4604 in
1168 4566 1266 4605 cor
1294 4550 1652 4605 admitterent
1683 4565 1696 4601 :
1727 4563 1857 4602 nam
1881 4546 2092 4602 extrin-

2199 4550 2423 4622 δόκησιν
2453 4551 2515 4603 τὸ
2549 4549 2784 4621 γράμμα
2813 4549 3241 4620 πλουτήσαντες,
3267 4549 3406 4622 ὅπερ
3435 4549 3578 4620 ἔχειν
3608 4549 3803 4620 ἐνόμι-

506 4661 668 4700 secus
706 4659 832 4699 cum
883 4643 1083 4697 littera:
1139 4642 1340 4712 Opibus
1395 4641 1568 4697 veluti
1617 4639 1802 4709 specie
1856 4637 2094 4709 quadam

507 4737 732 4792 luminis
747 4735 1115 4799 abundarent,
1135 4734 1280 4805 quod
1304 4733 1507 4788 habere
1525 4748 1583 4787 se
1595 4731 1884 4802 putabant,
1904 4747 2096 4786 revera

509 4829 734 4883 minime
765 4828 1063 4882 habebant.
1097 4825 1254 4892 Quod
1301 4825 1468 4896 igitur
1499 4824 1646 4879 circa
1699 4823 1898 4877 rubum
1953 4823 2096 4894 ignis

507 4922 799 4977 videbatur
827 4920 1072 4991 quidem,
1105 4933 1288 4987 neque
1329 4925 1509 4971 tamen
1549 4915 1733 4970 arbori
1769 4915 1847 4970 illi
1870 4932 2094 4972 sensum

508 5015 706 5070 caloris
765 5013 1062 5078 inferebat,
1123 5010 1394 5082 ejusmodi
1445 5009 1732 5080 quidpiam
1782 5009 2094 5081 signiﬁcare

506 5107 746 5161 videtur.
772 5105 967 5160 Fuisse
1009 5112 1194 5157 autem
1227 5101 1425 5160 inutile
1453 5101 1660 5156 Judaeis
1713 5101 1847 5157 illud
1875 5119 1944 5158 ex
1977 5104 2097 5174 lege

507 5199 718 5262 lumen,
750 5195 995 5251 declarat
1044 5194 1131 5249 his
1157 5193 1351 5249 verbis
1375 5195 1493 5264 ipse
1539 5192 1788 5249 Salvator
1823 5213 1835 5248 :
1873 5215 1890 5248 ι
1926 5197 2097 5252 Scru-

507 5289 701 5344 tamini
734 5286 1063 5357 Scripturas,
1103 5286 1232 5356 quia
1267 5301 1365 5341 vos
1392 5285 1597 5356 putatis
1659 5287 1716 5341 in
1753 5287 1890 5358 ipsis
1927 5289 2097 5345 vitam

508 5393 776 5436 :eternam
833 5378 1078 5445 habere;
1110 5387 1166 5433 et
1222 5379 1329 5433 illae
1364 5387 1494 5434 sunt
1548 5395 1670 5450 quae
1714 5381 2096 5437 testimonium

2204 4645 2318 4710 ζον,
2341 4645 2443 4697 οὑκ
2501 4639 2648 4714 εἶχον
2692 4643 2930 4715 ἀληθῶς.
2969 4643 3260 4714 Τοιγάρτοι
3304 4643 3433 4713 περὶ
3485 4642 3577 4696 τὸν
3629 4641 3800 4712 βάτον

2212 4738 2311 4807 μὲν
2339 4735 2572 4808 ὁρᾶσθαι
2601 4736 2662 4789 τὸ
2689 4736 2820 4808 πῦρ,
2857 4735 2934 4808 μὴ
2966 4735 3072 4806 μὴν
3097 4737 3178 4788 ἔτι
3213 4735 3308 4788 καὶ
3354 4733 3658 4805 θερμασίας
3709 4735 3801 4787 αἶ’-

2206 4828 2397 4898 σθησιν
2428 4827 2628 4879 ἐνιέναι
2664 4826 2740 4896 τῷ
2781 4826 2942 4898 ξύλῳ,
2976 4825 3280 4896 παραδηλοῖ
3327 4843 3380 4878 τι
3431 4825 3675 4879 τοιοῦτον
3718 4825 3800 4890 ὥς

2204 4921 2269 4989 γέ
2297 4936 2387 4990 μοι
2407 4919 2706 4972 δοκεῖ.⁶’οτι
2732 4919 2788 4972 δέ
2811 4919 3068 4988 ἀνόνητον
3120 4918 3391 4982 Ἰουδαίοις
3423 4917 3487 4972 τὸ
3513 4920 3575 4972 ἐκ
3595 4917 3688 4971 τοῦ
3709 4920 3801 4971 νό-

2208 5033 2310 5087 μου
2357 5014 2550 5082 γέγονε
2600 5010 2736 5081 φῶς,
2779 5013 3035 5083 σαφηνιεῖ
3078 5011 3250 5081 λέγων
3285 5012 3449 5076 αὐτὸς
3496 5013 3525 5065 ὁ
3567 5013 3796 5083 Σωτήρ·

2202 5125 2222 5157 ι
2273 5105 2558 5176 Ἐρευνᾶτε
2592 5103 2689 5165 τὰς
2716 5102 2936 5174 Γραφᾶς
2963 5102 3046 5156 ὅτι
3085 5102 3244 5172 ὑμεῖς
3271 5102 3476 5156 δοκεῖτε
3519 5104 3576 5155 ἐν
3603 5103 3799 5167 αὑταῖς

2198 5198 2345 5270 ζωὴν
2389 5198 2605 5252 αἰώνιον
2642 5198 2815 5269 ἔχειν·
2847 5197 2940 5252 καὶ
2980 5197 3186 5251 ἐκεῖναί
3219 5198 3358 5251 εἰσιν
3392 5198 3449 5251 αἱ
3483 5194 3799 5269 μαρτυροῦ-

2201 5307 2292 5343 σαι
2334 5290 2466 5361 περὶ
2515 5289 2673 5362 ἐμοῦ.
2717 5291 2826 5344 Καὶ
2858 5291 2921 5343 ού
2957 5290 3141 5344 θέλετε
3186 5289 3362 5346 ἐλθεῖν
3410 5291 3548 5363 πρὸς
3584 5291 3676 5363 μέ,
3712 5292 3798 5346 ἵνα

2200 5381 2348 5453 ζωὴν
2395 5382 2613 5436 αἰώνιον
2641 5381 2824 5454 ἔχητε.
2871 5401 2894 5434 1
2933 5383 3044 5438 Kal.
3086 5383 3205 5455 μεθ’
3238 5385 3402 5456 ἕτερα
3441 5384 3624 5444 πάλιν,
3659 5385 3798 5456 πρὸς

447 5489 456 5498 ·
511 5472 808 5544 perhibent
846 5471 915 5526 de
962 5487 1050 5528 me
1085 5489 1097 5525 :
1131 5480 1318 5527 etnon
1344 5471 1509 5527 vultis
1553 5473 1743 5528 venire
1789 5474 1858 5528 ad
1893 5490 2003 5540 me,
2039 5485 2092 5531 ul

2208 5475 2336 5536 τοὺς
2364 5473 2475 5526 τῶν
2513 5473 2782 5528 Ἰουδαίων
2829 5475 3171 5546 καθηγητὰς,
3215 5477 3308 5529 καὶ
3358 5475 3495 5547 πρὸς
3531 5477 3712 5532 πάντα
3741 5477 3798 5530 δέ

513 5565 680 5618 vitam
703 5571 963 5619 aeternam
999 5564 1247 5620 habeatis
1274 5566 1338 5618 ⁸⁷.
1367 5585 1383 5617 ι
1418 5565 1485 5619 Ει
1521 5575 1644 5635 post
1687 5581 1883 5636 pauca,
1907 5583 2092 5623 rursus

2207 5564 2298 5617 τὸν
2347 5563 2504 5618 λαόνο
2555 5585 2574 5618 ι
2606 5566 2698 5637 Μὴ
2731 5567 2940 5622 δοκεῖτε
2969 5570 3052 5623 ὅτι
3097 5568 3210 5637 ἐγὼ
3250 5571 3616 5642 κατηγορήσω
3642 5569 3797 5638 ὑμῶν

421 5674 445 5698 ο
511 5653 825 5713 Iudaeorum
876 5655 1166 5728 magistros
1231 5656 1627 5728 perstringens,
1708 5673 1773 5713 ac
1829 5659 2092 5730 populum

2209 5658 2346 5731 πρὸς
2394 5657 2486 5714 τὸν
2534 5659 2784 5733 Πατέρα·
2819 5661 2967 5717 ἔστιν
3013 5664 3041 5718 ὁ
3095 5663 3421 5736 κατηγορῶν
3461 5661 3614 5734 ὑμῶν
3666 5663 3797 5718 Mm-

591 5833 637 5867 ⁸⁸
663 5836 835 5894 Exod.
877 5855 956 5905 ιιι,
996 5838 1052 5906 2,
1091 5841 1142 5894 5.
1221 5842 1264 5874 ⁸⁷
1301 5843 1460 5899 Jcan.
1505 5862 1555 5908 v,
1588 5845 1676 5900 59.
