4096 6428
307 369 417 425 9.ὗὸ

304 486 450 556 σῆς,
507 489 595 558 ἐφ’
651 488 711 543 ὃν
753 491 912 562 ὑμεῖς
964 493 1269 562 ἠλπίκατε’

301 580 506 652 Μωσῇ,
557 582 878 637 ἐπιστεύετε
922 585 990 639 ἂν
1027 586 1170 656 ἐμοί’
1208 586 1474 658 περὶγὰρ
1522 583 1657 656 ἐμοῦ
1700 585 1905 645 ἐκεῖνος

300 673 574 743 ἔγραψεν.
607 676 672 728 Εἰ
701 675 760 729 δὲ
805 680 918 741 τοῖς
963 679 1174 733 ἐκείνου
1228 681 1468 752 ῥήμασιν
1499 679 1560 732 οὑ
1596 675 1904 739 πιστεύετε,

301 766 424 829 πῶς
468 770 587 832 τοῖς
618 769 773 852 ἐμοῖς
817 771 1026 842 ῥήμασι
1063 772 1424 839 πιστεύσετε;
1477 790 1496 825 ι
1527 770 1594 827 Οἱ
1629 771 1738 842 γὰρ
1769 769 1908 832 ὅλως

300 863 404 932 τὴν
433 862 528 915 διὰ
563 862 734 932 νόμου
773 865 1114 935 στοιχείωσιν
1145 865 1502 938 ἀμαθέστατα
1529 861 1907 933 διωθούμενοι,

301 953 424 1018 πῶς
446 955 521 1008 ἂν
543 954 874 1019 εἰσδέξαιντο
910 956 998 1012 διὰ
1025 957 1288 1028 Χριστοῦ,
1317 957 1413 1011 τοῦ
1457 955 1677 1021 τελείως
1698 951 1907 1024 ἀγαθοῦ

297 1047 399 1116 τὴν
433 1048 645 1116 γνῶσιν
674 1051 1036 1122 εἰσφέροντα;
1064 1051 1374 1122 Καιόμενον
1405 1050 1504 1121 μὲν
1535 1048 1767 1120 βλέπων,
1809 1065 1909 1102 κα-

297 1139 716 1212 ταφλεγόμενον
736 1142 796 1195 δὲ
826 1143 946 1215 οὐχὶ
965 1143 1056 1196 τὸν
1079 1142 1261 1213 βάτον,
1293 1142 1409 1197 ἀλλ’
1437 1142 1560 1196 οὐδὲ
1585 1142 1805 1196 εἴκοντα
1827 1137 1909 1210 τῷ

300 1231 462 1302 πυρὶ,
493 1231 860 1304 κατετεθήπει
889 1232 1076 1286 λοιπὸν
1100 1233 1129 1286 6
1190 1232 1461 1305 μακάριος
1487 1233 1715 1302 Μωσῆς,
1745 1229 1797 1284 τί
1827 1230 1912 1284 ὄτι

297 1321 360 1374 οὑ
387 1323 760 1377 κατακαίεται
785 1325 813 1378 6
841 1323 1026 1395 βάτος.
1047 1323 1444 1395 Καταπλαγείη
1474 1323 1584 1395 γὰρ
1617 1323 1683 1377 ἄν
1705 1340 1790 1387 τις
1808 1322 1907 1394 τῆς

295 1415 545 1469 εἰσάπαν
576 1416 942 1488 ἀναισθησίας
968 1417 1062 1470 τὸν
1105 1418 1345 1490 Ἰσραὴλ,
1379 1420 1428 1472 οἰ
1467 1416 1813 1488 συλλήπτορά
1845 1432 1906 1469 τε

294 1507 396 1560 καὶ
418 1507 650 1578 ἀρωγὸν
683 1509 778 1563 τὸν
806 1509 959 1582 παρὰ
997 1511 1133 1565 Θεοῦ
1167 1510 1452 1583 δεξάμενοι
1484 1510 1670 1582 νόμον,
1702 1507 1908 1564 καὶτὸν

292 1599 360 1652 δι’
410 1600 588 1654 αὑτοῦ
624 1603 911 1674 φωτισμὸν
963 1603 1394 1676 πλουτήσαντες,
1445 1599 1567 1658 εἶτα
1607 1602 1767 1672 λόγου
1803 1619 1909 1674 μη-

290 1692 449 1758 δενὸς
491 1694 782 1762 ἀξιοῦντες
829 1696 891 1751 τὸ
933 1697 1150 1770 χρῆμα,
1202 1699 1340 1770 μήτε
1384 1698 1491 1770 μὴν
1535 1699 1617 1762 εἰς
1651 1695 1777 1752 νοῦν
1812 1697 1908 1751 καὶ

290 1785 537 1856 καρδίαν
580 1788 1014 1862 εἰσοικισάμενοι
1048 1791 1110 1844 τὸ
1146 1790 1322 1857 δοθὲν,
1361 1790 1695 1862 ἁνωφέλητοι
1733 1803 1908 1862 μεμε-

1064 377 1153 432 DE
1192 373 1639 432 ADORATIONE
1682 371 1749 428 IN
1789 370 2061 427 SPIBITU
2098 369 2186 425 ET
2227 369 2613 427 VERITATE.
2658 369 2789 425 LIB.
2833 370 2900 425 II.

1319 494 1371 547 εἰ
1427 494 1537 565 γὰρ
1581 491 1899 546 ἐπιστεύετε

2008 489 2338 544 universum
2371 509 2383 544 :
2421 509 2437 541 ι
2473 489 2658 545 Nolite
2678 499 2895 560 putare,
2928 489 3132 560 inquit,
3160 488 3291 560 quia
3311 502 3412 558 ego
3443 502 3612 542 accn-

3505 367 3615 424 93$

2011 591 2229 637 saturus
2245 595 2364 635 sum
2377 595 2474 636 vos
2489 581 2634 651 apud
2647 582 2862 638 Patrem
2881 599 2893 635 :
2909 589 2994 636 est
3006 580 3099 652 qui
3122 585 3344 636 accusat
3357 591 3453 636 vos
3463 578 3610 650 Moy-

2009 689 2118 739 ses,
2139 674 2194 728 in
2208 690 2318 744 quo
2331 676 2626 744 sperastis;
2648 677 2694 730 si
2726 675 2874 731 enim
2893 675 3194 731 crederetis
3205 673 3397 747 Moysi,
3417 673 3611 730 crede-

2009 766 2144 821 retis
2158 766 2386 822 forsitan
2409 775 2465 822 et
2483 767 2619 821 mihi
2636 784 2650 834 ;
2669 767 2738 823 de
2759 783 2847 822 me
2872 768 3020 822 enim
3042 766 3135 822 ille
3158 763 3484 836 scripsit..Si
3510 779 3609 820 au-

2008 870 2120 918 tem
2156 859 2527 915 illiuslitteris
2553 875 2665 914 non
2691 859 2939 925 creditis,
2963 858 3242 930 quomodo
3261 857 3448 913 verbis
3465 856 3606 914 meis

2009 953 2248 1009 credetis
2273 951 2409 1004 δεῖ»
2469 950 2576 1018 Qui
2621 951 2772 1007 enim
2823 951 3046 1021 penitus
3101 950 3240 1021 legis
3290 948 3606 1006 rudimenta

2008 1045 2336 1102 stultissime
2361 1046 2690 1117 rejecerant,
2722 1045 2762 1099 ii
2794 1059 3032 1115 quanam
3093 1043 3308 1099 ratione
3342 1041 3607 1113 perfecta)

2009 1138 2233 1193 virtutis
2288 1137 2684 1210 cognitionem,
2742 1136 2968 1193 Christo
3021 1135 3293 1201 tradente,
3349 1134 3606 1205 percipe-

2008 1228 2331 1286 rent?Cum
2368 1229 2536 1300 igitur
2588 1228 2782 1283 ardere
2829 1227 3056 1298 quidem
3114 1227 3313 1282 rubum
3364 1225 3604 1290 videret,

2008 1323 2239 1378 minime
2302 1330 2488 1377 tamen
2541 1319 2815 1380 comburi.
2871 1326 3037 1389 atque
3098 1317 3237 1372 adeo
3290 1333 3361 1372 ne
3406 1316 3606 1372 cedere

2009 1414 2236 1486 quidem
2275 1413 2532 1479 ﬂammis,
2597 1410 2886 1484 obstupuit
2936 1411 3136 1466 beatus
3181 1409 3412 1481 Moyses,
3445 1407 3604 1478 quid.

2007 1523 2138 1564 nam
2174 1517 2343 1574 esset,
2383 1506 2533 1578 quod
2581 1522 2695 1562 non
2755 1503 3180 1560 combureretur
3223 1501 3415 1556 rubus.
3463 1498 3604 1554 Nam

2009 1616 2288 1658 summum
2341 1600 2562 1657 Israelis
2625 1607 2907 1670 stuporem
2965 1595 3228 1652 admirari
3284 1595 3435 1658 licet,
3481 1590 3602 1661 qui,

2009 1710 2136 1750 eum
2168 1692 2462 1748 fautricem
2513 1689 2950 1761 adjutricemque
2991 1703 3021 1742 a
3081 1686 3195 1741 Deo
3229 1685 3408 1755 legem
3437 1696 3602 1737 acce-

2009 1787 2237 1858 pissent,
2290 1787 2518 1856 ejusque
2562 1783 2701 1855 legis
2750 1780 3118 1837 illustratione
3166 1777 3328 1833 ditati
3385 1783 3601 1838 essent,

289 1880 535 1950 νήκασι·
590 1881 786 1955 νεκρὸς
843 1882 955 1955 γάρ
1007 1882 1196 1955 ὥσπερ
1256 1883 1442 1948 αὑτοῖς
1508 1881 1736 1954 εἰκότως
1795 1881 1891 1936 καί⁸

2004 1894 2116 1935 rem
2151 1885 2358 1933 tantam
2405 1877 2559 1932 nullo
2600 1876 2724 1931 loco
2763 1874 3104 1937 habuerunt,
3172 1884 3357 1941 neque
3393 1868 3602 1924 donum

288 1973 698 2046 άπεψυγμὲνος
735 1979 766 2031 6
794 1979 920 2044 νοῦς
941 1996 955 2010 ·
998 1980 1142 2034 εἴποι
1182 1981 1228 2034 δ’
1265 1981 1331 2036 ἄν
1363 1999 1450 2045 τις
1477 1980 1573 2035 καὶ
1604 1979 1692 2034 ἐπ’
1715 1979 1900 2042 αὑτοῖς

2008 1971 2114 2028 hoc
2146 1971 2206 2026 in
2258 1970 2462 2026 mentis
2489 1968 2786 2039 cordisque
2837 1964 3119 2021 domicilio
3151 1962 3600 2024 collocaverunt;

289 2066 527 2130 εἰκότως
555 2084 570 2097 ο
605 2069 673 2122 Τί
721 2072 803 2124 ὅτι
842 2072 904 2125 ού
946 2073 1308 2127 κατακαίεται
1337 2075 1365 2126 6
1397 2071 1595 2145 βάτοςς
1624 2067 1660 2144 ἦ
1699 2070 1808 2142 γὰρ
1832 2069 1900 2125 ἂν

2011 2066 2195 2137 itaque
2231 2064 2441 2120 nullam
2474 2061 2771 2118 utilitatem
2805 2076 2873 2116 ex
2906 2075 2970 2115 ea
2993 2061 3366 2128 perceperunt
3393 2071 3405 2106 :
3447 2066 3603 2106 mor—

289 2157 550 2225 ἐγένοντο
580 2158 704 2229 μεθ’
726 2160 887 2232 ἡμῶν
915 2161 996 2233 τῷ
1023 2162 1297 2233 πνεύματι
1332 2160 1569 2226 ζέοντες.

2011 2167 2142 2215 tuus
2169 2159 2318 2214 enim
2349 2163 2433 2213 est
2459 2155 2606 2227 apud
2631 2155 2776 2219 illos,
2808 2152 3091 2216 nimirum,
3134 2157 3302 2220 atque
3329 2142 3604 2203 exanimis

287 2246 598 2318 Scriptura:
655 2231 853 2306 sensus
891 2268 904 2304 :
967 2231 1176 2322 neque
1215 2250 1453 2329 absurde
1514 2250 1583 2306 de
1636 2249 1744 2306 illis
1788 2248 1898 2305 dici
1937 2257 2138 2318 potest,
2183 2247 2331 2318 quod
2351 2246 2580 2302 minime
2609 2244 2969 2300 comburatur
3020 2239 3229 2305 rubus;
3259 2238 3368 2311 63
3391 2231 3602 2306 alioqui

289 2345 593 2404 nobiscum
627 2353 817 2401 essent
839 2347 1042 2419 spiritu
1066 2347 1364 2405 ferventes.

361 2441 585 2493 HAAA.
619 2435 698 2495 Εὖ
730 2441 889 2514 ἔφης.

356 2531 533 2587 ΚΥΡ.
593 2533 781 2588 Ἐοικε
827 2534 887 2587 δὲ
938 2536 1034 2590 καί
1088 2535 1294 2609 ἐτέρων
1349 2537 1484 2608 ἡμῖν
1538 2534 1755 2590 ἐννοιῶν
1803 2536 1904 2590 οὐκ

2074 2437 2271 2494 PALL.
2301 2435 2520 2507 Optime
2554 2434 2790 2490 dictum.

2073 2531 2232 2589 (ΠΒ.
2272 2529 2506 2585 Videtur
2562 2535 2748 2583 autem
2795 2525 3029 2580 aliorum
3053 2536 3274 2592 quoque
3310 2535 3598 2584 sensuum,

286 2624 481 2696 ἀμαθῆ
529 2625 770 2699 θεωρίαν
803 2627 1127 2698 ὑποφαίνειν
1155 2629 1217 2683 τὸ
1249 2629 1461 2702 χρῆμα.
1491 2628 1762 2684 Μέλλουσι
1795 2626 1903 2700 γὰρ

2004 2641 2115 2684 non
2167 2625 2408 2696 ineptam
2467 2620 2888 2691 intelligentiam
2942 2617 3050 2672 hoc
3094 2614 3303 2671 factum
3364 2613 3601 2668 latenter

285 2713 390 2785 ήδη
439 2714 560 2778 τοῖς
591 2715 652 2778 ἐξ
712 2717 934 2790 Ἰσραὴλ
980 2721 1085 2789 γῆς
1127 2719 1227 2790 τῆς
1272 2719 1588 2788 Αἰγυπτίων
1620 2717 1905 2789 ἀπαίρειν,

287 2806 385 2859 καὶ
419 2803 538 2861 οἷον
585 2806 802 2863 οὐδέπω
847 2809 941 2864 τὸν
977 2810 1078 2881 τῆς
1125 2811 1451 2884 ἁνεθελήτου
1501 2809 1724 2883 θητείας
1764 2811 1901 2866 ἀπο-

290 2898 542 2951 σείεσθαι
572 2899 761 2968 ζυγὸν,
788 2899 963 2955 διάτοι
990 2902 1149 2958 τοῦτο
1183 2906 1304 2970 ταῖς
1331 2905 1425 2958 τοῦ
1453 2905 1780 2978 κρατοῦντος
1819 2903 1901 2960 ἔτι

289 2989 672 3062 προσκρούειν
721 2991 917 3063 ὀργαῖς
971 2997 1196 3066 σημεῖον
1229 2995 1400 3050 ὲδξδου
1430 2998 1564 3063 Θεὸς
1593 2999 1654 3053 τὸ
1685 2999 1778 3055 ἐπὶ
1805 2997 1898 3053 τοῦ

291 3081 459 3152 βάτου
485 3083 773 3155 δρώμενον
795 3101 808 3116 ’
837 3086 919 3139 ὅτι
945 3087 1039 3140 καὶ
1069 3088 1237 3142 αὑτοῦ
1261 3089 1435 3162 πυρὸς
1464 3091 1722 3162 ἀμείνους
1751 3091 1901 3144 ἔσονι

2004 2717 2296 2775 ostendere
2335 2733 2347 2770 :
2387 2711 2650 2770 lsraelitis
2680 2710 2850 2776 enim,
2891 2723 3016 2764 cum
3059 2707 3170 2778 jam
3205 2720 3274 2759 ex
3309 2701 3598 2775 Egyptia-

2009 2827 2132 2867 rum
2155 2816 2300 2865 terra
2324 2801 2625 2877 profecturi
2653 2808 2862 2867 essent,
2902 2814 2965 2854 ac
2991 2797 3155 2869 paulo
3177 2803 3302 2867 post
3328 2793 3600 2867 abjecturi

2003 2910 2214 2960 coactae
2255 2897 2541 2955 servitutis
2583 2896 2800 2968 iugum,
2845 2905 3084 2962 cumque
3121 2889 3193 2944 ob
3217 2903 3340 2943 eam
3377 2901 3607 2942 causam

2007 2993 2256 3049 futurum
2290 2995 2438 3046 esset
2477 2995 2540 3042 ut
2583 2985 2695 3042 iras
2733 2981 3006 3055 principis
3043 2983 3492 3041 commoverent,
3542 2975 3601 3029 in

2007 3085 2166 3155 cujus
2200 3080 2383 3136 adhuc
2435 3077 2647 3133 ditione
2694 3081 2875 3138 erant,
2909 3069 3146 3144 prodigii
3176 3070 3300 3124 loco
3352 3064 3602 3123 ostendit

289 3190 378 3227 ται
412 3175 580 3239 πολὺ,
617 3176 714 3230 καὶ
750 3178 865 3240 τοῖς
893 3175 1101 3232 ἀδικεῖν
1157 3157 1432 3251 ἰσχύουσιν
1469 3157 1569 3254 οὑχ
1609 3181 1901 3254 ἁλώσιμοι,

2006 3177 2155 3232 Deus
2189 3172 2346 3238 illud,
2389 3170 2538 3241 quod
2564 3168 2832 3240 agebatur
2854 3166 2914 3221 in
2943 3164 3110 3228 rubo,
3156 3177 3268 3233 quo
3296 3157 3599 3230 portende-

290 3263 442 3318 κατά
459 3283 524 3334 γε
549 3266 633 3330 τὸ,
653 3262 827 3338 οἶμαι,
853 3267 1173 3340 θεοπρεπῶς
1193 3271 1483 3342 εἰρημένον
1502 3287 1517 3304 ο
1542 3290 1561 3324 ι
1589 3273 1682 3346 Μὴ
1709 3271 1900 3342 φοόοῦ,

207 3412 212 3415 ,
291 3357 375 3410 ὃτι
413 3357 562 3428 μετὰ
604 3357 699 3412 σοῦ
727 3361 864 3431 εἰμι.
892 3359 1029 3429 Φλὸξ
1067 3362 1128 3416 οὑ
1162 3361 1502 3418 κατακαύσει
1547 3381 1628 3431 σε,
1664 3365 1903 3435 ποταμοὶ

289 3450 354 3504 οὑ
392 3450 785 3506 συγκλείσουσί
817 3471 902 3509 σε.
944 3474 964 3509 ι

365 3728 586 3782 ΠΑΛΔ.
620 3725 847 3802 Εὑφυὴς
877 3732 906 3786 6
935 3731 1114 3802 λόγος.

362 3819 536 3874 ΚΥΡ.
572 3821 786 3876 Οὐκοῦν
815 3823 1077 3896 ὲτεθήπει
1111 3824 1212 3895 μὲν
1237 3817 1342 3878 ὦδε
1367 3824 1428 3878 τὸ
1457 3825 1640 3894 ὅραμα
1661 3821 1896 3894 Μωσῆς·

287 3911 386 3964 καὶ
420 3911 487 3982 δὴ
519 3912 619 3965 καὶ
646 3913 906 3985 προσέθει
939 3915 1000 3969 τὸ
1021 3914 1194 3987 ἀγχοῦ
1236 3914 1490 3985 γενέσθαι
1515 3913 1717 3970 ποθῶν.
1750 3934 1768 3966 ι
1813 3914 1905 3978 Ὠς

288 4002 348 4056 δὲ
395 3997 529 4066 εἶδε,
569 4006 727 4075 φησι,
765 4005 972 4078 Κύριος
1003 4009 1086 4063 ὅτι
1133 4008 1404 4080 προσάγει
1450 4008 1608 4072 ἰδεῖν,
1642 4005 1901 4059 ἐκάλεσεν

288 4095 459 4148 αὑτὸν
501 4097 571 4148 ὲκ
615 4097 712 4152 τοῦ
763 4097 950 4168 βάτου,
977 4100 1188 4171 λέγων·
1224 4099 1437 4171 Μωσῆ,
1486 4098 1682 4168 Μωσῆ.
1739 4099 1800 4149 '0
1841 4096 1900 4150 δὲ

290 4179 412 4239 εἷπε
433 4199 447 4211 ·
481 4186 550 4240 Τί
581 4188 729 4256 itm;
756 4189 852 4262 Μὴ
881 4191 1112 4264 ὲγγίσῃς
1137 4185 1263 4257 ὧδε,
1284 4190 1446 4245 λύσαι
1468 4191 1530 4244 τὸ
1558 4190 1812 4261 ὑπόδημα
1835 4189 1900 4241 ὲκ

287 4276 399 4330 τῶν
443 4278 632 4331 ποδῶν
666 4297 784 4344 σου,
816 4283 846 4335 6
879 4283 988 4354 γὰρ
1013 4283 1201 4348 τόπος,
1236 4285 1294 4339 ἐν
1335 4276 1380 4352 ᾧ
1421 4284 1485 4337 σὺ
1517 4283 1777 4353 ἕστηκας,
1830 4282 1899 4353 γῆ

288 4368 426 4435 ἁγία
457 4370 598 4424 ἐστί.
643 4389 662 4422 ι
696 4373 884 4443 Νόμου
916 4375 973 4429 δὲ
1010 4375 1180 4440 τύπος
1218 4378 1351 4448 ἡμῖν
1379 4377 1407 4430 6
1439 4375 1711 4446 μακάριος
1746 4374 1898 4428 ἔσται

288 4463 532 4531 Μωσῆς·
566 4481 584 4514 ι
614 4465 824 4520 Μωσὲα
846 4467 956 4539 γὰρ
979 4467 1164 4538 ἔχουσι
1190 4469 1434 4532 καὶτοὺς
1459 4468 1766 4541 προφήτας,
1796 4486 1815 4519 ι
1841 4467 1900 4520 ὲν

293 4554 680 4624 ιὺαγγελικοίς
711 4556 1049 4630 θεσπίσμασί
1075 4577 1241 4632 φησιν
1273 4562 1302 4614 6
1323 4561 1594 4633 μακάριος
1622 4560 1894 4633 Ἀϐραάυ..

294 4641 387 4712 Μή
414 4661 532 4712 πως
559 4649 827 4702 ἀπίθανόν
853 4667 934 4704 σοι
964 4650 1026 4704 τὸ
1053 4651 1206 4723 ῥῆμα
1229 4651 1412 4718 δοκεῖ;

335 4819 586 4920 -IIAAA.
626 4823 701 4875 Οὐ
737 4825 838 4895 μὲν
870 4827 996 4886 οὖν’
1029 4832 1196 4904 νόμου
1231 4833 1337 4903 γὰρ
1379 4833 1670 4903 πρόσωπον
1703 4835 1732 4888 ὁ
1772 4834 1904 4888 Μω-

300 4927 424 4981 σης.

370 5005 545 5059 ΚΥΡ.
583 5007 867 5080 Κέκληται
894 5011 1076 5068 τοίνυν
1105 5015 1134 5067 6
1181 5015 1419 5088 Ἰσραὴλ,
1451 5015 1546 5071 καὶ
1581 5016 1616 5088 ὴ
1639 5013 1783 5070 κατὰ
1814 5015 1905 5070 νό-

297 5116 400 5168 μον
443 5099 542 5152 καὶ
582 5100 687 5154 ὑπὸ
727 5103 894 5174 νόμον
938 5105 1128 5179 ἀγέλη.
1172 5127 1191 5160 ι
1229 5109 1437 5181 Κύριος
1471 5109 1605 5182 γὰρ,
1650 5127 1668 5161 ι
1719 5108 1905 5178 φησὶν.

298 5205 317 5237 ι
364 5191 395 5241 6
439 5187 577 5255 Θεὸς
619 5191 728 5246 τῶν
772 5195 1042 5268 Ἐϐραίων
1088 5198 1460 5271 προκέκληται
1492 5200 1661 5271 ἡμᾶς.
1721 5215 1739 5250 ι
1789 5188 1902 5250 Καὶ

293 5276 584 5350 ὑπήκουσε
617 5283 716 5353 μὲν
749 5284 830 5356 τῷ
859 5287 1116 5342 καλοῦντι
1142 5287 1281 5361 Θεῷ,
1321 5289 1466 5344 καθὰ
1492 5292 1587 5345 καὶ
1611 5289 1640 5342 6
1667 5287 1896 5358 Μωσῆς·

299 5388 318 5422 ι
353 5371 549 5426 Πάντα
573 5375 684 5446 γὰρ
709 5377 812 5431 ὅσα
839 5373 963 5433 εἷπε
991 5381 1198 5454 Κύριος
1220 5385 1248 5436 ὁ
1277 5381 1432 5450 Θεὸς,
1455 5383 1778 5454 ποιήσομεν,
1806 5378 1902 5433 καὶ

293 5461 673 5535 ἀκουσόμεθα.
706 5487 726 5521 t
764 5469 985 5543 Ἐπειδὴ
1013 5473 1071 5526 δὲ
1097 5475 1310 5544 καὶτῆς
1341 5473 1485 5529 κατὰ
1503 5475 1667 5544 νόμον
1694 5473 1898 5525 ὑποτα-

255 5597 258 5599 λ
292 5555 399 5626 γῆς
431 5558 466 5629 ἡ
487 5557 719 5632 δύναμις
748 5563 850 5636 οὐχ
874 5565 1033 5640 ἱκανὴ
1057 5568 1194 5640 πρὸς
1226 5567 1494 5639 κάθαρσιν
1513 5608 1528 5636 ,
1556 5587 1575 5621 ι
1598 5564 1901 5621 ’Ἀδύνατον

293 5654 408 5727 γὰρ
436 5649 582 5727 αἷμα
621 5661 842 5734 ταύρων
872 5665 969 5718 καὶ
1009 5665 1227 5737 τράγων
1257 5666 1508 5737 ὑφαιρεῖν
1537 5662 1829 5736 ἁμαρτίας’
1877 5677 1895 5711 ³

299 5851 421 5898 Inv
477 5843 532 5896 '5.

633 5939 907 5999 PATROI..
952 5939 1068 5997 Gn.
1115 5938 1376 5997 LXVIII.

2006 3278 2163 3325 retur
2195 3266 2321 3321 illos
2344 3264 2431 3319 vel
2460 3263 2587 3335 igne
2616 3261 2738 3332 ipso
2766 3260 2929 3330 longe
2989 3255 3304 3328 superiores
3351 3251 3596 3315 futuros,

2005 3373 2184 3429 neque
2208 3356 2277 3412 ab
2313 3355 2381 3411 iis
2422 3351 2835 3425 expugnandos,
2862 3348 2958 3420 qui
2999 3347 3202 3403 inferre
3237 3350 3466 3416 possent
3509 3340 3598 3396 in-

1999 3438 2225 3523 juriam,
2256 3449 2414 3520 juxta
2433 3445 2594 3510 illud,
2627 3444 2848 3516 opinor,
2883 3440 3033 3513 quod
3079 3437 3348 3494 divinitus
3386 3433 3600 3490 dictum

2004 3553 2090 3600 est
2126 3561 2138 3597 :
2171 3562 2189 3595 ι
2243 3542 2323 3598 Ne
2352 3541 2570 3605 timeas,
2614 3537 2880 3610 quoniam
2939 3544 3125 3590 tecum
3163 3546 3288 3586 sum
3327 3546 3342 3583 :
3378 3527 3599 3582 ﬂamma

2005 3650 2118 3689 non
2137 3641 2334 3688 exuret
2359 3639 2432 3696 te,
2463 3629 2695 3685 ﬂumina
2717 3642 2830 3682 non
2861 3622 3189 3694 cooperient
3209 3628 3264 3676 te
3287 3617 3354 3672 ⁸⁸.
3393 3636 3411 3670 ι

2074 3721 2273 3777 PALL.
2311 3716 2600 3791 Ingeniosa
2628 3714 2926 3790 expositio.

2073 3810 2232 3867 ΟΥΕ.
2257 3811 2446 3882 Itaque
2467 3809 2703 3881 Moyses,
2725 3809 2832 3862 hoc
2852 3801 3168 3876 spectaculo
3201 3799 3490 3865 attonitus,
3513 3797 3602 3853 vi-

2004 3904 2172 3961 dendi
2217 3903 2402 3960 studio
2437 3903 2666 3974 propius
2704 3898 2948 3956 accurrit
2987 3913 3000 3951 :
3047 3914 3066 3947 ι
3111 3889 3185 3952 Ut
3217 3901 3401 3948 autem
3459 3890 3604 3946 vidit

2002 3987 2288 4063 Dominus,
2327 3997 2525 4067 inquit,
2552 3994 2699 4066 quod
2736 3991 3137 4064 pr0pinquaret
3181 3984 3250 4040 ad
3266 3983 3598 4050 videndum,

2003 4090 2219 4146 vocavit
2262 4104 2391 4144 eum
2440 4087 2508 4142 de
2536 4086 2678 4140 rubo
2713 4085 2906 4139 dicens
2941 4100 2954 4136 :
2985 4081 3218 4152 Moyses,
3244 4076 3475 4148 Moyses.
3503 4075 3602 4131 Ille

2003 4190 2189 4237 autem
2217 4177 2506 4250 respondit
2538 4195 2551 4230 ι
2576 4175 2719 4243 Quid
2753 4174 2875 4229 est?
2893 4172 2962 4227 At
2982 4168 3075 4225 ille
3099 4166 3271 4223 dixit:
3297 4165 3375 4220 Ne
3397 4178 3601 4235 appro-

2003 4273 2124 4344 pies
2155 4272 2266 4327 huc
2304 4290 2315 4324 :
2346 4271 2497 4327 solve
2556 4269 2994 4324 calceamentum
3056 4259 3125 4318 de
3161 4258 3402 4332 pedibus
3450 4256 3598 4322 tuis;

2002 4365 2158 4420 locus
2213 4363 2385 4429 enim,
2429 4363 2488 4417 in
2535 4377 2645 4433 quo
2680 4368 2740 4414 tu
2766 4368 2900 4425 stas,
2949 4368 3099 4414 terra
3125 4363 3313 4414 sancta
3335 4360 3420 4408 est
3451 4351 3521 4405 ⁸ο.
3573 4370 3592 4402 ι

2003 4455 2167 4528 Legis
2218 4470 2385 4528 porro
2437 4451 2666 4525 ﬁguram
2747 4452 2947 4507 beatus
2998 4449 3215 4522 Moyses
3279 4445 3503 4502 tenebat
3561 4456 3591 4509 _:

1931 4521 1976 4577 θ
2012 4568 2031 4601 ι
2071 4521 2294 4622 Moysen
2342 4521 2546 4618 quippe
2581 4545 2790 4600 habent
2855 4559 2919 4598 ac
2947 4521 3245 4614 prophetas
3293 4542 3400 4606 ο¹,›
3442 4538 3519 4592 ait
3543 4537 3624 4593 in,

2004 4639 2338 4712 evangelicis
2385 4637 2628 4695 oraculis
2676 4636 2768 4692 ille
2817 4636 3016 4692 beatus
3058 4625 3357 4690 Abraham.
3390 4631 3474 4686 An
3499 4629 3600 4685 tibi

2007 4733 2112 4790 hoc
2151 4732 2359 4788 dictum
2406 4727 2772 4801 improbabile
2813 4727 3072 4782 videtur?

2074 4823 2274 4879 PALL.
2295 4821 2521 4877 Minime
2547 4836 2681 4877 vero
2716 4840 2729 4875 :
2757 4821 2896 4892 legis
2923 4820 3072 4877 enim
3096 4835 3390 4893 personam
3424 4820 3596 4875 susti-

2004 4925 2104 4974 net
2133 4917 2367 4989 Moyses.
3373 4895 3377 4899 ’

2075 5006 2236 5064 CYR.
2267 5008 2510 5064 Vocatus
2547 5013 2632 5062 est
2672 5005 2842 5079 igitur
2872 5003 3062 5068 Israel,
3097 5009 3154 5058 e‘t
3189 5003 3280 5058 ille
3333 5019 3465 5074 grex
3501 5006 3598 5074 qui

2005 5100 2313 5156 secundum
2348 5101 2524 5173 legem
2568 5099 2813 5163 vivebat,
2851 5107 2908 5153 et
2945 5095 3048 5152 sub
3087 5096 3208 5168 lege
3247 5106 3384 5151 erat.
3426 5115 3444 5147 ‹
3486 5098 3595 5154 Do-

2004 5192 2190 5248 minus
2225 5191 2395 5258 enim,
2442 5211 2461 5243 ›
2495 5191 2694 5261 inquit,
2735 5209 2753 5239 ι
2788 5189 2934 5244 Deus
2973 5186 3330 5242 Hebraeorum
3378 5187 3600 5244 vocavit

2004 5300 2108 5340 nos
2121 5285 2188 5338 θ’.
2213 5303 2231 5335 ι
2249 5282 2430 5354 Atque
2441 5280 2664 5337 vocanti
2683 5280 2797 5335 Deo
2817 5277 3050 5334 audiens
3065 5276 3172 5332 fuit
3189 5277 3435 5348 quidem,
3456 5278 3600 5335 sicut

2005 5384 2062 5432 et
2098 5375 2312 5448 Moyses
2351 5392 2364 5428 :
2409 5393 2428 5426 ι
2479 5372 2675 5430 Omnia
2717 5372 2888 5437 enim,
2933 5369 3212 5440 inquiunt,
3253 5385 3597 5442 quaecunque

2008 5467 2210 5524 dixerit
2227 5467 2392 5532 Deus,
2420 5465 2706 5531 faciemus,
2734 5471 2791 5520 et
2818 5463 3106 5520 audiemus
3133 5457 3200 5518 ”.
3249 5482 3268 5516 ›
3316 5462 3444 5531 Sed,
3469 5465 3599 5536 quia

2007 5559 2200 5632 legalis
2214 5556 2545 5613 obedientia:
2569 5571 2682 5612 non
2696 5571 2762 5613 ea
2785 5555 2870 5611 vis
2885 5562 3026 5622 erat,
3068 5562 3129 5610 ut
3157 5554 3224 5610 ad
3250 5555 3596 5626 purgandum

2010 5652 2148 5709 satis
2166 5656 2318 5715 esset
2352 5666 2364 5702 :
2409 5667 2428 5701 ι
2469 5647 2819 5723 Impossibile
2853 5655 2940 5705 est
2976 5648 3125 5705 enim
3159 5647 3427 5720 sanguine
3468 5654 3594 5702 tau-

477 5772 526 5848 ξ⁸
552 5777 711 5836 Joan.
747 5797 800 5844 v,
830 5783 918 5840 45.
994 5782 1039 5815 ⁸⁸
1063 5783 1170 5839 lsa.
1201 5800 1352 5848 xuu,
1389 5783 1444 5838 5.
1520 5783 1566 5815 ⁹⁰
1597 5779 1770 5836 Exod.
1805 5794 1861 5834 ιιι

2004 5789 2133 5844 ,cqq.
2229 5765 2268 5798 ⁹¹
2294 5767 2425 5821 Luc.
2454 5783 2565 5831 xvi,
2621 5767 2712 5823 29.
2791 5769 2835 5800 ⁹²
2864 5765 3038 5823 Exod.
3070 5780 3150 5830 ιιι,
3181 5762 3268 5818 18.
3359 5761 3406 5794 ⁸³
3451 5756 3593 5816 Ibid.

3191 5927 3227 5984 8
