4096 6450
506 362 611 424 255

1529 363 1589 418 S.
1632 355 1907 419 CYRILLI
1947 363 2421 420 ΑιΕιιΑΝῡιιιΝι
2463 367 2784 423 ARCHIEP.

3673 365 3774 420 236

509 494 697 539 rorum
725 493 783 539 et
821 481 1102 538 hircorum
1130 479 1336 536 auferri
1376 489 1601 550 peccata
1623 481 1701 534 ’δε
1729 501 1746 535 ι
1773 481 1898 537 ideo
1934 483 2081 538 cohi-

2196 484 2440 555 εἴργεται
2469 486 2677 555 Μωσῆς
2705 484 3026 556 πλησιάζειν
3061 485 3182 555 Θεῷ
3202 501 3215 516 ο
3249 503 3268 536 ι
3301 483 3392 554 Μὴ
3417 481 3646 551 ὲγγῑσῃς
3669 480 3778 552 γὰρ

508 573 671 628 betur
704 572 914 644 Moyses
941 588 1010 628 ne
1037 570 1261 626 accedat
1296 568 1364 623 ad
1388 569 1597 625 Deum:
1623 588 1640 620 ‹
1663 569 1742 625 Ne
1772 572 2084 642 appropics,

508 666 710 736 inquit,
743 665 851 721 huc
883 665 949 718 ’⁵.
983 683 1000 716 ι
1047 662 1205 733 Legis
1233 663 1380 717 enim
1425 662 1639 718 viribus
1669 663 1885 733 egregia
1912 663 2088 718 virtus

509 756 648 813 adiri
671 771 782 812 non
808 763 990 826 potest
1019 772 1031 808 :
1057 769 1236 824 neque
1274 754 1364 808 illa
1388 769 1455 809 ex
1493 753 1662 826 Moysi
1702 754 1820 824 lege
1865 753 2087 807 vivendi

509 849 648 904 ratio
675 862 796 902 eam
841 845 1158 902 facultatem
1188 844 1428 899 habebat
1456 847 1588 914 'qua:
1630 844 1763 900 satis
1793 844 2086 898 admodum

507 943 674 1000 esset,
696 944 756 989 ut
785 935 1035 988 homines
1064 934 1131 989 ad
1155 936 1326 990 Deum
1353 934 1659 1005 perducere
1686 942 1892 1005 posset.
1928 935 2088 991 Chri-

509 1035 628 1080 stus
664 1025 813 1080 enim
859 1039 961 1079 nos
1003 1025 1081 1078 illi
1116 1024 1343 1078 exhibet
1394 1039 1493 1094 per
1536 1025 2021 1080 sanctiﬁcationem
2070 1043 2084 1080 :

507 1125 725 1173 sanctos
757 1117 962 1188 quippe
983 1131 1104 1172 esse
1153 1116 1312 1171 decet
1340 1132 1454 1180 eos,
1480 1117 1573 1187 qui
1600 1117 1713 1171 Deo
1743 1125 1933 1172 sancto
1956 1118 2088 1188 jun-

507 1209 670 1280 gendi
697 1217 859 1275 sunt;
896 1228 914 1261 ι
955 1209 1141 1264 Sancti
1181 1209 1328 1263 enim
1367 1209 1554 1274 eritis,
1595 1210 1792 1280 inquit,
1829 1209 2086 1280 quoniam

506 1318 610 1375 ego
643 1310 867 1359 sanctus
904 1317 1026 1358 sum
1066 1303 1130 1356 ".
1172 1321 1190 1353 ι
1232 1302 1394 1369 Quod
1430 1312 1612 1357 autem
1658 1303 1756 1358 illa
1783 1303 2086 1359 secundum

507 1394 683 1465 legem
722 1394 942 1449 vivendi
971 1394 1168 1462 forma,
1225 1411 1333 1450 non
1375 1395 1606 1451 omnino
1649 1396 1828 1451 aliena
1867 1404 2012 1452 esset
2056 1413 2089 1452 a

508 1485 690 1556 culpa,
737 1494 863 1540 mox
898 1485 1139 1552 edocuit,
1181 1501 1306 1541 cum
1369 1485 1538 1540 dixit:
1599 1505 1616 1538 ι
1666 1485 1826 1542 Solve
1872 1486 2087 1542 calcea-

506 1585 754 1632 mentum
770 1577 837 1633 de
853 1577 1089 1648 pedibus
1107 1578 1217 1634 tuis
1245 1577 1388 1650 τεῇ
1419 1579 1575 1634 locus
1611 1579 1782 1645 enim,
1803 1579 1859 1633 in
1885 1594 1997 1650 quo
2027 1589 2086 1633 tu

506 1675 639 1734 stas,
675 1677 822 1724 terra
839 1677 1026 1726 sancta
1063 1677 1148 1724 est
1171 1671 1234 1724 ⁸⁷.
1267 1689 1285 1721 ι
1331 1669 1839 1742 Solvere-namque
1873 1672 2089 1727 calcea~

507 1770 754 1817 mentum
779 1761 847 1817 de
866 1761 1006 1833 pede
1040 1763 1202 1834 jussit
1236 1762 1460 1835 Moysen
1491 1764 1646 1818 illum
1680 1781 1969 1821 sacrorum
1998 1766 2087 1822 in-

2187 570 2312 644 ὧδε,
2358 597 2375 628 ι
2414 578 2597 650 φησίν.
2643 579 2962 649 ’Δπρὸσιτον
2996 578 3104 648 γὰρ
3135 577 3224 630 διὰ
3248 577 3413 647 νόμου
3442 574 3502 628 τὸ
3531 572 3734 641 ἀγαθόν
3759 587 3777 606 ο

2193 670 2286 722 καὶ
2318 671 2415 740 τῆς
2441 671 2582 724 κατὰ
2619 665 2822 724 Μωσέα
2855 670 3132 733 πολιτείας
3164 670 3197 740 ἡ
3230 668 3458 738 δύναμις
3486 667 3584 736 οὐχ
3619 664 3776 734 ἱκανὴ

2189 761 2310 815 λίαν
2343 764 2422 825 εἷς
2459 779 2521 831 γε
2553 762 2614 814 τὸ
2649 761 3005 833 ἀποκομίζειν
3034 761 3292 816 δύνασθαι
3333 759 3410 830 τῷ
3451 759 3589 829 Θεῷ.
3627 759 3776 828 Παρ-

2191 853 2374 926 ίστησι
2409 855 2466 907 δὲ
2505 852 2653 923 αὐτῷ
2692 853 2758 905 δι’
2797 853 3068 924 ἀγιασμοῦ
3103 851 3358 924 Χριστός.
3417 850 3632 919 Ἀγίους
3666 849 3775 920 γὰρ

2190 941 2330 1002 εἶναι
2361 946 2563 1018 πρέπει
2599 947 2728 1009 τοὺς
2764 945 2844 1016 τῷ
2879 945 3022 1016 ἁγίῳ
3057 943 3176 1014 Θεῷ
3205 943 3498 997 κολλᾶσθαι
3537 941 3775 994 σπουδά-

2191 1037 2382 1102 ζοντας
2407 1054 2421 1068 ο
2461 1057 2481 1090 ι
2530 1038 2714 1107 Ἅγιοι
2749 1035 3103 1108 γὰρηὲσεσθε,
3143 1034 3330 1106 φησιν,
3363 1034 3443 1087 ὅτι
3479 1030 3589 1100 ἐγὼ
3621 1030 3777 1100 ἅγιός

2193 1131 2328 1199 εἰμι.
2355 1147 2372 1179 ι
2401 1129 2521 1181 ’Ὁτι
2547 1128 2603 1181 δέ
2634 1129 2734 1199 τῆς
2755 1127 2893 1182 κατὰ
2914 1126 3077 1197 νόμον
3104 1124 3378 1186 πολιτείας
3407 1123 3435 1175 ὁ
3461 1122 3656 1194 τρόπος
3677 1122 3779 1174 οὐκ

2190 1199 2490 1290 ἀμώμητος
2517 1219 2831 1282 παντελῶς,
2873 1217 3036 1280 εὐθὺς
3071 1214 3330 1281 ἐδίδαξεν,
3365 1212 3564 1267 εἰπών’
3607 1232 3626 1264 ι
3667 1210 3779 1266 Λύ-

2193 1327 2282 1365 σαι
2306 1311 2366 1364 τὸ
2396 1311 2650 1382 ὑπόδημα
2672 1313 2736 1364 ἐκ
2762 1309 2873 1362 τῶν
2899 1309 3076 1362 ποδῶν
3103 1325 3198 1361 σου
3222 1323 3234 1336 ·
3259 1310 3288 1360 ὁ
3314 1306 3423 1378 γὰρ
3443 1305 3626 1369 τόπος,
3648 1306 3704 1356 ἐν
3732 1296 3780 1372 ᾧ

2197 1405 2260 1457 σὺ
2288 1403 2547 1474 ἕστηκας,
2573 1403 2642 1473 γῆ
2683 1404 2816 1471 ἁγία
2849 1401 3017 1455 ἐστίν.
3053 1420 3072 1453 ι
3119 1398 3402 1453 Ἀπολύειν
3421 1397 3530 1468 γὰρ
3558 1397 3618 1448 τὸ
3645 1395 3782 1448 ὑπό-

2190 1495 2340 1567 δημα
2375 1495 2710 1566 προστέταχε
2751 1493 2846 1548 τοῦ
2876 1495 3034 1557 ποδὸς
3064 1493 3153 1548 τὸν
3189 1493 3512 1564 ἱεροφάντην
3548 1488 3777 1555 Μωσέα,

2191 1587 2344 1642 οὔπω
2381 1588 2648 1658 καθαρὰν,
2683 1587 2804 1642 οὐδὲ
2827 1587 2936 1641 τῶν
2958 1587 3067 1642 ἀπὸ
3100 1585 3306 1658 φθορᾶς
3335 1585 3429 1639 καὶ
3453 1584 3780 1655 νεκρότητος,

2192 1678 2369 1752 ἐργων
2394 1680 2625 1734 εἰσάπαν
2653 1679 3100 1750 ἀπηλλαγμένην,
3134 1681 3233 1750 τῆς
3262 1676 3402 1732 κατά
3431 1676 3594 1746 νόμον
3627 1673 3782 1743 ζωῆς

2191 1774 2293 1847 τὴν
2331 1774 2556 1846 πορείαν
2594 1773 2949 1838 ἀποδεικνδς,
2999 1772 3108 1827 ἀπὸ
3139 1771 3196 1826 δὲ
3239 1770 3340 1841 τῆς
3381 1767 3510 1840 παρ’
3546 1765 3780 1836 Ἕλλησι

507 1852 826 1910 stitutorum
843 1854 1220 1925 interpretem,
1260 1855 1558 1912 ostendens
1576 1882 1581 1888 -
1599 1857 1845 1912 nondum
1871 1874 2081 1929 purum

2196 1865 2481 1939 συνηθείας
2523 1868 2553 1920 ὁ
2592 1865 2734 1930 θεῖος
2775 1867 2908 1938 ἡμῖν
2948 1863 3265 1919 ἐπαιδεύετο
3306 1861 3545 1932 Μωσῆς,
3575 1861 3660 1913 ὅτι
3695 1858 3780 1928 μὴ

504 1961 646 2013 esse,
672 1961 850 2018 neque
884 1946 1110 2001 omnino
1142 1961 1173 2000 a
1216 1947 1602 2017 corruptione,
1641 1963 1706 2002 ac
1739 1959 2087 2004 mortuorum

504 2056 734 2112 operum
759 2040 1023 2112 qualitate
1046 2040 1302 2106 liberum,
1333 2042 1460 2096 vitae
1498 2041 1668 2107 illius,
1696 2059 1822 2114 quae
1866 2045 2086 2117 exlege

503 2131 826 2198 ducebatur,
867 2132 1139 2188 incessum
1174 2149 1188 2185 :
1231 2133 1286 2187 in
1327 2147 1438 2203 quo
1459 2141 1642 2188 autem
1677 2135 1928 2206 reliquiae
1960 2152 2088 2193 cor-

504 2226 775 2298 rup‘tionis
797 2240 861 2281 ac
895 2225 1250 2281 mortalitatis
1283 2226 1474 2291 insint,
1519 2241 1647 2282 eum
1677 2228 1830 2284 nefas
1861 2245 1983 2286 esse
2016 2229 2087 2286 ad

501 2319 675 2375 Deum
702 2319 987 2387 accedere,
1023 2319 1079 2375 id
1111 2337 1142 2376 a
1162 2323 1451 2392 gentilium
1510 2323 1913 2380 consuetudine
1943 2324 2086 2380 divi-

500 2427 608 2468 nus
655 2412 748 2469 ille
778 2412 991 2484 Moyses
1025 2413 1314 2470 didicerat.
1359 2415 1549 2486 Neque
1595 2417 1745 2471 enim
1792 2417 1831 2471 ii
1879 2417 2085 2488 templa

501 2503 748 2571 adibant,
773 2504 942 2574 pedes
963 2504 1141 2560 induti
1165 2505 1365 2561 calceis
1379 2509 1816 2564 exanimatorum
1833 2509 2084 2566 animan-

503 2595 641 2649 tium
682 2594 829 2665 pelle
865 2592 1162 2660 confectis;
1199 2593 1254 2648 id
1296 2595 1445 2651 enim
1485 2612 1678 2650 eorum
1711 2597 1922 2668 legibus
1943 2599 2088 2655 inter

502 2683 866 2739 immunditiae
904 2698 1108 2755 genera
1133 2685 1542 2741 recensebatur.
1583 2687 1748 2759 Atqui
1772 2705 1873 2745 nos
1895 2706 1924 2745 a
1940 2707 2089 2748 mor-

503 2776 731 2843 talitate,
771 2785 935 2848 atque
971 2778 1346 2848 corruptione,
1383 2786 1438 2833 et
1462 2779 1676 2835 caeteris
1699 2796 1822 2851 quae
1851 2783 1919 2837 ad
1947 2782 2089 2840 hanc

2187 1957 2344 2030 θέμις
2379 1957 2618 2028 ἐγγίζειν
2642 1956 2782 2029 Θεῷ,
2802 1958 2895 2012 τὸν
2916 1959 2975 2012 ἐν
2997 1956 3268 2026 λειψάνοις
3296 1955 3424 2010 ὄντα
3451 1951 3785 2024 νεκρότητος

2187 2051 2281 2103 καὶ
2314 2048 2538 2122 φθορᾶς.
2579 2050 2654 2104 Οὐ
2684 2051 2793 2121 γὰρ
2823 2050 3052 2119 ἐφοίτων
3081 2051 3138 2102 ἐν
3169 2048 3333 2121 ίεροῖς
3359 2045 3428 2100 τά
3455 2047 3518 2097 ἐκ
3547 2040 3784 2097 τεθνεώ-

2185 2160 2294 2196 των
2331 2141 2487 2206 ζώων
2521 2142 2846 2214 ὑποδήματα
2880 2143 2995 2205 τοῖς
3035 2141 3191 2194 ποσὶν
3229 2138 3558 2209 ἐνδυόμενοι.
3595 2133 3785 2189 Μολυ-

2189 2233 2327 2305 σμοῦ
2362 2234 2421 2288 δέ
2458 2233 2659 2306 τρόπος
2690 2237 2802 2298 τοῖς
2835 2234 3060 2288 ἐκείνων
3086 2233 3271 2304 νόμοις
3296 2232 3357 2286 τὸ
3382 2230 3572 2302 χρῆμα
3606 2227 3785 2298 ἐγρά-

2187 2343 2337 2394 φετο.
2377 2325 2722 2399 Νεκρότητος
2760 2327 2818 2381 δὲ
2852 2327 2944 2380 καὶ
2975 2324 3180 2398 φθορᾶς
3210 2325 3305 2378 καὶ¹
3345 2324 3452 2377 τῶν
3495 2323 3574 2385 είς
3615 2318 3788 2374 τοῦτο

2193 2417 2434 2489 ἡκόντων
2463 2417 2802 2493 ἀκαθαρσίας
2835 2417 3104 2472 ἀπέλυσεν
3135 2418 3281 2489 ἡμᾶς
3309 2415 3408 2485 οὐχ
3443 2415 3473 2468 δ
3503 2413 3664 2482 νόμος
3683 2451 3699 2476 ,
3733 2404 3787 2464 ὦ

2189 2511 2324 2577 τᾶν,
2351 2511 2471 2565 οὐδέ
2499 2510 2692 2582 πορεία
2725 2510 2871 2582 ζωῆς
2912 2510 3010 2581 τῆς
3041 2509 3182 2564 κατὰ
3207 2508 3268 2562 τὸ
3294 2507 3528 2580 γράμμα
3556 2505 3617 2557 τὸ
3642 2503 3786 2557 Μω-

2192 2604 2402 2669 σαῖκὸν,
2429 2603 2614 2667 πίστις
2635 2603 2690 2657 δὲ
2719 2604 2919 2675 μᾶλλον
2945 2605 2978 2674 ὴ
3007 2605 3064 2656 ἐν
3090 2601 3333 2672 Χριστῷ,
3363 2600 3460 2652 καὶ
3496 2597 3597 2668 τῆς
3619 2596 3788 2662 εὐαγ-

2191 2695 2415 2768 γελικῆς
2461 2695 2737 2760 πολιτείας
2784 2699 2817 2768 ἡ
2867 2694 3177 2766 τελειοτάτη
3225 2692 3514 2764 κάθαρσις.
3565 2688 3637 2741 Ἦ
3675 2684 3788 2739 οὐκ

2192 2787 2390 2861 ἀληθὲς
2425 2789 2453 2844 ὃ
2485 2807 2658 2862 eam;

503 2871 876 2943 impuritatem
940 2872 1240 2944 pertinent,
1286 2888 1398 2929 non
1452 2875 1562 2941 lex,
1606 2875 1834 2943 Palladi,
1878 2895 1988 2934 non
2028 2881 2155 2937 vita:
2190 2900 2316 2939 cum
2372 2885 2510 2956 legis
2566 2885 2816 2940 Mosaicae
2877 2883 3060 2939 littera
3128 2877 3482 2951 congruentis
3544 2873 3786 2944 vestigia

501 2963 906 3032 liberaverunt;
947 2964 1043 3021 sed
1081 2964 1216 3022 ﬁdes
1269 2966 1327 3021 in
1364 2965 1606 3033 Christo,
1644 2977 1699 3023 et
1755 2972 2083 3044 evangelica:
2119 2975 2244 3031 vitae
2261 2977 2662 3048 perfectissima
2680 2976 2953 3049 purgatio.
2996 2976 3151 3030 Anne
3171 2984 3363 3029 censes
3407 2983 3601 3027 verum
3651 2980 3801 3022 esse.

502 3059 649 3129 quod
679 3058 802 3115 dico
815 3058 845 3114 '?

574 3154 772 3210 PALL.
807 3152 1050 3222 Quidni?

569 3247 726 3303 (ΠΒ.
754 3247 926 3319 Igitur
960 3250 1160 3306 calceis
1194 3251 1406 3321 positis,
1454 3267 1834 3312 accurrentem
1859 3259 1994 3329 jam,
2022 3274 2088 3316 ac

500 3340 728 3411 propius
754 3339 1108 3396 accedentem
1137 3340 1410 3398 allocutus
1435 3353 1521 3400 est
1547 3345 1694 3400 Deus
1723 3364 1736 3400 :
1773 3365 1790 3398 ι
1830 3347 1943 3419 Ego
1962 3364 2086 3406 sum

500 3433 646 3488 Deus
675 3433 850 3503 patris
890 3432 994 3499 tui,
1023 3433 1169 3489 Deus
1207 3434 1483 3491 Abraham
1503 3478 1518 3502 ,
1553 3447 1610 3493 et
1643 3438 1790 3494 Deus
1823 3441 1992 3509 lsaac,
2029 3452 2087 3499 et

499 3520 647 3578 Deus
667 3523 859 3580 Jacob.
895 3523 1110 3580 Avertit
1145 3532 1332 3581 autem
1356 3526 1567 3600 Moyses
1599 3530 1833 3597 vultum,
1869 3533 2081 3603 inquit;

497 3616 796 3672 verebatur
824 3614 975 3672 enim
999 3623 1193 3672 contra
1217 3617 1372 3674 illum
1401 3619 1648 3690 aspicere
1679 3621 1744 3676 ⁸⁸.
1775 3643 1793 3675 1
1831 3624 2084 3682 Exanimi

499 3721 738 3777 namque
773 3721 938 3762 sensu
969 3705 1239 3778 deposito,
1275 3724 1335 3764 ac
1360 3709 1531 3765 veluti
1562 3712 1769 3768 mundo
1799 3715 2084 3787 liberoque

498 3790 638 3870 pede
654 3815 752 3871 per
777 3799 1106 3856 Christianae
1132 3802 1567 3859 conversationis
1607 3806 1752 3860 viam
1792 3807 2083 3866 ambulan-

497 3894 580 3944 t'c's
629 3889 1193 3963 appropinquabimus
1227 3891 1372 3960 Deo,
1415 3910 1528 3950 non
1580 3896 1828 3953 locorum
1883 3902 2082 3971 spatio,

495 3984 590 4039 sed
623 3984 914 4040 affectione
963 3986 1270 4057 s'pirituali;
1326 3989 1533 4044 etenim
1588 4006 1677 4046 res
1710 3991 1879 4064 Moysi
1915 4004 2081 4065 gestae

495 4074 682 4147 figurae
718 4085 875 4133 erant
909 4087 966 4133 et
1003 4078 1230 4135 umbrat.
1275 4080 1353 4136 Ita
1397 4080 1618 4137 demum
1663 4095 1891 4141 Stimmae
1934 4085 2082 4143 illius

494 4171 758 4227 doctrinae
800 4171 968 4228 verba
1008 4172 1367 4241 lucrabimur,
1417 4187 1473 4232 et
1525 4177 1622 4233 Dei
1679 4179 1964 4235 scientiam
2021 4182 2079 4236 in

495 4263 652 4319 nobis
684 4263 816 4335 ipsis
843 4263 1183 4337 colligemus,
1227 4267 1390 4322 Patre
1431 4268 1694 4324 nimirum
1752 4272 2080 4328 ostendente

489 4367 552 4408 se
598 4355 761 4412 nobis
803 4356 860 4411 in
899 4357 1036 4413 Filio
1090 4375 1104 4413 :
1141 4355 1460 4414 videbimus
1502 4361 1651 4416 enim
1704 4362 1880 4430 illum,
1918 4343 2080 4436 longe

2110 3173 2154 3235 ο
2253 3168 2471 3224 ῙΙΑΛΛ.
2492 3169 2615 3232 Πῶς
2646 3167 2754 3240 γὰρ
2784 3166 2878 3234 οὓς

2248 3262 2426 3318 ΚΥΡ.
2457 3261 2811 3315 Ἀπολύσαντι
2835 3259 2892 3312 δὲ
2916 3258 2976 3312 τὸ
2998 3257 3250 3328 ὑπόδημα
3268 3254 3362 3309 τοῦ
3389 3252 3568 3318 ποδὸς,
3593 3266 3783 3322 προσ-

2188 3354 2362 3410 θέοντί
2401 3355 2465 3424 γέ
2489 3370 2549 3408 τε
2570 3353 2778 3420 λοιπὸν,
2823 3351 2918 3405 καὶ
2946 3349 3117 3420 ἀγχοῦ
3145 3347 3412 3418 γεγονότι,
3431 3341 3785 3417 προσεφώνει

2187 3449 2351 3513 Θεόςο
2404 3467 2424 3501 ι
2466 3445 2607 3516 Ἐγώ
2669 3448 2784 3517 εξμι
2829 3445 2858 3497 ὁ
2909 3444 3040 3502 Θεὸς
3087 3442 3184 3496 τοῦ
3232 3439 3438 3512 πατρός
3485 3454 3598 3502 σου,
3639 3434 3787 3498 Θεὸς

2199 3537 2487 3610 Ἀϐραὰμ,
2535 3538 2631 3591 καὶ
2661 3536 2793 3600 Θεὸς
2838 3535 3042 3596 Ἰσαὰκ,
3077 3533 3172 3588 καὶ
3206 3533 3338 3595 Θεὸς
3383 3528 3602 3584 Ἰακώϐ.
3651 3529 3789 3580 ’Λπ-

2189 3630 2420 3702 έστρεψε
2443 3629 2501 3684 δέ
2524 3629 2728 3700 Μωσῆς
2750 3627 2811 3682 τὸ
2840 3628 3132 3698 πρόσωπον
3159 3623 3347 3689 αὐτοῦ,
3375 3622 3537 3696 φησίν
3557 3637 3570 3649 ·
3599 3619 3785 3690 ηὐλα-

2188 3725 2332 3777 ϐεῖτο
2369 3717 2483 3795 γὰρ
2506 3719 2878 3792 κατεμϐλέψαι
2908 3718 3135 3773 ἐνώπιον
3167 3716 3262 3771 τοῦ
3286 3716 3442 3770 Θεοῦ.
3482 3734 3500 3767 ι
3542 3711 3784 3766 Ἀποθὲ-

2187 3833 2338 3888 μενοι
2363 3815 2472 3888 γὰρ
2507 3813 2759 3886 φρόνημα
2787 3811 2849 3864 τὸ
2886 3797 3097 3881 νεκρὸν,
3129 3810 3223 3864 καὶ
3259 3807 3422 3862 οἱονεὶ
3451 3803 3680 3874 καθαρῷ
3711 3820 3783 3858 rc

2184 3908 2278 3962 καὶ
2315 3906 2581 3977 ἐλευθέρῳ
2608 3904 2727 3958 ποδὶ
2753 3905 2850 3975 τῆς
2876 3907 2933 3956 ὲν
2963 3901 3186 3974 Χριστῷ
3225 3898 3500 3961 πολιτείας
3528 3896 3782 3950 διαστεί-

2181 4017 2369 4072 χοντες
2393 4000 2492 4070 τὴν
2522 3998 2640 4052 ὁδὸν
2665 4038 2680 4062 ,
2711 3994 2947 4066 ἐσόμεθα
2983 3994 3081 4065 μὲν
3120 3992 3290 4063 ἀγχοῦ
3325 3991 3404 4063 τῷ
3447 3988 3587 4059 Θεῷ,
3628 3989 3784 4041 κατὰ

2184 4091 2369 4164 σχέσιν
2409 4091 2466 4144 δὲ
2498 4089 2736 4162 δηλονότι
2764 4087 2862 4159 τὴν
2903 4085 3279 4156 πνευματικὴν
3301 4125 3314 4148 ,
3349 4083 3442 4137 καὶ
3472 4081 3592 4152 οὐχὶ
3627 4081 3785 4134 κατά

2181 4203 2243 4256 γε
2273 4187 2374 4258 τὴν
2396 4186 2454 4238 ἐν
2480 4185 2631 4254 τόπῳ
2655 4171 2955 4236 διάστασιν.
2981 4179 3152 4234 Τύποι
3177 4178 3286 4246 γὰρ
3309 4179 3493 4230 ἐκεῖνα
3514 4175 3609 4228 καὶ
3640 4173 3784 4226 σκιὰ

2180 4277 2250 4332 τὰ
2277 4277 2543 4341 Μωσέως,
2578 4274 2722 4328 οὓτω
2749 4291 2807 4326 τε
2844 4272 3029 4326 λοιπὸν
3064 4272 3191 4332 τοὺς
3221 4267 3350 4340 περὶ
3377 4267 3478 4337 τῆς
3509 4268 3621 4321 ἄνω
3663 4283 3781 4335 μυ-

2182 4371 2490 4440 σταγωγίας
2544 4366 3062 4436 καταπλουτήσομεν
3113 4363 3328 4431 λόγους,
3387 4360 3480 4414 καὶ
3528 4358 3624 4430 τὴν
3675 4357 3780 4412 τοῦ

494 4439 847 4513 ιιιτιξὲῑιιιιιίιιε
872 4462 1035 4518 quam
1067 4445 1329 4520 antiquus
1351 4450 1443 4505 ille
1465 4453 1720 4522 populus,
1743 4460 1804 4506 ut
1833 4454 1890 4507 in
1906 4448 2077 4525 Moysi

2185 4439 2318 4517 Θεοῦ
2347 4462 2546 4531 γνῶσιν
2579 4463 2637 4513 ἐν
2663 4461 2873 4522 ἑαυτοῖς
2907 4456 3252 4527 συλλέξομεν,
3287 4452 3480 4507 ἑαυτὸν
3504 4453 3637 4522 ἡμῖν
3670 4451 3782 4521 ἐμ-

492 4552 724 4606 persona
761 4539 903 4594 vidit
935 4540 1022 4596 :is
1057 4541 1207 4596 enim
1223 4542 1435 4596 vultum
1463 4543 1663 4597 avertit
1687 4558 1883 4612 suum;
1919 4561 2079 4600 vere-

2185 4520 2500 4623 φανίζοντος
2519 4554 2574 4605 ἐν
2607 4549 2722 4621 Υίῷ
2750 4520 3112 4619 τοῦ-Πατρός.
3132 4520 3426 4617 ’Ὀψόμεθα
3448 4520 3555 4614 γὰρ
3581 4541 3774 4601 αὐτὸν,

493 4633 652 4687 batur
690 4633 836 4688 enim
872 4636 1118 4705 aspicere
1163 4642 1354 4692 contra
1399 4635 1715 4691 Dominum.
1761 4637 1882 4704 Quo
1935 4638 2080 4694 facto

491 4723 830 4790 signiﬁcatur
861 4728 1066 4784 mentis
1093 4743 1287 4783 eorum
1328 4727 1640 4793 infirmitas,
1659 4729 1755 4798 qui
1783 4730 1886 4786 sub
1915 4730 2082 4787 disci-

493 4813 639 4881 plina
669 4814 806 4885 legis
827 4817 1283 4882 instituebantur,
1306 4833 1428 4888 quae
1456 4819 1861 4887 quodammodo
1897 4823 2075 4894 respi-

493 4922 616 4960 cere
636 4906 808 4962 Deum
843 4924 954 4963 non
974 4919 1183 4980 posset,
1206 4926 1384 4981 neque
1416 4911 1565 4966 illius
1595 4913 1796 4968 intueri
1814 4915 2065 4986 gloriam,

487 4998 643 5067 juxta
677 4998 832 5064 illud,
859 5001 1009 5070 quod
1033 5002 1090 5056 in
1107 5000 1340 5056 Psalmis
1355 5003 1607 5058 canitur:
1645 5025 1661 5056 ι
1684 5003 2064 5063 Obscurentur

491 5089 638 5145 oculi
684 5107 899 5159 eorum,
937 5101 1016 5148 'ne
1057 5092 1282 5150 videant
1321 5097 1366 5128 "
1412 5113 1424 5148 :
1467 5115 1486 5148 ›
1525 5106 1581 5152 et
1608 5097 1763 5164 illud,
1807 5100 1956 5169 quod
1983 5111 2070 5157 est

491 5182 636 5252 apud
669 5173 1000 5254 prophetam
1025 5201 1038 5238 :
1069 5203 1088 5235 ι
1112 5175 1252 5241 Ecce
1274 5187 1511 5257 populus
1541 5188 1741 5245 stultus
1760 5200 1815 5245 et
1837 5207 2068 5247 excors:

491 5274 637 5330 oculi
666 5285 795 5331 sunt
832 5277 934 5341 eis,
972 5286 1029 5333 et
1053 5289 1166 5333 non
1200 5278 1390 5334 vident
1414 5283 1452 5336 '.
1488 5301 1508 5334 ι
1537 5282 1650 5338 Nos
1687 5299 1842 5348 vero,
1876 5284 1971 5354 qui
2000 5283 2070 5348 ad

491 5365 786 5421 ineﬂ‘abilis
828 5366 976 5423 illius
1031 5378 1245 5426 naturae
1289 5373 1530 5429 rationes
1565 5389 1736 5444 puros
1789 5375 2070 5430 illumina-

491 5467 685 5526 tosque
717 5458 919 5513 mentis
951 5461 1141 5517 oculos
1171 5463 1457 5535 adjicimus
1476 5504 1490 5531 ,
1535 5467 1885 5537 conspicuam
1921 5467 2071 5521 illam

491 5546 548 5600 in
581 5546 739 5635 Filio,
779 5548 878 5604 Dei
912 5560 968 5605 et
990 5542 1180 5610 'Patris
1221 5555 1450 5612 formam
1497 5559 1951 5629 contemplemur.
1993 5560 2072 5614 Ac

489 5636 695 5694 Iudaeis
717 5639 938 5710 quidem
964 5644 1058 5714 qui
1082 5638 1303 5703 Patrem
1329 5665 1386 5703 se
1429 5648 1632 5706 vidisse
1665 5650 2066 5715 existimarent,

2183 4646 2278 4700 καὶ
2300 4645 2647 4717 ἀσυγκρίτως
2668 4645 2910 4715 ἄμεινον,
2938 4643 2971 4712 ἢ
3000 4644 3029 4694 ὁ
3049 4640 3219 4694 πάλαι
3239 4637 3386 4703 λαὸς,
3405 4638 3477 4701 ὼς
3509 4639 3565 4691 ἐν
3589 4645 3773 4698 προσ-

2180 4735 2316 4807 ώπῳ
2355 4735 2618 4797 Μωσέως.
2661 4735 2720 4788 Ὀ
2753 4733 2852 4805 μὲν
2903 4731 3012 4802 γὰρ
3044 4729 3349 4801 ἀπέστρεψε
3382 4727 3444 4775 τὸ
3471 4720 3777 4793 πρόσωπον

2179 4827 2367 4883 αὐτοῦ’
2391 4826 2682 4898 ηὐλαὸεῖτο
2705 4825 2813 4896 γὰρ
2841 4842 2971 4878 κατε
2980 4822 3212 4891 μόλέψαι
3228 4814 3456 4868 ἐνώπιον
3484 4812 3577 4867 τοῦ
3601 4811 3771 4883 Θεοῦ.

2178 4922 2254 4974 Δι’
2276 4913 2338 4973 οὗ
2369 4918 2696 4990 σημαίνεταί
2722 4917 2831 4970 τῶν
2859 4917 2916 4968 ἐν
2943 4913 3092 4983 νόμῳ
3124 4904 3681 4977 παιδαγωγουμένων,
3706 4903 3778 4958 rb

2177 5014 2279 5084 τῆς
2314 5007 2554 5075 διανοίας
2585 5009 2830 5071 ἀσθενὲς,
2865 5007 2967 5060 οὐκ
3003 5000 3376 5074 ἀναμενούσης
3408 5000 3608 5072 τρόπον
3641 4995 3774 5050 τινὰ

2179 5104 2317 5174 πρὸς
2349 5096 2481 5156 Θεὸν
2502 5139 2516 5163 ,
2555 5093 2679 5152 οὒτε
2712 5097 2818 5168 μὴν
2858 5094 2976 5160 οἵας
3006 5111 3064 5147 τε
3097 5092 3222 5145 ἰδεῖν
3248 5091 3347 5162 τὴν
3388 5087 3545 5152 δόξαν
3573 5087 3772 5155 αὑτοῦ,

2183 5196 2325 5250 κατά
2355 5211 2420 5262 γε
2442 5193 2502 5246 rb
2527 5193 2585 5245 ἐν
2605 5190 2857 5261 Ψαλμοῖς
2885 5186 3244 5259 ὑμνούμενον⁹
3271 5199 3290 5233 ι
3312 5180 3774 5250 Σκοτισθήτωσαν

2179 5289 2226 5341 οί
2252 5286 2520 5355 ὀφθαλμοὶ
2543 5278 2723 5338 αὐτῶν
2742 5280 2837 5335 τοῦ
2867 5280 2942 5351 μὴ
2965 5277 3204 5350 βλέπειν,
3239 5295 3257 5328 1
3289 5276 3453 5346 ἤγουν
3480 5274 3677 5336 ἐκεῖνο,
3710 5271 3786 5325 τὸ

2185 5397 2205 5430 ι
2238 5376 2366 5430 Ἰδοὺ
2387 5375 2512 5438 λαὸς
2541 5372 2723 5445 μωρὸς
2743 5373 2838 5425 καὶ
2863 5367 3139 5442 ἀκάρδιος·
3160 5363 3429 5436 ὀφθαλμοὶ
3448 5364 3650 5429 αὐτοῖς,
3676 5363 3784 5415 καὶ

2123 5498 2132 5508 -
2177 5469 2237 5521 οὐ
2265 5467 2568 5539 βλέπουσιν.
2608 5483 2627 5516 1
2673 5463 2864 5535 Ἡμεῖς
2889 5462 2946 5515 δέ
2978 5463 3089 5524 τοῖς
3120 5459 3248 5530 περὶ
3275 5459 3374 5528 τῆς
3399 5457 3640 5527 ἀρῤήτου
3668 5451 3783 5522 φύ-

2179 5577 2316 5623 σεως
2341 5556 2660 5631 προσιέντες
2685 5553 2885 5624 λόγοις,
2913 5551 3174 5622 καθαροῖς
3207 5548 3302 5603 καὶ
3333 5544 3780 5617 πεφωτισμένοις

2176 5651 2440 5723 ὖμμασιν,
2477 5649 2536 5704 ἐν
2564 5647 2681 5719 Υίῷ
2709 5645 3009 5718 διαπρέπον
3039 5640 3222 5696 τὸθτοῦ
3262 5639 3398 5694 Θεοῦ
3432 5639 3527 5692 καὶ
3553 5634 3780 5706 Πατρὶς

553 5743 800 5828 ξηιιωιτ.
835 5767 886 5817 x,
919 5753 1001 5828 4,,
1051 5756 1097 5789 ’⁸
1134 5757 1304 5812 Exod.
1339 5775 1418 5822 111,
1453 5755 1505 5813 Β.
1584 5758 1630 5795 9°
1660 5761 1834 5816 Levit.
1878 5779 1936 5828 11,
1975 5763 2030 5812 Δ.

2206 5760 2376 5816 Exod.
2416 5775 2493 5826 ιιι,
2523 5761 2573 5814 5.
2655 5757 2702 5790 "
2753 5757 2867 5812 bid.
2929 5771 3009 5820 ιιι,
3073 5747 3130 5810 δέ
3205 5755 3251 5789 ⁹⁹
3273 5751 3605 5808 Psal.1.xv111
3667 5747 3758 5803 24,

562 5820 579 5852 ⁸
613 5819 816 5878 Jerem.
845 5838 899 5890 ν,
939 5824 1032 5879 21.
