4096 6428
306 352 424 410 23⁸1

1068 354 1156 410 DE
1193 352 1647 411 ADORATIONE
1688 353 1757 411 IN
1798 352 2073 410 SPIRITU
2114 353 2205 411 ET
2242 348 2618 413 VERITATE.
2662 357 2793 415 LIB.
2844 357 2911 413 ll.

3513 362 3622 420 258

300 468 710 540 καταθεώμεθα
746 469 964 535 κάλλος.
1016 472 1128 526 Καὶ
1174 470 1445 544 οἰομένοις
1488 472 1588 545 μὲν
1632 464 1910 537 Ἰουδαίοις

2018 472 2291 543 sapienter
2307 484 2394 530 est
2408 491 2439 530 a
2453 474 2674 531 Christo
2691 475 2898 531 dictum
2926 495 2939 530 :
2970 472 3078 548 65
3170 475 3360 546 Neque
3377 477 3621 546 speciem

296 564 381 617 ὅτι
414 561 707 616 τεθέανται
731 562 824 616 τὸν
857 562 1101 635 Πατέρα,
1140 564 1322 634 σοφῶς
1348 565 1566 635 ἐλέγετο
1594 564 1747 638 παρὰ
1774 566 1908 636 Χρι-

294 654 394 708 τοῦ
416 671 428 683 ·
459 672 480 705 ι
510 652 655 707 Οὔτε
688 651 829 719 εἶδος
850 654 1019 709 αὐτοῦ
1048 657 1354 728 ἑωράκατε,
1380 658 1504 712 οὔτε
1529 657 1711 731 φωνὴν
1741 657 1905 713 αὐτοῦ

294 742 603 813 ἀκηκόατε.
635 760 655 795 ι
690 743 1145 799 Φιλοπευστοῦντι
1174 744 1232 799 δὲ
1260 745 1338 818 τῷ
1368 746 1621 819 Φιλίππῳ
1639 746 1790 813 -λίαν,
1816 747 1910 801 καὶ

295 835 619 907 παχύτερον
651 835 753 907 μὲν
786 836 820 908 ἢ
855 837 1045 908 ἐχρῆν,
1076 830 1142 891 ὲδέ
1174 839 1532 910 φιλομαθείας
1564 839 1608 894 δ’
1637 836 1730 895 οὖν
1760 840 1909 912 ὅμως

294 928 556 999 ἐρομένῳ
596 929 694 982 καὶ
733 927 950 998 λέγοντι
970 944 984 958 ⁸
1016 949 1035 982 ι
1071 929 1248 1002 Κύριε
1268 973 1282 997 ,
1316 931 1489 997 δεῖξον
1510 934 1643 1005 ἡμῖν
1670 933 1763 988 τὸν
1797 933 1912 986 Πα-

292 1018 459 1089 τέρα,
491 1020 592 1073 καὶ
622 1021 788 1091 ἀρκεῖ
821 1022 974 1092 ἡμῖν,
1010 1041 1030 1074 ι
1065 1022 1403 1095 ἀπεκρίνατο
1431 1025 1688 1097 Χριστόςδ
1718 1038 1737 1078 ι
1771 1026 1912 1079 Τοσ-

290 1110 457 1166 οὗτον
499 1112 696 1183 χρόνον
752 1113 870 1185 μεθ’
904 1112 1060 1185 ὑμῶν
1088 1116 1225 1185 εἰμι,
1264 1116 1362 1172 καὶ
1401 1117 1502 1171 οὐκ
1532 1116 1778 1186 ἔγνωκάς
1821 1133 1909 1189 με,

290 1202 581 1268 “lem-re;
625 1204 685 1258 '0
724 1202 989 1276 ἑωρακὼς
1025 1208 1149 1279 ἐμὲ,
1184 1207 1399 1281 ἑώρακε
1427 1210 1519 1264 τὸν
1552 1210 1794 1283 Πατέρα.
1835 1210 1912 1264 Οὐ

291 1292 590 1359 πιστεύεις
618 1295 701 1350 ὅτι
729 1295 842 1365 ἐγὼ
868 1299 928 1351 ὲν
962 1298 1040 1370 τῷ
1066 1300 1266 1372 Πατρὶ,
1297 1301 1392 1354 καὶ
1424 1303 1457 1355 ὁ
1481 1300 1671 1374 Πατὴρ
1699 1302 1757 1355 ὲν
1788 1300 1913 1373 ὲμοί

289 1386 452 1440 ἔστιν
470 1402 489 1452 ;
511 1402 534 1439 ι
571 1386 695 1441 Ὅτι
726 1387 786 1442 δέ
817 1389 968 1443 ἐστιν
998 1390 1098 1444 οὐκ
1126 1391 1388 1464 εὐσθενὴς
1416 1395 1588 1463 ἄγαν,
1631 1393 1755 1449 οὔτε
1808 1384 1915 1467 μὴν

290 1478 467 1549 ἱκανὴ
499 1477 642 1550 πρὸς
683 1477 824 1533 Θεοῦ
874 1481 1187 1547 κατάδειξιν
1217 1483 1421 1558 ἀκριϐῆ
1453 1487 1548 1540 καὶ
1591 1485 1914 1559 ἀμώμητον,

287 1571 322 1642 ἠ
352 1569 456 1625 διὰ
487 1570 591 1641 τῆς
621 1570 768 1626 κατὰ
792 1571 959 1644 νόμον
984 1573 1208 1647 ἐντολῆς
1242 1575 1446 1648 θεωρία
1483 1594 1543 1632 τε
1575 1580 1671 1633 καὶ
1698 1580 1921 1634 παίδευε

288 1678 407 1726 σις,
457 1662 540 1726 ὡς
566 1665 624 1718 ὲν
651 1664 784 1737 σκιᾷ
809 1665 909 1720 καὶ
938 1666 1227 1739 αἰνίγματι
1260 1670 1355 1722 καὶ
1376 1669 1465 1725 διὰ
1491 1673 1613 1725 ταῖν
1647 1672 1792 1726 δυοῖν
1822 1671 1917 1727 τοῦ

287 1753 493 1809 Δάσαν
521 1753 776 1828 ὀψόμεθα
820 1757 1165 1830 θυγατέροιν.
1208 1760 1522 1835 Γέγραπται
1551 1763 1683 1836 γὰρ,
1711 1765 1793 1818 ὅτι
1826 1762 1919 1835 Τῷ

2016 564 2192 635 ipsius
2220 566 2461 633 vidistis,
2500 584 2684 639 neque
2712 585 2907 625 vocem
2951 560 3073 640 ejus
3105 569 3344 625 audistis
3376 572 3417 625 ‘.
3453 590 3472 622 ι
3510 569 3619 626 Sed

2013 658 2320 715 sciscitanti
2355 660 2612 732 Philippo
2635 702 2650 727 ,
2684 672 2748 717 ac
2787 662 2983 717 rudius
3018 652 3265 734 quidem,
3312 679 3475 733 quam
3520 679 3620 733 par

2012 760 2155 819 erat,
2187 752 2285 808 sed
2317 759 2502 806 tamen
2523 741 2774 808 discendi
2800 754 2985 809 studio
3020 755 3236 826 roganti
3260 770 3324 809 ac
3347 754 3560 809 dicenti
3603 795 3617 808 .

2021 865 2039 897 ‹
2063 837 2314 910 Domine,
2338 834 2568 900 ostende
2604 845 2767 900 nobis
2784 844 3025 914 Patrem,
3056 836 3330 903 ctsuﬁicit
3346 845 3506 901 nonis
3526 846 3570 913 ³,
3598 866 3616 895 ι

2015 936 2307 1007 respondit
2366 934 2623 992 Christus
2662 955 2675 989 :
2722 956 2740 988 ι
2788 925 2964 992 Tanto
3028 951 3277 1009 tempore
3328 940 3622 995 vobiscum

2014 1044 2158 1095 sum,
2189 1038 2245 1084 et
2272 1044 2382 1099 non
2411 1028 2713 1099 cognovisti
2751 1044 2860 1096 me,
2889 1029 3159 1101 Philippe.
3196 1024 3301 1098 Qui
3328 1024 3469 1086 vidit
3506 1047 3621 1092 me,

2012 1120 2155 1175 vidit
2183 1122 2240 1176 et
2266 1120 2506 1176 Patrem.
2540 1114 2664 1176 Non
2683 1120 2890 1187 credis,
2918 1122 3045 1192 quia
3067 1139 3168 1194 ego
3198 1112 3253 1178 in
3305 1113 3491 1191 Patre,
3554 1135 3615 1180 ct

2014 1211 2179 1267 Pater
2210 1213 2266 1268 in
2298 1227 2387 1267 me
2418 1220 2505 1268 est
2530 1208 2592 1266 δῖ)
2620 1232 2639 1265 ι
2674 1212 2794 1268 Νοη
2820 1229 2942 1269 esse
2977 1223 3161 1269 autem
3189 1215 3483 1271 admodum
3522 1216 3621 1272 ﬁr-

2015 1322 2183 1372 mam,
2230 1322 2300 1361 ne
2341 1305 2524 1377 aptam
2564 1305 2791 1377 quidem
2834 1306 2970 1365 satis
3016 1296 3086 1361 ad
3134 1302 3309 1361 Deum
3362 1317 3621 1364 accurate

2017 1399 2488 1471 perspiciendum,
2524 1387 2677 1456 illam
2703 1398 2949 1454 mandati
2966 1392 3156 1470 legalis
3182 1399 3608 1472 contemplatio-

2018 1508 2146 1547 nem
2210 1502 2375 1564 atque
2416 1491 2787 1563 disciplinam,
2838 1500 2902 1547 ut
2944 1508 3067 1563 quae
3104 1492 3162 1547 in
3220 1483 3414 1548 umbra
3453 1494 3526 1548 sit
3562 1503 3621 1549 et

2017 1579 2329 1650 aenigmate,
2377 1578 2437 1634 in
2464 1578 2577 1635 illis
2627 1596 2853 1653 quoque
2916 1580 3134 1636 duabus
3172 1581 3359 1636 Laban
3402 1581 3621 1637 ﬁliabus

2020 1671 2210 1751 videre
2247 1672 2398 1728 licet.
2448 1671 2729 1744 Scriptum
2770 1682 2857 1729 est
2895 1673 3066 1739 enim,
3100 1674 3231 1730 huic
3266 1666 3455 1730 Lahan
3478 1675 3620 1732 duas

2021 1762 2191 1818 fuisse
2220 1761 2394 1830 ﬁlias;
2423 1773 2559 1820 natu
2586 1764 2780 1837 majori
2796 1764 2929 1830 Lias,
2964 1754 3166 1820 minori
3192 1755 3420 1821 Racheli
3440 1766 3616 1822 fuisse

286 1848 348 1903 δὲ
390 1850 598 1905 Λάδαν
659 1846 804 1923 ἦσαν
854 1851 953 1906 δύο
996 1850 1334 1927 θυγατέρες,
1381 1854 1554 1927 ὄνομα
1595 1859 1663 1930 τῇ
1712 1857 1916 1929 μείζονι

2021 1871 2244 1913 nomen.
2271 1855 2380 1912 Sed
2418 1856 2574 1912 Liam
2596 1857 2790 1914 oculos
2807 1854 3142 1914 inﬁrmiores
3164 1850 3450 1920 habuisse,
3503 1849 3618 1916 Ra-

287 1942 477 2008 Λεία,
510 1943 608 1998 καὶ
634 1944 809 2016 ὄνομα
835 1947 903 2017 τῇ
948 1946 1117 2019 ἑτέρᾳ
1168 1947 1396 2018 Ῥαχήλ.
1443 1950 1508 2002 ΟΞ
1548 1948 1605 2002 δὲ
1646 1949 1917 2024 ὀφθαλμοὶ

288 2035 471 2100 Λείας
490 2034 769 2106 ἀσθενεῖς,
805 2037 1010 2111 Ῥαχὴλ
1028 2034 1175 2111 δὲ’ἧν
1196 2038 1338 2112 καλὴ
1362 2039 1441 2112 τῷ
1463 2039 1594 2095 εῖδει
1620 2043 1715 2097 καὶ
1739 2042 1917 2116 ὡραία

287 2134 356 2203 τῇ
407 2129 542 2202 δψει
589 2131 838 2204 σφόδρα·
873 2131 971 2187 καὶ
1018 2133 1347 2205 προσέκειτο
1388 2135 1489 2207 μὲν
1540 2139 1606 2210 τῇ
1651 2137 1854 2211 Ῥαχὴλ
1889 2138 1920 2192 δ

288 2223 659 2296 πατριάρχης
695 2224 918 2291 Ἰακὼϐ,
942 2226 1185 2298 ἠγάγετο
1203 2228 1261 2283 δὲ
1282 2229 1390 2301 πρὸ
1412 2229 1583 2302 αὐτῆς
1602 2232 1704 2303 τὴν
1728 2224 1915 2287 Λείαν.

288 2317 714 2390 Μετοιχομένου
746 2318 813 2390 δὴ
847 2314 943 2375 οὖν
987 2321 1069 2384 είς
1099 2321 1162 2375 τὸ
1211 2321 1416 2394 ἀληθὲς
1463 2321 1557 2376 τοῦ
1600 2322 1807 2393 τύπου,
1859 2319 1920 2378 τὸ

291 2410 551 2480 Χριστοῦ
586 2412 817 2484 κατόψει
861 2415 1186 2486 μυστήριον.
1220 2416 1325 2470 Δύο
1369 2417 1480 2488 γάρ
1511 2418 1650 2471 εἰσιν
1679 2420 1734 2471 αἱ
1782 2412 1919 2490 πρὸς

292 2503 620 2575 οἰκειότητα
649 2506 989 2578 κεκλημέναι
1035 2507 1134 2580 τὴν
1162 2511 1539 2582 πνευματικὴν
1575 2510 1919 2583 ἡρμοσμέναι

295 2612 361 2648 τε
397 2596 558 2668 αὐτῷ
586 2600 881 2665 γυναῖκες’
919 2598 1271 2673 πρεσϐυτέρα
1321 2600 1443 2672 μὲν,
1479 2602 1513 2675 ἡ
1564 2602 1790 2673 πρώτη,
1826 2603 1920 2658 καὶ

295 2687 392 2740 διὰ
423 2687 679 2752 Μωσέως
717 2688 792 2753 ὡς
823 2691 881 2742 ὲν
916 2688 1195 2763 προσώπῳ
1226 2691 1327 2762 τῆς
1367 2691 1634 2747 Ἰουδαίων
1671 2710 1921 2764 συναγωο

297 2782 427 2851 γῆς,
476 2780 619 2853 πρὸς
648 2782 715 2853 ἦν
749 2782 971 2854 εἴρηται
1005 2783 1158 2854 παρὰ
1196 2783 1333 2838 Θεοῦ
1367 2783 1455 2838 διὰ
1482 2786 1666 2856 φωνῆς
1699 2803 1918 2860 προφη-

297 2870 434 2925 τῶν·
473 2891 495 2924 ι
545 2872 678 2926 Ἰδοὺ
704 2874 805 2927 οὐκ
824 2875 967 2929 εἰσὶν
992 2876 1039 2928 ot
1064 2874 1334 2946 ὀφθαλμοί
1366 2893 1482 2943 σου,
1513 2868 1689 2951 οὖδὲή
1722 2880 1920 2953 καρδία

303 2981 400 3019 σου
432 2965 602 3037 καλὴ,
638 2964 758 3020 ἀλλ’
791 2966 826 3039 ἢ
858 2969 938 3031 είς
976 2967 1074 3041 τὴν
1111 2968 1429 3036 πλεονεξίαν
1467 2988 1563 3025 σου
1604 2974 1699 3026 καὶ
1739 2974 1821 3039 είς
1850 2973 1922 3028 τὰ

300 3059 633 3129 ἀδικήματα
659 3076 754 3113 σου
774 3103 789 3128 ,
827 3062 924 3116 καὶ
950 3063 1032 3128 είς
1070 3063 1231 3133 φόνον
1258 3062 1355 3118 τοῦ
1386 3061 1583 3118 ποιεῖν.
1621 3083 1641 3118 ι
1678 3067 1921 3141 Δευτέρα

299 3149 360 3205 δὲ
385 3146 458 3223 ἦν
487 3153 523 3223 ἠ
572 3154 759 3218 νεᾶνις
788 3155 885 3209 καὶ
924 3156 1363 3229 ὲκπρεπεστέρα,
1411 3157 1556 3212 τοῦτ’
1585 3158 1753 3225 ἐστιν,
1796 3162 1831 3231 ἡ
1862 3158 1921 3227 ἐξ

2019 1946 2234 2002 chelem
2281 1946 2565 2016 praestanti
2616 1946 2816 2015 forma,
2855 1964 2922 2004 ac
2965 1940 3149 2019 specie
3201 1954 3334 2004 Sane
3384 1957 3620 2005 venusta

2019 2034 2189 2091 fuisse
2215 2054 2229 2091 :
2262 2036 2447 2106 itaque
2465 2035 2635 2093 Iacob
2654 2038 3077 2108 fpatriarch‘am,
3096 2039 3347 2110 quamvis
3368 2030 3619 2095 deditum

2019 2128 2194 2185 amori
2236 2128 2516 2195 Rachelis,
2569 2129 2792 2185 duxisse
2850 2138 3035 2185 tamen
3098 2130 3288 2195 Liam,
3322 2139 3621 2200 antequam

2019 2222 2322 2279 venustiori
2335 2220 2662 2295 iungeretur
2681 2217 2725 2278 ⁸.
2755 2222 2946 2294 igitur,
2967 2222 3011 2278 si
3037 2222 3207 2295 ﬁgura
3239 2212 3308 2277 ad
3329 2221 3620 2278 veritatem

2022 2314 2400 2382 transferatur,
2424 2315 2628 2373 Christi
2654 2315 2972 2389 mysterium
2993 2304 3312 2386 perspicies.
3337 2309 3469 2369 Duae
3491 2322 3622 2369 sunt

2021 2407 2173 2462 enim
2197 2414 2407 2462 vocata:
2430 2405 2499 2461 ad
2531 2407 2848 2479 conjugium
2873 2406 3184 2478 spirituale,
3206 2396 3395 2477 illique
3411 2407 3621 2478 junctae

2022 2499 2321 2567 mulieres;
2358 2515 2423 2556 ac
2449 2501 2605 2570 prior
2634 2500 2724 2555 illa
2752 2505 2888 2554 natu
2917 2499 3090 2570 major
3108 2506 3209 2571 per"
3229 2498 3471 2571 Moysen,
3496 2512 3622 2568 qua:

2022 2609 2318 2664 personam
2355 2592 2653 2667 Synagogae
2685 2586 3001 2651 Iudaeorum
3037 2592 3269 2656 ferebat,
3291 2592 3379 2647 cui
3407 2591 3621 2647 dictum

2021 2696 2108 2744 est
2140 2688 2304 2743 aDco
2330 2703 2430 2758 per
2450 2702 2618 2743 voces
2649 2686 3046 2759 prophetarum
3079 2703 3093 2739 :
3135 2704 3153 2736 ι
3186 2683 3328 2740 Ecce
3358 2700 3467 2740 non
3491 2690 3623 2739 sunt

2022 2781 2170 2839 oculi
2213 2781 2316 2847 tui,
2341 2794 2525 2852 neque
2551 2795 2650 2835 cor
2680 2787 2837 2834 tuum
2877 2778 3194 2850 pulchrum,
3232 2776 3342 2832 nisi
3381 2775 3450 2831 ad
3490 2791 3621 2831 ava-

2023 2875 2230 2941 ritiam,
2271 2881 2329 2930 et
2353 2875 2423 2929 ad
2454 2871 2778 2944 iniquitates
2804 2874 2948 2936 tuas,
2992 2867 3138 2925 ctad
3166 2866 3373 2924 caedem
3412 2867 3620 2922 facien-

2024 2966 2151 3022 dam
2193 2966 2259 3021 °.‘
2286 2985 2304 3018 ι
2354 2956 2610 3021 Secundo
2655 2964 2780 3019 loco
2829 2958 2994 3018 ducta
3033 2970 3118 3017 est
3158 2959 3502 3024 adolescens,
3556 2973 3623 3013 ac

2024 3058 2313 3113 venustior
2359 3056 2452 3112 illa
2486 3062 2554 3112 ex
2588 3056 2848 3127 gentibus
2885 3050 3154 3119 Ecclesia,
3190 3052 3293 3106 'cui
3333 3050 3507 3106 David
3533 3051 3621 3107 di—

2025 3150 2211 3205 cebat:
2251 3169 2268 3200 ‹
2302 3149 2468 3215 Audi,
2488 3145 2619 3214 ﬁlia,
2645 3156 2702 3203 et
2731 3146 2882 3213 vide,
2914 3146 2972 3201 et
3002 3144 3205 3199 inclina
3234 3150 3423 3197 aurem
3446 3149 3619 3207 tuam,

299 3211 479 3300 éﬁvd'r;
511 3211 836 3317 ζΕκκλησία,
860 3246 998 3318 πρὸς
1023 3211 1090 3320 ἦν
1107 3250 1136 3304 ὁ
1159 3211 1430 3322 θεῖοςέφη
1454 3211 1637 3304 Δειδίδζ
1665 3211 1697 3303 ι

2030 3252 2087 3300 et
2115 3211 2464 3298 obliviscere:
2485 3211 2755 3313 p0pulum
2785 3211 2941 3295 tuum
2977 3249 3035 3294 et
3066 3237 3294 3322 domum,
3317 3234 3489 3305 patris
3512 3232 3617 3299 tui,

304 3352 419 3402 σον,
454 3336 721 3411 θύγατερ,
746 3341 842 3393 καὶ
867 3336 966 3408 ι’δε,
989 3340 1084 3394 καὶ
1110 3341 1290 3397 κλῖνον
1314 3339 1378 3396 τὸ
1406 3337 1499 3407 οὖς
1522 3360 1637 3409 σου,
1669 3344 1766 3399 καὶ
1793 3347 1916 3399 ἑπι-

302 3429 472 3484 λάθου
500 3430 601 3485 τοῦ
640 3431 774 3486 λαοῦ
812 3450 930 3499 σου,
961 3435 1057 3487 καὶ
1087 3434 1183 3488 τοῦ
1227 3435 1381 3492 οἴκου
1407 3435 1503 3490 τοῦ
1546 3438 1756 3509 πατρός
1783 3452 1876 3493 σου
1902 3448 1917 3470 δ

303 3524 386 3578 ὅτι
415 3524 777 3597 ἐπεθύμησεν
803 3525 834 3578 6
874 3525 1142 3592 Βασιλεὺς
1163 3526 1260 3582 τοῦ
1289 3526 1522 3595 κάλλους
1554 3547 1671 3588 σου.
1706 3551 1727 3586 ι
1760 3532 1920 3606 Εἴρη-

303 3633 393 3671 ται
435 3617 494 3672 δέ
531 3635 638 3672 που
701 3619 841 3692 πρὸς
880 3619 1051 3694 αὐτὴν
1092 3622 1191 3675 καὶ
1228 3622 1310 3690 τὸ,
1353 3642 1372 3676 ι
1414 3624 1479 3679 Οί
1514 3625 1785 3697 ὀφθαλμοί
1824 3644 1918 3682 σου

306 3713 666 3783 πριστερᾷς.
721 3732 741 3765 ι
789 3712 1000 3787 Νοητὸν
1049 3713 1107 3768 δὲ
1151 3715 1358 3789 δήπλπου
1397 3718 1493 3772 καὶ
1542 3717 1919 3791 ὑπερκόσμιον

306 3801 529 3873 ἀληθῶς
565 3806 668 3875 τῆς
709 3804 1041 3876 Ἐκκλησίας
1074 3806 1138 3862 τὸ
1172 3807 1393 3873 κάλλος.
1433 3809 1748 3882 Γέγραπται
1781 3810 1913 3883 γὰρ,

304 3894 387 3947 ὅτι
420 3913 441 3947 ι
469 3896 633 3950 Πᾶσα
656 3897 690 3969 ἡ
713 3895 842 3964 δόξα
865 3897 964 3971 τῆς
1000 3898 1278 3973 θυγατρὸς
1304 3899 1399 3955 τοῦ
1438 3902 1724 3973 βασιλέως,
1766 3904 1921 3959 Ἐσεο

305 3987 436 4041 ϐὡν.
470 4008 490 4040 ι
517 3988 595 4042 Τὸ
611 3989 692 4056 δὲ,
732 3989 992 4057 Ἐσεϐὼν,
1024 3991 1229 4048 ἔσωθέν
1264 3995 1416 4048 ἐστιν
1449 3994 1721 4069 Ἐϐραίων
1742 4000 1914 4070 φωνῇ·

305 4080 566 4150 σώματος
600 4082 701 4153 μὲν
726 4083 837 4155 γὰρ
869 4083 1174 4157 ὀφθαλμοῖς
1208 4086 1309 4158 οὐχ
1339 4086 1641 4160 ἁλώσιμον,
1673 4084 1933 4162 καθαροῦ

304 4170 361 4225 δὲ
391 4172 489 4227 νοῦ
526 4175 865 4246 προσϐολαῖς
893 4178 1252 4235 εὐκάτοπτον.
1278 4179 1353 4235 Ἦ
1377 4181 1476 4252 οὐχ
1506 4173 1611 4238 ὧδε
1651 4180 1801 4254 Extat;
1878 4248 1883 4251 _

372 4266 591 4321 ΠΔΛΛ,
623 4267 776 4322 Πάνυ
814 4268 915 4341 μὲν
943 4265 1059 4326 οὖν.
1408 4336 1423 4347 κ
1594 4339 1612 4351 .

372 4357 544 4415 ΚΥΡ.
584 4360 800 4415 Οὐκοῦν
826 4362 888 4416 οὐ
922 4361 1013 4417 διὰ
1039 4364 1142 4436 τῆς
1174 4362 1319 4419 κατᾶ
1343 4363 1508 4436 νόμον
1535 4358 1918 4438 παιδαγωγίας

302 4449 517 4504 κατίδοι
557 4467 641 4515 τις
685 4451 755 4507 ἂν
795 4452 859 4506 τὸ
887 4451 1031 4509 θεῖόν
1063 4463 1126 4509 τε
1165 4454 1262 4509 καὶ
1300 4455 1582 4528 ἀκήρατον
1610 4455 1829 4523 κάλλος,
1858 4458 1917 4511 ὲν

302 4540 528 4614 Χριστῷ
561 4541 619 4597 δὲ
658 4542 862 4614 μᾶλλον
888 4547 984 4601 καὶ
1009 4549 1124 4612 τοῖς
1150 4546 1219 4601 δι’
1244 4546 1415 4603 αὐτοῦ
1445 4546 1837 4621 παιδεύμασιν.

378 4714 598 4769 ΠΑΑΑ.
634 4720 886 4793 ⁹Αληθις.

375 4807 551 4863 ΚΥΡ.
598 4808 810 4874 Ἱκανὸς
833 4813 892 4867 δὲ
918 4815 1057 4887 πρὸς
1084 4815 1386 4888 λύτρωσιν,
1420 4811 1466 4871 ὧ
1501 4816 1789 4881 Παλλάδιε,
1820 4818 1918 4873 καὶ

306 4899 446 4969 πρός
487 4915 555 4967 γε
598 4899 664 4953 τὸ
710 4899 976 4958 δύνασθαι
1016 4908 1199 4979 χειρός
1237 4924 1299 4961 τε
1339 4908 1436 4962 καὶ
1476 4909 1793 4982 τυραννίδος
1829 4908 1920 4976 eam

303 4988 527 5046 ιὶέσθαι
552 4991 889 5067 διαδολικῆς,
918 4997 1037 5068 οὐχὶ
1066 5000 1294 5072 Μωσῆς,
1324 5000 1357 5071 ἢ
1382 5000 1568 5071 νόμος,
1593 5000 1710 5055 ἀλλ’
1735 5003 1764 5056 ὁ
1784 5003 1919 5056 Μω-

306 5084 446 5148 σέως
485 5086 768 5157 Δεσπότης
787 5130 803 5154 ,
833 5088 978 5143 τοῦτ’
1005 5089 1121 5151 ἐστι
1157 5091 1392 5164 Χριστὸς
1414 5133 1429 5156 ,
1469 5093 1565 5146 καὶ
1612 5093 1914 5166 μυστηρίου

303 5176 401 5231 τοῦ
436 5179 564 5232 κατ’
600 5179 766 5234 αὐτὸν
795 5181 830 5253 ἠ
857 5181 1114 5253 δύναμις.
1148 5184 1262 5239 Καὶ
1297 5183 1429 5254 γοῦν
1457 5183 1595 5239 Θεοῦ
1639 5184 1914 5255 λέγοντοςσ

310 5286 329 5319 ι
371 5267 525 5324 Ἰδὼν
554 5267 698 5325 εἶδον
718 5270 821 5343 τὴν
843 5273 1090 5329 κάκωσιν
1115 5275 1214 5330 τοῦ
1242 5274 1375 5330 λαοῦ
1413 5294 1515 5348 μου
1544 5279 1603 5331 ὲν
1628 5277 1916 5349 Αίγύπτῳ,

306 5360 403 5414 καὶ
436 5365 541 5434 τῆς
580 5364 839 5435 κραυγῆς
882 5365 1067 5420 αὐτῶν
1111 5368 1330 5439 ἀκήκοα
1372 5365 1482 5423 ἀπὸ
1511 5370 1622 5422 τῶν
1662 5364 1925 5441 ἐργοδιω-

305 5451 455 5507 κτῶν
473 5470 489 5483 ο
514 5447 638 5508 οἴδα
660 5455 773 5527 γὰρ
798 5455 994 5529 ὀδύνην
1016 5458 1220 5524 αὐτῶν,
1242 5460 1333 5515 καὶ
1362 5461 1606 5533 κατέόην
1635 5459 1921 5526 ἐξελέσθαι

305 5544 508 5609 αὐτοὺς
538 5548 609 5602 ὲκ
642 5547 829 5621 χειρὸς
854 5548 966 5602 τῶν
1005 5551 1355 5620 Αἰγυπτίων,
1387 5552 1683 5623 ἐξαγαγεῖν
1722 5552 1924 5618 αὐτοὺς

266 5704 284 5730 ι
303 5635 370 5690 ὲκ
395 5637 497 5708 τῆς
530 5639 640 5710 γῆς
672 5640 895 5713 ἐκείνης
928 5644 1011 5707 εἰς
1044 5645 1152 5714 γῆν
1180 5642 1759 5724 ἀγαθὴνκαὶνπολλὴν
1780 5685 1795 5711 ,
1841 5646 1924 5709 εἰς

376 5753 582 5831 ξίοοιι.
613 5758 790 5831 v,_37.
868 5757 892 5831 ξ
919 5759 1077 5831 Joan.
1119 5776 1245 5831 xxv,
1272 5759 1324 5815 8.
1402 5763 1424 5794 ‘
1456 5761 1620 5830 Ibid.,
1644 5763 1698 5820 9.
1777 5761 1958 5819 'Gen.
1985 5760 2134 5826 xlxxx,
2173 5758 2243 5814 16
2274 5775 2429 5831 seqq.

307 5825 329 5856 '
355 5824 520 5883 Cant.
551 5845 606 5895 v,
644 5829 732 5883 12.
811 5832 832 5863 ⁹
864 5829 1011 5913 Psal.
1048 5846 1195 5894 κων,
1225 5826 1318 5886 Η.

2023 3334 2153 3408 quia
2168 3332 2488 3407 cuncu'pivit
2528 3326 2647 3388 Rex
2684 3331 2926 3403 speciem
2959 3336 3110 3382 tuam
3137 3327 3181 3379 ".
3215 3345 3233 3377 ι
3285 3319 3505 3379 Dictum
3535 3333 3622 3379 est

2021 3428 2073 3484 ei
2104 3427 2341 3499 quodam
2364 3427 2508 3491 loco,
2544 3425 2712 3480 etiam
2743 3422 2900 3491 illud,
2941 3442 2959 3473 ι
3001 3418 3162 3478 Oculi
3207 3416 3285 3473 t‘ui
3331 3417 3477 3473 sicut
3521 3430 3620 3472 co-

2022 3520 2223 3578 lumbte
2259 3520 2300 3575 ⁸.
2358 3538 2378 3572 ι
2426 3518 2525 3575 Est
2581 3525 2769 3573 autem
2822 3514 3126 3587 spiritualis
3166 3511 3362 3583 procul
3412 3507 3618 3577 dubio,

2022 3623 2187 3686 atque
2257 3611 2504 3669 caelestis
2539 3616 2734 3666 revera
2789 3609 2885 3664 illa
2936 3597 3199 3663 Ecclesiae
3240 3601 3617 3675 pulchritudo.

2024 3706 2301 3778 Scriptum
2322 3716 2408 3761 est
2427 3705 2578 3760 enim
2620 3712 2635 3758 ι
2688 3700 2910 3758 «Omnis
2948 3697 3123 3771 gloria
3152 3694 3278 3751 ﬁlice
3304 3693 3448 3766 regis
3478 3692 3618 3748 Ese-

2021 3800 2135 3855 bon
2156 3800 2200 3853 ο.
2236 3816 2255 3850 ι
2292 3796 2409 3852 Hoc
2446 3804 2636 3852 autem
2664 3792 2922 3858 verbum,
2970 3784 3214 3854 Esehon,
3254 3786 3617 3842 Hebraeorum

2020 3891 2231 3963 lingua,
2291 3890 2607 3945 intrinsecus
2637 3885 2948 3959 signiﬁcat;
2975 3894 3158 3955 neque
3184 3880 3334 3938 enim
3371 3871 3461 3933 illa
3487 3893 3618 3949 spe-

2021 3985 2136 4042 cies
2165 3983 2419 4055 corporis
2475 3980 2653 4037 oculis
2685 3978 3010 4050 percipitur,
3053 3974 3151 4031 sed
3200 3982 3353 4045 purae
3406 3967 3615 4025 mentis

2020 4076 2140 4133 acie
2169 4073 2533 4145 cunspicitur.
2564 4071 2763 4126 Annon
2793 4069 2870 4125 ita
2899 4066 3025 4124 est?

2089 4250 2293 4309 PALL.
2327 4249 2562 4305 Maxime
2590 4263 2748 4303 vero.
2938 4326 2941 4331 Ι

2088 4342 2249 4398 CYR.
2270 4339 2391 4396 Non
2413 4354 2547 4410 ergo
2571 4338 2865 4409 quisquam
2898 4351 2996 4408 per
3020 4337 3155 4409 legis
3186 4336 3620 4408 institutionem,

2019 4434 2264 4491 divinam
2286 4433 2434 4488 illam
2450 4432 2941 4502 incorruptamQue
2979 4421 3453 4502 pulchritudinem
3494 4446 3625 4502 per-

1944 4567 1991 4624 D
2019 4529 2204 4602 spicit,
2248 4526 2343 4584 sed
2392 4541 2490 4598 per
2530 4524 2814 4581 Christum
2868 4525 3074 4597 potius,
3131 4532 3188 4580 et
3228 4525 3350 4598 ejus
3369 4523 3624 4598 discipli-

2022 4638 2152 4678 nam
2162 4664 2174 4676 .

2096 4713 2295 4770 PALL.
2322 4713 2437 4785 ω
2458 4713 2662 4769 Verum
2695 4711 2800 4769 cst.

2062 4824 2065 4827 λ
2095 4807 2254 4865 CYR.
2290 4808 2498 4864 Potens
2526 4815 2709 4863 autem
2742 4805 2811 4861 ad
2838 4818 2943 4860 nos
2971 4802 3331 4861 redimendos
3368 4803 3620 4858 eximen-

2026 4903 2236 4973 dosque
2290 4900 2359 4955 de
2415 4915 2583 4956 manu
2630 4898 3028 4968 dominatuque
3072 4895 3279 4951 diaboli
3324 4894 3446 4961 fuit,
3506 4909 3618 4950 non

2025 4995 2260 5068 Moyses.
2304 5000 2401 5048 aut
2456 4992 2567 5058 lex,
2632 4989 3042 5048 sed'Dominus
3087 4986 3294 5058 Moysi,
3342 4983 3615 5050 Christus,

2028 5087 2277 5159 inquam,
2314 5084 2545 5157 ejusque
2571 5082 2658 5139 vis
2703 5079 3061 5139 sacramenti.
3098 5076 3263 5135 Certe
3306 5092 3432 5133 cum
3471 5077 3618 5132 Deus

2025 5179 2237 5236 diceret
2272 5186 2285 5232 ἑ
2314 5196 2333 5230 ι
2361 5177 2570 5234 Videns
2595 5167 2709 5231 vidi
2748 5172 3099 5230 aﬁlictionem
3133 5168 3323 5241 populi
3366 5167 3496 5235 mei,
3522 5168 3617 5241 qui
3650 5248 3653 5253 Ι

2022 5279 2111 5330 εει
2142 5272 2199 5328 in
2225 5267 2484 5343 Egypto,
2517 5276 2575 5324 et
2601 5268 2904 5324 clamorem
2935 5278 3131 5320 eorum
3160 5261 3349 5318 audivi
3391 5269 3618 5333 propter

2020 5371 2308 5421 exactores
2351 5368 2625 5433 operum:
2679 5360 2796 5416 scio
2838 5356 2989 5413 enim
3017 5353 3267 5411 dolorem
3305 5367 3523 5419 eorum,
3560 5358 3618 5409 et

1987 5466 1991 5471 '
2022 5454 2283 5513 descendi
2315 5455 2379 5509 ut
2403 5454 2636 5511 liberem
2666 5468 2764 5508 eos
2789 5467 2859 5507 ex
2895 5463 3065 5505 manu
3102 5445 3512 5520 Egyptiorum,
3558 5456 3618 5502 et

2021 5547 2253 5603 educam
2275 5556 2373 5603 eos
2401 5562 2470 5603 ex
2498 5554 2647 5601 terra
2675 5545 2787 5610 illa,
2809 5551 2870 5599 et
2888 5539 3148 5597 inducam
3175 5539 3302 5596 illos
3324 5538 3395 5613 in
3413 5547 3616 5594 terram

2022 5642 2225 5699 bunam
2272 5653 2330 5697 et
2374 5642 2628 5708 multam,
2670 5639 2729 5696 in
2769 5648 2973 5695 terram
3021 5644 3338 5692 manantem
3393 5634 3502 5690 mel
3558 5639 3619 5687 et

2508 5759 2529 5790 ⁸
2553 5758 2755 5814 Jerem.
2785 5771 2919 5819 χχιι,
2952 5751 3039 5805 l7.
3118 5749 3315 5805 "Psal.
3347 5764 3491 5810 κων,
3521 5743 3612 5801 il.
