  <div class='ocr_page' id='page_1' title='image "/cluster/home/n/w/nwhite01/storage/ocr_20150623/68:no.1/coo.31924054869742/127.png"; bbox 0 0 4096 6470; ppageno 0'>
   <div class='ocr_carea' id='block_1_1' title="bbox 365 327 609 392">
    <p class='ocr_par' dir='ltr' id='par_1_1' title="bbox 365 327 609 392">
     <span class='ocr_line' id='line_1_1' title="bbox 365 327 609 392; baseline 0.004 -1"><span class='ocrx_word' id='word_1_1' title='bbox 365 327 367 330; x_wconf 7' lang='grc' dir='ltr'><strong>ί</strong></span> <span class='ocrx_word' id='word_1_2' title='bbox 479 336 609 392; x_wconf 68' lang='grc'><strong>’959</strong></span> 
     </span>
    </p>
   </div>
   <div class='ocr_carea' id='block_1_2' title="bbox 1525 324 2758 384">
    <p class='ocr_par' dir='ltr' id='par_1_2' title="bbox 1525 324 2758 384">
     <span class='ocr_line' id='line_1_2' title="bbox 1525 324 2758 384; baseline 0.002 -3"><span class='ocrx_word' id='word_1_3' title='bbox 1525 327 1580 381; x_wconf 88' lang='lat' dir='ltr'><strong>S.</strong></span> <span class='ocrx_word' id='word_1_4' title='bbox 1622 326 1898 382; x_wconf 74' lang='lat' dir='ltr'><strong>CYRLLLI</strong></span> <span class='ocrx_word' id='word_1_5' title='bbox 1933 324 2403 382; x_wconf 61' lang='lat' dir='ltr'><strong>ALEXANDRI&#39;NI</strong></span> <span class='ocrx_word' id='word_1_6' title='bbox 2441 326 2758 384; x_wconf 72' lang='lat' dir='ltr'><strong>ARCHIEP.</strong></span> 
     </span>
    </p>
   </div>
   <div class='ocr_carea' id='block_1_3' title="bbox 3659 338 3758 394">
    <p class='ocr_par' dir='ltr' id='par_1_3' title="bbox 3659 338 3758 394">
     <span class='ocr_line' id='line_1_3' title="bbox 3659 338 3758 394; baseline 0.03 -3"><span class='ocrx_word' id='word_1_7' title='bbox 3659 338 3758 394; x_wconf 70' lang='grc'><strong>240</strong></span> 
     </span>
    </p>
   </div>
   <div class='ocr_carea' id='block_1_4' title="bbox 506 429 2095 517">
    <p class='ocr_par' dir='ltr' id='par_1_4' title="bbox 506 429 2085 517">
     <span class='ocr_line' id='line_1_4' title="bbox 506 429 2085 517; baseline -0.008 -11"><span class='ocrx_word' id='word_1_8' title='bbox 506 452 586 506; x_wconf 83' lang='lat' dir='ltr'><strong>lac</strong></span> <span class='ocrx_word' id='word_1_9' title='bbox 619 451 684 516; x_wconf 85' lang='grc'><strong>¹⁰;</strong></span> <span class='ocrx_word' id='word_1_10' title='bbox 719 467 736 501; x_wconf 77' lang='grc' dir='ltr'><strong>ι</strong></span> <span class='ocrx_word' id='word_1_11' title='bbox 762 460 996 517; x_wconf 88' lang='lat' dir='ltr'><strong>cumque</strong></span> <span class='ocrx_word' id='word_1_12' title='bbox 1018 444 1086 500; x_wconf 90' lang='lat' dir='ltr'><strong>iis</strong></span> <span class='ocrx_word' id='word_1_13' title='bbox 1110 442 1296 499; x_wconf 81' lang='lat' dir='ltr'><strong>verbis</strong></span> <span class='ocrx_word' id='word_1_14' title='bbox 1315 429 1580 500; x_wconf 81' lang='lat' dir='ltr'><strong>continuo</strong></span> <span class='ocrx_word' id='word_1_15' title='bbox 1597 438 1932 500; x_wconf 81' lang='lat' dir='ltr'><strong>addidisset:</strong></span> <span class='ocrx_word' id='word_1_16' title='bbox 1980 460 1997 492; x_wconf 82' lang='grc' dir='ltr'><strong>ι</strong></span> <span class='ocrx_word' id='word_1_17' title='bbox 2017 442 2085 497; x_wconf 90' lang='lat' dir='ltr'><strong>Et</strong></span> 
     </span>
    </p>
   </div>
   <div class='ocr_carea' id='block_1_5' title="bbox 2201 429 3761 517">
    <p class='ocr_par' dir='ltr' id='par_1_5' title="bbox 2201 440 3761 515">
     <span class='ocr_line' id='line_1_5' title="bbox 2201 440 3761 515; baseline 0.003 -21"><span class='ocrx_word' id='word_1_18' title='bbox 2201 441 2286 512; x_wconf 71' lang='grc' dir='ltr'>γῆν</span> <span class='ocrx_word' id='word_1_19' title='bbox 2316 442 2546 512; x_wconf 75' lang='grc' dir='ltr'><strong>ῥέουσαν</strong></span> <span class='ocrx_word' id='word_1_20' title='bbox 2583 440 2725 512; x_wconf 91' lang='grc' dir='ltr'>γάλα</span> <span class='ocrx_word' id='word_1_21' title='bbox 2751 443 2845 497; x_wconf 77' lang='grc' dir='ltr'>καὶ</span> <span class='ocrx_word' id='word_1_22' title='bbox 2876 443 3016 514; x_wconf 79' lang='grc' dir='ltr'>μέλι.</span> <span class='ocrx_word' id='word_1_23' title='bbox 3060 461 3079 496; x_wconf 72' lang='grc' dir='ltr'><strong>ι</strong></span> <span class='ocrx_word' id='word_1_24' title='bbox 3124 443 3234 496; x_wconf 76' lang='grc' dir='ltr'><strong>Καὶ</strong></span> <span class='ocrx_word' id='word_1_25' title='bbox 3261 446 3648 515; x_wconf 64' lang='grc' dir='ltr'><strong>προστιθέντος</strong></span> <span class='ocrx_word' id='word_1_26' title='bbox 3677 455 3761 508; x_wconf 80' lang='grc' dir='ltr'>ιῦ.</span> 
     </span>
    </p>
   </div>
   <div class='ocr_carea' id='block_1_6' title="bbox 471 535 2086 602">
    <p class='ocr_par' dir='ltr' id='par_1_6' title="bbox 471 535 2086 602">
     <span class='ocr_line' id='line_1_6' title="bbox 471 535 2086 602; baseline -0.007 0"><span class='ocrx_word' id='word_1_27' title='bbox 471 548 654 602; x_wconf 82' lang='lat' dir='ltr'><strong>‘nunc</strong></span> <span class='ocrx_word' id='word_1_28' title='bbox 687 558 816 600; x_wconf 90' lang='lat' dir='ltr'><strong>ecce</strong></span> <span class='ocrx_word' id='word_1_29' title='bbox 849 543 1057 599; x_wconf 89' lang='lat' dir='ltr'><strong>clamor</strong></span> <span class='ocrx_word' id='word_1_30' title='bbox 1085 539 1322 595; x_wconf 76' lang='lat' dir='ltr'><strong>filiorum</strong></span> <span class='ocrx_word' id='word_1_31' title='bbox 1363 536 1531 592; x_wconf 83' lang='lat' dir='ltr'><strong>Israel</strong></span> <span class='ocrx_word' id='word_1_32' title='bbox 1576 537 1729 591; x_wconf 88' lang='lat' dir='ltr'><strong>venit</strong></span> <span class='ocrx_word' id='word_1_33' title='bbox 1772 535 1841 590; x_wconf 89' lang='lat' dir='ltr'><strong>ad</strong></span> <span class='ocrx_word' id='word_1_34' title='bbox 1871 550 1990 601; x_wconf 87' lang='lat' dir='ltr'><strong>me;</strong></span> <span class='ocrx_word' id='word_1_35' title='bbox 2029 543 2086 591; x_wconf 89' lang='lat' dir='ltr'><strong>et</strong></span> 
     </span>
    </p>
   </div>
   <div class='ocr_carea' id='block_1_7' title="bbox 499 627 2082 710">
    <p class='ocr_par' dir='ltr' id='par_1_7' title="bbox 499 627 2082 710">
     <span class='ocr_line' id='line_1_7' title="bbox 499 627 2082 710; baseline -0.009 -16"><span class='ocrx_word' id='word_1_36' title='bbox 499 637 615 710; x_wconf 79' lang='lat' dir='ltr'><strong>ego&#39;</strong></span> <span class='ocrx_word' id='word_1_37' title='bbox 637 636 750 691; x_wconf 89' lang='lat' dir='ltr'><strong>vidi</strong></span> <span class='ocrx_word' id='word_1_38' title='bbox 792 632 1142 690; x_wconf 78' lang='lat' dir='ltr'><strong>aﬂIictionem</strong></span> <span class='ocrx_word' id='word_1_39' title='bbox 1183 645 1290 701; x_wconf 91' lang='lat' dir='ltr'><strong>qua</strong></span> <span class='ocrx_word' id='word_1_40' title='bbox 1326 627 1566 700; x_wconf 66' lang='lat' dir='ltr'><strong>Egyptii</strong></span> <span class='ocrx_word' id='word_1_41' title='bbox 1595 627 2029 698; x_wconf 85' lang='lat' dir='ltr'><strong>opprimunteos</strong></span> <span class='ocrx_word' id='word_1_42' title='bbox 2067 643 2082 680; x_wconf 87' lang='lat'><strong>:</strong></span> 
     </span>
    </p>
   </div>
   <div class='ocr_carea' id='block_1_8' title="bbox 503 715 2084 789">
    <p class='ocr_par' dir='ltr' id='par_1_8' title="bbox 503 715 2084 789">
     <span class='ocr_line' id='line_1_8' title="bbox 503 715 2084 789; baseline -0.009 -5"><span class='ocrx_word' id='word_1_43' title='bbox 503 739 560 784; x_wconf 88' lang='lat' dir='ltr'><strong>et</strong></span> <span class='ocrx_word' id='word_1_44' title='bbox 579 743 726 782; x_wconf 90' lang='lat' dir='ltr'><strong>nunc</strong></span> <span class='ocrx_word' id='word_1_45' title='bbox 739 726 884 789; x_wconf 84' lang='lat' dir='ltr'><strong>veni,</strong></span> <span class='ocrx_word' id='word_1_46' title='bbox 899 723 1110 780; x_wconf 88' lang='lat' dir='ltr'><strong>mittam</strong></span> <span class='ocrx_word' id='word_1_47' title='bbox 1134 729 1186 777; x_wconf 88' lang='lat' dir='ltr'><strong>te</strong></span> <span class='ocrx_word' id='word_1_48' title='bbox 1204 719 1272 776; x_wconf 89' lang='lat' dir='ltr'><strong>ad</strong></span> <span class='ocrx_word' id='word_1_49' title='bbox 1293 719 1631 775; x_wconf 80' lang='lat' dir='ltr'><strong>Pharaonem</strong></span> <span class='ocrx_word' id='word_1_50' title='bbox 1650 732 1830 787; x_wconf 83' lang='lat' dir='ltr'><strong>regem</strong></span> <span class='ocrx_word' id='word_1_51' title='bbox 1848 715 2084 788; x_wconf 59' lang='lat' dir='ltr'><strong>(Egypti,</strong></span> 
     </span>
    </p>
   </div>
   <div class='ocr_carea' id='block_1_9' title="bbox 495 809 2086 888">
    <p class='ocr_par' dir='ltr' id='par_1_9' title="bbox 495 809 2086 888">
     <span class='ocr_line' id='line_1_9' title="bbox 495 809 2086 888; baseline -0.008 -12"><span class='ocrx_word' id='word_1_52' title='bbox 495 829 560 876; x_wconf 29' lang='lat' dir='ltr'><strong>vet</strong></span> <span class='ocrx_word' id='word_1_53' title='bbox 612 820 815 874; x_wconf 87' lang='lat' dir='ltr'><strong>educes</strong></span> <span class='ocrx_word' id='word_1_54' title='bbox 866 815 1130 888; x_wconf 87' lang='lat' dir='ltr'><strong>populum</strong></span> <span class='ocrx_word' id='word_1_55' title='bbox 1179 828 1386 877; x_wconf 90' lang='lat' dir='ltr'><strong>meum,</strong></span> <span class='ocrx_word' id='word_1_56' title='bbox 1439 811 1581 865; x_wconf 88' lang='lat' dir='ltr'><strong>filios</strong></span> <span class='ocrx_word' id='word_1_57' title='bbox 1622 809 1789 865; x_wconf 88' lang='lat' dir='ltr'><strong>Israel</strong></span> <span class='ocrx_word' id='word_1_58' title='bbox 1831 824 1896 863; x_wconf 83' lang='lat' dir='ltr'><strong>ex</strong></span> <span class='ocrx_word' id='word_1_59' title='bbox 1942 817 2086 864; x_wconf 90' lang='lat' dir='ltr'><strong>terra</strong></span> 
     </span>
    </p>
   </div>
   <div class='ocr_carea' id='block_1_10' title="bbox 504 899 2083 982">
    <p class='ocr_par' dir='ltr' id='par_1_10' title="bbox 504 899 2083 982">
     <span class='ocr_line' id='line_1_10' title="bbox 504 899 2083 982; baseline -0.009 -15"><span class='ocrx_word' id='word_1_60' title='bbox 504 911 722 982; x_wconf 66' lang='lat' dir='ltr'><strong>Egypti</strong></span> <span class='ocrx_word' id='word_1_61' title='bbox 755 910 833 963; x_wconf 79' lang='lat' dir='ltr'>“z</span> <span class='ocrx_word' id='word_1_62' title='bbox 870 928 888 961; x_wconf 70' lang='grc' dir='ltr'><strong>ι</strong></span> <span class='ocrx_word' id='word_1_63' title='bbox 929 914 1116 978; x_wconf 91' lang='lat' dir='ltr'><strong>aperte</strong></span> <span class='ocrx_word' id='word_1_64' title='bbox 1153 901 1434 975; x_wconf 66' lang='lat' dir='ltr'><strong>ac&#39;palam</strong></span> <span class='ocrx_word' id='word_1_65' title='bbox 1484 901 1805 956; x_wconf 88' lang='lat' dir='ltr'><strong>reclamavit</strong></span> <span class='ocrx_word' id='word_1_66' title='bbox 1830 899 2040 970; x_wconf 85' lang='lat' dir='ltr'><strong>Moyses</strong></span> <span class='ocrx_word' id='word_1_67' title='bbox 2071 917 2083 953; x_wconf 93' lang='lat'>:</span> 
     </span>
    </p>
   </div>
   <div class='ocr_carea' id='block_1_11' title="bbox 511 991 2086 1070">
    <p class='ocr_par' dir='ltr' id='par_1_11' title="bbox 511 991 2086 1070">
     <span class='ocr_line' id='line_1_11' title="bbox 511 991 2086 1070; baseline -0.005 -18"><span class='ocrx_word' id='word_1_68' title='bbox 511 1022 529 1052; x_wconf 74' lang='grc' dir='ltr'>σ</span> <span class='ocrx_word' id='word_1_69' title='bbox 574 1001 708 1070; x_wconf 80' lang='lat' dir='ltr'><strong>Quis</strong></span> <span class='ocrx_word' id='word_1_70' title='bbox 750 1014 871 1054; x_wconf 92' lang='lat' dir='ltr'><strong>sum</strong></span> <span class='ocrx_word' id='word_1_71' title='bbox 911 1013 1034 1068; x_wconf 88' lang='lat' dir='ltr'><strong>ego,</strong></span> <span class='ocrx_word' id='word_1_72' title='bbox 1070 1003 1130 1049; x_wconf 95' lang='lat' dir='ltr'><strong>ut</strong></span> <span class='ocrx_word' id='word_1_73' title='bbox 1165 993 1360 1049; x_wconf 84' lang='lat' dir='ltr'><strong>vadam</strong></span> <span class='ocrx_word' id='word_1_74' title='bbox 1422 991 1490 1047; x_wconf 92' lang='lat' dir='ltr'><strong>ad</strong></span> <span class='ocrx_word' id='word_1_75' title='bbox 1535 992 1880 1046; x_wconf 80' lang='lat' dir='ltr'><strong>Pharaonem</strong></span> <span class='ocrx_word' id='word_1_76' title='bbox 1904 1005 2086 1062; x_wconf 81' lang='lat' dir='ltr'><strong>regem</strong></span> 
     </span>
    </p>
   </div>
   <div class='ocr_carea' id='block_1_12' title="bbox 502 1084 2086 1166">
    <p class='ocr_par' dir='ltr' id='par_1_12' title="bbox 502 1084 2086 1166">
     <span class='ocr_line' id='line_1_12' title="bbox 502 1084 2086 1166; baseline -0.006 -16"><span class='ocrx_word' id='word_1_77' title='bbox 502 1094 740 1166; x_wconf 64' lang='lat' dir='ltr'><strong>zEgypti,</strong></span> <span class='ocrx_word' id='word_1_78' title='bbox 772 1103 828 1148; x_wconf 92' lang='lat' dir='ltr'><strong>et</strong></span> <span class='ocrx_word' id='word_1_79' title='bbox 869 1099 931 1147; x_wconf 91' lang='lat' dir='ltr'><strong>ut</strong></span> <span class='ocrx_word' id='word_1_80' title='bbox 962 1090 1191 1146; x_wconf 88' lang='lat' dir='ltr'><strong>educam</strong></span> <span class='ocrx_word' id='word_1_81' title='bbox 1235 1087 1382 1142; x_wconf 76' lang='lat' dir='ltr'><strong>filios</strong></span> <span class='ocrx_word' id='word_1_82' title='bbox 1413 1085 1578 1142; x_wconf 89' lang='lat' dir='ltr'><strong>Israel</strong></span> <span class='ocrx_word' id='word_1_83' title='bbox 1621 1101 1688 1140; x_wconf 76' lang='lat' dir='ltr'><strong>ex</strong></span> <span class='ocrx_word' id='word_1_84' title='bbox 1725 1095 1872 1140; x_wconf 87' lang='lat' dir='ltr'><strong>terra</strong></span> <span class='ocrx_word' id='word_1_85' title='bbox 1917 1084 2086 1157; x_wconf 66' lang='lat' dir='ltr'><strong>Egy-</strong></span> 
     </span>
    </p>
   </div>
   <div class='ocr_carea' id='block_1_13' title="bbox 503 1174 2090 1255">
    <p class='ocr_par' dir='ltr' id='par_1_13' title="bbox 503 1174 2090 1255">
     <span class='ocr_line' id='line_1_13' title="bbox 503 1174 2090 1255; baseline -0.006 -17"><span class='ocrx_word' id='word_1_86' title='bbox 503 1185 581 1255; x_wconf 92' lang='lat' dir='ltr'><strong>pti</strong></span> <span class='ocrx_word' id='word_1_87' title='bbox 611 1187 652 1218; x_wconf 79' lang='lat'>“</span> <span class='ocrx_word' id='word_1_88' title='bbox 681 1184 746 1237; x_wconf 69' lang='grc' dir='ltr'>ί»</span> <span class='ocrx_word' id='word_1_89' title='bbox 775 1183 916 1238; x_wconf 87' lang='lat' dir='ltr'><strong>Num</strong></span> <span class='ocrx_word' id='word_1_90' title='bbox 941 1181 1105 1252; x_wconf 79' lang='lat' dir='ltr'><strong>igitur</strong></span> <span class='ocrx_word' id='word_1_91' title='bbox 1128 1194 1320 1250; x_wconf 88' lang='lat' dir='ltr'><strong>parum</strong></span> <span class='ocrx_word' id='word_1_92' title='bbox 1351 1185 1437 1232; x_wconf 91' lang='lat' dir='ltr'><strong>est</strong></span> <span class='ocrx_word' id='word_1_93' title='bbox 1472 1176 1699 1232; x_wconf 85' lang='lat' dir='ltr'><strong>evidens</strong></span> <span class='ocrx_word' id='word_1_94' title='bbox 1729 1177 1846 1231; x_wconf 69' lang='lat' dir='ltr'><strong>haec</strong></span> <span class='ocrx_word' id='word_1_95' title='bbox 1879 1174 2090 1247; x_wconf 82' lang='lat' dir='ltr'><strong>ﬁgura?</strong></span> 
     </span>
    </p>
   </div>
   <div class='ocr_carea' id='block_1_14' title="bbox 504 1267 2086 1333">
    <p class='ocr_par' dir='ltr' id='par_1_14' title="bbox 504 1267 2086 1333">
     <span class='ocr_line' id='line_1_14' title="bbox 504 1267 2086 1333; baseline -0.006 -2"><span class='ocrx_word' id='word_1_96' title='bbox 504 1286 560 1331; x_wconf 86' lang='lat' dir='ltr'><strong>et</strong></span> <span class='ocrx_word' id='word_1_97' title='bbox 605 1277 697 1331; x_wconf 92' lang='lat' dir='ltr'><strong>hic</strong></span> <span class='ocrx_word' id='word_1_98' title='bbox 745 1272 1037 1330; x_wconf 86' lang='lat' dir='ltr'><strong>recusandi</strong></span> <span class='ocrx_word' id='word_1_99' title='bbox 1087 1270 1284 1326; x_wconf 89' lang='lat' dir='ltr'><strong>modus</strong></span> <span class='ocrx_word' id='word_1_100' title='bbox 1329 1285 1513 1324; x_wconf 89' lang='lat' dir='ltr'><strong>nonne</strong></span> <span class='ocrx_word' id='word_1_101' title='bbox 1554 1268 1624 1322; x_wconf 88' lang='lat' dir='ltr'><strong>ad</strong></span> <span class='ocrx_word' id='word_1_102' title='bbox 1667 1283 1794 1323; x_wconf 88' lang='lat' dir='ltr'><strong>eum</strong></span> <span class='ocrx_word' id='word_1_103' title='bbox 1826 1267 2086 1333; x_wconf 78' lang='lat' dir='ltr'><strong>refertur,</strong></span> 
     </span>
    </p>
   </div>
   <div class='ocr_carea' id='block_1_15' title="bbox 505 1358 2087 1438">
    <p class='ocr_par' dir='ltr' id='par_1_15' title="bbox 505 1358 2087 1438">
     <span class='ocr_line' id='line_1_15' title="bbox 505 1358 2087 1438; baseline -0.006 -16"><span class='ocrx_word' id='word_1_104' title='bbox 505 1369 599 1438; x_wconf 92' lang='lat' dir='ltr'><strong>qui</strong></span> <span class='ocrx_word' id='word_1_105' title='bbox 629 1366 856 1421; x_wconf 79' lang='lat' dir='ltr'><strong>inﬁnitis</strong></span> <span class='ocrx_word' id='word_1_106' title='bbox 872 1363 1122 1436; x_wconf 88' lang='lat' dir='ltr'><strong>partibus</strong></span> <span class='ocrx_word' id='word_1_107' title='bbox 1151 1361 1402 1432; x_wconf 85' lang='lat' dir='ltr'><strong>superior</strong></span> <span class='ocrx_word' id='word_1_108' title='bbox 1422 1368 1509 1416; x_wconf 90' lang='lat' dir='ltr'><strong>est</strong></span> <span class='ocrx_word' id='word_1_109' title='bbox 1533 1368 1696 1430; x_wconf 88' lang='lat' dir='ltr'><strong>atque</strong></span> <span class='ocrx_word' id='word_1_110' title='bbox 1723 1358 2087 1431; x_wconf 70' lang='lat' dir='ltr'><strong>prtestantior,</strong></span> 
     </span>
    </p>
   </div>
   <div class='ocr_carea' id='block_1_16' title="bbox 507 1451 2086 1524">
    <p class='ocr_par' dir='ltr' id='par_1_16' title="bbox 507 1451 2086 1524">
     <span class='ocr_line' id='line_1_16' title="bbox 507 1451 2086 1524; baseline -0.006 -9"><span class='ocrx_word' id='word_1_111' title='bbox 507 1461 562 1515; x_wconf 89' lang='lat' dir='ltr'><strong>id</strong></span> <span class='ocrx_word' id='word_1_112' title='bbox 588 1467 692 1524; x_wconf 89' lang='lat' dir='ltr'><strong>est,</strong></span> <span class='ocrx_word' id='word_1_113' title='bbox 733 1457 801 1513; x_wconf 90' lang='lat' dir='ltr'><strong>ad</strong></span> <span class='ocrx_word' id='word_1_114' title='bbox 841 1455 1163 1512; x_wconf 84' lang='lat' dir='ltr'><strong>Christum?</strong></span> <span class='ocrx_word' id='word_1_115' title='bbox 1196 1453 1418 1524; x_wconf 82' lang='lat' dir='ltr'><strong>Alioqui</strong></span> <span class='ocrx_word' id='word_1_116' title='bbox 1469 1453 1574 1509; x_wconf 90' lang='lat' dir='ltr'><strong>hoc</strong></span> <span class='ocrx_word' id='word_1_117' title='bbox 1624 1453 1802 1524; x_wconf 91' lang='lat' dir='ltr'><strong>ipsum</strong></span> <span class='ocrx_word' id='word_1_118' title='bbox 1862 1451 2086 1509; x_wconf 85' lang='lat' dir='ltr'><strong>dicere:</strong></span> 
     </span>
    </p>
   </div>
   <div class='ocr_carea' id='block_1_17' title="bbox 505 1543 2090 1622">
    <p class='ocr_par' dir='ltr' id='par_1_17' title="bbox 505 1543 2090 1622">
     <span class='ocr_line' id='line_1_17' title="bbox 505 1543 2090 1622; baseline -0.007 -14"><span class='ocrx_word' id='word_1_119' title='bbox 505 1553 641 1622; x_wconf 86' lang='lat' dir='ltr'><strong>Quis</strong></span> <span class='ocrx_word' id='word_1_120' title='bbox 660 1552 817 1607; x_wconf 89' lang='lat' dir='ltr'><strong>sum?</strong></span> <span class='ocrx_word' id='word_1_121' title='bbox 835 1551 1081 1620; x_wconf 89' lang='lat' dir='ltr'><strong>ineptum</strong></span> <span class='ocrx_word' id='word_1_122' title='bbox 1102 1562 1234 1602; x_wconf 89' lang='lat' dir='ltr'><strong>sane</strong></span> <span class='ocrx_word' id='word_1_123' title='bbox 1250 1555 1413 1601; x_wconf 88' lang='lat' dir='ltr'><strong>esset.</strong></span> <span class='ocrx_word' id='word_1_124' title='bbox 1433 1545 1597 1616; x_wconf 81' lang='lat' dir='ltr'><strong>Atqui</strong></span> <span class='ocrx_word' id='word_1_125' title='bbox 1617 1544 1775 1600; x_wconf 80' lang='lat' dir='ltr'><strong>facile</strong></span> <span class='ocrx_word' id='word_1_126' title='bbox 1799 1543 2090 1599; x_wconf 89' lang='lat' dir='ltr'><strong>admodum</strong></span> 
     </span>
    </p>
   </div>
   <div class='ocr_carea' id='block_1_18' title="bbox 508 1637 2090 1713">
    <p class='ocr_par' dir='ltr' id='par_1_18' title="bbox 508 1637 2090 1713">
     <span class='ocr_line' id='line_1_18' title="bbox 508 1637 2090 1713; baseline -0.006 -13"><span class='ocrx_word' id='word_1_127' title='bbox 508 1645 721 1708; x_wconf 81' lang='lat' dir='ltr'><strong>fuisset,</strong></span> <span class='ocrx_word' id='word_1_128' title='bbox 765 1642 1000 1713; x_wconf 89' lang='lat' dir='ltr'><strong>p0pulos</strong></span> <span class='ocrx_word' id='word_1_129' title='bbox 1041 1639 1278 1710; x_wconf 87' lang='lat' dir='ltr'><strong>eripere,</strong></span> <span class='ocrx_word' id='word_1_130' title='bbox 1318 1653 1381 1693; x_wconf 89' lang='lat' dir='ltr'><strong>ac</strong></span> <span class='ocrx_word' id='word_1_131' title='bbox 1416 1637 1651 1693; x_wconf 88' lang='lat' dir='ltr'><strong>salutem</strong></span> <span class='ocrx_word' id='word_1_132' title='bbox 1691 1638 1948 1709; x_wconf 80' lang='lat' dir='ltr'><strong>gentibus</strong></span> <span class='ocrx_word' id='word_1_133' title='bbox 1992 1653 2090 1708; x_wconf 90' lang='lat' dir='ltr'><strong>pa-</strong></span> 
     </span>
    </p>
   </div>
   <div class='ocr_carea' id='block_1_19' title="bbox 510 1728 2088 1802">
    <p class='ocr_par' dir='ltr' id='par_1_19' title="bbox 510 1728 2088 1802">
     <span class='ocr_line' id='line_1_19' title="bbox 510 1728 2088 1802; baseline -0.005 -11"><span class='ocrx_word' id='word_1_134' title='bbox 510 1751 652 1800; x_wconf 88' lang='lat' dir='ltr'><strong>rere,</strong></span> <span class='ocrx_word' id='word_1_135' title='bbox 678 1734 745 1789; x_wconf 89' lang='lat' dir='ltr'><strong>ad</strong></span> <span class='ocrx_word' id='word_1_136' title='bbox 777 1733 1198 1802; x_wconf 84' lang='lat' dir='ltr'><strong>libertatemque</strong></span> <span class='ocrx_word' id='word_1_137' title='bbox 1221 1745 1502 1795; x_wconf 85' lang='lat' dir='ltr'><strong>revocare,</strong></span> <span class='ocrx_word' id='word_1_138' title='bbox 1545 1729 1590 1784; x_wconf 92' lang='lat' dir='ltr'><strong>si</strong></span> <span class='ocrx_word' id='word_1_139' title='bbox 1626 1729 1748 1800; x_wconf 81' lang='lat' dir='ltr'><strong>ejus</strong></span> <span class='ocrx_word' id='word_1_140' title='bbox 1791 1728 1958 1794; x_wconf 90' lang='lat' dir='ltr'><strong>vires,</strong></span> <span class='ocrx_word' id='word_1_141' title='bbox 1994 1729 2088 1799; x_wconf 91' lang='lat' dir='ltr'><strong>qui</strong></span> 
     </span>
    </p>
   </div>
   <div class='ocr_carea' id='block_1_20' title="bbox 512 1819 2081 1885">
    <p class='ocr_par' dir='ltr' id='par_1_20' title="bbox 512 1819 2081 1885">
     <span class='ocr_line' id='line_1_20' title="bbox 512 1819 2081 1885; baseline -0.004 -4"><span class='ocrx_word' id='word_1_142' title='bbox 512 1828 634 1881; x_wconf 86' lang='lat' dir='ltr'><strong>illos</strong></span> <span class='ocrx_word' id='word_1_143' title='bbox 668 1826 724 1879; x_wconf 91' lang='lat' dir='ltr'><strong>in</strong></span> <span class='ocrx_word' id='word_1_144' title='bbox 753 1824 1020 1880; x_wconf 78' lang='lat' dir='ltr'><strong>servitute</strong></span> <span class='ocrx_word' id='word_1_145' title='bbox 1069 1822 1401 1877; x_wconf 89' lang='lat' dir='ltr'><strong>constrictos</strong></span> <span class='ocrx_word' id='word_1_146' title='bbox 1437 1819 1678 1885; x_wconf 86' lang='lat' dir='ltr'><strong>tenebat,</strong></span> <span class='ocrx_word' id='word_1_147' title='bbox 1722 1819 1955 1885; x_wconf 67' lang='lat' dir='ltr'><strong>Satanaa,</strong></span> <span class='ocrx_word' id='word_1_148' title='bbox 1998 1821 2081 1876; x_wconf 91' lang='lat' dir='ltr'><strong>in-</strong></span> 
     </span>
    </p>
   </div>
   <div class='ocr_carea' id='block_1_21' title="bbox 511 1911 1704 1988">
    <p class='ocr_par' dir='ltr' id='par_1_21' title="bbox 511 1911 1704 1988">
     <span class='ocr_line' id='line_1_21' title="bbox 511 1911 1704 1988; baseline -0.004 -18"><span class='ocrx_word' id='word_1_149' title='bbox 511 1926 694 1988; x_wconf 84' lang='lat' dir='ltr'><strong>quam,</strong></span> <span class='ocrx_word' id='word_1_150' title='bbox 727 1915 925 1971; x_wconf 72' lang='lat' dir='ltr'><strong>attrita:</strong></span> <span class='ocrx_word' id='word_1_151' title='bbox 963 1924 1126 1985; x_wconf 90' lang='lat' dir='ltr'><strong>atque</strong></span> <span class='ocrx_word' id='word_1_152' title='bbox 1153 1921 1428 1968; x_wconf 74' lang='lat' dir='ltr'><strong>enervata:</strong></span> <span class='ocrx_word' id='word_1_153' title='bbox 1451 1911 1704 1968; x_wconf 84' lang='lat' dir='ltr'><strong>fuissent.</strong></span> 
     </span>
    </p>
   </div>
   <div class='ocr_carea' id='block_1_22' title="bbox 578 2003 2090 2064">
    <p class='ocr_par' dir='ltr' id='par_1_22' title="bbox 578 2003 2090 2064">
     <span class='ocr_line' id='line_1_22' title="bbox 578 2003 2090 2064; baseline -0.005 0"><span class='ocrx_word' id='word_1_154' title='bbox 578 2009 774 2064; x_wconf 76' lang='lat' dir='ltr'><strong>PALL.</strong></span> <span class='ocrx_word' id='word_1_155' title='bbox 832 2006 1084 2063; x_wconf 88' lang='lat' dir='ltr'><strong>Profecto</strong></span> <span class='ocrx_word' id='word_1_156' title='bbox 1139 2005 1462 2062; x_wconf 88' lang='lat' dir='ltr'><strong>facillimum</strong></span> <span class='ocrx_word' id='word_1_157' title='bbox 1517 2024 1529 2058; x_wconf 89' lang='lat'><strong>:</strong></span> <span class='ocrx_word' id='word_1_158' title='bbox 1587 2012 1735 2060; x_wconf 88' lang='lat' dir='ltr'><strong>recte</strong></span> <span class='ocrx_word' id='word_1_159' title='bbox 1793 2005 1941 2059; x_wconf 84' lang='lat' dir='ltr'><strong>enim</strong></span> <span class='ocrx_word' id='word_1_160' title='bbox 2002 2003 2090 2058; x_wconf 81' lang='lat' dir='ltr'><strong>di-</strong></span> 
     </span>
    </p>
   </div>
   <div class='ocr_carea' id='block_1_23' title="bbox 496 2105 607 2160">
    <p class='ocr_par' dir='ltr' id='par_1_23' title="bbox 496 2105 607 2160">
     <span class='ocr_line' id='line_1_23' title="bbox 496 2105 607 2160; baseline -0.027 0"><span class='ocrx_word' id='word_1_161' title='bbox 496 2105 607 2160; x_wconf 61' lang='lat' dir='ltr'><strong>&quot;cis.</strong></span> 
     </span>
    </p>
   </div>
   <div class='ocr_carea' id='block_1_24' title="bbox 576 2188 2092 2261">
    <p class='ocr_par' dir='ltr' id='par_1_24' title="bbox 576 2188 2092 2261">
     <span class='ocr_line' id='line_1_24' title="bbox 576 2188 2092 2261; baseline -0.002 -12"><span class='ocrx_word' id='word_1_162' title='bbox 576 2192 734 2248; x_wconf 77' lang='lat' dir='ltr'><strong>CYR.</strong></span> <span class='ocrx_word' id='word_1_163' title='bbox 779 2191 960 2260; x_wconf 84' lang='lat' dir='ltr'><strong>Quid?</strong></span> <span class='ocrx_word' id='word_1_164' title='bbox 997 2206 1181 2246; x_wconf 89' lang='lat' dir='ltr'><strong>nonne</strong></span> <span class='ocrx_word' id='word_1_165' title='bbox 1235 2190 1365 2245; x_wconf 91' lang='lat' dir='ltr'><strong>hinc</strong></span> <span class='ocrx_word' id='word_1_166' title='bbox 1411 2205 1632 2261; x_wconf 85' lang='lat' dir='ltr'><strong>quoque</strong></span> <span class='ocrx_word' id='word_1_167' title='bbox 1666 2203 1894 2260; x_wconf 86' lang='lat' dir='ltr'><strong>prorsus</strong></span> <span class='ocrx_word' id='word_1_168' title='bbox 1934 2188 2092 2246; x_wconf 81' lang='lat' dir='ltr'><strong>facile</strong></span> 
     </span>
    </p>
   </div>
   <div class='ocr_carea' id='block_1_25' title="bbox 509 2279 2092 2349">
    <p class='ocr_par' dir='ltr' id='par_1_25' title="bbox 509 2279 2092 2349">
     <span class='ocr_line' id='line_1_25' title="bbox 509 2279 2092 2349; baseline -0.001 -11"><span class='ocrx_word' id='word_1_169' title='bbox 509 2294 592 2339; x_wconf 88' lang='lat' dir='ltr'><strong>est</strong></span> <span class='ocrx_word' id='word_1_170' title='bbox 647 2283 870 2349; x_wconf 88' lang='lat' dir='ltr'><strong>videre,</strong></span> <span class='ocrx_word' id='word_1_171' title='bbox 928 2282 1176 2337; x_wconf 91' lang='lat' dir='ltr'><strong>omnium</strong></span> <span class='ocrx_word' id='word_1_172' title='bbox 1228 2279 1518 2335; x_wconf 88' lang='lat' dir='ltr'><strong>hominum</strong></span> <span class='ocrx_word' id='word_1_173' title='bbox 1571 2280 1766 2336; x_wconf 89' lang='lat' dir='ltr'><strong>salutis</strong></span> <span class='ocrx_word' id='word_1_174' title='bbox 1812 2289 2092 2336; x_wconf 87' lang='lat' dir='ltr'><strong>auctorem</strong></span> 
     </span>
    </p>
   </div>
   <div class='ocr_carea' id='block_1_26' title="bbox 510 2371 2095 2448">
    <p class='ocr_par' dir='ltr' id='par_1_26' title="bbox 510 2371 2095 2448">
     <span class='ocr_line' id='line_1_26' title="bbox 510 2371 2095 2448; baseline -0.001 -18"><span class='ocrx_word' id='word_1_175' title='bbox 510 2376 676 2432; x_wconf 78' lang='lat' dir='ltr'><strong>fuiSse</strong></span> <span class='ocrx_word' id='word_1_176' title='bbox 703 2375 1047 2448; x_wconf 81' lang='lat' dir='ltr'><strong>unigenitum</strong></span> <span class='ocrx_word' id='word_1_177' title='bbox 1065 2372 1162 2428; x_wconf 91' lang='lat' dir='ltr'><strong>Dei</strong></span> <span class='ocrx_word' id='word_1_178' title='bbox 1191 2371 1429 2428; x_wconf 87' lang='lat' dir='ltr'><strong>Filium?</strong></span> <span class='ocrx_word' id='word_1_179' title='bbox 1468 2373 1643 2443; x_wconf 89' lang='lat' dir='ltr'><strong>ipsius</strong></span> <span class='ocrx_word' id='word_1_180' title='bbox 1677 2372 1825 2427; x_wconf 90' lang='lat' dir='ltr'><strong>enim</strong></span> <span class='ocrx_word' id='word_1_181' title='bbox 1862 2389 1965 2444; x_wconf 88' lang='lat' dir='ltr'><strong>ope</strong></span> <span class='ocrx_word' id='word_1_182' title='bbox 2004 2389 2095 2428; x_wconf 89' lang='lat' dir='ltr'><strong>re-</strong></span> 
     </span>
    </p>
   </div>
   <div class='ocr_carea' id='block_1_27' title="bbox 509 2466 2096 2540">
    <p class='ocr_par' dir='ltr' id='par_1_27' title="bbox 509 2466 2096 2540">
     <span class='ocr_line' id='line_1_27' title="bbox 509 2466 2096 2540; baseline -0.002 -16"><span class='ocrx_word' id='word_1_183' title='bbox 509 2470 716 2540; x_wconf 89' lang='lat' dir='ltr'><strong>dempti</strong></span> <span class='ocrx_word' id='word_1_184' title='bbox 747 2485 957 2532; x_wconf 90' lang='lat' dir='ltr'><strong>sumus,</strong></span> <span class='ocrx_word' id='word_1_185' title='bbox 988 2475 1176 2537; x_wconf 88' lang='lat' dir='ltr'><strong>atque,</strong></span> <span class='ocrx_word' id='word_1_186' title='bbox 1206 2476 1269 2521; x_wconf 93' lang='lat' dir='ltr'><strong>ut</strong></span> <span class='ocrx_word' id='word_1_187' title='bbox 1298 2467 1377 2522; x_wconf 90' lang='lat' dir='ltr'><strong>ait</strong></span> <span class='ocrx_word' id='word_1_188' title='bbox 1403 2467 1672 2536; x_wconf 88' lang='lat' dir='ltr'><strong>propheta</strong></span> <span class='ocrx_word' id='word_1_189' title='bbox 1703 2483 1716 2520; x_wconf 93' lang='lat'><strong>:</strong></span> <span class='ocrx_word' id='word_1_190' title='bbox 1747 2484 1766 2518; x_wconf 73' lang='grc' dir='ltr'><strong>ι</strong></span> <span class='ocrx_word' id='word_1_191' title='bbox 1795 2467 1915 2521; x_wconf 85' lang='grc' dir='ltr'>Νοιι</span> <span class='ocrx_word' id='word_1_192' title='bbox 1950 2466 2096 2537; x_wconf 83' lang='lat' dir='ltr'><strong>lega-</strong></span> 
     </span>
    </p>
   </div>
   <div class='ocr_carea' id='block_1_28' title="bbox 511 2556 2096 2632">
    <p class='ocr_par' dir='ltr' id='par_1_28' title="bbox 511 2556 2096 2632">
     <span class='ocr_line' id='line_1_28' title="bbox 511 2556 2096 2632; baseline -0.001 -18"><span class='ocrx_word' id='word_1_193' title='bbox 511 2569 618 2625; x_wconf 90' lang='lat' dir='ltr'><strong>tus,</strong></span> <span class='ocrx_word' id='word_1_194' title='bbox 690 2577 804 2616; x_wconf 89' lang='lat' dir='ltr'><strong>non</strong></span> <span class='ocrx_word' id='word_1_195' title='bbox 861 2559 1090 2632; x_wconf 81' lang='lat' dir='ltr'><strong>angelus</strong></span> <span class='ocrx_word' id='word_1_196' title='bbox 1121 2599 1137 2624; x_wconf 90' lang='lat'><strong>,</strong></span> <span class='ocrx_word' id='word_1_197' title='bbox 1195 2557 1290 2613; x_wconf 89' lang='lat' dir='ltr'><strong>sed</strong></span> <span class='ocrx_word' id='word_1_198' title='bbox 1365 2557 1481 2628; x_wconf 85' lang='lat' dir='ltr'><strong>ipse</strong></span> <span class='ocrx_word' id='word_1_199' title='bbox 1538 2557 1804 2613; x_wconf 90' lang='lat' dir='ltr'><strong>Dominus</strong></span> <span class='ocrx_word' id='word_1_200' title='bbox 1867 2556 2096 2613; x_wconf 79' lang='lat' dir='ltr'><strong>sal‘vavit</strong></span> 
     </span>
    </p>
   </div>
   <div class='ocr_carea' id='block_1_29' title="bbox 510 2650 737 2705">
    <p class='ocr_par' dir='ltr' id='par_1_29' title="bbox 510 2650 737 2705">
     <span class='ocr_line' id='line_1_29' title="bbox 510 2650 737 2705; baseline -0.013 -1"><span class='ocrx_word' id='word_1_201' title='bbox 510 2650 737 2705; x_wconf 74' lang='lat' dir='ltr'><strong>ltOS‘”.&#39;)</strong></span> 
     </span>
    </p>
   </div>
   <div class='ocr_carea' id='block_1_30' title="bbox 582 2739 1353 2809">
    <p class='ocr_par' dir='ltr' id='par_1_30' title="bbox 582 2739 1353 2809">
     <span class='ocr_line' id='line_1_30' title="bbox 582 2739 1353 2809; baseline -0.006 -13"><span class='ocrx_word' id='word_1_202' title='bbox 582 2740 779 2796; x_wconf 71' lang='lat' dir='ltr'><strong>PALL.</strong></span> <span class='ocrx_word' id='word_1_203' title='bbox 798 2739 1121 2797; x_wconf 84' lang='lat' dir='ltr'><strong>Undenam?</strong></span> <span class='ocrx_word' id='word_1_204' title='bbox 1146 2751 1353 2809; x_wconf 62' lang='lat' dir='ltr'><strong>quaeso.</strong></span> 
     </span>
    </p>
   </div>
   <div class='ocr_carea' id='block_1_31' title="bbox 579 2827 2097 2900">
    <p class='ocr_par' dir='ltr' id='par_1_31' title="bbox 579 2827 2097 2900">
     <span class='ocr_line' id='line_1_31' title="bbox 579 2827 2097 2900; baseline -0.004 -12"><span class='ocrx_word' id='word_1_205' title='bbox 579 2831 739 2889; x_wconf 84' lang='lat' dir='ltr'><strong>CYR.</strong></span> <span class='ocrx_word' id='word_1_206' title='bbox 787 2832 935 2887; x_wconf 91' lang='lat' dir='ltr'><strong>Deus</strong></span> <span class='ocrx_word' id='word_1_207' title='bbox 987 2831 1136 2886; x_wconf 91' lang='lat' dir='ltr'><strong>enim</strong></span> <span class='ocrx_word' id='word_1_208' title='bbox 1189 2829 1569 2884; x_wconf 88' lang='lat' dir='ltr'><strong>universorum</strong></span> <span class='ocrx_word' id='word_1_209' title='bbox 1610 2827 1873 2900; x_wconf 64' lang='lat' dir='ltr'><strong>praecepit</strong></span> <span class='ocrx_word' id='word_1_210' title='bbox 1927 2827 2097 2900; x_wconf 86' lang='lat' dir='ltr'><strong>Moysi</strong></span> 
     </span>
    </p>
   </div>
   <div class='ocr_carea' id='block_1_32' title="bbox 498 2917 2100 2990">
    <p class='ocr_par' dir='ltr' id='par_1_32' title="bbox 498 2917 2100 2990">
     <span class='ocr_line' id='line_1_32' title="bbox 498 2917 2100 2990; baseline -0.002 -12"><span class='ocrx_word' id='word_1_211' title='bbox 498 2924 734 2980; x_wconf 79' lang='lat' dir='ltr'><strong>disertis</strong></span> <span class='ocrx_word' id='word_1_212' title='bbox 752 2923 955 2987; x_wconf 86' lang='lat' dir='ltr'><strong>verbis,</strong></span> <span class='ocrx_word' id='word_1_213' title='bbox 987 2929 1049 2975; x_wconf 91' lang='lat' dir='ltr'><strong>ut</strong></span> <span class='ocrx_word' id='word_1_214' title='bbox 1074 2921 1192 2975; x_wconf 91' lang='lat' dir='ltr'><strong>sine</strong></span> <span class='ocrx_word' id='word_1_215' title='bbox 1210 2919 1560 2974; x_wconf 90' lang='lat' dir='ltr'><strong>cunctatione</strong></span> <span class='ocrx_word' id='word_1_216' title='bbox 1572 2928 1841 2990; x_wconf 71' lang='lat' dir='ltr'><strong>pergeret</strong></span> <span class='ocrx_word' id='word_1_217' title='bbox 1871 2917 1939 2973; x_wconf 91' lang='lat' dir='ltr'><strong>ad</strong></span> <span class='ocrx_word' id='word_1_218' title='bbox 1958 2918 2100 2974; x_wconf 85' lang='lat' dir='ltr'><strong>filios</strong></span> 
     </span>
    </p>
   </div>
   <div class='ocr_carea' id='block_1_33' title="bbox 493 3009 2099 3083">
    <p class='ocr_par' dir='ltr' id='par_1_33' title="bbox 493 3009 2099 3083">
     <span class='ocr_line' id='line_1_33' title="bbox 493 3009 2099 3083; baseline -0.002 -13"><span class='ocrx_word' id='word_1_219' title='bbox 493 3015 702 3080; x_wconf 83' lang='lat' dir='ltr'><strong>Israel,</strong></span> <span class='ocrx_word' id='word_1_220' title='bbox 732 3014 910 3083; x_wconf 90' lang='lat' dir='ltr'><strong>iisque</strong></span> <span class='ocrx_word' id='word_1_221' title='bbox 927 3013 1107 3083; x_wconf 86' lang='lat' dir='ltr'><strong>palam</strong></span> <span class='ocrx_word' id='word_1_222' title='bbox 1139 3012 1368 3078; x_wconf 85' lang='lat' dir='ltr'><strong>diceret,</strong></span> <span class='ocrx_word' id='word_1_223' title='bbox 1407 3009 1554 3082; x_wconf 90' lang='lat' dir='ltr'><strong>quod</strong></span> <span class='ocrx_word' id='word_1_224' title='bbox 1592 3010 1901 3082; x_wconf 84' lang='lat' dir='ltr'><strong>adjutorem</strong></span> <span class='ocrx_word' id='word_1_225' title='bbox 1933 3019 2099 3080; x_wconf 88' lang='lat' dir='ltr'><strong>atque</strong></span> 
     </span>
    </p>
   </div>
   <div class='ocr_carea' id='block_1_34' title="bbox 2188 533 3760 618">
    <p class='ocr_par' dir='ltr' id='par_1_34' title="bbox 2188 533 3760 618">
     <span class='ocr_line' id='line_1_34' title="bbox 2188 533 3760 618; baseline 0.008 -32"><span class='ocrx_word' id='word_1_226' title='bbox 2188 533 2312 598; x_wconf 88' lang='grc' dir='ltr'>θύς·</span> <span class='ocrx_word' id='word_1_227' title='bbox 2355 552 2376 586; x_wconf 78' lang='grc' dir='ltr'><strong>ι</strong></span> <span class='ocrx_word' id='word_1_228' title='bbox 2430 535 2540 589; x_wconf 75' lang='grc' dir='ltr'>Καὶ</span> <span class='ocrx_word' id='word_1_229' title='bbox 2572 535 2667 590; x_wconf 87' lang='grc' dir='ltr'>νῦν</span> <span class='ocrx_word' id='word_1_230' title='bbox 2701 535 2809 589; x_wconf 73' lang='grc' dir='ltr'>ίδοὺ</span> <span class='ocrx_word' id='word_1_231' title='bbox 2857 536 2890 607; x_wconf 77' lang='grc' dir='ltr'>ἡ</span> <span class='ocrx_word' id='word_1_232' title='bbox 2928 537 3146 606; x_wconf 83' lang='grc' dir='ltr'>κραυγὴ</span> <span class='ocrx_word' id='word_1_233' title='bbox 3179 536 3289 590; x_wconf 87' lang='grc' dir='ltr'><strong>τῶν</strong></span> <span class='ocrx_word' id='word_1_234' title='bbox 3341 537 3484 592; x_wconf 80' lang='grc' dir='ltr'>υίῶν</span> <span class='ocrx_word' id='word_1_235' title='bbox 3537 542 3760 618; x_wconf 83' lang='grc' dir='ltr'>Ἰσραὴλ,</span> 
     </span>
    </p>
   </div>
   <div class='ocr_carea' id='block_1_35' title="bbox 2185 625 3761 700">
    <p class='ocr_par' dir='ltr' id='par_1_35' title="bbox 2185 625 3761 700">
     <span class='ocr_line' id='line_1_35' title="bbox 2185 625 3761 700; baseline 0.01 -22"><span class='ocrx_word' id='word_1_236' title='bbox 2185 626 2310 697; x_wconf 77' lang='grc' dir='ltr'>ἥκει</span> <span class='ocrx_word' id='word_1_237' title='bbox 2339 625 2473 697; x_wconf 86' lang='grc' dir='ltr'>πρός</span> <span class='ocrx_word' id='word_1_238' title='bbox 2506 643 2606 697; x_wconf 86' lang='grc' dir='ltr'><strong>με·</strong></span> <span class='ocrx_word' id='word_1_239' title='bbox 2649 627 2803 696; x_wconf 88' lang='grc' dir='ltr'><strong>κάγὼ</strong></span> <span class='ocrx_word' id='word_1_240' title='bbox 2833 627 3054 699; x_wconf 80' lang='grc' dir='ltr'><strong>ἑώρακα</strong></span> <span class='ocrx_word' id='word_1_241' title='bbox 3084 628 3176 682; x_wconf 80' lang='grc' dir='ltr'><strong>τὸν</strong></span> <span class='ocrx_word' id='word_1_242' title='bbox 3206 627 3483 700; x_wconf 76' lang='grc' dir='ltr'>θλιμμὸν,</span> <span class='ocrx_word' id='word_1_243' title='bbox 3513 633 3570 688; x_wconf 77' lang='grc' dir='ltr'>ὃν</span> <span class='ocrx_word' id='word_1_244' title='bbox 3599 637 3647 689; x_wconf 90' lang='grc' dir='ltr'><strong>οί</strong></span> <span class='ocrx_word' id='word_1_245' title='bbox 3673 639 3761 692; x_wconf 78' lang='grc' dir='ltr'><strong>Δίι-</strong></span> 
     </span>
    </p>
   </div>
   <div class='ocr_carea' id='block_1_36' title="bbox 2187 718 3755 795">
    <p class='ocr_par' dir='ltr' id='par_1_36' title="bbox 2187 718 3755 795">
     <span class='ocr_line' id='line_1_36' title="bbox 2187 718 3755 795; baseline 0.007 -23"><span class='ocrx_word' id='word_1_246' title='bbox 2187 718 2404 788; x_wconf 81' lang='grc' dir='ltr'>γύπτιοι</span> <span class='ocrx_word' id='word_1_247' title='bbox 2432 719 2702 774; x_wconf 92' lang='grc' dir='ltr'>θλίϐουσιν</span> <span class='ocrx_word' id='word_1_248' title='bbox 2739 719 2964 785; x_wconf 85' lang='grc' dir='ltr'>αὐτούς·</span> <span class='ocrx_word' id='word_1_249' title='bbox 3003 720 3097 775; x_wconf 75' lang='grc' dir='ltr'>καὶ</span> <span class='ocrx_word' id='word_1_250' title='bbox 3137 721 3232 776; x_wconf 81' lang='grc' dir='ltr'>νῦν</span> <span class='ocrx_word' id='word_1_251' title='bbox 3271 719 3455 795; x_wconf 77' lang='grc' dir='ltr'>δεῦρο,</span> <span class='ocrx_word' id='word_1_252' title='bbox 3489 727 3755 785; x_wconf 78' lang='grc' dir='ltr'><strong>ἀποστελῶ</strong></span> 
     </span>
    </p>
   </div>
   <div class='ocr_carea' id='block_1_37' title="bbox 2191 811 3757 884">
    <p class='ocr_par' dir='ltr' id='par_1_37' title="bbox 2191 811 3757 884">
     <span class='ocr_line' id='line_1_37' title="bbox 2191 811 3757 884; baseline 0.008 -20"><span class='ocrx_word' id='word_1_253' title='bbox 2191 829 2250 865; x_wconf 91' lang='grc' dir='ltr'><strong>σε</strong></span> <span class='ocrx_word' id='word_1_254' title='bbox 2294 813 2432 884; x_wconf 82' lang='grc' dir='ltr'>πρὸς</span> <span class='ocrx_word' id='word_1_255' title='bbox 2463 811 2659 884; x_wconf 84' lang='grc' dir='ltr'>Φαραὼ</span> <span class='ocrx_word' id='word_1_256' title='bbox 2697 813 2921 882; x_wconf 79' lang='grc' dir='ltr'><strong>βασιλέα</strong></span> <span class='ocrx_word' id='word_1_257' title='bbox 2955 813 3236 882; x_wconf 72' lang='grc' dir='ltr'><strong>Αἰγύπτου</strong></span> <span class='ocrx_word' id='word_1_258' title='bbox 3258 854 3275 882; x_wconf 93' lang='grc'><strong>,</strong></span> <span class='ocrx_word' id='word_1_259' title='bbox 3314 816 3407 869; x_wconf 78' lang='grc' dir='ltr'>καὶ</span> <span class='ocrx_word' id='word_1_260' title='bbox 3439 817 3643 884; x_wconf 75' lang='grc' dir='ltr'>ἐξάξεις</span> <span class='ocrx_word' id='word_1_261' title='bbox 3673 823 3757 878; x_wconf 81' lang='grc' dir='ltr'>τὸν</span> 
     </span>
    </p>
   </div>
   <div class='ocr_carea' id='block_1_38' title="bbox 2193 903 3757 976">
    <p class='ocr_par' dir='ltr' id='par_1_38' title="bbox 2193 903 3757 976">
     <span class='ocr_line' id='line_1_38' title="bbox 2193 903 3757 976; baseline -0.001 -19"><span class='ocrx_word' id='word_1_262' title='bbox 2193 903 2321 958; x_wconf 83' lang='grc' dir='ltr'>λαόν</span> <span class='ocrx_word' id='word_1_263' title='bbox 2351 921 2477 975; x_wconf 89' lang='grc' dir='ltr'>μου,</span> <span class='ocrx_word' id='word_1_264' title='bbox 2501 905 2624 969; x_wconf 82' lang='grc' dir='ltr'>τοὺς</span> <span class='ocrx_word' id='word_1_265' title='bbox 2641 906 2789 968; x_wconf 78' lang='grc' dir='ltr'>υἱοὺς</span> <span class='ocrx_word' id='word_1_266' title='bbox 2819 904 3056 976; x_wconf 82' lang='grc' dir='ltr'>Ἰσραὴλ,</span> <span class='ocrx_word' id='word_1_267' title='bbox 3086 907 3152 959; x_wconf 76' lang='grc' dir='ltr'><strong>ἐκ</strong></span> <span class='ocrx_word' id='word_1_268' title='bbox 3171 907 3278 976; x_wconf 80' lang='grc' dir='ltr'>γῆς</span> <span class='ocrx_word' id='word_1_269' title='bbox 3304 907 3638 975; x_wconf 73' lang='grc' dir='ltr'>Δίγύπτουοι</span> <span class='ocrx_word' id='word_1_270' title='bbox 3669 929 3757 966; x_wconf 83' lang='grc' dir='ltr'>σα.</span> 
     </span>
    </p>
   </div>
   <div class='ocr_carea' id='block_1_39' title="bbox 2190 993 3760 1069">
    <p class='ocr_par' dir='ltr' id='par_1_39' title="bbox 2190 993 3760 1069">
     <span class='ocr_line' id='line_1_39' title="bbox 2190 993 3760 1069; baseline 0.005 -21"><span class='ocrx_word' id='word_1_271' title='bbox 2190 993 2304 1062; x_wconf 84' lang='grc' dir='ltr'><strong>φῶς</strong></span> <span class='ocrx_word' id='word_1_272' title='bbox 2355 995 2412 1050; x_wconf 80' lang='grc' dir='ltr'><strong>δὲ</strong></span> <span class='ocrx_word' id='word_1_273' title='bbox 2453 996 2546 1048; x_wconf 72' lang='grc' dir='ltr'>καὶ</span> <span class='ocrx_word' id='word_1_274' title='bbox 2593 994 2888 1066; x_wconf 77' lang='grc' dir='ltr'>διαρρήδην</span> <span class='ocrx_word' id='word_1_275' title='bbox 2932 997 3297 1069; x_wconf 87' lang='grc' dir='ltr'>άνεκεκράγει</span> <span class='ocrx_word' id='word_1_276' title='bbox 3326 997 3564 1069; x_wconf 74' lang='grc' dir='ltr'>Μωσῆςο</span> <span class='ocrx_word' id='word_1_277' title='bbox 3604 1021 3622 1053; x_wconf 79' lang='grc' dir='ltr'><strong>ι</strong></span> <span class='ocrx_word' id='word_1_278' title='bbox 3670 1002 3760 1068; x_wconf 88' lang='grc' dir='ltr'><strong>Τίς</strong></span> 
     </span>
    </p>
   </div>
   <div class='ocr_carea' id='block_1_40' title="bbox 2189 1087 3762 1163">
    <p class='ocr_par' dir='ltr' id='par_1_40' title="bbox 2189 1087 3762 1163">
     <span class='ocr_line' id='line_1_40' title="bbox 2189 1087 3762 1163; baseline 0.006 -23"><span class='ocrx_word' id='word_1_279' title='bbox 2189 1091 2303 1159; x_wconf 84' lang='grc' dir='ltr'>εἰμι</span> <span class='ocrx_word' id='word_1_280' title='bbox 2338 1087 2479 1158; x_wconf 80' lang='grc' dir='ltr'>ἐγὼ,</span> <span class='ocrx_word' id='word_1_281' title='bbox 2515 1089 2597 1142; x_wconf 85' lang='grc' dir='ltr'>ὅτι</span> <span class='ocrx_word' id='word_1_282' title='bbox 2627 1087 2968 1160; x_wconf 81' lang='grc' dir='ltr'><strong>πορεύσομαι</strong></span> <span class='ocrx_word' id='word_1_283' title='bbox 2999 1091 3134 1162; x_wconf 84' lang='grc' dir='ltr'>πρὸς</span> <span class='ocrx_word' id='word_1_284' title='bbox 3175 1090 3373 1163; x_wconf 85' lang='grc' dir='ltr'>Φαραὼ</span> <span class='ocrx_word' id='word_1_285' title='bbox 3418 1092 3636 1162; x_wconf 83' lang='grc' dir='ltr'><strong>βασιλέα</strong></span> <span class='ocrx_word' id='word_1_286' title='bbox 3673 1098 3762 1149; x_wconf 75' lang='lat' dir='ltr'><strong>Aio</strong></span> 
     </span>
    </p>
   </div>
   <div class='ocr_carea' id='block_1_41' title="bbox 2190 1177 3763 1258">
    <p class='ocr_par' dir='ltr' id='par_1_41' title="bbox 2190 1177 3763 1258">
     <span class='ocr_line' id='line_1_41' title="bbox 2190 1177 3763 1258; baseline 0.004 -25"><span class='ocrx_word' id='word_1_287' title='bbox 2190 1180 2418 1248; x_wconf 82' lang='grc' dir='ltr'>γύπτου,</span> <span class='ocrx_word' id='word_1_288' title='bbox 2464 1181 2559 1235; x_wconf 79' lang='grc' dir='ltr'><strong>καὶ</strong></span> <span class='ocrx_word' id='word_1_289' title='bbox 2604 1181 2686 1234; x_wconf 83' lang='grc' dir='ltr'>ὄτι</span> <span class='ocrx_word' id='word_1_290' title='bbox 2727 1177 2902 1245; x_wconf 75' lang='grc' dir='ltr'>ἐξάξω</span> <span class='ocrx_word' id='word_1_291' title='bbox 2946 1182 3072 1244; x_wconf 78' lang='grc' dir='ltr'>τοὺς</span> <span class='ocrx_word' id='word_1_292' title='bbox 3113 1181 3265 1245; x_wconf 81' lang='grc' dir='ltr'>υἱοὺς</span> <span class='ocrx_word' id='word_1_293' title='bbox 3315 1182 3530 1254; x_wconf 82' lang='grc' dir='ltr'>Ἰσραὴλ</span> <span class='ocrx_word' id='word_1_294' title='bbox 3569 1184 3633 1238; x_wconf 87' lang='grc' dir='ltr'><strong>ἐκ</strong></span> <span class='ocrx_word' id='word_1_295' title='bbox 3666 1189 3763 1258; x_wconf 81' lang='grc' dir='ltr'>γῆς</span> 
     </span>
    </p>
   </div>
   <div class='ocr_carea' id='block_1_42' title="bbox 2591 1268 2912 1294">
    <p class='ocr_par' dir='ltr' id='par_1_42' title="bbox 2591 1268 2912 1294">
     <span class='ocr_line' id='line_1_42' title="bbox 2591 1268 2912 1294; baseline -0.003 0"><span class='ocrx_word' id='word_1_296' title='bbox 2591 1268 2651 1294; x_wconf 70' lang='grc' dir='ltr'><strong>τι</strong></span> <span class='ocrx_word' id='word_1_297' title='bbox 2679 1274 2718 1294; x_wconf 75' lang='grc' dir='ltr'><strong>,ει</strong></span> <span class='ocrx_word' id='word_1_298' title='bbox 2749 1268 2835 1294; x_wconf 49' lang='grc' dir='ltr'><strong>,ἐτη</strong></span> <span class='ocrx_word' id='word_1_299' title='bbox 2864 1273 2912 1294; x_wconf 53' lang='grc' dir='ltr'><strong>Α)</strong></span> 
     </span>
    </p>
   </div>
   <div class='ocr_carea' id='block_1_43' title="bbox 2194 1363 3767 1438">
    <p class='ocr_par' dir='ltr' id='par_1_43' title="bbox 2194 1363 3767 1438">
     <span class='ocr_line' id='line_1_43' title="bbox 2194 1363 3767 1438; baseline 0.003 -21"><span class='ocrx_word' id='word_1_300' title='bbox 2194 1365 2574 1436; x_wconf 74' lang='grc' dir='ltr'><strong>παραιτήσεως</strong></span> <span class='ocrx_word' id='word_1_301' title='bbox 2601 1364 2801 1436; x_wconf 83' lang='grc' dir='ltr'><strong>τρόπος</strong></span> <span class='ocrx_word' id='word_1_302' title='bbox 2827 1364 2948 1436; x_wconf 79' lang='grc' dir='ltr'><strong>οὐχὶ</strong></span> <span class='ocrx_word' id='word_1_303' title='bbox 2975 1363 3075 1435; x_wconf 81' lang='grc' dir='ltr'>τὴν</span> <span class='ocrx_word' id='word_1_304' title='bbox 3101 1365 3378 1437; x_wconf 83' lang='grc' dir='ltr'>ἀναφορὰν</span> <span class='ocrx_word' id='word_1_305' title='bbox 3409 1367 3502 1420; x_wconf 75' lang='grc' dir='ltr'>ἐπὶ</span> <span class='ocrx_word' id='word_1_306' title='bbox 3522 1367 3585 1420; x_wconf 78' lang='grc' dir='ltr'><strong>τὸ</strong></span> <span class='ocrx_word' id='word_1_307' title='bbox 3608 1369 3767 1438; x_wconf 81' lang='grc' dir='ltr'>ἀσυγ-</span> 
     </span>
    </p>
   </div>
   <div class='ocr_carea' id='block_1_44' title="bbox 2192 1445 3764 1530">
    <p class='ocr_par' dir='ltr' id='par_1_44' title="bbox 2192 1445 3764 1530">
     <span class='ocr_line' id='line_1_44' title="bbox 2192 1445 3764 1530; baseline 0.004 -21"><span class='ocrx_word' id='word_1_308' title='bbox 2192 1456 2394 1528; x_wconf 82' lang='grc' dir='ltr'>κρίτως</span> <span class='ocrx_word' id='word_1_309' title='bbox 2419 1457 2753 1530; x_wconf 84' lang='grc' dir='ltr'>ὐπερτεροῦν</span> <span class='ocrx_word' id='word_1_310' title='bbox 2779 1459 2872 1512; x_wconf 79' lang='grc' dir='ltr'><strong>καὶ</strong></span> <span class='ocrx_word' id='word_1_311' title='bbox 2893 1445 3289 1528; x_wconf 74' lang='grc' dir='ltr'><strong>ὑπερκείμενον</strong></span> <span class='ocrx_word' id='word_1_312' title='bbox 3315 1458 3447 1529; x_wconf 75' lang='grc' dir='ltr'>ἔχει,</span> <span class='ocrx_word' id='word_1_313' title='bbox 3470 1458 3614 1513; x_wconf 81' lang='grc' dir='ltr'>τοῦτ’</span> <span class='ocrx_word' id='word_1_314' title='bbox 3634 1461 3764 1528; x_wconf 76' lang='grc' dir='ltr'>ἐστι,</span> 
     </span>
    </p>
   </div>
   <div class='ocr_carea' id='block_1_45' title="bbox 2194 1550 3764 1623">
    <p class='ocr_par' dir='ltr' id='par_1_45' title="bbox 2194 1550 3764 1623">
     <span class='ocr_line' id='line_1_45' title="bbox 2194 1550 3764 1623; baseline 0.001 -19"><span class='ocrx_word' id='word_1_315' title='bbox 2194 1550 2460 1622; x_wconf 76' lang='grc' dir='ltr'>Χριστόνς</span> <span class='ocrx_word' id='word_1_316' title='bbox 2494 1551 2580 1614; x_wconf 84' lang='grc' dir='ltr'>Ὠς</span> <span class='ocrx_word' id='word_1_317' title='bbox 2599 1550 2679 1616; x_wconf 80' lang='grc' dir='ltr'><strong>τὸ,</strong></span> <span class='ocrx_word' id='word_1_318' title='bbox 2703 1570 2721 1601; x_wconf 84' lang='grc' dir='ltr'><strong>ι</strong></span> <span class='ocrx_word' id='word_1_319' title='bbox 2747 1550 2841 1614; x_wconf 88' lang='grc' dir='ltr'><strong>Τίς</strong></span> <span class='ocrx_word' id='word_1_320' title='bbox 2859 1550 3128 1622; x_wconf 85' lang='grc' dir='ltr'>είμιέγώ;</span> <span class='ocrx_word' id='word_1_321' title='bbox 3152 1569 3171 1601; x_wconf 74' lang='grc' dir='ltr'><strong>ι</strong></span> <span class='ocrx_word' id='word_1_322' title='bbox 3197 1550 3374 1620; x_wconf 81' lang='grc' dir='ltr'>λέγειν</span> <span class='ocrx_word' id='word_1_323' title='bbox 3403 1551 3764 1623; x_wconf 75' lang='grc' dir='ltr'><strong>ἀνάρμοστον⁹</strong></span> 
     </span>
    </p>
   </div>
   <div class='ocr_carea' id='block_1_46' title="bbox 2194 1641 3765 1716">
    <p class='ocr_par' dir='ltr' id='par_1_46' title="bbox 2194 1641 3765 1716">
     <span class='ocr_line' id='line_1_46' title="bbox 2194 1641 3765 1716; baseline 0.002 -21"><span class='ocrx_word' id='word_1_324' title='bbox 2194 1642 2418 1706; x_wconf 82' lang='grc' dir='ltr'>εὐπετὲς</span> <span class='ocrx_word' id='word_1_325' title='bbox 2440 1643 2496 1696; x_wconf 80' lang='grc' dir='ltr'><strong>δὲ</strong></span> <span class='ocrx_word' id='word_1_326' title='bbox 2519 1641 2636 1695; x_wconf 83' lang='grc' dir='ltr'>λίαν</span> <span class='ocrx_word' id='word_1_327' title='bbox 2663 1643 2722 1694; x_wconf 80' lang='grc' dir='ltr'>τὸ</span> <span class='ocrx_word' id='word_1_328' title='bbox 2759 1641 3034 1709; x_wconf 81' lang='grc' dir='ltr'>ἐξελέσθαι</span> <span class='ocrx_word' id='word_1_329' title='bbox 3062 1643 3246 1706; x_wconf 79' lang='grc' dir='ltr'>λαοὺς,</span> <span class='ocrx_word' id='word_1_330' title='bbox 3275 1641 3371 1697; x_wconf 79' lang='grc' dir='ltr'><strong>καὶ</strong></span> <span class='ocrx_word' id='word_1_331' title='bbox 3397 1642 3594 1707; x_wconf 77' lang='grc' dir='ltr'>σώζειν</span> <span class='ocrx_word' id='word_1_332' title='bbox 3621 1643 3765 1716; x_wconf 71' lang='grc' dir='ltr'>ἔθνη,</span> 
     </span>
    </p>
   </div>
   <div class='ocr_carea' id='block_1_47' title="bbox 2197 1733 3770 1809">
    <p class='ocr_par' dir='ltr' id='par_1_47' title="bbox 2197 1733 3770 1809">
     <span class='ocr_line' id='line_1_47' title="bbox 2197 1733 3770 1809; baseline 0.001 -21"><span class='ocrx_word' id='word_1_333' title='bbox 2197 1735 2289 1789; x_wconf 73' lang='grc' dir='ltr'><strong>καὶ</strong></span> <span class='ocrx_word' id='word_1_334' title='bbox 2312 1733 2668 1805; x_wconf 77' lang='grc' dir='ltr'><strong>ἀποκομίζειν</strong></span> <span class='ocrx_word' id='word_1_335' title='bbox 2705 1736 2783 1798; x_wconf 82' lang='grc' dir='ltr'><strong>είς</strong></span> <span class='ocrx_word' id='word_1_336' title='bbox 2809 1734 3125 1804; x_wconf 76' lang='grc' dir='ltr'>ἐλευθερίαν</span> <span class='ocrx_word' id='word_1_337' title='bbox 3145 1775 3160 1795; x_wconf 87' lang='grc'><strong>,</strong></span> <span class='ocrx_word' id='word_1_338' title='bbox 3191 1735 3651 1809; x_wconf 72' lang='grc' dir='ltr'>συντετριμμένον</span> <span class='ocrx_word' id='word_1_339' title='bbox 3681 1738 3770 1790; x_wconf 77' lang='grc' dir='ltr'>καὶ</span> 
     </span>
    </p>
   </div>
   <div class='ocr_carea' id='block_1_48' title="bbox 2193 1823 3766 1899">
    <p class='ocr_par' dir='ltr' id='par_1_48' title="bbox 2193 1823 3766 1899">
     <span class='ocr_line' id='line_1_48' title="bbox 2193 1823 3766 1899; baseline 0.001 -20"><span class='ocrx_word' id='word_1_340' title='bbox 2193 1827 2572 1897; x_wconf 78' lang='grc' dir='ltr'>ἀτονήσαντος,</span> <span class='ocrx_word' id='word_1_341' title='bbox 2587 1823 2678 1878; x_wconf 82' lang='grc' dir='ltr'><strong>τοῦ</strong></span> <span class='ocrx_word' id='word_1_342' title='bbox 2702 1825 2835 1899; x_wconf 72' lang='grc' dir='ltr'>πρὸς</span> <span class='ocrx_word' id='word_1_343' title='bbox 2855 1824 3101 1880; x_wconf 80' lang='grc' dir='ltr'>δουλείαν</span> <span class='ocrx_word' id='word_1_344' title='bbox 3123 1826 3440 1897; x_wconf 78' lang='grc' dir='ltr'>συνέχοντος</span> <span class='ocrx_word' id='word_1_345' title='bbox 3477 1827 3617 1882; x_wconf 84' lang='grc' dir='ltr'>τοῦτ’</span> <span class='ocrx_word' id='word_1_346' title='bbox 3637 1827 3766 1894; x_wconf 77' lang='grc' dir='ltr'>ἔστι,</span> 
     </span>
    </p>
   </div>
   <div class='ocr_carea' id='block_1_49' title="bbox 2192 1915 2554 1972">
    <p class='ocr_par' dir='ltr' id='par_1_49' title="bbox 2192 1915 2554 1972">
     <span class='ocr_line' id='line_1_49' title="bbox 2192 1915 2554 1972; baseline 0.011 -4"><span class='ocrx_word' id='word_1_347' title='bbox 2192 1915 2285 1970; x_wconf 82' lang='grc' dir='ltr'><strong>τοῦ</strong></span> <span class='ocrx_word' id='word_1_348' title='bbox 2318 1918 2554 1972; x_wconf 77' lang='grc' dir='ltr'><strong>Σατανᾶ.</strong></span> 
     </span>
    </p>
   </div>
   <div class='ocr_carea' id='block_1_50' title="bbox 2262 2011 3478 2086">
    <p class='ocr_par' dir='ltr' id='par_1_50' title="bbox 2262 2011 3478 2086">
     <span class='ocr_line' id='line_1_50' title="bbox 2262 2011 3478 2086; baseline 0.002 -23"><span class='ocrx_word' id='word_1_349' title='bbox 2262 2011 2473 2065; x_wconf 80' lang='grc' dir='ltr'>ΠΑΛΛ.</span> <span class='ocrx_word' id='word_1_350' title='bbox 2506 2011 2945 2068; x_wconf 73' lang='grc' dir='ltr'>Εὐπετέστατονσ</span> <span class='ocrx_word' id='word_1_351' title='bbox 2979 2012 3118 2086; x_wconf 74' lang='grc' dir='ltr'>ἔφης</span> <span class='ocrx_word' id='word_1_352' title='bbox 3149 2013 3260 2086; x_wconf 84' lang='grc' dir='ltr'>γὰρ</span> <span class='ocrx_word' id='word_1_353' title='bbox 3296 2012 3478 2084; x_wconf 81' lang='grc' dir='ltr'>ὀρθῶς</span> 
     </span>
    </p>
   </div>
   <div class='ocr_carea' id='block_1_51' title="bbox 2264 2189 3772 2264">
    <p class='ocr_par' dir='ltr' id='par_1_51' title="bbox 2264 2189 3772 2264">
     <span class='ocr_line' id='line_1_51' title="bbox 2264 2189 3772 2264; baseline -0.001 -19"><span class='ocrx_word' id='word_1_354' title='bbox 2264 2191 2430 2246; x_wconf 85' lang='grc' dir='ltr'>ΚΥΡ.</span> <span class='ocrx_word' id='word_1_355' title='bbox 2479 2192 2543 2246; x_wconf 88' lang='grc' dir='ltr'><strong>Τί</strong></span> <span class='ocrx_word' id='word_1_356' title='bbox 2589 2191 2679 2256; x_wconf 85' lang='grc' dir='ltr'><strong>δέ;</strong></span> <span class='ocrx_word' id='word_1_357' title='bbox 2715 2191 2836 2262; x_wconf 69' lang='grc' dir='ltr'>οὐχὶ</span> <span class='ocrx_word' id='word_1_358' title='bbox 2877 2189 3177 2246; x_wconf 80' lang='grc' dir='ltr'>κάντεῦθεν</span> <span class='ocrx_word' id='word_1_359' title='bbox 3225 2190 3352 2245; x_wconf 81' lang='grc' dir='ltr'>ἰδεῖν</span> <span class='ocrx_word' id='word_1_360' title='bbox 3400 2190 3772 2264; x_wconf 80' lang='grc' dir='ltr'>ἀταλαίπωρον</span> 
     </span>
    </p>
   </div>
   <div class='ocr_carea' id='block_1_52' title="bbox 2194 2267 3775 2357">
    <p class='ocr_par' dir='ltr' id='par_1_52' title="bbox 2194 2267 3775 2357">
     <span class='ocr_line' id='line_1_52' title="bbox 2194 2267 3775 2357; baseline -0.003 -17"><span class='ocrx_word' id='word_1_361' title='bbox 2194 2285 2504 2351; x_wconf 78' lang='grc' dir='ltr'>παντελῶς,</span> <span class='ocrx_word' id='word_1_362' title='bbox 2533 2287 2615 2339; x_wconf 79' lang='grc' dir='ltr'>ὅτι</span> <span class='ocrx_word' id='word_1_363' title='bbox 2644 2286 2742 2357; x_wconf 84' lang='grc' dir='ltr'>τῆς</span> <span class='ocrx_word' id='word_1_364' title='bbox 2779 2285 3036 2339; x_wconf 83' lang='grc' dir='ltr'>ἁπάντων</span> <span class='ocrx_word' id='word_1_365' title='bbox 3071 2283 3346 2356; x_wconf 85' lang='grc' dir='ltr'>σωτηρίας</span> <span class='ocrx_word' id='word_1_366' title='bbox 3393 2267 3661 2354; x_wconf 81' lang='grc' dir='ltr'>πρύτανις</span> <span class='ocrx_word' id='word_1_367' title='bbox 3691 2283 3775 2352; x_wconf 76' lang='grc' dir='ltr'>γί-</span> 
     </span>
    </p>
   </div>
   <div class='ocr_carea' id='block_1_53' title="bbox 2193 2375 3773 2449">
    <p class='ocr_par' dir='ltr' id='par_1_53' title="bbox 2193 2375 3773 2449">
     <span class='ocr_line' id='line_1_53' title="bbox 2193 2375 3773 2449; baseline -0.004 -16"><span class='ocrx_word' id='word_1_368' title='bbox 2193 2395 2348 2448; x_wconf 89' lang='grc' dir='ltr'>γονεν</span> <span class='ocrx_word' id='word_1_369' title='bbox 2382 2381 2410 2432; x_wconf 92' lang='lat'><strong>6</strong></span> <span class='ocrx_word' id='word_1_370' title='bbox 2454 2379 2803 2449; x_wconf 84' lang='grc' dir='ltr'>Μονογενής;</span> <span class='ocrx_word' id='word_1_371' title='bbox 2844 2378 2911 2432; x_wconf 89' lang='grc' dir='ltr'><strong>δι’</strong></span> <span class='ocrx_word' id='word_1_372' title='bbox 2946 2377 3111 2432; x_wconf 77' lang='grc' dir='ltr'>αὐτοῦ</span> <span class='ocrx_word' id='word_1_373' title='bbox 3154 2376 3264 2447; x_wconf 82' lang='grc' dir='ltr'>γὰρ</span> <span class='ocrx_word' id='word_1_374' title='bbox 3309 2375 3773 2447; x_wconf 83' lang='grc' dir='ltr'>ἐκλελυτρώμεθα,</span> 
     </span>
    </p>
   </div>
   <div class='ocr_carea' id='block_1_54' title="bbox 2194 2465 3774 2539">
    <p class='ocr_par' dir='ltr' id='par_1_54' title="bbox 2194 2465 3774 2539">
     <span class='ocr_line' id='line_1_54' title="bbox 2194 2465 3774 2539; baseline -0.002 -19"><span class='ocrx_word' id='word_1_375' title='bbox 2194 2467 2288 2522; x_wconf 87' lang='grc' dir='ltr'><strong>καί</strong></span> <span class='ocrx_word' id='word_1_376' title='bbox 2319 2484 2482 2536; x_wconf 85' lang='grc' dir='ltr'>φησιν</span> <span class='ocrx_word' id='word_1_377' title='bbox 2512 2469 2539 2520; x_wconf 97' lang='lat'><strong>6</strong></span> <span class='ocrx_word' id='word_1_378' title='bbox 2579 2467 2863 2539; x_wconf 78' lang='grc' dir='ltr'><strong>προφήτης</strong></span> <span class='ocrx_word' id='word_1_379' title='bbox 2885 2482 2898 2496; x_wconf 90' lang='grc'><strong>·</strong></span> <span class='ocrx_word' id='word_1_380' title='bbox 2939 2484 2958 2518; x_wconf 76' lang='grc' dir='ltr'><strong>ι</strong></span> <span class='ocrx_word' id='word_1_381' title='bbox 2997 2466 3070 2519; x_wconf 91' lang='grc' dir='ltr'>Οὐ</span> <span class='ocrx_word' id='word_1_382' title='bbox 3102 2465 3366 2538; x_wconf 86' lang='grc' dir='ltr'>πρέσϐυς,</span> <span class='ocrx_word' id='word_1_383' title='bbox 3403 2467 3510 2520; x_wconf 84' lang='grc' dir='ltr'><strong>οὐκ</strong></span> <span class='ocrx_word' id='word_1_384' title='bbox 3539 2465 3774 2536; x_wconf 77' lang='grc' dir='ltr'>ἄγγελος,</span> 
     </span>
    </p>
   </div>
   <div class='ocr_carea' id='block_1_55' title="bbox 2195 2557 3318 2630">
    <p class='ocr_par' dir='ltr' id='par_1_55' title="bbox 2195 2557 3318 2630">
     <span class='ocr_line' id='line_1_55' title="bbox 2195 2557 3318 2630; baseline -0.004 -16"><span class='ocrx_word' id='word_1_385' title='bbox 2195 2557 2310 2614; x_wconf 86' lang='grc' dir='ltr'>ἀλλ’</span> <span class='ocrx_word' id='word_1_386' title='bbox 2345 2558 2508 2623; x_wconf 83' lang='grc' dir='ltr'>αὐτὸς</span> <span class='ocrx_word' id='word_1_387' title='bbox 2546 2561 2574 2612; x_wconf 93' lang='lat'><strong>6</strong></span> <span class='ocrx_word' id='word_1_388' title='bbox 2613 2558 2818 2629; x_wconf 79' lang='grc' dir='ltr'>Κύριος</span> <span class='ocrx_word' id='word_1_389' title='bbox 2847 2558 3052 2613; x_wconf 71' lang='grc' dir='ltr'>ἔσωσεν</span> <span class='ocrx_word' id='word_1_390' title='bbox 3083 2559 3250 2630; x_wconf 76' lang='grc' dir='ltr'>ἡμᾶς.</span> <span class='ocrx_word' id='word_1_391' title='bbox 3299 2576 3318 2610; x_wconf 77' lang='grc' dir='ltr'><strong>ι</strong></span> 
     </span>
    </p>
   </div>
   <div class='ocr_carea' id='block_1_56' title="bbox 2267 2735 2882 2807">
    <p class='ocr_par' dir='ltr' id='par_1_56' title="bbox 2267 2735 2882 2807">
     <span class='ocr_line' id='line_1_56' title="bbox 2267 2735 2882 2807; baseline -0.005 -16"><span class='ocrx_word' id='word_1_392' title='bbox 2267 2737 2477 2793; x_wconf 78' lang='grc' dir='ltr'><strong>ΠᾹΛΛ.</strong></span> <span class='ocrx_word' id='word_1_393' title='bbox 2513 2736 2682 2790; x_wconf 73' lang='grc' dir='ltr'>Πόθεν</span> <span class='ocrx_word' id='word_1_394' title='bbox 2715 2735 2849 2807; x_wconf 80' lang='grc' dir='ltr'>ἔφης</span> <span class='ocrx_word' id='word_1_395' title='bbox 2868 2756 2882 2803; x_wconf 90' lang='grc'><strong>;</strong></span> 
     </span>
    </p>
   </div>
   <div class='ocr_carea' id='block_1_57' title="bbox 2269 2829 3783 2904">
    <p class='ocr_par' dir='ltr' id='par_1_57' title="bbox 2269 2829 3783 2904">
     <span class='ocr_line' id='line_1_57' title="bbox 2269 2829 3783 2904; baseline 0.001 -19"><span class='ocrx_word' id='word_1_396' title='bbox 2269 2831 2434 2885; x_wconf 83' lang='grc' dir='ltr'><strong>ΚΥΡ.</strong></span> <span class='ocrx_word' id='word_1_397' title='bbox 2487 2830 2544 2883; x_wconf 90' lang='lat'><strong>&#39;0</strong></span> <span class='ocrx_word' id='word_1_398' title='bbox 2580 2830 2678 2901; x_wconf 84' lang='grc' dir='ltr'>μὲν</span> <span class='ocrx_word' id='word_1_399' title='bbox 2714 2830 2823 2900; x_wconf 83' lang='grc' dir='ltr'>γὰρ</span> <span class='ocrx_word' id='word_1_400' title='bbox 2859 2829 2967 2883; x_wconf 84' lang='grc' dir='ltr'><strong>τῶν</strong></span> <span class='ocrx_word' id='word_1_401' title='bbox 2991 2830 3131 2885; x_wconf 77' lang='grc' dir='ltr'>ὅλων</span> <span class='ocrx_word' id='word_1_402' title='bbox 3157 2829 3287 2894; x_wconf 80' lang='grc' dir='ltr'>Θεὸς</span> <span class='ocrx_word' id='word_1_403' title='bbox 3318 2831 3503 2904; x_wconf 59' lang='lat' dir='ltr'><strong>Minoi]</strong></span> <span class='ocrx_word' id='word_1_404' title='bbox 3545 2831 3783 2887; x_wconf 75' lang='grc' dir='ltr'>κεκέλευ-</span> 
     </span>
    </p>
   </div>
   <div class='ocr_carea' id='block_1_58' title="bbox 2203 2922 3785 2996">
    <p class='ocr_par' dir='ltr' id='par_1_58' title="bbox 2203 2922 3785 2996">
     <span class='ocr_line' id='line_1_58' title="bbox 2203 2922 3785 2996; baseline 0.001 -18"><span class='ocrx_word' id='word_1_405' title='bbox 2203 2941 2294 2980; x_wconf 83' lang='grc' dir='ltr'><strong>κεν</strong></span> <span class='ocrx_word' id='word_1_406' title='bbox 2335 2923 2616 2996; x_wconf 88' lang='grc' dir='ltr'>ἐναργῶς,</span> <span class='ocrx_word' id='word_1_407' title='bbox 2650 2923 2954 2978; x_wconf 84' lang='grc' dir='ltr'>ἀοκνότατα</span> <span class='ocrx_word' id='word_1_408' title='bbox 2993 2922 3091 2993; x_wconf 80' lang='grc' dir='ltr'><strong>μὲν</strong></span> <span class='ocrx_word' id='word_1_409' title='bbox 3145 2924 3281 2977; x_wconf 79' lang='grc' dir='ltr'>ἰέναι</span> <span class='ocrx_word' id='word_1_410' title='bbox 3321 2925 3470 2996; x_wconf 64' lang='grc' dir='ltr'>πρὸς</span> <span class='ocrx_word' id='word_1_411' title='bbox 3494 2927 3618 2990; x_wconf 80' lang='grc' dir='ltr'>τοὺς</span> <span class='ocrx_word' id='word_1_412' title='bbox 3650 2927 3785 2990; x_wconf 80' lang='grc' dir='ltr'>υίοὺς</span> 
     </span>
    </p>
   </div>
   <div class='ocr_carea' id='block_1_59' title="bbox 2212 3015 3781 3088">
    <p class='ocr_par' dir='ltr' id='par_1_59' title="bbox 2212 3015 3781 3088">
     <span class='ocr_line' id='line_1_59' title="bbox 2212 3015 3781 3088; baseline -0.001 -19"><span class='ocrx_word' id='word_1_413' title='bbox 2212 3015 2449 3088; x_wconf 83' lang='grc' dir='ltr'>Ἰσραὴλ,</span> <span class='ocrx_word' id='word_1_414' title='bbox 2485 3017 2658 3068; x_wconf 86' lang='grc' dir='ltr'>εἰπεῖν</span> <span class='ocrx_word' id='word_1_415' title='bbox 2687 3015 2744 3069; x_wconf 75' lang='grc' dir='ltr'><strong>δὲ</strong></span> <span class='ocrx_word' id='word_1_416' title='bbox 2774 3015 3077 3083; x_wconf 83' lang='grc' dir='ltr'>ἀναφανδὸν</span> <span class='ocrx_word' id='word_1_417' title='bbox 3113 3015 3190 3079; x_wconf 82' lang='grc' dir='ltr'>ὡς</span> <span class='ocrx_word' id='word_1_418' title='bbox 3223 3015 3450 3086; x_wconf 80' lang='grc' dir='ltr'>ἀρωγὸν</span> <span class='ocrx_word' id='word_1_419' title='bbox 3479 3019 3572 3072; x_wconf 80' lang='grc' dir='ltr'><strong>καὶ</strong></span> <span class='ocrx_word' id='word_1_420' title='bbox 3600 3017 3781 3088; x_wconf 80' lang='grc' dir='ltr'>συλλή-</span> 
     </span>
    </p>
   </div>
   <div class='ocr_carea' id='block_1_60' title="bbox 488 3103 2095 3196">
    <p class='ocr_par' dir='ltr' id='par_1_60' title="bbox 488 3103 2095 3179">
     <span class='ocr_line' id='line_1_60' title="bbox 488 3103 2095 3179; baseline -0.002 -17"><span class='ocrx_word' id='word_1_421' title='bbox 488 3115 805 3179; x_wconf 67' lang='lat' dir='ltr'><strong>.patronum</strong></span> <span class='ocrx_word' id='word_1_422' title='bbox 838 3105 1110 3160; x_wconf 90' lang='lat' dir='ltr'><strong>haberent</strong></span> <span class='ocrx_word' id='word_1_423' title='bbox 1145 3105 1341 3169; x_wconf 89' lang='lat' dir='ltr'><strong>Deum,</strong></span> <span class='ocrx_word' id='word_1_424' title='bbox 1383 3103 1477 3174; x_wconf 86' lang='lat' dir='ltr'><strong>qui</strong></span> <span class='ocrx_word' id='word_1_425' title='bbox 1507 3103 1694 3157; x_wconf 86' lang='lat' dir='ltr'><strong>omnia</strong></span> <span class='ocrx_word' id='word_1_426' title='bbox 1733 3111 1936 3173; x_wconf 82' lang='lat' dir='ltr'><strong>potest,</strong></span> <span class='ocrx_word' id='word_1_427' title='bbox 1969 3119 2095 3159; x_wconf 90' lang='lat' dir='ltr'><strong>eum</strong></span> 
     </span>
    </p>
   </div>
   <div class='ocr_carea' id='block_1_61' title="bbox 2201 3103 3776 3196">
    <p class='ocr_par' dir='ltr' id='par_1_61' title="bbox 2201 3107 3776 3181">
     <span class='ocr_line' id='line_1_61' title="bbox 2201 3107 3776 3181; baseline -0.001 -18"><span class='ocrx_word' id='word_1_428' title='bbox 2201 3127 2376 3181; x_wconf 86' lang='grc' dir='ltr'>πτορα</span> <span class='ocrx_word' id='word_1_429' title='bbox 2403 3108 2494 3162; x_wconf 83' lang='grc' dir='ltr'><strong>τὸν</strong></span> <span class='ocrx_word' id='word_1_430' title='bbox 2541 3109 2718 3164; x_wconf 87' lang='grc' dir='ltr'>πάντα</span> <span class='ocrx_word' id='word_1_431' title='bbox 2763 3107 3020 3180; x_wconf 75' lang='grc' dir='ltr'>ἰσχύοντα</span> <span class='ocrx_word' id='word_1_432' title='bbox 3058 3109 3315 3173; x_wconf 81' lang='grc' dir='ltr'>λαϐόντες</span> <span class='ocrx_word' id='word_1_433' title='bbox 3349 3110 3507 3174; x_wconf 82' lang='grc' dir='ltr'>Θεὸν,</span> <span class='ocrx_word' id='word_1_434' title='bbox 3543 3113 3776 3180; x_wconf 82' lang='grc' dir='ltr'>ἀποφορ-</span> 
     </span>
    </p>
   </div>
   <div class='ocr_carea' id='block_1_62' title="bbox 514 3195 2095 3268">
    <p class='ocr_par' dir='ltr' id='par_1_62' title="bbox 514 3195 2095 3268">
     <span class='ocr_line' id='line_1_62' title="bbox 514 3195 2095 3268; baseline -0.002 -15"><span class='ocrx_word' id='word_1_435' title='bbox 514 3200 770 3256; x_wconf 85' lang='lat' dir='ltr'><strong>facillime</strong></span> <span class='ocrx_word' id='word_1_436' title='bbox 799 3198 1084 3253; x_wconf 88' lang='lat' dir='ltr'><strong>servitutis</strong></span> <span class='ocrx_word' id='word_1_437' title='bbox 1111 3196 1377 3268; x_wconf 65' lang='lat' dir='ltr'><strong>Egyptiae</strong></span> <span class='ocrx_word' id='word_1_438' title='bbox 1411 3195 1720 3251; x_wconf 89' lang='lat' dir='ltr'><strong>molestiam</strong></span> <span class='ocrx_word' id='word_1_439' title='bbox 1751 3195 2095 3263; x_wconf 84' lang='lat' dir='ltr'><strong>levaturum;</strong></span> 
     </span>
    </p>
   </div>
   <div class='ocr_carea' id='block_1_63' title="bbox 505 3288 2099 3360">
    <p class='ocr_par' dir='ltr' id='par_1_63' title="bbox 505 3288 2099 3360">
     <span class='ocr_line' id='line_1_63' title="bbox 505 3288 2099 3360; baseline -0.002 -15"><span class='ocrx_word' id='word_1_440' title='bbox 505 3291 641 3346; x_wconf 84' lang='lat' dir='ltr'><strong>illos</strong></span> <span class='ocrx_word' id='word_1_441' title='bbox 677 3291 808 3346; x_wconf 87' lang='lat' dir='ltr'><strong>item</strong></span> <span class='ocrx_word' id='word_1_442' title='bbox 842 3289 1069 3344; x_wconf 90' lang='lat' dir='ltr'><strong>domum</strong></span> <span class='ocrx_word' id='word_1_443' title='bbox 1104 3289 1287 3344; x_wconf 90' lang='lat' dir='ltr'><strong>denuo</strong></span> <span class='ocrx_word' id='word_1_444' title='bbox 1319 3288 1628 3356; x_wconf 89' lang='lat' dir='ltr'><strong>redituros;</strong></span> <span class='ocrx_word' id='word_1_445' title='bbox 1663 3296 1720 3344; x_wconf 89' lang='lat' dir='ltr'><strong>et</strong></span> <span class='ocrx_word' id='word_1_446' title='bbox 1767 3289 1862 3343; x_wconf 91' lang='lat' dir='ltr'><strong>ubi</strong></span> <span class='ocrx_word' id='word_1_447' title='bbox 1900 3289 1969 3344; x_wconf 90' lang='lat' dir='ltr'><strong>ad</strong></span> <span class='ocrx_word' id='word_1_448' title='bbox 1999 3304 2099 3360; x_wconf 90' lang='lat' dir='ltr'><strong>pa-</strong></span> 
     </span>
    </p>
   </div>
   <div class='ocr_carea' id='block_1_64' title="bbox 517 3379 2098 3446">
    <p class='ocr_par' dir='ltr' id='par_1_64' title="bbox 517 3379 2098 3446">
     <span class='ocr_line' id='line_1_64' title="bbox 517 3379 2098 3446; baseline -0.001 -10"><span class='ocrx_word' id='word_1_449' title='bbox 517 3392 662 3438; x_wconf 88' lang='lat' dir='ltr'><strong>trum</strong></span> <span class='ocrx_word' id='word_1_450' title='bbox 686 3395 915 3438; x_wconf 90' lang='lat' dir='ltr'><strong>suorum</strong></span> <span class='ocrx_word' id='word_1_451' title='bbox 954 3382 1268 3437; x_wconf 87' lang='lat' dir='ltr'><strong>libertatem</strong></span> <span class='ocrx_word' id='word_1_452' title='bbox 1306 3380 1597 3446; x_wconf 90' lang='lat' dir='ltr'><strong>redierint,</strong></span> <span class='ocrx_word' id='word_1_453' title='bbox 1635 3379 1754 3435; x_wconf 88' lang='lat' dir='ltr'><strong>fore</strong></span> <span class='ocrx_word' id='word_1_454' title='bbox 1808 3387 1870 3434; x_wconf 94' lang='lat' dir='ltr'><strong>ut</strong></span> <span class='ocrx_word' id='word_1_455' title='bbox 1893 3387 2098 3435; x_wconf 80' lang='lat' dir='ltr'><strong>terram</strong></span> 
     </span>
    </p>
   </div>
   <div class='ocr_carea' id='block_1_65' title="bbox 517 3466 2102 3540">
    <p class='ocr_par' dir='ltr' id='par_1_65' title="bbox 517 3466 2102 3540">
     <span class='ocr_line' id='line_1_65' title="bbox 517 3466 2102 3540; baseline -0.004 -12"><span class='ocrx_word' id='word_1_456' title='bbox 517 3480 762 3528; x_wconf 87' lang='lat' dir='ltr'><strong>sanctam</strong></span> <span class='ocrx_word' id='word_1_457' title='bbox 802 3471 1140 3536; x_wconf 90' lang='lat' dir='ltr'><strong>incolerent;</strong></span> <span class='ocrx_word' id='word_1_458' title='bbox 1190 3469 1377 3540; x_wconf 81' lang='lat' dir='ltr'><strong>ibique</strong></span> <span class='ocrx_word' id='word_1_459' title='bbox 1423 3469 1600 3540; x_wconf 86' lang='lat' dir='ltr'><strong>copiis</strong></span> <span class='ocrx_word' id='word_1_460' title='bbox 1651 3482 1719 3524; x_wconf 85' lang='lat' dir='ltr'><strong>ac</strong></span> <span class='ocrx_word' id='word_1_461' title='bbox 1757 3466 1938 3533; x_wconf 87' lang='lat' dir='ltr'><strong>bonis,</strong></span> <span class='ocrx_word' id='word_1_462' title='bbox 1977 3482 2102 3538; x_wconf 67' lang='lat' dir='ltr'><strong>quae</strong></span> 
     </span>
    </p>
   </div>
   <div class='ocr_carea' id='block_1_66' title="bbox 454 3564 2097 3652">
    <p class='ocr_par' dir='ltr' id='par_1_66' title="bbox 454 3564 2097 3652">
     <span class='ocr_line' id='line_1_66' title="bbox 454 3564 2097 3652; baseline -0.004 -26"><span class='ocrx_word' id='word_1_463' title='bbox 454 3571 637 3652; x_wconf 46' lang='lat' dir='ltr'><strong>&quot;ipse</strong></span> <span class='ocrx_word' id='word_1_464' title='bbox 684 3569 1137 3639; x_wconf 82' lang='lat' dir='ltr'><strong>suppeditaturus</strong></span> <span class='ocrx_word' id='word_1_465' title='bbox 1183 3575 1366 3633; x_wconf 90' lang='lat' dir='ltr'><strong>esset,</strong></span> <span class='ocrx_word' id='word_1_466' title='bbox 1413 3564 1721 3639; x_wconf 75' lang='lat' dir='ltr'><strong>largissime</strong></span> <span class='ocrx_word' id='word_1_467' title='bbox 1762 3564 2097 3621; x_wconf 85' lang='lat' dir='ltr'><strong>fruerentur.</strong></span> 
     </span>
    </p>
   </div>
   <div class='ocr_carea' id='block_1_67' title="bbox 521 3656 2102 3739">
    <p class='ocr_par' dir='ltr' id='par_1_67' title="bbox 521 3656 2102 3739">
     <span class='ocr_line' id='line_1_67' title="bbox 521 3656 2102 3739; baseline -0.004 -22"><span class='ocrx_word' id='word_1_468' title='bbox 521 3661 821 3739; x_wconf 69' lang='lat' dir='ltr'><strong>Respondit</strong></span> <span class='ocrx_word' id='word_1_469' title='bbox 841 3670 1046 3726; x_wconf 89' lang='lat' dir='ltr'><strong>autem,</strong></span> <span class='ocrx_word' id='word_1_470' title='bbox 1065 3661 1263 3732; x_wconf 89' lang='lat' dir='ltr'><strong>inquit,</strong></span> <span class='ocrx_word' id='word_1_471' title='bbox 1292 3659 1524 3732; x_wconf 82' lang='lat' dir='ltr'><strong>Moyses,</strong></span> <span class='ocrx_word' id='word_1_472' title='bbox 1551 3673 1617 3714; x_wconf 90' lang='lat' dir='ltr'><strong>ac</strong></span> <span class='ocrx_word' id='word_1_473' title='bbox 1644 3657 1821 3716; x_wconf 79' lang='lat' dir='ltr'><strong>dixit:</strong></span> <span class='ocrx_word' id='word_1_474' title='bbox 1853 3676 1871 3710; x_wconf 76' lang='grc' dir='ltr'><strong>ι</strong></span> <span class='ocrx_word' id='word_1_475' title='bbox 1911 3656 1967 3712; x_wconf 91' lang='lat' dir='ltr'><strong>Si</strong></span> <span class='ocrx_word' id='word_1_476' title='bbox 1991 3672 2102 3711; x_wconf 86' lang='lat' dir='ltr'><strong>non</strong></span> 
     </span>
    </p>
   </div>
   <div class='ocr_carea' id='block_1_68' title="bbox 491 3750 2098 3822">
    <p class='ocr_par' dir='ltr' id='par_1_68' title="bbox 491 3750 2098 3822">
     <span class='ocr_line' id='line_1_68' title="bbox 491 3750 2098 3822; baseline -0.004 -12"><span class='ocrx_word' id='word_1_477' title='bbox 491 3753 861 3810; x_wconf 34' lang='lat' dir='ltr'><strong>[crediderint</strong></span> <span class='ocrx_word' id='word_1_478' title='bbox 898 3753 1068 3819; x_wconf 89' lang='lat' dir='ltr'><strong>mihi,</strong></span> <span class='ocrx_word' id='word_1_479' title='bbox 1108 3767 1287 3822; x_wconf 89' lang='lat' dir='ltr'><strong>neque</strong></span> <span class='ocrx_word' id='word_1_480' title='bbox 1330 3750 1610 3808; x_wconf 85' lang='lat' dir='ltr'><strong>audierint</strong></span> <span class='ocrx_word' id='word_1_481' title='bbox 1650 3765 1843 3806; x_wconf 90' lang='lat' dir='ltr'><strong>vocem</strong></span> <span class='ocrx_word' id='word_1_482' title='bbox 1885 3763 2098 3814; x_wconf 87' lang='lat' dir='ltr'><strong>meam;</strong></span> 
     </span>
    </p>
   </div>
   <div class='ocr_carea' id='block_1_69' title="bbox 487 3843 2100 3916">
    <p class='ocr_par' dir='ltr' id='par_1_69' title="bbox 487 3843 2100 3916">
     <span class='ocr_line' id='line_1_69' title="bbox 487 3843 2100 3916; baseline -0.001 -17"><span class='ocrx_word' id='word_1_483' title='bbox 487 3845 706 3902; x_wconf 40' lang='lat' dir='ltr'><strong>vdicent</strong></span> <span class='ocrx_word' id='word_1_484' title='bbox 762 3846 931 3912; x_wconf 90' lang='lat' dir='ltr'><strong>enim,</strong></span> <span class='ocrx_word' id='word_1_485' title='bbox 976 3844 1124 3916; x_wconf 90' lang='lat' dir='ltr'><strong>quod</strong></span> <span class='ocrx_word' id='word_1_486' title='bbox 1149 3845 1271 3901; x_wconf 87' lang='lat' dir='ltr'><strong>Non</strong></span> <span class='ocrx_word' id='word_1_487' title='bbox 1306 3843 1558 3916; x_wconf 74' lang='lat' dir='ltr'><strong>apparuit</strong></span> <span class='ocrx_word' id='word_1_488' title='bbox 1612 3843 1712 3898; x_wconf 91' lang='lat' dir='ltr'><strong>tibi</strong></span> <span class='ocrx_word' id='word_1_489' title='bbox 1756 3843 2100 3914; x_wconf 82' lang='lat' dir='ltr'><strong>Deus;quid</strong></span> 
     </span>
    </p>
   </div>
   <div class='ocr_carea' id='block_1_70' title="bbox 521 3936 2100 4008">
    <p class='ocr_par' dir='ltr' id='par_1_70' title="bbox 521 3936 2100 4008">
     <span class='ocr_line' id='line_1_70' title="bbox 521 3936 2100 4008; baseline -0.001 -14"><span class='ocrx_word' id='word_1_490' title='bbox 521 3940 696 3994; x_wconf 90' lang='lat' dir='ltr'><strong>dicam</strong></span> <span class='ocrx_word' id='word_1_491' title='bbox 726 3939 794 3995; x_wconf 90' lang='lat' dir='ltr'><strong>ad</strong></span> <span class='ocrx_word' id='word_1_492' title='bbox 820 3939 953 3995; x_wconf 84' lang='lat' dir='ltr'><strong>eos?</strong></span> <span class='ocrx_word' id='word_1_493' title='bbox 976 3939 1122 3994; x_wconf 81' lang='lat' dir='ltr'><strong>Dixit</strong></span> <span class='ocrx_word' id='word_1_494' title='bbox 1156 3948 1338 3995; x_wconf 89' lang='lat' dir='ltr'><strong>autem</strong></span> <span class='ocrx_word' id='word_1_495' title='bbox 1366 3937 1418 3994; x_wconf 90' lang='lat' dir='ltr'><strong>ei</strong></span> <span class='ocrx_word' id='word_1_496' title='bbox 1459 3937 1725 3993; x_wconf 87' lang='lat' dir='ltr'><strong>Dominus</strong></span> <span class='ocrx_word' id='word_1_497' title='bbox 1752 3955 1764 3992; x_wconf 89' lang='lat'>:</span> <span class='ocrx_word' id='word_1_498' title='bbox 1795 3936 1939 4008; x_wconf 85' lang='lat' dir='ltr'><strong>Quid</strong></span> <span class='ocrx_word' id='word_1_499' title='bbox 1961 3936 2100 3993; x_wconf 79' lang='lat' dir='ltr'><strong>illud</strong></span> 
     </span>
    </p>
   </div>
   <div class='ocr_carea' id='block_1_71' title="bbox 514 4021 2099 4100">
    <p class='ocr_par' dir='ltr' id='par_1_71' title="bbox 514 4021 2099 4100">
     <span class='ocr_line' id='line_1_71' title="bbox 514 4021 2099 4100; baseline -0.002 -15"><span class='ocrx_word' id='word_1_500' title='bbox 514 4040 602 4085; x_wconf 89' lang='lat' dir='ltr'><strong>est</strong></span> <span class='ocrx_word' id='word_1_501' title='bbox 616 4028 763 4100; x_wconf 89' lang='lat' dir='ltr'><strong>quod</strong></span> <span class='ocrx_word' id='word_1_502' title='bbox 778 4029 948 4084; x_wconf 89' lang='lat' dir='ltr'><strong>habes</strong></span> <span class='ocrx_word' id='word_1_503' title='bbox 970 4028 1025 4083; x_wconf 88' lang='lat' dir='ltr'><strong>in</strong></span> <span class='ocrx_word' id='word_1_504' title='bbox 1043 4044 1208 4084; x_wconf 87' lang='lat' dir='ltr'><strong>manu</strong></span> <span class='ocrx_word' id='word_1_505' title='bbox 1221 4027 1355 4084; x_wconf 84' lang='lat' dir='ltr'><strong>?llle</strong></span> <span class='ocrx_word' id='word_1_506' title='bbox 1382 4034 1567 4084; x_wconf 88' lang='lat' dir='ltr'><strong>autem</strong></span> <span class='ocrx_word' id='word_1_507' title='bbox 1584 4026 1741 4092; x_wconf 75' lang='lat' dir='ltr'><strong>dixit,</strong></span> <span class='ocrx_word' id='word_1_508' title='bbox 1763 4027 1873 4099; x_wconf 80' lang='grc'><strong>67</strong></span> <span class='ocrx_word' id='word_1_509' title='bbox 1897 4021 2065 4098; x_wconf 74' lang='lat' dir='ltr'><strong>Virga</strong></span> <span class='ocrx_word' id='word_1_510' title='bbox 2083 4043 2099 4081; x_wconf 89' lang='lat'><strong>:</strong></span> 
     </span>
    </p>
   </div>
   <div class='ocr_carea' id='block_1_72' title="bbox 519 4119 2100 4192">
    <p class='ocr_par' dir='ltr' id='par_1_72' title="bbox 519 4119 2100 4192">
     <span class='ocr_line' id='line_1_72' title="bbox 519 4119 2100 4192; baseline 0.001 -18"><span class='ocrx_word' id='word_1_511' title='bbox 519 4128 577 4174; x_wconf 87' lang='lat' dir='ltr'><strong>et</strong></span> <span class='ocrx_word' id='word_1_512' title='bbox 609 4119 746 4175; x_wconf 81' lang='lat' dir='ltr'><strong>dixit</strong></span> <span class='ocrx_word' id='word_1_513' title='bbox 783 4120 1032 4190; x_wconf 83' lang='lat' dir='ltr'><strong>:Projice</strong></span> <span class='ocrx_word' id='word_1_514' title='bbox 1056 4119 1257 4175; x_wconf 74' lang='lat' dir='ltr'><strong>eamln</strong></span> <span class='ocrx_word' id='word_1_515' title='bbox 1307 4129 1542 4175; x_wconf 83' lang='lat' dir='ltr'><strong>terram.</strong></span> <span class='ocrx_word' id='word_1_516' title='bbox 1601 4119 1670 4175; x_wconf 91' lang='lat' dir='ltr'><strong>Et</strong></span> <span class='ocrx_word' id='word_1_517' title='bbox 1726 4120 1958 4192; x_wconf 88' lang='lat' dir='ltr'><strong>projecit</strong></span> <span class='ocrx_word' id='word_1_518' title='bbox 1980 4136 2100 4176; x_wconf 88' lang='lat' dir='ltr'><strong>eam</strong></span> 
     </span>
    </p>
   </div>
   <div class='ocr_carea' id='block_1_73' title="bbox 495 4213 2098 4286">
    <p class='ocr_par' dir='ltr' id='par_1_73' title="bbox 495 4213 2098 4286">
     <span class='ocr_line' id='line_1_73' title="bbox 495 4213 2098 4286; baseline 0.001 -20"><span class='ocrx_word' id='word_1_519' title='bbox 495 4242 502 4254; x_wconf 72' lang='grc' dir='ltr'><strong>ι</strong></span> <span class='ocrx_word' id='word_1_520' title='bbox 520 4213 575 4267; x_wconf 90' lang='lat' dir='ltr'><strong>in</strong></span> <span class='ocrx_word' id='word_1_521' title='bbox 595 4221 814 4278; x_wconf 86' lang='lat' dir='ltr'><strong>terram,</strong></span> <span class='ocrx_word' id='word_1_522' title='bbox 837 4223 892 4268; x_wconf 92' lang='lat' dir='ltr'><strong>et</strong></span> <span class='ocrx_word' id='word_1_523' title='bbox 913 4213 1055 4268; x_wconf 90' lang='lat' dir='ltr'><strong>facta</strong></span> <span class='ocrx_word' id='word_1_524' title='bbox 1071 4221 1158 4268; x_wconf 89' lang='lat' dir='ltr'><strong>est</strong></span> <span class='ocrx_word' id='word_1_525' title='bbox 1179 4213 1436 4280; x_wconf 89' lang='lat' dir='ltr'><strong>coluber;</strong></span> <span class='ocrx_word' id='word_1_526' title='bbox 1454 4221 1511 4268; x_wconf 90' lang='lat' dir='ltr'><strong>et</strong></span> <span class='ocrx_word' id='word_1_527' title='bbox 1530 4213 1671 4285; x_wconf 80' lang='lat' dir='ltr'><strong>fugit</strong></span> <span class='ocrx_word' id='word_1_528' title='bbox 1691 4213 1910 4286; x_wconf 70' lang='lat' dir='ltr'><strong>Moyses</strong></span> <span class='ocrx_word' id='word_1_529' title='bbox 1928 4213 1998 4270; x_wconf 87' lang='lat' dir='ltr'><strong>ab</strong></span> <span class='ocrx_word' id='word_1_530' title='bbox 2012 4229 2098 4270; x_wconf 86' lang='lat' dir='ltr'><strong>eo.</strong></span> 
     </span>
    </p>
   </div>
   <div class='ocr_carea' id='block_1_74' title="bbox 502 4302 2099 4376">
    <p class='ocr_par' dir='ltr' id='par_1_74' title="bbox 502 4302 2099 4376">
     <span class='ocr_line' id='line_1_74' title="bbox 502 4302 2099 4376; baseline 0.001 -19"><span class='ocrx_word' id='word_1_531' title='bbox 502 4303 586 4359; x_wconf 79' lang='lat' dir='ltr'><strong>:Et</strong></span> <span class='ocrx_word' id='word_1_532' title='bbox 613 4302 752 4359; x_wconf 84' lang='lat' dir='ltr'><strong>dixit</strong></span> <span class='ocrx_word' id='word_1_533' title='bbox 775 4304 1038 4359; x_wconf 92' lang='lat' dir='ltr'><strong>Dominus</strong></span> <span class='ocrx_word' id='word_1_534' title='bbox 1062 4303 1130 4358; x_wconf 88' lang='lat' dir='ltr'><strong>ad</strong></span> <span class='ocrx_word' id='word_1_535' title='bbox 1154 4302 1374 4376; x_wconf 81' lang='lat' dir='ltr'><strong>Moysen</strong></span> <span class='ocrx_word' id='word_1_536' title='bbox 1393 4321 1406 4357; x_wconf 89' lang='lat'>:</span> <span class='ocrx_word' id='word_1_537' title='bbox 1422 4303 1667 4359; x_wconf 80' lang='lat' dir='ltr'><strong>Extende</strong></span> <span class='ocrx_word' id='word_1_538' title='bbox 1685 4319 1910 4359; x_wconf 90' lang='lat' dir='ltr'><strong>manum</strong></span> <span class='ocrx_word' id='word_1_539' title='bbox 1930 4312 2099 4370; x_wconf 73' lang='lat' dir='ltr'><strong>utam,</strong></span> 
     </span>
    </p>
   </div>
   <div class='ocr_carea' id='block_1_75' title="bbox 517 4377 2104 4472">
    <p class='ocr_par' dir='ltr' id='par_1_75' title="bbox 517 4377 2104 4472">
     <span class='ocr_line' id='line_1_75' title="bbox 517 4377 2104 4472; baseline 0 -23"><span class='ocrx_word' id='word_1_540' title='bbox 517 4405 574 4449; x_wconf 90' lang='lat' dir='ltr'><strong>et</strong></span> <span class='ocrx_word' id='word_1_541' title='bbox 606 4395 958 4465; x_wconf 85' lang='lat' dir='ltr'><strong>apprehende</strong></span> <span class='ocrx_word' id='word_1_542' title='bbox 1002 4395 1252 4451; x_wconf 90' lang='lat' dir='ltr'><strong>caudam.</strong></span> <span class='ocrx_word' id='word_1_543' title='bbox 1303 4394 1622 4450; x_wconf 78' lang='lat' dir='ltr'><strong>Extendens</strong></span> <span class='ocrx_word' id='word_1_544' title='bbox 1662 4377 1831 4466; x_wconf 81' lang='lat' dir='ltr'><strong>igitur</strong></span> <span class='ocrx_word' id='word_1_545' title='bbox 1876 4409 2104 4472; x_wconf 74' lang='lat' dir='ltr'><strong>manum</strong></span> 
     </span>
    </p>
   </div>
   <div class='ocr_carea' id='block_1_76' title="bbox 2206 3199 3778 3274">
    <p class='ocr_par' dir='ltr' id='par_1_76' title="bbox 2206 3199 3778 3274">
     <span class='ocr_line' id='line_1_76' title="bbox 2206 3199 3778 3274; baseline -0.001 -19"><span class='ocrx_word' id='word_1_546' title='bbox 2206 3201 2447 3256; x_wconf 81' lang='grc' dir='ltr'>τιοῦνται</span> <span class='ocrx_word' id='word_1_547' title='bbox 2491 3201 2591 3271; x_wconf 84' lang='grc' dir='ltr'>μὲν</span> <span class='ocrx_word' id='word_1_548' title='bbox 2639 3199 2875 3265; x_wconf 80' lang='grc' dir='ltr'>εὐκόλως</span> <span class='ocrx_word' id='word_1_549' title='bbox 2914 3200 3016 3271; x_wconf 84' lang='grc' dir='ltr'>τῆς</span> <span class='ocrx_word' id='word_1_550' title='bbox 3062 3201 3120 3254; x_wconf 86' lang='grc' dir='ltr'><strong>ἐν</strong></span> <span class='ocrx_word' id='word_1_551' title='bbox 3153 3201 3421 3274; x_wconf 79' lang='grc' dir='ltr'>Αἰγύπτῳ</span> <span class='ocrx_word' id='word_1_552' title='bbox 3449 3202 3694 3266; x_wconf 87' lang='grc' dir='ltr'>-δουλείας</span> <span class='ocrx_word' id='word_1_553' title='bbox 3723 3201 3778 3254; x_wconf 81' lang='grc' dir='ltr'><strong>τὸ</strong></span> 
     </span>
    </p>
   </div>
   <div class='ocr_carea' id='block_1_77' title="bbox 2206 3290 3781 3363">
    <p class='ocr_par' dir='ltr' id='par_1_77' title="bbox 2206 3290 3781 3363">
     <span class='ocr_line' id='line_1_77' title="bbox 2206 3290 3781 3363; baseline -0.001 -18"><span class='ocrx_word' id='word_1_554' title='bbox 2206 3291 2500 3363; x_wconf 83' lang='grc' dir='ltr'>δυσαχθές,</span> <span class='ocrx_word' id='word_1_555' title='bbox 2529 3291 2712 3345; x_wconf 74' lang='grc' dir='ltr'>οἴκαδέ</span> <span class='ocrx_word' id='word_1_556' title='bbox 2757 3308 2820 3360; x_wconf 91' lang='grc' dir='ltr'><strong>γε</strong></span> <span class='ocrx_word' id='word_1_557' title='bbox 2875 3290 2981 3362; x_wconf 80' lang='grc' dir='ltr'><strong>μὴν</strong></span> <span class='ocrx_word' id='word_1_558' title='bbox 3014 3291 3312 3363; x_wconf 83' lang='grc' dir='ltr'>ἀπαίρουσι</span> <span class='ocrx_word' id='word_1_559' title='bbox 3351 3294 3545 3358; x_wconf 83' lang='grc' dir='ltr'>πάλιν,</span> <span class='ocrx_word' id='word_1_560' title='bbox 3579 3293 3669 3347; x_wconf 75' lang='grc' dir='ltr'>καὶ</span> <span class='ocrx_word' id='word_1_561' title='bbox 3708 3291 3781 3355; x_wconf 89' lang='grc' dir='ltr'><strong>είς</strong></span> 
     </span>
    </p>
   </div>
   <div class='ocr_carea' id='block_1_78' title="bbox 2206 3383 3779 3458">
    <p class='ocr_par' dir='ltr' id='par_1_78' title="bbox 2206 3383 3779 3458">
     <span class='ocr_line' id='line_1_78' title="bbox 2206 3383 3779 3458; baseline 0 -22"><span class='ocrx_word' id='word_1_562' title='bbox 2206 3383 2303 3455; x_wconf 76' lang='grc' dir='ltr'>τὴν</span> <span class='ocrx_word' id='word_1_563' title='bbox 2345 3383 2452 3437; x_wconf 84' lang='grc' dir='ltr'><strong>τῶν</strong></span> <span class='ocrx_word' id='word_1_564' title='bbox 2491 3383 2744 3456; x_wconf 83' lang='grc' dir='ltr'>πατέρων</span> <span class='ocrx_word' id='word_1_565' title='bbox 2768 3383 3100 3455; x_wconf 87' lang='grc' dir='ltr'>’ἐλευθερίαν</span> <span class='ocrx_word' id='word_1_566' title='bbox 3153 3385 3614 3458; x_wconf 84' lang='grc' dir='ltr'>ἀναφοιτήσαντες</span> <span class='ocrx_word' id='word_1_567' title='bbox 3637 3424 3652 3449; x_wconf 91' lang='grc'><strong>,</strong></span> <span class='ocrx_word' id='word_1_568' title='bbox 3687 3384 3779 3455; x_wconf 80' lang='grc' dir='ltr'>τὴν</span> 
     </span>
    </p>
   </div>
   <div class='ocr_carea' id='block_1_79' title="bbox 2209 3476 3783 3550">
    <p class='ocr_par' dir='ltr' id='par_1_79' title="bbox 2209 3476 3783 3550">
     <span class='ocr_line' id='line_1_79' title="bbox 2209 3476 3783 3550; baseline -0.001 -19"><span class='ocrx_word' id='word_1_569' title='bbox 2209 3478 2371 3546; x_wconf 80' lang='grc' dir='ltr'>ἁγίαν</span> <span class='ocrx_word' id='word_1_570' title='bbox 2398 3477 2682 3547; x_wconf 84' lang='grc' dir='ltr'>οίκήσουσι</span> <span class='ocrx_word' id='word_1_571' title='bbox 2705 3477 2809 3548; x_wconf 84' lang='grc' dir='ltr'>γῆν</span> <span class='ocrx_word' id='word_1_572' title='bbox 2830 3494 2843 3506; x_wconf 89' lang='grc'><strong>·</strong></span> <span class='ocrx_word' id='word_1_573' title='bbox 2875 3477 2993 3529; x_wconf 86' lang='grc' dir='ltr'>ἐκεῖ</span> <span class='ocrx_word' id='word_1_574' title='bbox 3015 3493 3074 3530; x_wconf 87' lang='grc' dir='ltr'><strong>τε</strong></span> <span class='ocrx_word' id='word_1_575' title='bbox 3103 3476 3374 3541; x_wconf 87' lang='grc' dir='ltr'>πλουσίως</span> <span class='ocrx_word' id='word_1_576' title='bbox 3404 3481 3516 3542; x_wconf 85' lang='grc' dir='ltr'>τοῖς</span> <span class='ocrx_word' id='word_1_577' title='bbox 3541 3479 3667 3550; x_wconf 76' lang='grc' dir='ltr'>παρ’</span> <span class='ocrx_word' id='word_1_578' title='bbox 3692 3477 3783 3530; x_wconf 90' lang='grc' dir='ltr'>αὐ-</span> 
     </span>
    </p>
   </div>
   <div class='ocr_carea' id='block_1_80' title="bbox 2207 3567 3782 3641">
    <p class='ocr_par' dir='ltr' id='par_1_80' title="bbox 2207 3567 3782 3641">
     <span class='ocr_line' id='line_1_80' title="bbox 2207 3567 3782 3641; baseline 0 -19"><span class='ocrx_word' id='word_1_579' title='bbox 2207 3567 2302 3622; x_wconf 78' lang='grc' dir='ltr'><strong>τοῦ</strong></span> <span class='ocrx_word' id='word_1_580' title='bbox 2358 3567 2739 3640; x_wconf 81' lang='grc' dir='ltr'>δοθησομένοις</span> <span class='ocrx_word' id='word_1_581' title='bbox 2799 3569 3288 3641; x_wconf 82' lang='grc' dir='ltr'>ἐνσπαταλήσωσιν</span> <span class='ocrx_word' id='word_1_582' title='bbox 3349 3570 3594 3641; x_wconf 84' lang='grc' dir='ltr'>ἀγαθοῖς.</span> <span class='ocrx_word' id='word_1_583' title='bbox 3665 3569 3782 3624; x_wconf 73' lang='grc' dir='ltr'><strong>Ἀπ-</strong></span> 
     </span>
    </p>
   </div>
   <div class='ocr_carea' id='block_1_81' title="bbox 2209 3657 3786 3733">
    <p class='ocr_par' dir='ltr' id='par_1_81' title="bbox 2209 3657 3786 3733">
     <span class='ocr_line' id='line_1_81' title="bbox 2209 3657 3786 3733; baseline -0.001 -19"><span class='ocrx_word' id='word_1_584' title='bbox 2209 3659 2423 3732; x_wconf 86' lang='grc' dir='ltr'>εκρίθη,</span> <span class='ocrx_word' id='word_1_585' title='bbox 2456 3660 2642 3730; x_wconf 72' lang='grc' dir='ltr'>φησὶν,</span> <span class='ocrx_word' id='word_1_586' title='bbox 2671 3661 2698 3712; x_wconf 92' lang='lat'><strong>6</strong></span> <span class='ocrx_word' id='word_1_587' title='bbox 2730 3661 2936 3731; x_wconf 79' lang='grc' dir='ltr'>Μωσῆς</span> <span class='ocrx_word' id='word_1_588' title='bbox 2973 3660 3070 3713; x_wconf 74' lang='grc' dir='ltr'>καὶ</span> <span class='ocrx_word' id='word_1_589' title='bbox 3109 3657 3261 3715; x_wconf 80' lang='grc' dir='ltr'>εἶπεν</span> <span class='ocrx_word' id='word_1_590' title='bbox 3284 3679 3296 3692; x_wconf 87' lang='grc'><strong>·</strong></span> <span class='ocrx_word' id='word_1_591' title='bbox 3344 3679 3364 3714; x_wconf 72' lang='grc' dir='ltr'><strong>ι</strong></span> <span class='ocrx_word' id='word_1_592' title='bbox 3421 3663 3549 3716; x_wconf 82' lang='grc' dir='ltr'>Ἐὰν</span> <span class='ocrx_word' id='word_1_593' title='bbox 3587 3661 3658 3733; x_wconf 82' lang='grc' dir='ltr'><strong>μὴ</strong></span> <span class='ocrx_word' id='word_1_594' title='bbox 3699 3677 3786 3714; x_wconf 87' lang='grc' dir='ltr'>πι-</span> 
     </span>
    </p>
   </div>
   <div class='ocr_carea' id='block_1_82' title="bbox 2211 3750 3787 3826">
    <p class='ocr_par' dir='ltr' id='par_1_82' title="bbox 2211 3750 3787 3826">
     <span class='ocr_line' id='line_1_82' title="bbox 2211 3750 3787 3826; baseline 0 -20"><span class='ocrx_word' id='word_1_595' title='bbox 2211 3750 2478 3806; x_wconf 80' lang='grc' dir='ltr'>στεύσωσί</span> <span class='ocrx_word' id='word_1_596' title='bbox 2509 3768 2623 3822; x_wconf 84' lang='grc' dir='ltr'>μοι,</span> <span class='ocrx_word' id='word_1_597' title='bbox 2655 3750 2788 3822; x_wconf 79' lang='grc' dir='ltr'><strong>μηδὲ</strong></span> <span class='ocrx_word' id='word_1_598' title='bbox 2815 3751 3092 3806; x_wconf 82' lang='grc' dir='ltr'>άκούσωσί</span> <span class='ocrx_word' id='word_1_599' title='bbox 3125 3770 3228 3824; x_wconf 82' lang='grc' dir='ltr'>μου</span> <span class='ocrx_word' id='word_1_600' title='bbox 3253 3755 3351 3824; x_wconf 79' lang='grc' dir='ltr'><strong>τῆς</strong></span> <span class='ocrx_word' id='word_1_601' title='bbox 3376 3755 3564 3826; x_wconf 83' lang='grc' dir='ltr'>φωνῆς</span> <span class='ocrx_word' id='word_1_602' title='bbox 3588 3751 3787 3824; x_wconf 79' lang='grc' dir='ltr'>(ἐροῦσι</span> 
     </span>
    </p>
   </div>
   <div class='ocr_carea' id='block_1_83' title="bbox 2209 3839 3782 3919">
    <p class='ocr_par' dir='ltr' id='par_1_83' title="bbox 2209 3839 3782 3919">
     <span class='ocr_line' id='line_1_83' title="bbox 2209 3839 3782 3919; baseline 0.02 -24"><span class='ocrx_word' id='word_1_603' title='bbox 2209 3846 2340 3917; x_wconf 84' lang='grc' dir='ltr'>γὰρ,</span> <span class='ocrx_word' id='word_1_604' title='bbox 2372 3845 2455 3898; x_wconf 87' lang='grc' dir='ltr'>ὅτι</span> <span class='ocrx_word' id='word_1_605' title='bbox 2479 3845 2593 3900; x_wconf 85' lang='grc' dir='ltr'>Οὐκ</span> <span class='ocrx_word' id='word_1_606' title='bbox 2626 3839 2814 3900; x_wconf 79' lang='grc' dir='ltr'>ὦπταί.</span> <span class='ocrx_word' id='word_1_607' title='bbox 2832 3861 2914 3897; x_wconf 83' lang='grc' dir='ltr'><strong>σοι</strong></span> <span class='ocrx_word' id='word_1_608' title='bbox 2934 3847 2962 3898; x_wconf 90' lang='lat'><strong>6</strong></span> <span class='ocrx_word' id='word_1_609' title='bbox 2985 3845 3161 3913; x_wconf 63' lang='grc' dir='ltr'>Θεὸς),</span> <span class='ocrx_word' id='word_1_610' title='bbox 3186 3846 3238 3900; x_wconf 76' lang='grc' dir='ltr'>τί</span> <span class='ocrx_word' id='word_1_611' title='bbox 3264 3845 3377 3917; x_wconf 60' lang='grc' dir='ltr'>ἐρῶ</span> <span class='ocrx_word' id='word_1_612' title='bbox 3404 3847 3542 3919; x_wconf 66' lang='grc' dir='ltr'><strong>πρὸς</strong></span> <span class='ocrx_word' id='word_1_613' title='bbox 3567 3844 3782 3909; x_wconf 46' lang='lat' dir='ltr'><strong>ww“;</strong></span> 
     </span>
    </p>
   </div>
   <div class='ocr_carea' id='block_1_84' title="bbox 2209 3935 3787 4010">
    <p class='ocr_par' dir='ltr' id='par_1_84' title="bbox 2209 3935 3787 4010">
     <span class='ocr_line' id='line_1_84' title="bbox 2209 3935 3787 4010; baseline -0.002 -20"><span class='ocrx_word' id='word_1_614' title='bbox 2209 3935 2344 3996; x_wconf 80' lang='grc' dir='ltr'>Είπε</span> <span class='ocrx_word' id='word_1_615' title='bbox 2364 3937 2420 3990; x_wconf 82' lang='grc' dir='ltr'><strong>δὲ</strong></span> <span class='ocrx_word' id='word_1_616' title='bbox 2446 3937 2598 4010; x_wconf 84' lang='grc' dir='ltr'>αὐτῷ</span> <span class='ocrx_word' id='word_1_617' title='bbox 2623 3939 2661 3992; x_wconf 87' lang='lat'><strong>6</strong></span> <span class='ocrx_word' id='word_1_618' title='bbox 2682 3936 2906 4009; x_wconf 73' lang='grc' dir='ltr'>Κύριοςσ</span> <span class='ocrx_word' id='word_1_619' title='bbox 2949 3937 3014 3990; x_wconf 89' lang='grc' dir='ltr'>Τί</span> <span class='ocrx_word' id='word_1_620' title='bbox 3039 3936 3200 3990; x_wconf 76' lang='grc' dir='ltr'>τοῦτο</span> <span class='ocrx_word' id='word_1_621' title='bbox 3235 3938 3352 3992; x_wconf 87' lang='grc' dir='ltr'>ἐστι</span> <span class='ocrx_word' id='word_1_622' title='bbox 3392 3938 3454 3994; x_wconf 81' lang='grc' dir='ltr'>τὸ</span> <span class='ocrx_word' id='word_1_623' title='bbox 3478 3940 3536 3992; x_wconf 87' lang='grc' dir='ltr'><strong>ἐν</strong></span> <span class='ocrx_word' id='word_1_624' title='bbox 3561 3941 3625 4009; x_wconf 82' lang='grc' dir='ltr'><strong>τῇ</strong></span> <span class='ocrx_word' id='word_1_625' title='bbox 3653 3935 3787 4008; x_wconf 88' lang='grc' dir='ltr'>χειρί</span> 
     </span>
    </p>
   </div>
   <div class='ocr_carea' id='block_1_85' title="bbox 2212 4025 3787 4102">
    <p class='ocr_par' dir='ltr' id='par_1_85' title="bbox 2212 4025 3787 4102">
     <span class='ocr_line' id='line_1_85' title="bbox 2212 4025 3787 4102; baseline -0.003 -18"><span class='ocrx_word' id='word_1_626' title='bbox 2212 4047 2307 4084; x_wconf 90' lang='grc' dir='ltr'><strong>σου</strong></span> <span class='ocrx_word' id='word_1_627' title='bbox 2325 4047 2346 4098; x_wconf 68' lang='grc' dir='ltr'><strong>;Δ</strong></span> <span class='ocrx_word' id='word_1_628' title='bbox 2375 4031 2431 4084; x_wconf 90' lang='grc' dir='ltr'><strong>Ὀ</strong></span> <span class='ocrx_word' id='word_1_629' title='bbox 2461 4029 2518 4083; x_wconf 82' lang='grc' dir='ltr'><strong>δὲ</strong></span> <span class='ocrx_word' id='word_1_630' title='bbox 2547 4025 2690 4094; x_wconf 83' lang='grc' dir='ltr'>εἷπε,</span> <span class='ocrx_word' id='word_1_631' title='bbox 2719 4029 2962 4090; x_wconf 75' lang='grc' dir='ltr'>Ῥάϐδοςο</span> <span class='ocrx_word' id='word_1_632' title='bbox 2991 4029 3086 4084; x_wconf 74' lang='grc' dir='ltr'><strong>καὶ</strong></span> <span class='ocrx_word' id='word_1_633' title='bbox 3115 4025 3259 4083; x_wconf 76' lang='grc' dir='ltr'>εἷπε·</span> <span class='ocrx_word' id='word_1_634' title='bbox 3293 4029 3484 4102; x_wconf 70' lang='grc' dir='ltr'>Ῥίψον</span> <span class='ocrx_word' id='word_1_635' title='bbox 3509 4029 3674 4102; x_wconf 78' lang='grc' dir='ltr'>αὐτὴν</span> <span class='ocrx_word' id='word_1_636' title='bbox 3699 4027 3787 4083; x_wconf 70' lang='grc' dir='ltr'>ἐπὶ</span> 
     </span>
    </p>
   </div>
   <div class='ocr_carea' id='block_1_86' title="bbox 2209 4121 3787 4194">
    <p class='ocr_par' dir='ltr' id='par_1_86' title="bbox 2209 4121 3787 4194">
     <span class='ocr_line' id='line_1_86' title="bbox 2209 4121 3787 4194; baseline -0.003 -18"><span class='ocrx_word' id='word_1_637' title='bbox 2209 4121 2306 4194; x_wconf 77' lang='grc' dir='ltr'>τὴν</span> <span class='ocrx_word' id='word_1_638' title='bbox 2327 4122 2450 4193; x_wconf 86' lang='grc' dir='ltr'>γῆν.</span> <span class='ocrx_word' id='word_1_639' title='bbox 2477 4123 2586 4176; x_wconf 75' lang='grc' dir='ltr'>Καὶ</span> <span class='ocrx_word' id='word_1_640' title='bbox 2617 4121 2840 4194; x_wconf 69' lang='grc' dir='ltr'>ἔρριψεν</span> <span class='ocrx_word' id='word_1_641' title='bbox 2869 4121 3036 4194; x_wconf 80' lang='grc' dir='ltr'>αὐτὴν</span> <span class='ocrx_word' id='word_1_642' title='bbox 3065 4123 3160 4176; x_wconf 75' lang='grc' dir='ltr'>ἐπὶ</span> <span class='ocrx_word' id='word_1_643' title='bbox 3185 4122 3284 4193; x_wconf 83' lang='grc' dir='ltr'><strong>τὴν</strong></span> <span class='ocrx_word' id='word_1_644' title='bbox 3309 4123 3438 4193; x_wconf 83' lang='grc' dir='ltr'>γῆν,</span> <span class='ocrx_word' id='word_1_645' title='bbox 3467 4123 3564 4178; x_wconf 72' lang='grc' dir='ltr'><strong>καὶ</strong></span> <span class='ocrx_word' id='word_1_646' title='bbox 3582 4121 3787 4191; x_wconf 81' lang='grc' dir='ltr'>ἐγένετο</span> 
     </span>
    </p>
   </div>
   <div class='ocr_carea' id='block_1_87' title="bbox 2209 4211 3786 4285">
    <p class='ocr_par' dir='ltr' id='par_1_87' title="bbox 2209 4211 3786 4285">
     <span class='ocr_line' id='line_1_87' title="bbox 2209 4211 3786 4285; baseline -0.002 -19"><span class='ocrx_word' id='word_1_647' title='bbox 2209 4213 2333 4285; x_wconf 71' lang='grc' dir='ltr'>ὄφις</span> <span class='ocrx_word' id='word_1_648' title='bbox 2355 4231 2370 4245; x_wconf 65' lang='grc' dir='ltr'><strong>ι</strong></span> <span class='ocrx_word' id='word_1_649' title='bbox 2392 4213 2488 4268; x_wconf 77' lang='grc' dir='ltr'>καὶ</span> <span class='ocrx_word' id='word_1_650' title='bbox 2518 4213 2687 4283; x_wconf 75' lang='grc' dir='ltr'>ἔφυγε</span> <span class='ocrx_word' id='word_1_651' title='bbox 2715 4215 2920 4283; x_wconf 87' lang='grc' dir='ltr'>Μωσῆς</span> <span class='ocrx_word' id='word_1_652' title='bbox 2950 4213 3044 4268; x_wconf 76' lang='grc' dir='ltr'>ἀπ’</span> <span class='ocrx_word' id='word_1_653' title='bbox 3071 4214 3257 4268; x_wconf 81' lang='grc' dir='ltr'>αὐτοῦ.</span> <span class='ocrx_word' id='word_1_654' title='bbox 3301 4215 3417 4270; x_wconf 73' lang='grc' dir='ltr'><strong>Καὶ</strong></span> <span class='ocrx_word' id='word_1_655' title='bbox 3449 4211 3571 4270; x_wconf 80' lang='grc' dir='ltr'>εἷπε</span> <span class='ocrx_word' id='word_1_656' title='bbox 3593 4211 3786 4285; x_wconf 83' lang='grc' dir='ltr'>Κύριος</span> 
     </span>
    </p>
   </div>
   <div class='ocr_carea' id='block_1_88' title="bbox 2211 4286 3788 4378">
    <p class='ocr_par' dir='ltr' id='par_1_88' title="bbox 2211 4286 3788 4378">
     <span class='ocr_line' id='line_1_88' title="bbox 2211 4286 3788 4378; baseline -0.004 -18"><span class='ocrx_word' id='word_1_657' title='bbox 2211 4306 2348 4378; x_wconf 77' lang='grc' dir='ltr'>πρὸς</span> <span class='ocrx_word' id='word_1_658' title='bbox 2385 4306 2613 4378; x_wconf 66' lang='grc' dir='ltr'>Μωσῆνθ</span> <span class='ocrx_word' id='word_1_659' title='bbox 2647 4305 2897 4360; x_wconf 79' lang='grc' dir='ltr'>Ἐκτεινε</span> <span class='ocrx_word' id='word_1_660' title='bbox 2939 4286 3048 4376; x_wconf 78' lang='grc' dir='ltr'><strong>τὴν⁹</strong></span> <span class='ocrx_word' id='word_1_661' title='bbox 3070 4307 3228 4377; x_wconf 85' lang='grc' dir='ltr'>χεῖρά</span> <span class='ocrx_word' id='word_1_662' title='bbox 3273 4323 3392 4372; x_wconf 88' lang='grc' dir='ltr'>σου,</span> <span class='ocrx_word' id='word_1_663' title='bbox 3421 4307 3516 4362; x_wconf 64' lang='grc' dir='ltr'><strong>καί⁷</strong></span> <span class='ocrx_word' id='word_1_664' title='bbox 3540 4299 3788 4358; x_wconf 80' lang='grc' dir='ltr'>ἐπιλαϐοῦ</span> 
     </span>
    </p>
   </div>
   <div class='ocr_carea' id='block_1_89' title="bbox 2210 4396 3790 4471">
    <p class='ocr_par' dir='ltr' id='par_1_89' title="bbox 2210 4396 3790 4471">
     <span class='ocr_line' id='line_1_89' title="bbox 2210 4396 3790 4471; baseline -0.004 -18"><span class='ocrx_word' id='word_1_665' title='bbox 2210 4398 2311 4468; x_wconf 77' lang='grc' dir='ltr'>τῆς</span> <span class='ocrx_word' id='word_1_666' title='bbox 2343 4398 2563 4471; x_wconf 78' lang='grc' dir='ltr'>κέρκου.</span> <span class='ocrx_word' id='word_1_667' title='bbox 2603 4398 2714 4452; x_wconf 76' lang='grc' dir='ltr'>Καὶ</span> <span class='ocrx_word' id='word_1_668' title='bbox 2750 4398 2998 4461; x_wconf 73' lang='grc' dir='ltr'>ἐκτείνας</span> <span class='ocrx_word' id='word_1_669' title='bbox 3033 4397 3130 4469; x_wconf 82' lang='grc' dir='ltr'>τὴν</span> <span class='ocrx_word' id='word_1_670' title='bbox 3165 4401 3341 4469; x_wconf 83' lang='grc' dir='ltr'>χεῖρα,</span> <span class='ocrx_word' id='word_1_671' title='bbox 3377 4397 3675 4453; x_wconf 85' lang='grc' dir='ltr'>ἐπελάϐετο</span> <span class='ocrx_word' id='word_1_672' title='bbox 3695 4396 3790 4464; x_wconf 83' lang='grc' dir='ltr'>τῆς</span> 
     </span>
    </p>
   </div>
   <div class='ocr_carea' id='block_1_90' title="bbox 518 4485 2095 4568">
    <p class='ocr_par' dir='ltr' id='par_1_90' title="bbox 518 4485 2095 4556">
     <span class='ocr_line' id='line_1_90' title="bbox 518 4485 2095 4556; baseline 0.001 -18"><span class='ocrx_word' id='word_1_673' title='bbox 518 4486 884 4556; x_wconf 86' lang='lat' dir='ltr'><strong>apprehendit</strong></span> <span class='ocrx_word' id='word_1_674' title='bbox 927 4488 1179 4553; x_wconf 86' lang='lat' dir='ltr'><strong>caudam,</strong></span> <span class='ocrx_word' id='word_1_675' title='bbox 1233 4494 1292 4542; x_wconf 90' lang='lat' dir='ltr'><strong>et</strong></span> <span class='ocrx_word' id='word_1_676' title='bbox 1331 4485 1475 4542; x_wconf 85' lang='lat' dir='ltr'><strong>facta</strong></span> <span class='ocrx_word' id='word_1_677' title='bbox 1514 4492 1599 4541; x_wconf 88' lang='lat' dir='ltr'><strong>est</strong></span> <span class='ocrx_word' id='word_1_678' title='bbox 1635 4485 1789 4555; x_wconf 90' lang='lat' dir='ltr'><strong>virga</strong></span> <span class='ocrx_word' id='word_1_679' title='bbox 1832 4485 1892 4538; x_wconf 87' lang='lat' dir='ltr'><strong>in</strong></span> <span class='ocrx_word' id='word_1_680' title='bbox 1934 4499 2095 4540; x_wconf 84' lang='lat' dir='ltr'><strong>manu</strong></span> 
     </span>
    </p>
   </div>
   <div class='ocr_carea' id='block_1_91' title="bbox 2201 4485 3650 4568">
    <p class='ocr_par' dir='ltr' id='par_1_91' title="bbox 2209 4493 3650 4568">
     <span class='ocr_line' id='line_1_91' title="bbox 2209 4493 3650 4568; baseline -0.001 -21"><span class='ocrx_word' id='word_1_681' title='bbox 2209 4493 2432 4565; x_wconf 80' lang='grc' dir='ltr'>κέρκου,</span> <span class='ocrx_word' id='word_1_682' title='bbox 2461 4493 2559 4550; x_wconf 74' lang='grc' dir='ltr'><strong>καὶ</strong></span> <span class='ocrx_word' id='word_1_683' title='bbox 2580 4494 2796 4563; x_wconf 77' lang='grc' dir='ltr'>ἐγένετο</span> <span class='ocrx_word' id='word_1_684' title='bbox 2819 4495 3013 4564; x_wconf 79' lang='grc' dir='ltr'>ῥάϐδος</span> <span class='ocrx_word' id='word_1_685' title='bbox 3036 4495 3095 4548; x_wconf 86' lang='grc' dir='ltr'><strong>ἐν</strong></span> <span class='ocrx_word' id='word_1_686' title='bbox 3130 4497 3197 4567; x_wconf 76' lang='grc' dir='ltr'><strong>τῇ</strong></span> <span class='ocrx_word' id='word_1_687' title='bbox 3225 4497 3370 4568; x_wconf 84' lang='grc' dir='ltr'>χειρὶ</span> <span class='ocrx_word' id='word_1_688' title='bbox 3399 4494 3586 4549; x_wconf 80' lang='grc' dir='ltr'>αὐτοῦ.</span> <span class='ocrx_word' id='word_1_689' title='bbox 3632 4513 3650 4545; x_wconf 71' lang='grc' dir='ltr'><strong>ι</strong></span> 
     </span>
    </p>
   </div>
   <div class='ocr_carea' id='block_1_92' title="bbox 519 4577 790 4647">
    <p class='ocr_par' dir='ltr' id='par_1_92' title="bbox 519 4577 790 4647">
     <span class='ocr_line' id='line_1_92' title="bbox 519 4577 790 4647; baseline 0 -17"><span class='ocrx_word' id='word_1_690' title='bbox 519 4579 636 4647; x_wconf 78' lang='lat' dir='ltr'><strong>ejus</strong></span> <span class='ocrx_word' id='word_1_691' title='bbox 680 4577 745 4633; x_wconf 80' lang='grc'><strong>¹⁸.</strong></span> <span class='ocrx_word' id='word_1_692' title='bbox 772 4598 790 4630; x_wconf 73' lang='grc' dir='ltr'><strong>ι</strong></span> 
     </span>
    </p>
   </div>
   <div class='ocr_carea' id='block_1_93' title="bbox 588 4667 2115 4740">
    <p class='ocr_par' dir='ltr' id='par_1_93' title="bbox 588 4667 2115 4740">
     <span class='ocr_line' id='line_1_93' title="bbox 588 4667 2115 4740; baseline 0 -16"><span class='ocrx_word' id='word_1_693' title='bbox 588 4669 782 4725; x_wconf 78' lang='lat' dir='ltr'><strong>PALL.</strong></span> <span class='ocrx_word' id='word_1_694' title='bbox 804 4671 1088 4726; x_wconf 90' lang='lat' dir='ltr'><strong>Insuetum</strong></span> <span class='ocrx_word' id='word_1_695' title='bbox 1109 4687 1262 4734; x_wconf 88' lang='lat' dir='ltr'><strong>sane,</strong></span> <span class='ocrx_word' id='word_1_696' title='bbox 1306 4683 1622 4738; x_wconf 89' lang='lat' dir='ltr'><strong>novumque</strong></span> <span class='ocrx_word' id='word_1_697' title='bbox 1640 4667 1988 4734; x_wconf 87' lang='lat' dir='ltr'><strong>miraculum,</strong></span> <span class='ocrx_word' id='word_1_698' title='bbox 2010 4667 2115 4740; x_wconf 83' lang='lat' dir='ltr'><strong>Cy-</strong></span> 
     </span>
    </p>
   </div>
   <div class='ocr_carea' id='block_1_94' title="bbox 523 4761 2110 4834">
    <p class='ocr_par' dir='ltr' id='par_1_94' title="bbox 523 4761 2110 4834">
     <span class='ocr_line' id='line_1_94' title="bbox 523 4761 2110 4834; baseline 0.002 -20"><span class='ocrx_word' id='word_1_699' title='bbox 523 4761 644 4816; x_wconf 91' lang='lat' dir='ltr'><strong>rille</strong></span> <span class='ocrx_word' id='word_1_700' title='bbox 678 4780 691 4816; x_wconf 88' lang='lat'><strong>:</strong></span> <span class='ocrx_word' id='word_1_701' title='bbox 728 4763 862 4832; x_wconf 89' lang='lat' dir='ltr'><strong>quid</strong></span> <span class='ocrx_word' id='word_1_702' title='bbox 893 4773 1077 4819; x_wconf 88' lang='lat' dir='ltr'><strong>autem</strong></span> <span class='ocrx_word' id='word_1_703' title='bbox 1116 4761 1428 4834; x_wconf 85' lang='lat' dir='ltr'><strong>signiﬁcare</strong></span> <span class='ocrx_word' id='word_1_704' title='bbox 1463 4761 1620 4826; x_wconf 91' lang='lat' dir='ltr'><strong>velit,</strong></span> <span class='ocrx_word' id='word_1_705' title='bbox 1646 4761 1878 4826; x_wconf 88' lang='lat' dir='ltr'><strong>dissere,</strong></span> <span class='ocrx_word' id='word_1_706' title='bbox 1912 4762 1958 4816; x_wconf 91' lang='lat' dir='ltr'><strong>si</strong></span> <span class='ocrx_word' id='word_1_707' title='bbox 1989 4761 2110 4833; x_wconf 80' lang='lat' dir='ltr'><strong>pla-</strong></span> 
     </span>
    </p>
   </div>
   <div class='ocr_carea' id='block_1_95' title="bbox 521 4853 917 4927">
    <p class='ocr_par' dir='ltr' id='par_1_95' title="bbox 521 4853 917 4927">
     <span class='ocr_line' id='line_1_95' title="bbox 521 4853 917 4927; baseline -0.003 -20"><span class='ocrx_word' id='word_1_708' title='bbox 521 4859 629 4916; x_wconf 82' lang='lat' dir='ltr'><strong>cet,</strong></span> <span class='ocrx_word' id='word_1_709' title='bbox 665 4867 695 4927; x_wconf 90' lang='lat' dir='ltr'><strong>_a</strong></span> <span class='ocrx_word' id='word_1_710' title='bbox 717 4853 917 4922; x_wconf 88' lang='lat' dir='ltr'><strong>capite.</strong></span> 
     </span>
    </p>
   </div>
   <div class='ocr_carea' id='block_1_96' title="bbox 588 4941 2105 5021">
    <p class='ocr_par' dir='ltr' id='par_1_96' title="bbox 588 4941 2105 5021">
     <span class='ocr_line' id='line_1_96' title="bbox 588 4941 2105 5021; baseline -0.001 -23"><span class='ocrx_word' id='word_1_711' title='bbox 588 4941 746 4998; x_wconf 78' lang='lat' dir='ltr'><strong>CYR.</strong></span> <span class='ocrx_word' id='word_1_712' title='bbox 801 4943 1076 5013; x_wconf 87' lang='lat' dir='ltr'><strong>Equidem</strong></span> <span class='ocrx_word' id='word_1_713' title='bbox 1111 4942 1397 4998; x_wconf 87' lang='lat' dir='ltr'><strong>disseram.</strong></span> <span class='ocrx_word' id='word_1_714' title='bbox 1445 4941 1584 4998; x_wconf 87' lang='lat' dir='ltr'><strong>Cum</strong></span> <span class='ocrx_word' id='word_1_715' title='bbox 1613 4958 1714 5021; x_wconf 85' lang='lat' dir='ltr'><strong>per</strong></span> <span class='ocrx_word' id='word_1_716' title='bbox 1748 4942 1919 4997; x_wconf 90' lang='lat' dir='ltr'><strong>multa</strong></span> <span class='ocrx_word' id='word_1_717' title='bbox 1962 4950 2105 4999; x_wconf 90' lang='lat' dir='ltr'><strong>tem-</strong></span> 
     </span>
    </p>
   </div>
   <div class='ocr_carea' id='block_1_97' title="bbox 508 5033 2107 5106">
    <p class='ocr_par' dir='ltr' id='par_1_97' title="bbox 508 5033 2107 5106">
     <span class='ocr_line' id='line_1_97' title="bbox 508 5033 2107 5106; baseline 0.004 -22"><span class='ocrx_word' id='word_1_718' title='bbox 508 5049 653 5104; x_wconf 86' lang='lat' dir='ltr'><strong>.pora</strong></span> <span class='ocrx_word' id='word_1_719' title='bbox 676 5033 822 5090; x_wconf 89' lang='lat' dir='ltr'><strong>inter</strong></span> <span class='ocrx_word' id='word_1_720' title='bbox 871 5033 1159 5106; x_wconf 64' lang='lat' dir='ltr'><strong>Egyptios</strong></span> <span class='ocrx_word' id='word_1_721' title='bbox 1213 5033 1417 5090; x_wconf 84' lang='lat' dir='ltr'><strong>versati</strong></span> <span class='ocrx_word' id='word_1_722' title='bbox 1467 5041 1655 5090; x_wconf 86' lang='lat' dir='ltr'><strong>essent</strong></span> <span class='ocrx_word' id='word_1_723' title='bbox 1701 5034 1998 5101; x_wconf 61' lang='lat' dir='ltr'><strong>Israelita,</strong></span> <span class='ocrx_word' id='word_1_724' title='bbox 2049 5044 2107 5090; x_wconf 86' lang='lat' dir='ltr'><strong>et</strong></span> 
     </span>
    </p>
   </div>
   <div class='ocr_carea' id='block_1_98' title="bbox 521 5124 2105 5197">
    <p class='ocr_par' dir='ltr' id='par_1_98' title="bbox 521 5124 2105 5197">
     <span class='ocr_line' id='line_1_98' title="bbox 521 5124 2105 5197; baseline 0.001 -17"><span class='ocrx_word' id='word_1_725' title='bbox 521 5124 733 5180; x_wconf 90' lang='lat' dir='ltr'><strong>nullum</strong></span> <span class='ocrx_word' id='word_1_726' title='bbox 772 5134 920 5181; x_wconf 87' lang='lat' dir='ltr'><strong>esset</strong></span> <span class='ocrx_word' id='word_1_727' title='bbox 951 5125 1165 5196; x_wconf 90' lang='lat' dir='ltr'><strong>peccati</strong></span> <span class='ocrx_word' id='word_1_728' title='bbox 1213 5140 1387 5196; x_wconf 88' lang='lat' dir='ltr'><strong>genus</strong></span> <span class='ocrx_word' id='word_1_729' title='bbox 1422 5126 1477 5182; x_wconf 92' lang='lat' dir='ltr'><strong>in</strong></span> <span class='ocrx_word' id='word_1_730' title='bbox 1511 5125 1659 5195; x_wconf 89' lang='lat' dir='ltr'><strong>quod</strong></span> <span class='ocrx_word' id='word_1_731' title='bbox 1694 5125 1834 5197; x_wconf 81' lang='lat' dir='ltr'><strong>lapsi</strong></span> <span class='ocrx_word' id='word_1_732' title='bbox 1875 5141 1986 5181; x_wconf 90' lang='lat' dir='ltr'><strong>non</strong></span> <span class='ocrx_word' id='word_1_733' title='bbox 2012 5140 2105 5182; x_wconf 82' lang='lat' dir='ltr'><strong>es-</strong></span> 
     </span>
    </p>
   </div>
   <div class='ocr_carea' id='block_1_99' title="bbox 519 5217 2105 5290">
    <p class='ocr_par' dir='ltr' id='par_1_99' title="bbox 519 5217 2105 5290">
     <span class='ocr_line' id='line_1_99' title="bbox 519 5217 2105 5290; baseline 0.001 -19"><span class='ocrx_word' id='word_1_734' title='bbox 519 5223 918 5288; x_wconf 87' lang='lat' dir='ltr'><strong>sent,cumque</strong></span> <span class='ocrx_word' id='word_1_735' title='bbox 937 5217 1312 5286; x_wconf 81' lang='lat' dir='ltr'><strong>voluptatibus</strong></span> <span class='ocrx_word' id='word_1_736' title='bbox 1335 5217 1414 5272; x_wconf 89' lang='lat' dir='ltr'><strong>illi</strong></span> <span class='ocrx_word' id='word_1_737' title='bbox 1442 5218 1651 5290; x_wconf 84' lang='lat' dir='ltr'><strong>regioni</strong></span> <span class='ocrx_word' id='word_1_738' title='bbox 1677 5217 1916 5290; x_wconf 87' lang='lat' dir='ltr'><strong>propriis</strong></span> <span class='ocrx_word' id='word_1_739' title='bbox 1950 5218 2105 5274; x_wconf 89' lang='lat' dir='ltr'><strong>oble-</strong></span> 
     </span>
    </p>
   </div>
   <div class='ocr_carea' id='block_1_100' title="bbox 521 5307 2110 5381">
    <p class='ocr_par' dir='ltr' id='par_1_100' title="bbox 521 5307 2110 5381">
     <span class='ocr_line' id='line_1_100' title="bbox 521 5307 2110 5381; baseline 0.003 -19"><span class='ocrx_word' id='word_1_740' title='bbox 521 5313 824 5372; x_wconf 79' lang='lat' dir='ltr'><strong>ctarentur,</strong></span> <span class='ocrx_word' id='word_1_741' title='bbox 862 5323 973 5363; x_wconf 92' lang='lat' dir='ltr'><strong>non</strong></span> <span class='ocrx_word' id='word_1_742' title='bbox 1000 5307 1286 5379; x_wconf 82' lang='lat' dir='ltr'><strong>ignorabat</strong></span> <span class='ocrx_word' id='word_1_743' title='bbox 1332 5308 1566 5381; x_wconf 86' lang='lat' dir='ltr'><strong>Moyses,</strong></span> <span class='ocrx_word' id='word_1_744' title='bbox 1619 5308 1903 5380; x_wconf 83' lang='lat' dir='ltr'><strong>segniores</strong></span> <span class='ocrx_word' id='word_1_745' title='bbox 1933 5324 2000 5365; x_wconf 84' lang='lat' dir='ltr'><strong>ea</strong></span> <span class='ocrx_word' id='word_1_746' title='bbox 2039 5309 2110 5367; x_wconf 87' lang='lat' dir='ltr'><strong>de</strong></span> 
     </span>
    </p>
   </div>
   <div class='ocr_carea' id='block_1_101' title="bbox 521 5395 2112 5468">
    <p class='ocr_par' dir='ltr' id='par_1_101' title="bbox 521 5395 2112 5468">
     <span class='ocr_line' id='line_1_101' title="bbox 521 5395 2112 5468; baseline 0 -16"><span class='ocrx_word' id='word_1_747' title='bbox 521 5411 687 5452; x_wconf 84' lang='lat' dir='ltr'><strong>causa</strong></span> <span class='ocrx_word' id='word_1_748' title='bbox 706 5395 880 5452; x_wconf 87' lang='lat' dir='ltr'><strong>factos</strong></span> <span class='ocrx_word' id='word_1_749' title='bbox 908 5413 1050 5464; x_wconf 90' lang='lat' dir='ltr'><strong>esse,</strong></span> <span class='ocrx_word' id='word_1_750' title='bbox 1077 5407 1243 5468; x_wconf 88' lang='lat' dir='ltr'><strong>atque</strong></span> <span class='ocrx_word' id='word_1_751' title='bbox 1276 5396 1568 5468; x_wconf 85' lang='lat' dir='ltr'><strong>ejusmodi,</strong></span> <span class='ocrx_word' id='word_1_752' title='bbox 1599 5404 1830 5468; x_wconf 58' lang='lat' dir='ltr'><strong>utmgre</strong></span> <span class='ocrx_word' id='word_1_753' title='bbox 1849 5396 1928 5451; x_wconf 84' lang='lat' dir='ltr'><strong>ad</strong></span> <span class='ocrx_word' id='word_1_754' title='bbox 1960 5412 2112 5452; x_wconf 89' lang='lat' dir='ltr'><strong>com-</strong></span> 
     </span>
    </p>
   </div>
   <div class='ocr_carea' id='block_1_102' title="bbox 2274 4660 3788 4741">
    <p class='ocr_par' dir='ltr' id='par_1_102' title="bbox 2274 4660 3788 4741">
     <span class='ocr_line' id='line_1_102' title="bbox 2274 4660 3788 4741; baseline 0.002 -21"><span class='ocrx_word' id='word_1_755' title='bbox 2274 4669 2488 4721; x_wconf 77' lang='grc' dir='ltr'><strong>ΠΑΛΛ.</strong></span> <span class='ocrx_word' id='word_1_756' title='bbox 2545 4668 2632 4732; x_wconf 83' lang='grc' dir='ltr'>Ὠς</span> <span class='ocrx_word' id='word_1_757' title='bbox 2661 4667 2898 4734; x_wconf 82' lang='grc' dir='ltr'>ἐξαίσιον</span> <span class='ocrx_word' id='word_1_758' title='bbox 2947 4670 3047 4741; x_wconf 84' lang='grc' dir='ltr'><strong>μὲν</strong></span> <span class='ocrx_word' id='word_1_759' title='bbox 3071 4670 3132 4723; x_wconf 85' lang='grc' dir='ltr'>τὸ</span> <span class='ocrx_word' id='word_1_760' title='bbox 3165 4669 3375 4741; x_wconf 79' lang='grc' dir='ltr'>θαῦμα,</span> <span class='ocrx_word' id='word_1_761' title='bbox 3411 4663 3458 4724; x_wconf 82' lang='grc' dir='ltr'>ὦ</span> <span class='ocrx_word' id='word_1_762' title='bbox 3487 4672 3603 4722; x_wconf 72' lang='grc' dir='ltr'>τᾶν.</span> <span class='ocrx_word' id='word_1_763' title='bbox 3640 4660 3711 4715; x_wconf 75' lang='grc' dir='ltr'>Τὸ</span> <span class='ocrx_word' id='word_1_764' title='bbox 3734 4661 3788 4714; x_wconf 74' lang='grc' dir='ltr'>δὲ</span> 
     </span>
    </p>
   </div>
   <div class='ocr_carea' id='block_1_103' title="bbox 2207 4755 3746 4834">
    <p class='ocr_par' dir='ltr' id='par_1_103' title="bbox 2207 4755 3746 4834">
     <span class='ocr_line' id='line_1_103' title="bbox 2207 4755 3746 4834; baseline -0.003 -22"><span class='ocrx_word' id='word_1_765' title='bbox 2207 4758 2260 4812; x_wconf 88' lang='grc' dir='ltr'><strong>τί</strong></span> <span class='ocrx_word' id='word_1_766' title='bbox 2299 4759 2365 4814; x_wconf 81' lang='grc' dir='ltr'>ἃν</span> <span class='ocrx_word' id='word_1_767' title='bbox 2400 4757 2642 4829; x_wconf 84' lang='grc' dir='ltr'>βούλοιτο</span> <span class='ocrx_word' id='word_1_768' title='bbox 2674 4760 3030 4832; x_wconf 81' lang='grc' dir='ltr'>καταδηλοῦν,</span> <span class='ocrx_word' id='word_1_769' title='bbox 3062 4763 3236 4834; x_wconf 79' lang='grc' dir='ltr'>φράζε</span> <span class='ocrx_word' id='word_1_770' title='bbox 3267 4763 3333 4832; x_wconf 78' lang='grc' dir='ltr'><strong>δὴ</strong></span> <span class='ocrx_word' id='word_1_771' title='bbox 3366 4759 3533 4814; x_wconf 84' lang='grc' dir='ltr'>πάλιν</span> <span class='ocrx_word' id='word_1_772' title='bbox 3567 4755 3746 4818; x_wconf 84' lang='grc' dir='ltr'>αὐτός.</span> 
     </span>
    </p>
   </div>
   <div class='ocr_carea' id='block_1_104' title="bbox 2269 4930 3792 5012">
    <p class='ocr_par' dir='ltr' id='par_1_104' title="bbox 2269 4930 3792 5012">
     <span class='ocr_line' id='line_1_104' title="bbox 2269 4930 3792 5012; baseline -0.002 -22"><span class='ocrx_word' id='word_1_773' title='bbox 2269 4936 2434 4990; x_wconf 82' lang='grc' dir='ltr'><strong>ΚΥΡ.</strong></span> <span class='ocrx_word' id='word_1_774' title='bbox 2484 4936 2626 5006; x_wconf 85' lang='grc' dir='ltr'><strong>Ἐγὼ</strong></span> <span class='ocrx_word' id='word_1_775' title='bbox 2669 4930 2892 5010; x_wconf 84' lang='grc' dir='ltr'>φράσω·</span> <span class='ocrx_word' id='word_1_776' title='bbox 2919 4941 3182 5012; x_wconf 82' lang='grc' dir='ltr'>Μακροὺς</span> <span class='ocrx_word' id='word_1_777' title='bbox 3213 4939 3532 5008; x_wconf 76' lang='grc' dir='ltr'>Αἰγυπτίοις</span> <span class='ocrx_word' id='word_1_778' title='bbox 3563 4936 3792 4991; x_wconf 83' lang='grc' dir='ltr'>συνδιαι-</span> 
     </span>
    </p>
   </div>
   <div class='ocr_carea' id='block_1_105' title="bbox 2211 5022 3791 5102">
    <p class='ocr_par' dir='ltr' id='par_1_105' title="bbox 2211 5022 3791 5102">
     <span class='ocr_line' id='line_1_105' title="bbox 2211 5022 3791 5102; baseline 0.001 -23"><span class='ocrx_word' id='word_1_779' title='bbox 2211 5025 2445 5098; x_wconf 79' lang='grc' dir='ltr'>τώμενοι</span> <span class='ocrx_word' id='word_1_780' title='bbox 2492 5028 2719 5101; x_wconf 87' lang='grc' dir='ltr'>χρόνους</span> <span class='ocrx_word' id='word_1_781' title='bbox 2758 5031 2808 5083; x_wconf 75' lang='grc' dir='ltr'><strong>οἱ</strong></span> <span class='ocrx_word' id='word_1_782' title='bbox 2854 5030 2914 5098; x_wconf 82' lang='grc' dir='ltr'>ἐξ</span> <span class='ocrx_word' id='word_1_783' title='bbox 2969 5030 3222 5102; x_wconf 78' lang='grc' dir='ltr'>Ἰσραὴλ,</span> <span class='ocrx_word' id='word_1_784' title='bbox 3254 5030 3349 5085; x_wconf 76' lang='grc' dir='ltr'>καὶ</span> <span class='ocrx_word' id='word_1_785' title='bbox 3385 5032 3469 5094; x_wconf 84' lang='grc' dir='ltr'><strong>είς</strong></span> <span class='ocrx_word' id='word_1_786' title='bbox 3513 5031 3622 5083; x_wconf 83' lang='grc' dir='ltr'>πᾶν</span> <span class='ocrx_word' id='word_1_787' title='bbox 3661 5022 3791 5088; x_wconf 79' lang='grc' dir='ltr'>εἶδος</span> 
     </span>
    </p>
   </div>
   <div class='ocr_carea' id='block_1_106' title="bbox 2212 5104 3791 5194">
    <p class='ocr_par' dir='ltr' id='par_1_106' title="bbox 2212 5104 3791 5194">
     <span class='ocr_line' id='line_1_106' title="bbox 2212 5104 3791 5194; baseline 0.004 -21"><span class='ocrx_word' id='word_1_788' title='bbox 2212 5120 2489 5191; x_wconf 81' lang='grc' dir='ltr'>ἁμαρτίας</span> <span class='ocrx_word' id='word_1_789' title='bbox 2536 5119 2940 5192; x_wconf 84' lang='grc' dir='ltr'>ὠλισθηκότες,</span> <span class='ocrx_word' id='word_1_790' title='bbox 2993 5123 3090 5176; x_wconf 63' lang='grc' dir='ltr'><strong>καὶ</strong></span> <span class='ocrx_word' id='word_1_791' title='bbox 3120 5125 3353 5194; x_wconf 85' lang='grc' dir='ltr'>τρυφαῖς</span> <span class='ocrx_word' id='word_1_792' title='bbox 3386 5104 3641 5192; x_wconf 59' lang='grc' dir='ltr'>ἡδόμενοι</span> <span class='ocrx_word' id='word_1_793' title='bbox 3677 5119 3791 5179; x_wconf 83' lang='grc' dir='ltr'>τα-τς</span> 
     </span>
    </p>
   </div>
   <div class='ocr_carea' id='block_1_107' title="bbox 2209 5207 3790 5284">
    <p class='ocr_par' dir='ltr' id='par_1_107' title="bbox 2209 5207 3790 5284">
     <span class='ocr_line' id='line_1_107' title="bbox 2209 5207 3790 5284; baseline -0.006 -17"><span class='ocrx_word' id='word_1_794' title='bbox 2209 5213 2541 5283; x_wconf 80' lang='grc' dir='ltr'>ἐπιχωρίοις,</span> <span class='ocrx_word' id='word_1_795' title='bbox 2566 5211 2781 5283; x_wconf 83' lang='grc' dir='ltr'>βραδεῖς</span> <span class='ocrx_word' id='word_1_796' title='bbox 2805 5213 2904 5284; x_wconf 82' lang='grc' dir='ltr'><strong>μὲν</strong></span> <span class='ocrx_word' id='word_1_797' title='bbox 2923 5213 3004 5267; x_wconf 82' lang='grc' dir='ltr'>ὅτι</span> <span class='ocrx_word' id='word_1_798' title='bbox 3031 5213 3126 5268; x_wconf 73' lang='grc' dir='ltr'><strong>καὶ</strong></span> <span class='ocrx_word' id='word_1_799' title='bbox 3149 5211 3648 5284; x_wconf 80' lang='grc' dir='ltr'>δυσμετακόμιστοι</span> <span class='ocrx_word' id='word_1_800' title='bbox 3673 5207 3790 5260; x_wconf 84' lang='grc' dir='ltr'>λίαν</span> 
     </span>
    </p>
   </div>
   <div class='ocr_carea' id='block_1_108' title="bbox 2209 5300 3786 5376">
    <p class='ocr_par' dir='ltr' id='par_1_108' title="bbox 2209 5300 3786 5376">
     <span class='ocr_line' id='line_1_108' title="bbox 2209 5300 3786 5376; baseline 0.001 -18"><span class='ocrx_word' id='word_1_801' title='bbox 2209 5303 2423 5360; x_wconf 79' lang='grc' dir='ltr'>ἔσονται</span> <span class='ocrx_word' id='word_1_802' title='bbox 2462 5305 2600 5375; x_wconf 86' lang='grc' dir='ltr'>πρὸς</span> <span class='ocrx_word' id='word_1_803' title='bbox 2645 5304 2982 5375; x_wconf 81' lang='grc' dir='ltr'>εὐκοσμίαν,</span> <span class='ocrx_word' id='word_1_804' title='bbox 3023 5307 3126 5359; x_wconf 92' lang='grc' dir='ltr'><strong>οὐκ</strong></span> <span class='ocrx_word' id='word_1_805' title='bbox 3170 5305 3440 5376; x_wconf 77' lang='grc' dir='ltr'>ἠγνόησεν</span> <span class='ocrx_word' id='word_1_806' title='bbox 3467 5303 3498 5355; x_wconf 90' lang='lat'><strong>6</strong></span> <span class='ocrx_word' id='word_1_807' title='bbox 3545 5300 3748 5368; x_wconf 81' lang='grc' dir='ltr'>Μωσῆς</span> <span class='ocrx_word' id='word_1_808' title='bbox 3772 5313 3786 5327; x_wconf 87' lang='grc'><strong><em>⁸</em></strong></span> 
     </span>
    </p>
   </div>
   <div class='ocr_carea' id='block_1_109' title="bbox 2211 5386 3793 5470">
    <p class='ocr_par' dir='ltr' id='par_1_109' title="bbox 2211 5386 3793 5470">
     <span class='ocr_line' id='line_1_109' title="bbox 2211 5386 3793 5470; baseline -0.003 -18"><span class='ocrx_word' id='word_1_809' title='bbox 2211 5399 2512 5469; x_wconf 83' lang='grc' dir='ltr'>συνωθήσει</span> <span class='ocrx_word' id='word_1_810' title='bbox 2549 5399 2608 5452; x_wconf 86' lang='grc' dir='ltr'><strong>δέ</strong></span> <span class='ocrx_word' id='word_1_811' title='bbox 2643 5400 2726 5452; x_wconf 81' lang='grc' dir='ltr'><strong>ὅτι</strong></span> <span class='ocrx_word' id='word_1_812' title='bbox 2756 5399 2894 5470; x_wconf 85' lang='grc' dir='ltr'>πρὸς</span> <span class='ocrx_word' id='word_1_813' title='bbox 2927 5397 3240 5453; x_wconf 83' lang='grc' dir='ltr'>εὐπείθειαν</span> <span class='ocrx_word' id='word_1_814' title='bbox 3268 5395 3378 5450; x_wconf 86' lang='grc' dir='ltr'><strong>τῶν</strong></span> <span class='ocrx_word' id='word_1_815' title='bbox 3409 5395 3590 5468; x_wconf 75' lang='grc' dir='ltr'>ἔργων</span> <span class='ocrx_word' id='word_1_816' title='bbox 3629 5393 3659 5445; x_wconf 93' lang='lat'><strong>6</strong></span> <span class='ocrx_word' id='word_1_817' title='bbox 3696 5386 3793 5447; x_wconf 60' lang='grc' dir='ltr'><strong>πόέ</strong></span> 
     </span>
    </p>
   </div>
   <div class='ocr_carea' id='block_1_110' title="bbox 522 5477 2095 5562">
    <p class='ocr_par' dir='ltr' id='par_1_110' title="bbox 522 5487 2095 5560">
     <span class='ocr_line' id='line_1_110' title="bbox 522 5487 2095 5560; baseline 0 -18"><span class='ocrx_word' id='word_1_818' title='bbox 522 5487 807 5558; x_wconf 87' lang='lat' dir='ltr'><strong>ponendos</strong></span> <span class='ocrx_word' id='word_1_819' title='bbox 843 5504 1025 5545; x_wconf 88' lang='lat' dir='ltr'><strong>mores</strong></span> <span class='ocrx_word' id='word_1_820' title='bbox 1073 5488 1285 5545; x_wconf 89' lang='lat' dir='ltr'><strong>traduci</strong></span> <span class='ocrx_word' id='word_1_821' title='bbox 1317 5497 1544 5560; x_wconf 88' lang='lat' dir='ltr'><strong>possent</strong></span> <span class='ocrx_word' id='word_1_822' title='bbox 1578 5487 1735 5543; x_wconf 91' lang='lat' dir='ltr'><strong>:fore</strong></span> <span class='ocrx_word' id='word_1_823' title='bbox 1781 5495 1971 5542; x_wconf 85' lang='lat' dir='ltr'><strong>autem</strong></span> <span class='ocrx_word' id='word_1_824' title='bbox 2020 5503 2095 5543; x_wconf 91' lang='lat' dir='ltr'><strong>sa-</strong></span> 
     </span>
    </p>
   </div>
   <div class='ocr_carea' id='block_1_111' title="bbox 2201 5477 3791 5562">
    <p class='ocr_par' dir='ltr' id='par_1_111' title="bbox 2215 5477 3791 5562">
     <span class='ocr_line' id='line_1_111' title="bbox 2215 5477 3791 5562; baseline -0.007 -19"><span class='ocrx_word' id='word_1_825' title='bbox 2215 5507 2301 5554; x_wconf 79' lang='lat' dir='ltr'><strong>vo;</strong></span> <span class='ocrx_word' id='word_1_826' title='bbox 2353 5491 2452 5561; x_wconf 82' lang='grc' dir='ltr'><strong>οὐχ</strong></span> <span class='ocrx_word' id='word_1_827' title='bbox 2486 5490 2708 5554; x_wconf 78' lang='grc' dir='ltr'>ἑκόντας</span> <span class='ocrx_word' id='word_1_828' title='bbox 2743 5491 2963 5555; x_wconf 81' lang='grc' dir='ltr'>αὐτοὺς,</span> <span class='ocrx_word' id='word_1_829' title='bbox 3015 5491 3064 5543; x_wconf 85' lang='grc' dir='ltr'><strong>εί</strong></span> <span class='ocrx_word' id='word_1_830' title='bbox 3103 5485 3623 5562; x_wconf 56' lang='grc' dir='ltr'>θαυματουργοωτα</span> <span class='ocrx_word' id='word_1_831' title='bbox 3671 5477 3791 5535; x_wconf 84' lang='grc' dir='ltr'>θεά-</span> 
     </span>
    </p>
   </div>
   <div class='ocr_carea' id='block_1_112' title="bbox 509 5571 2095 5656">
    <p class='ocr_par' dir='ltr' id='par_1_112' title="bbox 509 5579 2095 5656">
     <span class='ocr_line' id='line_1_112' title="bbox 509 5579 2095 5656; baseline -0.002 -18"><span class='ocrx_word' id='word_1_832' title='bbox 509 5579 738 5651; x_wconf 71' lang='grc' dir='ltr'>ιρὶοιιῑειο</span> <span class='ocrx_word' id='word_1_833' title='bbox 767 5581 1016 5654; x_wconf 88' lang='lat' dir='ltr'><strong>putabat,</strong></span> <span class='ocrx_word' id='word_1_834' title='bbox 1058 5591 1118 5656; x_wconf 65' lang='lat' dir='ltr'><strong>ut</strong></span> <span class='ocrx_word' id='word_1_835' title='bbox 1163 5597 1390 5656; x_wconf 88' lang='lat' dir='ltr'><strong>operum</strong></span> <span class='ocrx_word' id='word_1_836' title='bbox 1408 5580 1582 5651; x_wconf 59' lang='lat' dir='ltr'><strong>.labor</strong></span> <span class='ocrx_word' id='word_1_837' title='bbox 1639 5579 1993 5650; x_wconf 87' lang='lat' dir='ltr'><strong>compelleret</strong></span> <span class='ocrx_word' id='word_1_838' title='bbox 2043 5581 2095 5635; x_wconf 71' lang='lat' dir='ltr'><strong>ac</strong></span> 
     </span>
    </p>
   </div>
   <div class='ocr_carea' id='block_1_113' title="bbox 2201 5571 3790 5656">
    <p class='ocr_par' dir='ltr' id='par_1_113' title="bbox 2217 5571 3790 5655">
     <span class='ocr_line' id='line_1_113' title="bbox 2217 5571 3790 5655; baseline 0.005 -21"><span class='ocrx_word' id='word_1_839' title='bbox 2217 5597 2435 5646; x_wconf 82' lang='grc' dir='ltr'>σαιντο,</span> <span class='ocrx_word' id='word_1_840' title='bbox 2468 5579 2649 5651; x_wconf 83' lang='grc' dir='ltr'>σοφῶς</span> <span class='ocrx_word' id='word_1_841' title='bbox 2696 5581 3068 5652; x_wconf 83' lang='grc' dir='ltr'>ὑπελάμϐανε.</span> <span class='ocrx_word' id='word_1_842' title='bbox 3108 5581 3314 5655; x_wconf 79' lang='grc' dir='ltr'>Χρῆμα</span> <span class='ocrx_word' id='word_1_843' title='bbox 3343 5578 3444 5652; x_wconf 78' lang='grc' dir='ltr'><strong>μὲν</strong></span> <span class='ocrx_word' id='word_1_844' title='bbox 3498 5575 3610 5651; x_wconf 79' lang='grc' dir='ltr'>γὰρ</span> <span class='ocrx_word' id='word_1_845' title='bbox 3664 5571 3790 5642; x_wconf 79' lang='grc' dir='ltr'><strong>ἀλη·</strong></span> 
     </span>
    </p>
   </div>
   <div class='ocr_carea' id='block_1_114' title="bbox 599 5766 3297 5839">
    <p class='ocr_par' dir='ltr' id='par_1_114' title="bbox 599 5766 3297 5839">
     <span class='ocr_line' id='line_1_114' title="bbox 599 5766 3297 5839; baseline -0.001 -14"><span class='ocrx_word' id='word_1_846' title='bbox 599 5772 639 5802; x_wconf 85' lang='grc'>¹⁰</span> <span class='ocrx_word' id='word_1_847' title='bbox 679 5771 849 5825; x_wconf 68' lang='lat' dir='ltr'><strong>Exod.</strong></span> <span class='ocrx_word' id='word_1_848' title='bbox 885 5787 962 5832; x_wconf 86' lang='grc' dir='ltr'>ιιι,</span> <span class='ocrx_word' id='word_1_849' title='bbox 994 5771 1022 5824; x_wconf 86' lang='lat'><strong>7</strong></span> <span class='ocrx_word' id='word_1_850' title='bbox 1048 5786 1201 5839; x_wconf 80' lang='lat' dir='ltr'><strong>seqq.</strong></span> <span class='ocrx_word' id='word_1_851' title='bbox 1309 5771 1346 5800; x_wconf 87' lang='lat'>“</span> <span class='ocrx_word' id='word_1_852' title='bbox 1379 5768 1542 5832; x_wconf 59' lang='lat' dir='ltr'><strong>Ibid,</strong></span> <span class='ocrx_word' id='word_1_853' title='bbox 1587 5768 1640 5821; x_wconf 83' lang='lat'><strong>9.</strong></span> <span class='ocrx_word' id='word_1_854' title='bbox 1748 5769 1788 5800; x_wconf 84' lang='lat'>&quot;</span> <span class='ocrx_word' id='word_1_855' title='bbox 1824 5767 1987 5830; x_wconf 80' lang='lat' dir='ltr'><strong>Ibid.,</strong></span> <span class='ocrx_word' id='word_1_856' title='bbox 2028 5766 2108 5818; x_wconf 84' lang='lat' dir='ltr'><strong>Il.</strong></span> <span class='ocrx_word' id='word_1_857' title='bbox 2191 5767 2232 5796; x_wconf 74' lang='grc'>⁸³</span> <span class='ocrx_word' id='word_1_858' title='bbox 2263 5767 2366 5821; x_wconf 79' lang='lat' dir='ltr'><strong>Isa.</strong></span> <span class='ocrx_word' id='word_1_859' title='bbox 2397 5784 2545 5836; x_wconf 69' lang='lat' dir='ltr'><strong>unt,</strong></span> <span class='ocrx_word' id='word_1_860' title='bbox 2583 5769 2636 5832; x_wconf 78' lang='lat'><strong>9,</strong></span> <span class='ocrx_word' id='word_1_861' title='bbox 2707 5769 2945 5824; x_wconf 74' lang='lat' dir='ltr'><strong>&quot;Exod.</strong></span> <span class='ocrx_word' id='word_1_862' title='bbox 2975 5784 3050 5822; x_wconf 80' lang='grc' dir='ltr'><strong>ιν.</strong></span> <span class='ocrx_word' id='word_1_863' title='bbox 3085 5769 3117 5822; x_wconf 84' lang='lat'><strong>9</strong></span> <span class='ocrx_word' id='word_1_864' title='bbox 3147 5783 3297 5838; x_wconf 85' lang='lat' dir='ltr'><strong>seqq.</strong></span> 
     </span>
    </p>
   </div>
  </div>
