4096 6470
335 430 477 526 ω’

1122 475 1212 531 DE
1252 475 1703 535 ADORATIONE
1741 480 1808 537 IN
1847 480 2120 539 SPlRlTU
2163 481 2251 538 ET
2294 433 2669 537 ΥΕΒῙἸἎἸἘ.
2710 478 2841 535 LIB.
2882 478 2949 535 Il.

3562 478 3704 534 ἱεὶς*

336 585 466 651 Θῶς
518 585 884 662 δυσεξίτητον
928 589 1131 663 ἡδονὴ,
1189 593 1285 647 καὶ
1335 592 1529 648 παθῶν
1561 595 1823 667 ἁγριότης
1856 594 1964 649 τῶν

2072 596 2495 668 obsequendum
2513 595 2599 651 vel
2625 596 2852 660 invitos,
2875 594 2918 649 si
2941 594 3121 665 ipsum
3147 590 3493 649 admirabilia
3518 607 3681 663 quas-

336 678 402 734 ιν
458 680 604 751 ἡμῖν
662 681 767 737 οὐκ
843 683 1092 757 εὐχερῶς
1140 684 1553 751 ’τιθαιτσεύεταιηι
1608 686 1857 760 Ἰδρῶτος
1910 687 1968 742 δὲ

342 772 798 840 καταθλίϐοντος
848 777 957 831 καὶε
1012 777 1193 832 πόνων
1242 779 1684 853 ἐπηρτημένων,
1738 780 1969 836 ἀναπεί-

350 883 505 921 σειεν
569 866 642 922 ἂν
674 868 920 935 εὐκόλως
956 870 1053 925 καὶ
1095 872 1204 926 τῶν
1246 871 1481 944 ἡδίστων
1539 873 1905 947 ὑπερφρονεῖν
1940 875 1970 929 6

345 957 735 1014 ἁπαλλάττεω
760 959 1215 1033 ὑπισχνούμενος·
1251 957 1409 1034 οἶμαι
1441 962 1499 1017 δὲ
1535 963 1618 1018 δτι
1652 964 1749 1019 καὶ
1775 966 1805 1018 6
1838 980 1969 1019 παν-

341 1049 445 1115 τὸς
473 1051 697 1122 ἀγαθοῦ
734 1053 837 1125 τὴν
868 1055 1076 1127 εἴδησιν
1111 1053 1255 1126 έχων
1293 1054 1448 1123 Θεὸς,
1474 1054 1754 1111 δύσοιστόν
1781 1072 1842 1111 τε
1873 1056 1969 1111 καὶ

340 1141 608 1216 δυσαλγῆ
659 1144 783 1198 τότε
831 1143 899 1216 δὴ
974 1143 1213 1217 μάλιστα
1279 1147 1395 1210 τοῖς
1465 1142 1533 1213 ἐξ
1602 1145 1820 1219 Ἰσραὴλ
1867 1147 1968 1219 τὴν

340 1235 465 1290 τῶν
514 1237 838 1307 Αἰγυπτίων
877 1240 1104 1310 ὲπηφίει
1140 1237 1460 1306 πλεονεξίαν
1489 1239 1966 1311 οίκονομικώτατά

342 1346 410 1383 τε
436 1329 592 1399 λίαν,
626 1332 705 1396 ὡς
732 1331 800 1386 ἂν
828 1328 941 1386 εἷεν
965 1331 1179 1387 εὔκολοι
1224 1333 1363 1405 πρὸς
1391 1331 1734 1405 ἀποδρομὴν,
1765 1333 1861 1386 καὶ
1891 1333 1967 1405 μὴ

340 1424 480 1486 ταῖς
517 1424 851 1496 συντρόφοις
879 1425 1101 1497 ἡδοναῖς
1147 1424 1496 1498 ἐνδούμενοι,
1526 1424 1753 1497 σκληροί
1783 1441 1844 1477 τε
1876 1424 1971 1493 γέ-

342 1529 538 1568 νοιντο
569 1516 670 1568 καὶ
687 1514 999 1584 δυσάγωγοι
1030 1515 1255 1589 κομιδῇ,
1296 1517 1394 1571 καὶ
1424 1515 1527 1587 τὴν
1551 1515 1644 1570 τοῦ
1675 1517 1971 1582 καλοῦντος

338 1604 435 1669 είς
458 1605 789 1678 ἐλευθερίαν
810 1604 1176 1678 ἀτιμάζοντες
1194 1607 1378 1679 χάριν,
1407 1607 1714 1662 ἐθελούσιον
1735 1610 1971 1663 ποιοῖντο

342 1697 465 1768 τὴν
492 1698 555 1750 εν
575 1698 844 1771 Αἰγύπτῳ
875 1698 1119 1770 θητείαν,
1148 1699 1211 1754 τὸ
1237 1700 1554 1772 παραυτίκα
1574 1700 1828 1774 τερπνὸν,
1861 1700 1970 1754 ὀλί-

342 1802 469 1857 γων
513 1786 636 1842 ἐσθ’
676 1790 768 1844 ὅτε
814 1791 1215 1865 προτάττοντες
1264 1792 1492 1850 πόνων.,
1511 1793 1732 1848 Μᾶλλον
1769 1793 1828 1848 δὲ
1875 1795 1971 1849 καὶ

342 1877 544 1933 αὐτῶν
578 1880 640 1933 ἑν
672 1879 927 1953 ἀμείνοσι
960 1884 1448 1957 καταλογιζόμενοι
1476 1885 1586 1940 τῶν
1612 1885 1770 1958 παρὰ
1803 1884 1965 1948 Θεοῦ,

2072 691 2201 747 dam
2229 706 2399 763 opera
2428 689 2641 747 efﬁcere
2672 689 2958 755 viderent;
2985 694 3072 743 est
3100 686 3252 743 enim
3286 686 3542 759 voluptas
3578 685 3680 739 in-

2072 780 2244 839 ﬁxum
2265 782 2491 855 penitus
2527 782 2757 849 malum,
2784 789 2843 837 et
2872 781 3139 837 vitiorum
3177 786 3495 835 nostrorum
3532 776 3669 833 feri-

2073 880 2160 930 tas
2182 872 2406 929 diﬂicile
2449 872 2828 928 mansuescit:
2859 879 2936 937 at,
2980 872 3027 927 si
3061 869 3236 927 sudor
3277 868 3573 940 deprimat,
3606 882 3673 923 ac

2071 966 2296 1023 labores
2322 965 2567 1038 impositi
2592 965 2723 1028 sint,
2751 971 2869 1020 tum
2892 979 3025 1020 vero
3049 963 3117 1031 is,
3158 963 3253 1035 qui
3297 978 3357 1018 se
3399 960 3669 1017 liberatu-

2072 1076 2198 1116 rum
2233 1059 2303 1115 ab
2332 1060 2405 1115 iis
2431 1057 2816 1115 incommodis
2837 1056 3151 1129 pollicetur,
3198 1055 3358 1111 facile
3378 1067 3671 1126 persuase-

2072 1152 2165 1219 rit,
2197 1151 2346 1225 ipsas
2387 1167 2611 1224 quoque
2647 1166 2893 1207 summas
2935 1149 3247 1220 voluptates
3290 1158 3666 1203 contemnere.

2064 1244 2217 1314 'Quin
2238 1244 2404 1301 etiam
2429 1252 2566 1316 puto
2588 1244 2786 1308 Deum,
2809 1243 2903 1313 qui
2927 1240 3198 1297 bonbrum
3218 1240 3463 1294 omnium
3486 1238 3669 1293 scicn-

2072 1337 2208 1393 tiam
2236 1345 2410 1403 tenet,
2442 1336 2854 1408 sapientissimo
2890 1332 3126 1389 consilio
3161 1330 3427 1387 lsraelitis
3468 1345 3536 1385 co
3575 1344 3675 1399 po-

2073 1426 2351 1483 tissimum
2415 1436 2667 1498 tempore
2710 1425 3000 1480 molestam
3026 1464 3041 1489 ,
3097 1437 3162 1477 ac
3206 1436 3318 1476 non
3386 1418 3670 1475 ferendam

2072 1519 2458 1593 Egyptiorum
2495 1520 2782 1576 hominum
2810 1516 3077 1573 saevitiam
3116 1513 3412 1571 immisisse
3444 1521 3507 1568 ut
3535 1512 3673 1568 faci-

2073 1610 2156 1668 les
2182 1621 2370 1668 essent
2394 1612 2462 1668 ad
2498 1611 2747 1684 fugam,
2764 1624 2947 1681 neque
2977 1605 3385 1663 consuetudine
3413 1604 3671 1675 volupta-

2073 1714 2195 1761 tum
2232 1705 2427 1771 illecti,
2474 1692 2792 1776 pertinaces
2837 1718 2902 1759 ac
2938 1700 3195 1777 diﬁciles
3235 1697 3535 1757 admodum
3572 1697 3672 1753 lie-

2074 1807 2218 1865 rent,
2272 1807 2438 1869 atque
2472 1797 2640 1862 illius,
2679 1797 2775 1868 qui
2809 1794 2880 1853 ad
2918 1795 3231 1850 libertatem
3269 1799 3515 1854 vocaret,
3546 1804 3672 1861 gra-

2076 1891 2210 1947 tiam
2242 1888 2732 1962 parvipendcntes,
2786 1884 3005 1958 Egypti
3027 1882 3353 1940 servitutem
3392 1886 3590 1950 sponte
3611 1892 3674 1933 ac

345 1969 451 2025 καὶ
488 1970 1038 2045 γοῦν-ἁσμενέστατα
1078 1976 1182 2047 τῆς
1205 1976 1314 2032 τῶν
1339 1978 1510 2033 πάλαι
1547 1978 1964 2052 τετυραννευκό-

2078 1983 2319 2039 libenter
2357 1981 2823 2051 amplexarentur,
2868 1990 2997 2032 cum
3040 1974 3190 2033 illam
3215 1968 3506 2044 praesentis
3535 1975 3673 2022 tem-

345 2078 465 2117 των
498 2064 827 2131 πλεονεξίας
852 2068 1224 2136 έκδεδυκὸτες,
1248 2070 1600 2143 αὑλιζόμενοί
1623 2089 1683 2127 τε
1709 2073 1850 2128 κατὰ
1871 2072 1971 2146 τὴν

348 2153 595 2227 ἔρημον,
620 2156 719 2212 καὶ
738 2158 808 2213 τὰ
828 2158 1041 2215 ἄνωθέν
1064 2179 1123 2216 τε
1154 2162 1248 2217 καὶ
1278 2161 1339 2229 ἐξ
1367 2163 1601 2235 οὐρανοῦ
1634 2165 1969 2236 σιτούμενοι,

343 2246 453 2320 τὴν
475 2248 580 2303 τοῦ
609 2251 792 2321 μάννα
827 2253 1096 2325 χορηγίαν
1127 2256 1293 2328 φημὶ,
1326 2255 1429 2327 τῆς
1458 2257 1517 2311 ὲν
1546 2258 1811 2330 Αἰγύπτῳ
1837 2275 1970 2329 τρυ-

343 2337 462 2409 φῆς
526 2339 636 2394 οὐκ
711 2341 983 2415 ἀδακρυτὶ
1065 2346 1526 2419 μνημονεύουσιν.
1618 2348 1972 2406 Ἐκτεθνάναι

349 2430 589 2501 μᾶλλον,
631 2433 710 2499 ὡς
732 2431 807 2508 ἦν
850 2436 916 2509 δή
960 2455 1066 2492 που
1108 2440 1261 2512 παρὰ
1298 2440 1436 2496 πολὺ
1480 2442 1732 2513 κρεῖττόν
1774 2459 1835 2497 τε
1868 2443 1964 2498 καὶ

343 2523 586 2595 ἄμεινον
611 2527 817 2594 αὐτοῖς,
841 2532 965 2594 ταῖς
987 2532 1046 2585 έν
1072 2532 1336 2605 Αίγύπτῳ
1364 2535 1667 2606 τραπέζαις
1695 2516 1968 2590 ὲνσπαταέ-

344 2616 593 2683 λῶντας,
626 2619 711 2675 ἔτι
749 2623 1169 2696 διατεινάμενοι,
1218 2627 1315 2681 καὶ
1347 2627 1728 2700 μειρακιωδῶς
1771 2629 1970 2684 ἀνακε-

345 2708 632 2778 κραγότες
650 2728 665 2742 -
704 2731 722 2764 ι
755 2713 991 2784 Ὄφελον
1019 2715 1369 2789 ἀπεθάνομεν
1397 2719 1699 2792 πληγέντες
1725 2721 1837 2791 uno.
1854 2722 1969 2775 Κυ-

349 2799 476 2871 ρίου
511 2802 572 2856 ἑν
603 2802 893 2878 Δίγύπτῳ,
926 2807 1062 2862 ὅταν
1094 2808 1434 2882 ὲκαθίσαμεν
1461 2812 1560 2866 ἐπὶ·
1577 2811 1689 2866 τῶν
1715 2812 1962 2883 λεϐήτων

344 2893 466 2949 τῶν
497 2897 684 2968 κρεῶν
714 2900 812 2953 καὶ
842 2900 1107 2972 ἠσθίομεν
1131 2903 1333 2977 ἄρτους
1354 2905 1437 2969 είς
1455 2906 1775 2978 πλησμονήν
1792 2908 1852 2962 i‘i

2070 2074 2222 2147 poris
2252 2071 2688 2129 oblectationem
2718 2068 2936 2141 exiguis
2957 2077 3361 2136 nonnunquam
3384 2059 3675 2117 laboribus

2071 2168 2452 2232 anteferrent,
2500 2164 2612 2220 imo
2651 2178 2785 2219 vero
2823 2161 2990 2219 etiam
3034 2157 3170 2230 ipsis
3212 2155 3313 2212 Dei
3356 2150 3707 2216 beneﬂciis..

2070 2257 2478 2330 exoptatiorem
2522 2255 2926 2311 existimarent.
2955 2251 3145 2322 Itaque
3182 2248 3314 2303 licet
3342 2248 3455 2318 jam
3486 2243 3671 2300 liben-

2071 2352 2285 2407 tissime
2307 2366 2375 2406 cx
2395 2349 2487 2405 illa
2512 2347 2807 2418 iniquitate
2829 2353 3083 2402 veterum
3106 2341 3462 2399 dominorum
3481 2351 3670 2394 emer-

2074 2441 2301 2507 sissent,
2321 2449 2379 2496 et
2410 2439 2468 2497 in
2498 2454 2688 2496 eremo
2722 2436 2848 2493 fixis
2885 2433 3144 2492 tentoriis
3190 2436 3569 2494 morarentur,
3614 2432 3672 2482 ot

2072 2549 2318 2607 superno
2341 2533 2671 2604 cmlitusque
2694 2530 2824 2587 dato
2852 2529 2980 2586 cibo
3015 2532 3399 2591 vescerentur,
3445 2535 3671 2585 manna,
3704 2572 3713 2577 ἡ

2069 2624 2317 2696 inquam,
2366 2625 2483 2689 illo,
2520 2623 2670 2697 quod
2702 2623 2926 2694 copiose
2960 2619 3334 2693 praebebatur,
3389 2616 3539 2671 illam
3584 2622 3673 2669 ta-

2069 2735 2199 2776 men
2221 2719 2278 2775 in
2300 2717 2537 2792 Egypto
2556 2717 2896 2789 Voluptatem
2926 2730 3042 2770 non
3070 2712 3192 2769 sine
3227 2709 3484 2784 lacrymis
3515 2723 3673 2763 com-

2070 2818 2403 2877 memorant,
2456 2809 2691 2867 scilicet
2722 2815 3024 2881 querentes
3082 2804 3260 2861 multo
3312 2802 3420 2859 sibi
3471 2798 3721 2871 melius-..

2069 2906 2263 2973 fuisse,
2291 2905 2338 2961 si
2368 2914 2483 2961 tum
2502 2912 2694 2961 essent
2731 2900 2961 2967 mortui,
2998 2915 3125 2957 cum
3154 2899 3213 2955 in
3244 2896 3465 2971 Egypti
3511 2911 3671 2951 men-

348 2987 431 3044 sis
497 2988 939 3049 luxuriareutur.
983 2995 1175 3068 Itaque
1217 3012 1434 3054 summa
1494 3000 1849 3056 contentione
1888 3014 2043 3056 more
2079 3014 2385 3070 puerorum
2420 2997 2908 3054 vociferabantur:
2942 3015 2960 3047 ι
2999 2995 3222 3052 Utinam
3270 2993 3474 3049 mortui
3518 3009 3704 3049 esse-.

348 3094 485 3134 mus
512 3085 773 3151 percussi
821 3100 852 3141 a
895 3086 1132 3144 Domino
1182 3088 1241 3146 in
1277 3078 1536 3162 Egypto,
1567 3090 1790 3162 quando
1852 3090 2188 3147 sedcbamus
2213 3091 2544 3162 superollas
2587 3088 2863 3154 carnium,
2899 3094 2959 3142 et
3019 3082 3452 3142 comedebamus
3470 3096 3716 3154 panemo

348 3175 409 3231 in
437 3178 739 3260 saturitate
762 3182 837 3236 "l
871 3200 893 3234 ι

322 3278 325 3281 Α
426 3295 650 3350 ΠΑΛΛ.
678 3292 754 3351 Εὖ
784 3296 988 3368 λέγεις.

423 3406 598 3461 ΚΥΡι
636 3407 853 3463 Οὐκοῦν
877 3408 956 3475 ὡς
982 3410 1260 3482 ἀναγκαία
1283 3430 1369 3478 τις
1401 3410 1580 3467 ἔσοιτο
1608 3412 1747 3485 πρὸς
1777 3411 1964 3467 εὐπεί-

350 3495 512 3552 θειαν
566 3498 767 3564 αὐτοῖς
812 3502 846 3573 ή
905 3499 1359 3573 θαυματουργία,
1409 3503 1618 3574 Μωσῆς
1668 3501 1962 3573 ἠπίστατο.

349 3589 654 3661 Τοιγάρτοι
685 3593 852 3664 φησίν
871 3609 884 3623 ·
914 3613 933 3647 ι
976 3594 1106 3650 Ἐὰν
1135 3595 1210 3667 μὴ
1235 3596 1603 3650 είσακούσωσί
1632 3613 1733 3668 μου
1758 3594 1964 3669 (ἐροῦσι

348 3679 489 3750 γὰρ,
509 3681 595 3734 ὃτι
613 3682 728 3735 Οὐκ
759 3677 941 3737 ὦπταί
969 3700 1053 3738 σοι
1069 3688 1095 3739 6
1119 3684 1298 3757 Θεὸς),
1321 3685 1373 3739 τί
1391 3686 1504 3757 ἐρῶ
1520 3685 1655 3758 πρὸς
1678 3684 1912 3753 αὐτούςὶ
1939 3706 1957 3739 ³

359 3769 426 3825 '0
450 3771 510 3825 δέ
540 3790 607 3842 γε
632 3775 915 3831 τῶνὴὂλων
938 3776 1070 3840 Θεὸς
1106 3778 1398 3851 μελέτησιν
1425 3772 1617 3852 ὥσπερ
1637 3778 1763 3834 τινὰ
1788 3780 1963 3835 ποιεῖ-

350 3859 484 3915 σθαι
517 3863 584 3916 τὸ
618 3863 805 3936 θαῦμα
834 3869 1182 3940 παραχρῆμα
1228 3867 1598 3924 διεκελεύετο’
1630 3870 1965 3943 προαναπεί-

349 3952 487 4018 (low,
536 3951 716 4027 οἶμαι,
753 3961 821 4031 τῇ
858 3959 1029 4033 πείρᾳ
1066 3960 1159 4014 τὸν
1203 3962 1555 4034 λειτουργὸν,
1589 3962 1673 4017 ὅτι
1704 3962 1800 4017 καὶ
1849 3965 1963 4027 τοῖς

346 4043 536 4109 ἄλλοις
585 4048 764 4103 ἅπασι
808 4049 1066 4126 καθάπερ
1110 4052 1261 4125 αὐτῷ
1312 4054 1451 4127 πρὸς
1485 4053 1713 4123 ἔνδειξιν
1757 4056 1960 4129 ἀκριϐῆ

344 4132 445 4187 τοῦ
483 4135 791 4208 κεκλῆσθαι
842 4139 999 4212 παρὰ
1038 4141 1200 4207 Θεοῦ,
1228 4141 1451 4215 διαρκὲς
1477 4140 1633 4198 ἔσται
1658 4143 1721 4198 τὸ
1747 4143 1959 4217 δρώμε-

346 4242 480 4281 νον·
530 4228 632 4282 καὶ
680 4231 922 4303 ἁρμόσαι
956 4232 1071 4306 γὰρ
1115 4234 1182 4289 ἂν
1231 4234 1331 4307 οὐχ
1375 4235 1548 4308 ἑτέρῳ
1577 4236 1638 4290 τὸ
1691 4236 1955 4309 μεῦιστᾷν

344 4318 623 4375 δύνασθαι
657 4323 769 4377 τῶν
793 4324 965 4380 ὄντων
990 4327 1090 4391 τὰς
1122 4326 1320 4398 φύσεις
1351 4328 1490 4401 πρὸς
1514 4329 1655 4401 ὅπερ
1680 4330 1746 4383 ἃν
1784 4328 1962 4384 ἕλοιτο

341 4410 536 4484 τυχὸν,
576 4414 719 4487 πλὴν
756 4416 840 4471 ὅτι
887 4419 985 4473 καὶ
1026 4419 1174 4492 μόνῳ
1211 4419 1290 4494 τῷ
1339 4421 1559 4476 πάντων
1602 4420 1958 4495 Δημιουργῷ,

345 4507 594 4577 μήνυσιν
620 4508 679 4562 δὲ
718 4509 910 4585 ὥσπερ
940 4516 1041 4584 τῆς
1068 4513 1158 4568 διὰ
1195 4514 1439 4588 Χριστοῦ
1468 4515 1746 4589 σωτηρίας
1778 4516 1961 4586 αἰνιγ-

346 4599 621 4667 ματωδῶς
649 4602 711 4655 τὸ
733 4605 1035 4676 παράδοξον
1067 4602 1126 4661 εὖ
1158 4606 1305 4679 μάλα
1330 4606 1522 4672 τιθείς.
1543 4608 1818 4679 Ὀψόμεθα
1847 4608 1959 4681 γὰρ

343 4689 447 4759 τῆς
484 4691 547 4744 ὲν
581 4693 737 4766 αὑτῷ
771 4697 1122 4769 ἀνθρωπείας
1157 4698 1375 4767 φύσεως
1400 4700 1492 4755 τὸν
1520 4702 1601 4766 εἱς
1634 4701 1695 4754 τὸ
1727 4702 1958 4774 ἀρχαῖον

345 4780 737 4855 ἁναπλασμὸν,
771 4789 865 4842 καὶ¹
909 4790 1011 4862 τὴν
1040 4793 1207 4846 οίονεὶ
1251 4794 1704 4867 μεταμόρφωσιν,
1747 4796 1848 4867 τὴν
1876 4796 1957 4861 εἰς

345 4873 486 4948 ὅπερ
516 4872 668 4949 ἦμεν
706 4881 766 4934 ὲν
806 4882 1002 4956 Ἀδὰμ,
1040 4885 1205 4950 εὐθὺς
1234 4888 1317 4951 είς
1346 4887 1408 4943 τὸ
1438 4884 1578 4942 εἶναι
1608 4905 1955 4961 παρενηνεγ-

349 4963 527 5072 μένοι,
556 4967 721 5041 δόξης
744 4988 805 5025 τε
843 4972 1000 5029 οὔπω
1039 4975 1137 5047 τῆς
1182 4975 1390 5033 ἄνωθεν
1421 4978 1517 5033 καὶ
1551 4978 1831 5051 ἁγιασμοῢ
1864 4994 1955 5051 τη-

344 5073 611 5130 τωμενοι.

1984 3301 2032 3364 C
2132 3294 2333 3351 PALL.
2363 3292 2478 3365 68
2498 3292 2669 3347 Recte
2701 3288 2862 3344 dicis.

2135 3407 2437 3466 CYB.Non
2466 3413 2587 3463 erat
2619 3403 2791 3477 igitur
2815 3401 3029 3474 Moyses
3049 3401 3297 3473 ignarus,
3331 3396 3481 3452 illam
3504 3393 3700 3449 miras.

2066 3496 2816 3571 culorumpcrpetrationem
2844 3490 3218 3549 necessariam
3268 3488 3408 3547 fore.
3451 3501 3557 3557 qua
3598 3484 3667 3539 il-

2066 3594 2249 3651 lorum
2280 3590 2453 3649 animi
2496 3589 2566 3646 ad
2599 3587 2822 3645 facilius
2865 3580 3367 3657 obtemperantium
3421 3577 3668 3637 adduce-

2066 3700 2258 3743 rentur
2296 3703 2310 3739 :
2350 3685 2539 3755 itaque
2569 3681 2692 3739 ait:
2733 3700 2752 3734 ι
2794 3679 2854 3736 Si
2878 3692 2993 3734 non
3020 3675 3309 3734 audierint
3329 3686 3453 3755 me;
3480 3671 3699 3728 dicent-

2065 3779 2216 3836 enim
2254 3776 2416 3832 :Non
2447 3754 2732 3846 iapparuit
2783 3769 2887 3828 tibi
2939 3769 3128 3836 Deus;
3169 3765 3307 3838 quid
3361 3754 3543 3821 dicam
3599 3762 3669 3817 ad

2067 3889 2165 3931 eos
2186 3871 2272 3927 “1’
2298 3891 2316 3923 ι
2348 3869 2457 3926 Sed
2481 3867 2871 3923 universorum
2898 3858 3389 3919 Deusmiraculum
3407 3853 3547 3912 illud
3575 3871 3673 3910 ve-

2066 3966 2152 4022 lut
2208 3960 2625 4021 exercitationis
2674 3956 2963 4031 cujusdam
3003 3955 3128 4013 loco
3168 3953 3351 4009 facere
3404 3948 3671 4007 continuo

2059 4057 2246 4130 jussit,
2268 4072 2334 4113 ea
2364 4055 2434 4112 de
2470 4068 2656 4119 causa,
2676 4051 2787 4107 nisi
2806 4049 2988 4116 fallor,
3019 4054 3083 4104 ut
3110 4046 3268 4117 prius
3289 4043 3668 4114 experimento

2064 4150 2186 4221 ipso
2220 4147 2485 4220 probaret
2509 4159 2611 4200 suo
2637 4141 2860 4207 cultori,
2886 4148 2951 4196 ut
2970 4137 3119 4210 apud
3144 4151 3225 4202 se,
3256 4134 3338 4191 sic
3366 4132 3514 4205 apud
3542 4146 3665 4187 om-

2063 4256 2165 4298 nes
2196 4240 2357 4305 alios,
2378 4250 2499 4294 rem
2521 4236 2675 4292 illam
2697 4240 2909 4307 gestam
2938 4231 3075 4287 satis
3100 4225 3412 4301 argumenti
3438 4223 3666 4279 habitu-

2064 4346 2205 4398 ram,
2223 4347 2336 4403 que
2364 4344 2424 4387 se
2453 4342 2485 4384 a
2513 4327 2630 4384 Deo
2647 4331 2906 4383 vocatum
2927 4321 3099 4380 fuisse
3128 4316 3439 4377 certissime
3472 4323 3685 4371 osten--

2063 4427 2329 4493 deretur;
2366 4437 2550 4495 neque
2579 4418 2732 4477 enim
2766 4417 2837 4475 ad
2875 4418 3115 4474 alterum
3150 4411 3488 4486 quempiam,
3521 4424 3663 4480 prte-

2064 4526 2316 4591 terquam
2333 4515 2402 4573 ad
2430 4526 2606 4571 unum
2625 4519 2971 4570 cunctarum.
2994 4522 3191 4565 rerum
3210 4503 3513 4578 .Opificem.
3535 4517 3664 4573 per-

2027 4598 2035 4603 ’
2065 4611 2267 4678 tinere,
2301 4623 2465 4682 posse
2483 4622 2669 4666 rerum
2691 4613 2973 4669 naturam,
3017 4602 3077 4658 in
3102 4615 3283 4674 quam.
3306 4595 3444 4654 velit
3471 4595 3660 4661 aliam,

2061 4705 2378 4761 immutare.
2409 4701 2587 4759 Simul
2612 4700 2779 4758 etiam
2809 4698 3047 4771 ﬁgurare
3083 4710 3204 4752 rem
3234 4692 3386 4749 illam
3424 4688 3665 4746 admira-

2064 4795 2234 4852 bilem
2261 4809 2363 4866 pro
2386 4792 2593 4848 indicio
2625 4778 2748 4848 esse
2776 4788 2954 4846 voluit
2993 4784 3188 4843 salutis
3216 4783 3389 4849 illius,
3420 4795 3546 4854 quae
3565 4792 3666 4851 per

2062 4888 2346 4945 Christum
2375 4882 2671 4942 tribuenda
2698 4882 2863 4940 nobis
2894 4887 3017 4938 erat
3039 4897 3052 4934 :
3085 4879 3142 4934 in
3165 4893 3234 4934 eo
3258 4875 3410 4932 enim
3436 4869 3662 4945 perspi‘q

2062 4978 2275 5035 ciemus
2328 4972 2802 5048 quemadmodum
2842 4971 3101 5027 humana:
3151 4970 3366 5022 natura:
3407 4956 3659 5031 quaedam

2060 5071 2139 5126 sit
2157 5070 2213 5126 in
2237 5069 2532 5142 antiquum
2575 5075 2779 5124 statum
2814 5064 2961 5121 facta
2988 5057 3329 5121 reformatio,
3379 5068 3445 5108 ac
3486 5049 3658 5106 veluti

346 5152 764 5226 transfiguratio
811 5157 865 5213 in
892 5176 1012 5216 eam
1054 5161 1460 5232 conditionem,
1502 5181 1613 5237 qua
1657 5181 1882 5223 eramus
1913 5167 1972 5223 in
2011 5165 2209 5231 Adam,
2270 5180 2397 5221 cum
2445 5163 2686 5236 primum
2711 5177 2751 5217 a-
2798 5160 2914 5217 Deo
2957 5153 3167 5214 conditi
3207 5150 3449 5213 fuimus,
3486 5145 3658 5219 gloria

345 5259 588 5318 superna
604 5257 663 5305 et
683 5252 977 5310 sanctitate
1010 5255 1260 5313 nondum
1288 5257 1515 5315 amissa.

417 5359 632 5416 II.\AA.
667 5362 793 5427 Πῶς
818 5364 988 5436 ἔφης;
1020 5367 1353 5441 ἀσυμφανὴς
1386 5367 1496 5442 γὰρ
1523 5372 1553 5426 ὁ
1581 5369 1763 5439 λόγος.

412 5562 582 5619 ΚΥΡ.
634 5564 699 5617 Ἦ
751 5565 948 5636 ῥάϐδος
1016 5567 1137 5639 ἦτοι
1177 5569 1240 5623 τὸ
1284 5569 1567 5643 σκῆπτρον
1621 5572 1777 5643 ἡμῖν,
1825 5573 1952 5646 οὐχὶ

343 5654 629 5724 βασιλείας
656 5659 929 5731 σύμϐολον
957 5662 1042 5735 εἴη
1073 5663 1160 5730 ἂν,
1197 5658 1243 5719 ὦ
1283 5664 1585 5734 Παλλάδιε;

415 5752 632 5806 ΠΛΛΛ.
672 5753 822 5807 Πάνυ
860 5753 962 5827 μὲν
1009 5751 1123 5821 οὗν,
1185 5758 1396 5812 ἐπείτοι
1447 5762 1540 5813 καὶ
1576 5760 1763 5830 ὅρκιον
1818 5760 1952 5814 αὐτὸ

416 5936 460 5969 ’⁸
490 5937 647 5995 Exod
701 5957 808 6006 xw,
854 5941 907 5997 5.
1014 5941 1058 5973 ⁸⁷⁸
1091 5942 1269 6001 Exod.
1302 5959 1376 6003 Iv.
1420 5945 1441 5999 l

2024 5366 2029 5373 ’
2136 5356 2336 5426 PALL.
2369 5364 2621 5437 Quonam
2644 5362 2851 5421 modo?
2888 5355 3198 5418 obscuriori
3237 5354 3388 5412 enim
3427 5367 3489 5409 es
3530 5368 3657 5411 ora-

2064 5462 2213 5519 tione
2239 5477 2394 5517 usus.

2133 5576 2294 5634 CVR.
2338 5575 2502 5648 Virga
2566 5573 2661 5629 illa
2682 5613 2697 5639 ,
2731 5568 2964 5635 Palladi,
2998 5583 3097 5629 seu
3129 5573 3434 5639 sceptrum,
3469 5577 3658 5619 nonne

2062 5669 2216 5739 regni
2245 5667 2459 5739 insigne
2489 5660 2698 5721 fuerit?

2133 5759 2334 5817 PALL.
2365 5758 2632 5824 Maxime;
2652 5771 2778 5814 nam
2798 5762 2899 5828 per
2923 5753 3060 5811 illud
3094 5753 3283 5828 iurare
3313 5748 3507 5809 solitos
3534 5761 3655 5803 csso
