4096 6446
490 419 601 474 145

1525 415 1580 472 S.
1623 413 1896 482 CYRILLI
1936 410 2406 482 ALEXANDRINI
2445 411 2767 481 ADCUIEP.

3656 402 3761 464 244

488 542 708 590 veteres
763 532 1079 597 nonnullos,
1133 532 1287 590 aiunt
1320 530 1356 595 ii
1392 531 1597 600 quibus
1629 530 1946 597 Graecorum
1992 544 2076 585 res

2186 527 2519 599 πεποιῆσθαί
2549 541 2681 599 φασι
2705 525 2815 589 τῶν
2839 522 3213 609 ἀρχαιοτέρων
3245 520 3417 601 τινᾲς,
3454 521 3503 590 ot
3535 520 3608 576 τὰ
3644 522 3760 578 Ἑλ-

489 637 671 701 gestas
695 625 955 683 laudibus
988 624 1180 680 tollere
1206 624 1450 679 studium
1488 622 1595 679 fuit
1624 622 1722 696 (l).

560 718 719 774 CYR.
748 717 892 784 Quid
929 715 1176 772 deinde?
1202 730 1389 770 nonne
1423 714 1662 785 paradisi
1704 714 1933 785 stirpem
1956 726 2078 771 esse

492 809 701 873 fateris,
734 825 878 880 quae,
911 815 1206 878 antequam
1246 804 1575 873 mederetur,
1619 806 1674 861 in
1697 806 1873 869 hortis
1891 804 2077 877 pullu-

396 884 399 887 ’
491 897 733 952 laverit?

562 989 762 1045 PALL.
795 990 1015 1046 Fateor.

560 1079 719 1135 CYR.
750 1080 926 1150 Perge
949 1094 1118 1142 nunc,
1168 1086 1334 1148 atque
1361 1077 1606 1134 animum
1642 1078 1787 1132 refer
1826 1078 1894 1139 ad
1926 1085 2078 1133 vete-

491 1189 603 1228 rem
629 1173 786 1226 illum
817 1171 1011 1235 Adam,
1036 1172 1094 1225 in
1122 1185 1300 1240 eoque
1326 1177 1584 1239 tanquam
1613 1169 1771 1224 initio
1799 1185 1865 1225 ac
1892 1169 2077 1225 radice

486 1266 706 1335 generis
733 1265 930 1329 nostri,
960 1264 1279 1319 universam
1318 1264 1607 1321 hominum
1642 1260 1933 1327 considera
1981 1277 2079 1317 na-

488 1369 670 1411 turam
707 1356 939 1411 :adhaec
978 1356 1114 1411 illud
1157 1371 1380 1426 quoque
1414 1355 1614 1426 cogita,
1662 1355 1819 1420 illum
1870 1353 2078 1410 factum

486 1449 656 1502 fuisse
694 1448 763 1502 ad
793 1447 1088 1518 imaginem
1112 1446 1431 1503 Conditoris
1459 1455 1624 1517 atque
1661 1446 1990 1517 perfectum,
2014 1453 2077 1501 ut

488 1540 722 1595 terrenis
760 1539 927 1594 rebus
957 1540 1275 1610 imperaret,
1310 1539 1590 1608 fuisseque
1612 1539 1667 1593 in
1693 1538 1791 1594 Dei
1822 1538 2078 1594 manibus

484 1648 553 1688 eo
581 1632 721 1703 ipso,
754 1632 901 1701 quod
922 1632 979 1686 in
1012 1631 1303 1686 sanctitate
1335 1631 1558 1686 vivebat
1588 1639 1647 1685 et
1672 1630 2076 1701 quodammodo

485 1725 723 1797 paradisi
755 1740 979 1795 germen
997 1723 1468 1788 florentissimum,
1496 1723 1659 1778 simul
1679 1731 1736 1779 et
1760 1724 2075 1796 generosis-.-

486 1820 710 1874 simum.
744 1817 851 1875 Ubi
882 1832 1015 1872 vero
1046 1816 1321 1887 serpentis
1356 1816 1484 1871 felle
1520 1816 1788 1887 deceptus
1829 1810 1900 1873 ab
1928 1818 2074 1872 anti-

2179 620 2357 692 λήνων
2384 619 2571 690 ὑμνεῖν
2597 615 2872 683 εἰωθότες.
3556 658 3577 671 .

2246 713 2410 768 ΚΥΡ.
2449 712 2514 766 Τί
2548 706 2643 777 δέ;
2690 712 2813 783 οὐχὶ
2863 709 3192 782 παραδείσου
3241 710 3407 778 φυτδν
3440 704 3580 762 εἶναι
3625 706 3758 787 φῂς,

2177 804 2273 861 καὶ
2305 803 2675 883 πρεσϐύτερον
2708 802 2809 874 τῆς
2851 801 3059 875 τομῆς,
3089 798 3151 853 τὸ
3184 800 3379 870 κήποις
3412 790 3762 870 ὲκτεθηλέναι

2177 895 2360 967 λαχεῖν
2380 913 2397 964 ;

2250 987 2458 1047 HAAA,
2490 986 2658 1059 Φημί.

2249 1078 2416 1133 ΚΥΡ.
2454 1077 2559 1133 Ἴθι
2598 1077 2663 1149 δὴ
2705 1071 2800 1132 οὖν
2834 1081 2956 1143 ταῖς
2992 1079 3221 1143 ἐννοίαις
3273 1081 3367 1145 ἐπὶ
3404 1080 3497 1145 τὸν
3532 1081 3764 1161 ἀρχαῖον

2177 1173 2384 1226 ἐκεῖνον
2440 1171 2639 1243 ’Ᾱδάμ’
2667 1173 2762 1224 καὶ
2790 1173 2847 1225 ὲν
2880 1172 3106 1251 ἀπαρχῇ
3139 1172 3234 1227 καὶ
3266 1169 3396 1243 ῥίζῃ
3425 1170 3519 1226 τοῦ
3572 1170 3767 1247 γένους

2177 1265 2306 1337 ὅλην
2321 1264 2511 1336 ὥσπερ
2544 1266 2602 1319 ὲν
2631 1264 2811 1336 ἑαυτῷ
2838 1263 3199 1334 καταλογίζου
3224 1264 3322 1336 τὴν
3343 1263 3764 1336 ἀνθρωπότητα.

2177 1357 2287 1412 Καὶ
2321 1357 2461 1429 πρός
2504 1374 2569 1426 γε
2605 1356 2766 1412 τοῦτο
2808 1356 3044 1420 διανοοῦ,
3075 1358 3160 1412 ὅτι
3187 1356 3454 1430 πεποίητο
3495 1356 3594 1427 μὲν
3641 1355 3766 1410 κατ’

2178 1452 2365 1505 εἰκόνα
2392 1449 2487 1505 τοῦ
2522 1450 2812 1515 κτίσαντος
2833 1488 2850 1515 ,
2880 1450 3139 1504 ἐτέτακτο
3183 1451 3241 1503 δὲ
3288 1449 3480 1522 ἄρχειν
3514 1449 3621 1503 τῶν
3667 1447 3768 1501 ἐπὶ

2177 1543 2305 1614 γῆς,
2332 1544 2426 1599 καὶ
2447 1539 2514 1616 ἦν
2531 1542 2722 1615 ὥσπερ
2750 1543 2810 1596 ὲν
2831 1544 2975 1615 χειρὶ
2997 1541 3157 1609 Θεοῦ,
3184 1542 3273 1603 διὰ
3294 1543 3392 1616 τῆς
3408 1544 3469 1595 ὲν
3501 1539 3770 1615 ἁγιασμῷ

2180 1633 2348 1706 ζωῆς,
2382 1635 2477 1698 καὶ
2529 1635 2811 1706 μονονουχὶ
2841 1635 3172 1707 παραδείσου
3223 1636 3390 1706 φυτὸν
3435 1633 3660 1697 εὐανθές
3704 1650 3771 1688 τε

2179 1729 2272 1782 καὶ
2288 1726 2700 1796 εὐγενέστατον.
2716 1726 2936 1799 Ἐπειδὴ
2962 1727 3019 1781 δὲ
3044 1730 3166 1792 ταῖς
3191 1728 3285 1782 τοῦ
3312 1727 3489 1798 ὄφεως
3517 1728 3772 1800 πικρίαις

2180 1821 2650 1892 πεφενακισμένος
2673 1860 2688 1885 ,
2721 1819 3108 1891 παρεκομίσθη
3152 1820 3261 1875 τῶν
3309 1822 3368 1875 ὲν
3407 1823 3639 1891 ἀρχαῖς,
3671 1818 3775 1873 καὶ

485 1927 597 1983 quo
636 1920 784 1969 statu
818 1910 1093 1969 abductus
1112 1917 1216 1975 est,
1250 1916 1309 1965 et
1330 1909 1505 1965 divini
1541 1909 1787 1964 mandati
1822 1918 2075 1965 contem-

2183 1889 2279 1986 τῆς
2306 1913 2456 1977 θείας
2474 1889 2752 1985 ἀλογήσας
2779 1889 3003 1982 ἐντολῆς
3035 1889 3395 1985 κατεφωρᾶτο
3416 1889 3622 1975 λοιπὸν,
3644 1911 3775 1965 τότε

485 2013 612 2075 ptor
643 2001 1042 2073 deprehensus,
1069 2009 1188 2054 tum
1219 2015 1349 2055 vero
1374 2015 1406 2054 a
1436 2000 1543 2055 situ
1578 2015 1643 2055 ac
1674 2000 1859 2055 radice
1889 2000 2073 2071 priore

482 2098 753 2162 divulsus,
787 2113 854 2152 ex
869 2096 989 2167 ejus
1010 2110 1196 2158 manu,
1227 2110 1259 2149 a
1286 2091 1400 2164 quo
1428 2094 1481 2148 in
1516 2093 1802 2155 sanctitate
1830 2092 2077 2159 contine.-

481 2189 665 2253 batur,
701 2189 887 2257 lapsus
903 2195 1007 2252 est,
1041 2195 1099 2245 et
1120 2186 1177 2240 in
1195 2193 1419 2249 terram,
1439 2186 1545 2240 hoc
1561 2196 1665 2249 est,
1695 2185 1765 2240 ab
1790 2185 1878 2240 illa
1894 2186 2072 2240 virtu-

484 2281 557 2337 tis
588 2281 929 2336 sublimitate
958 2279 1189 2345 decidit,
1223 2287 1280 2334 et
1298 2295 1545 2350 eousque
1566 2279 1802 2349 reptavit
1823 2279 2073 2335 imbecila-

481 2374 570 2428 lus
600 2379 659 2429 et
686 2372 975 2444 languens,
1008 2380 1073 2427 ut
1119 2371 1364 2427 carnalia
1410 2386 1603 2441 sapere
1655 2371 1842 2434 vellet,
1872 2380 1930 2425 et
1964 2371 2074 2442 jam

481 2478 699 2517 summa
726 2462 978 2532 nequitia
1009 2461 1310 2526 laboraret,
1345 2475 1448 2516 nec
1470 2459 1582 2532 69
1608 2458 1951 2531 meojudicio
1978 2458 2076 2513 ali;-

482 2555 617 2625 quid
664 2571 695 2610 a
727 2564 987 2625 serpente
1019 2553 1274 2609 distaret.
1327 2553 1405 2609 Ita
1462 2568 1630 2623 regno
1673 2563 1730 2608 et
1775 2568 1838 2611 ea
1878 2552 2072 2623 gloria,

483 2663 649 2718 quam
692 2663 723 2702 a
753 2647 1031 2718 principio
1070 2654 1344 2712 tenuerat,
1392 2646 1660 2717 spoliatus
1697 2654 1801 2709 est,
1843 2645 2010 2702 etiam
2042 2660 2074 2701 e

480 2740 740 2813 paradiso
772 2756 835 2795 ac
866 2740 1082 2795 deliciis
1119 2741 1350 2812 ejectus.
1381 2739 1463 2794 An
1495 2754 1626 2794 vero
1659 2755 1769 2795 non
1815 2738 1870 2795 id
1916 2739 2075 2795 nobis

482 2834 681 2889 beatus
716 2832 927 2904 Moyses
957 2831 1140 2886 dixit?

554 2924 753 2979 PALL.
777 2924 925 2978 Dixit
964 2924 1055 2978 ille
1096 2924 1341 2993 quidem.

552 3015 712 3071 CVR.
734 3015 851 3070 Jam
866 3029 996 3069 vero
1022 3015 1327 3085 legislator,
1364 3030 1490 3069 cum
1518 3013 1586 3068 ad
1617 3028 1738 3069 eam
1769 3014 2071 3084 nequitiam

482 3124 611 3168 eum
642 3107 973 3179 perductum
1020 3106 1259 3172 videret,
1295 3107 1499 3177 refugit
1538 3106 1969 3177 quodammodo,
2017 3116 2075 3161 et

481 3202 698 3268 vitium,
729 3200 876 3272 quod
912 3199 969 3254 in
992 3214 1058 3255 eo
1075 3198 1272 3265 inerat,
1299 3198 1713 3267 detestabatur;
1751 3199 1890 3271 fugit
1914 3216 2074 3255 nam-

481 3310 589 3365 que
616 3301 874 3365 serpente
902 3293 1117 3364 Moyses
1145 3291 1360 3362 abjeeto
1389 3309 1401 3345 :
1431 3291 1699 3361 scriptum
1728 3300 1911 3346 autem
1940 3291 2076 3363 legi-

480 3402 605 3442 mus
633 3405 647 3440 :
686 3405 703 3437 c
732 3385 968 3453 Sanctus
997 3383 1237 3456 Spiritus
1268 3383 1552 3455 sapientia:
1584 3383 1757 3455 fugiet
1785 3384 1998 3451 dolum,
2022 3393 2079 3442 et

480 3473 699 3549 auferet
740 3491 797 3535 se
851 3490 882 3531 a
937 3474 1367 3545 cogitationibus
1411 3491 1535 3546 qua:
1581 3483 1711 3530 sunt
1756 3476 1876 3531 sine
1917 3475 2080 3542 intel-

481 3568 635 3635 lectu
657 3570 721 3622 "’.
758 3588 775 3620 ι
809 3568 1000 3638 Neque
1030 3568 1177 3622 enim
1223 3554 1523 3623 convenire
1555 3584 1798 3639 unquam
1832 3567 1978 3623 inter
2020 3585 2080 3625 se

480 3669 714 3732 possunt
734 3661 1095 3719 sanctificatio
1126 3670 1183 3719 et
1204 3660 1578 3729 immunditia,
1613 3662 1707 3717 lux
1734 3670 1789 3718 et
1813 3663 2074 3731 tenebrae,

480 3755 697 3833 iustitia
720 3764 778 3811 et
810 3756 1103 3827 iniustitia.

556 3847 751 3906 PALL.
782 3848 862 3905 Ita
881 3856 986 3903 est.

552 3937 712 4003 CYR.
741 3938 899 4017 Quod
941 3940 1109 4013 igitur
1140 3939 1207 3996 de
1238 3957 1402 4001 manu
1447 3941 1613 4015 Moysi
1658 3946 1805 4016 virga
1854 3945 2074 4010 cecidit,

481 4031 715 4093 fortasse
758 4031 893 4102 illud
935 4030 1230 4103 significet,
1265 4031 1544 4090 hominem
1580 4035 1738 4099 illum
1776 4034 1984 4092 factum
2008 4037 2078 4092 ad

482 4123 777 4194 imaginem
818 4123 937 4189 Dei,
963 4124 1135 4180 fuisse
1175 4124 1244 4180 ab
1274 4123 1431 4181 initio
1460 4127 1700 4197 paradisi
1731 4129 1997 4199 plantam,
2023 4138 2080 4185 et

480 4216 539 4271 in
566 4216 682 4282 ,illa
715 4218 1059 4289 regnigloria
1085 4234 1150 4274 ac
1166 4219 1263 4273 Dei
1294 4235 1459 4274 manu
1490 4222 1732 4291 positum
1754 4240 1768 4289 ;
1788 4224 2079 4280 eumdem-

481 4322 591 4375 que
622 4306 836 4377 lapsum
865 4308 923 4363 in
968 4318 1189 4374 terram,
1230 4326 1361 4380 quia
1407 4311 1668 4367 maluerit
1698 4315 1941 4369 carnalia
1989 4330 2079 4370 sa-

482 4412 634 4466 pere,
666 4407 723 4461 et
750 4408 975 4470 propter
1007 4416 1281 4457 summam
1324 4402 1708 4469 acerbitatem,
1762 4405 2080 4462 Divinitatis

484 4492 659 4561 ipsius
683 4495 860 4550 oculis
884 4495 1056 4551 instar
1078 4496 1354 4568 serpentis
1386 4494 1576 4551 fuisse.
1607 4495 1714 4550 Sed
1745 4506 2079 4568 praeceptum

2181 2007 2268 2078 δὴ,
2308 2007 2431 2065 τότε
2474 2005 2677 2070 θέσεώς
2706 2023 2769 2061 τε
2805 2006 2901 2063 καὶ
2939 2006 3096 2077 ῥίζης
3120 2006 3219 2076 τῆς
3247 2004 3474 2077 πρώτης
3505 2002 3778 2057 ἀποσπώ-

2185 2116 2372 2170 μενος,
2407 2098 2505 2168 τῆς
2553 2096 2649 2153 τοῦ
2691 2098 3009 2169 συνέχοντος
3050 2100 3133 2163 είς
3182 2099 3453 2170 ἀγιασμδν
3486 2099 3776 2157 ἀπώλισθε

2182 2190 2385 2262 χειρὸς,
2431 2191 2526 2245 καὶ
2567 2192 3004 2246 καταπέπτωκεν
3048 2193 3129 2256 είς
3163 2193 3287 2264 γῆν,
3326 2191 3466 2246 τοῦτ’
3498 2191 3669 2256 ἔστιν,
3704 2194 3779 2247 ἐκ

2182 2281 2288 2334 τῶν
2335 2282 2434 2352 τῆς
2486 2281 2691 2354 ἀρετῆς
2739 2282 3084 2352 ὖψωμάτων,
3137 2283 3234 2336 καὶ⁹
3287 2282 3781 2354 καταπεφοίτηκεν

2181 2370 2430 2442 ἀδρανῶς
2458 2372 2538 2434 είς
2559 2370 2622 2425 τὸ
2649 2374 2867 2443 φρονεῖν
2895 2372 3114 2427 ἑλέσθαι
3135 2371 3205 2427 τά
3231 2374 3491 2445 σαρκικὰ,
3530 2374 3780 2444 ἄκρατον

2182 2463 2284 2535 ήδη
2314 2478 2421 2516 που
2456 2463 2690 2534 νοσήσας
2720 2463 2819 2535 τὴν
2843 2464 3136 2535 πονηρίαν,
3167 2463 3264 2523 καὶ
3285 2460 3781 2535 ὄφεως,οῐμαι,δι-

2181 2553 2421 2624 ενεγκὼν
2447 2554 2619 2610 οὐδέν.
2639 2555 3047 2627 ’Λπεγυμνοῦτο
3083 2556 3141 2610 δὲ
3174 2555 3317 2609 οὕτω
3353 2555 3636 2627 βασιλείας
3675 2557 3781 2610 καὶ

2181 2649 2341 2721 δόξης
2363 2650 2462 2720 τῆς
2490 2652 2547 2702 ὲν
2572 2650 2769 2721 ἀρχαῖς
2789 2689 2805 2714 ,
2842 2649 3185 2721 ἑξεπέμττετό
3207 2667 3269 2703 τε
3297 2650 3626 2721 παραδείσου
3671 2651 3782 2705 καὶ

2180 2742 2417 2813 τρυφῆς.
2463 2742 2534 2795 Ἦ
2574 2741 2683 2813 γὰρ
2713 2742 2834 2812 ουχὶ
2861 2744 3020 2797 ταυτὶ
3065 2742 3201 2815 πρὸς
3236 2743 3383 2813 ἡμᾶς
3426 2744 3455 2796 ὁ
3483 2741 3624 2806 θεῖος
3664 2741 3779 2814 ἔφη

2142 2835 2151 2839 ’
2182 2834 2417 2905 Μωσῆςς

2254 2930 2464 2982 ΙΙΑΛΛ.
2511 2930 2655 3001 Ἔφη
2690 2928 2799 3002 γάρ
2824 2928 2939 2984 οὖν.

2254 3020 2417 3074 ΚΥΡ.
2454 3020 2817 3092 Κατηγμένον
2844 3021 2901 3074 δὲ
2932 3019 3034 3093 ἤδη
3072 3019 3209 3091 πρὸς
3242 3018 3401 3074 τοῦτο
3435 3018 3783 3089 φαυλότητος

2179 3112 2209 3163 ό
2252 3110 2552 3182 νομοθέτης
2607 3110 2769 3183 ὀρῶν,
2810 3111 3023 3183 ἀπέδρα
3058 3111 3260 3183 τρόπον
3315 3110 3472 3177 τινὰ,
3526 3110 3622 3165 καὶ
3669 3108 3781 3181 τὴν

2182 3202 2407 3256 ἐνοῦσαν
2426 3203 2575 3275 αὐτῷ
2600 3205 2864 3275 πονηρίαν
2895 3203 3354 3274 κατεμυσάττετο.
3392 3202 3640 3272 Πέφευγε
3661 3202 3782 3273 γὰρ

2181 3294 2209 3347 ὁ
2237 3295 2464 3366 Μωσῆς,
2489 3294 2580 3349 τὸν
2604 3295 2728 3365 ὄφιν
2750 3296 2931 3365 ἀφείς.
2966 3295 3278 3366 Γέγραπται
3305 3292 3384 3359 δὲ,
3416 3295 3499 3349 ὄτι
3526 3313 3545 3346 ι
3577 3293 3782 3362 Ἀγιον

2180 3388 2406 3460 Πνεῦμα
2435 3387 2625 3458 σοφίας
2669 3388 2927 3458 φεύξεται
2956 3388 3129 3453 δόλον,
3156 3387 3251 3441 καὶ
3267 3387 3632 3457 ἀναστήσεται
3662 3386 3785 3440 ἀπὸ

2179 3477 2461 3552 λογισμῶν
2520 3479 2819 3543 ἀσυνέτων.
2884 3499 2902 3533 ι
2971 3478 3293 3551 Ἀσύμϐατα
3347 3479 3457 3549 γὰρ
3516 3477 3785 3548 ἀλλήλοις

2181 3573 2458 3645 ἁγιασμὸς
2488 3573 2582 3633 καὶ¹
2602 3572 2938 3645 ἀκαθαρσία,
2975 3571 3093 3642 φῶς
3124 3588 3183 3635 τε
3207 3570 3303 3625 καὶ
3327 3570 3538 3634 σκότος,
3566 3568 3787 3629 δικαιο-

2182 3665 2314 3723 σύνη
2350 3663 2446 3719 καὶ
2475 3664 2684 3719 ἀδικία.

2253 3851 2462 3907 ΠΑΛΛ.
2503 3850 2746 3923 Ἀληθές.

2250 3943 2417 3998 ΚΥΡ.
2457 3944 2531 3997 Τὸ
2556 3944 2736 3999 τοίνυν
2770 3944 3044 3998 άποπέοαι
3075 3943 3254 4013 χειρὸς
3280 3942 3380 4009 τῆς
3402 3939 3648 4003 Μωσέως
3673 3937 3786 4012 τὴν

2182 4036 2399 4108 ῥάϐδον,
2440 4036 2881 4107 κατασημήνειεν
2926 4035 3012 4101 ἂν,
3051 4036 3128 4100 ὡς
3170 4034 3239 4105 ἦν
3268 4037 3326 4089 ὲν
3360 4034 3553 4105 ἀρχαῖς
3588 4031 3617 4084 ό
3650 4031 3784 4084 κατ’

2181 4126 2369 4182 εἰκόνα
2396 4126 2496 4200 τὴν
2526 4127 2674 4181 θείαν
2699 4126 3067 4199 πεποιημένος
3090 4124 3420 4199 παραδείσου
3461 4123 3649 4194 φυτὸν,
3675 4122 3786 4175 καὶ

2181 4222 2241 4276 ὲν
2272 4220 2411 4293 δόξῃ’
2456 4220 2771 4292 βασιλείας,
2811 4223 2904 4275 καὶ
2959 4222 3016 4275 ὲν
3054 4221 3197 4293 χειρὶ
3243 4219 3337 4274 τοῦ
3374 4215 3724 4291 Δημιουργοῦ
3762 4232 3783 4247 ο

2182 4312 2488 4375 κατώλισθε
2530 4313 2587 4367 δὲ
2620 4315 2699 4378 είς
2736 4314 2861 4387 γῆν,
2896 4311 2985 4366 διά
3028 4311 3122 4367 τοῦ
3165 4314 3383 4385 φρονεῖν
3440 4309 3658 4363 ἑλέσθαι
3701 4306 3789 4360 τὰ

2185 4404 2444 4478 σαρκικὰ,
2496 4404 2590 4458 καὶ
2623 4403 2715 4458 διὰ
2750 4405 2851 4474 τῆς
2899 4405 2979 4468 είς
3012 4403 3182 4475 ἀκρον
3209 4401 3453 4480 ἡκούσης
3496 4400 3728 4471 πικρίας
3752 4438 3772 4463 ν

2182 4497 2304 4568 ὄφις
2341 4494 2409 4569 ἧν
2457 4496 2646 4568 ὥσπερ
2702 4513 2785 4558 τις
2832 4497 2947 4559 τοῖς
2987 4496 3087 4566 τῆς
3141 4494 3397 4566 θεότητος
3447 4491 3786 4570 ὀφθαλμοῖς.

483 4591 571 4638 est
597 4584 788 4657 Moysi,
818 4596 880 4651 ut
906 4603 1131 4643 manum
1161 4585 1505 4656 extenderet,
1543 4586 1887 4659 caudamque
1930 4589 2076 4646 illius

2197 4592 2332 4655 Ἀλλ’
2367 4589 2649 4645 ἐκελεύετο
2673 4587 2880 4661 Μωσῆς
2910 4590 3149 4647 ἐκτεῖναι
3187 4588 3286 4653 τὴν
3306 4587 3484 4663 χεῖρα,
3518 4585 3612 4649 καὶ
3653 4586 3789 4635 ἐπι-

484 4673 953 4746 apprelienderet;
987 4691 1097 4747 quo
1130 4675 1299 4740 facto,
1342 4674 1667 4743 immutatus
1700 4677 1967 4747 continuo
1995 4687 2081 4735 est

487 4764 545 4828 in
579 4765 867 4835 pristinam
909 4767 1165 4834 formam,
1207 4767 1283 4825 ita
1314 4775 1377 4822 ut
1408 4783 1517 4823 non
1552 4768 1790 4839 amplius
1828 4785 2076 4844 serpens,

483 4856 581 4913 sed
613 4858 767 4929 virga
790 4876 983 4915 rursus
1013 4868 1178 4923 esset,
1212 4868 1269 4915 et
1306 4860 1544 4931 paradisi
1569 4878 1812 4933 germen.
1846 4866 1949 4923 Ubi
1978 4867 2081 4938 igi-

488 4960 577 5006 tur
606 4948 815 5018 placuit
849 4949 962 5013 Deo
989 4964 1055 5004 ac
1084 4949 1232 5004 Patri
1261 4949 1447 5017 omnia
1485 4951 1791 5019 instaurare
1824 4954 1880 5009 in
1910 4954 2077 5011 Chri-

484 5047 591 5102 sto,
636 5049 801 5110 atque
818 5028 880 5095 id
903 5039 1052 5110 quod
1083 5039 1287 5104 factum
1331 5050 1470 5108 erat,
1504 5044 1560 5099 in
1600 5045 1839 5116 priorem
1868 5055 2074 5104 statum

486 5130 807 5196 reformare,
837 5131 989 5186 misit
1019 5147 1050 5187 e
1080 5133 1220 5188 caelo
1246 5134 1407 5190 nobis
1430 5134 2071 5209 Unigenitum,manum,

488 5221 736 5292 inquam,
776 5222 926 5291 illam
964 5237 1121 5294 suam
1160 5223 1429 5293 dextram,
1476 5227 1627 5284 illam
1692 5232 2077 5301 universorum

486 5314 744 5384 opiﬁcem
782 5329 846 5369 ac
872 5330 1002 5371 vere
1024 5316 1319 5401 salutarem
1341 5364 1355 5387 ,
1383 5323 1538 5394 juxta
1565 5324 1701 5379 illud
1734 5344 1745 5379 :
1782 5345 1800 5378 ‹
1840 5327 2078 5381 Dextera

488 5406 707 5477 Domini
761 5406 890 5462 fecit
938 5408 1220 5479 virtutem,
1272 5413 1494 5472 dextera
1545 5418 1763 5474 Domini
1817 5420 2079 5475 exaltavit

492 5513 579 5566 me
603 5498 664 5553 ¹¹¹.
696 5518 713 5551 ι
734 5498 891 5553 Tune
920 5499 1125 5572 itaque,
1160 5511 1310 5572 tunc,
1343 5506 1587 5580 inquam,
1608 5510 1884 5581 iacentem
1922 5512 2076 5568 humi

587 5658 630 5700 ⁸⁷
663 5656 790 5728 Sep.
822 5674 860 5725 ι,
895 5660 948 5715 5.
1026 5662 1070 5703 ‘1
1094 5664 1235 5721 Psal.
1270 5681 1431 5729 cxvn,
1465 5666 1551 5721 16.

690 5767 931 5839 Alludit,
989 5782 1051 5829 ut
1101 5783 1272 5846 puto,
1322 5777 1391 5833 ad
1439 5778 1649 5833 locum'
1677 5776 1899 5857 Homeri
1948 5776 2084 5832 Ilia-

704 5882 773 5975 ὲκ
801 5914 891 5969 τοι
920 5911 1081 5989 ἐρέω,
1112 5916 1212 5971 καί
1237 5917 1336 5972 ἐπὶ
1358 5916 1551 5989 μέγαν
1588 5919 1771 5989 ὅρκον
1803 5918 2079 5989 ἐμοί-μαι,

2183 4684 2445 4755 λαϐέσθαι
2493 4683 2592 4755 τῆς
2636 4681 2838 4754 κέρκου
2863 4701 2877 4714 ο
2923 4680 3290 4735 ἀνεπλάττετο
3335 4678 3393 4732 δὲ
3439 4677 3575 4755 πρὸς
3604 4673 3668 4726 τὸ
3716 4675 3788 4727 ἐν

2184 4753 2383 4848 ἀρχαῖς
2413 4750 2595 4838 εὐθύς.
2640 4750 2750 4827 Kal.
2790 4773 2916 4843 ὄφις
2958 4773 3059 4843 μὲν
3092 4767 3161 4852 ἦν
3210 4769 3397 4827 οὐκέτι
3419 4750 3457 4836 ,Ἰ
3487 4764 3683 4843 ῥάϐδος
3718 4764 3787 4821 δὲ

2182 4867 2380 4935 πάλιν,
2410 4866 2504 4920 καὶ
2535 4865 2863 4943 παραδείσου
2918 4863 3108 4934 φυτόν.
3142 4863 3273 4917 Ὅτε
3317 4861 3374 4915 δὲ
3414 4858 3712 4938 εὐδόκησεν
3748 4858 3788 4910 ὁ

2182 4958 2315 5023 Θεὸς
2370 4959 2463 5013 καὶ
2505 4957 2698 5029 Πατὴρ
2739 4951 3326 5025 ἀνακεφαλαιώσασθαι
3376 4951 3444 5006 τὰ
3486 4949 3665 5003 πάντα
3716 4949 3788 5001 ἐν

2185 5050 2263 5119 τῷ
2292 5049 2513 5123 Χριστῷ
2534 5091 2548 5115 ,
2573 5050 2668 5115 καὶ
2685 5049 2975 5107 ἀνακτίσαι
2994 5046 3055 5115 τὸ
3082 5045 3305 5114 ποιηθὲν
3324 5046 3404 5108 είς
3420 5043 3479 5097 τὸ
3494 5040 3785 5119 ἀπαρχῆς.

2186 5142 2505 5199 ἀπέστειλεν
2517 5144 2549 5215 ἡ
2557 5145 2646 5214 μῖν
2656 5141 2713 5209 ὲξ
2729 5141 2788 5211 οὐ
2797 5140 2957 5215 ρανοῦ
2973 5140 3064 5193 τὸν
3079 5137 3382 5208 Μονογενῆ,
3396 5135 3493 5207 τὴν
3507 5136 3666 5215 χεῖρα
3674 5130 3788 5203 τὴν

2185 5235 2388 5305 δεξιὰν,
2424 5236 2525 5307 τὴν
2552 5234 2659 5289 τῶν
2687 5233 2823 5287 ὅλων
2856 5235 3081 5306 ἐργάτιν
3114 5232 3210 5286 καὶ
3240 5228 3507 5312 σώτειραν
3532 5225 3786 5295 άληθῶς,

2184 5325 2330 5381 κατά
2359 5341 2424 5394 γε
2461 5325 2544 5393 τὸ,
2588 5342 2607 5377 ι
2641 5323 2802 5389 Δεξιά
2834 5323 3043 5395 Κυρίου
3076 5320 3299 5392 ἐποίησε
3340 5318 3591 5382 δύναμιν,
3624 5312 3791 5380 δεξιὰ

2185 5418 2393 5490 Κυρίου
2422 5416 2607 5488 ὕψωσέ
2652 5434 2771 5488 με.»
2808 5415 2942 5469 Τότε
2970 5413 3056 5484 δὴ,
3084 5413 3206 5466 τότε
3230 5412 3332 5483 τῆς
3364 5415 3422 5465 ὲν
3463 5412 3534 5482 γῇ
3586 5404 3791 5477 κειμέν-

2190 5524 2289 5583 νης
2342 5509 2763 5582 ἀνθρωπόττιτος
2816 5506 3111 5561 ἐπελάϐετο
3202 5506 3298 5561 καὶ
3351 5502 3576 5577 πικρίας
3625 5495 3793 5570 ἡμᾶς

2183 5775 2236 5830 Ν
2239 5777 2320 5844 αὶ,
2343 5777 2426 5848 μὰ
2445 5778 2578 5833 τόδε
2609 5777 2950 5861 σκῆπτρον,
2970 5776 3037 5841 τὸ
3051 5776 3171 5861 μὲν
3187 5776 3408 5833 οὔποτε
3438 5768 3784 5896 φιῗὲιέξίἕιαὶ

2307 5838 2355 5848 ”
2719 5838 2731 5853 “
2813 5838 2831 5861 ⁷
2936 5838 2987 5848 ”’
3051 5838 3069 5861 ⁷
3438 5838 3689 5915 ⁷[ὅζους

2182 5920 2524 6001 eumque,
