4096 6478
364 416 486 477 αδδ
544 458 547 459 ,

1144 429 1232 484 DE
1271 429 1720 489 ADOR’ATIONE
1758 432 1827 487 IN
1870 430 2146 489 SPIBITU
2186 432 2276 488 ΕΤ
2312 432 2694 504 VERITATE.
2735 431 2867 488 LIB.
2909 431 2975 488 Π.

3484 384 3495 397 ί
3584 393 3722 482 ειο

363 540 702 610 ἀπαλλάξας
750 542 1198 618 θηριοπρεποῦς,
1233 551 1333 622 τῆς
1380 553 1441 606 ἐν
1467 553 1765 624 φαυλότητι
1794 569 1853 608 τε
1887 553 1980 606 καὶ

2089 560 2341 609 naturam
2390 553 2633 609 hominis
2681 545 3085 623 apprehendit;
3136 561 3376 618 cumque
3441 558 3543 599 nos
3603 542 3689 599 le-

359 632 704 706 ἀμαρτίαις,
734 637 1036 709 ἀνεκόμισὲ
1066 657 1127 695 τε
1155 641 1226 696 δι’
1252 644 1528 715 ἁγιασμοῦ
1552 644 1701 719 πρὸς
1734 643 1982 714 βασιλίδα

354 727 565 798 τιμὴν,
612 728 712 783 καὶ
749 730 1073 802 ἡμερότητα
1102 733 1201 804 τὴν
1230 736 1312 799 είς
1349 737 1577 809 ἀρετήν.
1629 736 1981 806 Ἑνδιαίτημα

360 821 418 875 δὲ
452 822 521 875 τὸ
559 823 792 896 ἀρχαῖον
820 829 935 892 τοῖς
968 830 1286 884 πιστεύουσι
1328 814 1505 895 διδοὺς
1539 833 1599 886 ὲν
1628 834 1854 902 ἀπαρχῇ
1887 830 1982 887 καὶ

360 911 582 985 πρώτῳ
612 913 693 985 τῷ
730 923 1244 991 συγκεκρεμαμὲνῳ
1278 921 1471 994 λῃστῇ·
1515 942 1535 975 ι
1600 923 1798 994 ’Λμὴν,
1833 919 1981 991 ἀμὴν

358 1002 518 1150 ἔγω
546 1023 657 1073 σοι,
695 1009 855 1080 φησὶ,
892 1012 1135 1083 σήμερον
1168 1016 1285 1084 μετ’
1318 1015 1455 1083 ἐμοῦ
1481 1014 1580 1088 ἔσῃ
1610 1019 1667 1071 ἐν
1699 1016 1775 1089 τῷ
1800 1030 1979 1085 παρα-

396 1113 561 1150 nam.
612 1118 631 1150 ι

396 1113 561 1168 εισῳ.
612 1118 631 1150 ι

442 1393 662 1449 ΠᾹΛΑ.
703 1396 1009 1469 Πεποὶηται
1041 1396 1141 1468 μὲν
1167 1398 1245 1462 ὡς
1274 1398 1478 1471 ἄριστά
1509 1418 1573 1469 γε
1606 1402 1740 1473 ἡμῖν
1767 1403 1865 1458 καὶ
1894 1404 1981 1476 dp-

353 1484 475 1547 θῶς
501 1487 533 1539 ὁ
564 1486 747 1557 λόγος.
775 1490 927 1562 Πλὴν
962 1494 1138 1548 ἐκεῖνο
1160 1493 1389 1564 φράσον,
1424 1495 1542 1550 ἀνθ’
1571 1497 1696 1551 ὅτου
1731 1497 1833 1568 τῆς
1854 1498 1980 1571 κέρ-

352 1593 465 1631 κου
514 1578 789 1636 λαϐέσθαι
842 1582 1095 1651 κελευτι,
1147 1588 1242 1639 καὶ
1290 1587 1414 1658 οὐχὶ
1468 1589 1570 1659 τῆς
1633 1589 1976 1662 κεφαλῆς,ἢ

355 1686 429 1739 με
438 1687 577 1725 σων.

431 1842 609 1898 ΚΥΡ.
647 1836 789 1901 Ὧδε
839 1849 971 1923 γὰρ,
1005 1845 1052 1906 ὦ
1080 1853 1325 1927 φιλότης,
1357 1856 1763 1928 ὲκπράττεσθαι
1783 1859 1978 1932 ὲχρῆνο

2088 647 2190 702 rall
2222 648 2503 718 nequitia,
2537 655 3009 718 peccatorumque
3043 655 3260 697 veneno
3297 638 3561 702 exuisset,
3593 652 3691 707 per

2078 741 2587 797 ‘sanctitlcationem
2640 740 2709 795 ad
2751 739 3023 794 honorem
3076 735 3237 790 illum
3274 732 3512 803 regium,
3536 737 3594 785 et
3620 729 3687 784 ad

2084 833 2309 889 virtutis
2335 831 2823 887 mansuetudinem
2842 828 3095 894 reduxit;
3123 825 3374 896 illudque
3399 832 3564 878 vetus
3583 821 3688 876 do-

2085 928 2353 984 micilium
2404 924 2767 981 credentibus
2829 923 2883 978 in
2922 938 2992 978 eo
3032 922 3248 976 latrone
3277 959 3294 984 ,
3349 917 3446 989 qui
3493 932 3688 972 eorum

2083 1025 2348 1089 tanquam
2381 1014 2644 1088 primitiae
2663 1011 2914 1084 quaedam
2948 1026 3013 1066 ac
3048 1010 3304 1080 princeps
3349 1006 3474 1071 fuit,
3528 1015 3588 1061 et
3617 1005 3693 1059 si-

2086 1110 2200 1165 mul
2225 1124 2414 1166 secum
2449 1117 2539 1164 est
2572 1105 2892 1169 cruciﬁxus,
2919 1102 3183 1159 restituit.
3221 1121 3243 1153 ι
3262 1100 3436 1156 Amen
3459 1141 3473 1164 ,
3503 1113 3686 1162 amen,

2084 1202 2362 1274 inquiens,
2415 1201 2543 1256 dico
2592 1199 2716 1265 tibi,
2743 1197 2909 1253 hodie
2955 1210 3175 1250 mecum
3216 1192 3328 1248 eris
3372 1191 3429 1254 in
3468 1189 3687 1262 paradi-

2085 1310 2152 1350 so
2176 1294 2239 1350 ³³.
2274 1314 2293 1347 ι

2154 1387 2353 1444 PALL.
2382 1387 2603 1461 Optime
2642 1401 2775 1441 sane
2797 1383 2960 1439 nobis
2998 1396 3063 1437 ac
3085 1379 3395 1436 rectissime
3432 1379 3549 1435 haec
3574 1378 3690 1432 dis-

2082 1476 2295 1549 putatio
2330 1477 2582 1534 conl‘ecta
2606 1483 2711 1532 est.
2756 1473 2898 1530 Illud
2939 1471 3075 1527 mihi
3112 1480 3294 1525 tamen
3325 1468 3567 1541 explices
3587 1483 3686 1524 ve-

2081 1568 2179 1623 lim
2203 1609 2219 1635 ,
2253 1584 2377 1640 quae
2418 1584 2585 1625 causa
2626 1566 2817 1631 fuerit,
2854 1580 2954 1621 cur
3007 1561 3240 1618 caudam
3279 1560 3467 1633 potius
3494 1575 3692 1632 apprc-

2082 1661 2253 1718 hendi
2289 1660 2541 1734 jusserit,
2568 1676 2735 1731 quam
2777 1664 2964 1730 caput,
3008 1663 3105 1710 aut
3147 1653 3389 1710 mediam
3435 1654 3688 1724 corporis

2080 1763 2317 1826 partem.
2546 1806 2551 1811 ι
2848 1782 2881 1807 ου.
2898 1761 2930 1811 Δ

2155 1849 2315 1906 CYR.
2343 1849 2437 1906 Sic
2460 1848 2635 1915 enim,
2677 1845 2907 1913 Palladi,
2954 1844 3074 1903 ﬁeri
3119 1856 3342 1915 aequum
3378 1846 3687 1907 crat;nam

352 1935 581 1990 ὲπείτοι
626 1937 690 1992 τὸ
722 1941 928 2013 κέρκου
962 1943 1256 2013 λαϐέσθαι,
1292 1950 1390 2003 καὶ
1425 1926 1546 2022 οὗχὶ
1598 1951 1782 2020 μέσων
1815 1926 1974 2026 πιε-

2089 1944 2188 2011 hoc
2210 1943 2415 2014 ipsum,
2464 1941 2700 1999 caudam
2740 1936 3183 2012 apprehendere,
3227 1949 3340 1989 non
3366 1930 3550 1987 media
3594 1939 3692 1987 aut

352 2028 572 2099 φαλῆςι
603 2031 686 2104 τῷ
722 2036 1010 2109 eum?»
1039 2038 1333 2112 χρήσιμόν-

434 2119 658 2176 ΠΑΛΛ.
696 2123 830 2178 Τίνα
852 2125 1055 2197 τρόπον
1079 2144 1094 2193 ;

427 2216 607 2271 ΚΥΡ.
631 2217 799 2292 Ἀρχὴ
825 2221 925 2293 μὲν
948 2222 1058 2297 γὰρ
1082 2224 1273 2299 ὥσπερ
1296 2230 1498 2293 παντὸς
1519 2229 1714 2304 ζώουή
1740 2233 1972 2306 κεφαλὴ,

353 2307 574 2378 κέρκος
606 2310 666 2365 δὲ
693 2314 889 2383 πέρας.
911 2316 1053 2389 Φέρε
1070 2316 1135 2389 δὴ
1164 2314 1259 2373 οὖν
1286 2319 1364 2385 ὼς
1387 2320 1469 2376 ἔτι
1487 2322 1648 2388 ζῶον,
1666 2325 1728 2378 τὸ
1749 2324 1974 2396 σύμπαν

355 2402 501 2472 ἡμῖν
545 2404 647 2458 τοῦ
690 2407 985 2477 ἀνθρώπου
1035 2411 1192 2480 γένος
1239 2415 1690 2485 καταλογιζέσθω
1735 2420 1878 2490 πρὸς
1912 2420 1976 2474 τὸ

358 2494 566 2564 παρόν.
609 2496 947 2571 ᾘπελάϐετο
977 2503 1157 2559 τοίνυν
1185 2505 1289 2576 τῆς
1316 2506 1519 2580 κέρκου
1546 2509 1802 2582 Χριστὸς.
1827 2511 1975 2566 τοῦτ’

360 2582 509 2652 ἔστι,
527 2586 644 2642 τῶν
662 2590 721 2643 ἐν
742 2593 996 2663 ἐσχάτοις
1028 2597 1123 2649 καὶ
1138 2596 1468 2653 τελευταίων
1483 2617 1496 2629 ·
1522 2603 1972 2675 καταπεφοίτηκε

361 2677 485 2749 γὰρ
530 2681 593 2733 ὲν
636 2683 890 2754 ἐσχάτοις
939 2686 1033 2740 τοῦ
1073 2686 1273 2753 αἰῶνος
1328 2693 1565 2762 καιροῖς.
1607 2693 1748 2747 Ἀλλ’
1785 2694 1975 2768 ὥσπερ

361 2770 417 2821 εἰ
465 2770 565 2822 καὶ
597 2770 699 2843 τῆς
764 2773 968 2846 κέρκου
1010 2778 1218 2850 Μωσῆς
1269 2780 1611 2846 ἐπελάϐετο,
1672 2784 1766 2838 καὶ
1812 2785 1974 2857 μέχρι

358 2860 543 2932 αὐτῆς
572 2863 754 2919 ἀνέθει
784 2866 884 2938 τῆς
908 2869 1153 2941 κεφαλῆς
1182 2872 1213 2924 ό
1244 2873 1636 2946 μεταπλασμδς
1667 2874 1973 2947 (μετεστοι-

358 2952 591 3023 χειοῦτο
618 2958 729 3029 γὰρ
755 2958 1068 3032 ὁλοκλήρως
1091 2964 1172 3026 εἰς
1209 2964 1405 3035 ῥάϐδον
1431 2968 1460 3018 ό
1488 2966 1637 3037 ὄφις)
1665 2984 1678 2999 ν
1710 2969 1855 3024 κατὰ
1884 2970 1976 3024 τὸν

362 3045 489 3098 ἴσον
529 3051 744 3103 τουτονὶ
772 3051 996 3122 τρόπον,
1031 3054 1139 3109 κᾶν
1170 3057 1345 3111 είτῶν
1368 3059 1617 3130 ἐσχάτων
1641 3061 1971 3116 ἀντελάὅετο

359 3138 641 3206 Χριστὸς,
673 3143 791 3196 ἀλλ’
819 3145 903 3209 εἰς
946 3148 1055 3200 πᾶν
1090 3147 1269 3220 διήκει
1307 3151 1369 3203 τὸ
1400 3151 1581 3221 γένος,
1629 3155 1725 3207 καὶ
1777 3154 1977 3227 μέχρις

360 3232 545 3348 ssi;
569 3234 881 3348 ἀὶρικνετται
901 3239 1005 3348 τῆς
1032 3242 1300 3315 κεφαλῆς,
1319 3244 1465 3300 τοῦτ’
1490 3244 1630 3310 ἔστι,
1650 3245 1745 3301 τοῦ
1774 3246 1971 3318 Ἀδὰμ,
2001 3290 2045 3348 c

361 3323 400 3393 ἡ
428 3322 523 3377 διὰ
554 3325 780 3396 χάριτος
813 3330 1229 3405 ἀναμόρφωσις.
1258 3334 1577 3407 Γέγραπται
1607 3336 1716 3409 γὰρ
1736 3379 1751 3403 ,
1780 3338 1864 3392 ὅτι
1893 3340 1975 3405 είς

360 3415 534 3469 τοῦτο
560 3419 809 3509 ,Χριστος
839 3422 1081 3480 ἀπέθανε
1112 3427 1208 3480 καὶ
1241 3427 1444 3500 ἀνέστη
1471 3429 1609 3493 ,λνα
1639 3430 1733 3485 καὶ
1760 3430 1974 3503 νεκρῶν

363 3510 471 3563 aut
512 3510 735 3576 ζώντων
768 3514 1055 3590 κυριεύσῃ.
1105 3517 1317 3574 οὐκοῦν
1358 3524 1474 3586 τοῖς
1507 3522 1759 3594 ἐσχάτοις
1797 3523 1893 3579 καὶ
1940 3525 1974 3595 ἡ

366 3602 485 3651 τῶν
522 3603 584 3653 ἐν
614 3602 816 3673 ἀρχαῖς
845 3606 1317 3680 συγκατορθοῦται
1341 3609 1631 3684 λύτρωσις.

444 3691 663 3747 ΠᾹΛΛ.
697 3694 929 3761 meam;
961 3698 991 3751 ό
1013 3698 1171 3768 λόγος
1199 3698 1318 3753 ἐστί
1347 3716 1408 3753 τε
1431 3704 1590 3774 ἡμῖν,
1622 3704 1718 3757 καὶ
1742 3703 1842 3757 οὐκ
1866 3704 1977 3759 ἀπὸ

369 3782 588 3836 σκοποῦ
619 3783 682 3837 τὸ
704 3785 979 3860 διήγημα.

448 3873 617 3929 ΚΥΡ.
654 3875 1033 3949 Ἑδραιότατον
1078 3877 1174 3939 οὖν
1197 3885 1336 3957 πρὸς
1357 3885 1455 3956 τὴν
1486 3889 1579 3942 ἐπὶ
1598 3887 1735 3959 τῷδε
1772 3890 1975 3957 πίστιν,

2075 2043 2262 2107 caput,
2294 2036 2560 2109 mysterio
2581 2041 3021 2091 consentaneum
3042 2036 3183 2087 erat.

2147 2128 2347 2184 PALL.
2377 2127 2670 2196 Quomodo
2714 2126 2977 2183 tandem?

2145 2222 2307 2279 ΟΥΕ.
2328 2220 2468 2290 Quia
2491 2228 2663 2293 caput
2687 2222 2840 2277 velut
2879 2219 3104 2276 initium
3128 2217 3239 2290 7o
3280 2216 3561 2289 quoddam
3605 2222 3691 2269 est

2077 2317 2249 2373 totius
2274 2314 2598 2381 animantis,
2622 2322 2683 2371 ut
2703 2313 2883 2370 cauda
2907 2312 3052 2368 ﬁnis.
3077 2310 3189 2384 Age
3234 2309 3425 2382 igitur,
3467 2307 3692 2363 univer-

2079 2422 2203 2464 sum
2244 2424 2420 2480 genus
2468 2406 2783 2469 heminum,
2830 2411 2895 2459 ut
2935 2418 3109 2458 unum
3159 2398 3363 2457 animal
3418 2399 3691 2453 hactenus

2076 2496 2389 2568 cogitemus
2436 2514 2449 2550 :
2494 2492 2867 2567 apprehendit
2911 2491 3082 2565 igitur
3125 2490 3359 2547 caudam
3396 2487 3689 2550 Christus,

2076 2589 2133 2645 id
2186 2598 2293 2654 est,
2344 2598 2625 2645 extremas
2674 2596 2863 2659 partes
2901 2594 3071 2659 atque
3117 2580 3395 2650 ultimas;
3422 2580 3693 2640 extremis

2077 2681 2281 2753 quippe
2304 2682 2636 2737 smculorum
2667 2677 3012 2750 temporibus
3053 2677 3302 2733 advenit.
3355 2677 3583 2735 Verum.
3631 2681 3693 2727 ut

2078 2774 2608 2848 Moysesquamvis
2661 2773 2895 2829 caudam
2956 2768 3458 2842 apprehendisset,
3509 2777 3691 2821 tamen

2077 2885 2257 2940 usque
2288 2868 2358 2924 ad
2379 2869 2565 2940 ipsum
2589 2881 2815 2938 quoque
2837 2872 3006 2936 caput
3026 2864 3122 2919 illa
3149 2861 3476 2918 reformatio
3500 2875 3695 2921 recur-

2078 2960 2154 3017 rit
2183 2960 2290 3033 (est
2312 2962 2462 3017 enim
2494 2967 2646 3015 totus
2673 2959 2764 3014 ille
2812 2973 3045 3029 serpens
3072 2957 3129 3011 in
3173 2955 3390 3027 virgam
3430 2946 3692 3007 immuta;

2081 3055 2216 3128 tus),
2244 3056 2312 3112 ad
2339 3054 2600 3111 eumdem
2624 3053 2884 3116 modum,
2911 3050 3104 3106 ultima
3130 3048 3261 3103 licet
3306 3043 3691 3116 apprehende-

2080 3147 2157 3203 rit
2184 3147 2460 3210 Christus,
2488 3153 2735 3200 attamen
2765 3141 2821 3196 in
2862 3135 3690 3209 universum.genuspertinet,

2079 3245 2137 3293 et
2159 3236 2228 3292 ad
2252 3244 2421 3307 caput
2455 3236 2639 3306 ipsum
2693 3247 2895 3304 usque,
2941 3229 2999 3291 id
3041 3237 3149 3291 est,
3197 3226 3396 3292 Adam,
3446 3226 3555 3279 illa.
3590 3241 3692 3295 per

2079 3331 2309 3404 gratiam
2356 3327 2679 3385 reformatio
2719 3324 3003 3400 pertingit.
3054 3321 3333 3393 Scriptum
3385 3327 3473 3375 est
3515 3318 3688 3377 enirn.

2084 3425 2208 3481 ideo
2231 3423 2518 3480 Christum
2549 3437 2672 3477 esse
2696 3427 2977 3476 mortuum
3019 3425 3094 3472 et.
3120 3414 3409 3477 revixisse,
3452 3412 3693 3468 utvivis

2082 3533 2147 3574 ac
2191 3516 2431 3572 mortuis
2479 3513 2802 3569 dominetur
2822 3512 2867 3542 ²⁰
2894 3528 2907 3564 :
2937 3509 3106 3582 igitur
3156 3506 3223 3564 in.
3259 3502 3690 3574 cxtremisipsa

2081 3627 2304 3684 quoque
2326 3607 2733 3682 principiorum
2760 3605 2926 3662 simul
2957 3609 3045 3659 est
3076 3599 3331 3673 perfecta.
3357 3597 3690 3669 redemptio.

2152 3704 2354 3761 PALL.
2380 3700 2698 3759 Probabilis
2743 3714 2877 3755 sane
2920 3696 3122 3761 oratio,
3160 3708 3266 3751 nec
3308 3692 3379 3748 ab
3419 3707 3509 3759 eo,
3540 3691 3690 3763 quod

2082 3795 2502 3869 proposuimus,
2528 3795 2724 3849 aliena.
2736 3791 3004 3847 narratio.

2155 3910 2314 3968 ΟΥΕ.
2329 3908 2412 3964 Ad
2436 3908 2507 3963 id'
2522 3922 2656 3963 vero
2679 3905 3019 3962 credendum
3042 3905 3205 3960 etiam
3231 3902 3449 3959 duobus
3471 3860 3695 3956 aliisa-

370 3966 472 4020 καὶ
514 3967 641 4021 δυσὶ¹
673 3970 972 4043 δυνάμεσιν
1016 3974 1182 4030 αὐτὸν
1227 3978 1448 4051 ἐτᾷραις
1494 3979 1736 4034 ἐποιεῖτο
1786 3979 1979 4050 θεοση-

373 4058 586 4112 μεέαις.
619 4060 937 4112 Γέγραπται
960 4065 1071 4112 γὰο
1098 4068 1284 4112 εὐθεῖρ·
1328 4089 1346 4112 ι
1389 4065 1519 4112 Hier:
1560 4070 1669 4112 νὰΛ
1692 4072 1842 4112 ηιίηἷι
1873 4072 1980 4112 1(ιέ-

2089 4001 2230 4056 rina:
2249 4000 2474 4055 virtutis
2506 3997 2678 4070 signis
2700 3996 3121 4051 illum-maxime
3148 3992 3515 4051 conﬁrmavit.
3543 3990 3693 4047 Scri-

2089 4099 2243 4112 ...-----
2276 4096 2355 4112 --ι
2383 4088 2527 4112 -..2.-
2557 4087 2816 4112 .I..:..........-
2839 4104 2852 4112 .
2884 4105 2898 4112 -
2922 4087 2988 4112 ἰὲι
3016 4085 3149 4112 ,ιι-ιι
3178 4083 3255 4112 ιιιι
3279 4081 3542 4112 “nun:an
3576 4097 3671 4112 ιπηι-

372 4065 937 4163 μεῐαιςᾈΓέγραπται
960 4065 1071 4139 γὰρ
1098 4068 1284 4135 εὐθύς·
1328 4089 1346 4121 ι
1387 4065 1521 4127 Eius
1560 4070 1669 4143 γὰρ
1691 4072 1842 4142 αὑτῴ
1870 4072 1980 4126 Κύ-

2089 4099 2246 4163 ptum
2271 4096 2358 4144 est
2378 4088 2529 4143 enim
2553 4065 2853 4158 deinceps:
2880 4105 2898 4138 ι
2922 4087 2992 4141 Et
3014 4085 3155 4142 dixit
3177 4083 3258 4139 illi
3279 4081 3545 4138 Dominus
3576 4097 3692 4135 τυτ-

369 4166 495 4222 ριος
519 4153 687 4267 πέλιν
714 4172 727 4185 ·
758 4157 1055 4227 Είσένεγκε
1093 4160 1195 4233 τὴν
1233 4162 1395 4234 χεῖρά
1436 4179 1530 4218 σου
1552 4165 1633 4228 εἰς
1662 4165 1753 4218 τὸν
1782 4164 1980 4218 κόλπον

2089 4153 2214 4236 sum
2245 4196 2257 4233 :
2284 4179 2440 4234 Mitte
2477 4192 2704 4233 manum
2742 4153 2891 4231 tuam
2929 4175 2985 4230 in
3020 4175 3203 4230 sinum
3237 4182 3415 4230 tuum.
3444 4174 3513 4228 Et
3544 4174 3696 4228 misit

368 4258 523 4356 σουλ
552 4246 683 4356 Καὶ.
711 4250 1002 4322 είσήνεγκε
1033 4253 1135 4326 τὴν
1164 4257 1325 4326 χεῖρα
1361 4255 1552 4318 αὐτοῦ,
1605 4257 1700 4311 καὶ
1750 4256 1980 4329 ἐγενήθη

2091 4287 2316 4356 manum
2337 4286 2493 4326 suam
2522 4270 2578 4324 in
2594 4270 2779 4325 sinum
2802 4284 2985 4325 suum.
3003 4269 3073 4323 Et
3093 4268 3232 4323 dixit
3259 4285 3271 4321 :
3299 4268 3454 4324 Educ
3468 4283 3693 4322 manum

365 4339 402 4408 ἡ
444 4338 572 4409 χεὶρ
624 4341 792 4401 αὑτοῦ
839 4341 1103 4415 λεπρῶσα
1152 4346 1229 4412 ὡς
1268 4347 1424 4419 χιών.
1465 4349 1577 4404 Καὶ
1613 4345 1737 4403 εἷπε
1789 4350 1983 4405 πάλινο

2104 4373 2253 4419 tuam
2277 4378 2342 4419 ex
2373 4362 2498 4417 sinu
2530 4370 2647 4418 tuo.
2674 4360 2743 4417 Et
2764 4359 2959 4417 eduxit
2996 4359 3143 4414 illam
3179 4374 3251 4415 ex
3291 4360 3416 4416 sinu
3461 4374 3593 4423 suo,
3639 4369 3696 4414 et

365 4431 679 4528 Ῑξίσενεγκε
712 4433 814 4528 τὴν
853 4439 1015 4509 χεῖρά
1046 4456 1140 4493 σου
1190 4442 1271 4504 εἰς
1321 4440 1415 4494 τὸν
1456 4441 1658 4497 κόλπον
1704 4459 1823 4498 σου.
1876 4443 1980 4498 Καὶ

2097 4456 2240 4513 facta
2255 4464 2340 4512 est
2354 4471 2553 4511 manus
2566 4454 2687 4528 ejus
2702 4455 2918 4526 leprosa
2937 4453 3079 4510 sicut
3094 4452 3208 4508 nix.
3224 4453 3293 4508 Et
3308 4453 3451 4510 dixit
3469 4467 3691 4508 rursus:

364 4521 667 4591 εἰσήνεγκε
700 4527 801 4597 τὴν
853 4529 1017 4597 χεῖρα
1074 4530 1240 4585 αὑτοῦ
1291 4533 1373 4595 εἰς
1419 4533 1511 4587 τὸν
1542 4534 1743 4589 κόλπον
1799 4534 1988 4603 αὐτοῦ,

2099 4550 2252 4605 Mitte
2281 4564 2509 4605 manum
2532 4556 2683 4604 tuam
2710 4548 2765 4603 in
2792 4548 2978 4605 sinum
3002 4555 3180 4603 tuum.
3211 4546 3281 4603 Et
3298 4547 3450 4603 misit
3467 4562 3692 4602 manum

365 4614 468 4666 καὶ
495 4613 765 4684 ἐξήνεγκε
796 4617 895 4690 τὴν
927 4621 1088 4692 χεῖρα
1115 4622 1285 4677 αὑτοῦ
1318 4626 1385 4677 ὲκ
1422 4625 1518 4679 τοῦ
1556 4626 1760 4681 κόλπου
1784 4628 1980 4683 αὑτοῦ·

2099 4659 2254 4699 suam
2278 4643 2335 4698 in
2350 4642 2533 4697 sinum
2551 4656 2710 4696 suum
2731 4684 2746 4707 ,
2773 4648 2829 4696 et
2847 4639 3038 4695 eduxit
3054 4655 3276 4695 manum
3298 4654 3453 4695 suam
3477 4637 3546 4693 de
3568 4637 3695 4693 sinu

373 4705 475 4757 καί
514 4706 680 4760 πάλιν
708 4709 1131 4785 ἀποκατεστάθη
1187 4715 1268 4778 εἰς
1311 4715 1411 4788 τὴν
1440 4716 1609 4787 χρόαν
1636 4718 1970 4789 τῆςισαρκὸς

373 4795 571 4850 αὐτοῦ.
612 4817 633 4850 ι
672 4799 868 4871 Ἀθρει
892 4802 957 4875 δὴ
977 4798 1073 4858 οὖν
1095 4805 1172 4869 ὡς
1219 4805 1339 4860 ἔστι
1377 4807 1680 4879 θεοπρεπὲς
1700 4849 1714 4873 ,
1756 4810 1983 4866 καὶτῶν

372 4885 518 4955 ἄγαν
536 4888 786 4958 ἡκόντων
811 4892 893 4955 εἰς
934 4893 994 4948 τὸ
1018 4893 1398 4966 θαυμάζεσθαι
1427 4899 1664 4970 πρέπειν
1692 4900 1755 4954 τὸ
1783 4918 1983 4973 κατορ-

374 4978 645 5051 θούμενον
664 5023 680 5048 ,
715 4983 1001 5039 συνωδῖνον
1034 4987 1093 5040 δὲ
1139 4987 1332 5060 ὥσπερ
1363 4988 1443 5060 τῷ
1471 4988 1676 5065 πρώτῳ
1702 4990 1796 5045 τοῦ
1841 4992 1984 5047 κατὰ

373 5073 620 5144 Χριστὸν
653 5078 963 5148 μυστηρίου
986 5080 1095 5152 τὴν,
1113 5080 1367 5151 δήλωσιν.

450 5166 668 5223 ΠΛΑΛ.
703 5169 915 5229 Οὐκοῦν
942 5171 1230 5241 διασάιρειο
1258 5173 1482 5246 συνίημι
1514 5176 1624 5250 γὰρ
1652 5176 1772 5233 οὔτι
1802 5195 1910 5233 πω.

452 5355 626 5411 ΚΥΡ.
658 5358 875 5431 Σαρκὸς
927 5360 1028 5433 μὲν
1075 5362 1108 5433 ἡ
1141 5362 1322 5434 λέπρα
1372 5360 1541 5428 πάθος
1562 5406 1576 5432 ,
1605 5362 1830 5435 ἄμεινον
1864 5366 1921 5422 δὲ
1958 5365 1991 5437 ἢ

380 5447 528 5526 κατα
563 5451 817 5523 ἰατροὺς,
850 5453 947 5506 xal
984 5455 1107 5517 ταῖς
1136 5454 1268 5525 παρ’
1292 5454 1521 5508 ἐκείνων
1546 5454 1865 5526 ἐμπειρίαις
1885 5456 1985 5526 οὑχ

376 5516 684 5612 ἁλώσιμον.
729 5544 971 5616 Ἀνιερὺς
995 5546 1053 5601 δὲ
1074 5516 1167 5601 καὶ
1189 5516 1502 5619 ἀκάθαρτος
1535 5549 1564 5599 ὀ
1580 5516 1812 5618 λεπρὸς,
1839 5516 1986 5604 κατᾶ

382 5650 453 5701 γε
476 5635 580 5707 τὴν
616 5634 792 5690 πάλαι
833 5636 924 5692 διὰ
956 5638 1205 5703 Μωσέως
1233 5638 1476 5711 ἐντολὴν,
1502 5638 1901 5710 ἀπηχθημένος
1928 5641 1987 5712 δὲ

380 5723 509 5783 λίαν
535 5728 633 5787 καὶ
679 5729 836 5802 παρὰ
858 5732 972 5794 τοῖς
998 5730 1068 5785 τὰ
1107 5730 1387 5802 Ἑλλήνων.
1399 5730 1637 5802 τιμῶσιν
1662 5730 1781 5803 ἔθη.
1829 5733 1987 5805 Ἡμι-

458 5913 505 5945 ¹⁹
535 5912 675 5970 Luc.
704 5930 857 5982 χχιιι,
891 5914 979 5971 45.
1084 5916 1129 5947 ⁸³
1163 5916 1322 5972 Boni.
1355 5934 1465 5985 2m,
1502 5919 1555 5973 9.

2091 4749 2214 4799 suo,
2232 4740 2290 4789 et
2313 4746 2507 4788 rursus
2524 4731 2779 4787 restituta
2801 4739 2888 4787 est
2909 4730 2967 4784 in
2987 4730 3230 4786 colorem
3245 4730 3431 4786 carnis
3442 4744 3556 4784 suae
3573 4729 3618 4762 ¹¹
3641 4748 3687 4783 ,ι

2091 4825 2230 4881 Vide
2273 4825 2442 4897 igitur
2468 4838 2634 4895 quam
2661 4821 2717 4878 id
2765 4821 2973 4878 factum
2997 4822 3112 4877 Deo
3136 4821 3463 4886 conveniat,
3502 4835 3696 4890 quam-

2091 4934 2199 4990 que
2223 4917 2296 4973 sit
2322 4916 2692 4972 admiratione
2720 4915 2973 4988 dignum,
3005 4923 3171 4985 atque
3211 4930 3322 4969 una
3344 4929 3470 4969 cum
3491 4929 3559 4968 eo
3586 4913 3692 4968 mi-

2030 5046 2036 5053 -
2088 5012 2279 5068 raculo
2314 5010 2463 5081 quod
2508 5009 2763 5080 proxime
2798 5007 3164 5071 narravimus,
3195 5006 3404 5063 Christi
3444 5006 3693 5078 mysterii

2089 5097 2552 5170 signiﬁcationem
2577 5095 2988 5168 quodammodo
3011 5096 3312 5152 contineat.

2161 5183 2360 5241 PALL.
2382 5185 2528 5258 Ergo
2545 5185 2681 5242 illud
2700 5186 2950 5257 explica;
2995 5184 3138 5241 nihil
3176 5183 3329 5239 enim
3355 5182 3491 5240 dum
3530 5184 3694 5242 intel-

2086 5274 2221 5349 ligo.
2903 5280 2908 5289 '
3646 5288 3649 5291 '

2161 5365 2320 5424 CYR.
2339 5366 2537 5423 Carnis
2555 5375 2640 5425 est
2659 5369 2888 5425 morbus
2907 5370 3082 5441 lepra,
3106 5368 3264 5441 isque
3284 5367 3506 5442 gravior
3521 5385 3689 5442 quam

2092 5459 2457 5516 utamedicis
2492 5460 2545 5515 ei
2583 5461 2835 5517 succurri
2874 5458 3069 5533 possit,
3111 5454 3451 5519 autillorum
3474 5478 3580 5520 usu
3600 5468 3688 5519 at-

2090 5565 2201 5622 que
2238 5549 2436 5621 peritia
2455 5549 2762 5622 expugnari
2796 5567 2898 5606 :.ac
2915 5552 3172 5623 leprosus
3208 5552 3327 5625 ipse
3347 5551 3614 5626 profanat
3632 5560 3692 5613 et

2089 5642 2343 5714 impurus
2378 5650 2484 5708 est,
2523 5658 2590 5697 ex
2620 5643 2846 5714 antiqua
2880 5644 3169 5720 illaMoysi
3190 5648 3329 5720 lege,
3352 5661 3573 5704 necnon
3617 5644 3687 5701 ill

2092 5753 2313 5808 quoque
2349 5737 2754 5806 odiosissimus,
2793 5739 2888 5813 qui
2927 5741 3217 5813 gentilium
3256 5754 3442 5799 mores
3473 5737 3678 5811 magni-

1654 5922 1692 5951 "
1727 5920 1900 5976 Exod.
1945 5938 2020 5987 Iv,
2054 5921 2087 5978 6
2119 5935 2274 6005 seqq.
