4096 6478
472 417 577 478 υτ
1096 380 1101 387 ’
1507 419 1565 476 s.
1605 418 1882 476 CYRILLI
1920 418 2396 477 nemnem
2424 422 2743 482 ARCHIEP.

3653 425 3757 483 248

475 539 762 611 pendunt:
801 539 895 609 qui
915 538 1065 593 enim
1101 551 1170 594 eo
1188 537 1403 594 laborat
1435 537 1648 604 morbo,
1671 538 2063 594 semimortuus

2166 540 2297 613 θνὴς
2328 541 2437 614 γὰρ
2458 542 2579 615 ,ήδη
2621 560 2740 608 πως
2767 540 2796 594 ὁ
2821 543 2981 598 τοῦτο
3021 540 3234 610 παθὼν,
3272 541 3540 616 βδελυρὸς
3563 541 3625 597 δὲ
3659 541 3760 599 καὶ

474 627 882 700 quodammodo
900 638 987 684 est
1009 645 1024 682 :
1046 636 1104 683 at
1124 643 1261 685 vero
1279 628 1646 685 aversandum
1667 627 2059 700 impurumque

474 730 561 775 est
580 720 784 775 mortui
804 720 1059 777 cadaver.
1100 720 1290 792 Itaque
1325 736 1520 777 curare
1556 735 1720 792 posse
1757 720 2056 791 leprosum,

478 822 736 881 tanquam
758 811 1020 866 eximium
1042 806 1326 881 quiddam,
1365 810 1587 882 etquod
1626 818 1940 866 nostrarum
1973 810 2057 865 vi-

478 903 620 957 rium
641 902 864 959 modum
899 902 1061 973 longe
1096 911 1340 974 superet,
1379 902 1485 958 soli
1502 900 1704 957 divinae
1722 909 1953 965 naturae,
1973 907 2058 955 at-

477 1009 584 1064 que
603 993 807 1049 ellicaci
831 994 1160 1050 attributum
1181 1004 1285 1050 est.
1323 994 1563 1065 Ideoque
1599 994 1658 1048 in
1696 991 2060 1048 admiratione

479 1084 783 1140 habebatur
802 1084 1074 1151 Christus,
1096 1086 1191 1157 qui
1212 1101 1337 1141 cum
1357 1094 1626 1157 potestate
1647 1085 1867 1155 leproso
1884 1084 2059 1141 incla-

480 1177 652 1231 mavit
677 1195 689 1231 :
721 1196 740 1229 ‹
767 1177 921 1243 Volo,
944 1178 1213 1234 mundare
1235 1179 1299 1231 ²¹.
1330 1198 1349 1230 ι
1375 1178 1473 1233 Illa
1492 1193 1730 1249 namque
1763 1193 1897 1242 vox,
1919 1192 2057 1232 cuu-

479 1277 693 1324 ctarum
732 1269 918 1340 Opifex
945 1286 1150 1336 rerum,
1175 1283 1298 1341 quae
1336 1271 1483 1341 ipsos
1522 1271 1688 1326 etiam
1725 1285 1756 1325 e
1793 1269 2061 1340 sepulcris

479 1359 687 1415 excitat
719 1369 989 1426 mortuos,
1036 1362 1138 1431 71
1181 1368 1237 1417 et
1273 1370 1450 1417 morte
1489 1369 1574 1417 est
1607 1370 1665 1416 et
1705 1360 2060 1431 corruptione

479 1452 854 1522 praestantior,
876 1452 983 1508 hoc
1018 1453 1074 1508 in
1112 1469 1180 1508 eo
1200 1453 1425 1508 homine
1445 1454 1773 1509 miraculum
1808 1452 2057 1524 perfecit.

477 1541 651 1597 Iussit
689 1541 877 1613 igitur,
902 1552 963 1598 ut
998 1558 1221 1598 manum
1255 1544 1313 1598 in
1351 1543 1534 1599 sinum
1570 1542 1822 1608 abderet,
1861 1541 2061 1598 deinde

478 1640 780 1688 extractam
797 1650 828 1689 e
850 1634 1061 1691 latebra
1081 1637 1257 1703 sinus,
1273 1637 1386 1708 jam
1408 1644 1578 1691 totam
1613 1635 1764 1706 lepra
1802 1634 2060 1690 infectam

478 1726 828 1793 ostenderet;
851 1726 1035 1783 denuo
1053 1735 1238 1783 autem
1275 1743 1401 1783 cum
1424 1728 1481 1781 in
1517 1726 1702 1783 sinum
1737 1726 2058 1791 abdidisset,

482 1816 632 1876 illico
649 1818 719 1873 ab
736 1819 791 1875 vi
814 1820 989 1876 morbi
1011 1820 1140 1876 inde
1157 1820 1390 1876 liberam
1410 1820 1669 1892 protulit;
1695 1830 1755 1876 ut
1793 1836 1861 1876 ex
1898 1834 1964 1875 ea
2002 1835 2060 1874 re

2163 628 2472 710 ἀκάθαρτος
2497 639 2527 691 ὁ
2546 636 2757 708 νεκρός.
2809 635 3072 708 Ἀνῆπται
3093 634 3158 708 δὴ
3197 630 3292 691 οὖν
3318 636 3394 701 ὡς
3424 626 3712 707 ὑπερφυὲς
3734 673 3752 701 ,

2162 730 2256 784 καὶ
2282 730 2393 785 τῶν
2422 730 2544 785 καθ’
2571 732 2721 802 ἡμᾶς
2742 728 3001 784 ἐπέκεινα
3027 729 3265 801 μέτρων,
3299 728 3360 783 τὺ
3394 726 3746 801 θεραπεῦσαι
3830 800 3833 801 ν

2160 823 2420 879 δύνασθαι
2444 824 2665 897 λεπρδν,
2696 823 2730 894 ἢ
2767 824 2903 897 μόνῃ
2924 826 2991 896 τῇ
3013 822 3134 893 θείᾳ
3156 822 3252 876 καὶ
3285 821 3559 892 ἀφράστῳ
3585 818 3750 888 φύσει

2159 929 2221 967 τε
2244 914 2339 967 καὶ
2376 913 2649 985 ἐνεργείᾳ.
2683 912 2974 985 Τοιγάρτοι
3009 913 3105 966 καὶ
3133 907 3480 982 ἐθαυμάζετο
3510 908 3755 978 Χριστὸς

2158 1007 2239 1079 τῷ
2270 1006 2665 1079 λελεπρωμένῳ
2700 1006 2817 1077 μετ’
2850 1005 3099 1073 ἐξουσίας
3136 1003 3427 1075 ὲπιφωνῶν
3449 1018 3462 1032 ·
3504 1020 3524 1054 ι
3572 1001 3748 1066 Θέλω,

2161 1097 2542 1170 καθαρίσθητι.
2573 1116 2594 1149 ι
2618 1098 2774 1168 Φωνὴ
2799 1096 2911 1168 γὰρ
2927 1099 2960 1167 η
2988 1093 3348 1166 παντουργδς,
3373 1095 3407 1165 ἡ
3425 1093 3528 1147 καὶ¹
3548 1092 3752 1155 αὐτοὺς

2159 1190 2225 1242 ὲκ
2258 1187 2554 1260 μνημάτων
2579 1187 2899 1240 διανιστᾶσα
2932 1186 3060 1249 τοὺς
3084 1183 3341 1255 νεκροὺς,
3370 1184 3470 1236 καὶ
3516 1181 3750 1235 θανάτου

2161 1281 2410 1348 κρεῖττον
2455 1277 2551 1330 καὶ
2580 1275 2820 1347 φθορᾶς,
2864 1274 2926 1328 τὸ
2964 1275 3052 1327 ἐπ’
3087 1273 3281 1344 ἐκείνῳ
3314 1270 3506 1341 θαῦμα
3538 1268 3752 1339 πεπλή-

2164 1384 2331 1443 ρωκε.
2362 1368 2703 1442 Προστέταχε
2726 1365 3020 1437 τοιγαροῦν
3046 1364 3316 1437 ἐγκρύψαι
3336 1361 3415 1434 τῷ
3437 1361 3632 1431 κόλπῳ
3652 1359 3751 1431 τὴν

2162 1464 2319 1536 χεῖρα
2335 1502 2351 1526 ,
2378 1459 2500 1515 εἶτα
2526 1477 2593 1529 γυ
2602 1458 2890 1531 μνώσαντα
2916 1457 3019 1528 τῆς
3046 1456 3144 1511 τοῦ
3172 1455 3376 1510 κόλπου
3408 1450 3746 1523 περιὸολῆς,

2159 1554 2289 1625 ὅλην
2328 1553 2395 1606 δι’
2443 1552 2565 1606 ὅλου
2598 1549 2891 1621 λεπρῶσαν
2927 1547 3099 1619 αὐτὴν
3143 1544 3415 1610 ἐπιδεῖξαι
3443 1583 3459 1608 ,
3496 1541 3662 1597 πᾶλιν
3694 1540 3752 1595 δὲ

2163 1645 2514 1717 ἐγκρύψαντα
2550 1642 2630 1714 τῷ
2669 1641 2856 1712 κόλπῳ
2879 1640 2942 1693 τὸ
2966 1639 3239 1710 δεύτερον,
3270 1635 3366 1691 τοῦ
3399 1632 3751 1706 συμϐεϐηκό-

2160 1754 2252 1800 τος
2276 1733 2701 1807 ἀπηλλαγμένην
2732 1730 3145 1787 καταδείκνυσιν
3173 1726 3333 1791 εὐθύς
3354 1743 3366 1756 ⁸
3400 1725 3482 1789 ὡς
3519 1724 3589 1779 ἂν
3625 1739 3750 1776 συν·

2165 1830 2274 1880 εἶεν
2312 1824 2562 1880 ἐντεῦθεν
2607 1825 2657 1877 οἱ
2706 1822 2765 1889 ἐξ
2811 1820 3061 1894 Ἰσραὴλ,
3103 1819 3181 1883 ὡς
3217 1818 3451 1890 ἀρρήτῳ
3498 1815 3608 1868 τινὶ
3658 1813 3752 1867 καὶ

480 1908 852 1982 intelligerent
885 1912 1143 1968 Israelita:
1166 1952 1181 1978 ,
1222 1913 1378 1968 illum
1432 1912 1699 1968 ineffabili
1736 1911 1971 1983 quadam
2007 1919 2063 1966 et

2166 1920 2427 1990 ἀφράστῳ
2463 1915 2692 1987 δυνάμει
2736 1913 3022 1985 μονονουχὶ
3049 1906 3565 1982 τεθωρακισμένος,
3615 1921 3751 1976 προ-

481 1999 837 2057 inenarrabili
858 2004 909 2057 vi
932 2004 1328 2075 propemodum
1366 2012 1662 2070 armatum,
1703 2019 1896 2061 eorum
1932 2018 2061 2073 pro-

480 2103 840 2164 pugnatorem
860 2094 1107 2150 futurum
1126 2111 1267 2161 esse,
1291 2096 1389 2167 qui
1406 2095 1594 2152 violati
1614 2105 1801 2152 essent
1837 2094 2061 2166 injuria,

479 2192 556 2248 et,
578 2194 765 2242 contra
776 2185 877 2253 fas,
896 2185 1275 2259 Egyptiorum
1289 2188 1477 2258 iniquo
1487 2187 1791 2245 dominatui
1809 2186 2061 2258 subjecti.

478 2279 659 2348 Atque
694 2278 812 2334 haec
828 2278 1054 2350 quidem
1090 2284 1253 2347 ratio,
1291 2280 1546 2351 quamvis
1581 2281 1639 2336 in
1674 2288 1933 2350 promptu
1970 2278 2061 2341 sit,
2096 2353 2103 2360 _

479 2375 564 2422 est
582 2376 765 2424 tamen
787 2368 1034 2425 historia:
1051 2377 1381 2441 opportuna.
1404 2370 1544 2425 Illud
1565 2377 1748 2426 autem
1768 2385 1877 2425 non
1915 2368 1985 2424 ab
2005 2382 2064 2422 re

480 2458 599 2515 fore
618 2469 773 2530 puto,
796 2461 839 2516 si
860 2461 1124 2517 subtilius
1140 2464 1409 2534 prOpositi
1443 2464 1552 2520 loci
1590 2478 1813 2519 sensum
1833 2462 2061 2517 scrutati

479 2550 770 2619 fuerimus,
793 2562 956 2622 atque
972 2552 1405 2623 inquisierimus,
1425 2554 1622 2625 ecquid
1646 2554 1779 2609 illud
1804 2554 1894 2615 sit,
1915 2551 2063 2623 quod

484 2643 541 2698 in
579 2644 704 2699 sinu
742 2661 965 2700 manum
1001 2645 1237 2712 abdidit,
1277 2647 1412 2718 quid
1448 2647 1637 2712 etiam,
1677 2646 1825 2717 quod
1863 2646 2063 2701 educta

484 2750 610 2791 cum
630 2735 843 2803 fuisset,
864 2738 1104 2809 graviter
1118 2739 1269 2809 lepra
1301 2754 1552 2810 respersa
1571 2751 1657 2795 est
1679 2759 1694 2793 :
1718 2739 1909 2794 adhaec
1929 2754 2063 2809 pur-

484 2828 720 2898 gationis
739 2828 961 2883 modum
996 2828 1325 2901 investigare
1362 2839 1618 2902 oportet;
1658 2846 1785 2887 nam
1827 2831 1923 2885 ubi
1948 2846 2069 2886 ma-

485 2935 617 2973 num
640 2919 695 2974 in
734 2920 916 2975 sinum
940 2921 1111 2987 misit,
1134 2922 1203 2976 ab
1220 2937 1288 2977 eo
1308 2922 1504 2977 morbo
1540 2922 1774 2978 liberam
1798 2921 2064 2977 reddidit.

553 3011 752 3066 PALL.
773 3013 943 3069 Recte
973 3013 1073 3068 ais.
1102 3014 1291 3084 Neque
1321 3014 1473 3069 enim
1498 3029 1694 3084 parum
1725 3029 1831 3070 nos
1854 3013 2068 3085 juvcrit

484 3100 604 3157 hate
629 3102 843 3174 singula
872 3104 1188 3174 exquirere.

554 3191 714 3248 ΟΥΕ.
750 3192 923 3265 Igitur
950 3210 1073 3250 mea
1119 3194 1344 3267 quidem
1401 3197 1678 3251 sententia
1704 3211 1794 3251 res
1824 3204 1934 3250 tam
1963 3194 2063 3250 ad-

486 3282 736 3338 miranda
792 3283 1106 3354 huiusmodi
1152 3284 1419 3354 quiddam
1467 3292 1727 3356 tanquam
1759 3284 1815 3338 in
1867 3286 2064 3341 umbra

485 3377 796 3450 signiﬁcare
819 3377 1061 3433 videtur.
1091 3377 1345 3445 Quaudiu
1369 3394 1604 3449 namque
1630 3379 1795 3434 homo
1826 3379 1896 3434 ad
1925 3379 2067 3434 ima-

484 3469 671 3541 ginem
709 3470 807 3526 Dei
840 3471 1094 3526 conditus
1124 3469 1522 3542 propemodum
1569 3470 1624 3524 in
1675 3470 1797 3525 sinu
1835 3470 1932 3526 Dei
1962 3486 2067 3524 nu-

464 3562 781 3627 triebatur,
806 3562 1043 3617 necdum
1072 3570 1408 3634 praeceptum
1458 3562 1563 3617 sibi
1595 3579 1625 3617 a
1665 3564 1778 3619 Deo
1803 3563 2067 3619 traditum

488 3654 925 3721 conculcaverat,
976 3655 1323 3726 providentia
1367 3663 1425 3711 et
1479 3670 1667 3711 amore
1699 3671 1829 3726 erga
1878 3671 1935 3711 se
1971 3656 2069 3710 Dei

495 3755 695 3813 tectus,
730 3764 904 3819 purus
933 3756 1098 3819 atque
1123 3757 1347 3803 sanctus
1375 3756 1432 3803 ct
1466 3747 1665 3803 mortis
1695 3747 1923 3819 ignarus
1945 3763 2071 3817 per-

489 3828 780 3895 manebat:
810 3839 905 3895 ubi
951 3848 1138 3895 autem
1162 3840 1258 3896 Dei
1284 3839 1544 3911 prmsidio
1610 3848 1777 3911 atque
1821 3839 2067 3895 amicitia

487 3930 749 3997 excessit,
800 3931 1039 4001 quodin
1095 3931 1231 3986 vitia
1264 3930 1563 4002 proclivior
1619 3946 1739 3986 esse
1788 3930 2071 4001 cespisset,

490 4031 607 4078 tum
635 4040 768 4080 vero
798 4024 1066 4095 profanus
1122 4031 1290 4096 atque
1336 4023 1729 4088 cxsccrandus,
1760 4030 1817 4078 et
1870 4022 2068 4078 mortis

489 4117 808 4188 impuritate
868 4117 1127 4171 laborans
1184 4115 1473 4172 manifeste
1522 4115 1898 4187 deprehensus
1952 4122 2061 4170 est.

489 4206 597 4261 Sed
619 4222 744 4262 cum
775 4223 969 4263 rursus
1008 4222 1111 4262 nos
1140 4205 1255 4277 ipse
1272 4207 1416 4263 Deus
1442 4221 1507 4262 ac
1544 4207 1707 4262 Pater
1735 4205 2070 4277 suscepisset

490 4302 546 4352 in
565 4297 808 4371 Christo,
859 4308 917 4355 et
948 4298 1148 4355 divinae
1176 4299 1367 4371 gratiae
1409 4298 1662 4370 praesidio
1687 4278 2069 4354 circumteiis—

488 4399 593 4455 set,
632 4404 698 4445 ac
734 4400 989 4462 tanquam
1043 4391 1101 4446 in
1147 4391 1274 4448 sinu
1325 4406 1425 4464 per
1473 4390 1791 4462 adoptionis
1858 4388 2067 4444 donum

489 4481 822 4549 contineret,
872 4483 1021 4539 illico
1045 4499 1153 4539 una
1204 4499 1331 4539 cum
1383 4482 1797 4553 impuritatibus
1858 4488 2069 4534 morta-

2167 2012 2425 2083 στήσεται
2451 2010 2557 2064 τῶν
2578 2006 2944 2080 ἠδικημένων,
2966 2005 3060 2058 καὶ
3080 2004 3201 2068 ταῖς
3223 2000 3545 2071 Αἰγυπτίων
3565 1997 3752 2054 πλεον-

2163 2105 2333 2172 εξίαις
2358 2102 2588 2167 ἀνοσίως
2626 2100 3070 2170 ὑπεζευγμένων.
3103 2097 3215 2151 Καὶ
3247 2094 3410 2164 λόγος
3456 2092 3557 2164 μὲν
3599 2083 3752 2154 οὗτος

2164 2198 2225 2252 οὐ
2261 2197 2429 2267 βαθὺς
2454 2234 2470 2259 ,
2506 2196 2571 2265 τῇ
2604 2193 2660 2246 δὲ
2693 2191 2908 2263 ἱστορία
2933 2189 3226 2261 χρήσιμος.
3259 2186 3483 2257 Χρῆναι
3510 2183 3571 2237 δὲ
3598 2177 3751 2252 οἶμαι

2161 2290 2260 2362 τὴν
2299 2288 2397 2341 τοῦ
2436 2284 2798 2358 προκειμένου
2834 2281 3076 2337 διάνοιαν
3104 2276 3572 2341 έκϐασανίζοντας
3596 2273 3753 2344 ἀκρι-

2165 2382 2298 2447 ϐῶς,
2336 2382 2512 2435 ἐκεῖνο
2553 2379 2762 2449 ζητεῖν,
2788 2374 2844 2429 τί
2875 2372 2974 2445 μὲν
3016 2370 3083 2427 ἂν
3127 2370 3213 2439 εἴη
3244 2369 3306 2424 τὸ
3347 2369 3414 2422 ὲν
3449 2365 3529 2438 τῷ
3569 2362 3751 2434 κόλπῳ

2168 2471 2479 2544 συγκρύψαι
2517 2471 2616 2541 τὴν
2659 2473 2819 2540 χεῖρα
2840 2483 2854 2498 ·
2891 2465 2942 2521 τί
2986 2463 3044 2518 δὲ
3078 2462 3141 2518 τὸ
3191 2462 3296 2530 ἔξω
3344 2455 3750 2529 γεγενημένην,

2168 2561 2649 2637 κατα).επροῦσθαι
2700 2558 2920 2623 δεινῶς·
2966 2557 3062 2612 καὶ
3103 2555 3241 2627 πρὸς
3277 2552 3502 2614 τούτοις
3542 2549 3623 2602 ἔτι
3661 2545 3748 2602 τὸν

2163 2660 2265 2730 τῆς
2292 2656 2611 2726 καθάρσεως
2628 2653 2850 2725 τρόπον.
2886 2650 3082 2714 ’Βνιεὶς
3104 2647 3214 2718 γὰρ
3241 2645 3415 2719 δὴτῷ
3448 2643 3634 2711 κόλπῳ
3654 2639 3748 2710 τὴν

2165 2755 2345 2823 χεῖρα,
2381 2749 2476 2803 τοῦ
2508 2748 2714 2812 πάθους
2743 2744 3104 2816 ἀπήλλαττεν.

2240 3020 2448 3075 ΠΑΛΛ.
2485 3012 2559 3071 Εὖ
2589 3015 2791 3084 λέγεις.
2852 3009 3093 3081 Ὀνήσειε
3140 3005 3252 3075 γὰρ
3280 3004 3346 3059 ἂν
3403 3002 3465 3057 οὐ
3515 2997 3746 3072 μετρίως

2168 3117 2316 3187 ἡμᾶς
2350 3115 2383 3183 ἡ
2410 3111 2498 3181 ἐφ’
2535 3108 2750 3176 ἑκάστῳ
2780 3104 3035 3174 βάσανος.

2242 3180 2404 3260 ΚΥΡ.
2437 3199 2646 3258 Οὐκοῦν
2670 3197 2794 3270 ἐμοί
2836 3213 2901 3266 γε
2934 3194 3082 3250 δοκεῖ
3122 3188 3368 3245 τοιοῦτόν
3405 3205 3460 3242 τι
3509 3180 3745 3270 παραδη-

2167 3299 2294 3354 λοῦν
2319 3298 2395 3362 ὡς
2432 3299 2489 3350 ὲν
2521 3295 2652 3365 σκιᾷ
2695 3293 2757 3346 τὸ
2785 3287 3108 3360 παράδοξον.
3148 3285 3295 3346 Ἕως
3341 3281 3446 3352 μὲν
3483 3277 3592 3349 γὰρ
3626 3269 3691 3343 ἦν
3717 3272 3751 3341 67

2169 3391 2290 3445 κατ’
2327 3387 2512 3441 εἰκόνα
2540 3384 2641 3455 τὴν
2664 3381 2817 3436 θείαν
2849 3377 3219 3448 πεποιημένος
3245 3373 3535 3445 ἄνθρωπος
3564 3380 3743 3439 μονον-

2167 3481 2289 3553 ουχὶ
2315 3477 2701 3551 τιθηνούμενος
2738 3475 2797 3528 ὲν
2829 3471 3016 3542 κόλπῳ
3044 3467 3202 3532 Θεοῦ,
3249 3465 3347 3520 καὶ
3381 3464 3481 3535 τὴν
3509 3459 3744 3554 δοθεῖσαν

2167 3549 2320 3625 οὔπω
2338 3549 2589 3638 πατήσας
2604 3563 2843 3635 ἐντολὴν,
2863 3561 3036 3634 φειδοῖ
3047 3560 3138 3613 καὶ¹
3151 3557 3343 3629 ἀγάπῃ
3358 3557 3426 3627 τῇ
3445 3553 3571 3623 παρ’
3588 3549 3743 3638 αὐτοῦ

2168 3635 2672 3732 κατημφιεσμένος,
2716 3652 2958 3724 καθαρὸς
3000 3650 3094 3705 καὶ
3131 3645 3487 3721 ἡγιασμένος,
3520 3635 3744 3732 καί

2169 3755 2256 3809 διὰ
2285 3726 2518 3807 θανάτου
2540 3749 2809 3821 νέκρωσιν
2842 3746 2943 3801 οὐκ
2971 3741 3127 3806 εἰδὼς
3145 3738 3372 3794 διετέλει
3397 3753 3411 3767 ο
3456 3730 3668 3821 Ἐπειδὴ
3686 3726 3744 3821 δὲ

2168 3847 2269 3914 τῆς
2304 3842 2411 3898 ὓπδ
2432 3840 2553 3913 Θεῷ
2579 3818 2788 3909 σκέπης
2815 3854 2876 3892 τε
2909 3834 3005 3890 καὶ
3027 3832 3209 3904 φιλίας
3238 3828 3512 3899 ἐκϐέϐηκε
3542 3819 3628 3878 διὰ
3643 3818 3745 3872 τῶν

2169 3913 2250 4002 εἰς
2273 3937 2335 3991 τὸ
2366 3934 2570 4007 φαῦλον
2603 3930 3020 4003 άπονευμάτων,
3046 3925 3260 3996 ἀνίερός
3278 3939 3340 3976 τε
3368 3922 3462 3977 xui
3481 3913 3743 4007 βδελυρῷ,

2170 4032 2265 4087 καὶ
2290 4030 2388 4102 τὴν
2413 4028 2510 4083 τοῦ
2536 4027 2777 4089 θανάτου
2819 4024 3055 4093 νοσήσας
3088 4016 3457 4089 ἀκαθαρσίαν,
3505 4006 3742 4106 ἐναργῶξ

2169 4125 2450 4196 ἠλέγχετο.
2498 4116 2893 4188 Είσδεξαμένου
2936 4114 2996 4169 δὲ
3037 4111 3200 4167 πάλιν
3238 4109 3390 4180 ἡμᾶς
3439 4107 3498 4159 ὲν
3534 4104 3745 4196 Ῑςροξτφ

2167 4188 2429 4267 τοῦ-ὅεοῦ
2463 4210 2559 4265 καὶ
2595 4207 2811 4279 Πατρὺς
2839 4205 2935 4260 καὶ
2962 4206 3031 4275 τῇ
3065 4202 3188 4274 θείᾳ
3207 4201 3395 4273 χάριτι
3428 4188 3743 4268 περιϐεϐλη-

2170 4308 2350 4372 κότος,
2376 4304 2472 4360 καὶ
2490 4302 2653 4358 οἱονεί
2669 4318 2773 4355 που
2796 4300 2856 4353 ὲν
2875 4298 3098 4361 κόλποις
3124 4296 3339 4367 ἔχοντος
3360 4291 3449 4346 διὰ
3462 4290 3561 4360 τῆς
3575 4280 3742 4338 υἱοθε-

2171 4400 2315 4463 σίας,
2336 4396 2473 4470 6μοῦ
2497 4398 2620 4460 ταῖς
2643 4391 3012 4464 άκαθαρσίαις
3042 4390 3139 4443 καὶ
3169 4385 3266 4458 τὴν
3297 4386 3365 4439 ὲκ
3393 4384 3492 4455 τῆς
3521 4374 3742 4470 ἀρχαίας

2171 4491 2311 4563 ἀρᾶς
2350 4465 2721 4548 ἀποϐαλόντες
2759 4482 3051 4554 νέκρωσιν,
3093 4477 3174 4541 εἰς
3204 4474 3266 4529 τὸ
3307 4476 3368 4527 ἐν
3394 4471 3587 4542 ἀρχαῖς
3628 4465 3745 4563 ἀνα·

490 4573 647 4629 litate
680 4589 902 4645 quoque
941 4576 1148 4631 veteris
1177 4576 1326 4630 illius
1377 4572 1784 4629 maledictionis
1827 4571 2062 4643 abiecta,

2176 4554 2520 4655 θρώσκομεν.
2544 4577 2862 4647 Γέγραπται
2882 4572 2992 4645 γὰρ
3013 4570 3143 4643 περὶ
3165 4568 3267 4638 τῆς
3285 4564 3529 4669 Μωσέως
3545 4554 3740 4667 χειρξς,

488 4664 559 4719 ad
588 4664 871 4736 antiquam
899 4666 1050 4721 illam
1076 4666 1472 4729 conditionem,
1507 4665 1563 4719 in
1598 4680 1707 4734 qua
1730 4678 1760 4716 a
1791 4660 2067 4733 principio

490 4759 718 4825 fuimus,
747 4761 952 4816 reversi
971 4775 1181 4816 sumus.
1210 4759 1487 4828 Scriptum
1511 4766 1595 4811 est
1626 4755 1829 4825 quippe
1850 4753 1919 4809 de
1944 4770 2066 4809 ma-

492 4867 576 4928 nu
597 4851 766 4923 Moysi
792 4870 806 4907 :
850 4871 868 4904 ι
892 4852 1165 4908 Restituta
1180 4856 1266 4905 est
1287 4848 1356 4904 ad
1372 4848 1612 4903 colorem
1641 4845 1823 4901 carnis
1837 4845 2060 4901 sute".»

560 4942 758 4999 PALI..
792 4943 1211 5016 Elegantissime
1237 4940 1466 4996 dictum.

560 5035 723 5091 CYR.
770 5035 890 5099 Iam
928 5050 1063 5092 vero
1124 5034 1348 5089 tertium
1385 5030 1521 5089 illud
1567 5030 1622 5086 in
1653 5044 1717 5086 ea
1755 5046 1814 5086 re
1848 5031 2066 5102 signum

492 5126 939 5183 manifestissime
956 5134 1123 5196 atque
1148 5122 1490 5195 apertissime
1514 5122 1720 5181 Christi
1746 5121 2067 5195 mysterium

491 5235 627 5278 voce
650 5234 791 5290 pene
813 5218 1057 5274 declarat
1081 5233 1095 5271 :
1118 5216 1197 5272 sic
1211 5216 1362 5271 enim
1376 5215 1522 5271 Deus
1544 5229 1735 5269 rursus
1750 5222 1835 5269 est
1847 5213 2067 5285 Moysen

492 5312 767 5369 allocutus
798 5328 813 5365 ε
843 5327 862 5365 ι
891 5310 950 5366 Si
1007 5325 1142 5365 vero
1191 5324 1304 5365 non
1334 5307 1679 5365 crediderint
1718 5308 1843 5374 tibi,
1885 5322 2067 5377 neque

493 5402 777 5463 audierint
809 5416 1004 5458 vocem
1038 5401 1179 5474 signi
1216 5400 1438 5472 prioris,
1466 5401 1692 5458 credent
1716 5400 1818 5457 tibi
1846 5415 1945 5471 per
1968 5413 2072 5455 vo-

495 5509 617 5551 cem
644 5493 785 5565 signi
849 5494 1132 5564 sequentis
1165 5495 1231 5550 ’⁸.
1257 5513 1277 5547 ι
1316 5492 1377 5549 Id
1431 5501 1616 5549 autem
1670 5492 1933 5563 quidnam
1979 5491 2069 5556 sit,

502 5581 763 5650 declarat,
811 5583 1044 5642 dicens:
1107 5604 1125 5640 ι
1154 5586 1405 5656 Eritque,
1456 5584 1505 5641 si
1555 5599 1666 5639 non
1731 5582 2074 5639 crediderint

496 5673 671 5746 signis
706 5674 925 5734 duobus
956 5677 1064 5746 his,
1110 5692 1291 5749 neque
1347 5674 1628 5731 audierint
1658 5688 1850 5730 vocem
1901 5681 2073 5742 tuam,

1651 5854 1696 5885 ”
1722 5853 1838 5909 Ibid
1886 5854 1936 5908 8.

568 5861 618 5894 π
644 5860 834 5916 Matth.
865 5876 977 5927 vni,
1004 5859 1059 5914 5.
1137 5859 1178 5889 ³³
1210 5855 1385 5911 Exod.
1418 5870 1489 5922 tv,
1523 5854 1576 5906 7.

2173 4643 2258 4731 ὃτι
2287 4694 2310 4727 ι
2329 4643 2772 4740 Ἀποκατεστάθη
2788 4670 2868 4732 είς
2884 4643 2983 4738 τὴν
2998 4663 3167 4736 χρόαν
3191 4660 3292 4731 τῆς
3313 4656 3512 4730 σαρκὸς
3531 4643 3705 4707 αὐτοῦ.
3721 4660 3738 4694 ι

2246 4942 2458 4998 ΠΔΛΛ.
2501 4938 2849 4994 ’Δστειότατα
2879 4933 3039 5006 ἔφης.

2245 5033 2413 5089 ΚΥΡ.
2444 5032 2518 5086 Τὸ
2552 5031 2611 5085 δὲ
2637 5010 2819 5103 τρίτον
2847 5029 2980 5100 ἡμῖν
3022 5024 3117 5080 ἐπὶ
3148 5022 3323 5094 τούτῳ
3351 5017 3590 5090 σημεῖον,
3623 5010 3712 5079 άρι

2173 5126 2448 5198 δηλότατα
2476 5125 2574 5179 καὶ
2601 5121 2910 5192 ἀναφανδὸν
2940 5120 3004 5174 τὸ
3031 5114 3270 5188 Χριστοῦ
3304 5113 3403 5185 βοᾷ
3435 5103 3738 5198 μυστήριογς

2178 5190 2326 5292 νέφη
2351 5216 2462 5288 γὰρ
2500 5215 2599 5269 ὡδὶ
2631 5190 2793 5269 πάλιν
2847 5211 2984 5285 πρὸς
3015 5210 3222 5267 Μωσέα
3245 5207 3412 5270 Θεός·
3454 5222 3474 5252 ι
3524 5197 3644 5294 rev
3689 5190 3738 5294 6f

2175 5313 2251 5387 μὴ
2282 5291 2617 5368 πιστεύσωσί
2641 5326 2744 5377 σοι,
2778 5308 2916 5380 μηδὲ
2938 5303 3301 5359 είσακούσωσι
3327 5300 3426 5370 τῆς
3450 5291 3629 5391 enavit;
3649 5291 3736 5383 τοῗ

2174 5403 2407 5475 σημείου
2426 5400 2521 5456 τοῦ
2554 5399 2796 5471 πρώτου,
2821 5394 3175 5452 πιστεύσουσί
3212 5410 3294 5446 σοι
3320 5390 3418 5459 τῆς
3446 5388 3626 5475 φωνης
3650 5388 3736 5475 του

2175 5461 2406 5565 σημείου
2438 5491 2534 5547 τοῦ
2564 5461 2841 5562 δευτέρου.
2875 5508 2895 5541 ι
2932 5487 3045 5543 Καὶ
3070 5486 3135 5559 δὴ
3158 5486 3210 5541 τί
3231 5482 3389 5540 τοῦτό
3417 5481 3551 5538 ἐστι,
3572 5461 3739 5565 διεσάῖ

2174 5551 2283 5654 φέὶ,
2309 5583 2482 5652 λέγων
2502 5597 2516 5613 ο
2544 5600 2562 5633 ι
2602 5551 2892 5636 Καίέσται
2916 5578 3012 5632 ἐὰν
3037 5551 3472 5650 μὴΙπιστεύσωσι
3492 5565 3601 5624 τοῖς
3626 5551 3738 5610 δυσῖ

2176 5674 2427 5749 σημείοις
2460 5673 2688 5739 τούτοις,
2725 5672 2861 5745 μηδὲ
2896 5670 3261 5727 είσακούσωσι
3297 5666 3398 5737 τῆς
3430 5654 3608 5733 φωνῆς
3628 5659 3735 5710 σου,
