4096 6436
329 423 444 480 9.49

1096 417 1187 474 DE
1218 411 1668 472 ADORATIONE
1707 411 1778 467 IN
1825 407 2098 466 SPIRITU
2128 408 2220 463 ET
2260 404 2630 464 VERITATE.
2675 404 2805 460 LIB.
2837 402 2902 458 II.

3529 396 3634 452 250

331 543 488 616 λήψῃ
521 543 633 598 ἀπὸ
652 543 750 598 τοῦ
766 541 964 606 ὕδατος
987 539 1088 596 τοῦ
1111 537 1384 610 ποταμοῦ,
1413 536 1510 589 καὶ
1525 536 1742 606 ὲκχεεῖς
1769 533 1864 588 ἐπὶ
1884 533 1945 586 τὸ

2061 530 2242 601 capies
2258 545 2456 599 aquam
2489 527 2756 594 ﬂuminis,
2783 526 2890 596 72
2917 538 3151 594 eamque
3185 520 3387 578 lundes
3419 519 3476 575 in
3522 518 3634 574 ari-

297 689 306 703 δ
333 629 536 704 ξηρὸν,
567 631 664 683 καὶ
700 629 857 683 ἐσται
883 630 946 684 τὸ
979 628 1149 700 ὕδωρ,
1181 628 1210 682 ὃ
1235 627 1330 682 ἐὰν
1367 627 1541 696 λάϐῃς
1585 626 1690 680 ἀπὸ
1721 623 1814 678 τοῦ
1844 641 1941 678 πο-

329 721 548 794 ταμοῦ,
597 718 741 793 αἷμα
791 723 886 776 ἐπὶ
929 722 1023 776 τοῦ
1070 720 1257 792 ξηροῦ.
1295 739 1313 772 ι
1352 720 1674 772 Τελευταῖον
1703 717 1813 787 γὰρ
1863 716 1941 787 τῷ

335 817 540 885 κόσμῳ
576 817 806 885 σημεῖον
836 817 864 868 6
891 814 1132 885 Χριστοῦ
1169 815 1360 881 γέγονε
1391 811 1643 874 θάνατος,
1672 810 1820 879 καὶὴ
1853 807 1943 861 διὰ

332 905 434 959 τοῦ
473 905 674 968 ὕδατός
701 921 763 957 τε
807 904 902 958 καὶ
935 904 1169 974 αἵματος
1201 902 1491 972 κάθαρσις,
1539 899 1938 971 προσκειμένου

333 1000 597 1069 δηλονότι
645 997 862 1051 καὶτοῦ
917 996 1073 1066 ἁγίου
1112 995 1387 1066 σώματος,
1424 992 1453 1046 ὃ
1477 993 1583 1046 διὰ
1625 992 1728 1062 τῆς
1770 991 1943 1062 ξηρᾶς

331 1092 714 1161 σημαίνεταιο
752 1091 834 1143 ᾶτι
881 1090 938 1142 δὲ
969 1087 1114 1159 ὕδωρ
1160 1087 1255 1140 καὶ
1285 1082 1425 1156 αἷμα
1456 1085 1554 1156 τῆς
1599 1083 1762 1152 ἁγίας
1813 1083 1944 1153 ἡμῖν

329 1183 569 1254 ἐξεδόθη
625 1181 890 1253 πλευρᾶς.
933 1180 1280 1251 διανυγείσης
1343 1181 1410 1250 τῇ
1464 1178 1655 1248 λόγχῃ,
1713 1176 1946 1246 παρήσω

328 1276 555 1344 λέγειν,
598 1275 693 1329 διὰ
724 1277 787 1329 τὸ
827 1277 996 1329 πᾶσιν
1023 1269 1167 1326 εἶναι
1199 1272 1652 1344 γνωριμώτατον.
1688 1270 1836 1340 Πλὴν
1864 1269 1946 1322 ὅτι

332 1371 586 1440 σημεῖον
621 1371 651 1422 6
677 1367 771 1422 τοῦ
807 1368 1060 1438 Σωτῆρος
1089 1366 1409 1438 ὠνόμασται
1445 1363 1694 1428 θάνατος,
1727 1360 1946 1432 ἀναμά-

332 1457 426 1512 θοι
452 1477 542 1523 τις
576 1460 642 1513 ἂν
672 1458 771 1513 καὶ
814 1457 975 1512 τοῦτο
1010 1457 1199 1526 σαφῶς
1253 1456 1312 1523 ὲξ
1359 1455 1518 1528 ἱερῶν
1550 1453 1902 1526 Γραμμάτων
1927 1467 1940 1482 ο

328 1553 638 1623 Φαρισαῖοι
672 1551 772 1622 μὲν
820 1549 934 1622 γὰρ
961 1550 1014 1602 οἱ
1040 1548 1372 1619 πάντολμοι,
1395 1546 1574 1600 καίτοι
1615 1541 1948 1615 πολλῶννήδη

329 1643 922 1716 προκατωρθωμένων
950 1642 1267 1714 θαυμάτων,
1287 1640 1363 1705 ὡς
1387 1639 1604 1703 οὐδενὸς
1634 1635 1947 1707 γεγονότος,

329 1735 658 1806 προσίεσαν
705 1733 961 1802 λέγοντες
989 1733 1067 1804 τῷ
1095 1733 1321 1804 Χριστῷ
1341 1747 1354 1761 ·
1401 1749 1419 1784 ι
1443 1728 1766 1793 Διδάσκαλε,
1793 1746 1811 1780 ι
1849 1743 1952 1798 φα-

333 1831 457 1892 σὶν,
497 1849 522 1882 ε
547 1827 776 1899 θέλομεν
820 1827 932 1881 ἀπὸ
977 1826 1072 1880 σοῦ
1119 1826 1348 1896 σημεῖον
1391 1823 1542 1878 ἰδεῖν.
1572 1843 1591 1876 ι
1645 1822 1700 1876 ’0
1728 1821 1787 1874 δὲ
1814 1819 1952 1891 πρὸς

331 1922 589 1986 αὐτούς·
650 1941 670 1974 ι
726 1921 897 1975 Γενεὰ
966 1918 1182 1991 πονηρά
1243 1919 1340 1972 καὶ
1405 1917 1657 1989 μοιχαλὶς
1726 1915 1953 1986 σημεῖον
1985 1899 2026 1954 Β

331 2015 627 2084 ἐπιζητεῖ,
673 2016 770 2069 καὶ
804 2016 1034 2084 σημεῖον
1071 2014 1132 2066 ού
1160 2011 1451 2081 δοθήσεται
1481 2010 1642 2082 αὐτῇ,
1703 2011 1752 2063 εἰ
1789 2007 1867 2080 μὴ
1894 2007 1954 2062 τὸ

333 2113 586 2182 σημεῖον
630 2107 786 2162 Ἰωνᾶ
812 2105 910 2160 τοῦ
941 2105 1246 2178 προφήτου.
1278 2104 1494 2174 Ὥσπερ
1516 2103 1625 2174 γὰρ
1657 2097 1729 2173 ἦν
1767 2101 1954 2164 Ἰωνᾶς

223 2281 229 2284 1
334 2206 406 2258 ὲν
433 2206 508 2275 τῇ
546 2201 729 2272 κοιλίᾳ
778 2199 880 2254 τοῦ
940 2201 1141 2271 κήτους
1189 2198 1338 2268 τρεῖς
1391 2195 1606 2268 ἡμέρας
1661 2194 1757 2248 καὶ
1803 2194 1953 2265 τρεῖς

338 2295 580 2359 νύκτας,
606 2292 781 2356 οὕτως
817 2291 976 2345 ἔσται
1023 2289 1118 2344 καὶ
1144 2289 1173 2342 6
1207 2288 1336 2352 Υἱὸς
1361 2287 1455 2342 τού
1483 2284 1774 2358 ἀνθρώπου
1800 2287 1858 2341 ὲν
1885 2286 1956 2357 τῇ

343 2387 557 2460 καρδίᾳ
595 2387 700 2457 τῆς
728 2386 836 2456 γῆς
870 2387 1022 2456 τρεῖς
1063 2381 1281 2456 ἡμέρας
1334 2380 1430 2435 καὶ
1476 2382 1625 2452 τρεῖς
1667 2379 1891 2443 νύκτας.
1929 2399 1949 2430 ι

344 2479 575 2535 Οὐκοῦν
613 2478 809 2551 πρώτη
847 2476 949 2548 μὲν
999 2474 1284 2546 ἀντίληψις
1325 2475 1460 2543 ἡμῖν
1491 2474 1552 2525 ὲν
1593 2470 1838 2543 Χριστῷ,
1866 2469 1959 2525 διά

345 2577 524 2646 νόμου
561 2573 658 2626 τοῦ
711 2572 854 2626 κατά
895 2568 1130 2624 Μωσέα·
1167 2586 1188 2618 ι
1220 2565 1408 2636 Νόμον
1449 2564 1562 2636 γάρ
1591 2565 1671 2627 εἰς
1703 2561 1957 2634 βοήθειαν

344 2670 581 2729 δέδωκε,
645 2685 666 2718 ι
705 2664 846 2718 κατά
902 2661 1002 2733 τὴν
1031 2660 1124 2714 τοῦ
1154 2660 1441 2732 προφήτου
1477 2657 1683 2727 φωνήν.
1729 2653 1959 2709 Ἐπελά-

348 2760 484 2814 ὕετο
512 2759 572 2813 δὲ
609 2758 706 2829 τῆ,
737 2756 940 2828 κέρκου
973 2751 1208 2822 Μωσῆς.
1239 2750 1485 2821 Δευτέρα
1515 2749 1570 2804 δὲ
1607 2746 1875 2818 κάθαρσις
1899 2747 1957 2798 ὲν

345 2851 582 2923 Χριστῷ
623 2849 688 2921 δὴ
721 2848 884 2902 πάλιν
913 2847 1002 2901 διὰ
1045 2843 1344 2917 προφητῶν
1377 2841 1570 2911 ἁγίων,
1605 2839 1700 2894 καὶ
1737 2837 1828 2892 διὰ
1859 2837 1959 2908 τῆς

361 2943 623 2997 Ἰωάννου
653 2939 841 3010 φωνῆς
867 2939 965 2992 καὶ
991 2936 1322 3006 ἀποστολῆς.
1351 2935 1416 2988 Oi
1440 2933 1538 3004 μὲν
1559 2931 1670 3002 γὰρ
1693 2930 1954 3000 ἔφασκονο

2047 623 2197 689 dam,
2229 630 2286 678 et
2309 622 2419 677 erit
2455 637 2620 692 aqua,
2659 635 2826 690 quam
2854 616 3139 688 acceperis
3164 631 3194 670 a
3218 613 3468 679 ﬂumine,
3507 626 3636 667 san-

2045 718 2168 788 guis
2194 730 2365 786 super
2393 715 2706 769 aridam".
2739 713 3009 770 Ultimum
3039 724 3278 779 namque
3326 705 3536 762 mundo
3557 703 3636 760 si-

2047 825 2215 882 gnum
2239 807 2446 864 Christi
2475 823 2627 862 mors
2672 807 2801 872 fuit,
2832 814 2890 861 et
2920 805 3014 860 illa
3043 818 3144 874 per
3186 816 3387 872 aquam
3425 808 3485 854 et
3508 813 3636 853 san-

2048 904 2272 976 guinem
2296 901 2534 966 ablutio,
2575 899 2838 970 adjuncto
2895 898 3161 953 nimirum
3217 895 3389 950 etiam
3449 895 3642 946 sancto

2048 1010 2301 1066 corpore,
2327 993 2476 1064 quod
2520 1009 2620 1066 per
2667 992 2877 1046 aridam
2930 988 3313 1060 signiﬁcatur:
3363 984 3641 1042 eﬂluxisse

2051 1095 2235 1144 autem
2259 1087 2421 1142 nobis
2450 1101 2650 1156 aquam
2674 1092 2732 1140 et
2799 1083 3121 1154 sanguinem
3147 1098 3216 1136 ex
3264 1080 3359 1135 illo
3403 1075 3640 1133 sanctis-

2051 1181 2192 1238 simo
2221 1181 2391 1235 latere
2416 1180 2610 1235 lancea
2646 1177 2916 1248 perfosso,
2945 1176 3024 1230 nil
3049 1175 3248 1230 attinet
3275 1173 3485 1236 dicere,
3515 1183 3642 1224 cum

2049 1273 2317 1328 omnibus
2353 1273 2426 1327 sit
2476 1270 2854 1326 notissimum.
2905 1268 3060 1323 Illam
3119 1281 3284 1337 porro
3342 1259 3644 1318 Salvatoris

2049 1367 2227 1423 nostri
2255 1374 2493 1422 mortem
2529 1364 2749 1435 signum
2786 1361 3118 1434 appellatam
3165 1357 3357 1422 fuisse,
3403 1355 3458 1409 id
3501 1369 3645 1425 quo-
3752 1396 3755 1401 .

2050 1473 2160 1528 que
2185 1473 2253 1512 ex
2273 1456 2446 1513 sacris
2473 1455 2701 1510 Litteris
2737 1452 2921 1524 quivis
2959 1460 3149 1522 aperte
3199 1447 3505 1518 intelligere
3542 1459 3646 1516 po-

2053 1555 2199 1616 test;
2237 1547 2593 1604 audacissimi
2620 1545 2771 1602 enim
2795 1544 2876 1599 illi
2908 1541 3196 1606 Pharisaei,
3221 1537 3476 1611 quamvis
3506 1537 3648 1592 mul-

2052 1649 2108 1697 ta
2129 1639 2290 1712 prius
2311 1639 2463 1695 edita
2485 1647 2674 1695 essent
2702 1637 2994 1701 miracula,
3035 1643 3221 1690 tamen
3247 1631 3404 1702 quasi
3433 1630 3646 1684 nullum

2053 1732 2238 1788 adhuc
2286 1730 2544 1787 eﬂ'cctum
2594 1729 2812 1794 fuisset,
2847 1727 2937 1783 his
2985 1726 3175 1781 verbis
3217 1723 3503 1780 Christum
3551 1736 3648 1791 ag-

2055 1823 2230 1895 gressi
2259 1830 2428 1878 sunt:
2466 1821 2774 1892 «Magister,
2807 1810 3090 1890 inquiunt,
3126 1816 3386 1872 volumus
3415 1829 3445 1867 a
3476 1821 3530 1866 te
3569 1811 3649 1866 si-

2055 1929 2226 1986 gnum
2276 1913 2467 1969 videre
2501 1914 2568 1967 ".
2594 1931 2614 1964 ι
2663 1912 2762 1968 Ille
2824 1927 2957 1966 vero
2992 1918 3191 1966 contra
3231 1925 3244 1962 :
3295 1926 3314 1958 ι
3350 1903 3650 1962 Generatio

2056 2022 2225 2080 prava
2239 2015 2404 2077 atque
2433 2004 2684 2060 adultera
2715 2003 2934 2076 signum
2961 2002 3186 2073 quaerit,
3215 2010 3272 2056 et
3301 2000 3522 2072 signum
3539 2011 3652 2051 non

2056 2099 2368 2165 dabiturei,
2401 2098 2509 2153 nisi
2531 2098 2749 2170 signum
2775 2097 2928 2153 Iona:
2959 2095 3266 2166 prophetae.
3294 2093 3453 2148 Sicut
3501 2089 3660 2145 enim

2058 2193 2165 2249 fuit
2201 2192 2369 2249 Jonas
2399 2191 2458 2246 in
2493 2197 2686 2246 ventre
2735 2188 2840 2245 ceti
2901 2187 3084 2244 tribus
3121 2186 3320 2242 diebus
3366 2200 3432 2240 ac
3473 2183 3653 2238 tribus

2057 2284 2338 2350 noctibus,
2385 2282 2466 2338 sic
2521 2282 2632 2338 erit
2663 2280 2838 2336 Filius
2877 2278 3120 2335 hominis
3169 2279 3227 2333 in
3282 2276 3449 2332 corde
3495 2282 3656 2330 terrae

2058 2377 2240 2434 tribus
2287 2376 2487 2432 diebus
2542 2382 2601 2430 et
2635 2374 2814 2429 tribus
2862 2371 3124 2429 noctibus
3167 2371 3235 2424 '7.
3266 2369 3481 2440 tigitur
3536 2366 3653 2437 pri-

2058 2487 2212 2528 mum
2242 2470 2515 2526 auxilium
2556 2469 2614 2522 in
2643 2466 2869 2523 Christo
2891 2464 3055 2520 nobis
3099 2461 3396 2535 praebitum
3443 2469 3532 2515 est
3557 2474 3656 2529 per

2058 2564 2240 2636 legem
2271 2561 2478 2634 Moysi:
2513 2578 2531 2610 ‹
2551 2558 2753 2630 Legem
2802 2570 3042 2626 namque
3074 2554 3134 2609 in
3182 2551 3522 2624 adiutorium
3555 2549 3655 2604 de-

2058 2657 2143 2715 dit
2169 2657 2238 2723 ”,
2268 2676 2286 2707 ι
2313 2657 2471 2726 juxta
2524 2652 2811 2724 prophetae
2848 2664 3063 2704 vocem.
3116 2645 3224 2702 Sed
3263 2643 3496 2700 caudam
3556 2657 3656 2712 ap-

2058 2748 2360 2822 prehendit
2397 2747 2631 2818 Moyses.
2677 2741 2936 2800 Secunda
2986 2754 3155 2812 porro
3209 2736 3426 2812 abl'utio
3463 2747 3659 2788 rursus

2060 2844 2118 2899 in
2145 2843 2368 2899 Christo
2391 2856 2490 2912 per
2529 2838 2834 2910 prophetas
2881 2842 3123 2898 sanctos,
3173 2846 3238 2886 ac
3272 2846 3376 2901 per
3430 2825 3660 2885 Joannis

2058 2951 2253 2994 vocem
2284 2945 2450 3005 atque
2506 2931 2828 2986 missionem
2864 2926 3071 2982 tributa
3111 2932 3215 2980 est.
3255 2922 3342 2978 Illi
3391 2920 3543 2976 enim
3578 2919 3663 2973 di-

353 3056 375 3089 σ
421 3033 736 3097 Λούσασθε,
779 3031 1014 3103 καθαροὶ
1043 3028 1271 3099 γένεσθε
1294 3044 1308 3057 ο
1350 3047 1370 3080 ›
1409 3029 1439 3080 6
1467 3027 1522 3082 δὲ
1557 3029 1636 3089 εἰς
1670 3023 1959 3095 βάπτισμα

2061 3029 2300 3087 cebant:
2337 3045 2356 3078 ι
2394 3022 2706 3087 Lavamini,
2743 3018 2936 3076 mundi
2971 3025 3150 3073 estote
3179 3015 3262 3080 '°;
3295 3033 3312 3066 ›
3352 3013 3445 3069 hic
3475 3021 3662 3067 autem

354 3127 662 3200 μετανοίας
699 3125 908 3181 ἐκάλει.
932 3102 1142 3196 ῨΤρίτον
1173 3123 1230 3178 δὲ
1264 3117 1516 3192 σημεῖον,
1547 3119 1574 3174 ὃ
1603 3119 1696 3172 καὶ
1727 3117 1958 3187 ἔσχατον

2062 3123 2134 3177 ad
2157 3121 2497 3191 baptismum
2535 3114 2885 3188 poenitentia:
2913 3111 3170 3167 vocabat.
3201 3106 3456 3164 Tertium
3497 3102 3660 3158 deni-

348 3193 496 3277 εἶναί
519 3238 707 3289 φασιν,
724 3221 752 3274 6
768 3193 1010 3291 Χριστού
1031 3217 1284 3279 θάνατος,
1299 3216 1384 3284 ἐφ’
1399 3207 1442 3282 ᾧ
1460 3213 1555 3266 καὶ
1571 3211 1754 3274 πίστις
1775 3229 1787 3239 ·
1800 3230 1816 3262 ι
1829 3208 1958 3262 Ἐὰν

2062 3232 2170 3287 que
2186 3215 2426 3285 signum,
2468 3210 2616 3282 quod
2645 3209 2791 3264 idem
2825 3205 3192 3262 novissimum
3223 3215 3345 3256 esse
3375 3198 3471 3263 ait,
3498 3193 3664 3252 Chri-

2342 3306 2410 3310 _-
2678 3301 2745 3310 -ν
2868 3298 2932 3310 Α·
3115 3303 3126 3310 .
3249 3288 3659 3310 ιγμ-,-.--κοε

348 3316 467 3387 γὰρ
503 3313 582 3385 μὴ
620 3311 956 3367 πιστεύσωσί
993 3326 1098 3377 σοι,
1126 3328 1144 3362 ι
1170 3307 1325 3379 φησὶ,
1366 3325 1384 3358 ι
1413 3304 1547 3377 μηδὲ
1593 3301 1958 3356 εἰσακούσωσι

349 3409 458 3479 τῆς
497 3406 685 3477 φωνῆς
707 3404 802 3459 τοῦ
831 3402 1061 3474 σημείου
1093 3400 1189 3454 τοῦ
1233 3397 1478 3469 πρώτου,
1510 3394 1866 3450 πιστεύσουσι
1891 3393 1958 3464 τῇ

351 3477 513 3573 φωνῇ
533 3498 630 3554 τοῦ
657 3497 888 3569 σημείου
903 3495 1000 3549 τοῦ
1021 3492 1300 3563 δευτέρου.
1315 3510 1333 3543 ι
1370 3489 1535 3562 Ὁρᾷς
1557 3477 1640 3542 ὅτι
1657 3486 1755 3558 τὴν
1779 3485 1960 3540 πίστιν

352 3592 754 3663 ἀκολουθήσειν
781 3585 852 3647 εὗ-
865 3588 1010 3660 μάλα
1036 3587 1225 3658 φησὶν,
1250 3574 1372 3654 ούχὶ
1397 3581 1476 3654 τῷ
1498 3583 1700 3654 πρώτῳ
1725 3577 1959 3651 σημείῳ,

351 3688 506 3743 τοῦτ’
539 3685 714 3751 ἔστιν,
742 3683 802 3737 ού
825 3684 892 3753 τῇ
911 3679 1199 3751 ἀντιλήψει
1227 3680 1292 3749 τῇ
1325 3676 1469 3730 κατά
1491 3675 1674 3744 νόμον,
1703 3671 1828 3728 οὔτε
1850 3671 1961 3744 μὴν

352 3786 426 3854 τῇ
459 3781 552 3834 διὰ
585 3783 757 3850 μέσου
794 3774 1088 3847 καθάρσει,
1121 3769 1429 3838 τοῦτ’ἕστι,
1461 3771 1527 3841 τῇ
1547 3768 1633 3823 διὰ
1665 3763 1962 3840 προφητῶν

352 3874 558 3944 ἁγίων,
587 3872 684 3926 καὶ
718 3869 970 3925 Ἰωάννου
997 3865 1186 3938 τυχὸν,
1216 3864 1355 3938 μόνη
1375 3864 1434 3919 δὲ
1462 3866 1527 3935 τῇ
1560 3863 1711 3932 φωνῇ
1741 3859 1835 3914 τοῦ
1861 3875 1962 3930 ση-

358 3968 521 4038 μείου
569 3964 668 4019 τοῦ
726 3963 982 4035 ἐσχάτου.
1055 3959 1130 4014 Ού
1181 3958 1290 4031 γὰρ
1344 3957 1560 4028 ἄφωνον
1604 3954 1667 4008 τὸ
1721 3950 1961 4026 Χριστοῦ

358 4061 699 4133 μυστήριον,
729 4057 890 4112 καλεῖ
907 4055 964 4109 δὲ
998 4053 1327 4127 σύμπαντας
1357 4051 1486 4114 τοὺς
1515 4049 1620 4105 ἀνὰ
1652 4049 1836 4102 πᾶσαν
1866 4045 1964 4116 τὴν

353 4154 462 4225 γῆν
503 4149 700 4222 ὑψηλῷ
741 4151 837 4204 καὶ
867 4147 1180 4220 διαπρυσίῳ
1247 4144 1570 4217 κηρύγματι
1603 4141 1739 4212 πρὸς
1768 4139 1868 4211 τὴν
1897 4139 1963 4192 δι’

354 4245 560 4308 ὕδατός
605 4259 666 4296 τε
708 4242 805 4296 καὶ
849 4240 1086 4310 αἵματος
1137 4237 1428 4306 κάθαρσιν,
1463 4234 1556 4289 καὶ
1606 4233 1713 4304 μὴν
1751 4232 1846 4287 καὶ
1883 4231 1966 4294 είς

354 4335 699 4406 ζωοποίησιν
725 4332 823 4403 τὴν
858 4331 1002 4386 κατὰ
1038 4329 1341 4402 μετάληψιν
1381 4327 1481 4397 τῆς
1523 4325 1686 4394 ἁγίας
1737 4322 1961 4396 σαρκός.

365 4425 675 4498 Ὑπηρέτει
730 4421 1038 4498 τοιγαροῦνᾈ
1075 4422 1104 4474 6
1152 4420 1316 4490 νόμος
1379 4419 1492 4480 τοῖς
1543 4414 1674 4487 περὶ
1722 4411 1963 4486 Χριστοῦ

357 4491 852 4593 προαγγέλμασιν,
888 4491 1052 4574 ἀετοῖς
1076 4510 1134 4564 δέ
1167 4511 1316 4564 ἐστιν
1343 4508 1403 4561 οὐ
1431 4505 1550 4560 λίαν
1580 4505 1763 4567 ἱκανὸς
1793 4505 1873 4567 εἰς
1905 4502 1968 4556 τὸ

2061 3309 2134 3366 sti
2165 3322 2315 3362 mors
2337 3306 2480 3371 fuit;
2522 3318 2633 3373 quo
2661 3301 2811 3365 dato,
2863 3298 3002 3354 ﬁdes
3046 3303 3133 3352 est
3181 3294 3514 3350 subsecuta:
3561 3309 3578 3340 ι
3604 3288 3662 3344 Si

2061 3398 2209 3454 enim
2237 3411 2350 3451 non
2386 3391 2731 3450 crediderint
2775 3389 2900 3453 tibi,
2931 3386 3135 3459 inquit,
3173 3397 3354 3453 neque
3377 3378 3663 3435 audierint

2061 3503 2253 3545 vocem
2294 3486 2438 3558 signi
2500 3483 2728 3556 prioris,
2764 3481 2994 3537 credent
3045 3476 3172 3534 voci
3232 3473 3375 3545 signi
3422 3485 3665 3542 sequen-

2064 3579 2135 3638 tis
2163 3579 2229 3632 ³ο.
2255 3598 2273 3631 ›
2301 3577 2470 3633 Vides
2493 3583 2557 3630 ut
2581 3573 2746 3629 ﬁdem
2776 3578 2967 3643 aperte
3005 3569 3082 3625 ait
3100 3572 3529 3623 eonsecuturam
3553 3574 3664 3613 non

2062 3673 2249 3744 primo
2278 3670 2436 3742 signo
2474 3667 2646 3732 edito,
2677 3665 2734 3722 id
2767 3673 2872 3729 est,
2909 3679 3019 3720 non
3059 3658 3331 3717 continuo
3374 3664 3502 3728 post
3529 3651 3668 3724 legis

2064 3763 2563 3832 auxilium,.neque
2609 3766 2738 3829 post
2789 3755 3030 3812 mediam
3061 3751 3431 3813 ablutionem,
3470 3745 3525 3800 id
3582 3753 3670 3800 est

2063 3874 2186 3916 eam
2233 3872 2343 3928 qua
2395 3855 2680 3928 prophetae
2724 3848 2925 3914 sancti,
2955 3855 3012 3903 et
3036 3846 3281 3902 Joannes
3331 3841 3666 3902 abluerunt;

2065 3953 2163 4009 sed
2196 3954 2376 4008 solum
2409 3957 2756 4020 postvocem
2788 3943 2928 4015 signi
2949 3937 3218 4013 postremi
3246 3955 3259 3992 :
3291 3948 3474 4006 neque
3519 3930 3667 3986 enim

2065 4059 2201 4099 voce
2244 4049 2399 4101 caret
2434 4041 2618 4110 ipsum
2669 4035 2882 4092 Christi
2946 4039 3356 4090 sacramentum
3405 4028 3480 4090 “;
3557 4022 3670 4077 imo

2066 4151 2197 4192 vero
2248 4135 2544 4190 universos
2584 4137 2746 4185 vocat
2792 4144 2894 4199 per
2951 4132 3130 4180 totum
3179 4121 3395 4182 orbem,
3454 4114 3670 4172 excelsa

2066 4228 2306 4300 quadam
2326 4224 2760 4294 vehementique
2794 4216 3213 4291 praedicatione,
3251 4212 3318 4269 ad
3343 4225 3500 4281 aqua:
3536 4224 3668 4262 san-

2067 4321 2360 4394 guinisque
2387 4320 2694 4382 lavacrum,
2719 4323 2776 4370 et
2807 4313 3037 4386 quidem
3079 4316 3250 4364 etiam
3297 4305 3365 4362 ad
3421 4301 3670 4357 viviﬁca-

2068 4390 2314 4477 tionem,
2389 4423 2556 4480 quam
2602 4413 2829 4482 sanetaa_
2862 4401 3048 4459 carnis
3096 4399 3248 4454 illius
3316 4390 3673 4468 participatio

2068 4512 2314 4578 praestat.
2348 4503 2465 4558 Lex
2494 4515 2629 4572 ergo
2682 4496 2970 4554 Christum
3014 4486 3462 4565 praanuntiando,
3499 4483 3672 4539 mini-

405 4574 418 4593 .
527 4574 538 4586 .
568 4574 578 4585 .
660 4574 673 4586 .
839 4574 847 4577 -

358 4609 672 4673 ἀνασὼζειν
708 4604 970 4662 δύνασθαί
1005 4619 1172 4667 τινας.
1195 4599 1551 4674 Παραδείξειε
1583 4599 1639 4652 δ’
1668 4597 1755 4663 ἂν,
1784 4592 1961 4667 οἶμαι,

2070 4597 2304 4653 sterium
2336 4592 2628 4650 exhibuit:
2659 4591 2716 4646 in
2753 4605 2819 4645 ea
2853 4597 3040 4642 tamen
3079 4599 3192 4641 non
3242 4580 3376 4638 satis
3414 4574 3672 4650 {praesidii

358 4706 443 4768 τὶς
475 4703 577 4756 καὶ
622 4698 787 4754 τοῦτο
843 4697 1032 4766 σαφῶς
1078 4693 1449 4767 ὁμολογοῦντα
1499 4691 1704 4746 Μωσέα
1757 4690 1852 4743 καὶ
1880 4687 1967 4742 διὰ

361 4799 462 4870 τῆς
512 4793 896 4867 προκειμένης
935 4789 1280 4861 συγγραφῆς.
1320 4786 1516 4840 Καίτοι
1556 4784 1664 4855 γάρ
1717 4783 1968 4853 λέγοντος

361 4901 457 4956 τοῦ
482 4897 644 4962 Θεοῦ,
675 4898 759 4951 ὃτι
788 4895 1026 4964 Ἔσομαι
1073 4890 1212 4963 μετὰ
1246 4888 1366 4955 σοῦ,
1387 4885 1886 4959 προαναπείθοντος
1910 4883 1967 4938 δὲ

366 4998 841 5075 θαυματουργίαις
869 4995 1049 5054 αὐτὸν,
1077 4993 1328 5063 ἐλιπάρει
1357 4990 1552 5059 λέγων·
1582 5008 1601 5041 ι
1637 4988 1832 5059 Κύριε,
1857 4987 1956 5058 οὐχ

368 5108 556 5170 ῑκανός
584 5107 703 5176 εἰμι
745 5100 853 5174 πρὸ
880 5102 980 5170 τῆς
1007 5097 1154 5170 χθὲς.
1184 5095 1306 5149 οὐδὲ
1342 5094 1447 5166 πρὸ
1476 5095 1576 5165 τῆς
1614 5093 1809 5165 τρίτης
1831 5091 1969 5163 ἡμέ-

367 5225 490 5282 ρας,
539 5204 662 5259 οὺδὲ
702 5203 797 5273 ἀφ’
831 5193 893 5254 οὗ
951 5198 1104 5272 ῆρξω
1153 5195 1335 5250 λαλεῖν
1379 5194 1456 5264 τῷ
1504 5193 1799 5267 θεράποντε
1850 5209 1970 5246 σου.

377 5309 741 5382 ’ἰσχνόφωνος
782 5305 876 5359 καὶ
921 5300 1340 5376 βραδύγλωσσος
1392 5296 1504 5365 ἐγώ
1543 5299 1682 5366 εἰμι.
1736 5291 1872 5348 Εἷπε
1911 5293 1969 5347 δὲ

369 5412 578 5484 Κύριος
599 5409 737 5481 πρὸς
759 5403 972 5476 Μωσῆν
994 5420 1007 5434 ⁸
1030 5403 1125 5467 Τίς
1153 5401 1322 5455 ἔδωκε
1350 5398 1441 5453 στὸ
1451 5416 1526 5470 μα
1556 5396 1852 5469 ἀνθρώπῳ,
1873 5395 1970 5450 κοιλ⁸
2002 5404 2029 5472 '_

375 5513 449 5579 τίς
490 5510 724 5582 ἐποίησε
751 5507 1040 5576 δύσκωφον
1072 5504 1167 5558 καὶ
1193 5501 1410 5572 κωφὸν,
1445 5500 1714 5572 βλέποντα
1749 5500 1844 5554 καὶ
1877 5490 2008 5553 τυ-ἰ

373 5615 538 5686 φλὸνς
566 5612 671 5666 οὐκ
695 5609 808 5681 ἐγὼ
836 5607 1045 5680 Κύριος
1066 5608 1093 5660 6
1123 5605 1284 5671 856;;
1320 5602 1432 5658 Καὶ
1462 5601 1558 5656 νῦν
1586 5601 1848 5674 πορεύου,
1879 5602 1974 5672 καὶ

369 5715 482 5786 ἐγὼ
500 5713 706 5780 ἀνοὶξω
741 5711 802 5767 τὸ
837 5709 1016 5781 στόμα
1053 5723 1169 5773 σου,
1202 5703 1298 5757 καὶ
1327 5701 1651 5774 συμϐιόάσω
1687 5719 1746 5755 σε
1768 5701 1804 5756 ἀ
1839 5700 1972 5772 μέλ-

369 5816 481 5882 λεις
535 5813 800 5884 λαλῆσαι.
864 5809 975 5864 Καὶ
1042 5802 1166 5860 εἷπε
1213 5803 1448 5874 Μωσῆς’
1491 5801 1715 5873 Δέομαι,
1771 5801 1968 5873 Κύριε,

442 5917 488 5947 ’⁸
523 5911 694 5968 Exod.
717 5907 863 5976 Ἀκί).
934 5906 980 5938 ’⁸
1016 5903 1182 5959 Matth
1241 5917 1334 5966 xu,
1372 5898 1460 5953 58.
1532 5901 1575 5934 ³⁷
1612 5899 1775 5966 Ibid.,
1798 5899 1886 5964 59,
1923 5900 2008 5953 «I0.

2068 4691 2175 4764 73
2200 4697 2286 4746 est
2331 4687 2398 4743 ad
2445 4687 2683 4742 salutem
2727 4681 3010 4754 aliquibus
3059 4675 3457 4740 tribuendam;
3500 4671 3673 4742 idque

2068 4762 2259 4855 aperte
2316 4780 2540 4852 Moysen
2601 4775 2878 4840 conﬁteri,
2946 4773 3108 4828 facile
3170 4769 3356 4841 quivis
3419 4762 3675 4822 ostendat

2069 4854 2239 4934 etiam
2274 4891 2345 4930 ex
2388 4872 2694 4945 prOpOSiL‘B
2733 4869 3038 4940 Scriptum
3057 4865 3215 4921 loco:
3245 4856 3503 4932 quamvis
3521 4854 3673 4910 enim

2071 4969 2308 5024 dixisset
2372 4967 2540 5028 Deus,
2609 4979 2668 5019 se
2728 4978 2856 5019 cum
2917 4975 2984 5015 eo
3013 4957 3287 5021 futurum,
3313 4952 3480 5022 idque
3517 4946 3679 5019 prius

2071 5057 2238 5114 editis
2285 5055 2572 5111 miraculis
2623 5055 2675 5109 ei
2730 5051 3012 5116 suaderet,
3070 5046 3169 5102 ille
3208 5052 3393 5100 tamen
3443 5035 3679 5110 rogabat

2070 5167 2201 5210 eum
2230 5150 2458 5206 dicens:
2502 5169 2520 5200 ι
2545 5146 2798 5211 Domine,
2837 5160 2949 5200 non
2994 5156 3119 5220 sum
3143 5145 3307 5210 aptus
3337 5141 3466 5189 ante
3521 5127 3678 5195 heri,

2069 5261 2252 5318 neque
2300 5252 2429 5299 ante
2473 5242 2692 5298 tertiam
2737 5239 2908 5303 diem,
2955 5248 3140 5305 neque
3192 5245 3260 5286 ex
3293 5242 3405 5300 quo
3451 5222 3676 5296 cmpisti

2070 5338 2224 5410 loqui
2248 5353 2412 5392 servo
2442 5343 2576 5390 tuo:
2621 5331 2814 5405 gracili
2845 5343 3005 5393 voce,
3039 5333 3098 5381 et
3133 5323 3292 5384 tarda
3336 5319 3527 5391 lingua
3572 5331 3688 5389 ego

2073 5409 2216 5486 sum.
2245 5430 2395 5485 Dixit
2442 5436 2633 5484 autem
2680 5423 2973 5486 Dominus,
3003 5417 3210 5490 inquit,
3239 5414 3308 5471 ad
3335 5428 3501 5470 eum:
3539 5409 3691 5478 Quis

2072 5523 2315 5580 deditos
2341 5519 2577 5584 homini,
2625 5528 2682 5572 et
2729 5515 2856 5585 quis
2893 5512 3030 5568 fecit
3069 5519 3288 5565 mutum
3327 5514 3385 5564 et
3418 5502 3680 5566 surdum,
3787 5519 3792 5524 ε

2073 5614 2358 5670 videntem
2424 5621 2483 5666 et
2543 5623 2789 5673 caecum;
2840 5620 3025 5661 nonne
3059 5617 3162 5674 ego
3194 5598 3465 5657 Dominus
3490 5590 3686 5650 Deus?

2077 5707 2147 5762 Et
2189 5721 2337 5761 nunc
2401 5703 2560 5769 vade,
2609 5711 2667 5758 et
2743 5715 2846 5772 ego
2928 5695 3173 5768 aperiam
3232 5709 3295 5749 os
3375 5699 3568 5747 tuum,
3624 5691 3682 5736 et

2082 5803 2348 5857 instruam
2405 5813 2478 5866 te,
2541 5814 2664 5870 quae
2720 5797 2893 5852 debes
2942 5792 3134 5864 loqui;
3187 5799 3246 5845 et
3299 5787 3378 5841 ait
3431 5781 3680 5850 Moyses:

2079 5900 2242 5955 "Isa.
2272 5915 2340 5952 Ix.
2391 5902 2433 5930 ’θ
2462 5897 2576 5952 bid.
2610 5913 2645 5962 l,
2677 5895 2761 5950 16.
2806 5893 2851 5925 ³ο
2875 5889 3048 5948 Exod.
3080 5904 3155 5958 tv,
3178 5885 3230 5940 8.
3308 5881 3348 5914 ³¹
3377 5870 3679 5936 Ριονλκῤ.
