4096 6432
483 406 579 461 231

1518 405 1575 462 S.
1617 402 1894 463 CYRILLI
1935 402 2407 460 ALEXANDRlNl
2443 399 2767 460 ARCHIEP.

3650 392 3745 450 252

483 520 729 576 Obsecro
760 561 774 586 ,
830 522 1099 588 Domine,
1154 522 1299 593 elige
1343 518 1515 575 alium
1577 526 1858 590 potentem
1904 534 2052 589 quon

2177 518 2522 590 προχειρισαι
2571 518 2732 573 ἀλλον
2763 515 3083 586 δυνάμενον,
3125 512 3186 568 δν
3234 509 3574 576 ἀποστελεῖς.
3602 528 3620 564 z
3675 508 3740 565 Οὐ

485 611 671 667 mittes
702 614 766 666 ".
795 632 813 662 ι
857 613 1046 683 Neque
1090 614 1237 669 enim
1278 613 1365 667 lex
1406 610 1704 666 admodum
1732 618 1931 680 potens
1960 618 2065 674 est,

484 716 663 772 neque
705 704 839 758 satis
888 704 1037 758 valet
1098 703 1170 758 ad
1218 702 1539 757 universum
1593 701 1782 756 orbem
1843 715 2067 756 conser-

485 796 744 858 vandum,
768 803 931 865 atque
957 795 1237 849 hominem
1260 811 1330 850 ex
1364 793 1572 849 diaboli
1598 792 1891 847 dominatu
1925 793 2067 847 libe—

482 889 737 943 randum.
764 890 878 943 Nec
927 904 1062 943 vero
1102 888 1395 960 ignorabat
1431 886 1644 959 Moyses
1668 926 1684 951 ,
1721 902 1780 941 se
1838 885 2066 939 tardilo-

480 988 741 1049 quentem
774 995 915 1044 esse,
947 988 1003 1035 et
1030 980 1223 1051 gracili
1269 995 1428 1042 voce,
1456 995 1525 1034 ex
1569 994 1639 1034 eo
1656 978 1894 1033 maxime
1926 985 2067 1032 tem-

480 1086 636 1139 pore,
669 1086 779 1141 quo
800 1087 928 1127 cum
955 1087 1024 1127 eo
1059 1072 1214 1143 loqui
1250 1071 1510 1141 coepisset
1540 1070 1707 1134 Deus,
1734 1070 1900 1140 eique
1924 1084 2066 1139 pra:-

480 1163 687 1233 cipere,
722 1174 784 1220 ut
809 1167 877 1221 de
907 1182 966 1221 se
990 1181 1306 1221 sermonem
1366 1164 1630 1229 haberet;
1669 1163 1747 1218 ait
1789 1176 2063 1232 namque:

488 1273 505 1306 ε
537 1256 629 1311 Sic
682 1258 835 1314 dices
896 1258 1027 1313 ﬁliis
1083 1258 1290 1313 Israel:
1327 1258 1442 1328 Ego
1495 1271 1617 1312 sum
1649 1256 1744 1325 qui
1771 1254 2068 1311 sumzhoc

481 1345 615 1402 mihi
642 1364 842 1402 nomen
876 1348 942 1403 ³⁸.
963 1368 981 1400 z
1013 1348 1280 1403 Tardiore
1312 1348 1517 1402 etenim
1548 1347 1734 1417 lingua
1753 1347 1843 1402 lex
1883 1346 2066 1416 loqui-

482 1446 594 1504 tur,
648 1455 816 1509 quam
861 1452 923 1494 ut
956 1442 1090 1496 satis
1123 1456 1383 1511 expresse
1416 1440 1484 1495 de
1508 1455 1597 1503 eo,
1633 1440 1728 1509 qui
1757 1447 1863 1503 est,
1898 1439 2069 1493 verba

481 1532 682 1599 laciat;
722 1549 903 1603 neque
965 1539 1054 1589 est
1109 1532 1403 1604 ejusmodi,
1449 1538 1513 1585 ut
1551 1529 1879 1585 venerandae
1918 1528 2068 1584 illius

482 1623 888 1694 inclfabilisque
951 1634 1166 1679 natura:
1249 1623 1542 1695 mysteria,
1604 1638 1728 1692 quae
1771 1622 1826 1676 in
1876 1629 2069 1678 sancta

482 1715 755 1770 Trinitate
801 1715 1066 1770 adoratur
1088 1723 1145 1770 et
1170 1715 1391 1778 colitur,
1435 1714 1715 1783 explicare
1745 1720 1804 1767 et
1845 1712 2064 1767 tradere

481 1816 671 1877 queat.
704 1807 784 1861 Ad
822 1808 939 1863 haec
969 1808 1159 1878 gracili
1180 1816 1267 1862 est
1314 1806 1643 1876 infirmaque
1664 1821 1820 1868 voce,
1870 1805 1964 1859 vix
2005 1811 2068 1859 ut

2169 609 2278 680 γὰρ
2303 610 2561 682 εὐσθενὴς
2584 611 2614 664 6
2646 609 2830 681 νόμος,
2861 606 2984 662 οὐδὲ
3010 603 3379 678 ἀποχρώντως
3409 603 3548 676 ἔχων
3577 603 3657 668 είς
3691 601 3742 656 τό

2169 704 2353 757 πᾶσαν
2390 702 2649 757 δύνασθαι
2682 700 2945 755 διασῶσαι
2984 700 3086 772 τὴν
3111 702 3238 770 γῆν,
3266 698 3367 752 zeal
3392 698 3492 769 τῆς
3517 695 3613 750 τοῦ
3641 696 3745 750 δια-

2168 796 2327 851 σόλου
2337 795 2651 865 τυραννίδος
2663 792 2943 858 ἐξελέσθαι
2954 792 3045 846 τὸν
3061 790 3159 846 ἀνθ
3169 807 3371 864 ρωπον.
3391 791 3508 845 Οὐκ
3516 789 3742 861 ἠγνόηκε

2167 889 2224 942 δὲ
2260 890 2289 942 6
2322 888 2553 959 Μωσῆς,
2594 886 2670 951 ὠς
2704 884 3124 957 βραδύγλωσσός
3165 900 3227 937 τε
3268 884 3361 945 καὶ
3398 881 3740 954 ἰσχνόφωνος,

2168 980 2478 1051 ἀρξαμένου
2508 979 2743 1051 μάλιστα
2757 977 3104 1047 διαλέγεσθαι
3130 976 3269 1049 πρὸς
3290 976 3453 1031 αὐτὸν
3471 976 3566 1031 τοῦ
3594 975 3742 1041 Θεοῦ,

2167 1076 2264 1126 zeal
2312 1073 2505 1142 λόγους
2547 1071 2821 1125 ποιεῖσθαι
2881 1072 3011 1143 περὶ
3070 1069 3237 1125 αὐτοῦ
3291 1069 3741 1141 προστάττοντος·

2174 1180 2193 1213 ι
2213 1160 2399 1224 Οῦτως
2422 1180 2441 1212 z
2481 1160 2610 1233 γὰρ.
2632 1160 2818 1232 φησὶν,
2855 1180 2874 1211 ι
2898 1161 3043 1232 ἐρεῖς
3061 1162 3175 1223 τοῖς
3197 1160 3332 1223 υίοῑς
3350 1158 3592 1231 ’Ῑσραήλ’
3611 1155 3744 1226 Ἐγώ

2166 1254 2281 1322 εἰμι
2306 1253 2335 1305 6
2358 1249 2454 1306 ὥν.
2487 1251 2657 1305 Τοῦτό
2689 1269 2791 1322 μου
2818 1251 2937 1304 ἐστὶ
2959 1251 3023 1303 τὸ
3045 1250 3273 1322 ὄνομα.»
3327 1248 3745 1322 Βραδύγ).ωσσος

2168 1342 2276 1414 γάρ
2318 1346 2348 1398 6
2376 1344 2560 1415 νόμος,
2593 1343 2730 1415 πρὸς
2769 1344 2831 1398 τὸ
2885 1342 3177 1415 διαρθροῦν
3220 1338 3279 1398 εὖ
3317 1343 3463 1414 μάλα
3496 1343 3586 1396 τὸν
3626 1342 3746 1407 περὶ

2167 1437 2261 1491 τοῦ
2293 1437 2444 1501 ὄντος
2512 1437 2670 1508 λόγον
2690 1455 2706 1470 ⁸
2742 1435 2867 1491 οὔτε
2922 1437 3028 1508 μὴν
3075 1432 3187 1500 οἷός
3255 1454 3317 1490 τε
3373 1437 3746 1508 μυσταγωγεῖν

2169 1530 2306 1601 πρὸς
2332 1530 2434 1601 τὴν
2460 1532 2517 1584 εν
2544 1531 2680 1603 ἁγίᾳ
2701 1529 2892 1601 Τριάδι
2921 1528 3406 1601 προσκυνουμένην
3430 1529 3634 1601 σεπτὴν
3661 1529 3747 1584 καὶ

2166 1620 2406 1693 ἄρρητον
2440 1621 2623 1693 φύσιν.
2680 1622 3030 1692 ’ἰσχνόφωνος
3069 1622 3128 1676 δὲ
3170 1622 3309 1695 πρὸς
3346 1620 3528 1686 τοῦτο,
3573 1623 3749 1693 μόνοις

2166 1730 2226 1767 τε
2262 1714 2357 1769 zeal
2385 1715 2539 1786 μόλις
2576 1718 2692 1779 τοῖς
2726 1713 2786 1780 ἐξ
2822 1715 3045 1786 Ἰσραὴλ
3081 1714 3405 1787 προσλαλεῖν
3433 1715 3746 1786 δυνάμενος,

2167 1807 2501 1879 ἀκουόμενός
2528 1825 2588 1862 τε
2611 1806 2756 1862 κατά
2782 1807 2950 1879 μόνην
2979 1806 3082 1877 τὴν
3114 1806 3400 1871 Ἰουδαίαν,
3445 1806 3623 1860 καίτοι
3647 1805 3749 1861 τῶν

480 1871 607 1953 cum
646 1899 777 1954 solis
798 1871 1061 1954 lsraelitis
1085 1898 1324 1968 colloqui
1345 1871 1629 1968 possitiac
1649 1912 1749 1967 per
1772 1897 1973 1953 Iudaea:
2002 1897 2052 1953 ti-

2168 1871 2351 1954 ἀλλων
2367 1899 2624 1953 ἁπάντων
2648 1871 2820 1952 ἐθνῶν
2845 1871 2988 1962 οὐδὲ,
3016 1871 3141 1952 έσον
3166 1900 3365 1963 εἰπεῖν,
3387 1899 3469 1962 είς
3492 1893 3587 1962 οὖς
3605 1897 3750 1951 ἑλόν-

480 2003 580 2043 nes
620 1996 829 2042 tantum
869 1988 1185 2053 exauditur,
1220 2003 1346 2042 cum
1386 1988 1509 2042 alia:
1542 1996 1737 2058 gentes
1769 2003 1967 2044 omnes
1991 2004 2061 2044 ne

479 2082 646 2136 fando
691 2083 917 2153 quidem
970 2098 1169 2138 sonum
1221 2084 1346 2153 ejus
1384 2081 1799 2152 praedicationis
1830 2082 2063 2138 auribus

474 2176 809 2247 acceperint.
855 2174 995 2231 Cum
1020 2177 1209 2246 itaque
1239 2174 1570 2246 praevideret
1607 2174 1806 2230 beatus
1849 2174 2061 2248 Moyses

473 2280 623 2331 eum,
673 2266 768 2336 qui
811 2266 1017 2336 optime
1072 2275 1263 2337 posset
1316 2282 1640 2339 expressum
1689 2277 1856 2339 atque
1888 2284 2059 2341 expo-

470 2357 632 2413 litum
655 2358 722 2413 de
738 2359 850 2415 Deo
877 2375 1191 2415 sermonem
1221 2359 1538 2415 auditorum
1562 2360 1789 2416 auribus
1805 2360 2056 2428 fundere,

466 2456 528 2504 et
564 2449 824 2505 universo
857 2450 981 2505 orbi
1018 2451 1517 2522 facilepraedicare,
1544 2451 1601 2507 id
1624 2461 1729 2518 est,
1747 2452 2054 2520 Christum,

475 2540 793 2607 zObsecro,
861 2542 1115 2608 Domine,
1150 2563 1167 2594 ι
1224 2542 1430 2613 inquit,
1496 2563 1515 2595 ‹
1556 2545 1698 2616 elige
1750 2552 2055 2616 potentem,

466 2648 633 2703 quem
665 2633 852 2689 mittes
884 2634 951 2688 ".
979 2653 998 2686 z
1035 2633 1291 2691 Christus
1325 2636 1475 2691 enim
1518 2644 1604 2691 est
1646 2636 1740 2692 ille
1781 2653 1912 2693 vere
1952 2652 2055 2708 po-

470 2736 614 2792 tens,
650 2742 814 2798 quem
852 2729 970 2784 suis
1018 2729 1361 2801 temporibus
1400 2746 1469 2786 ex
1496 2731 1847 2803 beneplaeito
1872 2732 1970 2787 Dei
1991 2748 2056 2788 ac

468 2818 649 2875 Patris
682 2819 738 2874 in
771 2835 891 2875 eam
919 2836 1037 2876 rem
1057 2820 1375 2892 eligendum
1403 2823 1544 2889 fore,
1572 2839 1674 2895 per
1710 2824 1887 2895 legem
1909 2839 2054 2895 quo-

465 2927 575 2982 que
607 2913 932 2984 praedictum
966 2914 1092 2971 fuit.
1125 2916 1222 2971 Illa
1251 2923 1436 2972 autem
1476 2926 1602 2989 post
1640 2919 1736 2974 Dei
1774 2919 2053 2989 pollicita-

467 3004 697 3070 tionem,
725 3006 1139 3077 multorumque
1168 3007 1450 3079 signorum
1478 3012 1874 3078 ostensionem,
1899 3011 2051 3085 Moy-

465 3092 513 3148 si
542 3096 834 3163 recusatio,
859 3112 973 3152 non
995 3098 1234 3154 absurde
1260 3099 1431 3156 fuerit
1463 3102 1778 3158 cunctantis
1808 3103 2048 3171 lsraelis,

462 3186 739 3258 simulque
811 3189 916 3244 sub
969 3188 1176 3245 Christi
1226 3192 1460 3262 imperio
1513 3192 1720 3248 divinis
1767 3196 2051 3266 evangeli-

460 3278 652 3350 cisque
702 3280 1033 3336 ministeriis
1075 3280 1300 3354 defungi
1339 3290 1396 3338 et
1455 3283 1841 3355 obtemperare
1883 3299 2051 3340 recu-

461 3372 771 3443 santis,qui
810 3379 935 3443 post
975 3374 1413 3431 innumerabiles
1445 3375 1668 3432 habitos
1704 3376 1774 3432 de
1797 3376 1905 3433 fide
1935 3392 2056 3433 ser—

460 3478 673 3530 mones,
703 3465 1115 3537 multorumque
1149 3467 1431 3539 signorum
1456 3466 1854 3534 ostensionem,
1886 3468 2052 3525 audi-

461 3562 581 3611 tum
633 3565 816 3612 tamen
865 3557 1023 3613 illum
1057 3575 1279 3631 gravem
1317 3566 1485 3631 atque
1530 3557 1749 3613 tardum
1800 3559 2052 3631 pertina-

460 3645 601 3702 citer
652 3653 988 3717 tenuerunt,
1032 3659 1200 3722 atque
1262 3650 1538 3706 increduli
1594 3661 2048 3722 permanserunt.

459 3735 571 3809 74
605 3737 674 3793 Et
703 3737 792 3793 bis
836 3739 1064 3811 quidem
1112 3739 1330 3812 Moyses
1373 3740 1691 3795 recusavit:
1730 3739 1842 3796 duo
1898 3742 2051 3797 enim

459 3836 707 3901 tempora
737 3830 1072 3899 inciderunt,
1104 3831 1162 3887 in
1191 3832 1397 3904 quibus
1428 3830 1731 3889 ell‘renatus
1763 3840 1821 3888 et
1850 3842 2050 3890 contu-

457 3937 584 3978 max
606 3922 778 3979 fuerit
810 3924 1000 3991 Israel,
1045 3924 1151 3981 sub
1188 3924 1373 3998 Moyse
1413 3933 1471 3981 et
1503 3925 1692 3991 Josue,
1733 3942 1800 3983 ac
1834 3926 2050 3982 Judicl-

456 4014 583 4082 bus,
636 4025 695 4073 et
732 4026 1114 4088 consequente
1170 4017 1435 4090 deinceps
1470 4024 1740 4091 tempore,
1776 4035 1888 4091 quo
1916 4035 2048 4091 pro-

454 4107 638 4183 phette
670 4107 916 4175 fuerunt,
969 4124 1035 4165 ac
1065 4109 1328 4176 Joannes,
1380 4110 1476 4181 qui
1512 4111 1619 4166 fuit
1672 4112 1828 4167 velut
1865 4111 1922 4167 in
1958 4112 2046 4167 in-

454 4201 695 4257 terstitio
724 4201 939 4271 positus
957 4203 1330 4272 apostolorum
1354 4218 1419 4258 ac
1449 4203 1888 4273 prophetarum;
1920 4202 2049 4258 linis

452 4291 661 4363 quippe
687 4290 794 4345 fuit
824 4292 1138 4363 prophetici
1177 4292 1448 4357 muneris,
1503 4292 1762 4363 idemque
1815 4292 2044 4347 initium

452 4397 520 4440 ac
556 4382 729 4439 veluti
751 4383 1013 4454 primitiae
1032 4384 1347 4456 splendoris
1366 4382 1679 4455 apostolici.
1724 4381 1834 4439 Sed
1876 4382 2046 4455 Moysi

450 4475 731 4536 recusatio
754 4475 823 4532 ad
870 4476 1007 4532 iram
1054 4476 1376 4547 provocavit
1425 4478 1623 4541 Deum,
1676 4475 1921 4546 denique
1955 4489 2049 4531 res

2167 2007 2277 2045 των
2310 1991 2372 2046 τὸ
2400 1993 2682 2065 κήρυγμα.
2730 1993 3025 2065 Τοιγάρτοι
3053 1992 3449 2064 προγινώσκων
3478 1994 3507 2046 6
3553 1992 3745 2048 θεσπέο

2171 2098 2285 2147 σιος
2303 2084 2531 2155 Μωσῆς,
2566 2083 2658 2137 τὸν
2678 2082 2918 2156 διαρκῶς
2945 2084 3142 2157 ἔχοντα
3169 2084 3307 2157 πρὸς
3331 2086 3390 2140 τὸ
3416 2086 3644 2157 ἀκριϐὲς
3661 2086 3752 2140 zeal

2164 2173 2541 2246 ἀπεξεσμένον
2575 2180 2691 2242 τοῖς
2721 2177 3097 2250 ἀκροωμένοις
3123 2179 3426 2250 ἐμποιῆσαι
3455 2177 3614 2248 λόγον
3661 2178 3752 2233 τὸν

2166 2268 2297 2339 περὶ
2342 2266 2505 2332 Θεοῦ,
2549 2269 2646 2324 zeal
2687 2271 2766 2335 είς
2796 2269 2859 2324 τὸ
2893 2270 3042 2342 πάσῃ
3074 2269 3275 2341 ῥᾳδίως
3321 2268 3653 2343 διακηρύξαι
3682 2273 3750 2344 τῇ

2164 2360 2257 2430 γῇ,
2301 2357 2446 2414 τοῦτ’
2475 2358 2591 2415 ἔστι
2646 2362 2922 2433 Χριστόνο
2970 2382 2989 2416 ι
3035 2363 3259 2435 Δέομαι,
3304 2363 3507 2435 Κύριε,
3533 2383 3553 2416 z
3594 2366 3750 2436 φησὶ,

2171 2471 2190 2504 ε
2221 2453 2570 2525 προχείρισαι
2591 2453 2751 2509 ἀλλον
2777 2454 3098 2527 δυνάμενον,
3117 2455 3178 2510 6v
3193 2455 3531 2521 ἀποστελεῖς.
3563 2475 3582 2510 z
3614 2458 3752 2527 Χρι-

2164 2543 2287 2609 στὸς
2313 2545 2424 2616 γάρ
2445 2547 2593 2599 ἐστιν
2610 2547 2638 2600 6
2666 2545 2966 2617 δυνάμενος
2992 2547 3229 2618 ἀληθῶςο
3261 2548 3357 2603 καὶ
3371 2549 3455 2603 ὅτι
3473 2546 3616 2604 κατά
3640 2566 3757 2604 και-

2165 2638 2294 2708 ροὺς
2319 2640 2439 2691 κατ’
2464 2638 2719 2693 εὐδοκίαν
2739 2639 2876 2694 Θεοῦ
2901 2639 2997 2694 zeal
3034 2640 3272 2713 Πατρὸς,
3305 2642 3386 2706 είς
3420 2639 3581 2696 τοῦτο
3613 2659 3753 2714 προ-

2163 2729 2594 2800 χειρισθήσεται,
2627 2730 2724 2785 καὶ
2760 2728 2852 2784 διά
2884 2731 3050 2803 νόμου
3084 2730 3450 2803 προήγγελτο.
3487 2731 3556 2786 Ἡ
3586 2730 3646 2785 δέ
3685 2744 3755 2800 γε

2148 2822 2409 2889 ,Μωσέως
2431 2822 2790 2894 παραίτησις,
2826 2824 2923 2879 zeal
2955 2822 3098 2894 μετὰ
3119 2823 3270 2879 θείαν
3296 2823 3617 2895 ὑπόσχεσιν,
3656 2824 3759 2878 zeal

2164 2914 2303 2984 μετά
2330 2913 2545 2968 πολλῶν
2579 2915 2826 2988 σημείων
2856 2916 3140 2982 ἐπίδειξιν,
3167 2916 3340 2981 τύπος
3372 2916 3441 2970 ἂν
3469 2914 3580 2987 είη,
3623 2933 3759 2970 κατ-

2156 3006 2447 3071 οκνοῦντός
2479 3024 2540 3061 τε
2579 3006 2699 3078 ἅμα
2735 3009 2833 3062 καὶ
2880 3005 3329 3081 παραιτουμένου
3362 3009 3460 3062 τοῦ
3508 3009 3755 3080 Ἰσραὴλ,

2157 3099 2256 3170 τὴν
2279 3097 2384 3152 ὑπὸ
2396 3098 2635 3171 Χριστοῦ
2650 3099 2803 3154 θείαν
2817 3117 2873 3153 τε
2891 3102 2984 3155 zeal
3003 3100 3369 3173 εὐαγγελικὴν
3387 3100 3758 3172 λειτουργίαν,

2158 3191 2254 3244 zeal
2283 3191 2551 3263 ὑπακοὴν,
2586 3190 2636 3245 οἳ
2666 3192 2805 3263 μετά
2840 3193 3068 3265 μυρίους
3110 3193 3270 3258 ὅσους
3307 3194 3436 3259 τοὺς
3471 3194 3603 3264 περὶ
3657 3194 3757 3247 πί-

2155 3298 2324 3346 στεως
2353 3283 2544 3352 λόγους
2570 3286 2666 3338 καὶ
2691 3285 3088 3357 τερατουργίας
3109 3285 3388 3353 ἐπίδειξιν,
3411 3286 3760 3358 τετηρήκασι

2153 3372 2215 3426 τὸ
2236 3372 2528 3444 δυσήκοον,
2555 3374 2651 3429 καὶ
2678 3378 3057 3447 μεμενήκασιν
3079 3378 3348 3443 ἀπειθεῖς.
3371 3380 3484 3433 Kal
3504 3380 3660 3450 διττή
3683 3397 3758 3448 γε

2155 3467 2189 3537 ή
2226 3466 2475 3532 Μωσέως
2523 3468 2883 3540 παραίτησις.
2930 3469 3038 3524 Δύο
3084 3469 3195 3541 γάρ
3241 3472 3425 3543 χρόνοι
3479 3472 3603 3528 καθ’
3654 3472 3762 3538 οὓς

2155 3556 2369 3630 ὲξήνιος
2400 3561 2496 3614 zeal
2523 3560 2845 3630 δυσάγωγος
2865 3557 2932 3633 ἦν
2957 3562 2988 3616 6
3028 3563 3248 3635 Ἰσραήλ
3268 3579 3282 3592 '
3305 3564 3396 3619 διὰ
3417 3564 3666 3629 Μωσέως
3684 3582 3758 3619 τε

2154 3650 2249 3706 καὶ
2309 3649 2507 3725 Ἰησοῦ,
2557 3652 2654 3707 zeal
2702 3652 2960 3724 Κριτῶν,
3004 3653 3102 3707 zeal
3154 3656 3274 3724 μετ’
3305 3656 3513 3709 ἐκεῖνον
3559 3656 3757 3721 εὐθὺς,

2151 3742 2277 3797 καθ’
2297 3742 2357 3797 δν
2379 3743 2640 3813 γεγόνασι
2670 3746 2971 3817 προφῆται,
2999 3745 3099 3799 zeal
3127 3745 3406 3819 Ἰωάννης.
3429 3748 3460 3801 6
3490 3746 3761 3820 καθάπερ

2152 3833 2212 3887 ὲν
2240 3832 2550 3906 μεταιχμίῳ
2584 3833 2836 3905 κείμενος
2860 3834 3177 3890 ἀποστόλων
3198 3853 3261 3890 τε
3299 3838 3391 3891 καὶ
3423 3837 3755 3909 προφητῶν.

2153 3924 2337 3995 Πέρας
2377 3925 2479 3995 μὲν
2512 3924 2623 3998 γὰρ
2649 3921 2718 3997 ἦν
2744 3927 3093 3999 προφητικῆς
3119 3927 3487 4000 λειτουργίας,
3519 3929 3757 4001 ἀπαρχὴ

2151 4015 2206 4070 δὲ
2227 4015 2418 4090 ὥσπερ
2444 4017 2831 4091 λαμπρότητος
2846 4020 3230 4092 ἀποστολικῆς.
3273 4021 3413 4075 Ἀλλ’
3442 4023 3476 4092 ή
3504 4022 3763 4089 Μωσέως

2154 4105 2488 4179 παραίτησις
2512 4108 2652 4181 πρὸς
2677 4106 2852 4180 ὀργὰς
2879 4108 3061 4164 ἐκάλει
3092 4108 3249 4164 Θεόν.
3285 4108 3398 4165 Kal
3432 4109 3659 4182 μεθίστη
3686 4111 3760 4165 τὸ

2152 4198 2345 4271 χρῆμα
2384 4197 2572 4252 λοιπὸν
2619 4200 2702 4264 είς
2744 4200 2941 4271 ἑτέραν
2985 4200 3177 4274 ὥσπερ
3213 4202 3549 4274 οἰκονομίαν,
3579 4202 3647 4256 δι’
3676 4198 3760 4275 ἧς

2149 4288 2528 4356 ἀνασώζεσθαι
2552 4290 2692 4364 χρῆν
2718 4292 2845 4357 τοὺς
2877 4295 3000 4357 ταῖς
3039 4294 3150 4348 τῶν
3173 4292 3494 4363 Αἰγυπτίων
3539 4295 3748 4350 πλεον-

2148 4380 2326 4447 εξίαις
2364 4383 2842 4456 κατηχθημένους.
2886 4404 2908 4439 e
2952 4386 3067 4440 Kal
3095 4386 3371 4459 θυμωθεὶς
3408 4386 3615 4460 Κύριος
3647 4388 3757 4441 ἐπὶ

2148 4472 2382 4545 Μωσῆν,
2433 4470 2621 4530 εἶπενι
2660 4477 2776 4531 Οὐκ
2818 4478 2925 4532 ἰδοὺ
2970 4477 3183 4552 ’Δαρὼν
3231 4481 3262 4534 6
3305 4480 3534 4551 ἀδελφός
3586 4497 3682 4534 σου
3716 4481 3753 4533 6

450 4564 523 4627 ad
552 4566 716 4622 aliam
740 4568 1172 4639 dispensationis
1201 4568 1474 4624 rationem
1504 4567 1767 4622 translata
1800 4574 1905 4631 est,
1934 4582 2046 4638 qua

2156 4565 2415 4638 Λευῖτηςς
2467 4567 2801 4640 Ἐπίσταμαι
2838 4571 2922 4625 ὅτι
2965 4570 3146 4627 λαλῶν
3184 4571 3408 4644 λαλήσει
3436 4572 3602 4635 αὐτός
3633 4590 3747 4637 σοι,

450 4658 707 4715 servandi
732 4670 909 4728 erant,
943 4662 1037 4733 qui
1060 4661 1445 4733 Egyptiorum
1498 4659 1794 4730 iniquitate
1814 4674 2043 4729 preme-

449 4751 676 4808 bantur.
728 4754 847 4809 «Ει
903 4753 1081 4808 iratus
1116 4752 1385 4807 Dominus
1445 4750 1500 4805 in
1552 4750 1797 4822 Moysen,
1858 4749 2038 4807 dixit:

449 4847 644 4903 Nonne
669 4863 799 4904 ecce
837 4846 1011 4903 frater
1037 4855 1167 4902 tuus
1215 4845 1403 4900 Aaron
1450 4843 1687 4899 Levita?
1726 4843 1844 4899 scio
1886 4843 2036 4915 quod

449 4938 682 5012 loquens
708 4939 970 5012 loquetur
1000 4939 1119 5010 ipse
1154 4938 1285 4993 tibi:
1326 4945 1384 4992 et
1420 4951 1549 4992 ecce
1578 4935 1695 5008 ipse
1722 4937 2042 5010 egredietur

446 5029 506 5086 in
542 5045 835 5086 occursum
878 5029 1080 5095 tibi,et
1104 5028 1301 5084 videns
1338 5033 1411 5093 te,
1435 5026 1711 5083 laetabitur
1735 5028 1790 5083 in
1813 5044 1871 5084 se
1893 5028 2035 5100 ipso:

444 5129 501 5176 et
526 5121 681 5177 dices
709 5121 778 5176 ad
807 5138 957 5186 eum,
976 5130 1035 5176 et
1063 5120 1224 5177 dabis
1247 5120 1417 5176 verba
1446 5136 1569 5177 mea
1606 5120 1663 5176 in
1698 5135 1761 5177 os
1787 5123 1942 5193 ejus;
1980 5129 2039 5179 et

444 5228 547 5285 ego
575 5212 818 5283 aperiam
841 5228 904 5267 os
933 5220 1113 5278 tuum,
1143 5219 1200 5267 et
1229 5227 1292 5267 os
1319 5213 1461 5284 ejus,
1502 5219 1560 5267 et
1608 5211 1880 5268 instruam
1908 5227 2031 5279 vos,

445 5319 570 5375 qua:
600 5302 816 5359 facietis
841 5320 855 5371 ;
892 5312 950 5359 et
979 5303 1100 5374 ipse
1137 5304 1397 5375 loquetur
1425 5303 1493 5360 ad
1519 5305 1882 5375 populum,et
1913 5304 2033 5376 ipse

443 5395 553 5450 erit
571 5402 726 5449 tuum
748 5411 830 5460 os,
850 5404 909 5449 tu
932 5411 1065 5450 vero
1082 5396 1160 5451 illi
1177 5397 1291 5453 eris
1316 5396 1373 5452 in
1400 5397 1468 5452 iis
1495 5413 1616 5468 quae
1630 5397 1699 5453 ad
1714 5398 1889 5453 Deum
1907 5396 1974 5450 ³⁸.
2002 5417 2021 5449 z

442 5485 583 5540 Cum
644 5487 794 5542 enim
841 5490 926 5544 lex
976 5489 1317 5554 offendisset,
1361 5497 1422 5545 ut
1471 5489 1711 5553 infirma,
1762 5498 1822 5543 et
1859 5489 2033 5545 Israe-

444 5574 557 5632 litae
587 5592 785 5648 parere
812 5579 1055 5647 nollent;
1086 5581 1337 5651 adjectus
1357 5590 1442 5635 est
1468 5579 1746 5647 Christus,
1782 5579 1877 5636 ille
1901 5594 2033 5635 vere

448 5666 663 5739 Levita,
693 5686 1035 5743 magnusque
1085 5673 1436 5730 sacerdotum
1493 5673 1772 5744 princeps,
1811 5672 1905 5727 ille
1936 5672 2031 5741 qui

2143 4657 2239 4711 zeal
2269 4657 2379 4712 ἰδοὺ
2410 4660 2571 4724 αὐτὸς
2605 4660 2950 4727 ἐξελεύσεται
2981 4664 3064 4728 εἰς
3098 4664 3425 4736 συνάντησιν
3476 4681 3593 4719 σοι’
3644 4666 3752 4719 zeal

2146 4748 2270 4804 ίδών
2309 4767 2371 4805 σε
2401 4754 2702 4825 χαρήσεται
2739 4755 2798 4808 ιν
2837 4754 3037 4827 ἐαυτῷ.
3063 4756 3160 4810 καὶ
3187 4757 3335 4827 ὲρεῖς
3360 4756 3499 4829 πρὸς
3530 4757 3694 4811 αὐτόν
3725 4775 3746 4791 ο

2142 4842 2241 4898 καὶ
2263 4842 2457 4910 δώσεις
2478 4844 2548 4899 τά
2579 4846 2804 4918 ῥήματά
2836 4864 2938 4918 μου
2986 4849 3069 4911 είς
3095 4848 3159 4902 τὸ
3188 4847 3369 4920 στόμα
3399 4847 3568 4904 αὐτοῦ
3593 4866 3607 4880 ·
3642 4849 3749 4904 zeal

2142 4936 2256 5005 ἐγὼ
2289 4936 2492 5005 ἀνοίξω
2519 4937 2583 4992 τὸ
2622 4940 2798 5011 στόμα
2825 4956 2942 5007 σου,
2988 4941 3085 4995 zeal
3115 4940 3178 4995 τὸ
3207 4941 3384 5011 στόμα
3415 4940 3606 5007 αὑτοῦ,
3642 4942 3747 4996 καὶ

2146 5028 2475 5100 συμϐιϐάσω
2515 5030 2660 5101 ὑμᾶς
2699 5030 2737 5086 ἀ
2767 5036 3043 5104 ποιήσετε,
3068 5032 3164 5087 zeal
3190 5032 3353 5098 αὑτός
3385 5049 3469 5087 σοι
3500 5033 3745 5104 προσλα-

2143 5120 2302 5194 λήσει
2343 5122 2482 5193 πρὸς
2519 5122 2611 5178 τὸν
2644 5124 2772 5178 λαόν
2797 5142 2811 5158 ·
2844 5125 2940 5180 zeal
2971 5126 3136 5189 αὐτὸς
3176 5124 3333 5180 ἔσται
3372 5142 3468 5181 σου
3516 5127 3696 5198 στόμα
3722 5142 3740 5156 ’

2144 5215 2210 5268 σὺ
2234 5213 2292 5268 δὲ
2320 5213 2471 5284 αὐτῷ
2495 5214 2595 5289 ἔσῃ
2612 5216 2683 5271 τά
2712 5216 2850 5285 πρὸς
2872 5216 2966 5269 τὸν
2986 5214 3144 5270 Θεόν.
3171 5234 3190 5269 ι
3214 5216 3743 5289 Προσκεκρουκότος

2138 5307 2251 5378 γάρ
2277 5305 2467 5380 ὥσπερ
2515 5307 2783 5378 ἀδρανοῦς
2834 5307 2931 5361 τοῦ
2978 5307 3170 5379 νόμου,
3210 5307 3306 5363 zeal
3351 5302 3742 5378 ήπειθηκότων

2137 5400 2279 5469 ἄγαν
2326 5398 2437 5452 τῶν
2464 5398 2525 5465 ἐξ
2561 5399 2801 5473 Ἰσραὴλ.
2840 5402 3143 5474 προσετέθη
3176 5402 3430 5473 Χριστὸς,
3463 5402 3494 5455 6
3522 5400 3739 5474 ἀληθὴς

2140 5489 2394 5561 Λευίτης,
2425 5489 2454 5541 6
2485 5490 2659 5561 μέγας
2687 5491 3002 5563 ἀρχιερεὺς,
3023 5495 3051 5548 6
3074 5495 3190 5555 τοῖς
3216 5493 3323 5547 ὐπὸ
3351 5493 3517 5565 νόμον
3541 5510 3739 5548 συντε-

2138 5580 2434 5653 ταγμένος,
2459 5582 2537 5646 ὡς
2566 5581 2797 5653 ἀδελφὸς
2850 5582 2944 5638 διὰ
2978 5583 3041 5638 τὸ
3084 5583 3448 5658 ἀνθρώπινον,
3479 5587 3509 5639 6
3553 5586 3735 5657 Μωσῇ

2145 5672 2244 5741 μὲν
2270 5670 2511 5742 λαλήσας
2551 5672 2627 5739 ὡς
2660 5673 2817 5744 Θεὸς,
2849 5676 3325 5749 συμσιδαζόμενος
3351 5677 3413 5733 δὲ
3453 5676 3610 5755 παρὰ
3632 5676 3737 5734 τοῦ

520 5850 764 5923 "Exod,
816 5870 887 5925 tv,
928 5854 1112 5912 l0—l1’z.
1188 5855 1233 5887 ³⁸
1284 5853 1469 5933 Exod.
1505 5853 1701 5920 1",”.
1781 5852 1826 5886 ³⁸
1884 5868 1957 5921 ιν,
2010 5852 2052 5906 ll

2177 5851 2416 5927 "uid,
2466 5852 2555 5921 ιι.
