4096 6470
415 455 533 511 355

1182 460 1273 517 DE
1310 458 1758 518 ADORATIONE
1796 460 1866 516 IN
1906 459 2181 519 SPlRlTU
2216 461 2306 519 ET
2345 464 2731 523 VEBITATE.
2771 467 2902 523 LIB.
2938 468 3006 524 ll.

3621 466 3727 523 est
3774 438 3777 443 ’

414 572 647 644 Πατρὸς
677 571 824 628 κατά
874 590 940 644 γε
968 573 1037 631 τδ
1064 573 1253 648 σχῆμα
1297 576 1358 629 τὸ
1405 575 1765 648 προφητικὸν,
1819 578 1869 631 εί
1924 576 2018 631 καὶ

2124 581 2214 648 iis,
2247 583 2344 654 qui
2373 584 2478 643 sub
2513 586 2634 656 lege
2679 593 2859 651 erant,
2907 584 3217 641 associatus
3268 592 3356 641 est
3408 591 3472 640 ut
3529 586 3721 651 frater,

410 663 540 718 ἐστι
575 663 813 735 Κύριοςο
854 682 875 717 ι
911 666 1210 739 Προφήτην
1242 666 1353 738 γὰρ
1391 666 1684 737 ἀναστήσω
1728 666 1916 731 αὐτοῖς
1959 668 2026 720 ὲκ

405 754 532 811 τῶν
568 756 821 828 ἀδελφῶν
849 758 1064 814 αὐτῶν
1091 760 1187 815 καὶ
1224 759 1377 831 θήσω
1405 759 1532 824 τοὺς
1570 759 1763 828 λόγους
1803 775 1905 830 μου
1943 760 2025 823 εἰς

402 849 475 902 τὺ
506 849 695 921 στόμα
722 849 892 904 αὐτοῦ
915 866 929 880 ·
959 850 1056 904 καλ⁸
1078 850 1304 921 λαλήσει
1332 851 1517 914 αὐτοῖς
1541 849 1686 903 κατά
1719 849 1898 905 πάντα
1924 849 2026 903 ὅσα

408 940 484 996 ἂν
536 942 871 1013 ἑντείλωμαι
917 943 1127 1005 αὐτοῖς.
1183 960 1203 994 ι
1268 941 1516 1010 Ἔφασκε
1561 940 1621 994 δὲ
1666 941 1764 995 καὶ
1807 941 2025 1005 αὑτὸςό

406 1034 691 1105 Χριστκο
730 1053 749 1086 ι
799 1035 921 1088 Ἀπ’
969 1032 1212 1105 ἐμαυτοῦ
1261 1034 1321 1087 οὐ
1357 1032 1538 1093 λαλῶ·
1584 1032 1705 1088 ἀλλ’
1746 1034 1775 1087 6
1799 1032 2024 1104 πέμψας

411 1141 484 1194 με
514 1123 733 1195 Πατὴρ,
762 1123 929 1188 αὐτός
960 1142 1052 1195 μοι
1080 1122 1301 1195 ἐντολὴν
1323 1124 1552 1187 δέδωκε,
1574 1124 1629 1179 τί
1654 1124 1816 1186 εἴπω,
1847 1124 1944 1178 καὶ
1968 1123 2023 1178 τί

409 1210 671 1284 λαλήσω.
718 1232 736 1264 ι
776 1213 1016 1285 Χριστὸς
1045 1213 1155 1283 ἄρα
1199 1212 1597 1284 προσεφώνησε
1624 1213 1705 1284 τῷ
1748 1213 1885 1284 λαῷ,
1926 1213 2023 1268 καὶ

409 1304 602 1375 Μωσῇ
645 1302 745 1374 μὲν
766 1303 980 1372 γίνεται
1014 1305 1190 1374 στόμα
1216 1303 1593 1376 διερμηνεύων
1618 1305 1751 1377 ἡμῖν
1780 1320 2023 1374 πνευμα-

406 1395 594 1460 τικῶς
620 1396 716 1449 τὸν
742 1395 1165 1467 νόμοννΜωσῆς
1182 1397 1240 1450 δὲ
1265 1396 1415 1467 αὐτῷ
1437 1397 1600 1451 πάλιν
1615 1397 1685 1451 τά
1704 1397 1840 1469 πρὸς
1863 1395 2018 1452 Θεὸν.

406 1490 580 1540 Δοκεῖ
625 1489 737 1560 γάρ
754 1506 857 1541 που
906 1484 1048 1543 εἶναι
1087 1489 1207 1561 Θεῷ
1252 1490 1685 1562 προσεχέστερος
1716 1491 1744 1543 6
1789 1489 2017 1558 Μωσῆς,

411 1580 631 1634 ἑπείτοι
663 1580 889 1650 γέγονεν
921 1583 1027 1636 ὑπὸ
1054 1584 1219 1654 νόμον
1250 1586 1280 1638 6
1316 1582 1689 1656 Ἐμμανουὴλ,
1717 1582 1812 1636 καὶ
1838 1581 1908 1635 τὰ
1930 1581 2021 1637 διὰ

403 1670 509 1724 τοῦ
554 1671 839 1739 πανσόφου
873 1674 1120 1738 Μωσέως
1175 1677 1365 1748 τηρεῖν
1397 1674 1768 1745 ἐπηγγέλλετο
1799 1673 1976 1740 λέγων
1999 1686 2016 1705 ·

412 1782 436 1816 ε
463 1763 563 1836 Μὴ
590 1765 854 1837 νομίσητε
874 1767 959 1821 ὅτι
978 1762 1145 1839 ἦλθον
1179 1766 1486 1821 καταλῦσαι
1511 1766 1602 1821 τὸν
1623 1765 1807 1837 νόμον,
1831 1766 1866 1836 ἢ
1891 1766 2018 1829 τοὺς

406 1858 733 1926 προφήταςο
766 1859 869 1911 οὐκ
914 1853 1081 1930 ἦλθον
1107 1857 1434 1922 καταλῦσαι,
1469 1857 1609 1913 ἀλλὰ
1644 1856 1951 1930 πληρῶσαι.
1991 1876 2010 1909 ι

2130 681 2361 745 propter
2388 676 2826 743 humanitatem;
2861 678 2954 733 ille
2979 678 3231 749 quicum
3266 677 3453 751 Moyse
3497 677 3722 748 quidem

2130 766 2467 837 loquebatur
2490 776 2553 823 ut
2581 769 2750 835 Deus,
2787 784 2817 825 a
2842 769 3004 825 Patre
3035 776 3221 825 autem
3262 769 3629 835 edocebatur,
3651 784 3726 825 ex

2130 856 2459 928 prophetica
2481 873 2739 929 persona,
2777 875 2944 930 quam
2978 861 3226 927 tenebat,
3251 860 3385 916 licet
3420 861 3570 916 idem
3612 861 3722 916 Do-

2129 948 2316 1005 minus
2341 957 2527 1006 esset:
2572 951 2939 1023 rProphetam
2967 954 3155 1023 fenim,
3202 954 3409 1025 inquit,
3464 953 3724 1009 excitabo

2132 1040 2243 1097 illis
2269 1057 2338 1097 ex
2368 1042 2636 1099 fratribus
2657 1058 2875 1111 eorum,
2908 1051 2965 1099 et
2998 1061 3202 1116 ponam
3228 1046 3398 1102 verba
3418 1061 3543 1101 mea
3570 1047 3628 1101 in
3660 1059 3725 1102 os

2129 1133 2272 1203 ejus,
2327 1141 2387 1187 et
2421 1134 2683 1204 loquetur
2733 1133 2805 1188 ad
2838 1148 2935 1189 eos
2960 1135 3116 1206 juxta
3166 1137 3354 1201 omnia
3403 1151 3528 1207 qua:
3560 1150 3722 1190 man-

2128 1224 2335 1309 davero
2365 1225 2443 1280 illi
2477 1227 2541 1281 ³⁸.
2566 1246 2584 1278 ι
2621 1226 2746 1297 Ipse
2770 1242 2994 1298 quoque
3025 1226 3284 1285 Christus
3314 1228 3576 1285 dicebat:
3612 1246 3629 1279 ι
3675 1226 3723 1283 Α

2128 1332 2217 1373 me
2245 1318 2366 1388 ipso
2397 1334 2508 1373 non
2543 1319 2763 1389 loquor,
2796 1319 2892 1375 sed
2929 1320 3026 1390 qui
3063 1320 3219 1376 misit
3260 1336 3372 1387 me,
3405 1320 3591 1385 Pater,
3628 1319 3723 1375 ille

2126 1408 2264 1463 mihi
2278 1409 2596 1465 mandatum
2618 1410 2793 1476 dedit,
2810 1410 2945 1481 quid
2961 1411 3162 1477 dicam,
3180 1411 3387 1482 etquid
3402 1412 3599 1482 loquar
3616 1411 3681 1465 ³⁷.
3695 1429 3714 1462 ι

2124 1499 2380 1558 Christus
2421 1518 2554 1574 ergo
2612 1504 2881 1575 populum
2920 1513 3007 1560 est
3056 1504 3332 1561 allocutus
3357 1545 3374 1571 ,
3437 1519 3502 1560 ac
3551 1504 3722 1576 Moysi

2126 1592 2353 1663 quidem
2377 1592 2438 1648 ﬁt
2457 1608 2540 1658 os,
2572 1609 2701 1650 cum
2740 1594 3113 1665 spiritualiter
3133 1594 3298 1651 nobis
3329 1595 3507 1666 legem
3542 1594 3720 1649 inter-

2126 1691 2407 1754 pretatur:
2432 1685 2649 1758 Moyses
2695 1687 2776 1742 illi
2807 1701 3007 1743 rursus
3034 1687 3091 1741 in
3128 1686 3217 1751 iis,
3254 1702 3380 1758 quae
3407 1686 3478 1742 ad
3500 1687 3715 1741 Deum:

2127 1775 2350 1831 videtur
2373 1776 2524 1832 enim
2553 1777 2964 1847 quodammodo
2996 1778 3113 1833 Deo
3141 1778 3380 1834 vicinior
3407 1792 3531 1834 esse
3567 1776 3719 1848 Moy-

2126 1882 2234 1934 ses,
2259 1868 2710 1940 quandoquidem
2740 1869 2887 1925 idem
2911 1869 3238 1925 Emmanuel
3270 1868 3374 1924 sub
3400 1868 3523 1940 lege
3542 1867 3722 1923 factus

404 1949 806 2019 Μυσταγωγὸς
838 1948 932 2004 οὖν
960 1950 1070 2023 ἄρα
1096 1951 1276 2024 σαφὴς
1301 1954 1330 2006 6
1360 1951 1618 2023 Χριστὸς,
1650 1951 1719 2005 τὰ
1749 1950 1844 2004 τοῦ
1896 1950 2018 2022 βρα-

2125 1965 2214 2014 est
2242 1959 2309 2025 ³³,
2349 1967 2407 2015 et
2446 1975 2570 2030 quae
2613 1974 2717 2031 per
2760 1959 2987 2031 Moysen
3047 1959 3459 2030 sapientissime
3510 1958 3718 2014 sancita

401 2041 740 2111 δυγλώσσου
785 2044 954 2115 νόμου
1001 2044 1139 2116 πρὸς
1186 2045 1499 2116 τρανότητα
1542 2043 1874 2114 μετατιθεὶς,
1927 2042 2025 2096 καὶ

400 2134 513 2206 τὴν
564 2134 663 2190 τοῦ
713 2135 1049 2208 γράμματος
1110 2138 1471 2209 ίσχνοφωνίαν
1516 2139 1599 2201 εἰς
1649 2136 2024 2208 εὐηχεστάτην

404 2224 610 2300 ὥσπερ
662 2228 1057 2298 μεταπλάττων
1103 2227 1385 2301 ἐξήγησιν.
1429 2229 1807 2300 ΙῙνευματικὸς
1854 2227 1966 2300 γὰρ
1993 2229 2022 2281 6

404 2317 587 2388 νόμος
609 2319 670 2372 ἐν
696 2318 942 2391 Χριστῷ,
973 2320 1067 2373 καὶ
1087 2320 1293 2389 ἀδελφὰ
1315 2322 1427 2384 τοῖς
1454 2319 1623 2379 πάλαι
1650 2320 1720 2374 τὰ
1750 2321 1817 2374 δι’
1851 2318 2019 2374 αὐτοῦ

406 2411 775 2480 κηρύγματα·
808 2412 1057 2477 Μωσέως
1085 2414 1191 2484 γὰρ
1220 2408 1291 2485 ἦν
1318 2413 1549 2482 ἀδελφὸς
1572 2413 1602 2465 6
1639 2412 1874 2484 Ἀαρών.

2118 2057 2304 2115 erant,
2341 2065 2567 2106 servare
2602 2044 2663 2107 se
2698 2051 3088 2122 proﬁtebatur,
3124 2067 3252 2107 cum
3286 2051 3538 2106 diceret:
3583 2049 3720 2105 «Νο-

2117 2140 2218 2195 lite
2251 2149 2448 2212 putare
2482 2143 2633 2213 quod
2659 2144 2909 2199 venerim
2951 2144 3167 2199 solvere
3203 2143 3382 2214 legem
3435 2151 3533 2197 aut
3586 2157 3719 2213 pro-

2118 2231 2341 2303 phetas;
2378 2248 2491 2289 non
2521 2234 2651 2289 veni
2683 2235 2926 2299 solvere,
2967 2234 3067 2289 sed
3106 2234 3414 2304 adimplere
3449 2234 3516 2287 '9.
3545 2252 3562 2284 ι
3620 2233 3720 2287 Est

2117 2320 2288 2393 igitur
2317 2321 2578 2379 Christus
2628 2324 2791 2394 plane
2828 2324 3225 2395 mysteriorum
3282 2323 3582 2394 interpres,
3618 2321 3719 2391 qui

2118 2412 2299 2485 legem
2339 2414 2571 2469 tardiori
2618 2414 2811 2486 lingua
2842 2415 3163 2485 loquentem
3192 2414 3262 2469 ad
3292 2415 3586 2471 clariorem
3629 2429 3721 2469 so-

405 2518 548 2558 num
603 2503 924 2570 transferat,
957 2505 1417 2576 gracilioremque
1458 2504 1666 2559 littera:
1717 2496 1910 2560 vocem
1979 2503 2049 2559 ad
2089 2505 2603 2577 interpretationem
2628 2507 2791 2578 longe
2817 2508 3260 2563 resonantiorem
3291 2508 3467 2563 veluti
3534 2507 3714 2563 refor-

406 2595 621 2652 mando
654 2604 981 2653 commutet.
1016 2597 1121 2668 75
1154 2596 1472 2669 Spiritualis
1503 2605 1589 2652 est
1621 2597 1775 2653 enim
1820 2597 1912 2652 lex
1946 2596 2003 2651 in
2041 2595 2297 2665 Christo;
2365 2598 2489 2668 ejus
2527 2614 2750 2669 quoque
2782 2600 3106 2670 praedicatio
3130 2600 3210 2655 illi
3235 2608 3323 2656 est
3361 2599 3538 2655 veleri
3594 2614 3722 2670 per-

401 2694 618 2753 similis
648 2694 722 2762 I“’;
759 2694 932 2767 Moysi
958 2711 1198 2766 namque
1217 2694 1392 2750 frater
1422 2703 1509 2750 est
1537 2695 1741 2753 Aaron.

486 2787 702 2840 UAAA.
745 2787 1011 2859 Ἀδρανὴς
1041 2773 1225 2843 οὖν’τό
1258 2805 1321 2859 γε
1361 2790 1441 2853 εἰς
1480 2790 1674 2844 ἑαυτὸν
1704 2779 1837 2858 ἧκον
1864 2789 1894 2843 6
1927 2786 2015 2842 νό⁴

409 2893 535 2951 μος
570 2880 892 2934 τετελείωκε
918 2882 1027 2953 γὰρ
1053 2881 1227 2937 οὐδέν.

479 2971 646 3026 ΚΥΡ.
664 2971 877 3038 Οὕτως,
908 2975 1070 3045 φημὶ,
1103 2975 1197 3027 καὶ
1222 2975 1283 3028 τό
1312 2991 1376 3043 γε
1404 2975 1481 3038 ὡς
1510 2973 1889 3047 μικροπρεπὲς
1918 2972 2018 3043 τῆς

406 3065 536 3117 κατ’
568 3064 734 3119 αὐτὸν
762 3066 1041 3129 πολιτείας
1081 3066 1426 3139 καταθρήσαι
1456 3085 1539 3130 τις
1571 3067 1635 3121 ἂν
1667 3066 1761 3119 καὶ
1790 3052 2017 3120 διὰτῶν

404 3153 635 3226 ἐφεξῆς.
681 3157 1001 3230 Γέγραπται
1039 3160 1170 3230 γὰρ,
1215 3160 1296 3213 ὅτι
1332 3177 1351 3210 ι
1403 3157 1707 3232 Ἐπορεύθη
1766 3156 2012 3227 Μωσῆς,

404 3246 506 3299 καὶ
538 3246 854 3320 ἀπέστρεψε
886 3248 1025 3320 πρὸς
1067 3248 1237 3320 ’ἰοθδρ
1277 3249 1371 3303 τὸν
1399 3248 1650 3321 γαμϐρὸν
1684 3234 1848 3303 αὐτοῦ
1869 3287 1884 3311 ,
1920 3247 2016 3300 καὶ

405 3335 569 3393 εἶπεν
596 3339 780 3411 αὐτῷ·
824 3340 1183 3412 Πορεύσομαι·
1217 3341 1312 3394 καὶ
1344 3338 1678 3409 ἀποστρέψω
1715 3338 1863 3421 πρὸς
1885 3336 2014 3400 τοὺς

2192 2787 2392 2842 PALL.
2416 2788 2637 2844 luﬁrma
2668 2788 2838 2860 igitur
2867 2794 2953 2843 est
2981 2786 3070 2842 lex
3105 2785 3224 2857 ipsa
3268 2797 3368 2855 per
3406 2796 3466 2838 se
3510 2800 3522 2836 :
3577 2780 3718 2837 nihil

2122 2880 2274 2936 enim
2315 2880 2385 2936 ad
2420 2881 2732 2951 perfectum
2770 2879 3021 2936 adduxit.

2192 2972 2353 3028 CYR.
2382 2972 2638 3037 Maxime,
2674 2972 2930 3043 inquam;
2963 2968 3114 3040 quod
3144 2976 3329 3024 autem
3368 2966 3607 3021 obscura
3633 2970 3721 3017 at-

2123 3078 2233 3134 que
2262 3063 2495 3119 humilis
2518 3063 2691 3119 fuerit
2725 3064 2819 3117 illa
2848 3078 2919 3117 ex
2956 3063 3079 3133 ejus
3116 3066 3440 3132 praescripto
3483 3069 3716 3111 conver-

2121 3158 2286 3222 satio,
2344 3174 2416 3213 ex
2472 3157 2565 3222 iis,
2615 3172 2740 3227 quae
2789 3163 3123 3224 sequuntur,
3179 3152 3485 3223 intelligere
3533 3147 3717 3218 quivis

2119 3249 2312 3318 possit.
2331 3248 2612 3319 Scriptum
2623 3254 2708 3302 est
2722 3248 2871 3303 enim
2892 3266 2904 3300 :
2927 3267 2946 3297 ι
2964 3246 3117 3301 Abiit
3140 3244 3371 3316 Moyses,
3389 3250 3446 3297 et
3461 3253 3716 3296 reversus

2116 3345 2206 3393 est
2223 3337 2292 3392 ad
2307 3337 2502 3394 Jelhro
2527 3352 2783 3392 socerum
2809 3352 2994 3399 suum,
3023 3343 3080 3391 et
3108 3333 3247 3389 dixit
3271 3332 3349 3386 illi
3371 3349 3384 3385 :
3410 3330 3505 3385 Ibo
3531 3336 3588 3383 et
3617 3343 3713 3382 re-

404 3432 681 3503 ἁδελφούς
726 3450 828 3504 μου
861 3433 990 3496 τοὺς
1040 3435 1100 3487 ὲν
1147 3432 1442 3504 Αἰγύπτῳ·
1479 3431 1571 3486 καὶ
1606 3431 1809 3501 ὄψομαι
1839 3420 1888 3483 εἰ
1932 3428 2013 3483 ἔτι

2122 3435 2302 3484 vertar
2339 3427 2410 3483 ad
2446 3426 2647 3482 fratres
2706 3442 2881 3490 meos,
2942 3425 3039 3496 qui
3092 3431 3222 3480 sunt
3267 3423 3323 3477 in
3354 3420 3625 3492 Egypto;
3659 3427 3718 3474 et

354 3558 366 3567 ε
417 3523 581 3588 ζῶσι.
615 3525 728 3578 Καὶ
763 3520 920 3580 εἶπεν
959 3525 989 3578 6
1031 3523 1202 3597 Ἰοθὸρ
1234 3523 1313 3596 τῷ
1360 3525 1568 3596 Μωσῇ’
1609 3520 1807 3587 Βάδιζε
1837 3521 2019 3599 ὑγιαί-

409 3634 544 3672 νων.
578 3617 740 3673 Μετὰ
778 3617 837 3672 δὲ
865 3616 968 3682 τὰς
1003 3618 1216 3690 ἡμέρας
1252 3617 1353 3682 τὰς
1388 3616 1590 3678 πολλὰς
1621 3614 1865 3679 ὲκείνας,
1900 3617 2019 3668 ἑτε-

410 3710 683 3783 λεύτησεν
707 3711 738 3763 6
760 3709 1019 3787 βασιλεὺς
1045 3710 1340 3781 Αἰγύπτου·
1370 3709 1490 3764 εἶπε
1512 3710 1570 3763 δὲ
1594 3709 1623 3762 6
1644 3707 1850 3782 Κύριος
1880 3706 2018 3777 πρὸς

411 3806 594 3875 Μωσῆ
645 3805 704 3857 ὲν
756 3804 1006 3875 Μαδιάμ*
1053 3803 1282 3870 Βάδιζε,
1333 3802 1538 3859 ἄπελθε
1586 3803 1667 3867 εἰς
1694 3801 1969 3871 Αἴγυπτον
1999 3819 2013 3832 ·

411 3892 719 3964 τεθνήκασι
734 3893 845 3965 γὰρ
863 3896 914 3948 οἱ
938 3894 1139 3960 πάντες
1155 3897 1203 3950 oi
1222 3894 1512 3968 ζητοῦντες
1531 3893 1628 3967 τὴν
1652 3893 1833 3967 ψυχήν
1851 3911 1966 3950 σου.
1993 3914 2012 3948 ι

425 3983 747 4038 ’Δναλαϐὼν
785 3985 845 4039 δὲ
893 3985 1103 4058 Μωσῆς
1134 3986 1232 4058 τὴν
1269 3990 1503 4057 γυναῖκα
1556 3988 1652 4043 καὶ
1689 3989 1759 4042 τὰ
1806 3988 2016 4054 παιδία,

410 4074 749 4129 ἀνεϐίϐασεν
783 4076 925 4132 αὐτὰ
967 4078 1061 4130 ἐπὶ
1109 4076 1181 4132 τὰ
1214 4077 1506 4149 ὑποζύγια,
1541 4077 1637 4133 καὶ
1676 4078 2019 4152 ἀπέστρεψεν

410 4170 494 4231 εἰς
527 4168 826 4236 Δίγυπτον.

485 4261 702 4316 ΠΑΑΛ.
747 4261 858 4315 Καὶ
888 4262 942 4315 τί
975 4263 1032 4315 ἰν
1058 4261 1301 4330 τούτοιςς
1344 4263 1407 4318 οὐ
1445 4263 1554 4335 γὰρ
1584 4262 1709 4335 ἔχω.
1729 4266 1890 4329 νοεῖν,
1923 4263 2019 4318 καὶ

408 4353 646 4423 φράσαι,
664 4348 843 4425 ὲφόἴς
868 4354 1097 4419 εἰκότως
1110 4355 1210 4429 τὴν
1229 4354 1375 4409 κατὰ
1396 4355 1560 4427 νόμον
1582 4353 1728 4427 ζωὴν
1750 4352 2010 4427 ἐπαιτιῷ-

412 4444 479 4498 τό
504 4463 593 4509 τις
625 4447 711 4501 ἄν.

492 4540 665 4594 ΚΥΡ.
718 4539 914 4595 Καίτοι
977 4541 1243 4613 πλείστης
1295 4542 1430 4615 ὅσης
1473 4545 1535 4598 τὸ
1563 4544 1755 4616 χρῆμα
1799 4548 2020 4617 μομφῆς

410 4630 912 4703 ἑκμεμεστωμένον
959 4634 1167 4689 κατίδοι
1206 4653 1291 4700 τις
1337 4636 1428 4702 ἂν,
1475 4631 1522 4692 ὧ
1554 4638 1851 4703 Παλλάδιε,
1897 4640 2021 4703 ταῖς

408 4723 525 4777 τῶν
568 4726 954 4796 προκειμένων
990 4727 1223 4793 ἐννοίαις
1259 4728 1549 4800 προσαλὼν
1579 4729 2011 4801 ὁξυωπέστεροψ

2121 3520 2320 3577 videbo
2347 3519 2396 3576 si
2424 3519 2611 3576 adhuc
2643 3519 2852 3575 vivant.
2872 3519 2943 3573 Et
2973 3517 3115 3573 dixit
3142 3515 3340 3573 Jethro
3364 3514 3536 3586 Moysi
3563 3530 3577 3566 :
3610 3511 3720 3568 Va-

2118 3612 2188 3668 de
2219 3627 2430 3683 sospes.
2465 3612 2598 3667 Post
2651 3612 2773 3667 dies
2807 3620 2998 3667 autem
3030 3609 3236 3664 multos
3280 3607 3409 3661 illos
3464 3612 3722 3665 mortuus

2117 3712 2205 3763 est
2250 3720 2346 3760 rex
2387 3703 2610 3777 [Egypti
2642 3722 2655 3758 :
2697 3704 2842 3760 dixit
2872 3710 3060 3759 autem
3093 3700 3366 3757 Dominus
3399 3698 3470 3754 ad
3498 3697 3719 3770 Moysen

2119 3797 2177 3852 in
2198 3796 2452 3852 Madian:
2480 3795 2652 3861 Vade,
2686 3795 3042 3867 proﬁciscere
3074 3793 3129 3847 in
3151 3791 3447 3863 :Egyptum
3476 3807 3492 3857 ;
3518 3788 3718 3844 mortui

2117 3897 2251 3945 sunt
2273 3890 2423 3971 enim
2449 3904 2645 3945 omnes
2674 3889 2770 3960 qui
2806 3888 3129 3960 quaerebant
3149 3886 3390 3941 animam
3429 3892 3578 3939 tuam
3605 3883 3669 3935 θ’.
3695 3900 3714 3932 ι

2113 3980 2256 4038 Cum
2310 3983 2483 4054 igitur
2539 3981 2851 4051 accepisset
2921 3980 3136 4051 Moyses
3209 3994 3441 4034 uxorem
3520 3992 3585 4032 ac
3639 3975 3715 4030 li—

2121 4073 2311 4139 heros,
2346 4073 2614 4145 imposuit
2637 4088 2736 4128 eos
2780 4087 2950 4142 super
3002 4069 3333 4142 subjugalia,
3361 4076 3419 4126 et
3456 4081 3720 4124 reversus

2118 4171 2207 4219 est
2228 4163 2285 4218 in
2314 4149 2633 4233 Aigyptum.

2192 4254 2393 4310 PALL.
2415 4253 2696 4321 Quorsum
2710 4252 2828 4308 haec
2858 4251 3176 4325 pertinent?
3202 4265 3316 4305 non
3355 4248 3504 4304 enim
3550 4247 3720 4304 intel-

2119 4349 2269 4420 ligo;
2303 4354 2401 4403 aut
2465 4345 2683 4417 explica
2737 4361 2849 4417 quo
2881 4345 3107 4401 nomine
3126 4344 3255 4415 jure
3300 4340 3515 4415 culpari
3543 4339 3722 4411 possit

2121 4441 2215 4497 illa
2241 4440 2465 4496 vivendi
2497 4440 2662 4505 ratio,
2700 4455 2770 4495 ex
2802 4439 2924 4510 lege
2950 4436 3228 4493 instituta.

2193 4531 2355 4589 CYR.
2380 4532 2574 4602 Atqui,
2602 4529 2837 4596 Palladi,
2887 4527 3148 4601 plurimis
3189 4523 3489 4583 accusandi
3535 4522 3722 4579 causis

2120 4638 2243 4678 eam
2277 4639 2402 4680 esse
2429 4623 2714 4690 refertam,
2747 4623 2933 4694 quivis
2963 4621 3188 4687 viderit,
3220 4620 3266 4676 si
3302 4617 3720 4690 propositorum

2121 4716 2422 4772 verborum
2456 4716 2790 4770 sententiam
2817 4713 3038 4772 acutius
3061 4710 3365 4782 inspexerit
3394 4727 3406 4761 :
3444 4723 3570 4763 nam
3601 4706 3714 4761 ele-

407 4815 490 4880 ὠς
548 4818 1075 4890 προκεχειρισμένος
1131 4820 1212 4883 είς
1280 4821 1586 4892 ἀποστολὴν
1639 4823 1670 4874 6
1729 4800 2018 4888 θεσπέσιος

2123 4815 2246 4863 ctus
2283 4807 2351 4863 ad
2375 4808 2518 4862 hanc
2542 4808 2874 4878 legationem
2896 4804 3131 4877 Moyses,
3172 4819 3286 4857 non
3316 4800 3387 4856 ad
3415 4815 3538 4855 eam
3564 4805 3722 4853 recto

410 4908 649 4980 Μωσῆς.
681 4910 781 4964 οὐκ
812 4910 1141 4983 εὐθυδρομετ
1170 4911 1308 4984 πρὸς
1330 4912 1491 4966 τοῦτο
1513 4913 1583 4967 τὰ
1612 4914 1670 4967 ἐν
1698 4913 1888 4984 κόσμῳ
1922 4929 2017 4983 με·

410 5004 549 5068 οεὶς,
587 5001 873 5074 μερίζεται
922 5005 980 5058 δὲ
1019 5006 1114 5059 καὶ
1149 5008 1229 5070 εἰς
1277 5006 1536 5077 φροντίδα
1580 5007 1874 5079 σαρκικὴν,
1920 5004 2017 5059 καὶ

407 5098 526 5158 τοῖς
590 5096 735 5150 κατὰ
775 5096 935 5166 γένος
984 5097 1475 5168 προαειακοινοῦται
1520 5098 1620 5170 τὴν
1681 5098 2012 5169 ἀποδημίαν.

410 5188 523 5241 Καὶ
555 5187 621 5241 οὐ
649 5189 917 5260 πρότερον
947 5189 1125 5257 ὲξὲθει
1171 5193 1273 5264 τῆς
1305 5190 1658 5261 Μαδιηναίων
1679 5229 1695 5256 ,
1735 5192 1784 5244 εἰ
1817 5191 1893 5262 μὴ
1930 5207 2018 5243 τε·

411 5279 623 5334 θνεῶτα
652 5281 838 5334 λοιπὸν
866 5282 960 5337 τὸν
997 5284 1098 5353 τῆς
1136 5283 1450 5353 Αἰγυπτίων
1504 5282 1776 5353 ἐμάνθανε
1817 5281 2019 5349 τύρανα

409 5386 504 5423 νον
528 5388 541 5400 ·
590 5372 786 5426 ἐδεδίει
813 5375 925 5446 γάρ
960 5374 1216 5429 τεθνάναι
1246 5376 1387 5429 λίαν.
1434 5376 1656 5446 Ἐπειδὴ
1694 5375 1752 5428 δὲ
1781 5373 1890 5428 τῶν
1927 5375 2020 5427 ἐπὶ

409 5460 627 5525 τούτοις
645 5462 918 5535 δειμάτων
940 5466 1261 5538 ἀπήλλακτο
1282 5467 1721 5539 προηγγελκότος
1746 5465 1894 5537 αὐτῷ
1920 5466 2015 5519 τοῦ

409 5550 572 5617 Θεοῦ,
603 5554 724 5608 τότε
761 5554 828 5627 δὴ
864 5558 1018 5627 μόλις
1054 5558 1341 5613 ἀναλαϐὼν
1381 5560 1480 5631 τὴν
1530 5562 1769 5629 γυναῖκα
1813 5559 1909 5614 καὶ
1948 5558 2018 5613 τὰ

411 5644 626 5709 παιδία,
667 5649 918 5703 κάτεισιν
951 5653 1032 5715 εἰς
1056 5652 1155 5723 τὴν
1178 5653 1513 5721 Αἰγυπτίων,
1541 5653 1926 5724 ἁποπεραίνων
1950 5652 2020 5706 τὰ

414 5738 894 5809 προστεταγμένα,
920 5738 1105 5804 Τύπος
1124 5740 1170 5793 δ’
1194 5738 1262 5794 ἂν
1283 5741 1370 5812 εἴη
1390 5740 1549 5794 ταυτὶ
1568 5740 1669 5809 τῆς
1689 5738 1831 5792 κατὰ
1854 5737 2017 5816 νόμον

2123 4917 2293 4957 cursu
2325 4901 2523 4967 tendit,
2560 4902 2728 4957 rebus
2764 4899 3062 4955 mundanis
3105 4894 3366 4968 abjectis;
3394 4890 3723 4948 distrahitur

2124 5002 2314 5055 autem
2347 4994 2516 5049 etiam
2548 4993 2602 5049 in
2633 5008 2800 5049 curas
2851 4991 3124 5061 carnales,
3157 5003 3223 5044 ac
3251 4987 3411 5063 prius
3463 4999 3592 5039 cum
3627 4998 3723 5038 co-

2123 5086 2305 5159 gnatis
2336 5087 2405 5141 de
2436 5086 2780 5156 perfectione
2822 5101 2926 5139 sua
2959 5080 3372 5143 communicat,
3406 5090 3511 5132 nec
3560 5075 3721 5145 prius

2122 5178 2363 5235 excessit
2417 5194 2448 5234 e
2492 5177 2919 5234 Madianitarum
2965 5173 3210 5245 regione,
3258 5183 3425 5240 quam
3473 5167 3720 5222 audisset

2125 5280 2405 5328 mortuum
2437 5284 2560 5326 esse
2609 5267 2990 5340 )Egyptiorum
3046 5272 3344 5336 tyrannum
3378 5278 3391 5315 :
3433 5258 3720 5315 metuebat

2124 5365 2276 5421 enim
2296 5363 2596 5419 admoddm
2620 5377 2691 5417 ne
2716 5354 3291 5421 occideretur.At,ubi
3310 5355 3398 5409 his
3411 5352 3719 5415 terroribus

2125 5467 2233 5521 est,
2264 5458 2380 5512 Deo
2414 5456 2729 5517 nuntiante,
2755 5452 3045 5515 liberatus,
3072 5458 3188 5504 tum
3210 5463 3344 5503 vero
3368 5447 3456 5502 vix
3472 5446 3714 5508 tandem,

2125 5558 2354 5621 accepta
2387 5563 2559 5603 uxore
2589 5562 2655 5602 ac
2678 5543 2894 5608 liberis,
2927 5541 3215 5597 descendit
3245 5540 3301 5595 in
3328 5538 3713 5610 [Egyptiorum

2124 5641 2285 5707 ﬁnes,
2312 5656 2378 5697 ac
2405 5639 2502 5695 Dei
2526 5639 2680 5710 jussa
2733 5634 3077 5705 exsequitur.
3112 5632 3240 5688 Haec
3261 5646 3392 5687 vero
3435 5628 3621 5685 omnia
3647 5624 3713 5679 ll-

2125 5749 2275 5806 ειη-ιε
2307 5739 2437 5788 sunt
2469 5730 2618 5796 vitaz,
2679 5727 2985 5785 secundum
3030 5725 3209 5796 legem
3256 5722 3542 5785 institutae,
3591 5729 3713 5787 quae

490 5849 536 5882 ³³
559 5850 728 5931 ΔΙχιηιφ.
773 5870 927 5924 XVI",
962 5856 1043 5926 {8.
1123 5858 1167 5890 ³⁷
1197 5857 1354 5914 Joan.
1390 5854 1600 5922 3111,49.
1681 5855 1727 5887 ³⁸
1753 5855 1913 5920 Rom,
1944 5868 2016 5907 VH

2130 5893 2143 5917 .
2219 5851 2264 5882 "
2292 5847 2463 5907 Matth
2516 5862 2571 5912 γ,
2604 5845 2692 5911 Π,
2765 5844 2809 5878 ⁸ο
2842 5843 3006 5907 Hebr.
3053 5855 3149 5906 vn,
3193 5836 3279 5893 ll.
3358 5835 3398 5868 δ’
3429 5831 3602 5893 Exod.
3635 5845 3710 5899 Π,

420 5919 510 5989 13,
556 5920 642 5991 19,
