4096 6458
444 427 544 485 253

1467 434 1522 491 S.
1563 436 1842 495 CYRILLI
1879 434 2352 492 ALEXANDRINI
2393 433 2711 491 ARCHIEP.

3612 436 3719 492 256

439 546 615 604 divisa
661 547 1069 616 quodammodo
1106 555 1210 612 est,
1264 548 1412 604 etin
1469 559 1763 622 utramque
1809 561 2015 622 partem

2126 549 2292 620 ζωῆς,
2327 550 2737 622 μεμερισμένης
2763 551 2962 621 τρόπον
2987 535 3129 620 τινὰ,
3160 554 3251 608 καὶ
3287 554 3372 608 ἐπ’
3400 553 3566 624 ἄμφω
3595 552 3718 624 βλε-

440 646 674 708 spectat,
710 638 779 692 ad
811 639 1048 704 divinas,
1086 641 1332 709 inquam,
1367 657 1457 697 res
1490 651 1548 697 et
1584 644 1886 710 humanas;
1918 660 2021 700 ne-

437 743 546 798 que
569 737 654 785 cst
681 731 826 784 enim
859 747 890 784 a
924 731 1074 786 curis
1129 733 1365 786 terrenis
1389 748 1455 788 ac
1484 734 1781 789 mundanis
1827 735 2018 799 libera,

439 836 618 891 neque
639 822 787 876 omni
820 836 888 875 ex
916 829 1073 890 parte
1096 836 1270 879 sacra.
1310 823 1478 894 Atqui
1523 828 1837 896 evangelica
1887 843 2025 881 con-

439 913 680 968 versatio
710 913 862 968 nullo
899 913 1065 968 modo
1098 929 1326 984 prorsus
1352 918 1408 970 in
1429 932 1494 971 ea
1524 934 1646 986 qua:
1674 918 1858 972 carnis
1895 926 2023 972 sunt

437 1002 745 1067 dividitur,
800 1009 896 1057 aut
954 1003 1360 1060 mundanorum
1419 1007 1765 1076 negotiorum
1830 1022 2020 1074 curas;

433 1095 570 1164 quin
603 1095 788 1166 potius
812 1109 927 1160 eos,
953 1096 1050 1165 qui
1075 1096 1179 1151 sub
1201 1095 1411 1152 Christi
1443 1098 1658 1154 ditione
1694 1107 1844 1163 sunt,
1878 1107 2024 1154 totos

433 1188 665 1243 omnino
697 1189 830 1252 Deo,
867 1188 1042 1242 veluti
1070 1199 1358 1244 consecrat
1395 1199 1559 1260 atque
1586 1191 1844 1246 dedicat:
1882 1190 2023 1256 «Qui

440 1279 586 1334 enim
621 1288 749 1334 sunt
783 1279 914 1334 Iesu
947 1280 1174 1347 Christi,
1219 1281 1420 1351 inquit,
1450 1297 1674 1337 carnem
1706 1299 1861 1338 suam
1899 1299 2027 1338 cru-

437 1369 733 1426 eiﬁxerunt
770 1387 896 1426 cum
931 1371 1082 1430 vitiis
1105 1379 1163 1427 et
1195 1373 1664 1443 concupiscentiis
1704 1375 1772 1429 "'.
1794 1395 1812 1426 ι
1835 1375 2026 1445 Itaque

437 1461 554 1531 76'
578 1461 888 1532 discipulus
916 1464 1159 1534 quidam,
1191 1479 1317 1520 cum
1341 1466 1612 1522 accedens
1637 1467 2024 1523 diceretChri-

439 1561 525 1608 sto
555 1571 569 1607 :
607 1573 626 1605 ι
654 1555 930 1626 Magister,
956 1557 1217 1626 permitte
1262 1557 1402 1612 mihi
1434 1559 1592 1629 prius
1628 1560 1730 1625 ire,
1765 1568 1822 1615 et
1863 1575 2026 1630 sepe-

438 1644 544 1700 lire
572 1653 784 1715 patrem
836 1663 1021 1702 meum
1053 1649 1119 1715 “,
1148 1669 1167 1701 ι
1214 1665 1387 1706 sacrae
1413 1653 1563 1707 omni
1611 1669 1678 1707 ex
1715 1661 1870 1723 parte
1901 1654 2027 1709 vita).

439 1734 708 1788 rationem
737 1735 950 1800 didicit,
983 1753 1109 1792 cum
1139 1738 1288 1795 illico
1319 1741 1568 1796 audivit:
1597 1761 1615 1794 ι
1645 1740 1887 1812 Sequere
1915 1759 2031 1810 me;

438 1830 497 1875 et
545 1823 765 1880 dimitte
812 1835 1064 1883 mortuos
1119 1831 1358 1899 sepelire
1417 1840 1668 1887 mortuos
1726 1847 1858 1888 suos
1905 1833 2019 1888 ⁸⁵⁸.»

2124 639 2356 708 πούσης,
2388 639 2522 711 πρός
2553 657 2612 693 τε
2639 640 2708 694 τὰ
2737 641 2856 694 θεῖά
2885 658 3027 712 φημι
3053 642 3149 696 καὶ
3178 643 3514 716 ἀνθρώπινα.
3557 645 3716 698 Ἔστι

2123 734 2232 802 γὰρ
2276 731 2339 802 δὴ
2386 733 2666 804 φροντίδος
2705 733 2806 786 οὐκ
2852 733 3110 805 ἐλευθέρα
3143 734 3377 804 γεώδους
3407 754 3466 789 τε
3506 737 3600 790 καὶ
3629 753 3724 790 κο-

2125 824 2348 893 σμικῆς,
2377 823 2502 877 οὔτε
2565 825 2671 894 μὴν
2700 824 2934 879 είσάπαν
2978 827 3116 895 ἱερὰ,
3152 827 3327 882 καίτοι
3365 828 3463 898 τῆς
3493 827 3723 896 εὐαγγε-

2119 915 2278 986 λικῆς
2304 917 2579 980 πολιτείας
2615 917 2714 971 οὑκ
2743 917 2972 988 ἐχούσης
2993 918 3130 983 ὅλως
3158 920 3218 973 τὸ
3242 920 3558 993 μερίζεσθαι
3581 920 3722 992 πρὸς

2124 1007 2194 1060 τὰ
2223 1009 2446 1078 σαρκὸς,
2479 1009 2647 1078 ἤγουν
2675 1009 2811 1080 πρὸς
2843 1009 2912 1062 τὰ
2939 1011 2997 1062 ὲν
3027 1011 3218 1082 κόσμῳ
3253 1014 3579 1084 πράγματα,
3601 1013 3723 1064 ὀλο-

2121 1096 2339 1166 τρόπως
2379 1096 2466 1160 δὲ,
2524 1095 2716 1167 ὥσπερ
2767 1096 3103 1169 ἀφιερούσης
3159 1099 3237 1170 τῷ
3284 1099 3402 1170 Θεῷ
3438 1101 3562 1164 τοὺς
3614 1101 3722 1154 ὑπὸ

2123 1186 2344 1258 Χριστῷ
2393 1189 2706 1257 γεγονότας.
2739 1208 2758 1240 ι
2795 1191 2859 1242 Οί
2901 1190 3010 1261 γὰρ
3036 1187 3130 1243 τοῦ
3175 1191 3349 1260 Ἰησοῦ
3395 1190 3630 1264 Χριστοῦ
3653 1233 3667 1257 ,
3693 1211 3712 1243 ι

2124 1278 2279 1348 φησὶ,
2304 1297 2323 1330 ι
2353 1277 2450 1350 τὴν
2478 1279 2655 1349 σάρκα
2675 1280 3026 1352 ἐσταύρωσαν
3051 1283 3149 1336 σὺν
3173 1285 3284 1346 τοῖς
3317 1284 3601 1354 παθήμασι
3622 1284 3720 1337 καὶ

2122 1371 2244 1432 ταῖς
2279 1370 2615 1440 ἐπιθυμίαις.
2643 1390 2661 1422 ι
2688 1372 2796 1426 Kal
2817 1371 2948 1441 γοῦν
2988 1374 3174 1446 ἐπειδή
3206 1392 3289 1438 τις
3321 1374 3430 1428 τῶν
3461 1375 3720 1445 μαθητῶν
3829 1369 3832 1371 λ

2125 1457 2443 1530 προσελθὼν
2467 1459 2674 1530 ἔφασκε
2711 1461 2790 1532 τῷ
2817 1463 3060 1534 Χριστῷ·
3101 1483 3120 1515 ι
3147 1465 3468 1526 Διδάσκαλε,
3499 1466 3722 1536 ἐπίτρε-

2123 1549 2224 1618 ψόν
2251 1566 2341 1620 μοι
2362 1551 2576 1622 πρῶτον
2601 1547 2855 1606 ἀπελθεῖν
2878 1555 2970 1607 καὶ
2995 1553 3163 1624 θάψαι
3191 1555 3288 1609 τὸν
3312 1555 3524 1627 πατέρα
3550 1573 3677 1626 μου·
3695 1577 3712 1607 ι

2124 1640 2222 1709 τὴν
2255 1641 2406 1712 ἱερὰν
2456 1641 2764 1714 ὁλοτρόπως
2815 1644 3124 1698 ὲδιδάσκετο
3158 1644 3454 1708 πολιτείαν,
3489 1646 3710 1700 ἀκούων

2125 1731 2317 1795 εύθύςι
2340 1750 2359 1784 ι
2394 1732 2702 1786 Ἀκολούθει
2735 1751 2846 1804 μοι,
2868 1733 2963 1788 καὶ
2987 1735 3124 1803 ἄφες
3145 1735 3274 1795 τοὺς
3295 1737 3522 1806 νεκροὺς
3543 1735 3713 1805 θάψαι

2123 1823 2250 1886 τοὺς
2275 1822 2484 1877 ἑαυτῶν
2510 1825 2757 1896 νεκρούς.
2803 1843 2821 1876 ι
2867 1826 3074 1897 Γράφει
3107 1826 3164 1878 δέ
3198 1842 3310 1878 τισι
3336 1827 3428 1880 καλ⁵
3458 1829 3488 1879 6
3514 1826 3714 1880 05m-

437 1913 584 1980 Quin
631 1915 796 1971 etiam
855 1919 1050 1974 scribit
1089 1921 1160 1974 ad
1224 1921 1493 1992 quosdam
1544 1922 1887 1978 admirabilis
1934 1924 2015 1980 vir

2123 1929 2234 1976 σιος
2264 1912 2502 1976 Παῦλος⁹
2539 1932 2559 1965 ι
2585 1914 2715 1967 Ὅτε
2750 1914 3051 1985 ηὐδόκησεν
3093 1917 3126 1968 6
3164 1915 3296 1980 Θεὸς
3356 1917 3717 1986 ἀποκαλύψαι

438 2003 680 2061 Paulus:
722 2026 739 2058 ι
772 2006 909 2063 Cum
936 2011 1147 2079 placuit
1173 2012 1285 2067 Deo
1324 2014 1566 2069 revelare
1617 2015 1818 2070 Filium
1860 2031 2035 2071 suum.

439 2096 498 2150 in
531 2113 640 2163 me,
669 2105 732 2153 ut
765 2103 1205 2173 evangelizarem‘
1241 2105 1397 2159 illum
1441 2105 1499 2160 in
1529 2107 1806 2177 gentibus,
1841 2109 2022 2163 conti-

437 2202 552 2243 nuo
585 2205 697 2244 non
724 2194 1035 2249 consultavi
1071 2212 1198 2250 cum
1237 2212 1401 2252 carne
1422 2199 1767 2269 etsanguine
1800 2199 1867 2254 ".
1891 2220 1908 2251 ι
1953 2201 2024 2257 At

435 2294 504 2334 ea
535 2280 747 2353 Moyses
780 2285 1010 2341 adhibet
1033 2287 1091 2341 in
1124 2289 1460 2356 consilium;
1497 2290 1674 2345 divisa
1711 2291 1861 2346 enim
1910 2301 2019 2360 est,

437 2382 504 2429 ut
537 2374 672 2440 dixi,
701 2375 797 2430 illa
848 2393 914 2432 ex
944 2378 1062 2448 lege
1117 2379 1340 2434 vivendi
1379 2380 1540 2445 ratio,
1580 2383 1754 2436 metui
1803 2397 2022 2454 quoque

436 2467 631 2522 mortis
655 2468 912 2524 obnoxia.
970 2470 1224 2525 Timebat
1268 2487 1505 2542 namque
1531 2473 1741 2545 Moyses
1788 2475 2021 2531 descen-

435 2555 569 2612 dere
602 2558 660 2612 in
696 2558 1014 2631 Egyptum,
1066 2562 1262 2616 mortis
1293 2563 1601 2632 periculum
1648 2565 1944 2636 refugiens.
1973 2568 2022 2621 Is

435 2657 621 2704 autem
652 2658 834 2706 metus
869 2652 925 2705 in
952 2651 1176 2708 Christo
1209 2662 1509 2709 evacuatus
1552 2664 1655 2710 est.
1684 2656 1855 2727 quue
1883 2657 2022 2711 Pau-

435 2741 525 2796 lus
568 2742 715 2797 idem
755 2743 1048 2800 conﬁrmat
1078 2755 1193 2800 tum
1224 2747 1293 2802 de
1333 2746 1572 2812 Christo,
1603 2755 1719 2803 tum
1759 2750 1925 2804 etiam
1950 2751 2018 2805 de

435 2829 600 2885 nobis
627 2832 878 2902 loquens,
921 2853 938 2884 ι
970 2835 1110 2901 Quia
1155 2837 1303 2891 enim
1358 2840 1516 2908 pueri
1569 2842 2016 2897 communicave-

434 2930 569 2976 runt
621 2924 776 2978 carni
821 2932 878 2979 et
906 2928 1182 2997 sanguini,
1225 2936 1282 2983 et
1329 2930 1446 2999 ipse
1492 2931 1750 2986 similiter
1787 2933 2016 3002 partici-

433 3014 586 3082 pavit
613 3015 843 3080 eisdem,
879 3028 941 3071 ut
978 3034 1076 3088 per
1110 3029 1342 3074 mortem
1373 3021 1689 3077 destrueret
1721 3039 1869 3089 eum,
1921 3026 2026 3094 qui

433 3103 672 3160 habebat
700 3108 894 3162 mortis
929 3109 1244 3179 imperium,
1280 3111 1333 3165 id
1364 3119 1470 3178 est,
1520 3113 1824 3179 diabolum,
1859 3124 1916 3170 et
1946 3116 2015 3169 li-

432 3195 785 3264 berareteos,
805 3200 900 3270 qui
931 3201 1126 3256 timore
1158 3203 1353 3258 mortis
1386 3220 1484 3274 per
1515 3212 1684 3260 totam
1703 3207 1872 3262 vitam
1911 3209 2015 3263 ob-

2129 2003 2220 2058 τὸν
2242 2004 2368 2058 Υίὸν
2406 2004 2569 2059 αὐτοῦ
2603 2007 2660 2058 ὲν
2699 2007 2843 2077 ἐμοὶ,
2882 2007 2970 2060 ἵνα
2999 2006 3439 2077 εὐαγγελίζωμαι
3467 2008 3629 2062 αὑτὸν
3657 2011 3720 2064 ἐν

2125 2096 2240 2158 τοῖς
2265 2093 2494 2159 ἔθνεσιν,
2531 2094 2732 2158 εὐθέως
2763 2096 2825 2148 οὑ
2868 2095 3285 2167 προσανεθέμην
3311 2097 3474 2166 σαρκὶ
3505 2099 3599 2150 καὶ
3627 2097 3717 2150 ατο

2129 2201 2280 2255 ματι.
2316 2204 2335 2238 ι
2368 2185 2830 2256 Προσανατίθεται
2859 2187 2917 2240 δὲ
2945 2187 3171 2257 Μωσῆς.
3207 2187 3550 2258 Μεμέρισται
3578 2188 3711 2259 γὰρ,

2122 2276 2198 2340 ὡς
2226 2276 2383 2348 ἔφην,
2421 2280 2454 2348 ἠ
2499 2278 2642 2332 κατὰ
2675 2279 2839 2349 νόμον
2873 2279 2985 2348 ζωὴ
3005 2318 3024 2345 ,
3055 2282 3230 2333 κεῖται
3263 2279 3320 2333 δὲ
3374 2279 3454 2334 ἐτι
3483 2281 3578 2334 καὶ
3609 2282 3716 2334 ὑπὸ

2121 2368 2213 2421 τὸν
2240 2367 2334 2422 τοῦ
2365 2368 2594 2423 θανάτου
2625 2370 2810 2439 φόϐον.
2863 2370 3082 2423 Ἐδεδίει
3116 2371 3228 2442 γὰρ
3252 2373 3281 2425 6
3305 2372 3510 2442 Μωσῆς
3544 2387 3708 2425 κατα·

2122 2459 2329 2513 ϐαίνεὶν
2373 2461 2453 2523 είς
2492 2461 2790 2528 Αιγυπτον,
2841 2461 2902 2514 τὸ
2950 2461 3202 2516 τεθνάναι
3256 2462 3711 2532 παραιτούμενος.

2122 2550 2480 2620 Κατήργηται
2513 2551 2570 2604 δὲ
2601 2551 2697 2605 καὶ
2729 2550 2887 2604 τοῦτο
2922 2553 2980 2605 ὲν
3028 2551 3271 2622 Χριστῷ.
3301 2551 3410 2605 Καὶ
3445 2551 3717 2606 πιστώσε-

2121 2657 2212 2694 ται
2238 2641 2413 2710 λέγων
2432 2643 2460 2695 ὁ
2483 2641 2626 2713 ἱερὸς
2655 2642 2866 2706 Παῦλος
2899 2643 3026 2714 περί
3053 2660 3111 2696 τε
3138 2643 3376 2715 Χριστοῦ
3411 2645 3502 2697 καὶ
3528 2644 3709 2714 ήμῶνο

2125 2748 2146 2782 ι
2189 2731 2408 2802 Ἐπειδὴ
2451 2733 2560 2804 γὰρ
2603 2733 2674 2786 τὰ
2708 2733 2896 2787 παιδία
2943 2733 3309 2805 κεκοινώνηκε
3357 2735 3560 2806 σαρκὸς
3609 2737 3711 2790 καὶ

2119 2822 2370 2892 αἵματος,
2397 2824 2491 2877 καὶ
2515 2824 2677 2888 αὐτὸς
2697 2825 3090 2896 παραπλησίως
3117 2825 3347 2896 μετέσχε
3371 2826 3480 2880 τῶν
3503 2827 3707 2881 αὐτῶν

2119 2920 2208 2974 ἵνα
2235 2919 2323 2974 διὰ
2347 2920 2442 2974 τοῦ
2470 2920 2700 2994 θανάτου
2729 2927 3056 2994 καταργήσῃ
3082 2921 3173 2974 τὸν
3205 2921 3265 2975 τὸ
3294 2923 3493 2994 κράτος
3521 2921 3713 2992 ἔχοντα

2117 3011 2212 3066 τοῦ
2247 3013 2501 3076 θανάτου,
2528 3014 2671 3067 τοῦτ’
2699 3013 2837 3077 ἔστι,
2870 3013 2959 3067 τὸν
3000 3014 3266 3078 διάϐολον,
3305 3015 3399 3068 καὶ
3425 3016 3713 3088 ἀπαλλάξῃ
3783 3062 3791 3068 .

2116 3103 2360 3168 τούτους,
2391 3105 2504 3158 ὅσοι
2529 3104 2677 3175 φόϐῳ
2695 3104 2921 3159 θανάτου
2944 3105 3031 3159 διὰ
3062 3106 3262 3170 παντὸς
3283 3106 3376 3159 τοῦ
3397 3107 3496 3177 ζῇν
3529 3106 3714 3178 ἔνοχοι

2115 3191 2258 3267 ἦσαν
2289 3196 2550 3259 δουλείας.
2584 3215 2602 3249 ι
2647 3198 2940 3268 Τοιγάρτοι
2999 3200 3094 3253 καὶ
3133 3200 3299 3253 αὐτοῦ
3330 3200 3422 3253 τοῦ
3457 3201 3711 3254 τεθνάναι

431 3289 582 3343 noxii
627 3299 787 3344 erant
825 3292 1080 3346 servituti
1133 3293 1198 3347 “.
1225 3313 1243 3345 ›
1286 3295 1475 3365 itaque
1534 3295 1799 3352 adversus
1841 3299 2013 3368 ipsam

2123 3287 2327 3354 λοιπὸν,
2359 3291 2388 3342 6
2413 3288 2521 3341 τῶν
2547 3289 2718 3357 ἁγίων
2741 3290 3209 3362 καταθρασύνεται
3236 3292 3381 3356 νοῦς.
3420 3294 3563 3366 Ἔφη
3600 3295 3714 3364 γάρ

429 3395 650 3451 quoque
687 3393 923 3436 mortem
957 3393 1275 3439 sanctorum
1311 3386 1559 3442 virorum
1589 3389 1806 3444 animus
1841 3389 2015 3444 auda-

431 3480 550 3528 cter
589 3473 844 3545 insurgit.
875 3475 965 3530 Ait
986 3477 1130 3530 enim
1159 3479 1363 3534 Paulus
1385 3495 1634 3533 rursum:
1664 3481 1823 3535 «Mihi
1856 3498 2014 3538 nam-

430 3579 538 3633 que
586 3566 773 3620 vivere
820 3565 1074 3622 Christus
1105 3576 1211 3632 est,
1269 3578 1326 3624 et
1372 3568 1512 3642 mori
1547 3571 1764 3626 lucrum
1790 3572 1856 3627 ".
1888 3591 1906 3624 ›
1946 3573 2015 3628 Ει

433 3656 662 3710 iterum:
697 3676 715 3708 ι
738 3656 872 3723 Quis
901 3674 1002 3714 nos
1039 3662 1320 3730 separabit
1377 3677 1406 3717 a
1449 3663 1716 3718 charitate
1767 3663 2027 3719 Christi?‘

432 3745 476 3798 Τ
486 3745 764 3811 ribulatio,
785 3762 854 3800 an
876 3748 1146 3817 angustia,
1175 3763 1242 3802 an
1264 3749 1596 3818 persecutio,
1627 3764 1697 3803 an
1723 3748 1913 3816 fames,
1943 3767 2011 3806 an

430 3839 671 3905 nuditas,
701 3857 770 3896 an
793 3843 1123 3912 periculum,
1156 3858 1226 3898 an
1266 3842 1483 3914 gladius
1515 3843 1596 3896 ‘3?
1623 3863 1640 3896 ι
1683 3843 1884 3902 Teucri
1911 3859 2018 3898 au-

429 3938 540 3984 tem
594 3939 744 3987 metu
772 3934 970 3990 mortis
1002 3936 1195 4001 vitam,
1230 3951 1352 4006 quae
1384 3951 1452 3991 ex
1493 3936 1636 4007 legis
1668 3936 1860 4007 regula
1904 3936 2011 3990 du-

429 4031 605 4090 catur;
658 4034 961 4096 contraque
1010 4027 1206 4081 mortis
1251 4026 1524 4082 devitasse
1589 4027 1837 4097 laqueosf
1867 4027 2011 4082 hanc

361 4103 369 4116 ’
428 4113 615 4183 gloria:
646 4115 866 4184 plenam
898 4116 955 4170 in
997 4116 1220 4172 Christo
1270 4099 1768 4180 conversationem,
1798 4115 1854 4170 id
1873 4131 2011 4186 quo-

427 4218 535 4271 que
558 4203 782 4273 planum
815 4204 877 4258 ﬁt
923 4220 991 4259 ex
1037 4219 1124 4270 eo,
1157 4205 1307 4275 quod
1346 4220 1502 4260 sacra
1551 4204 1840 4275 Scriptura
1888 4205 2006 4259 cla-

427 4304 559 4361 mat,
603 4312 858 4368 regnasse
888 4304 1126 4352 mortem
1151 4298 1220 4353 ab
1258 4297 1434 4352 Adam
1460 4313 1636 4368 usque
1660 4297 1730 4352 ad
1759 4297 2002 4368 Moysen.

426 4385 562 4453 Quis
605 4403 740 4442 vero
774 4389 918 4443 alius
935 4388 1210 4444 destruxit
1241 4396 1496 4454 mortem,
1515 4395 1611 4443 aut
1633 4387 2007 4458 corruptionis

425 4476 720 4546 imperium
752 4477 973 4548 deiecit,
1005 4481 1353 4550 servavitque
1380 4494 1491 4532 non
1513 4477 1803 4532 credentes
1817 4477 2002 4541 modo,

2123 3378 2285 3432 πάλιν
2309 3379 2336 3431 ὁ
2379 3377 2607 3442 Παῦλος
2643 3397 2661 3430 ι
2709 3380 2865 3450 Ἐμοὶ
2895 3383 3002 3452 γὰρ
3028 3382 3089 3436 τὸ
3114 3382 3213 3450 ζῇν
3239 3383 3494 3455 Χριστὸς,
3532 3387 3625 3438 καὶ
3651 3387 3712 3438 τὸ

2120 3468 2413 3523 ἀποθανεῖν
2445 3469 2652 3540 κέρδος.
2691 3489 2710 3522 ι
2757 3473 2865 3524 Kal.
2894 3473 3074 3526 πάλιν·
3127 3493 3145 3524 ι
3178 3475 3273 3538 Τίς
3302 3478 3450 3546 ἡμᾶς
3483 3477 3714 3548 χωρίσει

2119 3561 2228 3614 ἀπὸ
2265 3561 2365 3631 τῆς
2397 3562 2618 3632 ἀγάπης
2641 3562 2735 3616 τοῦ
2769 3564 3040 3634 Χριστοῦς
3077 3565 3258 3635 θλίψις
3288 3569 3319 3637 ἦ
3352 3572 3706 3638 στενοχωρία,

2119 3652 2160 3721 ἢ
2194 3651 2465 3723 διωγμὸς,
2497 3654 2529 3724 ἢ
2563 3653 2748 3725 λιμὸς,
2780 3654 2814 3726 ἦ
2843 3657 3138 3728 γυμνότης,
3177 3659 3208 3728 ἢ
3239 3659 3507 3724 κίνδυνος,
3534 3661 3566 3730 ἢ
3600 3661 3709 3729 μά-

2119 3761 2317 3817 χαιρα;
2351 3765 2370 3798 ι
2399 3746 2522 3799 Ὅτι
2555 3745 2610 3798 δὲ
2649 3750 2762 3812 τοῖς
2785 3748 2880 3802 τοῦ
2921 3749 3152 3804 θανάτου
3179 3750 3439 3821 δείμασιν·
3461 3752 3709 3823 ἐνέχεται

2123 3837 2221 3906 μὲν
2246 3838 2278 3907 ἡ
2306 3837 2448 3890 κατὰ
2469 3837 2632 3909 νόμον
2659 3838 2792 3910 ζωὴ,
2823 3839 3009 3911 διέδρα
3030 3839 3085 3893 δὲ
3105 3839 3262 3894 τοῦτο
3285 3841 3384 3912 τῆς
3405 3844 3464 3896 ὲν
3485 3844 3710 3914 Χριστῷ

2121 3927 2396 3992 πολιτείας
2427 3928 2488 3983 τὸ
2515 3929 2778 4002 καύχημα
2795 3971 2810 3999 ,
2839 3932 3008 4000 σαφὲς
3033 3931 3100 3985 ἂν
3125 3932 3356 4000 γένοιτο,
3389 3934 3710 4004 βεϐασιλευ-

2121 4018 2274 4071 κέναι
2323 4018 2414 4072 τὸν
2446 4019 2675 4074 θάνατον
2713 4021 2822 4074 ἀπὸ
2865 4020 3037 4088 Ἀδὰμ
3082 4022 3177 4076 καὶ
3221 4023 3384 4094 μέχρι
3426 4025 3705 4089 Μωσέως,

2119 4111 2262 4182 ἱεροῦ
2297 4111 2524 4182 βοῶντος
2558 4113 2910 4184 Γράμματος.
2960 4113 3098 4167 Ἀλλ’
3144 4116 3173 4168 6
3212 4119 3566 4189 καταργήσας
3613 4118 3708 4171 τὸν

2114 4202 2362 4269 θάνατον,
2416 4204 2512 4257 καὶ
2563 4207 2663 4277 τῆς
2711 4205 2917 4277 φθορᾶς
2968 4209 3301 4273 κατασείσας
3346 4211 3408 4263 τὸ
3463 4212 3704 4282 κράτος,

2112 4295 2401 4360 ἀνασώσας
2420 4313 2480 4350 τε
2508 4296 2642 4368 ὁμοῦ
2672 4301 2783 4362 τοῖς
2809 4299 3126 4354 πιστεύουσι
3154 4301 3246 4354 καί⁵
3275 4302 3404 4366 τοὺς
3426 4303 3531 4357 ὑπὸ
3552 4305 3705 4374 νόμῳ

2113 4386 2632 4459 παιδαγωγηθέντας
2666 4389 2832 4456 ποτὲ,
2868 4391 2953 4454 τίς
2991 4390 3058 4444 ἂν
3089 4393 3174 4462 εἴη
3207 4392 3415 4464 ἕτερος,
3452 4393 3592 4465 πλὴν
3621 4395 3705 4448 ὅτι

2113 4476 2208 4528 καὶ
2251 4477 2408 4546 μόνος
2448 4477 2475 4530 6
2515 4477 2718 4548 Κύριος
2763 4480 2922 4550 ήμῶν
2968 4480 3175 4552 Ἰησοῦς
3207 4481 3236 4547 6
3264 4483 3500 4553 Χριστός
3515 4499 3532 4548 ;·
3572 4501 3590 4535 ι
3625 4485 3701 4537 οὐ

425 4567 520 4622 sed
551 4583 647 4622 eos
688 4583 928 4639 quoque,
978 4572 1072 4640 qui
1107 4571 1210 4626 sub
1253 4571 1391 4642 legis
1435 4569 1732 4638 disciplina
1763 4568 2004 4624 instituti

2117 4565 2219 4636 γὰρ
2243 4567 2501 4636 πρέσϐυς,
2528 4569 2626 4621 οὐκ
2656 4569 2905 4637 ἄγγελος,
2933 4569 3047 4624 ἀλλ’
3082 4571 3246 4636 αὐτὸς
3273 4574 3302 4624 6
3332 4571 3535 4642 Κύριος
3567 4572 3703 4626 ἐσω-

423 4658 670 4724 l‘uerant,
733 4662 842 4716 nisi
894 4664 1046 4719 solus
1099 4664 1366 4719 Dominus
1399 4671 1591 4716 noster
1626 4661 1790 4716 Jesus
1843 4659 2003 4717 Chri-

422 4758 542 4805 stus
563 4749 605 4782 ⁴⁹
632 4751 656 4803 ?
693 4771 710 4801 ι
734 4752 852 4807 Νοη
876 4754 1026 4809 enim
1063 4753 1297 4824 legatus,
1334 4769 1444 4808 non
1475 4753 1720 4822 angelus,
1753 4751 1850 4807 sed
1887 4752 2003 4822 ipse

422 4842 688 4900 Dominus
711 4846 943 4901 salvavit
964 4861 1058 4902 eos
1075 4847 1144 4912 ⁸ο,
1168 4865 1186 4896 ι
1218 4845 1541 4916 prophetico
1567 4860 1830 4915 responso
1861 4861 2003 4916 pra:-

423 4935 632 4992 dictum
661 4946 764 4993 est.
792 4939 946 4994 Licet
975 4946 1160 4993 autem
1214 4937 1316 4992 tibi
1343 4937 1679 5007 perSpicere,
1726 4953 1907 5009 neque
1947 4938 2002 4993 id

423 5026 681 5096 obscure,
723 5030 888 5102 hujus
914 5030 996 5086 rei
1023 5030 1348 5101 mysterium
1375 5029 1530 5083 velut
1562 5029 1618 5084 in
1666 5028 1834 5101 ﬁgura
1865 5047 2004 5101 qua-

423 5119 550 5175 dam
585 5120 641 5174 in
671 5121 767 5176 'iis
796 5121 983 5185 rebus,
1036 5136 1158 5190 quae
1187 5121 1351 5176 beato
1383 5121 1551 5192 Moysi
1611 5122 1963 5192 contigerunt
1989 5140 2002 5177 :

418 5211 530 5280 jam
558 5213 704 5266 enim
736 5212 1105 5282 proﬁciscenti
1137 5227 1204 5267 ex
1232 5212 1653 5267 Madianitarum
1693 5213 1919 5280 ﬁnibus,
1943 5231 2006 5271 ac

423 5305 744 5374 properanti
784 5305 842 5359 in
881 5303 1196 5375 Egyptum,
1258 5304 1399 5359 dixit
1454 5304 1642 5359 Deus:
1694 5324 1712 5356 ι
1746 5306 1886 5360 Dum
1917 5306 2004 5360 in-

423 5396 673 5465 grederis
719 5411 784 5450 ac
821 5396 1115 5452 reverteris
1151 5396 1208 5449 in
1239 5395 1552 5468 Egyptum,
1590 5397 1718 5453 vide
1748 5398 1996 5469 prodigia

423 5484 628 5540 omnia.
661 5500 782 5554 quae
810 5484 935 5539 dedi
965 5486 1019 5540 in
1059 5487 1314 5542 manibus
1345 5487 1478 5552 tuis,
1508 5487 1682 5544 facies
1719 5504 1784 5542 ea
1809 5504 1996 5543 coram

422 5573 705 5630 Pharaone
727 5574 790 5628 “.
817 5594 835 5625 ›
883 5577 986 5646 77
1017 5578 1084 5634 Et
1105 5576 1435 5647 quibusdam
1470 5576 1847 5646 interpositis:
1881 5595 1898 5626 ι
1929 5576 2000 5631 Et

422 5665 646 5731 accidit,
694 5665 896 5738 inquit,
929 5669 986 5722 in
1021 5669 1240 5736 itinere,
1295 5669 1351 5724 in
1394 5668 1705 5724 diversorio
1751 5667 2000 5724 occurrit

495 5781 539 5811 “
569 5779 743 5837 Galat.
783 5800 835 5847 v,
867 5784 954 5839 24.
1032 5786 1078 5816 ⁸³
1111 5785 1301 5841 Matth.
1345 5803 1459 5850 vm,
1490 5787 1579 5840 21.
1662 5786 1706 5818 ⁸³
1750 5786 1998 5841 Ιῢίι1.ἓ2.

2117 5789 2120 5816 ⁵
2151 5787 2325 5842 Galat.
2361 5803 2398 5846 ι,
2442 5787 2526 5841 16.

2112 4654 2202 4713 σεν
2232 4661 2458 4725 αὐτοὺς,
2502 4679 2520 4711 ι
2556 4661 2894 4731 προφητικὸν
2943 4661 3048 4732 ἔφη
3088 4662 3491 4734 χρησμῴδημα.
3540 4663 3702 4728 ’Ίδοις

2108 4749 2160 4803 δ”
2184 4751 2250 4804 ἂν
2284 4753 2377 4805 καὶ
2413 4751 2558 4822 μάλα
2587 4752 2771 4822 σαφῶς
2799 4753 2859 4806 τὸ
2889 4754 2981 4807 ἐπὶ
3035 4753 3172 4823 τῷδε
3211 4757 3508 4824 μυστήριον
3539 4753 3614 4818 ὼς
3641 4756 3701 4807 ὲν

2109 4843 2264 4913 τύπῳ
2307 4842 2468 4895 πάλιν
2509 4845 2621 4907 τοῖς
2673 4845 3045 4915 συμϐεϐηκόσι
3091 4843 3174 4916 τῷ
3211 4846 3466 4916 μακαρίῳ
3499 4847 3698 4916 Μωσῇ.

2122 4934 2479 5005 Ἐξοιχομένῳ
2504 4934 2620 5006 γὰρ
2649 4935 2749 5006 ἤδη
2779 4937 2879 5007 τῆς
2908 4936 3278 5007 Μαδιηναίων,
3318 4937 3700 4992 διασπεύδοντί

2101 5039 2162 5078 τε
2194 5021 2379 5076 λοιπὸν
2406 5027 2485 5087 εἰς
2513 5023 2816 5093 Αἴγυπτον,
2844 5025 2948 5098 ἔφη
2973 5026 3125 5091 Θεός·
3165 5046 3184 5079 ι
3222 5028 3698 5099 Είσπορευομένου

2105 5133 2199 5169 σου
2226 5118 2321 5170 καὶ
2350 5117 2785 5188 άποστρὲφοντος
2811 5120 2891 5182 είς
2923 5119 3220 5188 Αἴγυπτον,
3256 5120 3357 5191 ὅρα
3389 5119 3462 5173 τὰ
3491 5121 3698 5190 τέρατα

2104 5208 2304 5275 πάντα,
2349 5209 2386 5263 ἃ.
2419 5209 2629 5264 δέδωκα
2663 5213 2722 5265 ὲν
2763 5213 2884 5276 ταῖς
2928 5211 3085 5283 χερσί
3121 5228 3237 5278 σου,
3272 5213 3521 5281 ποιήσεις
3556 5210 3699 5264 αὐτὰ

2104 5302 2346 5355 ἐναντίον
2372 5300 2593 5374 Φαραὼ.
2632 5322 2652 5355 ι
2699 5304 2809 5357 Καὶ
2853 5303 2972 5374 μεθ’
3009 5304 3191 5375 ἕτεραο
3251 5322 3268 5355 ι
3304 5304 3410 5357 Kal
3436 5303 3692 5372 ἐγένετο,

2107 5393 2291 5462 φησιν,
2345 5395 2402 5448 ἐν
2441 5396 2508 5464 τῇ
2543 5393 2681 5464 ὁδῷ,
2730 5396 2790 5448 ὲν
2835 5395 2913 5466 τῷ
2957 5395 3301 5464 καταλύματι
3364 5396 3696 5466 συνήντησεν

2106 5485 2256 5556 αὐτῷ
2281 5485 2508 5554 ἄγγελος
2538 5487 2745 5558 Κυρίου
2765 5526 2779 5549 ,
2817 5488 2911 5541 καὶ
2943 5488 3125 5558 ἐζήτει
3154 5487 3316 5541 αὑτὸν
3345 5488 3690 5540 ἀποκτεῖναι·

2106 5579 2201 5631 καὶ
2227 5577 2465 5630 λαϐοῦσα
2495 5577 2770 5648 Σεπφώρα
2801 5579 3002 5648 ψῆφον,
3054 5579 3350 5650 περιέτεμε
3389 5578 3488 5650 τὴν
3519 5580 3690 5650 ἀκρο-

2105 5667 2331 5722 ϐυστίαν
2364 5667 2456 5722 τοῦ
2502 5668 2617 5721 υίοῦ
2644 5669 2865 5739 ,αὑτῆς,
2898 5671 2994 5723 καὶ
3038 5669 3346 5741 προσέπεσε
3385 5670 3523 5740 πρὸος
3563 5671 3692 5730 τοὺς

2608 5787 2835 5880 ‘illlebr.
2874 5789 3093 5853 vnn”,
3137 5789 3222 5844 15.
3303 5790 3350 5822 ⁵⁷
3381 5787 3619 5858 ΡῘΙῙῙῘΡΡ-
3647 5801 3688 5880 ¹ε

426 5850 516 5904 9.].
596 5850 640 5883 ⁸³
669 5853 825 5909 Rom.
861 5872 972 5924 vm,
1016 5855 1103 5911 55.
1183 5857 1226 5889 ⁸9
1274 5856 1386 5910 bid.
1447 5873 1498 5924 v,
1533 5857 1614 5917 1‘2.
1695 5857 1740 5890 ⁸ο
1781 5858 1880 5912 lsa.
1927 5874 2072 5921 LXlll,
2105 5858 2156 5914 9.
2236 5859 2278 5889 ⁵¹
2327 5857 2496 5911 Exod.
2537 5873 2606 5912 Iv.
2638 5858 2727 5909 “ll.
