4096 6442
333 329 458 389 257
1100 329 1201 388 ne
1237 332 1688 390 ADORATlONE
1725 333 1796 389 1N
1837 321 2048 389 Srnm
2063 333 2106 390 ιι
2144 335 2236 390 ET
2274 335 2816 392 VERITATE.'LIB.
2856 338 2924 392 ll.
3543 339 3648 398 ass

330 447 524 510 πόδας
562 443 726 500 αὐτοῦ
749 487 765 512 ,
822 445 916 500 καὶ
957 440 1138 503 εἷπεν
1193 451 1366 522 Ἔστη
1408 450 1471 504 τὸ
1519 445 1659 523 αἷμα
1709 450 1813 518 τῆς
1857 467 1947 505 πε-

2027 451 2142 513 ,ιιιι
2171 454 2399 524 angelus
2454 454 2696 520 Domini,
2735 464 2791 510 et
2843 453 3127 526 quaerebat
3183 454 3442 510 occidere
3469 469 3644 524 eum;

331 537 589 610 ριτομῆς
637 537 732 593 τοῦ
777 539 994 594 παιδίου
1039 558 1168 612 μου.
1209 559 1230 594 ι
1261 537 1528 614 τΑρέι-σοι.
1561 542 1775 614 μακροῦ
1816 542 1948 615 πρὸς

2062 553 2188 600 cum
2223 555 2406 601 autem
2445 548 3056 620 accepissetSepphora
3087 547 3385 613 calculum,
3407 547 3647 603 circum-

333 636 656 706 σαφήνειαν
684 633 867 705 δεήσει
889 634 1051 702 λόγου
1073 634 1280 706 ,ἤγουν
1310 637 1541 710 ἐναργὲς
1571 637 1631 690 rb
1656 636 1950 709 θεώρημα;

2064 636 2200 691 cidit
2232 639 2562 708 praeputium
2589 639 2690 694 ﬁlii
2723 641 2832 705 sui,
2864 648 2922 695 et
2943 639 3187 711 procidit
3214 639 3284 694 ad
3314 639 3486 710 pedes
3505 641 3650 712 ejus,

333 736 401 781 et
438 727 625 806 dixit:
656 725 823 782 Stetit
854 728 1081 799 sanguis
1109 728 1668 785 circumcisionisﬁlii
1686 729 1797 786 mei
1833 747 1846 783 :
1877 738 1935 785 et
1970 727 2313 785 discessitab
2351 747 2440 797 eo,
2470 732 2600 801 quia
2625 733 2800 788 dixit:
2835 733 2998 790 Stetit
3017 734 3241 806 sanguis
3262 734 3647 790 circumcisio-

333 819 432 873 nis
475 805 593 873 ﬁlii.
610 818 720 875 mei
755 819 824 871 ".
854 837 874 870 ι
905 819 1106 877 Utrum
1151 820 1322 893 igitur
1373 822 1475 876 tibi
1513 823 1750 894 longiori
1803 835 1946 892 opus
2011 828 2100 876 est
2163 822 2415 878 oratione
2469 825 2540 878 ad
2579 825 3010 895 explicandum?
3054 805 3138 879 an
3178 825 3508 896 perSpicuus
3562 833 3648 880 est

333 919 506 972 locus
545 913 616 968 ad
651 915 1140 986 contemplandum
1169 916 1536 988 propositus?

415 1004 638 1057 ΠΑΛΛ.
664 1003 739 1057 Οὐ
764 1003 864 1074 μέν
885 998 980 1058 οὖν
998 1021 1012 1035 ·
1042 1004 1266 1076 συνίημι
1292 1006 1403 1077 γὰρ
1427 1005 1724 1078 οὐδαμῶς-δ
1744 1005 1798 1059 τί
1817 1003 1958 1058 ποτέ

2127 1002 2335 1058 PALL.
2371 1003 2591 1057 Minime
2651 1003 2911 1073 quidem:
2955 1020 3137 1076 neque
3193 1004 3343 1060 enim
3378 1003 3647 1078 intelligo,

339 1097 470 1147 ἐστι
506 1095 572 1149 rb
616 1093 694 1159 ὡς
745 1095 804 1149 ἐν
843 1095 975 1167 σκιᾷ
1012 1093 1096 1167 -τῷ
1151 1095 1525 1168 συμϐεϐηκότι
1599 1095 1956 1152 καταδεικνύ-

2052 1092 2332 1163 quidnam
2382 1095 2522 1150 illud
2579 1095 2674 1160 sit,
2708 1096 2857 1166 quod
2913 1098 3068 1152 velut
3115 1112 3217 1167 per
3246 1095 3503 1152 umbram
3539 1097 3653 1153 hoc

333 1205 538 1259 μενον.

2062 1184 2211 1241 facto
2239 1185 2608 1256 signiﬁcetur.
3099 1256 3101 1258 _
3369 1208 3373 1210 -
3593 1220 3595 1224 .

416 1280 593 1335 ΚΥΡ.
623 1278 699 1334 Οὐ
728 1278 838 1352 γὰρ
859 1322 874 1349 ,
909 1272 956 1336 ὧ
1002 1279 1257 1352 φιλότης,
1297 1279 1499 1352 ἀληθὲς
1525 1277 1667 1336 εἶναι
1700 1282 1806 1352 φῂς
1825 1320 1841 1347 ,
1872 1280 1956 1336 ὅτι

2134 1274 2293 1330 CYR.
2330 1277 2544 1342 Nonne,
2579 1278 2810 1344 Palladi,
2834 1293 3029 1334 verum
3059 1293 3181 1334 esse
3219 1280 3319 1347 ais,
3351 1282 3519 1337 morti
3547 1282 3649 1337 ob-

335 1374 589 1427 θανάτου
630 1372 864 1444 κάτοχος
898 1373 934 1444 ἡ
963 1371 1255 1444 ἀνθρώπου
1287 1373 1450 1444 φύσις
1483 1374 1551 1428 ἐκ
1589 1377 1689 1446 τῆς
1721 1373 1952 1446 ἀρχαίας

2063 1368 2284 1423 noxiam
2309 1369 2509 1424 factam
2563 1384 2686 1424 esse
2721 1369 3008 1424 hominum
3061 1380 3316 1432 naturam
3375 1389 3443 1428 ex
3479 1375 3651 1429 male-

336 1464 571 1536 ἐκείνης
599 1465 825 1534 γέγονεν
859 1462 1038 1536 ἀρᾶςς
1089 1463 1307 1536 εἴρηται
1335 1464 1446 1537 γὰρ
1479 1466 1617 1538 πρὸς
1661 1467 1846 1536 ἡμᾶς,
1881 1466 1953 1529 ὡς

2063 1458 2214 1515 dicto
2247 1461 2570 1515 illo.veteri?
2602 1461 2816 1516 dictum
2848 1477 3088 1533 namque
3121 1462 3392 1519 adversus
3419 1480 3520 1520 nos
3535 1475 3650 1532 est,

337 1558 402 1610 ἐν
447 1558 680 1630 ἀπαρχῇ
737 1555 833 1610 τοῦ
881 1555 1074 1625 γένους
1133 1557 1231 1611 καὶ
1291 1556 1416 1630 ῥίζῃ
1455 1561 1524 1630 τῇ
1574 1559 1839 1614 ἀνωτάτω
1877 1557 1954 1630 τῷ

2065 1552 2214 1623 quod
2242 1562 2328 1609 est
2357 1553 2461 1624 ipsi
2493 1553 2693 1619 Adam,
2727 1554 2901 1609 veluti
2931 1555 3196 1626 primitiis
3215 1555 3390 1611 nostri
3415 1559 3653 1628 generis,

350 1649 563 1720 ’Δδάμο
601 1666 620 1701 ι
657 1648 734 1720 Γῆ
762 1641 835 1716 εἴ,
863 1647 962 1702 καὶ
981 1649 1062 1712 είς
1090 1647 1194 1720 γῆν
1223 1649 1526 1722 ἀπελεύσῃ.
1558 1669 1591 1705 ιο

2036 1676 2038 1690 ι
2068 1652 2126 1698 et
2157 1659 2428 1714 supremae
2464 1643 2642 1699 radici
2677 1643 2921 1711 dictum;
2963 1663 2980 1697 ι
3011 1644 3181 1700 Terra
3211 1660 3292 1712 es,
3315 1656 3387 1702 et
3440 1647 3506 1700 in
3536 1656 3653 1702 ter-

2065 1749 2183 1790 ram
2210 1735 2320 1790 ibis
2347 1735 2413 1788 5'.
2441 1754 2459 1786 ι

409 1829 642 1884 ΠΛΛΛ.
676 1827 828 1882 Πάνυ
859 1827 962 1900 μὲν
992 1822 1106 1884 οὖν.

2135 1827 2335 1883 PALL.
2368 1828 2601 1884 Maxime
2623 1844 2777 1884 vero.

429 1920 607 1975 KYP.
653 1918 867 1973 Οὐκοῦν
916 1919 1218 1992 ἐπειδήπερ
1249 1921 1349 1993 τὴν
1389 1921 1483 1976 τοῦ
1528 1922 1720 1993 γένους
1755 1925 1960 1996 ἀρχὴν,

2135 1921 2295 1977 CYR.
2342 1920 2481 1976 Cum
2540 1922 2710 1993 igitur
2759 1921 3057 1988 evenisset,
3098 1933 3163 1977 ut
3211 1923 3390 1994 ipsum
3441 1939 3659 1995 generis

341 2014 443 2068 τὸν
481 2015 549 2067 ἐκ
580 2013 683 2083 τῆς
709 2012 991 2085 ἁμαρτίας
1021 2012 1373 2085 συμϐέϐηκεν
1399 2015 1754 2088 ἀρῤωστῆσαι
1797 2016 1958 2072 θάνα-

2066 2014 2240 2069 nostri
2286 2013 2506 2070 initium
2537 2014 2724 2079 morti,
2775 2028 2998 2084 quae'ex
3051 2023 3278 2085 peccato
3329 2016 3656 2081 exstiterat,

341 2123 468 2170 τον,
501 2103 826 2174 ἀναγκαίως
859 2103 957 2158 καὶ
977 2106 1058 2169 είς
1085 2106 1232 2177 ἡμᾶς
1269 2105 1468 2170 αὐτοὺς
1487 2106 1550 2162 rb
1573 2109 1762 2180 χρῆμα
1785 2109 1958 2182 διέϐη,

2066 2105 2377 2176 subjectum
2418 2114 2592 2169 esset,
2639 2103 2958 2160 necessario
3015 2104 3070 2159 in
3104 2121 3208 2160 nos
3251 2107 3400 2178 ipsos
3437 2122 3659 2177 quoque

348 2199 453 2250 καὶ
483 2193 628 2268 ὁμοῦ
662 2197 729 2268 τῇ
755 2195 886 2270 ῥίζῃ
920 2196 1011 2250 καὶ
1031 2196 1100 2250 τὰ
1133 2198 1192 2264 ἐξ
1213 2197 1384 2270 αὐτῆς
1406 2198 1706 2255 ἅναθέοντα
1735 2219 1962 2257 κατενε-

2068 2199 2174 2253 boc
2223 2198 2428 2253 malum
2453 2198 2860 2270 _pertransivit,--
2891 2205 2949 2254 et
2980 2213 3091 2253 una
3145 2213 3272 2253 cum
3312 2197 3499 2272 radice
3532 2215 3659 2270 ger.

349 2289 508 2362 μήθη
529 2287 699 2358 φυτά.
729 2287 978 2360 Φθαρτοῦ
997 2288 1106 2362 γὰρ
1133 2288 1386 2362 σώματος
1411 2291 1647 2363 φθαρτὸς
1669 2294 1698 2346 6
1721 2293 1962 2364 καρπός.

2068 2294 2218 2349 mina
2256 2310 2478 2366 quoque
2527 2309 2596 2349 ex
2643 2294 2737 2349 illa
2797 2295 3131 2365 prodeuntia
3182 2295 3476 2365 depastum
3532 2305 3656 2362 est;

348 2377 517 2433 Οὕτω
555 2377 915 2449 βεϐασίλευκε
949 2378 1091 2434 κατὰ
1127 2380 1345 2434 πάντων
1374 2384 1402 2435 6
1441 2380 1672 2447 θάνατος
1692 2424 1706 2450 ,
1738 2385 1834 2439 καὶ
1865 2384 1964 2456 μέ-

2068 2401 2195 2441 nam
2227 2385 2610 2456 corruptibilis
2639 2386 2893 2456 corporis
2949 2384 3165 2440 fructus
3193 2386 3661 2456 etiam‘corrupti-

350 2491 483 2544 χρις
505 2469 683 2525 αὑτοῦ
715 2470 984 2537 Μωσέως,
1007 2471 1152 2527 τοῦτ’
1182 2471 1320 2542 ἔστι,
1345 2473 1456 2528 τῶν
1489 2475 1632 2530 κατά
1656 2477 1821 2549 νόμον
1846 2495 1967 2532 και-

2070 2478 2201 2534 bilis
2233 2479 2328 2542 sit,
2364 2493 2596 2534 necesse
2656 2487 2776 2546 est;
2823 2478 2900 2534 ita
2965 2498 2983 2529 ι
3009 2477 3266 2549 regnavit
3298 2494 3447 2534 mors
3496 2495 3663 2551 super

353 2563 492 2636 ρῶν.
520 2562 709 2627 Τύπος
733 2556 828 2618 οὖν
855 2563 965 2636 ἄρα
1003 2565 1184 2636 σαφής
1212 2582 1273 2619 τε
1303 2567 1395 2620 καὶ
1421 2563 1659 2639 ἐναργῆς
1683 2569 1775 2623 τοῦ
1805 2571 1968 2643 μέχρι

2071 2587 2284 2638 omnes,
2331 2572 2398 2627 ad
2441 2572 2623 2643 ipsum
2672 2587 2851 2643 usque
2907 2572 3198 2642 Moysen”
3245 2571 3301 2626 id
3347 2581 3454 2637 est,
3487 2588 3663 2643 usque

350 2655 612 2720 Μωσέως
640 2655 857 2726 ίσχύσαι
889 2655 983 2711 τὸν
1021 2655 1276 2727 θάνατον,
1311 2659 1406 2713 καὶ
1441 2659 1766 2716 ὑποκεῖσθαι
1793 2663 1967 2736 φθορᾷ

2071 2665 2140 2720 ad
2169 2665 2288 2735 ipsa
2317 2665 2456 2736 legis
2493 2672 2742 2735 tempora
2767 2665 2836 2718 ⁵⁸.
2887 2663 3119 2720 Mortem
3148 2664 3316 2735 igitur
3368 2679 3550 2734 usque
3595 2663 3664 2720 ad

351 2749 427 2802 τὰ
456 2747 779 2821 ἀνθρώπινα
803 2789 819 2813 ,
860 2748 922 2802 rb
964 2749 1255 2820 ἀγγελικὸν
1298 2753 1606 2826 ἐγχείρημα
1650 2755 1794 2811 κατά
1840 2758 1968 2812 Μω-

2071 2757 2297 2830 Moysen
2325 2758 2478 2812 vires
2506 2757 2793 2823 habuisse,
2826 2772 2902 2813 ac
2953 2772 3044 2812 res
3076 2757 3349 2811 humanas
3377 2755 3548 2811 fuisse
3574 2755 3661 2810 in-

357 2843 503 2908 σέως
524 2845 670 2896 τότε.
692 2842 846 2916 Πλὴν
863 2842 1133 2897 ἐδυσώπει
1145 2843 1236 2898 τὸν
1254 2844 1627 2918 ὀλοθρεύοντα,
1651 2850 1748 2905 καὶ
1767 2850 1973 2922 ἀφίστα

2075 2850 2265 2904 teritui
2297 2849 2596 2922 subjectas,
2628 2850 2722 2904 ille
2771 2849 2953 2921 angeli
2983 2857 3117 2904 tunc
3146 2849 3411 2904 adversus
3443 2848 3666 2920 Moysen

355 2935 633 2999 Μωσέως,
667 2936 701 3007 ἡ
731 2934 980 3000 σύνοικός
1007 2953 1068 2989 τε
1091 2937 1186 2991 καὶ
1219 2941 1638 3012 συνηρμοσμένη
1672 2942 1972 3014 Σεπφώρα,

2075 2949 2311 2998 conatus
2351 2941 2524 3014 ﬁgura
2571 2943 2802 2998 evidens
2859 2958 2926 2998 ac
2975 2942 3270 3014 perspicua
3308 2941 3436 2996 fuit.
3489 2941 3664 2997 Catte-

355 3033 531 3104 ψήτρῳ
564 3031 628 3086 rb
659 3033 862 3088 οἰκεῖον
900 3029 1272 3104 περιτεμοῦσα
1310 3007 1554 3098 παιδίον,
1595 3007 1971 3106 ἐκλιπαρούσά

2076 3049 2199 3087 rum
2225 3033 2564 3104 compescuit
2617 3033 3105 3101 exterminatorem
3131 3073 3145 3098 ,
3182 3042 3239 3088 et
3285 3048 3315 3086 a
3346 3034 3531 3099 Moyse
3565 3032 3666 3087 de-

356 3141 422 3177 τε
468 3125 567 3176 καὶ
601 3124 860 3194 λέγουσα⁶
899 3143 918 3176 ι
959 3124 1129 3195 Ἔστη
1161 3123 1221 3176 rb
1258 3121 1398 3196 αἷμα
1419 3124 1519 3195 τῆς
1546 3126 1850 3198 περιτομῆς
1878 3125 1970 3180 τοῦ

2062 3127 2216 3197 pulit
2264 3142 2405 3181 uxor
2441 3126 2746 3196 Sepphora,
2799 3141 2928 3181 cum
2961 3142 3122 3180 suum
3164 3125 3281 3196 ipsa
3330 3126 3505 3180 tilium
3549 3125 3665 3180 cal-

357 3215 580 3269 παιδὶου
625 3231 748 3286 μου.
789 3232 810 3266 ι
845 3215 1020 3285 Ἔπη
1051 3212 1109 3267 δὲ
1138 3213 1201 3268 rb
1231 3209 1392 3285 αἷμα,
1425 3216 1611 3286 φησὶν,
1647 3215 1746 3286 οὐχ
1766 3217 1841 3281 ὼς
1872 3219 1973 3289 τῆς

2073 3217 2200 3273 culo
2276 3217 2739 3281 circumcidisset,
2803 3226 2978 3286 ratque
3030 3216 3352 3286 supplicans
3416 3216 3661 3272 diceret:

356 3307 457 3362 τοῦ
482 3308 717 3378 αἵματος
740 3305 949 3378 ῥύσεως
971 3307 1440 3378 ἀποπαυσαμένης
1458 3323 1472 3337 ο
1497 3308 1618 3360 ούδέ
1639 3309 1770 3382 γὰρ,
1793 3307 1970 3381 οἶμαι,

2082 3328 2100 3360 ι
2136 3308 2301 3364 Stetit
2339 3307 2565 3379 sanguis
2622 3307 3067 3363 circumcisionis
3110 3307 3207 3361 ﬁlii
3245 3307 3354 3362 mei
3392 3307 3461 3361 ".
3487 3326 3505 3359 ι
3541 3307 3665 3362 Ste-

319 3409 324 3414 '
356 3397 528 3452 τοῦτο
561 3396 788 3468 μεθίστη
817 3395 951 3449 ποτέ
1007 3395 1100 3450 τοῦ
1142 3398 1309 3468 φονᾷν
1341 3397 1547 3452 ἐθέλειν
1579 3389 1675 3454 τὸν
1721 3401 1936 3474 ὀλοθρευ

2077 3401 2144 3456 tit
2171 3409 2357 3456 autem
2378 3401 2626 3491 sanguis,
2652 3416 2763 3456 non
2797 3416 2865 3456 eo
2904 3416 3071 3456 sensu
3093 3399 3257 3465 dixit,
3291 3399 3448 3470 quasi
3495 3398 3669 3455 ﬂuere

358 3493 487 3566 τὴν,
518 3493 638 3547 ἀλλ’
665 3493 934 3546 οἱονείπου
971 3491 1125 3563 ἔλεγε
1150 3509 1166 3525 ο
1197 3493 1520 3566 Πέπρακται
1551 3494 1645 3547 καὶ
1680 3493 1974 3566 πεπλήρω-

2076 3493 2299 3566 sanguis
2341 3492 2629 3559 desiisset;
2670 3508 2851 3564 neque
2884 3493 3035 3548 enim
3089 3492 3168 3558 id,
3210 3493 3430 3563 opinor,
3482 3500 3668 3547 exter-

359 3604 457 3640 ται
493 3585 555 3639 rb
587 3585 778 3639 δοκοῦν
802 3584 881 3657 τῷ
912 3584 1052 3657 Θεῷ,
1103 3585 1249 3640 τοῦτ’
1285 3587 1454 3656 ἔστιν,
1501 3588 1534 3659 ή
1571 3588 1840 3660 περιτομὴ
1877 3586 1972 3641 τοῦ

2143 3586 2407 3641 inatorem
2437 3600 2469 3639 a
2505 3586 2792 3640 voluntate
2820 3584 2991 3640 caedis
3020 3583 3289 3640 faciendae
3313 3584 3667 3640 retraxisset:
3757 3615 3760 3618 -

361 3677 607 3731 παιδίου“
649 3677 841 3748 ὥσπερ
882 3678 950 3733 ἂν
988 3680 1152 3742 εἴτις
1199 3679 1349 3750 λέγοι
1403 3681 1666 3752 τυχόν-Ὀ
1694 3680 1845 3735 τοῦδε
1879 3679 1973 3735 τοῦ

2078 3674 2174 3730 sed
2204 3689 2347 3744 pene
2377 3674 2484 3729 hoc
2509 3673 2690 3729 dixit:
2723 3673 3040 3730 Perfectum
3082 3681 3168 3730 est
3207 3664 3373 3745 atque
3425 3675 3671 3745 comple-

360 3768 701 3841 πράγματος
757 3767 887 3839 ἔστη
921 3766 1112 3836 τύπος,
1145 3768 1335 3840 ἤγουν,
1367 3771 1538 3842 Ἔστη
1572 3770 1735 3842 τυχὸν
1766 3772 1795 3824 6
1839 3770 1976 3842 πρὸς

2079 3775 2218 3833 tum,
2245 3767 2395 3838 quod
2423 3768 2538 3823 Deo
2571 3766 2754 3823 visum
2785 3776 2903 3834 est;
2938 3767 2994 3822 id
3041 3776 3229 3823 autem
3270 3775 3390 3822 erat
3429 3766 3529 3821 ﬁlii
3561 3766 3672 3821 mei

359 3860 485 3914 τόδε
518 3859 699 3928 λόγος.
736 3860 884 3912 ’Avr‘t
934 3859 1064 3926 τοῦ,
1107 3861 1253 3932 Πρὸς
1291 3861 1464 3933 πέρας
1491 3862 1616 3933 ἥκει
1659 3861 1758 3916 καὶ
1811 3861 1976 3918 δέδει-

2071 3860 2466 3927 circumcisio;
2496 3868 2559 3914 ut
2584 3860 2629 3915 si
2656 3861 2802 3931 quis,
2823 3859 2982 3915 verbi
3006 3861 3200 3932 gratia,
3228 3859 3438 3915 diceret
3466 3858 3673 3931 :Hujus

361 3967 519 4007 κται.
2079 3953 2160 4007 rei
2190 3951 2367 4024 ﬁgura
2392 3953 2583 4020 stetit;
2637 3961 2735 4007 aut
2764 3959 2916 4007 certe
2943 3969 2956 4005 :
2985 3952 3160 4022 Hujus
3196 3951 3310 4014 rei,
3358 3949 3514 4004 verbi
3545 3965 3674 4021 gra-

2075 4045 2178 4111 ‘tia,
2208 4045 2350 4099 ratio
2377 4045 2569 4110 stetit;
2598 4045 2746 4114 quod
2774 4043 2920 4099 idem
2944 4044 3111 4108 valet,
3137 4058 3201 4098 ac
3247 4043 3294 4098 si
3329 4042 3610 4098 diceretur
3639 4061 3652 4095 :

2080 4136 2165 4192 Ad
2196 4136 2362 4192 ﬁnem
2387 4137 2663 4207 pervenit,
2699 4151 2762 4190 ac
2792 4135 3177 4190 demonstrata
3206 4149 3299 4188 res
3329 4141 3435 4188 est.

442 4231 660 4285 ΠΛΛΛ.
693 4229 828 4283 Εἶτα
861 4228 945 4293 τίς
980 4228 1118 4300 πρὸς
1157 4229 1315 4300 ἡμῶν
1362 4230 1396 4300 ἡ
1442 4230 1717 4302 Σεπφώρα
1769 4235 1974 4303 νοοῖτο;

2149 4228 2348 4283 PALL.
2389 4228 2664 4284 Caeterum
2722 4227 2855 4299 quid
2909 4227 3219 4297 intelligere
3257 4241 3556 4298 possumus
3595 4227 3672 4282 si-

365 4322 424 4376 τί
456 4322 517 4376 δέ
545 4323 579 4392 ἡ
611 4320 814 4391 ψῆφος,
848 4319 944 4373 καὶ
979 4321 1012 4390 ἡ
1053 4318 1121 4372 δι’
1152 4318 1322 4390 αὐτῆς
1366 4320 1634 4393 γενομένη
1663 4329 1973 4398 περιτομή;

2083 4319 2346 4390 gniﬁcare
2376 4320 2721 4391 Seppboram
2743 4321 2768 4374 ?
2789 4319 2925 4390 quid
2976 4319 3108 4374 item
3137 4319 3436 4383 calculum,
3455 4333 3520 4373 ac
3561 4317 3675 4373 cir-

358 4414 751 4486 δεδυσώπηται
795 4413 852 4467 δέ
889 4413 1039 4476 ὅπως
1085 4414 1113 4466 6
1152 4411 1296 4476 θεῖος
1346 4412 1614 4482 ἄγγελος,
1661 4416 1755 4469 καὶ
1799 4419 1975 4494 διέδρα

2082 4414 2479 4469 cumcisionem
2531 4415 2746 4469 calculo
2774 4412 3014 4469 factam?
3041 4411 3507 4482 quemadmodum
3548 4427 3677 4482 por-

360 4509 582 4579 Μωσῆς
610 4506 702 4560 τὸν
740 4505 1125 4578 ἐπηρτημένον
1157 4503 1305 4575 αὐτῷ
1349 4506 1444 4559 καὶ
1490 4507 1842 4581 ὀφειλόμενον
1885 4515 1977 4569 θά-

2079 4523 2142 4562 ro
2169 4507 2450 4562 cohibitus
2495 4515 2582 4563 est
2640 4507 2866 4562 divinus
2919 4505 3170 4578 angelus,
3206 4514 3268 4560 ut
3294 4504 3528 4576 Moyses,
3562 4503 3677 4561 ﬁlio

363 4618 553 4667 νατον,
590 4599 808 4654 παιδίου
839 4598 1320 4671 περιτετμημένου
1358 4615 1374 4664 ;
1537 4601 1540 4603 λ

2075 4596 2430 4662 circumciso,
2487 4597 2873 4652 imminentem
2922 4596 3028 4652 sibi
3065 4603 3303 4650 mortem
3333 4610 3399 4650 ac
3432 4594 3677 4650 debitam

2079 4689 2343 4746 evaderet
2362 4691 2387 4744 ’ἶ

440 4799 613 4854 ΚΥΡ.
664 4799 908 4869 Ἀσαφὴς
961 4799 991 4852 6
1043 4798 1204 4866 λόγος
1228 4838 1244 4863 ,
1279 4798 1373 4852 καὶ
1404 4797 1726 4869 δυσέφικτος
1759 4803 1977 4874 ἀληθῶς

2155 4805 2267 4876 78
2293 4803 2452 4860 CYR.
2487 4803 2773 4859 Obscurus
2804 4811 2890 4858 est
2918 4817 3050 4858 sane
3077 4801 3257 4866 locus,
3284 4816 3388 4858 nec
3411 4799 3571 4858 facile
3607 4798 3677 4855 ad

361 4894 481 4950 τῶν
509 4891 864 4964 ζητουμένων
894 4892 923 4943 6
955 4888 1100 4954 νοῦς·
1133 4889 1256 4961 Θεῷ
1285 4889 1342 4944 δὲ
1376 4890 1602 4955 πίσυνος
1621 4933 1636 4957 ,
1663 4892 1738 4957 ὡς
1776 4894 1842 4948 ἂν
1866 4889 1978 4960 οἷός

2077 4897 2492 4966 propositarum
2523 4895 2895 4966 quaestionum
2943 4893 3365 4965 intelligentiam
3399 4891 3679 4962 perveniri

362 5004 427 5041 τε
485 4978 555 5049 ὧ,
588 4984 755 5038 πάλιν
793 4979 924 5053 ἐρῶ.
966 4981 1032 5034 Ἦ
1081 4980 1379 5052 Σεπφώρα,
1416 4981 1666 5054 θυγάτηρ
1705 4979 1840 5038 οὖσα
1883 4984 1976 5040 τοῦ

2081 4993 2298 5057 potest:
2330 4995 2536 5053 tamen,
2569 4987 2683 5043 Deo
2707 4987 2902 5052 fretus,
2938 4986 3116 5042 dicam
3152 4999 3347 5039 rursus
3367 4991 3428 5037 ut
3460 4990 3674 5053 potero.

364 5077 568 5150 ἱερέως
607 5075 704 5130 τοῦ
760 5072 996 5144 Μαδιάμ
1029 5073 1191 5145 (ἀνὴρ
1233 5073 1290 5127 δὲ
1329 5068 1483 5138 οὗτος
1516 5074 1810 5147 ἀλλογενὴς
1833 5116 1847 5140 ,
1883 5078 1981 5131 καὶ

2084 5078 2390 5150 Seppbora,
2417 5079 2528 5135 ﬁlia
2551 5079 2856 5136 sacerdotis
2897 5078 3113 5133 Madian
3139 5077 3210 5149 (is
3250 5085 3433 5132 autem
3478 5074 3678 5135 alieni-

360 5175 472 5228 ούκ
511 5171 571 5237 ἐξ
605 5171 840 5241 αἵματος
883 5167 1146 5240 Ἰσραὴλ),
1181 5168 1352 5221 τύπον
1384 5170 1518 5240 ἡμῖν
1565 5170 1660 5224 καὶ
1688 5169 1977 5242 πρόσωπον

2083 5188 2222 5243 gena
2270 5180 2411 5238 erat,
2444 5189 2626 5243 neque
2683 5171 2750 5227 ad
2808 5169 3030 5226 lsraelis
3063 5167 3386 5239 sanguinem
3425 5165 3678 5238 pertine-

359 5267 468 5336 τῆς
523 5264 586 5331 ἐξ
631 5262 805 5317 ἐθνῶν
869 5261 1200 5330 Ἐκκλησίας
1245 5262 1578 5334 ἀποπληροῖ,
1633 5264 1976 5335 κεκλημένης

2082 5260 2226 5333 bat),
2253 5261 2486 5333 ﬁguram
2519 5277 2582 5317 ac
2607 5275 2900 5332 personam
2930 5258 3192 5314 Ecclesiae
3211 5273 3276 5311 ex
3307 5256 3566 5328 gentibus
3593 5264 3679 5314 te.

360 5358 506 5431 πρὸς
551 5355 688 5410 Θεὸν
717 5355 795 5418 ὼς
839 5354 906 5408 ἐκ
943 5352 1202 5424 λατρείας
1239 5357 1534 5426 κοσμικῆς.
1586 5355 1840 5426 Εἴρηται·
1867 5356 1977 5428 γάρ

2083 5361 2200 5420 net,
2223 5369 2346 5424 quae
2373 5353 2440 5409 ad
2488 5354 2662 5409 Deum
2689 5369 2758 5406 ex
2803 5350 2999 5406 mundi
3056 5349 3222 5419 hujus
3280 5348 3436 5403 cultu
3484 5357 3680 5407 vocata

361 5470 472 5506 που
501 5449 644 5523 πρὸς
697 5448 872 5520 αὐτὴν
901 5447 993 5502 διὰ
1024 5448 1210 5519 φωνῆς
1236 5449 1332 5502 τοῦ
1383 5449 1576 5504 Δαϐίδ·
1614 5467 1636 5502 ι
1685 5451 1975 5517 Ἀκουσον,

2083 5455 2205 5515 est;
2235 5447 2444 5503 dictum
2465 5447 2669 5518 quippe
2708 5451 2794 5500 est
2815 5443 2883 5499 ad
2917 5443 3065 5498 illam
3095 5457 3194 5512 per
3223 5457 3416 5497 vocem
3464 5441 3638 5498 David
3663 5458 3677 5498 :

362 5544 633 5615 θύγατερ,
662 5542 761 5596 καὶ
789 5541 868 5594 ῐδε
893 5581 910 5608 ,
947 5539 1044 5594 καὶ
1076 5540 1257 5598 κλῖνον
1285 5541 1348 5596 rb
1375 5535 1469 5606 οὖς
1504 5559 1622 5607 σου,
1659 5543 1754 5597 καὶ
1783 5542 1978 5598 ἐπιλά-

2093 5561 2110 5592 ι
2138 5541 2302 5608 Audi,
2322 5541 2453 5607 ﬁlia,
2482 5549 2538 5596 et
2557 5540 2705 5605 vide,
2738 5547 2794 5594 et
2818 5537 3022 5594 inclina
3049 5550 3238 5592 aurem
3265 5543 3440 5601 tuam,
3459 5544 3514 5589 et
3537 5533 3681 5588 obli-

361 5638 462 5693 θου
488 5634 589 5691 τοῦ
637 5630 776 5688 λαοῦ
807 5649 935 5699 σου,
980 5631 1074 5686 καὶ
1110 5633 1208 5686 τοῦ
1257 5635 1410 5690 οἴκου
1446 5633 1543 5689 τοῦ
1595 5635 1804 5707 πατρός
1849 5651 1973 5701 σου,

2085 5634 2298 5690 viscere
2344 5636 2610 5706 populum
2658 5641 2816 5688 tuum
2839 5640 2896 5687 et
2941 5631 3165 5687 domum
3193 5627 3370 5700 patris
3398 5627 3478 5687 tui
3507 5644 3520 5686 :
3552 5625 3677 5701 quia

442 5827 492 5859 ⁶²
519 5823 700 5880 Exod.
725 5838 799 5889 IV,
821 5822 892 5878 24
917 5837 1072 5892 seqq.
1155 5821 1201 5856 ⁵³
1224 5822 1360 5878 Gen.
1397 5837 1475 5886 ιιι,
1505 5821 1589 5874 l9.
1707 5819 1752 5852 ’ί
1783 5819 1943 5875 Rom.
1992 5833 2044 5884 ν,

1155 5821 1201 5856 ⁵³
1224 5822 1360 5878 Gen.
1397 5837 1475 5886 ιιι,
1505 5821 1589 5874 19.
1707 5819 1752 5852 ’ί
1783 5819 1943 5875 Rom.
1992 5833 2044 5884 ν,
2093 5818 2176 5872 14.
2258 5777 2302 5846 ⁸”⁵
2333 5813 2505 5868 Exod.
2542 5829 2592 5868 ιγ
2663 5811 2731 5868 26
