4096 6484
424 359 537 447 asa

1478 352 1535 409 S.
1575 351 1849 410 CYRIIJJ
1884 351 2363 409 ALEXANDRIN’I
2389 348 2706 408 ARCHIEP.

3590 342 3698 401 260

426 483 749 554 concupivit
778 475 904 538 Rex
941 480 1204 537 decorem
1245 486 1402 532 tuum
1435 494 1450 530 :
1486 477 1746 548 queniam
1785 476 1900 547 ipse
1924 486 2011 531 est

2127 480 2194 532 5τι
2218 475 2562 547 ἐπεθύμησεν
2582 477 2610 528 6
2631 472 2891 537 Βασιλεὺς
2913 468 3006 551 τοῦ
3031 471 3260 536 κάλλους
3283 487 3400 534 σου,
3429 466 3512 522 ὅτι
3536 466 3699 534 αὑτός

428 576 700 634 Dominus
729 582 859 631 tuus
898 573 967 626 ".
987 591 1006 624 ι
1036 572 1242 628 Vocata
1288 570 1459 641 igitur
1489 583 1554 623 ea
1590 576 1698 634 est,
1765 568 1897 623 dum
1928 583 2017 623 se-

429 672 695 735 queretur
721 665 921 733 legem,
957 676 1023 716 ac
1050 657 1311 731 tanquam
1347 672 1476 714 cum
1514 658 1698 729 Moyse
1726 658 2019 729 paedagogo

430 754 784 808 matrimonio
800 753 1014 823 juncta,
1071 751 1167 821 qui
1203 751 1415 821 optime
1444 748 1515 806 ad
1559 749 1769 805 Christi
1813 757 2020 820 myste-

434 846 584 900 rium
615 843 872 915 perducit
914 844 980 896 ⁸⁷.
1023 842 1124 897 Est
1170 842 1324 897 enim
1370 841 1461 896 lex
1494 842 1756 912 magister
1796 841 2018 912 quidam

430 932 840 997 elementarius,
873 932 969 1002 qui
994 930 1252 1002 perducit
1284 930 1352 985 ad
1376 930 1532 986 initia
1554 946 1868 986 sermonum
1896 930 2017 996 Dei,

431 1040 495 1078 ac
521 1040 619 1094 per
654 1024 947 1094 aenigmata
992 1032 1051 1077 et
1084 1022 1314 1080 umbras
1343 1022 1680 1093 cognitionis
1725 1022 1865 1093 ejus,
1909 1036 2019 1092 qua

431 1116 641 1171 Christi
674 1116 1004 1187 mysterium
1038 1116 1368 1186 percipitur,
1394 1116 1568 1170 veluti
1596 1115 1807 1171 semina
1864 1128 2018 1184 quae-

433 1209 561 1264 dam
619 1208 677 1262 in
734 1206 898 1260 nobis
955 1206 1172 1260 inserit.
1207 1206 1399 1276 Itaque
1443 1205 1668 1271 Iudaeis,
1705 1205 1801 1275 qui
1837 1205 2017 1274 ipsum

433 1316 653 1372 quoque
678 1299 900 1372 Moysen
934 1299 1367 1354 sacratissimum
1421 1298 1760 1369 abjeeerant,
1802 1297 2020 1352 dicebat

432 1394 720 1449 Christus:
764 1406 783 1444 ι
812 1391 896 1446 An
952 1391 1180 1462 putatis,
1213 1390 1360 1461 quod
1394 1405 1496 1459 ego
1530 1397 1893 1461 accusaturus
1915 1389 2019 1444 sim

434 1500 535 1540 vos
575 1482 720 1555 apud
745 1481 1014 1537 Patrem?
1058 1487 1147 1535 est
1175 1480 1272 1550 qui
1299 1486 1524 1534 accuset
1558 1494 1678 1545 vos,
1705 1478 1935 1550 Moyses,
1960 1478 2019 1533 in

433 1591 601 1646 quem
626 1589 726 1629 vos
760 1572 1018 1643 speratis.
1051 1570 1108 1626 Si
1141 1571 1291 1625 enim
1338 1570 1642 1626 crederetis
1665 1570 1860 1642 Moysi,
1888 1581 2017 1624 cre-

445 1660 656 1716 deretis
684 1660 875 1729 utique
899 1663 958 1714 et
980 1659 1139 1723 mihi,
1165 1659 1233 1714 de
1256 1673 1344 1713 me
1366 1659 1515 1714 enim
1538 1659 1631 1714 ille
1658 1659 1965 1730 scripsit".
1991 1677 2009 1711 ι

436 1753 581 1823 Ergo
607 1767 733 1807 cum
760 1752 1045 1822 Sepphora
1076 1750 1338 1805 Ecclesiae
1354 1750 1478 1804 loco
1517 1765 1585 1804 ex
1614 1750 1872 1820 gentibus
1898 1750 2016 1805 col-

2120 570 2268 622 ὲστιν
2298 569 2327 622 ὁ
2354 567 2558 638 Κύριός
2602 582 2716 619 σου.
2756 583 2775 616 ι
2818 564 3096 635 Κέκληται
3124 564 3302 618 τοίνυν
3330 559 3698 616 ἀκολουθοῦσα

2116 660 2196 730 τῷ
2245 658 2411 729 νόμῳ,
2463 657 2558 710 καὶ
2612 654 2892 726 μονονουχὶ
2940 653 3363 724 συνηρμοσμένη
3409 652 3584 722 Μωσῇ
3618 648 3699 719 τῷ

2119 749 2455 820 παιδαγωγῷ
2477 791 2490 815 ,
2523 748 2617 802 καὶ
2648 746 2976 819 ἀποφέροντι
3002 745 3182 809 καλῶς
3212 744 3347 816 πρὸς
3377 744 3437 797 τὸ
3458 741 3699 813 Χριστοῦ

2123 843 2439 913 μυστήριον.
2480 840 2838 911 Στοιχειωτὴς
2879 838 2987 910 γὰρ
3029 841 3057 893 6
3085 837 3277 909 νόμος,
3310 837 3404 890 καὶ
3439 835 3699 905 ἀναφέρει

2128 936 2227 1006 μὲν
2259 938 2339 999 είς
2367 935 2541 1007 ἀρχὰς
2570 934 2678 985 τῶν
2707 931 2903 1001 λογίων
2933 929 3029 984 τοῦ
3062 928 3222 994 Θεοῦ,
3256 925 3616 1000 σπερματίζει
3642 925 3700 978 δὲ

2120 1027 2311 1098 ὥσπερ
2340 1026 2397 1081 ὲν
2451 1028 2584 1096 ἡμῖν
2617 1023 2685 1077 δι’
2733 1023 3068 1094 αἰνιγμάτων
3105 1022 3198 1075 καὶ¹
3230 1022 3387 1083 σκιᾶς
3436 1018 3530 1072 τοῦ
3560 1018 3727 1075 κατὰ.

2119 1117 2353 1190 Χριστὸν
2386 1116 2682 1188 μυστηρίου
2716 1114 2816 1186 τὴν
2844 1098 3065 1183 γνῶσιν.
3111 1113 3221 1167 Καὶ
3255 1113 3386 1180 γοῦν
3424 1110 3701 1173 Ἰουδαίοις

2118 1210 2356 1281 ἔφασκεν
2385 1214 2413 1265 ὁ
2453 1210 2706 1281 Χριστὸς,
2747 1209 2839 1263 καὶ
2872 1207 3034 1262 αὐτὸν
3063 1206 3358 1277 ῆθετηκόσι
3378 1204 3580 1258 Μωσέα
3607 1203 3701 1256 τῦν

2121 1304 2165 1356 ίε
2176 1302 2434 1375 ρώτατον⁹
2447 1321 2465 1354 ι
2488 1303 2559 1357 Ἦ
2575 1302 2781 1355 δοκεῖτε
2796 1301 2880 1354 ὃτι
2894 1298 3003 1369 ἐγὼ
3019 1297 3383 1370 κατηγορήσω
3396 1295 3547 1365 ὑμῶν
3565 1293 3702 1365 πρὸς

2119 1396 2211 1450 τὸν
2239 1395 2499 1467 Πατέρα;
2541 1394 2730 1449 Ἔστιν
2769 1394 2799 1447 ὁ
2829 1392 3149 1465 κατηγορῶν
3180 1389 3333 1460 ὑμῶν
3361 1388 3587 1457 Μωσῆς,
3618 1386 3702 1448 είς

2117 1483 2178 1537 δν
2213 1484 2371 1555 ὑμεῖς
2414 1483 2702 1553 ἠλπίκατε.
2748 1483 2811 1536 Εί
2844 1482 2954 1554 γὰρ
2984 1478 3299 1534 ἐπιστεύετε
3329 1478 3501 1546 Μωσῇ
3529 1515 3543 1537 ,
3579 1475 3703 1527 ἐπι-

2125 1575 2341 1629 στεύετε
2359 1574 2425 1629 ἄν
2451 1578 2475 1628 ὲ
2484 1562 2573 1645 μοί
2590 1592 2604 1605 ·
2624 1573 2880 1646 περὶγὰρ
2899 1573 3033 1644 ἐμοῦ
3063 1564 3268 1633 ἐκεῖνος
3295 1560 3520 1639 ἔγραψε.
3545 1578 3563 1617 ι
3586 1568 3704 1620 Πά-

2124 1665 2473 1738 ραδεχθείσης
2489 1663 2779 1736 τοιγαροῦν
2806 1661 2942 1735 πρὸς
2969 1661 3125 1734 ἡμῶν
3156 1661 3254 1731 τῆς
3282 1657 3582 1728 Σεπφὼρας
3622 1657 3707 1720 είς

2122 1757 2415 1828 πρόσωπον
2437 1756 2537 1826 τῆς
2567 1755 2626 1821 ἐξ
2655 1754 2825 1808 ἐθνῶν
2858 1752 3212 1823 Ἐκκλησίας,
3246 1750 3400 1829 ἔσται
3436 1766 3539 1802 που
3569 1748 3706 1802 πάν-

441 1842 599 1899 lccta:
646 1842 948 1912 accipiatur
981 1858 1012 1896 a
1045 1840 1224 1905 nobis,
1261 1841 1451 1910 procul
1477 1840 1669 1905 dubio,
1709 1840 1804 1911 qui
1830 1848 1916 1896 est
1948 1856 2016 1895 ex

2127 1867 2223 1914 τως
2255 1849 2318 1902 τδ
2356 1846 2416 1915 ἐξ
2471 1847 2642 1919 αὐτῆς
2673 1845 2884 1901 παιδίον
2917 1847 2998 1909 είς
3038 1843 3208 1899 τύπον
3237 1841 3333 1895 τοῦ
3367 1840 3488 1894 νέου
3546 1837 3705 1904 λαοῦ,

438 1951 505 1988 ea
553 1934 722 2001 filius,
770 1933 1097 1990 recentioris
1121 1931 1310 2002 populi
1356 1931 1585 2001 ﬁguram
1630 1932 1875 1997 tenebit;
1918 1945 1987 1985 eo

439 2026 587 2095 quod
612 2026 781 2088 illam,
834 2041 999 2096 quam
1043 2022 1273 2094 spiritus
1298 2021 1462 2077 eﬂicit
1486 2023 1544 2076 in
1580 2022 1804 2077 Christo
1831 2021 2019 2092 pueri-

441 2118 595 2181 tiam,
625 2124 790 2187 atque
818 2116 875 2171 in
897 2118 1071 2171 Deum
1105 2113 1580 2186 regenerationem
1609 2113 1902 2168 credentes
1923 2128 2019 2169 ac-

439 2210 710 2278 ceperint,
734 2223 873 2279 quos
906 2207 1075 2261 etiam
1097 2206 1385 2277 populum,
1434 2204 1530 2274 qui
1577 2203 1875 2267 creabitur,
1920 2217 2019 2272 ap-

439 2300 605 2368 pellat
648 2298 887 2367 quodam
922 2296 1044 2351 loco
1102 2296 1274 2351 David
1317 2296 1383 2350 ⁵³.
1428 2296 1480 2349 Is
1526 2294 1694 2365 igitur
1738 2309 1916 2364 nuper
1963 2293 2020 2347 in

438 2383 661 2448 Christo
688 2390 908 2461 genitus
942 2404 1103 2459 puer,
1132 2387 1430 2453 recentior,
1460 2387 1706 2457 inquam,
1736 2402 1836 2457 per
1856 2384 2020 2440 ﬁdem

437 2484 697 2553 papulas,
723 2497 823 2552 per
845 2480 1327 2537 circumcisionem
1354 2479 1412 2534 in
1434 2480 1634 2550 spiritu
1663 2487 1899 2534 mortem
1931 2492 2023 2533 co:-

438 2573 594 2628 hibet
626 2592 640 2627 :
691 2580 776 2628 est
816 2573 967 2631 enim
1006 2573 1252 2627 calculus
1272 2580 1487 2627 natura
1506 2572 1653 2626 illius
1695 2569 2023 2625 ﬁrmissima:

443 2666 575 2717 nota
601 2680 615 2729 ;
646 2664 767 2733 ejus
788 2663 937 2717 enim
974 2663 1147 2717 robur
1171 2671 1335 2733 atque
1358 2663 1607 2717 soliditas
1638 2678 1737 2732 per
1760 2662 2019 2731 lapidem,

439 2764 503 2809 ut
518 2755 612 2824 qui
634 2754 808 2809 durus
830 2754 1125 2809 admodum
1151 2756 1242 2820 sit,
1267 2755 1627 2826 signiﬁcatur.
1645 2755 1834 2824 Itaque
1857 2755 2023 2809 etiam

439 2844 599 2900 Jesus
623 2845 793 2910 Nave,
841 2860 966 2899 cum
991 2846 1328 2900 Israelitieas
1351 2847 1542 2916 copias
1569 2861 1669 2917 per
1714 2846 2015 2902 Jordanem

443 2936 769 3006 trajecisset,
795 2936 1048 3006 gladiolis
1087 2952 1183 2992 eos
1209 2936 1444 3007 lapideis
1479 2937 1849 3002 circumcidit,
1873 2937 2027 2993 vide-

440 3023 573 3079 licet
594 3024 742 3079 illam
770 3024 826 3078 in
851 3024 1074 3079 Christo
1099 3040 1199 3096 per
1254 3025 1509 3095 spiritum
1549 3026 2031 3082 circumcisionem

2118 1942 2219 2014 τὴν
2263 1943 2320 1996 ὲν
2368 1940 2591 2011 Χριστῷ
2640 1939 2730 1993 διά
2796 1941 3104 2008 πνεύματος
3150 1935 3448 2008 νηπιότητα
3485 1934 3581 1986 καὶ
3624 1933 3708 1996 εἰς
3770 2003 3779 2013 1

2118 2033 2250 2087 Θεὸν
2273 2033 2627 2103 ἀναγέννησιν
2656 2031 2965 2102 δεξαμένων
2984 2029 3094 2082 τῶν
3119 2025 3583 2089 πεπιστευκότων,
3611 2022 3708 2086 οὒς

2120 2126 2214 2179 καὶ
2232 2124 2361 2179 λαὸν
2390 2123 2707 2194 κτιζόμενον
2738 2122 2839 2193 ἔφη
2872 2140 2974 2175 που
3018 2120 3202 2175 Δαὸίδ.
3236 2120 3308 2173 Τὸ
3337 2117 3515 2172 τοίνυν
3550 2118 3707 2187 ἀρτι-

2119 2217 2275 2288 γενὲς
2307 2218 2366 2270 ὲν
2390 2215 2613 2290 Χριστῷ
2644 2215 2872 2280 παιδίον,
2905 2212 3048 2268 τοῦτ’
3094 2212 3262 2276 ἔστιν,
3298 2213 3325 2265 6
3353 2209 3470 2272 νέος
3512 2225 3573 2261 τε
3611 2200 3709 2260 καὶ

2119 2308 2208 2362 διὰ
2248 2307 2485 2371 πίστεως
2515 2306 2640 2378 λαὸς
2676 2304 2975 2378 περιτομῆς
3012 2303 3251 2385 δυσωπεῖ
3278 2299 3525 2385 θάνατον.
3554 2290 3707 2385 Σύμ-

2122 2400 2276 2454 ϐολον
2307 2399 2416 2471 γὰρ
2441 2400 2474 2471 ἡ
2497 2397 2676 2470 ψῆφος
2702 2400 2801 2469 τῆς
2844 2397 3121 2469 ἀρρήκτου
3152 2380 3387 2463 φύσεως,
3425 2377 3492 2463 ῆς
3517 2377 3578 2443 το
3615 2389 3710 2441 εύ-

2126 2491 2311 2557 σθενές
2354 2509 2413 2544 τε
2461 2493 2556 2544 καὶ
2608 2491 2909 2562 ἄθραυστον
2956 2488 3031 2552 ὡς
3081 2489 3137 2540 ὲν
3183 2484 3397 2556 σκληρᾷ
3451 2484 3519 2554 τῇ
3574 2480 3710 2552 λίθῳ

2126 2586 2470 2657 σημαίνεται.
2507 2584 2618 2638 Καὶ
2657 2582 2787 2653 γοῦν
2832 2576 3036 2653 Ἰησοῦς
3072 2582 3100 2633 6
3136 2578 3231 2633 τοῦ
3264 2578 3420 2649 Ναυῆ
3456 2573 3706 2630 διαϐιϐά-

2126 2697 2224 2743 σας
2251 2676 2341 2733 τδν
2366 2672 2639 2750 Ἰορδάνην
2671 2677 2797 2741 τοὺς
2824 2676 2882 2742 ἐξ
2919 2672 3154 2744 Ἰσραὴλ,
3183 2670 3481 2742 μαχαίραις
3509 2669 3708 2733 αὐτοὺς

2125 2771 2417 2842 περιέτεμε
2462 2768 2764 2840 πετρίναις,
2801 2766 2900 2837 τὴν
2944 2766 3002 2818 ὲν
3030 2764 3251 2836 Χριστῷ
3279 2762 3367 2817 διὰ
3398 2760 3711 2832 πνεύματος
3822 2760 3831 2767 ’

2126 2861 2429 2933 περιτομὴν
2466 2858 2887 2930 προανατυπῶν.
2922 2857 3104 2926 Πέτρα
3133 2854 3243 2927 γὰρ
3283 2854 3312 2907 6
3354 2852 3610 2924 Χριστος,
3645 2850 3707 2904 ὃν

2126 2955 2199 3017 ὡς
2227 2956 2284 3007 ὲν
2310 2952 2465 3024 τύπῳ
2492 2950 2765 3023 προδηλοῖ,
2792 2949 3041 3019 καθάπερ
3069 2947 3205 3016 ἔφην
3225 2945 3447 3018 ἀρτίως,
3471 2943 3618 3014 καὶὴ
3648 2942 3713 2995 τὸ

2126 3044 2431 3116 Σεπφώρας
2468 3043 2675 3097 παιδίον
2707 3040 3076 3113 περιτεμοῦσα
3095 3038 3296 3109 ψῆφος.
3321 3038 3449 3089 Ὅτε
3483 3035 3576 3089 καὶ
3614 3036 3714 3089 ἀπ-

448 3114 837 3205 praafigurabat
865 3134 878 3169 :
909 3125 1064 3186 petra
1095 3118 1241 3203 enim
1270 3116 1544 3182 Christus,
1567 3132 1730 3187 quem
1764 3125 2024 3187 tanquam

2130 3114 2263 3205 66m,
2291 3114 2540 3198 θάνατος,
2568 3133 2662 3186 καὶ
2695 3131 2796 3202 τῆς
2826 3133 2885 3185 ὲν
2913 3129 3133 3202 Χριστῷ
3160 3127 3465 3199 περιτομῆς
3490 3142 3713 3195 τετιμη-

442 3182 500 3258 in
522 3182 717 3274 ﬁgura,
745 3212 804 3258 ut
841 3182 1004 3259 modo
1032 3204 1167 3270 dixi,
1200 3196 1309 3259 ille
1352 3182 1863 3274 quoque-calculus
1879 3182 2024 3272 prte-
2050 3182 2093 3241 (ἶ

440 3302 619 3360 notat,
647 3309 758 3365 quo
800 3294 1101 3365 Seppboraa
1122 3302 1209 3350 est
1240 3294 1386 3349 ﬁlius
1428 3295 1791 3350 circumcisus
1815 3295 1879 3347 θοι
1906 3294 2027 3360 Quo

445 3393 696 3456 tempore
730 3386 897 3440 etiam
920 3401 1069 3442 mors
1104 3386 1338 3457 aufugit,
1374 3395 1539 3457 atque
1563 3402 1593 3440 a
1616 3386 1799 3457 Moyse
1822 3385 2029 3441 disces-

442 3473 515 3531 sit
536 3474 605 3542 is,
635 3471 730 3547 qui
779 3478 935 3531 illum
981 3479 1264 3548 quaerebat
1293 3478 1572 3543 occidere,
1616 3477 1765 3548 quod
1798 3476 1948 3532 illius
1971 3476 2026 3530 in

443 3560 670 3623 Christo
709 3560 1157 3623 circumc'isionis
1202 3568 1529 3641 mysterium
1570 3568 1914 3634 bonorarct;
1971 3569 2025 3623 in

442 3676 555 3733 quo
579 3676 668 3715 res
692 3656 809 3730 i‘psa
832 3670 982 3731 gesta
1008 3662 1240 3740 ﬁgurate
1279 3662 1444 3716 nobis
1485 3661 1833 3716 subclamare
1874 3661 2030 3715 vide-

444 3758 559 3817 tur,
607 3768 718 3807 non
753 3752 923 3808 abiis
970 3753 1157 3819 modo,
1203 3752 1304 3823 qui
1346 3752 1554 3808 Christi
1606 3753 2028 3810 circumcisione

443 3844 651 3917 dignati
676 3854 824 3911 sunt,
846 3846 1142 3901 recessisse
1164 3852 1434 3912 mortem;
1461 3846 1569 3916 '79
1589 3846 1685 3902 sed
1708 3847 1841 3917 ipsis
1861 3847 2028 3902 etiam

441 3938 692 4009 patribus
737 3952 859 3992 eam
908 3953 1066 4002 rem,
1113 3936 1345 3998 Christi,
1390 3936 1635 4007 inquam,
1682 3939 2024 4009 mysterium,
2089 3934 2099 3942 ’

441 4028 647 4083 auxilio
671 4027 862 4083 fuisse.
910 4028 982 4084 Ut
1003 4028 1153 4082 enim
1176 4042 1369 4083 omnes
1393 4028 1451 4082 in
1486 4026 1661 4083 Adam
1706 4032 1910 4086 mortui
1931 4047 2027 4086 su—

441 4134 586 4184 mus,
631 4120 714 4174 sic
767 4119 824 4174 in
864 4134 1061 4174 omnes
1083 4134 1307 4190 quoque
1331 4119 1425 4174 illa
1447 4135 1546 4190 per
1575 4118 1856 4176 Christum
1900 4134 2030 4192 gra-

441 4209 520 4265 tia
541 4210 719 4265 fertur
744 4226 809 4265 ac
834 4210 1108 4265 funditur.
1134 4211 1264 4266 Ideo
1287 4226 1526 4281 namque
1559 4221 1813 4268 mortuus
1833 4222 1939 4279 est,
1968 4221 2030 4269 ut

440 4308 499 4356 et
519 4302 757 4356 mortuis
777 4309 836 4355 et
861 4300 1004 4356 vivis
1026 4299 1433 4357 dominaretur.
1459 4302 1606 4373 Ergo
1630 4303 1727 4358 illo
1749 4303 1870 4374 ipso
1893 4311 2033 4358 tem-

2129 3223 2239 3287 κὼς
2265 3223 2326 3277 τὸ
2357 3224 2652 3294 μυστήριον
2682 3221 3089 3290 ἁποπεφοίτηκε
3115 3217 3205 3271 τοῦ
3235 3214 3477 3279 Μωσέως
3506 3218 3534 3269 ὁ
3573 3217 3714 3268 ἀπο-

2128 3318 2335 3370 κτεῖναι
2364 3314 2565 3386 ζητῶν,
2589 3312 3002 3385 αἰνιγματωδῶς
3029 3313 3162 3382 ἡμῖν
3184 3304 3596 3376 ὑποφωνοῦντος
3619 3306 3713 3360 τοῦ

2129 3406 2480 3479 πράγματος,
2532 3405 2607 3469 ὡς
2664 3405 2724 3459 οὑ
2778 3403 2936 3475 μόνον
2979 3402 3086 3455 τῶν
3135 3400 3452 3470 ἠξιωμένων
3505 3400 3604 3470 τῆς
3656 3392 3717 3453 ἐν

2128 3498 2348 3571 Χριστῷ
2388 3493 2691 3570 περιτομῆς
2713 3496 2923 3565 ἀπέστη
2969 3495 3217 3560 θάνατος,
3246 3494 3382 3548 ἀλλὰ
3405 3494 3499 3548 καὶ
3531 3491 3717 3558 αὐτοῖς

2130 3591 2189 3644 τι
2213 3590 2422 3661 χρῆμα.
2457 3589 2602 3659 φημὶ
2627 3588 2682 3641 δὲ
2709 3587 2773 3657 δὴ
2797 3588 2857 3640 τὸ
2892 3586 3127 3656 Χριστοῦ
3156 3587 3480 3656 μυστήριον,
3525 3583 3720 3653 βεϐοή-

2131 3682 2264 3754 Θηκε
2288 3684 2401 3744 τοῖς
2436 3680 2725 3750 πατράσιν.
2758 3679 2971 3749 Ὠσπερ
2998 3678 3108 3748 γὰρ
3138 3677 3339 3739 πάντες
3370 3675 3720 3745 ἀπεθάνομεν

2130 3777 2188 3828 έν
2223 3773 2417 3844 Ἀδὰμ,
2443 3771 2586 3826 οὕτω
2607 3770 2701 3824 καὶ
2722 3772 2800 3834 είς
2823 3769 3033 3832 πάντας
3056 3771 3088 3839 ἡ
3112 3768 3198 3822 διὰ
3220 3766 3459 3839 Χριστοῦ
3490 3766 3719 3837 φέρεται

2131 3868 2311 3939 χάριςι
2358 3866 2618 3919 Ἀπέθανε
2653 3863 2762 3935 γὰρ
2793 3864 2881 3917 διά
2919 3863 3095 3926 τοῦτο,
3132 3854 3217 3915 ἵνα
3247 3860 3341 3914 καὶ
3376 3860 3588 3931 νεκρῶν
3623 3858 3716 3913 καὶ

2130 3959 2346 4023 ζώντων
2368 3956 2653 4029 κυριεύσῃ.
2682 3954 2891 4009 Οὐκοῦν
2920 3956 2977 4009 ὲν
3000 3952 3176 4025 καιρῷ
3198 3953 3295 4023 τῆς
3318 3950 3412 4004 τοῦ
3442 3952 3563 4005 νέου
3583 3950 3716 4004 λαοῦ

2130 4050 2434 4122 περιτομῆς
2462 4049 2554 4102 καὶ
2593 4050 2626 4119 ἡ
2656 4047 2763 4101 τῶν
2794 4046 3045 4116 πατέρων
3088 4042 3541 4115 συγκατωροοῦτο
3579 4044 3715 4114 ζωή.

2130 4142 2274 4196 Ζῶσι
2304 4141 2414 4212 γὰρ
2442 4140 2600 4212 Θεῷ,
2653 4138 2841 4211 ζήσειν
2883 4139 3188 4209 μέλλοντες·
3229 4135 3381 4189 τουτὶ
3427 4135 3537 4206 γάρ
3566 4137 3719 4205 λήμῖν

2129 4233 2224 4287 καὶ
2256 4224 2400 4302 ἱερὸς
2444 4231 2547 4303 εφη
2594 4231 2771 4300 λόγος.
2808 4230 3017 4302 Καιρὸς
3059 4228 3118 4282 δὲ
3167 4228 3470 4299 περιτομῆς
3514 4227 3615 4295 τῆς
3658 4229 3718 4280 ὲν

2132 4322 2402 4393 πνεύματι
2423 4322 2720 4393 νοουμένης
2742 4324 2776 4393 ἡ
2796 4320 3033 4392 Χριστοῦ
3059 4319 3351 4392 παρουσία,
3376 4316 3450 4381 ὠς
3470 4314 3719 4381 Μωσέως

440 4407 597 4463 pore,
626 4407 737 4463 quo
754 4394 942 4464 junior
967 4395 1205 4465 populus
1228 4395 1667 4461 circumciditur,
1690 4397 1854 4452 simul
1887 4413 2025 4467 quo-

2136 4414 2232 4486 μὲν
2254 4412 2642 4485 πρεσϐύτερος,
2666 4413 2740 4476 ὼς
2759 4403 2913 4476 Θεὸς,
2936 4406 3186 4483 δεύτερος
3204 4411 3260 4464 δὲ
3275 4411 3368 4464 καὶ
3393 4413 3507 4480 μετ’
3530 4409 3717 4472 αὑτὸν,

444 4496 551 4552 que
565 4485 814 4554 patribus
826 4486 940 4542 vita
962 4488 1485 4557 prtestaturNivunt
1505 4487 1651 4541 enim
1673 4488 1786 4543 Deo
1803 4504 1892 4555 eo,
1910 4490 2025 4558 ipso

2132 4485 2266 4559 καθὸ
2300 4508 2545 4577 πέφηνεν
2582 4503 2866 4575 ἄνθρωπος
2896 4505 2972 4566 είς
3006 4501 3279 4556 διακονίαν
3312 4499 3409 4573 τῆν
3562 4501 3714 4571 ἡμῖν.

443 4574 592 4644 quod
616 4576 814 4631 victuri
845 4586 973 4633 sunt
998 4596 1011 4632 :
1046 4579 1103 4634 id
1124 4581 1275 4635 enim
1331 4579 1508 4634 sacris
1529 4579 1711 4634 Libris
1731 4587 1817 4635 est
1836 4580 2025 4651 prodi-

2139 4574 2582 4668 ‘Enttﬁpstv-(ap,
2617 4574 2699 4649 ὅτι
2741 4592 3147 4666 προεχειρίζετο
3183 4594 3350 4656 Θεὸς,
3379 4574 3584 4647 Mor—asa
3619 4591 3719 4661 μὲν

446 4672 564 4719 tum
613 4667 682 4720 σί.
729 4666 1048 4737 Spiritualis
1102 4685 1273 4740 porro
1314 4670 1760 4726 circumcisionis
1813 4679 2025 4741 tempus

2130 4686 2366 4756 πρῶτον,
2390 4684 2505 4740 εἶτα
2532 4684 2736 4756 συνῆψε
2761 4684 2852 4738 τὸν
2889 4682 3123 4755 ’Δαρὼν,
3154 4683 3255 4753 τῆς
3286 4681 3530 4744 Μωσέως
3581 4683 3719 4734 dm-

443 4754 652 4811 Christi
676 4758 948 4816 adventus
971 4768 1089 4817 est:
1116 4762 1235 4832 qui,
1262 4762 1515 4832 quamvis
1544 4762 1727 4834 Moyse
1776 4764 1848 4818 sit
1889 4765 2025 4820 anti-

2131 4778 2323 4848 στολῆς
2354 4796 2414 4832 τε
2430 4779 2531 4831 καὶ
2543 4776 2817 4839 διακονίας
2842 4775 3101 4846 δευτέραν
3130 4777 3187 4828 ὲν
3211 4773 3388 4845 χρόνῳ
3411 4787 3720 4843 προανατυ-

444 4849 626 4918 quior,
656 4857 719 4905 ut
744 4851 920 4918 Deus;
949 4852 1095 4907 idem
1154 4860 1338 4907 tamen
1388 4854 1671 4923 posterior
1714 4862 1821 4922 est,
1850 4872 1919 4912 ex
1962 4873 2025 4914 ee

2130 4866 2247 4919 πῶν
2268 4866 2368 4937 τὴν
2397 4866 2665 4931 ἀνάδειξιν
2704 4865 2800 4919 τοῦ
2822 4860 3080 4937 Χριστοῦ,
3112 4864 3170 4928 ὃς
3197 4860 3265 4935 ἦν
3288 4865 3345 4915 ὲν
3377 4863 3580 4934 ἰσότητι
3618 4862 3720 4932 μὲν

445 4939 594 5009 quod
616 4940 783 4996 homo
805 4943 1060 5014 apparuit
1083 4943 1285 4998 missus
1328 4942 1397 4997 ad
1441 4943 1809 5001 ministerium
1843 4958 2028 5005 nostra

446 5048 611 5088 causa
660 5041 998 5105 susceptum.
1051 5030 1228 5091 Velim
1280 5051 1521 5106 namque
1582 5037 2025 5110 animadvertas,

447 5124 667 5196 Moysen
716 5124 873 5197 prius
907 5127 1144 5182 electum
1186 5144 1216 5181 a
1258 5127 1371 5183 Deo
1421 5127 1614 5196 fuisse,
1656 5141 1848 5201 postea
1893 5150 2028 5191 vero

446 5214 631 5271 Aaron
665 5217 986 5287 adjunctum
1014 5233 1029 5271 :
1077 5216 1135 5271 in
1159 5231 1269 5286 quo
1299 5216 1392 5271 ille
1437 5217 1832 5291 praaﬁguravit,
1862 5223 2027 5281 Chri—

448 5306 517 5361 sti
574 5306 1005 5363 declarationem
1072 5308 1347 5380 legatione
1393 5327 1459 5368 ac
1506 5313 1819 5372 ministerio
1858 5317 2029 5391 Moysi

449 5406 697 5467 tempore
719 5398 1083 5469 posteriorem
1113 5400 1313 5470 fuisse;
1341 5403 1436 5474 qui
1461 5406 1688 5476 aequalis
1708 5415 1830 5464 erat
1856 5410 2029 5483 Moysi

449 5497 675 5559 propter
719 5488 1139 5559 humanitatem,
1191 5494 1286 5549 sed
1312 5495 1459 5565 quod
1493 5504 1610 5551 erat
1648 5497 1762 5555 Deo
1802 5512 2030 5571 parente

448 5583 687 5652 genitus,
736 5579 920 5639 divina
970 5588 1359 5660 praestantique
1401 5591 1725 5648 excellentia
1763 5594 2024 5665 pollebat.

522 5695 739 5767 'A°_Psal.
776 5713 918 5763 xuv,
961 5700 1048 5767 II,
1083 5701 1169 5756 12.

1287 5704 1331 5736 ⁸⁷
1367 5703 1533 5758 Hebr.
1573 5721 1627 5767 γ,
1658 5707 1888 5775 passim.

451 5764 496 5797 ⁴¹
538 5765 725 5821 Matth.
777 5784 906 5837 χχιι,
945 5769 1015 5825 24

2133 4963 2201 5030 τῇ
2234 4958 2369 5030 πρὸς
2408 4958 2611 5012 Μωσέα
2642 4957 2732 5011 διὰ
2776 4957 2839 5010 τὸ
2877 4957 3241 5029 ἀνθρώπινον,
3287 4957 3345 5009 ὲν
3386 4956 3628 5026 ὑπεροχῇ
3660 4955 3719 5008 δὲ

2139 5048 2263 5119 Θείᾳ
2292 5047 2387 5103 καὶ
2411 5048 2731 5119 ἀσυγκρίτῳ
2750 5047 2840 5101 διὰ
2861 5047 2921 5100 τὸ
2952 5046 3016 5099 ὲκ
3039 5045 3176 5099 Θεοῦ
3204 5046 3564 5124 γεγεννῆσθαι
3600 5046 3719 5100 Πα-

2136 5142 2286 5211 τρός.
2323 5140 2482 5212 Πάρα
2522 5140 2580 5193 δέ
2618 5157 2702 5194 σοι
2742 5140 2838 5194 καὶ
2871 5139 3030 5193 τοῦτο
3072 5139 3199 5192 ἰδεῖν
3229 5138 3289 5204 ἐξ
3326 5138 3524 5207 αὐτῶν,
3559 5138 3718 5212 εἰπερ

2137 5233 2297 5298 ἕλοιο,
2318 5234 2424 5288 τῶν
2445 5233 2606 5304 ἱερῶν
2622 5233 2991 5305 Γραμμάτων.
3018 5250 3035 5283 ι
3058 5233 3351 5301 Ἐποίησαν
3372 5250 3391 5283 ι
3417 5232 3545 5303 γὰρ,
3560 5232 3715 5303 φησι,

2145 5346 2164 5379 ι
2191 5329 2396 5400 Μωσῆς
2418 5329 2511 5381 καὶ
2543 5326 2773 5399 Ἀαρὼν,
2797 5327 3049 5397 καθάπερ
3073 5326 3376 5381 ἐνετείλατο
3398 5327 3582 5391 αὐτοῖς
3607 5326 3723 5380 Κύ-

2146 5433 2279 5488 ριος,
2309 5417 2482 5481 οὕτως
2506 5418 2789 5489 ἐποίησανο
2814 5419 3019 5482 Μωσῆς
3041 5413 3184 5488 δὲῆν
3204 5417 3341 5471 ἑτῶν
3364 5417 3718 5487 ὀγδοήκοντα,

2149 5509 2358 5581 Ἀαρὼν
2372 5510 2430 5564 δὲ
2448 5511 2477 5564 6
2496 5508 2725 5578 ἀδελφὸς
2747 5508 2913 5562 αὐτοῦ
2933 5508 3262 5578 ὀγδοήκοντα
3279 5506 3448 5578 τριῶν
3465 5501 3535 5580 ῆν
3555 5505 3721 5577 ἐτῶν,

2135 5601 2298 5673 ἡνίκα
2324 5602 2594 5674 ἐλάλησαν
2623 5600 2761 5672 πρὸς
2788 5599 3008 5673 Φαραώ.
3043 5619 3062 5652 ι
3099 5599 3343 5663 Ἀκούεις
3372 5601 3518 5665 ὅπως
3550 5600 3720 5670 ἄμφω

2005 5711 2052 5743 ⁵⁸
2077 5712 2234 5769 Joan.
2268 5732 2323 5782 v,
2354 5716 2445 5784 45,
2478 5715 2564 5770 ιο.
2645 5715 2693 5748 δ’
2724 5715 2868 5770 Psal.
2908 5731 2997 5771 cu.
3079 5716 3125 5749 ⁸⁸
3169 5715 3338 5776 Iosue
3386 5733 3440 5784 v,
3482 5718 3707 5789 passim.
