  <div class='ocr_page' id='page_1' title='image "/cluster/home/n/w/nwhite01/storage/ocr_20150623/68:no.1/coo.31924054869742/138.png"; bbox 0 0 4096 6462; ppageno 0'>
   <div class='ocr_carea' id='block_1_1' title="bbox 2661 99 2705 130">
    <p class='ocr_par' dir='ltr' id='par_1_1' title="bbox 2661 99 2705 130">
     <span class='ocr_line' id='line_1_1' title="bbox 2661 99 2705 130; baseline 0 0"><span class='ocrx_word' id='word_1_1' title='bbox 2661 99 2705 130; x_wconf 66' lang='grc' dir='ltr'><em>ο</em></span> 
     </span>
    </p>
   </div>
   <div class='ocr_carea' id='block_1_2' title="bbox 378 356 3713 443">
    <p class='ocr_par' dir='ltr' id='par_1_2' title="bbox 378 356 3713 443">
     <span class='ocr_line' id='line_1_2' title="bbox 378 356 3713 443; baseline 0.006 -21"><span class='ocrx_word' id='word_1_2' title='bbox 378 365 495 424; x_wconf 63' lang='lat' dir='ltr'><strong>ac:</strong></span> <span class='ocrx_word' id='word_1_3' title='bbox 1158 361 1247 425; x_wconf 77' lang='lat' dir='ltr'><strong>bs</strong></span> <span class='ocrx_word' id='word_1_4' title='bbox 1282 356 1733 427; x_wconf 51' lang='lat' dir='ltr'><strong>anonymous</strong></span> <span class='ocrx_word' id='word_1_5' title='bbox 1770 371 1839 428; x_wconf 82' lang='lat' dir='ltr'><strong>1N</strong></span> <span class='ocrx_word' id='word_1_6' title='bbox 1880 361 2153 431; x_wconf 68' lang='lat' dir='ltr'><strong>senum</strong></span> <span class='ocrx_word' id='word_1_7' title='bbox 2195 375 2284 431; x_wconf 86' lang='lat' dir='ltr'><strong>ET</strong></span> <span class='ocrx_word' id='word_1_8' title='bbox 2324 367 2702 434; x_wconf 75' lang='lat' dir='ltr'><strong>\‘ERITATE.</strong></span> <span class='ocrx_word' id='word_1_9' title='bbox 2745 378 2874 434; x_wconf 83' lang='lat' dir='ltr'><strong>LIB.</strong></span> <span class='ocrx_word' id='word_1_10' title='bbox 2917 377 2984 433; x_wconf 90' lang='lat' dir='ltr'><strong>Il.</strong></span> <span class='ocrx_word' id='word_1_11' title='bbox 3605 384 3713 443; x_wconf 69' lang='lat' dir='ltr'><strong>te:</strong></span> 
     </span>
    </p>
   </div>
   <div class='ocr_carea' id='block_1_3' title="bbox 383 480 1993 566">
    <p class='ocr_par' dir='ltr' id='par_1_3' title="bbox 383 480 1993 558">
     <span class='ocr_line' id='line_1_3' title="bbox 383 480 1993 558; baseline 0.004 -24"><span class='ocrx_word' id='word_1_12' title='bbox 383 480 503 553; x_wconf 71' lang='grc' dir='ltr'><strong>μὲν</strong></span> <span class='ocrx_word' id='word_1_13' title='bbox 544 482 722 555; x_wconf 70' lang='grc' dir='ltr'><strong>ἤστην</strong></span> <span class='ocrx_word' id='word_1_14' title='bbox 764 483 823 538; x_wconf 78' lang='grc' dir='ltr'><strong>ἰν</strong></span> <span class='ocrx_word' id='word_1_15' title='bbox 852 481 952 555; x_wconf 80' lang='grc' dir='ltr'><strong>ἴσῳ</strong></span> <span class='ocrx_word' id='word_1_16' title='bbox 985 482 1128 537; x_wconf 88' lang='grc' dir='ltr'><strong>κατά</strong></span> <span class='ocrx_word' id='word_1_17' title='bbox 1165 500 1228 553; x_wconf 86' lang='grc' dir='ltr'><strong>γε</strong></span> <span class='ocrx_word' id='word_1_18' title='bbox 1264 484 1325 538; x_wconf 83' lang='grc' dir='ltr'><strong>τὸ</strong></span> <span class='ocrx_word' id='word_1_19' title='bbox 1354 485 1514 557; x_wconf 75' lang='grc' dir='ltr'><strong>ἥκειν</strong></span> <span class='ocrx_word' id='word_1_20' title='bbox 1538 487 1619 551; x_wconf 85' lang='grc' dir='ltr'><strong>είς</strong></span> <span class='ocrx_word' id='word_1_21' title='bbox 1649 486 1993 558; x_wconf 58' lang='grc' dir='ltr'><strong>ὀγδοηκοστὸι</strong></span> 
     </span>
    </p>
   </div>
   <div class='ocr_carea' id='block_1_4' title="bbox 2092 480 3705 566">
    <p class='ocr_par' dir='ltr' id='par_1_4' title="bbox 2111 489 3705 566">
     <span class='ocr_line' id='line_1_4' title="bbox 2111 489 3705 566; baseline 0.007 -23"><span class='ocrx_word' id='word_1_22' title='bbox 2111 489 2266 545; x_wconf 90' lang='lat' dir='ltr'><strong>Licet</strong></span> <span class='ocrx_word' id='word_1_23' title='bbox 2288 501 2474 547; x_wconf 91' lang='lat' dir='ltr'><strong>autem</strong></span> <span class='ocrx_word' id='word_1_24' title='bbox 2493 509 2561 548; x_wconf 80' lang='lat' dir='ltr'><strong>ex</strong></span> <span class='ocrx_word' id='word_1_25' title='bbox 2581 493 2717 564; x_wconf 84' lang='lat' dir='ltr'><strong>ipsis</strong></span> <span class='ocrx_word' id='word_1_26' title='bbox 2743 509 2965 564; x_wconf 89' lang='lat' dir='ltr'><strong>quoque</strong></span> <span class='ocrx_word' id='word_1_27' title='bbox 2992 492 3167 549; x_wconf 87' lang='lat' dir='ltr'><strong>sacris</strong></span> <span class='ocrx_word' id='word_1_28' title='bbox 3190 491 3416 550; x_wconf 82' lang='lat' dir='ltr'><strong>Litteris</strong></span> <span class='ocrx_word' id='word_1_29' title='bbox 3439 494 3557 552; x_wconf 67' lang='lat' dir='ltr'><strong>haec</strong></span> <span class='ocrx_word' id='word_1_30' title='bbox 3581 513 3705 566; x_wconf 84' lang='lat' dir='ltr'><strong>per—</strong></span> 
     </span>
    </p>
   </div>
   <div class='ocr_carea' id='block_1_5' title="bbox 377 576 1993 664">
    <p class='ocr_par' dir='ltr' id='par_1_5' title="bbox 377 576 1993 650">
     <span class='ocr_line' id='line_1_5' title="bbox 377 576 1993 650; baseline 0.004 -22"><span class='ocrx_word' id='word_1_31' title='bbox 377 576 551 641; x_wconf 76' lang='grc' dir='ltr'><strong>ξτος,</strong></span> <span class='ocrx_word' id='word_1_32' title='bbox 586 579 638 630; x_wconf 87' lang='grc' dir='ltr'><strong>εί</strong></span> <span class='ocrx_word' id='word_1_33' title='bbox 682 578 778 632; x_wconf 80' lang='grc' dir='ltr'><strong>καὶ</strong></span> <span class='ocrx_word' id='word_1_34' title='bbox 820 578 940 650; x_wconf 77' lang='grc' dir='ltr'><strong>μετ’</strong></span> <span class='ocrx_word' id='word_1_35' title='bbox 971 579 1138 632; x_wconf 76' lang='grc' dir='ltr'><strong>αὐτὸν</strong></span> <span class='ocrx_word' id='word_1_36' title='bbox 1177 579 1258 642; x_wconf 87' lang='grc' dir='ltr'><strong>είς</strong></span> <span class='ocrx_word' id='word_1_37' title='bbox 1294 579 1610 647; x_wconf 78' lang='grc' dir='ltr'><strong>διακονίαν;</strong></span> <span class='ocrx_word' id='word_1_38' title='bbox 1640 578 1797 635; x_wconf 76' lang='grc' dir='ltr'><strong>Οὕτω</strong></span> <span class='ocrx_word' id='word_1_39' title='bbox 1842 580 1937 635; x_wconf 72' lang='grc' dir='ltr'><strong>καὶ</strong></span> <span class='ocrx_word' id='word_1_40' title='bbox 1977 582 1993 635; x_wconf 75' lang='grc' dir='ltr'>ἐ</span> 
     </span>
    </p>
   </div>
   <div class='ocr_carea' id='block_1_6' title="bbox 2092 576 3713 664">
    <p class='ocr_par' dir='ltr' id='par_1_6' title="bbox 2110 582 3713 664">
     <span class='ocr_line' id='line_1_6' title="bbox 2110 582 3713 664; baseline 0.006 -24"><span class='ocrx_word' id='word_1_41' title='bbox 2110 582 2349 655; x_wconf 85' lang='lat' dir='ltr'><strong>spicere,</strong></span> <span class='ocrx_word' id='word_1_42' title='bbox 2378 585 2425 641; x_wconf 88' lang='lat' dir='ltr'>si</span> <span class='ocrx_word' id='word_1_43' title='bbox 2482 586 2643 642; x_wconf 83' lang='lat' dir='ltr'><strong>velis.</strong></span> <span class='ocrx_word' id='word_1_44' title='bbox 2681 606 2700 639; x_wconf 79' lang='grc' dir='ltr'><strong>ι</strong></span> <span class='ocrx_word' id='word_1_45' title='bbox 2731 587 3013 643; x_wconf 87' lang='lat' dir='ltr'><strong>Fecerunt</strong></span> <span class='ocrx_word' id='word_1_46' title='bbox 3038 588 3210 655; x_wconf 88' lang='lat' dir='ltr'><strong>enim,</strong></span> <span class='ocrx_word' id='word_1_47' title='bbox 3266 588 3469 660; x_wconf 81' lang='lat' dir='ltr'><strong>inquit,</strong></span> <span class='ocrx_word' id='word_1_48' title='bbox 3497 590 3713 664; x_wconf 79' lang='lat' dir='ltr'><strong>Moyses</strong></span> 
     </span>
    </p>
   </div>
   <div class='ocr_carea' id='block_1_7' title="bbox 375 670 1993 748">
    <p class='ocr_par' dir='ltr' id='par_1_7' title="bbox 375 670 1993 746">
     <span class='ocr_line' id='line_1_7' title="bbox 375 670 1993 746; baseline 0.002 -23"><span class='ocrx_word' id='word_1_49' title='bbox 375 670 657 742; x_wconf 81' lang='grc' dir='ltr'><strong>Χριστός.</strong></span> <span class='ocrx_word' id='word_1_50' title='bbox 694 674 839 736; x_wconf 84' lang='grc' dir='ltr'><strong>Ἴσος</strong></span> <span class='ocrx_word' id='word_1_51' title='bbox 872 672 973 743; x_wconf 85' lang='grc' dir='ltr'><strong>μὲν</strong></span> <span class='ocrx_word' id='word_1_52' title='bbox 1000 672 1146 728; x_wconf 87' lang='grc' dir='ltr'><strong>κατά</strong></span> <span class='ocrx_word' id='word_1_53' title='bbox 1181 691 1235 728; x_wconf 89' lang='grc' dir='ltr'><strong>τι</strong></span> <span class='ocrx_word' id='word_1_54' title='bbox 1267 672 1348 745; x_wconf 82' lang='grc' dir='ltr'><strong>τῷ</strong></span> <span class='ocrx_word' id='word_1_55' title='bbox 1369 675 1567 746; x_wconf 84' lang='grc' dir='ltr'><strong>Μωσῇ,</strong></span> <span class='ocrx_word' id='word_1_56' title='bbox 1589 673 1678 728; x_wconf 78' lang='grc' dir='ltr'><strong>διὰ</strong></span> <span class='ocrx_word' id='word_1_57' title='bbox 1701 674 1764 729; x_wconf 80' lang='grc' dir='ltr'><strong>τὸ</strong></span> <span class='ocrx_word' id='word_1_58' title='bbox 1787 672 1993 746; x_wconf 84' lang='grc' dir='ltr'><strong>ἀνθρώ-</strong></span> 
     </span>
    </p>
   </div>
   <div class='ocr_carea' id='block_1_8' title="bbox 2092 670 3709 748">
    <p class='ocr_par' dir='ltr' id='par_1_8' title="bbox 2108 675 3709 748">
     <span class='ocr_line' id='line_1_8' title="bbox 2108 675 3709 748; baseline 0.005 -18"><span class='ocrx_word' id='word_1_59' title='bbox 2108 681 2168 730; x_wconf 84' lang='lat' dir='ltr'><strong>et</strong></span> <span class='ocrx_word' id='word_1_60' title='bbox 2191 675 2397 741; x_wconf 84' lang='lat' dir='ltr'><strong>Aaron,</strong></span> <span class='ocrx_word' id='word_1_61' title='bbox 2432 676 2578 732; x_wconf 82' lang='lat' dir='ltr'><strong>sicut</strong></span> <span class='ocrx_word' id='word_1_62' title='bbox 2602 687 2944 748; x_wconf 81' lang='lat' dir='ltr'><strong>praeceperat</strong></span> <span class='ocrx_word' id='word_1_63' title='bbox 2992 679 3076 734; x_wconf 89' lang='lat' dir='ltr'><strong>eis</strong></span> <span class='ocrx_word' id='word_1_64' title='bbox 3110 680 3399 745; x_wconf 88' lang='lat' dir='ltr'><strong>Dominus,</strong></span> <span class='ocrx_word' id='word_1_65' title='bbox 3450 682 3531 738; x_wconf 89' lang='lat' dir='ltr'><strong>sic</strong></span> <span class='ocrx_word' id='word_1_66' title='bbox 3559 683 3709 738; x_wconf 84' lang='lat' dir='ltr'><strong>fece-</strong></span> 
     </span>
    </p>
   </div>
   <div class='ocr_carea' id='block_1_9' title="bbox 378 764 1993 846">
    <p class='ocr_par' dir='ltr' id='par_1_9' title="bbox 378 764 1993 837">
     <span class='ocr_line' id='line_1_9' title="bbox 378 764 1993 837; baseline 0.001 -20"><span class='ocrx_word' id='word_1_67' title='bbox 378 782 579 828; x_wconf 75' lang='grc' dir='ltr'><strong>πίνον,</strong></span> <span class='ocrx_word' id='word_1_68' title='bbox 615 764 712 819; x_wconf 77' lang='grc' dir='ltr'><strong>καὶ</strong></span> <span class='ocrx_word' id='word_1_69' title='bbox 747 764 1008 837; x_wconf 84' lang='grc' dir='ltr'><strong>δεύτερος</strong></span> <span class='ocrx_word' id='word_1_70' title='bbox 1038 767 1117 830; x_wconf 86' lang='grc' dir='ltr'><strong>εἰς</strong></span> <span class='ocrx_word' id='word_1_71' title='bbox 1153 764 1492 837; x_wconf 77' lang='grc' dir='ltr'><strong>οἰκονομίαν,</strong></span> <span class='ocrx_word' id='word_1_72' title='bbox 1528 765 1926 837; x_wconf 82' lang='grc' dir='ltr'><strong>ὑπερκείμενος</strong></span> <span class='ocrx_word' id='word_1_73' title='bbox 1949 765 1993 819; x_wconf 74' lang='grc' dir='ltr'><strong>δὲ</strong></span> 
     </span>
    </p>
   </div>
   <div class='ocr_carea' id='block_1_10' title="bbox 2092 764 3711 846">
    <p class='ocr_par' dir='ltr' id='par_1_10' title="bbox 2111 766 3711 846">
     <span class='ocr_line' id='line_1_10' title="bbox 2111 766 3711 846; baseline 0.004 -25"><span class='ocrx_word' id='word_1_74' title='bbox 2111 775 2262 821; x_wconf 91' lang='lat' dir='ltr'><strong>runt.</strong></span> <span class='ocrx_word' id='word_1_75' title='bbox 2284 766 2498 840; x_wconf 74' lang='lat' dir='ltr'><strong>Moyses</strong></span> <span class='ocrx_word' id='word_1_76' title='bbox 2536 778 2722 825; x_wconf 89' lang='lat' dir='ltr'><strong>autem</strong></span> <span class='ocrx_word' id='word_1_77' title='bbox 2746 780 2867 825; x_wconf 90' lang='lat' dir='ltr'><strong>erat</strong></span> <span class='ocrx_word' id='word_1_78' title='bbox 2897 787 3169 827; x_wconf 89' lang='lat' dir='ltr'><strong>annorum</strong></span> <span class='ocrx_word' id='word_1_79' title='bbox 3197 774 3498 846; x_wconf 92' lang='lat' dir='ltr'><strong>octoginta,</strong></span> <span class='ocrx_word' id='word_1_80' title='bbox 3525 774 3711 829; x_wconf 81' lang='lat' dir='ltr'><strong>Aaron</strong></span> 
     </span>
    </p>
   </div>
   <div class='ocr_carea' id='block_1_11' title="bbox 379 857 1993 934">
    <p class='ocr_par' dir='ltr' id='par_1_11' title="bbox 379 857 1993 932">
     <span class='ocr_line' id='line_1_11' title="bbox 379 857 1993 932; baseline 0.001 -22"><span class='ocrx_word' id='word_1_81' title='bbox 379 857 486 910; x_wconf 82' lang='grc' dir='ltr'><strong>καί</strong></span> <span class='ocrx_word' id='word_1_82' title='bbox 521 857 1026 929; x_wconf 76' lang='grc' dir='ltr'><strong>ὑπερανεστηκὼς,</strong></span> <span class='ocrx_word' id='word_1_83' title='bbox 1077 858 1154 924; x_wconf 85' lang='grc' dir='ltr'><strong>ὼς</strong></span> <span class='ocrx_word' id='word_1_84' title='bbox 1199 858 1259 915; x_wconf 82' lang='grc' dir='ltr'><strong>ὲν</strong></span> <span class='ocrx_word' id='word_1_85' title='bbox 1282 857 1511 931; x_wconf 85' lang='grc' dir='ltr'><strong>Θεότητί</strong></span> <span class='ocrx_word' id='word_1_86' title='bbox 1550 876 1610 914; x_wconf 83' lang='grc' dir='ltr'><strong>τε</strong></span> <span class='ocrx_word' id='word_1_87' title='bbox 1639 859 1733 913; x_wconf 75' lang='grc' dir='ltr'><strong>καὶ</strong></span> <span class='ocrx_word' id='word_1_88' title='bbox 1774 858 1903 932; x_wconf 81' lang='grc' dir='ltr'><strong>δόξῃ</strong></span> <span class='ocrx_word' id='word_1_89' title='bbox 1937 861 1993 931; x_wconf 63' lang='lat' dir='ltr'><strong>ei</strong></span> 
     </span>
    </p>
   </div>
   <div class='ocr_carea' id='block_1_12' title="bbox 2092 857 3706 934">
    <p class='ocr_par' dir='ltr' id='par_1_12' title="bbox 2111 860 3706 934">
     <span class='ocr_line' id='line_1_12' title="bbox 2111 860 3706 934; baseline 0.004 -19"><span class='ocrx_word' id='word_1_90' title='bbox 2111 875 2247 915; x_wconf 89' lang='lat' dir='ltr'><strong>vero</strong></span> <span class='ocrx_word' id='word_1_91' title='bbox 2292 860 2466 916; x_wconf 84' lang='lat' dir='ltr'><strong>frater</strong></span> <span class='ocrx_word' id='word_1_92' title='bbox 2515 862 2639 933; x_wconf 85' lang='lat' dir='ltr'><strong>ejus</strong></span> <span class='ocrx_word' id='word_1_93' title='bbox 2697 865 2979 934; x_wconf 82' lang='lat' dir='ltr'><strong>octoginta</strong></span> <span class='ocrx_word' id='word_1_94' title='bbox 3024 866 3193 919; x_wconf 90' lang='lat' dir='ltr'><strong>trium</strong></span> <span class='ocrx_word' id='word_1_95' title='bbox 3244 882 3519 922; x_wconf 89' lang='lat' dir='ltr'><strong>annorum</strong></span> <span class='ocrx_word' id='word_1_96' title='bbox 3561 876 3706 933; x_wconf 91' lang='lat' dir='ltr'><strong>erat,</strong></span> 
     </span>
    </p>
   </div>
   <div class='ocr_carea' id='block_1_13' title="bbox 379 949 1993 1025">
    <p class='ocr_par' dir='ltr' id='par_1_13' title="bbox 379 949 1109 1024">
     <span class='ocr_line' id='line_1_13' title="bbox 379 949 1109 1024; baseline 0.008 -21"><span class='ocrx_word' id='word_1_97' title='bbox 379 950 541 1004; x_wconf 79' lang='grc' dir='ltr'><strong>κατὰ</strong></span> <span class='ocrx_word' id='word_1_98' title='bbox 562 949 665 1023; x_wconf 81' lang='grc' dir='ltr'><strong>τὴν</strong></span> <span class='ocrx_word' id='word_1_99' title='bbox 688 951 855 1022; x_wconf 88' lang='grc' dir='ltr'><strong>άγίαν</strong></span> <span class='ocrx_word' id='word_1_100' title='bbox 882 953 1109 1024; x_wconf 90' lang='grc' dir='ltr'><strong>Τριάδα.</strong></span> 
     </span>
    </p>
   </div>
   <div class='ocr_carea' id='block_1_14' title="bbox 2092 949 3709 1025">
    <p class='ocr_par' dir='ltr' id='par_1_14' title="bbox 2112 953 3709 1025">
     <span class='ocr_line' id='line_1_14' title="bbox 2112 953 3709 1025; baseline 0.005 -17"><span class='ocrx_word' id='word_1_101' title='bbox 2112 953 2337 1025; x_wconf 87' lang='lat' dir='ltr'><strong>quando</strong></span> <span class='ocrx_word' id='word_1_102' title='bbox 2387 953 2560 1009; x_wconf 89' lang='lat' dir='ltr'><strong>locuti</strong></span> <span class='ocrx_word' id='word_1_103' title='bbox 2615 962 2746 1009; x_wconf 91' lang='lat' dir='ltr'><strong>sunt</strong></span> <span class='ocrx_word' id='word_1_104' title='bbox 2791 954 2860 1009; x_wconf 91' lang='lat' dir='ltr'><strong>ad</strong></span> <span class='ocrx_word' id='word_1_105' title='bbox 2903 955 3246 1013; x_wconf 89' lang='lat' dir='ltr'><strong>Pharaonem</strong></span> <span class='ocrx_word' id='word_1_106' title='bbox 3292 960 3357 1013; x_wconf 84' lang='grc'><strong>⁶².</strong></span> <span class='ocrx_word' id='word_1_107' title='bbox 3388 979 3407 1012; x_wconf 73' lang='grc' dir='ltr'><strong>ι</strong></span> <span class='ocrx_word' id='word_1_108' title='bbox 3461 959 3709 1016; x_wconf 86' lang='lat' dir='ltr'><strong>Audisne</strong></span> 
     </span>
    </p>
   </div>
   <div class='ocr_carea' id='block_1_15' title="bbox 379 1046 3705 1129">
    <p class='ocr_par' dir='ltr' id='par_1_15' title="bbox 379 1046 3705 1129">
     <span class='ocr_line' id='line_1_15' title="bbox 379 1046 3705 1129; baseline 0.002 -29"><span class='ocrx_word' id='word_1_109' title='bbox 379 1046 894 1117; x_wconf 84' lang='lat' dir='ltr'><strong>quemadmodum,</strong></span> <span class='ocrx_word' id='word_1_110' title='bbox 940 1063 1008 1103; x_wconf 78' lang='lat' dir='ltr'><strong>ex</strong></span> <span class='ocrx_word' id='word_1_111' title='bbox 1059 1064 1128 1103; x_wconf 92' lang='lat' dir='ltr'><strong>eo</strong></span> <span class='ocrx_word' id='word_1_112' title='bbox 1172 1046 1401 1119; x_wconf 86' lang='lat' dir='ltr'><strong>quidem</strong></span> <span class='ocrx_word' id='word_1_113' title='bbox 1468 1048 1618 1119; x_wconf 90' lang='lat' dir='ltr'><strong>quod</strong></span> <span class='ocrx_word' id='word_1_114' title='bbox 1661 1048 1730 1104; x_wconf 91' lang='lat' dir='ltr'><strong>ad</strong></span> <span class='ocrx_word' id='word_1_115' title='bbox 1795 1046 2193 1119; x_wconf 82' lang='lat' dir='ltr'><strong>octogesimum</strong></span> <span class='ocrx_word' id='word_1_116' title='bbox 2243 1062 2450 1129; x_wconf 74' lang='lat' dir='ltr'><strong>aqnum</strong></span> <span class='ocrx_word' id='word_1_117' title='bbox 2502 1053 2900 1117; x_wconf 79' lang='lat' dir='ltr'><strong>pervenerunt,</strong></span> <span class='ocrx_word' id='word_1_118' title='bbox 2970 1050 3133 1104; x_wconf 89' lang='lat' dir='ltr'><strong>ambo</strong></span> <span class='ocrx_word' id='word_1_119' title='bbox 3171 1052 3412 1122; x_wconf 71' lang='lat' dir='ltr'><strong>aequales</strong></span> <span class='ocrx_word' id='word_1_120' title='bbox 3476 1052 3705 1121; x_wconf 78' lang='lat' dir='ltr'><strong>fuerint,</strong></span> 
     </span>
    </p>
   </div>
   <div class='ocr_carea' id='block_1_16' title="bbox 379 1139 3709 1214">
    <p class='ocr_par' dir='ltr' id='par_1_16' title="bbox 379 1139 3709 1214">
     <span class='ocr_line' id='line_1_16' title="bbox 379 1139 3709 1214; baseline 0.002 -19"><span class='ocrx_word' id='word_1_121' title='bbox 379 1140 492 1195; x_wconf 85' lang='lat' dir='ltr'><strong>sed</strong></span> <span class='ocrx_word' id='word_1_122' title='bbox 515 1139 710 1195; x_wconf 80' lang='lat' dir='ltr'><strong>Aaron</strong></span> <span class='ocrx_word' id='word_1_123' title='bbox 735 1156 973 1196; x_wconf 89' lang='lat' dir='ltr'><strong>numero</strong></span> <span class='ocrx_word' id='word_1_124' title='bbox 1018 1141 1286 1198; x_wconf 91' lang='lat' dir='ltr'><strong>trinitatis</strong></span> <span class='ocrx_word' id='word_1_125' title='bbox 1331 1142 1598 1198; x_wconf 72' lang='lat' dir='ltr'><strong>excellat?</strong></span> <span class='ocrx_word' id='word_1_126' title='bbox 1651 1158 1783 1214; x_wconf 87' lang='lat' dir='ltr'><strong>ergo</strong></span> <span class='ocrx_word' id='word_1_127' title='bbox 1825 1141 2010 1213; x_wconf 78' lang='lat' dir='ltr'><strong>Moyse</strong></span> <span class='ocrx_word' id='word_1_128' title='bbox 2053 1139 2356 1211; x_wconf 88' lang='lat' dir='ltr'><strong>antiquior,</strong></span> <span class='ocrx_word' id='word_1_129' title='bbox 2426 1140 2534 1195; x_wconf 88' lang='lat' dir='ltr'><strong>etsi</strong></span> <span class='ocrx_word' id='word_1_130' title='bbox 2584 1140 2643 1195; x_wconf 92' lang='lat' dir='ltr'><strong>in</strong></span> <span class='ocrx_word' id='word_1_131' title='bbox 2675 1141 2994 1197; x_wconf 78' lang='lat' dir='ltr'><strong>ministerio</strong></span> <span class='ocrx_word' id='word_1_132' title='bbox 3044 1145 3320 1213; x_wconf 84' lang='lat' dir='ltr'><strong>posterior</strong></span> <span class='ocrx_word' id='word_1_133' title='bbox 3374 1145 3562 1201; x_wconf 81' lang='lat' dir='ltr'><strong>fuerit.</strong></span> <span class='ocrx_word' id='word_1_134' title='bbox 3615 1144 3709 1202; x_wconf 91' lang='lat' dir='ltr'><strong>Sic</strong></span> 
     </span>
    </p>
   </div>
   <div class='ocr_carea' id='block_1_17' title="bbox 378 1232 3708 1309">
    <p class='ocr_par' dir='ltr' id='par_1_17' title="bbox 378 1232 3708 1309">
     <span class='ocr_line' id='line_1_17' title="bbox 378 1232 3708 1309; baseline 0.001 -20"><span class='ocrx_word' id='word_1_135' title='bbox 378 1243 447 1289; x_wconf 82' lang='lat' dir='ltr'><strong>et</strong></span> <span class='ocrx_word' id='word_1_136' title='bbox 474 1233 739 1291; x_wconf 88' lang='lat' dir='ltr'><strong>Christus</strong></span> <span class='ocrx_word' id='word_1_137' title='bbox 760 1235 992 1307; x_wconf 67' lang='lat' dir='ltr'><strong>aequalis</strong></span> <span class='ocrx_word' id='word_1_138' title='bbox 1011 1244 1101 1292; x_wconf 90' lang='lat' dir='ltr'><strong>est</strong></span> <span class='ocrx_word' id='word_1_139' title='bbox 1121 1235 1360 1307; x_wconf 91' lang='lat' dir='ltr'><strong>quadam</strong></span> <span class='ocrx_word' id='word_1_140' title='bbox 1392 1252 1462 1292; x_wconf 82' lang='lat' dir='ltr'><strong>ex</strong></span> <span class='ocrx_word' id='word_1_141' title='bbox 1506 1244 1664 1309; x_wconf 90' lang='lat' dir='ltr'><strong>parte</strong></span> <span class='ocrx_word' id='word_1_142' title='bbox 1693 1235 1861 1308; x_wconf 76' lang='lat' dir='ltr'><strong>Moysi</strong></span> <span class='ocrx_word' id='word_1_143' title='bbox 1908 1249 2009 1306; x_wconf 91' lang='lat' dir='ltr'><strong>per</strong></span> <span class='ocrx_word' id='word_1_144' title='bbox 2070 1232 2500 1299; x_wconf 83' lang='lat' dir='ltr'><strong>humanitatem,</strong></span> <span class='ocrx_word' id='word_1_145' title='bbox 2562 1249 2627 1289; x_wconf 91' lang='lat' dir='ltr'><strong>ac</strong></span> <span class='ocrx_word' id='word_1_146' title='bbox 2681 1233 3095 1304; x_wconf 87' lang='lat' dir='ltr'><strong>dispensatione</strong></span> <span class='ocrx_word' id='word_1_147' title='bbox 3139 1238 3453 1306; x_wconf 79' lang='lat' dir='ltr'><strong>posterior;</strong></span> <span class='ocrx_word' id='word_1_148' title='bbox 3488 1237 3585 1293; x_wconf 91' lang='lat' dir='ltr'><strong>sed</strong></span> <span class='ocrx_word' id='word_1_149' title='bbox 3626 1237 3708 1293; x_wconf 85' lang='lat' dir='ltr'><strong>ei-</strong></span> 
     </span>
    </p>
   </div>
   <div class='ocr_carea' id='block_1_18' title="bbox 378 1327 3702 1402">
    <p class='ocr_par' dir='ltr' id='par_1_18' title="bbox 378 1327 3702 1402">
     <span class='ocr_line' id='line_1_18' title="bbox 378 1327 3702 1402; baseline 0.001 -17"><span class='ocrx_word' id='word_1_150' title='bbox 378 1327 521 1387; x_wconf 86' lang='lat' dir='ltr'><strong>dem</strong></span> <span class='ocrx_word' id='word_1_151' title='bbox 550 1339 763 1396; x_wconf 87' lang='lat' dir='ltr'><strong>tamen,</strong></span> <span class='ocrx_word' id='word_1_152' title='bbox 797 1331 950 1402; x_wconf 92' lang='lat' dir='ltr'><strong>quod</strong></span> <span class='ocrx_word' id='word_1_153' title='bbox 977 1331 1047 1387; x_wconf 89' lang='lat' dir='ltr'><strong>ad</strong></span> <span class='ocrx_word' id='word_1_154' title='bbox 1106 1332 1383 1388; x_wconf 89' lang='lat' dir='ltr'><strong>Deitatem</strong></span> <span class='ocrx_word' id='word_1_155' title='bbox 1421 1348 1486 1389; x_wconf 90' lang='lat' dir='ltr'><strong>ac</strong></span> <span class='ocrx_word' id='word_1_156' title='bbox 1513 1342 1719 1390; x_wconf 59' lang='lat' dir='ltr'><strong>sanctae</strong></span> <span class='ocrx_word' id='word_1_157' title='bbox 1760 1330 2049 1389; x_wconf 79' lang='lat' dir='ltr'><strong>Trinitatis</strong></span> <span class='ocrx_word' id='word_1_158' title='bbox 2085 1329 2315 1402; x_wconf 79' lang='lat' dir='ltr'><strong>gloriam</strong></span> <span class='ocrx_word' id='word_1_159' title='bbox 2369 1331 2634 1401; x_wconf 87' lang='lat' dir='ltr'><strong>pertinet,</strong></span> <span class='ocrx_word' id='word_1_160' title='bbox 2672 1330 2834 1402; x_wconf 92' lang='lat' dir='ltr'><strong>longe</strong></span> <span class='ocrx_word' id='word_1_161' title='bbox 2890 1332 3234 1402; x_wconf 85' lang='lat' dir='ltr'><strong>praeponitur</strong></span> <span class='ocrx_word' id='word_1_162' title='bbox 3276 1342 3331 1389; x_wconf 90' lang='lat' dir='ltr'><strong>et</strong></span> <span class='ocrx_word' id='word_1_163' title='bbox 3372 1336 3702 1391; x_wconf 66' lang='lat' dir='ltr'><strong>anmfertur.</strong></span> 
     </span>
    </p>
   </div>
   <div class='ocr_carea' id='block_1_19' title="bbox 459 1424 1993 1503">
    <p class='ocr_par' dir='ltr' id='par_1_19' title="bbox 459 1426 1807 1503">
     <span class='ocr_line' id='line_1_19' title="bbox 459 1426 1807 1503; baseline 0.002 -21"><span class='ocrx_word' id='word_1_164' title='bbox 459 1426 681 1482; x_wconf 80' lang='lat' dir='ltr'><strong>IIAAA.</strong></span> <span class='ocrx_word' id='word_1_165' title='bbox 736 1428 826 1493; x_wconf 77' lang='grc' dir='ltr'><strong>Ὠς</strong></span> <span class='ocrx_word' id='word_1_166' title='bbox 863 1428 1045 1501; x_wconf 83' lang='grc' dir='ltr'><strong>σαφής</strong></span> <span class='ocrx_word' id='word_1_167' title='bbox 1074 1445 1136 1482; x_wconf 87' lang='grc' dir='ltr'><strong>τε</strong></span> <span class='ocrx_word' id='word_1_168' title='bbox 1165 1429 1260 1483; x_wconf 76' lang='grc' dir='ltr'><strong>καὶ</strong></span> <span class='ocrx_word' id='word_1_169' title='bbox 1302 1429 1542 1503; x_wconf 73' lang='grc' dir='ltr'><strong>ἐναργὴς</strong></span> <span class='ocrx_word' id='word_1_170' title='bbox 1568 1432 1598 1484; x_wconf 82' lang='grc' dir='ltr'>ὀ</span> <span class='ocrx_word' id='word_1_171' title='bbox 1626 1430 1807 1501; x_wconf 84' lang='grc' dir='ltr'><strong>λόγος.</strong></span> 
     </span>
    </p>
   </div>
   <div class='ocr_carea' id='block_1_20' title="bbox 2092 1424 3534 1503">
    <p class='ocr_par' dir='ltr' id='par_1_20' title="bbox 2178 1424 3534 1501">
     <span class='ocr_line' id='line_1_20' title="bbox 2178 1424 3534 1501; baseline 0.002 -19"><span class='ocrx_word' id='word_1_172' title='bbox 2178 1424 2384 1482; x_wconf 83' lang='lat' dir='ltr'><strong>PALL.</strong></span> <span class='ocrx_word' id='word_1_173' title='bbox 2413 1425 2620 1498; x_wconf 84' lang='lat' dir='ltr'><strong>Aperta</strong></span> <span class='ocrx_word' id='word_1_174' title='bbox 2647 1441 2780 1483; x_wconf 90' lang='lat' dir='ltr'><strong>sane</strong></span> <span class='ocrx_word' id='word_1_175' title='bbox 2810 1442 2877 1482; x_wconf 92' lang='lat' dir='ltr'><strong>ac</strong></span> <span class='ocrx_word' id='word_1_176' title='bbox 2910 1428 3207 1498; x_wconf 77' lang='lat' dir='ltr'><strong>perspicua</strong></span> <span class='ocrx_word' id='word_1_177' title='bbox 3242 1430 3534 1501; x_wconf 74' lang='lat' dir='ltr'><strong>expositio.</strong></span> 
     </span>
    </p>
   </div>
   <div class='ocr_carea' id='block_1_21' title="bbox 457 1514 1993 1597">
    <p class='ocr_par' dir='ltr' id='par_1_21' title="bbox 457 1521 1993 1597">
     <span class='ocr_line' id='line_1_21' title="bbox 457 1521 1993 1597; baseline 0.002 -21"><span class='ocrx_word' id='word_1_178' title='bbox 457 1524 633 1578; x_wconf 82' lang='grc' dir='ltr'><strong>ΚΥΡ.</strong></span> <span class='ocrx_word' id='word_1_179' title='bbox 692 1523 760 1577; x_wconf 90' lang='grc' dir='ltr'><strong>Τί</strong></span> <span class='ocrx_word' id='word_1_180' title='bbox 803 1522 897 1592; x_wconf 83' lang='grc' dir='ltr'><strong>δέ;</strong></span> <span class='ocrx_word' id='word_1_181' title='bbox 949 1521 1072 1596; x_wconf 78' lang='grc' dir='ltr'><strong>ούχὶ</strong></span> <span class='ocrx_word' id='word_1_182' title='bbox 1143 1524 1369 1578; x_wconf 85' lang='grc' dir='ltr'><strong>κάκεῖνο</strong></span> <span class='ocrx_word' id='word_1_183' title='bbox 1412 1524 1551 1597; x_wconf 83' lang='grc' dir='ltr'><strong>πρὸς</strong></span> <span class='ocrx_word' id='word_1_184' title='bbox 1590 1524 1801 1591; x_wconf 81' lang='grc' dir='ltr'><strong>τούτοις</strong></span> <span class='ocrx_word' id='word_1_185' title='bbox 1851 1523 1993 1592; x_wconf 77' lang='grc' dir='ltr'><strong>ἄξιον</strong></span> 
     </span>
    </p>
   </div>
   <div class='ocr_carea' id='block_1_22' title="bbox 2092 1514 3706 1597">
    <p class='ocr_par' dir='ltr' id='par_1_22' title="bbox 2174 1514 3706 1595">
     <span class='ocr_line' id='line_1_22' title="bbox 2174 1514 3706 1595; baseline 0.003 -20"><span class='ocrx_word' id='word_1_186' title='bbox 2174 1514 2334 1576; x_wconf 84' lang='lat' dir='ltr'><strong>CYR.</strong></span> <span class='ocrx_word' id='word_1_187' title='bbox 2365 1519 2554 1587; x_wconf 84' lang='lat' dir='ltr'><strong>Quid?</strong></span> <span class='ocrx_word' id='word_1_188' title='bbox 2612 1535 2797 1575; x_wconf 90' lang='lat' dir='ltr'><strong>nonne</strong></span> <span class='ocrx_word' id='word_1_189' title='bbox 2842 1519 2979 1576; x_wconf 90' lang='lat' dir='ltr'><strong>illud</strong></span> <span class='ocrx_word' id='word_1_190' title='bbox 3030 1529 3300 1592; x_wconf 65' lang='lat' dir='ltr'><strong>praeterea</strong></span> <span class='ocrx_word' id='word_1_191' title='bbox 3345 1522 3573 1595; x_wconf 81' lang='lat' dir='ltr'><strong>dignum</strong></span> <span class='ocrx_word' id='word_1_192' title='bbox 3619 1531 3706 1579; x_wconf 85' lang='lat' dir='ltr'><strong>est</strong></span> 
     </span>
    </p>
   </div>
   <div class='ocr_carea' id='block_1_23' title="bbox 385 1611 1993 1683">
    <p class='ocr_par' dir='ltr' id='par_1_23' title="bbox 385 1615 570 1680">
     <span class='ocr_line' id='line_1_23' title="bbox 385 1615 570 1680; baseline -0.011 -10"><span class='ocrx_word' id='word_1_193' title='bbox 385 1615 537 1670; x_wconf 82' lang='grc' dir='ltr'><strong>ίδετν</strong></span> <span class='ocrx_word' id='word_1_194' title='bbox 553 1631 570 1680; x_wconf 89' lang='grc'>;</span> 
     </span>
    </p>
   </div>
   <div class='ocr_carea' id='block_1_24' title="bbox 2092 1611 2798 1683">
    <p class='ocr_par' dir='ltr' id='par_1_24' title="bbox 2102 1611 2798 1683">
     <span class='ocr_line' id='line_1_24' title="bbox 2102 1611 2798 1683; baseline -0.001 -16"><span class='ocrx_word' id='word_1_195' title='bbox 2102 1611 2250 1683; x_wconf 92' lang='lat' dir='ltr'><strong>quod</strong></span> <span class='ocrx_word' id='word_1_196' title='bbox 2276 1612 2798 1668; x_wconf 78' lang='lat' dir='ltr'><strong>animadvertatur?</strong></span> 
     </span>
    </p>
   </div>
   <div class='ocr_carea' id='block_1_25' title="bbox 459 1700 1993 1775">
    <p class='ocr_par' dir='ltr' id='par_1_25' title="bbox 459 1707 1019 1775">
     <span class='ocr_line' id='line_1_25' title="bbox 459 1707 1019 1775; baseline 0.002 -14"><span class='ocrx_word' id='word_1_197' title='bbox 459 1707 680 1763; x_wconf 79' lang='grc' dir='ltr'><strong>ΠΔΛΛ.</strong></span> <span class='ocrx_word' id='word_1_198' title='bbox 723 1707 799 1761; x_wconf 83' lang='grc' dir='ltr'><strong>Τδ</strong></span> <span class='ocrx_word' id='word_1_199' title='bbox 828 1709 985 1762; x_wconf 81' lang='grc' dir='ltr'><strong>ποῖον</strong></span> <span class='ocrx_word' id='word_1_200' title='bbox 1003 1724 1019 1775; x_wconf 89' lang='lat'><strong>;</strong></span> 
     </span>
    </p>
   </div>
   <div class='ocr_carea' id='block_1_26' title="bbox 2092 1700 3026 1775">
    <p class='ocr_par' dir='ltr' id='par_1_26' title="bbox 2172 1700 3026 1769">
     <span class='ocr_line' id='line_1_26' title="bbox 2172 1700 3026 1769; baseline -0.001 -12"><span class='ocrx_word' id='word_1_201' title='bbox 2172 1700 2373 1758; x_wconf 87' lang='lat' dir='ltr'><strong>PALL.</strong></span> <span class='ocrx_word' id='word_1_202' title='bbox 2409 1700 2686 1769; x_wconf 84' lang='lat' dir='ltr'><strong>Quidnam</strong></span> <span class='ocrx_word' id='word_1_203' title='bbox 2713 1700 2859 1757; x_wconf 90' lang='lat' dir='ltr'><strong>istud</strong></span> <span class='ocrx_word' id='word_1_204' title='bbox 2896 1710 2982 1757; x_wconf 91' lang='lat' dir='ltr'><strong>cst</strong></span> <span class='ocrx_word' id='word_1_205' title='bbox 3002 1702 3026 1756; x_wconf 91' lang='lat'><strong>?</strong></span> 
     </span>
    </p>
   </div>
   <div class='ocr_carea' id='block_1_27' title="bbox 456 1793 1993 1895">
    <p class='ocr_par' dir='ltr' id='par_1_27' title="bbox 456 1800 1993 1875">
     <span class='ocr_line' id='line_1_27' title="bbox 456 1800 1993 1875; baseline 0.006 -24"><span class='ocrx_word' id='word_1_206' title='bbox 456 1800 636 1855; x_wconf 78' lang='grc' dir='ltr'><strong>ΚΥΡ.</strong></span> <span class='ocrx_word' id='word_1_207' title='bbox 677 1800 755 1854; x_wconf 82' lang='grc' dir='ltr'><strong>Οὐ</strong></span> <span class='ocrx_word' id='word_1_208' title='bbox 788 1801 986 1873; x_wconf 84' lang='grc' dir='ltr'><strong>γάρτοι</strong></span> <span class='ocrx_word' id='word_1_209' title='bbox 1021 1801 1123 1873; x_wconf 84' lang='grc' dir='ltr'><strong>τῆς</strong></span> <span class='ocrx_word' id='word_1_210' title='bbox 1179 1801 1290 1855; x_wconf 83' lang='grc' dir='ltr'><strong>τῶν</strong></span> <span class='ocrx_word' id='word_1_211' title='bbox 1321 1800 1634 1871; x_wconf 70' lang='grc' dir='ltr'><strong>Αἰγυπτίων</strong></span> <span class='ocrx_word' id='word_1_212' title='bbox 1664 1801 1993 1875; x_wconf 81' lang='grc' dir='ltr'><strong>ὲκδεδραμή-</strong></span> 
     </span>
    </p>
   </div>
   <div class='ocr_carea' id='block_1_28' title="bbox 2092 1793 3704 1895">
    <p class='ocr_par' dir='ltr' id='par_1_28' title="bbox 2171 1793 3704 1868">
     <span class='ocr_line' id='line_1_28' title="bbox 2171 1793 3704 1868; baseline 0.001 -17"><span class='ocrx_word' id='word_1_213' title='bbox 2171 1793 2332 1851; x_wconf 83' lang='lat' dir='ltr'><strong>CYR.</strong></span> <span class='ocrx_word' id='word_1_214' title='bbox 2364 1795 2487 1850; x_wconf 86' lang='lat' dir='ltr'><strong>Non</strong></span> <span class='ocrx_word' id='word_1_215' title='bbox 2511 1795 2661 1850; x_wconf 90' lang='lat' dir='ltr'><strong>enim</strong></span> <span class='ocrx_word' id='word_1_216' title='bbox 2687 1802 2817 1851; x_wconf 87' lang='lat' dir='ltr'><strong>ante</strong></span> <span class='ocrx_word' id='word_1_217' title='bbox 2843 1811 2911 1851; x_wconf 75' lang='lat' dir='ltr'><strong>ex</strong></span> <span class='ocrx_word' id='word_1_218' title='bbox 2960 1794 3344 1868; x_wconf 59' lang='lat' dir='ltr'><strong>IEgyptiorum</strong></span> <span class='ocrx_word' id='word_1_219' title='bbox 3398 1797 3565 1852; x_wconf 87' lang='lat' dir='ltr'><strong>terris</strong></span> <span class='ocrx_word' id='word_1_220' title='bbox 3604 1812 3704 1852; x_wconf 83' lang='lat' dir='ltr'><strong>ex-</strong></span> 
     </span>
    </p>
   </div>
   <div class='ocr_carea' id='block_1_29' title="bbox 377 1889 1996 1966">
    <p class='ocr_par' dir='ltr' id='par_1_29' title="bbox 377 1889 1996 1966">
     <span class='ocr_line' id='line_1_29' title="bbox 377 1889 1996 1966; baseline 0.002 -21"><span class='ocrx_word' id='word_1_221' title='bbox 377 1909 520 1946; x_wconf 84' lang='grc' dir='ltr'><strong>κασι</strong></span> <span class='ocrx_word' id='word_1_222' title='bbox 550 1889 659 1963; x_wconf 80' lang='grc' dir='ltr'><strong>γῆς</strong></span> <span class='ocrx_word' id='word_1_223' title='bbox 689 1894 738 1945; x_wconf 90' lang='grc' dir='ltr'><strong>οἰ</strong></span> <span class='ocrx_word' id='word_1_224' title='bbox 765 1890 824 1957; x_wconf 78' lang='grc' dir='ltr'><strong>ἐξ</strong></span> <span class='ocrx_word' id='word_1_225' title='bbox 860 1892 1106 1966; x_wconf 82' lang='grc' dir='ltr'><strong>Ἰσραήλ.</strong></span> <span class='ocrx_word' id='word_1_226' title='bbox 1149 1893 1298 1948; x_wconf 82' lang='grc' dir='ltr'><strong>Ἀλλ’·</strong></span> <span class='ocrx_word' id='word_1_227' title='bbox 1331 1894 1441 1948; x_wconf 75' lang='grc' dir='ltr'><strong>οὐδ’</strong></span> <span class='ocrx_word' id='word_1_228' title='bbox 1473 1893 1540 1948; x_wconf 83' lang='grc' dir='ltr'><strong>ἂν</strong></span> <span class='ocrx_word' id='word_1_229' title='bbox 1567 1890 1711 1948; x_wconf 75' lang='grc' dir='ltr'><strong>οὕτω</strong></span> <span class='ocrx_word' id='word_1_230' title='bbox 1739 1898 1838 1966; x_wconf 83' lang='grc' dir='ltr'><strong>τὴν</strong></span> <span class='ocrx_word' id='word_1_231' title='bbox 1869 1893 1996 1948; x_wconf 88' lang='grc' dir='ltr'><strong>δυσ-</strong></span> 
     </span>
    </p>
   </div>
   <div class='ocr_carea' id='block_1_30' title="bbox 378 1984 1998 2061">
    <p class='ocr_par' dir='ltr' id='par_1_30' title="bbox 378 1984 1998 2061">
     <span class='ocr_line' id='line_1_30' title="bbox 378 1984 1998 2061; baseline 0.001 -22"><span class='ocrx_word' id='word_1_232' title='bbox 378 1984 533 2055; x_wconf 83' lang='grc' dir='ltr'><strong>αχθῆ</strong></span> <span class='ocrx_word' id='word_1_233' title='bbox 588 2001 648 2037; x_wconf 89' lang='grc' dir='ltr'><strong>τε</strong></span> <span class='ocrx_word' id='word_1_234' title='bbox 715 1985 813 2038; x_wconf 76' lang='grc' dir='ltr'><strong>καὶ</strong></span> <span class='ocrx_word' id='word_1_235' title='bbox 859 1985 1350 2061; x_wconf 71' lang='grc' dir='ltr'><strong>κατεστυγημὲνην</strong></span> <span class='ocrx_word' id='word_1_236' title='bbox 1410 1986 1599 2050; x_wconf 78' lang='grc' dir='ltr'><strong>αὐτοῖς</strong></span> <span class='ocrx_word' id='word_1_237' title='bbox 1655 1986 1998 2041; x_wconf 87' lang='grc' dir='ltr'><strong>άπελύσαντο</strong></span> 
     </span>
    </p>
   </div>
   <div class='ocr_carea' id='block_1_31' title="bbox 372 2076 1997 2150">
    <p class='ocr_par' dir='ltr' id='par_1_31' title="bbox 372 2076 1997 2150">
     <span class='ocr_line' id='line_1_31' title="bbox 372 2076 1997 2150; baseline 0 -20"><span class='ocrx_word' id='word_1_238' title='bbox 372 2076 663 2140; x_wconf 80' lang='grc' dir='ltr'><strong>δουλείαν,</strong></span> <span class='ocrx_word' id='word_1_239' title='bbox 690 2076 893 2148; x_wconf 80' lang='grc' dir='ltr'><strong>μᾶλλον</strong></span> <span class='ocrx_word' id='word_1_240' title='bbox 923 2076 1004 2142; x_wconf 84' lang='grc' dir='ltr'><strong>δὲ,</strong></span> <span class='ocrx_word' id='word_1_241' title='bbox 1040 2076 1149 2132; x_wconf 81' lang='grc' dir='ltr'><strong>οὐδ’</strong></span> <span class='ocrx_word' id='word_1_242' title='bbox 1182 2076 1415 2141; x_wconf 42' lang='lat' dir='ltr'><strong>suam;</strong></span> <span class='ocrx_word' id='word_1_243' title='bbox 1447 2076 1741 2150; x_wconf 78' lang='grc' dir='ltr'><strong>διέδρασαν.</strong></span> <span class='ocrx_word' id='word_1_244' title='bbox 1763 2077 1856 2132; x_wconf 81' lang='grc' dir='ltr'><strong>τὸν</strong></span> <span class='ocrx_word' id='word_1_245' title='bbox 1883 2078 1997 2142; x_wconf 83' lang='grc' dir='ltr'><strong>τοῖς</strong></span> 
     </span>
    </p>
   </div>
   <div class='ocr_carea' id='block_1_32' title="bbox 373 2162 1996 2243">
    <p class='ocr_par' dir='ltr' id='par_1_32' title="bbox 373 2162 1996 2243">
     <span class='ocr_line' id='line_1_32' title="bbox 373 2162 1996 2243; baseline -0.001 -20"><span class='ocrx_word' id='word_1_246' title='bbox 373 2170 440 2223; x_wconf 69' lang='grc' dir='ltr'><strong>ἐν</strong></span> <span class='ocrx_word' id='word_1_247' title='bbox 476 2168 748 2240; x_wconf 76' lang='grc' dir='ltr'><strong>Αἰγύπτῳ</strong></span> <span class='ocrx_word' id='word_1_248' title='bbox 786 2169 1156 2242; x_wconf 87' lang='grc' dir='ltr'><strong>πρωτοτόκοις</strong></span> <span class='ocrx_word' id='word_1_249' title='bbox 1197 2168 1559 2243; x_wconf 71' lang='grc' dir='ltr'><strong>ὲπιρῤιςρέντα</strong></span> <span class='ocrx_word' id='word_1_250' title='bbox 1609 2162 1861 2233; x_wconf 85' lang='grc' dir='ltr'><strong>θάνατον,</strong></span> <span class='ocrx_word' id='word_1_251' title='bbox 1904 2162 1996 2222; x_wconf 76' lang='grc' dir='ltr'><strong>καὶ</strong></span> 
     </span>
    </p>
   </div>
   <div class='ocr_carea' id='block_1_33' title="bbox 372 2260 1997 2335">
    <p class='ocr_par' dir='ltr' id='par_1_33' title="bbox 372 2260 1997 2335">
     <span class='ocr_line' id='line_1_33' title="bbox 372 2260 1997 2335; baseline -0.001 -17"><span class='ocrx_word' id='word_1_252' title='bbox 372 2265 485 2334; x_wconf 74' lang='grc' dir='ltr'><strong>τὴν</strong></span> <span class='ocrx_word' id='word_1_253' title='bbox 515 2262 919 2332; x_wconf 74' lang='grc' dir='ltr'><strong>δυσδιάςρυκτον</strong></span> <span class='ocrx_word' id='word_1_254' title='bbox 961 2266 1121 2335; x_wconf 81' lang='grc' dir='ltr'><strong>χεῖρα</strong></span> <span class='ocrx_word' id='word_1_255' title='bbox 1142 2262 1236 2317; x_wconf 91' lang='grc' dir='ltr'><strong>τοῦ</strong></span> <span class='ocrx_word' id='word_1_256' title='bbox 1265 2260 1610 2335; x_wconf 78' lang='grc' dir='ltr'><strong>ὀλοθρευτοῦ,</strong></span> <span class='ocrx_word' id='word_1_257' title='bbox 1643 2263 1692 2315; x_wconf 89' lang='grc' dir='ltr'><strong>εί</strong></span> <span class='ocrx_word' id='word_1_258' title='bbox 1723 2262 1799 2334; x_wconf 83' lang='grc' dir='ltr'><strong>μὴ</strong></span> <span class='ocrx_word' id='word_1_259' title='bbox 1828 2278 1997 2316; x_wconf 88' lang='grc' dir='ltr'><strong>κατα-</strong></span> 
     </span>
    </p>
   </div>
   <div class='ocr_carea' id='block_1_34' title="bbox 378 2352 1994 2427">
    <p class='ocr_par' dir='ltr' id='par_1_34' title="bbox 378 2352 1994 2427">
     <span class='ocr_line' id='line_1_34' title="bbox 378 2352 1994 2427; baseline -0.002 -17"><span class='ocrx_word' id='word_1_260' title='bbox 378 2355 661 2420; x_wconf 80' lang='grc' dir='ltr'><strong>θύσαντες</strong></span> <span class='ocrx_word' id='word_1_261' title='bbox 694 2355 788 2409; x_wconf 75' lang='grc' dir='ltr'><strong>τὸν</strong></span> <span class='ocrx_word' id='word_1_262' title='bbox 817 2355 990 2426; x_wconf 83' lang='grc' dir='ltr'><strong>ἀμνὸν</strong></span> <span class='ocrx_word' id='word_1_263' title='bbox 1025 2358 1106 2420; x_wconf 80' lang='grc' dir='ltr'><strong>είς</strong></span> <span class='ocrx_word' id='word_1_264' title='bbox 1139 2355 1311 2409; x_wconf 86' lang='grc' dir='ltr'><strong>τύπον</strong></span> <span class='ocrx_word' id='word_1_265' title='bbox 1336 2352 1577 2427; x_wconf 79' lang='grc' dir='ltr'><strong>Χριστοῦ</strong></span> <span class='ocrx_word' id='word_1_266' title='bbox 1618 2353 1714 2407; x_wconf 90' lang='grc' dir='ltr'><strong>τοῦ</strong></span> <span class='ocrx_word' id='word_1_267' title='bbox 1748 2353 1994 2424; x_wconf 71' lang='grc' dir='ltr'><strong>αἴροντος</strong></span> 
     </span>
    </p>
   </div>
   <div class='ocr_carea' id='block_1_35' title="bbox 377 2444 1994 2522">
    <p class='ocr_par' dir='ltr' id='par_1_35' title="bbox 377 2444 1994 2522">
     <span class='ocr_line' id='line_1_35' title="bbox 377 2444 1994 2522; baseline -0.003 -18"><span class='ocrx_word' id='word_1_268' title='bbox 377 2449 487 2514; x_wconf 79' lang='grc' dir='ltr'><strong>τὰς</strong></span> <span class='ocrx_word' id='word_1_269' title='bbox 529 2448 815 2521; x_wconf 80' lang='grc' dir='ltr'><strong>ἁμαρτίας</strong></span> <span class='ocrx_word' id='word_1_270' title='bbox 859 2446 957 2503; x_wconf 90' lang='grc' dir='ltr'><strong>τοῦ</strong></span> <span class='ocrx_word' id='word_1_271' title='bbox 993 2447 1221 2520; x_wconf 86' lang='grc' dir='ltr'><strong>κόσμου.</strong></span> <span class='ocrx_word' id='word_1_272' title='bbox 1255 2448 1518 2522; x_wconf 81' lang='grc' dir='ltr'><strong>Ἔχρισαν</strong></span> <span class='ocrx_word' id='word_1_273' title='bbox 1553 2445 1652 2520; x_wconf 71' lang='grc' dir='ltr'><strong>μὲν</strong></span> <span class='ocrx_word' id='word_1_274' title='bbox 1688 2444 1769 2518; x_wconf 83' lang='grc' dir='ltr'><strong>τῷ</strong></span> <span class='ocrx_word' id='word_1_275' title='bbox 1800 2446 1994 2516; x_wconf 82' lang='grc' dir='ltr'><strong>αἵματι</strong></span> 
     </span>
    </p>
   </div>
   <div class='ocr_carea' id='block_1_36' title="bbox 376 2536 1995 2611">
    <p class='ocr_par' dir='ltr' id='par_1_36' title="bbox 376 2536 1995 2611">
     <span class='ocr_line' id='line_1_36' title="bbox 376 2536 1995 2611; baseline -0.004 -15"><span class='ocrx_word' id='word_1_276' title='bbox 376 2541 486 2604; x_wconf 79' lang='grc' dir='ltr'><strong>τὰς</strong></span> <span class='ocrx_word' id='word_1_277' title='bbox 522 2541 710 2611; x_wconf 81' lang='grc' dir='ltr'><strong>φλιάς,</strong></span> <span class='ocrx_word' id='word_1_278' title='bbox 756 2539 902 2595; x_wconf 80' lang='grc' dir='ltr'><strong>κατά</strong></span> <span class='ocrx_word' id='word_1_279' title='bbox 943 2539 1036 2593; x_wconf 80' lang='grc' dir='ltr'><strong>τὸν</strong></span> <span class='ocrx_word' id='word_1_280' title='bbox 1070 2539 1223 2610; x_wconf 86' lang='grc' dir='ltr'><strong>σφίσι</strong></span> <span class='ocrx_word' id='word_1_281' title='bbox 1270 2538 1360 2593; x_wconf 82' lang='grc' dir='ltr'><strong>διὰ</strong></span> <span class='ocrx_word' id='word_1_282' title='bbox 1408 2540 1655 2604; x_wconf 80' lang='grc' dir='ltr'><strong>Μωσέως</strong></span> <span class='ocrx_word' id='word_1_283' title='bbox 1704 2536 1995 2610; x_wconf 83' lang='grc' dir='ltr'><strong>ὁρισθέντα</strong></span> 
     </span>
    </p>
   </div>
   <div class='ocr_carea' id='block_1_37' title="bbox 381 2626 1994 2705">
    <p class='ocr_par' dir='ltr' id='par_1_37' title="bbox 381 2626 1994 2705">
     <span class='ocr_line' id='line_1_37' title="bbox 381 2626 1994 2705; baseline -0.004 -17"><span class='ocrx_word' id='word_1_284' title='bbox 381 2632 560 2705; x_wconf 79' lang='grc' dir='ltr'><strong>νόμον</strong></span> <span class='ocrx_word' id='word_1_285' title='bbox 581 2644 600 2663; x_wconf 82' lang='grc'><strong><em>⁸</em></strong></span> <span class='ocrx_word' id='word_1_286' title='bbox 626 2631 691 2687; x_wconf 86' lang='grc' dir='ltr'><strong>τὸ</strong></span> <span class='ocrx_word' id='word_1_287' title='bbox 719 2631 777 2686; x_wconf 84' lang='grc' dir='ltr'><strong>δὲ</strong></span> <span class='ocrx_word' id='word_1_288' title='bbox 801 2629 1044 2704; x_wconf 82' lang='grc' dir='ltr'><strong>Χριστοῦ</strong></span> <span class='ocrx_word' id='word_1_289' title='bbox 1082 2630 1383 2702; x_wconf 82' lang='grc' dir='ltr'><strong>μυστήριον</strong></span> <span class='ocrx_word' id='word_1_290' title='bbox 1409 2629 1571 2684; x_wconf 83' lang='grc' dir='ltr'><strong>ὅπλον</strong></span> <span class='ocrx_word' id='word_1_291' title='bbox 1596 2628 1787 2705; x_wconf 84' lang='grc' dir='ltr'><strong>ὥσπερ</strong></span> <span class='ocrx_word' id='word_1_292' title='bbox 1815 2646 1868 2682; x_wconf 88' lang='grc' dir='ltr'><strong>τι</strong></span> <span class='ocrx_word' id='word_1_293' title='bbox 1897 2626 1994 2683; x_wconf 75' lang='grc' dir='ltr'><strong>καὶ</strong></span> 
     </span>
    </p>
   </div>
   <div class='ocr_carea' id='block_1_38' title="bbox 379 2719 1995 2794">
    <p class='ocr_par' dir='ltr' id='par_1_38' title="bbox 379 2719 1995 2794">
     <span class='ocr_line' id='line_1_38' title="bbox 379 2719 1995 2794; baseline -0.004 -14"><span class='ocrx_word' id='word_1_294' title='bbox 379 2723 763 2794; x_wconf 80' lang='grc' dir='ltr'><strong>άνατείχισμα</strong></span> <span class='ocrx_word' id='word_1_295' title='bbox 787 2722 892 2794; x_wconf 77' lang='grc' dir='ltr'><strong>τῆς</strong></span> <span class='ocrx_word' id='word_1_296' title='bbox 942 2721 1155 2777; x_wconf 79' lang='grc' dir='ltr'><strong>ἑαυτῶν</strong></span> <span class='ocrx_word' id='word_1_297' title='bbox 1201 2721 1485 2777; x_wconf 66' lang='grc' dir='ltr'><strong>ιποιοῦντο</strong></span> <span class='ocrx_word' id='word_1_298' title='bbox 1506 2721 1706 2793; x_wconf 70' lang='grc' dir='ltr'><strong>ψυχῆς.</strong></span> <span class='ocrx_word' id='word_1_299' title='bbox 1753 2719 1995 2794; x_wconf 65' lang='lat' dir='ltr'><strong>Auliqu-</strong></span> 
     </span>
    </p>
   </div>
   <div class='ocr_carea' id='block_1_39' title="bbox 375 2814 1994 2889">
    <p class='ocr_par' dir='ltr' id='par_1_39' title="bbox 375 2814 1994 2889">
     <span class='ocr_line' id='line_1_39' title="bbox 375 2814 1994 2889; baseline -0.002 -16"><span class='ocrx_word' id='word_1_300' title='bbox 375 2816 482 2873; x_wconf 81' lang='grc' dir='ltr'><strong>κδν</strong></span> <span class='ocrx_word' id='word_1_301' title='bbox 509 2816 624 2889; x_wconf 79' lang='grc' dir='ltr'><strong>γὰρ</strong></span> <span class='ocrx_word' id='word_1_302' title='bbox 658 2817 894 2872; x_wconf 89' lang='grc' dir='ltr'><strong>θανάτου</strong></span> <span class='ocrx_word' id='word_1_303' title='bbox 956 2816 1247 2887; x_wconf 85' lang='grc' dir='ltr'><strong>φάρμακον</strong></span> <span class='ocrx_word' id='word_1_304' title='bbox 1273 2817 1301 2869; x_wconf 85' lang='grc' dir='ltr'>ὁ</span> <span class='ocrx_word' id='word_1_305' title='bbox 1328 2814 1568 2887; x_wconf 85' lang='grc' dir='ltr'><strong>Χριστοῦ</strong></span> <span class='ocrx_word' id='word_1_306' title='bbox 1612 2815 1862 2880; x_wconf 86' lang='grc' dir='ltr'><strong>θάνατος,</strong></span> <span class='ocrx_word' id='word_1_307' title='bbox 1897 2815 1994 2870; x_wconf 56' lang='grc' dir='ltr'><strong>καί⁵</strong></span> 
     </span>
    </p>
   </div>
   <div class='ocr_carea' id='block_1_40' title="bbox 375 2908 1990 2985">
    <p class='ocr_par' dir='ltr' id='par_1_40' title="bbox 375 2908 1990 2985">
     <span class='ocr_line' id='line_1_40' title="bbox 375 2908 1990 2985; baseline -0.001 -20"><span class='ocrx_word' id='word_1_308' title='bbox 375 2912 599 2985; x_wconf 78' lang='grc' dir='ltr'><strong>φθορᾶς</strong></span> <span class='ocrx_word' id='word_1_309' title='bbox 631 2911 894 2983; x_wconf 86' lang='grc' dir='ltr'><strong>ἀμείνους</strong></span> <span class='ocrx_word' id='word_1_310' title='bbox 926 2913 976 2965; x_wconf 89' lang='grc' dir='ltr'><strong>οἱ</strong></span> <span class='ocrx_word' id='word_1_311' title='bbox 1005 2910 1104 2982; x_wconf 85' lang='grc' dir='ltr'><strong>τῆς</strong></span> <span class='ocrx_word' id='word_1_312' title='bbox 1137 2910 1408 2982; x_wconf 84' lang='grc' dir='ltr'><strong>μυστικῆς</strong></span> <span class='ocrx_word' id='word_1_313' title='bbox 1440 2908 1688 2979; x_wconf 85' lang='grc' dir='ltr'><strong>εὐλογίας</strong></span> <span class='ocrx_word' id='word_1_314' title='bbox 1748 2908 1990 2982; x_wconf 79' lang='grc' dir='ltr'><strong>μέτοχοι,</strong></span> 
     </span>
    </p>
   </div>
   <div class='ocr_carea' id='block_1_41' title="bbox 375 3003 1991 3078">
    <p class='ocr_par' dir='ltr' id='par_1_41' title="bbox 375 3003 1991 3078">
     <span class='ocr_line' id='line_1_41' title="bbox 375 3003 1991 3078; baseline -0.001 -18"><span class='ocrx_word' id='word_1_315' title='bbox 375 3004 529 3060; x_wconf 79' lang='grc' dir='ltr'><strong>κατά</strong></span> <span class='ocrx_word' id='word_1_316' title='bbox 572 3014 638 3074; x_wconf 82' lang='grc' dir='ltr'><strong>γε</strong></span> <span class='ocrx_word' id='word_1_317' title='bbox 667 3003 750 3072; x_wconf 80' lang='grc' dir='ltr'><strong>τὸ,</strong></span> <span class='ocrx_word' id='word_1_318' title='bbox 785 3019 809 3056; x_wconf 76' lang='grc' dir='ltr'><strong>ἰ</strong></span> <span class='ocrx_word' id='word_1_319' title='bbox 861 3003 1059 3078; x_wconf 78' lang='grc' dir='ltr'><strong>Ἀμὴν,</strong></span> <span class='ocrx_word' id='word_1_320' title='bbox 1099 3004 1250 3076; x_wconf 83' lang='grc' dir='ltr'><strong>άμὴν</strong></span> <span class='ocrx_word' id='word_1_321' title='bbox 1296 3003 1441 3072; x_wconf 78' lang='grc' dir='ltr'><strong>λέγω</strong></span> <span class='ocrx_word' id='word_1_322' title='bbox 1493 3003 1621 3075; x_wconf 82' lang='grc' dir='ltr'><strong>ὑμίν</strong></span> <span class='ocrx_word' id='word_1_323' title='bbox 1641 3021 1654 3034; x_wconf 84' lang='grc'><em>’</em></span> <span class='ocrx_word' id='word_1_324' title='bbox 1686 3005 1715 3057; x_wconf 86' lang='grc' dir='ltr'>ὁ</span> <span class='ocrx_word' id='word_1_325' title='bbox 1760 3003 1991 3078; x_wconf 85' lang='grc' dir='ltr'><strong>τρώγων</strong></span> 
     </span>
    </p>
   </div>
   <div class='ocr_carea' id='block_1_42' title="bbox 377 3091 1991 3171">
    <p class='ocr_par' dir='ltr' id='par_1_42' title="bbox 377 3091 1991 3171">
     <span class='ocr_line' id='line_1_42' title="bbox 377 3091 1991 3171; baseline -0.001 -19"><span class='ocrx_word' id='word_1_326' title='bbox 377 3116 489 3170; x_wconf 85' lang='grc' dir='ltr'><strong>μου</strong></span> <span class='ocrx_word' id='word_1_327' title='bbox 523 3098 625 3171; x_wconf 82' lang='grc' dir='ltr'><strong>τὴν</strong></span> <span class='ocrx_word' id='word_1_328' title='bbox 676 3099 878 3170; x_wconf 80' lang='grc' dir='ltr'><strong>σάρκα,</strong></span> <span class='ocrx_word' id='word_1_329' title='bbox 920 3099 1017 3154; x_wconf 74' lang='grc' dir='ltr'><strong>καὶ</strong></span> <span class='ocrx_word' id='word_1_330' title='bbox 1050 3100 1222 3154; x_wconf 86' lang='grc' dir='ltr'><strong>πίνων</strong></span> <span class='ocrx_word' id='word_1_331' title='bbox 1255 3115 1356 3170; x_wconf 89' lang='grc' dir='ltr'><strong>μου</strong></span> <span class='ocrx_word' id='word_1_332' title='bbox 1397 3096 1460 3152; x_wconf 82' lang='grc' dir='ltr'><strong>τὸ</strong></span> <span class='ocrx_word' id='word_1_333' title='bbox 1488 3091 1650 3169; x_wconf 77' lang='grc' dir='ltr'><strong>αἷμα,</strong></span> <span class='ocrx_word' id='word_1_334' title='bbox 1697 3096 1811 3168; x_wconf 77' lang='grc' dir='ltr'><strong>ἔχει</strong></span> <span class='ocrx_word' id='word_1_335' title='bbox 1844 3096 1991 3170; x_wconf 79' lang='grc' dir='ltr'><strong>ζωὴν</strong></span> 
     </span>
    </p>
   </div>
   <div class='ocr_carea' id='block_1_43' title="bbox 373 3188 2062 3265">
    <p class='ocr_par' dir='ltr' id='par_1_43' title="bbox 373 3188 2062 3265">
     <span class='ocr_line' id='line_1_43' title="bbox 373 3188 2062 3265; baseline 0 -20"><span class='ocrx_word' id='word_1_336' title='bbox 373 3190 625 3246; x_wconf 78' lang='grc' dir='ltr'><strong>αἰώνιον.</strong></span> <span class='ocrx_word' id='word_1_337' title='bbox 667 3206 687 3245; x_wconf 76' lang='lat' dir='ltr'><strong>t</strong></span> <span class='ocrx_word' id='word_1_338' title='bbox 720 3192 1163 3263; x_wconf 78' lang='grc' dir='ltr'><strong>Κατεδηδοκότες</strong></span> <span class='ocrx_word' id='word_1_339' title='bbox 1190 3191 1251 3246; x_wconf 80' lang='grc' dir='ltr'><strong>δὲ</strong></span> <span class='ocrx_word' id='word_1_340' title='bbox 1277 3190 1369 3245; x_wconf 81' lang='grc' dir='ltr'><strong>τὸν</strong></span> <span class='ocrx_word' id='word_1_341' title='bbox 1398 3190 1592 3262; x_wconf 84' lang='grc' dir='ltr'><strong>ἀμνὸν,</strong></span> <span class='ocrx_word' id='word_1_342' title='bbox 1627 3189 1828 3260; x_wconf 79' lang='grc' dir='ltr'><strong>ἄρτους</strong></span> <span class='ocrx_word' id='word_1_343' title='bbox 1852 3188 1988 3253; x_wconf 68' lang='lat' dir='ltr'><strong>aco-</strong></span> <span class='ocrx_word' id='word_1_344' title='bbox 2016 3204 2062 3265; x_wconf 76' lang='grc' dir='ltr'>ο</span> 
     </span>
    </p>
   </div>
   <div class='ocr_carea' id='block_1_44' title="bbox 375 3282 1985 3359">
    <p class='ocr_par' dir='ltr' id='par_1_44' title="bbox 375 3282 1985 3359">
     <span class='ocr_line' id='line_1_44' title="bbox 375 3282 1985 3359; baseline -0.001 -18"><span class='ocrx_word' id='word_1_345' title='bbox 375 3304 519 3359; x_wconf 85' lang='grc' dir='ltr'><strong>μους</strong></span> <span class='ocrx_word' id='word_1_346' title='bbox 549 3286 743 3358; x_wconf 71' lang='grc' dir='ltr'><strong>ἤσθιον</strong></span> <span class='ocrx_word' id='word_1_347' title='bbox 772 3286 1045 3358; x_wconf 81' lang='grc' dir='ltr'><strong>ὲπάὐτῷ,</strong></span> <span class='ocrx_word' id='word_1_348' title='bbox 1077 3286 1185 3340; x_wconf 88' lang='grc' dir='ltr'><strong>τῶν</strong></span> <span class='ocrx_word' id='word_1_349' title='bbox 1207 3283 1578 3354; x_wconf 84' lang='grc' dir='ltr'><strong>εύαγγελικῶν</strong></span> <span class='ocrx_word' id='word_1_350' title='bbox 1595 3282 1985 3355; x_wconf 80' lang='grc' dir='ltr'><strong>παιδευμάτων</strong></span> 
     </span>
    </p>
   </div>
   <div class='ocr_carea' id='block_1_45' title="bbox 370 3375 1993 3452">
    <p class='ocr_par' dir='ltr' id='par_1_45' title="bbox 370 3375 1993 3452">
     <span class='ocr_line' id='line_1_45' title="bbox 370 3375 1993 3452; baseline -0.002 -17"><span class='ocrx_word' id='word_1_351' title='bbox 370 3382 455 3445; x_wconf 79' lang='grc' dir='ltr'><strong>ὡς</strong></span> <span class='ocrx_word' id='word_1_352' title='bbox 472 3382 533 3443; x_wconf 72' lang='grc' dir='ltr'><strong>ὲν</strong></span> <span class='ocrx_word' id='word_1_353' title='bbox 559 3380 757 3452; x_wconf 76' lang='grc' dir='ltr'><strong>ἁζύμῳ</strong></span> <span class='ocrx_word' id='word_1_354' title='bbox 771 3397 833 3433; x_wconf 88' lang='grc' dir='ltr'><strong>τε</strong></span> <span class='ocrx_word' id='word_1_355' title='bbox 853 3380 949 3435; x_wconf 69' lang='grc' dir='ltr'><strong>καὶ</strong></span> <span class='ocrx_word' id='word_1_356' title='bbox 971 3378 1338 3451; x_wconf 73' lang='grc' dir='ltr'><strong>καθαρωτάτη</strong></span> <span class='ocrx_word' id='word_1_357' title='bbox 1360 3379 1533 3450; x_wconf 81' lang='grc' dir='ltr'><strong>τροφῇ</strong></span> <span class='ocrx_word' id='word_1_358' title='bbox 1553 3375 1993 3450; x_wconf 82' lang='grc' dir='ltr'><strong>παραδηλοῦντος</strong></span> 
     </span>
    </p>
   </div>
   <div class='ocr_carea' id='block_1_46' title="bbox 368 3470 1992 3547">
    <p class='ocr_par' dir='ltr' id='par_1_46' title="bbox 368 3470 1992 3547">
     <span class='ocr_line' id='line_1_46' title="bbox 368 3470 1992 3547; baseline -0.002 -19"><span class='ocrx_word' id='word_1_359' title='bbox 368 3472 474 3529; x_wconf 87' lang='grc' dir='ltr'><strong>τοῦ</strong></span> <span class='ocrx_word' id='word_1_360' title='bbox 507 3474 687 3528; x_wconf 86' lang='grc' dir='ltr'><strong>τύπου</strong></span> <span class='ocrx_word' id='word_1_361' title='bbox 743 3472 843 3547; x_wconf 81' lang='grc' dir='ltr'><strong>τὴν</strong></span> <span class='ocrx_word' id='word_1_362' title='bbox 881 3473 1230 3545; x_wconf 82' lang='grc' dir='ltr'><strong>άστειότητα,</strong></span> <span class='ocrx_word' id='word_1_363' title='bbox 1267 3470 1409 3544; x_wconf 75' lang='grc' dir='ltr'><strong>πλὴν</strong></span> <span class='ocrx_word' id='word_1_364' title='bbox 1465 3470 1732 3542; x_wconf 74' lang='grc' dir='ltr'><strong>ἐσομένην</strong></span> <span class='ocrx_word' id='word_1_365' title='bbox 1769 3471 1869 3525; x_wconf 88' lang='grc' dir='ltr'><strong>ούκ</strong></span> <span class='ocrx_word' id='word_1_366' title='bbox 1898 3471 1992 3525; x_wconf 88' lang='grc' dir='ltr'><strong>άν-</strong></span> 
     </span>
    </p>
   </div>
   <div class='ocr_carea' id='block_1_47' title="bbox 376 3550 1992 3641">
    <p class='ocr_par' dir='ltr' id='par_1_47' title="bbox 376 3550 1992 3641">
     <span class='ocr_line' id='line_1_47' title="bbox 376 3550 1992 3641; baseline -0.002 -19"><span class='ocrx_word' id='word_1_367' title='bbox 376 3568 596 3641; x_wconf 75' lang='grc' dir='ltr'><strong>ιδρωτὶ,</strong></span> <span class='ocrx_word' id='word_1_368' title='bbox 629 3567 725 3622; x_wconf 76' lang='grc' dir='ltr'><strong>καὶ</strong></span> <span class='ocrx_word' id='word_1_369' title='bbox 752 3566 981 3639; x_wconf 82' lang='grc' dir='ltr'><strong>πικρίας</strong></span> <span class='ocrx_word' id='word_1_370' title='bbox 1011 3565 1136 3638; x_wconf 89' lang='grc' dir='ltr'><strong>δίχα</strong></span> <span class='ocrx_word' id='word_1_371' title='bbox 1172 3566 1272 3636; x_wconf 84' lang='grc' dir='ltr'><strong>τῆς</strong></span> <span class='ocrx_word' id='word_1_372' title='bbox 1300 3550 1444 3621; x_wconf 84' lang='grc' dir='ltr'><strong>κατὰ</strong></span> <span class='ocrx_word' id='word_1_373' title='bbox 1476 3564 1574 3629; x_wconf 79' lang='grc' dir='ltr'><strong>τὰς</strong></span> <span class='ocrx_word' id='word_1_374' title='bbox 1606 3564 1833 3635; x_wconf 77' lang='grc' dir='ltr'><strong>θλίψεις.</strong></span> <span class='ocrx_word' id='word_1_375' title='bbox 1868 3565 1992 3619; x_wconf 89' lang='grc' dir='ltr'><strong>Τοι-</strong></span> 
     </span>
    </p>
   </div>
   <div class='ocr_carea' id='block_1_48' title="bbox 372 3660 1990 3737">
    <p class='ocr_par' dir='ltr' id='par_1_48' title="bbox 372 3660 1990 3737">
     <span class='ocr_line' id='line_1_48' title="bbox 372 3660 1990 3737; baseline -0.003 -18"><span class='ocrx_word' id='word_1_376' title='bbox 372 3666 580 3737; x_wconf 77' lang='grc' dir='ltr'><strong>γάρτοι</strong></span> <span class='ocrx_word' id='word_1_377' title='bbox 620 3663 879 3737; x_wconf 84' lang='grc' dir='ltr'><strong>πικρίδας</strong></span> <span class='ocrx_word' id='word_1_378' title='bbox 930 3661 1312 3717; x_wconf 80' lang='grc' dir='ltr'><strong>συνὲσθίεσθαι</strong></span> <span class='ocrx_word' id='word_1_379' title='bbox 1353 3663 1467 3725; x_wconf 79' lang='grc' dir='ltr'><strong>τοῖς</strong></span> <span class='ocrx_word' id='word_1_380' title='bbox 1507 3662 1694 3732; x_wconf 84' lang='grc' dir='ltr'><strong>ἄρτοις</strong></span> <span class='ocrx_word' id='word_1_381' title='bbox 1735 3663 1850 3724; x_wconf 76' lang='grc' dir='ltr'><strong>τοῖς</strong></span> <span class='ocrx_word' id='word_1_382' title='bbox 1888 3660 1990 3715; x_wconf 81' lang='grc' dir='ltr'><strong>οὐκ</strong></span> 
     </span>
    </p>
   </div>
   <div class='ocr_carea' id='block_1_49' title="bbox 374 3751 1989 3829">
    <p class='ocr_par' dir='ltr' id='par_1_49' title="bbox 374 3751 1989 3829">
     <span class='ocr_line' id='line_1_49' title="bbox 374 3751 1989 3829; baseline -0.003 -16"><span class='ocrx_word' id='word_1_383' title='bbox 374 3751 787 3829; x_wconf 78' lang='grc' dir='ltr'><strong>ἐζυμωμένοις,</strong></span> <span class='ocrx_word' id='word_1_384' title='bbox 812 3755 913 3827; x_wconf 75' lang='grc' dir='ltr'><strong>τὴν</strong></span> <span class='ocrx_word' id='word_1_385' title='bbox 930 3753 1118 3810; x_wconf 79' lang='grc' dir='ltr'><strong>ἄδολον</strong></span> <span class='ocrx_word' id='word_1_386' title='bbox 1141 3755 1237 3810; x_wconf 74' lang='grc' dir='ltr'><strong>καὶ</strong></span> <span class='ocrx_word' id='word_1_387' title='bbox 1259 3754 1657 3826; x_wconf 80' lang='grc' dir='ltr'><strong>καθαρωτάτην</strong></span> <span class='ocrx_word' id='word_1_388' title='bbox 1693 3756 1749 3807; x_wconf 80' lang='grc' dir='ltr'><strong>ὲν</strong></span> <span class='ocrx_word' id='word_1_389' title='bbox 1765 3752 1989 3827; x_wconf 82' lang='grc' dir='ltr'><strong>Χριστῷ</strong></span> 
     </span>
    </p>
   </div>
   <div class='ocr_carea' id='block_1_50' title="bbox 373 3845 1990 3921">
    <p class='ocr_par' dir='ltr' id='par_1_50' title="bbox 373 3845 1990 3921">
     <span class='ocr_line' id='line_1_50' title="bbox 373 3845 1990 3921; baseline -0.004 -16"><span class='ocrx_word' id='word_1_390' title='bbox 373 3851 527 3921; x_wconf 83' lang='grc' dir='ltr'><strong>ζωὴν</strong></span> <span class='ocrx_word' id='word_1_391' title='bbox 558 3850 619 3904; x_wconf 82' lang='grc' dir='ltr'><strong>ού</strong></span> <span class='ocrx_word' id='word_1_392' title='bbox 650 3848 776 3921; x_wconf 82' lang='grc' dir='ltr'><strong>δίχα</strong></span> <span class='ocrx_word' id='word_1_393' title='bbox 824 3847 1054 3919; x_wconf 82' lang='grc' dir='ltr'><strong>πικρίας</strong></span> <span class='ocrx_word' id='word_1_394' title='bbox 1096 3845 1363 3918; x_wconf 77' lang='grc' dir='ltr'><strong>ἐσομένην</strong></span> <span class='ocrx_word' id='word_1_395' title='bbox 1389 3845 1664 3913; x_wconf 87' lang='grc' dir='ltr'><strong>ὑποδηλοῖ.</strong></span> <span class='ocrx_word' id='word_1_396' title='bbox 1702 3846 1990 3900; x_wconf 80' lang='grc' dir='ltr'><strong>Συνεισκο-</strong></span> 
     </span>
    </p>
   </div>
   <div class='ocr_carea' id='block_1_51' title="bbox 373 3938 1987 4017">
    <p class='ocr_par' dir='ltr' id='par_1_51' title="bbox 373 3938 1987 4017">
     <span class='ocr_line' id='line_1_51' title="bbox 373 3938 1987 4017; baseline -0.003 -20"><span class='ocrx_word' id='word_1_397' title='bbox 373 3940 604 4017; x_wconf 75' lang='grc' dir='ltr'><strong>μιστέον</strong></span> <span class='ocrx_word' id='word_1_398' title='bbox 648 3941 944 4013; x_wconf 84' lang='grc' dir='ltr'><strong>τοιγαροῦν</strong></span> <span class='ocrx_word' id='word_1_399' title='bbox 982 3941 1298 4010; x_wconf 81' lang='grc' dir='ltr'><strong>ἀναγκαίως</strong></span> <span class='ocrx_word' id='word_1_400' title='bbox 1329 3943 1451 4005; x_wconf 83' lang='grc' dir='ltr'><strong>ταῖς</strong></span> <span class='ocrx_word' id='word_1_401' title='bbox 1491 3938 1723 4011; x_wconf 78' lang='grc' dir='ltr'><strong>ἀζύμοις</strong></span> <span class='ocrx_word' id='word_1_402' title='bbox 1756 3941 1987 4010; x_wconf 81' lang='grc' dir='ltr'><strong>τροφαῖς</strong></span> 
     </span>
    </p>
   </div>
   <div class='ocr_carea' id='block_1_52' title="bbox 367 4024 1986 4109">
    <p class='ocr_par' dir='ltr' id='par_1_52' title="bbox 367 4024 1986 4109">
     <span class='ocr_line' id='line_1_52' title="bbox 367 4024 1986 4109; baseline -0.004 -18"><span class='ocrx_word' id='word_1_403' title='bbox 367 4038 477 4109; x_wconf 80' lang='grc' dir='ltr'><strong>τὴν</strong></span> <span class='ocrx_word' id='word_1_404' title='bbox 503 4035 756 4107; x_wconf 78' lang='grc' dir='ltr'><strong>πικρίδα.</strong></span> <span class='ocrx_word' id='word_1_405' title='bbox 789 4053 808 4087; x_wconf 76' lang='grc' dir='ltr'><strong>ι</strong></span> <span class='ocrx_word' id='word_1_406' title='bbox 832 4035 1045 4095; x_wconf 82' lang='grc' dir='ltr'><strong>Πάντες</strong></span> <span class='ocrx_word' id='word_1_407' title='bbox 1066 4034 1177 4105; x_wconf 87' lang='grc' dir='ltr'><strong>γὰρ</strong></span> <span class='ocrx_word' id='word_1_408' title='bbox 1200 4033 1249 4086; x_wconf 68' lang='lat' dir='ltr'><strong>oi</strong></span> <span class='ocrx_word' id='word_1_409' title='bbox 1280 4032 1530 4095; x_wconf 78' lang='grc' dir='ltr'><strong>θέλοντες</strong></span> <span class='ocrx_word' id='word_1_410' title='bbox 1558 4031 1657 4103; x_wconf 74' lang='grc' dir='ltr'><strong>ζῇν</strong></span> <span class='ocrx_word' id='word_1_411' title='bbox 1685 4035 1744 4085; x_wconf 83' lang='grc' dir='ltr'><strong>ὲν</strong></span> <span class='ocrx_word' id='word_1_412' title='bbox 1763 4024 1986 4103; x_wconf 78' lang='grc' dir='ltr'><strong>Χριστῷ</strong></span> 
     </span>
    </p>
   </div>
   <div class='ocr_carea' id='block_1_53' title="bbox 367 4121 1982 4201">
    <p class='ocr_par' dir='ltr' id='par_1_53' title="bbox 367 4121 1982 4201">
     <span class='ocr_line' id='line_1_53' title="bbox 367 4121 1982 4201; baseline -0.006 -17"><span class='ocrx_word' id='word_1_413' title='bbox 367 4128 797 4201; x_wconf 80' lang='grc' dir='ltr'><strong>διωχθήσονται,</strong></span> <span class='ocrx_word' id='word_1_414' title='bbox 855 4146 874 4180; x_wconf 72' lang='grc' dir='ltr'><strong>ι</strong></span> <span class='ocrx_word' id='word_1_415' title='bbox 924 4126 1113 4197; x_wconf 82' lang='grc' dir='ltr'><strong>φησίν.</strong></span> <span class='ocrx_word' id='word_1_416' title='bbox 1149 4125 1298 4197; x_wconf 80' lang='grc' dir='ltr'><strong>Πλὴν</strong></span> <span class='ocrx_word' id='word_1_417' title='bbox 1348 4124 1464 4193; x_wconf 80' lang='grc' dir='ltr'><strong>οἵγε</strong></span> <span class='ocrx_word' id='word_1_418' title='bbox 1492 4123 1652 4178; x_wconf 78' lang='grc' dir='ltr'><strong>τοῦτο</strong></span> <span class='ocrx_word' id='word_1_419' title='bbox 1687 4121 1982 4188; x_wconf 85' lang='grc' dir='ltr'><strong>παθόντες,</strong></span> 
     </span>
    </p>
   </div>
   <div class='ocr_carea' id='block_1_54' title="bbox 370 4216 1979 4295">
    <p class='ocr_par' dir='ltr' id='par_1_54' title="bbox 370 4216 1979 4295">
     <span class='ocr_line' id='line_1_54' title="bbox 370 4216 1979 4295; baseline -0.004 -18"><span class='ocrx_word' id='word_1_420' title='bbox 370 4223 668 4295; x_wconf 82' lang='grc' dir='ltr'><strong>μακάριοι.</strong></span> <span class='ocrx_word' id='word_1_421' title='bbox 709 4221 1138 4292; x_wconf 84' lang='grc' dir='ltr'><strong>Συμπάσχοντες</strong></span> <span class='ocrx_word' id='word_1_422' title='bbox 1186 4218 1296 4291; x_wconf 84' lang='grc' dir='ltr'><strong>γάρ</strong></span> <span class='ocrx_word' id='word_1_423' title='bbox 1341 4216 1436 4273; x_wconf 69' lang='grc' dir='ltr'><strong>καὶ</strong></span> <span class='ocrx_word' id='word_1_424' title='bbox 1466 4216 1979 4287; x_wconf 72' lang='grc' dir='ltr'><strong>συμϐασιλεύσουσι,</strong></span> 
     </span>
    </p>
   </div>
   <div class='ocr_carea' id='block_1_55' title="bbox 314 4300 1985 4386">
    <p class='ocr_par' dir='ltr' id='par_1_55' title="bbox 314 4300 1985 4386">
     <span class='ocr_line' id='line_1_55' title="bbox 314 4300 1985 4386; baseline -0.004 -16"><span class='ocrx_word' id='word_1_425' title='bbox 314 4300 340 4349; x_wconf 60' lang='grc' dir='ltr'><strong><em>ί</em></strong></span> <span class='ocrx_word' id='word_1_426' title='bbox 365 4314 520 4371; x_wconf 81' lang='grc' dir='ltr'><strong>κατὰ</strong></span> <span class='ocrx_word' id='word_1_427' title='bbox 564 4313 627 4368; x_wconf 77' lang='grc' dir='ltr'><strong>τὸ</strong></span> <span class='ocrx_word' id='word_1_428' title='bbox 678 4313 1096 4386; x_wconf 82' lang='grc' dir='ltr'><strong>γεγραμμένον.</strong></span> <span class='ocrx_word' id='word_1_429' title='bbox 1146 4311 1242 4383; x_wconf 85' lang='grc' dir='ltr'><strong>Μὴ</strong></span> <span class='ocrx_word' id='word_1_430' title='bbox 1278 4304 1544 4381; x_wconf 82' lang='grc' dir='ltr'><strong>ὲξοίχεταί</strong></span> <span class='ocrx_word' id='word_1_431' title='bbox 1591 4322 1682 4364; x_wconf 80' lang='grc' dir='ltr'><strong>ποι</strong></span> <span class='ocrx_word' id='word_1_432' title='bbox 1731 4309 1868 4383; x_wconf 80' lang='grc' dir='ltr'><strong>πρὸς</strong></span> <span class='ocrx_word' id='word_1_433' title='bbox 1922 4309 1985 4363; x_wconf 85' lang='grc' dir='ltr'><strong>τὸ</strong></span> 
     </span>
    </p>
   </div>
   <div class='ocr_carea' id='block_1_56' title="bbox 363 4406 893 4477">
    <p class='ocr_par' dir='ltr' id='par_1_56' title="bbox 363 4406 893 4477">
     <span class='ocr_line' id='line_1_56' title="bbox 363 4406 893 4477; baseline -0.006 -15"><span class='ocrx_word' id='word_1_434' title='bbox 363 4407 612 4472; x_wconf 77' lang='grc' dir='ltr'><strong>ἀκαλλὲς</strong></span> <span class='ocrx_word' id='word_1_435' title='bbox 635 4408 665 4461; x_wconf 83' lang='grc' dir='ltr'>ὁ</span> <span class='ocrx_word' id='word_1_436' title='bbox 690 4406 852 4477; x_wconf 88' lang='grc' dir='ltr'><strong>λόγος</strong></span> <span class='ocrx_word' id='word_1_437' title='bbox 878 4424 893 4474; x_wconf 88' lang='grc'><strong>;</strong></span> 
     </span>
    </p>
   </div>
   <div class='ocr_carea' id='block_1_57' title="bbox 446 4648 995 4724">
    <p class='ocr_par' dir='ltr' id='par_1_57' title="bbox 446 4648 995 4724">
     <span class='ocr_line' id='line_1_57' title="bbox 446 4648 995 4724; baseline 0 -19"><span class='ocrx_word' id='word_1_438' title='bbox 446 4651 657 4706; x_wconf 75' lang='grc' dir='ltr'>ΠΑΛΛ.</span> <span class='ocrx_word' id='word_1_439' title='bbox 701 4648 995 4724; x_wconf 70' lang='grc' dir='ltr'><strong>οὐδαμῶς.</strong></span> 
     </span>
    </p>
   </div>
   <div class='ocr_carea' id='block_1_58' title="bbox 2100 1886 3706 1959">
    <p class='ocr_par' dir='ltr' id='par_1_58' title="bbox 2100 1886 3706 1959">
     <span class='ocr_line' id='line_1_58' title="bbox 2100 1886 3706 1959; baseline 0.003 -18"><span class='ocrx_word' id='word_1_440' title='bbox 2100 1886 2399 1943; x_wconf 88' lang='lat' dir='ltr'><strong>cessissent</strong></span> <span class='ocrx_word' id='word_1_441' title='bbox 2451 1887 2735 1953; x_wconf 62' lang='lat' dir='ltr'><strong>Israelita,</strong></span> <span class='ocrx_word' id='word_1_442' title='bbox 2785 1904 2968 1959; x_wconf 89' lang='lat' dir='ltr'><strong>neque</strong></span> <span class='ocrx_word' id='word_1_443' title='bbox 3016 1890 3345 1946; x_wconf 90' lang='lat' dir='ltr'><strong>servitutem</strong></span> <span class='ocrx_word' id='word_1_444' title='bbox 3392 1900 3424 1944; x_wconf 88' lang='lat' dir='ltr'><strong>a</strong></span> <span class='ocrx_word' id='word_1_445' title='bbox 3476 1903 3536 1946; x_wconf 86' lang='lat' dir='ltr'><strong>se</strong></span> <span class='ocrx_word' id='word_1_446' title='bbox 3563 1890 3706 1946; x_wconf 89' lang='lat' dir='ltr'><strong>adeo</strong></span> 
     </span>
    </p>
   </div>
   <div class='ocr_carea' id='block_1_59' title="bbox 2099 1981 3703 2055">
    <p class='ocr_par' dir='ltr' id='par_1_59' title="bbox 2099 1981 3703 2055">
     <span class='ocr_line' id='line_1_59' title="bbox 2099 1981 3703 2055; baseline 0.002 -20"><span class='ocrx_word' id='word_1_447' title='bbox 2099 1981 2393 2036; x_wconf 87' lang='lat' dir='ltr'><strong>molestam</strong></span> <span class='ocrx_word' id='word_1_448' title='bbox 2422 1991 2589 2052; x_wconf 92' lang='lat' dir='ltr'><strong>atque</strong></span> <span class='ocrx_word' id='word_1_449' title='bbox 2638 1981 2890 2037; x_wconf 90' lang='lat' dir='ltr'><strong>odiosam</strong></span> <span class='ocrx_word' id='word_1_450' title='bbox 2942 1984 3341 2051; x_wconf 81' lang='lat' dir='ltr'><strong>excussissem,</strong></span> <span class='ocrx_word' id='word_1_451' title='bbox 3394 1983 3703 2055; x_wconf 88' lang='lat' dir='ltr'><strong>quinetiam</strong></span> 
     </span>
    </p>
   </div>
   <div class='ocr_carea' id='block_1_60' title="bbox 2099 2073 3703 2149">
    <p class='ocr_par' dir='ltr' id='par_1_60' title="bbox 2099 2073 3703 2149">
     <span class='ocr_line' id='line_1_60' title="bbox 2099 2073 3703 2149; baseline 0.001 -19"><span class='ocrx_word' id='word_1_452' title='bbox 2099 2074 2308 2130; x_wconf 87' lang='lat' dir='ltr'><strong>illatam</strong></span> <span class='ocrx_word' id='word_1_453' title='bbox 2357 2073 2745 2146; x_wconf 62' lang='lat' dir='ltr'><strong>Egyptiorum</strong></span> <span class='ocrx_word' id='word_1_454' title='bbox 2790 2076 3176 2147; x_wconf 90' lang='lat' dir='ltr'><strong>primogenitis</strong></span> <span class='ocrx_word' id='word_1_455' title='bbox 3229 2086 3486 2144; x_wconf 90' lang='lat' dir='ltr'><strong>mortem,</strong></span> <span class='ocrx_word' id='word_1_456' title='bbox 3534 2086 3703 2149; x_wconf 81' lang='lat' dir='ltr'><strong>atque</strong></span> 
     </span>
    </p>
   </div>
   <div class='ocr_carea' id='block_1_61' title="bbox 2100 2158 3702 2225">
    <p class='ocr_par' dir='ltr' id='par_1_61' title="bbox 2100 2158 3702 2225">
     <span class='ocr_line' id='line_1_61' title="bbox 2100 2158 3702 2225; baseline 0.004 -6"><span class='ocrx_word' id='word_1_457' title='bbox 2100 2158 2480 2222; x_wconf 81' lang='lat' dir='ltr'><strong>inevitabilem</strong></span> <span class='ocrx_word' id='word_1_458' title='bbox 2543 2167 2696 2222; x_wconf 88' lang='lat' dir='ltr'><strong>illam</strong></span> <span class='ocrx_word' id='word_1_459' title='bbox 2745 2167 3200 2224; x_wconf 83' lang='lat' dir='ltr'><strong>exterminatoris</strong></span> <span class='ocrx_word' id='word_1_460' title='bbox 3272 2183 3500 2224; x_wconf 91' lang='lat' dir='ltr'><strong>manum</strong></span> <span class='ocrx_word' id='word_1_461' title='bbox 3548 2168 3702 2225; x_wconf 84' lang='lat' dir='ltr'><strong>haud</strong></span> 
     </span>
    </p>
   </div>
   <div class='ocr_carea' id='block_1_62' title="bbox 2099 2257 3701 2331">
    <p class='ocr_par' dir='ltr' id='par_1_62' title="bbox 2099 2257 3701 2331">
     <span class='ocr_line' id='line_1_62' title="bbox 2099 2257 3701 2331; baseline 0.002 -18"><span class='ocrx_word' id='word_1_462' title='bbox 2099 2257 2443 2330; x_wconf 78' lang='lat' dir='ltr'><strong>eﬁugissent,</strong></span> <span class='ocrx_word' id='word_1_463' title='bbox 2472 2259 2579 2314; x_wconf 89' lang='lat' dir='ltr'><strong>nisi</strong></span> <span class='ocrx_word' id='word_1_464' title='bbox 2605 2261 2763 2330; x_wconf 87' lang='lat' dir='ltr'><strong>prius</strong></span> <span class='ocrx_word' id='word_1_465' title='bbox 2798 2275 3001 2331; x_wconf 88' lang='lat' dir='ltr'><strong>agnum</strong></span> <span class='ocrx_word' id='word_1_466' title='bbox 3049 2259 3431 2316; x_wconf 85' lang='lat' dir='ltr'><strong>immolassent</strong></span> <span class='ocrx_word' id='word_1_467' title='bbox 3456 2261 3511 2315; x_wconf 92' lang='lat' dir='ltr'><strong>in</strong></span> <span class='ocrx_word' id='word_1_468' title='bbox 3535 2259 3701 2316; x_wconf 76' lang='lat' dir='ltr'><strong>Chri-</strong></span> 
     </span>
    </p>
   </div>
   <div class='ocr_carea' id='block_1_63' title="bbox 2100 2349 3702 2425">
    <p class='ocr_par' dir='ltr' id='par_1_63' title="bbox 2100 2349 3702 2425">
     <span class='ocr_line' id='line_1_63' title="bbox 2100 2349 3702 2425; baseline 0.002 -20"><span class='ocrx_word' id='word_1_469' title='bbox 2100 2351 2170 2405; x_wconf 88' lang='lat' dir='ltr'><strong>sti</strong></span> <span class='ocrx_word' id='word_1_470' title='bbox 2194 2349 2447 2422; x_wconf 84' lang='lat' dir='ltr'><strong>ﬁguram,</strong></span> <span class='ocrx_word' id='word_1_471' title='bbox 2468 2351 2562 2422; x_wconf 89' lang='lat' dir='ltr'><strong>qui</strong></span> <span class='ocrx_word' id='word_1_472' title='bbox 2590 2352 2731 2407; x_wconf 91' lang='lat' dir='ltr'><strong>tollit</strong></span> <span class='ocrx_word' id='word_1_473' title='bbox 2757 2360 2983 2423; x_wconf 90' lang='lat' dir='ltr'><strong>peccata</strong></span> <span class='ocrx_word' id='word_1_474' title='bbox 3015 2352 3231 2407; x_wconf 89' lang='lat' dir='ltr'><strong>mundi.</strong></span> <span class='ocrx_word' id='word_1_475' title='bbox 3257 2352 3546 2409; x_wconf 79' lang='lat' dir='ltr'><strong>Unxerant</strong></span> <span class='ocrx_word' id='word_1_476' title='bbox 3567 2369 3702 2425; x_wconf 80' lang='lat' dir='ltr'><strong>ergo</strong></span> 
     </span>
    </p>
   </div>
   <div class='ocr_carea' id='block_1_64' title="bbox 2100 2439 3701 2514">
    <p class='ocr_par' dir='ltr' id='par_1_64' title="bbox 2100 2439 3701 2514">
     <span class='ocr_line' id='line_1_64' title="bbox 2100 2439 3701 2514; baseline 0.002 -19"><span class='ocrx_word' id='word_1_477' title='bbox 2100 2439 2177 2496; x_wconf 93' lang='lat' dir='ltr'><strong>illi</strong></span> <span class='ocrx_word' id='word_1_478' title='bbox 2202 2440 2427 2511; x_wconf 90' lang='lat' dir='ltr'><strong>quidem</strong></span> <span class='ocrx_word' id='word_1_479' title='bbox 2452 2451 2643 2513; x_wconf 90' lang='lat' dir='ltr'><strong>postes</strong></span> <span class='ocrx_word' id='word_1_480' title='bbox 2668 2442 2958 2514; x_wconf 85' lang='lat' dir='ltr'><strong>sanguine,</strong></span> <span class='ocrx_word' id='word_1_481' title='bbox 2987 2452 3049 2498; x_wconf 90' lang='lat' dir='ltr'><strong>ut</strong></span> <span class='ocrx_word' id='word_1_482' title='bbox 3069 2444 3160 2499; x_wconf 81' lang='lat' dir='ltr'><strong>lex</strong></span> <span class='ocrx_word' id='word_1_483' title='bbox 3205 2459 3236 2498; x_wconf 90' lang='lat' dir='ltr'><strong>a</strong></span> <span class='ocrx_word' id='word_1_484' title='bbox 3283 2442 3466 2514; x_wconf 83' lang='lat' dir='ltr'><strong>Moyse</strong></span> <span class='ocrx_word' id='word_1_485' title='bbox 3488 2444 3701 2499; x_wconf 88' lang='lat' dir='ltr'><strong>saneita</strong></span> 
     </span>
    </p>
   </div>
   <div class='ocr_carea' id='block_1_65' title="bbox 2096 2530 3700 2606">
    <p class='ocr_par' dir='ltr' id='par_1_65' title="bbox 2096 2530 3700 2606">
     <span class='ocr_line' id='line_1_65' title="bbox 2096 2530 3700 2606; baseline 0.001 -20"><span class='ocrx_word' id='word_1_486' title='bbox 2096 2530 2355 2604; x_wconf 72' lang='lat' dir='ltr'><strong>iubebat,</strong></span> <span class='ocrx_word' id='word_1_487' title='bbox 2389 2532 2486 2587; x_wconf 92' lang='lat' dir='ltr'><strong>sed</strong></span> <span class='ocrx_word' id='word_1_488' title='bbox 2509 2530 2719 2589; x_wconf 88' lang='lat' dir='ltr'><strong>Christi</strong></span> <span class='ocrx_word' id='word_1_489' title='bbox 2746 2534 3015 2606; x_wconf 77' lang='lat' dir='ltr'><strong>mysterio</strong></span> <span class='ocrx_word' id='word_1_490' title='bbox 3041 2549 3173 2590; x_wconf 92' lang='lat' dir='ltr'><strong>suos</strong></span> <span class='ocrx_word' id='word_1_491' title='bbox 3196 2535 3411 2589; x_wconf 89' lang='lat' dir='ltr'><strong>animos</strong></span> <span class='ocrx_word' id='word_1_492' title='bbox 3437 2544 3700 2605; x_wconf 85' lang='lat' dir='ltr'><strong>tanquam</strong></span> 
     </span>
    </p>
   </div>
   <div class='ocr_carea' id='block_1_66' title="bbox 2097 2624 3699 2698">
    <p class='ocr_par' dir='ltr' id='par_1_66' title="bbox 2097 2624 3699 2698">
     <span class='ocr_line' id='line_1_66' title="bbox 2097 2624 3699 2698; baseline 0.003 -20"><span class='ocrx_word' id='word_1_493' title='bbox 2097 2632 2257 2679; x_wconf 91' lang='lat' dir='ltr'><strong>scuto</strong></span> <span class='ocrx_word' id='word_1_494' title='bbox 2274 2624 2515 2695; x_wconf 89' lang='lat' dir='ltr'><strong>quodam</strong></span> <span class='ocrx_word' id='word_1_495' title='bbox 2548 2634 2717 2697; x_wconf 91' lang='lat' dir='ltr'><strong>atque</strong></span> <span class='ocrx_word' id='word_1_496' title='bbox 2749 2627 2894 2682; x_wconf 90' lang='lat' dir='ltr'><strong>vallo</strong></span> <span class='ocrx_word' id='word_1_497' title='bbox 2938 2627 3277 2683; x_wconf 86' lang='lat' dir='ltr'><strong>munierant.</strong></span> <span class='ocrx_word' id='word_1_498' title='bbox 3328 2628 3442 2698; x_wconf 81' lang='lat'><strong>80</strong></span> <span class='ocrx_word' id='word_1_499' title='bbox 3487 2627 3699 2683; x_wconf 88' lang='lat' dir='ltr'><strong>Christi</strong></span> 
     </span>
    </p>
   </div>
   <div class='ocr_carea' id='block_1_67' title="bbox 2095 2718 3698 2788">
    <p class='ocr_par' dir='ltr' id='par_1_67' title="bbox 2095 2718 3698 2788">
     <span class='ocr_line' id='line_1_67' title="bbox 2095 2718 3698 2788; baseline 0.001 -16"><span class='ocrx_word' id='word_1_500' title='bbox 2095 2731 2335 2788; x_wconf 89' lang='lat' dir='ltr'><strong>namque</strong></span> <span class='ocrx_word' id='word_1_501' title='bbox 2351 2733 2501 2774; x_wconf 91' lang='lat' dir='ltr'><strong>mors</strong></span> <span class='ocrx_word' id='word_1_502' title='bbox 2524 2718 2800 2775; x_wconf 90' lang='lat' dir='ltr'><strong>medicina</strong></span> <span class='ocrx_word' id='word_1_503' title='bbox 2844 2727 2930 2775; x_wconf 89' lang='lat' dir='ltr'><strong>est</strong></span> <span class='ocrx_word' id='word_1_504' title='bbox 2975 2719 3044 2774; x_wconf 87' lang='lat' dir='ltr'><strong>ad</strong></span> <span class='ocrx_word' id='word_1_505' title='bbox 3088 2728 3325 2775; x_wconf 76' lang='lat' dir='ltr'><strong>mei-tem</strong></span> <span class='ocrx_word' id='word_1_506' title='bbox 3373 2719 3698 2775; x_wconf 84' lang='lat' dir='ltr'><strong>solvendam</strong></span> 
     </span>
    </p>
   </div>
   <div class='ocr_carea' id='block_1_68' title="bbox 2093 2813 3700 2885">
    <p class='ocr_par' dir='ltr' id='par_1_68' title="bbox 2093 2813 3700 2885">
     <span class='ocr_line' id='line_1_68' title="bbox 2093 2813 3700 2885; baseline 0.001 -18"><span class='ocrx_word' id='word_1_507' title='bbox 2093 2813 2306 2877; x_wconf 84' lang='lat' dir='ltr'><strong>valens,</strong></span> <span class='ocrx_word' id='word_1_508' title='bbox 2350 2822 2407 2868; x_wconf 89' lang='lat' dir='ltr'><strong>et</strong></span> <span class='ocrx_word' id='word_1_509' title='bbox 2456 2813 2551 2884; x_wconf 86' lang='lat' dir='ltr'><strong>qui</strong></span> <span class='ocrx_word' id='word_1_510' title='bbox 2603 2813 2853 2885; x_wconf 66' lang='lat' dir='ltr'><strong>mystica:</strong></span> <span class='ocrx_word' id='word_1_511' title='bbox 2918 2813 3332 2870; x_wconf 88' lang='lat' dir='ltr'><strong>benedictionis</strong></span> <span class='ocrx_word' id='word_1_512' title='bbox 3393 2815 3700 2885; x_wconf 88' lang='lat' dir='ltr'><strong>participes</strong></span> 
     </span>
    </p>
   </div>
   <div class='ocr_carea' id='block_1_69' title="bbox 2096 2901 3695 2976">
    <p class='ocr_par' dir='ltr' id='par_1_69' title="bbox 2096 2901 3695 2976">
     <span class='ocr_line' id='line_1_69' title="bbox 2096 2901 3695 2976; baseline 0.001 -19"><span class='ocrx_word' id='word_1_513' title='bbox 2096 2901 2257 2970; x_wconf 86' lang='lat' dir='ltr'><strong>ﬁunt,</strong></span> <span class='ocrx_word' id='word_1_514' title='bbox 2285 2903 2325 2958; x_wconf 91' lang='lat' dir='ltr'><strong>ii</strong></span> <span class='ocrx_word' id='word_1_515' title='bbox 2349 2913 2478 2959; x_wconf 89' lang='lat' dir='ltr'><strong>sunt</strong></span> <span class='ocrx_word' id='word_1_516' title='bbox 2503 2905 2701 2960; x_wconf 89' lang='lat' dir='ltr'><strong>mortis</strong></span> <span class='ocrx_word' id='word_1_517' title='bbox 2724 2912 2891 2976; x_wconf 89' lang='lat' dir='ltr'><strong>atque</strong></span> <span class='ocrx_word' id='word_1_518' title='bbox 2922 2905 3185 2960; x_wconf 89' lang='lat' dir='ltr'><strong>interitus</strong></span> <span class='ocrx_word' id='word_1_519' title='bbox 3208 2905 3475 2970; x_wconf 86' lang='lat' dir='ltr'><strong>victores,</strong></span> <span class='ocrx_word' id='word_1_520' title='bbox 3514 2914 3577 2961; x_wconf 90' lang='lat' dir='ltr'><strong>ut</strong></span> <span class='ocrx_word' id='word_1_521' title='bbox 3600 2904 3695 2960; x_wconf 86' lang='lat' dir='ltr'><strong>illa</strong></span> 
     </span>
    </p>
   </div>
   <div class='ocr_carea' id='block_1_70' title="bbox 2093 2996 3699 3068">
    <p class='ocr_par' dir='ltr' id='par_1_70' title="bbox 2093 2996 3699 3068">
     <span class='ocr_line' id='line_1_70' title="bbox 2093 2996 3699 3068; baseline 0.002 -18"><span class='ocrx_word' id='word_1_522' title='bbox 2093 2996 2264 3052; x_wconf 89' lang='lat' dir='ltr'><strong>verba</strong></span> <span class='ocrx_word' id='word_1_523' title='bbox 2303 3003 2581 3053; x_wconf 90' lang='lat' dir='ltr'><strong>testantur</strong></span> <span class='ocrx_word' id='word_1_524' title='bbox 2623 3015 2637 3051; x_wconf 91' lang='lat'><strong>:</strong></span> <span class='ocrx_word' id='word_1_525' title='bbox 2692 3016 2710 3049; x_wconf 85' lang='grc'>‹</span> <span class='ocrx_word' id='word_1_526' title='bbox 2741 2996 2941 3064; x_wconf 86' lang='lat' dir='ltr'><strong>Amen,</strong></span> <span class='ocrx_word' id='word_1_527' title='bbox 2996 3013 3160 3053; x_wconf 86' lang='lat' dir='ltr'><strong>amen</strong></span> <span class='ocrx_word' id='word_1_528' title='bbox 3201 2998 3326 3053; x_wconf 90' lang='lat' dir='ltr'><strong>dico</strong></span> <span class='ocrx_word' id='word_1_529' title='bbox 3378 2996 3562 3063; x_wconf 85' lang='lat' dir='ltr'><strong>vobis,</strong></span> <span class='ocrx_word' id='word_1_530' title='bbox 3602 2997 3699 3068; x_wconf 91' lang='lat' dir='ltr'><strong>qui</strong></span> 
     </span>
    </p>
   </div>
   <div class='ocr_carea' id='block_1_71' title="bbox 2094 3088 3695 3160">
    <p class='ocr_par' dir='ltr' id='par_1_71' title="bbox 2094 3088 3695 3160">
     <span class='ocr_line' id='line_1_71' title="bbox 2094 3088 3695 3160; baseline 0 -17"><span class='ocrx_word' id='word_1_531' title='bbox 2094 3088 2393 3144; x_wconf 87' lang='lat' dir='ltr'><strong>manducat</strong></span> <span class='ocrx_word' id='word_1_532' title='bbox 2419 3102 2601 3144; x_wconf 89' lang='lat' dir='ltr'><strong>meam</strong></span> <span class='ocrx_word' id='word_1_533' title='bbox 2626 3104 2852 3145; x_wconf 90' lang='lat' dir='ltr'><strong>carnem</strong></span> <span class='ocrx_word' id='word_1_534' title='bbox 2876 3099 2935 3145; x_wconf 91' lang='lat' dir='ltr'><strong>et</strong></span> <span class='ocrx_word' id='word_1_535' title='bbox 2957 3089 3105 3145; x_wconf 89' lang='lat' dir='ltr'><strong>bibit</strong></span> <span class='ocrx_word' id='word_1_536' title='bbox 3128 3105 3314 3145; x_wconf 89' lang='lat' dir='ltr'><strong>meum</strong></span> <span class='ocrx_word' id='word_1_537' title='bbox 3341 3090 3695 3160; x_wconf 77' lang='lat' dir='ltr'><strong>sanguinem,</strong></span> 
     </span>
    </p>
   </div>
   <div class='ocr_carea' id='block_1_72' title="bbox 2092 3178 3696 3251">
    <p class='ocr_par' dir='ltr' id='par_1_72' title="bbox 2092 3178 3696 3251">
     <span class='ocr_line' id='line_1_72' title="bbox 2092 3178 3696 3251; baseline 0.001 -18"><span class='ocrx_word' id='word_1_538' title='bbox 2092 3178 2263 3234; x_wconf 87' lang='lat' dir='ltr'><strong>habet</strong></span> <span class='ocrx_word' id='word_1_539' title='bbox 2307 3178 2480 3234; x_wconf 87' lang='lat' dir='ltr'><strong>vitam</strong></span> <span class='ocrx_word' id='word_1_540' title='bbox 2516 3189 2782 3236; x_wconf 69' lang='lat' dir='ltr'><strong>aeternam</strong></span> <span class='ocrx_word' id='word_1_541' title='bbox 2827 3179 2894 3234; x_wconf 80' lang='grc'><strong>⁸³.</strong></span> <span class='ocrx_word' id='word_1_542' title='bbox 2936 3198 2955 3231; x_wconf 76' lang='grc' dir='ltr'><strong>ι</strong></span> <span class='ocrx_word' id='word_1_543' title='bbox 2992 3179 3239 3235; x_wconf 90' lang='lat' dir='ltr'><strong>Edentes</strong></span> <span class='ocrx_word' id='word_1_544' title='bbox 3280 3195 3417 3235; x_wconf 88' lang='lat' dir='ltr'><strong>vero</strong></span> <span class='ocrx_word' id='word_1_545' title='bbox 3469 3195 3696 3251; x_wconf 82' lang='lat' dir='ltr'><strong>agnum,</strong></span> 
     </span>
    </p>
   </div>
   <div class='ocr_carea' id='block_1_73' title="bbox 2092 3270 3699 3342">
    <p class='ocr_par' dir='ltr' id='par_1_73' title="bbox 2092 3270 3699 3342">
     <span class='ocr_line' id='line_1_73' title="bbox 2092 3270 3699 3342; baseline 0.001 -17"><span class='ocrx_word' id='word_1_546' title='bbox 2092 3280 2265 3341; x_wconf 90' lang='lat' dir='ltr'><strong>panes</strong></span> <span class='ocrx_word' id='word_1_547' title='bbox 2289 3285 2531 3342; x_wconf 85' lang='lat' dir='ltr'><strong>azymos,</strong></span> <span class='ocrx_word' id='word_1_548' title='bbox 2554 3270 2626 3326; x_wconf 88' lang='lat' dir='ltr'><strong>ad</strong></span> <span class='ocrx_word' id='word_1_549' title='bbox 2644 3286 2772 3326; x_wconf 89' lang='lat' dir='ltr'><strong>eum</strong></span> <span class='ocrx_word' id='word_1_550' title='bbox 2796 3270 2985 3325; x_wconf 90' lang='lat' dir='ltr'><strong>cibum</strong></span> <span class='ocrx_word' id='word_1_551' title='bbox 3009 3270 3309 3325; x_wconf 88' lang='lat' dir='ltr'><strong>adhibebat</strong></span> <span class='ocrx_word' id='word_1_552' title='bbox 3335 3287 3349 3324; x_wconf 89' lang='lat'><strong>:</strong></span> <span class='ocrx_word' id='word_1_553' title='bbox 3375 3285 3499 3341; x_wconf 80' lang='lat' dir='ltr'><strong>quae</strong></span> <span class='ocrx_word' id='word_1_554' title='bbox 3522 3270 3699 3341; x_wconf 77' lang='lat' dir='ltr'><strong>figura</strong></span> 
     </span>
    </p>
   </div>
   <div class='ocr_carea' id='block_1_74' title="bbox 2095 3361 3699 3434">
    <p class='ocr_par' dir='ltr' id='par_1_74' title="bbox 2095 3361 3699 3434">
     <span class='ocr_line' id='line_1_74' title="bbox 2095 3361 3699 3434; baseline 0.001 -19"><span class='ocrx_word' id='word_1_555' title='bbox 2095 3374 2197 3431; x_wconf 88' lang='lat' dir='ltr'><strong>per</strong></span> <span class='ocrx_word' id='word_1_556' title='bbox 2231 3376 2483 3434; x_wconf 86' lang='lat' dir='ltr'><strong>azymum</strong></span> <span class='ocrx_word' id='word_1_557' title='bbox 2510 3377 2822 3433; x_wconf 91' lang='lat' dir='ltr'><strong>purumque</strong></span> <span class='ocrx_word' id='word_1_558' title='bbox 2846 3362 3032 3418; x_wconf 90' lang='lat' dir='ltr'><strong>cibum</strong></span> <span class='ocrx_word' id='word_1_559' title='bbox 3058 3362 3501 3433; x_wconf 82' lang='lat' dir='ltr'><strong>evangelicarum</strong></span> <span class='ocrx_word' id='word_1_560' title='bbox 3526 3361 3699 3417; x_wconf 86' lang='lat' dir='ltr'><strong>disci-</strong></span> 
     </span>
    </p>
   </div>
   <div class='ocr_carea' id='block_1_75' title="bbox 2091 3452 3692 3527">
    <p class='ocr_par' dir='ltr' id='par_1_75' title="bbox 2091 3452 3692 3527">
     <span class='ocr_line' id='line_1_75' title="bbox 2091 3452 3692 3527; baseline 0.003 -20"><span class='ocrx_word' id='word_1_561' title='bbox 2091 3452 2371 3524; x_wconf 91' lang='lat' dir='ltr'><strong>plinarum</strong></span> <span class='ocrx_word' id='word_1_562' title='bbox 2393 3454 2729 3525; x_wconf 88' lang='lat' dir='ltr'><strong>elegantiam</strong></span> <span class='ocrx_word' id='word_1_563' title='bbox 2778 3455 3170 3527; x_wconf 86' lang='lat' dir='ltr'><strong>signiﬁcabat;</strong></span> <span class='ocrx_word' id='word_1_564' title='bbox 3222 3454 3320 3511; x_wconf 89' lang='lat' dir='ltr'><strong>sed</strong></span> <span class='ocrx_word' id='word_1_565' title='bbox 3372 3456 3449 3511; x_wconf 89' lang='lat' dir='ltr'><strong>ita</strong></span> <span class='ocrx_word' id='word_1_566' title='bbox 3481 3463 3692 3522; x_wconf 82' lang='lat' dir='ltr'><strong>tamen,</strong></span> 
     </span>
    </p>
   </div>
   <div class='ocr_carea' id='block_1_76' title="bbox 2092 3545 3699 3616">
    <p class='ocr_par' dir='ltr' id='par_1_76' title="bbox 2092 3545 3699 3616">
     <span class='ocr_line' id='line_1_76' title="bbox 2092 3545 3699 3616; baseline 0.001 -16"><span class='ocrx_word' id='word_1_567' title='bbox 2092 3551 2156 3600; x_wconf 90' lang='lat' dir='ltr'><strong>ut</strong></span> <span class='ocrx_word' id='word_1_568' title='bbox 2172 3559 2295 3600; x_wconf 89' lang='lat' dir='ltr'><strong>eam</strong></span> <span class='ocrx_word' id='word_1_569' title='bbox 2320 3559 2431 3600; x_wconf 94' lang='lat' dir='ltr'><strong>non</strong></span> <span class='ocrx_word' id='word_1_570' title='bbox 2456 3545 2665 3616; x_wconf 90' lang='lat' dir='ltr'><strong>absque</strong></span> <span class='ocrx_word' id='word_1_571' title='bbox 2682 3545 2885 3601; x_wconf 90' lang='lat' dir='ltr'><strong>sudore</strong></span> <span class='ocrx_word' id='word_1_572' title='bbox 2911 3554 3076 3616; x_wconf 90' lang='lat' dir='ltr'><strong>atque</strong></span> <span class='ocrx_word' id='word_1_573' title='bbox 3093 3550 3479 3616; x_wconf 86' lang='lat' dir='ltr'><strong>pressurarum</strong></span> <span class='ocrx_word' id='word_1_574' title='bbox 3493 3547 3699 3602; x_wconf 89' lang='lat' dir='ltr'><strong>amari-</strong></span> 
     </span>
    </p>
   </div>
   <div class='ocr_carea' id='block_1_77' title="bbox 2092 3637 3696 3711">
    <p class='ocr_par' dir='ltr' id='par_1_77' title="bbox 2092 3637 3696 3711">
     <span class='ocr_line' id='line_1_77' title="bbox 2092 3637 3696 3711; baseline 0.002 -19"><span class='ocrx_word' id='word_1_575' title='bbox 2092 3638 2287 3693; x_wconf 88' lang='lat' dir='ltr'><strong>tudine</strong></span> <span class='ocrx_word' id='word_1_576' title='bbox 2307 3637 2550 3694; x_wconf 84' lang='lat' dir='ltr'><strong>t‘uturam</strong></span> <span class='ocrx_word' id='word_1_577' title='bbox 2570 3654 2691 3694; x_wconf 91' lang='lat' dir='ltr'><strong>esse</strong></span> <span class='ocrx_word' id='word_1_578' title='bbox 2707 3638 3115 3711; x_wconf 59' lang='lat' dir='ltr'><strong>praeﬁguraret:</strong></span> <span class='ocrx_word' id='word_1_579' title='bbox 3134 3654 3258 3693; x_wconf 91' lang='lat' dir='ltr'><strong>nam</strong></span> <span class='ocrx_word' id='word_1_580' title='bbox 3282 3639 3489 3708; x_wconf 63' lang='lat' dir='ltr'><strong>amaris</strong></span> <span class='ocrx_word' id='word_1_581' title='bbox 3502 3639 3696 3696; x_wconf 87' lang='lat' dir='ltr'><strong>herbis</strong></span> 
     </span>
    </p>
   </div>
   <div class='ocr_carea' id='block_1_78' title="bbox 2089 3731 3695 3803">
    <p class='ocr_par' dir='ltr' id='par_1_78' title="bbox 2089 3731 3695 3803">
     <span class='ocr_line' id='line_1_78' title="bbox 2089 3731 3695 3803; baseline 0.001 -17"><span class='ocrx_word' id='word_1_582' title='bbox 2089 3731 2256 3786; x_wconf 90' lang='lat' dir='ltr'><strong>simul</strong></span> <span class='ocrx_word' id='word_1_583' title='bbox 2282 3747 2413 3787; x_wconf 92' lang='lat' dir='ltr'><strong>cum</strong></span> <span class='ocrx_word' id='word_1_584' title='bbox 2464 3731 2879 3787; x_wconf 83' lang='lat' dir='ltr'><strong>infermentatis</strong></span> <span class='ocrx_word' id='word_1_585' title='bbox 2908 3731 3149 3803; x_wconf 91' lang='lat' dir='ltr'><strong>panibus</strong></span> <span class='ocrx_word' id='word_1_586' title='bbox 3178 3731 3331 3786; x_wconf 87' lang='lat' dir='ltr'><strong>vesci</strong></span> <span class='ocrx_word' id='word_1_587' title='bbox 3380 3733 3487 3787; x_wconf 87' lang='lat' dir='ltr'><strong>hoc</strong></span> <span class='ocrx_word' id='word_1_588' title='bbox 3516 3733 3695 3787; x_wconf 84' lang='lat' dir='ltr'><strong>laten-</strong></span> 
     </span>
    </p>
   </div>
   <div class='ocr_carea' id='block_1_79' title="bbox 2092 3822 3696 3898">
    <p class='ocr_par' dir='ltr' id='par_1_79' title="bbox 2092 3822 3696 3898">
     <span class='ocr_line' id='line_1_79' title="bbox 2092 3822 3696 3898; baseline 0.004 -22"><span class='ocrx_word' id='word_1_589' title='bbox 2092 3829 2181 3878; x_wconf 90' lang='lat' dir='ltr'><strong>ter</strong></span> <span class='ocrx_word' id='word_1_590' title='bbox 2204 3822 2503 3894; x_wconf 78' lang='lat' dir='ltr'><strong>significat,</strong></span> <span class='ocrx_word' id='word_1_591' title='bbox 2557 3824 2710 3879; x_wconf 88' lang='lat' dir='ltr'><strong>illam</strong></span> <span class='ocrx_word' id='word_1_592' title='bbox 2761 3825 3199 3881; x_wconf 89' lang='lat' dir='ltr'><strong>sincerissimam</strong></span> <span class='ocrx_word' id='word_1_593' title='bbox 3228 3835 3394 3897; x_wconf 90' lang='lat' dir='ltr'><strong>atque</strong></span> <span class='ocrx_word' id='word_1_594' title='bbox 3419 3827 3696 3898; x_wconf 83' lang='lat' dir='ltr'><strong>purgatis-</strong></span> 
     </span>
    </p>
   </div>
   <div class='ocr_carea' id='block_1_80' title="bbox 2089 3914 3692 3988">
    <p class='ocr_par' dir='ltr' id='par_1_80' title="bbox 2089 3914 3692 3988">
     <span class='ocr_line' id='line_1_80' title="bbox 2089 3914 3692 3988; baseline 0.004 -19"><span class='ocrx_word' id='word_1_595' title='bbox 2089 3914 2288 3969; x_wconf 90' lang='lat' dir='ltr'><strong>simam</strong></span> <span class='ocrx_word' id='word_1_596' title='bbox 2339 3914 2397 3968; x_wconf 93' lang='lat' dir='ltr'><strong>in</strong></span> <span class='ocrx_word' id='word_1_597' title='bbox 2457 3915 2683 3971; x_wconf 87' lang='lat' dir='ltr'><strong>Christo</strong></span> <span class='ocrx_word' id='word_1_598' title='bbox 2721 3917 2894 3972; x_wconf 85' lang='lat' dir='ltr'><strong>vitam</strong></span> <span class='ocrx_word' id='word_1_599' title='bbox 2921 3933 3033 3972; x_wconf 92' lang='lat' dir='ltr'><strong>non</strong></span> <span class='ocrx_word' id='word_1_600' title='bbox 3059 3934 3223 3988; x_wconf 88' lang='lat' dir='ltr'><strong>posse</strong></span> <span class='ocrx_word' id='word_1_601' title='bbox 3271 3919 3392 3973; x_wconf 85' lang='lat' dir='ltr'><strong>sine</strong></span> <span class='ocrx_word' id='word_1_602' title='bbox 3424 3920 3692 3974; x_wconf 88' lang='lat' dir='ltr'><strong>amaritu-</strong></span> 
     </span>
    </p>
   </div>
   <div class='ocr_carea' id='block_1_81' title="bbox 2087 4005 3691 4083">
    <p class='ocr_par' dir='ltr' id='par_1_81' title="bbox 2087 4005 3691 4083">
     <span class='ocr_line' id='line_1_81' title="bbox 2087 4005 3691 4083; baseline 0.004 -23"><span class='ocrx_word' id='word_1_603' title='bbox 2087 4005 2217 4062; x_wconf 89' lang='lat' dir='ltr'><strong>dine</strong></span> <span class='ocrx_word' id='word_1_604' title='bbox 2250 4005 2402 4062; x_wconf 83' lang='lat' dir='ltr'><strong>duci.</strong></span> <span class='ocrx_word' id='word_1_605' title='bbox 2430 4007 2576 4078; x_wconf 85' lang='lat' dir='ltr'><strong>Ergo</strong></span> <span class='ocrx_word' id='word_1_606' title='bbox 2598 4008 2667 4063; x_wconf 90' lang='lat' dir='ltr'><strong>ad</strong></span> <span class='ocrx_word' id='word_1_607' title='bbox 2692 4023 2915 4081; x_wconf 88' lang='lat' dir='ltr'><strong>azymos</strong></span> <span class='ocrx_word' id='word_1_608' title='bbox 2934 4010 3090 4065; x_wconf 92' lang='lat' dir='ltr'><strong>cibos</strong></span> <span class='ocrx_word' id='word_1_609' title='bbox 3132 4010 3447 4066; x_wconf 88' lang='lat' dir='ltr'><strong>amaritudo</strong></span> <span class='ocrx_word' id='word_1_610' title='bbox 3470 4027 3691 4083; x_wconf 88' lang='lat' dir='ltr'><strong>quoque</strong></span> 
     </span>
    </p>
   </div>
   <div class='ocr_carea' id='block_1_82' title="bbox 2085 4100 3689 4174">
    <p class='ocr_par' dir='ltr' id='par_1_82' title="bbox 2085 4100 3689 4174">
     <span class='ocr_line' id='line_1_82' title="bbox 2085 4100 3689 4174; baseline 0.002 -19"><span class='ocrx_word' id='word_1_611' title='bbox 2085 4106 2173 4155; x_wconf 89' lang='lat' dir='ltr'><strong>est</strong></span> <span class='ocrx_word' id='word_1_612' title='bbox 2194 4101 2513 4155; x_wconf 87' lang='lat' dir='ltr'><strong>necessario</strong></span> <span class='ocrx_word' id='word_1_613' title='bbox 2536 4101 2889 4173; x_wconf 84' lang='lat' dir='ltr'><strong>adjungenda</strong></span> <span class='ocrx_word' id='word_1_614' title='bbox 2918 4121 2931 4156; x_wconf 90' lang='lat'>:</span> <span class='ocrx_word' id='word_1_615' title='bbox 2984 4122 3001 4153; x_wconf 83' lang='grc' dir='ltr'><strong>ι</strong></span> <span class='ocrx_word' id='word_1_616' title='bbox 3028 4100 3235 4158; x_wconf 90' lang='lat' dir='ltr'><strong>Omnes</strong></span> <span class='ocrx_word' id='word_1_617' title='bbox 3271 4102 3419 4157; x_wconf 90' lang='lat' dir='ltr'><strong>enim</strong></span> <span class='ocrx_word' id='word_1_618' title='bbox 3458 4104 3554 4174; x_wconf 89' lang='lat' dir='ltr'><strong>qui</strong></span> <span class='ocrx_word' id='word_1_619' title='bbox 3588 4119 3689 4159; x_wconf 87' lang='lat' dir='ltr'><strong>vo-</strong></span> 
     </span>
    </p>
   </div>
   <div class='ocr_carea' id='block_1_83' title="bbox 2085 4190 3689 4265">
    <p class='ocr_par' dir='ltr' id='par_1_83' title="bbox 2085 4190 3689 4265">
     <span class='ocr_line' id='line_1_83' title="bbox 2085 4190 3689 4265; baseline 0.001 -19"><span class='ocrx_word' id='word_1_620' title='bbox 2085 4190 2211 4246; x_wconf 90' lang='lat' dir='ltr'><strong>lunt</strong></span> <span class='ocrx_word' id='word_1_621' title='bbox 2235 4190 2326 4261; x_wconf 90' lang='lat' dir='ltr'><strong>pie</strong></span> <span class='ocrx_word' id='word_1_622' title='bbox 2361 4191 2549 4246; x_wconf 86' lang='lat' dir='ltr'><strong>vivere</strong></span> <span class='ocrx_word' id='word_1_623' title='bbox 2596 4192 2653 4247; x_wconf 91' lang='lat' dir='ltr'><strong>in</strong></span> <span class='ocrx_word' id='word_1_624' title='bbox 2687 4191 2935 4261; x_wconf 88' lang='lat' dir='ltr'><strong>Christo,</strong></span> <span class='ocrx_word' id='word_1_625' title='bbox 2976 4193 3421 4264; x_wconf 89' lang='lat' dir='ltr'><strong>persecutionem</strong></span> <span class='ocrx_word' id='word_1_626' title='bbox 3470 4194 3689 4265; x_wconf 87' lang='lat' dir='ltr'><strong>patien-</strong></span> 
     </span>
    </p>
   </div>
   <div class='ocr_carea' id='block_1_84' title="bbox 2084 4282 3685 4356">
    <p class='ocr_par' dir='ltr' id='par_1_84' title="bbox 2084 4282 3685 4356">
     <span class='ocr_line' id='line_1_84' title="bbox 2084 4282 3685 4356; baseline 0.002 -18"><span class='ocrx_word' id='word_1_627' title='bbox 2084 4292 2178 4338; x_wconf 93' lang='lat' dir='ltr'><strong>tur</strong></span> <span class='ocrx_word' id='word_1_628' title='bbox 2198 4283 2267 4349; x_wconf 76' lang='lat'><strong>“,</strong></span> <span class='ocrx_word' id='word_1_629' title='bbox 2301 4302 2320 4335; x_wconf 85' lang='grc'><strong>›</strong></span> <span class='ocrx_word' id='word_1_630' title='bbox 2356 4282 2558 4353; x_wconf 89' lang='lat' dir='ltr'><strong>inquit.</strong></span> <span class='ocrx_word' id='word_1_631' title='bbox 2587 4282 2695 4339; x_wconf 90' lang='lat' dir='ltr'><strong>Sed</strong></span> <span class='ocrx_word' id='word_1_632' title='bbox 2723 4293 2930 4351; x_wconf 87' lang='lat' dir='ltr'><strong>tamen,</strong></span> <span class='ocrx_word' id='word_1_633' title='bbox 2981 4286 3305 4356; x_wconf 88' lang='lat' dir='ltr'><strong>quicunque</strong></span> <span class='ocrx_word' id='word_1_634' title='bbox 3353 4284 3410 4340; x_wconf 90' lang='lat' dir='ltr'><strong>id</strong></span> <span class='ocrx_word' id='word_1_635' title='bbox 3438 4285 3685 4356; x_wconf 85' lang='lat' dir='ltr'><strong>perpessi</strong></span> 
     </span>
    </p>
   </div>
   <div class='ocr_carea' id='block_1_85' title="bbox 2086 4373 3684 4449">
    <p class='ocr_par' dir='ltr' id='par_1_85' title="bbox 2086 4373 3684 4449">
     <span class='ocr_line' id='line_1_85' title="bbox 2086 4373 3684 4449; baseline 0.003 -20"><span class='ocrx_word' id='word_1_636' title='bbox 2086 4374 2315 4439; x_wconf 77' lang='lat' dir='ltr'><strong>fuerint,</strong></span> <span class='ocrx_word' id='word_1_637' title='bbox 2352 4373 2503 4431; x_wconf 89' lang='lat' dir='ltr'><strong>beati</strong></span> <span class='ocrx_word' id='word_1_638' title='bbox 2542 4383 2715 4431; x_wconf 88' lang='lat' dir='ltr'><strong>sunt:</strong></span> <span class='ocrx_word' id='word_1_639' title='bbox 2763 4392 2891 4432; x_wconf 86' lang='lat' dir='ltr'><strong>nam</strong></span> <span class='ocrx_word' id='word_1_640' title='bbox 2939 4377 3106 4433; x_wconf 90' lang='lat' dir='ltr'><strong>simul</strong></span> <span class='ocrx_word' id='word_1_641' title='bbox 3158 4377 3440 4449; x_wconf 91' lang='lat' dir='ltr'><strong>patiendo,</strong></span> <span class='ocrx_word' id='word_1_642' title='bbox 3485 4393 3684 4435; x_wconf 83' lang='lat' dir='ltr'><strong>conse-</strong></span> 
     </span>
    </p>
   </div>
   <div class='ocr_carea' id='block_1_86' title="bbox 2084 4468 3681 4544">
    <p class='ocr_par' dir='ltr' id='par_1_86' title="bbox 2084 4468 3681 4544">
     <span class='ocr_line' id='line_1_86' title="bbox 2084 4468 3681 4544; baseline 0.003 -19"><span class='ocrx_word' id='word_1_643' title='bbox 2084 4478 2329 4540; x_wconf 87' lang='lat' dir='ltr'><strong>quentur</strong></span> <span class='ocrx_word' id='word_1_644' title='bbox 2346 4468 2518 4525; x_wconf 89' lang='lat' dir='ltr'><strong>etiam</strong></span> <span class='ocrx_word' id='word_1_645' title='bbox 2543 4478 2605 4525; x_wconf 91' lang='lat' dir='ltr'><strong>ut</strong></span> <span class='ocrx_word' id='word_1_646' title='bbox 2633 4470 2800 4526; x_wconf 90' lang='lat' dir='ltr'><strong>simul</strong></span> <span class='ocrx_word' id='word_1_647' title='bbox 2826 4479 3085 4544; x_wconf 87' lang='lat' dir='ltr'><strong>regnent,</strong></span> <span class='ocrx_word' id='word_1_648' title='bbox 3116 4483 3178 4527; x_wconf 85' lang='lat' dir='ltr'><strong>ut</strong></span> <span class='ocrx_word' id='word_1_649' title='bbox 3200 4471 3471 4543; x_wconf 90' lang='lat' dir='ltr'><strong>scriptum</strong></span> <span class='ocrx_word' id='word_1_650' title='bbox 3500 4478 3589 4527; x_wconf 90' lang='lat' dir='ltr'><strong>est</strong></span> <span class='ocrx_word' id='word_1_651' title='bbox 3611 4471 3681 4530; x_wconf 81' lang='grc'><strong>⁸⁵.</strong></span> 
     </span>
    </p>
   </div>
   <div class='ocr_carea' id='block_1_87' title="bbox 2084 4561 3616 4639">
    <p class='ocr_par' dir='ltr' id='par_1_87' title="bbox 2084 4561 3616 4639">
     <span class='ocr_line' id='line_1_87' title="bbox 2084 4561 3616 4639; baseline 0.004 -23"><span class='ocrx_word' id='word_1_652' title='bbox 2084 4561 2225 4617; x_wconf 81' lang='lat' dir='ltr'><strong>Num</strong></span> <span class='ocrx_word' id='word_1_653' title='bbox 2251 4564 2422 4635; x_wconf 84' lang='lat' dir='ltr'><strong>igitur</strong></span> <span class='ocrx_word' id='word_1_654' title='bbox 2444 4564 2623 4620; x_wconf 89' lang='lat' dir='ltr'><strong>oratio</strong></span> <span class='ocrx_word' id='word_1_655' title='bbox 2648 4579 2680 4618; x_wconf 92' lang='lat' dir='ltr'><strong>a</strong></span> <span class='ocrx_word' id='word_1_656' title='bbox 2705 4564 2912 4621; x_wconf 92' lang='lat' dir='ltr'><strong>decoro</strong></span> <span class='ocrx_word' id='word_1_657' title='bbox 2935 4563 3190 4639; x_wconf 69' lang='lat' dir='ltr'><strong>deviasse</strong></span> <span class='ocrx_word' id='word_1_658' title='bbox 3217 4565 3321 4622; x_wconf 90' lang='lat' dir='ltr'><strong>tibi</strong></span> <span class='ocrx_word' id='word_1_659' title='bbox 3345 4565 3616 4622; x_wconf 59' lang='lat' dir='ltr'><strong>videtur?</strong></span> 
     </span>
    </p>
   </div>
   <div class='ocr_carea' id='block_1_88' title="bbox 2160 4656 2801 4715">
    <p class='ocr_par' dir='ltr' id='par_1_88' title="bbox 2160 4656 2801 4715">
     <span class='ocr_line' id='line_1_88' title="bbox 2160 4656 2801 4715; baseline 0.005 -5"><span class='ocrx_word' id='word_1_660' title='bbox 2160 4656 2360 4712; x_wconf 85' lang='lat' dir='ltr'><strong>PALL.</strong></span> <span class='ocrx_word' id='word_1_661' title='bbox 2397 4658 2623 4714; x_wconf 82' lang='lat' dir='ltr'><strong>Minime</strong></span> <span class='ocrx_word' id='word_1_662' title='bbox 2648 4675 2801 4715; x_wconf 89' lang='lat' dir='ltr'><strong>vero.</strong></span> 
     </span>
    </p>
   </div>
   <div class='ocr_carea' id='block_1_89' title="bbox 441 4798 2799 4884">
    <p class='ocr_par' dir='ltr' id='par_1_89' title="bbox 441 4798 2799 4884">
     <span class='ocr_line' id='line_1_89' title="bbox 441 4798 2799 4884; baseline 0.002 -19"><span class='ocrx_word' id='word_1_663' title='bbox 441 4811 489 4842; x_wconf 81' lang='lat'><strong>&quot;</strong></span> <span class='ocrx_word' id='word_1_664' title='bbox 522 4808 701 4869; x_wconf 76' lang='lat' dir='ltr'><strong>Exod.</strong></span> <span class='ocrx_word' id='word_1_665' title='bbox 747 4824 843 4876; x_wconf 82' lang='lat' dir='ltr'><strong>vn,</strong></span> <span class='ocrx_word' id='word_1_666' title='bbox 881 4809 935 4880; x_wconf 82' lang='lat'><strong>6,</strong></span> <span class='ocrx_word' id='word_1_667' title='bbox 963 4809 1019 4863; x_wconf 89' lang='lat'><strong>7.</strong></span> <span class='ocrx_word' id='word_1_668' title='bbox 1096 4807 1143 4842; x_wconf 82' lang='lat'><strong>“</strong></span> <span class='ocrx_word' id='word_1_669' title='bbox 1168 4798 1329 4865; x_wconf 69' lang='lat' dir='ltr'><strong>Joan.</strong></span> <span class='ocrx_word' id='word_1_670' title='bbox 1360 4823 1435 4877; x_wconf 75' lang='lat' dir='ltr'><strong>vi,</strong></span> <span class='ocrx_word' id='word_1_671' title='bbox 1470 4807 1560 4864; x_wconf 70' lang='lat'><strong>65.</strong></span> <span class='ocrx_word' id='word_1_672' title='bbox 1641 4807 1687 4840; x_wconf 78' lang='lat'><strong>“</strong></span> <span class='ocrx_word' id='word_1_673' title='bbox 1712 4807 1779 4865; x_wconf 87' lang='lat' dir='ltr'><strong>ll.</strong></span> <span class='ocrx_word' id='word_1_674' title='bbox 1826 4800 1971 4866; x_wconf 80' lang='lat' dir='ltr'><strong>Tim.</strong></span> <span class='ocrx_word' id='word_1_675' title='bbox 2001 4826 2082 4881; x_wconf 68' lang='lat' dir='ltr'><strong>in,</strong></span> <span class='ocrx_word' id='word_1_676' title='bbox 2115 4811 2205 4869; x_wconf 75' lang='grc'><strong>42.</strong></span> <span class='ocrx_word' id='word_1_677' title='bbox 2283 4813 2329 4849; x_wconf 80' lang='grc'>⁸⁸</span> <span class='ocrx_word' id='word_1_678' title='bbox 2364 4812 2525 4870; x_wconf 80' lang='lat' dir='ltr'><strong>Rom.</strong></span> <span class='ocrx_word' id='word_1_679' title='bbox 2563 4830 2677 4884; x_wconf 80' lang='lat' dir='ltr'><strong>vin,</strong></span> <span class='ocrx_word' id='word_1_680' title='bbox 2710 4816 2799 4876; x_wconf 77' lang='lat' dir='ltr'><strong>t8.</strong></span> 
     </span>
    </p>
   </div>
   <div class='ocr_carea' id='block_1_90' title="bbox 1978 5107 2050 5121">
    <p class='ocr_par' dir='ltr' id='par_1_90' title="bbox 1978 5107 2050 5121">
     <span class='ocr_line' id='line_1_90' title="bbox 1978 5107 2050 5121; baseline 0 0"><span class='ocrx_word' id='word_1_681' title='bbox 1978 5107 2050 5121; x_wconf 68' lang='lat'><strong>.—</strong></span> 
     </span>
    </p>
   </div>
  </div>
