4096 6466
447 351 560 410 963
1448 345 1505 398 S.
1548 343 1823 397 GYRILLI
1867 340 2338 397 ALEXANDRINI
2379 340 2696 396 ARCIIIEI’.
3595 339 3698 397 9.6.5

2639 501 2828 508 ...ορ-...ιρι
2849 502 2854 504 -
2875 502 2884 504 -
2901 501 3008 508 ...ιο-
3025 502 3418 511 _~—.—‘—_,,..-~_,

1033 714 1427 842 ΠΕΡΙ
1521 712 1867 839 ΤΗΣ
1953 709 2159 834 ΕΝ
2252 699 3132 836 ΠΝΕΥΜΑΤ]

1703 950 1897 1034 ΚΑΙ
1968 940 2460 1060 ΑΛΗΘΕΙᾼ

858 1169 2079 1289 ἮΟΣΙίΥΝΗΣΕΩΣ
2189 1170 2469 1281 ΚΑΙ
2579 1163 3316 1283 ΛΑΤΡΕΙΑΣ

1575 1411 2015 1498 ΛΟΓΟΣ
2107 1411 2609 1498 ΤΡΙΤΟΣ.

613 1787 790 1898 DE
877 1782 1800 1898 ADORATIONE
1887 1780 2068 1891 ET
2160 1774 2642 1890 CULTU
2740 1775 2881 1888 IN
2973 1773 3543 1888 SPIRITU

1624 2046 1787 2146 ET
1878 2040 2535 2150 VERITATE

1570 2291 1935 2368 LIBER
2026 2287 2608 2367 TERTIUS.

437 2627 563 2701 81
596 2625 844 2701 Mortem,
890 2641 1008 2701 qua:
1050 2640 1114 2679 ea:
1156 2633 1368 2701 peccato
1415 2635 1689 2701 consecuta
1714 2635 1811 2691 est,
1863 2636 2054 2697 atque,

2089 2667 2098 2684 ι
2125 2625 2249 2678 Ὅτι
2271 2623 2588 2701 ἀμήχανον
2626 2619 3072 2701 διαφυγεῖῖηζὸν
3097 2618 3167 2683 ἐξ
3179 2615 3496 2701 ⁸άμαρςεςίας
3527 2612 3706 2701 θείνας

511 2682 708 2751 diaboli
735 2682 1092 2768 tyrannidem,
1129 2682 1315 2750 ebitari
1344 2696 1492 2768 nullo
1534 2699 1686 2751 modo
1731 2682 1880 2768 posse
1917 2682 2019 2768 ἠιει
2052 2682 2098 2686 ψ

2086 2682 2098 2684 ‘
2195 2682 2325 2768 τρνξ
2356 2682 2454 2747 aia»
2486 2693 2600 2768 ne
2645 2682 2752 2768 τρῡ
2791 2682 3075 2768 manu
3115 2682 3496 2768 ςελεάνέείαντ
3528 2687 3579 2768 ξι
3613 2682 3703 2768 Ιέὴ

511 2783 606 2837 per
630 2755 1105 2835 sanctiﬁcationern
1131 2782 1257 2837 qua:
1295 2782 1372 2837 ex;
1397 2767 1602 2837 Christo
1646 2755 1762 2833 est';
1819 2766 2020 2836 iustiﬁ-

2191 2764 2266 2837 διξ
2289 2755 2584 2837 (inualidi;
2605 2763 2711 2837 τοῦ
2739 2763 2889 2837 κατὰ
2920 2761 3178 2837 ξρισζᾷν
3197 2775 3210 2788 ·
3239 2759 3334 2836 καὶ
3378 2755 3465 2809 ὅτι
3496 2757 3608 2810 οὐκ
3634 2755 3705 2808 ἐν

508 2830 873 2908 rationemque
907 2852 1011 2890 non
1040 2837 1096 2889 in
1122 2830 1254 2906 lege,
1284 2835 1374 2890 sed
1403 2838 1459 2890 in
1484 2835 1692 2892 Christo
1715 2830 1846 2891 essé.
1948 2830 1959 2834 —

1716 2830 1846 2891 essé.
1948 2830 1959 2834 ’
2191 2830 2352 2905 νόμῴ
2391 2837 2427 2903 ἡ
2462 2830 2788 2898 δικαίωσις,
2817 2832 2953 2887 ἀλλ’
2988 2830 3058 2883 ἐν
3084 2830 3333 2897 Χριστῷ.

511 2948 630 3004 Iam
651 2963 785 3002 vero
805 2962 930 3002 cum
954 2945 1222 3017 ejusmodi
1250 2938 1582 3001 sacriﬁcium
1604 2945 1864 3000 lsraelitae
1887 2959 2020 3015 per-

2193 2944 2400 2998 Οὐκοῦν
2446 2944 2742 3014 ἐπειδήπερ
2787 2945 2884 3014 τῆς
2935 2941 3124 3005 θυσίας
3155 2942 3183 2994 ὁ
3239 2938 3438 3012 τρόπος
3496 2938 3606 3002 τοῖς
3646 2936 3707 3003 ἐξ

437 3039 960 3108 fecissent,cumque
977 3043 1240 3108 praeterea
1258 3038 1621 3108 primogenita
1641 3036 2021 3109 Egyptiorum

2141 3038 2356 3110 Ἰσραὴλ
2384 3033 2441 3091 εὖ
2475 3037 2620 3108 μάλα
2647 3037 3035 3108 διεπεραίνετο,
3069 3035 3164 3088 καὶ
3186 3033 3254 3087 τὰ
3283 3032 3383 3102 μὲν
3407 3032 3515 3086 τῶν
3537 3033 3704 3102 Δίγυ-

436 3131 754 3202 periissent,
790 3129 1203 3200 depulissetque
1249 3138 1513 3200 tanquam
1561 3129 1619 3183 in
1665 3128 1837 3200 ﬁgura
1861 3127 2023 3183 Chri-

2123 3131 2293 3184 πτίων
2324 3129 2643 3200 πρωτότοκα
2690 3128 2928 3182 διολώλει
2981 3128 3186 3195 λοιπὸν,
3221 3129 3478 3183 ἀπεσόϐει
3511 3126 3570 3180 δὲ
3597 3124 3706 3178 τῶν

434 3231 606 3278 stusa
643 3219 1002 3276 sanctiﬁcatis
1045 3220 1560 3288 exterminatorem,
1611 3229 1728 3280 tum
1777 3223 2021 3291 denique

2123 3223 2468 3295 ἡγιασμένων
2511 3223 2586 3286 ὼς
2623 3224 2681 3276 ὲν
2732 3223 2888 3294 τύπῳ
2945 3216 3180 3293 Χριστὸς
3222 3221 3314 3276 τὸν
3359 3217 3703 3290 ὁλοθρευτὴν,

435 3318 528 3372 vix
576 3316 929 3371 dominorum
989 3316 1154 3371 terris
1197 3324 1594 3383 excesserunt;
1649 3330 1884 3384 cumque
1952 3314 2022 3369 ad

2121 3317 2242 3370 τότε
2275 3315 2340 3381 δὴ
2392 3314 2545 3385 μόλις
2577 3312 2678 3384 τῆς
2725 3312 2832 3366 τῶν
2877 3311 3224 3383 κρατούντων
3266 3311 3544 3373 ἐκθέοντες
3576 3308 3704 3377 γῆς,

433 3408 759 3480 promissam
789 3408 896 3464 sibi
921 3407 1200 3478 regionem
1235 3416 1618 3480 properarent,
1642 3408 1714 3464 ad
1758 3423 1879 3463 eam
1909 3422 2022 3462 non

2125 3409 2219 3464 καὶ
2250 3407 2386 3480 πρὸς
2430 3406 2528 3478 τὴν
2574 3405 2992 3477 ἐπηγγελμένην
3035 3406 3218 3469 αὐτοῖς
3266 3402 3556 3473 ἀφικέσθαι
3594 3401 3709 3454 δια-

435 3506 588 3552 recto
611 3513 803 3564 cursu,
838 3497 936 3552 sed
957 3496 1195 3553 ﬂexibus
1217 3498 1275 3552 in
1305 3507 1598 3569 utramque
1621 3499 1730 3568 82
1754 3505 1964 3568 partem
1989 3510 2023 3550 a

2129 3501 2466 3565 σπεύδοντες,
2498 3500 2598 3554 οὐκ
2625 3498 3044 3570 εὑθυδρομοῦσιν
3080 3500 3160 3562 εἰς
3206 3497 3398 3569 αὐτὴν,
3427 3510 3708 3564 περιαγω-

435 3599 588 3646 recto
622 3590 820 3658 itinere
845 3591 1080 3647 diversis
1102 3591 1359 3662 perducti
1388 3601 1537 3646 sunt.
1585 3591 1676 3646 Sic
1701 3591 1846 3646 enim
1880 3589 2022 3645 scri-

2130 3597 2257 3665 γαῖς
2280 3595 2337 3648 δὲ
2368 3593 2558 3663 ὥσπερ
2583 3593 2702 3655 ταῖς
2733 3592 2824 3644 ἐπὶ
2874 3589 3078 3662 θάτερα
3107 3590 3202 3662 τῆς
3255 3588 3467 3651 εὐθείας
3504 3589 3710 3638 ἀπεκο-

436 3691 594 3752 ptum
618 3690 702 3738 est
724 3698 979 3738 rursum:
1014 3702 1031 3734 ι
1054 3683 1272 3739 Utvero
1297 3683 1482 3737 emisit
1503 3683 1715 3736 Pharao
1737 3681 2020 3752 populum,

2127 3688 2362 3759 μίζοντο.
2396 3685 2601 3756 Γράφει
2642 3684 2738 3754 μὲν
2762 3682 2871 3754 γὰρ
2901 3676 3003 3736 ὧδε
3037 3681 3201 3734 πάλιν
3221 3697 3234 3711 ·
3275 3699 3294 3732 ι
3336 3680 3423 3742 Ὠς
3452 3679 3510 3731 δὲ
3541 3676 3710 3744 ἐξαπ-

434 3788 548 3827 non
573 3771 802 3827 deduxit
831 3788 928 3828 eos
953 3771 1098 3828 Deus
1118 3786 1219 3842 per
1241 3771 1387 3826 viam
1417 3771 1846 3835 Philistazorum,
1894 3770 2025 3840 quia

2123 3779 2330 3833 έστειλε
2357 3774 2556 3849 Φαραὼ
2577 3777 2666 3829 τὸν
2682 3774 2833 3841 λαὸν,
2861 3775 2960 3845 οὐχ
2986 3774 3268 3843 ὡδήγησεν
3293 3771 3492 3832 αὐτοὺς
3520 3771 3548 3822 ὁ
3574 3767 3711 3832 Θεὸς

437 3880 610 3935 prOpe
637 3871 774 3918 erat.
789 3863 936 3918 Dixit
955 3863 1102 3917 enim
1128 3863 1276 3918 Deus
1315 3879 1329 3916 :
1358 3862 1437 3918 Ne
1463 3861 1606 3917 forte
1631 3862 1897 3932 pmniteat
1918 3878 2022 3933 po-

2125 3872 2243 3926 ὁδὸν
2272 3873 2375 3942 γῆς
2397 3869 2724 3940 Φιλιστιεὶμ,
2754 3869 2836 3922 ὅτι
2867 3867 3034 3936 ἐγγὺς
3057 3862 3144 3936 ἦν.
3170 3860 3304 3917 Εἷπε
3333 3864 3442 3933 γὰρ
3479 3865 3506 3916 ὁ
3533 3861 3667 3942 Geo;
3691 3875 3705 3890 ·

438 3957 650 4027 pulum,
706 3957 753 4011 si
804 3956 1008 4011 viderit
1032 3956 1263 4020 bellum,
1318 3961 1376 4009 et
1400 3962 1711 4009 revertatur
1756 3955 1814 4009 in
1855 3953 2055 4040 Egyg

2093 3937 2350 4034 ,Μήποτε
2411 3937 2764 4034 μεταμελήσῃ
2812 3959 2889 4031 τῷ
2926 3958 3042 4028 λαῷ
3088 3956 3249 4010 ἰδόντι
3299 3955 3555 4026 πόλεμον,
3612 3937 3710 4006 καὶ

437 4058 614 4119 ptum.
638 4049 709 4104 Et
737 4047 1108 4104 circumduxit
1128 4048 1275 4102 Deus
1289 4049 1554 4118 populum
1579 4063 1738 4102 suum
1760 4064 1858 4117 per
1877 4048 2022 4102 viam

2125 4057 2448 4129 ἀποστρέψῃ
2472 4057 2551 4118 είς
2575 4055 2869 4123 Αἴγυπτον.
2898 4051 3007 4104 Καὶ
3032 4049 3340 4104 ἐκύκλωσεν
3362 4051 3389 4102 ὁ
3417 4048 3548 4111 Θεὸς
3579 4045 3707 4099 λαὸν

439 4155 561 4209 quae
593 4139 747 4194 ducit
777 4139 835 4193 in
862 4138 1145 4193 desertum
1167 4137 1235 4193 ad
1261 4155 1412 4194 mare
1448 4139 1699 4194 Rubrum
1723 4139 1786 4194 “.
1821 4157 1839 4190 ι

2123 4146 2288 4200 αὐτοῦ
2314 4146 2430 4200 ὁδὸν
2446 4147 2544 4217 τὴν
2561 4147 2639 4208 είς
2655 4144 2858 4216 ἔρημον
2867 4144 2948 4206 εἰς
2966 4142 3065 4213 τὴν
3089 4140 3352 4212 Ἐρυθρὰν
3376 4138 3668 4192 θάλασσαν.
3681 4154 3701 4189 ι

509 4233 711 4289 PALL.
743 4232 887 4302 Quid
910 4233 1157 4301 ,tandem
1214 4233 1273 4291 in
1311 4249 1378 4289 ea
1408 4249 1628 4304 quoque
1674 4249 1734 4288 re
1775 4231 2024 4305 mysterii

2195 4240 2404 4293 ΠΑΛΛ.
2439 4236 2503 4290 Τί
2531 4237 2594 4308 δὴ
2629 4238 2733 4309 ἄρα
2759 4237 2859 4290 κάν
2889 4233 3063 4306 τούτῳ
3093 4233 3154 4286 τὸ
3183 4231 3564 4304 κεκρυμμένον
3585 4245 3598 4258 °
3781 4217 3783 4222 ’

440 4323 612 4381 latet?
2983 4363 2990 4370 .

449 4479 452 4482 ,
513 4415 670 4470 ΟΥΕ.
697 4414 1110 4484 Exquirendum
1158 4415 1214 4470 id
1245 4423 1352 4482 est,
1408 4417 1455 4470 si
1490 4417 1564 4471 ita
1609 4415 1850 4470 videtur.
1903 4415 2025 4471 Scis

2195 4421 2358 4476 ΚΥΡ.
2412 4407 2884 4485 Ἐκϐασανιστέον,
2939 4421 2984 4472 εἰ
3023 4418 3187 4472 δοκεῖ.
3243 4416 3408 4479 Σύνες
3461 4416 3567 4487 γὰρ
3619 4414 3705 4466 ὅτι

441 4503 613 4569 enim,
651 4519 777 4558 cum
803 4505 913 4560 illis
936 4505 994 4561 in
1029 4517 1288 4576 promptu
1315 4516 1462 4563 esset
1485 4507 1572 4563 via
1602 4523 1700 4576 per
1746 4522 1910 4576 quam
1939 4522 2026 4561 re-

2126 4511 2536 4582 παρακειμένης
2563 4511 2683 4564 ὁδοῦ
2713 4511 2816 4580 τῆς
2849 4509 2934 4562 ἐπ’
2958 4510 3172 4572 εὐθείας
3205 4509 3409 4571 αὐτοῖς,
3446 4507 3539 4560 καὶ
3568 4505 3704 4576 βρα-

445 4603 535 4651 cta
561 4596 620 4650 in
668 4596 851 4651 locum
896 4598 1238 4662 tenderetur,
1302 4614 1366 4653 ac
1411 4599 1606 4653 liceret
1633 4598 1786 4652 brevi
1827 4598 2025 4653 itinere

2125 4603 2497 4675 χυποροῦντας
2528 4603 2647 4667 ἐξὸν
2698 4602 2989 4671 ἀφικέσθαι
3031 4601 3309 4672 συντόμως
3340 4599 3569 4671 (Ἐγγὺς
3595 4597 3705 4669 γὰρ

446 4687 558 4742 cito
589 4687 881 4757 pervenire
921 4686 1114 4760 (prope
1139 4689 1288 4743 enim
1311 4697 1429 4743 erat
1459 4696 1608 4742 terra
1633 4689 1824 4758 procul
1855 4687 2024 4743 dubio

2123 4692 2212 4768 ἦν,
2246 4697 2400 4768 φησὶ,
2435 4697 2534 4767 τῆς
2559 4697 2886 4766 ἐπαγγελίας
2910 4699 2943 4767 ἡ
2973 4677 3090 4767 γῆ),
3121 4696 3278 4767 δῆλον
3314 4695 3395 4748 ὅτι
3422 4695 3488 4748 δι’
3516 4692 3705 4763 ἐτέρας

446 4775 882 4850 promissionis),
907 4793 1008 4848 per
1045 4779 1276 4833 alteram
1325 4793 1421 4832 eos
1467 4777 1690 4832 duxisse
1712 4778 1876 4844 viam,
1903 4794 2026 4848 quae

2125 4788 2321 4851 αὐτοὺς
2355 4788 2678 4857 ἀπεκόμιζε,
2711 4789 2808 4860 τῆς
2848 4789 2906 4840 ἐν
2930 4786 3114 4858 κύκλῳ
3157 4786 3373 4858 μακρῷ,
3402 4785 3462 4839 τὸ
3487 4785 3704 4856 ἕτοιμον

446 4866 611 4936 longo
643 4867 883 4922 circuitu
932 4867 1331 4936 conﬁceretur;
1383 4867 1531 4937 quod
1576 4867 1668 4922 ille
1699 4878 2025 4926 cunctorum

2125 4878 2205 4942 είς
2233 4877 2551 4943 ἀπόστασιν,
2584 4878 2679 4932 καὶ
2709 4879 2770 4931 τὸ
2803 4878 3045 4948 ἀσχέτως
3085 4878 3164 4931 ἔτι
3201 4875 3592 4938 κατανενευκδς
3625 4877 3706 4938 εἰς

447 4954 646 5025 Opifex
679 4957 901 5013 illorum
930 4957 1176 5012 animum
1199 4956 1268 5011 ad
1314 4957 1734 5014 desciscendum
1785 4961 2020 5029 facilem,

2124 4967 2326 5024 δειλίαν
2348 4969 2457 5024 τῶν
2479 4971 2645 5025 πάλαι
2667 4967 3028 5042 προεγνωκὼς
3048 4971 3077 5023 ὁ
3099 4968 3315 5023 πάντων
3339 4967 3703 5040 Δημιουργὸς.

447 5055 504 5102 et
526 5049 594 5103 ad
622 5058 831 5104 metum
858 5048 1092 5105 nimium
1123 5047 1423 5120 proclivem
1450 5049 1611 5121 longe
1657 5059 1783 5110 ante
1832 5055 2022 5125 provi-

447 5139 640 5196 disset.

515 5228 713 5285 PALL.
743 5230 904 5284 Nulla
927 5228 1099 5299 magis
1118 5230 1410 5301 perspicua
1439 5241 1524 5288 est
1555 5235 1753 5290 oratio.

2195 5235 2405 5290 IIAAA.
2448 5235 2613 5292 Οὐδέν
2639 5255 2691 5291 τι
2720 5237 2918 5308 μᾶλλόν
2950 5237 3065 5291 ἐστι
3100 5237 3274 5309 σαφὴς
3296 5239 3325 5292 ὁ
3350 5237 3525 5307 λόγος.

513 5317 673 5372 CYR.
726 5316 808 5370 Ad
868 5316 1212 5386 spiritualem
1263 5319 1432 5390 igitur
1498 5317 2096 5394 contemplationemC

2085 5319 2096 5382 ἶ
2194 5329 2360 5384 ΚΥΡ.
2412 5329 2576 5384 Ἰτέον
2599 5328 2663 5401 δὴ
2689 5325 2782 5384 οὖν
2805 5330 2896 5384 ἐπὶ
2925 5329 3156 5402 θεωρίαν
3179 5329 3279 5401 τὴν
3308 5329 3702 5400 πνευματικὴν,

445 5407 842 5465 transeundum
864 5415 968 5463 est.
995 5407 1098 5474 Qui
1145 5426 1176 5465 a
1213 5413 1491 5469 mundana
1517 5415 1629 5470 vita
1654 5415 2018 5472 daemoniaco—

2127 5421 2252 5484 τοὺς
2270 5421 2378 5476 ἀπὸ
2396 5421 2541 5492 ζωῆς
2563 5423 2831 5494 κοσμικῆς
2853 5423 2947 5477 καὶ
2964 5422 3348 5493 δαιμονιώδους
3367 5422 3701 5487 πλεονεξίας,

442 5495 886 5589 quc’dominatu,
921 5504 1180 5572 tanquam
1211 5517 1278 5556 ex
1298 5502 1549 5576 Egyptia
1590 5507 1814 5577 regione
1861 5522 2018 5562 rece-

2126 5510 2316 5585 ὥσπερ
2340 5513 2484 5578 τινὸς
2503 5514 2606 5585 γῆς
2632 5513 2948 5582 Αἰγυπτίων
2983 5515 3337 5587 ἀπαίροντας,
3365 5515 3481 5578 ὁδὸς
3519 5514 3703 5567 εὐθεῖα

441 5586 600 5652 dunt,
626 5601 722 5640 eos
747 5594 902 5645 recta
953 5589 1248 5664 brevisque
1289 5596 1514 5652 omnino
1547 5598 1634 5654 via
1665 5599 1919 5668 perducit
1945 5601 2016 5656 ad

2124 5603 2217 5656 καὶ
2247 5603 2400 5675 ὀλίγη
2430 5604 2709 5670 παντελῶς
2735 5606 3002 5676 ἀποφέρει
3023 5586 3158 5678 πρδς
3179 5606 3470 5677 ἁγιασμδν,
3497 5605 3591 5660 καὶ
3620 5607 3703 5670 εἰς

511 5764 555 5794 ⁸⁸
582 5763 734 5821 Exod
787 5781 894 5834 xu,
929 5771 984 5826 4.
