4096 6428
306 315 428 372 265

1067 314 1156 369 DE
1196 313 1645 373 ADORATIONE
1685 314 1751 371 IN
1787 313 2062 372 SPIRITU
2102 313 2191 369 ET
2230 311 2608 370 VERITATE.
2650 310 2778 365 LIB.
2822 309 2912 365 111.

3522 306 3630 364 266

305 430 518 484 ἐλπίδα
562 429 663 503 τὴν
707 429 861 502 παρά
892 431 1036 504 Θεῷ,
1083 434 1268 500 πίστις
1312 437 1345 508 ἠ
1393 437 1451 489 ἐν
1486 435 1728 508 Χριστῷ,
1762 435 1855 489 καὶ
1899 436 1933 505 ἡ

2045 432 2558 500 sanctiﬁcationem,
2616 443 2885 501 spemque
2919 441 3043 484 eam
3075 440 3244 497 quam
3275 424 3331 479 in
3376 425 3489 480 Deo
3541 442 3633 480 re-

304 525 442 577 κατ’
476 523 647 577 αὐτὸν
685 522 994 591 δικαίωσις,
1038 528 1181 584 κατά
1211 546 1275 597 γε
1313 528 1376 582 τὸ
1422 529 1528 583 ὑπὸ
1574 527 1668 582 τοῦ
1717 527 1931 582 Παύλου

316 615 517 687 σοφῶς
560 618 888 690 είρημὲὲνον⁸
944 638 963 671 ι
1010 618 1209 691 Ἐγγύς
1256 638 1350 676 σου
1382 621 1442 675 τὸ
1478 620 1634 694 ρἧἀ
1674 622 1825 676 ἐστιν
1873 622 1932 674 ἐν

314 705 407 778 τῷ
431 708 673 780 στόματί
707 727 824 776 σου,
855 711 951 766 καὶ
981 712 1038 773 ὲν
1062 715 1127 784 τῇ
1159 712 1358 786 καρδίᾳ
1397 730 1515 778 σου,
1540 713 1686 768 τοῦτ’
1726 712 1844 767 ἔστι
1871 713 1933 767 τὸ

307 800 478 872 ρἧα
505 802 606 873 τῆς
633 802 872 868 πίστεως
890 802 920 856 ὃ
953 804 1306 878 κηρύσσομεν
1325 848 1341 873 ,
1362 807 1444 861 ὅτι
1465 806 1560 861 ἐὰν
1585 805 1932 878 ὁμολογήσῃς

306 894 370 945 ἐν
406 891 494 964 τῷ
527 893 760 966 στόματί
793 913 888 950 σου
928 898 1010 952 ὅτι
1037 898 1243 971 Κύριος
1292 899 1525 973 Ἰησοῦς,
1560 901 1657 956 καὶ¹
1708 899 1933 955 πιστεύ-

311 1001 420 1058 σῃς
456 987 521 1038 ὲν
552 988 621 1059 τῇ
652 987 853 1061 καρδίᾳ
898 1007 994 1044 σου
1031 991 1113 1044 ὄτι
1144 993 1174 1046 ὁ
1217 990 1352 1057 Θεὸς
1397 992 1559 1046 αὑτὸν
1602 993 1824 1065 ἤγειρεν
1867 992 1932 1046 ἐκ

303 1079 558 1149 νεκρῶν,
588 1079 817 1155 σωθήσῃ
840 1097 854 1113 ·
885 1082 1084 1155 καρδία
1122 1082 1234 1157 γάρ
1262 1083 1579 1139 πιστεύεται
1619 1086 1701 1148 είς
1726 1084 1934 1139 δικαιο-

309 1172 532 1243 σύνην·
594 1175 829 1247 στόματι
893 1176 953 1231 δὲ
1008 1176 1354 1249 ὁμολογεῖται
1423 1178 1505 1244 είς
1561 1177 1862 1250 σωτηρίαν.
1907 1197 1927 1232 ι

307 1264 546 1338 Ταύτην
573 1263 667 1322 οὖν
689 1269 800 1340 ἄρα
828 1269 930 1341 τὴν
960 1265 1134 1335 οὓτως
1159 1270 1332 1343 ἀγχοῦ
1363 1271 1459 1325 καὶ
1491 1270 1933 1343 συνεσταλμένην

307 1358 444 1412 ὁδὸν
494 1360 830 1432 διαστείχειν
846 1363 948 1416 οὐκ
978 1362 1130 1433 ἠφίει
1161 1363 1289 1427 τοὺς
1315 1363 1486 1418 πάλαι
1523 1362 1688 1429 Θεὸς·
1721 1365 1933 1419 ἐπενόει

306 1451 371 1505 δὲ
400 1450 601 1522 ὥσπερ
638 1453 762 1507 τινὰ
805 1452 1007 1507 κύκλον
1040 1454 1139 1527 τὴν
1173 1457 1259 1509 ἐπ’
1293 1456 1513 1521 εὐθείας
1558 1459 1660 1512 οὐκ
1707 1458 1932 1530 ἔχοντα,

308 1544 412 1597 τὸν
442 1546 504 1598 ὲν
540 1544 940 1617 τίεριστροφαῖς
990 1545 1166 1617 λόγων
1207 1547 1304 1602 καὶ
1343 1550 1402 1602 ἐν
1450 1548 1741 1622 αἰνίγμασι
1770 1551 1935 1622 νόμον

314 1636 689 1709 μακροτέραν
722 1637 916 1708 ἔχοντα
945 1639 1041 1694 καὶ
1072 1640 1172 1694 οὐκ
1206 1640 1593 1715 ἀταλαίπωρον
1627 1643 1731 1715 τὴν
1769 1643 1936 1698 παιδ-

308 1728 599 1798 αγωγίαν,
633 1729 700 1784 ἵν’
745 1731 941 1803 ὥσπερ
968 1730 1092 1787 τινὰ
1124 1732 1416 1806 μελέτησιν
1441 1734 1552 1789 τῶν
1584 1735 1936 1809 τελειοτέρων

2034 526 2273 597 positam
2297 526 2592 591 habemus,
2624 522 2786 589 ﬁdes,
2813 521 3065 594 inquam,
3102 519 3156 575 in
3178 518 3426 586 Christo,
3452 527 3510 573 et
3540 518 3635 573 illa

2032 617 2090 673 in
2115 617 2313 674 eodem
2332 615 2676 689 justiﬁeatio,
2698 621 2762 669 ut
2792 612 3070 684 sapienter
3102 618 3189 668 est
3218 626 3250 665 a
3278 609 3442 665 beato
3464 608 3636 664 Paulo

2032 710 2244 767 dictum
2272 729 2285 765 :
2324 730 2343 763 ι
2377 710 2554 781 Prope
2578 716 2631 765 te
2663 715 2751 765 est
2800 706 3038 763 verbum
3063 705 3171 760 hoc
3206 704 3265 759 in
3311 718 3408 759 ore
3452 710 3548 758 tuo
3579 711 3638 757 et

2030 803 2090 859 in
2110 804 2279 860 corde
2304 810 2420 869 tuo,
2456 802 2564 857 hoc
2585 808 2691 867 est,
2715 799 2950 855 verbum
2984 797 3137 865 ﬁdei,
3183 796 3333 868 quod
3364 794 3635 867 praedica-

2031 914 2157 954 mus
2201 916 2213 952 :
2247 896 2535 969 quoniam,
2563 894 2610 949 si
2643 892 2964 948 conﬁtearis
3004 891 3061 946 in
3087 905 3183 947 ore
3206 897 3305 945 tuo
3341 888 3492 960 quod
3532 888 3640 943 Do-

2031 990 2221 1045 minus
2259 988 2444 1053 Jesus,
2486 993 2544 1041 et
2569 983 2878 1060 credideris
2907 983 2964 1039 in
3005 981 3174 1039 corde
3202 988 3297 1037 tuo
3321 980 3470 1052 quod
3492 980 3641 1035 Deus

2031 1083 2215 1155 ipsum
2249 1077 2543 1136 suscitavit
2565 1093 2597 1132 ιι
2627 1075 2887 1142 mortuis,
2916 1075 3102 1131 salvus
3121 1074 3271 1130 eris:
3298 1073 3467 1129 corde
3487 1072 3638 1127 enim

2035 1174 2286 1232 creditur
2323 1172 2394 1229 ad
2429 1169 2729 1245 justitiam,
2773 1184 2873 1224 ore
2917 1175 3107 1224 autem
3147 1165 3425 1223 confessio
3469 1165 3533 1222 ﬁt
3570 1164 3640 1220 ad

2033 1269 2270 1325 salutem
2306 1267 2393 1321 ω’.
2425 1286 2443 1319 ι
2493 1266 2600 1322 Ρει·
2643 1265 2790 1319 hanc
2834 1261 3009 1335 igitur
3050 1261 3191 1318 adeo
3223 1260 3469 1335 vicinam
3505 1259 3640 1315 bre-

2034 1377 2273 1435 vemque
2307 1361 2455 1417 viam
2479 1358 2768 1415 ambulare
2802 1357 3066 1428 antiquos
3094 1354 3221 1411 illos
3242 1354 3504 1411 homines
3525 1368 3642 1409 non

2034 1457 2292 1531 permisit
2324 1456 2493 1521 Deus,
2529 1455 2629 1529 sed
2674 1454 2831 1510 velut
2874 1450 3175 1507 circuitum
3218 1448 3514 1519 quemdam
3547 1463 3643 1503 ex-

2036 1551 2321 1624 cogitavit,
2349 1549 2692 1606 rectumiter
2716 1546 2945 1603 minime
2977 1544 3297 1608 habentem,
3333 1542 3532 1612 legem,
3553 1540 3642 1596 in-

2037 1659 2225 1715 quam,
2281 1657 2406 1713 qua:
2449 1656 2552 1715 per
2598 1638 2872 1697 orationis
2916 1636 3204 1693 anfractus
3247 1643 3306 1691 et
3349 1633 3643 1704 aenigmata

2037 1739 2351 1813 longiorem
2396 1739 2633 1794 haberet
2677 1734 3217 1804 laboriosioremque
3261 1728 3641 1801 disciplinam,

308 1821 390 1875 τὰ
428 1825 490 1875 ὲν
546 1826 730 1888 σκιαῖς
766 1823 1020 1896 ἔχοντες,
1062 1827 1158 1882 καὶ
1195 1822 1711 1899 προκατηχοῦμενοι
1741 1829 1803 1884 τὸ
1833 1848 1936 1901 μυ-

2045 1842 2098 1891 ιιι
2126 1834 2216 1901 iis,
2248 1849 2373 1905 quae
2419 1832 2787 1889 tradebantur
2828 1829 2887 1885 in
2927 1827 3166 1893 umbris,
3214 1825 3371 1881 velut
3412 1822 3647 1879 medita-

314 1913 580 1986 στήριον,
622 1915 700 1989 μὴ
735 1920 854 1982 τοῖς
885 1916 1143 1990 τυχοῦσιν
1172 1918 1361 1984 ἁπλῶς
1394 1924 1790 1977 καταπτοοῖντο
1823 1922 1937 1977 δεί-

316 2026 525 2080 μασιν,
574 2012 657 2075 είς
693 2012 1020 2087 ἀποδρομὴν
1058 2014 1155 2069 καὶ
1200 2016 1503 2070 ἀπόστασιν
1531 2016 1633 2088 τὴν
1667 2016 1775 2071 ἀπὸ
1801 2017 1937 2090 Χρι-

314 2101 482 2171 στοῦ,
524 2106 1090 2177 προγεγυμνασμένοι
1139 2107 1195 2161 δὲ
1233 2106 1425 2179 ὥσπερ
1467 2108 1567 2164 καὶ
1619 2103 1935 2182 ἀναμανθά-

311 2215 510 2263 νοντες
550 2199 613 2252 τὸ
646 2198 865 2270 ἀληθῶς
895 2199 1161 2271 ὠφελοῦν,
1191 2202 1530 2275 ὲτοιμότεροι
1574 2202 1674 2275 μὲν
1705 2203 1771 2259 ἂν
1825 2201 1937 2259 εἷεν

314 2290 465 2363 πρὸς
510 2290 616 2362 τὴν
662 2292 765 2365 τῆς
814 2291 1074 2365 ἀληθείας
1114 2294 1302 2365 ἔφεσίν
1339 2313 1403 2351 τε
1455 2297 1550 2352 καὶ
1602 2297 1935 2371 προθυμίαν,

319 2384 743 2456 ἐρηρεισμένην
766 2385 825 2439 δὲ
848 2386 944 2441 καὶ
987 2386 1502 2461 ἀ[να]κατάσειστον
1524 2390 1699 2463 ἔχοιεν
1722 2392 1823 2463 τὴν
1856 2394 1939 2457 είς

316 2473 460 2527 Θεὸν
483 2474 794 2548 ἀγάπησιν.
834 2477 937 2533 Διά
970 2481 1189 2553 μακρᾶς
1224 2478 1319 2535 οὖν
1344 2479 1535 2553 ὥσπερ
1588 2483 1685 2539 καὶ
1714 2483 1815 2537 οὐκ
1847 2483 1939 2538 εὐ-

319 2566 482 2632 θείας
501 2565 651 2633 δδοῦ,
666 2569 768 2641 τῆς
786 2570 930 2626 κατά
950 2571 1010 2625 τὸ
1032 2573 1268 2646 γράμμα
1289 2574 1564 2647 λατρείας,
1589 2575 1939 2646 παιδαγωγὸς

318 2654 393 2731 ἦν
442 2660 472 2714 ὁ
532 2660 718 2733 νόμος.
761 2663 1001 2736 Χριστὸς
1045 2665 1102 2719 δὲ
1138 2667 1239 2739 οὐχ
1284 2666 1446 2723 οὕτω.
1494 2667 1790 2740 Παρέδειξε
1831 2668 1940 2742 γὰρ

320 2753 465 2823 ἡμῖν
529 2752 629 2825 τὴν
680 2755 762 2820 εἰς
798 2754 930 2811 εὐθὺ
964 2757 1056 2811 καὶ
1103 2758 1299 2831 ἀγχοῦ,
1345 2759 1493 2815 τοῦτ’
1535 2760 1674 2829 ἔστι,
1710 2763 1809 2835 τὴν
1850 2763 1941 2818 διὰ

322 2844 595 2911 πίστεως,
641 2849 1069 2920 μεταχαλκεύων
1120 2853 1203 2916 είς
1244 2851 1561 2926 εὕτολμίαν,
1611 2856 1707 2910 καὶ
1754 2859 1836 2921 είς
1879 2858 1941 2912 τὸ

322 2939 535 3011 χρῆναι
589 2939 779 2995 λοιπὸν
826 2943 1284 3017 κατανδρίζεσθαι
1335 2945 1446 3000 τῶν
1486 2946 1937 3020 ἀνθεστηκότων*

322 3031 641 3102 τληπαθεῖν
660 3034 718 3088 δὲ
746 3035 828 3088 ὅτι
855 3033 1092 3105 μάλιστα
1122 3035 1297 3106 φιλεῖν
1322 3036 1464 3110 ὑπέρ
1492 3055 1553 3092 τε
1582 3038 1678 3093 τοῦ
1704 3038 1938 3110 ἀγαθοῦ,

325 3125 432 3180 καὶ.
444 3127 572 3190 ταῖς
584 3125 680 3180 τοῦ
701 3126 953 3181 διαϐόλου
978 3126 1337 3202 μεθοδ[ε]ίαις
1353 3130 1745 3202 ἀντιφέρεσθαι
1765 3150 1940 3202 γεννι-

322 3216 469 3282 κῶς,
534 3217 714 3272 ἐκεῖνό
767 3235 872 3272 που
923 3219 1064 3291 τάχα
1115 3221 1177 3275 τὸ
1225 3222 1283 3275 ὲν
1334 3224 1595 3296 προφήτῃ
1649 3224 1932 3297 λέγοντας·

328 3327 352 3363 ε
404 3310 543 3364 Ἰδοὺ
578 3309 785 3384 Κύριος
813 3311 1000 3384 βοηθεῖ
1040 3331 1150 3385 μοι,
1181 3313 1266 3378 τίς
1291 3313 1532 3370 κακώσει
1568 3333 1673 3389 με;
1718 3336 1736 3369 ι
1775 3318 1851 3373 Τὸ
1881 3319 1940 3381 δὲ

323 3402 396 3474 δὴ
430 3401 535 3475 τὴν
584 3401 760 3468 οὕτως
801 3406 938 3477 ἡμῖν
987 3404 1321 3475 ἀξιάγαστον
1350 3407 1644 3480 εὐτολμίαν
1679 3411 1944 3482 ἐμποιοῦν

324 3496 423 3569 εἴη
456 3497 523 3569 δή
566 3514 672 3551 που
713 3498 934 3552 πάντων
988 3497 1054 3554 ἂν
1100 3500 1289 3573 ἕτερον
1334 3499 1509 3567 οὐδὲν,
1547 3502 1700 3575 παρά
1746 3503 1846 3576 τὴν
1884 3504 1946 3571 ἐξ

328 3586 511 3659 ὕψους
541 3587 793 3662 δύναμιν,
824 3590 970 3645 τοῦτ’
1001 3590 1146 3658 ἐστι,
1184 3592 1284 3665 τὴν
1304 3593 1400 3647 τοῦ
1434 3593 1593 3664 ἁγίου
1624 3595 1944 3669 Πνεύματος

331 3681 566 3753 μέθεξίν
591 3699 653 3735 τε
686 3682 784 3736 καὶ
814 3683 1126 3740 κοινωνίαν.

2038 1930 2193 1984 tione
2222 1926 2463 1998 quadam
2497 1940 2689 1982 rerum
2712 1921 3111 1996 perfectiorum
3133 1926 3379 1985 utentes,
3404 1931 3471 1972 ac
3487 1914 3645 1988 prius

2036 2018 2292 2092 mysterii
2326 2015 2664 2072 rudimentis
2695 2012 2921 2079 imbuti,
2958 2026 3072 2067 non
3100 2018 3312 2066 temere
3351 2006 3647 2079 quibusvis

2040 2111 2351 2169 terroribus
2372 2109 2766 2174 turbarentur,
2789 2115 2847 2163 et
2870 2123 2901 2162 a
2922 2105 3149 2162 Christo
3172 2103 3456 2160 resilirent
3476 2109 3646 2172 atque

2037 2209 2432 2272 desciscerent,
2455 2205 2551 2261 sed
2570 2205 2721 2260 velut
2743 2202 3143 2259 exercitatione
3170 2198 3409 2271 quadam
3434 2199 3647 2255 instru-

2038 2304 2135 2369 cti,
2175 2318 2304 2358 cum
2336 2301 2668 2357 didicissent
2691 2313 2860 2369 quam
2897 2295 3055 2351 utilis
3099 2301 3249 2350 esset
3278 2292 3508 2358 veritas,
3532 2306 3646 2362 pa-

2039 2389 2277 2447 ratiores
2309 2388 2381 2445 ad
2418 2386 2808 2460 ex‘p‘etendam,
2839 2384 3207 2456 alacriterque
3251 2380 3646 2454 capessendam
3723 2413 3727 2416 ν

2038 2483 2334 2540 veritatem
2382 2482 2754 2538 redderentur
2779 2521 2794 2547 ,
2836 2478 3246 2548 dilectioneque
3300 2490 3432 2546 erga
3469 2473 3647 2531 Deum

2039 2584 2229 2634 essent
2249 2575 2408 2631 ﬁrma
2439 2583 2496 2631 et
2519 2575 2769 2630 immota.
2808 2572 2923 2627 Lex
2947 2571 3117 2643 igitur
3142 2569 3478 2642 paedagogus
3502 2574 3644 2631 erat,

2038 2674 2150 2745 83
2185 2671 2281 2744 qui
2332 2670 2508 2727 veluti
2546 2684 2648 2741 per
2694 2665 3009 2739 longiorem
3045 2680 3113 2719 ac
3160 2662 3471 2719 ﬂexuosam
3496 2660 3648 2715 viam

2042 2768 2294 2829 duceret,
2322 2782 2422 2838 per
2462 2766 2641 2831 illum,
2680 2764 2933 2835 inquam,
2956 2762 3190 2826 cultum,
3217 2757 3314 2829 qui
3339 2755 3648 2813 secundum

2042 2860 2281 2916 litteram
2308 2858 2701 2914 exhibebatur.
2725 2855 2799 2913 At
2845 2870 2958 2911 non
3008 2853 3143 2909 item
3190 2850 3473 2907 Christus.
3510 2847 3653 2904 Nam

2045 2960 2163 3007 tum
2188 2951 2413 3007 brevem
2444 2950 2609 3007 nobis
2631 2946 3099 3006 commonstravit
3120 2944 3292 3010 viam,
3334 2942 3508 3008 illam,
3562 2941 3651 2996 in-

2045 3059 2233 3115 quam,
2263 3058 2365 3114 per
2394 3042 2559 3098 ﬁdem
2586 3060 2602 3110 ;
2643 3041 2895 3111 adeoque
2929 3038 3200 3094 audentes
3225 3051 3328 3092 nos
3384 3034 3648 3099 reddidit,

2045 3142 2107 3189 ut
2160 3150 2274 3191 non
2333 3134 2657 3190 dubitemus
2706 3134 2821 3205 jam
2875 3131 3144 3187 adversus
3198 3145 3264 3186 ea
3315 3144 3441 3200 quae
3488 3127 3654 3184 nobis

2045 3227 2429 3293 obluctantur,
2498 3226 2729 3282 fortiter
2775 3224 3079 3291 dimicare,
3128 3224 3546 3295 optandumque
3595 3224 3654 3279 in

2047 3320 2251 3390 primis
2300 3319 2685 3376 existimemus
2744 3334 2851 3390 pro
2895 3318 3015 3389 ipso
3045 3317 3194 3372 bono
3235 3316 3524 3389 quidpiam
3563 3325 3655 3372 to-

2044 3412 2249 3478 lerare,
2275 3427 2341 3467 ac
2372 3411 2583 3468 diaboli
2610 3411 2898 3468 insidiosis
2921 3410 3249 3467 occursibus
3288 3409 3511 3466 fortiter
3553 3411 3658 3466 ob-

2046 3505 2267 3571 sistere,
2294 3504 2435 3561 illud
2460 3520 2492 3560 e
2537 3505 2811 3576 propheta
2858 3504 2915 3559 in
2940 3519 3036 3560 ore
3088 3504 3359 3560 habentes
3407 3521 3421 3558 :
3462 3524 3481 3556 ι
3511 3503 3655 3559 Ecce

2047 3598 2197 3655 Deus
2221 3598 2446 3671 adjuvat
2478 3614 2607 3665 me;
2654 3598 2783 3669 quis
2814 3596 3021 3668 affliget
3060 3612 3150 3652 me
3182 3596 3271 3651 '7?
3297 3616 3315 3649 ι
3354 3595 3516 3664 Quod
3551 3611 3653 3650 au-

2049 3699 2162 3748 tem
2187 3693 2245 3749 in
2266 3693 2433 3750 nobis
2461 3693 2603 3749 adeo
2628 3691 2805 3748 miros
2824 3691 2997 3747 animi
3019 3707 3191 3747 ausus
3208 3689 3398 3758 efﬁcit,
3420 3690 3476 3746 id
3504 3696 3657 3746 certe

330 3791 453 3832 non
515 3776 667 3833 aliud
731 3776 967 3834 omnino
1018 3786 1125 3846 est,
1179 3794 1347 3851 quam
1408 3781 1503 3837 illa
1550 3797 1620 3839 ex
1669 3783 1781 3841 alto
1820 3783 2019 3851 virtus,
2062 3785 2119 3842 id
2160 3794 2267 3851 est,
2319 3786 2496 3844 sancti
2544 3785 2789 3858 Spiritus
2854 3786 3212 3857 participatio
3265 3793 3432 3856 atque
3499 3799 3656 3840 com—

330 3876 554 3931 munio.

410 3968 628 4022 HAAA.
696 3968 993 4042 Συνίημιὸ
1047 3971 1189 4043 φῂς,
1241 3972 1334 4025 καί
1395 3990 1456 4026 σε
1502 3973 1605 4046 τῆς
1663 3974 1949 4048 ἀγχινοίας

330 4060 577 4131 ἄγαμαμ

407 4152 580 4207 ΚΥΡ.
626 4153 737 4207 Καὶ
760 4153 853 4209 τόν
882 4172 948 4224 γε
979 4154 1079 4227 τῆς
1113 4156 1218 4228 διὰ,
1243 4155 1482 4230 Χριστοῦ
1518 4161 1794 4232 σωτηρίας
1825 4178 1948 4215 και-

270 4261 286 4275 ’
333 4245 436 4318 ρδν
518 4245 969 4320 κατασημήνειεν
1027 4248 1095 4303 ἂν
1142 4249 1305 4316 εὐθὺς
1354 4252 1416 4305 τὸ
1444 4244 1943 4325 “παρεζευγμένον.

2057 3975 2081 4027 '.
2129 3973 2329 4029 PALL.
2360 3972 2615 4044 Intelligo
2645 3970 2795 4043 quod
2829 3970 2991 4035 dicis,
3019 3986 3084 4026 ac
3110 3977 3259 4026 tuam
3286 3969 3450 4026 istam
3477 3969 3658 4026 soler-

2055 4067 2187 4122 tiam
2214 4067 2484 4124 admiror.
3216 4098 3219 4101 -
3643 4058 3650 4066 ’

2122 4162 2283 4218 CYR.
2331 4162 2513 4234 Atque
2558 4163 2743 4235 ipsum
2764 4177 2987 4232 quoque
3019 4160 3213 4217 salutis
3251 4175 3350 4231 per
3370 4158 3655 4216 Christum

2054 4253 2368 4311 tribuendas
2389 4263 2630 4326 tempus,
2663 4264 2728 4311 ut
2785 4262 2944 4325 puto,
2993 4253 3363 4325 signiﬁcatur,
3413 4268 3482 4309 eo
3536 4253 3657 4325 ipso

335 4357 357 4392 ι
394 4339 639 4412 Πέμπτῃ
665 4341 796 4412 γὰρ,
835 4341 990 4413 φησὶ,
1020 4343 1186 4415 γενεᾷ
1203 4342 1478 4415 ἀνέϐησαν
1506 4346 1555 4398 oi
1587 4346 1694 4401 υἱοὶ
1727 4345 1940 4419 Ἰσραὴλ

2056 4349 2209 4422 quod
2246 4348 2513 4419 deinceps
2557 4348 2881 4420 adjunctum
2914 4356 2999 4402 est
3037 4362 3050 4399 :
3093 4365 3111 4397 ι
3140 4344 3348 4412 Quinta
3393 4350 3655 4416 namque,

332 4434 402 4485 ἐκ
432 4430 540 4501 γῆς
563 4431 872 4500 Αἰγύπτου.
902 4453 922 4487 ι
961 4434 1453 4509 Ἑκλελυτρώμεθα
1471 4438 1579 4511 γὰρ
1602 4440 1666 4494 ὲκ
1680 4438 1945 4507 δουλείας,

334 4525 436 4578 καὶ⁵
474 4526 586 4596 μὴν
630 4524 726 4579 καὶ
788 4524 969 4583 πόνων
1011 4526 1120 4582 τῶν
1146 4530 1206 4583 ἐν
1237 4530 1472 4594 είκαίοις
1515 4536 1946 4605 περισπασμοῖς,

334 4617 435 4677 καὶ
460 4616 849 4688 ταλαιπωρίας
883 4618 987 4691 τῆς
1031 4620 1162 4691 περὶ
1191 4621 1296 4694 γῆν
1338 4639 1399 4676 τε
1439 4623 1535 4678 καὶ
1561 4624 1691 4696 χοῦν
1735 4625 1951 4698 (συνίης

334 4709 397 4763 δὲ
429 4709 459 4763 ὅ
484 4710 688 4782 φημι),
722 4710 869 4765 κατὰ
892 4711 992 4783 τὴν
1023 4713 1391 4787 εὐαγγελικὴν
1420 4717 1760 4790 παραϐολὴν,
1779 4719 1856 4784 ὡς
1891 4721 1950 4775 ὲν

336 4802 574 4874 πέμπτῃ
632 4804 818 4873 γενεᾷ,
870 4803 950 4875 τῷ
999 4802 1240 4877 πέμπτῳ
1287 4807 1489 4879 καιρῷ.
1531 4825 1550 4860 ι
1604 4808 1797 4881 Ὁμοία
1841 4811 1949 4883 γάρ

338 4898 492 4950 ἔστιν
516 4897 552 4968 ή
583 4894 836 4965 βασιλεία
857 4896 968 4951 τῶν
990 4898 1237 4971 οὐρανῶν
1264 4899 1541 4973 ἀνθρώπῳ
1573 4903 1950 4978 οἰκοδεσπότῃ,

333 4990 490 5054 ὅστις
540 4988 769 5057 ἐξῆλθεν
822 4989 941 5062 ἅμα
989 4989 1136 5062 πρωῒ
1172 4992 1553 5062 μισθώσασθαι
1588 4997 1830 5067 ἐργάτας
1871 5000 1950 5064 εἰς

333 5082 431 5136 τὸν
463 5078 773 5150 ἀμπελῶνα
816 5081 1008 5137 αὑτοῦ.
1046 5101 1065 5135 ι
1099 5082 1264 5137 Τουτὶ
1289 5083 1347 5138 δὲ
1376 5085 1473 5138 καὶ
1502 5085 1633 5157 περὶ
1654 5085 1754 5159 τὴν
1783 5086 1951 5160 ἕκτην

333 5192 396 5228 τε
432 5175 531 5229 καὶ
562 5174 666 5244 τὴν
705 5174 906 5247 ἐνάτην
951 5174 1057 5248 ἔφη
1091 5176 1260 5249 δρᾷν·
1321 5196 1340 5229 ι
1378 5178 1517 5250 Περὶ
1556 5179 1614 5233 δὲ
1659 5182 1761 5251 τὴν
1807 5181 1953 5236 ἑνδε-

335 5268 540 5341 κάτην,
573 5263 736 5340 εὗρεν
767 5268 966 5333 ἄλλους
993 5270 1224 5341 ἀργοὺς,
1258 5269 1363 5343 ἔφη
1405 5288 1467 5326 τε
1499 5271 1636 5342 πρὸς
1667 5271 1913 5340 ἐκείνους
1933 5291 1947 5306 ·

335 5361 405 5414 Τί
450 5362 727 5434 ἑστήκατε
759 5352 865 5418 ὧδε
907 5362 1037 5434 ὃλην
1073 5362 1173 5435 τὴν
1205 5363 1419 5435 ἡμέραν
1449 5363 1640 5443 ἀργοί;
1683 5365 1948 5436 ὑπάγετε,

335 5453 437 5508 καὶ
464 5453 628 5525 ὑμεῖς
653 5453 957 5526 ἐργάζεσθε
982 5455 1066 5518 είς
1094 5455 1186 5509 τὸν
1213 5455 1519 5526 ἀμπελῶνά
1551 5474 1673 5530 μου.
1712 5476 1731 5510 ι
1752 5458 1951 5532 ¹’Ἂθρει

332 5548 403 5619 δὴ
435 5541 555 5614 οὖν,
604 5545 683 5612 ὡς
728 5548 786 5601 ὲν
826 5547 1060 5621 πέμπτῃ
1110 5549 1277 5620 γενεᾷ
1316 5551 1708 5624 πεμπομένους
1749 5553 1829 5617 εἰς
1858 5552 1953 5607 τὸν

342 5639 656 5712 ἀμπελῶνα
701 5640 831 5705 τοὺς
877 5641 1245 5729 τελευταίους,
1297 5643 1394 5698 καὶ
1452 5644 1512 5699 ὲν
1576 5648 1792 5717 καιροῖς
1836 5648 1951 5711 τοῖς

418 5821 486 5857 ⁸⁸⁸
523 5823 687 5882 Rom.
722 5840 779 5891 κ,
827 5824 984 5881 8-16.
1062 5824 1106 5858 "
1149 5825 1255 5883 Isa.
1298 5841 1349 5891 ι,
1386 5828 1438 5883 7.
1518 5829 1584 5862 ⁸⁷³
1620 5829 1793 5889 Exod.
1829 5846 1940 5902 xm,

2116 5831 2160 5867 "
2192 5833 2383 5894 Matth.
2415 5853 2506 5909 xx,
2545 5837 2562 5893 Ι
2607 5854 2761 5912 seqq.

668 5918 948 5983 Psmon.
997 5920 1115 6015 Gn.
1162 5919 1414 5983 LXVIII

2057 4442 2156 4508 ait,
2198 4441 2560 4513 generatione
2622 4439 2998 4495 ascenderunt
3044 4437 3143 4493 ﬁlii
3174 4437 3341 4519 Israel
3389 4437 3458 4494 de
3507 4448 3659 4493 terra

2056 4533 2278 4606 Egypti
2302 4535 2389 4588 "2
2424 4553 2442 4584 ι
2484 4532 2733 4604 Namque
2761 4548 2793 4588 a
2833 4530 3104 4587 servitute
3150 4541 3317 4602 atque
3349 4531 3657 4598 laboribus,

2060 4624 2268 4694 quibus
2290 4623 2498 4679 frustra
2539 4624 2700 4680 vanis
2718 4624 2777 4679 in
2809 4623 2982 4678 rebus
3005 4621 3437 4688 distinebamur,
3459 4636 3662 4677 aerum-

2058 4717 2148 4772 nis
2170 4717 2339 4774 etiam
2374 4732 2517 4789 quas
2551 4717 2609 4773 in
2648 4727 2812 4773 terra?
2837 4733 2903 4773 ac
2934 4716 3186 4788 pulveris
3218 4714 3485 4787 operibus
3517 4715 3661 4772 tole-

2059 4809 2321 4866 rabamus
2344 4808 2514 4882 (nosti
2539 4809 2690 4866 enim
2719 4809 2869 4881 quod
2889 4808 3063 4882 dico),
3092 4802 3286 4879 quinta
3308 4798 3663 4863 suecessione

2061 4911 2399 4974 temporum,
2429 4913 2493 4959 ut
2526 4912 2614 4960 est
2642 4904 2699 4959 in
2726 4903 3045 4975 evangelica
3072 4901 3167 4957 illa
3194 4900 3478 4973 parabola,
3501 4898 3661 4970 quasi

2059 5000 2256 5071 quinta
2279 4998 2518 5071 quadam
2550 4997 2912 5070 generatione
2939 4994 3213 5066 redempti
3265 5006 3478 5049 sumus.
3522 5011 3541 5043 ι
3571 4991 3661 5048 Si-

2059 5093 2191 5149 mile
2217 5103 2303 5149 est
2324 5092 2475 5148 enim
2497 5105 2730 5163 regnum
2778 5090 2946 5147 caelo:
2959 5104 3051 5145 um
3094 5086 3308 5143 homini
3353 5084 3663 5157 patrifami-

2061 5184 2186 5252 lias,
2222 5185 2321 5257 qui
2347 5185 2485 5241 exiit
2513 5184 2697 5255 primo
2719 5197 2881 5239 mane
2937 5180 3253 5237 conducere
3285 5178 3571 5250 operarios
3603 5178 3660 5234 in

2058 5279 2279 5335 vineam
2300 5293 2459 5334 suam
2487 5277 2553 5332 “.
2582 5296 2600 5330 ›
2630 5275 2790 5344 Quod
2823 5274 2971 5331 idem
2997 5274 3144 5330 circa
3169 5273 3391 5328 tertiam
3414 5288 3660 5345 quoque,

2061 5377 2274 5425 sextam
2300 5384 2366 5425 ac
2391 5383 2595 5424 nonam
2641 5369 2839 5423 horam
2870 5366 3068 5423 fecisse
3095 5368 3195 5423 ait.
3245 5387 3263 5421 ι
3285 5366 3449 5424 Circa
3482 5366 3661 5424 unde-

2061 5461 2262 5525 cimam
2294 5477 2426 5518 vero
2461 5461 2678 5518 invenit
2701 5459 2840 5517 alios
2861 5458 3092 5526 otiosos,
3144 5459 3333 5532 aitque
3365 5460 3435 5516 ad
3487 5459 3614 5516 illos
3641 5475 3658 5514 :

2060 5552 2203 5623 Quid
2242 5554 2403 5610 statis
2435 5562 2551 5610 tota
2599 5554 2689 5611 die
2722 5554 2805 5610 sic
2834 5552 3048 5609 otiosi?
3078 5553 3156 5609 ite
3194 5560 3252 5609 et
3279 5569 3379 5610 vos
3430 5552 3500 5609 ad
3523 5567 3659 5626 ope-

2061 5648 2296 5705 randum
2332 5648 2391 5703 in
2427 5647 2649 5705 vineam
2697 5662 2881 5704 meam
2897 5647 2967 5703 “.
2997 5665 3017 5698 ι
3049 5645 3508 5721 Intelligejgitur
3558 5644 3659 5699 hos

2863 5843 2905 5876 θ’
2938 5839 3108 5909 Ibid.-,
3141 5841 3201 5984 69.
