  <div class='ocr_page' id='page_1' title='image "/cluster/home/n/w/nwhite01/storage/ocr_20150623/68:no.1/coo.31924054869742/141.png"; bbox 0 0 4096 6460; ppageno 0'>
   <div class='ocr_carea' id='block_1_1' title="bbox 437 329 3708 415">
    <p class='ocr_par' dir='ltr' id='par_1_1' title="bbox 437 329 3708 415">
     <span class='ocr_line' id='line_1_1' title="bbox 437 329 3708 415; baseline -0.002 -1"><span class='ocrx_word' id='word_1_1' title='bbox 437 361 541 415; x_wconf 74' lang='lat' dir='ltr'><strong>eo:</strong></span> <span class='ocrx_word' id='word_1_2' title='bbox 1365 329 1368 331; x_wconf 9' lang='grc' dir='ltr'><strong>Α</strong></span> <span class='ocrx_word' id='word_1_3' title='bbox 1473 352 1530 407; x_wconf 90' lang='lat' dir='ltr'><strong>s.</strong></span> <span class='ocrx_word' id='word_1_4' title='bbox 1571 350 1847 408; x_wconf 79' lang='lat' dir='ltr'><strong>CYRILLI</strong></span> <span class='ocrx_word' id='word_1_5' title='bbox 1887 349 2358 407; x_wconf 76' lang='lat' dir='ltr'><strong>ALEXANDRINI</strong></span> <span class='ocrx_word' id='word_1_6' title='bbox 2395 349 2710 406; x_wconf 81' lang='lat' dir='ltr'><strong>ARCHIEP.</strong></span> <span class='ocrx_word' id='word_1_7' title='bbox 3602 352 3708 408; x_wconf 68' lang='lat' dir='ltr'><strong>eos</strong></span> 
     </span>
    </p>
   </div>
   <div class='ocr_carea' id='block_1_2' title="bbox 437 466 2029 541">
    <p class='ocr_par' dir='ltr' id='par_1_2' title="bbox 437 467 2017 540">
     <span class='ocr_line' id='line_1_2' title="bbox 437 467 2017 540; baseline -0.006 -10"><span class='ocrx_word' id='word_1_8' title='bbox 437 486 713 530; x_wconf 75' lang='lat' dir='ltr'><strong>extremos</strong></span> <span class='ocrx_word' id='word_1_9' title='bbox 746 471 798 526; x_wconf 89' lang='lat' dir='ltr'><strong>in</strong></span> <span class='ocrx_word' id='word_1_10' title='bbox 833 471 1050 526; x_wconf 83' lang='lat' dir='ltr'><strong>vineam</strong></span> <span class='ocrx_word' id='word_1_11' title='bbox 1092 468 1235 524; x_wconf 90' lang='lat' dir='ltr'><strong>mitti</strong></span> <span class='ocrx_word' id='word_1_12' title='bbox 1267 468 1459 539; x_wconf 87' lang='lat' dir='ltr'><strong>quinta</strong></span> <span class='ocrx_word' id='word_1_13' title='bbox 1486 467 1895 538; x_wconf 88' lang='lat' dir='ltr'><strong>quodammodo</strong></span> <span class='ocrx_word' id='word_1_14' title='bbox 1923 483 2017 540; x_wconf 80' lang='lat' dir='ltr'><strong>ge-</strong></span> 
     </span>
    </p>
   </div>
   <div class='ocr_carea' id='block_1_3' title="bbox 2132 466 3708 541">
    <p class='ocr_par' dir='ltr' id='par_1_3' title="bbox 2132 466 3708 541">
     <span class='ocr_line' id='line_1_3' title="bbox 2132 466 3708 541; baseline 0.002 -19"><span class='ocrx_word' id='word_1_15' title='bbox 2132 469 2406 540; x_wconf 72' lang='grc' dir='ltr'>ὲσχάτοις,</span> <span class='ocrx_word' id='word_1_16' title='bbox 2451 470 2539 523; x_wconf 84' lang='grc' dir='ltr'>ὅτε</span> <span class='ocrx_word' id='word_1_17' title='bbox 2578 469 2798 538; x_wconf 84' lang='grc' dir='ltr'>γέγονεν</span> <span class='ocrx_word' id='word_1_18' title='bbox 2831 466 3115 538; x_wconf 78' lang='grc' dir='ltr'>ἄνθρωπος</span> <span class='ocrx_word' id='word_1_19' title='bbox 3161 467 3190 520; x_wconf 99' lang='lat'><strong>6</strong></span> <span class='ocrx_word' id='word_1_20' title='bbox 3245 469 3575 541; x_wconf 74' lang='grc' dir='ltr'>Μονογινὴς.</span> <span class='ocrx_word' id='word_1_21' title='bbox 3612 472 3708 525; x_wconf 75' lang='grc' dir='ltr'><strong>καὶ</strong></span> 
     </span>
    </p>
   </div>
   <div class='ocr_carea' id='block_1_4' title="bbox 438 559 2029 636">
    <p class='ocr_par' dir='ltr' id='par_1_4' title="bbox 438 559 2025 630">
     <span class='ocr_line' id='line_1_4' title="bbox 438 559 2025 630; baseline -0.003 -9"><span class='ocrx_word' id='word_1_22' title='bbox 438 566 746 628; x_wconf 85' lang='lat' dir='ltr'><strong>neratione,</strong></span> <span class='ocrx_word' id='word_1_23' title='bbox 781 561 963 625; x_wconf 86' lang='lat' dir='ltr'><strong>idest,</strong></span> <span class='ocrx_word' id='word_1_24' title='bbox 1012 559 1327 614; x_wconf 88' lang='lat' dir='ltr'><strong>novissimis</strong></span> <span class='ocrx_word' id='word_1_25' title='bbox 1369 559 1732 630; x_wconf 90' lang='lat' dir='ltr'><strong>temporibus,</strong></span> <span class='ocrx_word' id='word_1_26' title='bbox 1776 575 1900 616; x_wconf 83' lang='lat' dir='ltr'><strong>cum</strong></span> <span class='ocrx_word' id='word_1_27' title='bbox 1933 560 2025 616; x_wconf 89' lang='lat' dir='ltr'><strong>ille</strong></span> 
     </span>
    </p>
   </div>
   <div class='ocr_carea' id='block_1_5' title="bbox 2132 559 3704 636">
    <p class='ocr_par' dir='ltr' id='par_1_5' title="bbox 2132 559 3704 636">
     <span class='ocr_line' id='line_1_5' title="bbox 2132 559 3704 636; baseline 0.002 -21"><span class='ocrx_word' id='word_1_28' title='bbox 2132 563 2222 634; x_wconf 81' lang='grc' dir='ltr'>τὴν</span> <span class='ocrx_word' id='word_1_29' title='bbox 2255 563 2395 636; x_wconf 80' lang='grc' dir='ltr'>ὑπὲρ</span> <span class='ocrx_word' id='word_1_30' title='bbox 2431 562 2532 633; x_wconf 89' lang='grc' dir='ltr'><strong>τῆς</strong></span> <span class='ocrx_word' id='word_1_31' title='bbox 2563 562 2818 618; x_wconf 86' lang='grc' dir='ltr'>ἁπάντων</span> <span class='ocrx_word' id='word_1_32' title='bbox 2863 559 3008 632; x_wconf 77' lang='grc' dir='ltr'>ζωῆς</span> <span class='ocrx_word' id='word_1_33' title='bbox 3035 562 3422 634; x_wconf 82' lang='grc' dir='ltr'>ὑπομεμένηκε</span> <span class='ocrx_word' id='word_1_34' title='bbox 3467 564 3704 635; x_wconf 83' lang='grc' dir='ltr'>σφαγήν.</span> 
     </span>
    </p>
   </div>
   <div class='ocr_carea' id='block_1_6' title="bbox 443 652 2029 730">
    <p class='ocr_par' dir='ltr' id='par_1_6' title="bbox 443 652 2028 730">
     <span class='ocr_line' id='line_1_6' title="bbox 443 652 2028 730; baseline -0.006 -15"><span class='ocrx_word' id='word_1_35' title='bbox 443 656 767 730; x_wconf 80' lang='lat' dir='ltr'><strong>Unigenitus</strong></span> <span class='ocrx_word' id='word_1_36' title='bbox 807 655 986 709; x_wconf 80' lang='lat' dir='ltr'><strong>factus</strong></span> <span class='ocrx_word' id='word_1_37' title='bbox 1016 653 1180 707; x_wconf 89' lang='lat' dir='ltr'><strong>homo</strong></span> <span class='ocrx_word' id='word_1_38' title='bbox 1206 660 1312 717; x_wconf 84' lang='lat' dir='ltr'><strong>est,</strong></span> <span class='ocrx_word' id='word_1_39' title='bbox 1349 667 1414 706; x_wconf 89' lang='lat' dir='ltr'><strong>ac</strong></span> <span class='ocrx_word' id='word_1_40' title='bbox 1469 667 1662 708; x_wconf 89' lang='lat' dir='ltr'><strong>necem</strong></span> <span class='ocrx_word' id='word_1_41' title='bbox 1709 668 1813 724; x_wconf 87' lang='lat' dir='ltr'><strong>pro</strong></span> <span class='ocrx_word' id='word_1_42' title='bbox 1853 652 2028 708; x_wconf 88' lang='lat' dir='ltr'><strong>salute</strong></span> 
     </span>
    </p>
   </div>
   <div class='ocr_carea' id='block_1_7' title="bbox 2132 652 3705 730">
    <p class='ocr_par' dir='ltr' id='par_1_7' title="bbox 2132 653 3705 728">
     <span class='ocr_line' id='line_1_7' title="bbox 2132 653 3705 728; baseline 0.001 -22"><span class='ocrx_word' id='word_1_43' title='bbox 2132 653 2416 724; x_wconf 81' lang='grc' dir='ltr'><strong>Τοιγάρτοι</strong></span> <span class='ocrx_word' id='word_1_44' title='bbox 2459 654 2554 708; x_wconf 78' lang='grc' dir='ltr'>καὶ</span> <span class='ocrx_word' id='word_1_45' title='bbox 2592 655 2620 707; x_wconf 91' lang='lat'><strong>6</strong></span> <span class='ocrx_word' id='word_1_46' title='bbox 2659 653 2902 717; x_wconf 80' lang='grc' dir='ltr'><strong>Μωσέως</strong></span> <span class='ocrx_word' id='word_1_47' title='bbox 2930 653 3187 708; x_wconf 84' lang='grc' dir='ltr'>διετύπου</span> <span class='ocrx_word' id='word_1_48' title='bbox 3213 653 3398 726; x_wconf 83' lang='grc' dir='ltr'>νόμος,</span> <span class='ocrx_word' id='word_1_49' title='bbox 3429 655 3705 728; x_wconf 78' lang='grc' dir='ltr'>λαμϐάνε-</span> 
     </span>
    </p>
   </div>
   <div class='ocr_carea' id='block_1_8' title="bbox 438 742 2029 821">
    <p class='ocr_par' dir='ltr' id='par_1_8' title="bbox 438 742 2024 817">
     <span class='ocr_line' id='line_1_8' title="bbox 438 742 2024 817; baseline -0.003 -15"><span class='ocrx_word' id='word_1_50' title='bbox 438 749 684 804; x_wconf 90' lang='lat' dir='ltr'><strong>omnium</strong></span> <span class='ocrx_word' id='word_1_51' title='bbox 712 745 959 817; x_wconf 88' lang='lat' dir='ltr'><strong>pertulit.</strong></span> <span class='ocrx_word' id='word_1_52' title='bbox 1011 743 1204 813; x_wconf 81' lang='lat' dir='ltr'><strong>Itaque</strong></span> <span class='ocrx_word' id='word_1_53' title='bbox 1244 742 1414 815; x_wconf 84' lang='lat' dir='ltr'><strong>Moysi</strong></span> <span class='ocrx_word' id='word_1_54' title='bbox 1463 758 1684 815; x_wconf 90' lang='lat' dir='ltr'><strong>quoque</strong></span> <span class='ocrx_word' id='word_1_55' title='bbox 1727 744 1846 816; x_wconf 80' lang='lat' dir='ltr'><strong>lege</strong></span> <span class='ocrx_word' id='word_1_56' title='bbox 1883 759 2024 814; x_wconf 73' lang='lat' dir='ltr'><strong>prae-</strong></span> 
     </span>
    </p>
   </div>
   <div class='ocr_carea' id='block_1_9' title="bbox 2132 742 3704 821">
    <p class='ocr_par' dir='ltr' id='par_1_9' title="bbox 2132 745 3704 821">
     <span class='ocr_line' id='line_1_9' title="bbox 2132 745 3704 821; baseline 0.003 -21"><span class='ocrx_word' id='word_1_57' title='bbox 2132 745 2251 800; x_wconf 88' lang='grc' dir='ltr'>σθαι</span> <span class='ocrx_word' id='word_1_58' title='bbox 2283 748 2382 818; x_wconf 86' lang='grc' dir='ltr'><strong>μὲν</strong></span> <span class='ocrx_word' id='word_1_59' title='bbox 2414 748 2505 802; x_wconf 83' lang='grc' dir='ltr'><strong>τὸν</strong></span> <span class='ocrx_word' id='word_1_60' title='bbox 2530 747 2702 818; x_wconf 82' lang='grc' dir='ltr'>ἀμνὸν</span> <span class='ocrx_word' id='word_1_61' title='bbox 2731 745 2840 802; x_wconf 83' lang='grc' dir='ltr'><strong>ἀπὸ</strong></span> <span class='ocrx_word' id='word_1_62' title='bbox 2872 746 3105 817; x_wconf 82' lang='grc' dir='ltr'><strong>δεκάτης</strong></span> <span class='ocrx_word' id='word_1_63' title='bbox 3134 747 3230 800; x_wconf 91' lang='grc' dir='ltr'><strong>τοῦ</strong></span> <span class='ocrx_word' id='word_1_64' title='bbox 3259 747 3478 821; x_wconf 85' lang='grc' dir='ltr'>πρώτου</span> <span class='ocrx_word' id='word_1_65' title='bbox 3513 749 3704 821; x_wconf 81' lang='grc' dir='ltr'>μηνὸς,</span> 
     </span>
    </p>
   </div>
   <div class='ocr_carea' id='block_1_10' title="bbox 440 835 2029 915">
    <p class='ocr_par' dir='ltr' id='par_1_10' title="bbox 440 835 2024 913">
     <span class='ocr_line' id='line_1_10' title="bbox 440 835 2024 913; baseline -0.005 -16"><span class='ocrx_word' id='word_1_66' title='bbox 440 842 706 913; x_wconf 90' lang='lat' dir='ltr'><strong>scriptum</strong></span> <span class='ocrx_word' id='word_1_67' title='bbox 751 847 872 893; x_wconf 87' lang='lat' dir='ltr'><strong>erat</strong></span> <span class='ocrx_word' id='word_1_68' title='bbox 904 845 964 891; x_wconf 91' lang='lat' dir='ltr'><strong>ut</strong></span> <span class='ocrx_word' id='word_1_69' title='bbox 1010 851 1186 907; x_wconf 81' lang='lat' dir='ltr'><strong>agnus</strong></span> <span class='ocrx_word' id='word_1_70' title='bbox 1225 835 1574 907; x_wconf 82' lang='lat' dir='ltr'><strong>acciperetur</strong></span> <span class='ocrx_word' id='word_1_71' title='bbox 1601 836 1823 907; x_wconf 84' lang='lat' dir='ltr'><strong>quidem</strong></span> <span class='ocrx_word' id='word_1_72' title='bbox 1873 835 2024 890; x_wconf 88' lang='lat' dir='ltr'><strong>deci-</strong></span> 
     </span>
    </p>
   </div>
   <div class='ocr_carea' id='block_1_11' title="bbox 2132 835 3707 915">
    <p class='ocr_par' dir='ltr' id='par_1_11' title="bbox 2132 839 3707 915">
     <span class='ocr_line' id='line_1_11' title="bbox 2132 839 3707 915; baseline 0.004 -22"><span class='ocrx_word' id='word_1_73' title='bbox 2132 839 2428 909; x_wconf 76' lang='grc' dir='ltr'>σφάζεσθαι</span> <span class='ocrx_word' id='word_1_74' title='bbox 2459 840 2516 894; x_wconf 83' lang='grc' dir='ltr'>δὲ</span> <span class='ocrx_word' id='word_1_75' title='bbox 2546 839 2678 914; x_wconf 82' lang='grc' dir='ltr'>πρὸς</span> <span class='ocrx_word' id='word_1_76' title='bbox 2706 840 2944 912; x_wconf 77' lang='grc' dir='ltr'>ἑσπέραν</span> <span class='ocrx_word' id='word_1_77' title='bbox 2975 841 3075 912; x_wconf 87' lang='grc' dir='ltr'><strong>τῆς</strong></span> <span class='ocrx_word' id='word_1_78' title='bbox 3103 844 3707 915; x_wconf 81' lang='grc' dir='ltr'><strong>τεσσαρεσκαιδεκάτης</strong></span> 
     </span>
    </p>
   </div>
   <div class='ocr_carea' id='block_1_12' title="bbox 438 926 2029 1008">
    <p class='ocr_par' dir='ltr' id='par_1_12' title="bbox 438 926 2022 1004">
     <span class='ocr_line' id='line_1_12' title="bbox 438 926 2022 1004; baseline -0.005 -16"><span class='ocrx_word' id='word_1_79' title='bbox 438 951 528 990; x_wconf 90' lang='lat' dir='ltr'><strong>mo</strong></span> <span class='ocrx_word' id='word_1_80' title='bbox 560 931 719 1004; x_wconf 88' lang='lat' dir='ltr'><strong>primi</strong></span> <span class='ocrx_word' id='word_1_81' title='bbox 741 928 946 983; x_wconf 88' lang='lat' dir='ltr'><strong>mensis</strong></span> <span class='ocrx_word' id='word_1_82' title='bbox 961 926 1070 990; x_wconf 89' lang='lat' dir='ltr'><strong>die,</strong></span> <span class='ocrx_word' id='word_1_83' title='bbox 1087 926 1433 981; x_wconf 84' lang='lat' dir='ltr'><strong>occideretur</strong></span> <span class='ocrx_word' id='word_1_84' title='bbox 1452 935 1632 982; x_wconf 88' lang='lat' dir='ltr'><strong>autem</strong></span> <span class='ocrx_word' id='word_1_85' title='bbox 1653 927 1720 981; x_wconf 89' lang='lat' dir='ltr'><strong>ad</strong></span> <span class='ocrx_word' id='word_1_86' title='bbox 1738 941 2022 997; x_wconf 80' lang='lat' dir='ltr'><strong>vesperam</strong></span> 
     </span>
    </p>
   </div>
   <div class='ocr_carea' id='block_1_13' title="bbox 2132 926 3706 1008">
    <p class='ocr_par' dir='ltr' id='par_1_13' title="bbox 2132 931 3706 1008">
     <span class='ocr_line' id='line_1_13' title="bbox 2132 931 3706 1008; baseline 0.002 -22"><span class='ocrx_word' id='word_1_87' title='bbox 2132 931 2216 986; x_wconf 79' lang='grc' dir='ltr'><strong>τοῦ</strong></span> <span class='ocrx_word' id='word_1_88' title='bbox 2259 931 2422 987; x_wconf 82' lang='grc' dir='ltr'>αὑτοῦ</span> <span class='ocrx_word' id='word_1_89' title='bbox 2468 932 2656 1004; x_wconf 73' lang='grc' dir='ltr'>μηνὸς,</span> <span class='ocrx_word' id='word_1_90' title='bbox 2695 931 2762 986; x_wconf 78' lang='grc' dir='ltr'><strong>ἵν’</strong></span> <span class='ocrx_word' id='word_1_91' title='bbox 2803 935 2862 988; x_wconf 91' lang='grc' dir='ltr'><strong>ἐν</strong></span> <span class='ocrx_word' id='word_1_92' title='bbox 2893 933 3078 1004; x_wconf 86' lang='grc' dir='ltr'>ταύτῷ</span> <span class='ocrx_word' id='word_1_93' title='bbox 3103 935 3199 988; x_wconf 73' lang='grc' dir='ltr'>καὶ</span> <span class='ocrx_word' id='word_1_94' title='bbox 3225 937 3253 988; x_wconf 93' lang='lat'><strong>6</strong></span> <span class='ocrx_word' id='word_1_95' title='bbox 3284 935 3534 1007; x_wconf 86' lang='grc' dir='ltr'>πέμπτος</span> <span class='ocrx_word' id='word_1_96' title='bbox 3573 937 3706 1008; x_wconf 74' lang='grc' dir='ltr'>ἡμῖν</span> 
     </span>
    </p>
   </div>
   <div class='ocr_carea' id='block_1_14' title="bbox 436 1017 2028 1098">
    <p class='ocr_par' dir='ltr' id='par_1_14' title="bbox 436 1017 2028 1098">
     <span class='ocr_line' id='line_1_14' title="bbox 436 1017 2028 1098; baseline -0.006 -16"><span class='ocrx_word' id='word_1_97' title='bbox 436 1025 683 1098; x_wconf 79' lang='lat' dir='ltr'><strong>ejusdem</strong></span> <span class='ocrx_word' id='word_1_98' title='bbox 741 1019 947 1075; x_wconf 88' lang='lat' dir='ltr'><strong>mensis</strong></span> <span class='ocrx_word' id='word_1_99' title='bbox 979 1017 1418 1089; x_wconf 88' lang='lat' dir='ltr'><strong>quartodecimo,</strong></span> <span class='ocrx_word' id='word_1_100' title='bbox 1455 1026 1516 1073; x_wconf 89' lang='lat' dir='ltr'><strong>ut</strong></span> <span class='ocrx_word' id='word_1_101' title='bbox 1551 1018 1716 1073; x_wconf 89' lang='lat' dir='ltr'><strong>simul</strong></span> <span class='ocrx_word' id='word_1_102' title='bbox 1763 1028 1820 1074; x_wconf 92' lang='lat' dir='ltr'><strong>et</strong></span> <span class='ocrx_word' id='word_1_103' title='bbox 1866 1019 2028 1088; x_wconf 88' lang='lat' dir='ltr'><strong>quin-</strong></span> 
     </span>
    </p>
   </div>
   <div class='ocr_carea' id='block_1_15' title="bbox 437 1109 2027 1182">
    <p class='ocr_par' dir='ltr' id='par_1_15' title="bbox 437 1109 2027 1182">
     <span class='ocr_line' id='line_1_15' title="bbox 437 1109 2027 1182; baseline -0.005 -10"><span class='ocrx_word' id='word_1_104' title='bbox 437 1129 551 1174; x_wconf 92' lang='lat' dir='ltr'><strong>tum</strong></span> <span class='ocrx_word' id='word_1_105' title='bbox 575 1114 737 1170; x_wconf 85' lang='lat' dir='ltr'><strong>nobis</strong></span> <span class='ocrx_word' id='word_1_106' title='bbox 763 1119 983 1182; x_wconf 89' lang='lat' dir='ltr'><strong>tempus</strong></span> <span class='ocrx_word' id='word_1_107' title='bbox 1011 1109 1101 1164; x_wconf 90' lang='lat' dir='ltr'><strong>die</strong></span> <span class='ocrx_word' id='word_1_108' title='bbox 1127 1109 1342 1180; x_wconf 90' lang='lat' dir='ltr'><strong>quinto,</strong></span> <span class='ocrx_word' id='word_1_109' title='bbox 1383 1117 1440 1164; x_wconf 93' lang='lat' dir='ltr'><strong>et</strong></span> <span class='ocrx_word' id='word_1_110' title='bbox 1467 1109 1524 1164; x_wconf 91' lang='lat' dir='ltr'><strong>in</strong></span> <span class='ocrx_word' id='word_1_111' title='bbox 1557 1109 1666 1164; x_wconf 85' lang='lat' dir='ltr'><strong>ﬁne</strong></span> <span class='ocrx_word' id='word_1_112' title='bbox 1690 1109 1876 1164; x_wconf 66' lang='lat' dir='ltr'><strong>saeculi</strong></span> <span class='ocrx_word' id='word_1_113' title='bbox 1909 1109 2027 1164; x_wconf 84' lang='lat' dir='ltr'><strong>Sal-</strong></span> 
     </span>
    </p>
   </div>
   <div class='ocr_carea' id='block_1_16' title="bbox 436 1201 2024 1274">
    <p class='ocr_par' dir='ltr' id='par_1_16' title="bbox 436 1201 2024 1274">
     <span class='ocr_line' id='line_1_16' title="bbox 436 1201 2024 1274; baseline -0.007 -7"><span class='ocrx_word' id='word_1_114' title='bbox 436 1208 647 1266; x_wconf 89' lang='lat' dir='ltr'><strong>vatoris</strong></span> <span class='ocrx_word' id='word_1_115' title='bbox 693 1204 871 1261; x_wconf 90' lang='lat' dir='ltr'><strong>nostri</strong></span> <span class='ocrx_word' id='word_1_116' title='bbox 919 1203 1098 1259; x_wconf 70' lang='lat' dir='ltr'><strong>caedes</strong></span> <span class='ocrx_word' id='word_1_117' title='bbox 1147 1202 1334 1258; x_wconf 89' lang='lat' dir='ltr'><strong>futura</strong></span> <span class='ocrx_word' id='word_1_118' title='bbox 1364 1217 1462 1273; x_wconf 87' lang='lat' dir='ltr'><strong>per</strong></span> <span class='ocrx_word' id='word_1_119' title='bbox 1482 1217 1768 1274; x_wconf 82' lang='lat' dir='ltr'><strong>vesperam</strong></span> <span class='ocrx_word' id='word_1_120' title='bbox 1812 1201 2024 1274; x_wconf 79' lang='lat' dir='ltr'><strong>signiﬁ-</strong></span> 
     </span>
    </p>
   </div>
   <div class='ocr_carea' id='block_1_17' title="bbox 434 1310 679 1357">
    <p class='ocr_par' dir='ltr' id='par_1_17' title="bbox 434 1310 679 1357">
     <span class='ocr_line' id='line_1_17' title="bbox 434 1310 679 1357; baseline -0.016 0"><span class='ocrx_word' id='word_1_121' title='bbox 434 1310 679 1357; x_wconf 86' lang='lat' dir='ltr'><strong>caretur.</strong></span> 
     </span>
    </p>
   </div>
   <div class='ocr_carea' id='block_1_18' title="bbox 507 1382 2020 1459">
    <p class='ocr_par' dir='ltr' id='par_1_18' title="bbox 507 1382 2020 1459">
     <span class='ocr_line' id='line_1_18' title="bbox 507 1382 2020 1459; baseline -0.006 -12"><span class='ocrx_word' id='word_1_122' title='bbox 507 1391 706 1448; x_wconf 83' lang='lat' dir='ltr'><strong>PALL.</strong></span> <span class='ocrx_word' id='word_1_123' title='bbox 738 1389 914 1445; x_wconf 89' lang='lat' dir='ltr'><strong>Omne</strong></span> <span class='ocrx_word' id='word_1_124' title='bbox 937 1387 1125 1459; x_wconf 84' lang='lat' dir='ltr'><strong>igitur,</strong></span> <span class='ocrx_word' id='word_1_125' title='bbox 1153 1393 1216 1440; x_wconf 92' lang='lat' dir='ltr'><strong>ut</strong></span> <span class='ocrx_word' id='word_1_126' title='bbox 1269 1394 1703 1442; x_wconf 84' lang='lat' dir='ltr'><strong>consentaneum</strong></span> <span class='ocrx_word' id='word_1_127' title='bbox 1729 1392 1833 1450; x_wconf 92' lang='lat' dir='ltr'><strong>est,</strong></span> <span class='ocrx_word' id='word_1_128' title='bbox 1877 1382 2020 1438; x_wconf 90' lang='lat' dir='ltr'><strong>divi-</strong></span> 
     </span>
    </p>
   </div>
   <div class='ocr_carea' id='block_1_19' title="bbox 434 1475 2023 1554">
    <p class='ocr_par' dir='ltr' id='par_1_19' title="bbox 434 1475 2023 1554">
     <span class='ocr_line' id='line_1_19' title="bbox 434 1475 2023 1554; baseline -0.007 -13"><span class='ocrx_word' id='word_1_129' title='bbox 434 1487 586 1542; x_wconf 88' lang='lat' dir='ltr'><strong>nitus</strong></span> <span class='ocrx_word' id='word_1_130' title='bbox 608 1483 892 1554; x_wconf 69' lang='lat' dir='ltr'><strong>inspiratze</strong></span> <span class='ocrx_word' id='word_1_131' title='bbox 943 1480 1246 1552; x_wconf 64' lang='lat' dir='ltr'><strong>Scriptura:</strong></span> <span class='ocrx_word' id='word_1_132' title='bbox 1301 1478 1648 1550; x_wconf 90' lang='lat' dir='ltr'><strong>propositum</strong></span> <span class='ocrx_word' id='word_1_133' title='bbox 1693 1479 1764 1533; x_wconf 94' lang='lat' dir='ltr'><strong>ad</strong></span> <span class='ocrx_word' id='word_1_134' title='bbox 1813 1475 2023 1533; x_wconf 84' lang='lat' dir='ltr'><strong>Christi</strong></span> 
     </span>
    </p>
   </div>
   <div class='ocr_carea' id='block_1_20' title="bbox 437 1569 1146 1645">
    <p class='ocr_par' dir='ltr' id='par_1_20' title="bbox 437 1569 1146 1645">
     <span class='ocr_line' id='line_1_20' title="bbox 437 1569 1146 1645; baseline -0.007 -18"><span class='ocrx_word' id='word_1_135' title='bbox 437 1572 765 1645; x_wconf 76' lang='lat' dir='ltr'><strong>mysterium</strong></span> <span class='ocrx_word' id='word_1_136' title='bbox 801 1577 1014 1640; x_wconf 84' lang='lat' dir='ltr'><strong>spectat</strong></span> <span class='ocrx_word' id='word_1_137' title='bbox 1046 1569 1146 1623; x_wconf 61' lang='lat'><strong>6&quot;?</strong></span> 
     </span>
    </p>
   </div>
   <div class='ocr_carea' id='block_1_21' title="bbox 501 1657 2021 1732">
    <p class='ocr_par' dir='ltr' id='par_1_21' title="bbox 501 1657 2021 1732">
     <span class='ocr_line' id='line_1_21' title="bbox 501 1657 2021 1732; baseline -0.005 -13"><span class='ocrx_word' id='word_1_138' title='bbox 501 1662 660 1719; x_wconf 79' lang='lat' dir='ltr'><strong>CYR.</strong></span> <span class='ocrx_word' id='word_1_139' title='bbox 696 1661 774 1716; x_wconf 90' lang='lat' dir='ltr'><strong>Ita</strong></span> <span class='ocrx_word' id='word_1_140' title='bbox 798 1674 1063 1732; x_wconf 90' lang='lat' dir='ltr'><strong>prorsus:</strong></span> <span class='ocrx_word' id='word_1_141' title='bbox 1093 1658 1221 1714; x_wconf 81' lang='lat' dir='ltr'><strong>ﬁnis</strong></span> <span class='ocrx_word' id='word_1_142' title='bbox 1239 1674 1477 1731; x_wconf 81' lang='lat' dir='ltr'><strong>namque</strong></span> <span class='ocrx_word' id='word_1_143' title='bbox 1510 1659 1649 1732; x_wconf 77' lang='lat' dir='ltr'><strong>legis</strong></span> <span class='ocrx_word' id='word_1_144' title='bbox 1686 1673 1750 1714; x_wconf 86' lang='lat' dir='ltr'><strong>ac</strong></span> <span class='ocrx_word' id='word_1_145' title='bbox 1776 1657 2021 1731; x_wconf 88' lang='lat' dir='ltr'><strong>prophe-</strong></span> 
     </span>
    </p>
   </div>
   <div class='ocr_carea' id='block_1_22' title="bbox 2123 1026 3706 1102">
    <p class='ocr_par' dir='ltr' id='par_1_22' title="bbox 2123 1026 3706 1102">
     <span class='ocr_line' id='line_1_22' title="bbox 2123 1026 3706 1102; baseline 0.003 -23"><span class='ocrx_word' id='word_1_146' title='bbox 2123 1026 2334 1099; x_wconf 82' lang='grc' dir='ltr'>καιρὸς,</span> <span class='ocrx_word' id='word_1_147' title='bbox 2363 1027 2439 1092; x_wconf 86' lang='grc' dir='ltr'>ὼς</span> <span class='ocrx_word' id='word_1_148' title='bbox 2484 1027 2541 1082; x_wconf 89' lang='grc' dir='ltr'><strong>ἐν</strong></span> <span class='ocrx_word' id='word_1_149' title='bbox 2580 1027 2764 1099; x_wconf 81' lang='grc' dir='ltr'>ἡμέρᾳ</span> <span class='ocrx_word' id='word_1_150' title='bbox 2794 1029 2860 1098; x_wconf 82' lang='grc' dir='ltr'>τῇ</span> <span class='ocrx_word' id='word_1_151' title='bbox 2891 1028 3139 1102; x_wconf 79' lang='grc' dir='ltr'><strong>πέμπτῃ,</strong></span> <span class='ocrx_word' id='word_1_152' title='bbox 3169 1029 3264 1082; x_wconf 82' lang='grc' dir='ltr'><strong>καὶ</strong></span> <span class='ocrx_word' id='word_1_153' title='bbox 3303 1032 3414 1095; x_wconf 85' lang='grc' dir='ltr'>τοῖς</span> <span class='ocrx_word' id='word_1_154' title='bbox 3439 1031 3532 1083; x_wconf 74' lang='grc' dir='ltr'><strong>ἐπὶ</strong></span> <span class='ocrx_word' id='word_1_155' title='bbox 3561 1029 3706 1083; x_wconf 88' lang='grc' dir='ltr'>τέλει</span> 
     </span>
    </p>
   </div>
   <div class='ocr_carea' id='block_1_23' title="bbox 2121 1117 3705 1192">
    <p class='ocr_par' dir='ltr' id='par_1_23' title="bbox 2121 1117 3705 1192">
     <span class='ocr_line' id='line_1_23' title="bbox 2121 1117 3705 1192; baseline 0.001 -20"><span class='ocrx_word' id='word_1_156' title='bbox 2121 1117 2216 1172; x_wconf 87' lang='grc' dir='ltr'><strong>τοῦ</strong></span> <span class='ocrx_word' id='word_1_157' title='bbox 2251 1118 2465 1186; x_wconf 80' lang='grc' dir='ltr'>αἰῶνος,</span> <span class='ocrx_word' id='word_1_158' title='bbox 2500 1119 2600 1190; x_wconf 83' lang='grc' dir='ltr'>τὴν</span> <span class='ocrx_word' id='word_1_159' title='bbox 2641 1119 2737 1173; x_wconf 88' lang='grc' dir='ltr'><strong>τοῦ</strong></span> <span class='ocrx_word' id='word_1_160' title='bbox 2783 1119 3036 1191; x_wconf 83' lang='grc' dir='ltr'><strong>Σωτῆρος</strong></span> <span class='ocrx_word' id='word_1_161' title='bbox 3080 1119 3336 1190; x_wconf 85' lang='grc' dir='ltr'>γενέσθαι</span> <span class='ocrx_word' id='word_1_162' title='bbox 3376 1120 3590 1192; x_wconf 79' lang='grc' dir='ltr'>σφαγὴν</span> <span class='ocrx_word' id='word_1_163' title='bbox 3617 1122 3705 1174; x_wconf 71' lang='grc' dir='ltr'><strong>διὰ</strong></span> 
     </span>
    </p>
   </div>
   <div class='ocr_carea' id='block_1_24' title="bbox 2121 1211 3066 1287">
    <p class='ocr_par' dir='ltr' id='par_1_24' title="bbox 2121 1211 3066 1287">
     <span class='ocr_line' id='line_1_24' title="bbox 2121 1211 3066 1287; baseline 0.004 -21"><span class='ocrx_word' id='word_1_164' title='bbox 2121 1211 2238 1279; x_wconf 86' lang='grc' dir='ltr'>τοῦ,</span> <span class='ocrx_word' id='word_1_165' title='bbox 2258 1212 2394 1286; x_wconf 81' lang='grc' dir='ltr'>πρὸς</span> <span class='ocrx_word' id='word_1_166' title='bbox 2422 1215 2680 1287; x_wconf 78' lang='grc' dir='ltr'>ἑσπέραν,</span> <span class='ocrx_word' id='word_1_167' title='bbox 2709 1213 3066 1286; x_wconf 86' lang='grc' dir='ltr'>σημαίνηται.</span> 
     </span>
    </p>
   </div>
   <div class='ocr_carea' id='block_1_25' title="bbox 2195 1387 3708 1463">
    <p class='ocr_par' dir='ltr' id='par_1_25' title="bbox 2195 1387 3708 1463">
     <span class='ocr_line' id='line_1_25' title="bbox 2195 1387 3708 1463; baseline -0.002 -16"><span class='ocrx_word' id='word_1_168' title='bbox 2195 1394 2407 1450; x_wconf 84' lang='grc' dir='ltr'><strong>ΠΑΛΛ.</strong></span> <span class='ocrx_word' id='word_1_169' title='bbox 2433 1394 2614 1458; x_wconf 80' lang='grc' dir='ltr'>’Ἀπας</span> <span class='ocrx_word' id='word_1_170' title='bbox 2637 1387 2750 1458; x_wconf 79' lang='grc' dir='ltr'>οὖν,</span> <span class='ocrx_word' id='word_1_171' title='bbox 2776 1391 2851 1456; x_wconf 82' lang='grc' dir='ltr'>ὡς</span> <span class='ocrx_word' id='word_1_172' title='bbox 2869 1391 3034 1456; x_wconf 75' lang='grc' dir='ltr'>ἔοικε,</span> <span class='ocrx_word' id='word_1_173' title='bbox 3055 1393 3156 1463; x_wconf 83' lang='grc' dir='ltr'><strong>τῆς</strong></span> <span class='ocrx_word' id='word_1_174' title='bbox 3178 1390 3537 1446; x_wconf 85' lang='grc' dir='ltr'>θεοπνεύστου</span> <span class='ocrx_word' id='word_1_175' title='bbox 3564 1391 3708 1462; x_wconf 82' lang='grc' dir='ltr'>Γρα-</span> 
     </span>
    </p>
   </div>
   <div class='ocr_carea' id='block_1_26' title="bbox 2122 1483 3560 1558">
    <p class='ocr_par' dir='ltr' id='par_1_26' title="bbox 2122 1483 3560 1558">
     <span class='ocr_line' id='line_1_26' title="bbox 2122 1483 3560 1558; baseline -0.005 -16"><span class='ocrx_word' id='word_1_176' title='bbox 2122 1487 2230 1558; x_wconf 84' lang='grc' dir='ltr'><strong>φῆς</strong></span> <span class='ocrx_word' id='word_1_177' title='bbox 2251 1487 2280 1540; x_wconf 93' lang='lat'><strong>6</strong></span> <span class='ocrx_word' id='word_1_178' title='bbox 2301 1485 2502 1551; x_wconf 77' lang='grc' dir='ltr'>σκοπὸς</span> <span class='ocrx_word' id='word_1_179' title='bbox 2534 1488 2614 1548; x_wconf 88' lang='grc' dir='ltr'><strong>είς</strong></span> <span class='ocrx_word' id='word_1_180' title='bbox 2638 1485 2699 1539; x_wconf 81' lang='grc' dir='ltr'>τὸ</span> <span class='ocrx_word' id='word_1_181' title='bbox 2733 1483 2972 1558; x_wconf 80' lang='grc' dir='ltr'>Χριστοῦ</span> <span class='ocrx_word' id='word_1_182' title='bbox 3001 1483 3189 1556; x_wconf 83' lang='grc' dir='ltr'><strong>βλέπει</strong></span> <span class='ocrx_word' id='word_1_183' title='bbox 3215 1486 3514 1556; x_wconf 79' lang='grc' dir='ltr'>μυστήριον</span> <span class='ocrx_word' id='word_1_184' title='bbox 3545 1503 3560 1552; x_wconf 88' lang='lat'><strong>;</strong></span> 
     </span>
    </p>
   </div>
   <div class='ocr_carea' id='block_1_27' title="bbox 2194 1661 3706 1736">
    <p class='ocr_par' dir='ltr' id='par_1_27' title="bbox 2194 1661 3706 1736">
     <span class='ocr_line' id='line_1_27' title="bbox 2194 1661 3706 1736; baseline -0.002 -16"><span class='ocrx_word' id='word_1_185' title='bbox 2194 1666 2356 1720; x_wconf 82' lang='grc' dir='ltr'><strong>ΚΥΡ.</strong></span> <span class='ocrx_word' id='word_1_186' title='bbox 2398 1662 2721 1721; x_wconf 84' lang='grc' dir='ltr'>Παντάπασι</span> <span class='ocrx_word' id='word_1_187' title='bbox 2773 1664 2871 1736; x_wconf 80' lang='grc' dir='ltr'>μὲν</span> <span class='ocrx_word' id='word_1_188' title='bbox 2915 1661 3037 1719; x_wconf 82' lang='grc' dir='ltr'>οὖν·</span> <span class='ocrx_word' id='word_1_189' title='bbox 3072 1664 3224 1727; x_wconf 82' lang='grc' dir='ltr'>τέλος</span> <span class='ocrx_word' id='word_1_190' title='bbox 3260 1663 3368 1735; x_wconf 83' lang='grc' dir='ltr'>γὰρ</span> <span class='ocrx_word' id='word_1_191' title='bbox 3396 1664 3561 1736; x_wconf 81' lang='grc' dir='ltr'>νόμου</span> <span class='ocrx_word' id='word_1_192' title='bbox 3609 1665 3706 1718; x_wconf 71' lang='grc' dir='ltr'><strong>καὶ</strong></span> 
     </span>
    </p>
   </div>
   <div class='ocr_carea' id='block_1_28' title="bbox 437 1747 2029 1834">
    <p class='ocr_par' dir='ltr' id='par_1_28' title="bbox 437 1751 2022 1823">
     <span class='ocr_line' id='line_1_28' title="bbox 437 1751 2022 1823; baseline -0.003 -13"><span class='ocrx_word' id='word_1_193' title='bbox 437 1764 622 1810; x_wconf 88' lang='lat' dir='ltr'><strong>tarum</strong></span> <span class='ocrx_word' id='word_1_194' title='bbox 651 1752 944 1810; x_wconf 86' lang='lat' dir='ltr'><strong>Christus:</strong></span> <span class='ocrx_word' id='word_1_195' title='bbox 977 1771 994 1803; x_wconf 79' lang='grc' dir='ltr'><strong>ι</strong></span> <span class='ocrx_word' id='word_1_196' title='bbox 1020 1752 1211 1823; x_wconf 86' lang='lat' dir='ltr'><strong>Neque</strong></span> <span class='ocrx_word' id='word_1_197' title='bbox 1242 1752 1391 1808; x_wconf 92' lang='lat' dir='ltr'><strong>enim</strong></span> <span class='ocrx_word' id='word_1_198' title='bbox 1413 1760 1500 1809; x_wconf 88' lang='lat' dir='ltr'><strong>est</strong></span> <span class='ocrx_word' id='word_1_199' title='bbox 1521 1767 1722 1808; x_wconf 88' lang='lat' dir='ltr'><strong>nomen</strong></span> <span class='ocrx_word' id='word_1_200' title='bbox 1747 1752 1852 1808; x_wconf 88' lang='lat' dir='ltr'><strong>sub</strong></span> <span class='ocrx_word' id='word_1_201' title='bbox 1879 1751 2022 1807; x_wconf 63' lang='lat' dir='ltr'><strong>caelo</strong></span> 
     </span>
    </p>
   </div>
   <div class='ocr_carea' id='block_1_29' title="bbox 2132 1747 3709 1834">
    <p class='ocr_par' dir='ltr' id='par_1_29' title="bbox 2132 1747 3709 1834">
     <span class='ocr_line' id='line_1_29' title="bbox 2132 1747 3709 1834; baseline -0.002 -20"><span class='ocrx_word' id='word_1_202' title='bbox 2132 1747 2422 1834; x_wconf 61' lang='grc' dir='ltr'>προφητῶν</span> <span class='ocrx_word' id='word_1_203' title='bbox 2451 1761 2481 1814; x_wconf 93' lang='lat'><strong>6</strong></span> <span class='ocrx_word' id='word_1_204' title='bbox 2509 1757 2775 1831; x_wconf 69' lang='grc' dir='ltr'>Χριστόςζ·</span> <span class='ocrx_word' id='word_1_205' title='bbox 2815 1775 2836 1811; x_wconf 81' lang='grc' dir='ltr'><strong>ι</strong></span> <span class='ocrx_word' id='word_1_206' title='bbox 2877 1755 3032 1812; x_wconf 75' lang='grc' dir='ltr'>Ἐπεὶ</span> <span class='ocrx_word' id='word_1_207' title='bbox 3063 1756 3198 1827; x_wconf 88' lang='grc' dir='ltr'>μηδέ</span> <span class='ocrx_word' id='word_1_208' title='bbox 3227 1757 3374 1810; x_wconf 82' lang='grc' dir='ltr'>ἐστιν</span> <span class='ocrx_word' id='word_1_209' title='bbox 3406 1757 3577 1828; x_wconf 78' lang='grc' dir='ltr'>ὄνομα</span> <span class='ocrx_word' id='word_1_210' title='bbox 3600 1757 3709 1811; x_wconf 79' lang='grc' dir='ltr'>ὑπὸ</span> 
     </span>
    </p>
   </div>
   <div class='ocr_carea' id='block_1_30' title="bbox 435 1829 2029 1924">
    <p class='ocr_par' dir='ltr' id='par_1_30' title="bbox 435 1843 2022 1916">
     <span class='ocr_line' id='line_1_30' title="bbox 435 1843 2022 1916; baseline -0.004 -11"><span class='ocrx_word' id='word_1_211' title='bbox 435 1849 628 1905; x_wconf 86' lang='lat' dir='ltr'><strong>datum</strong></span> <span class='ocrx_word' id='word_1_212' title='bbox 685 1845 1030 1911; x_wconf 88' lang='lat' dir='ltr'><strong>hominibus,</strong></span> <span class='ocrx_word' id='word_1_213' title='bbox 1064 1843 1176 1916; x_wconf 62' lang='grc'><strong>84</strong></span> <span class='ocrx_word' id='word_1_214' title='bbox 1205 1844 1261 1898; x_wconf 90' lang='lat' dir='ltr'><strong>in</strong></span> <span class='ocrx_word' id='word_1_215' title='bbox 1285 1859 1396 1915; x_wconf 91' lang='lat' dir='ltr'><strong>quo</strong></span> <span class='ocrx_word' id='word_1_216' title='bbox 1427 1852 1682 1915; x_wconf 86' lang='lat' dir='ltr'><strong>oporteat</strong></span> <span class='ocrx_word' id='word_1_217' title='bbox 1711 1859 1814 1899; x_wconf 92' lang='lat' dir='ltr'><strong>nos</strong></span> <span class='ocrx_word' id='word_1_218' title='bbox 1840 1843 2022 1900; x_wconf 89' lang='lat' dir='ltr'><strong>salvos</strong></span> 
     </span>
    </p>
   </div>
   <div class='ocr_carea' id='block_1_31' title="bbox 2132 1829 3710 1924">
    <p class='ocr_par' dir='ltr' id='par_1_31' title="bbox 2132 1829 3710 1924">
     <span class='ocr_line' id='line_1_31' title="bbox 2132 1829 3710 1924; baseline -0.003 -17"><span class='ocrx_word' id='word_1_219' title='bbox 2132 1829 2212 1907; x_wconf 63' lang='grc' dir='ltr'><strong>ιον</strong></span> <span class='ocrx_word' id='word_1_220' title='bbox 2250 1829 2482 1924; x_wconf 79' lang='grc' dir='ltr'>ούρανὸν</span> <span class='ocrx_word' id='word_1_221' title='bbox 2525 1829 2588 1903; x_wconf 83' lang='lat'><strong>1:6</strong></span> <span class='ocrx_word' id='word_1_222' title='bbox 2632 1848 2912 1921; x_wconf 71' lang='grc' dir='ltr'>δεδομένον</span> <span class='ocrx_word' id='word_1_223' title='bbox 2961 1851 3019 1903; x_wconf 91' lang='grc' dir='ltr'><strong>ἐν</strong></span> <span class='ocrx_word' id='word_1_224' title='bbox 3066 1847 3408 1920; x_wconf 83' lang='grc' dir='ltr'>ἀνθρώποις,</span> <span class='ocrx_word' id='word_1_225' title='bbox 3444 1850 3504 1902; x_wconf 89' lang='grc' dir='ltr'><strong>ἐν</strong></span> <span class='ocrx_word' id='word_1_226' title='bbox 3624 1851 3710 1904; x_wconf 79' lang='grc' dir='ltr'><strong>δεῖ</strong></span> 
     </span>
    </p>
   </div>
   <div class='ocr_carea' id='block_1_32' title="bbox 439 1933 2016 1996">
    <p class='ocr_par' dir='ltr' id='par_1_32' title="bbox 439 1933 2016 1996">
     <span class='ocr_line' id='line_1_32' title="bbox 439 1933 2016 1996; baseline -0.003 -3"><span class='ocrx_word' id='word_1_227' title='bbox 439 1938 560 1996; x_wconf 82' lang='lat' dir='ltr'><strong>ﬁeri</strong></span> <span class='ocrx_word' id='word_1_228' title='bbox 593 1938 675 1992; x_wconf 73' lang='grc' dir='ltr'><strong>τοι</strong></span> <span class='ocrx_word' id='word_1_229' title='bbox 708 1956 727 1988; x_wconf 75' lang='grc' dir='ltr'><strong>ι</strong></span> <span class='ocrx_word' id='word_1_230' title='bbox 766 1935 847 1992; x_wconf 92' lang='lat' dir='ltr'><strong>sic</strong></span> <span class='ocrx_word' id='word_1_231' title='bbox 889 1935 1039 1990; x_wconf 90' lang='lat' dir='ltr'><strong>enim</strong></span> <span class='ocrx_word' id='word_1_232' title='bbox 1073 1934 1212 1989; x_wconf 81' lang='lat' dir='ltr'><strong>dixit</strong></span> <span class='ocrx_word' id='word_1_233' title='bbox 1235 1933 1330 1988; x_wconf 89' lang='lat' dir='ltr'><strong>ille</strong></span> <span class='ocrx_word' id='word_1_234' title='bbox 1361 1933 1667 1989; x_wconf 86' lang='lat' dir='ltr'><strong>Salvatoris</strong></span> <span class='ocrx_word' id='word_1_235' title='bbox 1708 1934 1884 1989; x_wconf 88' lang='lat' dir='ltr'><strong>nostri</strong></span> <span class='ocrx_word' id='word_1_236' title='bbox 1929 1933 2016 1988; x_wconf 91' lang='lat' dir='ltr'><strong>di-</strong></span> 
     </span>
    </p>
   </div>
   <div class='ocr_carea' id='block_1_33' title="bbox 437 2025 2017 2103">
    <p class='ocr_par' dir='ltr' id='par_1_33' title="bbox 437 2025 2017 2103">
     <span class='ocr_line' id='line_1_33' title="bbox 437 2025 2017 2103; baseline -0.003 -16"><span class='ocrx_word' id='word_1_237' title='bbox 437 2030 719 2103; x_wconf 86' lang='lat' dir='ltr'><strong>scipulus;</strong></span> <span class='ocrx_word' id='word_1_238' title='bbox 751 2029 912 2101; x_wconf 86' lang='lat' dir='ltr'><strong>cujus</strong></span> <span class='ocrx_word' id='word_1_239' title='bbox 942 2027 1022 2082; x_wconf 90' lang='lat' dir='ltr'><strong>rei</strong></span> <span class='ocrx_word' id='word_1_240' title='bbox 1043 2025 1301 2098; x_wconf 83' lang='lat' dir='ltr'><strong>probatio</strong></span> <span class='ocrx_word' id='word_1_241' title='bbox 1338 2025 1394 2080; x_wconf 93' lang='lat' dir='ltr'><strong>in</strong></span> <span class='ocrx_word' id='word_1_242' title='bbox 1431 2035 1688 2098; x_wconf 89' lang='lat' dir='ltr'><strong>promptu</strong></span> <span class='ocrx_word' id='word_1_243' title='bbox 1733 2035 1840 2094; x_wconf 90' lang='lat' dir='ltr'><strong>est,</strong></span> <span class='ocrx_word' id='word_1_244' title='bbox 1875 2026 1922 2082; x_wconf 89' lang='lat' dir='ltr'><strong>si</strong></span> <span class='ocrx_word' id='word_1_245' title='bbox 1947 2027 2017 2082; x_wconf 92' lang='lat' dir='ltr'><strong>ad</strong></span> 
     </span>
    </p>
   </div>
   <div class='ocr_carea' id='block_1_34' title="bbox 431 2119 2015 2196">
    <p class='ocr_par' dir='ltr' id='par_1_34' title="bbox 431 2119 2015 2196">
     <span class='ocr_line' id='line_1_34' title="bbox 431 2119 2015 2196; baseline -0.003 -16"><span class='ocrx_word' id='word_1_246' title='bbox 431 2141 500 2180; x_wconf 85' lang='lat' dir='ltr'><strong>ea</strong></span> <span class='ocrx_word' id='word_1_247' title='bbox 523 2139 643 2196; x_wconf 70' lang='lat' dir='ltr'><strong>quae</strong></span> <span class='ocrx_word' id='word_1_248' title='bbox 667 2129 977 2193; x_wconf 87' lang='lat' dir='ltr'><strong>sequuntur</strong></span> <span class='ocrx_word' id='word_1_249' title='bbox 1009 2119 1390 2192; x_wconf 84' lang='lat' dir='ltr'><strong>aspexerimus</strong></span> <span class='ocrx_word' id='word_1_250' title='bbox 1414 2137 1427 2173; x_wconf 94' lang='lat'><strong>:</strong></span> <span class='ocrx_word' id='word_1_251' title='bbox 1460 2138 1478 2170; x_wconf 78' lang='grc' dir='ltr'><strong>ι</strong></span> <span class='ocrx_word' id='word_1_252' title='bbox 1504 2120 1776 2188; x_wconf 79' lang='lat' dir='ltr'><strong>Profecti,</strong></span> <span class='ocrx_word' id='word_1_253' title='bbox 1816 2119 2015 2191; x_wconf 90' lang='lat' dir='ltr'><strong>inquit,</strong></span> 
     </span>
    </p>
   </div>
   <div class='ocr_carea' id='block_1_35' title="bbox 431 2212 2016 2282">
    <p class='ocr_par' dir='ltr' id='par_1_35' title="bbox 431 2212 2016 2282">
     <span class='ocr_line' id='line_1_35' title="bbox 431 2212 2016 2282; baseline -0.003 -11"><span class='ocrx_word' id='word_1_254' title='bbox 431 2217 532 2271; x_wconf 71' lang='lat' dir='ltr'><strong>filii</strong></span> <span class='ocrx_word' id='word_1_255' title='bbox 563 2215 730 2271; x_wconf 87' lang='lat' dir='ltr'><strong>Israel</strong></span> <span class='ocrx_word' id='word_1_256' title='bbox 764 2230 832 2270; x_wconf 78' lang='lat' dir='ltr'><strong>ex</strong></span> <span class='ocrx_word' id='word_1_257' title='bbox 862 2213 1090 2279; x_wconf 88' lang='lat' dir='ltr'><strong>Socoth,</strong></span> <span class='ocrx_word' id='word_1_258' title='bbox 1122 2213 1491 2268; x_wconf 86' lang='lat' dir='ltr'><strong>castrametati</strong></span> <span class='ocrx_word' id='word_1_259' title='bbox 1529 2220 1660 2268; x_wconf 89' lang='lat' dir='ltr'><strong>sunt</strong></span> <span class='ocrx_word' id='word_1_260' title='bbox 1694 2212 1752 2267; x_wconf 76' lang='lat' dir='ltr'><strong>in</strong></span> <span class='ocrx_word' id='word_1_261' title='bbox 1793 2212 2016 2282; x_wconf 90' lang='lat' dir='ltr'><strong>Othom,</strong></span> 
     </span>
    </p>
   </div>
   <div class='ocr_carea' id='block_1_36' title="bbox 438 2304 2020 2380">
    <p class='ocr_par' dir='ltr' id='par_1_36' title="bbox 438 2304 2020 2380">
     <span class='ocr_line' id='line_1_36' title="bbox 438 2304 2020 2380; baseline -0.004 -16"><span class='ocrx_word' id='word_1_262' title='bbox 438 2324 610 2380; x_wconf 87' lang='lat' dir='ltr'><strong>prope</strong></span> <span class='ocrx_word' id='word_1_263' title='bbox 648 2309 973 2374; x_wconf 85' lang='lat' dir='ltr'><strong>desertum;</strong></span> <span class='ocrx_word' id='word_1_264' title='bbox 1003 2307 1152 2364; x_wconf 90' lang='lat' dir='ltr'><strong>Deus</strong></span> <span class='ocrx_word' id='word_1_265' title='bbox 1176 2314 1362 2362; x_wconf 88' lang='lat' dir='ltr'><strong>autem</strong></span> <span class='ocrx_word' id='word_1_266' title='bbox 1407 2304 1641 2375; x_wconf 67' lang='lat' dir='ltr'><strong>prmibat</strong></span> <span class='ocrx_word' id='word_1_267' title='bbox 1683 2304 1811 2370; x_wconf 89' lang='lat' dir='ltr'><strong>illis,</strong></span> <span class='ocrx_word' id='word_1_268' title='bbox 1843 2305 2020 2359; x_wconf 85' lang='lat' dir='ltr'><strong>inter-</strong></span> 
     </span>
    </p>
   </div>
   <div class='ocr_carea' id='block_1_37' title="bbox 437 2397 2021 2472">
    <p class='ocr_par' dir='ltr' id='par_1_37' title="bbox 437 2397 2021 2472">
     <span class='ocr_line' id='line_1_37' title="bbox 437 2397 2021 2472; baseline -0.003 -14"><span class='ocrx_word' id='word_1_269' title='bbox 437 2403 534 2458; x_wconf 85' lang='lat' dir='ltr'><strong>diu</strong></span> <span class='ocrx_word' id='word_1_270' title='bbox 569 2402 797 2472; x_wconf 88' lang='lat' dir='ltr'><strong>quidem</strong></span> <span class='ocrx_word' id='word_1_271' title='bbox 851 2401 910 2456; x_wconf 92' lang='lat' dir='ltr'><strong>in</strong></span> <span class='ocrx_word' id='word_1_272' title='bbox 951 2401 1212 2456; x_wconf 89' lang='lat' dir='ltr'><strong>columna</strong></span> <span class='ocrx_word' id='word_1_273' title='bbox 1250 2398 1436 2464; x_wconf 90' lang='lat' dir='ltr'><strong>nubis,</strong></span> <span class='ocrx_word' id='word_1_274' title='bbox 1479 2405 1543 2452; x_wconf 90' lang='lat' dir='ltr'><strong>ut</strong></span> <span class='ocrx_word' id='word_1_275' title='bbox 1581 2399 1899 2454; x_wconf 89' lang='lat' dir='ltr'><strong>ostenderet</strong></span> <span class='ocrx_word' id='word_1_276' title='bbox 1938 2397 2021 2454; x_wconf 87' lang='lat' dir='ltr'><strong>eis</strong></span> 
     </span>
    </p>
   </div>
   <div class='ocr_carea' id='block_1_38' title="bbox 435 2489 2022 2563">
    <p class='ocr_par' dir='ltr' id='par_1_38' title="bbox 435 2489 2022 2563">
     <span class='ocr_line' id='line_1_38' title="bbox 435 2489 2022 2563; baseline -0.003 -15"><span class='ocrx_word' id='word_1_277' title='bbox 435 2495 582 2550; x_wconf 12' lang='lat' dir='ltr'><strong>aviam</strong></span> <span class='ocrx_word' id='word_1_278' title='bbox 605 2511 621 2563; x_wconf 91' lang='lat'><strong>;</strong></span> <span class='ocrx_word' id='word_1_279' title='bbox 646 2495 714 2550; x_wconf 90' lang='lat' dir='ltr'><strong>de</strong></span> <span class='ocrx_word' id='word_1_280' title='bbox 738 2502 900 2549; x_wconf 89' lang='lat' dir='ltr'><strong>nocte</strong></span> <span class='ocrx_word' id='word_1_281' title='bbox 919 2501 1104 2548; x_wconf 87' lang='lat' dir='ltr'><strong>autem</strong></span> <span class='ocrx_word' id='word_1_282' title='bbox 1124 2491 1182 2547; x_wconf 90' lang='lat' dir='ltr'><strong>in</strong></span> <span class='ocrx_word' id='word_1_283' title='bbox 1207 2492 1464 2547; x_wconf 87' lang='lat' dir='ltr'><strong>columna</strong></span> <span class='ocrx_word' id='word_1_284' title='bbox 1488 2489 1664 2562; x_wconf 81' lang='lat' dir='ltr'><strong>ignis:</strong></span> <span class='ocrx_word' id='word_1_285' title='bbox 1687 2507 1798 2546; x_wconf 91' lang='lat' dir='ltr'><strong>non</strong></span> <span class='ocrx_word' id='word_1_286' title='bbox 1821 2491 2022 2546; x_wconf 80' lang='lat' dir='ltr'><strong>defecit</strong></span> 
     </span>
    </p>
   </div>
   <div class='ocr_carea' id='block_1_39' title="bbox 437 2583 2021 2656">
    <p class='ocr_par' dir='ltr' id='par_1_39' title="bbox 437 2583 2021 2656">
     <span class='ocr_line' id='line_1_39' title="bbox 437 2583 2021 2656; baseline -0.003 -13"><span class='ocrx_word' id='word_1_287' title='bbox 437 2589 694 2644; x_wconf 86' lang='lat' dir='ltr'><strong>columna</strong></span> <span class='ocrx_word' id='word_1_288' title='bbox 721 2586 889 2644; x_wconf 75' lang='lat' dir='ltr'><strong>nubis</strong></span> <span class='ocrx_word' id='word_1_289' title='bbox 917 2601 1020 2656; x_wconf 89' lang='lat' dir='ltr'><strong>per</strong></span> <span class='ocrx_word' id='word_1_290' title='bbox 1055 2583 1226 2650; x_wconf 89' lang='lat' dir='ltr'><strong>diem,</strong></span> <span class='ocrx_word' id='word_1_291' title='bbox 1254 2599 1436 2655; x_wconf 89' lang='lat' dir='ltr'><strong>neque</strong></span> <span class='ocrx_word' id='word_1_292' title='bbox 1473 2584 1732 2640; x_wconf 89' lang='lat' dir='ltr'><strong>columna</strong></span> <span class='ocrx_word' id='word_1_293' title='bbox 1761 2585 1902 2656; x_wconf 81' lang='lat' dir='ltr'><strong>ignis</strong></span> <span class='ocrx_word' id='word_1_294' title='bbox 1921 2599 2021 2655; x_wconf 92' lang='lat' dir='ltr'><strong>per</strong></span> 
     </span>
    </p>
   </div>
   <div class='ocr_carea' id='block_1_40' title="bbox 439 2673 2022 2747">
    <p class='ocr_par' dir='ltr' id='par_1_40' title="bbox 439 2673 2022 2747">
     <span class='ocr_line' id='line_1_40' title="bbox 439 2673 2022 2747; baseline -0.004 -12"><span class='ocrx_word' id='word_1_295' title='bbox 439 2689 658 2737; x_wconf 89' lang='lat' dir='ltr'><strong>noctem</strong></span> <span class='ocrx_word' id='word_1_296' title='bbox 687 2693 874 2734; x_wconf 87' lang='lat' dir='ltr'><strong>coram</strong></span> <span class='ocrx_word' id='word_1_297' title='bbox 899 2676 1050 2731; x_wconf 90' lang='lat' dir='ltr'><strong>omni</strong></span> <span class='ocrx_word' id='word_1_298' title='bbox 1079 2675 1282 2747; x_wconf 90' lang='lat' dir='ltr'><strong>populo</strong></span> <span class='ocrx_word' id='word_1_299' title='bbox 1323 2675 1392 2727; x_wconf 74' lang='grc' dir='ltr'><strong>τι.</strong></span> <span class='ocrx_word' id='word_1_300' title='bbox 1422 2693 1440 2726; x_wconf 80' lang='grc' dir='ltr'><strong>ι</strong></span> <span class='ocrx_word' id='word_1_301' title='bbox 1474 2673 1640 2730; x_wconf 81' lang='lat' dir='ltr'><strong>Vides</strong></span> <span class='ocrx_word' id='word_1_302' title='bbox 1665 2683 1726 2730; x_wconf 90' lang='lat' dir='ltr'><strong>ut</strong></span> <span class='ocrx_word' id='word_1_303' title='bbox 1755 2675 2022 2730; x_wconf 89' lang='lat' dir='ltr'><strong>Israelitis</strong></span> 
     </span>
    </p>
   </div>
   <div class='ocr_carea' id='block_1_41' title="bbox 431 2765 2023 2844">
    <p class='ocr_par' dir='ltr' id='par_1_41' title="bbox 431 2765 2023 2844">
     <span class='ocr_line' id='line_1_41' title="bbox 431 2765 2023 2844; baseline -0.003 -16"><span class='ocrx_word' id='word_1_304' title='bbox 431 2775 549 2844; x_wconf 79' lang='lat' dir='ltr'><strong>jam</strong></span> <span class='ocrx_word' id='word_1_305' title='bbox 602 2787 672 2828; x_wconf 83' lang='lat' dir='ltr'><strong>ex</strong></span> <span class='ocrx_word' id='word_1_306' title='bbox 721 2767 1106 2841; x_wconf 67' lang='lat' dir='ltr'><strong>Egyptiorum</strong></span> <span class='ocrx_word' id='word_1_307' title='bbox 1152 2767 1376 2838; x_wconf 77' lang='lat' dir='ltr'><strong>regione</strong></span> <span class='ocrx_word' id='word_1_308' title='bbox 1423 2765 1686 2838; x_wconf 83' lang='lat' dir='ltr'><strong>profectis</strong></span> <span class='ocrx_word' id='word_1_309' title='bbox 1716 2765 1913 2822; x_wconf 89' lang='lat' dir='ltr'><strong>ducem</strong></span> <span class='ocrx_word' id='word_1_310' title='bbox 1962 2781 2023 2823; x_wconf 86' lang='lat' dir='ltr'><strong>se</strong></span> 
     </span>
    </p>
   </div>
   <div class='ocr_carea' id='block_1_42' title="bbox 432 2857 2022 2936">
    <p class='ocr_par' dir='ltr' id='par_1_42' title="bbox 432 2857 2022 2936">
     <span class='ocr_line' id='line_1_42' title="bbox 432 2857 2022 2936; baseline -0.004 -16"><span class='ocrx_word' id='word_1_311' title='bbox 432 2861 757 2936; x_wconf 78' lang='lat' dir='ltr'><strong>praestiterit</strong></span> <span class='ocrx_word' id='word_1_312' title='bbox 781 2861 927 2916; x_wconf 89' lang='lat' dir='ltr'><strong>Deus</strong></span> <span class='ocrx_word' id='word_1_313' title='bbox 957 2859 1015 2914; x_wconf 91' lang='lat' dir='ltr'><strong>in</strong></span> <span class='ocrx_word' id='word_1_314' title='bbox 1038 2859 1296 2914; x_wconf 86' lang='lat' dir='ltr'><strong>columna</strong></span> <span class='ocrx_word' id='word_1_315' title='bbox 1339 2858 1509 2913; x_wconf 87' lang='lat' dir='ltr'><strong>nubis</strong></span> <span class='ocrx_word' id='word_1_316' title='bbox 1541 2865 1600 2913; x_wconf 87' lang='lat' dir='ltr'><strong>et</strong></span> <span class='ocrx_word' id='word_1_317' title='bbox 1633 2857 1814 2930; x_wconf 82' lang='lat' dir='ltr'><strong>ignis;</strong></span> <span class='ocrx_word' id='word_1_318' title='bbox 1838 2859 2022 2914; x_wconf 90' lang='lat' dir='ltr'><strong>utrin-</strong></span> 
     </span>
    </p>
   </div>
   <div class='ocr_carea' id='block_1_43' title="bbox 441 2950 1608 3028">
    <p class='ocr_par' dir='ltr' id='par_1_43' title="bbox 441 2950 1608 3028">
     <span class='ocr_line' id='line_1_43' title="bbox 441 2950 1608 3028; baseline -0.009 -14"><span class='ocrx_word' id='word_1_319' title='bbox 441 2972 550 3028; x_wconf 89' lang='lat' dir='ltr'><strong>que</strong></span> <span class='ocrx_word' id='word_1_320' title='bbox 590 2961 779 3012; x_wconf 85' lang='lat' dir='ltr'><strong>autem</strong></span> <span class='ocrx_word' id='word_1_321' title='bbox 795 2953 1053 3010; x_wconf 87' lang='lat' dir='ltr'><strong>Christus</strong></span> <span class='ocrx_word' id='word_1_322' title='bbox 1090 2950 1608 3023; x_wconf 70' lang='lat' dir='ltr'><strong>reprarsentabatur.</strong></span> 
     </span>
    </p>
   </div>
   <div class='ocr_carea' id='block_1_44' title="bbox 512 3043 1352 3115">
    <p class='ocr_par' dir='ltr' id='par_1_44' title="bbox 512 3043 1352 3115">
     <span class='ocr_line' id='line_1_44' title="bbox 512 3043 1352 3115; baseline -0.006 -11"><span class='ocrx_word' id='word_1_323' title='bbox 512 3049 711 3106; x_wconf 85' lang='lat' dir='ltr'><strong>PALL.</strong></span> <span class='ocrx_word' id='word_1_324' title='bbox 738 3047 859 3115; x_wconf 86' lang='lat' dir='ltr'><strong>Quo</strong></span> <span class='ocrx_word' id='word_1_325' title='bbox 899 3046 1122 3103; x_wconf 89' lang='lat' dir='ltr'><strong>tandem</strong></span> <span class='ocrx_word' id='word_1_326' title='bbox 1154 3043 1352 3100; x_wconf 82' lang='lat' dir='ltr'><strong>modo?</strong></span> 
     </span>
    </p>
   </div>
   <div class='ocr_carea' id='block_1_45' title="bbox 2125 1939 3707 2017">
    <p class='ocr_par' dir='ltr' id='par_1_45' title="bbox 2125 1939 3707 2017">
     <span class='ocr_line' id='line_1_45' title="bbox 2125 1939 3707 2017; baseline -0.003 -16"><span class='ocrx_word' id='word_1_327' title='bbox 2125 1946 2362 2017; x_wconf 87' lang='grc' dir='ltr'>σωθῆναι</span> <span class='ocrx_word' id='word_1_328' title='bbox 2391 1945 2557 2017; x_wconf 73' lang='grc' dir='ltr'>ἡμᾶς.</span> <span class='ocrx_word' id='word_1_329' title='bbox 2587 1963 2607 1997; x_wconf 80' lang='grc' dir='ltr'><strong>ι</strong></span> <span class='ocrx_word' id='word_1_330' title='bbox 2645 1944 2791 2013; x_wconf 87' lang='grc' dir='ltr'>Ἔφη</span> <span class='ocrx_word' id='word_1_331' title='bbox 2818 1943 2926 2014; x_wconf 84' lang='grc' dir='ltr'>γὰρ</span> <span class='ocrx_word' id='word_1_332' title='bbox 2953 1939 3054 1997; x_wconf 82' lang='grc' dir='ltr'>ὧδε</span> <span class='ocrx_word' id='word_1_333' title='bbox 3079 1940 3173 1996; x_wconf 86' lang='grc' dir='ltr'><strong>τοῦ</strong></span> <span class='ocrx_word' id='word_1_334' title='bbox 3202 1942 3452 2012; x_wconf 83' lang='grc' dir='ltr'>Σωτῆρος</span> <span class='ocrx_word' id='word_1_335' title='bbox 3477 1945 3506 1996; x_wconf 97' lang='lat'><strong>6</strong></span> <span class='ocrx_word' id='word_1_336' title='bbox 3528 1942 3707 2016; x_wconf 86' lang='grc' dir='ltr'>μαθη-</span> 
     </span>
    </p>
   </div>
   <div class='ocr_carea' id='block_1_46' title="bbox 2121 2034 3710 2111">
    <p class='ocr_par' dir='ltr' id='par_1_46' title="bbox 2121 2034 3710 2111">
     <span class='ocr_line' id='line_1_46' title="bbox 2121 2034 3710 2111; baseline -0.002 -18"><span class='ocrx_word' id='word_1_337' title='bbox 2121 2038 2241 2111; x_wconf 82' lang='grc' dir='ltr'>τὴς,</span> <span class='ocrx_word' id='word_1_338' title='bbox 2271 2039 2365 2093; x_wconf 56' lang='grc' dir='ltr'><strong>καὶ⁸</strong></span> <span class='ocrx_word' id='word_1_339' title='bbox 2389 2037 2587 2106; x_wconf 81' lang='grc' dir='ltr'>γείτων</span> <span class='ocrx_word' id='word_1_340' title='bbox 2617 2037 2649 2108; x_wconf 84' lang='grc' dir='ltr'><strong>ή</strong></span> <span class='ocrx_word' id='word_1_341' title='bbox 2683 2035 2866 2103; x_wconf 81' lang='grc' dir='ltr'>δεῖξις,</span> <span class='ocrx_word' id='word_1_342' title='bbox 2901 2037 2949 2089; x_wconf 77' lang='lat' dir='ltr'><strong>et</strong></span> <span class='ocrx_word' id='word_1_343' title='bbox 2970 2037 3084 2099; x_wconf 86' lang='grc' dir='ltr'>τοῖς</span> <span class='ocrx_word' id='word_1_344' title='bbox 3110 2034 3308 2104; x_wconf 82' lang='grc' dir='ltr'>ἐφεξῆς</span> <span class='ocrx_word' id='word_1_345' title='bbox 3352 2036 3710 2106; x_wconf 71' lang='grc' dir='ltr'>προσϐάλλοι-</span> 
     </span>
    </p>
   </div>
   <div class='ocr_carea' id='block_1_47' title="bbox 2125 2126 3704 2204">
    <p class='ocr_par' dir='ltr' id='par_1_47' title="bbox 2125 2126 3704 2204">
     <span class='ocr_line' id='line_1_47' title="bbox 2125 2126 3704 2204; baseline -0.003 -19"><span class='ocrx_word' id='word_1_346' title='bbox 2125 2149 2246 2204; x_wconf 90' lang='grc' dir='ltr'>μεν.</span> <span class='ocrx_word' id='word_1_347' title='bbox 2280 2151 2300 2184; x_wconf 78' lang='grc' dir='ltr'><strong>ι</strong></span> <span class='ocrx_word' id='word_1_348' title='bbox 2340 2129 2688 2201; x_wconf 84' lang='grc' dir='ltr'>Ἐξάραντες,</span> <span class='ocrx_word' id='word_1_349' title='bbox 2708 2127 2897 2200; x_wconf 77' lang='grc' dir='ltr'>φησὶν,</span> <span class='ocrx_word' id='word_1_350' title='bbox 2920 2130 2967 2181; x_wconf 89' lang='grc' dir='ltr'>οἱ</span> <span class='ocrx_word' id='word_1_351' title='bbox 2993 2127 3100 2181; x_wconf 71' lang='grc' dir='ltr'>υἱοὶ</span> <span class='ocrx_word' id='word_1_352' title='bbox 3131 2126 3346 2199; x_wconf 79' lang='grc' dir='ltr'>Ἰσραὴλ</span> <span class='ocrx_word' id='word_1_353' title='bbox 3365 2128 3430 2180; x_wconf 83' lang='grc' dir='ltr'><strong>ἐκ</strong></span> <span class='ocrx_word' id='word_1_354' title='bbox 3459 2126 3704 2198; x_wconf 86' lang='grc' dir='ltr'>Σοκχὼθ,</span> 
     </span>
    </p>
   </div>
   <div class='ocr_carea' id='block_1_48' title="bbox 2120 2219 3709 2296">
    <p class='ocr_par' dir='ltr' id='par_1_48' title="bbox 2120 2219 3709 2296">
     <span class='ocr_line' id='line_1_48' title="bbox 2120 2219 3709 2296; baseline -0.004 -17"><span class='ocrx_word' id='word_1_355' title='bbox 2120 2223 2620 2296; x_wconf 79' lang='grc' dir='ltr'>ἐστρατοπέδευσαν</span> <span class='ocrx_word' id='word_1_356' title='bbox 2659 2223 2718 2274; x_wconf 77' lang='grc' dir='ltr'><strong>ἐν</strong></span> <span class='ocrx_word' id='word_1_357' title='bbox 2768 2220 2952 2293; x_wconf 83' lang='grc' dir='ltr'>ὐθὼμ</span> <span class='ocrx_word' id='word_1_358' title='bbox 2987 2219 3140 2292; x_wconf 87' lang='grc' dir='ltr'><strong>παρά</strong></span> <span class='ocrx_word' id='word_1_359' title='bbox 3170 2220 3268 2292; x_wconf 81' lang='grc' dir='ltr'>τὴν</span> <span class='ocrx_word' id='word_1_360' title='bbox 3318 2219 3551 2292; x_wconf 79' lang='grc' dir='ltr'>ἔρημον·</span> <span class='ocrx_word' id='word_1_361' title='bbox 3593 2222 3622 2273; x_wconf 89' lang='lat'><strong>6</strong></span> <span class='ocrx_word' id='word_1_362' title='bbox 3647 2219 3709 2272; x_wconf 83' lang='grc' dir='ltr'>δὲ</span> 
     </span>
    </p>
   </div>
   <div class='ocr_carea' id='block_1_49' title="bbox 2120 2310 3708 2388">
    <p class='ocr_par' dir='ltr' id='par_1_49' title="bbox 2120 2310 3708 2388">
     <span class='ocr_line' id='line_1_49' title="bbox 2120 2310 3708 2388; baseline -0.004 -16"><span class='ocrx_word' id='word_1_363' title='bbox 2120 2317 2252 2382; x_wconf 81' lang='grc' dir='ltr'>Θεὸς</span> <span class='ocrx_word' id='word_1_364' title='bbox 2289 2317 2476 2388; x_wconf 81' lang='grc' dir='ltr'>ἡγεῖτο</span> <span class='ocrx_word' id='word_1_365' title='bbox 2509 2313 2708 2379; x_wconf 84' lang='grc' dir='ltr'>αὐτῶν,</span> <span class='ocrx_word' id='word_1_366' title='bbox 2737 2311 2949 2385; x_wconf 80' lang='grc' dir='ltr'>ἡμέρας</span> <span class='ocrx_word' id='word_1_367' title='bbox 2981 2312 3078 2383; x_wconf 85' lang='grc' dir='ltr'>μὲν</span> <span class='ocrx_word' id='word_1_368' title='bbox 3123 2313 3182 2366; x_wconf 85' lang='grc' dir='ltr'><strong>ἐν</strong></span> <span class='ocrx_word' id='word_1_369' title='bbox 3233 2311 3412 2382; x_wconf 84' lang='grc' dir='ltr'>στύλῳ</span> <span class='ocrx_word' id='word_1_370' title='bbox 3451 2310 3708 2383; x_wconf 79' lang='grc' dir='ltr'>νεφέλης,</span> 
     </span>
    </p>
   </div>
   <div class='ocr_carea' id='block_1_50' title="bbox 2120 2402 3706 2477">
    <p class='ocr_par' dir='ltr' id='par_1_50' title="bbox 2120 2402 3706 2477">
     <span class='ocr_line' id='line_1_50' title="bbox 2120 2402 3706 2477; baseline -0.007 -13"><span class='ocrx_word' id='word_1_371' title='bbox 2120 2409 2292 2474; x_wconf 79' lang='grc' dir='ltr'>δεῖξαι</span> <span class='ocrx_word' id='word_1_372' title='bbox 2323 2408 2508 2470; x_wconf 85' lang='grc' dir='ltr'>αὐτοῖς</span> <span class='ocrx_word' id='word_1_373' title='bbox 2543 2404 2642 2477; x_wconf 81' lang='grc' dir='ltr'>τὴν</span> <span class='ocrx_word' id='word_1_374' title='bbox 2663 2404 2800 2470; x_wconf 82' lang='grc' dir='ltr'>ὁδὸν,</span> <span class='ocrx_word' id='word_1_375' title='bbox 2835 2402 2932 2475; x_wconf 84' lang='grc' dir='ltr'>τὴν</span> <span class='ocrx_word' id='word_1_376' title='bbox 2955 2403 3012 2458; x_wconf 84' lang='grc' dir='ltr'><strong>δέ</strong></span> <span class='ocrx_word' id='word_1_377' title='bbox 3030 2403 3200 2457; x_wconf 83' lang='grc' dir='ltr'>νύκτα</span> <span class='ocrx_word' id='word_1_378' title='bbox 3230 2404 3287 2457; x_wconf 85' lang='grc' dir='ltr'><strong>ἐν</strong></span> <span class='ocrx_word' id='word_1_379' title='bbox 3308 2403 3483 2475; x_wconf 86' lang='grc' dir='ltr'>στύλῳ</span> <span class='ocrx_word' id='word_1_380' title='bbox 3513 2403 3706 2474; x_wconf 83' lang='grc' dir='ltr'>πυρός·</span> 
     </span>
    </p>
   </div>
   <div class='ocr_carea' id='block_1_51' title="bbox 2120 2494 3710 2566">
    <p class='ocr_par' dir='ltr' id='par_1_51' title="bbox 2120 2494 3710 2566">
     <span class='ocr_line' id='line_1_51' title="bbox 2120 2494 3710 2566; baseline -0.006 -10"><span class='ocrx_word' id='word_1_381' title='bbox 2120 2503 2221 2556; x_wconf 88' lang='grc' dir='ltr'><strong>ούκ</strong></span> <span class='ocrx_word' id='word_1_382' title='bbox 2271 2500 2517 2565; x_wconf 72' lang='grc' dir='ltr'>ἐξέλιπεν</span> <span class='ocrx_word' id='word_1_383' title='bbox 2559 2500 2588 2552; x_wconf 92' lang='lat'><strong>6</strong></span> <span class='ocrx_word' id='word_1_384' title='bbox 2630 2495 2821 2560; x_wconf 86' lang='grc' dir='ltr'>στύλος</span> <span class='ocrx_word' id='word_1_385' title='bbox 2869 2494 2962 2549; x_wconf 89' lang='grc' dir='ltr'><strong>τοῦ</strong></span> <span class='ocrx_word' id='word_1_386' title='bbox 3007 2494 3180 2566; x_wconf 83' lang='grc' dir='ltr'>πυρὸς</span> <span class='ocrx_word' id='word_1_387' title='bbox 3235 2494 3429 2557; x_wconf 84' lang='grc' dir='ltr'>νυκτὸς</span> <span class='ocrx_word' id='word_1_388' title='bbox 3463 2494 3710 2549; x_wconf 84' lang='grc' dir='ltr'>ἐναντίον</span> 
     </span>
    </p>
   </div>
   <div class='ocr_carea' id='block_1_52' title="bbox 2123 2586 3710 2660">
    <p class='ocr_par' dir='ltr' id='par_1_52' title="bbox 2123 2586 3710 2660">
     <span class='ocr_line' id='line_1_52' title="bbox 2123 2586 3710 2660; baseline -0.006 -11"><span class='ocrx_word' id='word_1_389' title='bbox 2123 2593 2326 2658; x_wconf 78' lang='grc' dir='ltr'>παντὸς</span> <span class='ocrx_word' id='word_1_390' title='bbox 2356 2591 2452 2646; x_wconf 89' lang='grc' dir='ltr'><strong>τοῦ</strong></span> <span class='ocrx_word' id='word_1_391' title='bbox 2493 2589 2646 2646; x_wconf 89' lang='grc' dir='ltr'>λαοῦ.</span> <span class='ocrx_word' id='word_1_392' title='bbox 2686 2608 2706 2643; x_wconf 78' lang='grc' dir='ltr'><strong>ι</strong></span> <span class='ocrx_word' id='word_1_393' title='bbox 2747 2589 2911 2660; x_wconf 82' lang='grc' dir='ltr'>Ὁρᾷς</span> <span class='ocrx_word' id='word_1_394' title='bbox 2943 2589 3092 2652; x_wconf 84' lang='grc' dir='ltr'>ὅπως</span> <span class='ocrx_word' id='word_1_395' title='bbox 3128 2587 3229 2658; x_wconf 88' lang='grc' dir='ltr'><strong>τῆς</strong></span> <span class='ocrx_word' id='word_1_396' title='bbox 3257 2587 3366 2641; x_wconf 88' lang='grc' dir='ltr'><strong>τῶν</strong></span> <span class='ocrx_word' id='word_1_397' title='bbox 3391 2586 3710 2656; x_wconf 72' lang='grc' dir='ltr'>Αἰγυπτίων</span> 
     </span>
    </p>
   </div>
   <div class='ocr_carea' id='block_1_53' title="bbox 2122 2679 3708 2758">
    <p class='ocr_par' dir='ltr' id='par_1_53' title="bbox 2122 2679 3708 2758">
     <span class='ocr_line' id='line_1_53' title="bbox 2122 2679 3708 2758; baseline -0.004 -18"><span class='ocrx_word' id='word_1_398' title='bbox 2122 2689 2228 2758; x_wconf 83' lang='grc' dir='ltr'><strong>γῆς</strong></span> <span class='ocrx_word' id='word_1_399' title='bbox 2253 2683 2731 2756; x_wconf 81' lang='grc' dir='ltr'>ἐκπεφοιτηκότων</span> <span class='ocrx_word' id='word_1_400' title='bbox 2755 2681 2862 2736; x_wconf 85' lang='grc' dir='ltr'><strong>τῶν</strong></span> <span class='ocrx_word' id='word_1_401' title='bbox 2884 2680 2945 2747; x_wconf 80' lang='grc' dir='ltr'>ἐξ</span> <span class='ocrx_word' id='word_1_402' title='bbox 2979 2680 3195 2752; x_wconf 82' lang='grc' dir='ltr'>Ἰσραὴλ</span> <span class='ocrx_word' id='word_1_403' title='bbox 3222 2681 3518 2752; x_wconf 84' lang='grc' dir='ltr'>καθηγεῖτο</span> <span class='ocrx_word' id='word_1_404' title='bbox 3572 2679 3708 2746; x_wconf 81' lang='grc' dir='ltr'>Θεὸς</span> 
     </span>
    </p>
   </div>
   <div class='ocr_carea' id='block_1_54' title="bbox 2124 2772 3712 2850">
    <p class='ocr_par' dir='ltr' id='par_1_54' title="bbox 2124 2772 3712 2850">
     <span class='ocr_line' id='line_1_54' title="bbox 2124 2772 3712 2850; baseline -0.004 -16"><span class='ocrx_word' id='word_1_405' title='bbox 2124 2781 2182 2834; x_wconf 86' lang='grc' dir='ltr'><strong>ἐν</strong></span> <span class='ocrx_word' id='word_1_406' title='bbox 2213 2777 2390 2850; x_wconf 80' lang='grc' dir='ltr'>στόλῳ</span> <span class='ocrx_word' id='word_1_407' title='bbox 2428 2775 2661 2849; x_wconf 83' lang='grc' dir='ltr'>νεφέλης</span> <span class='ocrx_word' id='word_1_408' title='bbox 2684 2774 2778 2829; x_wconf 70' lang='grc' dir='ltr'><strong>καὶ</strong></span> <span class='ocrx_word' id='word_1_409' title='bbox 2807 2772 2972 2846; x_wconf 87' lang='grc' dir='ltr'>πυρός</span> <span class='ocrx_word' id='word_1_410' title='bbox 2995 2789 3010 2841; x_wconf 89' lang='grc'><strong>;</strong></span> <span class='ocrx_word' id='word_1_411' title='bbox 3041 2774 3313 2845; x_wconf 77' lang='grc' dir='ltr'>ἐγράφετο</span> <span class='ocrx_word' id='word_1_412' title='bbox 3333 2773 3390 2828; x_wconf 83' lang='grc' dir='ltr'><strong>δὲ</strong></span> <span class='ocrx_word' id='word_1_413' title='bbox 3412 2774 3478 2828; x_wconf 85' lang='grc' dir='ltr'>δι’</span> <span class='ocrx_word' id='word_1_414' title='bbox 3503 2773 3712 2846; x_wconf 82' lang='grc' dir='ltr'>ἀμφοῖν</span> 
     </span>
    </p>
   </div>
   <div class='ocr_carea' id='block_1_55' title="bbox 2123 2869 2439 2943">
    <p class='ocr_par' dir='ltr' id='par_1_55' title="bbox 2123 2869 2439 2943">
     <span class='ocr_line' id='line_1_55' title="bbox 2123 2869 2439 2943; baseline -0.013 -17"><span class='ocrx_word' id='word_1_415' title='bbox 2123 2873 2152 2926; x_wconf 91' lang='lat'><strong>6</strong></span> <span class='ocrx_word' id='word_1_416' title='bbox 2181 2869 2439 2943; x_wconf 85' lang='grc' dir='ltr'>Χριστός.</span> 
     </span>
    </p>
   </div>
   <div class='ocr_carea' id='block_1_56' title="bbox 2193 3044 2837 3134">
    <p class='ocr_par' dir='ltr' id='par_1_56' title="bbox 2193 3044 2837 3134">
     <span class='ocr_line' id='line_1_56' title="bbox 2193 3044 2837 3134; baseline -0.014 -26"><span class='ocrx_word' id='word_1_417' title='bbox 2193 3051 2412 3134; x_wconf 70' lang='grc' dir='ltr'><strong>ᾙΑΛΛ.</strong></span> <span class='ocrx_word' id='word_1_418' title='bbox 2452 3047 2586 3102; x_wconf 87' lang='grc' dir='ltr'>Τίνα</span> <span class='ocrx_word' id='word_1_419' title='bbox 2607 3044 2837 3118; x_wconf 83' lang='grc' dir='ltr'>τρόπον;</span> 
     </span>
    </p>
   </div>
   <div class='ocr_carea' id='block_1_57' title="bbox 510 3133 2029 3230">
    <p class='ocr_par' dir='ltr' id='par_1_57' title="bbox 510 3134 2021 3206">
     <span class='ocr_line' id='line_1_57' title="bbox 510 3134 2021 3206; baseline -0.003 -12"><span class='ocrx_word' id='word_1_420' title='bbox 510 3139 668 3195; x_wconf 82' lang='lat' dir='ltr'><strong>CYR.</strong></span> <span class='ocrx_word' id='word_1_421' title='bbox 695 3138 940 3193; x_wconf 88' lang='lat' dir='ltr'><strong>Primum</strong></span> <span class='ocrx_word' id='word_1_422' title='bbox 982 3135 1228 3205; x_wconf 89' lang='lat' dir='ltr'><strong>quidem,</strong></span> <span class='ocrx_word' id='word_1_423' title='bbox 1277 3135 1407 3206; x_wconf 90' lang='lat' dir='ltr'><strong>quia</strong></span> <span class='ocrx_word' id='word_1_424' title='bbox 1436 3135 1693 3191; x_wconf 87' lang='lat' dir='ltr'><strong>columna</strong></span> <span class='ocrx_word' id='word_1_425' title='bbox 1738 3144 1797 3191; x_wconf 88' lang='lat' dir='ltr'><strong>et</strong></span> <span class='ocrx_word' id='word_1_426' title='bbox 1832 3134 2021 3190; x_wconf 82' lang='lat' dir='ltr'><strong>ﬁrma-</strong></span> 
     </span>
    </p>
   </div>
   <div class='ocr_carea' id='block_1_58' title="bbox 2132 3133 3718 3230">
    <p class='ocr_par' dir='ltr' id='par_1_58' title="bbox 2195 3133 3718 3212">
     <span class='ocr_line' id='line_1_58' title="bbox 2195 3133 3718 3212; baseline -0.007 -13"><span class='ocrx_word' id='word_1_427' title='bbox 2195 3133 2365 3200; x_wconf 76' lang='grc' dir='ltr'><strong>ΚΥΡ.</strong></span> <span class='ocrx_word' id='word_1_428' title='bbox 2407 3140 2630 3212; x_wconf 86' lang='grc' dir='ltr'>Πρῶτον</span> <span class='ocrx_word' id='word_1_429' title='bbox 2665 3138 2787 3210; x_wconf 82' lang='grc' dir='ltr'>μὲν,</span> <span class='ocrx_word' id='word_1_430' title='bbox 2821 3137 2902 3191; x_wconf 79' lang='grc' dir='ltr'><strong>ὅτι</strong></span> <span class='ocrx_word' id='word_1_431' title='bbox 2943 3135 3135 3201; x_wconf 91' lang='grc' dir='ltr'>στύλος</span> <span class='ocrx_word' id='word_1_432' title='bbox 3169 3135 3265 3190; x_wconf 77' lang='grc' dir='ltr'><strong>καὶ</strong></span> <span class='ocrx_word' id='word_1_433' title='bbox 3303 3134 3583 3208; x_wconf 77' lang='grc' dir='ltr'>ἑδραίωμα</span> <span class='ocrx_word' id='word_1_434' title='bbox 3611 3133 3718 3208; x_wconf 87' lang='grc' dir='ltr'><strong>τῆς</strong></span> 
     </span>
    </p>
   </div>
   <div class='ocr_carea' id='block_1_59' title="bbox 443 3225 2024 3296">
    <p class='ocr_par' dir='ltr' id='par_1_59' title="bbox 443 3225 2024 3296">
     <span class='ocr_line' id='line_1_59' title="bbox 443 3225 2024 3296; baseline -0.003 -11"><span class='ocrx_word' id='word_1_435' title='bbox 443 3237 690 3285; x_wconf 88' lang='lat' dir='ltr'><strong>mentum</strong></span> <span class='ocrx_word' id='word_1_436' title='bbox 713 3227 965 3284; x_wconf 87' lang='lat' dir='ltr'><strong>veritatis</strong></span> <span class='ocrx_word' id='word_1_437' title='bbox 997 3234 1101 3291; x_wconf 87' lang='lat' dir='ltr'><strong>est,</strong></span> <span class='ocrx_word' id='word_1_438' title='bbox 1125 3225 1324 3281; x_wconf 89' lang='lat' dir='ltr'><strong>deinde</strong></span> <span class='ocrx_word' id='word_1_439' title='bbox 1348 3226 1494 3296; x_wconf 88' lang='lat' dir='ltr'><strong>quod</strong></span> <span class='ocrx_word' id='word_1_440' title='bbox 1519 3226 1672 3281; x_wconf 90' lang='lat' dir='ltr'><strong>nullo</strong></span> <span class='ocrx_word' id='word_1_441' title='bbox 1696 3225 1859 3282; x_wconf 90' lang='lat' dir='ltr'><strong>modo</strong></span> <span class='ocrx_word' id='word_1_442' title='bbox 1889 3241 2024 3282; x_wconf 90' lang='lat' dir='ltr'><strong>con-</strong></span> 
     </span>
    </p>
   </div>
   <div class='ocr_carea' id='block_1_60' title="bbox 443 3317 2022 3389">
    <p class='ocr_par' dir='ltr' id='par_1_60' title="bbox 443 3317 2022 3389">
     <span class='ocr_line' id='line_1_60' title="bbox 443 3317 2022 3389; baseline -0.004 -9"><span class='ocrx_word' id='word_1_443' title='bbox 443 3323 556 3380; x_wconf 88' lang='lat' dir='ltr'><strong>cuti</strong></span> <span class='ocrx_word' id='word_1_444' title='bbox 589 3337 654 3377; x_wconf 90' lang='lat' dir='ltr'><strong>ae</strong></span> <span class='ocrx_word' id='word_1_445' title='bbox 680 3317 981 3376; x_wconf 83' lang='lat' dir='ltr'><strong>disturbari</strong></span> <span class='ocrx_word' id='word_1_446' title='bbox 1014 3325 1219 3389; x_wconf 86' lang='lat' dir='ltr'><strong>potest,</strong></span> <span class='ocrx_word' id='word_1_447' title='bbox 1253 3333 1285 3373; x_wconf 91' lang='lat' dir='ltr'><strong>a</strong></span> <span class='ocrx_word' id='word_1_448' title='bbox 1309 3325 1459 3373; x_wconf 86' lang='lat' dir='ltr'><strong>terra</strong></span> <span class='ocrx_word' id='word_1_449' title='bbox 1490 3333 1712 3374; x_wconf 86' lang='lat' dir='ltr'><strong>sursum</strong></span> <span class='ocrx_word' id='word_1_450' title='bbox 1744 3318 2022 3387; x_wconf 85' lang='lat' dir='ltr'><strong>attollens;</strong></span> 
     </span>
    </p>
   </div>
   <div class='ocr_carea' id='block_1_61' title="bbox 444 3410 2024 3482">
    <p class='ocr_par' dir='ltr' id='par_1_61' title="bbox 444 3410 2024 3482">
     <span class='ocr_line' id='line_1_61' title="bbox 444 3410 2024 3482; baseline -0.004 -10"><span class='ocrx_word' id='word_1_451' title='bbox 444 3431 572 3472; x_wconf 85' lang='lat' dir='ltr'><strong>nam</strong></span> <span class='ocrx_word' id='word_1_452' title='bbox 604 3414 662 3470; x_wconf 91' lang='lat' dir='ltr'><strong>in</strong></span> <span class='ocrx_word' id='word_1_453' title='bbox 683 3411 906 3468; x_wconf 89' lang='lat' dir='ltr'><strong>Christo</strong></span> <span class='ocrx_word' id='word_1_454' title='bbox 949 3410 1217 3467; x_wconf 90' lang='lat' dir='ltr'><strong>desiimus</strong></span> <span class='ocrx_word' id='word_1_455' title='bbox 1261 3426 1385 3482; x_wconf 81' lang='lat' dir='ltr'><strong>quae</strong></span> <span class='ocrx_word' id='word_1_456' title='bbox 1425 3411 1609 3467; x_wconf 89' lang='lat' dir='ltr'><strong>carnis</strong></span> <span class='ocrx_word' id='word_1_457' title='bbox 1654 3419 1784 3466; x_wconf 92' lang='lat' dir='ltr'><strong>sunt</strong></span> <span class='ocrx_word' id='word_1_458' title='bbox 1809 3424 2024 3481; x_wconf 85' lang='lat' dir='ltr'><strong>sapere,</strong></span> 
     </span>
    </p>
   </div>
   <div class='ocr_carea' id='block_1_62' title="bbox 445 3503 2027 3578">
    <p class='ocr_par' dir='ltr' id='par_1_62' title="bbox 445 3503 2027 3578">
     <span class='ocr_line' id='line_1_62' title="bbox 445 3503 2027 3578; baseline -0.003 -15"><span class='ocrx_word' id='word_1_459' title='bbox 445 3523 509 3563; x_wconf 82' lang='lat' dir='ltr'><strong>ac</strong></span> <span class='ocrx_word' id='word_1_460' title='bbox 554 3522 652 3578; x_wconf 91' lang='lat' dir='ltr'><strong>per</strong></span> <span class='ocrx_word' id='word_1_461' title='bbox 699 3513 920 3560; x_wconf 86' lang='lat' dir='ltr'><strong>terrena</strong></span> <span class='ocrx_word' id='word_1_462' title='bbox 969 3504 1210 3560; x_wconf 81' lang='lat' dir='ltr'><strong>volutari</strong></span> <span class='ocrx_word' id='word_1_463' title='bbox 1249 3504 1391 3558; x_wconf 90' lang='lat' dir='ltr'><strong>mala</strong></span> <span class='ocrx_word' id='word_1_464' title='bbox 1434 3521 1447 3557; x_wconf 90' lang='lat'><strong>:</strong></span> <span class='ocrx_word' id='word_1_465' title='bbox 1483 3519 1549 3560; x_wconf 90' lang='lat' dir='ltr'><strong>ac</strong></span> <span class='ocrx_word' id='word_1_466' title='bbox 1588 3503 1760 3558; x_wconf 88' lang='lat' dir='ltr'><strong>veluti</strong></span> <span class='ocrx_word' id='word_1_467' title='bbox 1805 3518 2027 3559; x_wconf 81' lang='lat' dir='ltr'><strong>sursum</strong></span> 
     </span>
    </p>
   </div>
   <div class='ocr_carea' id='block_1_63' title="bbox 446 3597 2030 3673">
    <p class='ocr_par' dir='ltr' id='par_1_63' title="bbox 446 3597 2030 3673">
     <span class='ocr_line' id='line_1_63' title="bbox 446 3597 2030 3673; baseline -0.003 -17"><span class='ocrx_word' id='word_1_468' title='bbox 446 3603 566 3673; x_wconf 87' lang='lat' dir='ltr'><strong>ejus</strong></span> <span class='ocrx_word' id='word_1_469' title='bbox 597 3614 702 3670; x_wconf 82' lang='lat' dir='ltr'><strong>ope</strong></span> <span class='ocrx_word' id='word_1_470' title='bbox 740 3597 1010 3665; x_wconf 90' lang='lat' dir='ltr'><strong>tollimur,</strong></span> <span class='ocrx_word' id='word_1_471' title='bbox 1056 3611 1183 3653; x_wconf 91' lang='lat' dir='ltr'><strong>cum</strong></span> <span class='ocrx_word' id='word_1_472' title='bbox 1221 3611 1286 3652; x_wconf 91' lang='lat' dir='ltr'><strong>ea</strong></span> <span class='ocrx_word' id='word_1_473' title='bbox 1312 3612 1436 3668; x_wconf 68' lang='lat' dir='ltr'><strong>quae</strong></span> <span class='ocrx_word' id='word_1_474' title='bbox 1477 3611 1698 3652; x_wconf 89' lang='lat' dir='ltr'><strong>sursum</strong></span> <span class='ocrx_word' id='word_1_475' title='bbox 1725 3604 1855 3651; x_wconf 89' lang='lat' dir='ltr'><strong>sunt</strong></span> <span class='ocrx_word' id='word_1_476' title='bbox 1880 3598 2030 3668; x_wconf 90' lang='lat' dir='ltr'><strong>sapi-</strong></span> 
     </span>
    </p>
   </div>
   <div class='ocr_carea' id='block_1_64' title="bbox 447 3691 2025 3765">
    <p class='ocr_par' dir='ltr' id='par_1_64' title="bbox 447 3691 2025 3765">
     <span class='ocr_line' id='line_1_64' title="bbox 447 3691 2025 3765; baseline -0.001 -17"><span class='ocrx_word' id='word_1_477' title='bbox 447 3696 649 3765; x_wconf 89' lang='lat' dir='ltr'><strong>pimus,</strong></span> <span class='ocrx_word' id='word_1_478' title='bbox 675 3701 731 3747; x_wconf 89' lang='lat' dir='ltr'><strong>et</strong></span> <span class='ocrx_word' id='word_1_479' title='bbox 757 3691 811 3746; x_wconf 93' lang='lat' dir='ltr'><strong>in</strong></span> <span class='ocrx_word' id='word_1_480' title='bbox 838 3691 978 3747; x_wconf 87' lang='lat' dir='ltr'><strong>coelo</strong></span> <span class='ocrx_word' id='word_1_481' title='bbox 1019 3705 1307 3746; x_wconf 85' lang='lat' dir='ltr'><strong>versamur</strong></span> <span class='ocrx_word' id='word_1_482' title='bbox 1343 3709 1358 3746; x_wconf 85' lang='lat'><strong>:</strong></span> <span class='ocrx_word' id='word_1_483' title='bbox 1393 3692 1662 3762; x_wconf 86' lang='lat' dir='ltr'><strong>scriptum</strong></span> <span class='ocrx_word' id='word_1_484' title='bbox 1704 3700 1790 3746; x_wconf 90' lang='lat' dir='ltr'><strong>est</strong></span> <span class='ocrx_word' id='word_1_485' title='bbox 1839 3692 2025 3747; x_wconf 88' lang='lat' dir='ltr'><strong>enim:</strong></span> 
     </span>
    </p>
   </div>
   <div class='ocr_carea' id='block_1_65' title="bbox 455 3783 2020 3842">
    <p class='ocr_par' dir='ltr' id='par_1_65' title="bbox 455 3783 2020 3842">
     <span class='ocr_line' id='line_1_65' title="bbox 455 3783 2020 3842; baseline 0.001 -5"><span class='ocrx_word' id='word_1_486' title='bbox 455 3807 472 3837; x_wconf 77' lang='grc' dir='ltr'><strong>ι</strong></span> <span class='ocrx_word' id='word_1_487' title='bbox 497 3787 595 3842; x_wconf 89' lang='lat' dir='ltr'><strong>Dei</strong></span> <span class='ocrx_word' id='word_1_488' title='bbox 637 3785 808 3840; x_wconf 80' lang='lat' dir='ltr'><strong>fortes</strong></span> <span class='ocrx_word' id='word_1_489' title='bbox 840 3799 872 3838; x_wconf 90' lang='lat' dir='ltr'><strong>a</strong></span> <span class='ocrx_word' id='word_1_490' title='bbox 899 3793 1049 3839; x_wconf 89' lang='lat' dir='ltr'><strong>terra</strong></span> <span class='ocrx_word' id='word_1_491' title='bbox 1088 3783 1449 3840; x_wconf 85' lang='lat' dir='ltr'><strong>vehementer</strong></span> <span class='ocrx_word' id='word_1_492' title='bbox 1504 3783 1704 3840; x_wconf 86' lang='lat' dir='ltr'><strong>elevati</strong></span> <span class='ocrx_word' id='word_1_493' title='bbox 1733 3792 1864 3841; x_wconf 86' lang='lat' dir='ltr'><strong>sunt</strong></span> <span class='ocrx_word' id='word_1_494' title='bbox 1893 3787 1960 3839; x_wconf 79' lang='grc'><strong>⁷⁸.</strong></span> <span class='ocrx_word' id='word_1_495' title='bbox 2001 3805 2020 3838; x_wconf 75' lang='grc' dir='ltr'><strong>ι</strong></span> 
     </span>
    </p>
   </div>
   <div class='ocr_carea' id='block_1_66' title="bbox 446 3875 2030 3947">
    <p class='ocr_par' dir='ltr' id='par_1_66' title="bbox 446 3875 2030 3947">
     <span class='ocr_line' id='line_1_66' title="bbox 446 3875 2030 3947; baseline 0.001 -14"><span class='ocrx_word' id='word_1_496' title='bbox 446 3878 596 3933; x_wconf 85' lang='lat' dir='ltr'><strong>Dixit</strong></span> <span class='ocrx_word' id='word_1_497' title='bbox 617 3877 784 3932; x_wconf 82' lang='lat' dir='ltr'><strong>etiam</strong></span> <span class='ocrx_word' id='word_1_498' title='bbox 807 3886 959 3932; x_wconf 85' lang='lat' dir='ltr'><strong>certe</strong></span> <span class='ocrx_word' id='word_1_499' title='bbox 997 3875 1255 3931; x_wconf 91' lang='lat' dir='ltr'><strong>Christus</strong></span> <span class='ocrx_word' id='word_1_500' title='bbox 1287 3876 1535 3947; x_wconf 88' lang='lat' dir='ltr'><strong>ejusdem</strong></span> <span class='ocrx_word' id='word_1_501' title='bbox 1588 3876 1762 3931; x_wconf 88' lang='lat' dir='ltr'><strong>David</strong></span> <span class='ocrx_word' id='word_1_502' title='bbox 1799 3891 1935 3933; x_wconf 90' lang='lat' dir='ltr'><strong>voce</strong></span> <span class='ocrx_word' id='word_1_503' title='bbox 1959 3877 2030 3934; x_wconf 90' lang='lat' dir='ltr'><strong>de</strong></span> 
     </span>
    </p>
   </div>
   <div class='ocr_carea' id='block_1_67' title="bbox 449 3966 2028 4038">
    <p class='ocr_par' dir='ltr' id='par_1_67' title="bbox 449 3966 2028 4038">
     <span class='ocr_line' id='line_1_67' title="bbox 449 3966 2028 4038; baseline -0.001 -14"><span class='ocrx_word' id='word_1_504' title='bbox 449 3980 599 4024; x_wconf 86' lang='lat' dir='ltr'><strong>terra</strong></span> <span class='ocrx_word' id='word_1_505' title='bbox 625 3978 682 4024; x_wconf 92' lang='lat' dir='ltr'><strong>et</strong></span> <span class='ocrx_word' id='word_1_506' title='bbox 709 3968 776 4022; x_wconf 90' lang='lat' dir='ltr'><strong>de</strong></span> <span class='ocrx_word' id='word_1_507' title='bbox 808 3966 1016 4022; x_wconf 87' lang='lat' dir='ltr'><strong>sanctis</strong></span> <span class='ocrx_word' id='word_1_508' title='bbox 1040 3966 1345 4038; x_wconf 24' lang='lat' dir='ltr'><strong>apostolis“:</strong></span> <span class='ocrx_word' id='word_1_509' title='bbox 1381 3986 1398 4018; x_wconf 79' lang='grc' dir='ltr'><strong>ι</strong></span> <span class='ocrx_word' id='word_1_510' title='bbox 1418 3967 1532 4038; x_wconf 79' lang='lat' dir='ltr'><strong>Ego</strong></span> <span class='ocrx_word' id='word_1_511' title='bbox 1559 3967 1773 4023; x_wconf 80' lang='lat' dir='ltr'><strong>ﬁrmavi</strong></span> <span class='ocrx_word' id='word_1_512' title='bbox 1815 3969 2028 4024; x_wconf 91' lang='lat' dir='ltr'><strong>colum-</strong></span> 
     </span>
    </p>
   </div>
   <div class='ocr_carea' id='block_1_68' title="bbox 449 4056 2028 4140">
    <p class='ocr_par' dir='ltr' id='par_1_68' title="bbox 449 4056 2028 4140">
     <span class='ocr_line' id='line_1_68' title="bbox 449 4056 2028 4140; baseline 0.001 -25"><span class='ocrx_word' id='word_1_513' title='bbox 449 4077 548 4117; x_wconf 89' lang='lat' dir='ltr'><strong>nas</strong></span> <span class='ocrx_word' id='word_1_514' title='bbox 569 4061 690 4133; x_wconf 86' lang='lat' dir='ltr'><strong>ejus</strong></span> <span class='ocrx_word' id='word_1_515' title='bbox 721 4060 787 4114; x_wconf 74' lang='lat'><em>&quot;.</em></span> <span class='ocrx_word' id='word_1_516' title='bbox 819 4079 837 4109; x_wconf 79' lang='grc' dir='ltr'><strong>ι</strong></span> <span class='ocrx_word' id='word_1_517' title='bbox 869 4057 1101 4113; x_wconf 89' lang='lat' dir='ltr'><strong>Firmati</strong></span> <span class='ocrx_word' id='word_1_518' title='bbox 1149 4058 1354 4130; x_wconf 90' lang='lat' dir='ltr'><strong>quippe</strong></span> <span class='ocrx_word' id='word_1_519' title='bbox 1386 4069 1515 4115; x_wconf 88' lang='lat' dir='ltr'><strong>sunt</strong></span> <span class='ocrx_word' id='word_1_520' title='bbox 1559 4061 1796 4140; x_wconf 85' lang='lat' dir='ltr'><strong>apostoli</strong></span> <span class='ocrx_word' id='word_1_521' title='bbox 1829 4056 2028 4129; x_wconf 86' lang='lat' dir='ltr'><strong>sancti,</strong></span> 
     </span>
    </p>
   </div>
   <div class='ocr_carea' id='block_1_69' title="bbox 449 4149 2028 4222">
    <p class='ocr_par' dir='ltr' id='par_1_69' title="bbox 449 4149 2028 4222">
     <span class='ocr_line' id='line_1_69' title="bbox 449 4149 2028 4222; baseline 0.001 -15"><span class='ocrx_word' id='word_1_522' title='bbox 449 4152 541 4222; x_wconf 86' lang='lat' dir='ltr'><strong>qui</strong></span> <span class='ocrx_word' id='word_1_523' title='bbox 577 4166 744 4222; x_wconf 86' lang='lat' dir='ltr'><strong>supra</strong></span> <span class='ocrx_word' id='word_1_524' title='bbox 789 4158 994 4204; x_wconf 88' lang='lat' dir='ltr'><strong>terram</strong></span> <span class='ocrx_word' id='word_1_525' title='bbox 1045 4149 1314 4216; x_wconf 87' lang='lat' dir='ltr'><strong>eminent,</strong></span> <span class='ocrx_word' id='word_1_526' title='bbox 1355 4165 1482 4205; x_wconf 91' lang='lat' dir='ltr'><strong>cum</strong></span> <span class='ocrx_word' id='word_1_527' title='bbox 1529 4154 1736 4209; x_wconf 87' lang='lat' dir='ltr'><strong>virtute</strong></span> <span class='ocrx_word' id='word_1_528' title='bbox 1783 4170 1851 4209; x_wconf 82' lang='lat' dir='ltr'><strong>ex</strong></span> <span class='ocrx_word' id='word_1_529' title='bbox 1895 4155 2028 4221; x_wconf 91' lang='lat' dir='ltr'><strong>alto,</strong></span> 
     </span>
    </p>
   </div>
   <div class='ocr_carea' id='block_1_70' title="bbox 441 4242 2032 4316">
    <p class='ocr_par' dir='ltr' id='par_1_70' title="bbox 441 4242 2032 4316">
     <span class='ocr_line' id='line_1_70' title="bbox 441 4242 2032 4316; baseline 0.002 -14"><span class='ocrx_word' id='word_1_530' title='bbox 441 4245 627 4316; x_wconf 74' lang='lat' dir='ltr'><strong>gratia</strong></span> <span class='ocrx_word' id='word_1_531' title='bbox 670 4257 869 4313; x_wconf 88' lang='lat' dir='ltr'><strong>nempe</strong></span> <span class='ocrx_word' id='word_1_532' title='bbox 917 4248 1048 4296; x_wconf 84' lang='lat' dir='ltr'><strong>Sunt</strong></span> <span class='ocrx_word' id='word_1_533' title='bbox 1108 4244 1281 4298; x_wconf 86' lang='lat' dir='ltr'><strong>sancti</strong></span> <span class='ocrx_word' id='word_1_534' title='bbox 1311 4242 1556 4316; x_wconf 80' lang='lat' dir='ltr'><strong>Spiritus</strong></span> <span class='ocrx_word' id='word_1_535' title='bbox 1599 4245 1802 4302; x_wconf 91' lang='lat' dir='ltr'><strong>induti.</strong></span> <span class='ocrx_word' id='word_1_536' title='bbox 1859 4246 2032 4304; x_wconf 90' lang='lat' dir='ltr'><strong>Iidem</strong></span> 
     </span>
    </p>
   </div>
   <div class='ocr_carea' id='block_1_71' title="bbox 449 4333 2032 4405">
    <p class='ocr_par' dir='ltr' id='par_1_71' title="bbox 449 4333 2032 4405">
     <span class='ocr_line' id='line_1_71' title="bbox 449 4333 2032 4405; baseline 0.003 -16"><span class='ocrx_word' id='word_1_537' title='bbox 449 4344 610 4390; x_wconf 88' lang='lat' dir='ltr'><strong>erant</strong></span> <span class='ocrx_word' id='word_1_538' title='bbox 629 4334 796 4389; x_wconf 89' lang='lat' dir='ltr'><strong>etiam</strong></span> <span class='ocrx_word' id='word_1_539' title='bbox 845 4335 1135 4400; x_wconf 65' lang='lat' dir='ltr'><strong>columnae,</strong></span> <span class='ocrx_word' id='word_1_540' title='bbox 1181 4350 1248 4388; x_wconf 86' lang='lat' dir='ltr'><strong>eo</strong></span> <span class='ocrx_word' id='word_1_541' title='bbox 1280 4333 1400 4405; x_wconf 92' lang='lat' dir='ltr'><strong>ipso</strong></span> <span class='ocrx_word' id='word_1_542' title='bbox 1445 4335 1593 4405; x_wconf 89' lang='lat' dir='ltr'><strong>quod</strong></span> <span class='ocrx_word' id='word_1_543' title='bbox 1640 4335 1863 4391; x_wconf 89' lang='lat' dir='ltr'><strong>Christo</strong></span> <span class='ocrx_word' id='word_1_544' title='bbox 1895 4352 2032 4393; x_wconf 84' lang='lat' dir='ltr'><strong>con—</strong></span> 
     </span>
    </p>
   </div>
   <div class='ocr_carea' id='block_1_72' title="bbox 452 4426 2036 4498">
    <p class='ocr_par' dir='ltr' id='par_1_72' title="bbox 452 4426 2036 4498">
     <span class='ocr_line' id='line_1_72' title="bbox 452 4426 2036 4498; baseline 0.002 -18"><span class='ocrx_word' id='word_1_545' title='bbox 452 4427 660 4482; x_wconf 83' lang='lat' dir='ltr'><strong>formes</strong></span> <span class='ocrx_word' id='word_1_546' title='bbox 690 4435 872 4492; x_wconf 85' lang='lat' dir='ltr'><strong>erant,</strong></span> <span class='ocrx_word' id='word_1_547' title='bbox 900 4426 1064 4497; x_wconf 91' lang='lat' dir='ltr'><strong>eique</strong></span> <span class='ocrx_word' id='word_1_548' title='bbox 1092 4426 1301 4482; x_wconf 91' lang='lat' dir='ltr'><strong>similes</strong></span> <span class='ocrx_word' id='word_1_549' title='bbox 1323 4442 1423 4497; x_wconf 89' lang='lat' dir='ltr'><strong>per</strong></span> <span class='ocrx_word' id='word_1_550' title='bbox 1447 4427 1680 4497; x_wconf 76' lang='lat' dir='ltr'><strong>gratiam</strong></span> <span class='ocrx_word' id='word_1_551' title='bbox 1703 4427 1879 4484; x_wconf 87' lang='lat' dir='ltr'><strong>sancti</strong></span> <span class='ocrx_word' id='word_1_552' title='bbox 1913 4428 2036 4498; x_wconf 90' lang='lat' dir='ltr'><strong>Spi-</strong></span> 
     </span>
    </p>
   </div>
   <div class='ocr_carea' id='block_1_73' title="bbox 2127 3227 3719 3311">
    <p class='ocr_par' dir='ltr' id='par_1_73' title="bbox 2127 3227 3719 3311">
     <span class='ocr_line' id='line_1_73' title="bbox 2127 3227 3719 3311; baseline -0.009 -16"><span class='ocrx_word' id='word_1_553' title='bbox 2127 3235 2385 3311; x_wconf 86' lang='grc' dir='ltr'>ἀληθείας</span> <span class='ocrx_word' id='word_1_554' title='bbox 2412 3234 2561 3288; x_wconf 70' lang='grc' dir='ltr'>ἐστὶν</span> <span class='ocrx_word' id='word_1_555' title='bbox 2597 3229 2995 3285; x_wconf 82' lang='grc' dir='ltr'>ἀκατάσειστόν</span> <span class='ocrx_word' id='word_1_556' title='bbox 3019 3246 3079 3282; x_wconf 90' lang='grc' dir='ltr'><strong>τε</strong></span> <span class='ocrx_word' id='word_1_557' title='bbox 3109 3228 3202 3281; x_wconf 77' lang='grc' dir='ltr'><strong>καὶ</strong></span> <span class='ocrx_word' id='word_1_558' title='bbox 3231 3227 3540 3299; x_wconf 74' lang='grc' dir='ltr'>ἄθραυστον</span> <span class='ocrx_word' id='word_1_559' title='bbox 3574 3246 3719 3283; x_wconf 79' lang='grc' dir='ltr'>παν·</span> 
     </span>
    </p>
   </div>
   <div class='ocr_carea' id='block_1_74' title="bbox 2125 3320 3720 3396">
    <p class='ocr_par' dir='ltr' id='par_1_74' title="bbox 2125 3320 3720 3396">
     <span class='ocr_line' id='line_1_74' title="bbox 2125 3320 3720 3396; baseline -0.008 -8"><span class='ocrx_word' id='word_1_560' title='bbox 2125 3332 2319 3396; x_wconf 86' lang='grc' dir='ltr'>τελῶς,</span> <span class='ocrx_word' id='word_1_561' title='bbox 2373 3327 2469 3382; x_wconf 77' lang='grc' dir='ltr'>καὶ</span> <span class='ocrx_word' id='word_1_562' title='bbox 2520 3324 2728 3396; x_wconf 82' lang='grc' dir='ltr'>ἀνέχων</span> <span class='ocrx_word' id='word_1_563' title='bbox 2774 3323 2875 3395; x_wconf 89' lang='grc' dir='ltr'><strong>τῆς</strong></span> <span class='ocrx_word' id='word_1_564' title='bbox 2921 3322 3023 3393; x_wconf 85' lang='grc' dir='ltr'><strong>γῆς</strong></span> <span class='ocrx_word' id='word_1_565' title='bbox 3068 3320 3225 3392; x_wconf 75' lang='grc' dir='ltr'>ὑψοῦ.</span> <span class='ocrx_word' id='word_1_566' title='bbox 3286 3320 3720 3393; x_wconf 82' lang='grc' dir='ltr'>Ἀπηλλάγμεθα.</span> 
     </span>
    </p>
   </div>
   <div class='ocr_carea' id='block_1_75' title="bbox 2127 3413 3721 3498">
    <p class='ocr_par' dir='ltr' id='par_1_75' title="bbox 2127 3413 3721 3498">
     <span class='ocr_line' id='line_1_75' title="bbox 2127 3413 3721 3498; baseline -0.007 -21"><span class='ocrx_word' id='word_1_567' title='bbox 2127 3426 2237 3498; x_wconf 83' lang='grc' dir='ltr'>γὰρ</span> <span class='ocrx_word' id='word_1_568' title='bbox 2281 3424 2339 3478; x_wconf 91' lang='grc' dir='ltr'><strong>ἐν</strong></span> <span class='ocrx_word' id='word_1_569' title='bbox 2382 3418 2608 3494; x_wconf 84' lang='grc' dir='ltr'>Χριστῷ</span> <span class='ocrx_word' id='word_1_570' title='bbox 2667 3413 2763 3470; x_wconf 86' lang='grc' dir='ltr'><strong>τοῦ</strong></span> <span class='ocrx_word' id='word_1_571' title='bbox 2817 3416 3036 3486; x_wconf 85' lang='grc' dir='ltr'>φρονεῖν</span> <span class='ocrx_word' id='word_1_572' title='bbox 3087 3413 3156 3468; x_wconf 86' lang='grc' dir='ltr'><strong>τά</strong></span> <span class='ocrx_word' id='word_1_573' title='bbox 3198 3413 3420 3485; x_wconf 80' lang='grc' dir='ltr'>σαρκὸς,</span> <span class='ocrx_word' id='word_1_574' title='bbox 3457 3413 3552 3466; x_wconf 73' lang='grc' dir='ltr'>καὶ</span> <span class='ocrx_word' id='word_1_575' title='bbox 3597 3415 3721 3478; x_wconf 82' lang='grc' dir='ltr'>τοῖς</span> 
     </span>
    </p>
   </div>
   <div class='ocr_carea' id='block_1_76' title="bbox 2127 3503 3843 3588">
    <p class='ocr_par' dir='ltr' id='par_1_76' title="bbox 2127 3503 3843 3588">
     <span class='ocr_line' id='line_1_76' title="bbox 2127 3503 3843 3588; baseline -0.009 -17"><span class='ocrx_word' id='word_1_576' title='bbox 2127 3515 2390 3585; x_wconf 76' lang='grc' dir='ltr'>ἐπιγείοις</span> <span class='ocrx_word' id='word_1_577' title='bbox 2431 3507 2864 3582; x_wconf 82' lang='grc' dir='ltr'>ἐγκαλινδεῖσθαι</span> <span class='ocrx_word' id='word_1_578' title='bbox 2890 3508 3103 3570; x_wconf 73' lang='grc' dir='ltr'>κακοῖςο</span> <span class='ocrx_word' id='word_1_579' title='bbox 3135 3503 3402 3577; x_wconf 74' lang='grc' dir='ltr'>στερόμεθα</span> <span class='ocrx_word' id='word_1_580' title='bbox 3425 3504 3482 3558; x_wconf 83' lang='grc' dir='ltr'>δὲ</span> <span class='ocrx_word' id='word_1_581' title='bbox 3523 3503 3722 3577; x_wconf 83' lang='grc' dir='ltr'>ὥσπερ</span> <span class='ocrx_word' id='word_1_582' title='bbox 3837 3579 3843 3588; x_wconf 26' lang='grc' dir='ltr'><strong>ν</strong></span> 
     </span>
    </p>
   </div>
   <div class='ocr_carea' id='block_1_77' title="bbox 2130 3592 3723 3679">
    <p class='ocr_par' dir='ltr' id='par_1_77' title="bbox 2130 3592 3723 3679">
     <span class='ocr_line' id='line_1_77' title="bbox 2130 3592 3723 3679; baseline -0.011 -17"><span class='ocrx_word' id='word_1_583' title='bbox 2130 3606 2265 3679; x_wconf 79' lang='grc' dir='ltr'>ὑψοῦ</span> <span class='ocrx_word' id='word_1_584' title='bbox 2293 3605 2359 3659; x_wconf 83' lang='grc' dir='ltr'>δι’</span> <span class='ocrx_word' id='word_1_585' title='bbox 2389 3601 2578 3667; x_wconf 80' lang='grc' dir='ltr'>αὑτοῦ,</span> <span class='ocrx_word' id='word_1_586' title='bbox 2625 3600 2738 3654; x_wconf 79' lang='grc' dir='ltr'>ἄνω</span> <span class='ocrx_word' id='word_1_587' title='bbox 2765 3595 3109 3669; x_wconf 81' lang='grc' dir='ltr'>φρονοῦντες,</span> <span class='ocrx_word' id='word_1_588' title='bbox 3143 3597 3238 3648; x_wconf 72' lang='grc' dir='ltr'><strong>καὶ</strong></span> <span class='ocrx_word' id='word_1_589' title='bbox 3267 3596 3327 3648; x_wconf 89' lang='grc' dir='ltr'><strong>ἐν</strong></span> <span class='ocrx_word' id='word_1_590' title='bbox 3371 3592 3587 3666; x_wconf 82' lang='grc' dir='ltr'>οὐρανῷ</span> <span class='ocrx_word' id='word_1_591' title='bbox 3619 3610 3723 3647; x_wconf 79' lang='grc' dir='ltr'><strong>πο-</strong></span> 
     </span>
    </p>
   </div>
   <div class='ocr_carea' id='block_1_78' title="bbox 2129 3685 3723 3768">
    <p class='ocr_par' dir='ltr' id='par_1_78' title="bbox 2129 3685 3723 3768">
     <span class='ocr_line' id='line_1_78' title="bbox 2129 3685 3723 3768; baseline -0.011 -14"><span class='ocrx_word' id='word_1_592' title='bbox 2129 3697 2482 3768; x_wconf 86' lang='grc' dir='ltr'>λιτευόμενοι.</span> <span class='ocrx_word' id='word_1_593' title='bbox 2511 3692 2828 3764; x_wconf 87' lang='grc' dir='ltr'>Γέγραπται</span> <span class='ocrx_word' id='word_1_594' title='bbox 2854 3687 2962 3758; x_wconf 90' lang='grc' dir='ltr'><strong>γάρ</strong></span> <span class='ocrx_word' id='word_1_595' title='bbox 2981 3728 2996 3753; x_wconf 89' lang='grc'><strong>,</strong></span> <span class='ocrx_word' id='word_1_596' title='bbox 3032 3688 3115 3741; x_wconf 83' lang='grc' dir='ltr'>ὅτι</span> <span class='ocrx_word' id='word_1_597' title='bbox 3155 3705 3172 3739; x_wconf 80' lang='grc' dir='ltr'><strong>ι</strong></span> <span class='ocrx_word' id='word_1_598' title='bbox 3210 3685 3318 3740; x_wconf 90' lang='grc' dir='ltr'>Τοῦ</span> <span class='ocrx_word' id='word_1_599' title='bbox 3349 3685 3482 3740; x_wconf 82' lang='grc' dir='ltr'>Θεοῦ</span> <span class='ocrx_word' id='word_1_600' title='bbox 3509 3687 3560 3738; x_wconf 80' lang='grc' dir='ltr'><strong>οἱ</strong></span> <span class='ocrx_word' id='word_1_601' title='bbox 3587 3702 3723 3757; x_wconf 86' lang='grc' dir='ltr'>κρα-</span> 
     </span>
    </p>
   </div>
   <div class='ocr_carea' id='block_1_79' title="bbox 2132 3777 3722 3862">
    <p class='ocr_par' dir='ltr' id='par_1_79' title="bbox 2132 3777 3722 3862">
     <span class='ocr_line' id='line_1_79' title="bbox 2132 3777 3722 3862; baseline -0.009 -18"><span class='ocrx_word' id='word_1_602' title='bbox 2132 3787 2322 3862; x_wconf 67' lang='grc' dir='ltr'><strong>τα[ι]ο)⁸</strong></span> <span class='ocrx_word' id='word_1_603' title='bbox 2343 3787 2441 3857; x_wconf 92' lang='grc' dir='ltr'><strong>τῆς</strong></span> <span class='ocrx_word' id='word_1_604' title='bbox 2467 3783 2571 3855; x_wconf 87' lang='grc' dir='ltr'><strong>γῆς</strong></span> <span class='ocrx_word' id='word_1_605' title='bbox 2595 3782 2798 3852; x_wconf 74' lang='grc' dir='ltr'>σφόδρα</span> <span class='ocrx_word' id='word_1_606' title='bbox 2820 3777 3158 3851; x_wconf 83' lang='grc' dir='ltr'>ἐπήρθησαν,</span> <span class='ocrx_word' id='word_1_607' title='bbox 3175 3779 3347 3849; x_wconf 70' lang='grc' dir='ltr'>»Ἔφη</span> <span class='ocrx_word' id='word_1_608' title='bbox 3373 3777 3430 3831; x_wconf 87' lang='grc' dir='ltr'><strong>δέ</strong></span> <span class='ocrx_word' id='word_1_609' title='bbox 3453 3793 3555 3830; x_wconf 88' lang='grc' dir='ltr'><strong>που</strong></span> <span class='ocrx_word' id='word_1_610' title='bbox 3581 3778 3624 3830; x_wconf 84' lang='grc' dir='ltr'><strong>Χ</strong></span> <span class='ocrx_word' id='word_1_611' title='bbox 3633 3794 3722 3848; x_wconf 76' lang='lat' dir='ltr'><strong>9t-</strong></span> 
     </span>
    </p>
   </div>
   <div class='ocr_carea' id='block_1_80' title="bbox 2135 3869 3724 3945">
    <p class='ocr_par' dir='ltr' id='par_1_80' title="bbox 2135 3869 3724 3945">
     <span class='ocr_line' id='line_1_80' title="bbox 2135 3869 3724 3945; baseline -0.008 -11"><span class='ocrx_word' id='word_1_612' title='bbox 2135 3882 2258 3945; x_wconf 84' lang='grc' dir='ltr'>στὸς</span> <span class='ocrx_word' id='word_1_613' title='bbox 2291 3879 2383 3934; x_wconf 73' lang='grc' dir='ltr'><strong>καὶ</strong></span> <span class='ocrx_word' id='word_1_614' title='bbox 2415 3877 2504 3932; x_wconf 88' lang='grc' dir='ltr'><strong>διά</strong></span> <span class='ocrx_word' id='word_1_615' title='bbox 2543 3875 2728 3945; x_wconf 89' lang='grc' dir='ltr'>φωνῆς</span> <span class='ocrx_word' id='word_1_616' title='bbox 2754 3871 2849 3926; x_wconf 91' lang='grc' dir='ltr'><strong>τοῦ</strong></span> <span class='ocrx_word' id='word_1_617' title='bbox 2892 3871 3057 3926; x_wconf 68' lang='grc' dir='ltr'>Δασιδ</span> <span class='ocrx_word' id='word_1_618' title='bbox 3095 3870 3222 3943; x_wconf 88' lang='grc' dir='ltr'>περί</span> <span class='ocrx_word' id='word_1_619' title='bbox 3245 3887 3306 3923; x_wconf 88' lang='grc' dir='ltr'><strong>τε</strong></span> <span class='ocrx_word' id='word_1_620' title='bbox 3342 3870 3441 3942; x_wconf 90' lang='grc' dir='ltr'><strong>τῆς</strong></span> <span class='ocrx_word' id='word_1_621' title='bbox 3467 3871 3574 3941; x_wconf 86' lang='grc' dir='ltr'><strong>γῆς</strong></span> <span class='ocrx_word' id='word_1_622' title='bbox 3622 3869 3724 3922; x_wconf 77' lang='grc' dir='ltr'>καὶ</span> 
     </span>
    </p>
   </div>
   <div class='ocr_carea' id='block_1_81' title="bbox 2131 3962 3723 4041">
    <p class='ocr_par' dir='ltr' id='par_1_81' title="bbox 2131 3962 3723 4041">
     <span class='ocr_line' id='line_1_81' title="bbox 2131 3962 3723 4041; baseline -0.008 -13"><span class='ocrx_word' id='word_1_623' title='bbox 2131 3973 2240 4028; x_wconf 84' lang='grc' dir='ltr'><strong>τῶν</strong></span> <span class='ocrx_word' id='word_1_624' title='bbox 2289 3971 2460 4041; x_wconf 79' lang='grc' dir='ltr'>ἁγίων</span> <span class='ocrx_word' id='word_1_625' title='bbox 2497 3967 2812 4022; x_wconf 84' lang='grc' dir='ltr'>ἀποστόλων</span> <span class='ocrx_word' id='word_1_626' title='bbox 2833 3979 2848 3996; x_wconf 75' lang='grc' dir='ltr'><strong>ο</strong></span> <span class='ocrx_word' id='word_1_627' title='bbox 2885 3983 2904 4016; x_wconf 80' lang='grc' dir='ltr'><strong>ι</strong></span> <span class='ocrx_word' id='word_1_628' title='bbox 2951 3962 3091 4033; x_wconf 89' lang='grc' dir='ltr'><strong>Ἐγὼ</strong></span> <span class='ocrx_word' id='word_1_629' title='bbox 3112 3964 3422 4034; x_wconf 85' lang='grc' dir='ltr'>ἐστερέωσα</span> <span class='ocrx_word' id='word_1_630' title='bbox 3447 3964 3572 4027; x_wconf 88' lang='grc' dir='ltr'>τοὺς</span> <span class='ocrx_word' id='word_1_631' title='bbox 3600 3963 3723 4016; x_wconf 86' lang='grc' dir='ltr'>στύ-</span> 
     </span>
    </p>
   </div>
   <div class='ocr_carea' id='block_1_82' title="bbox 2131 4053 3722 4131">
    <p class='ocr_par' dir='ltr' id='par_1_82' title="bbox 2131 4053 3722 4131">
     <span class='ocr_line' id='line_1_82' title="bbox 2131 4053 3722 4131; baseline -0.009 -11"><span class='ocrx_word' id='word_1_632' title='bbox 2131 4066 2256 4129; x_wconf 90' lang='grc' dir='ltr'>λους</span> <span class='ocrx_word' id='word_1_633' title='bbox 2276 4061 2468 4131; x_wconf 81' lang='grc' dir='ltr'>αὐτῆς.</span> <span class='ocrx_word' id='word_1_634' title='bbox 2497 4079 2515 4112; x_wconf 81' lang='grc' dir='ltr'><strong>ι</strong></span> <span class='ocrx_word' id='word_1_635' title='bbox 2553 4055 2997 4128; x_wconf 85' lang='grc' dir='ltr'>Ἐστερεώθησαν</span> <span class='ocrx_word' id='word_1_636' title='bbox 3027 4057 3134 4126; x_wconf 82' lang='grc' dir='ltr'><strong>γάρ</strong></span> <span class='ocrx_word' id='word_1_637' title='bbox 3171 4057 3220 4108; x_wconf 81' lang='grc' dir='ltr'>οἱ</span> <span class='ocrx_word' id='word_1_638' title='bbox 3249 4055 3348 4125; x_wconf 82' lang='grc' dir='ltr'><strong>τὴν</strong></span> <span class='ocrx_word' id='word_1_639' title='bbox 3370 4055 3473 4124; x_wconf 92' lang='grc' dir='ltr'><strong>γῆν</strong></span> <span class='ocrx_word' id='word_1_640' title='bbox 3498 4053 3722 4126; x_wconf 81' lang='grc' dir='ltr'>ἀνέχον·-</span> 
     </span>
    </p>
   </div>
   <div class='ocr_carea' id='block_1_83' title="bbox 2131 4145 3720 4223">
    <p class='ocr_par' dir='ltr' id='par_1_83' title="bbox 2131 4145 3720 4223">
     <span class='ocr_line' id='line_1_83' title="bbox 2131 4145 3720 4223; baseline -0.006 -13"><span class='ocrx_word' id='word_1_641' title='bbox 2131 4173 2223 4220; x_wconf 89' lang='grc' dir='ltr'><strong>τες</strong></span> <span class='ocrx_word' id='word_1_642' title='bbox 2250 4155 2395 4223; x_wconf 81' lang='grc' dir='ltr'>ἀγιοι</span> <span class='ocrx_word' id='word_1_643' title='bbox 2424 4149 2664 4223; x_wconf 79' lang='grc' dir='ltr'>μαθηταὶ</span> <span class='ocrx_word' id='word_1_644' title='bbox 2703 4147 2799 4219; x_wconf 76' lang='grc' dir='ltr'>τὴν</span> <span class='ocrx_word' id='word_1_645' title='bbox 2849 4147 2908 4212; x_wconf 82' lang='grc' dir='ltr'><strong>ἐξ</strong></span> <span class='ocrx_word' id='word_1_646' title='bbox 2934 4146 3101 4217; x_wconf 75' lang='grc' dir='ltr'>ὕψους</span> <span class='ocrx_word' id='word_1_647' title='bbox 3125 4146 3375 4216; x_wconf 88' lang='grc' dir='ltr'>δύναμιν,</span> <span class='ocrx_word' id='word_1_648' title='bbox 3404 4145 3546 4201; x_wconf 86' lang='grc' dir='ltr'>τοῦτ’</span> <span class='ocrx_word' id='word_1_649' title='bbox 3577 4146 3720 4216; x_wconf 79' lang='grc' dir='ltr'>ἐστι,</span> 
     </span>
    </p>
   </div>
   <div class='ocr_carea' id='block_1_84' title="bbox 2132 4239 3720 4321">
    <p class='ocr_par' dir='ltr' id='par_1_84' title="bbox 2132 4239 3720 4321">
     <span class='ocr_line' id='line_1_84' title="bbox 2132 4239 3720 4321; baseline -0.006 -16"><span class='ocrx_word' id='word_1_650' title='bbox 2132 4247 2230 4321; x_wconf 75' lang='grc' dir='ltr'><strong>τὴν</strong></span> <span class='ocrx_word' id='word_1_651' title='bbox 2273 4247 2360 4301; x_wconf 81' lang='grc' dir='ltr'>διὰ</span> <span class='ocrx_word' id='word_1_652' title='bbox 2388 4243 2479 4299; x_wconf 91' lang='grc' dir='ltr'><strong>τοῦ</strong></span> <span class='ocrx_word' id='word_1_653' title='bbox 2519 4243 2675 4312; x_wconf 86' lang='grc' dir='ltr'>ἁγίου</span> <span class='ocrx_word' id='word_1_654' title='bbox 2731 4239 3050 4310; x_wconf 86' lang='grc' dir='ltr'>Πνεύματος</span> <span class='ocrx_word' id='word_1_655' title='bbox 3091 4239 3251 4310; x_wconf 89' lang='grc' dir='ltr'>χάριν</span> <span class='ocrx_word' id='word_1_656' title='bbox 3283 4241 3720 4312; x_wconf 87' lang='grc' dir='ltr'>ἀμφιασάμενοι.</span> 
     </span>
    </p>
   </div>
   <div class='ocr_carea' id='block_1_85' title="bbox 2134 4332 3722 4408">
    <p class='ocr_par' dir='ltr' id='par_1_85' title="bbox 2134 4332 3722 4408">
     <span class='ocr_line' id='line_1_85' title="bbox 2134 4332 3722 4408; baseline -0.005 -14"><span class='ocrx_word' id='word_1_657' title='bbox 2134 4340 2322 4394; x_wconf 86' lang='grc' dir='ltr'>Στύλοι</span> <span class='ocrx_word' id='word_1_658' title='bbox 2345 4336 2400 4390; x_wconf 87' lang='grc' dir='ltr'><strong>δέ</strong></span> <span class='ocrx_word' id='word_1_659' title='bbox 2421 4332 2561 4408; x_wconf 80' lang='grc' dir='ltr'>ἦσαν</span> <span class='ocrx_word' id='word_1_660' title='bbox 2585 4333 2761 4398; x_wconf 70' lang='grc' dir='ltr'>αὐτοὶ,</span> <span class='ocrx_word' id='word_1_661' title='bbox 2791 4332 2932 4386; x_wconf 84' lang='grc' dir='ltr'>κατὰ</span> <span class='ocrx_word' id='word_1_662' title='bbox 2953 4349 3016 4385; x_wconf 90' lang='grc' dir='ltr'><strong>συ</strong></span> <span class='ocrx_word' id='word_1_663' title='bbox 3024 4332 3307 4403; x_wconf 87' lang='grc' dir='ltr'>μμορφίαν</span> <span class='ocrx_word' id='word_1_664' title='bbox 3339 4333 3440 4404; x_wconf 83' lang='grc' dir='ltr'>τὴν</span> <span class='ocrx_word' id='word_1_665' title='bbox 3463 4332 3543 4396; x_wconf 86' lang='grc' dir='ltr'>ὡς</span> <span class='ocrx_word' id='word_1_666' title='bbox 3581 4333 3722 4405; x_wconf 80' lang='grc' dir='ltr'>πρὸς</span> 
     </span>
    </p>
   </div>
   <div class='ocr_carea' id='block_1_86' title="bbox 2135 4421 3721 4502">
    <p class='ocr_par' dir='ltr' id='par_1_86' title="bbox 2135 4421 3721 4502">
     <span class='ocr_line' id='line_1_86' title="bbox 2135 4421 3721 4502; baseline -0.007 -17"><span class='ocrx_word' id='word_1_667' title='bbox 2135 4428 2388 4502; x_wconf 81' lang='grc' dir='ltr'>Χριστὸν,</span> <span class='ocrx_word' id='word_1_668' title='bbox 2423 4426 2518 4480; x_wconf 71' lang='grc' dir='ltr'><strong>καὶ</strong></span> <span class='ocrx_word' id='word_1_669' title='bbox 2545 4423 2665 4478; x_wconf 86' lang='grc' dir='ltr'>καθ’</span> <span class='ocrx_word' id='word_1_670' title='bbox 2707 4423 2964 4494; x_wconf 84' lang='grc' dir='ltr'>ὁμοίωσιν</span> <span class='ocrx_word' id='word_1_671' title='bbox 2997 4421 3095 4494; x_wconf 81' lang='grc' dir='ltr'>τὴν</span> <span class='ocrx_word' id='word_1_672' title='bbox 3136 4424 3194 4476; x_wconf 90' lang='grc' dir='ltr'><strong>ἐν</strong></span> <span class='ocrx_word' id='word_1_673' title='bbox 3221 4421 3406 4492; x_wconf 88' lang='grc' dir='ltr'>χάριτι</span> <span class='ocrx_word' id='word_1_674' title='bbox 3429 4421 3518 4476; x_wconf 81' lang='grc' dir='ltr'><strong>διὰ</strong></span> <span class='ocrx_word' id='word_1_675' title='bbox 3545 4422 3721 4476; x_wconf 71' lang='grc' dir='ltr'>Πνεύο</span> 
     </span>
    </p>
   </div>
   <div class='ocr_carea' id='block_1_87' title="bbox 454 4505 2029 4592">
    <p class='ocr_par' dir='ltr' id='par_1_87' title="bbox 454 4509 2029 4590">
     <span class='ocr_line' id='line_1_87' title="bbox 454 4509 2029 4590; baseline 0.002 -18"><span class='ocrx_word' id='word_1_676' title='bbox 454 4520 614 4574; x_wconf 88' lang='lat' dir='ltr'><strong>ritus.</strong></span> <span class='ocrx_word' id='word_1_677' title='bbox 649 4516 741 4572; x_wconf 90' lang='lat' dir='ltr'><strong>Sic</strong></span> <span class='ocrx_word' id='word_1_678' title='bbox 764 4509 934 4588; x_wconf 78' lang='lat' dir='ltr'><strong>igitur</strong></span> <span class='ocrx_word' id='word_1_679' title='bbox 957 4518 1167 4590; x_wconf 87' lang='lat' dir='ltr'><strong>accipe,</strong></span> <span class='ocrx_word' id='word_1_680' title='bbox 1203 4534 1316 4574; x_wconf 91' lang='lat' dir='ltr'><strong>non</strong></span> <span class='ocrx_word' id='word_1_681' title='bbox 1359 4518 1465 4572; x_wconf 89' lang='lat' dir='ltr'><strong>alia</strong></span> <span class='ocrx_word' id='word_1_682' title='bbox 1511 4518 1580 4573; x_wconf 91' lang='lat' dir='ltr'><strong>de</strong></span> <span class='ocrx_word' id='word_1_683' title='bbox 1611 4533 1796 4583; x_wconf 89' lang='lat' dir='ltr'><strong>causa,</strong></span> <span class='ocrx_word' id='word_1_684' title='bbox 1832 4527 2029 4588; x_wconf 60' lang='lat' dir='ltr'><strong>praeter</strong></span> 
     </span>
    </p>
   </div>
   <div class='ocr_carea' id='block_1_88' title="bbox 2132 4505 3725 4592">
    <p class='ocr_par' dir='ltr' id='par_1_88' title="bbox 2145 4505 3725 4592">
     <span class='ocr_line' id='line_1_88' title="bbox 2145 4505 3725 4592; baseline -0.004 -19"><span class='ocrx_word' id='word_1_685' title='bbox 2145 4536 2333 4592; x_wconf 88' lang='grc' dir='ltr'>ματος.</span> <span class='ocrx_word' id='word_1_686' title='bbox 2376 4513 2692 4588; x_wconf 67' lang='grc' dir='ltr'>Ἐκδέξῃςδὴ</span> <span class='ocrx_word' id='word_1_687' title='bbox 2726 4509 2820 4567; x_wconf 86' lang='grc' dir='ltr'><strong>οὖν</strong></span> <span class='ocrx_word' id='word_1_688' title='bbox 2846 4515 2946 4582; x_wconf 80' lang='grc' dir='ltr'><strong>οὐχ</strong></span> <span class='ocrx_word' id='word_1_689' title='bbox 2987 4513 3173 4585; x_wconf 83' lang='grc' dir='ltr'>ἐτέρου</span> <span class='ocrx_word' id='word_1_690' title='bbox 3200 4529 3294 4566; x_wconf 86' lang='grc' dir='ltr'><strong>του</strong></span> <span class='ocrx_word' id='word_1_691' title='bbox 3333 4513 3524 4584; x_wconf 84' lang='grc' dir='ltr'>χάριν,</span> <span class='ocrx_word' id='word_1_692' title='bbox 3567 4512 3601 4584; x_wconf 77' lang='grc' dir='ltr'>ἢ</span> <span class='ocrx_word' id='word_1_693' title='bbox 3645 4505 3725 4567; x_wconf 83' lang='grc' dir='ltr'>ὧν</span> 
     </span>
    </p>
   </div>
   <div class='ocr_carea' id='block_1_89' title="bbox 455 4607 2036 4678">
    <p class='ocr_par' dir='ltr' id='par_1_89' title="bbox 455 4607 2036 4678">
     <span class='ocr_line' id='line_1_89' title="bbox 455 4607 2036 4678; baseline 0.001 -15"><span class='ocrx_word' id='word_1_694' title='bbox 455 4624 549 4663; x_wconf 87' lang='lat' dir='ltr'><strong>cas</strong></span> <span class='ocrx_word' id='word_1_695' title='bbox 581 4622 718 4678; x_wconf 88' lang='lat' dir='ltr'><strong>quas</strong></span> <span class='ocrx_word' id='word_1_696' title='bbox 777 4607 942 4664; x_wconf 91' lang='lat' dir='ltr'><strong>modo</strong></span> <span class='ocrx_word' id='word_1_697' title='bbox 991 4607 1266 4674; x_wconf 85' lang='lat' dir='ltr'><strong>diximus,</strong></span> <span class='ocrx_word' id='word_1_698' title='bbox 1329 4611 1641 4663; x_wconf 89' lang='lat' dir='ltr'><strong>columnam</strong></span> <span class='ocrx_word' id='word_1_699' title='bbox 1703 4609 2036 4678; x_wconf 88' lang='lat' dir='ltr'><strong>appellatum</strong></span> 
     </span>
    </p>
   </div>
   <div class='ocr_carea' id='block_1_90' title="bbox 468 4699 2038 4771">
    <p class='ocr_par' dir='ltr' id='par_1_90' title="bbox 468 4699 2038 4771">
     <span class='ocr_line' id='line_1_90' title="bbox 468 4699 2038 4771; baseline 0 -15"><span class='ocrx_word' id='word_1_700' title='bbox 468 4715 593 4756; x_wconf 85' lang='lat' dir='ltr'><strong>esse</strong></span> <span class='ocrx_word' id='word_1_701' title='bbox 623 4699 945 4768; x_wconf 86' lang='lat' dir='ltr'><strong>Christum;</strong></span> <span class='ocrx_word' id='word_1_702' title='bbox 970 4701 1282 4756; x_wconf 88' lang='lat' dir='ltr'><strong>deducebat</strong></span> <span class='ocrx_word' id='word_1_703' title='bbox 1305 4708 1490 4755; x_wconf 90' lang='lat' dir='ltr'><strong>autem</strong></span> <span class='ocrx_word' id='word_1_704' title='bbox 1537 4700 1781 4755; x_wconf 89' lang='lat' dir='ltr'><strong>interdiu</strong></span> <span class='ocrx_word' id='word_1_705' title='bbox 1813 4701 2038 4771; x_wconf 90' lang='lat' dir='ltr'><strong>quidem</strong></span> 
     </span>
    </p>
   </div>
   <div class='ocr_carea' id='block_1_91' title="bbox 458 4790 2038 4861">
    <p class='ocr_par' dir='ltr' id='par_1_91' title="bbox 458 4790 2038 4861">
     <span class='ocr_line' id='line_1_91' title="bbox 458 4790 2038 4861; baseline 0.001 -14"><span class='ocrx_word' id='word_1_706' title='bbox 458 4793 516 4847; x_wconf 94' lang='lat' dir='ltr'><strong>in</strong></span> <span class='ocrx_word' id='word_1_707' title='bbox 555 4792 809 4848; x_wconf 87' lang='lat' dir='ltr'><strong>columna</strong></span> <span class='ocrx_word' id='word_1_708' title='bbox 831 4792 1015 4858; x_wconf 90' lang='lat' dir='ltr'><strong>nubis,</strong></span> <span class='ocrx_word' id='word_1_709' title='bbox 1047 4792 1116 4848; x_wconf 90' lang='lat' dir='ltr'><strong>de</strong></span> <span class='ocrx_word' id='word_1_710' title='bbox 1140 4800 1302 4847; x_wconf 89' lang='lat' dir='ltr'><strong>nocte</strong></span> <span class='ocrx_word' id='word_1_711' title='bbox 1333 4806 1485 4857; x_wconf 87' lang='lat' dir='ltr'><strong>vero,</strong></span> <span class='ocrx_word' id='word_1_712' title='bbox 1511 4790 1709 4861; x_wconf 89' lang='lat' dir='ltr'><strong>inquit,</strong></span> <span class='ocrx_word' id='word_1_713' title='bbox 1745 4791 1804 4847; x_wconf 92' lang='lat' dir='ltr'><strong>in</strong></span> <span class='ocrx_word' id='word_1_714' title='bbox 1824 4793 2038 4849; x_wconf 83' lang='lat' dir='ltr'><strong>colum-</strong></span> 
     </span>
    </p>
   </div>
   <div class='ocr_carea' id='block_1_92' title="bbox 460 4883 2038 4959">
    <p class='ocr_par' dir='ltr' id='par_1_92' title="bbox 460 4883 2038 4959">
     <span class='ocr_line' id='line_1_92' title="bbox 460 4883 2038 4959; baseline -0.001 -17"><span class='ocrx_word' id='word_1_715' title='bbox 460 4903 530 4942; x_wconf 89' lang='lat' dir='ltr'><strong>na</strong></span> <span class='ocrx_word' id='word_1_716' title='bbox 578 4887 754 4959; x_wconf 82' lang='lat' dir='ltr'><strong>ignis,</strong></span> <span class='ocrx_word' id='word_1_717' title='bbox 799 4894 864 4942; x_wconf 90' lang='lat' dir='ltr'><strong>ut</strong></span> <span class='ocrx_word' id='word_1_718' title='bbox 892 4892 1232 4942; x_wconf 87' lang='lat' dir='ltr'><strong>monstraret</strong></span> <span class='ocrx_word' id='word_1_719' title='bbox 1271 4884 1382 4939; x_wconf 89' lang='lat' dir='ltr'><strong>illis</strong></span> <span class='ocrx_word' id='word_1_720' title='bbox 1429 4883 1576 4938; x_wconf 87' lang='lat' dir='ltr'><strong>viam</strong></span> <span class='ocrx_word' id='word_1_721' title='bbox 1599 4883 1680 4939; x_wconf 67' lang='grc' dir='ltr'><strong>’δε</strong></span> <span class='ocrx_word' id='word_1_722' title='bbox 1719 4899 1784 4940; x_wconf 89' lang='lat' dir='ltr'><strong>ac</strong></span> <span class='ocrx_word' id='word_1_723' title='bbox 1821 4895 2038 4942; x_wconf 87' lang='lat' dir='ltr'><strong>noctem</strong></span> 
     </span>
    </p>
   </div>
   <div class='ocr_carea' id='block_1_93' title="bbox 461 4974 2042 5052">
    <p class='ocr_par' dir='ltr' id='par_1_93' title="bbox 461 4974 2042 5052">
     <span class='ocr_line' id='line_1_93' title="bbox 461 4974 2042 5052; baseline -0.001 -16"><span class='ocrx_word' id='word_1_724' title='bbox 461 4981 684 5052; x_wconf 88' lang='lat' dir='ltr'><strong>quidem</strong></span> <span class='ocrx_word' id='word_1_725' title='bbox 709 4979 986 5052; x_wconf 88' lang='lat' dir='ltr'><strong>appellare</strong></span> <span class='ocrx_word' id='word_1_726' title='bbox 1017 4976 1306 5048; x_wconf 85' lang='lat' dir='ltr'><strong>Scriptura</strong></span> <span class='ocrx_word' id='word_1_727' title='bbox 1329 4974 1617 5031; x_wconf 88' lang='lat' dir='ltr'><strong>consuevit</strong></span> <span class='ocrx_word' id='word_1_728' title='bbox 1647 4983 1866 5049; x_wconf 90' lang='lat' dir='ltr'><strong>tempus</strong></span> <span class='ocrx_word' id='word_1_729' title='bbox 1905 4977 2042 5036; x_wconf 90' lang='lat' dir='ltr'><strong>illud</strong></span> 
     </span>
    </p>
   </div>
   <div class='ocr_carea' id='block_1_94' title="bbox 460 5067 2042 5136">
    <p class='ocr_par' dir='ltr' id='par_1_94' title="bbox 460 5067 2042 5136">
     <span class='ocr_line' id='line_1_94' title="bbox 460 5067 2042 5136; baseline -0.005 -11"><span class='ocrx_word' id='word_1_730' title='bbox 460 5081 589 5127; x_wconf 85' lang='lat' dir='ltr'><strong>ante</strong></span> <span class='ocrx_word' id='word_1_731' title='bbox 615 5070 920 5127; x_wconf 85' lang='lat' dir='ltr'><strong>Salvatoris</strong></span> <span class='ocrx_word' id='word_1_732' title='bbox 945 5067 1266 5132; x_wconf 88' lang='lat' dir='ltr'><strong>adventum,</strong></span> <span class='ocrx_word' id='word_1_733' title='bbox 1291 5082 1423 5136; x_wconf 90' lang='lat' dir='ltr'><strong>quo,</strong></span> <span class='ocrx_word' id='word_1_734' title='bbox 1452 5067 1639 5122; x_wconf 84' lang='lat' dir='ltr'><strong>adhuc</strong></span> <span class='ocrx_word' id='word_1_735' title='bbox 1683 5068 1885 5126; x_wconf 89' lang='lat' dir='ltr'><strong>Satana</strong></span> <span class='ocrx_word' id='word_1_736' title='bbox 1939 5070 2042 5125; x_wconf 88' lang='lat' dir='ltr'><strong>do-</strong></span> 
     </span>
    </p>
   </div>
   <div class='ocr_carea' id='block_1_95' title="bbox 466 5159 2048 5233">
    <p class='ocr_par' dir='ltr' id='par_1_95' title="bbox 466 5159 2048 5233">
     <span class='ocr_line' id='line_1_95' title="bbox 466 5159 2048 5233; baseline 0.001 -15"><span class='ocrx_word' id='word_1_737' title='bbox 466 5164 732 5228; x_wconf 87' lang='lat' dir='ltr'><strong>minante,</strong></span> <span class='ocrx_word' id='word_1_738' title='bbox 778 5162 816 5217; x_wconf 90' lang='lat' dir='ltr'><strong>ii</strong></span> <span class='ocrx_word' id='word_1_739' title='bbox 849 5162 941 5233; x_wconf 90' lang='lat' dir='ltr'><strong>qui</strong></span> <span class='ocrx_word' id='word_1_740' title='bbox 976 5169 1091 5217; x_wconf 90' lang='lat' dir='ltr'><strong>tum</strong></span> <span class='ocrx_word' id='word_1_741' title='bbox 1123 5159 1180 5214; x_wconf 91' lang='lat' dir='ltr'><strong>in</strong></span> <span class='ocrx_word' id='word_1_742' title='bbox 1227 5159 1390 5215; x_wconf 80' lang='lat' dir='ltr'><strong>terris</strong></span> <span class='ocrx_word' id='word_1_743' title='bbox 1431 5169 1610 5227; x_wconf 89' lang='lat' dir='ltr'><strong>erant,</strong></span> <span class='ocrx_word' id='word_1_744' title='bbox 1658 5161 1959 5232; x_wconf 87' lang='lat' dir='ltr'><strong>impietatis</strong></span> <span class='ocrx_word' id='word_1_745' title='bbox 1990 5173 2048 5220; x_wconf 87' lang='lat' dir='ltr'><strong>et</strong></span> 
     </span>
    </p>
   </div>
   <div class='ocr_carea' id='block_1_96' title="bbox 465 5249 2043 5327">
    <p class='ocr_par' dir='ltr' id='par_1_96' title="bbox 465 5249 2043 5327">
     <span class='ocr_line' id='line_1_96' title="bbox 465 5249 2043 5327; baseline -0.001 -17"><span class='ocrx_word' id='word_1_746' title='bbox 465 5254 786 5327; x_wconf 70' lang='lat' dir='ltr'><strong>ignorantiae</strong></span> <span class='ocrx_word' id='word_1_747' title='bbox 819 5251 1068 5309; x_wconf 88' lang='lat' dir='ltr'><strong>tenebris</strong></span> <span class='ocrx_word' id='word_1_748' title='bbox 1090 5249 1439 5306; x_wconf 86' lang='lat' dir='ltr'><strong>tenebantur.</strong></span> <span class='ocrx_word' id='word_1_749' title='bbox 1465 5251 1535 5306; x_wconf 81' lang='lat' dir='ltr'><strong>At</strong></span> <span class='ocrx_word' id='word_1_750' title='bbox 1576 5261 1766 5308; x_wconf 88' lang='lat' dir='ltr'><strong>contra</strong></span> <span class='ocrx_word' id='word_1_751' title='bbox 1797 5253 1908 5310; x_wconf 91' lang='lat' dir='ltr'><strong>diei</strong></span> <span class='ocrx_word' id='word_1_752' title='bbox 1940 5269 2043 5308; x_wconf 89' lang='lat' dir='ltr'><strong>no-</strong></span> 
     </span>
    </p>
   </div>
   <div class='ocr_carea' id='block_1_97' title="bbox 466 5343 2043 5417">
    <p class='ocr_par' dir='ltr' id='par_1_97' title="bbox 466 5343 2043 5417">
     <span class='ocr_line' id='line_1_97' title="bbox 466 5343 2043 5417; baseline -0.001 -15"><span class='ocrx_word' id='word_1_753' title='bbox 466 5349 615 5403; x_wconf 88' lang='lat' dir='ltr'><strong>mine</strong></span> <span class='ocrx_word' id='word_1_754' title='bbox 642 5354 860 5417; x_wconf 88' lang='lat' dir='ltr'><strong>tempus</strong></span> <span class='ocrx_word' id='word_1_755' title='bbox 905 5343 1041 5398; x_wconf 90' lang='lat' dir='ltr'><strong>illud</strong></span> <span class='ocrx_word' id='word_1_756' title='bbox 1091 5343 1350 5413; x_wconf 88' lang='lat' dir='ltr'><strong>appellat,</strong></span> <span class='ocrx_word' id='word_1_757' title='bbox 1407 5359 1516 5414; x_wconf 89' lang='lat' dir='ltr'><strong>quo</strong></span> <span class='ocrx_word' id='word_1_758' title='bbox 1573 5343 1822 5401; x_wconf 87' lang='lat' dir='ltr'><strong>Salvator</strong></span> <span class='ocrx_word' id='word_1_759' title='bbox 1851 5355 2043 5402; x_wconf 89' lang='lat' dir='ltr'><strong>noster</strong></span> 
     </span>
    </p>
   </div>
   <div class='ocr_carea' id='block_1_98' title="bbox 467 5433 2042 5505">
    <p class='ocr_par' dir='ltr' id='par_1_98' title="bbox 467 5433 2042 5505">
     <span class='ocr_line' id='line_1_98' title="bbox 467 5433 2042 5505; baseline -0.001 -14"><span class='ocrx_word' id='word_1_760' title='bbox 467 5435 725 5492; x_wconf 74' lang='lat' dir='ltr'><strong>advenit:</strong></span> <span class='ocrx_word' id='word_1_761' title='bbox 751 5448 861 5502; x_wconf 93' lang='lat' dir='ltr'><strong>quo</strong></span> <span class='ocrx_word' id='word_1_762' title='bbox 885 5439 1131 5502; x_wconf 87' lang='lat' dir='ltr'><strong>tempore</strong></span> <span class='ocrx_word' id='word_1_763' title='bbox 1159 5448 1351 5488; x_wconf 88' lang='lat' dir='ltr'><strong>sumus</strong></span> <span class='ocrx_word' id='word_1_764' title='bbox 1373 5433 1688 5502; x_wconf 79' lang='lat' dir='ltr'><strong>illuminati,</strong></span> <span class='ocrx_word' id='word_1_765' title='bbox 1710 5451 1836 5490; x_wconf 88' lang='lat' dir='ltr'><strong>cum</strong></span> <span class='ocrx_word' id='word_1_766' title='bbox 1857 5436 2042 5505; x_wconf 89' lang='lat' dir='ltr'><strong>splen-</strong></span> 
     </span>
    </p>
   </div>
   <div class='ocr_carea' id='block_1_99' title="bbox 469 5525 2047 5598">
    <p class='ocr_par' dir='ltr' id='par_1_99' title="bbox 469 5525 2047 5598">
     <span class='ocr_line' id='line_1_99' title="bbox 469 5525 2047 5598; baseline -0.002 -13"><span class='ocrx_word' id='word_1_767' title='bbox 469 5530 658 5584; x_wconf 91' lang='lat' dir='ltr'><strong>dorem</strong></span> <span class='ocrx_word' id='word_1_768' title='bbox 685 5525 842 5578; x_wconf 92' lang='lat' dir='ltr'><strong>illum</strong></span> <span class='ocrx_word' id='word_1_769' title='bbox 868 5539 1012 5578; x_wconf 64' lang='lat' dir='ltr'><strong>verte</strong></span> <span class='ocrx_word' id='word_1_770' title='bbox 1058 5525 1155 5581; x_wconf 91' lang='lat' dir='ltr'><strong>Dei</strong></span> <span class='ocrx_word' id='word_1_771' title='bbox 1189 5526 1523 5598; x_wconf 74' lang='lat' dir='ltr'><strong>cognitionis</strong></span> <span class='ocrx_word' id='word_1_772' title='bbox 1579 5536 1764 5584; x_wconf 88' lang='lat' dir='ltr'><strong>mente</strong></span> <span class='ocrx_word' id='word_1_773' title='bbox 1793 5528 2047 5598; x_wconf 87' lang='lat' dir='ltr'><strong>suscepi-</strong></span> 
     </span>
    </p>
   </div>
   <div class='ocr_carea' id='block_1_100' title="bbox 463 5616 2044 5688">
    <p class='ocr_par' dir='ltr' id='par_1_100' title="bbox 463 5616 2044 5688">
     <span class='ocr_line' id='line_1_100' title="bbox 463 5616 2044 5688; baseline 0.002 -14"><span class='ocrx_word' id='word_1_774' title='bbox 463 5634 595 5678; x_wconf 81' lang='lat' dir='ltr'><strong>mus</strong></span> <span class='ocrx_word' id='word_1_775' title='bbox 620 5634 633 5669; x_wconf 87' lang='lat'><strong>:</strong></span> <span class='ocrx_word' id='word_1_776' title='bbox 664 5616 930 5686; x_wconf 88' lang='lat' dir='ltr'><strong>illumque</strong></span> <span class='ocrx_word' id='word_1_777' title='bbox 948 5616 1174 5688; x_wconf 67' lang='lat' dir='ltr'><strong>justitiae</strong></span> <span class='ocrx_word' id='word_1_778' title='bbox 1203 5619 1374 5676; x_wconf 87' lang='lat' dir='ltr'><strong>solem</strong></span> <span class='ocrx_word' id='word_1_779' title='bbox 1401 5620 1585 5675; x_wconf 89' lang='lat' dir='ltr'><strong>cordis</strong></span> <span class='ocrx_word' id='word_1_780' title='bbox 1627 5621 1804 5676; x_wconf 88' lang='lat' dir='ltr'><strong>oculis</strong></span> <span class='ocrx_word' id='word_1_781' title='bbox 1859 5620 2044 5676; x_wconf 85' lang='lat' dir='ltr'><strong>intue-</strong></span> 
     </span>
    </p>
   </div>
   <div class='ocr_carea' id='block_1_101' title="bbox 553 5734 1126 5799">
    <p class='ocr_par' dir='ltr' id='par_1_101' title="bbox 553 5734 1126 5799">
     <span class='ocr_line' id='line_1_101' title="bbox 553 5734 1126 5799; baseline 0.003 -10"><span class='ocrx_word' id='word_1_782' title='bbox 553 5737 620 5769; x_wconf 82' lang='grc'><strong>⁸⁹⁹</strong></span> <span class='ocrx_word' id='word_1_783' title='bbox 671 5734 714 5789; x_wconf 88' lang='lat' dir='ltr'><strong>ll</strong></span> <span class='ocrx_word' id='word_1_784' title='bbox 753 5734 893 5789; x_wconf 89' lang='lat' dir='ltr'><strong>Tim.</strong></span> <span class='ocrx_word' id='word_1_785' title='bbox 933 5751 1011 5799; x_wconf 85' lang='grc' dir='ltr'>ιιι,</span> <span class='ocrx_word' id='word_1_786' title='bbox 1039 5735 1126 5792; x_wconf 74' lang='grc'><strong>16.</strong></span> 
     </span>
    </p>
   </div>
   <div class='ocr_carea' id='block_1_102' title="bbox 473 5803 1081 5875">
    <p class='ocr_par' dir='ltr' id='par_1_102' title="bbox 473 5803 1081 5875">
     <span class='ocr_line' id='line_1_102' title="bbox 473 5803 1081 5875; baseline 0 -13"><span class='ocrx_word' id='word_1_787' title='bbox 473 5805 708 5862; x_wconf 72' lang='lat' dir='ltr'><strong>“Exod.</strong></span> <span class='ocrx_word' id='word_1_788' title='bbox 739 5821 852 5873; x_wconf 81' lang='grc' dir='ltr'>ιιιιι,</span> <span class='ocrx_word' id='word_1_789' title='bbox 874 5803 962 5875; x_wconf 72' lang='lat'><strong>21,</strong></span> <span class='ocrx_word' id='word_1_790' title='bbox 991 5805 1081 5862; x_wconf 70' lang='lat'><strong>22.</strong></span> 
     </span>
    </p>
   </div>
   <div class='ocr_carea' id='block_1_103' title="bbox 1239 5738 2426 5806">
    <p class='ocr_par' dir='ltr' id='par_1_103' title="bbox 1239 5738 2426 5806">
     <span class='ocr_line' id='line_1_103' title="bbox 1239 5738 2426 5806; baseline -0.003 -12"><span class='ocrx_word' id='word_1_791' title='bbox 1239 5740 1283 5772; x_wconf 82' lang='lat'><strong>’°</strong></span> <span class='ocrx_word' id='word_1_792' title='bbox 1313 5740 1433 5795; x_wconf 82' lang='lat' dir='ltr'><strong>Act.</strong></span> <span class='ocrx_word' id='word_1_793' title='bbox 1468 5755 1540 5806; x_wconf 83' lang='lat' dir='ltr'><strong>tv,</strong></span> <span class='ocrx_word' id='word_1_794' title='bbox 1578 5738 1662 5792; x_wconf 74' lang='grc'><strong>12.</strong></span> <span class='ocrx_word' id='word_1_795' title='bbox 1740 5740 1781 5771; x_wconf 88' lang='lat'>&#39;”</span> <span class='ocrx_word' id='word_1_796' title='bbox 1819 5738 1991 5795; x_wconf 80' lang='lat' dir='ltr'><strong>Exod.</strong></span> <span class='ocrx_word' id='word_1_797' title='bbox 2044 5755 2159 5804; x_wconf 84' lang='lat' dir='ltr'><strong>xm,</strong></span> <span class='ocrx_word' id='word_1_798' title='bbox 2204 5738 2292 5806; x_wconf 72' lang='lat'><strong>20,</strong></span> <span class='ocrx_word' id='word_1_799' title='bbox 2337 5738 2426 5792; x_wconf 75' lang='grc'><strong>21.</strong></span> 
     </span>
    </p>
   </div>
   <div class='ocr_carea' id='block_1_104' title="bbox 2143 4604 3723 4684">
    <p class='ocr_par' dir='ltr' id='par_1_104' title="bbox 2143 4604 3723 4684">
     <span class='ocr_line' id='line_1_104' title="bbox 2143 4604 3723 4684; baseline -0.006 -17"><span class='ocrx_word' id='word_1_800' title='bbox 2143 4613 2349 4684; x_wconf 72' lang='grc' dir='ltr'>ἔφαμεν</span> <span class='ocrx_word' id='word_1_801' title='bbox 2385 4610 2608 4682; x_wconf 85' lang='grc' dir='ltr'>ἀρτίως,</span> <span class='ocrx_word' id='word_1_802' title='bbox 2655 4607 2845 4660; x_wconf 84' lang='grc' dir='ltr'>στύλον</span> <span class='ocrx_word' id='word_1_803' title='bbox 2897 4607 3028 4676; x_wconf 79' lang='grc' dir='ltr'>ἡμῖν</span> <span class='ocrx_word' id='word_1_804' title='bbox 3085 4604 3402 4675; x_wconf 81' lang='grc' dir='ltr'>ὠνομάσθαι</span> <span class='ocrx_word' id='word_1_805' title='bbox 3449 4604 3723 4677; x_wconf 77' lang='grc' dir='ltr'>Χριστύνο</span> 
     </span>
    </p>
   </div>
   <div class='ocr_carea' id='block_1_105' title="bbox 2143 4693 3725 4776">
    <p class='ocr_par' dir='ltr' id='par_1_105' title="bbox 2143 4693 3725 4776">
     <span class='ocr_line' id='line_1_105' title="bbox 2143 4693 3725 4776; baseline -0.008 -16"><span class='ocrx_word' id='word_1_806' title='bbox 2143 4704 2434 4776; x_wconf 84' lang='grc' dir='ltr'>καθηγεϊτό</span> <span class='ocrx_word' id='word_1_807' title='bbox 2460 4717 2525 4770; x_wconf 91' lang='grc' dir='ltr'><strong>γε</strong></span> <span class='ocrx_word' id='word_1_808' title='bbox 2553 4698 2661 4770; x_wconf 83' lang='grc' dir='ltr'>μὴν</span> <span class='ocrx_word' id='word_1_809' title='bbox 2695 4698 2907 4769; x_wconf 75' lang='grc' dir='ltr'>ἡμέρας</span> <span class='ocrx_word' id='word_1_810' title='bbox 2937 4695 3037 4767; x_wconf 82' lang='grc' dir='ltr'><strong>μὲν</strong></span> <span class='ocrx_word' id='word_1_811' title='bbox 3060 4693 3249 4766; x_wconf 79' lang='grc' dir='ltr'>οὔσης,</span> <span class='ocrx_word' id='word_1_812' title='bbox 3276 4695 3336 4748; x_wconf 88' lang='grc' dir='ltr'><strong>ἐν</strong></span> <span class='ocrx_word' id='word_1_813' title='bbox 3361 4695 3540 4768; x_wconf 84' lang='grc' dir='ltr'>στύλῳ</span> <span class='ocrx_word' id='word_1_814' title='bbox 3566 4697 3725 4765; x_wconf 83' lang='grc' dir='ltr'>νεφέ-</span> 
     </span>
    </p>
   </div>
   <div class='ocr_carea' id='block_1_106' title="bbox 2144 4787 3722 4870">
    <p class='ocr_par' dir='ltr' id='par_1_106' title="bbox 2144 4787 3722 4870">
     <span class='ocr_line' id='line_1_106' title="bbox 2144 4787 3722 4870; baseline -0.008 -18"><span class='ocrx_word' id='word_1_815' title='bbox 2144 4799 2242 4870; x_wconf 89' lang='grc' dir='ltr'>λης</span> <span class='ocrx_word' id='word_1_816' title='bbox 2263 4838 2276 4864; x_wconf 94' lang='grc'><strong>,</strong></span> <span class='ocrx_word' id='word_1_817' title='bbox 2305 4795 2404 4867; x_wconf 77' lang='grc' dir='ltr'>τὴν</span> <span class='ocrx_word' id='word_1_818' title='bbox 2452 4793 2511 4846; x_wconf 79' lang='grc' dir='ltr'><strong>δέ</strong></span> <span class='ocrx_word' id='word_1_819' title='bbox 2539 4791 2736 4857; x_wconf 86' lang='grc' dir='ltr'>νύκτα,</span> <span class='ocrx_word' id='word_1_820' title='bbox 2772 4789 2959 4860; x_wconf 70' lang='grc' dir='ltr'>φησιν,</span> <span class='ocrx_word' id='word_1_821' title='bbox 2993 4789 3053 4841; x_wconf 81' lang='grc' dir='ltr'><strong>ἐν</strong></span> <span class='ocrx_word' id='word_1_822' title='bbox 3088 4787 3267 4858; x_wconf 81' lang='grc' dir='ltr'>στύλῳ</span> <span class='ocrx_word' id='word_1_823' title='bbox 3299 4788 3495 4860; x_wconf 82' lang='grc' dir='ltr'>πυρὸς,</span> <span class='ocrx_word' id='word_1_824' title='bbox 3548 4787 3722 4853; x_wconf 83' lang='grc' dir='ltr'>δεῖξαι</span> 
     </span>
    </p>
   </div>
   <div class='ocr_carea' id='block_1_107' title="bbox 2142 4877 3725 4956">
    <p class='ocr_par' dir='ltr' id='par_1_107' title="bbox 2142 4877 3725 4956">
     <span class='ocr_line' id='line_1_107' title="bbox 2142 4877 3725 4956; baseline -0.009 -10"><span class='ocrx_word' id='word_1_825' title='bbox 2142 4890 2326 4952; x_wconf 81' lang='grc' dir='ltr'>αὐτοῖς</span> <span class='ocrx_word' id='word_1_826' title='bbox 2355 4885 2455 4956; x_wconf 80' lang='grc' dir='ltr'>τὴν</span> <span class='ocrx_word' id='word_1_827' title='bbox 2485 4882 2628 4939; x_wconf 83' lang='grc' dir='ltr'>ὁδόν.</span> <span class='ocrx_word' id='word_1_828' title='bbox 2662 4880 2852 4935; x_wconf 83' lang='grc' dir='ltr'>Νύκτα</span> <span class='ocrx_word' id='word_1_829' title='bbox 2884 4880 2984 4950; x_wconf 82' lang='grc' dir='ltr'><strong>μὲν</strong></span> <span class='ocrx_word' id='word_1_830' title='bbox 3026 4878 3314 4949; x_wconf 80' lang='grc' dir='ltr'>ὀνομάζειν</span> <span class='ocrx_word' id='word_1_831' title='bbox 3355 4878 3474 4943; x_wconf 84' lang='grc' dir='ltr'>ἐθος</span> <span class='ocrx_word' id='word_1_832' title='bbox 3503 4880 3569 4950; x_wconf 78' lang='grc' dir='ltr'>τῇ</span> <span class='ocrx_word' id='word_1_833' title='bbox 3599 4877 3725 4950; x_wconf 83' lang='grc' dir='ltr'>θείᾳ</span> 
     </span>
    </p>
   </div>
   <div class='ocr_carea' id='block_1_108' title="bbox 2141 4971 3725 5053">
    <p class='ocr_par' dir='ltr' id='par_1_108' title="bbox 2141 4971 3725 5053">
     <span class='ocr_line' id='line_1_108' title="bbox 2141 4971 3725 5053; baseline -0.007 -18"><span class='ocrx_word' id='word_1_834' title='bbox 2141 4981 2356 5053; x_wconf 80' lang='grc' dir='ltr'>Γραφῇ,</span> <span class='ocrx_word' id='word_1_835' title='bbox 2389 4978 2480 5031; x_wconf 83' lang='grc' dir='ltr'><strong>τὸν</strong></span> <span class='ocrx_word' id='word_1_836' title='bbox 2524 4974 2631 5046; x_wconf 78' lang='grc' dir='ltr'><strong>πρὸ</strong></span> <span class='ocrx_word' id='word_1_837' title='bbox 2676 4974 2776 5044; x_wconf 87' lang='grc' dir='ltr'><strong>τῆς</strong></span> <span class='ocrx_word' id='word_1_838' title='bbox 2807 4971 3102 5044; x_wconf 85' lang='grc' dir='ltr'>ἐπιδημίας</span> <span class='ocrx_word' id='word_1_839' title='bbox 3133 4972 3344 5045; x_wconf 83' lang='grc' dir='ltr'>καιρὸν,</span> <span class='ocrx_word' id='word_1_840' title='bbox 3381 4971 3504 5026; x_wconf 85' lang='grc' dir='ltr'>καθ’</span> <span class='ocrx_word' id='word_1_841' title='bbox 3550 4971 3610 5026; x_wconf 88' lang='grc' dir='ltr'>ὃν</span> <span class='ocrx_word' id='word_1_842' title='bbox 3643 4971 3725 5025; x_wconf 81' lang='grc' dir='ltr'>ἔτι</span> 
     </span>
    </p>
   </div>
   <div class='ocr_carea' id='block_1_109' title="bbox 2141 5064 3727 5146">
    <p class='ocr_par' dir='ltr' id='par_1_109' title="bbox 2141 5064 3727 5146">
     <span class='ocr_line' id='line_1_109' title="bbox 2141 5064 3727 5146; baseline -0.007 -18"><span class='ocrx_word' id='word_1_843' title='bbox 2141 5070 2527 5146; x_wconf 87' lang='grc' dir='ltr'>τυραννοῦντος</span> <span class='ocrx_word' id='word_1_844' title='bbox 2576 5066 2670 5121; x_wconf 91' lang='grc' dir='ltr'><strong>τοῦ</strong></span> <span class='ocrx_word' id='word_1_845' title='bbox 2713 5066 2946 5132; x_wconf 80' lang='grc' dir='ltr'>Σατανᾶ,</span> <span class='ocrx_word' id='word_1_846' title='bbox 3004 5066 3333 5137; x_wconf 87' lang='grc' dir='ltr'>κατεκράτει</span> <span class='ocrx_word' id='word_1_847' title='bbox 3363 5064 3474 5119; x_wconf 85' lang='grc' dir='ltr'><strong>τῶν</strong></span> <span class='ocrx_word' id='word_1_848' title='bbox 3501 5065 3596 5118; x_wconf 81' lang='grc' dir='ltr'><strong>ἐπὶ</strong></span> <span class='ocrx_word' id='word_1_849' title='bbox 3624 5066 3727 5136; x_wconf 84' lang='grc' dir='ltr'><strong>τῆς</strong></span> 
     </span>
    </p>
   </div>
   <div class='ocr_carea' id='block_1_110' title="bbox 2141 5153 3724 5237">
    <p class='ocr_par' dir='ltr' id='par_1_110' title="bbox 2141 5153 3724 5237">
     <span class='ocr_line' id='line_1_110' title="bbox 2141 5153 3724 5237; baseline -0.006 -19"><span class='ocrx_word' id='word_1_850' title='bbox 2141 5166 2245 5237; x_wconf 84' lang='grc' dir='ltr'><strong>γῆς</strong></span> <span class='ocrx_word' id='word_1_851' title='bbox 2268 5164 2366 5234; x_wconf 86' lang='grc' dir='ltr'><strong>τῆς</strong></span> <span class='ocrx_word' id='word_1_852' title='bbox 2398 5159 2672 5231; x_wconf 87' lang='grc' dir='ltr'>ἀγνωσίας</span> <span class='ocrx_word' id='word_1_853' title='bbox 2704 5159 2733 5211; x_wconf 91' lang='lat'><strong>6</strong></span> <span class='ocrx_word' id='word_1_854' title='bbox 2771 5153 2962 5220; x_wconf 85' lang='grc' dir='ltr'>σκότος</span> <span class='ocrx_word' id='word_1_855' title='bbox 2985 5175 3001 5190; x_wconf 88' lang='grc'><strong>·</strong></span> <span class='ocrx_word' id='word_1_856' title='bbox 3031 5156 3242 5229; x_wconf 74' lang='grc' dir='ltr'>ἡμέραν</span> <span class='ocrx_word' id='word_1_857' title='bbox 3273 5156 3330 5210; x_wconf 79' lang='grc' dir='ltr'>δὲ</span> <span class='ocrx_word' id='word_1_858' title='bbox 3375 5153 3470 5218; x_wconf 81' lang='grc' dir='ltr'>αὖ.</span> <span class='ocrx_word' id='word_1_859' title='bbox 3498 5158 3597 5229; x_wconf 89' lang='grc' dir='ltr'><strong>τῆς</strong></span> <span class='ocrx_word' id='word_1_860' title='bbox 3627 5157 3724 5210; x_wconf 84' lang='grc' dir='ltr'><strong>τοῦ</strong></span> 
     </span>
    </p>
   </div>
   <div class='ocr_carea' id='block_1_111' title="bbox 2147 5246 3728 5324">
    <p class='ocr_par' dir='ltr' id='par_1_111' title="bbox 2147 5246 3728 5324">
     <span class='ocr_line' id='line_1_111' title="bbox 2147 5246 3728 5324; baseline -0.005 -16"><span class='ocrx_word' id='word_1_861' title='bbox 2147 5253 2398 5324; x_wconf 87' lang='grc' dir='ltr'>Σωτῆρος</span> <span class='ocrx_word' id='word_1_862' title='bbox 2423 5249 2581 5322; x_wconf 74' lang='grc' dir='ltr'>ἡμῶν</span> <span class='ocrx_word' id='word_1_863' title='bbox 2608 5246 2904 5320; x_wconf 84' lang='grc' dir='ltr'>ἐπιδημίας</span> <span class='ocrx_word' id='word_1_864' title='bbox 2931 5247 3021 5301; x_wconf 83' lang='grc' dir='ltr'><strong>τὸν</strong></span> <span class='ocrx_word' id='word_1_865' title='bbox 3051 5247 3264 5318; x_wconf 79' lang='grc' dir='ltr'>χρόνον,</span> <span class='ocrx_word' id='word_1_866' title='bbox 3292 5247 3415 5301; x_wconf 88' lang='grc' dir='ltr'>καθ’</span> <span class='ocrx_word' id='word_1_867' title='bbox 3450 5247 3510 5300; x_wconf 83' lang='grc' dir='ltr'>ὃν</span> <span class='ocrx_word' id='word_1_868' title='bbox 3541 5263 3728 5315; x_wconf 76' lang='grc' dir='ltr'>πεφωο</span> 
     </span>
    </p>
   </div>
   <div class='ocr_carea' id='block_1_112' title="bbox 2147 5337 3727 5417">
    <p class='ocr_par' dir='ltr' id='par_1_112' title="bbox 2147 5337 3727 5417">
     <span class='ocr_line' id='line_1_112' title="bbox 2147 5337 3727 5417; baseline -0.005 -18"><span class='ocrx_word' id='word_1_869' title='bbox 2147 5343 2412 5417; x_wconf 88' lang='grc' dir='ltr'>τίσμεθα,</span> <span class='ocrx_word' id='word_1_870' title='bbox 2456 5339 2554 5405; x_wconf 83' lang='grc' dir='ltr'><strong>τάς</strong></span> <span class='ocrx_word' id='word_1_871' title='bbox 2591 5343 2691 5412; x_wconf 78' lang='grc' dir='ltr'><strong>τῆς</strong></span> <span class='ocrx_word' id='word_1_872' title='bbox 2726 5339 2959 5410; x_wconf 85' lang='grc' dir='ltr'>ἀληθοῦς</span> <span class='ocrx_word' id='word_1_873' title='bbox 3009 5339 3339 5407; x_wconf 87' lang='grc' dir='ltr'>θεογνωσίας</span> <span class='ocrx_word' id='word_1_874' title='bbox 3389 5337 3564 5408; x_wconf 81' lang='grc' dir='ltr'>αὐγὰς</span> <span class='ocrx_word' id='word_1_875' title='bbox 3610 5339 3727 5392; x_wconf 72' lang='lat' dir='ltr'><strong>sic-</strong></span> 
     </span>
    </p>
   </div>
   <div class='ocr_carea' id='block_1_113' title="bbox 2148 5429 3726 5506">
    <p class='ocr_par' dir='ltr' id='par_1_113' title="bbox 2148 5429 3726 5506">
     <span class='ocr_line' id='line_1_113' title="bbox 2148 5429 3726 5506; baseline -0.004 -16"><span class='ocrx_word' id='word_1_876' title='bbox 2148 5435 2429 5506; x_wconf 79' lang='grc' dir='ltr'>δεξάμενοι</span> <span class='ocrx_word' id='word_1_877' title='bbox 2453 5432 2598 5487; x_wconf 88' lang='grc' dir='ltr'><strong>κατά</strong></span> <span class='ocrx_word' id='word_1_878' title='bbox 2634 5430 2780 5498; x_wconf 86' lang='grc' dir='ltr'>νοῦν,</span> <span class='ocrx_word' id='word_1_879' title='bbox 2812 5432 2906 5486; x_wconf 78' lang='grc' dir='ltr'><strong>καὶ</strong></span> <span class='ocrx_word' id='word_1_880' title='bbox 2937 5429 3030 5483; x_wconf 74' lang='grc' dir='ltr'>τὸν</span> <span class='ocrx_word' id='word_1_881' title='bbox 3059 5431 3157 5502; x_wconf 89' lang='grc' dir='ltr'><strong>τῆς</strong></span> <span class='ocrx_word' id='word_1_882' title='bbox 3181 5429 3531 5504; x_wconf 85' lang='grc' dir='ltr'>δικαιοσύνης</span> <span class='ocrx_word' id='word_1_883' title='bbox 3576 5431 3726 5504; x_wconf 75' lang='grc' dir='ltr'>ἥλιον</span> 
     </span>
    </p>
   </div>
   <div class='ocr_carea' id='block_1_114' title="bbox 2149 5521 3728 5597">
    <p class='ocr_par' dir='ltr' id='par_1_114' title="bbox 2149 5521 3728 5597">
     <span class='ocr_line' id='line_1_114' title="bbox 2149 5521 3728 5597; baseline -0.004 -16"><span class='ocrx_word' id='word_1_884' title='bbox 2149 5530 2262 5591; x_wconf 85' lang='grc' dir='ltr'>τοῖς</span> <span class='ocrx_word' id='word_1_885' title='bbox 2287 5526 2389 5596; x_wconf 88' lang='grc' dir='ltr'><strong>τῆς</strong></span> <span class='ocrx_word' id='word_1_886' title='bbox 2417 5523 2644 5597; x_wconf 86' lang='grc' dir='ltr'>καρδίας</span> <span class='ocrx_word' id='word_1_887' title='bbox 2670 5523 2878 5594; x_wconf 73' lang='grc' dir='ltr'>ὄμμασι</span> <span class='ocrx_word' id='word_1_888' title='bbox 2911 5521 3228 5592; x_wconf 81' lang='grc' dir='ltr'>βλέποντες’</span> <span class='ocrx_word' id='word_1_889' title='bbox 3259 5523 3350 5576; x_wconf 54' lang='grc' dir='ltr'><strong>καὶ⁵</strong></span> <span class='ocrx_word' id='word_1_890' title='bbox 3385 5524 3728 5595; x_wconf 78' lang='grc' dir='ltr'>μαρτυρήσει</span> 
     </span>
    </p>
   </div>
   <div class='ocr_carea' id='block_1_115' title="bbox 2152 5615 3728 5691">
    <p class='ocr_par' dir='ltr' id='par_1_115' title="bbox 2152 5615 3728 5691">
     <span class='ocr_line' id='line_1_115' title="bbox 2152 5615 3728 5691; baseline -0.004 -17"><span class='ocrx_word' id='word_1_891' title='bbox 2152 5620 2324 5690; x_wconf 84' lang='grc' dir='ltr'>λέγων</span> <span class='ocrx_word' id='word_1_892' title='bbox 2352 5619 2382 5671; x_wconf 91' lang='lat'><strong>6</strong></span> <span class='ocrx_word' id='word_1_893' title='bbox 2406 5618 2617 5680; x_wconf 82' lang='grc' dir='ltr'>Παῦλος</span> <span class='ocrx_word' id='word_1_894' title='bbox 2651 5617 2778 5691; x_wconf 70' lang='grc' dir='ltr'>περὶ</span> <span class='ocrx_word' id='word_1_895' title='bbox 2806 5615 2899 5668; x_wconf 86' lang='grc' dir='ltr'><strong>τοῦ</strong></span> <span class='ocrx_word' id='word_1_896' title='bbox 2923 5615 3116 5686; x_wconf 83' lang='grc' dir='ltr'>χρόνου</span> <span class='ocrx_word' id='word_1_897' title='bbox 3142 5615 3236 5668; x_wconf 88' lang='grc' dir='ltr'><strong>τοῦ</strong></span> <span class='ocrx_word' id='word_1_898' title='bbox 3272 5615 3378 5686; x_wconf 82' lang='grc' dir='ltr'>πρὸ</span> <span class='ocrx_word' id='word_1_899' title='bbox 3407 5615 3506 5687; x_wconf 85' lang='grc' dir='ltr'><strong>τῆς</strong></span> <span class='ocrx_word' id='word_1_900' title='bbox 3540 5615 3728 5686; x_wconf 83' lang='grc' dir='ltr'>ἐπιδη-</span> 
     </span>
    </p>
   </div>
   <div class='ocr_carea' id='block_1_116' title="bbox 2523 5729 3725 5799">
    <p class='ocr_par' dir='ltr' id='par_1_116' title="bbox 2523 5729 3725 5799">
     <span class='ocr_line' id='line_1_116' title="bbox 2523 5729 3725 5799; baseline 0 -11"><span class='ocrx_word' id='word_1_901' title='bbox 2523 5737 2569 5769; x_wconf 69' lang='grc' dir='ltr'><strong>’ί</strong></span> <span class='ocrx_word' id='word_1_902' title='bbox 2631 5733 2775 5789; x_wconf 82' lang='lat' dir='ltr'><strong>Psal.</strong></span> <span class='ocrx_word' id='word_1_903' title='bbox 2830 5748 2971 5799; x_wconf 78' lang='lat' dir='ltr'><strong>xtvt,</strong></span> <span class='ocrx_word' id='word_1_904' title='bbox 3013 5731 3097 5786; x_wconf 81' lang='lat' dir='ltr'><strong>I0.</strong></span> <span class='ocrx_word' id='word_1_905' title='bbox 3214 5732 3261 5765; x_wconf 84' lang='lat'><strong>&quot;</strong></span> <span class='ocrx_word' id='word_1_906' title='bbox 3291 5730 3433 5789; x_wconf 84' lang='lat' dir='ltr'><strong>Psal.</strong></span> <span class='ocrx_word' id='word_1_907' title='bbox 3461 5746 3638 5798; x_wconf 72' lang='lat' dir='ltr'><strong>LXXIV,</strong></span> <span class='ocrx_word' id='word_1_908' title='bbox 3671 5729 3725 5788; x_wconf 82' lang='grc' dir='ltr'><strong>ι.</strong></span> 
     </span>
    </p>
   </div>
  </div>
