4096 6454
395 378 514 435 209

391 591 592 661 ἡμέρα
621 591 852 660 ἤγγικεν
875 609 888 622 ⁸
922 595 1258 667 ἀποθώμεθα
1278 595 1371 652 οὖν
1391 600 1458 654 τὰ
1480 601 1620 673 ἔργα
1642 601 1734 656 τοῦ
1761 605 2007 671 σκότους,

389 682 498 735 καὶ
555 682 910 754 ἐνδυσώμεθα
951 686 1022 740 τὰ
1066 687 1208 742 ὅπλα
1239 690 1332 744 τοῦ
1379 693 1581 761 φωτὸς,
1631 695 1708 759 ὼς
1736 697 1795 748 ἐν
1826 697 2010 771 ήμέρᾳ

386 776 763 845 εὐσχημόνως
796 781 1289 850 περιπατήσωμεν.
1327 800 1346 834 ι
1382 783 1697 857 Νοουμένου
1721 788 2010 860 τοιγαροῦν

387 866 478 930 εἰς
531 867 710 920 νύκτα
748 868 844 921 τοῦ
886 870 1056 924 πάλαι
1095 872 1316 944 καιροῦ,
1349 876 1430 938 εἰς
1479 875 1694 948 ἡμέραν
1727 877 1783 930 δὲ
1820 875 1886 933 αὖ
1915 879 2010 934 τοῦ

386 959 522 1011 καθ’
566 959 628 1012 ὃν
676 961 902 1028 γέγονεν
936 963 1224 1035 ἄνθρωπος
1280 968 1664 1040 όΜονογενὴς,
1696 971 1877 1040 φαμὲν
1926 971 2010 1026 ὅτι

384 1056 699 1123 προηγεῖτο
731 1055 831 1124 μὲν
875 1055 986 1109 τῶν
1015 1057 1075 1122 ἐξ
1113 1058 1334 1131 Ἰσραὴλ
1363 1063 1420 1113 ὲν
1456 1059 1586 1114 εἴδει
1614 1063 1808 1134 πυρὸς,
1836 1063 1911 1127 ὡς
1936 1065 1995 1116 ἐν

381 1144 471 1214 τῷ
523 1146 915 1218 κατακρίνοντί
951 1166 1012 1203 τε
1054 1152 1148 1204 καὶ
1179 1151 1463 1216 κολάζοντι
1499 1152 1650 1225 νόμῳ
1699 1156 1996 1226 (κολάσεως

381 1235 500 1307 γὰρ
530 1239 760 1307 σημεῖον
790 1237 852 1290 τὺ
876 1238 1012 1310 πῦρ)
1033 1257 1045 1270 ·
1072 1241 1230 1312 ἡμῶν
1254 1243 1312 1296 δὲ
1334 1244 1390 1296 ἐν
1413 1243 1544 1298 εἴδει
1571 1244 1820 1316 νεφέλης,
1838 1247 1914 1311 ὠς
1936 1249 1995 1302 ἐν

375 1325 551 1396 τύπῳ
594 1325 688 1378 τοῦ
737 1327 895 1396 ἁγίου
947 1329 1325 1402 βαπτίσματος
1380 1334 1474 1387 καὶ
1520 1337 1624 1406 τῆς
1667 1335 1734 1389 δι’
1799 1335 1992 1403 ὕδατος

363 1399 694 1497 ξσωτηρίας.
731 1420 804 1472 Ἦ
823 1421 923 1492 οὐχ
945 1420 1088 1494 ὕδωρ
1111 1399 1374 1497 ή-νεφέλη
1399 1444 1414 1493 ;

1167 390 1257 446 DE
1297 392 1744 451 ADORATIONE
1785 398 1850 452 IN
1893 397 2166 459 SPIRITU
2209 405 2298 461 ET
2337 407 2710 470 VERITATE.
2739 415 2869 476 [ΠΒ.
2911 421 3003 477 III.

397 500 542 568 μίας
597 500 693 552 καὶ
722 497 820 552 τοῦ
861 503 981 556 κατ’
1012 504 1215 576 αὐτήν·
1249 527 1267 558 (
1310 507 1377 560 Ἦ
1398 509 1500 588 ,νὺξ
1533 509 1860 582 προέκοψεν,
1894 513 1927 584 ἡ
1959 513 1973 567 ί

2078 531 2282 584 ιῐηυη
2314 522 2463 589 quod
2516 525 2722 583 Paulus
2780 539 3036 602 testatur,
3079 539 3173 594 ubi

3614 443 3718 499 270

3227 541 3295 598 de
3323 551 3566 618 tempore
3602 562 3717 608 tum

2122 610 2270 678 quod
2319 620 2447 669 ante
2489 617 2822 687 adventum,
2863 632 2980 682 tum
3025 633 3174 700 quod
3217 634 3271 689 in
3311 610 3451 708 ipso.
3477 644 3715 704 adventu

2123 700 2248 767 fuit,
2276 705 2527 775 loquitur
2552 727 2563 763 :
2599 730 2615 761 ι
2645 713 2761 768 Nox
2789 726 3094 790 praecessit,
3121 726 3240 782 dies
3295 700 3482 788 autem
3514 751 3717 810 appro-

2119 794 2442 866 pinquavit:
2471 802 2795 874 abjiciamus
2846 826 2980 884 ergo
3037 815 3207 887 opera
3254 794 3631 896 tenebrarum,
3659 843 3717 890 et

2117 888 2420 948 induamur
2443 910 2598 951 arma
2622 899 2765 956 lucis
2787 944 2800 966 ,
2844 905 2924 961 sic
2947 917 3010 963 ut
3040 910 3096 963 in
3123 910 3213 967 die
3258 915 3497 974 honeste”
3520 925 3716 980 ambu-

2116 977 2382 1039 lemus".
2422 1004 2440 1036 ι
2475 986 2685 1058 Itaque,
2716 1007 2842 1048 cum
2868 1004 3084 1070 tempus
3110 1004 3244 1061 illud
3271 1015 3434 1066 vetus
3466 1013 3523 1068 in
3551 1027 3712 1074 nocte

2098 1075 2474 1148 ponatur,85
2491 1095 2792 1153 rursusque
2819 1086 2953 1142 illud
2971 1091 3229 1164 alterum,
3249 1115 3359 1169 quo
3384 1103 3478 1159 Dei
3505 1106 3712 1181 Unige-

2095 1163 2250 1220 nitus
2271 1176 2358 1223 est
2389 1170 2556 1227 homo
2585 1173 2783 1242 factus,
2806 1179 2862 1233 in
2889 1181 2978 1237 die
3020 1200 3366 1260 numeretur,
3411 1201 3712 1257 asserimus

2095 1255 2249 1312 illum
2264 1259 2527 1319 Israelitis
2552 1267 2777 1336 quidem
2795 1271 2936 1343 ignis
2953 1277 3136 1346 specie
3159 1255 3418 1354 tanquam
3443 1293 3708 1348 condem-
3795 1353 3800 1360 _

2093 1357 2262 1405 nante
2284 1367 2350 1408 ac
2369 1356 2636 1424 puniente
2657 1360 2775 1433 lege
2795 1363 2901 1435 (est
2915 1369 3061 1426 enim
3083 1371 3226 1443 igms
3249 1393 3425 1447 paena:
3443 1384 3706 1460 signum);

2093 1438 2254 1460 μυ,
2280 1456 2338 1460 __
2520 1447 2534 1460 .
2561 1448 2573 1460 .
2769 1453 2781 1460 .

2092 1438 2258 1495 nobis
2279 1456 2414 1499 vero
2441 1447 2606 1504 nubis
2634 1453 2818 1522 specie
2837 1461 3102 1528 tanquam
3127 1463 3183 1519 in
3203 1464 3379 1538 ﬁgura
3399 1438 3574 1530 sancti
3606 1438 3708 1533 ba-

529 1479 562 1491 ..
889 1479 923 1492 η
1057 1479 1069 1494 ι
1132 1479 1144 1494 ι
1252 1479 1263 1494 ι
1363 1479 1374 1497 .
1401 1479 1414 1493 1
2092 1479 2258 1495 -ιννιυ
2289 1479 2414 1499 uno
2441 1479 2606 1504 ιιυυιδ
2634 1479 2818 1522 θμΰυιΰ
2839 1479 3102 1528 tanquam
3127 1480 3183 1519 ιη
3203 1479 3379 1538 ﬁgura
3399 1479 3574 1530 sancti
3606 1479 3708 1533 ba-

358 1479 698 1582 ?ptismatis,
728 1500 1037 1587 salutisque
1079 1518 1228 1575 illius
1266 1536 1432 1590 quam
1457 1537 1556 1592 per
1593 1539 1794 1594 aquam
1837 1531 2254 1603 consequimur,
2291 1553 2349 1594 se
2375 1541 2573 1599 ducem
2595 1548 2918 1617 praebuisse.
2942 1555 3027 1612 An
3068 1559 3248 1617 nubes
3277 1577 3391 1620 non
3422 1582 3563 1638 aqua
3589 1575 3709 1630 est?

461 1608 647 1638 ΠΑΔΛ
713 1609 971 1638 Π.Ἶ⁸.-.,.ι-
1007 1611 1097 1638 -ε.
2172 1632 2333 1638 _.__

460 1608 680 1662 ΠΑΛΛ.
712 1609 840 1673 Πῶς
863 1612 973 1682 γὰρ
1005 1611 1099 1679 οῦς

456 1701 630 1754 ΚΥΡ.
677 1702 1191 1776 Ἐκπεφοιτηκὸτων
1223 1708 1281 1762 δὲ
1307 1709 1408 1782 τῆς
1434 1711 1753 1780 Αἰγυπτίων
1789 1713 1898 1768 τῶν
1931 1715 1992 1781 ἐξ

367 1976 490 2048 γὰρ
521 1997 571 2044 ι,
604 1980 771 2050 φησὶ,
807 2000 827 2032 ‹
853 1981 923 2034 τὰ
953 1983 1176 2054 ἅρματα
1209 1986 1378 2040 αὑτοῦ
1405 1989 1500 2042 καὶ
1531 1990 1710 2045 πάντα
1739 1993 1832 2047 τὸν
1867 1994 1998 2049 λαὸν

370 2070 792 2138 συναπενέγκαι
807 2073 926 2143 μεθ’
942 2074 1160 2140 ἑαυτοῦ,
1183 2078 1278 2130 καὶ
1297 2077 1478 2136 λαϐὼν
1493 2080 1754 2147 ἑξακόσια
1771 2085 1997 2159 ἅρματα

365 2157 622 2213 ἐκλεκτὰ
643 2199 658 2224 ,
693 2162 788 2214 κα)⁸
821 2165 1006 2218 πᾶσαν
1025 2165 1134 2236 ,τὴν
1165 2167 1332 2223 ἵππον
1367 2171 1480 2224 τῶν
1507 2175 1856 2244 Αἰγυπτίων,
1893 2177 1993 2233 καὶ

363 2252 680 2321 τριστάτας
734 2255 826 2309 ἐπὶ
873 2257 1114 2314 πάντων.
1183 2279 1202 2312 ι
1248 2263 1357 2316 Καὶ
1409 2266 1532 2334 μεθ’
1585 2268 1750 2339 ἓτερα
1802 2270 1986 2326 πάλιν·

371 2361 392 2395 ι
449 2345 890 2416 Ἀναϐλέψαντες
930 2350 987 2403 δὲ
1031 2353 1080 2404 οί
1122 2354 1230 2406 υἰοὶ
1276 2357 1494 2428 Ἰσραὴλ
1535 2362 1648 2424 τοῖς
1686 2360 1988 2434 ὀφθαλμοῖς

362 2437 604 2509 ὁρῶσιν,
627 2441 722 2494 καὶ
753 2443 863 2496 ἰδοὺ
885 2445 934 2496 oi.
959 2444 1247 2513 Αἰγύπτιοι
1278 2449 1782 2520 ἐστρατοπέδευσαν
1809 2455 1986 2510 ὀπίσω

362 2530 581 2595 αὐτῶν,
631 2533 727 2586 καὶ
769 2534 1121 2607 ἐφοϐήθησαν
1163 2539 1392 2612 σφόδρα.
1459 2543 1786 2616 Ἀνεϐόησαν
1823 2547 1879 2601 δὲ
1930 2549 1980 2602 οἱ

365 2623 480 2676 υίοὶ
523 2624 744 2697 Ἰσραήλ
775 2627 914 2698 πρὸς
942 2628 1168 2700 Κύριον,
1207 2633 1301 2686 καὶ
1330 2637 1698 2708 κατεφέροντο
1727 2640 1824 2694 τοῦ
1857 2628 1982 2697 Mco-

375 2718 528 2781 σέως
579 2719 886 2789 ἀναφανδὸν
933 2722 1205 2792 λέγοντες·
1265 2727 1424 2798 Παρὰ
1475 2729 1536 2784 τὸ
1587 2731 1660 2803 μὴ
1710 2733 1978 2806 ὑπάρχειν

369 2812 644 2882 μνήματα
673 2814 732 2868 ὲν
767 2817 838 2886 γῇ
873 2815 1155 2889 Αἰγύπτῳ,
1189 2819 1461 2891 ἐξήγαγες
1490 2826 1640 2894 ἡμᾶς
1665 2826 1974 2883 θανατῶσαι

359 2905 426 2958 ἐν
474 2908 542 2977 τῇ
580 2907 815 2979 ὲρήμῳ;
857 2910 910 2963 τί
959 2911 1119 2966 τοῦτο
1189 2915 1456 2985 ἐποίησας
1499 2920 1631 2988 ἡμῖν
1685 2919 1971 2990 ἐξαγαγὼν

362 2997 522 3068 ἡμᾶς
574 3000 634 3065 ἐξ
679 3001 960 3070 Αἰγύπτου
985 3023 998 3071 ;
1069 3007 1143 3060 Οὐ
1171 3006 1328 3062 τοῦτο
1359 3006 1427 3081 ἧν
1448 3010 1510 3064 τὸ
1538 3012 1690 3082 ῥῆμα
1715 3013 1743 3065 ὃ
1772 3013 1968 3086 ἐλαλή-

359 3105 546 3158 σαμεν
580 3091 720 3162 πρὸς
766 3093 825 3146 σὲ
859 3097 916 3148 ἐν
950 3097 1244 3169 Αἰγύπτῳ,
1278 3099 1554 3168 λέγοντες·
1605 3103 1786 3175 Πάρες
1818 3107 1967 3176 ἡμᾶς

357 3183 520 3246 ὅπως
544 3184 927 3260 ϐουλεύσωμεν
978 3191 1334 3259 Αίγυπτίοις;
1375 3187 1642 3264 Κρεῖσσον
1677 3195 1785 3267 γὰρ
1818 3199 1966 3268 ἡμᾶς

355 3274 644 3329 δουλεύειν
701 3277 1049 3346 Αἰγυπτίοις,
1105 3282 1138 3353 ἢ
1199 3284 1494 3338 ἀποθανεῖν
1534 3287 1592 3338 ἐν
1641 3289 1709 3358 τῇ
1774 3289 1966 3361 ἐρήμῳ

227 3391 246 3404 ο
353 3367 566 3440 ταύτῃ.
606 3389 626 3422 ι
658 3370 805 3442 Πρὸς
832 3371 901 3425 τὰ
929 3373 1113 3427 τοιάδε
1161 3375 1392 3446 Μωσῆς·
1430 3395 1449 3428 ι
1487 3375 1772 3450 Θαρσεῖτε,
1808 3384 1960 3452 φησὶ,

356 3459 531 3529 στῆτε
567 3462 664 3516 καί
689 3464 854 3533 ὁρᾶτε
875 3465 976 3535 τὴν
1009 3466 1284 3536 σωτηρίαν
1311 3467 1412 3539 τὴν
1443 3471 1596 3541 παρὰ
1625 3469 1719 3524 τοῦ
1755 3475 1963 3546 Κυρίου

351 3551 426 3622 ἣν
465 3552 686 3623 ποιήσει
718 3555 854 3623 ἡμῖν
881 3555 1146 3627 σήμερον.
1189 3558 1285 3610 Ὃν
1318 3558 1519 3630 τρόπον
1544 3559 1652 3634 γὰρ
1681 3563 1964 3636 ἑωράκατε

352 3644 698 3712 Αἰγυπτίους
723 3646 790 3718 σή
801 3663 866 3716 με
876 3663 990 3717 ρον,
1025 3647 1086 3700 οὐ
1110 3649 1490 3720 προσθήσεσθε
1515 3652 1595 3706 ἔτι
1620 3652 1965 3723 ἰδεῖνηαύτοὺς

351 3737 441 3800 εἰς
469 3737 567 3791 τὸν
599 3738 771 3792 αἰῶνα
798 3739 1010 3810 χρόνον.
1037 3741 1245 3814 Κύριος
1274 3744 1573 3817 πολεμήσει
1607 3748 1748 3820 ὑπὲρ
1781 3751 1960 3821 ἡμῶν,

352 3833 455 3886 καὶ
484 3833 648 3903 ὑμεῖς
675 3834 950 3904 σιγήσετε.
977 3829 1112 3887 Εἷπε
1144 3835 1203 3888 δὲ
1235 3837 1438 3908 Κύριος
1472 3839 1610 3910 πρὸς
1633 3841 1863 3913 Μωσῆν·
1897 3843 1963 3897 Τί

353 3923 490 3994 βοᾷς
518 3925 665 3995 πρὸς
694 3940 801 3992 με;
845 3925 1081 3996 λάλησον
1113 3930 1226 3992 τοῖς
1251 3930 1390 3994 υἱοῖς
1433 3931 1673 4004 Ἰσραὴλ,
1700 3934 1794 3987 καὶ
1829 3937 1959 3990 ἀνα-

350 4015 740 4080 ζευξάτωσαν·
783 4015 880 4068 καὶ
911 4017 975 4070 σὺ
1006 4016 1212 4090 έπαρον
1243 4019 1342 4091 τὴν
1370 4021 1566 4092 ῥάϐδον
1598 4041 1719 4088 σου,
1747 4027 1842 4080 καὶ
1877 4027 1964 4082 ἐκ·

346 4124 530 4161 τεινον
555 4108 654 4179 τὴν
676 4109 839 4180 χεῖρά
867 4127 961 4165 σου
1006 4111 1101 4164 ἐπὶ
1127 4111 1227 4183 τὴν
1261 4112 1565 4179 θάλασσαν,
1601 4119 1697 4171 καὶ
1725 4116 1962 4189 ξήρανον

345 4201 548 4272 αὐτήν.
587 4202 699 4254 Καὶ
742 4201 1138 4258 είσελθέτωσαν
1164 4205 1214 4257 ot
1242 4205 1350 4258 υἱοὶ
1387 4206 1605 4279 Ἰσραὴλ
1657 4211 1737 4274 εἰς
1795 4211 1960 4282 μέσον

342 4291 447 4362 τῆς
476 4292 760 4365 θαλάσσης
794 4298 938 4347 κατὰ
964 4295 1026 4348 τὸ
1068 4294 1254 4368 ξηρόν.
1291 4315 1311 4349 ι
1342 4299 1453 4351 Καὶ
1487 4299 1580 4353 τόν
1611 4317 1674 4368 γε
1713 4304 1814 4372 τῆς
1835 4303 1958 4355 ἐπι-

342 4383 580 4452 κουρίας
602 4383 806 4453 τρόπον
836 4385 1071 4456 φανερὸν
1095 4386 1271 4438 ἐποίει
1318 4387 1478 4452 Θεός·
1511 4407 1529 4440 ι
1570 4388 1764 4460 Ἐξῆρε
1797 4389 1905 4463 γὰρ
1932 4391 1960 4444 ὀ

2040 2174 2044 2178 ’
2095 2186 2245 2255 cepit
2304 2203 2596 2251 sexcentos
2648 2213 2848 2259 currus

2171 1632 2377 1690 PALL.
2419 1638 2627 1706 Quidni
2652 1644 2676 1698 ?

2104 1917 2426 1980 usurpator,
2461 1915 2696 1986 Pharao,
2740 1923 2987 1996 inquam,
3013 1946 3223 2003 eosque
3254 1936 3472 2010 insequi
3504 1944 3701 2001 molie—

2104 1996 2288 2055 batur.
2320 2023 2337 2054 ‹
2361 2004 2553 2063 Junxit
2576 2011 2746 2080 enim,
2780 2035 2797 2068 ‹
2819 2018 3018 2090 inquit,
3047 2043 3065 2076 ›
3089 2025 3304 2085 Ph‘arao
3324 2043 3522 2090 currus
3545 2052 3698 2106 suos,

2097 2101 2154 2147 et
2179 2110 2399 2154 omnem
2435 2105 2702 2174 populum
2741 2125 2904 2169 suum
2941 2123 3242 2191 assumpsit
3289 2140 3499 2195 secum,
3525 2142 3582 2186 et
3601 2148 3700 2188 ac-

2905 2207 3132 2276 electos,
3162 2219 3220 2266 et
3263 2229 3482 2272 omnem
3535 2223 3697 2292 equi-

2095 2282 2266 2333 tatum
2306 2281 2708 2358 Egyptiorum,
2745 2302 2802 2349 et
2835 2295 3004 2354 duces
3045 2316 3214 2373 super
3245 2321 3438 2364 omnes
3461 2311 3540 2378 76;
3575 2281 3604 2364 ι.
3639 2322 3698 2371 et

2089 2375 2216 2435 post
2254 2371 2359 2427 alia
2398 2390 2630 2434 rursus:
2673 2401 2689 2433 ι
2733 2371 3130 2456 Respicientes
3161 2403 3346 2450 autem
3387 2397 3482 2454 ﬁlii
3524 2371 3692 2460 Israel

2087 2461 2263 2518 oculis
2287 2465 2498 2535 vident,
2521 2482 2577 2525 et
2592 2488 2722 2530 ecce
2738 2476 2982 2551 Egyptii
3001 2492 3378 2546 castrametati
3399 2504 3557 2550 erant
3569 2509 3696 2567 post

2086 2553 2273 2622 ipsos,
2327 2569 2384 2615 et
2442 2564 2751 2624 timuerunt
2810 2575 2990 2630 valde.
3037 2577 3108 2632 Et
3158 2553 3692 2647 clamaverunt‘ﬁlii

2084 2640 2247 2699 Israel
2275 2647 2343 2701 ad
2375 2649 2692 2722 Dominum,
2715 2667 2770 2713 et
2791 2660 3158 2735 jnsurgebant
3181 2668 3237 2724 in
3261 2671 3482 2744 Moysen
3513 2679 3692 2747 palam

2079 2731 2327 2791 dicentes
2349 2739 2478 2810 quia
2507 2758 2618 2798 non
2639 2758 2795 2802 erant
2823 2731 3078 2822 sepuIcra
3113 2755 3170 2812 in
3199 2731 3460 2833 Egypto,
3492 2731 3695 2823 eduxia

2077 2825 2148 2878 sti
2186 2842 2307 2895 nos,
2357 2839 2418 2888 ut
2463 2833 2813 2897 interﬁceres
2838 2842 2895 2899 in
2925 2846 3180 2904 deserto?
3213 2851 3327 2908 Cur
3362 2856 3469 2912 hoc
3508 2857 3690 2916 fecisti

2075 2919 2235 2976 nobis
2253 2963 2268 2988 ,
2294 2924 2537 2983 educens
2561 2946 2664 2986 nos
2688 2948 2755 2988 ex
2779 2933 3056 3008 IEgypto?
3089 2943 3285 3001 Nonne
3326 2948 3430 3004 iste
3462 2959 3547 3006 est
3574 2969 3691 3011 ser-

2073 3025 2164 3064 mo
2202 3029 2366 3083 quem
2418 3018 2785 3092 loquebamur
2820 3029 2890 3084 ad
2920 3037 2973 3086 te
3013 3032 3068 3088 in
3104 3034 3360 3110 Egypto,
3395 3041 3685 3103 dicentes:

2070 3101 2289 3162 Recede
2339 3124 2369 3164 a
2422 3113 2605 3180 nobis,
2654 3126 2716 3171 ut
2766 3122 3076 3180 serviamus
3137 3101 3470 3202 Avigvptiis?
3515 3101 3687 3193 Multo

2069 3195 2219 3249 enim
2249 3200 2450 3258 melius
2501 3217 2623 3262 erat
2648 3210 2863 3267 servire
2901 3214 3004 3282 eis,
3068 3233 3238 3288 quam
3287 3225 3431 3279 mori
3493 3225 3551 3281 in
3581 3229 3686 3285 hac

2066 3287 2368 3347 solitudine
2393 3295 2458 3348 '".
2489 3315 2506 3347 ι
2533 3297 2616 3353 Ad
2663 3299 2780 3357 haec
2803 3320 2938 3373 vero
2967 3306 3182 3381 Moyses
3209 3330 3223 3366 :
3260 3333 3279 3366 ι
3309 3315 3462 3372 Βοηο
3496 3321 3685 3376 animo

2065 3387 2274 3447 estote,
2311 3383 2523 3455 inquit;
2552 3399 2715 3459 state,
2764 3404 2819 3450 et
2849 3397 3035 3456 videte
3066 3403 3302 3462 salutem
3337 3426 3460 3480 quae
3501 3429 3532 3467 a
3568 3413 3678 3468 Do-

2065 3473 2216 3528 mino
2236 3476 2366 3543 erit,
2417 3494 2584 3550 quam
2619 3484 2787 3542 faciet
2824 3492 2984 3549 vobis
3011 3494 3206 3565 hodie;
3251 3473 3370 3556 noxi
3404 3502 3678 3575 adjicietis

2067 3565 2212 3622 ultra
2245 3569 2442 3627 videre
2475 3572 2628 3644 ipsos
2667 3577 2724 3633 in
2771 3585 3057 3642 sazculum.
3103 3589 3372 3649 Dominus
3412 3565 3682 3668 pugnabit

2065 3673 2169 3728 pro
2214 3662 2400 3730 nobis,
2448 3673 2505 3721 et
2553 3684 2653 3726 vos
2696 3674 2974 3732 tacebitis.
3018 3679 3168 3736 Dixit
3193 3691 3377 3739 autem
3411 3662 3681 3745 hominus

2066 3752 2135 3807 ad
2175 3753 2399 3827 Moysen
2438 3776 2450 3812 :
2485 3759 2602 3816 Cur
2624 3764 2829 3824 clamas
2866 3768 2934 3824 ad
2967 3773 3097 3827 me?
3128 3773 3383 3846 Loquere
3417 3779 3545 3836 ﬁliis
3589 3782 3673 3839 Is-

2065 3846 2201 3911 rael,
2241 3856 2298 3902 et
2343 3851 2808 3927 proﬁciscantur;
2848 3870 2906 3916 et
2934 3871 2994 3918 tu
3029 3866 3185 3923 eleva
3229 3870 3441 3943 virgam
3492 3883 3674 3944 tuam,

2063 3945 2121 3993 et
2163 3941 2401 3998 extende
2432 3961 2658 4003 manum
2689 3960 2838 4007 tuam
2887 3956 2956 4011 ad
2988 3974 3162 4027 mare,
3204 3971 3261 4017 et
3305 3964 3452 4021 sicca
3497 3967 3669 4035 illud,

2065 4039 2124 4084 et
2170 4032 2557 4105 ingrediantur
2610 4041 2709 4097 ﬁlii
2756 4045 2926 4102 Israel
2966 4049 3022 4103 in
3069 4052 3314 4109 medium
3370 4059 3539 4115 maris
3573 4077 3674 4131 per

2063 4122 2274 4179 siccum
2295 4128 2365 4185 ⁷⁸.
2399 4147 2418 4180 ι
2453 4130 2636 4202 Atque
2687 4137 2879 4192 auxilii
2933 4141 3160 4198 modum
3191 4148 3550 4218 perspicuum
3588 4153 3672 4210 fe-

2065 4213 2142 4269 cit
2171 4216 2365 4273 Deus:
2406 4239 2425 4272 ‹
2473 4222 2710 4280 Sustulit
2754 4244 2836 4294 se,
2885 4249 2903 4282 ›
2938 4230 3154 4303 inquit,
3191 4213 3221 4288 -ι
3271 4213 3500 4312 angelus
3555 4245 3669 4301 Do-

2066 4307 2245 4375 mini,
2311 4313 2407 4381 qui
2470 4318 2822 4386 prazccdebat
2897 4333 3077 4382 castra
3145 4307 3388 4386 ﬁliorum
3454 4335 3666 4406 Israel,

2066 4407 2122 4452 et
2143 4401 2424 4470 profectus
2455 4415 2542 4461 est
2583 4418 2886 4467 retrorsum
2924 4431 2937 4468 :
2977 4419 3203 4474 sustulit
3247 4421 3412 4478 etiam
3461 4441 3520 4481 se
3573 4443 3668 4484 co-

338 4469 582 4542 ἆγγελὸς
609 4475 707 4528 τοῦ
730 4476 868 4530 Θεοῦ
900 4479 928 4531 ὁ
958 4482 1435 4552 προπορευόμενος
1461 4482 1561 4549 τῆς
1597 4483 1954 4587 παρεμϐολῆς

2078 4469 2251 4548 ,umna
2284 4496 2450 4553 nubis
2491 4514 2522 4554 a
2563 4500 2701 4558 facie
2749 4521 2968 4575 eorum,
3008 4519 3066 4565 et
3113 4514 3269 4569 stetit
3302 4527 3428 4587 post
3463 4534 3580 4585 eos,
3612 4531 3669 4578 ct

337 4567 452 4621 τῶν
497 4568 634 4622 υἱῶν
688 4570 928 4642 Ἰσραὴλ,
969 4572 1066 4625 καὶ
1117 4574 1389 4646 ἐπορεύθη
1438 4577 1502 4628 ὲκ
1549 4578 1659 4630 τῶν
1709 4577 1955 4632 ὄπισθεν’

335 4659 508 4732 ἐξῆρε
547 4660 605 4713 δὲ
665 4663 761 4715 καὶ
805 4665 834 4718 ὀ
864 4663 1056 4728 στύλος
1122 4665 1222 4736 τῆς
1259 4667 1491 4738 νεφέλης
1518 4668 1628 4722 ἀπὸ
1665 4669 1960 4742 προσώπου

333 4751 548 4814 αὐτῶν,
589 4754 685 4806 καὶ
722 4753 854 4828 ἔστη
889 4757 955 4811 ὲκ
983 4755 1094 4809 τῶν
1119 4753 1298 4812 ὀπίσω
1324 4759 1506 4813 αὐτῶν
1528 4777 1542 4792 ·
1579 4763 1676 4815 καὶ
1711 4763 1962 4836 εἰσῆλθεν

331 4845 444 4899 ἀνὰ
501 4846 672 4917 μέσον
735 4847 836 4920 τῆς
899 4850 1255 4922 παρεμϐολῆς
1311 4851 1420 4905 τῶν
1467 4851 1806 4921 Αἰγυπτίων,
1863 4856 1959 4911 καὶ

330 4939 439 4991 ἀνὰ
501 4937 673 5007 μέσον
737 4941 1098 5013 παρεμϐολῆς
1171 4944 1410 5016 Ἰσραὴλ,
1481 4949 1573 4998 καὶ
1642 4947 1809 5019 ἔστη,
1863 4949 1959 5002 καὶ

329 5031 560 5097 ἐγένετο
591 5033 787 5093 σκότος
814 5035 910 5088 καὶ
935 5035 1155 5104 γνόφος.
1186 5037 1297 5089 Καὶ
1325 5037 1542 5108 διῆλθεν
1565 5041 1598 5110 ή
1631 5039 1748 5105 νὺξ,
1773 5041 1868 5095 καὶ
1895 5044 1957 5097 οὐ

329 5122 632 5194 συνέμιξαν
656 5124 911 5196 ἀλλήλοις
939 5127 1070 5197 ὅλην
1096 5127 1193 5199 τὴν
1223 5128 1415 5184 νύκτα.
1451 5149 1470 5182 ι
1533 5132 1641 5185 Καὶ
1678 5134 1836 5188 ταυτὶ
1857 5136 1956 5206 μὲν

2068 4583 2318 4656 ingressa
2345 4597 2432 4643 est
2482 4589 2630 4648 inter
2664 4605 2848 4653 castra
2883 4597 3267 4674 Egyptiorum
3303 4583 3365 4664 et
3405 4609 3552 4668 inter
3579 4628 3669 4670 ca-

2069 4683 2184 4731 stra
2211 4677 2402 4747 Israel,
2435 4691 2493 4739 et
2523 4687 2696 4755 stetit,
2725 4700 2783 4745 et
2803 4691 2946 4748 facta
2971 4703 3055 4750 est
3095 4699 3271 4771 caligo
3299 4709 3356 4756 et
3401 4705 3662 4773 tenebrae,

2067 4774 2126 4821 et
2149 4772 2418 4838 praeteriit
2449 4791 2578 4842 nox,
2608 4786 2666 4833 et
2693 4795 2806 4836 non
2829 4787 3106 4844 commisti
3128 4798 3258 4844 sunt
3289 4790 3524 4848 invicem
3552 4804 3666 4853 tota

2067 4867 2231 4915 nocte
2249 4862 2313 4916 ⁷³.
2354 4881 2372 4916 ι
2409 4864 2589 4937 Atque
2633 4870 2752 4927 haec
2793 4874 3020 4944 quidem
3073 4889 3240 4949 gestae
3289 4883 3371 4938 rei
3419 4889 3666 4942 narratio

2065 4955 2329 5010 contexit.
2383 4957 2576 5030 Operae
2623 4966 2864 5035 pretium
2919 4980 3106 5028 autem
3157 4975 3415 5034 existimo
3471 4996 3664 5039 rursus

2065 5043 2415 5113 subtiliorem
2463 5053 2663 5112 horum
2711 5061 3012 5120 verborum
3067 5083 3291 5126 sensum
3345 5070 3660 5145 inspicere,

2064 5139 2450 5214 acrioremque
2479 5151 2687 5207 mentis
2715 5155 2893 5211 aciem
2934 5158 3024 5215 his
3053 5161 3259 5219 litteris
3288 5164 3551 5236 adjicere.

323 5218 468 5287 ἡμῖν
505 5218 536 5269 ό
575 5217 676 5287 τῆς
735 5218 981 5290 ἱστορίας
1032 5219 1312 5288 ἐξυφαίνει
1368 5219 1546 5289 λόγος·
1590 5223 1788 5308 χρῆναι
1841 5225 1899 5279 δὲ
1946 5221 2102 5300 οἴμαι
2138 5230 2304 5304 πάλιν
2337 5237 2490 5308 ήμᾶς
2519 5240 2618 5314 τὴν
2643 5243 2753 5298 τῶν
2779 5250 3067 5321 νοημάτων
3089 5217 3378 5324 άκρίϐείαν
3404 5258 3480 5330 (1)
3507 5260 3637 5315 tam

321 5306 533 5360 λεπτὸν
563 5307 800 5371 ἐνιέντες
831 5311 945 5371 τοῖς
973 5310 1385 5380 γεγραμμένοις
1411 5312 1504 5366 τὸν
1535 5313 1680 5367 νοῦν.

393 5399 617 5452 ΠΛΔΛ.
645 5393 798 5452 Πάνυ
831 5400 932 5471 μὲν
955 5395 1070 5454 οῦν.

391 5491 565 5544 ΚΥΡ.
616 5490 927 5562 Ἐξαίρουσι
955 5492 1248 5564 τοιγαροῦν
1278 5497 1326 5548 οἰ
1371 5494 1431 5561 ἐξ
1469 5498 1686 5571 Ἰσραὴλ
1727 5502 1808 5566 εἰς
1837 5503 1938 5575 τὴν

315 5583 486 5651 ἁγίαν
521 5583 852 5648 σπεύδοντες
881 5585 1008 5657 γῆν,
1039 5585 1115 5649 ὡς
1146 5587 1204 5641 ἐν
1235 5587 1413 5658 στύλῳ
1452 5591 1626 5661 πυρὸς
1656 5593 1752 5646 καὶ
1778 5596 1936 5665 νεφέ-

313 5671 418 5744 λης
477 5672 914 5740 προϐιϐάζοντός
942 5691 1002 5728 τε
1045 5675 1140 5728 καὶ
1170 5678 1482 5746 ἡγουμένου
1516 5680 1676 5736 Θεοῦ.
1711 5684 1786 5737 Ού
1820 5686 1930 5758 γὰρ

311 5767 490 5831 ἔστιν,
509 5765 612 5818 οὐκ
638 5764 786 5818 ἔστιν
818 5768 898 5830 εἰ..
919 5766 1018 5838 τὴν
1046 5767 1162 5822 ἄνω
1179 5785 1237 5820 τε
1265 5771 1359 5822 καὶ
1386 5771 1549 5839 ἁγίαν
1576 5774 1927 5844 ἀφικνεῖσθαι

2118 5417 2321 5475 PALL.
2353 5422 2433 5478 Ita
2459 5440 2691 5496 prorsus
2721 5447 2944 5492 censeo.

2117 5506 2279 5565 ΟΥΕ.
2313 5512 2754 5577 Proﬁciscuntur
2784 5525 2958 5596 igitur
2987 5529 3084 5586 ﬁlii
3121 5532 3286 5592 Israel
3310 5539 3379 5594 ad
3444 5551 3650 5602 terram

2043 5611 2291 5657 sanctam
2348 5621 2736 5681 properantes,
2792 5617 2906 5691 86
2955 5629 3219 5694 tanquam
3273 5631 3329 5687 in
3391 5637 3648 5694 columna

2039 5693 2182 5764 ignis
2214 5713 2278 5753 ac
2300 5700 2468 5758 nubis
2499 5703 2612 5760 Deo
2637 5721 2920 5777 praeeunte
2949 5707 3114 5786 atque
3141 5719 3380 5780 ducente
3406 5744 3419 5794 ;
3467 5742 3646 5799 neque

2036 5787 2185 5842 enim
2216 5790 2330 5847 ullo
2364 5795 2534 5851 modo
2568 5797 2703 5854 licet
2734 5801 2803 5858 ad
2831 5819 3130 5878 supernam
3191 5812 3343 5870 illam
3396 5787 3643 5877 sanctam

379 5884 432 5916 "
455 5883 619 5939 Rom.
653 5895 770 5949 xm,
814 5885 902 5951 I2,
957 5886 1044 5940 15.
1122 5887 1169 5919 ⁷⁸
1195 5887 1370 5942 Exod.
1412 5905 1522 5955 xxv,
1553 5891 1588 5945 6
1618 5909 1770 5966 seqq.
1848 5899 1894 5932 '7
1933 5899 1973 5958 Il

2086 5945 2096 5958 .
2133 5906 2320 5966 10-12.
2403 5915 2449 5948 "
2480 5915 2644 5986 Ibid.,
2699 5919 2882 5981 13-16.
2963 5926 3008 5960 ⁷⁸
3050 5925 3214 6000 Ibid.,
3249 5931 3336 5999 I9,
3373 5931 3462 5988 20,

380 5978 463 6043 (I)
499 5976 594 6034 Sic
630 5979 752 6034 cod.
785 5979 968 6036 Vatic.
1005 5979 1141 6036 Cod.
1177 5981 1392 6049 Sirleti,
1429 5984 1680 6057 καρδίαν.
