4096 6446
456 360 556 414 271

1477 366 1542 422 s.
1585 349 1860 421 CYRlLLI
1901 359 2372 418 ALEXANDRINI
2411 357 2728 416 meumr.
3185 336 3189 340 ’
3619 361 3727 417 272

454 495 560 547 que
592 477 1209 551 civitatem‘pcn'enire,
1239 483 1340 538 nisi
1368 482 1588 539 Christo
1625 484 1788 549 duce,
1821 483 1914 553 qui
1954 497 2036 537 sa-

2156 478 2335 541 πόλιν,
2375 479 2450 550 μὴ
2480 479 2598 549 οὐχὶ
2632 475 3046 548 καθηγουμένου
3082 474 3315 546 Χριστοῦ
3337 516 3351 541 ,
3391 475 3486 530 καὶ
3519 476 3722 550 ἐναργῆ

455 569 591 623 lutis
628 569 733 624 iter
763 571 1116 642 perspicuum
1148 573 1372 642 reddat;
1407 575 1461 629 in
1499 590 1596 630 eos
1629 583 1813 629 tamen
1842 574 1939 645 qui
1979 573 2032 628 id

453 658 634 716 facere
669 667 1006 729 statuerunt,
1036 663 1278 720 fremunt
1299 665 1559 721 dentibus
1585 666 1793 731 hostes,
1837 665 1931 736 qui
1979 666 2034 719 in

455 751 559 806 hoc
585 752 788 808 mundo
815 764 1139 821 versantur;
1172 757 1261 811 lex
1284 765 1475 811 contra
1495 756 1562 811 ad
1588 756 1806 811 fortiter
1833 755 2038 810 auden-

453 843 584 896 dum
612 842 886 910 hortatur,
909 854 1075 917 atque
1108 847 1397 902 conﬁrmat
1439 855 1590 902 metu
1631 848 1931 918 perculsos,
1974 862 2040 902 ac

455 933 571 987 fore
598 943 657 988 ut
681 935 1126 993 adversariorum
1157 939 1358 994 cohors
1387 939 1566 1004 cadat,
1609 939 1895 994 manifeste
1937 939 2035 994 ad-

447 1025 679 1080 modum
703 1027 977 1083 declarat:
1011 1045 1138 1084 uam
1170 1045 1238 1084 ex
1261 1046 1371 1100 quo
1392 1030 1631 1102 Egyptii
1648 1046 1678 1086 e
1698 1029 1878 1085 medio
1905 1029 2037 1084 sub-

456 1117 550 1171 lati
587 1127 736 1184 sunt,
792 1119 897 1174 hoc
929 1121 1119 1191 procul
1149 1121 1320 1176 dubio
1375 1121 1743 1193 signiﬁcatur;
1791 1136 1886 1176 eos
1937 1137 2037 1176 au-

457 1215 567 1260 tem
597 1208 693 1278 qui
735 1208 1059 1266 imminente
1090 1211 1235 1265 malo
1280 1211 1646 1276 terrebantur,
1683 1219 1941 1282 tanquam
1982 1213 2039 1268 in

457 1296 628 1368 ﬁgura
661 1315 856 1354 rursus
883 1301 1058 1356 sancti
1099 1301 1443 1372 baptismatis
1488 1301 1668 1358 salvos
1708 1301 1840 1358 fecit
1873 1304 2036 1360 Deus.

464 1407 480 1438 ι
509 1388 758 1458 Loquere
774 1391 978 1460 enim,»
1006 1392 1103 1457 ait,
1137 1411 1154 1443 ι
1182 1391 1308 1447 ﬁliis
1321 1391 1577 1456 lsrael,et
1591 1390 2035 1461 proﬁciscantur:

455 1489 510 1535 ct
542 1489 600 1535 tu
636 1481 768 1537 tolle
807 1483 1016 1554 virgam
1044 1492 1191 1538 tuam
1215 1525 1228 1547 ,
1261 1491 1316 1539 et
1354 1483 1589 1539 extende
1638 1499 1860 1538 manum
1890 1492 2041 1540 tuam

456 1584 622 1638 super
661 1584 810 1624 mare
835 1611 849 1635 ,
880 1579 937 1624 et
964 1569 1110 1625 sicca
1140 1571 1274 1626 illud
1299 1589 1314 1638 ;
1346 1581 1402 1626 et
1433 1572 1814 1642 ingrediantur
1840 1571 1937 1626 ﬁlii
1960 1573 2040 1627 ls-

458 1660 568 1713 rael
609 1658 665 1713 in
718 1659 961 1714 medium
1011 1661 1257 1716 maris”.
1303 1682 1322 1714 ι
1387 1662 1567 1730 Quid?
1607 1678 1789 1718 nonne
1822 1662 2042 1718 divinus

459 1751 549 1804 ille
575 1752 777 1806 Paulus
801 1752 869 1807 de
903 1751 1031 1809 ﬁliis
1061 1753 1229 1808 Israel
1259 1754 1474 1820 scribit,
1514 1770 1704 1810 omnes
1731 1755 1785 1810 in
1819 1755 2040 1827 Moysen

459 1841 766 1911 baptizatos
803 1841 970 1897 fuisse
999 1842 1054 1897 in
1087 1842 1233 1898 nube
1266 1851 1322 1898 et
1352 1843 1405 1898 in
1440 1845 1577 1900 mari
1599 1845 1683 1897 "?

529 2025 726 2078 PALL.
763 2025 979 2080 Fateor.

508 2115 680 2171 "CYR.
704 2114 853 2186 Opus
883 2117 1049 2188 igitur
1065 2125 1169 2183 est,
1189 2117 1282 2188 qui
1308 2117 1464 2189 sequi
1486 2116 1767 2173 Christum
1789 2116 2039 2187 cupiunt,

454 2216 510 2263 et
543 2208 609 2262 ad
646 2224 944 2278 supernam
972 2210 1120 2265 illam
1152 2209 1430 2266 civitatem
1457 2217 1772 2281 properant,
1803 2225 1900 2266 eos
1933 2226 2044 2265 non

456 2302 511 2354 in
547 2301 662 2370 lege
692 2302 994 2358 consistere
1027 2317 1208 2373 neque
1242 2301 1520 2356 mandatis
1549 2316 1670 2372 qua:
1696 2317 1796 2372 per
1822 2301 2044 2373 Moysen

339 2443 342 2448 .
457 2394 581 2447 data
609 2401 740 2447 sunt
767 2392 1000 2448 ﬁrmiter
1041 2395 1331 2462 inhaerere,
1357 2397 1494 2451 etin
1535 2395 1773 2461 umbris,
1822 2393 2042 2466 ﬁguris-

453 2500 560 2555 que
617 2483 865 2551 versari;
925 2485 1019 2541 sed
1069 2487 1372 2558 proﬁcisci,
1422 2496 1478 2542 et
1523 2487 1630 2541 alio
1685 2487 1945 2551 transire,
1974 2485 2042 2541 ad

455 2589 705 2635 sanctum
744 2593 942 2650 nempe
973 2578 1243 2650 baptisma
1281 2597 1292 2633 :
1324 2579 1375 2633 id
1400 2579 1547 2634 enim
1581 2578 1761 2634 fecere
1809 2577 1889 2632 illi
1941 2577 2044 2633 ho-

456 2671 633 2727 mines
662 2673 758 2742 qui
787 2671 919 2726 olim
952 2686 1019 2724 ex
1060 2668 1156 2724 Dei
1195 2676 1471 2740 praecepto
1504 2681 1603 2739 per
1631 2667 1809 2723 undas
1835 2667 2044 2722 medias

441 2764 687 2835 ingressi
732 2770 882 2830 sunt,
923 2770 999 2828 et,
1042 2771 1101 2817 ut
1127 2761 1330 2817 Paulus
1363 2761 1458 2824 ait,
1508 2759 1563 2814 in
1602 2759 1740 2814 mari
1796 2758 2042 2830 baptiza-

360 2918 374 2926 _
455 2853 696 2919 bantur;
730 2861 846 2908 tum
875 2852 1022 2907 enim
1063 2851 1300 2920 denique
1341 2850 1521 2921 ipsum
1541 2848 1641 2904 Dei
1668 2857 1724 2905 et
1755 2849 2042 2904 hominum

455 2943 816 2997 mcdiatorem
849 2941 1129 2997 Christum
1165 2941 1354 2996 Jesum
1386 2940 1691 3011 adjutorem
1737 2937 2040 2993 habebunt.

456 3034 694 3088 Verbum
724 3035 871 3089 enim
897 3049 1021 3088 cum
1046 3041 1190 3095 esset
1220 3034 1384 3097 Deus,
1406 3047 1534 3086 caro
1563 3031 1766 3086 factum
1795 3040 1916 3094 est;
1947 3031 2042 3102 qui

442 3123 598 3178 idem
638 3125 744 3180 alia
772 3141 990 3195 quoque
1015 3124 1227 3178 ratione
1267 3124 1536 3179 mediator
1563 3133 1667 3189 est,
1701 3123 2041 3196 gubernandi

453 3231 650 3288 nempe
679 3218 912 3283 ratione,
946 3226 1007 3272 ut
1033 3217 1126 3288 qui
1154 3217 1370 3272 medius
1398 3217 1653 3272 incedere
1693 3217 1865 3272 soleat
1899 3218 2042 3272 inter

453 3310 693 3366 cultores
717 3325 848 3365 suos
881 3316 939 3365 et
980 3326 1172 3364 eorum
1211 3309 1592 3375 insectatores,
1630 3326 1735 3366 nec
1778 3310 2038 3381 congredi

453 3417 551 3456 eos
573 3404 718 3457 inter
740 3418 799 3457 se
816 3402 1194 3473 permittat,fct
1211 3402 1398 3457 hostes
1419 3401 1489 3456 ab
1507 3401 1825 3458 incursione
1848 3401 2038 3472 prohi-

452 3491 600 3547 beat.
635 3512 652 3544 ι
691 3492 928 3547 Sustulit
949 3491 1095 3547 enim
1117 3509 1195 3559 se,
1231 3512 1249 3544 ι
1287 3493 1488 3563 inquit,
1528 3512 1546 3545 ι
1584 3493 1812 3565 angelus
1836 3492 1956 3559 Dei,
1983 3501 2040 3547 et

453 3584 711 3638 columna
736 3584 920 3649 nubis,
940 3593 995 3639 et
1015 3584 1259 3655 ingressa
1285 3592 1369 3640 est
1391 3585 1536 3640 inter
1556 3593 1734 3640 castra
1752 3585 1952 3640 Israel:
1982 3592 2039 3640 et

455 3689 567 3728 non
602 3673 875 3728 commisti
919 3681 1047 3727 sunt
1083 3673 1226 3728 inter
1260 3688 1317 3729 se
1353 3680 1466 3727 tota
1497 3681 1660 3726 nocte
1677 3672 1743 3725 8'.
1787 3691 1817 3722 »ι
1853 3671 1914 3726 In
1938 3687 2038 3726 an-

453 3767 576 3838 gelo
617 3773 800 3820 autem
824 3764 1028 3831 denuo,
1069 3774 1232 3836 atque
1261 3765 1317 3818 in
1361 3765 1616 3819 columna
1664 3763 1829 3819 nubis
1873 3762 2034 3818 Chri-

455 3867 572 3911 stus
597 3856 964 3928 signiﬁcatur;
1006 3864 1234 3912 vocatur
1265 3855 1413 3910 enim
1444 3869 1645 3911 nomen
1673 3857 1810 3928 ejus,
1863 3875 1880 3908 ι
1916 3872 2033 3912 ma-

453 3949 545 4021 gni
569 3949 784 4005 consilii
813 3948 1052 4021 Angelus
1073 3949 1138 4002 ⁸³.
1171 3969 1188 3999 ι

524 4142 721 4198 PALL.
755 4143 918 4214 Ergo,
955 4142 1086 4197 dum
1128 4141 1382 4200 Christus
1407 4153 1492 4198 est
1522 4141 1736 4197 medius
1773 4141 2032 4212 interjec-

455 4245 562 4300 tus,
591 4251 702 4290 non
730 4251 1085 4292 conseremus
1118 4251 1312 4292 manus
1332 4253 1456 4291 cum
1472 4236 1550 4306 iis
1589 4236 1684 4306 qui
1714 4250 2031 4306 oppugnare

451 4342 552 4381 nos
577 4328 828 4398 cupiunt.

521 4417 683 4473 CYR.
723 4419 801 4472 lta
843 4435 929 4474 res
959 4427 1078 4486 est;
1127 4426 1274 4474 recte
1324 4417 1604 4488 intelligis.
1650 4415 1788 4470 lllud
1849 4425 2031 4470 tamen

451 4510 654 4573 dicam,
691 4510 800 4580 87
835 4524 1067 4580 nequea
1095 4524 1217 4563 mea
1273 4508 1564 4571 sententia,
1610 4514 1671 4559 ut
1721 4505 1936 4575 opinor,
1986 4506 2033 4560 is

450 4602 733 4658 abcrrabit
755 4605 849 4673 qui
879 4603 1098 4669 dixerit,
1125 4618 1244 4667 nos,
1271 4602 1317 4656 si
1359 4600 1601 4671 superati
1639 4615 1671 4652 a
1709 4599 2033 4670 voluptuosa

452 4693 837 4765 mundanaque
863 4695 972 4750 vita
999 4693 1282 4748 discedere
1308 4691 1738 4755 decreverimus,
1771 4705 1835 4745 ac
1875 4690 2032 4761 sequi

447 4804 615 4857 quam
668 4788 906 4843 maximo
939 4787 1124 4843 studio
1184 4786 1281 4840 Dei
1336 4785 1485 4856 leges
1546 4783 2028 4850 constituerimus,

449 4879 696 4933 nondum
738 4887 922 4933 tamen
956 4877 1228 4931 fuerimus
1283 4875 1457 4930 sancti
1511 4873 1850 4944 baptismatis
1907 4890 2031 4944 gra-

449 4972 582 5025 tiam
609 4969 915 5034 consecuti,
945 4979 1290 5036 nequequam
1312 4965 1444 5019 satis
1474 4964 1644 5019 fortes
1679 4971 1772 5018 aut
1811 4972 2031 5034 paratos

447 5069 599 5116 certe
645 5060 715 5114 ad
760 5056 1039 5112 molestias
1085 5053 1395 5110 tolerandas
1443 5053 1578 5119 fore,
1609 5063 1666 5109 et
1715 5053 2033 5110 subeundos

448 5165 550 5219 pro
604 5149 808 5203 virtute
860 5145 1096 5210 labores,
1145 5153 1308 5214 atque
1366 5143 1433 5198 ad
1482 5143 1751 5198 bellorum
1786 5145 2032 5216 pericula

449 5233 793 5304 perferenda.
817 5231 1293 5298 Quemadmodum
1326 5231 1474 5286 enim
1515 5240 1718 5288 tenera:
1759 5233 2028 5288 arbuscu-

449 5329 514 5382 lae
530 5325 1043 5382 vehementissimos
1071 5325 1200 5382 solis
1225 5326 1408 5382 radios
1430 5326 1572 5382 ferre
1619 5337 1901 5388 recusant.
1927 5343 2031 5382 ne-

447 5435 555 5490 que
569 5435 764 5489 parum
786 5418 1056 5474 laedantur
1079 5420 1124 5474 si
1150 5429 1442 5475 ventorum
1465 5420 1790 5475 violentiore
1822 5419 2031 5490 impetu

450 5511 790 5582 quatiantur,
822 5511 1056 5581 ideoque
1089 5529 1316 5584 prorsus
1353 5528 1492 5583 opus
1531 5512 1736 5567 habent
1754 5511 2034 5568 nonnullis

443 5619 513 5657 ex
539 5611 657 5658 arte
692 5603 1044 5676 adjumentis,
1076 5615 1240 5675 atquc
1281 5605 1623 5660 munimento
1643 5609 1760 5674 jquo
1793 5602 2032 5658 circum-

447 5705 703 5768 tegantur
742 5697 883 5763 :sic,
923 5697 1137 5766 Opinor,
1183 5699 1352 5753 etiam
1397 5696 1638 5751 hominis
1677 5697 1857 5750 anima
1911 5712 2034 5765 quae

2143 571 2502 634 καθιστάντος
2548 571 2646 642 τὴν
2695 570 2794 640 τῆς
2844 567 3119 638 σωτηρίοις
3157 566 3293 621 ὁδόν.
3340 568 3465 632 Τοῖς
3503 584 3566 636 γε
3617 568 3724 640 μὴν

2136 663 2295 718 τοῦτο
2323 664 2456 736 δρᾷν
2483 664 2784 735 ᾑρημένοις
2803 703 2818 727 ,
2850 660 3190 734 ἐπιτρίζουσι
3219 660 3318 732 μέν
3345 662 3470 726 τοὺς
3503 661 3723 725 ὀδόντας

2137 754 2188 806 οἰ
2208 754 2346 808 κατὰ
2376 754 2525 808 τόνδε
2562 753 2653 807 τὸν
2685 753 2885 824 κόσμον
2915 753 3138 824 ἐχθροὶ,
3171 752 3480 824 παραθήγει
3517 770 3582 821 γε
3617 753 3727 824 μὴν

2139 845 2219 908 εἰς
2245 844 2531 915 εὐτολμίαν
2562 845 2590 897 6
2611 843 2775 915 νόμος
2837 843 2931 896 καὶ
2964 842 3375 915 παραθαρσύνει
3417 842 3730 914 πεφοϐημέ·

2141 953 2270 1001 νους
2293 952 2309 968 °
2347 938 2441 992 καὶ
2484 939 2567 991 ὅτι
2597 939 2847 991 πεσεῖται
2879 936 2987 990 τῶν
3025 935 3281 990 ἐναντίων
3319 935 3381 989 τὸ
3423 938 3631 1006 στῖφος,
3665 932 3726 990 εὖ

2143 1028 2289 1100 μάλα
2315 1027 2613 1100 καταδηλοῖ
2632 1044 2646 1059 ’
2671 1027 2733 1080 τδ
2765 1026 2874 1098 γὰρ
2899 1027 2963 1079 ἐκ
2994 1024 3172 1078 ποδῶν
3208 1024 3460 1094 γενέσθαι
3485 1025 3612 1090 τοὺς
3641 1027 3730 1080 Αἰ-

2139 1121 2400 1190 γυπτίους
2429 1119 2577 1174 τουτί
2605 1113 2706 1173 που
2741 1119 2959 1182 πάντως
2982 1119 3118 1190 ἡμῖν
3144 1116 3520 1172 ύπαινίττεται
3551 1133 3568 1149 ο
3600 1119 3730 1182 τοῦς

2139 1210 2196 1264 δὲ
2217 1212 2273 1263 ἐν
2300 1210 2483 1279 φόϐοις
2503 1210 2662 1273 ὄντας
2691 1207 2786 1263 τοῦ
2810 1207 3028 1273 παθεῖν,
3053 1207 3130 1272 ὡς
3159 1209 3217 1262 ἐν
3247 1207 3404 1278 τύπῳ
3443 1207 3606 1261 πάλιν
3630 1207 3728 1261 τοῦ

2143 1303 2299 1372 ἁγίου
2332 1301 2703 1372 βαπτίσματος
2739 1298 2962 1364 διέσωζε
3016 1299 3171 1363 Θεός.
3201 1318 3220 1352 ι
3258 1299 3505 1370 Λάλησον
3534 1299 3667 1372 γὰρ,
3704 1318 3723 1350 ι

2143 1395 2294 1464 φησί,
2336 1412 2353 1444 ι
2395 1395 2508 1456 τοῖς
2539 1393 2671 1455 υἰοῖς
2719 1391 2952 1463 Ἰσραὴλ,
2984 1391 3081 1446 καὶ
3118 1389 3594 1456 άναζευξάτωσανο
3632 1392 3729 1444 καὶ

2143 1485 2207 1538 σὺ
2241 1483 2442 1556 ἐπαρον
2471 1485 2571 1556 τὴν
2607 1483 2801 1555 ῥάϐδον
2831 1501 2948 1546 σου,
2997 1483 3092 1538 καὶ
3127 1481 3380 1536 ἔκτεινον
3421 1483 3524 1554 τὴν
3567 1484 3729 1555 χεῖρά

2143 1593 2236 1629 σου
2266 1577 2358 1630 ἐπὶ
2393 1576 2490 1649 τὴν
2527 1575 2820 1642 θάλασσαν,
2854 1578 2948 1630 καὶ
2975 1577 3205 1648 ξήρανον
3243 1577 3415 1646 αὑτήν
3441 1593 3457 1607 ’
3491 1577 3588 1630 καὶ¹
3616 1579 3730 1630 εἰσ·

2141 1668 2443 1724 ελθέτωσαν
2502 1672 2551 1723 οἰ
2605 1670 2712 1723 υἰοὶ
2769 1669 2989 1740 Ἰσραὴλ
3055 1670 3136 1732 είς
3183 1669 3345 1740 μέσον
3378 1669 3477 1738 τῆς
3520 1668 3726 1724 θαλάσ-

2145 1779 2263 1834 σης.
2327 1781 2345 1814 ι
2387 1763 2459 1815 ’Ἡ
2507 1761 2606 1833 οὐχ
2659 1763 2688 1815 6
2747 1761 3037 1826 θεσπέσιος
3086 1761 3290 1833 γράφει
3329 1761 3540 1827 Παῦλος
3598 1763 3732 1834 περὶ

2144 1855 2251 1907 τῶν
2285 1854 2417 1909 υίῶν
2455 1853 2673 1926 Ἰσραὴλ
2697 1893 2712 1920 ,
2753 1855 2837 1907 ὅτι
2891 1855 3095 1918 πάντες
3127 1855 3210 1917 εἰς
3245 1853 3338 1908 τὸν
3386 1854 3564 1928 Μωσῆ
3599 1854 3725 1908 ἐϐα-

2076 1925 2118 1981 Β
2149 1946 2450 2018 πτίσθησαν
2479 1925 2545 2002 ἐν
2580 1951 2646 2021 τῇ
2678 1947 2878 2018 νεφέλῃ
2911 1946 3006 2002 καὶ
3036 1937 3099 2000 ἐν
3123 1949 3188 2018 τῇ
3219 1945 3501 2018 θαλάσσῃ;

2216 2037 2424 2094 ΠΑΛΛ.
2452 2039 2524 2092 Σύ
2533 2056 2738 2111 μφημι.

2215 2133 2384 2188 ΚΥΡ.
2432 2133 2552 2204 Χρὴ
2595 2131 2886 2204 τοιγαροῦν
2931 2131 3058 2195 τοὺς
3095 2130 3407 2186 ἀκολουθεῖν
3446 2128 3732 2195 ἐθέλοντας

2143 2222 2221 2294 τῷ
2253 2224 2494 2296 Χριστῷ,
2527 2225 2623 2279 καὶ
2646 2224 2783 2295 πρὸς
2816 2225 2915 2296 τὴν
2946 2224 3058 2280 ἄνω
3091 2225 3421 2288 σπεύδοντας
3449 2224 3626 2288 πόλιν,
3653 2223 3730 2294 μὴ

2144 2317 2392 2389 ἐνιζῆσαι
2429 2317 2506 2388 τῷ
2546 2317 2696 2388 νόμῳ
2722 2358 2736 2382 ,
2781 2316 2915 2388 μηδὲ
2940 2318 3064 2382 ταῖς
3098 2316 3187 2370 διὰ
3213 2315 3461 2380 Μωσέως
3487 2315 3732 2378 ἐντολαῖς

2143 2409 2538 2480 άμεταστάτως
2567 2408 3078 2479 ἐγκαταυλίζεσθαι,
3107 2410 3201 2464 καὶ
3224 2412 3404 2474 σκιαῖς
3426 2410 3521 2464 καὶ
3536 2409 3731 2472 τύποις

2143 2499 2568 2571 ἐμφιλοχωρεῖν·
2605 2501 3000 2570 ἀναζευγνύναι
3037 2501 3093 2555 δέ
3126 2500 3327 2572 μᾶλλον
3357 2503 3452 2554 καὶ
3484 2518 3731 2572 μεταχωο

2148 2592 2258 2660 ρεῖν
2300 2589 2566 2662 ἑτέρωσε,
2603 2591 2747 2644 τοῦτ’
2777 2591 2946 2657 ἐστιν,
2991 2591 3085 2644 ἐπὶ
3129 2592 3191 2644 τὸ
3234 2591 3389 2660 ἅγιον
3421 2591 3728 2662 βάπτισμα.

2143 2681 2314 2736 Τοῦτο
2337 2681 2447 2754 γάρ
2493 2682 2664 2755 ἔδρων
2695 2685 2744 2736 οἰ
2773 2683 2945 2738 πάλαι
2975 2683 3118 2738 κατὰ
3151 2683 3449 2756 πρόσταξιν
3476 2683 3612 2738 Θεοῦ
3641 2684 3732 2738 διὰ

2147 2771 2326 2843 μέσων
2360 2774 2544 2838 ’ἰόντες
2579 2774 2860 2844 κυμάτων,
2890 2774 2984 2829 καὶ
3017 2774 3092 2839 ὡς
3117 2775 3146 2827 6
3175 2774 3384 2837 Παῦλός
3430 2790 3616 2847 φησιν,
3674 2775 3734 2828 ἐν

2143 2863 2386 2937 θαλάσσῃ
2419 2865 2805 2936 βαπτιζόμενοι
2825 2884 2838 2896 ο
2869 2865 2994 2919 τότε
3023 2865 3133 2938 γάρ
3155 2865 3258 2938 δὴ,
3288 2865 3410 2920 τότε
3445 2867 3542 2922 καὶ
3568 2866 3733 2921 αὐτὸν

2142 2955 2350 3021 ἕξουσιν
2387 2957 2602 3027 ἀρωγὸν
2622 2957 2714 3012 τὸν
2741 2956 2878 3012 Θεοῦ
2906 2975 2966 3011 τε
2999 2959 3094 3012 καὶ
3124 2958 3429 3030 ἀνθρώπων
3460 2958 3689 3028 μεσίτην
3709 2999 3725 3021 ,

2142 3047 2374 3120 Χριστὸν
2414 3049 2821 3121 ’1ησοῦν..Θεὸς
2847 3050 2956 3121 γὰρ
2983 3049 3058 3105 ῶν
3082 3052 3110 3104 6
3132 3050 3327 3119 Λόγος,
3351 3050 3542 3120 γέγονε
3569 3050 3731 3121 σάρξ·

2142 3141 2236 3194 καί
2265 3139 2387 3194 καθ’
2413 3141 2604 3213 ἕτερον
2633 3141 2690 3195 δέ
2731 3142 2951 3214 τρόπον,
2993 3142 3220 3213 μεσίτην
3257 3141 3617 3213 οἰκονομικῶς
3649 3141 3732 3206 ὡς

2141 3232 2229 3286 διά
2273 3232 2440 3304 μέσου
2474 3236 2675 3304 χωρεῖν
2708 3234 2940 3289 εἰωθότα
2977 3232 3087 3286 τῶν
3125 3251 3184 3287 τε
3222 3233 3529 3306 σεϐομένων
3567 3233 3734 3288 αὐτὸν

2147 3324 2242 3378 καῖ
2265 3324 2373 3378 τῶν
2395 3325 2702 3380 διωκόντων
2719 3326 3034 3392 αύτοὺς,κα“ι
3053 3326 3386 3398 συμμίσγειν
3407 3326 3506 3380 οῦκ
3526 3324 3732 3390 ἐῶντα,

2143 3415 2244 3479 τάς
2271 3432 2332 3469 τε
2355 3415 2464 3468 τῶν
2495 3415 2754 3471 ἐναντίων
2775 3417 3000 3487 ἐφόδους
3021 3417 3430 3472 ἀποκωλύοντα.
3469 3437 3491 3471 ι
3531 3417 3735 3487 Ἐξῆρε

2145 3507 2272 3577 γὰρ,
2302 3525 2320 3558 ι
2355 3506 2542 3577 φησιν,
2578 3525 2596 3558 ι
2626 3507 2655 3560 6
2680 3506 2910 3577 ἄγγελος
2931 3506 3026 3562 τοῦ
3056 3505 3213 3570 Θεοῦ,
3233 3507 3326 3560 καὶ
3349 3508 3377 3559 6
3419 3505 3610 3568 στύλος
3628 3505 3736 3578 τῆς

2144 3597 2374 3669 νεφέλης
2398 3635 2415 3663 ,
2458 3600 2556 3652 καὶ
2603 3599 2852 3670 εἰσῆλθεν
2901 3599 3004 3653 ἀνὰ
3039 3599 3204 3670 μέσον
3238 3599 3338 3670 τῆς
3373 3597 3735 3676 παρεμϐολῆς

2143 3683 2250 3736 τῶν
2279 3685 2611 3753 Αἰγυπτίων,
2640 3688 2734 3740 καὶ
2771 3686 2874 3741 ἀνά
2909 3687 3072 3758 μέσον
3101 3688 3202 3758 τῆς
3231 3687 3581 3760 παρεμϐολῆς
3623 3689 3734 3742 ’ῐσσ

2145 3774 2304 3845 ραὴλ,
2336 3776 2431 3830 καὶ
2452 3776 2512 3829 ού
2555 3775 2852 3848 συνέμιξαν
2880 3778 3132 3850 ἀλλήλοις
3169 3777 3300 3849 ὃλην
3332 3778 3432 3850 τὴν
3461 3779 3651 3832 νύκτα.
3705 3798 3726 3832 ι

2155 3865 2242 3929 Ὡς
2271 3866 2330 3918 ἐν
2359 3867 2577 3937 ἀγγέλῳ
2605 3867 2663 3920 δέ
2701 3867 2863 3923 πάλιν
2917 3867 3014 3920 καὶ
3039 3867 3118 3932 ὡς
3147 3868 3208 3920 ἐν
3238 3867 3414 3938 στύλῳ
3440 3866 3673 3938 νεφέλης
3701 3869 3733 3920 6

2141 3954 2379 4025 Χριστὸς
2409 3957 2756 4028 σημαίνεται.
2800 3957 3064 4012 Καλεῖται
3090 3958 3199 4030 γὰρ
3233 3958 3300 4012 τὸ
3331 3958 3504 4029 ὄνομα
3536 3957 3730 4023 αὐτοῦ,

2149 4068 2168 4098 ι
2195 4048 2438 4119 μεγάλης
2471 4048 2667 4121 βουλῆς
2698 4050 2978 4118 Ἄγγελος.
3007 4070 3024 4103 ι

2212 4141 2418 4194 ΠΑΛΛ.
2447 4141 2889 4206 Μεσολαϐοῦντος
2919 4142 3028 4216 ἄρα
3047 4143 3305 4215 Χριστοῦ,
3326 4146 3439 4208 τοῖς
3468 4145 3729 4215 πολεμεῖν

2141 4231 2417 4288 ἐθέλουσιν
2447 4234 2507 4288 οὐ
2541 4233 2886 4306 συμμίξομεν
2914 4253 2928 4302 ;

2211 4409 2510 4466 KYP.'063
2531 4412 2626 4484 μὲν
2646 4415 2758 4485 ἔχει
2772 4415 2828 4468 τὸ
2846 4415 3053 4486 χρῆμα⁶
3076 4417 3218 4479 νοεῖς
3235 4414 3342 4487 γὰρ
3359 4414 3554 4486 ὀρθῶς.
3575 4419 3730 4486 Πλὴν

2141 4503 2314 4558 ἐκεῖνό
2345 4522 2508 4576 φημι,
2540 4507 2633 4560 καὶ
2662 4508 2762 4560 οὐκ
2794 4508 2902 4561 ἀπὸ
2949 4507 3174 4575 σκοποῦ,
3214 4508 3462 4581 καθάπερ
3486 4505 3728 4582 ἐγῷμαι,

2072 4637 2114 4690 D
2141 4595 2200 4648 τὸ
2230 4596 2419 4652 δοκοῦν
2450 4600 2758 4670 οἰχήσεται⁸
2790 4601 2914 4669 ἄρτι
2958 4602 3056 4672 μὲν
3093 4602 3198 4674 γὰρ
3230 4603 3332 4672 τῆς
3359 4603 3642 4675 φιληδόνου
3665 4622 3728 4658 τε

2141 4690 2234 4743 καὶ
2263 4691 2560 4762 ἐγκοσμίου
2589 4691 2737 4763 ζωῆς
2765 4694 3068 4765 ἀποφοιτᾷν
3091 4695 3380 4766 ᾑρημένοι,
3406 4694 3638 4748 ἐπεσθαί
3663 4714 3729 4750 τε

2137 4782 2248 4836 δεῖν
2272 4785 2354 4838 ὅτι
2372 4784 2607 4855 μάλιστα
2635 4785 3079 4850 διεσπουδακότες
3097 4791 3211 4851 τοῖς
3231 4785 3326 4841 τοῦ
3349 4788 3485 4842 Θεοῦ
3511 4789 3726 4860 νόμοις,

2138 4875 2292 4930 οὔπω
2325 4894 2388 4946 γε
2425 4877 2530 4949 μὴν
2560 4878 2658 4950 τὴν
2692 4878 2779 4934 διὰ
2815 4880 2910 4932 τοῦ
2955 4879 3116 4948 ἁγίου
3149 4881 3526 4953 βαπτίσματος
3556 4899 3731 4937 κατα-

2140 4969 2541 5040 πλουτήσαντες
2565 4971 2744 5043 χάριν,
2779 4973 2838 5024 οὐ
2877 4971 2996 5025 λίαν
3027 4973 3193 5044 ἐσμὲν
3218 4973 3525 5040 εὐσθενεῖς,
3555 4975 3729 5046 ῆγουν

2141 5060 2436 5130 ἐπιτήδειοι
2460 5063 2598 5132 πρὸς
2621 5062 2683 5115 τὸ
2713 5064 2908 5133 χρῆναι
2928 5064 3245 5136 τληπαθεῖν,
3272 5067 3368 5121 καὶ
3391 5067 3727 5138 ἀνασχέσθαι

2140 5151 2316 5204 πόνων
2349 5151 2456 5206 τῶν
2490 5153 2630 5224 ὑπὲρ
2662 5155 2900 5225 ἀρετῆς,
2940 5156 3036 5209 καὶ
3089 5157 3343 5228 πολέμων
3389 5161 3586 5229 πεῖραν
3633 5158 3727 5214 δύ-

2140 5240 2332 5296 νασθαι
2351 5242 2666 5313 διενεγκεῖν.
2679 5245 2885 5317 Ὥσπερ
2907 5247 2965 5300 δὲ
2991 5247 3060 5300 τὰ
3089 5248 3354 5320 ἀρτιθαλῆ
3384 5249 3496 5304 τῶν
3515 5243 3743 5319 φυτῶν,’

2135 5333 2238 5404 τῆς
2271 5336 2648 5406 ἀκμαιοτάτης
2692 5338 2791 5409 μὲν
2823 5338 2918 5392 τοῦ
2966 5339 3120 5411 ἡλίου
3161 5340 3323 5413 βολῆς
3368 5345 3724 5414 παραιτεῖται

2129 5425 2190 5478 τὸ
2223 5425 2441 5496 βλάϐος,
2466 5428 2734 5483 ἀδικοῖντο
2759 5430 2803 5483 δ’
2837 5432 2904 5485 ἂν
2935 5431 2998 5484 ού
3025 5432 3282 5504 μετρίως,
3314 5435 3363 5486 εἰ
3391 5435 3725 5505 πνευμάτων

2129 5517 2389 5586 ἐμϐολαῖς
2431 5521 2799 5592 άγριωτέραις
2851 5523 3356 5596 διακραδαίνοιντο,
3412 5526 3495 5580 δεῖ
3543 5526 3602 5580 δέ
3654 5527 3720 5599 δὴ

2131 5608 2349 5673 πάντως
2381 5611 2568 5674 αὐτοῖς
2608 5611 2720 5665 τῶν
2759 5613 2823 5665 ἐκ
2857 5614 3053 5685 τέχνης
3097 5615 3585 5688 ἐπικουρημάτων,
3624 5618 3723 5670 καὶ

2131 5701 2230 5770 τῆς
2249 5702 2306 5755 ἐν
2331 5701 2516 5772 κύκλῳ
2538 5702 2835 5773 περιϐολῆς
2861 5723 2874 5736 υ
2903 5705 3043 5761 κατὰ
3066 5707 3158 5761 τὸν
3183 5708 3369 5776 αὑτὸν,
3392 5704 3566 5780 οἶμαι,
3597 5726 3722 5763 του-

517 5794 761 5852 ".Exod.
802 5797 1105 5865 mutii—16.
1180 5798 1220 5828 "
1260 5797 1278 5850 l
1313 5795 1441 5851 Cor.
1488 5795 1648 5861 x,2.-
1699 5795 1743 5826 ⁸¹
1774 5793 1946 5849 Exod.
1984 5811 2091 5863 xiv,
2138 5797 2228 5863 20,
2279 5798 2368 5854 9|.
2438 5799 2482 5832 ⁸³
2522 5799 2647 5854 lsai.
2685 5816 2758 5865 ix,
2789 5802 2820 5856 ϐ
