4096 6446
334 418 458 478 973

1108 417 1199 474 DE
1236 411 1685 472 ADORATIONE
1720 409 1789 467 lN
1826 408 2102 470 SPlRlTU
2141 413 2230 471 El‘
2266 415 2639 473 VERITATE.
2676 416 2805 472 LIB.
2851 392 2951 471 ιιι.¹

3547 411 3653 466 276

336 534 466 590 τονὶ
507 534 713 608 τρόπον
760 533 856 587 καὶ
879 533 914 604 ἡ
945 531 1038 586 τοῦ
1082 529 1378 604 ἀνθρώπου
1401 528 1575 602 ψυχὴ,
1607 528 1733 600 ἄρτι
1756 527 1860 598 τῆς
1889 529 1954 581 ἐκ
1983 577 1984 583 η

2087 548 2236 603 ιυρει·
2272 549 2303 589 e
2333 535 2598 593 servitute
2622 536 2888 592 vitiorum
2915 532 3228 597 emerserit,
3256 530 3322 586 ad
3343 529 3658 586 melibrem-

339 627 548 684 παθῶν
568 627 812 690 δουλείας
835 626 1196 699 ἐκτρέχουσα,
1225 624 1475 696 καὶπρὸς
1497 623 1566 678 τὰ
1587 621 1806 695 ἀμείνω
1826 621 1958 694 μεθ-

336 719 704 794 ορμιζομένη
733 762 748 787 ,
807 720 906 775 καὶ
942 719 1022 791 τῷ
1061 717 1192 790 θείῳ
1223 717 1649 773 κατακολουθεῖν
1697 716 1960 771 ἐθέλουσα

343 813 527 886 νόμῳ,
555 812 929 884 τρυφερόνους
954 810 1016 865 τέ
1049 813 1171 866 ἐστι
1194 811 1291 864 καὶ
1315 809 1682 881 εὐαφεστέρα,
1711 809 1805 864 καὶ
1831 808 1963 863 άνα-

346 906 575 959 σοῦοῖτο
607 905 870 971 εὐκόλως,
905 904 1100 958 ἀνόπιν
1132 901 1335 974 ἱδρῶτα
1372 901 1677 974 τεθεαμένη
1738 900 1834 956 καὶ
1871 918 1967 955 πο-

342 999 526 1070 λέμου
548 998 736 1070 νόμον,
767 995 1048 1051 ἀσπαστὸν
1068 996 1124 1050 δὲ
1145 997 1412 1067 ἡγήσεται
1437 997 1500 1050 τὸ
1525 997 1584 1050 ἐν
1604 989 1687 1058 οἷς
1716 989 1786 1066 ἦν
1833 1010 1966 1047 ποτε

341 1090 704 1161 διαγενέσθαι
742 1089 929 1147 πάλιν.
969 1089 1081 1144 Καὶ
1124 1087 1256 1158 γοῦν
1288 1090 1338 1142 οί
1381 1087 1443 1156 ἐξ
1485 1086 1705 1160 Ἰσραὴλ
1729 1086 1829 1158 τὴν
1856 1083 1966 1138 τῶν

342 1182 680 1251 Αἰγυπτίων
715 1181 1042 1253 τεθεαμένοι
1074 1180 1458 1254 παρασκευὴν,
1496 1178 1754 1252 καὶπρὸς
1799 1178 1968 1252 μόνην

344 1272 450 1326 τοῦ
478 1273 730 1344 πολέμου
761 1257 860 1346 τῆν
886 1271 1020 1326 θέαν
1047 1272 1438 1345 ἀπειρηκότες,
1465 1271 1766 1343 ἐπεφύοντο
1785 1271 1969 1342 λέγον-

345 1382 449 1429 τες
475 1364 562 1436 τῷ
585 1364 860 1436 θεσπεσίῳ
884 1365 1086 1437 Μωσῇο
1129 1383 1148 1416 ι
1188 1365 1264 1419 Οὐ
1295 1363 1454 1418 τοῦτο
1489 1365 1640 1436 ῥῆμα
1663 1359 1732 1436 ἦν
1769 1364 1798 1417 ὃ
1844 1363 1970 1417 ἐλα-

345 1456 609 1529 λήσαμεν
633 1460 692 1512 ἐν
730 1456 996 1530 Αἰγύπτῳ
1022 1457 1159 1530 πρὸς
1190 1458 1251 1512 σέ
1273 1457 1547 1527 λέγοντες,
1578 1458 1757 1530 Πάρες
1783 1458 1954 1529 ἡμᾶς,

345 1552 513 1616 ὅπως
564 1549 952 1622 δουλεύσωμεν
993 1553 1110 1615 τοῖς
1153 1550 1512 1621 Αίγυπτίοιςς
1564 1553 1822 1624 κρεῖσσον
1863 1549 1974 1622 γὰρ

347 1645 510 1716 ἡμᾶς
537 1643 816 1698 δουλεύειν
842 1644 1166 1715 Αἰγυπτίοις
1183 1685 1199 1710 ,
1221 1645 1254 1716 ἢ
1275 1645 1570 1701 ἀποθανεῖν
1593 1646 1653 1700 ἐν
1682 1649 1748 1718 τῇ
1781 1645 1974 1717 ἐρήμῳ

346 1736 562 1812 ταύτῃ.
607 1756 627 1791 ι
677 1737 892 1792 Οὐκοῦν
925 1737 1165 1810 ἀδρανὴς
1202 1739 1284 1802 είς
1319 1738 1524 1810 μάχην,
1555 1738 1650 1793 καὶ
1681 1737 1820 1810 πρὸς
1848 1737 1972 1791 δου-

347 1829 513 1884 λείαν
556 1830 921 1902 ἐτοιμοτάτη,
968 1831 1066 1886 καὶ
1136 1831 1583 1902 εὐκαταπτόητος
1627 1830 1821 1902 κομιδῇ
1867 1829 1974 1902 πρὸ

349 1923 456 1977 τοῦ
482 1923 649 1993 ἁγίου
692 1923 1069 1997 βαπτίσματος
1109 1925 1144 1996 ἡ
1172 1924 1266 1978 τοῦ
1304 1923 1596 1997 ἀνθρώπου
1625 1923 1804 1995 ψυχή’
1845 1924 1893 1976 εί
1919 1923 1978 1976 δὲ

346 2018 420 2090 δὴ
446 2019 698 2090 τυχοῦσα
726 2020 827 2090 τῆς
845 2019 1072 2091 χάριτος
1093 2018 1192 2092 τὴν
1223 2017 1284 2084 ἐξ
1306 2017 1477 2089 ῦψους
1505 2018 1736 2090 δύναμιν
1765 2018 1977 2090 ἀμφιά-

353 2127 522 2164 σαιτο
552 2151 569 2176 ,
626 2110 1036 2166 εὐσθενέστατα
1077 2109 1176 2181 μὲν
1217 2111 1575 2182 άντεγκομιεῖ
1603 2113 1718 2174 τοῖς
1755 2110 1979 2165 διώκειν

351 2203 640 2269 ἐθέλουσι,
665 2204 763 2259 καὶ
786 2205 1139 2276 διαμαχεῖται
1161 2205 1451 2274 γενναίως,
1478 2203 1653 2277 ῥᾷστα
1684 2205 1731 2259 δ’
1767 2204 1835 2259 ἂν
1862 2204 1980 2260 δια-

353 2297 672 2368 κροῦσαι-ιο
698 2297 802 2363 τὰς
826 2298 938 2353 τῶν
967 2298 1243 2370 πολεμίων
1271 2299 1708 2362 ἐπαναστάσεις,
1744 2315 1980 2370 στρατη·-

356 2390 598 2460 γοῦντός
623 2410 685 2447 τε
713 2393 810 2446 καὶ
844 2391 1283 2464 προασπίζοντος
1307 2391 1568 2464 Χριστοῦ.
1601 2391 1980 2464 Περιεσόμεθα

356 2485 476 2556 γὰρ
509 2484 616 2557 οὐχ
649 2485 856 2557 ἑτέρως
879 2485 913 2556 ἢ
947 2485 1092 2540 κατὰ
1121 2485 1315 2539 τοῦτον
1341 2483 1506 2538 αὑτὸν
1533 2483 1626 2538 τὸν
1647 2483 1869 2554 τρόπον.

442 2575 660 2632 ΠΑΛΔ.
705 2575 914 2630 Σκόπει
955 2577 1021 2650 δὴ
1066 2573 1161 2630 οὖν
1200 2575 1290 2631 διὰ
1319 2575 1492 2631 ποίων
1530 2577 1664 2648 ἡμῖν
1692 2575 1788 2630 καὶ
1823 2573 1983 2630 τοῦτο

361 2669 763 2741 παραστήσεις
803 2669 1307 2742 παραδειγμάτων·
1354 2669 1660 2741 ἀπορήσεις
1706 2668 1816 2741 γὰρ
1863 2667 1980 2724 οὔτι

361 2780 473 2817 που
481 2802 498 2817 ο

441 2859 614 2912 ΚΥΡ.
641 2856 742 2912 Διὰ
771 2858 1043 2914 πλείστων
1063 2857 1164 2931 μὲν
1192 2852 1287 2913 οῦν
1319 2859 1463 2914 ὅσων
1487 2856 1802 2924 καταδεῖξαι
1827 2857 1979 2930 ῥᾷον,

366 2949 520 3023 πλὴν
551 2951 665 3005 ἀπό
715 2968 782 3021 γε
812 2950 1034 3022 πρώτου
1058 2949 1154 3006 τοῦ
1189 2951 1463 3021 γείτονος,
1495 2951 1590 3005 καὶ
1622 2951 1682 3019 ἐξ
1713 2943 1789 3005 ὧν
1820 2949 1985 3014 αὐτὸς

369 3045 670 3117 γέγραφεν
699 3047 730 3100 ό
757 3045 968 3118 Μωσῆς
992 3061 1006 3076 ⁸
1029 3047 1078 3099 οἱ
1103 3045 1212 3118 γὰρ
1240 3045 1376 3117 πρὸς
1423 3047 1592 3119 μόνην
1621 3045 1986 3118 ἀπειρηκότες

365 3140 485 3193 τῶν
515 3138 842 3208 Αίγυπτίων
887 3138 987 3211 τὴν
1014 3136 1168 3202 θέαν,
1199 3137 1391 3210 ἐπειδὴ
1437 3137 1538 3210 τὴν
1584 3137 1857 3210 Ἐρυθρὰν
1903 3138 1984 3192 δι-

2061 641 2167 698 que
2192 625 2405 699 frugem
2447 629 2706 695 evaserit,
2737 646 2802 685 ac
2837 628 2934 684 Dei
2972 627 3150 699 legem
3193 623 3350 696 sequi
3396 623 3656 686 voluerit,

2026 749 2032 752 -
2063 723 2298 780 delicata
2320 723 2503 779 adhuc
2529 731 2587 779 et
2608 723 2830 780 mollior
2865 738 2992 778 cum
3017 721 3109 786 sit,
3140 718 3235 774 ubi
3274 717 3533 774 sudorem
3571 715 3658 770 vi-

2065 815 2209 872 derit
2254 815 2614 886 laboremque
2672 830 2889 887 pugnae,
2934 821 3085 869 metu
3128 811 3448 884 perterrita,
3501 810 3661 865 facile

2066 918 2219 983 terga
2257 917 2455 975 vertet,
2489 908 2843 980 optabileque
2879 907 3047 964 ducet
3068 921 3145 962 ea
3171 913 3421 977 repetere
3459 905 3514 958 in
3542 904 3664 974 qui-

2065 1003 2171 1058 bus
2205 1010 2367 1058 antea
2401 1001 2744 1057 versabatur.
2790 999 2979 1071 ltaque
3026 998 3312 1063 lsmelitm,
3347 1012 3473 1052 cum
3500 995 3665 1067 [Egy-

2067 1092 2308 1164 ptiorum
2347 1102 2667 1165 apparatum
2697 1091 2989 1154 vidissent,
3018 1100 3182 1162 atque
3211 1091 3275 1147 ad
3304 1105 3500 1163 pugnat
3529 1106 3666 1146 con-

2069 1193 2320 1257 spectum
2347 1185 2616 1241 duntaxat
2649 1183 2864 1240 animos
2899 1183 3253 1256 abjeeissent,
3283 1183 3664 1255 insurgebant,

2070 1277 2320 1336 dicentes
2342 1279 2563 1353 Moysi:
2615 1298 2632 1331 ι
2669 1277 2866 1337 Nonne
2917 1277 3025 1333 hoc
3074 1284 3204 1332 erat
3236 1276 3468 1333 verbum
3517 1274 3667 1346 quod

2072 1371 2243 1428 locuti
2268 1387 2458 1428 sumus
2480 1371 2548 1428 ad
2570 1379 2621 1428 te
2652 1372 2708 1427 in
2735 1371 2987 1444 Egypto,
3017 1370 3293 1426 dicentes:
3319 1369 3543 1425 Dimitte
3567 1384 3669 1423 nos

2079 1473 2141 1521 ut
2190 1466 2502 1521 serviamus
2523 1464 2836 1538 IEgyptiis?
2862 1463 3062 1518 melius
3091 1461 3240 1517 enim
3273 1470 3395 1517 erat
3417 1476 3518 1516 nos
3552 1476 3668 1516 scr-

2073 1558 2192 1613 vire
2219 1556 2510 1629 Egyptiis,
2536 1574 2700 1630 quam
2731 1557 2874 1612 mori
2913 1558 2970 1612 in
3008 1557 3231 1612 deserto
3258 1555 3366 1610 hoc
3381 1554 3429 1586 ”
3455 1595 3468 1607 .
3507 1572 3525 1606 ι
3566 1553 3671 1608 lm-

2073 1650 2233 1706 bellis
2255 1667 2388 1723 ergo
2411 1651 2478 1707 ad
2501 1667 2740 1723 pugnam
2761 1659 2926 1723 atque
2966 1650 3033 1706 ad
3066 1649 3424 1706 metuendum
3467 1646 3671 1718 procli-

2073 1743 2191 1810 vis,
2246 1753 2302 1801 et
2339 1743 2613 1814 ejusmodi
2668 1759 2792 1815 qum
2837 1742 3134 1799 admodum
3191 1740 3352 1797 facile
3402 1738 3671 1795 deterreri
3736 1794 3738 1797 .

2078 1829 2274 1908 possit,
2309 1836 2491 1892 anima
2521 1837 2764 1893 hominis
2801 1843 2886 1892 est
2916 1845 3045 1892 ante
3093 1851 3314 1892 sacrum
3363 1833 3669 1905 baptisma:

2081 1935 2157 1992 at,
2191 1927 2237 1983 si
2262 1928 2376 1999 jam
2408 1927 2554 1984 facta
2577 1929 2698 2000 ejus
2738 1928 2929 2000 gratia:
2967 1943 3213 1998 compos,
3251 1926 3404 1982 illam
3450 1941 3518 1981 ex
3563 1925 3675 1980 alto

2081 2019 2344 2076 virtutem
2386 2020 2577 2077 induta
2601 2020 2791 2087 fuerit,
2830 2028 2946 2077 tum
2991 2037 3124 2076 vero
3165 2019 3467 2076 fortissime
3529 2017 3677 2074 obsi-

2079 2119 2189 2167 stet
2211 2112 2470 2184 persequi
2505 2114 2880 2184 cupientibus,
2915 2129 2980 2170 ac
3020 2122 3244 2170 strenue
3280 2111 3567 2185 pugnabit;
3601 2110 3678 2168 fa.

2080 2205 2287 2261 cillime
2311 2222 2533 2278 quoque
2565 2207 2832 2278 impetum
2862 2207 3116 2262 hostium
3143 2206 3423 2272 retundet,
3455 2203 3676 2265 Christo

2082 2306 2198 2353 tum
2237 2298 2398 2364 duce,
2442 2305 2557 2354 tum
2596 2306 3028 2371 propugnatore.
3070 2297 3262 2368 Neque
3311 2297 3460 2353 enim
3517 2296 3678 2351 aliter

2082 2407 2248 2463 quam
2278 2391 2382 2447 hac
2407 2407 2515 2447 una
2549 2391 2761 2447 ratione
2791 2390 3111 2463 superiores
3125 2391 3355 2447 erimus.

2154 2588 2355 2644 PALL.
2390 2588 2529 2645 Vide
2577 2588 2746 2661 igitur
2791 2587 2996 2659 quibus
3031 2587 3358 2643 hoe'etiam
3415 2587 3682 2657 exemplis

2085 2682 2516 2738 confirmaturus
2552 2682 2628 2739 sis
2655 2700 2669 2750 ;
2699 2697 2880 2754 neque
2918 2682 3068 2738 enim
3100 2697 3296 2737 eorum
3337 2680 3552 2752 copiam
3581 2680 3682 2737 tibi

2084 2772 2398 2830 defuturam
2428 2782 2586 2845 puto.

2153 2865 2315 2922 CYR.
2351 2865 2787 2938 Quamplurimis
2824 2865 2879 2922 id
2909 2865 3135 2938 quidem
3162 2865 3430 2937 exemplis
3451 2865 3688 2940 demon-

2086 2965 2264 3013 strare
2312 2957 2575 3028 perfacile
2624 2968 2742 3028 est;
2804 2965 3226 3025 verumtamen,
3262 2959 3504 3030 primum
3552 2958 3686 3013 illud

2086 3048 2214 3116 erit,
2251 3049 2399 3120 quod
2422 3057 2480 3105 et
2505 3050 2819 3120 proximum
2848 3055 2952 3115 est,
2994 3054 3052 3106 et
3084 3049 3200 3120 ipse
3230 3049 3444 3121 Moyses
3485 3047 3688 3103 litteris

2089 3139 2405 3196 mandavit:
2435 3142 2530 3212 qui
2565 3141 2715 3196 enim
2744 3141 2863 3196 solo
2905 3149 3132 3212 aspectu
3172 3139 3553 3213 [Egyptiorum
3585 3138 3689 3195 de-

369 3233 586 3300 έσησαν
641 3231 943 3298 θάλασσαν,
983 3234 1078 3288 καὶ
1125 3234 1220 3289 τὸν
1257 3233 1354 3288 τοῦ
1401 3232 1560 3302 ἁγίου
1610 3231 1984 3304 βαπτίσματος

2093 3230 2430 3301 sponderant
2479 3230 2714 3296 animos,
2762 3239 2955 3302 postea
3015 3246 3181 3301 quam
3235 3231 3488 3288 Rubrum
3535 3244 3687 3290 mare

367 3328 655 3400 ἐπλήρουν
685 3326 860 3382 τύπον
887 3328 1336 3400 (ἐϐαπτίσθησαν
1362 3326 1492 3400 γὰρ,
1523 3327 1711 3398 φησὶν,
1746 3327 1826 3389 είς
1856 3327 1988 3380 Μω-

372 3417 520 3482 σέα,
553 3417 812 3490 καθάπερ
859 3418 960 3472 καὶ
995 3418 1024 3470 ό
1063 3419 1229 3487 σοφὸς
1275 3417 1481 3491 γράφει
1527 3406 1775 3483 Παῦλος,
1821 3418 1880 3470 ἐν
1917 3419 1985 3489 τῇ

369 3509 579 3582 νεφέλῃ
607 3509 702 3563 καὶ
723 3509 784 3564 ἐν
805 3511 872 3582 τῇ
892 3509 1182 3584 θαλάσσῃ),
1225 3510 1454 3583 μάχιμοί
1473 3529 1534 3566 τε
1567 3513 1666 3584 ἤδη
1700 3512 1795 3567 καὶ
1827 3512 1990 3567 δεινοὶ

373 3601 521 3673 πρὸς
552 3601 872 3657 ἀντίστασιν
903 3605 1283 3660 ἀνεδείκνυντο
1300 3608 1416 3670 τοῖς
1441 3606 1679 3678 ἐχθροῖς,
1710 3606 1852 3678 πλὴν
1902 3606 1991 3662 διὰ

371 3693 643 3765 Χριστοῦ.
677 3695 1001 3768 Γέγραπται
1033 3697 1092 3752 δὲ
1116 3696 1313 3761 οὕτως’
1367 3715 1385 3749 ι
1426 3693 1604 3752 Ἦλθε
1631 3699 1689 3753 δέ
1733 3699 1991 3772 Ἀμαλὴκ

375 3788 477 3841 καὶ
524 3787 792 3859 ἐπολέμει
848 3789 1070 3862 Ἰσραὴλ
1109 3791 1168 3844 ἐν
1213 3790 1456 3861 Ῥαφδίν.
1501 3787 1653 3851 Εἵπε,
1683 3792 1741 3847 δὲ
1783 3792 1991 3864 Μωσῆς

374 3879 461 3952 τῷ
511 3879 726 3952 ἰησοῦι
765 3880 1050 3950 Ἐπίλεξαι
1087 3883 1300 3956 σεαυτῷ
1330 3883 1534 3956 ἄνδρας
1564 3883 1857 3950 δυνατοὺς,
1895 3886 1992 3942 καὶ

376 3977 621 4044 ἐξελθὼν
668 3977 987 4050 παράταξαι
1033 3978 1114 4051 τῷ
1161 3979 1411 4054 Ἀμαλὴκ
1460 3977 1687 4052 αὔριονο
1735 3980 1832 4036 καὶ
1882 3980 1991 4035 ίδοὺ

379 4071 498 4141 ἐγὼ
532 4069 746 4141 ἕστηκα
769 4070 865 4124 ἐπὶ
888 4070 990 4143 τῆς
1025 4071 1279 4145 κορυφῆς
1347 4071 1444 4126 τοῦ
1471 4071 1684 4143 βουνοῦ,
1714 4072 1866 4146 καὶὴ
1899 4073 1994 4144 ῥά-

378 4164 509 4229 ϐδος
532 4161 631 4218 τοῦ
660 4161 798 4218 Θεοῦ
824 4163 882 4217 ἐν
909 4166 977 4236 τῇ
1009 4163 1154 4236 χειρί
1184 4181 1309 4236 μου.
1334 4165 1447 4220 Καὶ
1469 4166 1726 4238 ἐποίησεν
1765 4166 1994 4238 Ἰησοῦς,

381 4253 647 4331 καθάπερ
672 4252 824 4325 αὑτῷ
849 4249 973 4307 εἶπε
994 4253 1225 4326 Μωσῆς,
1251 4254 1348 4310 καί¹
1373 4252 1612 4320 ἐξελθὼν
1641 4256 1996 4328 παρετάξατο

381 4345 464 4416 τῷ
503 4345 757 4417 ’Δμαλήκ
776 4361 790 4375 ·
814 4345 911 4400 καὶ
939 4345 1180 4415 Μωσῆς,
1214 4345 1312 4399 καὶ
1361 4344 1597 4418 Ἀαρὼν,
1627 4347 1723 4402 καὶ
1751 4347 1852 4419 Ὦρ
1900 4347 1998 4400 ἀν-

385 4437 596 4508 έϐησαν
616 4437 712 4495 ἐπὶ
731 4435 830 4508 τὴν
861 4435 1105 4509 κορυφὴν
1129 4435 1225 4490 τοῦ
1250 4435 1581 4509 βουνοῦ.Καὶ
1609 4437 1844 4508 ἐγίνετο,
1870 4439 2000 4494 ὅταν

2092 3323 2453 3394 trajecerunt,
2479 3337 2541 3377 ac
2569 3321 2746 3377 sancti
2781 3322 3130 3393 baptismatis
3167 3321 3398 3394 figuram
3436 3320 3692 3394 expleve-

2092 3423 2222 3470 runt
2254 3413 2544 3487 (baptizati
2576 3428 2814 3485 namque
2839 3422 2969 3470 sunt
3005 3413 3061 3469 in
3087 3414 3330 3486 Moysen,
3376 3421 3438 3468 ut
3468 3412 3689 3485 sapien-

2094 3507 2302 3564 tissime
2323 3507 2518 3564 scribit
2543 3507 2828 3573 Paulus”,
2856 3507 2914 3562 in
2959 3508 3074 3579 88
3117 3507 3266 3563 nube
3308 3515 3365 3563 et
3406 3507 3463 3562 in
3502 3504 3688 3578 mari),

2093 3601 2264 3658 fortes
2291 3603 2404 3674 jam
2438 3617 2503 3657 ac
2536 3609 2796 3658 strenuos
2820 3616 2879 3656 se
2909 3601 2976 3656 ad
3019 3600 3389 3658 resistendum
3438 3599 3692 3656 hostibus

2093 3693 2486 3764 praabuerunt;
2540 3711 2651 3750 non
2702 3702 2886 3750 tamen
2930 3693 3051 3749 sine
3093 3691 3336 3751 Christo.
3385 3691 3477 3748 Sic
3541 3692 3691 3748 enim

2096 3788 2366 3859 scriptum
2391 3795 2476 3844 est
2501 3805 2515 3842 :
2558 3789 2751 3846 «Venit
2775 3797 2962 3845 autem
2995 3787 3240 3853 Amalec,
3262 3793 3318 3842 et
3341 3786 3693 3858 oppugnabat

2095 3881 2262 3937 Israel
2286 3881 2342 3936 in
2372 3881 2691 3953 Raphidim.
2733 3881 2881 3938 Dixit
2915 3889 3100 3937 autem
3124 3881 3335 3952 Moyses
3355 3879 3550 3937 Josue:
3583 3879 3694 3934 Eli-

2097 3991 2161 4046 ge
2196 3974 2298 4031 tibi
2328 3975 2481 4030 viros
2509 3981 2784 4046 potentes,
2814 3980 2871 4029 et
2898 3989 3155 4045 egressus
3194 3971 3536 4044 congredere
3566 3986 3692 4026 eum

2097 4069 2321 4124 Amalec
2354 4083 2510 4134 cras;
2545 4075 2746 4122 etecee
2778 4082 2880 4138 ego
2909 4066 3067 4122 stabo
3105 4065 3161 4120 in
3187 4066 3390 4121 vertice
3425 4064 3602 4129 collis,
3638 4073 3697 4119 et

2097 4159 2248 4230 virga
2279 4158 2378 4214 Dei
2417 4158 2473 4212 in
2509 4173 2677 4213 manu
2700 4173 2842 4213 mea.
2884 4158 2953 4212 Et
2977 4155 3110 4212 fecit
3135 4155 3324 4223 Josue,
3365 4157 3508 4212 sicut
3555 4155 3696 4212 dixit

2099 4251 2152 4308 ei
2183 4251 2416 4323 Moyses,
2445 4258 2502 4305 et
2526 4250 2718 4306 exiens
2763 4264 3093 4322 congressus
3144 4257 3231 4305 est
3263 4264 3390 4305 cum
3434 4248 3692 4305 Amalec:

2101 4355 2157 4400 et
2188 4345 2400 4417 Moyses
2423 4353 2480 4400 et
2509 4343 2692 4399 Aaron
2715 4351 2772 4400 et
2802 4343 2920 4399 llur
2945 4343 3316 4398 ascenderunt
3348 4342 3404 4397 in
3428 4341 3694 4398 verticem

2103 4436 2279 4494 collis.
2309 4437 2378 4492 Et
2409 4435 2616 4492 factum
2641 4443 2746 4502 est,
2778 4434 3000 4507 quando
3044 4434 3300 4491 elevabat
3338 4435 3552 4508 Moyses
3577 4451 3697 4490 ma—

384 4529 565 4602 ἐπῆρε
590 4529 800 4602 Μωσῆς
825 4529 925 4592 τὰς
949 4529 1139 4602 χεῖρας
1177 4529 1474 4602 κατίσχυεν
1510 4530 1749 4604 Ἰσραὴλ,
1784 4533 1913 4586 ὅταν
1940 4531 1984 4586 δέ

2105 4546 2232 4596 nus,
2269 4528 2603 4602 praevalebat
2627 4527 2828 4596 Israel;
2876 4525 3099 4599 quando
3150 4533 3334 4582 autem
3380 4525 3700 4582 remittebat

384 4621 602 4691 καθῆκε
625 4621 728 4689 τὰς
761 4623 972 4694 χεῖρας,
1002 4624 1298 4694 κατίσχυεν
1341 4602 1610 4705 Ἀμαλῄκξ
1638 4602 1704 4678 Al
1727 4625 1783 4679 δὲ
1813 4627 1984 4697 χεῖρες

2102 4637 2320 4689 manus,
2365 4621 2704 4694 praevalebat
2749 4621 3007 4704 Amalec:
3051 4617 3244 4677 Manus
3286 4628 3474 4677 autem
3526 4619 3698 4694 Moysi

385 4713 569 4784 Μωσῆ
589 4713 830 4787 βαρεῖαι,
844 4715 939 4768 καὶ
962 4712 1218 4778 λαὸόντες
1231 4713 1378 4768 λίθον
1403 4714 1684 4786 ἐπέθηκαν
1705 4715 1796 4769 ὑπ’
1812 4715 1998 4781 αὐτὸν,

387 4804 486 4860 καὶ
503 4804 743 4876 ἐκάθητο
754 4806 843 4859 ἐπ’
873 4805 1062 4874 αὐτοῦ,
1082 4806 1177 4860 καὶ
1209 4805 1443 4879 Ἀαρὼν,
1476 4807 1570 4861 καὶ
1593 4808 1693 4880 Ὦρ
1713 4808 2002 4880 ἐστήριζον

386 4899 488 4966 τὰς
533 4902 728 4971 χεῖρας
765 4899 934 4955 αὐτοῦ
955 4941 969 4968 ,
998 4899 1254 4957 ἐντεῦθεν
1287 4896 1403 4968 εἷς,
1453 4903 1548 4957 καὶ
1583 4903 1834 4959 ἐντεῦθεν
1877 4900 1960 4970 εἷς
1984 4922 1996 4936 ’

388 4993 488 5048 καὶ
515 4993 763 5062 ἐγίνοντο
806 4995 864 5048 αί
902 4996 1086 5067 χεῖρες
1119 4997 1292 5068 Μωσῇ
1326 4997 1723 5070 ἐστηριγμέναι
1765 4998 1872 5065 ἓως
1911 4999 2002 5054 δυ-

390 5075 571 5160 σμῶεί
600 5086 758 5158 ἡλίου
784 5103 798 5117 ο
854 5087 950 5142 καὶ
990 5085 1259 5160 ἐτρέψατο
1310 5089 1518 5160 Ἰησοῦς
1553 5089 1644 5144 τὸν
1705 5090 1956 5163 Ἀμαλὴκ
1979 5131 1995 5157 ,

391 5180 488 5234 καὶ
527 5176 708 5232 πάντα
743 5176 836 5231 τὸν
879 5175 1008 5230 λαὸν
1038 5176 1205 5232 αὑτοῦ
1254 5178 1312 5230 ἐν
1345 5179 1492 5249 φόνῳ
1528 5179 1824 5252 μαχαίρας.
1860 5175 1997 5234 Εἴπε

357 5272 450 5328 -δέ
481 5272 694 5345 Κύριος
725 5270 864 5344 πρὸς
889 5271 1098 5341 Μωσῆν
1121 5285 1134 5300 ·
1161 5270 1534 5343 Κατάγραψον
1568 5270 1729 5325 τοῦτο
1755 5274 1836 5336 είς
1861 5289 1999 5345 μνη-

397 5365 637 5434 μόσυνον
669 5365 728 5418 ἐν
763 5362 958 5434 βιϐλίῳ
982 5403 997 5428 ,
1031 5362 1128 5416 καὶ
1165 5362 1256 5426 δὺς
1289 5364 1370 5428 εἰς
1397 5361 1468 5416 τά
1492 5356 1610 5417 ὦτα
1669 5361 1847 5435 Ἰησοῦ
1873 5407 1888 5432 ,
1917 5365 1999 5419 ὅτι

392 5455 598 5528 ἀλοιφῇ
622 5453 894 5524 ἐξαλείψω
936 5451 998 5508 τὸ
1027 5452 1374 5524 μνημόσυνον
1407 5452 1657 5525 Ἀμαλὴκ
1677 5454 1742 5507 ἐκ
1761 5454 1864 5525 τῆς
1895 5455 2001 5508 ὑπὸ

393 5551 490 5605 τὸν
537 5548 790 5622 οὐρανόν.
837 5548 950 5602 Καὶ
993 5546 1314 5618 ᾠκοδόμησε
1352 5547 1561 5619 Μωσῆς
1611 5547 2002 5621 θυσιαστήριον

393 5643 475 5716 τῷ
516 5642 746 5714 Κυρίῳ,
780 5641 879 5696 καὶ
911 5639 1242 5712 ἐπωνόμασε
1270 5640 1332 5694 τὸ
1368 5640 1540 5712 ὄνομα
1577 5639 1766 5708 αὑτοῦ,
1795 5641 2002 5715 Κύριος

397 5736 698 5806 καταφυγή
732 5751 858 5804 μου,
894 5734 978 5788 ὅτι
999 5735 1059 5787 ἐν
1088 5732 1232 5804 χειρὶ
1265 5733 1513 5805 κρυφαία
1535 5733 1764 5805 πολεμεῖ
1796 5733 2003 5807 Κύριος

395 5829 495 5893 ἐπὶ
539 5826 793 5899 Ἀμαληκ
826 5825 936 5880 ἀπὸ
959 5824 1164 5895 γενεῶν
1194 5826 1275 5888 είς
1307 5825 1519 5895 γενεάς.
1563 5846 1581 5880 ι

2099 4729 2293 4788 graves
2314 4722 2504 4770 erant:
2538 4722 2596 4770 et
2629 4713 2969 4789 accipientes
3004 4712 3266 4786 lapidem,
3291 4722 3702 4791 supposuerunt

2100 4805 2204 4861 sub
2231 4821 2319 4871 eo,
2347 4812 2404 4861 et
2434 4805 2580 4862 sedit
2611 4820 2781 4882 super
2803 4821 2956 4873 eum,
2993 4812 3050 4862 et
3077 4805 3261 4862 Aaron
3303 4814 3361 4862 et
3408 4806 3528 4862 Hur
3576 4822 3701 4865 sus-

2102 4898 2393 4954 tentabant
2422 4914 2622 4959 manus
2647 4900 2790 4971 ejus,
2820 4898 2954 4955 hinc
2979 4914 3145 4966 unus,
3173 4908 3231 4955 et
3263 4899 3397 4955 hinc
3435 4900 3604 4956 alter:
3646 4910 3703 4954 et

2103 4992 2332 5048 fuerunt
2355 5009 2551 5049 manus
2571 4993 2744 5066 Moysi
2769 4999 3093 5049 sustentatae
3114 5007 3292 5064 usque
3326 4991 3395 5048 ad
3443 5007 3700 5046 occasum

2106 5085 2268 5142 solis:
2298 5095 2355 5142 et
2387 5085 2597 5158 fugavit
2623 5086 2788 5146 Iosue
2821 5084 3043 5141 Amalec
3082 5093 3138 5140 et
3183 5099 3400 5139 omnem
3436 5083 3699 5154 populum

2106 5177 2228 5248 ejus
2265 5177 2322 5230 in
2362 5169 2642 5235 occisione
2682 5171 2868 5245 gladii.
2920 5171 3069 5227 Dixit
3107 5178 3293 5226 autem
3327 5169 3595 5226 Dominus
3633 5170 3710 5226 ad‘

2108 5268 2333 5341 Moysen
2362 5285 2375 5322 :
2419 5265 2613 5323 Scribe
2639 5266 2746 5322 hoc
2769 5264 2837 5320 ad
2877 5263 3205 5319 memoriam
3247 5261 3303 5322 in
3319 5259 3486 5328 libro,
3523 5268 3580 5317 et
3611 5261 3706 5317 da-

2109 5362 2196 5417 bis
2231 5361 2287 5417 in
2316 5376 2476 5418 aures
2508 5359 2675 5416 Josue
2701 5375 2717 5426 ;
2767 5356 3030 5428 quoniam
3051 5353 3329 5413 deletione
3356 5353 3555 5412 delebo
3585 5371 3705 5412 me-

2101 5455 2336 5510 moriam
2361 5453 2584 5509 Amalec
2624 5451 2693 5508 de
2723 5451 2828 5507 sub
2857 5449 3018 5508 coelo.
3058 5448 3128 5504 Et
3161 5447 3456 5504 adiﬁcavit
3493 5448 3708 5522 Moyses

2102 5547 2277 5603 altare
2306 5545 2558 5612 Domino,
2614 5551 2671 5600 et
2719 5542 2938 5600 vocavit
2985 5533 3188 5598 nomen
3251 5541 3390 5614 ejus,
3440 5541 3708 5597 Dominus

2107 5639 2383 5712 refugium
2427 5653 2653 5706 meum;
2681 5635 2944 5708 quoniam
2985 5634 3042 5690 in
3065 5650 3232 5690 manu
3258 5634 3475 5691 occulta
3506 5638 3708 5704 pugnat

2107 5734 2373 5789 Dominus
2397 5738 2590 5788 contra
2619 5729 2842 5790 Amalec
2872 5747 2903 5788 a
2945 5728 3395 5804 generationibus
3436 5727 3492 5782 in
3539 5739 3706 5798 gene~

2107 5828 2354 5884 rationes
2371 5826 2437 5879 ".
2475 5845 2494 5878 ι

460 5944 509 5978 ⁸³
544 5941 720 6002 Exod.
752 5957 863 6014 ιμ’,
929 5941 1012 5998 12.
1091 5941 1135 5975 ⁸³
1191 5939 1211 5996 ι
1241 5939 1370 5998 Cor.
1423 5957 1474 6010 x,
1510 5938 1564 5996 ο.
1643 5941 1693 5980 ⁸⁸
1730 5943 1905 6001 Exod.
1937 5961 2066 6017 xvn,
2093 5943 2241 6001 8—16.
