4096 6506
369 420 475 477 ἓῖξὶ

1430 427 1485 482 ε.
1527 410 2308 483 ογιιιιιιλιεωυιιιΝι
2345 426 2663 484 ARCHIEP.

3523 429 3629 486 276

443 540 641 595 PALL.
685 542 751 596 Et
784 544 1038 614 quisnam
1081 553 1166 600 est
1207 546 1372 617 hujus
1397 544 1681 615 scripturae
1718 546 1950 602 sensus?

2124 546 2333 600 ΠΑΛΛ.
2375 547 2487 600 Καὶ
2522 547 2606 611 τίς
2650 546 2717 602 ἂν
2762 546 2970 616 γένοιτο
3016 546 3123 610 τῶν
3171 547 3568 620 γεγραμμένων
3600 551 3629 601 6

374 645 554 701 neque
581 634 730 688 enim
759 636 891 689 satis
924 635 1188 706 intelligo.

443 726 599 780 (ZYR.
625 725 810 795 Atqui,
841 735 900 780 ut
933 727 1149 798 opinor,
1185 728 1323 782 nihil
1353 729 1571 785 diﬂicile
1599 738 1682 784 est
1713 730 1951 800 inspice-
2032 765 2036 770 -

378 833 434 870 re
464 818 806 883 volentibus;
835 835 960 873 nam
990 820 1035 874 si
1067 823 1270 892 cogitet
1308 823 1581 893 quispiam
1620 831 1952 894 praaceptum

375 925 493 963 esse
523 925 551 962 a
582 910 761 981 Moyse
802 912 987 978 Josue,
1030 914 1160 982 quid
1210 915 1359 969 aliud
1405 916 1671 986 suspicari
1729 897 1952 985 poterit,

377 1016 539 1066 quam
565 1000 700 1054 illud
727 1003 974 1068 omnino,
1004 1005 1172 1075 quod,
1197 1021 1322 1060 cum
1348 1007 1589 1062 Verbum
1619 1015 1765 1061 esset
1787 1007 1950 1073 Deus,

377 1090 578 1144 factum
607 1101 691 1147 cst
724 1094 827 1148 sub
856 1095 993 1166 lege,
1028 1097 1174 1166 quod
1206 1097 1272 1152 ad
1299 1098 1656 1152 humanitatis
1705 1098 1953 1153 habitum

377 1183 634 1251 pertinet,
665 1199 728 1239 ac
761 1186 1043 1240 subditum
1080 1188 1315 1257 quodam
1348 1190 1512 1244 modo
1537 1189 1704 1261 Moysi
1733 1190 1957 1245 manda-

383 1274 482 1340 tis;
520 1275 683 1346 idque
734 1280 986 1349 pluribus
1033 1283 1231 1348 modis,
1280 1299 1428 1337 nunc
1477 1284 1955 1339 circumcisionem

383 1366 669 1434 perferens
706 1387 828 1426 eam
877 1390 998 1442 quae
1043 1384 1129 1430 est
1173 1375 1474 1430 secundum
1531 1391 1770 1440 carnem,
1809 1391 1957 1430 nunc

382 1457 706 1516 didrachma
735 1464 986 1530 solvens;
1019 1473 1283 1535 praeterea
1321 1482 1460 1534 cum.
1491 1466 1560 1520 iis
1592 1467 1688 1535 qui
1714 1466 1817 1519 sub
1838 1466 1957 1536 lege

381 1558 559 1615 erant,
591 1560 846 1623 tanquam
876 1555 978 1610 sub
1017 1556 1135 1626 lege
1181 1565 1346 1622 esset,
1382 1572 1440 1612 se
1471 1571 1858 1622 annumerans,
1897 1564 1956 1609 et

382 1644 726 1712 apertissime
755 1646 942 1703 dicens
972 1667 982 1700 :
1026 1667 1044 1699 ι
1083 1649 1204 1704 Non
1240 1650 1365 1704 veni
1386 1649 1596 1704 solvere
1635 1650 1830 1720 legem,
1863 1648 1959 1704 sed

383 1730 761 1804 adimplere”.
797 1757 816 1789 ι
863 1738 1086 1805 Verum,
1138 1741 1242 1795 etsi
1299 1740 1502 1796 factum
1545 1749 1630 1795 est
1682 1741 1786 1794 sub
1841 1740 1959 1809 lege

2052 638 2206 703 νοῦς;
2235 639 2454 712 συνίημι
2480 639 2587 714 γὰρ
2619 641 2681 694 οὐ
2711 640 2936 710 σφόδρα.

2119 731 2284 785 ΚΥΡ.
2327 733 2437 785 Καὶ
2485 732 2610 804 μὴν,
2653 733 2728 797 ὡς
2765 726 3004 803 ἐγῷμαι,
3049 732 3283 804 χαλεπὸν
3327 731 3478 784 οὐδὲν
3515 732 3629 794 τοῖς

2051 820 2326 877 ἐθέλουσιν
2377 824 2503 877 ἰδεῖν
2525 841 2540 856 ο
2585 826 3054 896 προσταττόμενον
3089 825 3200 896 γὰρ
3238 824 3342 878 ὑπὸ
3382 823 3628 885 Μωσέως

2053 917 2314 987 ἐννοήσας
2363 916 2591 987 Ἰησοῦν,
2628 917 2682 970 τί
2719 917 2784 971 ἂν
2824 917 3010 986 ἕτερον
3036 916 3375 986 ὑποτοπήσαι
3409 931 3492 976 τις
3526 913 3624 975 ἂν,

2053 1008 2087 1078 ἢ
2128 1008 2304 1062 ἐκεῖνό
2337 1026 2440 1063 που
2467 1009 2704 1073 πάντως,
2735 1010 2816 1063 ὅτι
2853 1008 2986 1072 Θεὸς
3014 1007 3091 1062 ὢν
3127 1010 3156 1062 6
3185 1008 3377 1076 Λόγος,
3409 1004 3628 1074 γέγονεν

2053 1099 2156 1153 ὑπὸ
2185 1100 2372 1168 νόμον,
2397 1100 2540 1154 κατά
2563 1117 2627 1168 γε
2645 1100 2708 1153 τὸ
2729 1102 2827 1171 τῆς
2854 1099 3274 1173 ἀνθρωπὸτητος
3299 1101 3502 1168 σχῆμα,
3536 1097 3632 1150 καὶ⁸

2055 1190 2331 1263 ὑπετάχθη
2377 1191 2576 1262 τρόπον
2639 1191 2760 1244 τινὰ
2806 1193 2928 1254 ταῖς
2968 1191 3058 1244 διὰ
3101 1190 3344 1253 Μωσέως
3390 1189 3633 1252 ἐντολαῖς

2057 1281 2200 1334 κατά
2239 1282 2534 1354 διαφόρους
2579 1283 2816 1354 τρόπους
2843 1323 2857 1343 ,
2913 1276 3014 1337 ὧδε
3058 1283 3157 1354 μὲν
3207 1281 3494 1354 ὑπομένων
3536 1281 3634 1352 τὴν

2056 1371 2198 1424 κατά
2235 1371 2412 1441 σάρκα
2463 1373 2786 1443 περιτομὴν,
2815 1365 2917 1425 ὧδε
2946 1371 3004 1424 δὲ
3033 1371 3102 1423 τὰ
3141 1369 3413 1442 δίδραχμα
3441 1369 3631 1434 τελῶν,

2059 1460 2154 1513 καὶ
2181 1463 2292 1524 τοῖς
2325 1461 2429 1514 ὑπὸ
2461 1462 2624 1532 νόμον
2657 1462 2732 1524 ὡς
2780 1461 2884 1514 ὑπὸ
2908 1460 3072 1531 νόμον
3105 1457 3634 1528 συγκαθιστάμενος,

2056 1549 2232 1617 λέγων
2250 1559 2319 1603 ’τε
2351 1550 2534 1620 σαφῶς
2557 1567 2571 1582 ’
2604 1569 2623 1602 ι
2657 1551 2772 1604 Οὐκ
2795 1546 2957 1621 ἦλθον
2997 1546 3298 1602 καταλῦσαι
3324 1548 3415 1600 τὸν
3449 1546 3634 1616 νόμον,

2059 1641 2197 1695 ἀλλὰ
2224 1641 2529 1714 πληρῶσαι.
2560 1661 2580 1694 ι
2625 1642 2764 1696 Ἀλλ’
2787 1643 2837 1694 εἰ
2867 1642 2960 1696 καὶ
2983 1640 3208 1710 γέγονεν
3237 1639 3342 1694 ὑπὸ
3363 1638 3525 1709 νόμον
3547 1635 3640 1688 διὰ

2061 1734 2120 1788 τὸ
2160 1733 2529 1807 ἀνθρώπινον,
2584 1734 2696 1788 ἀλλ’
2739 1730 2808 1806 ἦν
2847 1735 2940 1788 καὶ
2976 1732 3118 1786 οὕτω
3147 1731 3281 1794 Θεός
3304 1771 3319 1793 ,
3349 1729 3540 1799 Σωτήρ
3575 1743 3636 1779 τε

383 1833 608 1895 propter
641 1828 936 1886 humanam
998 1841 1272 1897 naturam,
1327 1842 1508 1890 tamen
1560 1843 1674 1890 tum
1737 1849 1956 1904 quoque

2073 1826 2155 1880 καὶ
2189 1825 2488 1897 Λυτρωτὴς
2523 1825 2722 1890 παντὸς
2747 1824 2841 1880 τοῦ
2877 1822 3031 1879 λαοῦ.
3077 1820 3497 1890 Ἐπιλεξάμενος
3526 1817 3638 1890 γὰρ

383 1914 530 1971 Deus
559 1927 696 1984 erat,
723 1921 1066 1994 salvatorque
1097 1940 1159 1978 ac
1205 1925 1520 1995 redemptor
1560 1903 1801 1981 universi
1853 1903 1954 1995 p0-

2073 1932 2121 1968 :x
2158 1915 2356 1979 παντὸς
2392 1913 2487 1968 τοῦ
2520 1913 2652 1968 λαοῦ
2687 1913 2898 1985 Ἰσραὴλ
2923 1955 2937 1980 ,
2978 1913 3072 1968 καὶ
3110 1913 3176 1966 ὲκ
3207 1909 3408 1973 παντὸς
3452 1908 3641 1971 ἔθνους

384 2005 522 2074 puli.
550 2007 683 2062 Nam
717 2025 841 2065 cum
893 2028 960 2067 ex
1003 2015 1262 2070 universo
1308 2017 1511 2086 populo
1547 2016 1734 2081 lsrael,
1776 2023 1833 2071 et
1889 2031 1958 2071 ex

384 2095 537 2150 omni
567 2106 728 2168 gente
764 2099 914 2156 viros
968 2109 1218 2171 potentes
1259 2103 1531 2173 elegisset,
1581 2111 1818 2167 sanctos,
1871 2101 1959 2155 in-

384 2202 568 2255 quam,
601 2190 893 2259 apostolos,
923 2201 979 2248 et
1004 2208 1099 2248 eos
1138 2193 1230 2264 qui
1267 2210 1361 2265 per
1387 2193 1550 2248 [idem
1590 2193 1766 2248 vocati
1811 2199 1958 2257 sunt,

383 2276 496 2345 89
522 2277 724 2347 quibus
753 2289 899 2335 recte
938 2280 1048 2335 dici
1103 2282 1276 2352 possit
1309 2299 1321 2335 :
1351 2300 1368 2333 ι
1419 2281 1528 2336 Vos
1565 2290 1748 2335 autem
1791 2293 1963 2349 genus

384 2369 640 2436 electum,
673 2372 856 2442 regale
896 2360 1266 2429 sacerdotium
1286 2415 1299 2439 ,
1326 2389 1460 2445 gens
1488 2382 1697 2437 sancta,
1726 2369 1963 2442 populus

385 2463 844 2533 acquisitionis‘",
876 2487 893 2518 ι
939 2483 1049 2522 una
1088 2483 1212 2523 cum
1236 2469 1324 2523 his
1358 2483 1686 2538 congressus
1715 2475 1798 2520 est
1837 2480 1962 2519 cum

385 2556 550 2626 hujus
589 2557 780 2612 mundi
812 2559 1064 2630 principe
1090 2577 1104 2625 ;
1147 2560 1216 2616 de
1248 2576 1358 2630 quo
1390 2560 1467 2614 ait
1503 2559 1750 2612 omnium
1774 2557 1963 2612 Domi-

383 2661 490 2700 nus
531 2646 620 2701 ille
668 2647 784 2717 ipse
828 2649 921 2719 qui
962 2650 1147 2704 omnia
1192 2651 1400 2706 vineit:
1443 2668 1460 2699 ‹
1496 2649 1655 2704 Nunc
1693 2647 1962 2720 judicium

385 2747 469 2792 est
497 2740 682 2794 saeculi
707 2741 892 2810 hujus,
917 2758 1065 2797 nunc
1090 2742 1346 2812 princeps
1387 2742 1579 2796 mundi
1603 2741 1764 2810 hujus
1782 2741 1966 2811 ejicie-

385 2835 478 2883 tur
504 2829 651 2886 foras
671 2831 734 2885 ⁸⁸.
755 2851 773 2883 ι
817 2833 992 2888 Donat
1026 2834 1192 2888 etiam
1225 2848 1426 2888 corona
1455 2832 1675 2887 divinus
1699 2832 1783 2886 vir
1805 2831 1968 2887 Joan-

387 2936 487 2976 nes
515 2924 776 2992 praeclaro
806 2924 899 2979 illo
937 2940 1038 2979 suo
1066 2925 1325 2997 suffragio
1352 2940 1448 2980 eos
1470 2925 1564 2993 qui
1592 2939 1716 2979 cum
1749 2923 1868 2993 ipso
1910 2929 1968 2977 et

386 3029 488 3082 per
520 3015 698 3085 ipsum
732 3016 1002 3082 vicerunt,
1051 3037 1069 3070 ι
1103 3017 1318 3083 Scribo,
1351 3037 1368 3069 ι
1404 3016 1659 3087 inquiens
1681 3057 1695 3081 ,
1737 3035 1756 3067 ι
1784 3015 1963 3080 vobis,

387 3107 633 3176 iuvenes,
667 3109 812 3180 quod
839 3109 1008 3166 fortes
1036 3110 1188 3174 estis,
1214 3119 1270 3164 et
1298 3109 1508 3165 vicistis
1535 3109 1831 3180 malignum
1845 3109 1911 3160 θ’.
1941 3127 1959 3158 ι

387 3197 584 3254 Annon
606 3217 798 3256 verum
822 3211 905 3257 est
933 3202 1080 3273 quod
1119 3201 1282 3257 dico?

459 3289 656 3346 PALL.
687 3293 918 3349 Maxime
950 3310 1101 3349 vero.

461 3383 620 3440 CYR.
652 3385 906 3441 Crastino
929 3395 1112 3442 autem
1134 3388 1221 3444 die
1247 3404 1370 3444 cum
1417 3388 1574 3444 hoste
1607 3384 1969 3458 congredien-

392 3477 522 3531 dum
549 3493 670 3532 esse
701 3477 840 3533 dixit
868 3479 1079 3550 Moyses
1096 3481 1178 3532 9°:
1217 3497 1396 3551 neque
1420 3481 1568 3536 enim
1601 3481 1720 3552 ejus
1766 3489 1976 3547 tempo-

392 3569 546 3623 ribus
567 3568 773 3623 Christi
804 3570 1064 3639 praeclara
1091 3578 1238 3641 gesta
1274 3571 1648 3642 contigerunt,
1692 3568 1787 3625 sed
1832 3576 1975 3621 tem-

391 3673 526 3729 pore
554 3661 913 3729 consequenti
944 3675 1008 3714 ac
1033 3661 1304 3731 proximo,
1333 3661 1390 3716 id
1417 3668 1523 3727 est,
1571 3669 1699 3731 post
1731 3659 1973 3730 Moysen,

395 3762 557 3823 atque
597 3760 720 3822 post
762 3753 938 3824 legem
989 3753 1232 3824 perfecta
1280 3762 1429 3809 sunt.
1472 3754 1613 3810 Tum
1673 3754 1728 3808 in
1781 3751 1976 3806 collem

395 3843 707 3913 quemdam,
737 3859 802 3898 ac
847 3845 1113 3899 verticem
1159 3845 1358 3900 tumuli
1404 3845 1690 3917 cujusdam
1733 3843 1980 3900 ascendit

396 3934 628 4006 Moyses,
657 3943 718 3988 ut
746 3933 870 3988 inde
900 3949 1140 4005 pugnant
1161 3940 1327 4003 atque
1359 3933 1534 4004 ipsius
1569 3934 1735 3990 Josue
1777 3933 1832 3987 in
1872 3949 1977 4002 pu-

397 4025 611 4095 gnando
635 4025 811 4081 felicia
841 4036 990 4098 gesta
1015 4033 1307 4097 spectaret.
1341 4027 1561 4082 Attollit
1592 4027 1739 4083 enim
1765 4027 1979 4082 modice

397 4119 488 4172 illa
533 4129 752 4189 quoque
787 4119 925 4191 legis
961 4119 1274 4190 disciplina,
1311 4135 1484 4190 usque
1515 4135 1582 4174 eo
1616 4128 1676 4174 ut
1705 4119 1981 4189 possimus

399 4219 657 4281 tanquam
683 4211 900 4266 eminus
927 4211 1309 4282 imperatorias
1347 4211 1552 4267 Christi
1598 4211 1847 4267 actiones
1888 4226 1980 4265 as—

397 4303 598 4374 picere.
620 4303 849 4370 Deinde,
879 4305 1162 4359 attollente
1183 4318 1378 4358 manus
1398 4302 1598 4375 Moyse,
1635 4302 1830 4359 fortior
1863 4301 1983 4358 erat

398 4396 590 4463 Israel;
607 4395 1248 4468 remittente,languebat
1263 4403 1319 4473 et
1339 4394 1944 4449 invalescebatAmalec
1964 4410 1978 4446 :

399 4504 578 4558 neque
595 4488 742 4544 enim
761 4504 791 4544 ε
806 4487 1232 4558 diabolo,neque
1245 4503 1275 4540 a
1290 4485 1485 4557 quovis
1499 4486 1765 4540 aliohoste
1785 4499 1981 4555 quam-

399 4579 485 4634 vis
514 4579 860 4651 expugnandi
892 4579 1251 4649 eupidissimo
1272 4577 1419 4632 vinci
1445 4578 1559 4632 ullo
1601 4577 1765 4631 modo
1804 4583 1986 4646 potest

402 4686 515 4725 non
555 4671 722 4726 modo
751 4670 1045 4726 universus
1073 4672 1261 4736 Israel,
1292 4670 1388 4726 sed
1416 4670 1733 4740 quicunque
1764 4667 1975 4723 Christo

2090 4651 2197 4713 πᾶς
2238 4646 2478 4719 Ἰσραὴλ,
2509 4642 2627 4698 ἀλλ’

403 4764 716 4837 conformes
753 4779 874 4819 esse
911 4763 1232 4834 praclarum
1266 4761 1578 4825 duxerunt,
1620 4759 1741 4830 ejus
1785 4772 1988 4828 oppro-

402 4857 609 4919 brium,
630 4854 684 4909 id
701 4863 804 4920 est,
824 4869 1047 4909 crucem
1067 4853 1217 4908 illius
1232 4849 1601 4906 venerandam
1619 4846 1948 4919 perferendo
1971 4864 1985 4902 :

1997 3323 2044 3385 C

2058 2005 2257 2076 ἄνδρας
2281 2005 2564 2071 δυνατοὺς,
2593 2006 2734 2076 φημὶ
2769 2005 2827 2059 δὲ
2859 2005 2923 2078 δὴ
2946 2005 3107 2058 πάλιν
3125 2003 3251 2067 τοὺς
3271 2003 3460 2072 ἁγίους
3498 2001 3639 2054 ἀπο·-

2062 2101 2280 2163 στόλους
2333 2100 2429 2154 καὶ
2461 2101 2587 2165 τοὺς
2633 2099 2722 2153 διὰ
2771 2099 3002 2163 πίστεως
3035 2096 3427 2167 κεκλημένους,
3463 2088 3545 2156 οἷς
3571 2092 3639 2148 ἂν

2059 2192 2270 2262 λέγοιτο
2291 2194 2491 2258 καλῶς’
2531 2212 2550 2246 ι
2601 2194 2789 2264 Ὑμεῖς
2810 2191 2868 2246 δὲ
2886 2191 3042 2261 γένος
3063 2189 3338 2254 ἐκλεκτὸν,
3367 2186 3639 2258 βασίλειον

2065 2285 2397 2357 ἱεράτευμα,
2439 2287 2594 2352 ἔθνος
2647 2287 2833 2356 ἅγιον,
2883 2283 3010 2347 λαὸς
3061 2283 3141 2346 είς
3197 2279 3566 2350 περιποίησιν.
3613 2297 3634 2329 ι

2063 2377 2418 2449 Παρετάξατο
2435 2379 2531 2433 σὺν
2552 2380 2737 2441 αὐτοῖς
2751 2377 2829 2448 τῷ
2842 2377 3062 2446 ἄρχοντι
3082 2373 3174 2428 τοῦ
3195 2371 3391 2434 αἰῶνος
3410 2371 3599 2423 τούτου
3619 2383 3637 2398 ο

2064 2472 2193 2542 περὶ
2221 2465 2283 2525 οὗ
2323 2489 2488 2543 φησιν
2537 2472 2564 2523 6
2605 2472 2826 2525 πάντων
2869 2468 3172 2535 δεσπότης,
3210 2463 3372 2525 αὐτὸς
3401 2464 3427 2516 6
3461 2460 3640 2514 πάντα

2065 2561 2228 2616 νικῶν
2262 2578 2277 2592 ⁸
2312 2581 2330 2615 ι
2367 2562 2480 2618 Νῦν
2525 2563 2710 2634 κρίσις
2743 2564 2862 2616 ἐστὶ
2887 2561 2984 2615 τοῦ
3021 2560 3218 2621 αἰῶνος
3243 2555 3456 2620 τούτου,
3485 2553 3580 2607 νῦν
3612 2553 3641 2606 6

2065 2655 2249 2726 ἄρχων
2282 2655 2377 2709 τοῦ
2404 2656 2601 2720 αἰῶνος
2633 2655 2825 2708 τούτου
2857 2653 3258 2724 ἐκϐληθήσεται
3290 2649 3413 2715 ἔξω.
3462 2665 3482 2698 ι
3514 2647 3643 2698 Στε-

2067 2749 2225 2816 φανοῖ
2254 2747 2309 2799 δὲ
2325 2747 2492 2818 ψήφῳ
2519 2747 2748 2819 λαμπρᾷ
2777 2746 2871 2800 καὶ
2896 2747 3021 2810 τοὺς
3051 2746 3147 2798 σὺν
3181 2741 3331 2812 αὐτῷ
3358 2757 3418 2792 τε
3449 2739 3544 2792 καὶ
3573 2736 3642 2789 δι’

2067 2837 2231 2893 αὑτοῦ
2283 2839 2611 2909 νικήσαντας
2658 2840 2687 2892 6
2725 2837 3010 2900 θεσπέσιος
3054 2835 3328 2904 Ἰωάννης⁸
3375 2849 3394 2882 ε
3442 2829 3645 2900 Γράφω

2069 2931 2218 3001 ὑμῖν,
2250 2949 2269 2982 ι
2303 2929 2456 3000 φησι,
2495 2929 2825 2993 «νεανίσκοι,
2850 2929 2934 2982 ὅτι
2969 2924 3176 2997 ἰσχυροί
3209 2925 3354 2988 ἐστε,
3386 2921 3480 2974 καὶ
3501 2935 3645 2975 νενι-

2069 3027 2278 3098 κήκατε
2299 3025 2389 3080 τὸν
2409 3024 2673 3096 Πονηρόν.
2715 3041 2735 3076 ι
2763 3023 2834 3074 Ἢ
2869 3020 2970 3074 οὐκ
3001 3015 3199 3088 ἀληθὲς
3223 3015 3252 3069 ὅ
3280 3029 3448 3084 φημι;

2144 3273 2352 3330 ΠΑΛΛ.
2391 3271 2503 3326 Καὶ
2538 3270 2702 3341 μάλα.

2143 3369 2310 3424 ΚΥΡ.
2360 3367 2471 3420 Καὶ
2521 3365 2600 3427 είς
2640 3360 2830 3432 αῦριον
2869 3357 2967 3429 μὲν
3001 3355 3102 3426 τὴν
3137 3350 3444 3425 παράταξιν
3473 3349 3653 3402 ἐπιτε-

2074 3461 2282 3516 λεῖσθαι
2318 3458 2429 3512 δεῖν
2467 3455 2570 3526 ἔφη
2603 3452 2807 3522 Μωσῆς
2827 3466 2839 3479 ·
2865 3450 2925 3502 οὑ
2965 3448 3072 3520 γὰρ
3095 3448 3152 3499 ὲν
3198 3445 3374 3516 χρόνῳ
3421 3440 3496 3511 τῷ
3529 3437 3652 3493 κατ’

2075 3551 2234 3607 αὑτὸν
2281 3547 2351 3603 τά
2375 3543 2614 3619 Χριστοῦ
2640 3543 2850 3611 πέφηνε
2877 3534 3278 3608 κατορθώματα
3297 3550 3310 3563 '
3340 3530 3655 3602 πέπρακται

2075 3642 2131 3695 δὲ
2177 3639 2377 3712 μᾶλλον
2412 3617 2470 3692 έν
2495 3634 2573 3706 τῷ
2612 3632 2740 3701 ἑξῆς
2773 3632 2864 3684 καὶ
2897 3629 3120 3698 γείτονι,
3159 3623 3305 3678 τοῦτ’
3342 3623 3480 3683 ἔστι,
3513 3617 3658 3712 κατά

2075 3705 2282 3788 Μωσέα
2327 3730 2423 3783 καὶ
2459 3705 2644 3796 νόμον.
2681 3718 2816 3776 Εἶτα
2849 3718 2985 3791 πρός
3013 3732 3136 3771 τινα
3181 3713 3368 3788 βουνὸν
3427 3711 3523 3764 καὶ
3565 3705 3660 3761 ἐπὶ

2077 3822 2324 3896 κορυφὴν
2354 3819 2528 3874 ἄνεισι
2556 3814 2794 3886 γηλόφου
2820 3810 3047 3881 Μωσῆς,
3089 3807 3164 3871 ῶς
3195 3805 3261 3860 ἂν
3283 3804 3500 3896 δύναιτο
3528 3817 3663 3896 acac:

2078 3888 2292 3988 αθρεὶν
2318 3911 2418 3983 τὴν
2448 3909 2627 3980 μάχην
2653 3905 2746 3960 καὶ
2771 3903 2839 3956 τά
2860 3905 2916 3955 ὲν
2948 3901 3084 3970 αὐτῇ
3112 3897 3205 3951 τοῦ
3228 3895 3445 3949 πάντων
3482 3888 3661 3961 Ἰησοῦ

2079 3983 2499 4080 κατορθώματα.
2553 3996 2899 4060 Ἀναόιϐάζει
2950 3992 3060 4064 γὰρ
3110 3987 3441 4080 συμμέτρως
3491 3984 3595 4080 και
3626 3983 3662 4050 ὴ

2080 4072 2231 4157 κατὰ.
2253 4072 2419 4170 νόμον
2468 4090 2827 4167 μυσταγωγία
2874 4085 3012 4159 πρὸς
3061 4083 3122 4140 τὸ
3169 4079 3337 4134 οἱονεὶ
3388 4072 3665 4170 μακρόθεν

2080 4164 2344 4250 δύνασθαι
2367 4164 2608 4258 καθορᾷν
2641 4181 2711 4236 τὰ
2751 4175 2992 4251 Χριστοῦ
3043 4172 3500 4245 στρατηγήματα.
3552 4164 3666 4218 Kal

2081 4283 2455 4343 ἀνατείνοντος
2513 4277 2612 4348 μὲν
2665 4272 2915 4336 Μωσέως
2963 4269 3062 4333 τὰς
3111 4268 3320 4339 χεῖρας,
3371 4261 3668 4330 κατίσχυεν

2097 4374 2332 4447 Ἰσραήλ·
2356 4370 2638 4432 καθιέντος
2655 4366 2733 4430 δὲ,
2751 4359 3094 4434 ἡσθένει,καὶ
3113 4357 3373 4426 κατίσχυε
3389 4355 3446 4407 Ἀ
3457 4351 3662 4424 μαλήκ·

2084 4443 2359 4529 ἀνάλωτος
2391 4462 2499 4534 γὰρ
2522 4457 2668 4530 αὑτῷ
2681 4474 2740 4510 τε
2765 4454 2843 4526 τῷ
2866 4455 2893 4507 δ
2909 4452 3108 4524 ιαὸόλφ
3136 4449 3230 4502 καὶ
3252 4445 3416 4500 παντὶ
3442 4443 3667 4534 γέγονεν

2087 4556 2288 4629 ἐχθρῷ,
2322 4556 2416 4610 καὶ
2441 4533 2747 4623 καταδῃοῦν
2786 4546 3027 4600 ἐθέλοντι
3057 4539 3292 4613 πικρῶς,
3320 4536 3442 4606 οὐχὶ
3468 4533 3530 4605 δή
3562 4549 3666 4629 που

2676 4642 2791 4695 ὅσοι
2822 4639 2920 4708 τὴν
2969 4636 3106 4707 πρὸς
3155 4630 3392 4704 Χριστδν
3437 4625 3668 4696 τετιμή-

2089 4759 2217 4796 κασι
2252 4716 2626 4810 συμμορφίαν,
2678 4731 2766 4787 διὰ
2811 4729 2904 4784 τοῦ
2954 4727 3180 4800 φορέσαι
3213 4723 3304 4778 τὸν
3364 4716 3671 4810 όνειδισμδν

2087 4831 2273 4898 αὐτοῦ,
2326 4807 2478 4883 τοῦτ’
2509 4829 2642 4892 ἔστι,
2682 4825 2773 4878 τὸν
2807 4821 2987 4893 τίμιον
3021 4815 3286 4888 σταυρόνο
3337 4815 3518 4884 χεῖρες
3560 4807 3673 4877 γὰρ

402 4963 598 5003 manus
613 4945 760 5002 enim
780 4945 838 4999 in
853 4959 1037 5000 aerem
1054 4950 1288 4998 extentat
1306 4939 1489 4994 crucis
1509 4938 1746 5009 speciem
1769 4953 1880 4994 non
1892 4937 1975 4992 ob-

2089 4925 2364 4994 ἀποτάδην
2377 4923 2457 4984 εἰς
2486 4920 2625 4990 ἀέρα
2641 4914 3011 4986 δεικνῦμεναι,
3030 4909 3090 4962 τὸ
3117 4907 3210 4978 τοῦ
3235 4907 3466 4977 σταυροῦ
3485 4907 3673 5009 σχῆμα

403 5057 564 5096 scure
597 5038 936 5095 describunt.
979 5035 1275 5098 Czeterum,
1310 5033 1626 5104 quicunque
1670 5047 1779 5086 non
1826 5047 1988 5086 acce-

404 5140 606 5202 perunt
633 5146 876 5195 crucem,
902 5129 963 5194 ii,
1000 5126 1147 5198 quod
1195 5125 1301 5180 hoc
1334 5123 1660 5178 auxiliatore
1707 5131 1982 5187 carerent,

405 5222 653 5278 hostium
678 5218 1092 5276 incursionibus
1112 5222 1428 5287 patuerunt.
1454 5212 1610 5280 Quod
1642 5212 1824 5283 itaque
1866 5229 1987 5267 ma-

405 5329 512 5369 nus
531 5311 778 5368 extendit
815 5311 1044 5382 Moyses,
1073 5308 1255 5364 crucis
1291 5308 1527 5378 speciem
1571 5305 1889 5370 ostendens,
1932 5311 1989 5358 et

407 5404 630 5461 Amalec
687 5402 1006 5457 debilitatus
1047 5400 1231 5465 cadit,
1275 5415 1340 5454 ea
1401 5414 1509 5465 res,
1547 5406 1610 5453 ut
1641 5397 1858 5469 opinor,
1893 5411 1990 5451 eos

408 5511 638 5568 prorsus
669 5494 941 5565 signiﬁcat
975 5492 1070 5563 qui
1107 5509 1205 5564 per
1249 5493 1397 5547 illam
1430 5507 1650 5547 crucem
1714 5503 1990 5544 veneran-

412 5589 537 5642 dam
567 5585 823 5643 Satanam
871 5585 1120 5650 vineunt,
1149 5592 1205 5639 et
1246 5583 1510 5640 adversus
1548 5583 1736 5637 hostes
1778 5580 1989 5635 invale-

414 5685 593 5732 scunt.
619 5677 690 5732 At
713 5691 838 5731 cum
865 5673 1116 5730 eumdem
1137 5688 1334 5728 manus
1361 5670 1734 5726 remittentem
1761 5682 1989 5737 aspexe-

416 5770 610 5836 rimus,
643 5775 808 5839 atque
835 5766 1056 5823 Amalec
1084 5780 1278 5821 rursus
1304 5763 1752 5826 invalescentem,
1780 5774 1876 5814 eos
1900 5772 1992 5813 co-

486 5887 531 5918 “
583 5884 770 5942 Matth.
813 5900 864 5948 ν,
905 5881 989 5937 1Ἱ.
1068 5880 1111 5912 ⁸⁷
1148 5879 1170 5935 I
1217 5879 1364 5936 Petr.
1393 5893 1450 5942 ιι,
1493 5875 1546 5931 9.
1593 5875 1636 5909 ⁸⁸
1676 5873 1830 5929 Joan.
1876 5887 1969 5941 xu,
2020 5869 2107 5924 51.

2089 4989 2390 5090 γράφουσιν
2417 4989 2683 5081 ἐναργῶς.
2723 5008 2878 5059 Ὅσοι
2899 5020 2962 5073 γε
2989 5001 3094 5073 μὴν
3123 5001 3184 5053 οὐ
3208 4997 3556 5070 προσήκαντο
3581 4989 3674 5090 τόν

2095 5083 2352 5180 σταυρὸν,
2381 5102 2784 5173 εὐκατὰδρομοι
2843 5097 3104 5167 γεγόνασι
3146 5093 3260 5154 τοῖς
3303 5087 3538 5180 ὲχθροίς,
3573 5083 3677 5180 οῦκ

2093 5173 2312 5272 ἔχοντες
2347 5197 2440 5251 τὸν
2471 5194 2779 5266 ἐπαρωγόν.
2825 5191 2996 5244 Ὅταν
3043 5182 3136 5240 οῦν
3173 5184 3305 5256 ἡμῖν
3333 5173 3676 5272 ὲκτείνῃᾼτὰς

2093 5266 2284 5366 χεῖρας
2325 5289 2555 5358 Μωσῆς,
2607 5286 2667 5338 τὸ
2723 5281 2818 5336 τοῦ
2868 5273 3101 5351 σταυροῦ
3153 5275 3341 5347 σχῆμα
3393 5266 3675 5366 δεικνύων,

2097 5358 2286 5438 πίπτει
2333 5382 2390 5435 δὲ
2429 5379 2701 5450 ἀτονήσας
2742 5376 2770 5428 ὁ
2808 5371 3075 5445 Ἀμαλὴκ,
3115 5365 3370 5439 σημαίνει
3405 5379 3508 5416 που
3543 5358 3662 5450 πάν

2096 5495 2202 5542 τως
2235 5475 2297 5529 τὸ
2331 5473 2516 5545 σχῆμα
2543 5449 2674 5541 ἡμῖν
2714 5467 2840 5530 τοὺς
2885 5463 2975 5518 διὰ
3000 5460 3094 5516 τοῦ
3123 5458 3306 5531 τιμίου
3339 5449 3571 5545 σταυροῦ
3588 5465 3674 5545 *νιν

2098 5569 2314 5630 κῶντας
2339 5565 2430 5619 τὸν
2460 5561 2727 5624 Σατανᾶν,
2756 5558 2850 5613 καὶ
2886 5553 3279 5625 κατισχύοντας
3307 5547 3415 5601 τῶν
3443 5541 3655 5614 ἐχθρῶν

2101 5662 2269 5716 Ὅταν
2293 5658 2352 5711 δὲ
2381 5653 2639 5709 καθιέντα
2678 5651 2773 5714 τάς
2803 5651 2992 5720 χεῖρας
3037 5644 3340 5715 βλέπωμεν,
3388 5633 3506 5690 εἶτα
3544 5648 3659 5686 κατ-

2101 5753 2356 5824 ισχύοντα
2378 5749 2468 5801 τὸν
2504 5744 2772 5816 Ἀμαλὴκ,
2803 5743 2929 5805 τοὺς
2965 5737 3070 5793 ὑπὸ
3093 5735 3169 5806 τῷ
3191 5733 3422 5800 διαϐόλῳ
3457 5740 3662 5796 γεγενη-

2212 5866 2256 5899 ⁸⁹
2304 5862 2510 5920 lJoan.
2557 5876 2613 5926 ιι,
2653 5859 2736 5914 14.
2808 5853 3060 5929 "Exod.
3105 5866 3233 5917 xvii,
3267 5848 3321 5915 9,
3357 5845 3438 5900 10.
