4096 6494
381 381 520 467 ’977

1175 411 1264 466 DE
1302 409 1749 468 ADORATIONE
1783 412 1852 468 IN
1889 411 2162 468 SPIRITU
2203 413 2293 469 ET
2332 412 2708 470 VERITATE.
2750 413 2891 469 LIB,
2922 413 3011 468 III.

3609 414 3715 468 €278

405 529 620 599 μένους
652 526 746 581 καὶ
781 527 1175 598 νενικημένους
1213 528 1568 602 ἐννοήσομεν,
1596 528 1684 584 διὰ
1709 529 1771 584 τδ
1806 529 1884 602 μὴ
1910 529 2013 585 δεῖν

2124 530 2423 603 gitabimus
2463 533 2580 603 qui,
2613 532 2761 604 quod
2792 546 3016 589 crucem
3050 532 3298 602 accipere
3327 531 3652 604 noluissem,
3685 553 3725 590 ιιι

401 619 631 672 ἐθέλειν
660 617 1050 692 προσήκασθαι
1080 619 1176 674 τὸν
1207 621 1462 692 σταυρὸν,
1490 615 1574 687 οἷς
1602 621 1698 675 καὶ
1723 622 1752 674 ὀ
1771 623 2020 696 ¹Χριστὸς

402 711 764 783 προσεφώνει
795 711 1004 782 λέγων·
1038 732 1057 766 ι
1108 712 1303 787 Ἀμὴν,
1341 713 1492 787 ἀμὴν
1543 714 1688 787 λέγω
1726 716 1877 788 ὑμῖν,
1924 718 2020 774 ἐὰν

400 805 485 877 μὴ
517 805 885 877 πιστεύσητε,
908 807 991 861 ὅτι
1009 806 1123 876 ἐγώ
1155 807 1293 877 εἰμι,
1325 809 1383 863 ἐν
1398 809 1520 873 ταῖς
1540 809 1842 883 ἁμαρτίαις
1863 810 2018 882 ὑμῶν

397 897 804 952 ἀποθανεῖσθε.
863 917 883 951 ι
920 899 1160 972 Βαρείας
1205 901 1263 955 δὲ
1309 897 1453 956 εἶναί
1486 920 1620 974 φησι
1675 903 1778 968 τὰς
1829 906 2019 975 χεῖρας

397 993 690 1060 Μωσέως,
723 993 821 1048 καὶ
857 993 1012 1066 μόλις
1061 994 1457 1066 ἐπαιρομένας,
1506 996 1759 1069 ὀκνηρῶς
1792 1015 1853 1052 τε
1897 996 2018 1052 λίαν

397 1087 827 1158 ἐκτεινομένας,
864 1089 948 1152 είς
990 1087 1054 1142 τὸ
1083 1087 1401 1156 καταδεῖξαι
1428 1089 1540 1144 δεῖν
1566 1090 1628 1145 τὸ
1654 1089 1750 1146 τοῦ
1781 1089 2017 1164 σταυροῦ

394 1181 594 1251 τίμιον
628 1182 840 1252 σχῆμα,
865 1182 1043 1235 ἐκεῖνο
1068 1175 1224 1252 οἶμαί
1254 1199 1358 1236 που
1383 1182 1561 1257 δηλῶν
1577 1184 2016 1256 αἰνιγματωδῶς,

395 1270 482 1336 ὡς
513 1272 583 1326 οὐ
640 1271 766 1326 λίαν
828 1271 1051 1344 ἕτοιμος
1094 1267 1166 1343 ἦν
1228 1273 1312 1337 είς
1353 1273 1416 1328 τὸ
1457 1275 1860 1347 παραδέχεσθαι
1915 1274 2018 1350 τὴν

398 1365 601 1418 πίστιν
635 1367 665 1420 ὀ
708 1354 952 1437 Ἰσραήλ,
979 1365 1351 1424 δυσοκνότατά
1376 1387 1435 1424 τε
1469 1371 1565 1436 καὶ
1598 1370 1754 1443 μόλις
1781 1371 2016 1444 ἐρχόμε-

396 1471 500 1517 νος
526 1455 612 1519 είς
659 1453 723 1508 τὸ
755 1455 935 1510 θέλειν
969 1456 1265 1513 ἀναλαϐεῖν
1292 1459 1384 1515 τὸν
1423 1460 1728 1534 ὀνειδισμὸν
1754 1463 1850 1517 τοῦ
1877 1465 2015 1536 Χρι-

399 1545 541 1600 στοῦ
563 1565 578 1578 ·
615 1547 926 1605 σκάνδαλον
955 1548 1068 1622 γὰρ
1103 1551 1381 1617 Ἰουδαίοις
1412 1554 1502 1609 διά
1529 1572 1611 1608 τοι
1645 1554 1804 1609 τοῦτο
1837 1555 2016 1621 καλῶς

395 1636 676 1706 ὀνομάζει
699 1637 794 1692 τὸν
827 1640 1077 1713 σταυρὸν
1103 1642 1199 1697 καὶ
1219 1643 1248 1696 ὀ
1274 1641 1564 1710 θεσπέσιος
1585 1645 1820 1712 Παῦλος.
1853 1666 1872 1700 ι
1903 1648 2016 1702 Καὶ

394 1727 691 1797 λαϐόντες,
717 1749 738 1782 ι
766 1731 925 1802 φησι,
972 1750 991 1785 ι
1023 1731 1192 1800 λίθον,
1230 1735 1514 1808 ὑπέθηκαν
1569 1738 1664 1792 ὑπ’
1705 1738 1891 1805 αὐτὸν,
1921 1741 2016 1794 καὶ

394 1821 651 1894 ἐκάθητο
680 1826 770 1878 ἐπ’
785 1822 953 1878 αὑτοῦ
969 1866 985 1891 ,
1004 1827 1100 1880 καὶ
1128 1827 1342 1900 Ἀαρὼν
1364 1829 1458 1882 καὶ
1483 1830 1587 1901 ’Ὡρ
1605 1831 1896 1904 ὲστήριζον
1913 1831 2015 1896 τὰς

2122 602 2345 679 diabolo
2388 602 2647 694 superati
2673 634 2730 680 et
2771 623 2905 678 victi
2947 631 3095 690 sunt,
3132 639 3273 694 quos
3332 602 3718 694 alloquebatur

2121 717 2290 774 etiam
2327 716 2600 785 Christus,
2626 734 2753 774 cum
2775 717 2988 774 diceret
3013 735 3031 770 :7
3072 736 3090 769 ι
3147 717 3342 784 Amen,
3392 734 3552 774 amen
3592 720 3718 777 dico

2118 809 2299 876 vobis,
2330 810 2438 866 nisi
2473 810 2825 867 credideritis
2863 810 3011 882 quod
3054 825 3155 882 ego
3183 826 3326 877 sum,
3373 811 3428 866 in
3476 812 3719 882 peccatis

2121 902 2320 958 vestris
2345 900 2743 957 moriemini".
2779 920 2797 953 ι
2835 903 3006 958 Porro
3039 919 3234 973 graves
3273 903 3350 958 ait
3389 920 3511 960 esse
3546 898 3720 976 Moysi

2121 1011 2338 1062 manus,
2366 1007 2532 1067 atque
2564 1010 2706 1066 aegre
2749 995 3014 1062 sublatas,
3048 1005 3377 1067 gravateque
3420 997 3719 1052 admodum

2119 1086 2190 1142 ad
2228 1087 2552 1158 praeclaram
2598 1086 2780 1142 crucis
2820 1086 3063 1156 speciem
3093 1087 3491 1143 ostendendam
3520 1097 3716 1144 exten-

2119 1186 2223 1246 tas,
2245 1179 2356 1251 90
2393 1179 2552 1246 illud,
2585 1187 2646 1234 ut
2697 1178 2912 1250 opinor,
2964 1178 3194 1251 ﬁgurate
3241 1179 3576 1251 signiﬁcans,
3604 1195 3716 1234 non

2119 1273 2252 1328 satis
2280 1281 2534 1344 paratum
2571 1272 2743 1327 fuisse
2783 1270 2950 1326 Israel
2993 1270 3062 1326 ad
3109 1271 3272 1327 ﬁdem
3315 1271 3713 1342 accipiendam,

2118 1379 2182 1419 ac
2211 1378 2323 1419 non
2351 1363 2470 1420 sine
2501 1363 2876 1429 cunctatione,
2905 1363 3107 1433 vixque
3139 1362 3210 1418 ad
3254 1362 3462 1418 Christi
3513 1379 3716 1434 oppro-

2123 1457 2311 1513 brium
2342 1456 2756 1528 suscipiendum
2793 1455 3148 1512 descendisse
3173 1472 3188 1523 ;
3218 1455 3288 1510 ob
3319 1471 3552 1527 eamque
3581 1473 3716 1512 eau-

2117 1565 2236 1605 sam
2259 1557 2411 1606 recte
2439 1549 2638 1605 beatus
2661 1548 2864 1605 Paulus
2888 1563 3111 1604 crucem
3143 1547 3460 1603 scandalum
3495 1548 3732 1605 Judzeo-'

2118 1657 2244 1696 rum
2281 1641 2540 1712 appellat.
2574 1660 2592 1693 ι
2623 1641 2694 1696 Ει
2732 1639 3091 1710 accipientes,
3127 1658 3145 1690 ι
3188 1639 3390 1710 inquit,
3433 1658 3450 1691 ι
3477 1638 3716 1710 lapidem

2117 1740 2531 1804 supposuerunt
2557 1733 2662 1788 sub
2691 1732 2832 1804 ipso,
2861 1740 2919 1788 et
2952 1732 3094 1788 sedit
3122 1747 3289 1802 super
3324 1747 3491 1787 eum:
3534 1731 3718 1788 Aaron

2115 1835 2172 1883 et
2201 1828 2318 1884 Hur
2347 1828 2732 1884 sustentabant
2757 1842 2957 1882 manus
2976 1827 3117 1898 ejus,
3154 1841 3300 1882 unus
3330 1824 3480 1893 hinc,
3520 1835 3578 1882 et
3635 1827 3716 1881 al-
3805 1872 3812 1889 ,

393 1918 603 1988 χεῖρας
629 1915 821 1983 αὐτοῦ,
850 1913 1102 1974 ἐντεῦθεν
1125 1915 1228 1988 εἷς,
1259 1921 1354 1976 καὶ
1375 1921 1629 1978 ἐντεῦθεν
1660 1903 1762 1990 εἷς,
1801 1944 1821 1978 ι
1853 1925 2013 1991 Λίθος

2117 1930 2204 1976 ter
2233 1920 2365 1976 hinc
2383 1921 2450 1974 ".
2489 1939 2509 1972 ι
2543 1920 2709 1991 Lapis
2733 1927 2918 1978 autem
2948 1919 3246 1990 pretiosus,
3282 1919 3513 1985 electus,
3539 1934 3717 1991 angu-

390 2009 458 2063 δέ
476 2009 688 2080 τίμιος,
713 2009 996 2079 ἐκλεκτὸς,
1014 2013 1432 2086 ἀκρογωνιαῖος,
1461 2015 1682 2089 ἔντιμος
1705 2020 1734 2073 ὀ
1751 2019 2012 2092 Χριστὸς,

390 2103 488 2171 ἐφ’
522 2096 572 2172 ᾧ
619 2104 719 2157 καὶ
748 2103 1157 2178 ἀναπαυόμενοι
1201 2106 1377 2180 (δηλοῖ
1405 2109 1517 2180 γὰρ
1568 2112 1601 2181 ή
1649 2110 1884 2184 κάθησις
1913 2114 2015 2186 τήν

389 2195 760 2269 ἀνάπαυσιν)
807 2198 858 2251 oi
902 2200 1304 2274 ἐπιεικέστεροι
1357 2201 1415 2256 δὲ
1473 2204 1570 2257 καὶ
1618 2203 2014 2281 εὐμαθέστεροι

388 2285 513 2341 τῶν
544 2288 610 2354 ἐξ
648 2289 894 2362 Ἰσραὴλ,
916 2291 980 2346 τὸ
1010 2290 1210 2364 λῆμμα
1234 2294 1335 2367 τῆς
1362 2295 1588 2368 χάριτος
1625 2296 1727 2368 τῆς
1753 2298 1876 2352 κατ’
1919 2299 2013 2353 ὲκ-

390 2379 596 2452 λογὴν,
626 2381 864 2438 ἀπλοῦσι
892 2383 995 2450 τὰς
1027 2389 1240 2458 χεῖρας,
1265 2387 1412 2442 τοῦτ’
1437 2387 1577 2454 ἔστι,
1621 2390 2012 2465 καταδέχονται

389 2473 494 2527 τὸν
533 2475 796 2548 σταυρὸν,
825 2477 1178 2550 στηρίζοντος
1204 2480 1368 2534 οἱονεί
1393 2498 1498 2536 που
1531 2482 1627 2536 καὶ
1655 2483 2014 2556 διακρατοῦν-

391 2584 493 2633 τος
519 2569 726 2635 αὐτοὺς
768 2571 867 2626 καὶ
900 2572 1039 2645 πρός
1062 2589 1127 2642 γε
1147 2573 1310 2628 τοῦτο
1333 2576 1599 2647 Χριστοῦ,
1626 2577 1703 2642 ὼς
1729 2577 1786 2631 ἐν
1817 2579 1929 2651 Ὠρ
1952 2595 2012 2633 τε

395 2662 500 2714 καὶ
545 2661 759 2734 ’Δαρὼν
794 2665 1149 2737 σημαίνεται,
1183 2666 1476 2738 νοούμενος
1505 2669 1567 2723 ἐν
1602 2668 1787 2742 ταύτῷ
1817 2671 2013 2744 κριτής

393 2753 502 2807 καὶ
532 2754 853 2828 ἀρχιερεύς.
909 2758 1010 2830 Ὠρ
1053 2758 1153 2830 μὲν
1185 2757 1298 2832 γὰρ
1331 2754 1401 2833 ἦν
1445 2760 1747 2827 ἀδέκαστος
1777 2763 1972 2836 κριτής
1993 2779 2008 2796 °

409 2846 639 2918 Ἀαρὼν
665 2848 724 2902 δέ
759 2850 1142 2929 ἀρχιερεὺς,ῖό
1170 2852 1235 2904 τὸ
1257 2851 1460 2924 λῆμμα
1493 2853 1757 2926 συνέχων,
1802 2856 1864 2910 τὸ
1889 2857 2011 2911 κατ’

394 2939 642 3014 ἐκλογὴν
676 2941 905 3016 χάριτος
935 2943 1048 2998 τῶν
1080 2944 1142 3012 ἐξ
1182 2945 1424 3018 Ἰσραὴλ,
1473 2947 1615 3020 πρὸς
1642 2947 1742 3020 τὴν
1785 2949 1874 3006 διὰ
1923 2950 2014 3004 πί-

397 3051 580 3100 στεως
628 3035 930 3108 σωτηρίαν.
981 3037 1150 3091 Τουτὶ
1195 3039 1306 3112 γὰρ
1354 3036 1510 3112 οἶμαι
1555 3040 1754 3112 δηλοῦν
1813 3041 1879 3096 τὸ
1923 3042 2014 3098 διὰ

395 3128 592 3200 φωνῆς
629 3129 856 3184 Ἡσαΐου
894 3131 1254 3204 προφητικῶς
1291 3134 1620 3208 εἰρημένον·
1655 3155 1674 3190 ι
1713 3135 1826 3190 Καὶ
1857 3137 1906 3190 εί
1934 3137 2010 3210 μὴ

2116 2013 2269 2081 laris,
2299 2015 2568 2086 probatus
2585 2014 2653 2080 ”,
2683 2013 2942 2072 Christus
2977 2022 3082 2081 est,
3119 2029 3286 2086 super
3331 2029 3444 2085 quo
3490 2014 3718 2084 requie—

2115 2115 2336 2164 scentes
2368 2106 2582 2181 (sessio
2610 2123 2849 2179 namque
2889 2108 3197 2179 requietem
3243 2103 3592 2178 signiﬁcat),
3621 2106 3716 2175 qui

2113 2213 2184 2253 ex
2232 2198 2401 2256 Israel
2437 2199 2898 2272 obsequentiores
2944 2214 3009 2255 ac
3057 2198 3355 2254 doeiliores
3403 2205 3552 2262 sunt,
3587 2198 3714 2261 illaa,

2115 2294 2368 2364 inquam,
2399 2294 2649 2368 reliquiae
2680 2294 2871 2367 gratiae
2909 2309 3032 2365 quae
3057 2291 3363 2349 secundum
3387 2290 3717 2346 electionem

2113 2395 2219 2454 est,
2253 2388 2573 2461 expandunt
2601 2405 2816 2454 manus,
2854 2388 2911 2443 id
2953 2394 3058 2455 est,
3101 2400 3326 2442 crucem
3380 2383 3715 2454 suscipiunt,

2095 2481 2336 2548 Christo
2386 2481 2515 2538 illos
2551 2481 2927 2543 ,conﬁrmante
2979 2488 3147 2550 atque
3212 2478 3568 2545 continente,
3620 2479 3716 2550 qui

2113 2588 2214 2645 per
2244 2572 2363 2629 Hur
2395 2581 2563 2645 atque
2605 2575 2790 2630 Aaron
2841 2572 3203 2645 signiﬁcatur,
3247 2579 3305 2627 et
3335 2571 3508 2644 judex
3552 2571 3716 2626 simul

2113 2675 2172 2722 et
2207 2681 2460 2722 summus
2484 2665 2746 2722 sacerdos
2794 2665 3145 2738 intelligitur,
3183 2664 3300 2720 Hur
3329 2663 3602 2735 siquidem
3624 2664 3716 2736 ju-

2114 2757 2222 2814 dex
2255 2758 2651 2829 integerrimus
2678 2766 2838 2827 erat;
2866 2757 3054 2814 Aaron
3098 2765 3284 2812 autem
3328 2771 3581 2812 summus
3629 2771 3718 2812 sa-

2114 2849 2330 2907 cerdos.
2359 2849 2517 2908 Unus
2552 2851 2720 2922 igitur
2765 2859 3032 2922 tanquam
3080 2849 3140 2906 in
3181 2857 3420 2920 utroque
3463 2848 3721 2905 Christus

2113 2951 2219 3007 est,
2243 2942 2417 3014 judex
2441 2951 2499 2999 et
2531 2958 2786 3000 summus
2815 2943 3098 3012 sacerdos,
3136 2943 3234 3015 qui
3276 2941 3541 3014 reliquias
3573 2940 3719 2996 ﬁlio-

2114 3050 2239 3089 rum
2284 3033 2452 3090 Israel
2490 3033 2665 3092 factas
2705 3051 2806 3108 per
2853 3037 3184 3091 electionem
3224 3033 3434 3107 gratiae,
3474 3033 3543 3090 ad
3595 3049 3720 3089 eam

2114 3143 2238 3200 quae
2260 3134 2346 3182 est
2383 3144 2451 3184 ex
2482 3127 2592 3185 ﬁde
2622 3129 2859 3184 salutem
2905 3127 3246 3185 continebat.
3285 3127 3402 3182 Hoc
3446 3127 3599 3182 enim
3638 3127 3716 3181 si-

395 3222 614 3292 Κύριος
635 3221 866 3278 Σαϐαὼθ
884 3224 1248 3293 ἐγκατέλιπεν
1261 3227 1396 3298 ἡμῖν
1417 3227 1662 3302 σπέρμα,
1681 3230 1759 3294 ὡς
1800 3229 2012 3302 Σόδομα

2116 3218 2362 3292 gniﬁcari
2417 3226 2552 3290 puto
2600 3218 2788 3275 verbis
2833 3218 2946 3275 illis
2998 3233 3121 3288 quae
3164 3233 3265 3289 per
3311 3216 3466 3274 Isaiae
3523 3231 3718 3272 vocem

396 3316 470 3371 ἂν
509 3315 883 3390 ἐγενήθημεν,
915 3319 1014 3374 καὶ
1054 3318 1132 3384 ὡς
1155 3320 1419 3393 Γόμορρα
1451 3320 1518 3377 ἂν
1557 3321 1948 3396 ὡμοιώθημεν.
1987 3343 2008 3378 ι

395 3410 771 3476 Πεπτωκότος
790 3411 1084 3484 τοιγαροῦν
1105 3411 1200 3468 τοῦ
1222 3413 1646 3486 ἀνθεστηκότος,
1667 3417 1812 3488 φημὶ
1828 3416 1892 3489 δή
1917 3416 2013 3472 τοῦ

411 3504 706 3576 ’Δμαλήκσ
738 3524 758 3559 ι
795 3507 1192 3581 Κατάγραψον,
1225 3527 1245 3562 ι
1281 3507 1470 3580 φησιν,
1509 3527 1528 3561 ι
1553 3511 1636 3573 είς
1669 3510 2014 3582 μνημόσυνον

395 3590 565 3650 τοῦτο
597 3599 681 3661 είς
729 3596 960 3668 βιϐλίον,
1005 3600 1103 3655 καὶ
1154 3600 1246 3666 δὸς
1293 3602 1376 3665 είς
1417 3601 1488 3656 τὰ
1537 3594 1654 3656 ὦτα
1721 3602 1922 3676 Ἰησοῦ.
1985 3623 2008 3659 ι

403 3687 650 3758 Ἔμελλε
691 3689 802 3761 γὰρ
827 3688 921 3743 διὰ
951 3689 1056 3761 τῆς
1084 3689 1194 3746 τῶν
1241 3689 1413 3759 ἁγίων
1436 3690 1848 3762 εὐαγγελιστῶν
1883 3710 2015 3762 συγ-

401 3781 634 3853 γραφῆς
691 3784 773 3848 είς
815 3782 1181 3856 ἀτελεύτητον
1230 3784 1326 3838 καὶ
1379 3784 1602 3856 μακρὰν
1670 3785 2013 3841 ἐπιτείνεσθαι

400 3873 636 3946 μνήμην
687 3874 758 3930 τὰ
789 3874 880 3930 διὰ
915 3877 1157 3948 Χριστοῦ
1185 3876 1617 3950 κατορθώματα.
1671 3877 1921 3934 Δίδοσθαί
1949 3897 2014 3951 γε

403 3963 518 4035 μὴν
562 3965 671 4038 εφη
714 3967 816 4039 τὴν
858 3969 1190 4042 συγγραφὴν
1239 3971 1321 4034 εἰς
1362 3969 1434 4025 τὰ
1483 3962 1601 4026 ὦτα
1651 3970 1746 4026 τοῦ
1815 3971 2011 4044 Ἰησοῦ.

414 4057 707 4130 ’Δνάθημα
752 4060 863 4132 γὰρ
910 4061 1104 4135 ὥσπερ
1151 4061 1367 4118 ἔπαινοί
1408 4077 1470 4118 τε
1509 4064 1605 4120 καὶ
1650 4062 1908 4137 ἐγκώμια
1939 4065 2016 4140 τῷ

399 4150 634 4224 Χριστῷ
674 4152 747 4207 τὰ
787 4153 899 4208 τῶν
946 4154 1121 4225 ἁγίων
1177 4155 1612 4229 συγγράμματα.
1651 4159 2017 4224 Πεπτωκότος

399 4240 460 4296 δέ
509 4242 616 4314 ἤδη
647 4243 744 4299 καὶ
789 4247 1149 4318 νενικημένου
1193 4245 1287 4301 τοῦ
1331 4248 1604 4321 Ἀμαλήκ,
1659 4248 1947 4322 ἀνίστησιν
1985 4251 2016 4304 ὀ

399 4335 614 4407 Μωσῆς
674 4335 1069 4410 θυσιαστήριον
1117 4339 1197 4413 τῷ
1247 4338 1400 4412 Θεῷο
1431 4340 1780 4414 καταγράφει
1825 4341 1884 4396 δέ
1922 4341 2016 4397 καὶ

400 4426 557 4498 αὑτῷ
589 4428 786 4501 ὄνομα,
824 4450 843 4484 ι
884 4432 1092 4504 Κύριός
1126 4450 1252 4504 μου,
1288 4435 1581 4506 καταφυγή
1610 4452 1736 4507 μου.
1769 4453 1790 4487 ι
1830 4434 2017 4502 Τύπος

398 4518 460 4573 δὲ
489 4517 561 4573 ἂν
585 4521 672 4591 εἴη
701 4521 798 4576 καὶ
827 4522 986 4579 τοῦτο
999 4524 1262 4596 Χριστοῦ.
1285 4524 1492 4596 Κύριος
1535 4525 1645 4598 γὰρ
1668 4528 1801 4599 ήμῖν
1821 4527 2014 4597 γέγονε

2117 3310 2441 3382 prophetice
2467 3311 2617 3369 dicta
2640 3321 2806 3367 sunt:
2849 3331 2868 3364 ι
2908 3311 2980 3367 Ει
3009 3312 3120 3368 nisi
3161 3311 3432 3369 Dominus
3475 3311 3718 3368 Sabaoth

2118 3405 2440 3477 reliquisset
2467 3404 2634 3461 nobis
2668 3419 2880 3470 semen,
2909 3412 2972 3460 ut
3001 3403 3240 3461 Sodoma
3287 3404 3611 3472 fuissemus,
3661 3413 3721 3462 et

2117 3498 2277 3568 quasi
2318 3496 2629 3554 Gomorrha
2673 3497 2883 3552 similes
2920 3496 3053 3553 facti
3103 3512 3354 3554 essemus
3389 3498 3458 3552 ’⁸.
3507 3517 3525 3550 ι
3577 3497 3720 3554 Cum

2118 3593 2288 3666 igitur
2309 3593 2358 3650 is
2380 3593 2478 3666 qui
2501 3592 2828 3660 obsistebat,
2864 3593 3108 3660 Amalec,
3134 3594 3382 3665 inquam,
3399 3594 3718 3662 cecidisset,

2127 3707 2144 3740 ι
2176 3687 2393 3755 Scribe,
2425 3705 2443 3740 ι
2484 3685 2687 3757 inquit,
2728 3705 2745 3738 ι
2776 3685 2887 3742 hoc
2924 3686 2994 3742 ad
3017 3687 3345 3742 memoriam
3383 3687 3441 3742 in
3463 3687 3630 3754 libro,
3661 3698 3720 3744 et

2117 3779 2277 3836 dabis
2306 3779 2363 3834 in
2394 3795 2558 3836 aures
2585 3779 2754 3836 Iosue
2791 3778 2859 3832 ”.
2893 3798 2912 3831 ι
2945 3780 3119 3835 Erant
3157 3779 3305 3837 enim
3333 3781 3599 3852 praeclara
3626 3781 3718 3836 illa

2116 3871 2324 3929 Christi
2382 3880 2537 3945 gesta
2600 3873 2878 3929 diuturnae.
2922 3873 3389 3944 sempiternaeque
3438 3874 3723 3930 memoriae

2117 3972 2438 4020 sanctorum
2481 3964 2948 4036 evangelistarum
2990 3964 3213 4036 scriptis
3261 3964 3717 4022 commendanda.

2116 4054 2246 4111 Dari
2272 4069 2494 4127 quoque
2521 4055 2690 4127 jussit
2713 4055 2922 4128 scripta
2955 4056 3050 4112 illa
3073 4057 3130 4112 in
3151 4071 3316 4112 aures
3350 4057 3553 4113 Josue:
3593 4057 3720 4114 illo-

2116 4163 2242 4204 rum
2261 4163 2502 4219 namque
2531 4155 2853 4205 sanctorum
2885 4149 3135 4205 virorum
3155 4158 3539 4216 monumenta,
3565 4149 3722 4205 velut

2119 4239 2322 4297 selecta
2341 4239 2488 4296 dona
2508 4238 2853 4310 quaedam,ac
2876 4247 3138 4313 tanquam
3159 4241 3352 4298 laudes
3367 4248 3424 4297 et
3441 4241 3719 4312 praeconia

2115 4329 2340 4388 Christo
2360 4330 2542 4388 dicata
2561 4339 2710 4388 sunt.
2751 4331 3048 4405 Proﬂigato
3084 4334 3255 4406 igitur
3289 4349 3357 4392 ac
3389 4333 3538 4390 victo
3556 4335 3719 4390 Ama-

2116 4421 2222 4491 lec,
2261 4422 2428 4496 erigit
2462 4421 2676 4497 Moyses
2709 4423 2886 4481 altare
2934 4425 3070 4491 Deo,
3108 4426 3303 4498 illique
3355 4425 3465 4483 hoc
3514 4441 3716 4483 nomen

2119 4513 2375 4587 imponit,
2389 4535 2409 4569 ι
2439 4516 2708 4574 Dominus
2729 4531 2907 4584 meus,
2929 4517 3206 4591 refugium
3226 4534 3412 4577 meum
3433 4519 3532 4574 νο.)
3558 4518 3715 4587 Quod

399 4611 500 4665 καὶ
527 4615 825 4687 καταφυγή
847 4630 862 4645 ⁸
891 4616 1198 4689 νενικηκὼς
1226 4617 1338 4691 γὰρ
1363 4618 1458 4672 τὸν
1489 4619 1729 4692 ἄρχοντα
1758 4618 1852 4674 τοῦ
1880 4619 2013 4675 αίῶ-

2120 4607 2301 4679 ipsum
2321 4608 2491 4664 etiam
2510 4607 2717 4665 Christi
2759 4609 2994 4682 ﬁguram
3032 4611 3279 4682 praefert.
3310 4612 3364 4669 Is
3399 4612 3550 4669 enim
3606 4612 3716 4668 Do-

396 4721 491 4769 νος
524 4705 740 4774 τούτου,
787 4709 1039 4782 πατήσας
1071 4710 1130 4765 δέ
1157 4708 1254 4765 τοῦ
1298 4709 1533 4766 θανάτου
1557 4712 1619 4768 τὸ
1659 4712 1884 4784 κράτος,
1917 4714 2013 4769 καὶ

398 4799 628 4864 ἀναθεὶς
663 4799 856 4856 ἐαυτὸν
885 4802 1032 4876 ὑπὲρ
1073 4803 1236 4876 ήμῶν
1279 4803 1472 4878 ῶσπερ
1512 4804 1746 4877 ἄμωμον
1791 4808 2010 4877 ἱερεῖον,

398 4891 482 4955 εἰς
527 4891 709 4964 ὀσμὴν
747 4892 982 4959 εὐωδίας
1021 4893 1103 4967 τῷ
1149 4894 1272 4968 Θεῷ
1305 4896 1402 4952 καὶ
1446 4897 1644 4970 Πατρί.
1686 4897 1872 4964 Τύπος
1917 4896 2012 4954 οὖν

399 4983 514 5054 ἄρα
543 4983 812 5056 Χριστοῦ,
851 4986 914 5040 τὸ
948 4985 1357 5062 θυσιαστήριον,
1388 4980 1435 5058 ᾧ
1469 4991 1567 5045 καὶ
1593 4991 1806 5064 πρέπον
1837 5011 1898 5048 τε
1918 4995 2012 5051 καὶ⁵

399 5075 605 5149 ἀληθὲς
639 5077 837 5150 ὁνομα,
876 5097 894 5131 ι
931 5079 1139 5154 Κύριός
1175 5098 1302 5154 μου,
1338 5084 1633 5158 καταφυγή
1666 5102 1789 5158 μου.
1829 5105 1849 5140 ι

474 5344 687 5401 ΠΑΛΛ.
722 5344 994 5418 Σὺμφημι
1014 5363 1029 5379 ο
1056 5348 1198 5412 νοεῖς
1227 5345 1338 5419 γὰρ
1372 5345 1572 5420 ὀρθῶς.

474 5525 644 5581 ΚΥΡ.
700 5526 790 5580 Ἐν
824 5527 971 5599 χειρὶ⁵
999 5527 1054 5581 δὲ
1081 5527 1326 5600 κρυφαία
1353 5528 1673 5602 πολεμήσας
1702 5528 1792 5584 τὸν
1814 5529 2004 5601 νοητὸν

411 5617 667 5689 Ἀμαλὴκ
718 5620 815 5672 καὶ
875 5619 1181 5692 νενικηκὼς
1229 5621 1259 5673 ὀ
1309 5621 1568 5692 Χριστὸς,
1626 5621 2006 5694 κατεκράτησε

396 5709 513 5763 τῶν
556 5710 751 5777 ἐθνῶν,
807 5712 904 5766 καὶ
934 5711 1238 5784 διήρπασεν
1290 5712 1458 5767 αὐτοῦ
1502 5713 1571 5768 τὰ
1619 5714 1810 5786 σκεύη,
1864 5715 2008 5770 καθά

2111 4699 2300 4756 minus
2332 4708 2524 4758 noster
2577 4710 2664 4758 est
2717 4701 2919 4770 factus,
2975 4719 3041 4760 ac
3095 4704 3396 4779 refugium,
3436 4721 3563 4762 cum
3616 4705 3716 4762 de-

2110 4792 2335 4850 bellarit
2385 4794 2580 4851 mundi
2651 4795 2820 4867 hujus
2887 4796 3239 4869 principem,
3310 4799 3717 4871 calcaveritque

2111 4887 2308 4943 mortis
2333 4886 2650 4958 imperium,
2691 4905 2756 4946 ac
2792 4889 3040 4960 seipsum
3079 4889 3350 4947 obtulerit
3399 4907 3504 4963 pro
3555 4893 3717 4949 nobis

2111 4987 2175 5036 ut
2210 4979 2620 5036 immaculatam
2658 4980 2896 5037 hostiam
2935 4982 2994 5037 in
3029 4981 3258 5038 odorem
3291 4984 3583 5040 suavitatis
3601 4985 3716 5040 Deo

2109 5089 2176 5130 ac
2211 5071 2380 5130 Patri.
2419 5072 2550 5129 Fuit
2587 5073 2758 5146 igitur
2794 5074 2970 5133 altare
2999 5074 3135 5130 illud
3155 5074 3362 5132 Christi
3400 5075 3599 5148 ﬁgura,
3623 5079 3714 5133 cui

2108 5158 2314 5219 decens
2349 5177 2414 5219 ac
2437 5178 2646 5220 verum
2682 5179 2888 5220 nomen
2927 5172 3033 5232 est,
3076 5164 3345 5221 Dominus
3399 5181 3580 5233 meus,
3619 5183 3711 5224 ro-

2107 5255 2322 5328 fugium
2360 5270 2570 5310 meum.

2178 5346 2379 5404 PALL.
2417 5347 2704 5404 Assentior
2751 5366 2763 5401 :
2805 5346 3012 5418 optime
3060 5364 3299 5421 namque
3345 5352 3556 5409 sentire
3633 5355 3715 5409 vi—

2108 5441 2280 5498 deris.

2099 5563 2102 5566 ~
2180 5533 2340 5591 CYR.
2361 5533 2513 5591 Bello
2548 5534 2734 5606 itaque
2757 5541 2911 5606 gesto
2957 5534 3224 5593 adversus
3238 5536 3345 5610 91
3369 5539 3715 5611 spiritualem

2110 5626 2332 5683 Amalec
2351 5627 2408 5684 in
2436 5643 2604 5683 manu
2630 5628 2866 5694 occulta,
2906 5643 3086 5701 eoque
3123 5629 3293 5695 victo,
3331 5629 3592 5689 Christus
3610 5630 3713 5687 ob-

2110 5717 2282 5775 tinuit
2319 5724 2533 5790 gentes,
2572 5718 2854 5792 ligatoque
2891 5719 3046 5786 forti,
3089 5730 3150 5778 ut
3191 5723 3309 5795 ipse
3350 5723 3550 5794 inquit,
3591 5723 3712 5793 ejus

476 5826 885 5920 ξζζξοαηίρνιιι,
923 5829 1012 5887 24.
1083 5832 1157 5906 _"
1197 5831 1374 5888 Exod.
1415 5849 1544 5900 xvn,
1583 5832 1665 5888 12.
1741 5835 1837 5891 ’³1
1875 5837 2013 5893 pem

2117 5878 2129 5920 ,
2174 5838 2239 5908 7;
2272 5833 2399 5894 Isai.
2422 5855 2608 5907 xxvm,
2639 5838 2721 5896 l6.
2799 5840 3121 5911 “Isai.1,9.
3204 5843 3247 5875 ’³
3269 5841 3440 5898 Exod.
3464 5854 3590 5906 xvn,
3619 5835 3708 5894 14.

399 5899 448 5930 "
482 5897 644 5954 lbid..
695 5899 782 5955 15.
