4096 6478
413 435 521 493 27)

1445 435 1501 492 S.
1542 433 1817 492 CYRILLI
1853 431 2326 489 ALEXANDRINI
2362 429 2681 487 ARCHIEP.

3582 418 3690 476 280

415 564 547 606 vasa
581 548 899 620 diripuit”.
927 549 1157 623 Gregem
1195 551 1364 616 enim,
1400 551 1494 620 qui
1532 550 1663 606 olim
1706 550 1811 605 sub
1855 549 2000 605 illius

2106 566 2271 622 φησιν
2296 549 2481 615 αὐτὸς,
2528 547 2839 619 καταδήσας
2870 543 2960 598 τὸν
3005 542 3247 617 ἰσχυρόν.
3292 539 3406 613 Τὴν
3446 539 3557 611 γὰρ
3596 538 3690 592 ὑπ’
3745 546 3753 563 ⁸

415 640 626 695 ditione
666 640 865 704 fuerat,
886 640 1138 711 gentiles,
1163 641 1407 711 inquam,
1430 654 1557 696 cum
1576 640 1858 696 veteribus
1884 640 2007 712 gre-

415 729 577 800 gibus
613 729 916 801 conjunxit,
955 729 1191 800 ideoque
1230 729 1450 785 dicebat
1486 747 1499 784 :
1540 749 1558 781 ι
1601 730 1670 785 Ει
1707 729 1842 785 alias
1875 744 2005 784 oves

417 821 615 887 habeo,
657 838 779 892 quae
815 837 926 876 non
965 829 1096 876 sunt
1131 837 1198 879 ex
1233 822 1341 877 hoc
1376 821 1547 877 ovili:
1584 829 1644 877 et
1680 821 1803 876 illas
1842 835 2006 891 opor-

418 919 494 965 tet
530 927 619 967 me
660 911 936 966 adducere
960 952 974 977 ,
1014 920 1071 966 et
1109 928 1300 968 vocem
1338 928 1516 968 meam
1554 912 1801 979 audient,
1823 922 1879 967 et
1912 912 2005 967 ﬁet

417 1017 587 1056 unum
610 1002 774 1069 ovile,
814 1020 959 1059 unus
989 1013 1178 1075 pastor
1196 1005 1261 1058 ⁸⁸.
1292 1025 1309 1056 ι
1353 1004 1611 1061 Christus
1670 1013 1854 1060 autem
1896 1021 2004 1076 pax

412 1100 601 1149 nostra
657 1102 762 1160 est,
817 1095 972 1167 juxta
1028 1095 1379 1167 Scripturas,
1438 1097 1533 1167 qui
1584 1096 1715 1152 fecit
1769 1103 2003 1167 utraque

415 1201 609 1253 unum,
664 1194 723 1241 et
774 1187 1019 1243 medium
1073 1188 1344 1259 parietem
1396 1188 1650 1243 maceriae
1703 1187 1886 1254 solvit,
1947 1196 2004 1244 et

415 1275 735 1333 inimicitias
780 1276 835 1331 in
874 1276 1040 1333 carne
1096 1294 1216 1343 sua,
1273 1279 1446 1349 legem
1502 1277 1892 1333 mandatorum
1944 1277 2003 1332 in

413 1366 652 1422 decretis
698 1369 1070 1435 evacuavit”,
1111 1376 1277 1439 atque
1314 1368 1371 1423 in
1405 1385 1577 1423 unum
1639 1383 1845 1423 novum
1899 1367 2001 1422 ho-

412 1456 620 1513 minem
672 1468 789 1513 tum
825 1475 922 1514 eos
971 1460 1065 1530 qui
1110 1474 1179 1514 ex
1232 1460 1677 1527 circumcisione,
1734 1467 1851 1514 tum
1905 1459 2002 1530 qui

411 1553 569 1602 extra
604 1545 781 1620 legem
815 1556 995 1615 erant,
1037 1548 1377 1606 conciliavit.
1414 1549 1534 1605 Jam
1569 1564 1706 1605 vero
1744 1549 2000 1605 conside-

413 1652 505 1693 res
538 1638 739 1719 iterum
771 1640 936 1695 velim
965 1656 1222 1713 magnum
1240 1640 1734 1713 hoczmysterium,
1758 1641 1915 1711 quasi
1944 1641 2001 1696 in

411 1729 611 1785 umbra
644 1738 701 1786 et
734 1734 1053 1804 aenigmate,
1092 1733 1240 1809 quod
1283 1733 1350 1788 iis
1383 1749 1507 1804 quae
1545 1734 1708 1789 modo
1746 1750 1777 1789 ιι
1840 1734 2003 1789 nobis

412 1820 561 1876 dicta
591 1830 742 1888 sunt,
784 1823 932 1879 illico
968 1824 1290 1895 adjunctum
1331 1830 1436 1880 est.
1466 1842 1485 1875 ι
1510 1823 1739 1878 Audivit
1776 1824 1946 1890 enim,
1975 1842 1993 1874 ι

413 1910 614 1983 inquit,
657 1931 675 1965 ι
699 1913 892 1969 Jethro
923 1913 1183 1974 sacerdos
1212 1912 1430 1969 Madian
1449 1928 1606 1969 socer
1629 1913 1799 1985 Moysi
1819 1912 2004 1968 omnia

411 2016 756 2074 quascunque
780 2003 910 2059 fecit
945 2004 1212 2060 Dominus
1235 2004 1424 2060 lsraeli
1455 2021 1557 2061 suo
1581 2006 1824 2076 populo;
1865 2006 2004 2061 edu-

413 2096 493 2150 xit
523 2096 669 2151 enim
708 2097 976 2151 Dominus
1015 2096 1182 2153 lsraei
1210 2113 1276 2152 ex
1301 2096 1553 2169 Egypto.
1575 2099 1799 2169 Accepit
1819 2106 2004 2153 autem

408 2184 604 2242 Jethro
641 2202 801 2243 socer
827 2187 999 2259 Moysi
1028 2186 1370 2258 Sepphoram
1408 2205 1634 2244 uxorem
1670 2189 1841 2260 Moysi
1881 2200 2005 2259 post

409 2276 789 2333 dimissionem
825 2278 966 2350 ejus,
1008 2285 1064 2332 et
1091 2278 1232 2333 duos
1280 2277 1424 2333 ﬁlios
1470 2279 1628 2350 ejus;
1669 2295 1873 2334 nomen
1907 2271 2002 2334 uni

407 2370 656 2439 Gersam,
680 2372 909 2429 dicens:
936 2370 1163 2429 Adven'a
1200 2373 1281 2427 fui
1313 2373 1371 2428 in
1412 2382 1562 2429 terra
1599 2374 1797 2430 aliena:
1824 2383 1879 2430 et
1900 2390 2000 2430 no-

408 2478 537 2520 men
561 2466 791 2521 secundi
829 2466 1067 2534 Eliezer,
1096 2469 1289 2524 dicens
1312 2487 1325 2523 :
1348 2467 1495 2524 Deus
1514 2468 1663 2523 enim
1697 2468 1870 2537 patris
1893 2467 2002 2523 mei

408 2557 630 2629 adjutor
665 2574 844 2626 meus,
884 2569 941 2616 et
975 2561 1233 2617 liberavit
1283 2577 1371 2617 me
1419 2561 1488 2616 de
1536 2577 1705 2616 manu
1758 2561 1999 2617 Pharao-

407 2649 516 2704 nis.
542 2649 612 2704 Et
646 2652 801 2706 venit
832 2651 1026 2707 Jethro
1058 2667 1217 2709 socer
1253 2652 1445 2725 Moysi,
1485 2661 1542 2708 et
1580 2651 1678 2706 filii
1729 2660 1786 2707 et
1838 2668 1997 2719 uxor,

408 2741 479 2797 ad
516 2743 740 2817 Moysen
766 2744 822 2798 in
845 2743 1147 2811 desertum,
1188 2746 1284 2800 ubi
1323 2753 1742 2802 castrametatus
1789 2752 1907 2800 erat
1942 2744 2000 2800 iu

409 2845 653 2892 montem
676 2837 794 2893 Dei.
816 2837 1139 2893 Nuntiatum
1184 2848 1271 2895 est
1298 2846 1483 2894 autem
1502 2838 1671 2909 Moysi
1693 2855 1724 2892 a
1761 2837 1999 2893 dicenti-

402 2927 515 2983 bus
538 2946 551 2982 :
575 2929 717 2984 Ecce
740 2944 898 2985 socer
922 2938 1052 2985 tuus
1074 2930 1267 2986 Jethro
1284 2929 1437 2985 venit
1455 2928 1523 2984 ad
1546 2937 1619 2996 te,
1644 2936 1700 2984 et
1735 2944 1874 2982 uxor
1908 2934 1999 2982 tua

408 3027 467 3072 et
485 3018 596 3074 duo
621 3019 721 3074 ﬁlii
743 3021 822 3076 tui
846 3036 973 3076 cum
1002 3036 1089 3076 eo.
1131 3021 1401 3092 Egressus
1443 3029 1529 3075 est
1556 3028 1738 3074 autem
1789 3019 2000 3090 Moyses

409 3110 467 3165 in
502 3126 794 3169 occursum
834 3127 1028 3169 socero
1074 3128 1198 3178 suo,
1237 3122 1294 3168 et
1331 3112 1583 3167 adoravit
1620 3128 1769 3178 eum,
1810 3119 1867 3166 et
1904 3126 1998 3166 os-

408 3203 628 3259 culatus
652 3219 801 3270 eum,
831 3211 887 3259 et
905 3204 1144 3276 amplexi
1182 3213 1312 3259 sunt
1332 3204 1589 3270 invicem,
1616 3213 1673 3260 et
1695 3203 2000 3258 introduxit

408 3306 535 3347 eum
556 3292 612 3348 in
633 3294 1074 3359 tabernaculum,
1096 3302 1152 3350 et
1171 3295 1418 3351 narravit
1434 3296 1647 3366 Moyses
1667 3310 1863 3351 socero
1900 3310 2001 3350 suo

407 3382 593 3440 omnia
627 3400 971 3456 quaecunque
1009 3384 1139 3440 fecit
1177 3385 1444 3441 Dominus
1481 3386 1757 3442 Pharaoni
1780 3385 2007 3457 etEgy-

406 3475 541 3548 ptiis
564 3485 792 3549 propter
829 3477 1021 3545 Israel,
1058 3487 1115 3533 et
1144 3493 1366 3534 omnem
1402 3479 1646 3534 laborem
1668 3479 1764 3549 qui
1802 3479 2005 3534 accidit

407 3569 491 3624 eis
510 3570 569 3623 in
589 3568 699 3634 via,
721 3568 946 3641 etquod
968 3571 1117 3625 eruit
1134 3587 1231 3627 eos
1254 3570 1520 3627 Dominus
1547 3570 1615 3626 de
1652 3586 1818 3625 manu
1857 3570 2002 3626 Pha-

409 3660 616 3726 raonis,
638 3668 696 3717 et
734 3661 802 3717 de
838 3678 1006 3717 manu
1038 3662 1442 3739 Egyptiorum.
1482 3652 1783 3734 Obstupuit
1820 3674 2003 3720 autem

404 3746 600 3803 Jethro
620 3763 786 3819 super
818 3751 1077 3807 omnibus
1096 3752 1256 3808 bonis
1287 3768 1409 3823 qua:
1444 3751 1577 3807 fecit
1611 3753 1692 3809 eis
1713 3755 1999 3822 Dominus,

408 3838 558 3909 quod
584 3841 732 3894 eruit
751 3855 847 3896 eos
866 3841 1134 3898 Dominus
1151 3843 1219 3898 de
1240 3842 1817 3916 manqugyptiorum,
1840 3853 1897 3901 et
1932 3846 2002 3902 de

409 3945 574 3986 manu
595 3931 918 3991 Pharaonis.
943 3936 1012 3991 Et
1034 3936 1173 3992 dixit
1197 3936 1391 3992 Jethro
1418 3955 1430 3991 :
1458 3938 1788 3995 Benedictus
1812 3940 2001 3995 Domi-

409 4042 533 4095 nus,
560 4023 823 4100 ‘quoniam
841 4031 989 4087 eruit
1008 4034 1274 4103 populum
1290 4048 1450 4089 suum
1463 4034 1529 4089 de
1541 4050 1705 4091 manu
1716 4033 2001 4108 Egyptio-

408 4134 554 4187 rum,
574 4128 632 4176 et
651 4121 721 4178 de
739 4138 909 4179 manu
930 4124 1235 4182 Pharaonis
1257 4144 1269 4180 :
1291 4142 1440 4184 nunc
1464 4128 1693 4201 cognovi
1715 4128 1865 4200 quod
1887 4145 2004 4184 ma-

404 4228 547 4284 gnus
565 4216 833 4274 Dominus
859 4218 968 4289 92
999 4235 1165 4291 super
1195 4235 1388 4278 omnes
1419 4220 1576 4289 deos,
1623 4230 1850 4293 propter
1896 4221 2003 4279 hoc

405 4309 553 4380 quod
609 4311 850 4382 superbe
885 4321 1118 4383 egerunt
1158 4313 1260 4370 eis.
1280 4314 1349 4369 Et
1379 4315 1593 4385 accepit
1614 4315 1809 4372 Jethro
1843 4331 2003 4372 socer

413 4401 584 4474 Moysi
618 4402 936 4460 holocausta
967 4415 1025 4461 et
1059 4406 1313 4461 victimas
1353 4406 1467 4461 Deo
1495 4423 1508 4459 :
1532 4407 1687 4461 venit
1728 4415 1911 4461 autem
1947 4414 2004 4462 et

350 4497 377 4508 ‘
403 4493 608 4561 Aaron,
630 4502 688 4551 et
707 4511 901 4553 omnes
940 4498 1370 4554 senioreslsrael
1391 4497 1458 4553 ad
1481 4498 1883 4553 comedendum
1906 4514 2003 4569 pa-

2108 641 2302 713 ἐκείνῳ
2343 640 2688 714 πράττουσαν
2744 637 2945 707 ἀγέλην
2984 635 3135 702 ποτὲ,
3181 636 3323 708 φημὶ
3369 633 3435 706 δὴ
3463 636 3593 697 τοὺς
3632 630 3695 697 ἐξ

2105 732 2296 800 ἐθνῶν,
2339 737 2452 798 τοῖς
2482 731 2864 804 ἀρχαιοτέροις
2898 728 3103 799 συνῆψε
3130 727 3435 799 ποιμνίοιςο
3469 724 3692 795 τοιγάρ⁴

2104 841 2188 878 τοι
2236 824 2331 879 καὶ
2378 823 2583 894 ἔφασκε
2606 840 2619 854 ⁸
2665 842 2685 874 ι
2731 821 2842 876 Καὶ
2887 821 3023 877 ἄλλα
3064 818 3312 893 πρόϐατα
3356 817 3483 889 ἔχω,
3526 816 3562 870 ἀ
3590 817 3693 870 οὐκ

2106 914 2252 970 ἐστιν
2273 916 2337 970 ὲκ
2365 916 2465 988 τῆς
2498 900 2923 987 αὐλῆςταύτης,
2951 912 3182 967 κάκεῖνά
3215 929 3283 983 με
3319 910 3401 964 δεῖ
3441 911 3690 978 ἀγαγεῖν,

2105 1004 2201 1058 καὶ
2242 1004 2342 1077 τῆς
2381 1004 2567 1075 φωνῆς
2615 1021 2716 1075 μου
2747 1002 3075 1056 ἀκούσουσι·
3122 1000 3217 1055 καὶ
3253 1000 3546 1070 γενήσεται
3593 996 3694 1068 μία

2105 1096 2332 1168 ποίμνη,
2362 1091 2443 1161 εἷς
2489 1097 2717 1167 ποιμήν.
2761 1112 2781 1147 ι
2826 1094 3063 1166 Χριστὸς
3107 1092 3166 1146 δέ
3223 1094 3373 1146 ἐστιν
3421 1092 3455 1161 ἠ
3497 1090 3689 1160 εἰρήνη

2105 1187 2283 1259 ήμῶν,
2317 1187 2460 1242 κατά
2487 1187 2586 1252 τὰς
2608 1185 2852 1258 Γραφάς,
2883 1187 2913 1238 ό
2937 1185 3172 1256 ποιήσας
3199 1183 3268 1237 τά
3287 1180 3575 1254 ἀμφότερα
3606 1180 3686 1247 ἓν,

2106 1281 2200 1334 καὶ
2223 1280 2284 1334 τὸ
2319 1281 2634 1352 μεσότοιχον
2665 1278 2760 1333 τοῦ
2801 1277 3060 1350 φραγμοῦ
3089 1276 3282 1340 λύσας,
3328 1276 3425 1330 καὶ
3461 1274 3559 1345 τὴν
3596 1273 3690 1343 ἔχ-

2105 1371 2241 1441 θραν
2268 1374 2325 1425 ὲν
2367 1374 2434 1444 τῇ
2466 1371 2631 1441 σαρκὶ
2661 1369 2850 1435 αὐτοῦ,
2885 1370 2979 1423 τὸν
3017 1368 3183 1439 νόμον
3213 1367 3326 1420 τῶν
3351 1363 3581 1420 ὲντολῶν
3633 1365 3692 1417 ὲν

2103 1461 2335 1531 δόγμασι
2382 1462 2774 1534 καταργήσας,
2844 1460 2939 1515 καὶ
2978 1461 3055 1524 εἰς
3112 1458 3211 1514 ἕνα
3246 1457 3432 1511 καινὸν
3477 1455 3691 1527 ἀνθρω-

2107 1569 2205 1606 πον
2265 1552 2391 1615 τούς
2420 1570 2479 1606 τε
2526 1555 2591 1607 ἐκ
2623 1552 2926 1625 περιτομῆς
2953 1551 3049 1606 καὶ
3075 1549 3204 1613 τοῦς
3243 1548 3347 1614 ἔξω
3376 1550 3542 1618 νόμου
3571 1563 3695 1599 συν-

2104 1644 2361 1714 ενεγκών.
2389 1645 2581 1718 Ἀθρει
2609 1644 2672 1716 δὴ
2705 1639 2799 1699 οὖν
2825 1643 2986 1697 πάλιν
3014 1641 3171 1697 τοῦτο
3194 1640 3337 1711 μέγα
3367 1638 3690 1710 μυστήριον,

2105 1738 2217 1801 τοῖς
2263 1736 2466 1808 ἀρτίως
2504 1739 2636 1809 ἡμῖν
2669 1737 2983 1810 εἰρημένοις
3029 1731 3498 1807 παρεζευγμένον,
3527 1730 3602 1795 ὡς
3633 1731 3694 1783 ὲν

2107 1827 2236 1897 σκιᾷ
2253 1826 2696 1897 καὶαίνίγμασιν.
2718 1844 2736 1877 ι
2765 1827 3005 1878 Ἤκουσε
3025 1822 3157 1894 γάρ,
3185 1841 3202 1874 ι
3230 1820 3459 1893 (malm:
3500 1818 3689 1890 Ἰοθὸρ,

2036 1893 2077 1948 Β
2104 1918 2132 1970 6
2157 1893 2336 1987 ἱερεὺς
2351 1893 2601 1993 Μαὸιάμ,
2624 1915 2653 1968 6
2678 1912 2925 1985 γαμϐρὸς
2940 1893 3139 1979 Μωσῆ,
3155 1909 3331 1963 πάντα
3352 1907 3452 1960 ὅσα
3467 1906 3694 1976 ἐποίησε

2106 2008 2310 2080 Κύριος
2350 2008 2568 2080 Ἰσραὴλ
2595 2007 2672 2079 τῷ
2693 2005 2888 2060 ἑαυτοῦ
2912 2003 3029 2075 λαῷ
3051 2021 3066 2035 ο
3092 2003 3329 2074 ἐξήγαγε
3355 2001 3466 2071 γὰρ
3489 1998 3694 2070 Κύριος

2104 2103 2196 2157 τὸν
2251 2102 2468 2175 Ἰσραὴλ
2515 2103 2574 2169 ἐξ
2616 2099 2917 2170 Αἰγύπτου.
2955 2096 3158 2151 Ἔλαϐε
3207 2095 3267 2148 δὲ
3321 2093 3417 2148 καὶ
3464 2092 3635 2163 ἰοθὸρ
3663 2091 3694 2144 6

2105 2195 2357 2268 γαμϐρὸς
2376 2195 2621 2258 Μωσέως
2649 2191 2953 2264 Σεπφώραν
2975 2188 3073 2260 τὴν
3101 2189 3339 2258 γυναῖκα
3364 2187 3535 2255 Μωσῆ
3554 2183 3693 2255 μετά

2103 2289 2205 2361 τήν
2231 2289 2425 2358 ἄφεσιν
2466 2286 2657 2357 αὐτῆς,
2686 2284 2783 2340 καὶ
2814 2284 2939 2347 τοὺς
2979 2281 3074 2335 δύο
3101 2279 3252 2343 υἱοὺς
3275 2278 3447 2348 αὐτῆς
3474 2291 3490 2307 ⁸
3518 2275 3693 2346 δινομα

2102 2383 2182 2452 τῷ
2222 2383 2303 2436 ὲ,νί
2343 2381 2575 2454 Γερσάν,
2611 2379 2786 2449 λέγων
2805 2398 2818 2412 ·
2849 2378 3122 2451 Πάροικος
3150 2375 3300 2446 ήμην
3328 2373 3387 2426 ὲν
3414 2373 3487 2442 γῇ
3532 2368 3693 2425 ἀλλος-

2102 2476 2250 2547 τρῐᾳ·
2274 2475 2370 2530 καὶ
2393 2474 2453 2529 τὸ
2473 2472 2643 2544 ὄνομα
2667 2472 2762 2527 τοῦ
2802 2470 3054 2545 δευτέρου
3088 2466 3355 2538 Ἐλιεζὲρ,
3382 2464 3582 2534 λέγων·
3626 2461 3691 2517 ’0

2102 2568 2212 2640 γὰρ
2250 2566 2384 2631 Θεὸς
2430 2565 2524 2620 τοῦ
2557 2565 2763 2638 πατρός
2797 2581 2899 2635 μου
2935 2561 3127 2633 βοηθός
3169 2577 3294 2631 μου,
3329 2558 3427 2612 καὶ
3456 2555 3692 2623 ὲξείλετό

2107 2677 2174 2732 με
2202 2661 2266 2713 ὲκ
2296 2658 2479 2731 χειρὸς
2519 2655 2736 2729 Φαραώ.
2789 2654 2900 2707 Καὶ
2938 2648 3103 2724 ἦλθεν
3144 2649 3313 2721 Ἰοθὸρ
3363 2649 3392 2702 6
3437 2644 3691 2718 γαμϐρὸς

2101 2750 2301 2823 Μωσῆ,
2333 2752 2431 2805 καὶ
2458 2750 2508 2804 οἱ
2542 2747 2651 2804 υἱοὶ
2680 2746 2773 2801 καὶ⁵
2815 2747 2849 2817 ή
2894 2743 3055 2816 γυνὴ,
3090 2742 3226 2815 πρὸς
3253 2740 3459 2810 Μωσῆν
3488 2741 3568 2802 εἰς
3582 2737 3691 2807 τὴν

2102 2846 2326 2919 ἔρημον,
2348 2838 2409 2900 οὗ
2433 2841 2742 2916 παρέλαϐεν
2759 2839 2854 2894 ἐπὶ
2873 2839 2933 2892 τὸ
2948 2838 3073 2910 ὅρος
3087 2837 3181 2891 τοῦ
3202 2835 3365 2889 Θεοῦ.
3378 2832 3689 2903 Ἀνηγγέλη

2099 2939 2155 2993 δὲ
2188 2939 2361 3009 Μωσῇ
2395 2935 2650 3005 λέγοντες
2670 2949 2686 2966 ο
2733 2932 2864 2986 Ἰδοὺ
2895 2933 2924 2984 6
2953 2928 3203 3000 γαμϐρός
3232 2943 3326 2981 σου
3379 2923 3545 2995 Ἰοθὸρ
3580 2940 3689 2976 παι

2103 3032 2384 3107 ραγίνεται
2421 3030 2559 3102 πρὸς
2594 3016 2675 3094 σε,
2710 3026 2804 3081 καὶ
2843 3028 2877 3099 ή
2906 3024 3045 3096 γυνὴ
3088 3021 3185 3077 καὶ
3221 3021 3273 3073 οἱ
3300 3018 3394 3073 δύο
3444 3015 3551 3070 υἱοί
3594 3031 3688 3107 σου

2105 3105 2225 3198 μετ’
2267 3121 2458 3178 αὐτοῦ.
2509 3118 2733 3192 Ἐξῆλθε
2786 3119 2844 3172 δὲ
2882 3115 3088 3188 Μωσῆς
3141 3114 3223 3177 εἰς
3253 3111 3581 3181 συνάντησιν
3611 3105 3694 3176 τῷ

2027 3249 2071 3310 c
2103 3215 2342 3290 γαμϐρῷ
2371 3213 2540 3271 αὐτοῦ
2582 3212 2774 3285 Ἰοθὸρ,
2808 3211 2903 3266 καὶ
2940 3206 3353 3310 προσεκύνησεν
3373 3202 3552 3310 αὐτῷ,
3594 3202 3696 3310 καλ.

2107 3310 2475 3381 κατεφίλησεν
2525 3306 2709 3370 αὑτὸν,
2759 3304 2856 3359 καὶ
2901 3301 3222 3374 ἠσπάσαντο
3258 3299 3545 3370 ἀλλήλους,
3595 3296 3697 3350 καὶ

2106 3406 2404 3477 εἰσήγαγεν
2436 3400 2638 3463 αὐτοὺς
2686 3398 2766 3462 εἰς
2810 3396 2910 3468 τὴν
2955 3395 3163 3466 σκηνήν
3187 3407 3201 3424 ·
3261 3392 3358 3446 καὶ
3392 3389 3697 3460 διηγήσατο

2105 3497 2313 3567 Μωσῆς
2339 3494 2421 3565 τῷ
2441 3489 2677 3564 γαμϐρῷ
2703 3488 2884 3544 πάντα
2908 3488 3012 3543 ὅσα
3044 3485 3300 3556 ἐποίησεν
3325 3484 3354 3536 6
3379 3481 3584 3553 Κύριος
3612 3479 3697 3550 τῷ

2105 3585 2309 3658 Φαραὼ
2350 3587 2447 3640 καὶ
2489 3587 2600 3648 τοῖς
2631 3583 2953 3653 Αἰγυπτίοις
2980 3581 3145 3635 ἓνεκα
3176 3575 3269 3631 τοῦ
3329 3573 3566 3646 Ἰσραὴλ,
3596 3572 3696 3626 καὶ

2109 3680 2287 3736 πάντα
2321 3678 2412 3733 τὸν
2447 3675 2648 3749 μόχθον
2686 3674 2779 3728 τὸν
2814 3674 3105 3744 γενόμενον
3153 3667 3339 3732 αὐτοῖς
3370 3667 3429 3719 ἐν
3455 3666 3521 3735 τῇ
3560 3661 3692 3732 ὁδῷ,

2104 3774 2199 3829 καὶ
2237 3773 2318 3827 ὅτι
2370 3770 2605 3838 ἐξείλετο
2650 3767 2852 3831 αὐτοὺς
2884 3765 3092 3836 Κύριος
3141 3763 3206 3816 ὲκ
3241 3758 3424 3831 χειρὸς
3464 3752 3692 3826 Φαραὼ,

2105 3867 2200 3921 καὶ
2231 3865 2297 3917 ὲκ
2340 3861 2524 3934 χειρὸς
2560 3859 2669 3914 τῶν
2712 3856 3045 3928 Αἰγυπτίων.
3091 3852 3315 3923 Ἐξέστη
3349 3849 3407 3903 δὲ
3450 3850 3479 3902 ὁ
3522 3845 3693 3918 ’1οθὸρ

2105 3957 2197 4011 ἐπὶ
2240 3957 2376 4009 πᾶσι
2413 3955 2527 4017 τοῖς
2560 3949 2788 4021 ἀγαθοῖς
2827 3943 2911 4014 οἷς
2940 3947 3197 4018 εποίησεν
3230 3943 3431 4006 αὐτοὺς
3460 3939 3690 4012 Κύριος,

2103 4050 2184 4104 ὅτι
2222 4046 2460 4113 ἐξείλετο
2490 4043 2687 4107 αὐτοὺς
2717 4041 2923 4113 Κύριος
2953 4042 3018 4093 ὲκ
3037 4038 3221 4111 χειρὸς
3246 4033 3562 4104 Αἰγυπτίων
3595 4032 3693 4087 καὶ

2066 4204 2079 4213 _
2103 4141 2168 4194 ὲκ
2205 4137 2387 4210 χειρὸς
2407 4134 2628 4208 Φαραώ.
2658 4132 2771 4188 Καὶ
2800 4129 2955 4186 εἶπεν
2989 4128 3177 4200 Ἰοθόρο
3231 4125 3540 4197 Εὐλογητὸς
3570 4121 3690 4176 Κύα-

2105 4249 2240 4305 ριος,
2269 4230 2351 4284 ὅτι
2372 4228 2602 4294 ἐξείλετο
2621 4226 2715 4280 τὸν
2737 4223 2867 4279 λαὸν
2895 4221 3059 4277 αὐτοῦ
3091 4222 3154 4274 ὲκ
3179 4219 3361 4291 χειρὸς
3388 4217 3497 4271 τῶν
3526 4216 3692 4285 Δίγυ-

2102 4324 2297 4389 πτίων,
2321 4322 2416 4376 καὶ
2447 4322 2512 4374 ὲκ
2541 4317 2725 4391 χειρὸς
2751 4314 2981 4387 Φαραώ.
3015 4311 3130 4367 Νῦν
3164 4311 3365 4380 ἔγνων,
3398 4310 3482 4363 ὅτι
3512 4308 3692 4379 μέγας

2103 4414 2306 4483 Κύριος
2333 4410 2486 4483 παρά
2518 4410 2726 4472 πάντας
2754 4407 2881 4470 τοὺς
2915 4405 3091 4469 θεοὺς,
3122 4402 3311 4457 ἕνεκεν
3340 4400 3560 4465 τούτου,
3608 4397 3691 4452 ὅτι

2104 4504 2358 4558 ἐπέθεντο
2385 4503 2586 4566 αὐτοῖς.
2623 4500 2734 4554 Καὶ
2779 4498 2969 4553 ἐλαϐεν
3007 4494 3179 4566 Ἰοθὸρ
3220 4492 3472 4565 γαμϐρὸς
3515 4489 3690 4560 Μωσῆ

341 4583 351 4591 ’
404 4600 531 4640 nem
549 4600 673 4641 cum
695 4603 887 4643 socero
910 4587 1079 4660 Moysi
1098 4604 1285 4644 coram
1306 4590 1438 4643 Deo.
1455 4589 1525 4643 Et
1543 4588 1750 4643 factum
1770 4596 1854 4643 est
1874 4596 1999 4660 post

2100 4595 2528 4667 ὁλοκαυτώματα
2565 4594 2661 4648 καὶ
2692 4592 2883 4655 θυσίας
2922 4588 3001 4661 τῷ
3037 4587 3157 4659 Θεῷ
3179 4605 3194 4619 ο
3230 4576 3596 4659 παρεγένοντο
3633 4582 3693 4636 δὲ

403 4677 705 4734 crastinum
726 4680 977 4735 consedit
996 4679 1209 4752 Moyses
1228 4679 1296 4735 ad
1311 4679 1671 4751 judicandum
1693 4680 1956 4750 populum
1980 4698 1995 4749 ;

403 4770 696 4826 assistebat
728 4780 913 4827 autem
946 4771 1125 4827 omnis
1142 4769 1381 4841 populus
1401 4769 1568 4842 Moysi
1589 4785 1620 4824 a
1643 4785 1802 4841 mane
1825 4786 1999 4842 usque

403 4861 471 4915 ad
491 4876 804 4933 vesperum.
819 4862 1027 4919 Videns
1038 4869 1222 4916 autem
1242 4858 1434 4915 Jethro
1446 4858 1632 4915 omnia
1656 4875 1999 4933 quaecunque

404 4952 640 5010 faciebat
652 4954 878 5027 populo,
901 4953 1081 5025 inquit
1103 4972 1117 5006 :
1139 4952 1283 5020 Quid
1303 4951 1410 5005 hoc
1428 4958 1484 5005 tu
1505 4949 1641 5006 facis
1655 4952 1884 5023 populo?
1903 4969 2002 5010 cur

402 5054 463 5101 tu
483 5046 644 5103 sedes
664 5047 835 5113 solus,
856 5053 913 5103 et
930 5046 1112 5103 omnis
1127 5044 1368 5117 populus
1387 5051 1528 5099 astat
1544 5044 1645 5099 tibi
1672 5059 1703 5099 a
1720 5058 1882 5099 mane
1900 5059 1996 5100 us-

403 5154 510 5207 que
526 5138 594 5194 ad
615 5139 949 5210 vesperum?
976 5139 1045 5194 Et
1062 5137 1198 5193 dicit
1233 5136 1444 5209 Moyses
1480 5122 1676 5194 socero
1691 5154 1793 5195 suo
1819 5157 1832 5192 :
1855 5138 1995 5207 Quia

402 5230 558 5285 venit
576 5230 647 5286 ad
668 5246 755 5286 me
774 5231 1013 5300 populus
1030 5244 1279 5299 qumrere
1295 5228 1564 5301 judicium
1585 5245 1615 5286 a
1637 5231 1770 5287 Deo.
1804 5230 1993 5299 Quan-

405 5321 477 5377 do
494 5322 644 5377 enim
661 5320 832 5377 fuerit
849 5320 931 5376 eis
951 5321 1345 5387 controversia,
1385 5327 1441 5376 et
1477 5322 1732 5378 venerint
1772 5323 1840 5379 ad
1881 5339 1996 5389 me,

400 5414 591 5489 judico
637 5414 783 5469 inter
805 5412 1069 5485 singulos,
1090 5420 1145 5469 et
1163 5414 1334 5471 doceo
1356 5414 1479 5470 illos
1518 5416 1773 5471 mandata
1806 5417 1903 5472 Dei
1943 5426 2000 5472 et

406 5505 583 5576 legem
602 5504 743 5576 ejus.
766 5502 915 5557 Dixit
932 5511 1117 5558 autem
1155 5519 1314 5560 socer
1349 5503 1518 5577 Moysi
1559 5504 1629 5560 ad
1667 5520 1834 5561 eum:
1876 5507 1996 5562 Non

408 5601 557 5651 recte
595 5592 731 5649 facis
768 5594 999 5650 verbum
1053 5595 1197 5663 hoc;
1252 5595 1607 5666 corruptione
1654 5598 1998 5653 eonsumeris

414 5686 743 5744 intolerabili
783 5695 841 5743 et
870 5695 950 5756 tu,
986 5695 1044 5745 et
1076 5687 1256 5745 omnis
1277 5687 1514 5759 populus
1542 5686 1635 5742 hic
1658 5687 1753 5758 qui
1784 5697 1868 5745 est
1912 5696 1996 5745 te-

2109 4687 2319 4760 Ἀαρὼν
2352 4686 2447 4742 καὶ
2475 4687 2674 4750 πάντες
2705 4686 2754 4738 οἰ
2788 4682 3158 4756 πρεσϐύτεροι
3218 4676 3440 4750 Ἰσραὴλ
3473 4691 3693 4746 συμφα-

2095 4780 2213 4848 γεῖν
2240 4777 2407 4851 ἀρτον
2440 4775 2580 4848 μετὰ
2616 4778 2711 4829 τοῦ
2743 4773 3001 4846 γαμϐροῦ
3031 4771 3281 4834 Μωσέως
3314 4768 3559 4824 ὲναντίον
3594 4766 3690 4820 τοῦ

2099 4866 2257 4922 Θεοῦ.
2309 4868 2420 4920 Καὶ
2468 4865 2688 4934 ἐγένετο
2739 4864 2878 4935 μετὰ
2902 4863 3003 4934 τὴν
3036 4860 3326 4932 ἐπαύριον,
3370 4855 3694 4911 συνεκάθισε

2098 4959 2304 5030 Μωσῆς
2327 4957 2533 5030 κρίνειν
2558 4957 2653 5011 τὸν
2693 4956 2823 5010 λαόν
2842 4973 2857 4987 ·
2893 4954 3254 5025 παρειστήκει
3288 4950 3347 5006 δὲ
3370 4951 3399 5004 6
3420 4949 3548 5013 λαὸς
3583 4948 3695 5012 πᾶς

2103 5054 2277 5125 Μωσῇ
2323 5050 2431 5105 ἀπὸ
2481 5048 2723 5122 πρωῖθεν
2771 5046 3185 5119 ἓωςὲσπέρας.
3237 5041 3385 5098 Ἰδὼν
3412 5041 3472 5096 δὲ
3523 5040 3696 5111 Ἰοθὸρ

2105 5146 2286 5201 πάντα
2311 5145 2412 5198 ὅσα
2445 5141 2670 5213 εποίησε
2721 5140 2803 5212 τῷ
2843 5138 2978 5209 λαῷ,
3019 5138 3206 5218 λέγει’
3259 5137 3326 5190 Τί
3368 5134 3527 5189 τοῦτο
3557 5133 3587 5187 6
3629 5133 3696 5186 σὺ

2104 5236 2280 5299 ποιεῖς
2298 5234 2376 5305 τῷ
2407 5232 2523 5304 λαῷ
2545 5249 2559 5298 ;
2583 5231 2673 5286 διὰ
2699 5230 2753 5284 τί
2777 5231 2842 5284 σὺ
2864 5228 3102 5299 κάθησαι
3136 5228 3316 5300 μόνος,
3348 5227 3457 5291 πᾶς
3486 5224 3543 5278 δὲ
3569 5223 3695 5286 λαὸς

2105 5324 2421 5398 παρέστηκέ
2448 5340 2533 5377 σοι
2562 5322 2671 5377 ἀπὸ
2710 5320 2856 5393 πρωῒ
2883 5320 2990 5385 ἓως
3012 5319 3191 5391 δείλης
3215 5337 3229 5385 ;
3259 5317 3372 5372 Καὶ
3391 5316 3540 5385 λέγει
3569 5315 3699 5368 Mm-

2106 5420 2203 5489 σῆς
2231 5416 2309 5489 τῷ
2341 5413 2579 5488 γαμϐρῷ
2601 5430 2615 5445 ·
2651 5414 2772 5468 Ὅτι
2806 5413 3170 5485 παραγίνεται
3206 5413 3235 5466 6
3265 5408 3393 5474 λαὸς
3441 5408 3578 5481 πρός
3622 5423 3692 5476 με

2103 5505 2401 5577 ὲκζητῆσαι
2446 5503 2628 5576 κρίσιν
2668 5502 2818 5573 παρὰ
2863 5500 3023 5556 Θεοῦ.
3080 5502 3252 5558 Ὅταν
3290 5500 3401 5572 γὰρ
3466 5498 3695 5569 γένηται

2103 5599 2287 5662 αὐτοῖς
2316 5594 2596 5665 ἀντιλογία
2619 5595 2711 5649 καὶ
2733 5593 2925 5648 ἔλθωσι
2961 5593 3098 5663 πρός
3132 5610 3222 5664 με,
3255 5593 3518 5663 διακρίνω
3558 5588 3692 5643 Exa-

2105 5708 2253 5756 στον,
2284 5689 2379 5744 καὶ
2415 5687 2739 5759 συμϐιϐἀξω
2772 5688 2969 5754 αὐτοὺς
3016 5686 3083 5742 τά
3134 5685 3538 5758 προστάγματα
3592 5676 3691 5735 τοῦ

478 5872 523 5905 ’⁷
566 5871 893 5947 Matth.xm,
936 5876 1025 5934 9.9.
1074 5876 1298 5935 “Joan.
1342 5893 1395 5946 ι,
1427 5877 1511 5932 4.6.
1590 5875 1635 5908 θ’
1687 5874 1874 5947 Ephes
1951 5890 1991 5940 ι,
2031 5871 2114 5939 Η,
2166 5871 2252 5928 15.
