4096 6436
296 426 417 488 281

1074 423 1167 478 DE
1206 417 1660 479 ADORATIONE
1694 417 1763 473 IN
1804 417 2081 475 SPIRITU
2115 418 2205 474 ET
2243 420 2619 477 VERITATE.
2664 421 2796 477 LIB.
2836 420 2927 477 Ill.

3531 422 3641 477 289

299 546 452 602 Θεοῦ
511 544 610 599 καὶ
635 543 728 596 τὸν
745 541 914 614 νόμον
942 540 1131 597 αὐτοῦ.
1166 537 1304 596 Εἶπε
1326 540 1384 595 δὲ
1412 541 1442 595 ὁ
1467 537 1718 611 γαμσρὸς
1746 537 1923 609 Μωσῆ

2048 554 2160 596 :um
2187 556 2199 593 :
2223 557 2390 612 grave
2427 541 2527 596 tibi
2562 542 2797 597 verbum
2825 541 2952 605 hoc,
2973 553 3083 594 non
3113 546 3324 611 poteris
3363 545 3424 593 tu
3459 538 3640 593 facere

300 641 452 712 πρὸς
495 637 666 692 αὐτόν
691 653 706 668 '
748 636 867 691 Οὐκ
895 635 1075 708 ὀρθῶς
1119 636 1185 689 σὺ
1215 636 1393 700 ποιεῖς
1432 633 1495 688 τὸ
1547 632 1702 705 ῥῆμα
1741 630 1919 698 τοῦτο,

297 734 362 787 οὐ
400 731 619 803 δυνήσῃ
651 730 718 783 σὺ
742 731 921 805 ποιεῖν
953 728 1134 800 μόνος.
1160 728 1277 783 Νῦν
1309 727 1367 781 δὲ
1400 726 1634 782 ἄκουσόν
1668 741 1794 797 μου.
1824 724 1924 777 καὶ

309 821 717 894 συμϐουλεύσω
750 837 858 885 σοι,
888 819 984 874 καὶ
1024 818 1180 872 ἔσται
1209 818 1239 871 ό
1266 815 1401 881 Θεὸς
1441 815 1584 888 μετὰ
1613 813 1729 868 σοῦ.
1761 811 1920 865 Γίνου

306 922 373 975 σὺ
399 919 487 991 τῷ
522 915 643 990 λαῷ
671 916 744 970 τὰ
775 914 917 987 πρὸς
944 915 1038 970 τὸν
1076 913 1232 978 Θεὸν,
1272 911 1370 966 καὶ⁸
1398 909 1637 973 ἀνοίσεις
1676 907 1804 970 τοὺς
1836 904 1924 959 λό-

301 1028 443 1081 γους
468 1009 662 1064 αὐτῶν
694 1007 838 1080 πρὸς
885 1005 978 1061 τὸν
1006 1004 1162 1069 Θεὸν,
1196 1004 1294 1059 καὶ
1336 1000 1702 1074 διαμαρτύρει
1735 998 1923 1060 αὐτοῖς

297 1104 374 1158 τά
400 1101 818 1176 προστάγματα
841 1096 937 1151 τοῦ
981 1094 1119 1150 Θεοῦ
1154 1095 1252 1149 καὶ
1282 1094 1374 1149 τὸν
1412 1093 1579 1165 νόμον
1608 1089 1796 1156 αὑτοῦ,
1829 1086 1926 1142 καὶ

302 1196 587 1268 σημανεῖς
646 1193 839 1271 αὐτοῖς
880 1189 982 1254 τὰς
1012 1187 1194 1253 ὁδοὺς,
1219 1188 1279 1241 ὲν
1330 1182 1421 1250 αἷς
1454 1183 1817 1257 πορεύωνται
1861 1181 1920 1233 ἐν

299 1291 531 1356 αὐταῖς,
566 1286 666 1341 καὶ
729 1270 801 1339 τὰ
850 1282 992 1356 ἔργα
1046 1279 1084 1335 ἃ.
1134 1280 1446 1351 ποιήσουσι.
1492 1278 1605 1332 Καὶ
1636 1278 1700 1330 σὺ
1744 1270 1928 1342 σαυτῷ

301 1381 516 1452 σκέψαι
545 1378 657 1435 ἀπὸ
684 1375 891 1440 παντὸς
917 1374 1015 1429 τοῦ
1038 1372 1173 1429 λαοῦ
1209 1372 1432 1444 ἄνδρας,
1458 1370 1615 1441 φησὶ,
1634 1368 1919 1432 δυνατοὺς,

2033 630 2204 687 solus.
2244 629 2406 686 Nunc
2427 630 2597 702 igitur
2615 631 2747 686 audi
2787 646 2897 696 me,
2921 638 2979 685 et
3019 628 3314 685 consilium
3350 625 3451 683 tibi
3475 626 3621 681 dabo
3660 655 3666 691 γ

2032 722 2167 779 Esto
2212 731 2271 778 tu
2319 723 2527 794 populo
2566 722 2623 777 in
2672 722 2763 789 iis,
2794 737 2919 794 quae
2956 721 3024 777 ad
3078 722 3285 786 Deum,
3324 726 3383 775 et
3428 719 3641 775 referes

2032 830 2322 872 sermones
2352 829 2547 871 eorum
2570 814 2639 870 ad
2662 815 2860 881 Deum,
2886 822 2944 869 et
2974 813 3268 869 testiﬁcare
3311 813 3394 868 eis
3435 825 3664 885 praeco:

2033 914 2128 978 pta
2164 906 2264 961 Dei
2301 914 2359 961 et
2384 905 2562 976 legem
2598 905 2741 976 ejus,
2760 912 2818 959 et
2848 904 3108 960 ostendes
3139 904 3223 959 eis
3269 903 3387 959 vias
3422 904 3478 959 in
3516 902 3643 974 qui-

2035 997 2142 1054 bus
2167 998 2458 1054 ambulent
2498 999 2558 1053 in
2591 997 2749 1070 ipsis,
2783 1004 2841 1053 et
2879 1012 3049 1067 opera
3082 1012 3205 1067 quae
3232 996 3455 1054 facient.
3486 996 3556 1052 Et
3587 1005 3644 1052 tu

2035 1092 2138 1148 tibi
2173 1092 2405 1164 provide
2427 1091 2498 1148 ab
2531 1092 2684 1148 omni
2716 1091 2921 1163 populo
2952 1090 3123 1155 viros,
3148 1089 3644 1161 inquit,potentes,

2034 1193 2092 1240 et
2107 1184 2444 1257 judicabunt
2463 1186 2730 1259 populum
2749 1187 2788 1238 ¹.
2816 1204 2835 1237 ›
2869 1184 2939 1240 Ει
2964 1182 3295 1255 quibusdam
3318 1184 3643 1255 interjectis,

2036 1276 2244 1333 iterum
2277 1296 2291 1332 :
2325 1298 2343 1330 ι
2378 1278 2608 1334 Audivit
2633 1285 2843 1342 autem,
2878 1296 2898 1327 ι
2932 1275 3133 1346 inquit,
3164 1297 3183 1326 ι
3214 1276 3426 1349 Moyses
3451 1290 3645 1332 vocem

2030 1370 2211 1424 soceri
2248 1371 2357 1437 sui,
2389 1379 2447 1427 et
2477 1370 2627 1427 fecit-
2647 1384 2992 1442 quaacunque
3029 1368 3251 1424 dixerat
3272 1368 3440 1439 ipsi'.
3478 1386 3497 1419 ι

296 1478 405 1531 καὶ
441 1472 701 1546 κρινοῦσι
747 1469 843 1524 τὸν
884 1468 1035 1523 λαόν.
1092 1486 1112 1518 ι
1166 1465 1278 1520 Καὶ
1319 1462 1441 1536 μεθ’
1488 1463 1654 1534 ἔτερα
1709 1459 1916 1517 πάλιν·
1962 1479 1981 1513 ι
2025 1462 2274 1518 Ἤκουσε
2307 1464 2388 1531 δὲ,
2439 1484 2458 1518 ι
2496 1464 2657 1542 φησι,
2689 1482 2709 1516 ι
2761 1463 2967 1536 Μωσῆς
2999 1463 3099 1534 τῆς
3142 1462 3328 1533 φωνῆς
3370 1460 3466 1515 τοῦ
3495 1476 3647 1531 γαμ-

297 1570 445 1645 ϐροῦ
478 1568 680 1635 αὑτοῦ,
713 1565 810 1622 καὶ
832 1565 1093 1635 ἐποίησεν
1126 1562 1228 1616 ὅσα
1259 1559 1410 1632 αὐτῷ
1435 1554 1645 1614 εἶπεν.»

376 1684 607 1741 ΠΔΔΛ.
648 1682 756 1737 Ἴθι
790 1681 857 1754 δή
897 1697 988 1753 μοι
1024 1678 1210 1747 πάλιν,
1242 1677 1341 1753 καὶ
1366 1676 1472 1732 άνὰ
1507 1674 1673 1748 μέρος
1720 1673 1929 1731 ἕκαστα

297 1776 615 1841 διαλαϐὼν,
650 1773 935 1844 διασάφει.

379 1870 561 1925 ΚΥΡ.
592 1863 676 1920 Ἦ
708 1867 812 1921 οὐκ
844 1860 991 1920 εἶναι
1020 1865 1129 1936 φῂς
1163 1862 1434 1933 ἀλλογενῆ
1458 1878 1518 1915 τε
1556 1861 1652 1917 καὶ
1675 1859 1735 1926 ἐξ
1763 1858 1933 1914 ἐθνῶν

2105 1673 2306 1731 PALL.
2367 1672 2542 1744 Perge
2594 1671 2764 1743 igitur
2816 1670 2954 1725 mihi
3012 1685 3244 1736 rursus,
3302 1678 3361 1725 ct
3416 1668 3650 1741 singulis

2034 1769 2265 1826 seorsim
2297 1764 2614 1823 distributis
2636 1780 2736 1834 per
2761 1773 2948 1835 partes
2977 1762 3213 1833 explica.

2106 1861 2266 1919 CYR.
2306 1859 2503 1915 Nonne
2536 1866 2787 1914 exterum
2819 1871 2942 1911 esse
2973 1855 3183 1919 lateris,
3207 1860 3264 1910 et
3295 1868 3361 1909 ex
3390 1853 3652 1925 gentibus

300 1964 402 2019 τὸν
449 1960 830 2030 Μαδιηναῖον;
885 1958 963 2012 Οὐ
1011 1957 1122 2029 γάρ
1162 1973 1265 2009 που
1315 1952 1472 2026 ῥίζης
1520 1952 1623 2024 τῆς
1683 1950 1936 2025 Ἀϐραὰμ

2048 1954 2322 2011 hominem
2349 1951 2743 2007 Madianitam?
2780 1950 2973 2021 Neque
2994 1948 3145 2005 enim
3177 1956 3349 2003 estex
3371 1946 3649 2002 Abraham

304 2055 482 2124 ὲξέφυ
503 2069 520 2084 ο
548 2048 619 2125 ἦν
642 2051 699 2106 δὲ
722 2051 821 2105 καὶ
852 2050 1060 2122 ἑτέρως
1098 2047 1387 2121 ἱερουργός
1409 2064 1470 2100 τε
1498 2047 1596 2100 καὶ
1616 2044 1808 2117 λάτρις
1836 2044 1937 2114 τῆς

307 2150 433 2205 κατ’
463 2148 657 2203 ἐκεῖνο
692 2144 895 2218 καιροῦ
921 2142 1330 2215 νενομισμένης
1362 2140 1458 2195 ἐπὶ
1492 2140 1594 2211 τῆς
1620 2141 1725 2211 γῆς
1755 2136 1938 2192 ἐθελο-

306 2241 651 2316 θρησκείας.
711 2236 1103 2311 Προσεκύνουν
1166 2237 1268 2308 μὲν
1305 2235 1442 2307 γὰρ,
1497 2234 1575 2297 ὡς
1604 2232 1773 2296 πολὺς
1823 2231 1937 2303 ἔχει

305 2335 496 2405 λόγος,
541 2331 717 2405 ᾤοντό
751 2348 813 2385 τε
861 2330 1020 2384 αὐτοὶ⁵
1075 2327 1221 2383 κατὰ
1269 2328 1412 2398 σφᾶς
1455 2325 1677 2390 αὐτοὺς,
1729 2324 1939 2396 ὑψίστῳ

308 2427 438 2498 Θεῷ
467 2426 735 2497 καθάπερ
763 2423 961 2496 ἀμέλει
1004 2422 1100 2477 καὶ
1136 2419 1478 2492 Μελχισεδέκ
1503 2435 1519 2450 ο
1544 2417 1941 2491 προσεδέχοντο

313 2522 376 2577 δὲ
402 2521 503 2593 καὶ
524 2519 757 2592 ἑτέρους
781 2518 927 2590 τάχα
956 2533 1060 2570 που
1104 2514 1285 2578 θεοὺς,
1325 2510 1753 2585 ὲναριθμοῦντες
1787 2508 1940 2580 αὐτῷ

312 2616 385 2670 τὰ
415 2614 689 2688 ἐξαίρετα
726 2611 838 2666 τῶν
890 2610 1233 2679 κτισμάτων,
1285 2608 1392 2679 γῆν
1437 2624 1500 2661 τε
1544 2605 1642 2661 καὶ
1684 2604 1938 2677 οὐρανὸν,

314 2707 474 2780 ἥλιον
498 2708 600 2763 καὶ
625 2704 885 2777 σελήνην,
909 2704 1006 2759 καὶ
1027 2703 1097 2759 τὰ
1118 2703 1231 2757 τῶν
1270 2700 1492 2773 ἄστρων
1521 2700 1688 2770 ὲπιση
1698 2697 1907 2770 μότερα
1922 2711 1937 2727 ⁸

318 2798 419 2854 καὶ
449 2795 845 2869 πλημμέλημα
882 2792 985 2865 μὲν
1009 2792 1237 2866 ἀρχαῖον
1262 2792 1295 2863 ή
1337 2790 1434 2845 ἐπὶ
1453 2788 1592 2861 τῷδε
1618 2785 1943 2859 καταφθορά

317 2893 418 2948 καὶ
439 2890 742 2962 πλάνησις,
766 2888 951 2960 διήκει
980 2886 1039 2939 δὲ
1072 2884 1169 2939 καὶ
1199 2885 1281 2949 είς
1312 2881 1474 2956 δεῦρο
1500 2882 1597 2937 καὶ
1620 2879 1943 2953 παρατείνε-

318 3003 438 3039 ται.
467 2981 743 3055 Φρονοῦσι
784 2979 896 3053 γὰρ
928 2973 1033 3034 ὧδε
1065 2976 1516 3051 παραληροῦντες
1542 2975 1624 3029 ἔτι
1651 2974 1760 3030 τῶν
1790 2974 1847 3028 ὲν
1871 2975 1941 3047 τῇ

318 3077 557 3150 ⁴Ινοινίκῃ
608 3075 707 3131 καὶ
745 3070 1088 3146 Παλαιστίνῃ
1124 3070 1294 3134 τινὲς,
1343 3068 1394 3123 οἳ
1438 3068 1581 3138 σφᾶς
1614 3066 1713 3138 μὲν
1744 3063 1943 3129 αὐτοὺς

321 3169 610 3234 θεοσεϐεῖς
648 3166 1037 3239 ὀνομάζουσιν,
1062 3159 1222 3235 οἷμον
1250 3162 1309 3217 δέ
1336 3178 1461 3216 τινα
1494 3158 1797 3233 θρησκείας
1824 3157 1944 3212 δια-

323 3263 611 3335 στείχουσι
639 3261 838 3333 μέσην,
871 3257 1001 3313 οὔτε
1025 3260 1141 3321 τοῖς
1175 3254 1452 3311 Ἰουδαίων
1483 3252 1630 3307 ἔθεσι
1655 3249 1938 3323 καθαρῶς,

2039 2048 2212 2118 stirpe
2257 2044 2584 2117 progenitus
2634 2060 2649 2098 :
2696 2050 2819 2099 erat
2871 2041 3039 2097 etiam
3097 2040 3305 2111 alioqui
3365 2038 3652 2110 religionis

2038 2142 2160 2214 ejus
2222 2155 2347 2211 quae
2394 2153 2496 2210 per
2540 2136 2736 2192 orbem
2783 2145 3064 2191 terrarum
3111 2143 3230 2188 erat
3278 2147 3346 2187 eo
3400 2139 3652 2201 tempore

2039 2237 2386 2310 pervulgata,
2418 2231 2681 2289 sacerdos
2708 2240 2766 2287 et
2794 2230 2997 2287 cultor.
3026 2228 3447 2285 Venerabantur
3476 2225 3651 2289 enim,

2039 2338 2103 2387 ut
2142 2339 2230 2386 est
2269 2329 2573 2384 multorum
2616 2339 2874 2381 sermone
2916 2322 3278 2388 celebratum,
3315 2328 3372 2373 et
3407 2318 3512 2390 ipsi
3552 2333 3655 2389 per

2041 2440 2101 2480 se
2140 2422 2435 2495 putabant,
2469 2420 2647 2475 Deum
2689 2416 3049 2480 altissimum,
3090 2423 3149 2469 ut
3192 2413 3358 2469 etiam
3405 2409 3656 2482 profecto

2042 2514 2488 2580 Melchisedech;
2539 2512 2680 2568 alios
2730 2524 2955 2583 quoque
3004 2508 3140 2563 deos
3192 2505 3559 2577 recipiebant,
3598 2514 3655 2559 et

2042 2613 2099 2668 in
2133 2612 2370 2668 deorum
2397 2623 2691 2666 numerum
2720 2622 2830 2662 una
2871 2620 2999 2661 cum
3039 2604 3135 2658 illo
3164 2600 3490 2660 referebant
3534 2597 3656 2654 exi-

2038 2705 2184 2761 mias
2233 2712 2538 2769 creaturas,
2574 2710 2782 2758 terram
2831 2698 2959 2755 dico
3011 2706 3069 2753 et
3122 2694 3347 2759 caelum,
3383 2690 3556 2747 solem
3600 2699 3661 2745 et

2042 2800 2255 2863 lunam,
2290 2803 2349 2853 et
2381 2804 2530 2851 astra
2570 2793 2915 2866 insigniora;
2948 2798 3114 2861 atque
3146 2784 3421 2860 ejusmodi
3460 2784 3567 2839 hac
3599 2783 3658 2837 in

2043 2908 2104 2948 re
2143 2891 2298 2946 labes
2348 2898 2407 2944 et
2458 2903 2618 2942 error
2670 2892 2833 2941 vetus
2885 2881 3112 2954 quidem
3157 2877 3355 2933 vitium
3397 2874 3523 2940 fuit,
3559 2872 3661 2929 sed

2043 2983 2195 3055 quod
2244 2995 2420 3051 usque
2459 2978 2529 3034 ad
2562 2988 2756 3034 nostra
2803 2983 3054 3045 tempora
3112 2966 3452 3041 pervenerit,
3492 2974 3660 3036 atque

2043 3075 2371 3147 pervaserit.
2416 3072 2510 3130 Sic
2540 3072 2692 3128 enim
2724 3069 2908 3125 adhuc
2940 3064 3165 3137 quidam
3220 3062 3276 3117 in
3310 3058 3575 3117 Phoenice
3603 3065 3662 3112 et

2044 3167 2338 3225 Palaestina
2391 3163 2733 3236 desipientes
2782 3160 3053 3223 sentiunt,
3099 3156 3216 3227 qui,
3262 3169 3390 3210 cum
3440 3168 3498 3208 se
3552 3150 3659 3222 ipsi

2043 3262 2334 3335 religiosos
2370 3259 2671 3332 appellent,
2704 3257 2850 3312 viam
2883 3264 3066 3309 tamen
3111 3249 3352 3305 mediam
3378 3244 3665 3317 religionis

318 3355 449 3412 οὔτε
472 3355 593 3418 τοῖς
625 3352 900 3423 Ἑλλήνων
914 3347 1308 3423 προσκείμενοι
1331 3388 1347 3412 ,
1372 3347 1456 3411 είς
1477 3344 1646 3417 ἄμφω
1666 3343 1723 3398 δὲ
1747 3342 1938 3414 ὥσπερ

2048 3352 2454 3426 ingrediuntur,
2499 3363 2683 3420 neque
2741 3345 3058 3404 Judaeorum
3106 3340 3360 3396 moribus
3391 3337 3500 3408 93
3532 3352 3659 3395 om-

319 3445 827 3522 διαρριπτοῦμενοι
875 3443 976 3498 καὶ
1033 3438 1461 3514 μεμερισμένοι.
1526 3435 1837 3508 Ἐλομένοις
1885 3435 1942 3489 δέ

321 3559 463 3597 ποτε
503 3543 624 3605 τοῖς
672 3539 734 3608 ἐξ
794 3537 1016 3610 Ἰσραὴλ
1061 3537 1123 3590 τὸ
1170 3528 1275 3589 ὧδε
1317 3534 1538 3606 φρονεῖν
1582 3533 1611 3586 ὁ
1652 3531 1944 3605 προφήτης

335 3634 536 3699 Ἠλίας
570 3633 817 3702 ἐπετίμα
854 3630 1066 3700 λέγων·
1110 3648 1130 3681 ι
1174 3629 1322 3692 Ἕως
1358 3627 1495 3681 πότε
1523 3624 1823 3698 χωλανεῖτε
1855 3622 1945 3677 ἐπ’

324 3726 681 3801 ἀμφοτέραις
720 3727 845 3789 ταῖς
871 3722 1123 3794 ίγνύαις;
1156 3721 1190 3793 ἦ
1224 3720 1395 3786 Βάαλ,
1429 3718 1602 3785 Βάαλ,
1629 3716 1664 3788 ἢ
1692 3716 1773 3789 τῷ
1800 3714 1942 3787 Θεῷ,

323 3821 506 3895 Θεῷ.»
533 3817 647 3876 Ἦν
674 3816 770 3875 οὖν
799 3820 910 3892 ἄρα
929 3817 1029 3872 καὶ
1057 3815 1228 3888 Ἰοθὸρ
1258 3813 1524 3869 τοιουτονί
1546 3830 1691 3881 τινα,
1713 3810 1856 3866 κατὰ
1884 3809 1947 3865 τὸ

326 3916 507 3985 εἰκὸς,
538 3902 848 3986 θρησκείας
891 3909 1099 3965 διέπων
1140 3907 1367 3980 τρόπον.
1405 3908 1503 3971 Ὃς
1526 3904 1760 3976 ἐπείπερ
1804 3902 1948 3972 ἔγνω

326 4012 401 4067 τὰ
444 4010 605 4082 παρά
660 4006 801 4062 Θεοῦ
860 4003 1128 4076 γεγονότα
1176 4002 1315 4074 πρὸς
1386 3999 1667 4073 σωτηρίαν
1715 3996 1825 4052 τῶν
1888 3994 1948 4061 ἐξ

340 4103 587 4178 Ἰσραὴλ,
625 4101 849 4166 σεπτοῖς
879 4099 977 4155 καὶ
1024 4095 1383 4166 ἀξιαγάστοις
1423 4094 1733 4165 διηγήμασι
1777 4107 1947 4145 κατα-

327 4196 700 4270 κηλοῦμενος,
728 4190 953 4249 πανοικί
974 4208 1034 4246 τε
1068 4191 1166 4245 καὶ
1204 4187 1471 4259 παγγενεὶ
1502 4185 1642 4258 πρὸς
1670 4185 1763 4239 τὸν
1804 4182 1948 4256 ἱερὸν

327 4290 658 4361 ἀφικνεῖται
688 4285 920 4342 Μωσέα·
965 4281 1027 4349 ὃς
1062 4281 1297 4353 ἐπείπερ
1345 4275 1509 4343 εἶδεν,
1540 4275 1795 4348 ἁσμένως
1831 4278 1947 4328 είσ-

330 4383 561 4453 εδέξατό
582 4399 647 4437 τε
686 4381 787 4436 καὶ
829 4376 1222 4449 είσκεκόμικεν
1248 4376 1329 4438 είς
1368 4372 1509 4427 ίδίαν
1537 4370 1770 4442 σκηνήν.
1819 4368 1950 4438 Ἀφο

328 4482 551 4551 ηγεῖται
583 4476 643 4531 δὲ
689 4473 1089 4545 ἀκριϐέστερον
1116 4468 1187 4523 τὰ
1212 4467 1303 4523 διὰ
1347 4466 1449 4538 τῆς
1479 4465 1630 4529 θείας
1668 4462 1852 4536 ἰσχύος
1886 4456 1946 4517 εὖ

329 4571 483 4644 μάλα
519 4566 959 4642 κατορθώματα.
988 4562 1103 4619 Καὶ
1134 4561 1203 4617 τὰ
1250 4560 1453 4625 παντὸς
1488 4557 1749 4614 ἐπέκεινα
1785 4556 1949 4626 λόγου

319 4663 862 4737 ῖτερατουργήματα.
915 4654 1183 4711 Καλεῖται
1214 4653 1326 4727 γὰρ
1359 4654 1441 4717 εἰς
1473 4651 1819 4725 μετάγνωσιν
1847 4648 1945 4721 τὴν

2048 3446 2206 3512 nino,
2240 3459 2425 3516 neque
2464 3441 2755 3516 gentilium
2797 3437 3027 3503 addicti,
3064 3435 3211 3490 inter
3256 3440 3524 3501 utrosque
3558 3444 3663 3483 au-

2052 3549 2165 3594 tem
2206 3532 2617 3608 quodammodo
2651 3529 2845 3604 jactati
2889 3536 3058 3599 atque
3097 3522 3345 3581 dissecti.
3382 3520 3665 3577 Israelitas
3768 3530 3771 3533 '

2050 3640 2237 3687 autem
2263 3628 2419 3693 olim,
2446 3643 2576 3683 cum
2611 3625 2681 3681 ad
2709 3623 2973 3682 eumdem
3003 3619 3251 3680 .modum
3302 3615 3512 3672 sentire
3547 3629 3663 3669 cm-

2050 3724 2304 3796 pissent,
2358 3720 2510 3777 Elias
2564 3719 2839 3792 propheta
2900 3713 3216 3788 objurgavit
3271 3710 3362 3765 his
3422 3707 3662 3764 verbis:

2059 3837 2078 3870 ‹
2118 3815 2423 3886 Quousque
2470 3811 2800 3870 claudicatis
2851 3807 3124 3865 ambobus
3172 3799 3524 3876 poplitibus?
3571 3808 3669 3853 aut

2051 3912 2204 3977 Baal,
2247 3910 2400 3977 Baal,
2431 3916 2528 3964 aut
2555 3908 2690 3972 Deo,
2718 3905 2836 3961 Deo
2866 3904 2907 3958 ⁸.
2939 3922 2958 3954 ι
2994 3897 3307 3957 Verisimile
3346 3894 3517 3969 igitur
3558 3900 3667 3953 est,

2052 4005 2249 4063 Jethro
2283 4017 2509 4076 quoque
2536 3997 2812 4072 ejusmodi
2852 3995 3094 4065 aliquam
3133 3996 3386 4046 secutum
3422 3999 3544 4042 esse
3572 3999 3666 4038 rc-

2051 4097 2276 4171 ligionis
2314 4095 2570 4151 formam.
2617 4089 2747 4158 Qui,
2794 4088 3158 4159 posteaquam
3196 4079 3455 4152 cognovit
3485 4090 3608 4147 quae
3634 4090 3667 4130 a

2051 4191 2167 4246 Deo
2189 4187 2438 4261 profecta
2459 4185 2701 4241 fuissent
2737 4180 2806 4237 ad
2837 4180 3073 4236 salutem
3103 4172 3372 4230 lsraelitis
3394 4177 3665 4242 praestan—

2052 4259 2209 4347 dam,
2238 4276 2550 4351 magniﬁcis
2584 4282 2753 4345 atque
2786 4267 3212 4328 admirabilibus
3254 4259 3671 4319 narrationibus

2053 4375 2296 4438 illectus,
2327 4385 2456 4426 cum
2486 4368 2654 4424 domo
2694 4371 2811 4421 tota
2865 4378 2932 4418 ac
2960 4375 3162 4434 genere
3196 4364 3311 4413 toto
3346 4355 3413 4410 ad
3441 4353 3668 4425 Moysen

2054 4464 2227 4520 venit.
2254 4462 2328 4528 ls,
2361 4476 2487 4517 cum
2507 4458 2753 4514 libenter
2779 4469 2907 4511 eum
2949 4450 3277 4524 aspexisset,
3309 4443 3551 4517 excepit,
3582 4444 3671 4499 in-

2053 4574 2164 4630 que
2208 4571 2372 4613 suum
2419 4550 2844 4609 tabernaculum
2892 4545 3133 4611 induxit,
3166 4541 3535 4613 exposuitque
3583 4553 3674 4593 ac—

2055 4628 2305 4706 curatius
2348 4646 2444 4701 illa
2481 4643 2686 4700 divinae
2724 4639 2955 4719 virtutis
2987 4635 3254 4708 praeclara
3290 4638 3463 4705 gesta,
3499 4628 3675 4685 admi-

329 4708 426 4821 tbgr
441 4708 606 4827 πρὸς,
890 4708 1669 4819 τίῦνπλανωμένωννπληθὺς,
1704 4744 1850 4816 φημὶ
1881 4708 1938 4815 δὴ

2052 4744 2336 4814 randaque
2364 4740 2531 4805 facta,
2559 4752 2684 4808 qum
2710 4734 2823 4789 vim
2860 4730 3139 4789 sermonis
3176 4742 3398 4782 omnem
3442 4740 3674 4796 supera-

328 4817 400 4902 τά
433 4817 592 4918 ἔθ’νη,
644 4846 705 4899 ὲν
733 4817 976 4918 πρωτοις
1013 4841 1113 4913 μὲν
1145 4841 1213 4894 ὲκ
1234 4817 1739 4912 παρακουσμάτων
1766 4830 1842 4893 ὧν
1881 4837 1938 4892 ἄν

2048 4847 2197 4897 rent.
2262 4836 2504 4893 Vocatur
2565 4830 2735 4903 igitur
2784 4844 2815 4882 a
2876 4826 3017 4881 falsa
3066 4822 3345 4879 sententia
3414 4817 3483 4875 ad
3553 4833 3677 4873 eam

329 4958 415 5005 τις
446 4940 666 4994 ποιοῖτο
696 4936 829 5008 περὶ
855 4934 1018 4999 Θεοῦ,
1068 4928 1170 4987 εἷθ’
1200 4930 1380 4997 οὕτως
1439 4930 1583 4985 αὐτὰ
1616 4930 1685 4985 δι’
1734 4927 1938 4984 ἑαυτῶν

2052 4948 2176 5004 qua:
2232 4928 2302 4985 ad
2356 4928 2534 4982 Deum
2588 4922 2764 4988 ducit,
2808 4917 3122 4976 errantium
3178 4914 3363 4979 turba,
3416 4910 3674 4983 gentiles.

332 4999 475 5102 πρὸς
518 5027 615 5082 τδν
663 4999 810 5080 θεῖον
871 5022 1065 5094 ὥσπερ
1111 5019 1524 5093 αὐτομολοῦντα
1561 5019 1751 5091 νόμον,
1804 5017 1938 5074 τοῦτ

2051 4999 2282 5097 inquam
2313 5040 2326 5075 :
2363 5035 2430 5076 ac
2469 5018 2717 5090 primum
2759 5011 2990 5085 quidem
3009 5025 3080 5065 ex
3116 5022 3186 5064 eo
3220 5003 3371 5077 quod
3417 4999 3674 5059 nonnihil

332 5099 474 5190 ἔστι,
510 5122 617 5196 τὴν
638 5120 731 5176 διὰ
755 5120 1091 5193 γράμματος
1123 5115 1271 5191 ἱεροῦ
1296 5116 1624 5187 κατήχησιν.
1665 5114 1827 5168 ’Ὥστε
1854 5113 1938 5168 καὶ

2056 5117 2126 5173 de
2172 5116 2288 5171 Deo
2337 5110 2734 5173 inaudierunt,
2786 5102 2991 5160 deinde
3041 5099 3149 5171 ipsi
3205 5112 3306 5166 per
3355 5110 3416 5150 se
3477 5101 3677 5164 sponte

332 5221 417 5285 εἰς
455 5183 824 5292 τὴνπρώτην
855 5183 1134 5286 είστρέχει
1166 5183 1395 5285 σκηνήν.
1424 5183 1811 5279 ὲήίσαγωγικὺς
1840 5206 1938 5280 γάρ

2061 5203 2473 5278 quodammodo
2499 5199 2568 5257 ad
2597 5198 2697 5254 Dei
2719 5197 2933 5266 legem,
2948 5190 3006 5246 id
3034 5200 3142 5254 est,
3171 5186 3240 5242 ad
3268 5183 3677 5241 institutionem

331 5314 361 5367 ό
606 5277 737 5364 sicut
774 5277 891 5372 τοῖς
927 5277 1515 5381 ἀρχαιοτέροιςδιηγή
1527 5277 1708 5375 μασιν
1739 5277 1938 5357 ἁναπελ

2061 5312 2347 5356 sacrarum
2378 5296 2723 5353 Litterarum
2756 5292 3081 5343 accurrunt.
3120 5281 3314 5351 Itaque
3350 5286 3408 5334 et
3445 5277 3514 5333 ad
3557 5277 3674 5347 pri-

335 5405 636 5477 πεισμένα,
673 5402 989 5475 μεταχωρεῖ
1015 5401 1113 5455 καὶ
1137 5402 1218 5465 είς
1241 5399 1302 5454 τὸ
1327 5400 1548 5470 φρονεῖν
1576 5396 1797 5451 ἑλέσθαι
1841 5395 1950 5449 λοιο

336 5497 462 5562 πον,
488 5498 576 5552 ὅτι
601 5494 668 5567 δὴ
695 5494 831 5559 Θεὸς
861 5488 946 5558 εἷς
972 5493 1036 5548 τέ
1074 5494 1196 5547 ἐστι
1240 5491 1338 5547 καὶ
1367 5491 1554 5564 μόνος,
1587 5489 1682 5545 καὶ
1710 5487 1819 5561 μὴν
1852 5489 1949 5542 καὶ

334 5591 417 5654 εἰς
440 5589 507 5643 τὸ
547 5590 751 5660 χρῆναι
780 5587 1163 5659 καρποφορεῖν
1203 5584 1376 5657 αὐτῷ.
1409 5583 1523 5653 Τὴν
1553 5583 1662 5656 γάρ
1691 5599 1775 5636 τοι
1814 5581 1951 5637 Μω-

334 5681 476 5747 σέως
504 5681 765 5753 διήγησιν
790 5677 1055 5753 ἀκηκοὼς
1075 5679 1104 5733 ὁ
1129 5677 1466 5750 Μαδιηναῖος
1483 5715 1499 5742 ,
1525 5675 1671 5730 (Νῦν
1695 5674 1890 5745 ἔγνων,
1924 5694 1941 5728 ι

334 5775 534 5846 φησὶν,
581 5772 664 5826 ὅτι
701 5771 879 5843 μέγας
917 5767 1127 5843 Κύριος
1150 5769 1304 5840 παρὰ
1339 5767 1550 5831 πάντας
1581 5765 1709 5831 τοὺς
1747 5761 1905 5827 θεούς
1933 5780 1948 5798 ο

2059 5407 2214 5448 mum
2243 5385 2667 5447 tabernaculum
2694 5384 3034 5454 properant;
3076 5370 3471 5429 introducendi
3509 5386 3673 5425 nam-

2058 5502 2168 5558 que
2188 5485 2301 5540 vim
2334 5484 2422 5539 lex
2451 5479 2621 5536 habet
2647 5495 2659 5530 :
2687 5472 2891 5532 deinde
2919 5466 3324 5525 vetustioribus
3349 5464 3461 5521 illis
3483 5479 3675 5519 narra-

2059 5555 2304 5636 tionibus
2338 5570 2612 5646 persuasi,
2653 5568 2710 5623 in
2748 5579 2872 5622 eam
2916 5561 3161 5632 denique
3200 5555 3537 5615 sententiam
3574 5568 3673 5610 ve-

2058 5671 2242 5733 niunt,
2290 5645 2357 5723 ut
2407 5660 2640 5720 credant
2703 5671 2877 5713 unum
2934 5667 3059 5709 esse
3116 5666 3181 5708 ac
3237 5648 3417 5706 solum
3470 5645 3671 5710 Deum,

2059 5763 2253 5834 illique
2308 5757 2620 5816 oblationes
2663 5749 2837 5809 dicari
2897 5754 3182 5820 oportere.
3228 5739 3396 5814 Moysi
3436 5748 3676 5806 namque

411 5956 426 5986 ⁸
455 5950 638 6009 Exod.
676 5965 829 6019 xvm,
858 5948 1003 6004 1-22.
1080 5952 1099 5983 ³
1135 5945 1303 6015 lbid.,
1349 5944 1439 6002 24.
1512 5944 1531 5978 ³
1588 5942 1659 5999 Ill
1689 5942 1826 6015 Reg.
1878 5940 2144 6010 xvm,2l.
