  <div class='ocr_page' id='page_1' title='image "/cluster/home/n/w/nwhite01/storage/ocr_20150623/68:no.1/coo.31924054869742/149.png"; bbox 0 0 4096 6450; ppageno 0'>
   <div class='ocr_carea' id='block_1_1' title="bbox 527 385 634 442">
    <p class='ocr_par' dir='ltr' id='par_1_1' title="bbox 527 385 634 442">
     <span class='ocr_line' id='line_1_1' title="bbox 527 385 634 442; baseline 0.019 -2"><span class='ocrx_word' id='word_1_1' title='bbox 527 385 634 442; x_wconf 70' lang='lat'><strong>233</strong></span> 
     </span>
    </p>
   </div>
   <div class='ocr_carea' id='block_1_2' title="bbox 1562 385 2796 458">
    <p class='ocr_par' dir='ltr' id='par_1_2' title="bbox 1562 385 2796 458">
     <span class='ocr_line' id='line_1_2' title="bbox 1562 385 2796 458; baseline 0.013 -18"><span class='ocrx_word' id='word_1_2' title='bbox 1562 385 1617 440; x_wconf 90' lang='lat' dir='ltr'><strong>S.</strong></span> <span class='ocrx_word' id='word_1_3' title='bbox 1659 386 1933 443; x_wconf 76' lang='lat' dir='ltr'><strong>CYRILIJ</strong></span> <span class='ocrx_word' id='word_1_4' title='bbox 1972 388 2440 452; x_wconf 77' lang='lat' dir='ltr'><strong>ALEXANDRINI</strong></span> <span class='ocrx_word' id='word_1_5' title='bbox 2479 399 2796 458; x_wconf 79' lang='lat' dir='ltr'><strong>ARCHIEP.</strong></span> 
     </span>
    </p>
   </div>
   <div class='ocr_carea' id='block_1_3' title="bbox 3693 418 3798 475">
    <p class='ocr_par' dir='ltr' id='par_1_3' title="bbox 3693 418 3798 475">
     <span class='ocr_line' id='line_1_3' title="bbox 3693 418 3798 475; baseline 0.029 -3"><span class='ocrx_word' id='word_1_6' title='bbox 3693 418 3798 475; x_wconf 68' lang='grc'><strong>284</strong></span> 
     </span>
    </p>
   </div>
   <div class='ocr_carea' id='block_1_4' title="bbox 528 498 2093 603">
    <p class='ocr_par' dir='ltr' id='par_1_4' title="bbox 528 498 2093 573">
     <span class='ocr_line' id='line_1_4' title="bbox 528 498 2093 573; baseline 0.002 -17"><span class='ocrx_word' id='word_1_7' title='bbox 528 503 846 560; x_wconf 88' lang='lat' dir='ltr'><strong>narratione</strong></span> <span class='ocrx_word' id='word_1_8' title='bbox 866 501 1073 563; x_wconf 89' lang='lat' dir='ltr'><strong>audita,</strong></span> <span class='ocrx_word' id='word_1_9' title='bbox 1099 499 1421 554; x_wconf 83' lang='lat' dir='ltr'><strong>Madianites</strong></span> <span class='ocrx_word' id='word_1_10' title='bbox 1452 498 1564 564; x_wconf 91' lang='lat' dir='ltr'><strong>ille,</strong></span> <span class='ocrx_word' id='word_1_11' title='bbox 1598 519 1616 551; x_wconf 79' lang='grc' dir='ltr'><strong>ι</strong></span> <span class='ocrx_word' id='word_1_12' title='bbox 1653 500 1832 566; x_wconf 80' lang='lat' dir='ltr'><strong>Nunc,</strong></span> <span class='ocrx_word' id='word_1_13' title='bbox 1867 522 1884 554; x_wconf 75' lang='grc' dir='ltr'><strong>ι</strong></span> <span class='ocrx_word' id='word_1_14' title='bbox 1912 503 2093 573; x_wconf 79' lang='lat' dir='ltr'><strong>inquit</strong></span> 
     </span>
    </p>
   </div>
   <div class='ocr_carea' id='block_1_5' title="bbox 2192 498 3797 603">
    <p class='ocr_par' dir='ltr' id='par_1_5' title="bbox 2192 509 3797 603">
     <span class='ocr_line' id='line_1_5' title="bbox 2192 509 3797 603; baseline 0.015 -41"><span class='ocrx_word' id='word_1_15' title='bbox 2192 559 2193 562; x_wconf 45' lang='grc' dir='ltr'><strong>η</strong></span> <span class='ocrx_word' id='word_1_16' title='bbox 2225 509 2411 566; x_wconf 75' lang='grc' dir='ltr'>ἕνεκεν</span> <span class='ocrx_word' id='word_1_17' title='bbox 2441 515 2652 580; x_wconf 85' lang='grc' dir='ltr'>τούτου,</span> <span class='ocrx_word' id='word_1_18' title='bbox 2675 518 2756 572; x_wconf 84' lang='grc' dir='ltr'>ὃτι</span> <span class='ocrx_word' id='word_1_19' title='bbox 2779 519 3036 574; x_wconf 85' lang='grc' dir='ltr'>ἐπέθεντο</span> <span class='ocrx_word' id='word_1_20' title='bbox 3061 522 3263 588; x_wconf 72' lang='grc' dir='ltr'>αὐτοῖς.</span> <span class='ocrx_word' id='word_1_21' title='bbox 3286 525 3396 579; x_wconf 75' lang='grc' dir='ltr'><strong>Καὶ</strong></span> <span class='ocrx_word' id='word_1_22' title='bbox 3415 526 3606 582; x_wconf 75' lang='grc' dir='ltr'>ἐλαϐεν</span> <span class='ocrx_word' id='word_1_23' title='bbox 3631 531 3797 603; x_wconf 77' lang='grc' dir='ltr'><strong>ἰοθόρ</strong></span> 
     </span>
    </p>
   </div>
   <div class='ocr_carea' id='block_1_6' title="bbox 536 590 2112 663">
    <p class='ocr_par' dir='ltr' id='par_1_6' title="bbox 536 590 2112 663">
     <span class='ocr_line' id='line_1_6' title="bbox 536 590 2112 663; baseline 0.006 -21"><span class='ocrx_word' id='word_1_24' title='bbox 536 610 554 642; x_wconf 86' lang='grc'><strong><em>‹</em></strong></span> <span class='ocrx_word' id='word_1_25' title='bbox 573 593 810 663; x_wconf 72' lang='lat' dir='ltr'><strong>cognovi</strong></span> <span class='ocrx_word' id='word_1_26' title='bbox 833 592 979 662; x_wconf 91' lang='lat' dir='ltr'><strong>quod</strong></span> <span class='ocrx_word' id='word_1_27' title='bbox 1008 607 1236 661; x_wconf 80' lang='lat' dir='ltr'><strong>magnus</strong></span> <span class='ocrx_word' id='word_1_28' title='bbox 1258 590 1524 646; x_wconf 87' lang='lat' dir='ltr'><strong>Dominus</strong></span> <span class='ocrx_word' id='word_1_29' title='bbox 1544 607 1710 660; x_wconf 85' lang='lat' dir='ltr'><strong>super</strong></span> <span class='ocrx_word' id='word_1_30' title='bbox 1736 608 1928 649; x_wconf 91' lang='lat' dir='ltr'><strong>omnes</strong></span> <span class='ocrx_word' id='word_1_31' title='bbox 1945 595 2112 662; x_wconf 89' lang='lat' dir='ltr'><strong>deos;</strong></span> 
     </span>
    </p>
   </div>
   <div class='ocr_carea' id='block_1_7' title="bbox 527 681 2116 753">
    <p class='ocr_par' dir='ltr' id='par_1_7' title="bbox 527 681 2116 753">
     <span class='ocr_line' id='line_1_7' title="bbox 527 681 2116 753; baseline 0.004 -17"><span class='ocrx_word' id='word_1_32' title='bbox 527 692 818 753; x_wconf 76' lang='lat' dir='ltr'><strong>propterea</strong></span> <span class='ocrx_word' id='word_1_33' title='bbox 855 681 1001 751; x_wconf 89' lang='lat' dir='ltr'><strong>quod</strong></span> <span class='ocrx_word' id='word_1_34' title='bbox 1061 681 1301 750; x_wconf 78' lang='lat' dir='ltr'><strong>superbe</strong></span> <span class='ocrx_word' id='word_1_35' title='bbox 1355 692 1592 752; x_wconf 85' lang='lat' dir='ltr'><strong>egerunt</strong></span> <span class='ocrx_word' id='word_1_36' title='bbox 1633 692 1825 738; x_wconf 90' lang='lat' dir='ltr'><strong>contra</strong></span> <span class='ocrx_word' id='word_1_37' title='bbox 1875 700 1992 740; x_wconf 91' lang='lat' dir='ltr'><strong>eos.</strong></span> <span class='ocrx_word' id='word_1_38' title='bbox 2048 688 2116 743; x_wconf 88' lang='lat' dir='ltr'><strong>Et</strong></span> 
     </span>
    </p>
   </div>
   <div class='ocr_carea' id='block_1_8' title="bbox 525 771 2114 842">
    <p class='ocr_par' dir='ltr' id='par_1_8' title="bbox 525 771 2114 842">
     <span class='ocr_line' id='line_1_8' title="bbox 525 771 2114 842; baseline 0.002 -16"><span class='ocrx_word' id='word_1_39' title='bbox 525 773 738 841; x_wconf 89' lang='lat' dir='ltr'><strong>accepit</strong></span> <span class='ocrx_word' id='word_1_40' title='bbox 788 771 978 826; x_wconf 83' lang='lat' dir='ltr'><strong>Jethro</strong></span> <span class='ocrx_word' id='word_1_41' title='bbox 1024 785 1181 825; x_wconf 90' lang='lat' dir='ltr'><strong>socer</strong></span> <span class='ocrx_word' id='word_1_42' title='bbox 1235 771 1405 842; x_wconf 83' lang='lat' dir='ltr'><strong>Moysi</strong></span> <span class='ocrx_word' id='word_1_43' title='bbox 1459 771 1779 828; x_wconf 86' lang='lat' dir='ltr'><strong>holocausta</strong></span> <span class='ocrx_word' id='word_1_44' title='bbox 1843 783 1901 829; x_wconf 91' lang='lat' dir='ltr'><strong>et</strong></span> <span class='ocrx_word' id='word_1_45' title='bbox 1955 774 2114 829; x_wconf 87' lang='lat' dir='ltr'><strong>victi-</strong></span> 
     </span>
    </p>
   </div>
   <div class='ocr_carea' id='block_1_9' title="bbox 525 861 2112 932">
    <p class='ocr_par' dir='ltr' id='par_1_9' title="bbox 525 861 2112 932">
     <span class='ocr_line' id='line_1_9' title="bbox 525 861 2112 932; baseline 0.003 -15"><span class='ocrx_word' id='word_1_46' title='bbox 525 879 643 918; x_wconf 92' lang='lat' dir='ltr'><strong>mas</strong></span> <span class='ocrx_word' id='word_1_47' title='bbox 678 864 790 917; x_wconf 89' lang='lat' dir='ltr'><strong>Deo</strong></span> <span class='ocrx_word' id='word_1_48' title='bbox 812 863 850 916; x_wconf 69' lang='grc'><strong>⁵.</strong></span> <span class='ocrx_word' id='word_1_49' title='bbox 897 881 916 914; x_wconf 72' lang='grc' dir='ltr'><strong>ι</strong></span> <span class='ocrx_word' id='word_1_50' title='bbox 978 863 1075 917; x_wconf 85' lang='lat' dir='ltr'><strong>Est</strong></span> <span class='ocrx_word' id='word_1_51' title='bbox 1111 877 1243 932; x_wconf 86' lang='lat' dir='ltr'><strong>ergo</strong></span> <span class='ocrx_word' id='word_1_52' title='bbox 1281 861 1506 932; x_wconf 89' lang='lat' dir='ltr'><strong>quidam</strong></span> <span class='ocrx_word' id='word_1_53' title='bbox 1552 864 1942 921; x_wconf 82' lang='lat' dir='ltr'><strong>elementarius</strong></span> <span class='ocrx_word' id='word_1_54' title='bbox 1993 882 2112 921; x_wconf 90' lang='lat' dir='ltr'><strong>ma-</strong></span> 
     </span>
    </p>
   </div>
   <div class='ocr_carea' id='block_1_10' title="bbox 523 953 2112 1029">
    <p class='ocr_par' dir='ltr' id='par_1_10' title="bbox 523 953 2112 1029">
     <span class='ocr_line' id='line_1_10' title="bbox 523 953 2112 1029; baseline 0.004 -23"><span class='ocrx_word' id='word_1_55' title='bbox 523 954 710 1022; x_wconf 87' lang='lat' dir='ltr'><strong>gister,</strong></span> <span class='ocrx_word' id='word_1_56' title='bbox 747 964 804 1009; x_wconf 90' lang='lat' dir='ltr'><strong>ct</strong></span> <span class='ocrx_word' id='word_1_57' title='bbox 858 955 926 1009; x_wconf 90' lang='lat' dir='ltr'><strong>ad</strong></span> <span class='ocrx_word' id='word_1_58' title='bbox 980 953 1190 1024; x_wconf 89' lang='lat' dir='ltr'><strong>primos</strong></span> <span class='ocrx_word' id='word_1_59' title='bbox 1241 954 1432 1008; x_wconf 86' lang='lat' dir='ltr'><strong>aditus</strong></span> <span class='ocrx_word' id='word_1_60' title='bbox 1483 970 1628 1010; x_wconf 77' lang='lat' dir='ltr'><strong>vera:</strong></span> <span class='ocrx_word' id='word_1_61' title='bbox 1669 955 1738 1011; x_wconf 89' lang='lat' dir='ltr'><strong>de</strong></span> <span class='ocrx_word' id='word_1_62' title='bbox 1774 957 1886 1011; x_wconf 89' lang='lat' dir='ltr'><strong>Deo</strong></span> <span class='ocrx_word' id='word_1_63' title='bbox 1923 959 2112 1029; x_wconf 79' lang='lat' dir='ltr'><strong>cogni-</strong></span> 
     </span>
    </p>
   </div>
   <div class='ocr_carea' id='block_1_11' title="bbox 525 1042 2110 1114">
    <p class='ocr_par' dir='ltr' id='par_1_11' title="bbox 525 1042 2110 1114">
     <span class='ocr_line' id='line_1_11' title="bbox 525 1042 2110 1114; baseline 0.004 -18"><span class='ocrx_word' id='word_1_64' title='bbox 525 1042 693 1097; x_wconf 89' lang='lat' dir='ltr'><strong>tionis</strong></span> <span class='ocrx_word' id='word_1_65' title='bbox 717 1059 818 1098; x_wconf 90' lang='lat' dir='ltr'><strong>nos</strong></span> <span class='ocrx_word' id='word_1_66' title='bbox 844 1043 1070 1098; x_wconf 90' lang='lat' dir='ltr'><strong>adducit</strong></span> <span class='ocrx_word' id='word_1_67' title='bbox 1107 1043 1337 1114; x_wconf 73' lang='lat' dir='ltr'><strong>Moy&#39;Ses,</strong></span> <span class='ocrx_word' id='word_1_68' title='bbox 1379 1043 1434 1097; x_wconf 90' lang='lat' dir='ltr'><strong>id</strong></span> <span class='ocrx_word' id='word_1_69' title='bbox 1471 1054 1575 1109; x_wconf 91' lang='lat' dir='ltr'><strong>est,</strong></span> <span class='ocrx_word' id='word_1_70' title='bbox 1619 1045 1712 1101; x_wconf 90' lang='lat' dir='ltr'><strong>illa</strong></span> <span class='ocrx_word' id='word_1_71' title='bbox 1747 1047 2110 1102; x_wconf 83' lang='lat' dir='ltr'><strong>vetustiorum</strong></span> 
     </span>
    </p>
   </div>
   <div class='ocr_carea' id='block_1_12' title="bbox 523 1131 2003 1193">
    <p class='ocr_par' dir='ltr' id='par_1_12' title="bbox 523 1131 2003 1193">
     <span class='ocr_line' id='line_1_12' title="bbox 523 1131 2003 1193; baseline 0.005 -8"><span class='ocrx_word' id='word_1_72' title='bbox 523 1131 856 1188; x_wconf 84' lang='lat' dir='ltr'><strong>Litterarum</strong></span> <span class='ocrx_word' id='word_1_73' title='bbox 894 1149 1177 1188; x_wconf 91' lang='lat' dir='ltr'><strong>sacrarum</strong></span> <span class='ocrx_word' id='word_1_74' title='bbox 1215 1134 1518 1190; x_wconf 89' lang='lat' dir='ltr'><strong>catccbesis</strong></span> <span class='ocrx_word' id='word_1_75' title='bbox 1553 1143 1609 1190; x_wconf 92' lang='lat' dir='ltr'><strong>et</strong></span> <span class='ocrx_word' id='word_1_76' title='bbox 1647 1136 2003 1193; x_wconf 90' lang='lat' dir='ltr'><strong>introductio.</strong></span> 
     </span>
    </p>
   </div>
   <div class='ocr_carea' id='block_1_13' title="bbox 599 1225 1200 1282">
    <p class='ocr_par' dir='ltr' id='par_1_13' title="bbox 599 1225 1200 1282">
     <span class='ocr_line' id='line_1_13' title="bbox 599 1225 1200 1282; baseline -0.003 -2"><span class='ocrx_word' id='word_1_77' title='bbox 599 1225 796 1280; x_wconf 85' lang='lat' dir='ltr'><strong>PALL.</strong></span> <span class='ocrx_word' id='word_1_78' title='bbox 839 1226 1065 1282; x_wconf 87' lang='lat' dir='ltr'><strong>Certum</strong></span> <span class='ocrx_word' id='word_1_79' title='bbox 1098 1234 1200 1280; x_wconf 88' lang='lat' dir='ltr'><strong>est.</strong></span> 
     </span>
    </p>
   </div>
   <div class='ocr_carea' id='block_1_14' title="bbox 593 1316 2108 1389">
    <p class='ocr_par' dir='ltr' id='par_1_14' title="bbox 593 1316 2108 1389">
     <span class='ocr_line' id='line_1_14' title="bbox 593 1316 2108 1389; baseline 0.001 -17"><span class='ocrx_word' id='word_1_80' title='bbox 593 1317 755 1372; x_wconf 81' lang='lat' dir='ltr'><strong>CYR.</strong></span> <span class='ocrx_word' id='word_1_81' title='bbox 817 1317 1099 1373; x_wconf 88' lang='lat' dir='ltr'><strong>Perfectos</strong></span> <span class='ocrx_word' id='word_1_82' title='bbox 1138 1325 1322 1372; x_wconf 89' lang='lat' dir='ltr'><strong>autem</strong></span> <span class='ocrx_word' id='word_1_83' title='bbox 1368 1317 1550 1388; x_wconf 64' lang='lat' dir='ltr'><strong>reddit</strong></span> <span class='ocrx_word' id='word_1_84' title='bbox 1587 1316 1842 1372; x_wconf 87' lang='lat' dir='ltr'><strong>Christus</strong></span> <span class='ocrx_word' id='word_1_85' title='bbox 1888 1333 1985 1372; x_wconf 91' lang='lat' dir='ltr'><strong>eos</strong></span> <span class='ocrx_word' id='word_1_86' title='bbox 2014 1319 2108 1389; x_wconf 90' lang='lat' dir='ltr'><strong>qui</strong></span> 
     </span>
    </p>
   </div>
   <div class='ocr_carea' id='block_1_15' title="bbox 524 1408 2106 1482">
    <p class='ocr_par' dir='ltr' id='par_1_15' title="bbox 524 1408 2106 1482">
     <span class='ocr_line' id='line_1_15' title="bbox 524 1408 2106 1482; baseline 0.001 -19"><span class='ocrx_word' id='word_1_87' title='bbox 524 1425 622 1478; x_wconf 86' lang='lat' dir='ltr'><strong>per</strong></span> <span class='ocrx_word' id='word_1_88' title='bbox 658 1410 834 1478; x_wconf 85' lang='lat' dir='ltr'><strong>legem</strong></span> <span class='ocrx_word' id='word_1_89' title='bbox 881 1408 1058 1464; x_wconf 85' lang='lat' dir='ltr'><strong>levius</strong></span> <span class='ocrx_word' id='word_1_90' title='bbox 1096 1409 1292 1464; x_wconf 87' lang='lat' dir='ltr'><strong>imbuti</strong></span> <span class='ocrx_word' id='word_1_91' title='bbox 1333 1419 1496 1475; x_wconf 91' lang='lat' dir='ltr'><strong>sunt;</strong></span> <span class='ocrx_word' id='word_1_92' title='bbox 1542 1425 1670 1463; x_wconf 91' lang='lat' dir='ltr'><strong>cum</strong></span> <span class='ocrx_word' id='word_1_93' title='bbox 1711 1419 1893 1466; x_wconf 91' lang='lat' dir='ltr'><strong>autem</strong></span> <span class='ocrx_word' id='word_1_94' title='bbox 1933 1412 2106 1482; x_wconf 83' lang='lat' dir='ltr'><strong>legem</strong></span> 
     </span>
    </p>
   </div>
   <div class='ocr_carea' id='block_1_16' title="bbox 522 1498 2108 1572">
    <p class='ocr_par' dir='ltr' id='par_1_16' title="bbox 522 1498 2108 1572">
     <span class='ocr_line' id='line_1_16' title="bbox 522 1498 2108 1572; baseline 0.003 -20"><span class='ocrx_word' id='word_1_95' title='bbox 522 1498 668 1563; x_wconf 89' lang='lat' dir='ltr'><strong>dico,</strong></span> <span class='ocrx_word' id='word_1_96' title='bbox 712 1515 904 1554; x_wconf 89' lang='lat' dir='ltr'><strong>rursus</strong></span> <span class='ocrx_word' id='word_1_97' title='bbox 952 1509 1343 1556; x_wconf 87' lang='lat' dir='ltr'><strong>testamentum</strong></span> <span class='ocrx_word' id='word_1_98' title='bbox 1385 1509 1544 1554; x_wconf 87' lang='lat' dir='ltr'><strong>vetus</strong></span> <span class='ocrx_word' id='word_1_99' title='bbox 1602 1500 1865 1572; x_wconf 88' lang='lat' dir='ltr'><strong>intellige.</strong></span> <span class='ocrx_word' id='word_1_100' title='bbox 1921 1502 2108 1572; x_wconf 87' lang='lat' dir='ltr'><strong>Itaque</strong></span> 
     </span>
    </p>
   </div>
   <div class='ocr_carea' id='block_1_17' title="bbox 519 1589 2107 1659">
    <p class='ocr_par' dir='ltr' id='par_1_17' title="bbox 519 1589 2107 1659">
     <span class='ocr_line' id='line_1_17' title="bbox 519 1589 2107 1659; baseline 0.006 -17"><span class='ocrx_word' id='word_1_101' title='bbox 519 1604 650 1659; x_wconf 87' lang='lat' dir='ltr'><strong>erga</strong></span> <span class='ocrx_word' id='word_1_102' title='bbox 691 1589 879 1644; x_wconf 86' lang='lat' dir='ltr'><strong>Jethro</strong></span> <span class='ocrx_word' id='word_1_103' title='bbox 933 1590 1066 1645; x_wconf 90' lang='lat' dir='ltr'><strong>solis</strong></span> <span class='ocrx_word' id='word_1_104' title='bbox 1113 1591 1181 1646; x_wconf 90' lang='lat' dir='ltr'><strong>de</strong></span> <span class='ocrx_word' id='word_1_105' title='bbox 1226 1592 1338 1646; x_wconf 89' lang='lat' dir='ltr'><strong>Deo</strong></span> <span class='ocrx_word' id='word_1_106' title='bbox 1387 1591 1800 1648; x_wconf 84' lang='lat' dir='ltr'><strong>narrationibus</strong></span> <span class='ocrx_word' id='word_1_107' title='bbox 1843 1603 1928 1650; x_wconf 89' lang='lat' dir='ltr'><strong>est</strong></span> <span class='ocrx_word' id='word_1_108' title='bbox 1975 1611 2107 1651; x_wconf 90' lang='lat' dir='ltr'><strong>usus</strong></span> 
     </span>
    </p>
   </div>
   <div class='ocr_carea' id='block_1_18' title="bbox 518 1678 2102 1754">
    <p class='ocr_par' dir='ltr' id='par_1_18' title="bbox 518 1678 2102 1754">
     <span class='ocr_line' id='line_1_18' title="bbox 518 1678 2102 1754; baseline 0.006 -21"><span class='ocrx_word' id='word_1_109' title='bbox 518 1678 753 1750; x_wconf 78' lang='lat' dir='ltr'><strong>Moyses,</strong></span> <span class='ocrx_word' id='word_1_110' title='bbox 782 1680 839 1735; x_wconf 90' lang='lat' dir='ltr'><strong>in</strong></span> <span class='ocrx_word' id='word_1_111' title='bbox 876 1697 1110 1752; x_wconf 90' lang='lat' dir='ltr'><strong>eamque</strong></span> <span class='ocrx_word' id='word_1_112' title='bbox 1138 1684 1249 1752; x_wconf 87' lang='lat' dir='ltr'><strong>jam</strong></span> <span class='ocrx_word' id='word_1_113' title='bbox 1288 1683 1442 1737; x_wconf 91' lang='lat' dir='ltr'><strong>illum</strong></span> <span class='ocrx_word' id='word_1_114' title='bbox 1474 1686 1803 1740; x_wconf 89' lang='lat' dir='ltr'><strong>sententiam</strong></span> <span class='ocrx_word' id='word_1_115' title='bbox 1843 1687 2102 1754; x_wconf 77' lang='lat' dir='ltr'><strong>traduxit,</strong></span> 
     </span>
    </p>
   </div>
   <div class='ocr_carea' id='block_1_19' title="bbox 517 1771 2101 1847">
    <p class='ocr_par' dir='ltr' id='par_1_19' title="bbox 517 1771 2101 1847">
     <span class='ocr_line' id='line_1_19' title="bbox 517 1771 2101 1847; baseline 0.004 -18"><span class='ocrx_word' id='word_1_116' title='bbox 517 1781 579 1830; x_wconf 82' lang='lat' dir='ltr'><strong>ut</strong></span> <span class='ocrx_word' id='word_1_117' title='bbox 603 1771 826 1826; x_wconf 87' lang='lat' dir='ltr'><strong>disertis</strong></span> <span class='ocrx_word' id='word_1_118' title='bbox 855 1774 1039 1828; x_wconf 85' lang='lat' dir='ltr'><strong>verbis</strong></span> <span class='ocrx_word' id='word_1_119' title='bbox 1068 1774 1335 1828; x_wconf 82' lang='lat' dir='ltr'><strong>fateretur</strong></span> <span class='ocrx_word' id='word_1_120' title='bbox 1361 1790 1470 1829; x_wconf 92' lang='lat' dir='ltr'><strong>non</strong></span> <span class='ocrx_word' id='word_1_121' title='bbox 1499 1791 1620 1831; x_wconf 90' lang='lat' dir='ltr'><strong>esse</strong></span> <span class='ocrx_word' id='word_1_122' title='bbox 1643 1778 1875 1833; x_wconf 91' lang='lat' dir='ltr'><strong>alterum</strong></span> <span class='ocrx_word' id='word_1_123' title='bbox 1905 1781 2101 1847; x_wconf 89' lang='lat' dir='ltr'><strong>Deum,</strong></span> 
     </span>
    </p>
   </div>
   <div class='ocr_carea' id='block_1_20' title="bbox 2217 603 3799 694">
    <p class='ocr_par' dir='ltr' id='par_1_20' title="bbox 2217 603 3799 694">
     <span class='ocr_line' id='line_1_20' title="bbox 2217 603 3799 694; baseline 0.015 -41"><span class='ocrx_word' id='word_1_124' title='bbox 2217 603 2246 654; x_wconf 92' lang='lat'><strong>6</strong></span> <span class='ocrx_word' id='word_1_125' title='bbox 2291 605 2540 677; x_wconf 84' lang='grc' dir='ltr'>γαμϐρὸς</span> <span class='ocrx_word' id='word_1_126' title='bbox 2596 610 2771 682; x_wconf 85' lang='grc' dir='ltr'><strong>Μωσῆ</strong></span> <span class='ocrx_word' id='word_1_127' title='bbox 2831 613 3262 684; x_wconf 82' lang='grc' dir='ltr'><strong>ὁλοκαυτώματα</strong></span> <span class='ocrx_word' id='word_1_128' title='bbox 3317 620 3414 672; x_wconf 79' lang='grc' dir='ltr'>καὶ</span> <span class='ocrx_word' id='word_1_129' title='bbox 3459 619 3650 684; x_wconf 83' lang='grc' dir='ltr'><strong>θυσίας</strong></span> <span class='ocrx_word' id='word_1_130' title='bbox 3719 625 3799 694; x_wconf 84' lang='grc' dir='ltr'>τῷ</span> 
     </span>
    </p>
   </div>
   <div class='ocr_carea' id='block_1_21' title="bbox 2218 695 3799 785">
    <p class='ocr_par' dir='ltr' id='par_1_21' title="bbox 2218 695 3799 785">
     <span class='ocr_line' id='line_1_21' title="bbox 2218 695 3799 785; baseline 0.013 -38"><span class='ocrx_word' id='word_1_131' title='bbox 2218 695 2425 768; x_wconf 81' lang='grc' dir='ltr'>Κυρίῳ.</span> <span class='ocrx_word' id='word_1_132' title='bbox 2488 719 2506 751; x_wconf 79' lang='grc' dir='ltr'><strong>ι</strong></span> <span class='ocrx_word' id='word_1_133' title='bbox 2576 701 2936 776; x_wconf 87' lang='grc' dir='ltr'>Στειχειωτὴς</span> <span class='ocrx_word' id='word_1_134' title='bbox 2975 701 3069 759; x_wconf 78' lang='grc' dir='ltr'><strong>οὖν</strong></span> <span class='ocrx_word' id='word_1_135' title='bbox 3120 708 3250 779; x_wconf 83' lang='grc' dir='ltr'>ἄρα,</span> <span class='ocrx_word' id='word_1_136' title='bbox 3299 709 3396 763; x_wconf 73' lang='grc' dir='ltr'>καὶ</span> <span class='ocrx_word' id='word_1_137' title='bbox 3441 713 3523 776; x_wconf 81' lang='grc' dir='ltr'><strong>είς</strong></span> <span class='ocrx_word' id='word_1_138' title='bbox 3575 714 3799 785; x_wconf 78' lang='grc' dir='ltr'><strong>πρώτας</strong></span> 
     </span>
    </p>
   </div>
   <div class='ocr_carea' id='block_1_22' title="bbox 2217 785 3797 871">
    <p class='ocr_par' dir='ltr' id='par_1_22' title="bbox 2217 785 3797 871">
     <span class='ocr_line' id='line_1_22' title="bbox 2217 785 3797 871; baseline 0.011 -36"><span class='ocrx_word' id='word_1_139' title='bbox 2217 785 2467 851; x_wconf 75' lang='grc' dir='ltr'>εἰσϐολὰς</span> <span class='ocrx_word' id='word_1_140' title='bbox 2519 790 2668 858; x_wconf 77' lang='grc' dir='ltr'>ἡμᾶς</span> <span class='ocrx_word' id='word_1_141' title='bbox 2712 790 2814 861; x_wconf 84' lang='grc' dir='ltr'>τῆς</span> <span class='ocrx_word' id='word_1_142' title='bbox 2855 791 3095 864; x_wconf 79' lang='grc' dir='ltr'><strong>ἀληθοῦς</strong></span> <span class='ocrx_word' id='word_1_143' title='bbox 3146 796 3476 864; x_wconf 86' lang='grc' dir='ltr'>θεογνωσίας</span> <span class='ocrx_word' id='word_1_144' title='bbox 3529 799 3797 871; x_wconf 81' lang='grc' dir='ltr'><strong>ἀποφέρει</strong></span> 
     </span>
    </p>
   </div>
   <div class='ocr_carea' id='block_1_23' title="bbox 2215 876 3798 962">
    <p class='ocr_par' dir='ltr' id='par_1_23' title="bbox 2215 876 3798 962">
     <span class='ocr_line' id='line_1_23' title="bbox 2215 876 3798 962; baseline 0.01 -33"><span class='ocrx_word' id='word_1_145' title='bbox 2215 876 2439 948; x_wconf 81' lang='grc' dir='ltr'><strong>Μωσῆς,</strong></span> <span class='ocrx_word' id='word_1_146' title='bbox 2471 880 2615 934; x_wconf 89' lang='grc' dir='ltr'>τοῦτ’</span> <span class='ocrx_word' id='word_1_147' title='bbox 2643 881 2810 948; x_wconf 82' lang='grc' dir='ltr'>ἐστιν,</span> <span class='ocrx_word' id='word_1_148' title='bbox 2837 885 2868 954; x_wconf 79' lang='grc' dir='ltr'>ἡ</span> <span class='ocrx_word' id='word_1_149' title='bbox 2894 883 2982 938; x_wconf 55' lang='lat' dir='ltr'><strong>at:</strong></span> <span class='ocrx_word' id='word_1_150' title='bbox 3001 885 3110 939; x_wconf 85' lang='grc' dir='ltr'>τῶν</span> <span class='ocrx_word' id='word_1_151' title='bbox 3140 887 3509 961; x_wconf 83' lang='grc' dir='ltr'><strong>ἀρχαιοτέρων</strong></span> <span class='ocrx_word' id='word_1_152' title='bbox 3529 889 3568 942; x_wconf 85' lang='grc' dir='ltr'><strong>Γ</strong></span> <span class='ocrx_word' id='word_1_153' title='bbox 3575 892 3798 962; x_wconf 83' lang='grc' dir='ltr'>ραμμά-</span> 
     </span>
    </p>
   </div>
   <div class='ocr_carea' id='block_1_24' title="bbox 2215 973 3048 1050">
    <p class='ocr_par' dir='ltr' id='par_1_24' title="bbox 2215 973 3048 1050">
     <span class='ocr_line' id='line_1_24' title="bbox 2215 973 3048 1050; baseline 0.013 -28"><span class='ocrx_word' id='word_1_154' title='bbox 2215 986 2324 1023; x_wconf 91' lang='grc' dir='ltr'><strong>των</strong></span> <span class='ocrx_word' id='word_1_155' title='bbox 2348 973 2653 1044; x_wconf 83' lang='grc' dir='ltr'>κατήχησις</span> <span class='ocrx_word' id='word_1_156' title='bbox 2681 977 3048 1050; x_wconf 83' lang='grc' dir='ltr'>είσαγωγική.</span> 
     </span>
    </p>
   </div>
   <div class='ocr_carea' id='block_1_25' title="bbox 2283 1214 2789 1290">
    <p class='ocr_par' dir='ltr' id='par_1_25' title="bbox 2283 1214 2789 1290">
     <span class='ocr_line' id='line_1_25' title="bbox 2283 1214 2789 1290; baseline 0.012 -24"><span class='ocrx_word' id='word_1_157' title='bbox 2283 1214 2490 1270; x_wconf 79' lang='grc' dir='ltr'><strong>ΠΑΛΛ.</strong></span> <span class='ocrx_word' id='word_1_158' title='bbox 2529 1217 2789 1290; x_wconf 76' lang='grc' dir='ltr'>Ἀραρεν.</span> 
     </span>
    </p>
   </div>
   <div class='ocr_carea' id='block_1_26' title="bbox 2283 1303 3796 1390">
    <p class='ocr_par' dir='ltr' id='par_1_26' title="bbox 2283 1303 3796 1390">
     <span class='ocr_line' id='line_1_26' title="bbox 2283 1303 3796 1390; baseline 0.012 -35"><span class='ocrx_word' id='word_1_159' title='bbox 2283 1303 2446 1358; x_wconf 87' lang='grc' dir='ltr'><strong>ΚΥΡ.</strong></span> <span class='ocrx_word' id='word_1_160' title='bbox 2481 1306 2692 1360; x_wconf 88' lang='grc' dir='ltr'>Τελειοί</span> <span class='ocrx_word' id='word_1_161' title='bbox 2720 1308 2777 1361; x_wconf 87' lang='grc' dir='ltr'>δὲ</span> <span class='ocrx_word' id='word_1_162' title='bbox 2806 1310 3044 1381; x_wconf 79' lang='grc' dir='ltr'>Χριστὸς</span> <span class='ocrx_word' id='word_1_163' title='bbox 3063 1313 3190 1376; x_wconf 78' lang='grc' dir='ltr'>τοὺς</span> <span class='ocrx_word' id='word_1_164' title='bbox 3214 1313 3303 1368; x_wconf 83' lang='grc' dir='ltr'><strong>διὰ</strong></span> <span class='ocrx_word' id='word_1_165' title='bbox 3328 1314 3496 1384; x_wconf 88' lang='grc' dir='ltr'>νόμου</span> <span class='ocrx_word' id='word_1_166' title='bbox 3524 1334 3796 1390; x_wconf 80' lang='grc' dir='ltr'>κατηχού-</span> 
     </span>
    </p>
   </div>
   <div class='ocr_carea' id='block_1_27' title="bbox 2213 1392 3796 1480">
    <p class='ocr_par' dir='ltr' id='par_1_27' title="bbox 2213 1392 3796 1480">
     <span class='ocr_line' id='line_1_27' title="bbox 2213 1392 3796 1480; baseline 0.012 -35"><span class='ocrx_word' id='word_1_167' title='bbox 2213 1392 2426 1463; x_wconf 81' lang='grc' dir='ltr'>μένους.</span> <span class='ocrx_word' id='word_1_168' title='bbox 2458 1397 2642 1468; x_wconf 81' lang='grc' dir='ltr'>Νόμον</span> <span class='ocrx_word' id='word_1_169' title='bbox 2683 1399 2739 1452; x_wconf 84' lang='grc' dir='ltr'>δὲ</span> <span class='ocrx_word' id='word_1_170' title='bbox 2782 1402 2830 1453; x_wconf 84' lang='grc' dir='ltr'><strong>εί</strong></span> <span class='ocrx_word' id='word_1_171' title='bbox 2859 1401 3077 1473; x_wconf 85' lang='grc' dir='ltr'>λέγοιμι</span> <span class='ocrx_word' id='word_1_172' title='bbox 3105 1404 3284 1470; x_wconf 83' lang='grc' dir='ltr'>πάλιν,</span> <span class='ocrx_word' id='word_1_173' title='bbox 3325 1406 3592 1480; x_wconf 82' lang='grc' dir='ltr'><strong>διαθήκην</strong></span> <span class='ocrx_word' id='word_1_174' title='bbox 3619 1411 3796 1464; x_wconf 78' lang='grc' dir='ltr'><strong>ἐννόει</strong></span> 
     </span>
    </p>
   </div>
   <div class='ocr_carea' id='block_1_28' title="bbox 2207 1484 3800 1572">
    <p class='ocr_par' dir='ltr' id='par_1_28' title="bbox 2207 1484 3800 1572">
     <span class='ocr_line' id='line_1_28' title="bbox 2207 1484 3800 1572; baseline 0.012 -36"><span class='ocrx_word' id='word_1_175' title='bbox 2207 1484 2307 1554; x_wconf 85' lang='grc' dir='ltr'><strong>τὴν</strong></span> <span class='ocrx_word' id='word_1_176' title='bbox 2337 1487 2594 1543; x_wconf 80' lang='grc' dir='ltr'>παλαιάν.</span> <span class='ocrx_word' id='word_1_177' title='bbox 2628 1491 2735 1544; x_wconf 73' lang='grc' dir='ltr'><strong>Καὶ</strong></span> <span class='ocrx_word' id='word_1_178' title='bbox 2761 1492 2891 1559; x_wconf 88' lang='grc' dir='ltr'>γοῦν</span> <span class='ocrx_word' id='word_1_179' title='bbox 2936 1494 3072 1563; x_wconf 80' lang='grc' dir='ltr'>πρὸς</span> <span class='ocrx_word' id='word_1_180' title='bbox 3107 1495 3206 1565; x_wconf 84' lang='grc' dir='ltr'>μὲν</span> <span class='ocrx_word' id='word_1_181' title='bbox 3251 1497 3344 1552; x_wconf 82' lang='grc' dir='ltr'><strong>τὸν</strong></span> <span class='ocrx_word' id='word_1_182' title='bbox 3389 1497 3556 1572; x_wconf 85' lang='grc' dir='ltr'>Ἰοθὸρ</span> <span class='ocrx_word' id='word_1_183' title='bbox 3606 1501 3800 1570; x_wconf 87' lang='grc' dir='ltr'>μόνοις</span> 
     </span>
    </p>
   </div>
   <div class='ocr_carea' id='block_1_29' title="bbox 2207 1574 3798 1666">
    <p class='ocr_par' dir='ltr' id='par_1_29' title="bbox 2207 1574 3798 1666">
     <span class='ocr_line' id='line_1_29' title="bbox 2207 1574 3798 1666; baseline 0.02 -39"><span class='ocrx_word' id='word_1_184' title='bbox 2207 1574 2406 1648; x_wconf 84' lang='grc' dir='ltr'>ἐχρῆτο</span> <span class='ocrx_word' id='word_1_185' title='bbox 2433 1582 2546 1643; x_wconf 86' lang='grc' dir='ltr'>τοῖς</span> <span class='ocrx_word' id='word_1_186' title='bbox 2573 1583 2699 1653; x_wconf 78' lang='grc' dir='ltr'>περὶ</span> <span class='ocrx_word' id='word_1_187' title='bbox 2726 1583 2860 1637; x_wconf 82' lang='grc' dir='ltr'><strong>Θεοῦ</strong></span> <span class='ocrx_word' id='word_1_188' title='bbox 2890 1586 3268 1658; x_wconf 84' lang='grc' dir='ltr'>διηγήμασινό</span> <span class='ocrx_word' id='word_1_189' title='bbox 3297 1592 3503 1664; x_wconf 80' lang='grc' dir='ltr'><strong>Μωσῆς</strong></span> <span class='ocrx_word' id='word_1_190' title='bbox 3523 1610 3538 1626; x_wconf 80' lang='grc'><strong><em>⁵</em></strong></span> <span class='ocrx_word' id='word_1_191' title='bbox 3561 1595 3798 1666; x_wconf 68' lang='grc' dir='ltr'>γνὼμηξ</span> 
     </span>
    </p>
   </div>
   <div class='ocr_carea' id='block_1_30' title="bbox 2205 1670 3798 1756">
    <p class='ocr_par' dir='ltr' id='par_1_30' title="bbox 2205 1670 3798 1756">
     <span class='ocr_line' id='line_1_30' title="bbox 2205 1670 3798 1756; baseline 0.012 -37"><span class='ocrx_word' id='word_1_192' title='bbox 2205 1684 2265 1720; x_wconf 88' lang='grc' dir='ltr'><strong>τε</strong></span> <span class='ocrx_word' id='word_1_193' title='bbox 2296 1670 2376 1734; x_wconf 83' lang='grc' dir='ltr'><strong>είς</strong></span> <span class='ocrx_word' id='word_1_194' title='bbox 2405 1670 2564 1724; x_wconf 87' lang='grc' dir='ltr'>τοῦτο</span> <span class='ocrx_word' id='word_1_195' title='bbox 2601 1673 2826 1747; x_wconf 82' lang='grc' dir='ltr'><strong>μεθίστη</strong></span> <span class='ocrx_word' id='word_1_196' title='bbox 2853 1675 3058 1743; x_wconf 82' lang='grc' dir='ltr'>λοιπὸν,</span> <span class='ocrx_word' id='word_1_197' title='bbox 3083 1680 3159 1744; x_wconf 81' lang='grc' dir='ltr'>ὡς</span> <span class='ocrx_word' id='word_1_198' title='bbox 3190 1681 3486 1755; x_wconf 76' lang='grc' dir='ltr'>διαρρήδην</span> <span class='ocrx_word' id='word_1_199' title='bbox 3508 1686 3798 1756; x_wconf 81' lang='grc' dir='ltr'>ὁμολογεῖν</span> 
     </span>
    </p>
   </div>
   <div class='ocr_carea' id='block_1_31' title="bbox 2206 1757 3798 1846">
    <p class='ocr_par' dir='ltr' id='par_1_31' title="bbox 2206 1757 3798 1846">
     <span class='ocr_line' id='line_1_31' title="bbox 2206 1757 3798 1846; baseline 0.013 -35"><span class='ocrx_word' id='word_1_200' title='bbox 2206 1759 2306 1812; x_wconf 74' lang='grc' dir='ltr'>οὐκ</span> <span class='ocrx_word' id='word_1_201' title='bbox 2327 1757 2466 1814; x_wconf 83' lang='grc' dir='ltr'>εἶναι</span> <span class='ocrx_word' id='word_1_202' title='bbox 2497 1762 2630 1817; x_wconf 83' lang='grc' dir='ltr'>Θεὸν</span> <span class='ocrx_word' id='word_1_203' title='bbox 2662 1765 2866 1836; x_wconf 71' lang='grc' dir='ltr'>ἕτερον,</span> <span class='ocrx_word' id='word_1_204' title='bbox 2899 1768 3038 1840; x_wconf 84' lang='grc' dir='ltr'>πλὴν</span> <span class='ocrx_word' id='word_1_205' title='bbox 3062 1771 3144 1824; x_wconf 83' lang='grc' dir='ltr'>ὅτι</span> <span class='ocrx_word' id='word_1_206' title='bbox 3190 1771 3351 1842; x_wconf 85' lang='grc' dir='ltr'>μόνος</span> <span class='ocrx_word' id='word_1_207' title='bbox 3386 1777 3415 1828; x_wconf 91' lang='lat'><strong>6</strong></span> <span class='ocrx_word' id='word_1_208' title='bbox 3443 1771 3545 1842; x_wconf 71' lang='grc' dir='ltr'>εἷς,</span> <span class='ocrx_word' id='word_1_209' title='bbox 3571 1779 3600 1830; x_wconf 89' lang='lat'><strong>6</strong></span> <span class='ocrx_word' id='word_1_210' title='bbox 3627 1776 3798 1846; x_wconf 86' lang='grc' dir='ltr'>φύσει</span> 
     </span>
    </p>
   </div>
   <div class='ocr_carea' id='block_1_32' title="bbox 516 1843 2093 1940">
    <p class='ocr_par' dir='ltr' id='par_1_32' title="bbox 516 1861 2093 1935">
     <span class='ocr_line' id='line_1_32' title="bbox 516 1861 2093 1935; baseline 0.008 -20"><span class='ocrx_word' id='word_1_211' title='bbox 516 1861 614 1916; x_wconf 86' lang='lat' dir='ltr'><strong>sed</strong></span> <span class='ocrx_word' id='word_1_212' title='bbox 644 1861 819 1916; x_wconf 91' lang='lat' dir='ltr'><strong>solum</strong></span> <span class='ocrx_word' id='word_1_213' title='bbox 859 1866 1000 1932; x_wconf 65' lang='lat' dir='ltr'><strong>eumj</strong></span> <span class='ocrx_word' id='word_1_214' title='bbox 1034 1865 1126 1935; x_wconf 87' lang='lat' dir='ltr'><strong>qui</strong></span> <span class='ocrx_word' id='word_1_215' title='bbox 1169 1880 1313 1920; x_wconf 92' lang='lat' dir='ltr'><strong>unus</strong></span> <span class='ocrx_word' id='word_1_216' title='bbox 1349 1875 1405 1920; x_wconf 89' lang='lat' dir='ltr'><strong>et</strong></span> <span class='ocrx_word' id='word_1_217' title='bbox 1440 1875 1673 1934; x_wconf 90' lang='lat' dir='ltr'><strong>natura,</strong></span> <span class='ocrx_word' id='word_1_218' title='bbox 1703 1877 1760 1924; x_wconf 91' lang='lat' dir='ltr'><strong>et</strong></span> <span class='ocrx_word' id='word_1_219' title='bbox 1797 1886 1924 1926; x_wconf 86' lang='lat' dir='ltr'><strong>vere</strong></span> <span class='ocrx_word' id='word_1_220' title='bbox 1959 1872 2093 1929; x_wconf 81' lang='lat' dir='ltr'><strong>Deus</strong></span> 
     </span>
    </p>
   </div>
   <div class='ocr_carea' id='block_1_33' title="bbox 2192 1843 3792 1940">
    <p class='ocr_par' dir='ltr' id='par_1_33' title="bbox 2207 1843 3792 1940">
     <span class='ocr_line' id='line_1_33' title="bbox 2207 1843 3792 1940; baseline 0.014 -39"><span class='ocrx_word' id='word_1_221' title='bbox 2207 1849 2300 1903; x_wconf 72' lang='grc' dir='ltr'><strong>καὶ</strong></span> <span class='ocrx_word' id='word_1_222' title='bbox 2328 1850 2563 1922; x_wconf 85' lang='grc' dir='ltr'>ἀληθῶς.</span> <span class='ocrx_word' id='word_1_223' title='bbox 2598 1855 2788 1920; x_wconf 88' lang='grc' dir='ltr'>Πίστις</span> <span class='ocrx_word' id='word_1_224' title='bbox 2814 1857 2871 1911; x_wconf 87' lang='grc' dir='ltr'><strong>δέ</strong></span> <span class='ocrx_word' id='word_1_225' title='bbox 2895 1858 3033 1931; x_wconf 70' lang='grc' dir='ltr'>αὕτη</span> <span class='ocrx_word' id='word_1_226' title='bbox 3060 1864 3484 1933; x_wconf 89' lang='grc' dir='ltr'>κατηχουμένων</span> <span class='ocrx_word' id='word_1_227' title='bbox 3502 1868 3536 1936; x_wconf 79' lang='grc' dir='ltr'><strong>ἡ</strong></span> <span class='ocrx_word' id='word_1_228' title='bbox 3567 1843 3792 1940; x_wconf 80' lang='grc' dir='ltr'>πρώτη,</span> 
     </span>
    </p>
   </div>
   <div class='ocr_carea' id='block_1_34' title="bbox 515 1951 2104 2025">
    <p class='ocr_par' dir='ltr' id='par_1_34' title="bbox 515 1951 2104 2025">
     <span class='ocr_line' id='line_1_34' title="bbox 515 1951 2104 2025; baseline 0.008 -19"><span class='ocrx_word' id='word_1_229' title='bbox 515 1953 606 2006; x_wconf 85' lang='lat' dir='ltr'><strong>sit.</strong></span> <span class='ocrx_word' id='word_1_230' title='bbox 650 1951 774 2008; x_wconf 72' lang='lat' dir='ltr'><strong>Hzec</strong></span> <span class='ocrx_word' id='word_1_231' title='bbox 804 1964 988 2008; x_wconf 90' lang='lat' dir='ltr'><strong>autem</strong></span> <span class='ocrx_word' id='word_1_232' title='bbox 1017 1955 1192 2025; x_wconf 91' lang='lat' dir='ltr'><strong>prima</strong></span> <span class='ocrx_word' id='word_1_233' title='bbox 1231 1963 1315 2010; x_wconf 89' lang='lat' dir='ltr'><strong>est</strong></span> <span class='ocrx_word' id='word_1_234' title='bbox 1355 1957 1878 2014; x_wconf 86' lang='lat' dir='ltr'><strong>catechumenorum</strong></span> <span class='ocrx_word' id='word_1_235' title='bbox 1906 1961 2041 2018; x_wconf 91' lang='lat' dir='ltr'><strong>ﬁdes</strong></span> <span class='ocrx_word' id='word_1_236' title='bbox 2072 1979 2104 2018; x_wconf 84' lang='lat' dir='ltr'><strong>a</strong></span> 
     </span>
    </p>
   </div>
   <div class='ocr_carea' id='block_1_35' title="bbox 514 2043 2101 2117">
    <p class='ocr_par' dir='ltr' id='par_1_35' title="bbox 514 2043 2101 2117">
     <span class='ocr_line' id='line_1_35' title="bbox 514 2043 2101 2117; baseline 0.008 -20"><span class='ocrx_word' id='word_1_237' title='bbox 514 2043 816 2098; x_wconf 88' lang='lat' dir='ltr'><strong>multorum</strong></span> <span class='ocrx_word' id='word_1_238' title='bbox 873 2045 1103 2100; x_wconf 90' lang='lat' dir='ltr'><strong>deorum</strong></span> <span class='ocrx_word' id='word_1_239' title='bbox 1157 2046 1417 2116; x_wconf 89' lang='lat' dir='ltr'><strong>opinione</strong></span> <span class='ocrx_word' id='word_1_240' title='bbox 1471 2049 1776 2117; x_wconf 89' lang='lat' dir='ltr'><strong>discedere,</strong></span> <span class='ocrx_word' id='word_1_241' title='bbox 1820 2062 1877 2107; x_wconf 89' lang='lat' dir='ltr'><strong>et</strong></span> <span class='ocrx_word' id='word_1_242' title='bbox 1931 2071 2101 2110; x_wconf 90' lang='lat' dir='ltr'><strong>unum</strong></span> 
     </span>
    </p>
   </div>
   <div class='ocr_carea' id='block_1_36' title="bbox 511 2133 2102 2211">
    <p class='ocr_par' dir='ltr' id='par_1_36' title="bbox 511 2133 2102 2211">
     <span class='ocr_line' id='line_1_36' title="bbox 511 2133 2102 2211; baseline 0.011 -24"><span class='ocrx_word' id='word_1_243' title='bbox 511 2133 700 2198; x_wconf 90' lang='lat' dir='ltr'><strong>illum,</strong></span> <span class='ocrx_word' id='word_1_244' title='bbox 755 2149 884 2189; x_wconf 86' lang='lat' dir='ltr'><strong>vere</strong></span> <span class='ocrx_word' id='word_1_245' title='bbox 927 2144 983 2189; x_wconf 88' lang='lat' dir='ltr'><strong>et</strong></span> <span class='ocrx_word' id='word_1_246' title='bbox 1028 2143 1225 2190; x_wconf 91' lang='lat' dir='ltr'><strong>natura</strong></span> <span class='ocrx_word' id='word_1_247' title='bbox 1293 2137 1464 2192; x_wconf 89' lang='lat' dir='ltr'><strong>Deum</strong></span> <span class='ocrx_word' id='word_1_248' title='bbox 1536 2142 1855 2211; x_wconf 80' lang='lat' dir='ltr'><strong>amplexari.</strong></span> <span class='ocrx_word' id='word_1_249' title='bbox 1921 2145 2102 2204; x_wconf 83' lang='lat' dir='ltr'><strong>Aaron</strong></span> 
     </span>
    </p>
   </div>
   <div class='ocr_carea' id='block_1_37' title="bbox 508 2223 2099 2309">
    <p class='ocr_par' dir='ltr' id='par_1_37' title="bbox 508 2223 2099 2309">
     <span class='ocr_line' id='line_1_37' title="bbox 508 2223 2099 2309; baseline 0.013 -36"><span class='ocrx_word' id='word_1_250' title='bbox 508 2237 639 2277; x_wconf 86' lang='lat' dir='ltr'><strong>vero</strong></span> <span class='ocrx_word' id='word_1_251' title='bbox 674 2223 854 2293; x_wconf 90' lang='lat' dir='ltr'><strong>ipsum</strong></span> <span class='ocrx_word' id='word_1_252' title='bbox 897 2225 1091 2280; x_wconf 87' lang='lat' dir='ltr'><strong>Jethro</strong></span> <span class='ocrx_word' id='word_1_253' title='bbox 1131 2243 1319 2282; x_wconf 87' lang='lat' dir='ltr'><strong>mensa</strong></span> <span class='ocrx_word' id='word_1_254' title='bbox 1352 2228 1626 2300; x_wconf 82' lang='lat' dir='ltr'><strong>dignatur,</strong></span> <span class='ocrx_word' id='word_1_255' title='bbox 1657 2241 1714 2288; x_wconf 90' lang='lat' dir='ltr'><strong>et</strong></span> <span class='ocrx_word' id='word_1_256' title='bbox 1745 2234 1854 2307; x_wconf 64' lang='grc'><strong>94</strong></span> <span class='ocrx_word' id='word_1_257' title='bbox 1885 2237 1955 2291; x_wconf 88' lang='lat' dir='ltr'><strong>ad</strong></span> <span class='ocrx_word' id='word_1_258' title='bbox 2000 2255 2099 2309; x_wconf 89' lang='lat' dir='ltr'><strong>pa-</strong></span> 
     </span>
    </p>
   </div>
   <div class='ocr_carea' id='block_1_38' title="bbox 507 2311 2095 2394">
    <p class='ocr_par' dir='ltr' id='par_1_38' title="bbox 507 2311 2095 2394">
     <span class='ocr_line' id='line_1_38' title="bbox 507 2311 2095 2394; baseline 0.012 -30"><span class='ocrx_word' id='word_1_259' title='bbox 507 2326 632 2365; x_wconf 89' lang='lat' dir='ltr'><strong>nem</strong></span> <span class='ocrx_word' id='word_1_260' title='bbox 648 2311 921 2368; x_wconf 89' lang='lat' dir='ltr'><strong>edendum</strong></span> <span class='ocrx_word' id='word_1_261' title='bbox 944 2314 1158 2370; x_wconf 90' lang='lat' dir='ltr'><strong>invitat.</strong></span> <span class='ocrx_word' id='word_1_262' title='bbox 1186 2336 1203 2366; x_wconf 87' lang='grc'><em>‹</em></span> <span class='ocrx_word' id='word_1_263' title='bbox 1231 2317 1575 2386; x_wconf 89' lang='lat' dir='ltr'><strong>Venitenim,</strong></span> <span class='ocrx_word' id='word_1_264' title='bbox 1602 2341 1620 2374; x_wconf 75' lang='grc' dir='ltr'><strong>ι</strong></span> <span class='ocrx_word' id='word_1_265' title='bbox 1649 2321 1845 2394; x_wconf 90' lang='lat' dir='ltr'><strong>inquit,</strong></span> <span class='ocrx_word' id='word_1_266' title='bbox 1869 2325 2095 2394; x_wconf 75' lang='lat' dir='ltr'><strong>«Aaron,</strong></span> 
     </span>
    </p>
   </div>
   <div class='ocr_carea' id='block_1_39' title="bbox 504 2405 2096 2485">
    <p class='ocr_par' dir='ltr' id='par_1_39' title="bbox 504 2405 2096 2485">
     <span class='ocr_line' id='line_1_39' title="bbox 504 2405 2096 2485; baseline 0.011 -30"><span class='ocrx_word' id='word_1_267' title='bbox 504 2405 562 2456; x_wconf 84' lang='lat' dir='ltr'><strong>ct</strong></span> <span class='ocrx_word' id='word_1_268' title='bbox 604 2417 798 2458; x_wconf 89' lang='lat' dir='ltr'><strong>omnes</strong></span> <span class='ocrx_word' id='word_1_269' title='bbox 842 2405 1090 2460; x_wconf 89' lang='lat' dir='ltr'><strong>seniores</strong></span> <span class='ocrx_word' id='word_1_270' title='bbox 1135 2407 1300 2461; x_wconf 88' lang='lat' dir='ltr'><strong>Israel</strong></span> <span class='ocrx_word' id='word_1_271' title='bbox 1342 2409 1410 2463; x_wconf 91' lang='lat' dir='ltr'><strong>ad</strong></span> <span class='ocrx_word' id='word_1_272' title='bbox 1452 2411 1851 2468; x_wconf 90' lang='lat' dir='ltr'><strong>comedendum</strong></span> <span class='ocrx_word' id='word_1_273' title='bbox 1899 2431 2096 2485; x_wconf 90' lang='lat' dir='ltr'><strong>panem</strong></span> 
     </span>
    </p>
   </div>
   <div class='ocr_carea' id='block_1_40' title="bbox 503 2498 2096 2569">
    <p class='ocr_par' dir='ltr' id='par_1_40' title="bbox 503 2498 2096 2569">
     <span class='ocr_line' id='line_1_40' title="bbox 503 2498 2096 2569; baseline 0.009 -20"><span class='ocrx_word' id='word_1_274' title='bbox 503 2511 632 2550; x_wconf 91' lang='lat' dir='ltr'><strong>cum</strong></span> <span class='ocrx_word' id='word_1_275' title='bbox 678 2511 874 2551; x_wconf 91' lang='lat' dir='ltr'><strong>socero</strong></span> <span class='ocrx_word' id='word_1_276' title='bbox 921 2498 1091 2569; x_wconf 89' lang='lat' dir='ltr'><strong>Moysi</strong></span> <span class='ocrx_word' id='word_1_277' title='bbox 1125 2514 1309 2554; x_wconf 87' lang='lat' dir='ltr'><strong>coram</strong></span> <span class='ocrx_word' id='word_1_278' title='bbox 1349 2501 1462 2556; x_wconf 92' lang='lat' dir='ltr'><strong>Deo</strong></span> <span class='ocrx_word' id='word_1_279' title='bbox 1483 2503 1524 2554; x_wconf 84' lang='lat'><strong>&#39;.</strong></span> <span class='ocrx_word' id='word_1_280' title='bbox 1559 2521 1577 2554; x_wconf 71' lang='grc' dir='ltr'><strong>ι</strong></span> <span class='ocrx_word' id='word_1_281' title='bbox 1628 2503 1905 2561; x_wconf 88' lang='lat' dir='ltr'><strong>Perfectos</strong></span> <span class='ocrx_word' id='word_1_282' title='bbox 1946 2509 2096 2563; x_wconf 90' lang='lat' dir='ltr'><strong>enim</strong></span> 
     </span>
    </p>
   </div>
   <div class='ocr_carea' id='block_1_41' title="bbox 503 2585 2097 2664">
    <p class='ocr_par' dir='ltr' id='par_1_41' title="bbox 503 2585 2097 2664">
     <span class='ocr_line' id='line_1_41' title="bbox 503 2585 2097 2664; baseline 0.009 -25"><span class='ocrx_word' id='word_1_283' title='bbox 503 2585 670 2641; x_wconf 89' lang='lat' dir='ltr'><strong>efllcit</strong></span> <span class='ocrx_word' id='word_1_284' title='bbox 714 2603 818 2642; x_wconf 91' lang='lat' dir='ltr'><strong>nos</strong></span> <span class='ocrx_word' id='word_1_285' title='bbox 855 2604 997 2658; x_wconf 89' lang='lat' dir='ltr'><strong>pane</strong></span> <span class='ocrx_word' id='word_1_286' title='bbox 1029 2590 1233 2645; x_wconf 88' lang='lat' dir='ltr'><strong>viventi</strong></span> <span class='ocrx_word' id='word_1_287' title='bbox 1271 2591 1541 2658; x_wconf 87' lang='lat' dir='ltr'><strong>Christus,</strong></span> <span class='ocrx_word' id='word_1_288' title='bbox 1582 2595 1768 2650; x_wconf 84' lang='lat' dir='ltr'><strong>verior</strong></span> <span class='ocrx_word' id='word_1_289' title='bbox 1805 2595 2005 2664; x_wconf 84' lang='lat' dir='ltr'><strong>Aaron,</strong></span> <span class='ocrx_word' id='word_1_290' title='bbox 2040 2609 2097 2654; x_wconf 91' lang='lat' dir='ltr'><strong>et</strong></span> 
     </span>
    </p>
   </div>
   <div class='ocr_carea' id='block_1_42' title="bbox 505 2679 2094 2762">
    <p class='ocr_par' dir='ltr' id='par_1_42' title="bbox 505 2679 2094 2762">
     <span class='ocr_line' id='line_1_42' title="bbox 505 2679 2094 2762; baseline 0.009 -30"><span class='ocrx_word' id='word_1_291' title='bbox 505 2679 781 2748; x_wconf 89' lang='lat' dir='ltr'><strong>perfectos</strong></span> <span class='ocrx_word' id='word_1_292' title='bbox 814 2681 996 2735; x_wconf 90' lang='lat' dir='ltr'><strong>reddit</strong></span> <span class='ocrx_word' id='word_1_293' title='bbox 1035 2698 1146 2737; x_wconf 92' lang='lat' dir='ltr'><strong>non</strong></span> <span class='ocrx_word' id='word_1_294' title='bbox 1181 2685 1414 2754; x_wconf 84' lang='lat' dir='ltr'><strong>gentiles</strong></span> <span class='ocrx_word' id='word_1_295' title='bbox 1456 2693 1690 2751; x_wconf 90' lang='lat' dir='ltr'><strong>tantum,</strong></span> <span class='ocrx_word' id='word_1_296' title='bbox 1725 2688 1821 2742; x_wconf 90' lang='lat' dir='ltr'><strong>sed</strong></span> <span class='ocrx_word' id='word_1_297' title='bbox 1863 2705 1960 2745; x_wconf 92' lang='lat' dir='ltr'><strong>eos</strong></span> <span class='ocrx_word' id='word_1_298' title='bbox 1991 2707 2094 2762; x_wconf 89' lang='lat' dir='ltr'><strong>po-</strong></span> 
     </span>
    </p>
   </div>
   <div class='ocr_carea' id='block_1_43' title="bbox 506 2769 2091 2848">
    <p class='ocr_par' dir='ltr' id='par_1_43' title="bbox 506 2769 2091 2848">
     <span class='ocr_line' id='line_1_43' title="bbox 506 2769 2091 2848; baseline 0.009 -26"><span class='ocrx_word' id='word_1_299' title='bbox 506 2769 618 2824; x_wconf 89' lang='lat' dir='ltr'><strong>tius</strong></span> <span class='ocrx_word' id='word_1_300' title='bbox 664 2772 982 2840; x_wconf 89' lang='lat' dir='ltr'><strong>promiscue</strong></span> <span class='ocrx_word' id='word_1_301' title='bbox 1030 2775 1126 2845; x_wconf 92' lang='lat' dir='ltr'><strong>qui</strong></span> <span class='ocrx_word' id='word_1_302' title='bbox 1167 2775 1234 2831; x_wconf 92' lang='lat' dir='ltr'><strong>de</strong></span> <span class='ocrx_word' id='word_1_303' title='bbox 1281 2792 1482 2848; x_wconf 78' lang='lat' dir='ltr'><strong>genere</strong></span> <span class='ocrx_word' id='word_1_304' title='bbox 1526 2778 1691 2834; x_wconf 91' lang='lat' dir='ltr'><strong>Israel</strong></span> <span class='ocrx_word' id='word_1_305' title='bbox 1737 2780 1899 2836; x_wconf 88' lang='lat' dir='ltr'><strong>electi</strong></span> <span class='ocrx_word' id='word_1_306' title='bbox 1941 2791 2091 2846; x_wconf 91' lang='lat' dir='ltr'><strong>sunt,</strong></span> 
     </span>
    </p>
   </div>
   <div class='ocr_carea' id='block_1_44' title="bbox 503 2863 2093 2934">
    <p class='ocr_par' dir='ltr' id='par_1_44' title="bbox 503 2863 2093 2934">
     <span class='ocr_line' id='line_1_44' title="bbox 503 2863 2093 2934; baseline 0.01 -21"><span class='ocrx_word' id='word_1_307' title='bbox 503 2876 740 2930; x_wconf 90' lang='lat' dir='ltr'><strong>quorum</strong></span> <span class='ocrx_word' id='word_1_308' title='bbox 800 2863 1030 2934; x_wconf 85' lang='lat' dir='ltr'><strong>ﬁguram</strong></span> <span class='ocrx_word' id='word_1_309' title='bbox 1092 2874 1284 2920; x_wconf 86' lang='lat' dir='ltr'><strong>tenent</strong></span> <span class='ocrx_word' id='word_1_310' title='bbox 1332 2867 1412 2922; x_wconf 90' lang='lat' dir='ltr'><strong>illi</strong></span> <span class='ocrx_word' id='word_1_311' title='bbox 1473 2869 1738 2925; x_wconf 88' lang='lat' dir='ltr'><strong>seniores.</strong></span> <span class='ocrx_word' id='word_1_312' title='bbox 1790 2871 1904 2927; x_wconf 86' lang='lat' dir='ltr'><strong>Nec</strong></span> <span class='ocrx_word' id='word_1_313' title='bbox 1959 2888 2093 2930; x_wconf 88' lang='lat' dir='ltr'><strong>vero</strong></span> 
     </span>
    </p>
   </div>
   <div class='ocr_carea' id='block_1_45' title="bbox 501 2955 2092 3032">
    <p class='ocr_par' dir='ltr' id='par_1_45' title="bbox 501 2955 2092 3032">
     <span class='ocr_line' id='line_1_45' title="bbox 501 2955 2092 3032; baseline 0.009 -26"><span class='ocrx_word' id='word_1_314' title='bbox 501 2968 725 3022; x_wconf 87' lang='lat' dir='ltr'><strong>parvam</strong></span> <span class='ocrx_word' id='word_1_315' title='bbox 759 2955 1213 3026; x_wconf 82' lang='lat' dir='ltr'><strong>signiﬁcationem</strong></span> <span class='ocrx_word' id='word_1_316' title='bbox 1264 2959 1714 3016; x_wconf 89' lang='lat' dir='ltr'><strong>sanctiﬁcationis</strong></span> <span class='ocrx_word' id='word_1_317' title='bbox 1744 2977 1856 3032; x_wconf 71' lang='lat' dir='ltr'><strong>prae</strong></span> <span class='ocrx_word' id='word_1_318' title='bbox 1893 2978 1952 3018; x_wconf 89' lang='lat' dir='ltr'><strong>se</strong></span> <span class='ocrx_word' id='word_1_319' title='bbox 1985 2963 2092 3022; x_wconf 84' lang='lat' dir='ltr'><strong>fert</strong></span> 
     </span>
    </p>
   </div>
   <div class='ocr_carea' id='block_1_46' title="bbox 501 3043 2088 3122">
    <p class='ocr_par' dir='ltr' id='par_1_46' title="bbox 501 3043 2088 3122">
     <span class='ocr_line' id='line_1_46' title="bbox 501 3043 2088 3122; baseline 0.009 -25"><span class='ocrx_word' id='word_1_320' title='bbox 501 3043 662 3111; x_wconf 91' lang='lat' dir='ltr'><strong>illud,</strong></span> <span class='ocrx_word' id='word_1_321' title='bbox 691 3047 838 3116; x_wconf 90' lang='lat' dir='ltr'><strong>quod</strong></span> <span class='ocrx_word' id='word_1_322' title='bbox 874 3056 1132 3118; x_wconf 89' lang='lat' dir='ltr'><strong>tanquam</strong></span> <span class='ocrx_word' id='word_1_323' title='bbox 1164 3049 1220 3104; x_wconf 92' lang='lat' dir='ltr'><strong>in</strong></span> <span class='ocrx_word' id='word_1_324' title='bbox 1246 3059 1541 3121; x_wconf 89' lang='lat' dir='ltr'><strong>conspectu</strong></span> <span class='ocrx_word' id='word_1_325' title='bbox 1579 3051 1675 3107; x_wconf 91' lang='lat' dir='ltr'><strong>Dei</strong></span> <span class='ocrx_word' id='word_1_326' title='bbox 1705 3068 1899 3122; x_wconf 88' lang='lat' dir='ltr'><strong>panem</strong></span> <span class='ocrx_word' id='word_1_327' title='bbox 1929 3070 2088 3110; x_wconf 88' lang='lat' dir='ltr'><strong>man-</strong></span> 
     </span>
    </p>
   </div>
   <div class='ocr_carea' id='block_1_47' title="bbox 499 3135 2086 3214">
    <p class='ocr_par' dir='ltr' id='par_1_47' title="bbox 499 3135 2086 3214">
     <span class='ocr_line' id='line_1_47' title="bbox 499 3135 2086 3214; baseline 0.007 -23"><span class='ocrx_word' id='word_1_328' title='bbox 499 3135 706 3192; x_wconf 89' lang='lat' dir='ltr'><strong>ducare</strong></span> <span class='ocrx_word' id='word_1_329' title='bbox 748 3148 1018 3209; x_wconf 89' lang='lat' dir='ltr'><strong>oporteat.</strong></span> <span class='ocrx_word' id='word_1_330' title='bbox 1065 3139 1208 3207; x_wconf 88' lang='lat' dir='ltr'><strong>Quid</strong></span> <span class='ocrx_word' id='word_1_331' title='bbox 1244 3142 1392 3195; x_wconf 91' lang='lat' dir='ltr'><strong>enim</strong></span> <span class='ocrx_word' id='word_1_332' title='bbox 1438 3142 1576 3197; x_wconf 89' lang='lat' dir='ltr'><strong>adeo</strong></span> <span class='ocrx_word' id='word_1_333' title='bbox 1616 3143 1721 3198; x_wconf 89' lang='lat' dir='ltr'><strong>sub</strong></span> <span class='ocrx_word' id='word_1_334' title='bbox 1757 3144 1854 3199; x_wconf 88' lang='lat' dir='ltr'><strong>Dei</strong></span> <span class='ocrx_word' id='word_1_335' title='bbox 1888 3147 2086 3214; x_wconf 91' lang='lat' dir='ltr'><strong>oculis,</strong></span> 
     </span>
    </p>
   </div>
   <div class='ocr_carea' id='block_1_48' title="bbox 498 3232 2161 3324">
    <p class='ocr_par' dir='ltr' id='par_1_48' title="bbox 498 3232 2161 3324">
     <span class='ocr_line' id='line_1_48' title="bbox 498 3232 2161 3324; baseline 0.007 -41"><span class='ocrx_word' id='word_1_336' title='bbox 498 3237 662 3300; x_wconf 91' lang='lat' dir='ltr'><strong>atque</strong></span> <span class='ocrx_word' id='word_1_337' title='bbox 696 3240 1016 3300; x_wconf 89' lang='lat' dir='ltr'><strong>conspectu,</strong></span> <span class='ocrx_word' id='word_1_338' title='bbox 1068 3247 1231 3302; x_wconf 90' lang='lat' dir='ltr'><strong>quam</strong></span> <span class='ocrx_word' id='word_1_339' title='bbox 1269 3232 1498 3304; x_wconf 89' lang='lat' dir='ltr'><strong>mystica</strong></span> <span class='ocrx_word' id='word_1_340' title='bbox 1545 3245 1754 3302; x_wconf 85' lang='lat' dir='ltr'><strong>mensa,</strong></span> <span class='ocrx_word' id='word_1_341' title='bbox 1789 3243 1846 3291; x_wconf 88' lang='lat' dir='ltr'><strong>et</strong></span> <span class='ocrx_word' id='word_1_342' title='bbox 1886 3237 2086 3308; x_wconf 88' lang='lat' dir='ltr'><strong>hostia,</strong></span> <span class='ocrx_word' id='word_1_343' title='bbox 2118 3265 2161 3324; x_wconf 69' lang='grc' dir='ltr'><strong>ρ</strong></span> 
     </span>
    </p>
   </div>
   <div class='ocr_carea' id='block_1_49' title="bbox 497 3323 1390 3395">
    <p class='ocr_par' dir='ltr' id='par_1_49' title="bbox 497 3323 1390 3395">
     <span class='ocr_line' id='line_1_49' title="bbox 497 3323 1390 3395; baseline 0.001 -18"><span class='ocrx_word' id='word_1_344' title='bbox 497 3324 703 3395; x_wconf 90' lang='lat' dir='ltr'><strong>quique</strong></span> <span class='ocrx_word' id='word_1_345' title='bbox 730 3324 851 3394; x_wconf 88' lang='lat' dir='ltr'><strong>ejus</strong></span> <span class='ocrx_word' id='word_1_346' title='bbox 880 3323 1176 3393; x_wconf 85' lang='lat' dir='ltr'><strong>participes</strong></span> <span class='ocrx_word' id='word_1_347' title='bbox 1209 3323 1390 3379; x_wconf 79' lang='lat' dir='ltr'><strong>ﬁunt?</strong></span> 
     </span>
    </p>
   </div>
   <div class='ocr_carea' id='block_1_50' title="bbox 576 3412 1118 3468">
    <p class='ocr_par' dir='ltr' id='par_1_50' title="bbox 576 3412 1118 3468">
     <span class='ocr_line' id='line_1_50' title="bbox 576 3412 1118 3468; baseline -0.002 0"><span class='ocrx_word' id='word_1_348' title='bbox 576 3412 773 3468; x_wconf 85' lang='lat' dir='ltr'><strong>PALL.</strong></span> <span class='ocrx_word' id='word_1_349' title='bbox 816 3413 986 3468; x_wconf 85' lang='lat' dir='ltr'><strong>Recte</strong></span> <span class='ocrx_word' id='word_1_350' title='bbox 1018 3414 1118 3468; x_wconf 89' lang='lat' dir='ltr'><strong>ais.</strong></span> 
     </span>
    </p>
   </div>
   <div class='ocr_carea' id='block_1_51' title="bbox 569 3504 2084 3578">
    <p class='ocr_par' dir='ltr' id='par_1_51' title="bbox 569 3504 2084 3578">
     <span class='ocr_line' id='line_1_51' title="bbox 569 3504 2084 3578; baseline 0.006 -19"><span class='ocrx_word' id='word_1_351' title='bbox 569 3504 727 3559; x_wconf 81' lang='lat' dir='ltr'><strong>CYR.</strong></span> <span class='ocrx_word' id='word_1_352' title='bbox 769 3504 889 3558; x_wconf 84' lang='lat' dir='ltr'><strong>Jam</strong></span> <span class='ocrx_word' id='word_1_353' title='bbox 927 3520 1058 3558; x_wconf 89' lang='lat' dir='ltr'><strong>vero</strong></span> <span class='ocrx_word' id='word_1_354' title='bbox 1091 3520 1211 3570; x_wconf 89' lang='lat' dir='ltr'><strong>nos,</strong></span> <span class='ocrx_word' id='word_1_355' title='bbox 1244 3507 1340 3576; x_wconf 90' lang='lat' dir='ltr'><strong>qui</strong></span> <span class='ocrx_word' id='word_1_356' title='bbox 1387 3506 1705 3578; x_wconf 90' lang='lat' dir='ltr'><strong>perﬁcimur</strong></span> <span class='ocrx_word' id='word_1_357' title='bbox 1750 3509 1804 3564; x_wconf 91' lang='lat' dir='ltr'><strong>in</strong></span> <span class='ocrx_word' id='word_1_358' title='bbox 1842 3509 2084 3578; x_wconf 88' lang='lat' dir='ltr'><strong>Christo,</strong></span> 
     </span>
    </p>
   </div>
   <div class='ocr_carea' id='block_1_52' title="bbox 499 3595 2089 3676">
    <p class='ocr_par' dir='ltr' id='par_1_52' title="bbox 499 3595 2089 3676">
     <span class='ocr_line' id='line_1_52' title="bbox 499 3595 2089 3676; baseline 0.008 -28"><span class='ocrx_word' id='word_1_359' title='bbox 499 3595 569 3649; x_wconf 90' lang='lat' dir='ltr'><strong>ad</strong></span> <span class='ocrx_word' id='word_1_360' title='bbox 620 3595 941 3664; x_wconf 87' lang='lat' dir='ltr'><strong>ampliorem</strong></span> <span class='ocrx_word' id='word_1_361' title='bbox 994 3597 1316 3666; x_wconf 86' lang='lat' dir='ltr'><strong>sapientiam</strong></span> <span class='ocrx_word' id='word_1_362' title='bbox 1345 3638 1361 3663; x_wconf 94' lang='lat'><strong>,</strong></span> <span class='ocrx_word' id='word_1_363' title='bbox 1408 3614 1574 3668; x_wconf 90' lang='lat' dir='ltr'><strong>quam</strong></span> <span class='ocrx_word' id='word_1_364' title='bbox 1623 3615 1746 3670; x_wconf 64' lang='lat' dir='ltr'><strong>quae</strong></span> <span class='ocrx_word' id='word_1_365' title='bbox 1796 3617 1898 3672; x_wconf 90' lang='lat' dir='ltr'><strong>per</strong></span> <span class='ocrx_word' id='word_1_366' title='bbox 1952 3603 2089 3676; x_wconf 89' lang='lat' dir='ltr'><strong>legis</strong></span> 
     </span>
    </p>
   </div>
   <div class='ocr_carea' id='block_1_53' title="bbox 498 3687 2088 3762">
    <p class='ocr_par' dir='ltr' id='par_1_53' title="bbox 498 3687 2088 3762">
     <span class='ocr_line' id='line_1_53' title="bbox 498 3687 2088 3762; baseline 0.007 -20"><span class='ocrx_word' id='word_1_367' title='bbox 498 3687 905 3742; x_wconf 88' lang='lat' dir='ltr'><strong>institutionem</strong></span> <span class='ocrx_word' id='word_1_368' title='bbox 967 3689 1384 3760; x_wconf 78' lang='lat' dir='ltr'><strong>acquirebatur,</strong></span> <span class='ocrx_word' id='word_1_369' title='bbox 1439 3693 1759 3762; x_wconf 88' lang='lat' dir='ltr'><strong>pervenire,</strong></span> <span class='ocrx_word' id='word_1_370' title='bbox 1820 3694 1877 3748; x_wconf 94' lang='lat' dir='ltr'><strong>id</strong></span> <span class='ocrx_word' id='word_1_371' title='bbox 1939 3705 2088 3754; x_wconf 87' lang='lat' dir='ltr'><strong>certe</strong></span> 
     </span>
    </p>
   </div>
   <div class='ocr_carea' id='block_1_54' title="bbox 498 3780 2086 3856">
    <p class='ocr_par' dir='ltr' id='par_1_54' title="bbox 498 3780 2086 3856">
     <span class='ocr_line' id='line_1_54' title="bbox 498 3780 2086 3856; baseline 0.006 -22"><span class='ocrx_word' id='word_1_372' title='bbox 498 3781 650 3834; x_wconf 91' lang='lat' dir='ltr'><strong>nullo</strong></span> <span class='ocrx_word' id='word_1_373' title='bbox 678 3780 864 3836; x_wconf 91' lang='lat' dir='ltr'><strong>labore</strong></span> <span class='ocrx_word' id='word_1_374' title='bbox 892 3781 1222 3845; x_wconf 89' lang='lat' dir='ltr'><strong>videbimus,</strong></span> <span class='ocrx_word' id='word_1_375' title='bbox 1241 3783 1286 3839; x_wconf 90' lang='lat' dir='ltr'><strong>si</strong></span> <span class='ocrx_word' id='word_1_376' title='bbox 1317 3784 1436 3854; x_wconf 87' lang='lat' dir='ltr'><strong>ejus</strong></span> <span class='ocrx_word' id='word_1_377' title='bbox 1467 3785 1544 3838; x_wconf 87' lang='lat' dir='ltr'><strong>rei</strong></span> <span class='ocrx_word' id='word_1_378' title='bbox 1575 3785 1920 3856; x_wconf 89' lang='lat' dir='ltr'><strong>perspicuam</strong></span> <span class='ocrx_word' id='word_1_379' title='bbox 1947 3787 2086 3844; x_wconf 89' lang='lat' dir='ltr'><strong>ima-</strong></span> 
     </span>
    </p>
   </div>
   <div class='ocr_carea' id='block_1_55' title="bbox 496 3871 2086 3952">
    <p class='ocr_par' dir='ltr' id='par_1_55' title="bbox 496 3871 2086 3952">
     <span class='ocr_line' id='line_1_55' title="bbox 496 3871 2086 3952; baseline 0.008 -27"><span class='ocrx_word' id='word_1_380' title='bbox 496 3871 678 3942; x_wconf 89' lang='lat' dir='ltr'><strong>ginem</strong></span> <span class='ocrx_word' id='word_1_381' title='bbox 719 3874 1096 3943; x_wconf 88' lang='lat' dir='ltr'><strong>acceperimus</strong></span> <span class='ocrx_word' id='word_1_382' title='bbox 1150 3875 1371 3946; x_wconf 86' lang='lat' dir='ltr'><strong>Moysen</strong></span> <span class='ocrx_word' id='word_1_383' title='bbox 1425 3883 1483 3930; x_wconf 89' lang='lat' dir='ltr'><strong>et</strong></span> <span class='ocrx_word' id='word_1_384' title='bbox 1529 3875 1722 3932; x_wconf 88' lang='lat' dir='ltr'><strong>Jethro</strong></span> <span class='ocrx_word' id='word_1_385' title='bbox 1759 3896 1772 3932; x_wconf 87' lang='lat'><strong>:</strong></span> <span class='ocrx_word' id='word_1_386' title='bbox 1819 3898 1838 3930; x_wconf 77' lang='grc' dir='ltr'><strong>ι</strong></span> <span class='ocrx_word' id='word_1_387' title='bbox 1873 3879 2086 3952; x_wconf 81' lang='lat' dir='ltr'><strong>Moyses</strong></span> 
     </span>
    </p>
   </div>
   <div class='ocr_carea' id='block_1_56' title="bbox 493 3964 2084 4037">
    <p class='ocr_par' dir='ltr' id='par_1_56' title="bbox 493 3964 2084 4037">
     <span class='ocr_line' id='line_1_56' title="bbox 493 3964 2084 4037; baseline 0.008 -21"><span class='ocrx_word' id='word_1_388' title='bbox 493 3977 730 4032; x_wconf 89' lang='lat' dir='ltr'><strong>namque</strong></span> <span class='ocrx_word' id='word_1_389' title='bbox 751 3964 997 4029; x_wconf 85' lang='lat' dir='ltr'><strong>sedebat,</strong></span> <span class='ocrx_word' id='word_1_390' title='bbox 1023 3984 1040 4015; x_wconf 76' lang='grc' dir='ltr'><strong>ι</strong></span> <span class='ocrx_word' id='word_1_391' title='bbox 1071 3965 1270 4035; x_wconf 88' lang='lat' dir='ltr'><strong>inquit,</strong></span> <span class='ocrx_word' id='word_1_392' title='bbox 1310 3965 1636 4037; x_wconf 71' lang='lat' dir='ltr'><strong>«judicans;</strong></span> <span class='ocrx_word' id='word_1_393' title='bbox 1662 3970 1876 4025; x_wconf 89' lang='lat' dir='ltr'><strong>astabat</strong></span> <span class='ocrx_word' id='word_1_394' title='bbox 1899 3980 2084 4028; x_wconf 91' lang='lat' dir='ltr'><strong>autem</strong></span> 
     </span>
    </p>
   </div>
   <div class='ocr_carea' id='block_1_57' title="bbox 495 4051 2082 4134">
    <p class='ocr_par' dir='ltr' id='par_1_57' title="bbox 495 4051 2082 4134">
     <span class='ocr_line' id='line_1_57' title="bbox 495 4051 2082 4134; baseline 0.008 -26"><span class='ocrx_word' id='word_1_395' title='bbox 495 4051 576 4108; x_wconf 91' lang='lat' dir='ltr'><strong>illi</strong></span> <span class='ocrx_word' id='word_1_396' title='bbox 621 4055 912 4111; x_wconf 88' lang='lat' dir='ltr'><strong>universus</strong></span> <span class='ocrx_word' id='word_1_397' title='bbox 965 4057 1202 4127; x_wconf 90' lang='lat' dir='ltr'><strong>populus</strong></span> <span class='ocrx_word' id='word_1_398' title='bbox 1253 4071 1285 4111; x_wconf 91' lang='lat' dir='ltr'><strong>a</strong></span> <span class='ocrx_word' id='word_1_399' title='bbox 1333 4072 1493 4113; x_wconf 90' lang='lat' dir='ltr'><strong>mane</strong></span> <span class='ocrx_word' id='word_1_400' title='bbox 1542 4074 1717 4129; x_wconf 89' lang='lat' dir='ltr'><strong>usque</strong></span> <span class='ocrx_word' id='word_1_401' title='bbox 1768 4061 1836 4117; x_wconf 91' lang='lat' dir='ltr'><strong>ad</strong></span> <span class='ocrx_word' id='word_1_402' title='bbox 1883 4079 2082 4134; x_wconf 90' lang='lat' dir='ltr'><strong>vespe-</strong></span> 
     </span>
    </p>
   </div>
   <div class='ocr_carea' id='block_1_58' title="bbox 494 4148 2083 4213">
    <p class='ocr_par' dir='ltr' id='par_1_58' title="bbox 494 4148 2083 4213">
     <span class='ocr_line' id='line_1_58' title="bbox 494 4148 2083 4213; baseline 0.009 -14"><span class='ocrx_word' id='word_1_403' title='bbox 494 4162 608 4201; x_wconf 89' lang='lat' dir='ltr'><strong>ram</strong></span> <span class='ocrx_word' id='word_1_404' title='bbox 647 4149 687 4202; x_wconf 82' lang='grc'><strong>⁸.</strong></span> <span class='ocrx_word' id='word_1_405' title='bbox 727 4168 746 4200; x_wconf 72' lang='grc' dir='ltr'><strong>ι</strong></span> <span class='ocrx_word' id='word_1_406' title='bbox 781 4148 988 4204; x_wconf 86' lang='lat' dir='ltr'><strong>Auctor</strong></span> <span class='ocrx_word' id='word_1_407' title='bbox 1024 4161 1207 4205; x_wconf 89' lang='lat' dir='ltr'><strong>autem</strong></span> <span class='ocrx_word' id='word_1_408' title='bbox 1247 4159 1332 4205; x_wconf 88' lang='lat' dir='ltr'><strong>est</strong></span> <span class='ocrx_word' id='word_1_409' title='bbox 1367 4149 1560 4207; x_wconf 85' lang='lat' dir='ltr'><strong>Jethro</strong></span> <span class='ocrx_word' id='word_1_410' title='bbox 1600 4151 1751 4209; x_wconf 90' lang='lat' dir='ltr'><strong>illius</strong></span> <span class='ocrx_word' id='word_1_411' title='bbox 1795 4160 2083 4213; x_wconf 66' lang='lat' dir='ltr'><strong>sententia:</strong></span> 
     </span>
    </p>
   </div>
   <div class='ocr_carea' id='block_1_59' title="bbox 491 4239 2082 4314">
    <p class='ocr_par' dir='ltr' id='par_1_59' title="bbox 491 4239 2082 4314">
     <span class='ocr_line' id='line_1_59' title="bbox 491 4239 2082 4314; baseline 0.008 -25"><span class='ocrx_word' id='word_1_412' title='bbox 491 4253 655 4306; x_wconf 89' lang='lat' dir='ltr'><strong>quam</strong></span> <span class='ocrx_word' id='word_1_413' title='bbox 705 4248 930 4294; x_wconf 90' lang='lat' dir='ltr'><strong>secutus</strong></span> <span class='ocrx_word' id='word_1_414' title='bbox 967 4247 1052 4294; x_wconf 89' lang='lat' dir='ltr'><strong>est</strong></span> <span class='ocrx_word' id='word_1_415' title='bbox 1083 4239 1296 4312; x_wconf 84' lang='lat' dir='ltr'><strong>Moyses</strong></span> <span class='ocrx_word' id='word_1_416' title='bbox 1334 4256 1347 4294; x_wconf 92' lang='lat'>:</span> <span class='ocrx_word' id='word_1_417' title='bbox 1385 4248 1442 4296; x_wconf 89' lang='lat' dir='ltr'><strong>et</strong></span> <span class='ocrx_word' id='word_1_418' title='bbox 1488 4256 1615 4297; x_wconf 90' lang='lat' dir='ltr'><strong>cum</strong></span> <span class='ocrx_word' id='word_1_419' title='bbox 1657 4243 1922 4314; x_wconf 88' lang='lat' dir='ltr'><strong>optimam</strong></span> <span class='ocrx_word' id='word_1_420' title='bbox 1958 4261 2082 4301; x_wconf 85' lang='lat' dir='ltr'><strong>esse</strong></span> 
     </span>
    </p>
   </div>
   <div class='ocr_carea' id='block_1_60' title="bbox 491 4326 2077 4406">
    <p class='ocr_par' dir='ltr' id='par_1_60' title="bbox 491 4326 2077 4406">
     <span class='ocr_line' id='line_1_60' title="bbox 491 4326 2077 4406; baseline 0.006 -25"><span class='ocrx_word' id='word_1_421' title='bbox 491 4326 842 4399; x_wconf 86' lang='lat' dir='ltr'><strong>inteiligeret,</strong></span> <span class='ocrx_word' id='word_1_422' title='bbox 872 4331 1156 4399; x_wconf 80' lang='lat' dir='ltr'><strong>amplexus</strong></span> <span class='ocrx_word' id='word_1_423' title='bbox 1192 4337 1294 4386; x_wconf 90' lang='lat' dir='ltr'><strong>est.</strong></span> <span class='ocrx_word' id='word_1_424' title='bbox 1327 4349 1345 4382; x_wconf 77' lang='grc' dir='ltr'><strong>ι</strong></span> <span class='ocrx_word' id='word_1_425' title='bbox 1367 4331 1594 4388; x_wconf 85' lang='lat' dir='ltr'><strong>Audivit</strong></span> <span class='ocrx_word' id='word_1_426' title='bbox 1618 4331 1788 4397; x_wconf 89' lang='lat' dir='ltr'><strong>enim,</strong></span> <span class='ocrx_word' id='word_1_427' title='bbox 1819 4352 1837 4384; x_wconf 74' lang='grc' dir='ltr'><strong>ι</strong></span> <span class='ocrx_word' id='word_1_428' title='bbox 1877 4333 2077 4406; x_wconf 86' lang='lat' dir='ltr'><strong>inquit,</strong></span> 
     </span>
    </p>
   </div>
   <div class='ocr_carea' id='block_1_61' title="bbox 497 4419 2080 4494">
    <p class='ocr_par' dir='ltr' id='par_1_61' title="bbox 497 4419 2080 4494">
     <span class='ocr_line' id='line_1_61' title="bbox 497 4419 2080 4494; baseline 0.006 -24"><span class='ocrx_word' id='word_1_429' title='bbox 497 4443 516 4470; x_wconf 74' lang='grc' dir='ltr'><strong>ι</strong></span> <span class='ocrx_word' id='word_1_430' title='bbox 551 4419 763 4490; x_wconf 85' lang='lat' dir='ltr'><strong>Moyses</strong></span> <span class='ocrx_word' id='word_1_431' title='bbox 785 4435 978 4474; x_wconf 90' lang='lat' dir='ltr'><strong>vocem</strong></span> <span class='ocrx_word' id='word_1_432' title='bbox 997 4421 1174 4475; x_wconf 89' lang='lat' dir='ltr'><strong>soceri</strong></span> <span class='ocrx_word' id='word_1_433' title='bbox 1217 4421 1324 4485; x_wconf 90' lang='lat' dir='ltr'><strong>sui,</strong></span> <span class='ocrx_word' id='word_1_434' title='bbox 1349 4428 1407 4476; x_wconf 91' lang='lat' dir='ltr'><strong>et</strong></span> <span class='ocrx_word' id='word_1_435' title='bbox 1434 4421 1567 4477; x_wconf 87' lang='lat' dir='ltr'><strong>fecit</strong></span> <span class='ocrx_word' id='word_1_436' title='bbox 1592 4438 1936 4494; x_wconf 81' lang='lat' dir='ltr'><strong>quaecunque</strong></span> <span class='ocrx_word' id='word_1_437' title='bbox 1972 4426 2080 4480; x_wconf 83' lang='lat' dir='ltr'><strong>sibi</strong></span> 
     </span>
    </p>
   </div>
   <div class='ocr_carea' id='block_1_62' title="bbox 489 4508 2074 4584">
    <p class='ocr_par' dir='ltr' id='par_1_62' title="bbox 489 4508 2074 4584">
     <span class='ocr_line' id='line_1_62' title="bbox 489 4508 2074 4584; baseline 0.006 -21"><span class='ocrx_word' id='word_1_438' title='bbox 489 4509 703 4565; x_wconf 81' lang='lat' dir='ltr'><strong>dixit&quot;.</strong></span> <span class='ocrx_word' id='word_1_439' title='bbox 737 4527 756 4560; x_wconf 84' lang='grc'><strong>›</strong></span> <span class='ocrx_word' id='word_1_440' title='bbox 802 4508 946 4576; x_wconf 86' lang='lat' dir='ltr'><strong>Quid</strong></span> <span class='ocrx_word' id='word_1_441' title='bbox 986 4511 1177 4564; x_wconf 85' lang='lat' dir='ltr'><strong>enim?</strong></span> <span class='ocrx_word' id='word_1_442' title='bbox 1221 4511 1316 4580; x_wconf 91' lang='lat' dir='ltr'><strong>qui</strong></span> <span class='ocrx_word' id='word_1_443' title='bbox 1355 4511 1555 4567; x_wconf 92' lang='lat' dir='ltr'><strong>melius</strong></span> <span class='ocrx_word' id='word_1_444' title='bbox 1591 4513 1884 4567; x_wconf 90' lang='lat' dir='ltr'><strong>consilium</strong></span> <span class='ocrx_word' id='word_1_445' title='bbox 1922 4514 2074 4584; x_wconf 87' lang='lat' dir='ltr'><strong>dare,</strong></span> 
     </span>
    </p>
   </div>
   <div class='ocr_carea' id='block_1_63' title="bbox 489 4596 2152 4687">
    <p class='ocr_par' dir='ltr' id='par_1_63' title="bbox 489 4596 2152 4687">
     <span class='ocr_line' id='line_1_63' title="bbox 489 4596 2152 4687; baseline 0.008 -29"><span class='ocrx_word' id='word_1_446' title='bbox 489 4604 885 4674; x_wconf 88' lang='lat' dir='ltr'><strong>melioremque</strong></span> <span class='ocrx_word' id='word_1_447' title='bbox 936 4606 1264 4661; x_wconf 87' lang='lat' dir='ltr'><strong>sententiam</strong></span> <span class='ocrx_word' id='word_1_448' title='bbox 1311 4606 1496 4674; x_wconf 78' lang='lat' dir='ltr'><strong>dicere</strong></span> <span class='ocrx_word' id='word_1_449' title='bbox 1542 4610 1825 4687; x_wconf 84' lang='lat' dir='ltr'><strong>potuerit,</strong></span> <span class='ocrx_word' id='word_1_450' title='bbox 1873 4611 1922 4668; x_wconf 88' lang='lat' dir='ltr'><strong>is</strong></span> <span class='ocrx_word' id='word_1_451' title='bbox 1965 4629 2077 4670; x_wconf 91' lang='lat' dir='ltr'><strong>non</strong></span> <span class='ocrx_word' id='word_1_452' title='bbox 2107 4596 2152 4653; x_wconf 82' lang='grc' dir='ltr'><strong>Ῑ)</strong></span> 
     </span>
    </p>
   </div>
   <div class='ocr_carea' id='block_1_64' title="bbox 489 4697 1959 4772">
    <p class='ocr_par' dir='ltr' id='par_1_64' title="bbox 489 4697 1959 4772">
     <span class='ocr_line' id='line_1_64' title="bbox 489 4697 1959 4772; baseline 0.006 -22"><span class='ocrx_word' id='word_1_453' title='bbox 489 4711 881 4767; x_wconf 88' lang='lat' dir='ltr'><strong>usquequaque</strong></span> <span class='ocrx_word' id='word_1_454' title='bbox 913 4697 1203 4766; x_wconf 89' lang='lat' dir='ltr'><strong>prudentia</strong></span> <span class='ocrx_word' id='word_1_455' title='bbox 1236 4707 1498 4769; x_wconf 62' lang='lat' dir='ltr'><strong>praestare</strong></span> <span class='ocrx_word' id='word_1_456' title='bbox 1528 4700 1807 4772; x_wconf 87' lang='lat' dir='ltr'><strong>putandus</strong></span> <span class='ocrx_word' id='word_1_457' title='bbox 1833 4704 1959 4759; x_wconf 85' lang='lat' dir='ltr'><strong>est?</strong></span> 
     </span>
    </p>
   </div>
   <div class='ocr_carea' id='block_1_65' title="bbox 559 4785 1106 4842">
    <p class='ocr_par' dir='ltr' id='par_1_65' title="bbox 559 4785 1106 4842">
     <span class='ocr_line' id='line_1_65' title="bbox 559 4785 1106 4842; baseline 0.004 -2"><span class='ocrx_word' id='word_1_458' title='bbox 559 4785 758 4840; x_wconf 88' lang='lat' dir='ltr'><strong>PALL.</strong></span> <span class='ocrx_word' id='word_1_459' title='bbox 799 4786 1106 4842; x_wconf 87' lang='lat' dir='ltr'><strong>Assentior.</strong></span> 
     </span>
    </p>
   </div>
   <div class='ocr_carea' id='block_1_66' title="bbox 554 4875 2074 4950">
    <p class='ocr_par' dir='ltr' id='par_1_66' title="bbox 554 4875 2074 4950">
     <span class='ocr_line' id='line_1_66' title="bbox 554 4875 2074 4950; baseline 0.005 -18"><span class='ocrx_word' id='word_1_460' title='bbox 554 4876 712 4932; x_wconf 80' lang='lat' dir='ltr'><strong>CYR.</strong></span> <span class='ocrx_word' id='word_1_461' title='bbox 751 4876 904 4932; x_wconf 83' lang='lat' dir='ltr'><strong>Hanc</strong></span> <span class='ocrx_word' id='word_1_462' title='bbox 937 4892 1072 4932; x_wconf 85' lang='lat' dir='ltr'><strong>vero</strong></span> <span class='ocrx_word' id='word_1_463' title='bbox 1103 4892 1203 4946; x_wconf 89' lang='lat' dir='ltr'><strong>per</strong></span> <span class='ocrx_word' id='word_1_464' title='bbox 1237 4875 1518 4932; x_wconf 88' lang='lat' dir='ltr'><strong>Christum</strong></span> <span class='ocrx_word' id='word_1_465' title='bbox 1550 4878 1944 4950; x_wconf 83' lang='lat' dir='ltr'><strong>perfectionem</strong></span> <span class='ocrx_word' id='word_1_466' title='bbox 1979 4883 2074 4940; x_wconf 87' lang='lat' dir='ltr'><strong>illa</strong></span> 
     </span>
    </p>
   </div>
   <div class='ocr_carea' id='block_1_67' title="bbox 485 4969 2074 5046">
    <p class='ocr_par' dir='ltr' id='par_1_67' title="bbox 485 4969 2074 5046">
     <span class='ocr_line' id='line_1_67' title="bbox 485 4969 2074 5046; baseline 0.006 -23"><span class='ocrx_word' id='word_1_467' title='bbox 485 4970 623 5040; x_wconf 79' lang='lat' dir='ltr'><strong>legis</strong></span> <span class='ocrx_word' id='word_1_468' title='bbox 656 4969 1003 5025; x_wconf 91' lang='lat' dir='ltr'><strong>institutione</strong></span> <span class='ocrx_word' id='word_1_469' title='bbox 1035 4969 1473 5039; x_wconf 64' lang='lat' dir='ltr'><strong>praestantiorem</strong></span> <span class='ocrx_word' id='word_1_470' title='bbox 1502 4987 1646 5040; x_wconf 87' lang='lat' dir='ltr'><strong>esse,</strong></span> <span class='ocrx_word' id='word_1_471' title='bbox 1675 4973 1944 5046; x_wconf 86' lang='lat' dir='ltr'><strong>longeque</strong></span> <span class='ocrx_word' id='word_1_472' title='bbox 1974 4993 2074 5032; x_wconf 84' lang='lat' dir='ltr'><strong>ex-</strong></span> 
     </span>
    </p>
   </div>
   <div class='ocr_carea' id='block_1_68' title="bbox 483 5062 2072 5137">
    <p class='ocr_par' dir='ltr' id='par_1_68' title="bbox 483 5062 2072 5137">
     <span class='ocr_line' id='line_1_68' title="bbox 483 5062 2072 5137; baseline 0.004 -19"><span class='ocrx_word' id='word_1_473' title='bbox 483 5064 882 5128; x_wconf 85' lang='lat' dir='ltr'><strong>cellentiorem,</strong></span> <span class='ocrx_word' id='word_1_474' title='bbox 915 5070 979 5118; x_wconf 93' lang='lat' dir='ltr'><strong>ut</strong></span> <span class='ocrx_word' id='word_1_475' title='bbox 1013 5077 1136 5131; x_wconf 67' lang='lat' dir='ltr'><strong>quae</strong></span> <span class='ocrx_word' id='word_1_476' title='bbox 1173 5062 1242 5117; x_wconf 90' lang='lat' dir='ltr'><strong>ad</strong></span> <span class='ocrx_word' id='word_1_477' title='bbox 1279 5079 1401 5118; x_wconf 89' lang='lat' dir='ltr'><strong>eam</strong></span> <span class='ocrx_word' id='word_1_478' title='bbox 1440 5079 1542 5120; x_wconf 91' lang='lat' dir='ltr'><strong>nos</strong></span> <span class='ocrx_word' id='word_1_479' title='bbox 1583 5067 1950 5137; x_wconf 89' lang='lat' dir='ltr'><strong>cognitionem</strong></span> <span class='ocrx_word' id='word_1_480' title='bbox 1986 5078 2072 5124; x_wconf 88' lang='lat' dir='ltr'><strong>at—</strong></span> 
     </span>
    </p>
   </div>
   <div class='ocr_carea' id='block_1_69' title="bbox 489 5154 2073 5226">
    <p class='ocr_par' dir='ltr' id='par_1_69' title="bbox 489 5154 2073 5226">
     <span class='ocr_line' id='line_1_69' title="bbox 489 5154 2073 5226; baseline 0.005 -17"><span class='ocrx_word' id='word_1_481' title='bbox 489 5155 662 5220; x_wconf 89' lang='lat' dir='ltr'><strong>tollat,</strong></span> <span class='ocrx_word' id='word_1_482' title='bbox 693 5171 815 5225; x_wconf 73' lang='lat' dir='ltr'><strong>quae</strong></span> <span class='ocrx_word' id='word_1_483' title='bbox 844 5154 916 5209; x_wconf 89' lang='lat' dir='ltr'><strong>sit</strong></span> <span class='ocrx_word' id='word_1_484' title='bbox 945 5154 1107 5225; x_wconf 86' lang='lat' dir='ltr'><strong>longe</strong></span> <span class='ocrx_word' id='word_1_485' title='bbox 1137 5156 1427 5226; x_wconf 86' lang='lat' dir='ltr'><strong>superior;</strong></span> <span class='ocrx_word' id='word_1_486' title='bbox 1465 5156 1521 5212; x_wconf 91' lang='lat' dir='ltr'><strong>id</strong></span> <span class='ocrx_word' id='word_1_487' title='bbox 1562 5173 1696 5214; x_wconf 88' lang='lat' dir='ltr'><strong>vero</strong></span> <span class='ocrx_word' id='word_1_488' title='bbox 1733 5159 1893 5217; x_wconf 88' lang='lat' dir='ltr'><strong>facile</strong></span> <span class='ocrx_word' id='word_1_489' title='bbox 1938 5161 2073 5216; x_wconf 91' lang='lat' dir='ltr'><strong>bea-</strong></span> 
     </span>
    </p>
   </div>
   <div class='ocr_carea' id='block_1_70' title="bbox 486 5246 2072 5320">
    <p class='ocr_par' dir='ltr' id='par_1_70' title="bbox 486 5246 2072 5320">
     <span class='ocr_line' id='line_1_70' title="bbox 486 5246 2072 5320; baseline 0.005 -20"><span class='ocrx_word' id='word_1_490' title='bbox 486 5246 734 5300; x_wconf 76' lang='lat' dir='ltr'><strong>tissimus</strong></span> <span class='ocrx_word' id='word_1_491' title='bbox 777 5247 981 5302; x_wconf 88' lang='lat' dir='ltr'><strong>Paulus</strong></span> <span class='ocrx_word' id='word_1_492' title='bbox 1025 5246 1288 5314; x_wconf 86' lang='lat' dir='ltr'><strong>ostendit,</strong></span> <span class='ocrx_word' id='word_1_493' title='bbox 1325 5247 1422 5318; x_wconf 86' lang='lat' dir='ltr'><strong>qui</strong></span> <span class='ocrx_word' id='word_1_494' title='bbox 1469 5257 1695 5320; x_wconf 88' lang='lat' dir='ltr'><strong>propter</strong></span> <span class='ocrx_word' id='word_1_495' title='bbox 1735 5252 2072 5308; x_wconf 89' lang='lat' dir='ltr'><strong>eminentem</strong></span> 
     </span>
    </p>
   </div>
   <div class='ocr_carea' id='block_1_71' title="bbox 483 5336 2071 5413">
    <p class='ocr_par' dir='ltr' id='par_1_71' title="bbox 483 5336 2071 5413">
     <span class='ocr_line' id='line_1_71' title="bbox 483 5336 2071 5413; baseline 0.004 -23"><span class='ocrx_word' id='word_1_496' title='bbox 483 5336 770 5391; x_wconf 86' lang='lat' dir='ltr'><strong>scientiam</strong></span> <span class='ocrx_word' id='word_1_497' title='bbox 797 5337 1025 5405; x_wconf 88' lang='lat' dir='ltr'><strong>Christi,</strong></span> <span class='ocrx_word' id='word_1_498' title='bbox 1066 5347 1129 5395; x_wconf 91' lang='lat' dir='ltr'><strong>ut</strong></span> <span class='ocrx_word' id='word_1_499' title='bbox 1163 5339 1280 5410; x_wconf 90' lang='lat' dir='ltr'><strong>ipse</strong></span> <span class='ocrx_word' id='word_1_500' title='bbox 1323 5339 1440 5405; x_wconf 91' lang='lat' dir='ltr'><strong>ait,</strong></span> <span class='ocrx_word' id='word_1_501' title='bbox 1467 5355 1660 5396; x_wconf 89' lang='lat' dir='ltr'><strong>eorum</strong></span> <span class='ocrx_word' id='word_1_502' title='bbox 1693 5357 1816 5412; x_wconf 66' lang='lat' dir='ltr'><strong>qua:</strong></span> <span class='ocrx_word' id='word_1_503' title='bbox 1855 5343 1910 5397; x_wconf 92' lang='lat' dir='ltr'><strong>in</strong></span> <span class='ocrx_word' id='word_1_504' title='bbox 1950 5341 2071 5413; x_wconf 84' lang='lat' dir='ltr'><strong>lege</strong></span> 
     </span>
    </p>
   </div>
   <div class='ocr_carea' id='block_1_72' title="bbox 484 5429 2070 5503">
    <p class='ocr_par' dir='ltr' id='par_1_72' title="bbox 484 5429 2070 5503">
     <span class='ocr_line' id='line_1_72' title="bbox 484 5429 2070 5503; baseline 0.003 -21"><span class='ocrx_word' id='word_1_505' title='bbox 484 5429 638 5482; x_wconf 90' lang='lat' dir='ltr'><strong>lucra</strong></span> <span class='ocrx_word' id='word_1_506' title='bbox 678 5437 855 5496; x_wconf 89' lang='lat' dir='ltr'><strong>erant,</strong></span> <span class='ocrx_word' id='word_1_507' title='bbox 903 5431 1267 5486; x_wconf 89' lang='lat' dir='ltr'><strong>libentissime</strong></span> <span class='ocrx_word' id='word_1_508' title='bbox 1309 5432 1579 5503; x_wconf 75' lang='lat' dir='ltr'><strong>iacturam</strong></span> <span class='ocrx_word' id='word_1_509' title='bbox 1629 5433 1780 5499; x_wconf 89' lang='lat' dir='ltr'><strong>facit,</strong></span> <span class='ocrx_word' id='word_1_510' title='bbox 1825 5443 1883 5489; x_wconf 88' lang='lat' dir='ltr'><strong>et</strong></span> <span class='ocrx_word' id='word_1_511' title='bbox 1928 5441 2070 5487; x_wconf 87' lang='lat' dir='ltr'><strong>ster-</strong></span> 
     </span>
    </p>
   </div>
   <div class='ocr_carea' id='block_1_73' title="bbox 481 5521 2069 5595">
    <p class='ocr_par' dir='ltr' id='par_1_73' title="bbox 481 5521 2069 5595">
     <span class='ocr_line' id='line_1_73' title="bbox 481 5521 2069 5595; baseline 0.003 -22"><span class='ocrx_word' id='word_1_512' title='bbox 481 5536 614 5574; x_wconf 91' lang='lat' dir='ltr'><strong>cora</strong></span> <span class='ocrx_word' id='word_1_513' title='bbox 671 5521 992 5589; x_wconf 86' lang='lat' dir='ltr'><strong>arbitratur,</strong></span> <span class='ocrx_word' id='word_1_514' title='bbox 1035 5532 1098 5578; x_wconf 89' lang='lat' dir='ltr'><strong>ut</strong></span> <span class='ocrx_word' id='word_1_515' title='bbox 1143 5523 1425 5580; x_wconf 89' lang='lat' dir='ltr'><strong>Christum</strong></span> <span class='ocrx_word' id='word_1_516' title='bbox 1462 5525 1770 5581; x_wconf 86' lang='lat' dir='ltr'><strong>lucrifaciat</strong></span> <span class='ocrx_word' id='word_1_517' title='bbox 1797 5525 1839 5579; x_wconf 85' lang='grc'><strong>⁸.</strong></span> <span class='ocrx_word' id='word_1_518' title='bbox 1889 5525 2069 5595; x_wconf 89' lang='lat' dir='ltr'><strong>Atque</strong></span> 
     </span>
    </p>
   </div>
   <div class='ocr_carea' id='block_1_74' title="bbox 482 5609 2068 5688">
    <p class='ocr_par' dir='ltr' id='par_1_74' title="bbox 482 5609 2068 5688">
     <span class='ocr_line' id='line_1_74' title="bbox 482 5609 2068 5688; baseline 0.005 -24"><span class='ocrx_word' id='word_1_519' title='bbox 482 5609 746 5668; x_wconf 85' lang='lat' dir='ltr'><strong>adversus</strong></span> <span class='ocrx_word' id='word_1_520' title='bbox 790 5628 887 5668; x_wconf 90' lang='lat' dir='ltr'><strong>eos</strong></span> <span class='ocrx_word' id='word_1_521' title='bbox 930 5615 1185 5684; x_wconf 90' lang='lat' dir='ltr'><strong>quidem,</strong></span> <span class='ocrx_word' id='word_1_522' title='bbox 1225 5615 1321 5687; x_wconf 90' lang='lat' dir='ltr'><strong>qui</strong></span> <span class='ocrx_word' id='word_1_523' title='bbox 1365 5617 1479 5672; x_wconf 91' lang='lat' dir='ltr'><strong>sola</strong></span> <span class='ocrx_word' id='word_1_524' title='bbox 1533 5632 1658 5688; x_wconf 66' lang='lat' dir='ltr'><strong>quae</strong></span> <span class='ocrx_word' id='word_1_525' title='bbox 1700 5632 1799 5687; x_wconf 88' lang='lat' dir='ltr'><strong>per</strong></span> <span class='ocrx_word' id='word_1_526' title='bbox 1845 5616 2068 5688; x_wconf 85' lang='lat' dir='ltr'><strong>Moysen</strong></span> 
     </span>
    </p>
   </div>
   <div class='ocr_carea' id='block_1_75' title="bbox 484 5704 2064 5782">
    <p class='ocr_par' dir='ltr' id='par_1_75' title="bbox 484 5704 2064 5782">
     <span class='ocr_line' id='line_1_75' title="bbox 484 5704 2064 5782; baseline 0.004 -24"><span class='ocrx_word' id='word_1_527' title='bbox 484 5704 684 5762; x_wconf 87' lang='lat' dir='ltr'><strong>tradita</strong></span> <span class='ocrx_word' id='word_1_528' title='bbox 717 5717 864 5773; x_wconf 90' lang='lat' dir='ltr'><strong>sunt,</strong></span> <span class='ocrx_word' id='word_1_529' title='bbox 889 5707 1070 5764; x_wconf 88' lang='lat' dir='ltr'><strong>adhuc</strong></span> <span class='ocrx_word' id='word_1_530' title='bbox 1096 5725 1285 5782; x_wconf 80' lang='lat' dir='ltr'><strong>magna</strong></span> <span class='ocrx_word' id='word_1_531' title='bbox 1316 5718 1608 5779; x_wconf 86' lang='lat' dir='ltr'><strong>putarent;</strong></span> <span class='ocrx_word' id='word_1_532' title='bbox 1640 5708 2064 5781; x_wconf 89' lang='lat' dir='ltr'><strong>perfectionem-</strong></span> 
     </span>
    </p>
   </div>
   <div class='ocr_carea' id='block_1_76' title="bbox 471 5822 1976 5894">
    <p class='ocr_par' dir='ltr' id='par_1_76' title="bbox 471 5822 1976 5894">
     <span class='ocr_line' id='line_1_76' title="bbox 471 5822 1976 5894; baseline 0.001 -16"><span class='ocrx_word' id='word_1_533' title='bbox 471 5874 475 5886; x_wconf 60' lang='lat'>.</span> <span class='ocrx_word' id='word_1_534' title='bbox 518 5824 539 5854; x_wconf 76' lang='grc'>⁸</span> <span class='ocrx_word' id='word_1_535' title='bbox 578 5822 747 5881; x_wconf 74' lang='lat' dir='ltr'><strong>Exod.</strong></span> <span class='ocrx_word' id='word_1_536' title='bbox 781 5841 927 5890; x_wconf 79' lang='lat' dir='ltr'><strong>xvm,</strong></span> <span class='ocrx_word' id='word_1_537' title='bbox 962 5827 1154 5892; x_wconf 74' lang='grc'><strong>11,12.</strong></span> <span class='ocrx_word' id='word_1_538' title='bbox 1232 5828 1252 5858; x_wconf 82' lang='grc'><strong><em>⁵</em></strong></span> <span class='ocrx_word' id='word_1_539' title='bbox 1283 5826 1445 5891; x_wconf 74' lang='lat' dir='ltr'><strong>Ibid,</strong></span> <span class='ocrx_word' id='word_1_540' title='bbox 1485 5825 1563 5879; x_wconf 65' lang='lat'><strong>1&#39;2.</strong></span> <span class='ocrx_word' id='word_1_541' title='bbox 1644 5826 1663 5857; x_wconf 77' lang='grc'>⁸</span> <span class='ocrx_word' id='word_1_542' title='bbox 1695 5823 1855 5894; x_wconf 73' lang='lat' dir='ltr'><strong>Ibid,</strong></span> <span class='ocrx_word' id='word_1_543' title='bbox 1891 5825 1976 5882; x_wconf 74' lang='grc'><strong>15.</strong></span> 
     </span>
    </p>
   </div>
   <div class='ocr_carea' id='block_1_77' title="bbox 2205 1941 3797 2028">
    <p class='ocr_par' dir='ltr' id='par_1_77' title="bbox 2205 1941 3797 2028">
     <span class='ocr_line' id='line_1_77' title="bbox 2205 1941 3797 2028; baseline 0.013 -34"><span class='ocrx_word' id='word_1_544' title='bbox 2205 1941 2268 1994; x_wconf 84' lang='grc' dir='ltr'>τὸ</span> <span class='ocrx_word' id='word_1_545' title='bbox 2294 1941 2393 2013; x_wconf 84' lang='grc' dir='ltr'>τῆς</span> <span class='ocrx_word' id='word_1_546' title='bbox 2423 1945 2687 2000; x_wconf 87' lang='grc' dir='ltr'>πολυθέου</span> <span class='ocrx_word' id='word_1_547' title='bbox 2719 1949 2876 2021; x_wconf 82' lang='grc' dir='ltr'>δόξης</span> <span class='ocrx_word' id='word_1_548' title='bbox 2905 1952 3341 2009; x_wconf 76' lang='grc' dir='ltr'>ἀπαλλάττεσθαι</span> <span class='ocrx_word' id='word_1_549' title='bbox 3379 1974 3542 2028; x_wconf 88' lang='grc' dir='ltr'>φημι,</span> <span class='ocrx_word' id='word_1_550' title='bbox 3572 1959 3666 2013; x_wconf 77' lang='grc' dir='ltr'>καὶ</span> <span class='ocrx_word' id='word_1_551' title='bbox 3695 1961 3797 2016; x_wconf 84' lang='grc' dir='ltr'><strong>τδν</strong></span> 
     </span>
    </p>
   </div>
   <div class='ocr_carea' id='block_1_78' title="bbox 2203 2035 3797 2124">
    <p class='ocr_par' dir='ltr' id='par_1_78' title="bbox 2203 2035 3797 2124">
     <span class='ocr_line' id='line_1_78' title="bbox 2203 2035 3797 2124; baseline 0.011 -34"><span class='ocrx_word' id='word_1_552' title='bbox 2203 2035 2419 2107; x_wconf 85' lang='grc' dir='ltr'>ἀληθῶς</span> <span class='ocrx_word' id='word_1_553' title='bbox 2449 2038 2545 2093; x_wconf 78' lang='grc' dir='ltr'><strong>ἕνα</strong></span> <span class='ocrx_word' id='word_1_554' title='bbox 2565 2058 2622 2094; x_wconf 89' lang='grc' dir='ltr'><strong>τε</strong></span> <span class='ocrx_word' id='word_1_555' title='bbox 2646 2042 2740 2096; x_wconf 76' lang='grc' dir='ltr'>καὶ</span> <span class='ocrx_word' id='word_1_556' title='bbox 2771 2043 2930 2112; x_wconf 85' lang='grc' dir='ltr'>φύσει</span> <span class='ocrx_word' id='word_1_557' title='bbox 2955 2046 3352 2118; x_wconf 84' lang='grc' dir='ltr'>παραδέχεσθαι</span> <span class='ocrx_word' id='word_1_558' title='bbox 3377 2049 3532 2106; x_wconf 89' lang='grc' dir='ltr'>Θεόν.</span> <span class='ocrx_word' id='word_1_559' title='bbox 3573 2051 3797 2124; x_wconf 85' lang='grc' dir='ltr'>Ἀαρὼν</span> 
     </span>
    </p>
   </div>
   <div class='ocr_carea' id='block_1_79' title="bbox 2200 2124 3796 2213">
    <p class='ocr_par' dir='ltr' id='par_1_79' title="bbox 2200 2124 3796 2213">
     <span class='ocr_line' id='line_1_79' title="bbox 2200 2124 3796 2213; baseline 0.013 -36"><span class='ocrx_word' id='word_1_560' title='bbox 2200 2124 2258 2178; x_wconf 83' lang='grc' dir='ltr'>δὲ</span> <span class='ocrx_word' id='word_1_561' title='bbox 2308 2127 2401 2180; x_wconf 86' lang='grc' dir='ltr'><strong>τὸν</strong></span> <span class='ocrx_word' id='word_1_562' title='bbox 2455 2128 2623 2200; x_wconf 86' lang='grc' dir='ltr'>Ἰοθὸρ</span> <span class='ocrx_word' id='word_1_563' title='bbox 2661 2132 2756 2185; x_wconf 72' lang='grc' dir='ltr'>καὶ</span> <span class='ocrx_word' id='word_1_564' title='bbox 2799 2135 3076 2207; x_wconf 76' lang='grc' dir='ltr'>τραπέζης</span> <span class='ocrx_word' id='word_1_565' title='bbox 3126 2136 3302 2206; x_wconf 82' lang='grc' dir='ltr'><strong>ἠξίου,</strong></span> <span class='ocrx_word' id='word_1_566' title='bbox 3348 2139 3440 2192; x_wconf 74' lang='grc' dir='ltr'>καὶ</span> <span class='ocrx_word' id='word_1_567' title='bbox 3493 2141 3574 2204; x_wconf 83' lang='grc' dir='ltr'><strong>είς</strong></span> <span class='ocrx_word' id='word_1_568' title='bbox 3616 2143 3796 2213; x_wconf 82' lang='grc' dir='ltr'>ἄρτου</span> 
     </span>
    </p>
   </div>
   <div class='ocr_carea' id='block_1_80' title="bbox 2201 2213 3798 2303">
    <p class='ocr_par' dir='ltr' id='par_1_80' title="bbox 2201 2213 3798 2303">
     <span class='ocr_line' id='line_1_80' title="bbox 2201 2213 3798 2303; baseline 0.013 -38"><span class='ocrx_word' id='word_1_569' title='bbox 2201 2213 2405 2285; x_wconf 80' lang='grc' dir='ltr'>βρῶσιν</span> <span class='ocrx_word' id='word_1_570' title='bbox 2437 2217 2642 2274; x_wconf 85' lang='grc' dir='ltr'>ἐκάλει.</span> <span class='ocrx_word' id='word_1_571' title='bbox 2685 2239 2702 2272; x_wconf 78' lang='grc' dir='ltr'><strong>ι</strong></span> <span class='ocrx_word' id='word_1_572' title='bbox 2726 2221 3074 2292; x_wconf 88' lang='grc' dir='ltr'>Παραγέγονε</span> <span class='ocrx_word' id='word_1_573' title='bbox 3094 2243 3112 2276; x_wconf 74' lang='grc' dir='ltr'><strong>ι</strong></span> <span class='ocrx_word' id='word_1_574' title='bbox 3147 2225 3278 2296; x_wconf 82' lang='grc' dir='ltr'>γὰρ,</span> <span class='ocrx_word' id='word_1_575' title='bbox 3298 2228 3485 2296; x_wconf 77' lang='grc' dir='ltr'>φησὶν,</span> <span class='ocrx_word' id='word_1_576' title='bbox 3520 2248 3539 2280; x_wconf 77' lang='grc' dir='ltr'><strong>ι</strong></span> <span class='ocrx_word' id='word_1_577' title='bbox 3571 2230 3798 2303; x_wconf 83' lang='grc' dir='ltr'>Ἀαρών</span> 
     </span>
    </p>
   </div>
   <div class='ocr_carea' id='block_1_81' title="bbox 2200 2308 3797 2394">
    <p class='ocr_par' dir='ltr' id='par_1_81' title="bbox 2200 2308 3797 2394">
     <span class='ocr_line' id='line_1_81' title="bbox 2200 2308 3797 2394; baseline 0.011 -34"><span class='ocrx_word' id='word_1_578' title='bbox 2200 2308 2296 2360; x_wconf 76' lang='grc' dir='ltr'>καὶ</span> <span class='ocrx_word' id='word_1_579' title='bbox 2315 2309 2516 2373; x_wconf 84' lang='grc' dir='ltr'>πάντες</span> <span class='ocrx_word' id='word_1_580' title='bbox 2539 2312 2589 2363; x_wconf 89' lang='grc' dir='ltr'><strong>οί</strong></span> <span class='ocrx_word' id='word_1_581' title='bbox 2624 2312 2984 2386; x_wconf 89' lang='grc' dir='ltr'>πρεσϐύτεροι</span> <span class='ocrx_word' id='word_1_582' title='bbox 3018 2316 3233 2388; x_wconf 79' lang='grc' dir='ltr'>Ἰσραὴλ</span> <span class='ocrx_word' id='word_1_583' title='bbox 3253 2358 3268 2384; x_wconf 92' lang='grc'><strong>,</strong></span> <span class='ocrx_word' id='word_1_584' title='bbox 3289 2323 3599 2390; x_wconf 81' lang='grc' dir='ltr'>συμφαγεῖν</span> <span class='ocrx_word' id='word_1_585' title='bbox 3619 2324 3797 2394; x_wconf 80' lang='grc' dir='ltr'>ἄρτον</span> 
     </span>
    </p>
   </div>
   <div class='ocr_carea' id='block_1_82' title="bbox 2200 2400 3800 2477">
    <p class='ocr_par' dir='ltr' id='par_1_82' title="bbox 2200 2400 3800 2477">
     <span class='ocr_line' id='line_1_82' title="bbox 2200 2400 3800 2477; baseline 0.011 -25"><span class='ocrx_word' id='word_1_586' title='bbox 2200 2400 2339 2472; x_wconf 84' lang='grc' dir='ltr'><strong>μετά</strong></span> <span class='ocrx_word' id='word_1_587' title='bbox 2358 2402 2451 2456; x_wconf 89' lang='grc' dir='ltr'><strong>τοῦ</strong></span> <span class='ocrx_word' id='word_1_588' title='bbox 2483 2403 2735 2476; x_wconf 87' lang='grc' dir='ltr'>γαμϐροῦ</span> <span class='ocrx_word' id='word_1_589' title='bbox 2754 2407 2926 2477; x_wconf 85' lang='grc' dir='ltr'>Μωσῆ</span> <span class='ocrx_word' id='word_1_590' title='bbox 2955 2408 3196 2462; x_wconf 85' lang='grc' dir='ltr'>ἐναντίον</span> <span class='ocrx_word' id='word_1_591' title='bbox 3223 2408 3315 2464; x_wconf 88' lang='grc' dir='ltr'><strong>τοῦ</strong></span> <span class='ocrx_word' id='word_1_592' title='bbox 3337 2411 3496 2467; x_wconf 89' lang='grc' dir='ltr'>Θεοῦ.</span> <span class='ocrx_word' id='word_1_593' title='bbox 3529 2432 3548 2465; x_wconf 74' lang='grc' dir='ltr'><strong>ι</strong></span> <span class='ocrx_word' id='word_1_594' title='bbox 3575 2414 3800 2470; x_wconf 84' lang='grc' dir='ltr'>τελειοτ</span> 
     </span>
    </p>
   </div>
   <div class='ocr_carea' id='block_1_83' title="bbox 2194 2491 3794 2578">
    <p class='ocr_par' dir='ltr' id='par_1_83' title="bbox 2194 2491 3794 2578">
     <span class='ocr_line' id='line_1_83' title="bbox 2194 2491 3794 2578; baseline 0.01 -34"><span class='ocrx_word' id='word_1_595' title='bbox 2194 2491 2305 2564; x_wconf 86' lang='grc' dir='ltr'><strong>γὰρ</strong></span> <span class='ocrx_word' id='word_1_596' title='bbox 2339 2494 2486 2564; x_wconf 75' lang='grc' dir='ltr'>ἡμᾶς</span> <span class='ocrx_word' id='word_1_597' title='bbox 2525 2495 2675 2565; x_wconf 83' lang='grc' dir='ltr'>ἄρτῳ</span> <span class='ocrx_word' id='word_1_598' title='bbox 2709 2494 2787 2565; x_wconf 85' lang='grc' dir='ltr'><strong>τῷ</strong></span> <span class='ocrx_word' id='word_1_599' title='bbox 2830 2494 2992 2560; x_wconf 80' lang='grc' dir='ltr'>ζῶντι</span> <span class='ocrx_word' id='word_1_600' title='bbox 3034 2499 3289 2569; x_wconf 84' lang='grc' dir='ltr'>Χριστὸς,</span> <span class='ocrx_word' id='word_1_601' title='bbox 3337 2504 3366 2556; x_wconf 91' lang='lat'><strong>6</strong></span> <span class='ocrx_word' id='word_1_602' title='bbox 3417 2503 3794 2578; x_wconf 82' lang='grc' dir='ltr'>ἀληθέστερος</span> 
     </span>
    </p>
   </div>
   <div class='ocr_carea' id='block_1_84' title="bbox 2209 2584 3792 2670">
    <p class='ocr_par' dir='ltr' id='par_1_84' title="bbox 2209 2584 3792 2670">
     <span class='ocr_line' id='line_1_84' title="bbox 2209 2584 3792 2670; baseline 0.01 -33"><span class='ocrx_word' id='word_1_603' title='bbox 2209 2584 2449 2655; x_wconf 83' lang='grc' dir='ltr'>Ἀαρών·</span> <span class='ocrx_word' id='word_1_604' title='bbox 2496 2586 2694 2640; x_wconf 78' lang='grc' dir='ltr'>τελειοῖ</span> <span class='ocrx_word' id='word_1_605' title='bbox 2721 2587 2777 2641; x_wconf 90' lang='grc' dir='ltr'><strong>δέ</strong></span> <span class='ocrx_word' id='word_1_606' title='bbox 2811 2589 2870 2642; x_wconf 80' lang='grc' dir='ltr'>οὐ</span> <span class='ocrx_word' id='word_1_607' title='bbox 2903 2590 3064 2660; x_wconf 90' lang='grc' dir='ltr'>μόνον</span> <span class='ocrx_word' id='word_1_608' title='bbox 3102 2593 3229 2655; x_wconf 80' lang='grc' dir='ltr'>τοὺς</span> <span class='ocrx_word' id='word_1_609' title='bbox 3261 2594 3319 2660; x_wconf 83' lang='grc' dir='ltr'>ἐξ</span> <span class='ocrx_word' id='word_1_610' title='bbox 3349 2594 3540 2662; x_wconf 85' lang='grc' dir='ltr'>ἐθνῶν,</span> <span class='ocrx_word' id='word_1_611' title='bbox 3576 2599 3792 2670; x_wconf 75' lang='grc' dir='ltr'>ἀναμὶξ</span> 
     </span>
    </p>
   </div>
   <div class='ocr_carea' id='block_1_85' title="bbox 2193 2676 3788 2762">
    <p class='ocr_par' dir='ltr' id='par_1_85' title="bbox 2193 2676 3788 2762">
     <span class='ocr_line' id='line_1_85' title="bbox 2193 2676 3788 2762; baseline 0.009 -33"><span class='ocrx_word' id='word_1_612' title='bbox 2193 2676 2250 2730; x_wconf 83' lang='grc' dir='ltr'>δὲ</span> <span class='ocrx_word' id='word_1_613' title='bbox 2283 2677 2484 2747; x_wconf 80' lang='grc' dir='ltr'>μᾶλλον</span> <span class='ocrx_word' id='word_1_614' title='bbox 2535 2680 2661 2744; x_wconf 82' lang='grc' dir='ltr'>τοὺς</span> <span class='ocrx_word' id='word_1_615' title='bbox 2695 2680 3104 2753; x_wconf 80' lang='grc' dir='ltr'>ἐξειλεγμένους</span> <span class='ocrx_word' id='word_1_616' title='bbox 3142 2681 3203 2750; x_wconf 77' lang='grc' dir='ltr'>ἐξ</span> <span class='ocrx_word' id='word_1_617' title='bbox 3251 2687 3486 2757; x_wconf 78' lang='grc' dir='ltr'>αἵματος</span> <span class='ocrx_word' id='word_1_618' title='bbox 3538 2690 3788 2762; x_wconf 77' lang='grc' dir='ltr'>Ἰσραὴλ,</span> 
     </span>
    </p>
   </div>
   <div class='ocr_carea' id='block_1_86' title="bbox 2193 2763 3791 2852">
    <p class='ocr_par' dir='ltr' id='par_1_86' title="bbox 2193 2763 3791 2852">
     <span class='ocr_line' id='line_1_86' title="bbox 2193 2763 3791 2852; baseline 0.007 -28"><span class='ocrx_word' id='word_1_619' title='bbox 2193 2763 2270 2824; x_wconf 83' lang='grc' dir='ltr'><strong>ὧν</strong></span> <span class='ocrx_word' id='word_1_620' title='bbox 2297 2767 2364 2823; x_wconf 79' lang='grc' dir='ltr'>ἀν</span> <span class='ocrx_word' id='word_1_621' title='bbox 2391 2765 2503 2824; x_wconf 76' lang='grc' dir='ltr'>εἷεν</span> <span class='ocrx_word' id='word_1_622' title='bbox 2534 2771 2704 2836; x_wconf 85' lang='grc' dir='ltr'>τύπος</span> <span class='ocrx_word' id='word_1_623' title='bbox 2737 2775 2787 2826; x_wconf 78' lang='grc' dir='ltr'>οἱ</span> <span class='ocrx_word' id='word_1_624' title='bbox 2831 2775 3217 2846; x_wconf 87' lang='grc' dir='ltr'>πρεσϐύτεροι.</span> <span class='ocrx_word' id='word_1_625' title='bbox 3249 2780 3526 2849; x_wconf 84' lang='grc' dir='ltr'>Ἔμφασιν</span> <span class='ocrx_word' id='word_1_626' title='bbox 3555 2781 3611 2834; x_wconf 83' lang='grc' dir='ltr'>δὲ</span> <span class='ocrx_word' id='word_1_627' title='bbox 3641 2782 3791 2852; x_wconf 77' lang='grc' dir='ltr'>πρὸς</span> 
     </span>
    </p>
   </div>
   <div class='ocr_carea' id='block_1_87' title="bbox 2194 2862 3788 2938">
    <p class='ocr_par' dir='ltr' id='par_1_87' title="bbox 2194 2862 3788 2938">
     <span class='ocr_line' id='line_1_87' title="bbox 2194 2862 3788 2938; baseline 0.009 -24"><span class='ocrx_word' id='word_1_628' title='bbox 2194 2862 2467 2934; x_wconf 68' lang='grc' dir='ltr'>ἁγιασμόν</span> <span class='ocrx_word' id='word_1_629' title='bbox 2499 2864 2561 2917; x_wconf 79' lang='grc' dir='ltr'>οὐ</span> <span class='ocrx_word' id='word_1_630' title='bbox 2597 2865 2825 2937; x_wconf 81' lang='grc' dir='ltr'>μετρίαν</span> <span class='ocrx_word' id='word_1_631' title='bbox 2857 2867 2973 2938; x_wconf 79' lang='grc' dir='ltr'>ἔχει</span> <span class='ocrx_word' id='word_1_632' title='bbox 3022 2869 3083 2922; x_wconf 87' lang='grc' dir='ltr'>τὸ</span> <span class='ocrx_word' id='word_1_633' title='bbox 3107 2869 3184 2934; x_wconf 88' lang='grc' dir='ltr'><strong>ώς</strong></span> <span class='ocrx_word' id='word_1_634' title='bbox 3237 2871 3469 2926; x_wconf 84' lang='grc' dir='ltr'>ἐνώπιον</span> <span class='ocrx_word' id='word_1_635' title='bbox 3495 2874 3590 2926; x_wconf 93' lang='grc' dir='ltr'><strong>τοῦ</strong></span> <span class='ocrx_word' id='word_1_636' title='bbox 3639 2874 3788 2928; x_wconf 84' lang='grc' dir='ltr'>Θεοῦ</span> 
     </span>
    </p>
   </div>
   <div class='ocr_carea' id='block_1_88' title="bbox 2191 2953 3783 3035">
    <p class='ocr_par' dir='ltr' id='par_1_88' title="bbox 2191 2953 3783 3035">
     <span class='ocr_line' id='line_1_88' title="bbox 2191 2953 3783 3035; baseline 0.009 -28"><span class='ocrx_word' id='word_1_637' title='bbox 2191 2953 2284 3008; x_wconf 83' lang='grc' dir='ltr'>τὸν</span> <span class='ocrx_word' id='word_1_638' title='bbox 2304 2954 2468 3026; x_wconf 89' lang='grc' dir='ltr'>ἄρτον</span> <span class='ocrx_word' id='word_1_639' title='bbox 2495 2955 2692 3028; x_wconf 83' lang='grc' dir='ltr'>χρῆναι</span> <span class='ocrx_word' id='word_1_640' title='bbox 2723 2961 2938 3027; x_wconf 79' lang='grc' dir='ltr'>φαγεῖν.</span> <span class='ocrx_word' id='word_1_641' title='bbox 2973 2960 3040 3014; x_wconf 86' lang='grc' dir='ltr'>Τί</span> <span class='ocrx_word' id='word_1_642' title='bbox 3062 2960 3169 3033; x_wconf 84' lang='grc' dir='ltr'><strong>γὰρ</strong></span> <span class='ocrx_word' id='word_1_643' title='bbox 3195 2962 3368 3028; x_wconf 76' lang='grc' dir='ltr'>οὕτως</span> <span class='ocrx_word' id='word_1_644' title='bbox 3388 2965 3447 3018; x_wconf 87' lang='grc' dir='ltr'><strong>ἐν</strong></span> <span class='ocrx_word' id='word_1_645' title='bbox 3467 2965 3585 3035; x_wconf 74' lang='grc' dir='ltr'>ὕψει</span> <span class='ocrx_word' id='word_1_646' title='bbox 3613 2966 3783 3034; x_wconf 86' lang='grc' dir='ltr'>Θεοῦ,</span> 
     </span>
    </p>
   </div>
   <div class='ocr_carea' id='block_1_89' title="bbox 2190 3047 3787 3131">
    <p class='ocr_par' dir='ltr' id='par_1_89' title="bbox 2190 3047 3787 3131">
     <span class='ocr_line' id='line_1_89' title="bbox 2190 3047 3787 3131; baseline 0.01 -32"><span class='ocrx_word' id='word_1_647' title='bbox 2190 3047 2267 3110; x_wconf 82' lang='grc' dir='ltr'><strong>ὡς</strong></span> <span class='ocrx_word' id='word_1_648' title='bbox 2298 3048 2536 3121; x_wconf 78' lang='grc' dir='ltr'>μυστικὴ</span> <span class='ocrx_word' id='word_1_649' title='bbox 2561 3049 2833 3122; x_wconf 78' lang='grc' dir='ltr'>τράπεζα,</span> <span class='ocrx_word' id='word_1_650' title='bbox 2872 3052 2969 3107; x_wconf 70' lang='grc' dir='ltr'>καὶ</span> <span class='ocrx_word' id='word_1_651' title='bbox 2999 3053 3181 3123; x_wconf 81' lang='grc' dir='ltr'>θυσία,</span> <span class='ocrx_word' id='word_1_652' title='bbox 3213 3056 3309 3110; x_wconf 80' lang='grc' dir='ltr'>καὶ</span> <span class='ocrx_word' id='word_1_653' title='bbox 3336 3057 3387 3110; x_wconf 80' lang='grc' dir='ltr'>οἱ</span> <span class='ocrx_word' id='word_1_654' title='bbox 3417 3057 3621 3130; x_wconf 84' lang='grc' dir='ltr'>ταύτης</span> <span class='ocrx_word' id='word_1_655' title='bbox 3645 3058 3787 3131; x_wconf 78' lang='grc' dir='ltr'>μέτ-</span> 
     </span>
    </p>
   </div>
   <div class='ocr_carea' id='block_1_90' title="bbox 2189 3154 2340 3209">
    <p class='ocr_par' dir='ltr' id='par_1_90' title="bbox 2189 3154 2340 3209">
     <span class='ocr_line' id='line_1_90' title="bbox 2189 3154 2340 3209; baseline 0.007 -18"><span class='ocrx_word' id='word_1_656' title='bbox 2189 3154 2304 3209; x_wconf 91' lang='grc' dir='ltr'>οχοι</span> <span class='ocrx_word' id='word_1_657' title='bbox 2323 3156 2340 3207; x_wconf 86' lang='lat'><strong>;</strong></span> 
     </span>
    </p>
   </div>
   <div class='ocr_carea' id='block_1_91' title="bbox 2262 3423 2805 3498">
    <p class='ocr_par' dir='ltr' id='par_1_91' title="bbox 2262 3423 2805 3498">
     <span class='ocr_line' id='line_1_91' title="bbox 2262 3423 2805 3498; baseline 0 -16"><span class='ocrx_word' id='word_1_658' title='bbox 2262 3427 2471 3482; x_wconf 79' lang='lat' dir='ltr'><strong>IIAAA.</strong></span> <span class='ocrx_word' id='word_1_659' title='bbox 2504 3423 2580 3483; x_wconf 78' lang='grc' dir='ltr'><strong>Εὖ</strong></span> <span class='ocrx_word' id='word_1_660' title='bbox 2604 3428 2805 3498; x_wconf 87' lang='grc' dir='ltr'>λέγεις.</span> 
     </span>
    </p>
   </div>
   <div class='ocr_carea' id='block_1_92' title="bbox 2263 3519 3788 3598">
    <p class='ocr_par' dir='ltr' id='par_1_92' title="bbox 2263 3519 3788 3598">
     <span class='ocr_line' id='line_1_92' title="bbox 2263 3519 3788 3598; baseline 0.007 -25"><span class='ocrx_word' id='word_1_661' title='bbox 2263 3520 2427 3574; x_wconf 81' lang='grc' dir='ltr'><strong>ΚΥΡ.</strong></span> <span class='ocrx_word' id='word_1_662' title='bbox 2465 3519 2590 3575; x_wconf 77' lang='grc' dir='ltr'><strong>Ὀτι</strong></span> <span class='ocrx_word' id='word_1_663' title='bbox 2616 3520 2705 3574; x_wconf 88' lang='grc' dir='ltr'><strong>διά</strong></span> <span class='ocrx_word' id='word_1_664' title='bbox 2753 3520 2992 3593; x_wconf 81' lang='grc' dir='ltr'>Χριστοῦ</span> <span class='ocrx_word' id='word_1_665' title='bbox 3025 3521 3410 3594; x_wconf 90' lang='grc' dir='ltr'>τελειούμενοι,</span> <span class='ocrx_word' id='word_1_666' title='bbox 3445 3525 3541 3579; x_wconf 68' lang='grc' dir='ltr'>καὶ</span> <span class='ocrx_word' id='word_1_667' title='bbox 3583 3526 3689 3598; x_wconf 82' lang='grc' dir='ltr'>τῆς</span> <span class='ocrx_word' id='word_1_668' title='bbox 3721 3530 3788 3584; x_wconf 79' lang='grc' dir='ltr'><strong>ἐν</strong></span> 
     </span>
    </p>
   </div>
   <div class='ocr_carea' id='block_1_93' title="bbox 2189 3613 3786 3691">
    <p class='ocr_par' dir='ltr' id='par_1_93' title="bbox 2189 3613 3786 3691">
     <span class='ocr_line' id='line_1_93' title="bbox 2189 3613 3786 3691; baseline 0.004 -25"><span class='ocrx_word' id='word_1_669' title='bbox 2189 3613 2340 3684; x_wconf 86' lang='grc' dir='ltr'>νόμῳ</span> <span class='ocrx_word' id='word_1_670' title='bbox 2374 3613 2755 3683; x_wconf 85' lang='grc' dir='ltr'>παιδαγωγίας</span> <span class='ocrx_word' id='word_1_671' title='bbox 2783 3614 2921 3686; x_wconf 83' lang='grc' dir='ltr'>πρὸς</span> <span class='ocrx_word' id='word_1_672' title='bbox 2947 3614 3158 3687; x_wconf 89' lang='grc' dir='ltr'>ἀμείνω</span> <span class='ocrx_word' id='word_1_673' title='bbox 3181 3616 3396 3670; x_wconf 89' lang='grc' dir='ltr'>σύνεσιν</span> <span class='ocrx_word' id='word_1_674' title='bbox 3423 3617 3786 3691; x_wconf 87' lang='grc' dir='ltr'>ἀναθρώσκο-</span> 
     </span>
    </p>
   </div>
   <div class='ocr_carea' id='block_1_94' title="bbox 2192 3705 3786 3781">
    <p class='ocr_par' dir='ltr' id='par_1_94' title="bbox 2192 3705 3786 3781">
     <span class='ocr_line' id='line_1_94' title="bbox 2192 3705 3786 3781; baseline 0.007 -24"><span class='ocrx_word' id='word_1_675' title='bbox 2192 3721 2313 3776; x_wconf 90' lang='grc' dir='ltr'>μεν,</span> <span class='ocrx_word' id='word_1_676' title='bbox 2349 3705 2582 3776; x_wconf 76' lang='grc' dir='ltr'>ἀπονητὶ</span> <span class='ocrx_word' id='word_1_677' title='bbox 2609 3706 2665 3760; x_wconf 83' lang='grc' dir='ltr'>δὲ</span> <span class='ocrx_word' id='word_1_678' title='bbox 2695 3705 2940 3778; x_wconf 83' lang='grc' dir='ltr'>ὀψόμεθα</span> <span class='ocrx_word' id='word_1_679' title='bbox 2959 3707 3105 3778; x_wconf 84' lang='grc' dir='ltr'>σαφῆ</span> <span class='ocrx_word' id='word_1_680' title='bbox 3127 3707 3222 3761; x_wconf 94' lang='grc' dir='ltr'><strong>τοῦ</strong></span> <span class='ocrx_word' id='word_1_681' title='bbox 3241 3708 3566 3781; x_wconf 82' lang='grc' dir='ltr'>πράγματος</span> <span class='ocrx_word' id='word_1_682' title='bbox 3587 3712 3786 3768; x_wconf 78' lang='grc' dir='ltr'>εἰκόνα</span> 
     </span>
    </p>
   </div>
   <div class='ocr_carea' id='block_1_95' title="bbox 2186 3795 3786 3876">
    <p class='ocr_par' dir='ltr' id='par_1_95' title="bbox 2186 3795 3786 3876">
     <span class='ocr_line' id='line_1_95' title="bbox 2186 3795 3786 3876; baseline 0.006 -27"><span class='ocrx_word' id='word_1_683' title='bbox 2186 3795 2485 3868; x_wconf 89' lang='grc' dir='ltr'>δεχόμενοι,</span> <span class='ocrx_word' id='word_1_684' title='bbox 2521 3798 2725 3853; x_wconf 84' lang='grc' dir='ltr'>Μωσέα</span> <span class='ocrx_word' id='word_1_685' title='bbox 2754 3816 2815 3853; x_wconf 92' lang='grc' dir='ltr'>τε</span> <span class='ocrx_word' id='word_1_686' title='bbox 2856 3799 2949 3852; x_wconf 67' lang='grc' dir='ltr'><strong>καὶ⁴</strong></span> <span class='ocrx_word' id='word_1_687' title='bbox 2997 3799 3200 3870; x_wconf 80' lang='grc' dir='ltr'>’Ῑοθόρο</span> <span class='ocrx_word' id='word_1_688' title='bbox 3235 3817 3256 3852; x_wconf 80' lang='grc' dir='ltr'><strong>ι</strong></span> <span class='ocrx_word' id='word_1_689' title='bbox 3289 3801 3494 3870; x_wconf 85' lang='grc' dir='ltr'>Μωσῆς</span> <span class='ocrx_word' id='word_1_690' title='bbox 3538 3801 3638 3872; x_wconf 86' lang='grc' dir='ltr'><strong>μὲν</strong></span> <span class='ocrx_word' id='word_1_691' title='bbox 3663 3803 3786 3876; x_wconf 85' lang='grc' dir='ltr'><strong>γὰρ</strong></span> 
     </span>
    </p>
   </div>
   <div class='ocr_carea' id='block_1_96' title="bbox 2185 3888 3784 3964">
    <p class='ocr_par' dir='ltr' id='par_1_96' title="bbox 2185 3888 3784 3964">
     <span class='ocr_line' id='line_1_96' title="bbox 2185 3888 3784 3964; baseline 0.003 -23"><span class='ocrx_word' id='word_1_692' title='bbox 2185 3889 2214 3941; x_wconf 98' lang='lat'><strong>6</strong></span> <span class='ocrx_word' id='word_1_693' title='bbox 2231 3888 2518 3954; x_wconf 77' lang='grc' dir='ltr'>θεσπέσιος</span> <span class='ocrx_word' id='word_1_694' title='bbox 2542 3889 2778 3962; x_wconf 78' lang='grc' dir='ltr'><strong>ἐκάθητο</strong></span> <span class='ocrx_word' id='word_1_695' title='bbox 2800 3891 3024 3962; x_wconf 90' lang='grc' dir='ltr'>κρίνων,</span> <span class='ocrx_word' id='word_1_696' title='bbox 3049 3910 3068 3942; x_wconf 72' lang='grc' dir='ltr'><strong>ι</strong></span> <span class='ocrx_word' id='word_1_697' title='bbox 3103 3891 3260 3962; x_wconf 87' lang='grc' dir='ltr'>φησί·</span> <span class='ocrx_word' id='word_1_698' title='bbox 3289 3911 3308 3944; x_wconf 80' lang='grc' dir='ltr'><strong>ι</strong></span> <span class='ocrx_word' id='word_1_699' title='bbox 3336 3893 3698 3964; x_wconf 78' lang='grc' dir='ltr'>παρειστήκει</span> <span class='ocrx_word' id='word_1_700' title='bbox 3720 3892 3784 3947; x_wconf 72' lang='grc' dir='ltr'>δὲ</span> 
     </span>
    </p>
   </div>
   <div class='ocr_carea' id='block_1_97' title="bbox 2185 3980 3783 4057">
    <p class='ocr_par' dir='ltr' id='par_1_97' title="bbox 2185 3980 3783 4057">
     <span class='ocr_line' id='line_1_97' title="bbox 2185 3980 3783 4057; baseline 0.003 -23"><span class='ocrx_word' id='word_1_701' title='bbox 2185 3980 2336 4052; x_wconf 82' lang='grc' dir='ltr'>αὐτῷ</span> <span class='ocrx_word' id='word_1_702' title='bbox 2363 3983 2471 4046; x_wconf 84' lang='grc' dir='ltr'><strong>πᾶς</strong></span> <span class='ocrx_word' id='word_1_703' title='bbox 2495 3983 2522 4036; x_wconf 92' lang='lat'><strong>6</strong></span> <span class='ocrx_word' id='word_1_704' title='bbox 2549 3981 2681 4046; x_wconf 78' lang='grc' dir='ltr'>λαὸς</span> <span class='ocrx_word' id='word_1_705' title='bbox 2718 3983 2827 4036; x_wconf 82' lang='grc' dir='ltr'>ἀπὸ</span> <span class='ocrx_word' id='word_1_706' title='bbox 2859 3983 3005 4055; x_wconf 82' lang='grc' dir='ltr'>πρωῒ</span> <span class='ocrx_word' id='word_1_707' title='bbox 3041 3984 3147 4049; x_wconf 75' lang='grc' dir='ltr'>ἕως</span> <span class='ocrx_word' id='word_1_708' title='bbox 3171 3985 3430 4057; x_wconf 80' lang='grc' dir='ltr'>ἑσπέρας.</span> <span class='ocrx_word' id='word_1_709' title='bbox 3470 4003 3489 4037; x_wconf 71' lang='grc' dir='ltr'><strong>ι</strong></span> <span class='ocrx_word' id='word_1_710' title='bbox 3518 3985 3783 4056; x_wconf 79' lang='grc' dir='ltr'>Είσηγεῖ-</span> 
     </span>
    </p>
   </div>
   <div class='ocr_carea' id='block_1_98' title="bbox 2184 4074 3783 4150">
    <p class='ocr_par' dir='ltr' id='par_1_98' title="bbox 2184 4074 3783 4150">
     <span class='ocr_line' id='line_1_98' title="bbox 2184 4074 3783 4150; baseline 0.004 -23"><span class='ocrx_word' id='word_1_711' title='bbox 2184 4091 2272 4128; x_wconf 90' lang='grc' dir='ltr'><strong>ται</strong></span> <span class='ocrx_word' id='word_1_712' title='bbox 2301 4074 2358 4128; x_wconf 79' lang='grc' dir='ltr'>δὲ</span> <span class='ocrx_word' id='word_1_713' title='bbox 2402 4074 2627 4148; x_wconf 88' lang='grc' dir='ltr'>γνώμην</span> <span class='ocrx_word' id='word_1_714' title='bbox 2667 4074 2854 4146; x_wconf 84' lang='grc' dir='ltr'>Ἰοθὸρ,</span> <span class='ocrx_word' id='word_1_715' title='bbox 2886 4077 2953 4148; x_wconf 80' lang='grc' dir='ltr'><strong>ἥν</strong></span> <span class='ocrx_word' id='word_1_716' title='bbox 2982 4079 3251 4148; x_wconf 85' lang='grc' dir='ltr'>τετίμηκε</span> <span class='ocrx_word' id='word_1_717' title='bbox 3296 4078 3533 4148; x_wconf 84' lang='grc' dir='ltr'>Μωσῆς,</span> <span class='ocrx_word' id='word_1_718' title='bbox 3569 4078 3783 4150; x_wconf 83' lang='grc' dir='ltr'>ἄριστά</span> 
     </span>
    </p>
   </div>
   <div class='ocr_carea' id='block_1_99' title="bbox 2181 4167 3772 4243">
    <p class='ocr_par' dir='ltr' id='par_1_99' title="bbox 2181 4167 3772 4243">
     <span class='ocr_line' id='line_1_99' title="bbox 2181 4167 3772 4243; baseline 0.001 -21"><span class='ocrx_word' id='word_1_719' title='bbox 2181 4185 2241 4222; x_wconf 92' lang='grc' dir='ltr'><strong>τε</strong></span> <span class='ocrx_word' id='word_1_720' title='bbox 2267 4167 2412 4240; x_wconf 76' lang='grc' dir='ltr'>ἐχειν</span> <span class='ocrx_word' id='word_1_721' title='bbox 2443 4167 2776 4240; x_wconf 83' lang='grc' dir='ltr'>ἐννενοηκὼς</span> <span class='ocrx_word' id='word_1_722' title='bbox 2799 4170 3192 4242; x_wconf 75' lang='grc' dir='ltr'>προσεδέξατοο</span> <span class='ocrx_word' id='word_1_723' title='bbox 3228 4189 3247 4223; x_wconf 87' lang='grc' dir='ltr'><strong>ι</strong></span> <span class='ocrx_word' id='word_1_724' title='bbox 3286 4172 3526 4224; x_wconf 85' lang='grc' dir='ltr'>Ἤκουσε</span> <span class='ocrx_word' id='word_1_725' title='bbox 3572 4169 3772 4243; x_wconf 66' lang='grc' dir='ltr'>γάρ,ξ»</span> 
     </span>
    </p>
   </div>
   <div class='ocr_carea' id='block_1_100' title="bbox 2183 4261 3783 4335">
    <p class='ocr_par' dir='ltr' id='par_1_100' title="bbox 2183 4261 3783 4335">
     <span class='ocr_line' id='line_1_100' title="bbox 2183 4261 3783 4335; baseline 0.003 -21"><span class='ocrx_word' id='word_1_726' title='bbox 2183 4261 2335 4332; x_wconf 75' lang='grc' dir='ltr'>φησὶ,</span> <span class='ocrx_word' id='word_1_727' title='bbox 2369 4279 2388 4313; x_wconf 79' lang='grc' dir='ltr'><strong>ι</strong></span> <span class='ocrx_word' id='word_1_728' title='bbox 2409 4261 2617 4332; x_wconf 80' lang='grc' dir='ltr'>Μωσῆς</span> <span class='ocrx_word' id='word_1_729' title='bbox 2645 4262 2748 4334; x_wconf 84' lang='grc' dir='ltr'>τῆς</span> <span class='ocrx_word' id='word_1_730' title='bbox 2770 4262 2952 4333; x_wconf 81' lang='grc' dir='ltr'>φωνῆς</span> <span class='ocrx_word' id='word_1_731' title='bbox 2975 4261 3068 4317; x_wconf 90' lang='grc' dir='ltr'><strong>τοῦ</strong></span> <span class='ocrx_word' id='word_1_732' title='bbox 3099 4263 3375 4334; x_wconf 89' lang='grc' dir='ltr'>γαμϐροῦ,</span> <span class='ocrx_word' id='word_1_733' title='bbox 3396 4263 3491 4318; x_wconf 75' lang='grc' dir='ltr'>καὶ</span> <span class='ocrx_word' id='word_1_734' title='bbox 3512 4264 3783 4335; x_wconf 77' lang='grc' dir='ltr'>ἐποίησεν</span> 
     </span>
    </p>
   </div>
   <div class='ocr_carea' id='block_1_101' title="bbox 2180 4349 3778 4428">
    <p class='ocr_par' dir='ltr' id='par_1_101' title="bbox 2180 4349 3778 4428">
     <span class='ocr_line' id='line_1_101' title="bbox 2180 4349 3778 4428; baseline 0.003 -22"><span class='ocrx_word' id='word_1_735' title='bbox 2180 4354 2282 4407; x_wconf 85' lang='grc' dir='ltr'>ὅσα</span> <span class='ocrx_word' id='word_1_736' title='bbox 2310 4353 2459 4426; x_wconf 85' lang='grc' dir='ltr'><strong>αὺτῷ</strong></span> <span class='ocrx_word' id='word_1_737' title='bbox 2489 4349 2661 4410; x_wconf 72' lang='grc' dir='ltr'>εἶπεν.</span> <span class='ocrx_word' id='word_1_738' title='bbox 2691 4372 2710 4407; x_wconf 71' lang='grc' dir='ltr'><strong>ι</strong></span> <span class='ocrx_word' id='word_1_739' title='bbox 2741 4356 2813 4408; x_wconf 86' lang='grc' dir='ltr'><em>Ἢ</em></span> <span class='ocrx_word' id='word_1_740' title='bbox 2828 4356 2939 4427; x_wconf 84' lang='grc' dir='ltr'>γὰρ</span> <span class='ocrx_word' id='word_1_741' title='bbox 2967 4355 3090 4426; x_wconf 77' lang='grc' dir='ltr'>οὐχὶ</span> <span class='ocrx_word' id='word_1_742' title='bbox 3119 4355 3298 4428; x_wconf 87' lang='grc' dir='ltr'>πάντη</span> <span class='ocrx_word' id='word_1_743' title='bbox 3328 4373 3389 4409; x_wconf 88' lang='grc' dir='ltr'><strong>τε</strong></span> <span class='ocrx_word' id='word_1_744' title='bbox 3421 4357 3515 4412; x_wconf 74' lang='grc' dir='ltr'>καὶ</span> <span class='ocrx_word' id='word_1_745' title='bbox 3548 4356 3778 4421; x_wconf 84' lang='grc' dir='ltr'>πάντως</span> 
     </span>
    </p>
   </div>
   <div class='ocr_carea' id='block_1_102' title="bbox 2179 4443 3778 4519">
    <p class='ocr_par' dir='ltr' id='par_1_102' title="bbox 2179 4443 3778 4519">
     <span class='ocr_line' id='line_1_102' title="bbox 2179 4443 3778 4519; baseline 0.004 -22"><span class='ocrx_word' id='word_1_746' title='bbox 2179 4444 2209 4497; x_wconf 91' lang='lat'><strong>6</strong></span> <span class='ocrx_word' id='word_1_747' title='bbox 2247 4445 2348 4517; x_wconf 81' lang='grc' dir='ltr'>τὴν</span> <span class='ocrx_word' id='word_1_748' title='bbox 2383 4446 2594 4517; x_wconf 88' lang='grc' dir='ltr'>ἀμείνω</span> <span class='ocrx_word' id='word_1_749' title='bbox 2646 4445 2842 4517; x_wconf 82' lang='grc' dir='ltr'>βουλὴν</span> <span class='ocrx_word' id='word_1_750' title='bbox 2879 4447 2975 4501; x_wconf 75' lang='grc' dir='ltr'>καὶ</span> <span class='ocrx_word' id='word_1_751' title='bbox 3020 4447 3249 4519; x_wconf 82' lang='grc' dir='ltr'>γνώμην</span> <span class='ocrx_word' id='word_1_752' title='bbox 3302 4443 3415 4511; x_wconf 83' lang='grc' dir='ltr'>οἷός</span> <span class='ocrx_word' id='word_1_753' title='bbox 3461 4464 3522 4500; x_wconf 86' lang='grc' dir='ltr'><strong>τε</strong></span> <span class='ocrx_word' id='word_1_754' title='bbox 3585 4447 3778 4516; x_wconf 84' lang='grc' dir='ltr'>λέγειν</span> 
     </span>
    </p>
   </div>
   <div class='ocr_carea' id='block_1_103' title="bbox 2179 4538 3707 4612">
    <p class='ocr_par' dir='ltr' id='par_1_103' title="bbox 2179 4538 3707 4612">
     <span class='ocr_line' id='line_1_103' title="bbox 2179 4538 3707 4612; baseline -0.001 -18"><span class='ocrx_word' id='word_1_755' title='bbox 2179 4540 2337 4594; x_wconf 78' lang='grc' dir='ltr'>νοοῖτ’</span> <span class='ocrx_word' id='word_1_756' title='bbox 2359 4539 2426 4595; x_wconf 82' lang='grc' dir='ltr'>ἀν</span> <span class='ocrx_word' id='word_1_757' title='bbox 2455 4539 2722 4610; x_wconf 81' lang='grc' dir='ltr'>ὑπάρχειν</span> <span class='ocrx_word' id='word_1_758' title='bbox 2753 4538 2846 4592; x_wconf 76' lang='grc' dir='ltr'>καὶ</span> <span class='ocrx_word' id='word_1_759' title='bbox 2868 4539 2926 4593; x_wconf 89' lang='grc' dir='ltr'>ἐν</span> <span class='ocrx_word' id='word_1_760' title='bbox 2957 4538 3171 4593; x_wconf 83' lang='grc' dir='ltr'>συνέσει</span> <span class='ocrx_word' id='word_1_761' title='bbox 3201 4538 3655 4612; x_wconf 79' lang='grc' dir='ltr'>προφερεστέρᾳ;</span> <span class='ocrx_word' id='word_1_762' title='bbox 3698 4543 3707 4552; x_wconf 73' lang='grc'><strong><em>³</em></strong></span> 
     </span>
    </p>
   </div>
   <div class='ocr_carea' id='block_1_104' title="bbox 2239 4785 3160 4865">
    <p class='ocr_par' dir='ltr' id='par_1_104' title="bbox 2239 4785 3160 4865">
     <span class='ocr_line' id='line_1_104' title="bbox 2239 4785 3160 4865; baseline 0 -23"><span class='ocrx_word' id='word_1_763' title='bbox 2239 4785 2450 4843; x_wconf 83' lang='lat' dir='ltr'><strong>IIAAA.</strong></span> <span class='ocrx_word' id='word_1_764' title='bbox 2482 4785 2650 4858; x_wconf 74' lang='grc' dir='ltr'>Φημί.</span> <span class='ocrx_word' id='word_1_765' title='bbox 3154 4859 3160 4865; x_wconf 90' lang='lat'><em>_</em></span> 
     </span>
    </p>
   </div>
   <div class='ocr_carea' id='block_1_105' title="bbox 2240 4877 3771 4950">
    <p class='ocr_par' dir='ltr' id='par_1_105' title="bbox 2240 4877 3771 4950">
     <span class='ocr_line' id='line_1_105' title="bbox 2240 4877 3771 4950; baseline -0.001 -17"><span class='ocrx_word' id='word_1_766' title='bbox 2240 4879 2408 4934; x_wconf 81' lang='grc' dir='ltr'>ΚΥΡ.</span> <span class='ocrx_word' id='word_1_767' title='bbox 2439 4878 2563 4934; x_wconf 80' lang='grc' dir='ltr'><strong>Ὀτι</strong></span> <span class='ocrx_word' id='word_1_768' title='bbox 2593 4878 2652 4933; x_wconf 81' lang='grc' dir='ltr'><strong>δέ</strong></span> <span class='ocrx_word' id='word_1_769' title='bbox 2691 4878 2934 4950; x_wconf 88' lang='grc' dir='ltr'>ἀμείνων</span> <span class='ocrx_word' id='word_1_770' title='bbox 2978 4878 3076 4934; x_wconf 74' lang='grc' dir='ltr'>καὶ</span> <span class='ocrx_word' id='word_1_771' title='bbox 3115 4878 3374 4934; x_wconf 75' lang='grc' dir='ltr'>ἐπέκεινα</span> <span class='ocrx_word' id='word_1_772' title='bbox 3408 4877 3546 4932; x_wconf 80' lang='grc' dir='ltr'>πολὺ</span> <span class='ocrx_word' id='word_1_773' title='bbox 3573 4877 3676 4948; x_wconf 80' lang='grc' dir='ltr'>τῆς</span> <span class='ocrx_word' id='word_1_774' title='bbox 3702 4879 3771 4932; x_wconf 74' lang='grc' dir='ltr'><strong>ἐν</strong></span> 
     </span>
    </p>
   </div>
   <div class='ocr_carea' id='block_1_106' title="bbox 2169 4969 3770 5043">
    <p class='ocr_par' dir='ltr' id='par_1_106' title="bbox 2169 4969 3770 5043">
     <span class='ocr_line' id='line_1_106' title="bbox 2169 4969 3770 5043; baseline 0 -19"><span class='ocrx_word' id='word_1_775' title='bbox 2169 4970 2320 5042; x_wconf 82' lang='grc' dir='ltr'>νόμῳ</span> <span class='ocrx_word' id='word_1_776' title='bbox 2372 4970 2730 5042; x_wconf 82' lang='grc' dir='ltr'>κατηχήσεως</span> <span class='ocrx_word' id='word_1_777' title='bbox 2787 4971 2822 5042; x_wconf 78' lang='grc' dir='ltr'><strong>ἡ</strong></span> <span class='ocrx_word' id='word_1_778' title='bbox 2869 4970 2970 5038; x_wconf 70' lang='grc' dir='ltr'>ξδιά</span> <span class='ocrx_word' id='word_1_779' title='bbox 3015 4969 3253 5043; x_wconf 88' lang='grc' dir='ltr'>Χριστοῦ</span> <span class='ocrx_word' id='word_1_780' title='bbox 3302 4969 3613 5033; x_wconf 88' lang='grc' dir='ltr'>τελείωσις,</span> <span class='ocrx_word' id='word_1_781' title='bbox 3680 4970 3770 5034; x_wconf 82' lang='grc' dir='ltr'><strong>είς</strong></span> 
     </span>
    </p>
   </div>
   <div class='ocr_carea' id='block_1_107' title="bbox 2175 5059 3768 5132">
    <p class='ocr_par' dir='ltr' id='par_1_107' title="bbox 2175 5059 3768 5132">
     <span class='ocr_line' id='line_1_107' title="bbox 2175 5059 3768 5132; baseline 0 -20"><span class='ocrx_word' id='word_1_782' title='bbox 2175 5059 2378 5129; x_wconf 87' lang='grc' dir='ltr'>γνῶσιν</span> <span class='ocrx_word' id='word_1_783' title='bbox 2405 5061 2556 5130; x_wconf 79' lang='grc' dir='ltr'>ἡμᾶς</span> <span class='ocrx_word' id='word_1_784' title='bbox 2582 5060 2975 5132; x_wconf 74' lang='grc' dir='ltr'>ὑπερφέρουσα</span> <span class='ocrx_word' id='word_1_785' title='bbox 2996 5059 3095 5132; x_wconf 83' lang='grc' dir='ltr'><strong>τὴν</strong></span> <span class='ocrx_word' id='word_1_786' title='bbox 3129 5059 3478 5132; x_wconf 87' lang='grc' dir='ltr'>ἀσυγκρίτως</span> <span class='ocrx_word' id='word_1_787' title='bbox 3499 5059 3603 5113; x_wconf 84' lang='grc' dir='ltr'><strong>ύπε</strong></span> <span class='ocrx_word' id='word_1_788' title='bbox 3614 5075 3768 5130; x_wconf 83' lang='grc' dir='ltr'>ρκει-</span> 
     </span>
    </p>
   </div>
   <div class='ocr_carea' id='block_1_108' title="bbox 2178 5149 3764 5223">
    <p class='ocr_par' dir='ltr' id='par_1_108' title="bbox 2178 5149 3764 5223">
     <span class='ocr_line' id='line_1_108' title="bbox 2178 5149 3764 5223; baseline -0.001 -19"><span class='ocrx_word' id='word_1_789' title='bbox 2178 5152 2370 5222; x_wconf 85' lang='grc' dir='ltr'>μένην,</span> <span class='ocrx_word' id='word_1_790' title='bbox 2402 5149 2694 5216; x_wconf 84' lang='grc' dir='ltr'>ἐκδείξειεν</span> <span class='ocrx_word' id='word_1_791' title='bbox 2723 5150 2789 5204; x_wconf 83' lang='grc' dir='ltr'>ἂν</span> <span class='ocrx_word' id='word_1_792' title='bbox 2833 5150 3074 5216; x_wconf 86' lang='grc' dir='ltr'>εὐκόλως</span> <span class='ocrx_word' id='word_1_793' title='bbox 3117 5152 3146 5204; x_wconf 88' lang='lat'><strong>6</strong></span> <span class='ocrx_word' id='word_1_794' title='bbox 3182 5150 3474 5223; x_wconf 87' lang='grc' dir='ltr'>ἱερώτατος</span> <span class='ocrx_word' id='word_1_795' title='bbox 3519 5149 3764 5216; x_wconf 83' lang='grc' dir='ltr'>Παῦλος,</span> 
     </span>
    </p>
   </div>
   <div class='ocr_carea' id='block_1_109' title="bbox 2171 5241 3767 5315">
    <p class='ocr_par' dir='ltr' id='par_1_109' title="bbox 2171 5241 3767 5315">
     <span class='ocr_line' id='line_1_109' title="bbox 2171 5241 3767 5315; baseline -0.001 -17"><span class='ocrx_word' id='word_1_796' title='bbox 2171 5243 2261 5298; x_wconf 82' lang='grc' dir='ltr'>διὰ</span> <span class='ocrx_word' id='word_1_797' title='bbox 2302 5243 2364 5298; x_wconf 81' lang='grc' dir='ltr'>τὸ</span> <span class='ocrx_word' id='word_1_798' title='bbox 2406 5243 2671 5315; x_wconf 76' lang='grc' dir='ltr'>ὑπερέχον</span> <span class='ocrx_word' id='word_1_799' title='bbox 2719 5243 2819 5313; x_wconf 83' lang='grc' dir='ltr'>τῆς</span> <span class='ocrx_word' id='word_1_800' title='bbox 2863 5241 3121 5313; x_wconf 90' lang='grc' dir='ltr'>γνώσεως</span> <span class='ocrx_word' id='word_1_801' title='bbox 3176 5242 3271 5296; x_wconf 90' lang='grc' dir='ltr'><strong>τοῦ</strong></span> <span class='ocrx_word' id='word_1_802' title='bbox 3320 5241 3578 5315; x_wconf 82' lang='grc' dir='ltr'>Χριστοῦ,</span> <span class='ocrx_word' id='word_1_803' title='bbox 3612 5241 3767 5296; x_wconf 82' lang='grc' dir='ltr'>καθά</span> 
     </span>
    </p>
   </div>
   <div class='ocr_carea' id='block_1_110' title="bbox 2174 5325 3765 5407">
    <p class='ocr_par' dir='ltr' id='par_1_110' title="bbox 2174 5325 3765 5407">
     <span class='ocr_line' id='line_1_110' title="bbox 2174 5325 3765 5407; baseline -0.004 -16"><span class='ocrx_word' id='word_1_804' title='bbox 2174 5353 2340 5407; x_wconf 86' lang='grc' dir='ltr'>φησιν</span> <span class='ocrx_word' id='word_1_805' title='bbox 2356 5335 2540 5399; x_wconf 83' lang='grc' dir='ltr'>αὐτὸς,</span> <span class='ocrx_word' id='word_1_806' title='bbox 2570 5333 2638 5388; x_wconf 85' lang='grc' dir='ltr'><strong>τὰ</strong></span> <span class='ocrx_word' id='word_1_807' title='bbox 2661 5333 2720 5388; x_wconf 92' lang='grc' dir='ltr'>ἐν</span> <span class='ocrx_word' id='word_1_808' title='bbox 2753 5333 2904 5404; x_wconf 89' lang='grc' dir='ltr'>νόμῳ</span> <span class='ocrx_word' id='word_1_809' title='bbox 2925 5332 3091 5405; x_wconf 85' lang='grc' dir='ltr'>κέρδη</span> <span class='ocrx_word' id='word_1_810' title='bbox 3117 5325 3506 5404; x_wconf 85' lang='grc' dir='ltr'>προθυμότατα</span> <span class='ocrx_word' id='word_1_811' title='bbox 3533 5332 3765 5404; x_wconf 81' lang='grc' dir='ltr'>ζημιούο</span> 
     </span>
    </p>
   </div>
   <div class='ocr_carea' id='block_1_111' title="bbox 2176 5418 3762 5497">
    <p class='ocr_par' dir='ltr' id='par_1_111' title="bbox 2176 5418 3762 5497">
     <span class='ocr_line' id='line_1_111' title="bbox 2176 5418 3762 5497; baseline -0.004 -17"><span class='ocrx_word' id='word_1_812' title='bbox 2176 5443 2354 5497; x_wconf 89' lang='grc' dir='ltr'>μενος,</span> <span class='ocrx_word' id='word_1_813' title='bbox 2391 5423 2638 5479; x_wconf 84' lang='grc' dir='ltr'>σκύϐαλά</span> <span class='ocrx_word' id='word_1_814' title='bbox 2664 5439 2725 5476; x_wconf 89' lang='grc' dir='ltr'><strong>τε</strong></span> <span class='ocrx_word' id='word_1_815' title='bbox 2765 5418 2905 5478; x_wconf 76' lang='grc' dir='ltr'>εἷναι</span> <span class='ocrx_word' id='word_1_816' title='bbox 2933 5421 3190 5493; x_wconf 79' lang='grc' dir='ltr'>νομίζων,</span> <span class='ocrx_word' id='word_1_817' title='bbox 3229 5422 3315 5476; x_wconf 77' lang='grc' dir='ltr'><strong>ἵνα</strong></span> <span class='ocrx_word' id='word_1_818' title='bbox 3344 5421 3579 5494; x_wconf 82' lang='grc' dir='ltr'>Χριστὸν</span> <span class='ocrx_word' id='word_1_819' title='bbox 3627 5437 3762 5489; x_wconf 89' lang='grc' dir='ltr'>κερ-</span> 
     </span>
    </p>
   </div>
   <div class='ocr_carea' id='block_1_112' title="bbox 2171 5510 3761 5590">
    <p class='ocr_par' dir='ltr' id='par_1_112' title="bbox 2171 5510 3761 5590">
     <span class='ocr_line' id='line_1_112' title="bbox 2171 5510 3761 5590; baseline -0.005 -18"><span class='ocrx_word' id='word_1_820' title='bbox 2171 5519 2330 5590; x_wconf 75' lang='grc' dir='ltr'>δήσῃ.</span> <span class='ocrx_word' id='word_1_821' title='bbox 2359 5518 2470 5572; x_wconf 72' lang='grc' dir='ltr'><strong>Καὶ</strong></span> <span class='ocrx_word' id='word_1_822' title='bbox 2512 5517 2648 5589; x_wconf 86' lang='grc' dir='ltr'>πρὸς</span> <span class='ocrx_word' id='word_1_823' title='bbox 2679 5515 2778 5586; x_wconf 79' lang='grc' dir='ltr'><strong>μὲν</strong></span> <span class='ocrx_word' id='word_1_824' title='bbox 2811 5517 2939 5579; x_wconf 83' lang='grc' dir='ltr'>τοὺς</span> <span class='ocrx_word' id='word_1_825' title='bbox 2987 5514 3124 5585; x_wconf 87' lang='grc' dir='ltr'>μόνα</span> <span class='ocrx_word' id='word_1_826' title='bbox 3150 5513 3428 5584; x_wconf 84' lang='grc' dir='ltr'>τιμῶντας</span> <span class='ocrx_word' id='word_1_827' title='bbox 3456 5511 3536 5565; x_wconf 81' lang='grc' dir='ltr'><strong>ἐτι</strong></span> <span class='ocrx_word' id='word_1_828' title='bbox 3564 5510 3634 5564; x_wconf 79' lang='grc' dir='ltr'><strong>τά</strong></span> <span class='ocrx_word' id='word_1_829' title='bbox 3664 5511 3761 5564; x_wconf 78' lang='grc' dir='ltr'>διὰ</span> 
     </span>
    </p>
   </div>
   <div class='ocr_carea' id='block_1_113' title="bbox 2171 5603 3755 5680">
    <p class='ocr_par' dir='ltr' id='par_1_113' title="bbox 2171 5603 3755 5680">
     <span class='ocr_line' id='line_1_113' title="bbox 2171 5603 3755 5680; baseline -0.006 -16"><span class='ocrx_word' id='word_1_830' title='bbox 2171 5611 2435 5677; x_wconf 86' lang='grc' dir='ltr'>Μωσέως,</span> <span class='ocrx_word' id='word_1_831' title='bbox 2467 5609 2528 5663; x_wconf 82' lang='grc' dir='ltr'>οὐ</span> <span class='ocrx_word' id='word_1_832' title='bbox 2576 5608 2968 5680; x_wconf 84' lang='grc' dir='ltr'>προσιεμένους</span> <span class='ocrx_word' id='word_1_833' title='bbox 3000 5608 3057 5662; x_wconf 77' lang='grc' dir='ltr'>δὲ</span> <span class='ocrx_word' id='word_1_834' title='bbox 3089 5607 3188 5677; x_wconf 76' lang='grc' dir='ltr'><strong>τὴν</strong></span> <span class='ocrx_word' id='word_1_835' title='bbox 3237 5605 3326 5659; x_wconf 87' lang='grc' dir='ltr'><strong>διά</strong></span> <span class='ocrx_word' id='word_1_836' title='bbox 3376 5603 3612 5677; x_wconf 86' lang='grc' dir='ltr'>Χριστοῦ</span> <span class='ocrx_word' id='word_1_837' title='bbox 3660 5619 3755 5655; x_wconf 86' lang='grc' dir='ltr'>τε-</span> 
     </span>
    </p>
   </div>
   <div class='ocr_carea' id='block_1_114' title="bbox 2169 5696 3754 5774">
    <p class='ocr_par' dir='ltr' id='par_1_114' title="bbox 2169 5696 3754 5774">
     <span class='ocr_line' id='line_1_114' title="bbox 2169 5696 3754 5774; baseline -0.006 -17"><span class='ocrx_word' id='word_1_838' title='bbox 2169 5704 2407 5771; x_wconf 89' lang='grc' dir='ltr'>λείωσιν,</span> <span class='ocrx_word' id='word_1_839' title='bbox 2442 5705 2471 5757; x_wconf 87' lang='grc' dir='ltr'><strong>ό</strong></span> <span class='ocrx_word' id='word_1_840' title='bbox 2499 5703 2785 5774; x_wconf 79' lang='grc' dir='ltr'>προφήτης</span> <span class='ocrx_word' id='word_1_841' title='bbox 2815 5700 3053 5769; x_wconf 80' lang='grc' dir='ltr'>ἔφασκεν</span> <span class='ocrx_word' id='word_1_842' title='bbox 3095 5698 3392 5770; x_wconf 85' lang='grc' dir='ltr'>Ἱερεμίας·</span> <span class='ocrx_word' id='word_1_843' title='bbox 3431 5697 3550 5760; x_wconf 84' lang='grc' dir='ltr'><strong>Πῶς</strong></span> <span class='ocrx_word' id='word_1_844' title='bbox 3573 5696 3754 5768; x_wconf 80' lang='grc' dir='ltr'>ἐρεῖτε</span> 
     </span>
    </p>
   </div>
   <div class='ocr_carea' id='block_1_115' title="bbox 2033 5801 3036 5892">
    <p class='ocr_par' dir='ltr' id='par_1_115' title="bbox 2033 5801 3036 5892">
     <span class='ocr_line' id='line_1_115' title="bbox 2033 5801 3036 5892; baseline -0.009 -13"><span class='ocrx_word' id='word_1_845' title='bbox 2033 5801 2075 5860; x_wconf 78' lang='grc' dir='ltr'>’τ</span> <span class='ocrx_word' id='word_1_846' title='bbox 2113 5825 2283 5892; x_wconf 78' lang='lat' dir='ltr'><strong>Ibid,</strong></span> <span class='ocrx_word' id='word_1_847' title='bbox 2324 5823 2412 5878; x_wconf 69' lang='lat' dir='ltr'><strong>at.</strong></span> <span class='ocrx_word' id='word_1_848' title='bbox 2493 5822 2513 5854; x_wconf 88' lang='grc'><strong>·</strong></span> <span class='ocrx_word' id='word_1_849' title='bbox 2577 5819 2812 5892; x_wconf 79' lang='lat' dir='ltr'><strong>Philipp.</strong></span> <span class='ocrx_word' id='word_1_850' title='bbox 2868 5835 2946 5884; x_wconf 74' lang='grc' dir='ltr'>ιιι,</span> <span class='ocrx_word' id='word_1_851' title='bbox 2985 5819 3036 5872; x_wconf 75' lang='lat'><strong>5.</strong></span> 
     </span>
    </p>
   </div>
  </div>
