4096 6464
295 413 413 472 2:15

1071 424 1159 478 DE
1199 389 1750 485 ADORATIONECIN
1791 428 2064 488 SPlRlTU
2105 433 2195 489 ET
2234 435 2606 496 VERITATE.
2649 442 2779 498 LIB.
2819 443 2908 499 Ill.

297 530 384 583 ὅτι
433 529 607 600 Σοφοί
641 533 812 603 ἐσμεν
846 535 1030 605 ἡμεῖς,
1070 536 1166 591 καὶ
1197 537 1360 608 νόμος
1397 540 1606 610 Κυρίου
1638 541 1756 596 ἐστὶ
1791 543 1901 614 μεθ

2019 561 2128 615 que
2182 563 2306 602 eam
2360 567 2483 620 quae
2531 556 2839 624 acquiritur
2889 571 2989 626 per
3037 555 3245 611 Christi
3294 555 3627 621 doctrinam,

299 622 500 691 ἡμῶνς
544 624 640 687 Εἰς
672 625 851 696 μάτην
892 627 1128 700 ἐγενήθη
1180 633 1391 700 σχοῖνος
1416 630 1617 703 ψευδὴς
1645 635 1916 707 Γραμμα-

296 714 491 767 τεῦσιν
515 732 530 745 ·
549 717 908 790 ᾐσχύνθησαν
927 722 1104 789 σοφοὶ,
1131 723 1481 795 ὲπτοήθησαν
1504 727 1599 779 καὶ
1629 727 1874 782 ἑάλωσαν
1896 745 1911 762 ·

306 807 467 875 σοφία
503 809 594 873 τίς
641 812 794 866 ἐστιν
825 815 882 866 ἐν
918 816 1126 882 αὐτοῖς,
1154 817 1237 870 ὅτι
1265 818 1357 871 τὸν
1395 817 1553 885 λόγον
1580 820 1790 891 Κυρίου
1815 822 1915 876 ἁπ-

304 900 648 970 εεοκίμασαν
673 921 687 969 ;
717 924 736 956 ι
757 905 922 975 Ἡμῖν
945 907 1002 960 δὲ
1031 912 1142 973 τοῖς
1172 909 1262 963 τὸν
1291 914 1562 982 σωτήριον
1586 913 1687 966 οὐκ
1715 913 1911 967 ἀποδο-

300 990 609 1060 κιμάζουσι
662 994 821 1063 λόγον
861 997 1229 1069 (προσιέμεθα
1272 1001 1382 1073 γὰρ
1431 1003 1686 1073 ἁσμένως
1723 1003 1791 1058 τὰ
1826 1004 1915 1060 διὰ

294 1082 547 1153 Χριστοῦ
572 1084 937 1158 κηρύγματα)
957 1091 1184 1158 γέγονεν
1209 1093 1374 1156 αὐτὸς
1388 1094 1550 1163 σοφία
1575 1095 1725 1167 παρὰ
1755 1096 1911 1152 Θεοῦ.

297 1167 879 1249 [Ιεπλεονεκτήκαμεν
914 1177 1009 1234 οὖν
1045 1180 1152 1252 ἄρα
1202 1183 1298 1237 καὶ
1345 1185 1488 1238 κατὰ
1535 1185 1750 1240 σύνεσιν
1788 1189 1916 1250 τοὺς

291 1267 352 1318 ἐν
390 1267 569 1339 νόμῳ,
615 1272 710 1323 καὶ
747 1273 798 1325 οί
849 1276 964 1336 τοῖς
992 1274 1135 1328 κατὰ
1175 1277 1341 1347 νόμον
1385 1278 1724 1350 διηγήμασιν
1780 1297 1912 1333 κατ-

290 1358 632 1429 ηχούμενοι,
669 1365 942 1432 φαγόντες
973 1367 1065 1420 τὸν
1087 1367 1248 1440 ἄρτον
1273 1369 1502 1424 ἐνώπιον
1534 1372 1630 1426 τοῦ
1661 1371 1820 1434 Θεοῦ,
1843 1371 1912 1426 τὰ

290 1451 516 1521 ἀμείνω
548 1456 646 1508 καὶ
679 1456 864 1512 λαλεῖν
894 1459 987 1512 καὶ
1023 1464 1242 1531 φρονεῖν
1289 1463 1728 1535 πεπαιδεύμεθα.
1762 1466 1910 1518 Γνω-

296 1542 530 1611 μοδοτεῖ
555 1545 668 1618 γὰρ
716 1548 908 1621 ’ῐοθὺρ,
953 1551 1048 1604 καὶ
1079 1553 1341 1607 ἐπακούει
1368 1554 1599 1624 Μωσῆς.
1633 1555 1734 1626 Εῖη
1763 1555 1820 1608 δὲ
1841 1556 1908 1608 ἂν

291 1635 533 1701 εἰκότως
569 1640 870 1711 πρόσωπον
921 1643 1022 1713 μὲν
1046 1642 1236 1718 ῶσπερ
1265 1646 1373 1701 τῶν
1410 1646 1471 1712 ἐξ
1497 1647 1666 1704 ἐθνῶν
1717 1647 1908 1720 Ἰοθὸρ,

289 1727 511 1799 Μωσῆς
539 1730 597 1784 δὲ
618 1733 730 1787 τῶν
758 1735 901 1788 κατά
927 1737 1114 1808 νόμον.
1147 1793 1162 1806 η

2025 637 2423 708 repudiarent;
2476 643 2694 702 dicebat
2749 649 3017 719 propheta
3047 649 3344 705 ‘Jcremias
3375 666 3388 702 :
3433 667 3450 698 ι
3481 648 3632 715 Quo-

2024 730 2190 785 modo
2239 732 2438 789 dicetis
2505 739 2653 807 quod
2705 741 2985 810 sapientes
3036 755 3230 796 sumus
3276 756 3398 806 nos,
3440 749 3497 795 et
3535 741 3631 796 Dei

2022 821 2113 876 lex
2157 825 2490 880 nobiscum?
2545 828 2751 886 frustra
2795 832 2974 887 factus
3016 841 3102 888 est
3143 834 3348 903 juncus
3395 833 3630 888 mendax

2026 913 2270 984 Scribis;
2301 921 2518 974 confusi
2551 933 2682 977 sunt
2714 924 3012 994 sapientes,
3064 925 3346 997 perterriti
3393 933 3526 981 sunt
3573 934 3631 980 et

2024 1009 2168 1078 capti
2202 1019 2359 1076 sunt;
2393 1014 2662 1084 sapientia
2692 1031 2813 1085 quae
2839 1025 2922 1071 est
2952 1017 3009 1070 in
3043 1017 3196 1086 ipsis,
3227 1018 3354 1088 quia
3391 1017 3626 1072 verbum

2023 1101 2243 1157 Domini
2298 1107 2736 1175 reprobavcrunt
2762 1110 2826 1161 9?
2854 1128 2872 1161 ι
2925 1109 3096 1164 Nobis
3138 1125 3293 1174 vero,
3334 1111 3430 1180 qui
3473 1112 3626 1165 salu-

2022 1199 2139 1248 tare
2182 1196 2414 1251 verbum
2457 1213 2569 1252 non
2613 1201 2976 1270 reprobamus
3009 1200 3270 1272 (libenter
3308 1202 3458 1256 enim
3504 1218 3624 1256 am-

2015 1286 2311 1356 plectimur
2357 1288 2564 1345 Christi
2613 1292 3110 1362 praedicationem),
3153 1293 3330 1348 factus
3375 1304 3463 1349 est
3504 1294 3624 1364 ipse

2015 1377 2287 1446 sapientia
2330 1397 2362 1436 a
2393 1381 2526 1437 Deo.
2572 1383 2646 1439 lis
2681 1383 2851 1454 igitur
2893 1383 2988 1454 qui
3019 1391 3151 1438 sunt
3187 1383 3244 1438 in
3280 1384 3419 1454 lege,
3454 1383 3622 1438 etiam

2015 1468 2326 1537 prudentiae
2367 1473 2593 1530 nomine
2639 1477 2955 1546 superiores
3000 1475 3108 1547 95
3145 1492 3339 1532 sumus
3380 1494 3392 1529 :
3433 1484 3491 1531 et
3527 1477 3622 1546 qui

2017 1559 2154 1631 legis
2231 1566 2586 1622 sermonibus
2643 1568 2968 1633 imbuimur,
3027 1566 3387 1640 posteaquam
3439 1581 3624 1622 come-

2018 1649 2202 1707 dimus
2236 1670 2434 1723 panem
2481 1657 2539 1712 in
2569 1668 2870 1730 conspectu
2911 1661 3030 1726 Dei,
3073 1661 3304 1716 meliora
3343 1669 3459 1715 tum
3490 1674 3622 1713 sen-

2020 1743 2146 1809 tire,
2189 1755 2303 1801 tum
2343 1748 2494 1819 loqui
2536 1751 2853 1809 didicimus.
2903 1755 3002 1810 Est
3038 1756 3190 1809 enim
3245 1762 3441 1809 auctor
3490 1767 3620 1807 sen-

291 1823 488 1877 tentiae
531 1824 748 1892 Jetbro,
793 1827 1009 1900 Moyses
1084 1832 1452 1903 obtemperat.
1502 1834 1618 1892 Nec
1649 1847 1788 1892 vero
1837 1831 2077 1892 absurde
2112 1838 2307 1897 Jethro
2386 1844 2611 1912 quidem
2675 1847 2962 1918 gentilium
2999 1862 3293 1917 personam
3358 1845 3617 1912 sustinet,

287 1919 518 1992 Moyses
553 1930 745 1976 autem
781 1937 978 1978 eorum
1013 1924 1109 1994 qui
1149 1934 1278 1981 sunt
1316 1941 1385 1982 ex
1422 1927 1561 1998 lege.

359 2039 587 2095 ΠΑΛΛ.
633 2038 842 2109 Ὀρθῶς
875 2039 1038 2112 ἔφης.

355 2130 541 2184 ΚΥΡ.
580 2128 854 2202 Οὑκοῦνή
889 2131 979 2185 διὰ
1025 2133 1267 2204 Χριστοῦ
1316 2134 1620 2200 τελείωσις,
1670 2134 1764 2189 καὶ
1797 2134 1906 2189 τῶν

289 2224 412 2276 κατ’
463 2223 638 2276 αὐτὸν
685 2225 1005 2295 μυστηρίων
1034 2227 1068 2297 ἡ
1103 2225 1356 2297 δύναμις,
1399 2229 1494 2281 καὶ
1527 2229 1724 2297 σοφοὺς
1756 2230 1906 2300 ἡμᾶς

284 2316 578 2380 ἀποτελεῖ,
618 2317 715 2368 καὶ
740 2315 977 2369 θανάτου
1004 2318 1324 2386 κρείττονας
1357 2320 1590 2391 ὁρᾶσθαι
1625 2323 1788 2384 ποιεῖ,
1812 2320 1907 2377 τὸν

285 2407 691 2478 κεκρυμμένον
715 2426 775 2462 τε
806 2410 903 2464 καὶ
926 2411 1115 2482 νοητὸν
1152 2413 1404 2484 Ἀμαλὴκ
1427 2415 1902 2486 καταστρέφουσα,

285 2498 438 2553 τοῦτ’
470 2498 616 2565 ἔστι,
653 2499 748 2553 τὸν
779 2501 1051 2557 Σατανᾶν.
1097 2505 1208 2558 Καὶ
1235 2504 1416 2577 ὀρθῶς
1445 2523 1509 2575 γε
1539 2506 1659 2560 λίαν
1688 2510 1716 2560 ὁ
1752 2507 1905 2561 Ψάλ-

286 2592 402 2646 λων
428 2592 682 2659 ἔφασκεν
701 2609 716 2623 ο
760 2612 778 2645 ‹
821 2594 947 2648 ’Ότι
977 2595 1036 2648 ὲν
1069 2596 1148 2668 τῷ
1175 2597 1297 2668 Θεῴ
1320 2600 1622 2671 ποιήσομεν
1651 2599 1901 2667 δύναμιν,

289 2683 390 2737 καὶ
413 2684 582 2748 αὐτὸς
608 2684 961 2749 ἐξουδενώσει
988 2689 1114 2752 τοὺς
1137 2689 1613 2762 θλίϐονταςεήμᾶς.
1654 2711 1673 2744 ι
1717 2691 1905 2763 Ἦμῶν

287 2775 347 2829 δὲ
382 2775 449 2849 δὴ
475 2778 614 2848 περὶ
643 2777 752 2832 τῶν
777 2781 836 2834 ἐν
867 2780 1050 2835 πίστει
1078 2781 1606 2855 λελαμπρυσμένων,
1637 2785 1904 2855 ἀνεφὼνει

289 2869 459 2922 πάλιν
491 2870 572 2933 ὼς
607 2871 747 2941 πρὸς
773 2872 939 2926 αὐτόν
960 2889 974 2904 ο
1005 2893 1022 2926 ‹
1052 2861 1176 2928 Ὅτι
1201 2877 1465 2948 καύχημα
1494 2878 1594 2948 τῆς
1621 2878 1905 2948 δυνάμεως

291 2960 478 3014 αὐτῶν
519 2962 586 3014 σὺ
635 2958 836 3022 simul.
873 2966 932 3016 ἐν
981 2963 1058 3035 τῷ
1101 2964 1326 3035 ὀνόματί
1359 2983 1452 3018 σου
1481 2966 1902 3034 ἀγαλλιάσονται

290 3051 422 3122 ὅλην
458 3051 567 3122 τὴν
608 3052 854 3124 ἡμέραν.
886 3073 904 3106 ι
947 3053 1298 3125 Καυχώμεθα
1330 3055 1441 3126 γὰρ
1466 3056 1525 3109 ἐν
1551 3057 1775 3128 Χριστῷ
1799 3076 1904 3110 σω-

290 3141 538 3214 ζόμενοι,
569 3145 668 3197 καὶ
699 3145 866 3198 αὐτὸν
891 3145 1110 3216 ἔχοντες
1137 3145 1302 3200 ὅπλον
1334 3145 1604 3212 εὐδοκίας,
1638 3146 1784 3200 κατὰ
1805 3147 1904 3212 τὰς

291 3236 542 3308 Γραφάς.
570 3237 782 3291 Τούτου
812 3238 872 3292 δὲ
893 3235 962 3293 αὖ
991 3239 1161 3303 τύπος
1191 3241 1325 3310 ἡμῖν
1356 3239 1449 3293 καὶ
1471 3239 1634 3294 εἰκὼν
1664 3241 1904 3312 ἐναργὴς

289 3329 357 3382 ἂν
388 3329 613 3398 γένοιτο
647 3329 836 3393 πάλιν,
863 3331 925 3383 τὸ
959 3333 1018 3385 ἐν
1047 3330 1127 3402 τῷ
1175 3331 1320 3384 τέλει
1363 3332 1462 3403 τῆς
1491 3331 1752 3403 δευτέρας
1793 3333 1902 3386 τῶν

287 3422 601 3477 Βασιλειῶν
624 3425 1040 3497 γεγραμμένον*
1068 3400 1180 3498 ἔχει
1200 3425 1257 3479 δὲ
1283 3400 1456 3488 obrui;
1478 3442 1491 3455 ·
1523 3445 1543 3476 ‹
1571 3400 1680 3478 καὶ
1697 3425 1898 3497 ἀνέστη
1926 3400 1971 3460 C

286 3513 456 3568 Δαϐὶδ
496 3514 675 3586 πρωῒ,
707 3517 802 3569 καὶ
835 3516 992 3584 λόγος
1017 3517 1226 3588 Κυρίου
1254 3516 1476 3585 ἐγένετο
1505 3516 1643 3585 πρὸς
1670 3515 1778 3569 Γὰδ
1807 3514 1901 3569 τὸν

288 3609 590 3677 προφήτην
639 3607 734 3661 τὸν
777 3608 995 3682 ὁρῶντα
1030 3609 1168 3680 πρὸς
1210 3609 1409 3672 Δαϐὶδ,
1445 3608 1656 3677 λέγων’
1687 3605 1897 3678 Πορεύ-

289 3699 415 3770 θητι
461 3701 561 3752 καὶ
609 3700 848 3769 λάλησον
879 3701 1016 3772 πρὸς
1063 3702 1248 3764 Δαὸὶδ,
1291 3700 1504 3770 λέγων’
1565 3698 1706 3754 Τάδε
1750 3698 1898 3766 λέγει

288 3793 500 3866 Κύριος
519 3812 535 3827 ο
568 3795 716 3865 Τρία
743 3794 855 3863 ἐγὼ
881 3796 993 3867 ἐρῶ
1017 3796 1109 3848 ἐπὶ
1143 3795 1224 3857 σὲ,
1258 3793 1474 3858 ἔκλεξαι
1498 3793 1713 3865 σεαυτῷ
1747 3791 1808 3847 ἓν
1840 3791 1900 3858 ἐξ

288 3889 497 3954 αὐτῶν,
529 3890 628 3942 καὶ
655 3889 872 3957 ποιήσω
906 3904 1011 3941 σοι.
1038 3887 1150 3941 Καὶ
1179 3886 1398 3956 εἰσῆλθε
1421 3885 1528 3939 Γὰδ
1551 3885 1687 3956 πρὸς
1713 3883 1897 3951 Δαὸὶδ,

288 3981 382 4035 καὶ
402 3980 742 4051 ἀπήγγειλε,
777 3980 874 4034 καὶ
902 3976 1059 4033 εἶπεν
1087 3981 1259 4050 αὐτῷ’
1284 3978 1547 4043 Ἔκλεξαι
1574 3976 1787 4048 σεαυτῷ
1803 3991 1900 4048 γε·

288 4074 477 4128 νὲσθαι
503 4114 522 4143 _.
553 4073 589 4144 ἢ
632 4073 764 4146 ἔλθῃ
815 4091 902 4126 σοι
935 4072 1062 4144 τρία
1095 4072 1190 4144 ἔτη
1224 4072 1383 4143 λιμὸς
1427 4074 1486 4125 ἐν
1519 4075 1585 4143 τῇ
1617 4073 1688 4144 γῆ
1720 4068 1896 4146 omni)

287 4169 439 4236 τρεῖς
469 4166 658 4236 μῆνας
703 4166 931 4236 φεύγειν
965 4183 1025 4220 σε
1055 4165 1368 4238 ἔμπροσθεν
1391 4166 1503 4219 τῶν
1535 4165 1747 4237 ἐχθρῶν
1776 4181 1893 4228 σου,

289 4261 382 4314 καὶ
401 4260 631 4315 ἔσονται
652 4260 1021 4315 καταδιώκειν
1045 4279 1106 4314 σε
1126 4278 1140 4292 ο
1178 4261 1212 4332 ἢ
1235 4263 1385 4332 τρεῖς
1406 4261 1620 4331 ἡμέρας
1641 4257 1896 4328 γενέσθαι

289 4351 524 4407 θάνατον
561 4355 623 4405 ἐν
654 4355 724 4423 τῇ
776 4355 848 4424 γῇ
890 4370 1008 4408 σου.
1060 4353 1177 4408 Νῦν
1225 4348 1320 4407 οὖν
1363 4352 1533 4422 γνῶθι
1568 4350 1664 4406 καὶ
1713 4349 1791 4404 ῐδε
1843 4348 1895 4402 τί

286 4444 583 4516 ἀποκριθῶ
613 4443 692 4514 τῷ
715 4443 1104 4498 ἀποστείλαντί
1135 4462 1204 4516 με
1234 4445 1407 4517 ῥῆμα.
1447 4444 1558 4498 Καὶ
1586 4439 1710 4498 εἷπε
1731 4439 1896 4497 Δαὸὶδ

287 4537 423 4607 πρὸς
455 4537 572 4590 Γάδ
599 4553 613 4566 ο
653 4535 826 4589 Στενά
868 4553 959 4607 μοι
997 4537 1264 4591 πάντοθεν
1313 4535 1520 4606 σφόδρα
1548 4535 1666 4588 ἐστὶ
1699 4532 1793 4588 καὶ
1823 4531 1894 4588 τὰ

270 4630 432 4704 λτρία·
479 4629 842 4701 ἐμπεσοῦμαι
874 4629 940 4700 δὴ
972 4631 1053 4694 είς
1097 4631 1288 4701 χεῖρας
1318 4628 1552 4699 Κυρίου,
1592 4628 1675 4681 ὅτι
1705 4626 1892 4680 πολλοὶ

269 4705 333 4804 io!
371 4722 660 4792 οἰκτιρμοί.
693 4721 863 4776 αὐτοῦ
899 4723 1138 4794 σφόδραο
1178 4725 1262 4786 εἰς
1285 4722 1343 4776 δὲ
1371 4724 1560 4793 χεῖρας
1582 4720 1889 4793 ἀνθρώπων

283 4809 344 4864 οὐ
378 4810 456 4882 μὴ
480 4813 738 4881 ἐμπέσω.
766 4812 880 4866 Καὶ
905 4811 1190 4878 ἐξελέξατο
1214 4810 1394 4881 ἐαυτῷ
1423 4809 1588 4864 Δαὸὶδ
1609 4810 1701 4865 τὸν
1729 4810 1890 4866 θάνα-

283 4919 371 4956 τον
392 4920 406 4932 ·
443 4898 595 4973 ἦσαν
620 4903 678 4956 δὲ
716 4905 773 4957 αἱ
804 4904 1011 4977 ἡμέραι
1040 4903 1304 4976 θερισμοῦ
1344 4903 1557 4975 πυρῶν,
1583 4901 1681 4956 καὶ
1721 4901 1890 4958 ἔδωκε

283 4995 494 5064 Κύριος
527 4995 767 5049 θάνατον
811 4999 872 5050 ἐν
915 4997 1137 5069 Ἰσραὴλ
1165 4997 1274 5051 ἀπὸ
1314 4995 1556 5068 πρωτθεν
1606 4995 1711 5061 ἓως
1740 4994 1890 5067 ὥρας

283 5087 514 5158 ἀρίστου
534 5104 548 5118 ·
587 5089 685 5142 καὶ
709 5089 916 5160 ἤρξατο
955 5092 988 5160 ἡ
1015 5090 1246 5161 θραῦσις
1282 5090 1342 5144 ἐν
1375 5089 1454 5160 τῷ
1475 5087 1592 5160 λαῷ
1611 5127 1627 5152 ,
1657 5089 1752 5142 καὶ
1778 5089 1890 5141 ἀπ-

283 5179 475 5232 έθανεν
504 5181 572 5233 ἐκ
600 5179 694 5234 τοῦ
713 5181 844 5235 λαοῦ
862 5181 1073 5254 Κυρίου
1096 5182 1206 5236 ἀπὸ
1229 5181 1336 5236 Δὰν
1357 5183 1452 5234 καὶ
1465 5182 1570 5245 ἕως
1587 5180 1884 5253 Βερσαϐεὲ,

281 5269 665 5341 ἐϐδομήκοντα
695 5273 936 5343 χιλιάδες
971 5275 1207 5346 ἀνδρῶν’
1238 5276 1335 5328 καὶ
1364 5274 1632 5340 ἐξέτεινεν
1654 5276 1685 5329 ὁ
1719 5275 1886 5344 ἄγγε-

279 5359 367 5424 λος
395 5362 498 5415 τοῦ
545 5363 684 5418 Θεοῦ
719 5363 818 5437 τὴν
848 5368 1008 5436 χεῖρα
1055 5367 1224 5422 αὑτοῦ
1273 5370 1353 5432 είς
1398 5367 1759 5439 Ἰερουσαλὴμ
1786 5367 1881 5422 τοῦ

277 5449 597 5524 διαφθεῖραι
648 5456 849 5528 αὐτήνο
883 5459 980 5511 καὶ
1029 5458 1350 5530 παρεκλήθη
1403 5457 1610 5528 Κύριος
1661 5460 1754 5512 ἐπὶ
1812 5462 1876 5530 τῇ

278 5546 472 5614 κακία,
506 5545 606 5598 καὶ
652 5541 773 5600 εἷπε
809 5547 888 5619 τῷ
931 5549 1152 5621 ἀγγέλῳ
1186 5549 1266 5620 τῷ
1303 5549 1673 5621 διαφθείροντι
1707 5551 1766 5603 ἐν
1803 5549 1882 5620 τῷ

276 5633 390 5703 λαῷ
415 5653 429 5667 ο
476 5633 712 5703 Ἱκανὸν,
749 5638 878 5703 ἄνες
917 5640 1018 5712 τὴν
1053 5640 1213 5712 χεῖρά
1254 5658 1372 5695 σου.
1431 5641 1542 5695 Καὶ
1574 5642 1603 5694 ὁ
1651 5640 1883 5709 ἄγγελος

274 5727 366 5781 τοῦ
402 5727 547 5782 Θεοῦ
585 5725 656 5801 ἦν
701 5732 874 5797 ἑστὼς
905 5735 1035 5807 περὶ
1082 5736 1149 5806 τῇ
1177 5734 1292 5806 ἆλῳ
1330 5735 1494 5806 Ὀρνᾶ
1529 5733 1624 5788 τοῦ
1684 5735 1884 5794 Ἰεϐου-

346 5863 367 5894 ⁹
400 5863 517 5919 Jer.
557 5881 670 5934 vin,
720 5867 774 5936 8,
802 5868 855 5924 9.

1941 2051 1985 2105 Β
2086 2041 2286 2096 PALL.
2328 2043 2498 2099 Recte
2531 2044 2632 2100 ais.

2079 2128 2238 2185 CYR.
2272 2130 2417 2201 Ergo
2449 2132 2551 2201 illa,
2571 2149 2695 2203 quae
2746 2149 2847 2204 per
2878 2134 3161 2191 Christum
3190 2136 3456 2193 tribuitur
3483 2155 3617 2210 per-

2008 2220 2194 2288 fectio,
2239 2232 2296 2278 et
2328 2225 2450 2294 ejus
2486 2235 2961 2282 sacramentorum
2995 2228 3196 2293 virtus,
3229 2237 3346 2284 tum
3391 2231 3616 2301 sapien-

2011 2324 2093 2372 tes
2122 2333 2225 2371 nos
2256 2316 2444 2380 efﬁcit,
2477 2326 2595 2372 tum
2643 2333 2777 2373 vero
2821 2329 3002 2375 morte
3051 2319 3312 2376 fortiores
3349 2323 3612 2388 ostendit,

2007 2409 2285 2463 occultum
2324 2409 2479 2464 illum
2525 2425 2589 2465 ac
2637 2410 2980 2480 spiritualem
3031 2412 3276 2479 Amalec,
3331 2412 3613 2480 Satanam,

2008 2499 2254 2569 inquam,
2294 2514 2639 2570 expugnans.
2685 2500 2754 2554 Et
2799 2507 2951 2554 recte
2995 2499 3293 2555 admodum
3329 2501 3421 2555 ille
3460 2500 3615 2556 Psal-

2008 2598 2092 2644 tes
2119 2590 2339 2645 aiebat:
2378 2610 2395 2642 ι
2435 2590 2706 2657 Quoniam
2753 2589 2810 2644 in
2852 2589 2965 2645 Deo
3004 2589 3274 2645 faciemus
3317 2590 3612 2659 virtutem;

2005 2690 2064 2737 et
2105 2682 2222 2752 ipse
2273 2683 2340 2737 ad
2387 2682 2625 2737 nihilum
2677 2682 2916 2737 deducet
2968 2681 3302 2737 tribulantes
3350 2698 3452 2738 nos
3479 2683 3544 2738 ¹⁰.
3587 2701 3606 2735 ι

2004 2773 2084 2828 De
2124 2773 2286 2829 nobis
2326 2775 2480 2841 item,
2513 2775 2609 2845 qui
2658 2775 2786 2829 fidei
2831 2773 3126 2844 splendore
3174 2789 3367 2829 sumus
3408 2773 3611 2840 ornati,

2006 2863 2225 2920 dicebat
2256 2867 2323 2920 ad
2369 2867 2542 2921 Deum
2589 2882 2724 2922 voce
2763 2883 3032 2922 conversa
3074 2885 3088 2923 :
3127 2886 3145 2918 ι
3182 2866 3452 2934 Quoniam
3492 2867 3614 2938 glo-

2006 2957 2089 3012 ria
2114 2957 2338 3014 virtutis
2366 2974 2560 3013 eorum
2595 2967 2656 3014 tu
2685 2975 2766 3025 es,
2795 2967 2851 3015 et
2887 2961 2942 3014 in
2975 2959 3200 3013 nomine
3235 2967 3334 3014 tuo
3366 2958 3613 3013 exsulta-

2005 3053 2147 3108 bunt
2187 3061 2300 3108 tota
2347 3053 2438 3108 die
2475 3054 2539 3106 ιι.
2581 3073 2599 3104 ι
2657 3053 3014 3110 Exsultamus
3054 3053 3204 3109 enim
3258 3052 3315 3106 in
3364 3051 3610 3119 Christo,

2004 3161 2130 3202 cum
2184 3147 2484 3210 salvamur,
2529 3152 2587 3200 et
2633 3146 2815 3216 ipsum
2863 3147 3164 3210 habemus,
3214 3152 3277 3198 ut
3326 3151 3413 3200 est
3463 3146 3612 3215 apud

2004 3237 2320 3306 Scripturas
2361 3255 2374 3291 :
2415 3256 2434 3288 ‹
2475 3237 2706 3293 Scutum
2748 3237 2909 3292 honre
2945 3237 3250 3293 voluntatis
3278 3238 3342 3291 η.
3380 3257 3398 3289 ι
3439 3237 3615 3309 Cujus

2004 3331 2086 3386 rei
2121 3330 2283 3384 nobis
2331 3329 2506 3401 ﬁgura
2556 3346 2678 3387 esse
2731 3346 2927 3386 rursus
2978 3337 3180 3400 potest,
3217 3339 3385 3401 atque
3431 3332 3611 3403 imago

1999 3421 2330 3493 perspicua,
2379 3421 2528 3492 quod
2586 3422 2644 3476 in
2700 3430 2951 3478 extremo
3006 3423 3239 3478 secundi
3290 3423 3610 3496 Regnorum

1997 3513 2130 3571 libri
2159 3515 2426 3584 scriptum
2461 3524 2562 3582 est;
2594 3531 2660 3571 ea
2683 3515 2856 3570 verba
2894 3515 2975 3571 sic
3021 3515 3231 3571 habent
3263 3535 3276 3571 :
3323 3537 3340 3568 ι
3378 3518 3447 3572 Ει
3479 3533 3611 3573 sur-

1999 3605 2142 3660 rexit
2181 3606 2353 3660 David
2397 3623 2579 3670 mane,
2616 3615 2672 3661 et
2717 3623 2901 3662 sermo
2939 3607 3160 3662 Domini
3203 3607 3385 3664 factus
3416 3617 3501 3664 est
3540 3609 3611 3664 ad

1997 3695 2113 3753 Gad
2156 3698 2504 3769 prophetam,
2541 3699 2820 3754 videntem
2860 3700 3054 3765 David,
3084 3701 3318 3756 dicens:
3350 3701 3480 3757 limo
3518 3702 3608 3757 di--

1997 3790 2077 3846 cit
2120 3792 2408 3858 Dominus,
2465 3793 2592 3848 Tria
2645 3809 2747 3865 ego
2795 3794 2973 3849 dicam
3026 3802 3220 3849 contra
3279 3803 3350 3859 te,
3398 3796 3607 3864 David;

1997 3883 2137 3957 elige
2168 3901 2339 3940 unum
2381 3902 2450 3941 ex
2485 3886 2640 3956 ipsis,
2677 3895 2734 3942 et
2767 3886 2964 3941 faciam
3013 3887 3134 3942 tibi.
3176 3887 3245 3942 Et
3289 3887 3446 3942 venit
3492 3887 3609 3943 Gad

1997 3977 2067 4032 ad
2116 3978 2309 4043 David,
2351 3986 2408 4033 et
2451 3979 2728 4034 nuntiavit
2768 3988 2824 4034 et
2872 3979 3012 4035 dixit
3057 3980 3130 4043 ei,
3173 3979 3365 4034 dicens
3401 3997 3413 4032 :
3456 3980 3608 4051 Elige

1997 4069 2101 4125 tibi
2146 4079 2210 4124 ut
2256 4069 2410 4135 ﬁant,
2447 4072 2530 4126 vel
2577 4083 2641 4127 ut
2689 4071 2919 4126 veniant
2964 4071 3066 4126 tibi
3112 4080 3228 4127 tres
3269 4072 3398 4126 anni
3444 4071 3610 4128 famis

1996 4173 2165 4228 super
2201 4166 2406 4213 terram
2458 4168 2646 4226 tuam;
2689 4160 2778 4214 vel
2822 4169 2936 4216 tres
2973 4176 3194 4216 menses
3231 4161 3408 4232 fugias
3446 4170 3505 4215 tu
3538 4161 3610 4218 de

1995 4249 2135 4305 facie
2170 4251 2522 4308 inimicorum
2563 4261 2808 4319 tuorum,
2835 4263 2894 4310 et
2931 4253 3036 4324 ipsi
3069 4263 3477 4324 persequantur
3506 4263 3559 4310 te
3590 4272 3605 4311 :

1994 4346 2081 4401 vel
2114 4353 2176 4400 ut
2207 4346 2304 4401 fiat
2333 4347 2515 4402 tribus
2550 4347 2749 4403 diebus
2792 4364 2945 4404 mors
2988 4348 3046 4402 in
3098 4357 3244 4404 terra
3291 4357 3404 4404 tua.
3448 4349 3608 4406 Nunc

1993 4437 2162 4509 igitur
2200 4435 2466 4505 delibera,
2510 4446 2567 4494 et
2611 4439 2740 4494 vide
2776 4439 2926 4509 quod
2963 4439 3199 4495 verbum
3241 4439 3607 4511 respondeam

1992 4530 2045 4585 ei
2102 4530 2198 4601 qui
2242 4530 2395 4586 misit
2437 4547 2546 4586 me.
2590 4531 2661 4586 Et
2699 4531 2844 4587 dixit
2884 4532 3060 4587 David
3113 4532 3182 4588 ad
3235 4531 3350 4588 Gad
3389 4549 3403 4586 :
3438 4533 3605 4588 Arcta

1993 4636 2126 4678 sunt
2159 4625 2296 4680 mihi
2343 4624 2590 4694 undique
2629 4626 2787 4682 valde
2825 4627 2943 4683 haec
2974 4627 3078 4682 tria
3113 4646 3126 4681 :
3160 4627 3399 4683 incidam
3439 4626 3608 4699 igitur

1993 4714 2049 4770 in
2104 4731 2302 4770 manus
2346 4715 2588 4780 Domini,
2627 4717 2758 4786 quia
2805 4718 2996 4773 multa;
3046 4717 3436 4775 miserationes
3482 4719 3606 4791 ejus

1991 4807 2186 4873 nimis;
2219 4808 2276 4862 in
2318 4823 2518 4864 manus
2549 4818 2737 4865 autem
2767 4810 3057 4866 hominum
3095 4828 3212 4867 non
3244 4811 3504 4866 incidam.
3533 4796 3606 4869 Et

1990 4901 2157 4972 elegit
2196 4899 2301 4955 sibi
2339 4901 2513 4956 David
2557 4911 2793 4957 mortem
2829 4921 2842 4957 :
2876 4911 3036 4959 erant
3074 4913 3261 4960 autem
3296 4905 3416 4960 dies
3453 4919 3604 4960 mes-

1988 4993 2066 5049 sis
2114 4992 2307 5057 tritici,
2348 4999 2405 5048 et
2446 4993 2605 5049 dedit
2656 4996 2926 5052 Dominus
2973 5005 3210 5052 mortem
3261 4997 3318 5051 in
3361 4997 3529 5051 Israel
3571 5013 3602 5052 a

1990 5100 2152 5139 mane
2189 5100 2366 5154 usque
2400 5084 2468 5139 ad
2501 5085 2697 5140 horam
2737 5086 2958 5156 prandii
2993 5105 3005 5140 ε
3040 5095 3098 5141 et
3135 5086 3303 5156 cmpit
3339 5085 3500 5139 ruina
3545 5085 3601 5140 in

1994 5177 2219 5248 pepulo,
2245 5186 2301 5232 et
2328 5178 2536 5232 mortui
2568 5185 2700 5233 sunt
2725 5179 2794 5234 de
2818 5179 3025 5250 populo
3053 5194 3083 5233 a
3113 5179 3229 5233 Dan
3262 5193 3436 5247 usque
3465 5177 3601 5233 Ber-

1992 5269 2155 5324 sabee
2191 5270 2537 5341 septuaginta
2569 5270 2742 5325 millia
2781 5271 3028 5324 virorum
3059 5287 3071 5322 :
3105 5277 3162 5325 et
3201 5269 3451 5325 extendit
3496 5287 3600 5326 an-

1988 5362 2144 5434 gelus
2178 5363 2276 5418 Dei
2313 5379 2537 5419 manum
2577 5379 2734 5419 suam
2765 5364 2821 5418 in
2859 5364 3188 5429 Jerusalem,
3216 5371 3279 5417 ut
3307 5361 3599 5433 disperde-

1988 5461 2073 5508 ret
2102 5469 2224 5509 eam
2259 5472 2272 5508 :
2305 5463 2362 5510 et
2393 5456 2654 5510 misertus
2684 5460 2770 5509 est
2799 5453 3068 5510 Dominus
3099 5470 3269 5526 super
3299 5455 3598 5526 96malo,

1987 5554 2046 5601 et
2095 5546 2236 5603 dixit
2291 5547 2488 5618 angelo
2541 5549 2920 5618 corrumpenti
2979 5548 3034 5603 in
3084 5549 3289 5619 populo
3331 5567 3344 5603 :
3383 5547 3606 5604 Suﬂicit

1987 5657 2170 5708 nunc;
2227 5643 2448 5698 remitte
2503 5658 2729 5697 manum
2775 5650 2945 5697 tuam.
2991 5643 3061 5697 Et
3098 5644 3329 5716 angelus
3375 5641 3600 5698 Domini

1991 5743 2113 5790 erat
2139 5743 2289 5790 stans
2312 5736 2468 5807 juxta
2511 5751 2697 5791 aream
2729 5734 2878 5791 Orna
2913 5734 3170 5794 Jebuszei.
3201 5738 3270 5793 Et
3309 5736 3450 5792 dixit
3486 5735 3602 5790 Das

975 5872 1017 5904 ¹⁹
1070 5872 1215 5930 Psal.
1270 5890 1379 5944 ux,
1415 5873 1499 5930 Μ.
1570 5878 1608 5909 ²¹
1651 5876 2066 5933 Psal.txxxvni.
2124 5876 2207 5941 l7,
2245 5875 2341 5946 ’18.
2423 5876 2462 5908 "
2503 5876 2646 5932 Psal.
2677 5894 2728 5944 ν,
2761 5877 2842 5932 l2.

3515 442 3620 498 286
3711 448 3713 451 ’
