4096 6452
485 418 596 477 287

1498 418 1556 474 S.
1592 417 1867 474 CYBlLLl
1907 418 2373 473 ALEXANDRINI
2404 418 2726 475 ARCHIEP.

3649 415 3753 470 288

488 536 578 590 vid
619 535 687 590 ad
731 536 1042 599 Dominum,
1073 549 1197 589 cum
1240 533 1468 588 vidisset
1498 534 1614 604 ipse
1665 531 1915 602 angelum
1965 547 2071 586 cae-

2180 531 2352 583 σαίου.
2387 531 2498 583 Kal
2531 526 2652 583 εἷπε
2682 529 2846 583 Δαὸὶδ
2879 529 3015 601 πρὸς
3047 529 3271 602 Κύριον,
3305 529 3364 582 ἐν
3392 528 3470 600 τῷ
3505 528 3631 582 ίδεῖν
3656 529 3752 581 αὑ·-

487 628 709 682 deutem
749 628 805 680 in
834 627 1059 696 populo,
1091 634 1146 681 et
1185 626 1323 680 dixit
1353 645 1365 678 ε
1397 625 1540 680 Ecce
1577 641 1678 694 ego
1707 639 1830 679 sum
1866 632 2071 694 pastor;

487 733 589 788 ego
629 717 850 786 peccavi
887 725 984 772 :et
1015 733 1116 787 ego
1154 724 1341 787 pastor
1382 716 1521 770 male
1559 715 1691 780 feci;
1724 723 1780 769 et
1817 715 1906 769 isti
1945 729 2075 768 oves

489 808 622 877 quid
650 807 943 863 fecerunt?
966 809 1085 863 Fiat
1113 824 1309 863 manus
1335 817 1425 863 tua
1457 814 1646 862 contra
1675 821 1761 860 me
1805 814 1861 860 et
1885 813 2074 860 contra

489 900 712 954 domum
751 901 922 971 patris
965 901 1096 957 mei.
1139 902 1210 956 Et
1236 901 1390 956 venit
1425 899 1539 955 Gad
1582 899 1649 953 ad
1683 898 1852 952 David
1889 897 1944 952 in
1984 897 2074 950 die

489 988 602 1055 illa,
635 999 691 1045 et
720 990 858 1044 dixit
901 991 981 1045 illi
1028 1009 1042 1044 :
1080 991 1346 1055 Asceudc,
1389 999 1445 1045 et
1487 990 1761 1045 constitue
1806 989 1974 1043 altare
2017 987 2073 1041 in

489 1096 614 1134 area
640 1079 785 1136 Orna
813 1082 1070 1136 Jebusazi.
1102 1082 1172 1136 Et
1191 1081 1444 1137 ascendit
1470 1081 1639 1135 David
1666 1082 1817 1152 juxta
1843 1080 2072 1134 verbum

488 1171 604 1226 Gad
649 1174 952 1243 prophetae,
995 1173 1456 1244 quemadmodum
1505 1181 1841 1244 praeceperat
1877 1170 1926 1224 ei
1965 1171 2071 1224 Do-

490 1262 672 1316 minus
699 1281 716 1316 :
751 1276 807 1318 et
857 1265 1145 1320 inclinavit
1196 1281 1255 1320 se
1297 1264 1468 1331 Orna,
1510 1273 1567 1319 et
1612 1264 1752 1318 vidit
1793 1279 1974 1334 regem
2019 1270 2075 1317 et

489 1366 678 1405 servos
708 1353 827 1422 ejus
859 1361 1306 1422 pertranseuntes
1344 1370 1507 1425 supra
1541 1355 1720 1424 ipsum
1753 1372 1763 1406 :
1795 1360 1852 1407 et
1886 1367 2070 1422 egres-

489 1458 585 1497 sus
617 1453 701 1497 est
725 1441 892 1507 Orna,
923 1452 979 1499 et
1006 1445 1253 1500 adoravit
1280 1461 1462 1517 regem
1491 1445 1547 1498 in
1577 1444 1768 1499 faciem
1796 1458 1950 1497 suam
1978 1457 2072 1495 su-

490 1549 590 1602 per
617 1543 840 1589 terram.
871 1536 939 1590 Et
967 1535 1107 1592 dixit
1134 1535 1312 1591 Orna:
1340 1536 1452 1592 Cur
1471 1536 1620 1591 venit
1641 1535 1896 1589 dominus
1919 1549 2074 1588 meus

492 1640 585 1678 rex
627 1624 696 1679 ad
737 1641 956 1680 servum
990 1628 1184 1681 suum?
1223 1627 1290 1680 Et
1325 1626 1462 1682 dixit
1490 1626 1659 1680 David
1689 1643 1700 1678 :
1735 1626 1806 1681 Ut
1836 1639 2013 1679 emam
2041 1639 2071 1678 a

492 1724 544 1768 te
593 1731 796 1782 aream,
836 1726 897 1771 ut
933 1718 1196 1773 aediﬁcem
1251 1719 1421 1773 altare
1469 1717 1737 1783 Domino,
1792 1725 1848 1772 et
1897 1725 2074 1771 cesset

493 1807 652 1861 ruina
679 1824 709 1862 a
736 1811 959 1879 populo.
1005 1811 1072 1864 Et
1102 1811 1239 1865 dixit
1279 1809 1425 1865 Orna
1475 1809 1542 1864 ad
1579 1809 1749 1863 David
1781 1827 1793 1861 :
1826 1808 2072 1878 Accipiat

2175 623 2266 676 τὸν
2303 622 2394 676 τὸν
2426 622 2654 692 ἄγγελον
2677 622 2768 676 τὸν
2799 622 3070 676 τύπτοντα
3097 623 3154 674 ἐν
3175 621 3254 693 τῷ
3285 621 3421 692 λαῷ,
3448 620 3542 674 καὶ
3563 617 3715 673 εἶπεν
3737 636 3749 651 ·

2187 713 2317 768 Ἰδοὺ
2345 714 2456 783 ἐγώ
2496 716 2610 784 είμι
2641 715 2670 767 6
2700 713 2922 785 ποιμὴν,
2959 711 3072 781 ἐγὼ
3103 715 3423 786 ἡμάρτηκα,
3461 711 3558 765 καὶ
3587 708 3698 778 ἐγὼ
3723 712 3752 762 6

2177 805 2382 876 ποιμὴν
2403 805 2780 875 ἐκακοποίησα
2797 821 2810 834 '
2837 806 2932 859 καὶ
2957 798 3105 858 οῦτοι
3123 803 3191 858 τὰ
3218 803 3466 876 πρόϐατα
3485 803 3538 856 τί
3565 802 3753 870 ἐποίη-

2176 915 2308 964 σαν;
2336 898 2581 951 Γενέσθω
2609 898 2673 968 δὴ
2703 901 2736 968 ή
2761 897 2880 969 χείρ
2908 915 3002 950 σου
3032 899 3090 952 ἐν
3118 897 3260 968 ἐμοὶ,
3294 896 3387 950 καὶ⁷
3419 898 3477 948 ἐν
3509 894 3587 965 τῷ
3618 895 3754 964 οἴκῳ

2143 989 2267 1068 ,τοῦ
2301 989 2506 1060 πατρός
2552 1007 2674 1060 μου.
2711 990 2820 1042 Kal
2856 986 2988 1060 ἦλθε
3039 989 3147 1042 Γὰδ
3190 989 3326 1060 πρὸς
3373 987 3535 1041 Δαὸὶδ
3580 987 3637 1039 ἐν
3681 987 3752 1056 τῇ

2175 1075 2357 1146 ἡμέρα
2383 1075 2586 1148 ἐκείνῃ,
2618 1077 2711 1130 καὶ
2737 1071 2888 1130 εἶπεν
2912 1075 3059 1148 αὐτῷ
3083 1094 3098 1110 ·
3134 1076 3412 1148 Ἀνάϐηθι,
3438 1077 3533 1130 καὶ
3555 1078 3755 1146 στῆσον

2174 1163 2252 1234 τῷ
2280 1165 2471 1236 Κυρίῳ
2497 1165 2879 1238 θυσιαστήριον
2902 1168 2959 1219 ἐν
2986 1169 3052 1238 τῇ
3084 1166 3195 1237 ἆλῳ
3230 1167 3395 1238 Ὀρνᾶ
3415 1164 3510 1218 τοῦ
3553 1166 3754 1220 Ἰεϐου-

2177 1255 2349 1309 σαίου.
2387 1257 2498 1310 Kal
2534 1257 2701 1329 ἀνέϐη
2736 1257 2901 1311 Δαϐὶδ
2925 1257 3067 1312 κατὰ
3094 1258 3156 1311 τὸ
3187 1259 3337 1328 ῥῆμα
3367 1257 3475 1311 Γὰδ
3497 1255 3590 1310 τοῦ
3617 1273 3756 1329 προ-

2174 1348 2368 1418 φήτου,
2398 1348 2456 1400 ὃν
2478 1349 2677 1420 τρόπον
2701 1350 3000 1403 ἐνετείλατο
3029 1349 3178 1420 αὐτῷ
3201 1349 3428 1420 Κύριοςο
3454 1349 3548 1401 καὶ
3572 1347 3754 1400 διέκυ-

2172 1439 2272 1508 ψεν
2305 1441 2489 1511 ’ορνᾶ,
2539 1441 2634 1494 καὶ
2684 1436 2794 1493 εἶδε
2829 1439 2920 1493 τὸν
2962 1440 3191 1511 βασιλέα
3238 1439 3334 1492 καὶ
3383 1439 3510 1500 τοῦς
3553 1437 3752 1499 παῖδας

2174 1530 2358 1596 αὐτοῦ,
2391 1533 2943 1604 παραπορευομένους
2961 1533 3146 1587 ἐπάνω
3167 1529 3332 1585 αὐτοῦ
3360 1545 3374 1560 ·
3409 1530 3503 1584 καὶ
3525 1527 3754 1598 ἐξῆλθεν

2186 1623 2366 1692 Ὀρνᾶ,
2409 1623 2504 1676 καὶ
2547 1624 2924 1696 προσεκύνησε
2962 1623 3040 1694 τῷ
3089 1623 3295 1694 βασιλεῖ
3335 1621 3427 1673 ἐπὶ
3460 1619 3755 1691 πρόσωπον

2173 1716 2336 1769 αὑτοῦ
2379 1717 2473 1769 ἐπὶ
2502 1716 2599 1786 τὴν
2639 1719 2763 1788 γῆν.
2797 1718 2906 1770 Kal
2935 1713 3089 1770 εἶπεν
3123 1717 3306 1786 ’ορνᾶ·
3336 1714 3401 1766 Τί
3426 1714 3508 1767 ὅτι
3535 1708 3699 1784 ἦλθεν
3722 1713 3755 1763 6

2175 1806 2361 1878 κύριός
2391 1825 2490 1878 μου
2520 1809 2548 1860 ὁ
2592 1807 2845 1878 βασιλεὺς
2875 1808 3012 1878 πρὸς
3057 1806 3148 1860 τὸν
3197 1805 3383 1859 δοῦλον
3425 1803 3612 1870 αὑτοῦ;
3641 1803 3758 1856 Kal

490 1905 546 1951 et
578 1897 773 1954 oﬂ'erat
811 1899 1067 1956 dominus
1110 1915 1266 1955 meus
1293 1916 1389 1954 rex
1413 1899 1645 1954 Domino
1688 1900 1836 1969 quod
1857 1901 2063 1954 bonum

2173 1893 2294 1950 εἷπε
2329 1898 2494 1951 Δαὸίδ
2517 1915 2530 1929 ·
2562 1899 2888 1968 Κτήσασθαι
2917 1897 3071 1970 παρὰ
3106 1895 3199 1950 σοῦ
3225 1896 3322 1968 τὴν
3350 1896 3463 1950 ἆλω
3486 1893 3580 1948 τοῦ
3607 1895 3757 1946 οἰκο-

489 1999 573 2045 cst
618 1991 675 2046 in
713 1992 889 2048 oculis
931 1994 1045 2049 suis
1075 2013 1088 2048 :
1118 2010 1246 2050 ecce
1284 1994 1439 2050 vituli
1486 1994 1544 2049 in
1582 1995 1984 2060 holocaustum,
2020 2004 2077 2050 et

490 2092 623 2139 rotae
661 2093 719 2140 et
768 2086 1132 2143 instrumenta
1171 2088 1338 2143 boum
1383 2088 1438 2142 in
1485 2088 1649 2158 ligna.
1691 2086 1884 2142 Omnia
1924 2087 2078 2143 dedit

487 2173 633 2230 Orna
653 2178 792 2248 regi.
828 2179 897 2232 Et
923 2178 1062 2233 dixit
1093 2178 1237 2234 Orna
1271 2179 1338 2233 ad
1380 2194 1560 2249 regem
1592 2198 1604 2232 :
1636 2179 1901 2235 Dominus
1930 2181 2077 2236 Deus

489 2273 615 2320 tuus
643 2267 932 2323 benedicat
952 2270 1072 2324 tibi.
1115 2271 1183 2324 Et
1213 2271 1348 2326 dixit
1375 2287 1466 2325 rex
1490 2270 1558 2324 ad
1587 2269 1787 2326 Ornam
1817 2288 1830 2324 :
1857 2271 2075 2341 Nequa-

484 2375 681 2428 quam;
709 2361 805 2416 sed
832 2377 1023 2417 emens
1043 2378 1220 2418 emam
1250 2379 1279 2417 a
1311 2371 1360 2417 te
1386 2363 1582 2434 pretio,
1613 2373 1668 2418 ct
1700 2379 1811 2418 non
1842 2363 2067 2420 offeram

485 2450 716 2506 Domino
762 2453 872 2508 Deo
940 2469 1065 2509 meo
1132 2455 1510 2510 holocaustum
1565 2456 1752 2526 gratis.
1813 2456 1882 2510 Et
1934 2455 2102 2510 emit

485 2539 653 2594 David
689 2556 868 2596 aream
897 2553 953 2598 et
981 2543 1149 2598 boves
1179 2555 1419 2615 argento,
1451 2546 1847 2617 quinquaginta
1881 2545 2063 2610 siclis;

483 2637 540 2682 ct
566 2627 856 2684 aediﬁcavit
916 2631 991 2685 ibi
1024 2632 1194 2686 David
1236 2635 1405 2688 altare
1445 2635 1716 2700 Domino,
1765 2641 1822 2689 et
1869 2634 2072 2688 obtulit

485 2715 804 2773 holocausta
859 2729 916 2774 et
969 2720 1213 2790 paciﬁca.
1263 2722 1332 2776 Et
1384 2723 1536 2777 auxit
1590 2721 1846 2777 Salomon
1899 2723 2071 2779 altare

485 2816 709 2878 postea,
765 2810 894 2879 quia
943 2812 1199 2883 exiguum
1254 2823 1372 2868 erat
1424 2814 1618 2883 prius;
1676 2819 1735 2868 et
1791 2813 2070 2869 exaudivit

484 2899 750 2955 Dominus
813 2909 1051 2970 terram,
1112 2912 1169 2958 et
1235 2904 1479 2960 cohibita
1536 2912 1621 2960 est
1684 2903 1844 2959 ruina
1904 2920 2071 2976 super

484 2991 650 3046 lsracl
688 2992 750 3046 ¹³.
790 3012 808 3044 ι

2172 1989 2406 2059 δομῆσαι
2447 1990 2830 2061 θυσιαστήριον
2887 1989 2966 2060 τῷ
3017 1989 3228 2060 Κυρίῳ,
3286 1988 3380 2041 καὶ
3433 1983 3667 2056 συσχεθῇ
3717 1985 3755 2053 ἡ

2174 2077 2397 2150 θραῦσις
2433 2080 2712 2134 ἐπάνωθεν
2755 2081 2848 2134 τοῦ
2880 2080 3030 2136 λαοῦ.
3083 2080 3196 2134 Καὶ
3229 2075 3380 2133 εἶπεν
3422 2078 3586 2149 Ὀρνᾶ
3613 2075 3756 2147 πρὸς

2173 2172 2336 2226 Δαϐίδ
2355 2186 2368 2201 ⁸
2399 2173 2628 2226 Λαδέτω
2646 2175 2740 2227 καὶ
2767 2173 3117 2243 ἀνενεγκὰτω
3137 2178 3165 2227 6
3188 2172 3373 2244 κύριός
3405 2188 3505 2242 μου
3531 2172 3559 2223 6
3596 2169 3762 2239 βασι-.

2173 2263 2296 2328 λεὺς
2318 2265 2396 2335 τῷ
2431 2267 2619 2337 Κυρίῳ
2663 2266 2724 2318 τὸ
2757 2265 2960 2336 ἀγαθὸν
2982 2269 3039 2320 ἐν
3073 2266 3372 2336 ὀφθαλμοῖς
3403 2263 3564 2319 αὐτοῦ
3587 2279 3598 2290 ·
3640 2262 3754 2315 ίδοὺ

2172 2360 2220 2411 οἱ
2258 2357 2377 2429 βόες
2407 2360 2486 2422 είς
2511 2359 2889 2429 ὁλοκαύτωμα,
2930 2359 3023 2412 καὶ⁵
3063 2361 3112 2412 οἱ
3144 2358 3327 2428 τροχοὶ¹
3351 2357 3445 2411 καὶ
3487 2355 3556 2409 τὰ
3583 2354 3756 2423 σκεύη

2173 2449 2283 2504 τῶν
2307 2449 2446 2519 βοῶν
2473 2451 2553 2514 είς
2586 2449 2739 2516 ξύλα.
2777 2451 2858 2503 Τὰ
2889 2451 3067 2505 πάντα
3105 2450 3305 2504 ἔδωκεν
3351 2450 3514 2518 Ὀρνᾶ
3540 2445 3618 2512 τῷ
3657 2446 3758 2516 βα-

2176 2542 2331 2595 σιλεῖ.
2364 2543 2476 2596 Kal
2504 2538 2657 2596 εἶπεν
2700 2544 2864 2614 Ὀρνᾶ
2915 2542 3050 2613 πρὸς
3079 2543 3168 2596 τὸν
3199 2540 3421 2613 βασιλέα
3441 2557 3453 2570 ·
3494 2539 3696 2611 Κύριος
3726 2537 3756 2589 6

2174 2634 2304 2697 Θεός
2339 2651 2432 2687 σου
2466 2635 2756 2706 εὐλογήσαι
2785 2651 2867 2688 σε.
2913 2637 3024 2689 Kal
3062 2631 3216 2688 εἶπεν
3260 2637 3288 2689 6
3323 2633 3576 2705 βασιλεὺς
3615 2629 3751 2702 πρὸς

2188 2725 2399 2795 Ὀρνᾶν·
2432 2726 2590 2796 Οὐχί·
2625 2726 2765 2780 ἀλλὰ
2788 2726 3066 2798 κτώμενος
3092 2728 3366 2799 κτήσομαι
3389 2725 3539 2796 παρὰ
3563 2723 3658 2777 σοῦ
3695 2726 3754 2778 ἐν

2175 2814 2504 2886 ἀλλάγματι.
2542 2816 2652 2870 Kal
2677 2817 2777 2870 οὐκ
2805 2818 3006 2871 ἀνοίσω
3038 2817 3228 2888 Κυρίῳ
3256 2817 3333 2887 τῷ
3355 2816 3474 2887 Θεῷ
3505 2833 3606 2887 μου
3634 2815 3758 2869 ὁλο-

2175 2904 2444 2976 καύτωμα
2473 2906 2704 2977 δωρεάν.
2733 2909 2844 2962 Kal
2871 2908 3143 2978 ἐκτήσατο
3163 2907 3328 2960 Δαϐἱδ
3350 2906 3463 2962 ἅλω
3487 2906 3581 2959 καὶ
3623 2904 3761 2969 τοὺς

2176 2997 2302 3068 βόας
2349 3001 2408 3051 ἐν
2436 3001 2684 3072 ἀργυρίῳ
2719 3001 2917 3054 σίκλων
2957 3002 3317 3073 πεντήκοντα,
3353 3002 3446 3055 καὶ
3473 2998 3763 3070 ᾠκοδόμη-

485 3103 577 3139 σεν
604 3087 898 3143 ἐκεῖΔαόὶδ
919 3089 1302 3162 θυσιαστήριον
1329 3091 1405 3161 τῷ
1422 3090 1630 3162 Κυρίῳ,
1657 3088 1750 3144 καὶ
1764 3059 2062 3162 ἀνήνεγκεν
2089 3059 2490 3158 ὁλοκαυτώσεις
2522 3059 2618 3149 καὶ
2637 3059 2943 3166 εἰρηνικάς.
3003 3059 3126 3151 Καὶ.
3164 3059 3475 3167 προσέθηκε
3490 3059 3761 3164 έαλομων

481 3179 563 3241 είς
589 3178 651 3232 τὸ
685 3179 1068 3254 θυσιαστήριον
1109 3183 1196 3260 ἐπ’
1245 3183 1510 3252 ἐσχάτων,
1538 3183 1619 3235 ὅτι
1666 3181 1864 3253 μικρὸν
1908 3177 1975 3254 ἦν
2006 3184 2063 3236 ἐν
2089 3183 2350 3256 πρώτοις.
2372 3187 2484 3240 Kal
2507 3187 2780 3258 ἐπήκουσε
2810 3187 3018 3260 Κύριος
3053 3191 3121 3260 τῇ
3142 3192 3237 3260 γῇ,
3296 3188 3392 3243 καὶ
3452 3186 3759 3258 συνεσχέθη

480 3272 517 3343 ή
547 3271 772 3342 θραῦσις
798 3273 1074 3326 ἐπάνωθεν
1091 3258 1326 3345 Ἰσραήλ.

551 3365 749 3420 PALL.
791 3367 1053 3432 Quisnam
1085 3367 1142 3421 in
1179 3368 1266 3424 his
1298 3369 1482 3424 verbis
1521 3385 1718 3426 sensus
1758 3370 1936 3426 inesse
1964 3385 2071 3440 pu-

2244 3367 2452 3423 IIAAA.
2481 3368 2591 3422 Kal
2630 3369 2714 3434 τίς
2756 3369 2822 3424 ἂν
2851 3370 2936 3441 εἴη
2970 3369 3132 3426 πάλιν
3177 3370 3235 3426 ἔν
3273 3388 3338 3440 γε
3386 3371 3452 3444 δὴ
3489 3369 3702 3435 τούτοις
3729 3372 3762 3424 6

483 3457 682 3522 tandus
719 3458 841 3512 est?
882 3474 1008 3512 nam
1039 3458 1276 3514 dillicilis
1305 3468 1390 3515 est
1420 3476 1551 3516 sane
1582 3461 1746 3534 hujus
1785 3460 1894 3517 loci
1935 3475 2069 3516 con-

484 3549 786 3620 templatio.

549 3640 706 3696 CYR.
747 3640 991 3698 Dillicilis
1036 3643 1234 3713 plane,
1289 3661 1354 3700 ac
1419 3661 1609 3700 revera
1674 3644 1941 3716 ejusmodi
2011 3653 2073 3700 ut

480 3747 624 3803 aegre
665 3731 874 3802 percipi
913 3734 1102 3804 possit.
1141 3734 1346 3790 Tamen
1381 3735 1515 3790 illud
1549 3735 1748 3800 dicam,
1780 3737 2072 3805 propositae

481 3823 780 3894 Scriptum
824 3825 1153 3881 exteriorem
1183 3825 1339 3895 quasi
1370 3841 1588 3880 sensum
1636 3825 1690 3879 in
1726 3841 1898 3896 pauca
1935 3843 2070 3882 con-

480 3914 684 3980 ferens,
719 3923 776 3970 et
800 3916 864 3970 ad
897 3916 1214 3972 interiorem
1256 3917 1672 3988 intelligentiam
1712 3917 2066 3974 transferens.

477 4005 778 4063 Considera
825 4008 1010 4079 igitur,
1047 4008 1274 4074 Palladi,
1317 4017 1574 4079 tanquam
1622 4009 1679 4064 in
1724 4011 1948 4080 speculo
2005 4027 2071 4066 ac

480 4100 745 4155 tenuibus
783 4100 1120 4172 imaginibus
1150 4099 1353 4156 Christi
1395 4101 1737 4174 mysterium,
1767 4117 1833 4157 ac
1867 4112 2071 4159 nostrae

479 4193 898 4265 gubernationis
932 4193 1223 4248 rationem.

550 4285 748 4340 PALL.
781 4284 996 4356 Optime
1020 4285 1076 4340 id
1096 4285 1212 4356 ipse
1226 4286 1532 4357 praestabis,
1568 4287 1681 4342 Deo
1707 4287 1816 4357 97
1839 4286 2069 4342 faculta-

481 4387 592 4432 tem
616 4378 959 4449 intelligendi
992 4385 1336 4449 suggerente.

545 4470 702 4526 ΟΥΕ.
735 4471 877 4525 Audi
907 4471 1112 4540 itaque.
1143 4472 1262 4526 Jam
1285 4462 1440 4526 enim
1469 4471 1750 4542 ingrediar
1773 4469 1841 4524 ad
1867 4470 2066 4524 dicen-

479 4562 631 4617 dum.
655 4562 849 4616 Divina
886 4561 1088 4616 factum
1127 4569 1214 4616 est
1243 4563 1346 4626 ira,
1376 4570 1439 4615 ut
1475 4577 1626 4615 mors
1662 4561 1759 4616 Dei
1804 4560 2067 4630 populum

480 4653 890 4723 depasceretur,
926 4661 1092 4722 atque
1123 4653 1189 4707 ad
1232 4653 1426 4707 horam
1469 4669 1646 4721 usque
1697 4653 1936 4722 prandii,
1971 4667 2068 4708 ne-

2171 3461 2314 3531 νοῦς;
2349 3462 2424 3526 ὡς
2454 3462 2773 3532 δυσέφικτον
2807 3464 3002 3537 κομιδῇ
3030 3465 3092 3519 τὸ
3115 3464 3402 3538 θεώρημα.

2233 3643 2398 3697 ΚΥΡ.
2420 3642 2755 3711 Δυσέφικτον
2777 3643 2876 3714 μέν
2897 3643 3367 3715 ὁμολογουμένως,
3393 3645 3487 3698 καὶ
3508 3643 3761 3698 δυσάλω-

2170 3751 2261 3788 τον
2291 3733 2526 3805 ἀληθῶς.
2555 3734 2702 3806 Πλὴν
2727 3735 2905 3788 ἐκεῖνό
2939 3753 3082 3807 φημι
3113 3735 3210 3807 τὴν
3243 3735 3338 3789 τοῦ
3385 3736 3758 3809 προκειμένου

2172 3827 2469 3898 περίνοιαν,
2509 3826 2585 3892 ὡς
2628 3829 2686 3882 ἐν
2719 3827 2920 3897 ὀλίγοις
2965 3824 3024 3884 εὖ
3069 3829 3215 3900 μάλα
3254 3828 3616 3898 συνενεγκὼν,
3659 3831 3762 3885 καὶ

2172 3919 2542 3991 περιστρέψας
2587 3921 2669 3984 είς
2699 3921 2844 3976 νοῦν.
2892 3921 3184 3996 Ἀθρειίδὴ
3213 3917 3326 3988 οὖν,
3370 3915 3416 3976 ὦ
3461 3921 3756 3986 Παλλάδιε,

2171 4011 2420 4083 καθάπερ
2452 4013 2508 4066 ἐν
2556 4013 2808 4084 ἐσόπτρῳ
2861 4013 2957 4066 καὶ
2997 4014 3054 4067 ἐν
3093 4014 3299 4084 ίσχναῖς
3333 4012 3656 4082 φαντασίαις
3689 4012 3760 4065 τὸ

2169 4102 2406 4172 Χριστοῦ
2442 4104 2764 4174 μυστήριον,
2813 4103 2908 4156 καὶ
2933 4102 3032 4174 τῆς
3059 4105 3144 4173 ἐφ’
3169 4105 3300 4176 ἡμῖν
3326 4102 3634 4174 οἰκονομίας
3659 4103 3760 4159 τὸν

2167 4195 2390 4266 τρόπον.
2465 4219 2473 4228 ·

2233 4287 2445 4340 ΠΑΛΛ.
2477 4284 2686 4342 Οὐκοῦν
2731 4286 2910 4360 δρῴης
2957 4288 3024 4344 ἂν
3071 4288 3232 4354 αὐτὸς
3283 4283 3413 4358 εῦγε
3465 4289 3634 4356 τουτὶ,
3688 4288 3759 4341 τὸ

2169 4375 2408 4430 συνιέναι
2435 4375 2696 4432 δύνασθαι
2731 4380 3092 4452 χορηγοῦντος
3127 4378 3287 4436 Θεοῦ.

2239 4469 2405 4525 ΚΥΡ.
2453 4472 2653 4524 ’Ἄκουε
2676 4471 2761 4543 δή.
2787 4472 3082 4544 Βαδιοῦμαι
3106 4473 3213 4545 γὰρ
3231 4473 3328 4545 ήδη
3351 4473 3444 4528 ἐπὶ
3469 4472 3528 4527 τὸ
3551 4473 3756 4545 χρῆναι

2167 4558 2366 4628 λέγειν.
2405 4561 2500 4614 Ἐκ
2527 4560 2677 4625 θείας
2696 4562 2865 4634 ὀργῆς
2885 4564 3230 4636 κατενεμήθη
3254 4565 3480 4628 θάνατος
3499 4563 3593 4617 τὸν
3621 4563 3758 4620 λαὸν

2168 4652 2394 4722 Κυρίου,
2425 4653 2522 4708 καὶ
2555 4653 2748 4725 μέχρις
2777 4653 2926 4726 ὥρας
2959 4653 3207 4726 ἀρίστου,
3237 4655 3627 4720 διακωλύοντος
3660 4656 3760 4708 ού-

480 4741 628 4796 mine
658 4741 1012 4811 prohibente,
1068 4741 1431 4796 invalesceret
1473 4740 1887 4796 exterminator.
1925 4741 2061 4797 Cum

2171 4742 2334 4810 δενὸς,
2395 4744 2616 4815 ἴσχυσεν
2667 4747 2697 4800 6
2745 4745 3069 4818 ὁλοθρευτής
3091 4763 3104 4776 ·
3161 4746 3423 4818 μέλλοντα
3463 4747 3521 4800 δὲ
3563 4748 3756 4813 αὐτοῖς

480 4849 614 4891 vero
655 4835 878 4906 jamjam
908 4833 1258 4890 immissurus
1281 4841 1427 4888 esset
1459 4847 1682 4887 manum
1709 4833 1762 4887 in
1804 4833 2067 4890 Hieroso-

480 4927 644 4998 lyma,
671 4927 929 4998 prohibet
957 4927 1113 4981 illum
1144 4928 1319 4993 Deus;
1345 4935 1640 4998 conspecto
1665 4936 1847 4985 autem
1876 4931 2068 5001 angelo

479 5020 810 5092 supplicavit
833 5019 1005 5074 David
1036 5035 1095 5075 se
1126 5035 1403 5090 peccasse,
1429 5020 1619 5076 dicens
1644 5039 1656 5075 :
1679 5023 1884 5078 rectius
1903 5038 2067 5094 porro

480 5129 602 5168 esse
650 5129 716 5169 ac
761 5113 967 5182 justius
989 5120 1262 5183 pastorem
1291 5129 1356 5169 ac
1383 5112 1578 5170 ducem
1609 5116 1793 5184 potius
1829 5124 2065 5170 mortem

483 5201 640 5256 obire
661 5217 824 5271 quam
859 5217 1010 5266 oves,
1046 5218 1168 5272 quae
1198 5203 1336 5258 nihil
1363 5214 1708 5274 peccassent:
1735 5207 1810 5261 ita
1834 5207 1946 5260 Deo
1973 5208 2063 5278 ju-

484 5293 670 5357 bente,
694 5292 859 5362 erigit
900 5293 1070 5348 altare
1102 5294 1157 5347 in
1187 5309 1316 5349 area
1348 5294 1513 5362 Orna,
1545 5312 1708 5366 quam
1743 5297 1904 5353 simul
1935 5312 2061 5352 cum

486 5383 663 5437 bobus
722 5383 1110 5440 triturantibus
1163 5395 1370 5440 emerat
1429 5385 1578 5443 siclis
1642 5387 2059 5458 quinquaginta.

485 5473 681 5528 Postea
703 5487 835 5527 vero
858 5489 1018 5543 quam
1042 5475 1312 5530 exstruxit
1333 5476 1526 5541 altare,
1545 5477 1754 5532 hostias
1780 5493 1946 5546 super
1997 5493 2064 5532 eo
2091 5504 2100 5508 -

486 5564 808 5630 immolavit,
824 5566 1263 5622 holocautomata
1308 5569 1554 5638 inquam,
1583 5578 1637 5623 et
1660 5570 1883 5640 paciﬁca
1906 5588 1918 5637 ;
1943 5586 2064 5625 ces-

485 5655 628 5711 savit
647 5660 1004 5728 consequenti
1032 5668 1274 5731 tempore
1298 5662 1483 5728 ruina,
1514 5670 1570 5716 et
1595 5661 1680 5715 illa
1709 5662 1860 5731 prius
1887 5663 2066 5732 gravis

555 5832 598 5865 ¹³
627 5831 826 5906 IlReg.
866 5854 1006 5906 xxiv,
1051 5838 1104 5892 ll
1159 5853 1332 5909 usque
1373 5837 1440 5892 ad
1479 5836 1662 5893 finem.

2163 4836 2456 4904 ἐπαφεῖναι
2506 4837 2606 4906 τὴν
2652 4838 2812 4910 χεῖρα
2854 4839 2966 4902 τοῖς
3032 4838 3444 4909 Ἰεροσολύμοις,
3494 4839 3754 4911 ἀπείργει

2162 4925 2322 4989 Θεός·
2361 4925 2690 4998 τεθεαμένος
2715 4927 2772 4982 δὲ
2809 4928 2904 4982 τὸν
2946 4927 3197 4998 ἄγγελον,
3246 4927 3496 4999 ἐλιπάρει
3542 4928 3755 5000 Κύριον

2162 5017 2346 5083 Δαὸὶδ,
2376 5018 2549 5088 λέγων
2597 5019 3126 5090 πεπλημμεληκέναι
3177 5020 3398 5073 ἐαυτόν·
3429 5020 3653 5090 ἄμεινον
3692 5020 3755 5074 δὲ

2162 5107 2302 5165 εἶναι
2332 5115 2428 5167 καὶ
2450 5113 2787 5186 δικαιότερον
2809 5116 2901 5167 τὸν
2931 5113 3165 5185 ποιμένα
3193 5113 3286 5166 καὶ
3322 5112 3627 5184 ἡγούμενον
3661 5115 3754 5166 ἐκ-

2168 5201 2414 5256 τεθνάναι
2446 5202 2665 5272 μᾶλλον,
2701 5203 2868 5272 ἤγουν
2894 5201 2966 5255 τὰ
2991 5203 3261 5274 πρόὸατα,
3301 5203 3390 5256 διά
3420 5220 3502 5256 τοι
3521 5203 3583 5256 τὸ
3613 5203 3752 5256 ειδέ-

2165 5309 2252 5345 ναι
2296 5292 2496 5363 μηδέν’
2545 5289 2665 5346 εἶτα
2711 5292 2847 5347 Θεοῦ
2892 5294 3269 5366 σημαίνοντος,
3316 5295 3518 5364 ἐγείρει
3559 5295 3750 5348 Θυσια-

2168 5386 2388 5456 στήριον
2424 5388 2482 5440 ἐν
2525 5388 2592 5457 τῇ
2625 5385 2739 5457 ἆλῳ
2781 5387 2964 5458 Ὀρνει,
2997 5388 3062 5458 ἣν
3099 5389 3216 5458 ἅμα
3244 5389 3354 5451 τοῖς
3388 5386 3589 5441 ἁλοῶσι
3623 5387 3745 5457 βου-

2167 5478 2252 5530 σὶν
2295 5476 2586 5547 ἐξεπρίατο
2638 5477 2838 5532 σίκλων
2885 5481 3241 5551 πεντήκοντα.
3304 5479 3528 5551 Ἐπειδὴ
3580 5478 3637 5533 δὲ
3686 5478 3750 5531 τὸ

2168 5568 2311 5622 θεῖον
2364 5564 2424 5622 εὖ
2477 5567 2621 5638 μάλα
2668 5569 3053 5642 θυσιαστήριον
3103 5570 3447 5642 ἀνεδείματο,
3499 5570 3600 5632 τὰς
3658 5571 3745 5622 ἐπ’

2169 5660 2317 5732 αὑτῷ
2349 5661 2542 5726 θυσίας
2590 5662 2782 5732 ἐτέλει,
2827 5662 3254 5734 ὁλοκαυτώματα
3291 5663 3382 5718 καὶ
3427 5661 3743 5736 είρηνικάςι

3179 5947 3182 5950 .
3190 5939 3224 5951 οὔ.
