4096 6478
365 356 479 410 289

1086 357 1176 416 DE
1217 353 1668 414 ADORATIONE
1703 355 1770 410 IN
1814 354 2089 412 SPIRITU
2130 355 2221 411 ET
2261 355 2636 414 VERITATE.
2683 359 2811 414 LIB.
2854 361 2944 416 Ill.

3589 371 3696 427 290

365 475 506 548 ἔστη
543 473 603 530 δὲ
651 475 796 531 οὕτω
837 477 1026 535 λοιπὸν
1075 480 1110 550 ἡ
1150 477 1403 550 θραῦσις,
1437 475 1592 529 καὶὸ
1621 475 1788 529 πάλαι
1819 473 1969 529 δεινὸε

2095 491 2247 532 mors
2273 477 2510 534 inhibita
2540 487 2644 535 est.
2669 479 2968 537 Adnotavit
2996 491 3182 554 autem
3217 483 3503 557 Scriptura
3538 506 3693 546 sacra

362 571 616 642 ἐνεκόπη
661 569 914 635 θάνατος.
961 571 1401 642 Ἐπεσημαίνετο
1439 568 1499 621 δὲ
1532 568 1593 620 τὸ
1638 567 1882 638 Γράμμα
1923 565 1986 619 τὸ

362 663 544 735 ἱερὸν,
582 663 668 716 ὅτι
699 662 875 735 βραχὺ
915 662 1018 734 μὲν
1052 659 1122 734 ἦν
1161 665 1220 717 ὲν
1251 663 1449 733 ἀρχαῖς
1480 661 1542 714 τὸ
1575 661 1981 732 θυσιαστήριον,

361 754 697 826 προσέθηκέ
735 772 800 825 γε
856 756 966 828 μὴν
1007 758 1066 810 ὲν
1095 755 1350 827 ἐσχάτοις
1405 753 1668 826 Σαλομὼν
1706 752 1874 825 αὐτῷ.
1913 752 1984 806 Ἦ

367 847 464 900 οὐκ
508 842 662 900 εἶναι
687 847 798 918 φῂς
848 847 926 912 ὡς
955 846 1014 901 ἐν
1036 864 1100 917 γε
1128 846 1326 918 βραχεῖ
1347 847 1447 918 τὴν
1481 845 1577 900 τοῦ
1618 844 1984 917 προκειμένου

370 940 663 1010 περίνοιαν
687 940 746 993 ὲν
765 938 982 1004 τούτοις
1004 957 1018 1006 ;

435 1033 660 1088 ΗΔΛΛ.
703 1033 875 1104 Φημίο
904 1032 1025 1097 πῶς
1051 1033 1094 1087 δ’
1119 1033 1185 1087 ἂν
1208 1032 1423 1102 γένοιτο
1450 1032 1626 1104 σαφὴς
1653 1034 1682 1087 ό
1710 1032 1855 1100 νοῦς,
1879 1032 1981 1106 ἥδη

354 1127 682 1195 διατράνου.

435 1219 614 1276 ΚΥΡ.
654 1215 735 1274 Ἦ
791 1219 894 1274 οὐκ
955 1214 1134 1285 οἶσθα,
1174 1219 1259 1274 ὅτι
1308 1218 1644 1274 κατώλισθεν
1683 1219 1982 1292 ὁμολογου-

357 1309 555 1380 μένως
587 1311 673 1374 είς
724 1309 958 1366 θάνατον
989 1311 1085 1365 καὶ
1121 1310 1328 1382 φθορὰν
1358 1313 1392 1382 ἡ
1447 1309 1740 1382 ἀνθρώπου
1781 1309 1977 1380 φύσις,

353 1399 732 1473 καταθήξασα
776 1401 916 1474 πρὸς
948 1401 1119 1474 ὀργὰς
1163 1401 1257 1455 τὸν
1295 1400 1663 1475 Δημιουργὸν,
1706 1400 1784 1465 ὡς
1818 1402 1876 1455 ὲν
1911 1402 1979 1472 τῇ

351 1490 565 1559 γένους
597 1491 761 1563 ἡμῶν
809 1493 1066 1563 ἀπαρχῇ,
1121 1489 1271 1546 τοῦτ’
1323 1491 1492 1558 ἐστιν,
1546 1490 1749 1562 Ἀδὰμ,
1796 1490 1981 1561 ὅςτὴν

350 1581 520 1636 Θείαν
551 1586 608 1637 ἐν
650 1584 851 1656 ἀρχαῖς
897 1584 1169 1655 ὴθέτησεν
1200 1584 1442 1657 ἐντολὴν,
1478 1587 1686 1659 ἀκήκοε
1720 1587 1779 1642 δὲ
1812 1584 1976 1640 οὕτωσ

359 1697 378 1727 ι
417 1676 500 1749 Γῆ
534 1673 607 1743 εἷ,
642 1677 741 1731 καὶ
766 1678 849 1742 είς
870 1677 976 1749 γῆν
1005 1676 1285 1750 ἀπελεύσῃ
1309 1695 1323 1743 ;
1349 1698 1378 1732 φ

433 1851 660 1912 ΠΑᾹΛ.
701 1856 949 1929 Ἀληθές.

426 1949 607 2004 ΚΥΡ.
691 1949 830 2003 Ἀπὸ
896 1947 1046 2020 πρωῒ
1098 1946 1415 2023 τοιγαροῦν,
1481 1948 1628 2004 τοῦτ’
1677 1950 1844 2018 ἔστιν,
1907 1952 1974 2008 ὲκ

345 2042 602 2116 πρώτων
640 2041 738 2097 τοῦ
786 2041 1061 2114 παρόντος
1108 2039 1307 2107 αἰῶνος
1349 2041 1585 2116 καιρῶν,
1621 2045 1973 2117 κατενεμήθη

345 2137 600 2200 Θάνατος
655 2135 785 2200 τοὺς
840 2134 936 2188 ἐπὶ
988 2135 1089 2206 τῆς
1135 2137 1261 2206 γῆς,
1315 2134 1510 2206 μέχρις
1538 2135 1689 2209 ὥρας
1722 2138 1973 2210 ἀρίστου,

343 2229 506 2283 τοῦτ’
522 2227 813 2293 ἔστιν,ἒως
823 2226 1021 2298 καιρὸς
1036 2225 1485 2300 τραπέζης.”οτε
1506 2229 1614 2302 γὰρ
1631 2231 1762 2302 ἡμῖν
1779 2231 1973 2302 ἐνέστη

341 2324 552 2396 καιρὸς
607 2323 710 2394 τῆς
757 2321 928 2392 ἁγίας
986 2319 1307 2392 τραπέζης,
1363 2319 1522 2392 δῆλον
1567 2321 1624 2374 δὲ
1656 2323 1739 2375 ὅτι
1782 2323 1883 2394 τῆς
1913 2323 1973 2376 ὲν

344 2413 590 2487 Χριστῷ
622 2413 720 2468 κα)⁸
753 2411 1054 2484 μυστικῆς,
1087 2411 1174 2484 ἐφ’
1214 2405 1250 2487 ᾖ
1280 2411 1372 2466 τὸν
1401 2411 1567 2485 ἄρτον
1596 2411 1850 2484 ἐσθίομεν
1878 2413 1972 2467 τὸν

344 2509 412 2574 ἐξ
445 2505 690 2577 οὐρανοῦ
719 2506 816 2559 καὶ
849 2503 1139 2571 ζωοποιὸν,
1167 2505 1198 2559 ὁ
1239 2504 1407 2561 πάλαι
1445 2505 1618 2570 δεινὸς
1649 2505 1746 2560 καὶ
1774 2505 1971 2560 δυσάν-

345 2616 522 2672 τητος
572 2597 905 2671 κατηργήθη
935 2597 1208 2664 θάνατος,
1234 2597 1737 2670 παρακεκλημένον
1789 2598 1926 2653 Θεοῦ
1953 2615 1968 2630 '

345 2693 451 2747 καὶ
488 2690 892 2765 δεδυσώπηται
944 2691 1099 2765 μόλις
1143 2694 1172 2746 ὁ
1224 2691 1573 2764 ὀλοθρευτὴς,
1630 2693 1689 2757 ὃς
1737 2693 1971 2766 ἐπείπερ

344 2784 519 2856 ἤθελε
549 2783 647 2838 καὶ⁵
673 2785 788 2848 τοῖς
831 2783 934 2857 τὴν
969 2783 1132 2854 ἁγίαν
1160 2783 1374 2838 οἰκοῦσι
1409 2784 1586 2852 πόλιν,
1629 2785 1730 2856 τὴν
1769 2783 1972 2857 νοητὴν

359 2876 776 2950 Ἰερουσαλὴμ,
824 2877 928 2949 τὴν
978 2877 1402 2950 διαφθείρουσαν
1448 2879 1742 2949 ἐπαφεῖναι
1784 2880 1966 2951 χεῖρα,

346 2967 490 3024 Θεοῦ
554 2969 1102 3042 παρακεκλημένου,
1164 2971 1286 3024 τότε
1349 2971 1414 3043 δὴ
1479 2971 1634 3043 μόλις
1689 2972 1965 3042 εἴργεται*

352 3082 372 3114 ι
421 3064 592 3127 ’Δνες
617 3061 730 3132 γάρ
760 3061 879 3128 νῦν,
911 3080 931 3116 ι
963 3062 1150 3134 φησὶν,
1192 3082 1210 3114 ι
1244 3063 1430 3117 ἱκανόν
1460 3065 1628 3119 ἐστιν.
1656 3083 1676 3118 ι
1723 3065 1881 3134 Ἀγία
1910 3065 1969 3120 δὲ

347 3153 533 3222 πόλις,
551 3154 586 3225 ἡ
626 3153 948 3226 Ἐκκλησία,
971 3149 1042 3228 ἧς
1061 3149 1172 3208 εἷεν
1196 3152 1263 3209 ἂν
1281 3155 1566 3226 οἰκήτορες
1586 3157 1635 3208 οἱ
1654 3155 1742 3210 διὰ
1766 3156 1968 3222 ζῶντος

346 3248 526 3318 ἄρτου
571 3244 947 3315 τελειούμενοι
969 3244 1108 3318 πρὸς
1125 3247 1422 3318 ἁγιασμόν.
1447 3248 1560 3318 Τῆς
1585 3247 1731 3302 οὕτω
1760 3251 1968 3321 σεπτῆς

345 3341 448 3394 καὶ
473 3337 817 3409 ἀξιαγάστου
853 3339 1068 3413 πόλειρς
1101 3341 1198 3394 καὶ
1226 3339 1255 3390 ὁ
1299 3339 1444 3405 θεῖος
1473 3340 1640 3395 Δαϐὶδ
1661 3340 1968 3416 διαμέμνη-

343 3449 444 3486 ται
463 3431 646 3499 λέγων
665 3448 679 3462 ⁸
712 3451 731 3484 ι
754 3431 1136 3504 Δεδοξασμένα
1159 3431 1399 3506 ἐλαλήθη
1421 3435 1552 3504 περὶ
1587 3433 1706 3502 σοῦ,
1744 3437 1778 3507 ἠ
1812 3435 1967 3502 πόλις

343 3525 445 3578 τοῦ
474 3523 640 3580 Θεοῦ.
676 3545 696 3579 ι
731 3525 1046 3598 Κατῴκησε
1076 3525 1194 3598 γὰρ’
1216 3527 1274 3580 ὲν
1297 3527 1431 3598 ἡμῖν
1469 3528 1729 3600 Χριστὸς,
1758 3529 1817 3592 ὃς
1848 3531 1964 3584 ἐστι

346 3619 465 3691 ζωὴ
529 3621 631 3675 καὶ
673 3617 966 3684 ζωοποιός.
1047 3619 1343 3692 Τοιγάρτοι
1395 3622 1493 3675 καὶ
1543 3623 1805 3678 ἀποσοϐεῖ
1833 3624 1966 3690 Θεὸς

343 3711 461 3766 τῶν
509 3710 872 3782 ήγιασμένων
926 3710 1020 3765 τὸν
1072 3711 1424 3785 ὀλοθρευτὴν,
1479 3715 1556 3779 ὡς
1586 3716 1772 3770 οὐκέτι
1807 3718 1965 3788 νικᾷν

345 3805 646 3874 ὀφείλοντα
683 3805 822 3876 μετὰ
851 3805 954 3876 τὴν
1003 3805 1278 3872 ἀνάδειξιν
1312 3806 1408 3861 τοῦ
1441 3809 1636 3880 καιροῦ
1669 3809 1772 3881 τῆς
1802 3809 1966 3879 ἁγίας

344 3900 666 3971 τραπέζης,
718 3900 786 3970 ἢν
834 3899 864 3952 ὁ
897 3899 996 3954 τοῦ
1051 3900 1277 3972 ἀρίστου
1323 3903 1515 3974 καιρὸς
1565 3902 1959 3958 ὑπαινίττεται.

360 3992 642 4058 Ἐξέίλετο
689 3993 874 4047 τοίνυν
926 3993 1077 4065 ἡμᾶς
1113 3997 1142 4049 ὁ
1179 3993 1438 4066 Χριστὸς,
1472 3994 1548 4059 ὡς
1593 3997 1653 4049 ὲν
1686 3995 1964 4069 προσώπῳ

346 4085 652 4156 νοούμενος
678 4084 997 4160 τοῦόΔαδίδ.
1037 4085 1256 4158 Ἐπειδὴ
1283 4086 1394 4158 γὰρ
1420 4085 1612 4142 ἐθεᾶτο
1639 4087 1964 4142 δαπανῶντα

346 4177 440 4232 τὸν
492 4177 731 4232 θάνατον
762 4179 892 4242 τοὺς
923 4178 1018 4230 ἐπὶ
1050 4177 1154 4248 τῆς
1194 4177 1322 4249 γῆς,
1359 4178 1714 4251 παράκλητος
1737 4180 1962 4250 γέγονεν

346 4268 496 4340 ὑπὲρ
514 4269 676 4340 ἡμῶν
703 4267 841 4340 πρὸς
855 4268 949 4322 τὸν
979 4268 1225 4341 Πατέρα·
1251 4268 1616 4340 προσεκόμιζε
1644 4269 1752 4342 γὰρ
1771 4271 1963 4325 ἑαυτὸν

345 4359 492 4434 ὑπὲρ
547 4359 738 4432 ἡμῶν,
784 4361 882 4414 καὶ
935 4357 1212 4430 ὑπέθηκεν
1245 4358 1388 4414 ἑκὼν
1416 4359 1496 4434 τῷ
1526 4359 1767 4434 θανάτῳ,
1807 4361 1962 4415 δεδυ-

347 4453 584 4525 σὼπηκέ
619 4470 679 4506 τε
718 4454 813 4508 τὸν
851 4452 1202 4526 ὀλοθρευτὴν,
1251 4451 1450 4508 ἑαυτοῦ
1491 4453 1667 4523 λέγων
1699 4450 1961 4526 εἶναιτὴν

2088 570 2260 626 altare
2293 571 2429 626 illud
2467 589 2700 644 parvum
2743 574 2813 629 ab
2855 576 3015 631 initio
3049 577 3220 633 fuisse
3241 589 3522 645 ,.auctum
3555 599 3691 638 vero

2087 671 2281 732 postea
2327 678 2358 718 a
2391 663 2704 719 Salomone.
2759 666 3030 724 Utrumne
3071 669 3240 740 igitur
3279 672 3335 726 in
3375 673 3464 728 his
3501 675 3692 730 verbis

2086 767 2253 822 quam
2289 752 2618 808 brevissime
2655 757 2921 828 propositi
2965 759 3071 816 loci
3099 762 3430 819 exteriorem
3464 779 3688 822 sensum

2085 843 2364 901 contineri
2392 845 2616 902 fateris?

2157 1025 2359 1082 PALL.
2391 1027 2610 1094 Fateor,
2655 1029 2753 1084 sed
2797 1032 3074 1100 quomodo
3116 1033 3316 1090 clarior
3359 1035 3485 1092 fieri
3514 1039 3688 1109 possit

2083 1115 2206 1187 ejus
2234 1117 2344 1173 loci
2381 1116 2716 1185 intellectus,
2753 1121 2864 1190 jam
2897 1121 3154 1192 explana.

2153 1208 2313 1266 CYR.
2363 1210 2449 1265 An
2477 1211 2699 1282 ignoras
2741 1211 2986 1268 hominis
3026 1224 3314 1282 naturam,
3351 1219 3500 1288 quod
3541 1220 3686 1275 inter

2084 1317 2278 1358 omnes
2317 1306 2599 1372 convenit,
2629 1307 2686 1361 in
2715 1313 2950 1362 mortem
2985 1317 3149 1379 atque
3180 1310 3467 1368 interitum
3487 1356 3502 1380 ,
3533 1318 3684 1388 quod

2083 1410 2246 1452 suum
2267 1397 2522 1469 opiﬁcem
2545 1399 2612 1454 ad
2635 1399 2773 1455 iram
2789 1401 3264 1468 concitavisset,in
3281 1404 3400 1475 ipso
3423 1414 3683 1479 tanquam

2082 1488 2261 1543 nostri
2306 1490 2530 1560 generis
2574 1491 2757 1557 initio,
2788 1493 2844 1548 id
2873 1501 2979 1560 est,
3009 1494 3065 1548 in
3099 1496 3308 1562 Adam,
3342 1501 3681 1572 praecipitem

2083 1579 2300 1636 ruisse?
2326 1581 2422 1651 qui
2465 1597 2590 1636 cum
2628 1577 2878 1638 divinum
2908 1585 2977 1639 ab
3009 1585 3168 1642 initio
3197 1589 3519 1646 mandatum
3547 1608 3682 1647 con-

2083 1673 2654 1743 tempsisset,.audivit
2679 1693 2691 1730 :
2725 1695 2742 1728 ι
2769 1676 2940 1733 Terra
2963 1693 3043 1745 es,
3069 1687 3126 1734 et
3170 1679 3226 1735 in
3263 1689 3467 1737 terram
3497 1699 3682 1741 rever-

2086 1766 2218 1822 teris
2239 1767 2300 1821 ίι.
2338 1786 2356 1818 ι

2006 1845 2052 1904 Β
2153 1859 2351 1914 PALL.
2384 1860 2528 1916 Vera
2558 1860 2719 1917 dicis.

2148 1945 2307 2003 CYR.
2343 1947 2389 2002 A
2422 1964 2585 2004 mane
2609 1950 2796 2021 igitur,
2825 1951 2933 2009 hoc
2970 1963 3057 2010 est
3075 1995 3090 2021 ,
3113 1970 3144 2011 a
3168 1956 3366 2027 primis
3393 1958 3560 2032 hujus
3580 1976 3682 2018 εω-

2075 2040 2187 2095 culi
2221 2043 2563 2113 temporibus
2603 2061 2754 2103 mors
2793 2047 3019 2118 depasta
3060 2057 3146 2104 est
3179 2065 3277 2106 eos
3313 2053 3411 2122 qui
3445 2053 3502 2107 in
3539 2034 3685 2111 terra

2073 2142 2270 2201 erant,
2297 2151 2472 2206 usque
2511 2137 2582 2192 ad
2613 2139 2808 2194 horam
2842 2141 3083 2210 prandii,
3127 2142 3233 2198 hoc
3265 2152 3370 2210 est,
3408 2161 3585 2217 usque
3611 2148 3680 2202 ad

2073 2241 2280 2283 mensa
2332 2237 2568 2300 tempus.
2623 2231 2728 2287 Ubi
2777 2233 2929 2287 enim
2983 2234 3210 2289 advenit
3262 2237 3426 2293 nobis
3477 2249 3683 2294 sanetae

2073 2331 2557 2394 menszetempus,
2590 2324 2854 2380 nimirum
2895 2327 3046 2382 illius
3089 2327 3146 2382 in
3187 2327 3408 2385 Christo
3441 2347 3506 2387 ac
3565 2349 3682 2405 my-

2074 2412 2247 2479 sticae,
2276 2414 2333 2469 in
2357 2430 2465 2485 qua
2496 2432 2639 2486 pane
2672 2418 2953 2473 vescimur
2979 2419 3074 2474 illo
3097 2421 3320 2477 caelitus
3351 2422 3480 2478 dato
3513 2431 3679 2494 atque
3742 2453 3746 2458 ~

2075 2504 2260 2570 vitali,
2301 2521 2425 2577 quze
2473 2509 2628 2578 prius
2678 2510 2946 2567 terribilis
3003 2521 3142 2578 erat,
3199 2513 3401 2584 cuique
3453 2514 3679 2578 difﬁcile

2075 2593 2274 2650 obsisti
2297 2605 2532 2666 poterat,
2557 2615 2708 2655 mors
2729 2602 2988 2667 cessavit,
3007 2604 3120 2659 Deo
3143 2604 3212 2660 ad
3235 2606 3677 2663 misericordiam

2073 2696 2370 2754 revocato,
2427 2706 2552 2746 cum
2600 2692 2693 2746 vix
2738 2693 3016 2750 inhibitus
3049 2703 3198 2751 esset
3236 2698 3674 2755 exterminator:

2075 2779 2168 2850 qui
2199 2795 2328 2835 cum
2355 2783 2522 2838 vellet
2547 2784 2602 2839 in
2630 2800 2727 2840 eos
2756 2802 2978 2857 quoque
3007 2789 3104 2859 qui
3140 2789 3198 2844 in
3234 2800 3423 2846 sancta
3453 2791 3679 2848 civitate

2074 2871 2421 2940 habitarent,
2449 2875 2506 2930 in
2547 2875 2822 2947 spirituali
2856 2895 3056 2951 nempe
3087 2880 3417 2948 Jerusalem,
3447 2884 3676 2954 pestife-

2071 2980 2189 3019 ram
2212 2964 2515 3022 immittere
2547 2984 2796 3035 manum,
2818 2970 2931 3026 Deo
2962 2971 3030 3026 ad
3051 2972 3493 3030 misericordiam
3511 2975 3675 3040 ﬂexo,

2071 3058 2164 3114 vix
2193 3059 2412 3114 tandem
2431 3061 2746 3127 cohibetur,
2771 3082 2788 3113 ι
2822 3063 3066 3120 Remitte
3083 3082 3253 3134 nunc,
3277 3087 3294 3118 ι
3323 3068 3560 3137 inquit,«
3594 3078 3679 3123 sat

2070 3160 2175 3206 est.
2211 3172 2229 3204 ι
2263 3152 2465 3208 Sancta
2496 3169 2665 3223 porro
2693 3153 2893 3209 civitas
2920 3155 3170 3212 Ecclesia
3201 3167 3306 3224 est,
3329 3161 3488 3230 cujus
3511 3160 3676 3215 habi-

2073 3253 2278 3301 tatores
2320 3261 2417 3300 eos
2461 3261 2585 3301 esse
2624 3254 2761 3317 puto
2800 3247 2895 3317 qui
2936 3264 3076 3318 pane
3122 3250 3218 3305 illo
3254 3252 3474 3326 yiventi
3505 3254 3674 3324 perﬁ-

2044 3337 2298 3394 'ciuntur
2330 3338 2397 3392 ad
2429 3338 2946 3395 sanctiﬁcationem.
2975 3340 3152 3414 Hujus
3177 3343 3317 3398 adeo
3345 3353 3594 3416 augusta!
3618 3354 3677 3402 et

2069 3429 2414 3484 admirabilis
2442 3429 2685 3485 civitatis
2704 3431 2874 3485 etiam
2901 3431 3125 3488 divinus
3157 3433 3247 3489 ille
3274 3435 3445 3492 David
3480 3437 3676 3491 memi-

2069 3523 2173 3588 nit,
2227 3522 2421 3578 dicens
2461 3539 2474 3576 :
2525 3542 2543 3574 ‹
2581 3522 2832 3580 Gloriosa
2875 3524 3022 3580 dicta
3075 3535 3208 3581 sunt
3246 3527 3316 3583 de
3369 3536 3444 3593 te,
3478 3529 3676 3585 civitas

2068 3616 2172 3673 Dei
2192 3617 2255 3670 ⁸⁸.
2269 3636 2286 3668 ι
2309 3615 2590 3671 Habitavit
2605 3617 2754 3672 enim
2772 3617 2828 3672 in
2845 3618 3006 3674 nobis
3022 3617 3297 3685 Christus,
3316 3621 3411 3691 qui
3429 3621 3542 3676 vita
3562 3631 3670 3686 est,

2069 3716 2126 3764 et
2149 3707 2264 3778 98
2280 3706 2449 3761 vitam
2473 3715 2728 3777 praestat:
2754 3709 3120 3779 quamobrem
3143 3727 3173 3766 a
3192 3711 3552 3768 sanctiﬁcatis
3569 3712 3670 3768 de-

2069 3800 2389 3871 pellitDeus
2419 3801 2940 3858 exterminatorem:
2972 3818 3151 3874 neque
3172 3806 3322 3860 enim
3347 3805 3571 3861 vincere
3590 3805 3669 3860 illi

2069 3892 2309 3962 amplius
2329 3892 2482 3958 licet,
2511 3902 2806 3964 postquam
2831 3905 3036 3952 sancta:
3059 3897 3209 3953 illius
3229 3914 3434 3954 mensae
3453 3907 3673 3972 tempus

2067 3985 2314 4051 advenit,
2346 4001 2510 4056 quam
2555 3987 2774 4057 prandii
2820 3996 3038 4058 tempus
3087 3990 3328 4045 latenter
3373 3991 3670 4062 signiﬁcat.

2067 4075 2291 4146 Eripuit
2312 4092 2444 4148 ergo
2474 4092 2578 4132 nos
2598 4077 2873 4144 Christus,
2910 4081 3006 4150 qui
3032 4080 3087 4134 in
3123 4094 3357 4150 persona
3385 4067 3555 4138 David
3581 4085 3672 4139 in-

2070 4166 2354 4237 telligitur.
2377 4167 2536 4234 Nam,
2574 4176 2935 4238 posteaquam
2961 4170 3102 4224 vidit
3133 4185 3230 4225 eos
3269 4171 3364 4241 qui
3415 4171 3473 4226 in
3526 4167 3670 4229 Ezrra

2067 4264 2227 4311 erant
2256 4273 2289 4312 a
2319 4266 2497 4312 morte
2527 4247 2800 4325 consumi,
2829 4260 3143 4330 paracletus
3171 4269 3337 4332 atque
3367 4263 3671 4319 advocatus

2068 4357 2154 4404 est
2187 4365 2291 4420 pro
2333 4349 2500 4405 nobis
2531 4349 2600 4404 ad
2633 4351 2884 4419 Patrem;
2919 4352 3122 4407 obtulit
3144 4369 3383 4424 namque
3424 4355 3670 4425 seipsum

2067 4457 2169 4512 pro
2194 4441 2378 4507 nobis,
2403 4449 2459 4497 et
2479 4443 2644 4497 morti
2667 4451 2863 4514 sponte
2889 4444 3145 4514 subjecit,
3181 4444 3545 4516 cohibuitque
3570 4463 3668 4502 ex-

345 4546 670 4618 ἁμαρτίαν·
732 4546 834 4618 οὐχ
880 4546 965 4600 ὅτι
1021 4546 1295 4618 πεποίηκε
1344 4546 1445 4619 τὴν
1495 4547 1796 4620 ἁμαρτίαν,
1843 4547 1960 4601 ἀλλ’

2070 4535 2505 4602 terminatorem,
2528 4551 2687 4590 suum
2706 4552 2826 4592 esse
2845 4546 3132 4607 peccatum
3155 4537 3374 4606 dicens;
3394 4555 3506 4594 non
3519 4541 3669 4611 quod

343 4639 456 4702 ὅτι,
502 4637 653 4691 κατὰ
683 4636 784 4700 τὰς
821 4638 1069 4708 Γραφὰς,
1121 4656 1140 4690 ι
1180 4637 1345 4702 αὐτὸς
1366 4636 1466 4702 τὰς
1493 4639 1773 4710 ἁμαρτίας
1801 4639 1961 4711 ἡμῶν

344 4729 520 4798 αἴρει,
557 4727 657 4780 καὶ
700 4726 832 4798 περὶ
859 4725 1019 4798 ἡμῶν
1063 4727 1343 4790 ὀδυνᾶται,
1389 4727 1486 4781 καλ⁹
1512 4729 1570 4782 ἐν
1598 4731 1712 4793 τοῖς
1737 4729 1962 4800 ἀνόμοις

344 4820 634 4892 ἐλογίσθη,
673 4839 693 4872 ι
730 4820 913 4874 καίτοι
955 4821 1030 4891 μὴ
1093 4821 1249 4886 είδὼς
1306 4822 1619 4894 ἁμαρτίαν⁸
1680 4842 1698 4874 ι
1742 4823 1837 4877 καὶ
1870 4823 1964 4892 γέ-

344 4930 512 4982 γονεν
563 4911 713 4984 ὑπὲρ
753 4910 917 4984 ἡμῶν
966 4912 1202 4984 κατάρα.
1247 4930 1265 4963 ι
1303 4912 1518 4984 Χρῆναι
1568 4912 1625 4966 δέ
1665 4930 1834 4984 φησι,
1867 4913 1961 4968 τὸν

345 5005 592 5078 ποιμένα
629 5003 834 5077 μᾶλλον
872 5003 906 5076 ἢ
935 5004 1006 5058 τά
1037 5004 1292 5076 πρόϐατα
1326 5006 1552 5060 παθεῖν’
1585 5005 1663 5070 ὡς
1695 5006 1805 5078 γὰρ
1835 5023 1959 5061 ποι-

348 5100 460 5174 μὴν
508 5100 719 5170 ἀγαθὸς
761 5098 868 5172 τὴν
915 5097 1097 5170 ψυχὴν
1144 5098 1314 5152 αὐτοῦ
1364 5098 1611 5154 τέθεικεν
1670 5100 1813 5172 ὑπὲρ
1848 5100 1960 5156 τῶν

346 5193 667 5267 προϐάτων.
703 5187 842 5247 Εἶτα
873 5191 1020 5246 κατά
1058 5192 1211 5248 θείαν
1245 5192 1576 5266 ὑπόμνησιν,
1610 5195 1640 5248 ὁ
1672 5193 1962 5257 θεσπέσιος

343 5281 538 5350 Δαόὶδ,
569 5280 703 5335 ἔνθα
727 5281 820 5335 τὸν
842 5280 1076 5352 ἄγγελον
1097 5281 1192 5337 τὸν
1222 5281 1550 5356 ὀλοθρευτὴν
1571 5283 1962 5357 ἀπρακτοῦντα

345 5373 452 5446 ἢδη
488 5374 588 5428 καὶ
621 5373 900 5446 ἑστηκότα
943 5373 1202 5429 τεθέαται
1271 5372 1403 5447 (εῑδε
1453 5377 1564 5448 γὰρ
1601 5377 1764 5432 αὐτὸν
1808 5377 1964 5450 παρὰ

343 5468 447 5538 τὴν
479 5466 618 5533 ἅλω,
639 5468 854 5540 φησιν),
885 5467 1292 5540 ὲκεῖ-διαπήξας
1309 5468 1716 5544 θυσιαστήριον,
1732 5471 1963 5526 ὁλοκαυ-

345 5558 590 5630 τώματα
610 5557 1014 5633 καὶείρηνικὰς
1041 5557 1267 5631 (θυσιῶν
1291 5558 1350 5612 δὲ
1375 5559 1486 5613 τῶν
1513 5560 1658 5616 κατά
1679 5561 1772 5615 τὸν
1797 5561 1964 5632 νόμον

348 5653 472 5726 εἴδη
501 5670 563 5708 τε
595 5654 692 5708 καὶ
733 5654 930 5726 τρόποι
968 5651 1151 5724 ταυτὶ)
1183 5655 1536 5726 προσαγήοχε
1568 5653 1647 5726 τῷ
1681 5653 1820 5726 Θεῷ.
1853 5655 1966 5710 Καὶ

347 5747 442 5802 διὰ
490 5747 592 5819 μὲν
627 5746 731 5819 τῆς
780 5746 898 5801 ὄιλω
946 5745 1164 5818 νοήσεις
1211 5747 1311 5818 τὴν
1359 5747 1712 5820 Ἐκκλησίαν,
1762 5749 1843 5812 εἰς
1898 5749 1965 5819 ἣν

433 5904 699 5964 “Cenes.
727 5921 806 5977 ιιι,
833 5907 917 5963 19.
1001 5908 1042 5942 ⁸⁸
1084 5907 1225 5965 Psal.
1253 5909 1544 5976 Lxxxvt,5.
1625 5908 1667 5941 ¹⁶
1703 5909 1804 5965 lsa.
1832 5924 1943 5976 Lm,
1970 5907 2022 5965 4.

2057 4635 2349 4701 peccatum
2373 4629 2489 4701 ipse
2518 4630 2884 4697 commiserit,
2913 4631 3010 4686 sed
3033 4631 3206 4702 quod,
3228 4633 3384 4704 juxta
3416 4631 3669 4704 Scriptu-

2059 4737 2168 4788 ras,
2205 4740 2223 4773 ι
2261 4721 2378 4793 ipse
2399 4731 2626 4792 peccata
2657 4731 2846 4778 nostra
2873 4731 3074 4794 portat,
3097 4733 3154 4780 et
3176 4741 3278 4795 pro
3309 4725 3473 4782 nobis
3496 4725 3667 4793 dolet,

2058 4823 2116 4868 et
2145 4814 2294 4870 inter
2335 4815 2636 4870 sceleratos
2665 4824 2956 4886 reputatus
2977 4825 3066 4873 est
3091 4819 3166 4884 ‘°,
3203 4837 3221 4869 ι
3255 4819 3512 4889 quamvis
3535 4834 3667 4890 pec-

2058 4915 2243 4962 catum
2268 4923 2382 4980 non
2413 4914 2622 4972 nosset,
2658 4927 2677 4959 ‹
2705 4917 2761 4963 et
2791 4908 2970 4965 factus
2995 4919 3080 4966 est
3109 4926 3210 4982 pro
3247 4912 3409 4968 nobis
3433 4912 3669 4968 maledi-

2059 5001 2289 5057 ctum".
2326 5020 2344 5051 ι
2384 4999 2622 5070 Ᾱῐψιίιιε
2665 5010 2852 5058 autem
2890 5018 3013 5058 esse
3049 5003 3128 5057 ait
3156 5013 3430 5074 pastorem
3457 5045 3472 5069 ,
3501 5020 3668 5075 quam

2065 5109 2198 5150 oves
2235 5110 2428 5166 pcenas
2462 5093 2649 5151 luere:
2687 5112 2816 5150 nam
2876 5103 2937 5151 ut
2981 5096 3160 5152 bonus
3199 5105 3388 5168 pastor
3425 5096 3668 5152 animam

2065 5201 2224 5242 suam
2276 5187 2463 5258 posuit
2505 5204 2608 5259 pro
2647 5188 2865 5244 ovibus.
2895 5189 3107 5246 Deinde
3141 5189 3331 5245 divino
3379 5188 3666 5247 admonitu

2065 5280 2264 5336 beatus
2296 5278 2492 5346 David,
2531 5278 2627 5334 ubi
2647 5279 2902 5351 angelum
2931 5279 3417 5335 exterminatorem
3439 5295 3665 5336 cessan-

2064 5380 2178 5430 tem
2195 5374 2309 5446 jam
2351 5382 2410 5428 et
2430 5379 2669 5428 stantem
2695 5373 2985 5444 conspexit
3008 5372 3331 5445 (viditenim
3354 5387 3480 5428 eum
3494 5390 3666 5447 prope

2063 5481 2272 5532 aream,
2297 5465 2523 5537 inquit),
2549 5464 2627 5520 ibi
2661 5463 2771 5521 ﬁxo
2801 5464 2982 5531 altari,
3013 5465 3335 5521 holocausta
3358 5473 3416 5522 et
3436 5465 3666 5539 paciﬁca

2065 5556 2290 5631 (genera
2328 5565 2514 5611 autem
2538 5571 2604 5611 ea
2629 5564 2760 5612 sunt
2792 5569 2861 5610 ex
2880 5555 3019 5628 legis
3047 5556 3394 5629 praescripto,
3417 5571 3484 5613 ac
3515 5557 3665 5612 modi

2065 5648 2420 5722 hostiarum),
2459 5649 2666 5705 obtulit
2719 5649 2852 5706 Deo.
2901 5648 2981 5705 Ac
3013 5663 3111 5720 per
3152 5663 3338 5705 aream
3396 5647 3668 5718 intelliges

2067 5742 2401 5808 Ecclesiam,
2430 5741 2500 5798 ad
2546 5739 2884 5814 quamcum
2931 5738 3306 5816 pervenisset,
3351 5739 3502 5798 stetit
3550 5747 3666 5793 tan-

2162 5907 2202 5938 "
2225 5904 2400 5962 Galat.
2427 5921 2506 5973 ιιι,
2535 5904 2623 5961 15.
