4096 6428
493 340 592 396 291

1485 335 1542 390 S.
1587 331 1866 390 CYRILLI
1902 330 2375 387 ALEXANDRINI
2414 331 2732 390 ARCIIIEP.

3659 334 3768 390 29%

497 450 643 514 dem,
670 459 726 505 et
750 449 1029 504 destructa
1055 462 1202 509 mors
1229 455 1342 513 est;
1365 456 1421 501 et
1442 446 1588 500 illam
1617 447 1769 516 prius
1791 444 2083 499 violentam

2191 446 2516 516 ἀφιγμένος,
2555 447 2686 517 ἓστη
2712 465 2770 499 τε
2797 447 3002 513 λοιπὸν,
3046 448 3138 501 καὶ
3162 445 3484 519 κατηργήθη
3516 446 3768 513 Θάνατος,

493 551 550 596 et
571 541 946 596 devastantem
985 541 1168 595 omnia
1195 556 1418 594 manum
1447 539 1723 594 contraxit
1749 537 2082 593 extermina-

497 642 609 699 tor;
640 642 724 688 est
742 633 889 687 enim
922 633 1071 687 illius
1093 633 1237 694 vitm,
1259 646 1383 701 quae
1406 638 1598 700 suapte
1620 637 1818 683 natura
1840 629 1950 682 vita
1977 637 2082 692 est,

498 725 606 781 hoc
658 734 747 779 est
799 724 1004 780 Christi
1041 723 1260 778 domus.
1311 723 1508 778 Arcam
1545 738 1678 776 vero
1713 721 1950 776 dicimus
1978 721 2084 775 Ec-

494 818 716 873 clesiam
738 833 805 872 ex
827 817 1063 887 imagine
1087 817 1321 886 quadam
1346 825 1509 885 atque
1534 815 1915 878 similitudine,
1937 813 2084 884 quod

495 909 552 963 in
580 923 646 963 ea
688 907 1098 978 manipulorum
1130 909 1515 978 spicarumque
1547 923 1700 961 more
1728 907 2081 976 colliguntur,

495 1001 589 1068 qui
619 1016 650 1054 a
683 999 933 1054 saeculari
968 999 1083 1053 vita
1120 1007 1437 1053 sanctorum
1477 1012 1819 1060 messorum,
1844 996 1950 1050 hoc
1977 1005 2082 1060 est,

495 1092 870 1160 apostolorum
937 1090 1510 1161 evangelistarumque
1553 1088 1942 1160 praedicatione
1985 1087 2084 1141 de-

494 1192 798 1248 metuntur,
828 1191 889 1238 ut
911 1183 968 1237 in
998 1183 1120 1237 illas
1146 1197 1374 1252 superas
1401 1181 1552 1236 aulas
1572 1188 2007 1251 comportentur,
2030 1188 2087 1233 et

497 1285 759 1344 tanquam
791 1275 849 1328 in
882 1275 1231 1329 Dominicum
1261 1274 1541 1329 horreum
1562 1315 1576 1338 ,
1610 1273 1666 1328 in
1695 1274 1976 1329 caelestem
2015 1274 2085 1328 il-

494 1367 602 1422 lam
637 1367 944 1421 Jerusalem
977 1366 1149 1420 veluti
1197 1372 1488 1436 purgatum
1514 1367 1627 1436 jam
1667 1365 1912 1420 triticum
1942 1363 2084 1419 infe-

495 1468 710 1521 rantur,
779 1455 1048 1528 depositis
1109 1456 1400 1512 inutilibus
1441 1465 1497 1512 et
1549 1455 1906 1526 supervacuis
1973 1470 2086 1510 non

495 1549 660 1602 modo
679 1547 1010 1611 actionibus,
1035 1546 1131 1601 sed
1163 1546 1329 1601 etiam
1363 1547 1533 1602 animi
1560 1545 1836 1611 sensibus,
1861 1544 1956 1616 qui
1975 1545 2088 1600 vel-

495 1651 558 1695 ut
594 1639 650 1693 in
698 1639 935 1709 imagine
967 1637 1202 1708 quadam
1243 1639 1525 1708 palearum
1558 1637 1961 1707 intelliguntur.
1997 1636 2088 1691 Di-

495 1742 642 1786 ctum
671 1739 755 1784 est
779 1739 962 1784 autem
987 1745 1017 1782 a
1040 1728 1261 1784 Christo
1285 1727 1492 1782 sanctis
1533 1727 1824 1796 apostolis:
1853 1745 1870 1776 ι
1892 1726 2086 1781 Nonne

2185 538 2280 590 καὶ
2332 539 2430 609 τὴν
2461 539 2627 592 πάλαι
2676 541 2857 611 δεινήν
2884 557 2942 593 τε
2995 541 3090 593 καὶ
3130 540 3544 613 διαφθείρουσαν
3611 544 3771 614 χεῖρα

2187 631 2524 686 συνέστειλεν
2568 634 2597 685 6
2640 631 2967 704 όλοθρευτής
2987 652 2999 663 ·
3032 626 3178 696 οἶκος
3208 632 3317 703 γάρ
3342 634 3458 686 ἐστι
3487 635 3583 704 τῆς
3627 635 3786 687 κατὰ(

2186 724 2347 792 φύσιν
2386 725 2553 795 ζωῆς,
2587 723 2732 777 τοῦτ’
2779 723 2896 778 ἔστι
2928 724 3187 794 Χριστοῦ.
3230 725 3382 776 Ἀλω
3410 723 3466 778 δὲ
3496 722 3636 777 εἷναί
3665 742 3777 794 φα-

2187 831 2286 882 μεν
2310 815 2386 878 ὡς
2417 815 2475 880 ἐξ
2501 814 2812 884 ὁμοιώσεως
2830 816 2923 867 καὶ
2950 814 3156 878 εἰκόνος
3180 814 3277 886 τὴν
3313 814 3660 883 Ἐκκλησίαν,
3684 815 3778 885 ἐφ’

2183 898 2217 976 ᾖ
2247 903 2605 974 δραγμάτων,
2645 905 2813 975 ἦγουν
2838 903 3150 975 ἀσταχύων,
3191 904 3586 977 συλλέγοντα[ι]
3614 907 3774 977 δίκην

2183 997 2231 1049 oi
2282 996 2382 1066 τῆς
2420 997 2528 1049 ἀπὸ
2568 996 2777 1066 κόσμου
2820 995 2967 1066 ζωῆς
3008 996 3096 1048 διά
3134 995 3228 1049 τοῦ
3267 995 3427 1065 λόγου
3457 997 3564 1049 τῶν
3601 997 3774 1065 ἁγίων

2185 1091 2492 1160 κειρόμενοι
2536 1089 2823 1160 θεριστῶν,
2851 1088 2996 1142 τοῦτ’
3037 1088 3204 1154 ἔστιν,
3238 1089 3551 1142 ἀποστόλων
3583 1107 3641 1142 τε
3672 1090 3776 1144 καὶ

2184 1183 2605 1252 εύαγγελιστῶν,
2653 1183 2744 1238 ἵνα
2794 1183 2891 1237 καὶ
2932 1179 3014 1245 εἰς
3049 1183 3148 1246 τὰς
3195 1183 3310 1236 ἄνω
3354 1181 3776 1254 συγκομισθεῖεν

2186 1275 2374 1342 αὐλὰς,
2397 1277 2492 1330 καὶ
2520 1274 2773 1346 καθάπερ
2796 1277 2876 1338 εἰς
2897 1274 3184 1346 ἀποθήκην
3203 1273 3549 1344 δεσποτικὴν,
3568 1277 3648 1338 είς
3671 1273 3777 1344 τὴν

2185 1366 2505 1437 ἐπουράνιον
2553 1365 2932 1438 Ἰερουσαλὴμ,
2980 1361 3068 1418 οἷά
3107 1381 3192 1428 τις
3237 1367 3385 1428 σῖτος
3434 1365 3780 1436 εἰσφέροιντο

2186 1453 2448 1525 καθαρὸς,
2481 1455 2620 1508 κατὰ
2655 1454 2756 1525 τὴν
2795 1455 2905 1507 τῶν
2944 1453 3311 1525 ἀχρειοτέρων
3347 1456 3443 1509 καὶ
3502 1455 3779 1526 περιττῶν

2187 1544 2446 1598 ἀπόθεσιν
2483 1547 2826 1617 πραγμάτων
2855 1563 2916 1599 τε
2947 1547 3062 1617 ἁμα
3090 1546 3186 1600 καὶ
3221 1547 3604 1618 φρονημάτων,
3629 1547 3778 1618 ἅπερ

2187 1636 2262 1698 ὡς
2288 1638 2345 1689 tv
2366 1637 2495 1690 εῖδει
2515 1636 2624 1690 τῶν
2652 1636 2874 1708 ἀχύρων
2899 1639 3118 1690 νοεῖται.
3146 1636 3377 1708 Εἴρηται
3403 1637 3460 1690 δέ
3491 1655 3592 1690 που
3623 1638 3785 1710 παρά

2187 1727 2426 1799 Χριστοῦ
2459 1730 2572 1791 τοῖς
2597 1728 2773 1797 ἁγίοις
2804 1728 3149 1792 ἀποστόλοις·
3182 1748 3200 1780 ι
3239 1729 3372 1797 Οὐχὶ
3407 1729 3564 1798 ὑμεῖς
3587 1729 3785 1799 λέγετε

496 1836 594 1875 vos
637 1820 822 1874 dicitis
861 1819 1008 1888 quod
1060 1819 1242 1876 adhuc
1301 1825 1538 1887 quatuor
1581 1831 1797 1872 menses
1846 1825 1996 1881 sunt,
2035 1823 2083 1872 el

2192 1820 2272 1872 ὅτι
2300 1819 2640 1890 τετράμηνός
2685 1819 2824 1883 ἐστι,
2863 1822 2958 1873 καὶ
2986 1823 3014 1874 6
3051 1821 3312 1893 θερισμὸς
3342 1819 3592 1892 ἕρχεται;
3642 1822 3783 1875 Ἰδοὺ

492 1914 689 1970 messis
733 1912 1238 1976 venit?Ecce_dico
1294 1910 1493 1965 vobis:
1521 1910 1721 1964 Levate
1771 1911 1962 1966 oculos
1990 1927 2088 1966 ve-

492 2016 658 2074 stros,
689 2017 746 2062 et
770 2006 954 2060 videte
979 2006 1252 2076 regiones,
1279 2004 1539 2074 quoniam
1573 2003 1710 2058 albae
1733 2011 1864 2056 sunt
1882 2002 1994 2072 jam
2019 2002 2088 2056 ad

491 2115 747 2155 messem.
777 2099 844 2154 Et
867 2097 961 2168 qui
985 2097 1163 2162 metit,
1190 2095 1504 2150 mercedem
1527 2095 1748 2165 accipit,
1773 2103 1832 2149 et
1853 2109 2088 2166 congre-

489 2201 579 2263 gat
597 2191 834 2246 fructum
857 2189 914 2244 in
943 2190 1112 2244 vitam
1128 2196 1388 2247 aeternam
1409 2188 1486 2254 ης
1515 2206 1531 2238 ι
1551 2186 1824 2241 etiterum
1843 2187 2089 2241 :cMessis

487 2281 710 2352 quidem
732 2281 925 2343 multa,
948 2278 1187 2348 operarii
1216 2287 1399 2332 autem
1417 2277 1598 2348 pauci;
1623 2277 1733 2347 99
1751 2285 1935 2348 rogate
1957 2293 2088 2348 ergo

488 2371 775 2427 dominum
829 2370 1045 2435 messis,
1075 2377 1139 2424 ut
1188 2369 1373 2424 mittat
1405 2369 1686 2439 operarios
1733 2368 1791 2422 in
1846 2384 2086 2423 messem

489 2464 724 2519 suam".
757 2483 775 2515 ι
813 2461 1066 2527 Messcm,
1109 2462 1327 2532 Opinor,
1361 2461 1726 2532 spiritualem,
1767 2462 2083 2531 eorum.qui

487 2554 752 2610 credituri
791 2562 980 2618 erant,
1012 2552 1425 2608 multitudinem
1474 2553 1818 2622 appellavit:
1864 2562 2086 2608 sanctos

489 2661 621 2701 vero
662 2660 934 2700 messores
1001 2660 1100 2700 eos
1145 2644 1286 2699 dixit
1321 2645 1427 2714 qui
1466 2644 1719 2699 divinum
1756 2645 1986 2700 verbum
2028 2645 2084 2700 in

489 2743 675 2790 mente
714 2751 778 2790 ac
814 2735 999 2805 lingua
1033 2735 1258 2800 habent,
1293 2754 1311 2786 ι
1341 2735 1489 2805 quod
1520 2736 1709 2790 vivum
1745 2744 1850 2801 est,
1881 2746 1936 2792 et
1965 2735 2084 2792 eili-

488 2843 611 2892 cax,
646 2836 702 2882 et
739 2827 1139 2897 penetrabilius
1171 2826 1323 2882 omni
1361 2826 1544 2897 gladio
1572 2827 1836 2898 ancipiti,
1876 2836 1932 2884 et
1959 2845 2086 2900 pcr-

489 2918 652 2990 tingit
676 2934 852 2989 usque
882 2919 950 2974 ad
987 2919 1317 2975 divisionem
1342 2919 1540 2974 animae
1573 2935 1638 2974 ac
1661 2921 1908 2990 spiritus,
1935 2936 2084 2976 com-

487 3025 688 3081 pagum
726 3026 950 3080 quoque
1005 3025 1070 3065 ac
1123 3009 1489 3064 medullarum
1524 3009 1590 3063 ³ο.
1640 3029 1658 3060 ι
1704 3008 1860 3065 Arcas
1916 3026 2082 3081 porro

487 3102 733 3167 nomine,
773 3102 970 3157 beatus
1009 3117 1230 3172 quoque
1257 3101 1500 3172 Baptista
1530 3101 1857 3171 signiﬁcavit
1894 3102 2083 3158 Eccle-

485 3191 648 3257 siam,
671 3206 798 3247 cum
827 3191 896 3258 de
912 3190 1135 3246 Christo
1155 3191 1236 3246 sic
1258 3190 1399 3245 dixit
1435 3209 1449 3244 :
1505 3210 1522 3242 ι
1551 3191 1665 3263 Ego
1690 3191 1914 3261 quidem
1937 3207 2078 3263 aqua

487 3283 707 3356 baptizo
745 3299 877 3352 vos;
936 3284 1091 3339 venit
1128 3291 1313 3339 autem
1350 3283 1546 3340 fortior
1583 3301 1701 3350 me,
1753 3286 1912 3356 cujus
1963 3300 2078 3339 non

483 3392 610 3432 sum
649 3377 850 3449 dignus
912 3377 1126 3432 solvere
1185 3375 1479 3447 corrigiam
1539 3378 2074 3434 calceamentorum:

488 3468 607 3539 ipse
644 3485 743 3524 vos
780 3468 1084 3538 baptizabit
1121 3469 1178 3522 in
1213 3467 1425 3537 Spiritu
1465 3476 1658 3522 sancto
1694 3477 1750 3523 et
1786 3469 1934 3540 igni:
1979 3486 2079 3524 cu-

485 3560 576 3630 jus
613 3559 985 3614 ventilabrum
1015 3560 1071 3614 in
1101 3575 1268 3614 manu
1298 3575 1396 3614 sua
1419 3601 1433 3625 ,
1472 3567 1530 3615 et
1567 3560 1860 3616 mundabit
1895 3577 2081 3616 aream

491 3666 669 3716 suam,
707 3660 764 3706 et
796 3653 1151 3723 congregabit
1191 3653 1440 3707 triticum
1486 3668 1649 3707 suum
1698 3653 1756 3708 in
1793 3653 2079 3720 horreum,

490 3745 676 3814 paleas
724 3752 908 3798 autem
969 3745 1261 3798 comburet
1308 3744 1422 3816 igni
1481 3744 2008 3815 incxstinguibili“.
2057 3765 2075 3798 ›

490 3836 644 3892 lianc
669 3837 835 3908 igitur
872 3837 1214 3907 spiritualem
1249 3835 1802 3903 arcam,Ecclesiam,
1833 3836 2081 3907 inquam,

490 3928 626 3982 emit
660 3927 915 3984 Christus
955 3929 1356 4000 quinquaginta
1412 3928 1598 3995 siclis,
1646 3929 1753 3984 hoc
1808 3937 1930 3994 cst,
1972 3945 2085 3984 non

487 4018 689 4088 exiguo
755 4020 936 4088 pretio
982 4037 998 4085 ;
1071 4035 1129 4073 se
1170 4020 1348 4089 ipsum
1390 4035 1629 4090 namque
1669 4019 1825 4076 dedit
1864 4037 1966 4092 pro
1994 4037 2080 4087 ea,

493 4111 550 4165 in
583 4126 760 4180 eaque
791 4111 910 4165 ﬁxit
936 4111 1145 4165 altare:
1188 4127 1425 4182 cumque
1460 4111 1605 4167 idem
1645 4122 1792 4168 esset
1829 4113 2088 4169 sacerdos

495 4202 694 4274 (factus
719 4219 958 4272 namque
984 4212 1070 4258 est
1085 4203 1333 4273 pontifex
1361 4219 1611 4259 summus
1646 4205 1736 4277 “),
1752 4203 1899 4260 idem
1920 4204 2085 4260 victi-

493 4311 603 4359 ma,
645 4312 704 4351 se
731 4296 911 4366 ipsum
951 4296 1175 4362 obtulit,
1206 4304 1466 4368 tanquam
1496 4299 1552 4352 in
1591 4299 1775 4368 specie
1812 4313 1876 4352 ac
1913 4296 2088 4369 ﬁgura

491 4387 650 4442 vituli
677 4388 1012 4454 triturantis,
1037 4396 1093 4442 et
1114 4388 1292 4444 factus
1317 4398 1402 4444 est
1423 4389 1806 4444 holocaustum
1833 4397 1889 4442 et
1911 4389 2089 4444 hostia

2192 1911 2334 1981 λέγω
2367 1912 2536 1982 ύμῖν·
2592 1912 2864 1983 Ἐπάρατε
2905 1913 3032 1976 τοὺς
3083 1912 3397 1983 ὀφθαλμοὺς
3449 1914 3624 1984 ὑμῶν,
3682 1916 3788 1968 καὶ

2190 2003 2458 2058 θεάσασθε
2486 2004 2586 2068 τὰς
2623 2003 2828 2076 χώρας,
2867 2006 2946 2059 ὅτι
2990 2004 3180 2058 λευκαί
3207 2008 3312 2058 είσι
3351 2006 3486 2077 πρὸς
3513 2006 3787 2078 θερισμὸν

2187 2095 2312 2167 ἤδη.
2365 2095 2424 2148 Ὀ
2460 2095 2688 2168 θερίζων
2711 2096 2900 2166 μισθὸν
2937 2096 3225 2166 λαμϐάνει,
3267 2097 3362 2150 καὶ
3391 2097 3612 2166 συνάγει
3636 2116 3784 2171 καρ-

2189 2188 2292 2241 πὸν
2325 2189 2405 2252 είς
2440 2187 2585 2259 ζωὴν
2625 2187 2864 2243 αἰώνιον.
2897 2207 2915 2239 ι
2952 2189 3063 2243 Καὶ
3101 2190 3292 2242 πάλιν·
3330 2209 3348 2242 ι
3394 2191 3452 2243 '0
3497 2192 3594 2262 μὲν
3629 2191 3786 2263 θερι-

2190 2282 2327 2352 σμὸς
2363 2282 2550 2346 πολὺς,
2589 2284 2639 2335 oi
2679 2283 2736 2336 δὲ
2771 2283 3002 2354 ἐργάται
3034 2283 3224 2351 ὀλίγοι.
3275 2284 3516 2355 Δεήθητε
3548 2281 3639 2338 οὖν
3682 2287 3784 2340 τοῦ

2187 2374 2393 2446 Κυρίου
2417 2373 2509 2428 τοῦ
2528 2373 2812 2446 Θερισμοῦ,
2835 2375 2921 2429 ἴνα
2943 2374 3149 2447 ἐκϐάλῃ
3170 2376 3408 2446 ἐργάτας
3425 2379 3503 2440 εἰς
3519 2377 3784 2447 θερισμὸν

2187 2465 2374 2521 αὐτοῦ.
2437 2485 2455 2517 ›
2517 2467 2824 2538 Θερισμὸν,
2889 2462 3076 2538 οἶμαι,
3127 2468 3219 2521 τὸν
3273 2469 3463 2539 νοητὸν
3513 2470 3612 2540 τὴν
3668 2471 3783 2523 τῶν

2191 2555 2496 2626 μελλόντων
2540 2555 2818 2608 πιστεύειν
2869 2555 3152 2626 ὀνομάζων
3203 2555 3445 2628 πληθὺν,
3501 2559 3689 2628 ἁγίους
3719 2559 3783 2612 δὲ

2186 2649 2441 2722 θεριστὰς
2493 2644 2631 2702 εἶναι
2683 2649 2858 2717 λέγων
2905 2651 3034 2713 τοὺς
3084 2653 3166 2715 είς
3216 2650 3342 2706 νοῦν
3381 2653 3476 2704 καὶ
3527 2651 3782 2720 γλῶτταν

2183 2741 2277 2795 τὸν
2310 2740 2456 2794 θεῖον
2489 2740 2714 2811 ἔχοντας
2734 2741 2915 2810 λόγον,
2942 2741 3000 2806 ὃς
3036 2744 3152 2795 ἐστι
3177 2741 3283 2806 ζῶν
3308 2760 3366 2796 τε
3393 2743 3488 2795 καὶ
3516 2744 3780 2813 ἐναργὴς,

2184 2833 2280 2886 καὶ
2319 2831 2636 2904 τομώτατος
2671 2833 2814 2905 ὑπὲρ
2850 2835 3030 2886 πᾶσαν
3061 2834 3337 2904 μάχαιραν
3365 2833 3636 2904 δίστομον,
3681 2833 3784 2886 καὶ

2183 2924 2556 2996 διικνούμενος
2575 2924 2702 2997 άχρι
2733 2923 3002 2996 μερισμοῦ
3031 2924 3208 2995 ψυχῆς
3234 2941 3294 2975 τε
3319 2923 3415 2978 καὶ
3444 2924 3779 2993 πνεύματος,

2183 3017 2378 3087 ἁρμῶν
2404 3033 2464 3068 τε
2496 3016 2592 3068 καὶ
2627 3014 2863 3086 μυελῶν.
2903 3033 2921 3065 ›
2963 3014 3218 3082 Ὀνόματι
3255 3013 3313 3066 δὲ
3361 3013 3458 3081 τῆς
3484 3011 3621 3066 ,ἅλω
3682 3012 3781 3064 καὶ

2183 3108 2213 3159 6
2251 3105 2525 3177 μακάριος
2572 3105 2886 3174 Βαπτιστὴς
2926 3103 3222 3173 κατεδήλου
3271 3102 3370 3174 τὴν
3427 3103 3780 3173 Ἐκκλησίαν,

2179 3200 2275 3253 ὡδί
2294 3216 2396 3252 που
2417 3199 2741 3269 λέγωνιπερὶ
2764 3195 3023 3268 Χριστοῦ⁹
3038 3216 3055 3246 ι
3079 3195 3220 3263 Ἐγὼ
3244 3194 3341 3266 μὲν
3363 3193 3512 3247 ὕδατι
3530 3193 3783 3264 βαπτίζω

2181 3295 2361 3366 ὑμᾶς,
2421 3292 2643 3364 ἔρχεται
2677 3291 2734 3344 δὲ
2771 3294 2799 3344 6
2842 3288 3189 3361 ἰσχυρότερός
3222 3305 3359 3358 μου,
3403 3281 3466 3341 οὗ
3507 3288 3610 3341 οὐκ
3657 3286 3780 3356 είμὶ

2183 3386 2365 3450 ἱκανὸς
2411 3386 2569 3438 λῦσαι
2619 3384 2711 3438 τὸν
2765 3384 2964 3453 ἱμάντα
3004 3381 3114 3436 τῶν
3159 3381 3522 3452 ὑποδημάτων
3575 3379 3777 3433 αὐτοῦ’

2183 3479 2344 3542 αὐτὸς
2383 3479 2529 3550 ὑμᾶς
2582 3476 2835 3547 βαπτίσει
2873 3477 2930 3528 tv
2973 3475 3251 3546 Πνεύματι
3294 3474 3434 3542 ἁγίῳ
3475 3474 3570 3528 καὶ
3605 3473 3778 3544 πυρίο

2183 3564 2244 3626 οῦ
2274 3572 2335 3625 τὸ
2368 3571 2536 3624 πτύον
2574 3573 2632 3624 tv
2665 3574 2732 3641 τῇ
2767 3569 2912 3640 χειρὶ
2957 3567 3148 3631 αὐτοῦ,
3174 3567 3268 3620 καὶ
3301 3565 3651 3635 διακαθαριεῖ
3680 3564 3786 3636 τὴν

2186 3665 2367 3720 ἅλωνα
2409 3663 2600 3727 αὑτοῦ,
2648 3661 2744 3715 καὶ
2789 3657 3008 3724 συνάξει
3045 3657 3138 3710 τὸν
3183 3660 3329 3710 σῖτον
3360 3655 3525 3708 αὑτοῦ
3565 3658 3646 3719 είς
3679 3654 3783 3726 τὴν

2187 3757 2498 3829 ἀποθήκην,
2529 3755 2590 3809 τὸ
2615 3755 2673 3808 δὲ
2693 3755 2896 3825 ἄχυρον
2920 3749 3260 3806 κατακαύσει
3292 3749 3426 3820 πυρὶ
3449 3748 3720 3818 ἀσϐέστῳ.
3756 3765 3778 3800 ι

2187 3852 2406 3922 Ταύτην
2443 3845 2538 3903 οῦν
2569 3849 2677 3920 ἄρα
2708 3849 2807 3918 τὴν
2845 3845 2958 3900 ἅλω
3004 3845 3102 3916 τὴν
3135 3843 3355 3915 νοητὴν,
3399 3841 3546 3912 φημὶ
3585 3841 3650 3911 δὴ
3681 3842 3783 3912 τὴν

2201 3942 2552 4013 Ἐκκλησίαν,
2587 3939 2880 4010 ὲξεπρίατο
2914 3935 3150 4008 Χριστὸς
3185 3935 3521 4006 πεντήκοντα
3557 3933 3778 3996 σίκλων,

2187 4035 2329 4090 τοῦτ’
2369 4034 2538 4098 ἐστιν,
2586 4033 2687 4085 οὐκ
2737 4030 2990 4101 ἐλαφρῶν
3031 4026 3359 4099 τιμημάτων
3385 4041 3398 4054 °
3446 4024 3637 4078 ἑαυτὸν
3670 4024 3783 4096 γὰρ

2187 4129 2423 4183 δέδωκεν
2457 4127 2598 4197 ὑπὲρ
2641 4123 2834 4194 αὐτῆς,
2865 4122 2959 4176 καὶ
2997 4119 3197 4190 ἔπηξεν
3229 4121 3286 4171 tv
3315 4117 3452 4188 αὐτῇ
3489 4117 3551 4170 τὸ
3587 4117 3779 4170 Θυσια-

2192 4222 2432 4292 στήριονο
2459 4218 2554 4272 καὶ
2578 4215 2806 4288 ἐπείπερ
2831 4212 2990 4276 αὑτός
3016 4212 3164 4263 ἐστιν
3197 4210 3226 4261 6
3254 4209 3536 4280 ἱερουργὸς
3565 4209 3779 4277 (γέγονε

2191 4313 2300 4386 γὰρ
2348 4309 2691 4383 ἀρχιερεὺς),
2739 4308 2832 4360 καὶ
2885 4303 3046 4368 αὐτὸς
3099 4303 3161 4355 τὸ
3192 4301 3339 4372 θῦμα
3378 4299 3782 4375 προσεκόμισεν

2193 4405 2404 4469 ἑαυτὸν,
2443 4405 2519 4468 ὡς
2548 4405 2606 4455 tv
2641 4401 2769 4454 εἴδει
2803 4399 2898 4453 καὶ
2923 4397 3080 4467 τύπῳ
3111 4394 3203 4448 τοῦ
3246 4394 3516 4455 ἁλοῶντος
3554 4391 3779 4462 μόσχου,

494 4478 744 4549 pacifica.
788 4479 1014 4535 Solutus
1064 4490 1151 4535 est
1187 4482 1337 4536 enim
1379 4481 1470 4534 ille
1509 4480 1728 4535 medius
1765 4479 1950 4549 paries
1989 4495 2083 4549 per

2195 4498 2290 4552 καὶ
2318 4497 2543 4567 γέγονεν
2577 4491 2942 4564 ὁλοκαύτωμα
2985 4491 3080 4544 καὶ
3111 4488 3362 4562 εἰρηνικὴ
3399 4485 3575 4539 θυσία.
3611 4484 3784 4536 Λέλυο

492 4570 797 4637 Christum,
828 4580 886 4627 et
921 4573 1016 4642 qui
1071 4571 1201 4626 olim
1240 4572 1503 4642 disjuncti
1549 4587 1614 4626 ac
1651 4570 1920 4641 segregati
1958 4586 2084 4626 era—

495 4675 619 4714 mus
658 4661 868 4731 peccati
897 4663 1088 4733 culpa,
1131 4676 1230 4731 per
1257 4661 1438 4730 ipsum
1481 4669 1538 4715 et
1568 4662 1623 4716 in
1658 4661 1778 4731 ipso
1804 4675 1930 4716 cum
1971 4662 2084 4718 Deo

494 4757 553 4803 et
589 4750 748 4805 Patre
786 4751 1196 4822 conjungimur,
1223 4749 1470 4819 antiquis
1502 4749 1614 4805 illis
1651 4750 1958 4806 inimicitiis
1983 4767 2082 4808 ex-

495 4841 746 4898 stinctis:
780 4861 797 4894 ι
823 4842 945 4913 Ipse
964 4851 1050 4897 est
1077 4841 1224 4898 enim
1247 4856 1351 4912 pax
1372 4850 1559 4896 nostra
1581 4841 1648 4909 ³³,
1663 4861 1680 4894 ι
1707 4850 1769 4897 ut
1785 4842 2085 4915 Scriptura:

495 4943 786 4991 testantur.

565 5082 760 5138 PALL.
795 5081 1039 5138 Vitulum
1059 5081 1224 5152 igitur
1255 5081 1604 5137 triturantem
1634 5083 1967 5141 intellecturi
1995 5103 2090 5142 su-

494 5189 617 5228 mus
635 5174 960 5230 Christum?
993 5188 1233 5244 quonam
1261 5172 1318 5227 id
1343 5172 1508 5227 modo
1543 5174 1807 5231 tandem?

561 5264 720 5318 CYR.
737 5266 821 5318 An
845 5277 997 5327 vero,
1013 5262 1370 5327 Palladi,non
1386 5261 1686 5332 vitulorum
1711 5266 2090 5322 triturantium

494 5355 716 5409 nomine
744 5355 833 5410 lex
865 5354 1034 5426 Moysi
1060 5354 1369 5425 discipulos.
1397 5365 1616 5410 sanctos
1641 5358 1978 5427 appellavit?
2009 5359 2090 5415 sic

493 5445 641 5499 cnim
690 5461 790 5516 per
833 5447 1064 5518 aenigma
1112 5447 1283 5502 dixit:
1328 5465 1346 5498 ι
1387 5446 1509 5502 Non
1558 5447 1810 5519 alligabis
1850 5465 1912 5504 os
1959 5450 2086 5506 bovi

497 5536 772 5591 trituranti
791 5540 856 5593 ".
893 5557 910 5590 ›
940 5537 1097 5605 Quod
1120 5539 1299 5608 ipsum
1321 5554 1448 5593 cum
1475 5537 1888 5596 evidentissime
1915 5541 2077 5597 intel-

493 5625 717 5683 lexisset
765 5628 959 5684 beatus
991 5628 1213 5695 Paulus,
1270 5629 1348 5684 ait
1380 5645 1394 5683 :
1443 5648 1462 5681 ι
1497 5629 1758 5700 Nunquid
1794 5631 1863 5688 de
1903 5633 2082 5691 bobus

2190 4606 2278 4641 ται
2323 4589 2431 4657 γὰρ
2478 4587 2539 4640 τὸ
2585 4582 2917 4656 μεσολαϐοῦν
2967 4582 3024 4634 tv
3079 4577 3323 4651 Χριστῷ,
3375 4577 3472 4631 καὶ
3517 4576 3568 4629 οί
3611 4574 3783 4628 πάλαι

2191 4679 2540 4750 διεστηκότες
2571 4695 2632 4730 τε
2667 4677 2761 4730 καὶ
2806 4673 3185 4744 ἀφωρισμένοι
3237 4670 3328 4723 διὰ
3366 4668 3464 4740 τὴν
3505 4666 3784 4739 ἁμαρτίαν

2193 4769 2614 4843 συνεισδυόμεθα
2645 4769 2712 4823 δι’
2752 4767 2916 4821 αὑτοῦ
2947 4783 3008 4820 τε
3035 4765 3128 4819 καὶ
3159 4766 3218 4816 tv
3253 4759 3403 4832 αὐτῷ
3427 4760 3506 4830 τῷ
3535 4759 3655 4828 Θεῷ
3682 4761 3785 4830 καὶ

2195 4867 2392 4939 Πατρὶ,
2437 4866 2538 4935 τὴν
2574 4861 2809 4935 ἀρχαίαν
2853 4858 3069 4927 ἐκείνην
3115 4852 3514 4914 καταλύσαντες
3555 4848 3779 4920 ἔχθραν.

2194 4959 2368 5023 Αὐτὸς
2396 4959 2504 5028 γάρ
2533 4959 2679 5008 ἐστιν
2715 4955 2748 5024 ἠ
2793 4955 2982 5023 εἰρήνη
3025 4947 3204 5021 ἡμῶν,
3234 4945 3379 5000 κατά
3403 4945 3499 5008 τάς
3529 4943 3778 5016 Γραφάς.

2263 5053 2472 5107 ΠΑΛΛ.
2514 5049 2729 5120 Μόσχον
2776 5041 2868 5099 οὖν
2917 5044 3026 5112 άρα
3083 5043 3350 5112 νοήσομεν
3395 5036 3490 5091 τὸν
3531 5034 3782 5089 ἀλοῶντα

2193 5149 2234 5202 Χ
2247 5146 2426 5219 ριστόν
2447 5162 2461 5210 ;
2483 5140 2604 5198 τὶνα
2637 5141 2838 5212 τρόπον
2870 5140 3007 5208 φήςς

2259 5262 2427 5316 ΚΥΡ.
2487 5259 2563 5312 Ού
2606 5257 2750 5328 γὰρ,
2786 5249 2831 5308 ὧ
2873 5251 3129 5323 φιλότης,
3173 5249 3407 5320 μόσχους
3461 5247 3593 5315 ἡμῖν
3651 5243 3782 5305 τοὺς

2187 5355 2460 5416 ἁλοῶντας
2486 5355 2514 5406 6
2543 5349 2631 5404 διὰ
2661 5347 2906 5410 Μωσέως
2935 5344 3097 5415 νόμος
3125 5343 3253 5405 τοὺς
3295 5340 3486 5408 ἁγίους
3522 5337 3780 5406 ὠνόμασε

2191 5447 2471 5520 μαθητὰς;
2515 5445 2619 5515 ἔφη
2662 5443 2770 5512 γὰρ
2819 5435 3272 5508 αίνιγματωδῶςο
3334 5453 3353 5486 ι
3396 5431 3470 5485 Ού
3507 5429 3782 5520 φιμώσεις

2190 5542 2316 5613 βοῦν
2349 5539 2609 5595 ἀλοῶντα.
2657 5555 2675 5587 ι
2712 5538 2778 5588 Ὃ
2798 5534 2864 5605 δὴ
2905 5532 3000 5585 καὶ
3029 5529 3175 5602 μάλα
3215 5525 3403 5595 σαφῶς
3442 5519 3779 5613 ἐννενοηκῶς

2187 5611 2216 5687 6
2243 5635 2516 5706 μακάριος
2549 5629 2762 5694 Παῦλος
2783 5643 2796 5658 ·
2841 5648 2858 5679 ι
2903 5625 2998 5696 Μὴ
3037 5621 3142 5677 τῶν
3160 5620 3301 5692 βοῶν
3331 5617 3481 5689 μέλει
3507 5613 3584 5684 τῷ
3622 5611 3774 5682 Θεῷς

567 5783 989 5860 ’ξείοαηιμιξμὸἅ
1028 5785 1116 5840 56.
1178 5785 1240 5860 _"
1258 5783 1451 5841 Matth.
1473 5799 1549 5853 ix,
1571 5783 1660 5854 37,
1695 5787 1784 5844 38.
1857 5792 1902 5824 ²⁰
1937 5791 2108 5848 Hebr.
2131 5807 2203 5860 Iv,
2231 5791 2318 5848 13.
2368 5789 2566 5845 "Luc.
2592 5802 2670 5854 ιιι,
2696 5785 2784 5851 l6,
2813 5783 2899 5838 i7.
2974 5780 3019 5813 ²²
3042 5776 3213 5833 Hebr.
3243 5786 3317 5835 vr,
3340 5767 3431 5822 20.
3495 5765 3767 5838 "Eplics.

475 5871 555 5926 .u,
597 5854 683 5909 H.
757 5857 977 5913 “Deut.
1003 5872 1127 5925 xxv,
1165 5855 1218 5910 4.
