4096 6432
340 351 460 410 295

1057 346 1147 402 DE
1187 339 1632 400 ADORATIONE
1675 337 1743 392 IN
1779 334 2052 391 SPIRITU
2095 334 2184 389 ET
2223 335 2598 392 VERITATE.
2641 337 2769 393 LIB.
2812 339 2900 394 ΙΙΙ,

3555 343 3663 400 2M

340 475 418 529 ’Ἡ
445 473 522 526 δι’
562 471 713 543 ἡμᾶς
735 469 955 532 πάντως
988 465 1169 537 λέγει;
1199 465 1275 518 Δι’
1299 465 1448 536 ἡμᾶς
1471 462 1579 532 γὰρ
1600 460 1841 531 ἐγράφη,
1875 457 1950 510 ὅτι

2062 469 2194 510 cura
2239 462 2325 510 est
2359 456 2512 510 Deo?
2547 471 2616 511 an
2650 466 2876 527 propter
2907 472 3008 512 nos
3069 457 3260 528 utique
3306 457 3484 512 dicit?
3529 436 3665 528 pro~

335 564 556 635 ὀφείλει
581 563 669 616 ἐπ’
701 559 878 615 ἑλπίδι
899 560 926 613 6
954 556 1229 631 ἀροτριῶν
1246 555 1531 628 ἀροτριᾷν,
1554 551 1646 606 καὶ
1671 547 1846 604 ἀλοῶν
1871 547 1960 600 ἐπ’

335 656 531 711 ἐλπίδι
554 654 652 708 τοῦ
683 652 953 726 μετέχειν.
987 670 1006 703 ι
1040 651 1250 720 Μόσχοι
1271 644 1585 718 τοιγαροῦν,
1621 643 1742 697 κατ’
1773 639 1960 694 εἰκόνα

336 743 434 798 τοῦ
465 741 721 813 πρώτου,
745 740 894 795 τοῦτ’
922 741 1061 806 ἐστι,
1079 737 1344 811 Χριστοῦ,
1375 737 1473 791 καὶ
1499 737 1549 789 οἱ
1583 733 1843 805 μακάριοι
1864 748 1962 803 μα-

346 836 531 906 θηταί.
565 836 789 904 Μόσχος
829 833 887 886 δὲ
910 832 1006 886 καὶ
1028 831 1232 902 ἑτέρως
1253 828 1507 899 ἀλωητὴς
1536 827 1564 879 6
1598 823 1861 896 Χριστός·
1891 820 1957 874 δι’

341 925 513 981 αὐτοῦ
540 927 653 999 γάρ
677 928 709 997 ἠ
733 925 1003 998 κάθαρσις
1023 924 1114 978 καὶ
1131 925 1165 995 ἡ
1195 923 1302 976 τῶν
1325 919 1598 993 περιττῶν
1616 915 1958 990 πραγμάτων

336 1019 638 1082 ἀπόθεσις,
688 1016 1097 1090 περισπασμῶν
1138 1015 1201 1069 τέ
1271 1031 1419 1087 φημι
1483 1011 1581 1066 καὶ⁸
1634 1010 1744 1063 τῶν
1815 1007 1960 1062 κατά

332 1113 431 1166 τὸν
462 1112 680 1182 κόσμον
701 1108 1074 1180 φρονημάτων
1106 1105 1412 1176 σαρκικῶν,
1449 1103 1486 1158 ἃ
1511 1105 1604 1158 καὶ
1625 1101 1823 1172 φλογός
1849 1101 1956 1154 είσι

331 1206 548 1279 τροφὴ,
579 1203 838 1275 καθάπερ
869 1203 964 1256 καὶ
991 1202 1051 1256 τὸ
1077 1201 1302 1273 ἄχυρον.
1347 1197 1753 1270 Ἐγηγερμένου
1784 1195 1840 1249 δὲ
1862 1193 1955 1248 τοῦ

332 1297 765 1370 θυσιαστηρίου,
793 1297 880 1367 ἐφ’
902 1290 948 1366 ᾧ
976 1296 1072 1349 καὶ
1091 1292 1345 1366 εἰρηνικὴ
1367 1293 1460 1345 καλ⁵
1481 1290 1543 1344 τὸ
1569 1287 1954 1358 ὁλοκαύτωμα,

330 1393 568 1447 λέλυται
596 1392 661 1446 τὸ
697 1389 928 1445 λυποῦν·
964 1389 1240 1460 ἐπήκουσε
1264 1386 1375 1458 γὰρ
1405 1385 1610 1457 Κύριος
1643 1385 1709 1454 τῇ
1733 1384 1825 1453 γῇ,
1863 1381 1957 1435 καὶ

333 1485 658 1558 συνεσχέθη
699 1488 733 1556 ἡ
771 1483 1024 1555 θραῦσις.
1068 1480 1294 1535 Ἑαυτὸν
1318 1481 1423 1551 γὰρ
1451 1477 1593 1548 ὑπὲρ
1620 1478 1651 1548 ἡ
1663 1475 1778 1548 μῶν
1807 1477 1956 1546 ἱερα-

326 1578 646 1643 τεύσαντος
691 1576 786 1631 τοῦ
847 1577 1124 1648 Χριστοῦ,
1183 1571 1510 1645 κατηργήθη
1563 1569 1813 1635 θάνατος,
1861 1567 1956 1622 καὶ

328 1672 635 1744 ἀνετράπη
667 1668 868 1741 φθορὰ,
897 1667 1118 1738 ’ἐτοιμον
1152 1664 1256 1737 ἤδη
1278 1683 1397 1729 πως
1429 1665 1550 1724 ταῖς
1581 1661 1841 1717 ἁπάντων
1868 1659 1956 1713 εὐ-

328 1767 465 1837 χαῖς
530 1762 870 1834 ὑποσχόντος
913 1761 977 1814 τὸ
1010 1757 1104 1825 οῦς
1134 1758 1229 1813 τοῦ
1263 1758 1446 1814 πάντα
1487 1755 1761 1826 ἰσχύοντος
1792 1752 1950 1807 Θεοῦ·

337 1878 358 1911 ι
379 1858 514 1911 Ἔτι
549 1855 662 1928 γάρ
690 1853 985 1917 λαλοῦντός
1005 1871 1121 1917 σου,
1152 1851 1338 1924 φησιν,
1371 1849 1507 1924 ἐρῶ·
1533 1848 1600 1902 Τί
1629 1850 1814 1913 sat-tv;
1845 1847 1956 1901 »Τὸ

327 1951 392 2004 δέ
424 1968 491 2020 γε
536 1948 736 2021 μικρὸν
760 1943 903 2001 εἶναι
925 1947 987 2001 τὸ
1017 1949 1074 2000 ὲν
1099 1947 1298 2018 ἀρχαῖς
1337 1944 1748 2016 θυσιαστήριον,
1783 1959 1954 2012 προσ-

326 2041 624 2097 τεθείσθαι
658 2040 715 2094 δὲ
742 2040 925 2110 λέγειν
954 2039 1182 2112 ὕστερον
1215 2037 1387 2110 αὐτῷ,
1417 2038 1518 2109 τὴν
1557 2036 1698 2090 κατὰ
1727 2036 1958 2106 καιροὺς

328 2133 618 2206 ἐσομένην
652 2133 750 2188 τοῦ
791 2131 1128 2202 Εὑαγγελίου
1179 2130 1467 2202 προκοπὴν
1511 2127 1681 2201 δηλοῖ,
1713 2128 1810 2182 καὶ
1845 2126 1955 2180 τῶν

326 2229 518 2297 ἁγίων
583 2225 930 2298 Ἐκκλησιῶν
993 2224 1054 2278 τὸ
1114 2222 1544 2294 συνεσταλμένον
1597 2222 1656 2274 ὲν
1718 2220 1914 2292 ἀρχαῖς
1938 2259 1953 2285 ,

329 2323 550 2386 πλάτος
579 2321 638 2376 δὲ
658 2321 855 2392 ῶσπερ
913 2317 1008 2374 καὶ
1033 2319 1092 2373 ὲν
1118 2321 1232 2382 τοῖς
1261 2317 1482 2388 ἐφεξῆς.
1515 2313 1819 2387 Εὑρύνεται
1845 2313 1956 2384 γὰρ

329 2411 452 2471 οἷον
477 2416 572 2470 ἀεὶ
600 2415 673 2469 τὰ
701 2415 1090 2488 θυσιαστήρια,
1123 2411 1572 2485 προστιθεμένων
1612 2407 1954 2479 Ἑκκλησιῶν

329 2509 423 2563 ἀεί
441 2526 567 2574 πως
588 2511 712 2572 ταῖς
738 2507 988 2580 πρώταις
1010 2506 1235 2580 ἑτέρων,
1267 2505 1365 2561 καὶ
1387 2505 1466 2568 εἰς
1489 2502 1956 2575 πληθὺνάμέτρη-

329 2619 427 2656 τον
453 2601 862 2672 ἐκτεινομένων
889 2601 1003 2655 τῶν
1030 2598 1197 2664 λαῶν,
1221 2598 1272 2652 οἳ
1299 2597 1390 2652 διὰ
1409 2596 1513 2668 τῆς
1535 2598 1592 2650 ἐν
1613 2591 1838 2668 Χριστῷ
1858 2593 1954 2645 θυ⁹

333 2694 463 2758 σίας
489 2692 890 2766 λελύτρωνται,
930 2692 1095 2748 αὑτὸν
1124 2691 1341 2763 ἔχοντες
1368 2685 1654 2760 ίερουργδν
1681 2686 1776 2740 καὶ¹
1805 2683 1955 2756 θῦμα

330 2787 398 2841 τὸ
432 2788 616 2856 ἅγιον,
658 2786 756 2840 καὶ
794 2783 1034 2858 εὔοσμον
1067 2781 1449 2853 διακαθαίρον,
1497 2781 1591 2834 καὶ
1623 2779 1700 2844 ὡς
1725 2777 1954 2847 ἀξιάτα-

333 2898 463 2934 στον
485 2879 906 2952 θυσιαστήριον,
937 2878 1035 2934 καὶ⁵
1062 2877 1137 2944 ὡς
1164 2879 1222 2932 ὲν
1249 2876 1382 2932 εἴδει
1409 2874 1510 2948 τῆς
1541 2872 1656 2928 ἀλω
1688 2871 1792 2943 τῆς
1827 2871 1954 2924 Ἐκ-

333 2974 572 3046 κλησίας
607 2973 906 3044 δεσπότην.

406 3241 628 3296 ΠΑΔΔ.
685 3239 776 3306 Ὠς
807 3239 993 3312 σαφής
1015 3239 1165 3293 ἐστιν
1192 3235 1288 3292 καὶ
1309 3234 1546 3309 ἐναργὴς
1573 3237 1600 3290 6
1621 3235 1780 3305 λόγος
1803 3252 1818 3268 ο
1851 3251 1950 3287 πε-

329 3334 561 3406 ποίηται
598 3333 711 3406 γὰρ
740 3331 1034 3404 εὐτέχνως.

403 3509 578 3567 ΚΥΡ.
619 3510 693 3564 Ἦ
714 3509 824 3582 γὰρ
845 3509 968 3582 οὐχὶ
1000 3510 1104 3566 κᾶν
1125 3511 1291 3576 αὐτὸς
1310 3511 1590 3576 ἐνδοιάσας
1611 3510 1784 3577 οὐδὲν,
1812 3509 1949 3582 ἔφης
1973 3589 1975 3591 ι

327 3604 406 3667 ὡς
433 3604 558 3658 ἐστι
589 3601 837 3674 Χριστὸς
869 3603 903 3674 ἡ
935 3602 1154 3658 πάντων
1191 3601 1306 3675 ζωὴ
1338 3605 1431 3658 καὶ
1461 3603 1768 3675 λύτρωσις;

407 3697 624 3750 ΠΑΔΛ.
652 3695 825 3767 Φαίην
853 3694 944 3761 ἂν,
975 3695 1202 3751 ίσθιτοι.
1227 3697 1414 3769 Φρονῶ
1442 3697 1552 3770 γὰρ
1577 3698 1696 3752 ὡδί.

401 3789 578 3844 ΚΥΡ.
619 3787 716 3854 Εἷς
749 3789 862 3860 γὰρ
908 3787 1052 3861 ὑπὲρ
1093 3791 1314 3845 πάντων
1366 3789 1640 3844 ἀπέθανεν
1670 3791 1698 3843 6
1729 3790 1948 3845 πάντων

325 3881 591 3946 ἀντάξιος
609 3897 626 3912 ο
649 3881 748 3934 καὶ
765 3879 866 3953 τὴν
893 3878 1032 3934 ἰδίαν
1055 3878 1237 3952 ψυχὴν
1286 3879 1647 3952 ἀντάλλαγμα
1667 3884 1768 3952 τῆς
1789 3882 1821 3952 ἡ
1830 3881 1948 3951 μῶν

328 3973 655 4042 ἐποιήσατο,
681 3971 782 4041 τὴν
809 3969 907 4025 τοῦ
941 3969 1189 4026 διαϐόλου
1220 3971 1554 4043 δυστροπίαν
1589 3972 1944 4038 ὲκδυσωπῶν,

328 4067 423 4118 κατιΧ
461 4063 636 4118 οίονεί
678 4082 796 4130 πως
849 4062 1006 4128 ἱστὰς
1044 4063 1146 4134 τῆς
1197 4064 1320 4119 καθ’
1368 4063 1527 4134 ἡμῶν
1571 4063 1946 4137 τυραννούσης

328 4158 616 4230 ἁμαρτίας
637 4157 738 4230 τὴν
781 4157 1151 4230 κατάρῤησιν,
1181 4157 1278 4212 καὶ
1305 4156 1404 4229 τὴν
1434 4156 1528 4210 ἐπὶ
1551 4159 1663 4221 τοῖς
1687 4158 1945 4214 ἁπάντων

325 4250 500 4322 ὲγκλή
511 4266 680 4321 μασιν
707 4249 810 4304 ἀθυ
817 4248 1059 4322 ρογλωττ
1070 4247 1176 4302 ίαν.

397 4425 616 4481 ΠΑΛΛ.
659 4423 798 4477 Τίνα
831 4422 940 4494 φῂς
963 4422 1194 4494 τρόπον;

2062 541 2184 618 ρἰει·
2211 563 2312 603 nos
2340 549 2490 604 enim
2515 551 2784 620 scriptum
2817 559 2925 616 εει,
2965 549 3237 618 Quoniam
3280 550 3446 606 debet
3473 551 3527 606 in
3567 567 3664 622 spe

2062 657 2226 697 arans
2246 657 2423 706 arare,
2441 651 2498 697 et
2519 645 2787 698 triturans
2811 644 2865 698 in
2891 659 2986 714 spe
3009 643 3379 714 participandi
3402 644 3468 698 ’³.
3486 644 3663 699 Vituti

2065 736 2253 811 itaque
2305 735 2372 790 ad
2410 734 2706 805 imaginem
2748 736 2898 791 illius
2941 737 3130 807 primi,
3173 737 3227 792 id
3277 745 3382 803 est,
3431 736 3662 804 Christi,

2061 827 2234 880 sancti
2277 841 2500 896 quoque
2538 827 2800 896 discipuli
2847 837 2996 882 sunt.
3050 828 3174 882 Alia
3221 829 3392 884 etiam
3446 829 3662 885 ratione

2059 917 2268 972 vitulus
2310 919 2578 974 triturans
2611 928 2698 974 est
2731 920 3020 976 Christus:
3055 937 3156 992 per
3196 923 3378 993 ipsum
3421 938 3664 994 namque

2059 1009 2316 1080 purgatio
2346 1008 2426 1074 ﬁt,
2459 1017 2516 1064 et
2566 1025 3108 1080 supervacaneorum
3138 1025 3368 1084 operam
3392 1055 3407 1080 ,
3454 1015 3662 1069 distra-

2059 1102 2328 1163 ctionum.
2379 1102 2624 1172 inquam,
2679 1112 2736 1158 et
2780 1105 3189 1162 mundanorum
3241 1110 3661 1180 carnaliumque

2059 1206 2322 1247 sensuum
2349 1192 2646 1264 depositio,
2673 1210 2795 1265 qua:
2814 1193 2952 1250 ‘sunt
2978 1205 3040 1250 ut
3060 1198 3230 1267 palea:
3252 1215 3474 1270 quoque
3504 1201 3663 1256 ﬂam-

2058 1299 2272 1339 marum
2295 1285 2578 1341 alimenta.
2599 1287 2849 1342 Excitato
2875 1297 3062 1344 autem
3101 1291 3287 1356 altari,
3319 1307 3487 1362 super
3512 1294 3660 1364 quod

2059 1390 2116 1438 et
2168 1382 2396 1454 paciﬁca
2431 1384 2678 1450 victima,
2711 1395 2768 1441 et
2816 1385 3206 1441 holocaustum
3257 1387 3660 1458 imponeretur,

2057 1476 2335 1532 sublatum
2359 1484 2446 1531 est
2467 1493 2718 1547 praesens
2755 1477 2889 1533 illud
2915 1479 3122 1533 malum
3152 1497 3164 1532 :
3198 1480 3356 1551 100
3381 1482 3666 1538 exaudivit

2056 1583 2297 1637 namque
2340 1566 2610 1623 Dominus
2637 1575 2860 1635 terram,
2887 1577 2943 1624 et
2966 1569 3212 1625 cohibita
3235 1579 3318 1625 cst
3341 1571 3665 1628 ruina.Nam

2055 1668 2414 1731 posteaquam
2438 1661 2680 1732 seipsum
2709 1678 2811 1732 pro
2833 1663 2998 1718 nobis
3022 1663 3355 1718 sacriﬁcavit
3384 1662 3662 1730 Christus,

2057 1751 2261 1807 abolita
2287 1768 2438 1808 mors
2468 1761 2574 1819 est,
2604 1753 2856 1810 sublatus
2880 1753 3162 1816 interitus,
3198 1771 3326 1810 cum
3364 1755 3513 1812 Deus
3541 1773 3664 1813 om-

2059 1847 2318 1916 nipotens
2344 1855 2569 1917 paratas
2597 1846 2710 1918 jam
2747 1848 3161 1918 quodammodo
3193 1850 3450 1904 omnium
3483 1849 3666 1906 homi»

2061 1953 2194 1993 num
2216 1937 2484 2008 precibus
2501 1953 2664 1992 aures
2691 1939 2972 2008 praebeat:
3001 1958 3019 1990 ι
3047 1939 3231 1995 adhuc
3253 1947 3304 1995 te
3323 1940 3608 2012 loquente,
3637 1962 3655 1993 ι

2060 2030 2262 2101 inquit,
2291 2050 2309 2082 ‹
2339 2031 2542 2095 dicam,
2571 2029 2715 2097 Quid
2739 2039 2826 2086 est
2849 2031 2944 2086 ³⁸9
2980 2051 2998 2084 ι
3028 2031 3187 2100 Quod
3223 2040 3412 2089 autem
3451 2033 3663 2089 dictum

2058 2130 2164 2187 est,
2221 2122 2398 2176 altare
2449 2138 2680 2192 parvum
2728 2122 2954 2193 quidem
2999 2123 3069 2178 ab
3113 2123 3276 2179 initio
3314 2125 3519 2191 fuisse,
3563 2125 3662 2181 sed

2059 2220 2282 2269 auctum
2311 2229 2433 2269 esse
2473 2221 2685 2284 postea,
2723 2214 2969 2269 futuram
2996 2215 3113 2269 suis
3153 2215 3502 2286 temporibus
3527 2231 3660 2286 pro-

2058 2305 2402 2377 gressionem
2442 2305 2747 2378 Evangelii,
2806 2315 2863 2362 et
2913 2316 3228 2362 sanctarum
3283 2308 3663 2364 Ecclesiarum

2057 2397 2128 2452 ab
2175 2397 2336 2452 initio
2374 2399 2676 2469 angustias,
2727 2398 3045 2454 earumdem
3107 2401 3471 2471 consequenti
3521 2409 3664 2456 tem-

2056 2506 2194 2562 pore
2217 2492 2643 2563 amplitudinem
2672 2493 2968 2565 signiﬁcat.
2996 2493 3309 2549 Dilatantur
3337 2495 3488 2550 enim
3523 2512 3664 2566 quo-

2057 2586 2358 2644 dammodo
2377 2589 2434 2644 in
2456 2589 2576 2646 dies
2604 2590 2821 2656 altaria,
2845 2607 2973 2646 cum
3003 2605 3228 2662 semper
3257 2591 3380 2647 aliae
3398 2592 3665 2648 Ecclesia:

2056 2679 2339 2749 prioribus
2387 2681 2747 2752 adjiciuntur,
2799 2689 2966 2753 atque
3003 2683 3059 2737 in
3092 2683 3420 2739 immensam
3468 2683 3665 2739 multi-

2055 2770 2309 2825 tudinem
2357 2781 2692 2827 excrescunt
2717 2774 2940 2844 p0puli,
2980 2774 3075 2845 qui
3117 2791 3219 2846 per
3246 2774 3455 2830 Christi
3489 2775 3665 2830 sacri-

2055 2863 2245 2920 ﬁcium
2275 2864 2549 2936 redempti
2578 2875 2730 2935 sunt,
2751 2867 3066 2937 quibusque
3097 2866 3190 2923 ille
3229 2867 3376 2923 idem
3403 2867 3666 2925 sacerdos

2053 2962 2141 3010 est
2171 2963 2228 3011 et
2256 2955 2441 3011 hostia
2482 2965 2691 3022 sancta,
2715 2965 2772 3013 et
2797 2957 3073 3013 odorifera
3106 2975 3370 3030 purgans,
3391 2967 3450 3014 et
3485 2966 3547 3012 ut
3580 2959 3666 3014 al--

2055 3056 2172 3105 tare
2203 3049 2578 3115 sanctiﬁcans,
2615 3057 2666 3105 el
2700 3059 2762 3105 ut
2801 3051 2858 3105 in
2897 3067 3040 3106 areae
3063 3051 3248 3122 specie
3275 3052 3537 3108 Ecclesiae
3560 3052 3664 3109 do-

2054 3143 2260 3198 minus.

2127 3235 2326 3291 PALL.
2354 3234 2640 3290 Manifesta
2676 3250 2808 3290 sane
2831 3245 2889 3290 et
2923 3234 3156 3291 evidens
3197 3235 3502 3307 expositio:
3531 3251 3662 3292 nam

2055 3327 2353 3382 artiﬁciose
2402 3326 2709 3398 composita
2735 3334 2838 3380 est.

2123 3418 2284 3484 CYR.
2315 3417 2463 3486 Quid
2515 3417 2687 3482 enim,
2725 3433 2912 3472 nonne
2960 3425 3021 3472 tu
3089 3417 3208 3489 ipse
3256 3434 3480 3489 quoque
3517 3417 3660 3474 nihil

2053 3518 2347 3567 cunctatus
2384 3509 2722 3566 conﬁtebere
2739 3509 3022 3566 Christum
3055 3525 3176 3566 esse
3213 3511 3463 3566 omnium
3485 3511 3660 3567 vitam

2053 3611 2220 3674 atque
2257 3601 2738 3672 redemptionem?
3232 3667 3274 3684 μ

2113 3695 2315 3752 PALL.
2346 3696 2546 3751 Fateor
2579 3695 2880 3765 equidem;
2910 3695 2993 3750 sic
3015 3695 3165 3751 enim
3195 3696 3399 3751 sentio.

2121 3788 2280 3845 CYR.
2320 3788 2475 3845 Unus
2501 3789 2652 3844 enim
2693 3805 2796 3860 pro
2827 3789 3091 3844 omnibus
3126 3797 3383 3845 mortuus
3419 3798 3526 3856 est,
3558 3789 3654 3861 qui

2049 3898 2153 3954 pro
2170 3881 2678 3953 universisjustum
2707 3880 2948 3952 pretium
2975 3886 3119 3948 erat;
3148 3881 3467 3936 etanimam
3497 3897 3656 3936 suam

2047 3974 2517 4046 permutationem
2545 3989 2646 4044 pro
2669 3983 2859 4029 nostra
2882 3974 3037 4030 dedit
3063 3993 3075 4028 :
3102 3990 3213 4045 quo
3244 3974 3414 4041 facto,
3444 3973 3653 4029 diaboli

2047 4067 2470 4138 perversitatem
2493 4068 2860 4137 compescuit,
2882 4083 2946 4122 ac
2966 4067 3132 4122 modo
3156 4067 3396 4137 quodam
3410 4068 3650 4138 peccati,

2046 4160 2197 4235 'quod
2237 4163 2401 4219 nobis
2436 4162 2854 4228 dominabatur,
2901 4161 3374 4228 criminationem,
3401 4171 3458 4217 et
3499 4162 3652 4218 illam

2046 4255 2107 4310 in
2155 4253 2409 4310 omnium
2445 4252 2737 4307 hominum
2773 4252 2954 4323 culpis
3009 4252 3339 4308 accusandis
3379 4253 3650 4309 etfrenem

2043 4345 2290 4417 linguam
2321 4344 2596 4402 cohibuit.

2117 4438 2319 4495 PALIr.
2354 4437 2685 4506 Quomodo?

399 4517 574 4571 ΚΥΡ.
632 4514 859 4585 Ἐπειδὴ
905 4514 1016 4588 γὰρ
1055 4513 1551 4585 βεϐασίλευκεξτῶν
1591 4515 1685 4570 ἐπὶ
1711 4515 1812 4588 τῆς
1839 4517 1941 4588 γῆς

2116 4530 2277 4588 CYR.
2318 4531 2478 4597 Nam,
2508 4546 2576 4587 ex
2599 4546 2710 4601 quo
2732 4531 2987 4602 regnavit
3011 4537 3302 4602 peccatum
3334 4545 3502 4602 super
3531 4547 3648 4588 om-

324 4611 359 4675 ἠ
385 4609 664 4680 ἁμαρτία,
711 4608 850 4661 πολὺ
893 4607 1319 4662 διανενευκότων
1365 4608 1460 4661 ἐπὶ
1503 4610 1572 4662 τά
1614 4611 1828 4682 πονηρὰ
1873 4614 1939 4667 ὲκ

321 4703 607 4770 νεότητος,
641 4698 788 4753 καθά
813 4698 1151 4771 γέγραπται,
1179 4699 1276 4754 καὶ
1300 4699 1579 4771 ἐπιμελῶς
1606 4702 1940 4776 ἐγκειμένης

319 4796 422 4867 τῆς
482 4793 748 4850 ἁπάντων
791 4792 1024 4866 καρδίας
1062 4793 1158 4847 ἐπὶ
1183 4793 1247 4848 τὸ
1278 4793 1477 4867 χρῆναι
1509 4795 1606 4849 καὶ
1646 4796 1937 4867 βούλεσθαι

321 4888 633 4961 κατορθοῦν
683 4889 849 4954 αὐτὰ,
893 4887 1271 4961 πεπτώκαμεν
1321 4888 1636 4959 ἀναγκαίως
1689 4893 1784 4946 καὶ
1829 4893 1938 4948 ὑπὸ

320 4984 564 5038 θανάτου
611 4980 794 5052 δίκην.
841 4981 1030 5053 Νόμου
1083 4982 1195 5053 γὰρ
1241 4981 1389 5037 θείου
1444 4983 1784 5056 παράϐασις,
1838 4989 1936 5042 καὶ

320 5075 654 5146 θελημάτων
693 5073 956 5146 ἀθέτησις
987 5073 1098 5128 τῶν
1125 5074 1498 5142 Δεσποτικῶν,
1538 5077 1770 5134 θάνατον
1817 5079 1934 5154 ἔχει

315 5169 420 5241 τὴν
461 5168 647 5239 δίκην.
689 5167 1168 5240 Κατεφθαρμένην
1202 5167 1260 5221 δὲ
1307 5167 1452 5224 οὕτω
1495 5169 1596 5243 τὴν
1638 5172 1930 5244 ἀνθρώπου

317 5261 511 5331 φύσιν,
552 5259 862 5333 ὲπῴκτειρε
895 5259 994 5330 μὲν
1023 5261 1052 5314 ὀ
1086 5245 1453 5333 Δημιουργὸς,
1498 5261 1692 5333 γέγονε
1731 5265 1790 5320 δὲ
1830 5266 1932 5323 ἄν·

315 5353 544 5425 θρωπος
572 5353 953 5425 όΜονογενὴς,
986 5353 1082 5407 καὶ
1108 5353 1192 5424 τῷ
1215 5352 1433 5427 θανάτῳ
1465 5357 1715 5426 φυσικῶς
1743 5360 1932 5432 ἐνεχό-

319 5462 487 5516 μενον
521 5444 806 5517 πεφόρηκε
851 5443 1035 5516 σῶμα,
1074 5445 1170 5499 καὶ
1207 5447 1588 5519 κεχρημάτικε
1629 5449 1788 5522 σάρξ,
1841 5453 1931 5508 ἵνα

315 5537 463 5608 ὑπὲρ
509 5535 672 5608 ήμῶν
709 5535 952 5602 ἀνατλὰς
992 5536 1087 5591 τὸν
1116 5535 1175 5605 ἐξ
1207 5538 1485 5610 ἁμαρτίας
1517 5541 1651 5612 ἡμῖν
1682 5543 1930 5618 ὲπαρτη-

315 5628 484 5684 θέντα
521 5627 774 5697 θάνατον,
798 5631 1128 5704 καταργήσῃ
1161 5629 1260 5703 τὴν
1289 5631 1590 5704 ἁμαρτίαν,
1617 5636 1714 5688 καὶ
1743 5638 1928 5715 παύσῃ

397 5833 448 5867 ’³
477 5831 650 5892 lCor.
678 5850 752 5903 rx,
783 5834 837 5902 9,
880 5836 966 5894 ιθ.
1049 5841 1094 5876 ⁸⁸
1133 5843 1398 5912 lsai.t.xv,
1419 5845 1471 5900 l.
1546 5847 1590 5880 ”
1614 5847 1819 5908 Cenes.
1843 5869 1917 5922 vt,
1940 5853 1994 5910 5.

2045 4637 2147 4678 nes
2199 4623 2296 4694 qui
2335 4622 2394 4677 in
2435 4622 2602 4678 terris
2650 4629 2977 4688 versantur,
3019 4637 3148 4677 cum
3201 4623 3441 4678 maxime
3483 4625 3648 4695 proni

2043 4716 2160 4770 sint
2195 4714 2266 4770 ad
2302 4715 2446 4770 mala
2495 4714 2565 4771 ab
2603 4714 2978 4771 adolescentia
3004 4716 3073 4784 ³⁷,
3114 4724 3176 4770 ιιι
3228 4717 3498 4788 scriptum
3537 4727 3643 4786 est,

2042 4815 2099 4864 et
2152 4809 2406 4864 omnium
2447 4808 2621 4864 corda
2665 4808 2962 4881 diligenter
2999 4809 3324 4866 incumbant
3369 4809 3439 4865 ad
3477 4808 3646 4882 perﬁ-

2041 4900 2226 4956 ciendi
2246 4900 2612 4967 voluntatem,
2635 4901 2952 4957 necessario
2976 4901 3174 4956 mortis
3200 4916 3419 4973 poenam
3450 4901 3645 4956 incur-

2044 4993 2239 5048 rimus.
2277 4993 2440 5065 Legis
2464 5009 2704 5065 namque
2737 4993 2940 5051 divinae
2967 4993 3277 5059 violationi,
3308 4993 3643 5049 Dominicaa-

2043 5100 2150 5156 que
2177 5086 2479 5142 voluntatis
2501 5087 2844 5158 contemptui
2866 5102 3028 5157 paena
3049 5086 3350 5142 constituta
3364 5095 3450 5141 est
3471 5101 3641 5141 mors.

2042 5177 2152 5234 Sed
2176 5189 2490 5252 corruptam
2521 5180 2762 5236 hominis
2793 5189 3047 5236 naturam
3070 5189 3262 5237 auctor
3294 5179 3410 5252 ipse
3441 5179 3644 5237 miser-

2044 5279 2132 5326 tus
2158 5273 2272 5338 ost’;
2304 5272 2488 5344 itaque
2519 5273 2610 5329 ille
2628 5273 2958 5346 Unigenitus
2982 5273 3163 5330 factus
3193 5283 3279 5331 est
3307 5273 3495 5344 homo,
3521 5291 3647 5332 cor-

2033 5380 2248 5436 pusque
2290 5375 2490 5422 natura
2540 5367 2705 5423 morti
2753 5366 3056 5423 obnoxium
3109 5367 3364 5441 gestavit,
3401 5375 3460 5423 et
3511 5383 3645 5425 caro

2029 5455 2211 5514 factus
2234 5467 2339 5526 est,
2368 5467 2429 5515 ut
2460 5468 2638 5516 morte
2671 5460 2920 5526 tolerata,
2945 5477 3068 5534 quae
3098 5463 3309 5533 peccati
3340 5462 3501 5534 culpa
3534 5477 3645 5520 no-

2032 5549 2119 5607 bis
2140 5552 2252 5623 jam
2285 5553 2632 5622 imminebat,
2658 5554 2970 5611 destrueret
2990 5566 3300 5629 peccatum,
3323 5573 3388 5612 ac
3411 5555 3639 5612 demum

2034 5643 2249 5704 Satanae
2280 5649 2768 5708 criminationibus
2805 5651 2972 5710 ﬁnem
3025 5654 3336 5726 imponeret
3373 5672 3385 5707 :
3430 5653 3658 5741 quippe
