4096 6480
460 337 569 392 205

1453 329 1509 383 S.
1553 327 1832 385 CYRILLI
1871 328 2344 385 ALEXANDRINI
2382 330 2699 387 ARClllEP.

3629 304 3751 384 eos“

471 462 594 503 mm
618 447 674 501 in
701 446 821 516 ipso
845 445 1085 511 Christo,
1109 456 1478 517 peccatorum,
1511 444 1579 499 de
1607 445 1812 516 quibus
1833 460 2056 501 accusa-

2176 447 2341 501 ιοιπὺν
2362 446 2697 516 ἐγκαλοῦντα
2717 447 2808 500 τὸν
2830 446 3093 509 Σατανᾶν,
3113 445 3187 509 ὡς
3211 444 3563 499 ἐκτετικότων
3581 444 3740 517 ἡμῶν

468 528 672 601 Ιὶίιηιιτ,
713 551 904 606 poenas
933 536 1361 603 exsolverimus;
1401 554 1419 587 ι
1465 537 1607 592 tollit
1647 538 1796 592 enim
1837 546 2057 607 peccata

470 638 677 692 nostra,
704 635 761 682 et
805 642 906 698 pro
946 627 1110 683 nobis
1152 628 1302 683 dolet
1316 629 1362 660 ’⁸
1388 647 1407 679 ι
1450 630 1604 699 juxta
1641 629 1923 700 praphelze
1958 644 2056 684 vo-

471 734 611 776 cem.
629 718 785 789 10],
804 719 886 774 An
902 734 1012 775 non
1032 720 1179 776 enim
1192 708 1300 776 lnos
1318 719 1493 776 livore
1506 721 1627 792 ejus
1642 720 1818 777 sanati
1835 721 2059 777 sumus?

539 911 739 968 PALL.
778 912 979 967 Verum
1023 910 1180 966 dicis.
1221 930 1239 963 ι
1274 912 1603 967 Vulneratus
1633 919 1719 967 est
1759 912 1905 967 enim
1934 928 2060 982 pro-

470 1016 595 1076 pter
633 1012 859 1075 peccata
906 1012 1129 1070 nostra,
1169 1011 1229 1058 et
1282 1004 1389 1059 fuit
1442 1004 1499 1058 in
1554 1003 1847 1060 alllictione
1909 1012 1965 1058 et
2002 1003 2060 1058 in

476 1096 627 1163 plaga
660 1093 726 1145 ³⁸.
765 1113 783 1145 ι

542 1185 701 1241 CYR.
744 1184 1033 1241 Sublatum
1082 1186 1250 1257 igitur
1292 1194 1377 1240 est
1417 1185 1485 1240 de
1523 1184 1706 1240 medio
1737 1192 2057 1256 peccatum,

474 1285 831 1347 posteaquam
863 1292 967 1347 pro
997 1276 1160 1331 nobis
1196 1292 1391 1348 passus
1438 1286 1525 1332 est
1565 1275 1840 1342 Christus,
1882 1291 2060 1347 neque

477 1367 742 1437 posthac,
782 1368 1000 1439 opinor,
1048 1368 1319 1423 violenter
1358 1367 1622 1423 adversus
1678 1383 1774 1422 eos
1826 1366 1922 1438 qui
1962 1382 2062 1438 per

475 1459 758 1515 Christum
800 1459 1122 1514 sanetiﬁcati
1179 1466 1340 1523 sunt,
1386 1458 1785 1513 vociferabitur
1831 1476 1844 1512 :
1896 1457 2062 1528 idque

478 1550 831 1621 perspicuum
877 1549 1039 1605 nobis
1068 1548 1232 1606 faciet
1274 1551 1541 1621 prapheta
1584 1551 1875 1606 Zacharias
1911 1551 2063 1606 velut

479 1655 579 1710 per
609 1641 878 1696 visionem
906 1639 1128 1696 dicens:
1163 1641 1259 1721 «Et
1277 1641 1447 1696 exivit
1465 1641 1710 1712 angelus,
1746 1640 1840 1712 qui
1867 1640 2062 1711 loque-

479 1732 643 1788 batur
681 1733 736 1787 in
770 1748 878 1799 me,
914 1743 971 1789 et
998 1733 1136 1789 dixit
1169 1734 1235 1790 ad
1267 1750 1354 1789 me
1396 1752 1409 1787 :
1456 1734 1687 1805 Respice
1726 1734 1900 1789 oculis
1929 1734 2058 1800 tuis,

2163 540 2221 592 ἐν
2249 538 2398 607 αὐτῷ
2444 537 2523 610 τῷ
2570 538 2791 610 Χριστῷ
2827 539 2934 591 τῶν
2963 538 3042 601 είς
3081 535 3351 609 ἁμαρτίαν
3399 536 3744 608 αίτιαμάτων

2163 630 2264 694 τάς
2294 630 2449 694 δίκας
2470 648 2482 661 ·
2516 651 2533 683 ι
2564 630 2710 703 αἴρει
2730 630 2838 701 γὰρ
2869 629 3026 701 ἡμῶν
3046 629 3145 693 τάς
3170 629 3466 701 ἁμαρτίας,
3493 631 3743 701 καὶπερὶ

2164 722 2322 794 ἡμῶν
2352 722 2627 788 ὀδυνᾶται,
2659 742 2677 774 ι
2722 723 2866 776 κατὰ
2899 722 2997 794 τὴν
3016 722 3109 776 τοῦ
3140 724 3420 796 προφήτου
3441 724 3647 797 φωνήν.
3669 725 3750 796 Ἦ

2165 809 2290 879 οὐχὶ
2315 807 2393 879 τῷ
2418 807 2648 880 μώλωπι
2684 807 2850 862 αὑτοῦ
2895 809 3055 880 ἡμεῖς
3080 808 3347 881 ίάθημεν;

2236 900 2444 954 ΠΔΛΛ.
2499 898 2742 971 Ἀληθές.
2792 920 2811 951 ι
2853 900 3291 973 Ἐτραυματίσθη
3320 900 3431 971 γάρ
3457 899 3599 973 ὺπέρ
3632 900 3750 955 τῶν

2166 990 2452 1064 ἁμαρτιῶν
2512 990 2690 1062 ἡμῶν,
2747 991 2840 1044 καὶ¹
2886 992 3112 1061 γέγονεν
3169 992 3229 1045 ἐν
3263 989 3522 1062 κακώσει⁸
3548 989 3645 1045 καὶ
3688 992 3750 1045 ἐν

2167 1082 2673 1227 πλίγέξῇέ.,Λέλυται
2702 1170 2881 1225 τοίνυν
2915 1171 2948 1242 ἡ
2992 1170 3260 1242 ἁμαρτία,
3284 1166 3523 1239 Χριστοῦ
3545 1166 3754 1222 παθόν-

2166 1282 2257 1329 τος
2280 1264 2419 1337 ὑπὲρ
2446 1262 2631 1335 ἡμῶν,
2659 1262 2754 1318 καὶ
2773 1263 2874 1317 οὐκ
2902 1263 2968 1325 ἂν
2990 1257 3145 1333 οἶμαι
3161 1261 3553 1331 καταϐοήσειεν
3573 1260 3752 1328 ἀναγ-

2168 1353 2341 1417 καίως
2357 1353 2437 1407 ἐτι
2451 1353 2559 1407 τῶν
2580 1353 2926 1425 ἡγιασμένων
2944 1352 3031 1406 διά
3048 1350 3306 1423 Χριστοῦ,
3334 1352 3425 1404 καὶ
3442 1348 3601 1404 τοῦτο
3616 1353 3754 1421 ἡμῖν

2167 1444 2417 1509 διαδείξει
2446 1444 2632 1513 σαφῶς
2669 1444 2698 1497 6
2731 1443 3018 1516 προφήτης
3061 1441 3338 1513 Ζαχαρίας
3369 1440 3445 1505 ὡς
3472 1443 3530 1494 ἐν
3556 1441 3755 1512 ὁράσει

2169 1537 2369 1605 λέγων·
2407 1554 2423 1588 ι
2463 1536 2576 1590 Καὶ
2616 1535 2839 1605 ἐξῆλθεν
2884 1537 2913 1588 6
2961 1532 3188 1603 ἄγγελος
3222 1533 3251 1585 6
3275 1531 3456 1585 λαλῶν
3505 1532 3563 1584 ἐν
3601 1531 3751 1602 ἐμοὶ,

2171 1631 2265 1684 καὶ
2310 1624 2432 1683 εἶπε
2465 1629 2601 1701 πρός
2632 1646 2700 1700 με
2720 1643 2736 1662 ο
2789 1623 3117 1696 Ἀνάϐλεψον
3153 1628 3265 1687 τοῖς
3297 1624 3593 1696 ὀφθαλμοῖς
3630 1641 3754 1685 σου,

2170 1724 2269 1779 καὶ
2299 1723 2375 1777 ἴδε
2398 1721 2457 1775 τὸ
2488 1721 2921 1792 ἐκπορευόμενον
2950 1718 3127 1773 τοῦτο.
3162 1718 3273 1772 Καὶ
3301 1712 3466 1783 sinat;
3499 1717 3566 1770 Τί
3592 1719 3709 1771 ἐστι
3737 1733 3755 1782 ;

478 1833 535 1880 et
562 1826 688 1881 vide
719 1827 827 1882 hoc
849 1826 996 1898 quod
1026 1828 1295 1898 procedit.
1344 1829 1413 1883 Et
1444 1827 1589 1882 dixi:
1613 1826 1756 1895 Quid
1778 1828 1914 1883 illud
1942 1828 2064 1885 est?

2176 1817 2262 1870 καὶ
2303 1811 2424 1868 εἷπε
2447 1833 2459 1845 ·
2493 1813 2664 1867 Τοῦτο
2687 1813 2747 1867 τὸ
2804 1813 3001 1885 μέτρον
3030 1810 3106 1865 ’τὸ
3149 1809 3601 1882 ἐκπορευόμενον.
3641 1806 3761 1863 Καὶ

480 1926 538 1973 et
570 1918 709 1974 dixit
742 1937 753 1973 :
782 1919 909 1976 Haec
939 1927 1024 1976 est
1053 1934 1311 1975 mensura
1336 1935 1456 1991 quae
1484 1919 1754 1990 procedit.
1788 1920 1858 1975 Et
1889 1920 2061 1977 dixit:

481 2010 610 2066 llaec
641 2020 725 2066 est
746 2010 1021 2080 iniquitas
1047 2024 1241 2064 eorum
1269 2009 1323 2063 in
1355 2010 1611 2064 universa
1649 2017 1815 2064 terra.
1844 2011 1913 2065 Et
1938 2026 2067 2067 ecce

482 2102 751 2156 talentum
780 2100 997 2171 plumbi
1028 2100 1328 2167 elevatum,
1358 2108 1415 2156 et
1436 2116 1567 2156 ecce
1596 2117 1706 2156 una
1744 2102 1945 2157 mulier
1977 2118 2066 2158 se-

480 2190 649 2248 debat
667 2191 724 2245 in
745 2191 928 2247 medio
946 2206 1237 2256 mensurae,
1269 2199 1327 2247 et
1353 2190 1841 2263 projecitlapidem
1856 2192 2068 2264 plumbi

483 2282 541 2337 in
581 2298 645 2337 os
671 2284 792 2354 ejus
831 2301 843 2336 :
886 2292 943 2340 et
970 2283 1147 2337 levavi
1177 2283 1368 2337 oculos
1414 2288 1588 2349 meos,
1610 2293 1669 2340 et
1698 2284 1836 2351 vidi,
1858 2292 1915 2340 et
1941 2300 2069 2340 ecce

484 2370 606 2427 dua:
625 2371 889 2427 mulieres
912 2371 1297 2443 procedentes,
1314 2380 1372 2428 et
1395 2373 1622 2444 spiritus
1636 2374 1692 2429 in
1727 2375 1831 2429 alis
1855 2390 2067 2442 earum,

482 2471 540 2519 et
564 2464 650 2519 lue
689 2465 970 2519 habebant
996 2465 1110 2519 alas
1137 2472 1199 2519 ut
1234 2465 1351 2520 alas
1381 2480 1579 2537 upupae
1600 2507 1615 2532 ,
1645 2476 1702 2522 et
1722 2468 2072 2524 sustulerunt

485 2570 799 2610 mensuram
826 2555 970 2610 inter
1016 2563 1217 2611 terram
1243 2566 1301 2612 et
1339 2556 1539 2611 cmlum
1578 2575 1590 2611 :
1631 2566 1689 2613 et
1717 2558 1829 2613 dixi
1867 2558 1936 2614 ad
1971 2575 2071 2613 an-

485 2645 666 2710 gelum
693 2646 789 2716 qui
817 2646 1149 2716 loquebatur
1190 2647 1247 2701 in
1278 2663 1367 2701 me
1403 2666 1415 2701 :
1440 2648 1560 2715 Quo
1592 2649 1674 2704 ha:
1702 2648 1886 2704 ferunt
1915 2666 2071 2705 men-

485 2732 710 2786 suram?
740 2732 809 2787 Et
852 2733 993 2788 dixit
1036 2733 1103 2788 ad
1147 2750 1232 2790 me
1278 2754 1290 2790 :
1331 2736 1400 2793 Ut
1437 2738 1711 2793 aediﬁcent
1749 2739 1801 2792 ei
1850 2739 2073 2796 domum

488 2824 543 2877 in
579 2832 726 2879 terra
752 2824 1066 2897 Babylonis,
1101 2833 1509 2898 etprazparent,
1546 2836 1604 2881 et
1629 2829 1901 2884 collocent
1925 2829 2075 2884 illam

488 2913 566 2969 ibi
602 2915 660 2969 in
698 2916 1100 2987 praeparatione
1142 2918 1264 2989 ejus
1294 2918 1358 2972 ³ο.
1411 2938 1429 2971 ι
1482 2918 1645 2974 Visne
1682 2926 1742 2973 ut
1784 2935 1978 2975 rursus
2007 2920 2075 2977 de

489 3005 721 3076 singulis
745 3004 1116 3072 disseramus,
1155 3014 1233 3073 et,
1270 3015 1537 3080 quantum
1562 3008 1723 3065 nobis
1752 3009 1902 3076 licet,
1939 3025 2075 3065 con-

487 3097 838 3153 sideremus?

556 3189 756 3244 PALL.
783 3190 1015 3245 Maxime
1044 3207 1196 3247 vero.

558 3280 717 3338 CYR.
762 3283 1078 3338 Mensuram
1130 3283 1460 3355 quamdam,
1509 3300 1631 3355 quae
1666 3286 1734 3340 ab
1771 3285 2076 3343 Jerusalem

487 3372 693 3438 exibat,
734 3372 874 3427 vidit
906 3374 1199 3445 propheta,
1235 3375 1559 3447 rogantique
1586 3375 1718 3446 quid
1752 3376 1887 3431 illud
1912 3385 2077 3443 esset,

492 3462 778 3535 respondit
811 3463 1074 3535 angelus:
1109 3485 1126 3516 ‹
1164 3465 1289 3522 Haec
1323 3475 1405 3521 est
1441 3467 1703 3537 iniquitas
1754 3464 1997 3538 ipsorum
2023 3468 2082 3522 in

494 3555 751 3610 universa
798 3562 948 3610 terra
972 3556 1013 3587 ³¹
1043 3572 1055 3609 :
1086 3576 1103 3608 ι
1140 3555 1297 3623 Quod
1333 3557 1568 3627 perinde
1607 3567 1697 3611 est
1742 3573 1806 3612 ac
1833 3556 1877 3611 si
1909 3556 2082 3612 dixis-

492 3654 599 3712 set,
625 3646 740 3702 Hac
768 3663 1028 3703 mensura
1054 3649 1241 3703 omnia
1260 3649 1649 3720 appenduntur
1666 3659 1912 3721 peccata,
1930 3666 2083 3720 quze-
2107 3669 2117 3674 ·

493 3754 716 3810 cunque
751 3754 850 3810 per
898 3742 1235 3799 universam'
1258 3752 1464 3797 terram
1508 3743 1739 3813 singulis
1768 3743 2084 3814 quibusque

496 3832 842 3902 temporibus
876 3842 1281 3906 perpetrantur.
1325 3834 1428 3891 Ubi
1462 3834 1612 3889 enim
1656 3844 1844 3891 nostra
1864 3847 2086 3907 peccata

496 3941 674 3996 usque
716 3925 783 3981 ad
833 3928 1180 3982 manifestam
1212 3928 1569 4001 pervenerint
1615 3927 2083 3998 magnitudinem,

498 4026 613 4073 tum
634 4033 767 4072 vero
799 4018 1046 4073 oll‘ensus
1064 4033 1256 4088 poenas
1283 4033 1314 4072 a
1338 4016 1500 4073 nobis
1532 4019 1733 4089 repetit
1755 4020 1871 4090 ipse
1906 4021 2087 4094 legum

497 4109 797 4166 conditor:
835 4109 1158 4180 frequenter
1204 4117 1388 4165 autem
1444 4109 1607 4165 insita
1641 4112 1879 4181 quadam
1927 4113 2088 4170 beni—

497 4200 706 4270 gnitate
735 4201 952 4266 tolerat,
988 4209 1392 4272 peecantesque
1436 4203 1706 4271 sustinet;
1733 4220 1934 4275 neque,
1986 4222 2087 4261 an-

2167 1907 2356 1965 εἴπενο
2408 1908 2560 1980 Αὕτη
2601 1910 2635 1979 ὴ
2682 1906 2866 1961 ἀδικία
2893 1904 3072 1961 αὐτῶν
3114 1904 3174 1959 ἐν
3205 1903 3355 1973 πάσῃ
3395 1904 3460 1973 τῇ
3498 1903 3589 1973 γῇ.
3639 1899 3761 1954 Καὶ

2171 2003 2278 2057 ίδοὺ
2331 2001 2593 2056 τάλαντον
2650 1998 2899 2071 μολίϐδου
2944 1996 3312 2069 ἐξαιρόμενον,
3368 1993 3462 2048 καὶ
3510 1991 3619 2047 ίδοῦ
3654 1993 3761 2063 μία

2167 2092 2304 2164 γυνὴ
2332 2092 2568 2162 ἐκάθητο
2609 2092 2668 2144 ἐν
2708 2088 2858 2162 μέσῳ
2894 2088 2988 2143 τοῦ
3030 2088 3229 2160 μέτρου
3251 2102 3264 2117 ο
3298 2087 3395 2174 καὶ
3424 2084 3616 2174 ἔρριψε
3657 2082 3759 2138 τὸν

2168 2184 2314 2238 λίθον
2344 2183 2437 2237 τοῦ
2470 2182 2719 2255 μολίϐδου
2744 2184 2824 2247 είς
2849 2182 2911 2236 τὸ
2936 2181 3113 2251 στόμα
3141 2178 3312 2251 αὐτῆς
3329 2196 3342 2210 ·
3369 2173 3464 2233 καὶ
3485 2173 3599 2249 ἦρα
3623 2178 3761 2241 τοὺς

2175 2276 2508 2348 ὀφθαλμοὺς,
2547 2274 2642 2329 καὶ
2672 2270 2810 2328 εἶδον
2835 2289 2850 2304 ·
2885 2274 2981 2327 καὶ
3012 2271 3120 2326 ἰδοῦ
3169 2270 3262 2324 δύο
3291 2272 3549 2339 γυναῖκες
3588 2269 3764 2323 ἐκπο-

2171 2367 2482 2447 ρευόμεναι,
2515 2365 2610 2419 καὶ
2643 2363 2861 2435 πνεῦμα
2882 2363 2942 2418 ἐν
2970 2364 3090 2426 ταῖς
3128 2359 3590 2432 πτέρυξιν,αΰτῶν
3610 2377 3627 2392 ⁸
3659 2361 3762 2415 καὶ

2170 2452 2329 2514 αὗται
2382 2457 2530 2530 εἶχον
2587 2455 2865 2528 πτέρυγας
2911 2453 2987 2518 ὡς
3038 2453 3308 2525 πτέρυγες
3358 2452 3599 2515 ἔποπος·
3658 2453 3764 2504 καὶ

2171 2546 2432 2603 ἀνέλαϐον
2477 2547 2539 2601 τὸ
2595 2546 2794 2617 μέτρον
2844 2545 2947 2599 ἀνά
2983 2544 3148 2613 μέσον
3198 2544 3298 2615 τῆς
3351 2543 3475 2613 γῆς,
3513 2541 3608 2596 καὶ⁸
3649 2542 3766 2596 ἀνὰ

2175 2640 2339 2712 μέσον
2371 2638 2464 2694 τοῦ
2492 2637 2743 2712 ούρανοῦ.
2773 2638 2883 2692 Καὶ
2916 2632 3046 2691 εἶπα
3087 2636 3223 2709 προς
3262 2634 3353 2689 τὸν
3397 2633 3625 2703 ἀγγελον
3665 2634 3765 2687 τὸν

2173 2729 2437 2784 λαλοῦντα
2462 2732 2519 2786 ἐν
2548 2728 2672 2802 ἐμοί
2692 2748 2705 2760 ·
2733 2728 2843 2785 Ποῦ
2870 2721 3033 2783 αὗται
3063 2726 3401 2799 ἀποφέρουσι
3430 2725 3491 2778 τὺ
3521 2725 3719 2797 μέτρον
3747 2742 3767 2790 ;

2176 2823 2288 2878 Καὶ
2325 2819 2445 2875 εἷπε
2476 2821 2613 2894 πρός
2646 2837 2742 2892 με’
2792 2818 3162 2891 Οἰκοδομῆσαι
3213 2816 3362 2887 αὐτῷ
3390 2816 3566 2870 οίκίαν
3592 2817 3649 2868 ἐν
3683 2818 3766 2886 γῇ

2175 2915 2518 2980 Βαϐυλῶνος.
2567 2917 2659 2968 καὶ
2697 2914 3003 2985 ἑτοιμάσαι,
3038 2913 3132 2966 καὶ
3177 2911 3434 2982 θήσουσιν
3478 2909 3610 2963 αὐτὸ
3641 2911 3772 2962 ἐκεῖ

2177 3010 2269 3062 ἐπὶ
2297 3009 2397 3080 τὴν
2433 3007 2751 3080 έτοιμασίαν
2783 3005 2972 3060 αὐτοῦ.
3009 3024 3028 3057 ι
3054 3003 3244 3058 Βούλει
3288 3003 3538 3075 λέγωμεν
3577 3002 3646 3056 τά
3674 3003 3772 3071 ἐφ’

2179 3102 2397 3173 ἐκάστῳ
2423 3101 2607 3168 πάλιν,
2645 3100 2740 3155 καὶ
2777 3099 3072 3171 θεωρῶμεν
3100 3098 3174 3162 ὡς
3203 3095 3315 3165 Evt;

2106 3174 2148 3232 ο
2254 3192 2462 3248 ΠΑΛΛ.
2497 3192 2646 3247 Πάνυ
2676 3192 2774 3263 μὲν
2800 3186 2916 3246 οῦν.

2252 3268 2418 3339 ΚΥΡ.
2460 3282 2677 3356 Μέτρον
2715 3299 2770 3336 τι
2811 3282 2911 3354 τῆς
2969 3280 3329 3352 Ἰερουσαλὴμ
3371 3277 3628 3351 ἐκτρέχον
3673 3294 3781 3332 τε-

2187 3373 2376 3429 θέαται
2410 3373 2509 3444 μὲν
2541 3373 2568 3424 6
2595 3373 2903 3442 προφήτης,
2938 3370 3183 3442 ἐρομένῳ
3210 3370 3266 3424 δὲ
3299 3371 3326 3424 ὅ
3348 3370 3413 3440 τί,
3446 3370 3562 3422 ποτ’
3594 3370 3781 3436 ἐστιν,

2183 3469 2212 3523 6
2251 3467 2483 3537 ἄγγελος
2513 3466 2617 3538 ἐφη
2638 3481 2653 3497 ο
2684 3484 2703 3518 ι
2737 3463 2887 3536 Αὕτη
2922 3466 2956 3536 ὴ
2990 3463 3173 3518 ἀδικία
3215 3462 3393 3521 αὐτῶν
3427 3463 3486 3516 ἐν
3517 3462 3669 3534 πάσῃ
3696 3465 3784 3535 τῇ

2184 3564 2276 3634 γῇ.
2317 3579 2335 3613 ι
2371 3562 2598 3631 Ὅμοιον
2637 3559 2714 3625 δὲ,
2742 3559 2819 3623 ὡς
2867 3560 2924 3638 εί,
2957 3558 3109 3628 λέγοι
3148 3557 3332 3629 τυχόνο
3387 3556 3479 3611 Ἐν
3520 3555 3660 3627 τῷδε
3691 3556 3786 3624 τῷ

2191 3654 2373 3726 μέτρῳ
2406 3655 2686 3725 μετρεῖται
2716 3651 2828 3706 τῶν
2861 3650 2966 3706 ἀνά
2995 3652 3175 3705 πᾶσαν
3221 3648 3319 3721 τὴν
3362 3650 3466 3720 γῆν
3502 3647 3574 3702 τά
3626 3649 3789 3703 κατὰ

2188 3745 2417 3818 καιροὺς
2462 3743 2933 3815 πλημμελήματα.
2985 3741 3168 3814 Μέχρι
3207 3741 3318 3812 γάρ
3357 3739 3422 3813 δὴ
3468 3739 3786 3811 ποσότητος

2189 3839 2432 3909 φανερᾶς
2456 3836 2698 3909 ἡκούσης
2718 3834 2875 3907 ἡμῶν
2901 3837 2999 3907 τῆς
3025 3833 3322 3906 ἁμαρτίας,
3344 3831 3540 3901 ἐπάγει
3559 3830 3623 3905 δὴ
3644 3832 3781 3887 τότε

2188 3931 2287 3995 τὰς
2329 3931 2486 3994 δίκας
2516 3922 2889 4001 λελυπημένος
2915 3927 2945 3981 6
2978 3927 3302 3999 νομοθέτης·
3335 3925 3693 3998 διακαρτερεῖ
3720 3926 3782 3980 δέ

2191 4022 2454 4087 πολλάκις
2500 4021 2560 4090 ἐξ
2600 4021 2845 4092 ἐμφύτου
2888 4019 3316 4091 φιλανθρωπίας,
3370 4017 3467 4072 καὶ
3514 4016 3784 4089 πλημμε-

2189 4115 2425 4169 λούντων
2457 4114 2731 4186 ἀνέχεται,
2764 4113 2871 4183 πρὸ
2904 4112 3005 4183 τῆς
3046 4110 3492 4184 συμπληρώσεως
3526 4110 3629 4163 οὐκ
3659 4111 3785 4163 εἰσ-

2191 4209 2338 4264 άπαν
2376 4203 2722 4274 ἀγανακτῶν.
2764 4204 2875 4257 Καὶ
2903 4201 3034 4272 γοῦν
3072 4201 3175 4273 ἔφη
3205 4200 3343 4271 πρὸς
3391 4197 3642 4270 Ἀϐραὰμ
3680 4199 3785 4253 τὸν

499 4301 718 4362 tequam
764 4293 837 4348 sit
881 4294 1077 4350 modus
1130 4294 1457 4365 completus,
1505 4297 1815 4351 universam
1857 4297 2073 4352 ell‘undi‘

2194 4301 2368 4373 ἱερόν·
2423 4317 2442 4350 ι
2492 4296 2660 4351 Ούπω
2699 4296 2807 4368 γάρ
2852 4294 3349 4366 άναπεπλήρωνται
3396 4293 3453 4347 αἱ
3505 4291 3786 4363 ἁμαρτίαι

500 4381 658 4437 iram.
681 4382 871 4453 Itaque
898 4383 1287 4439 dixitAbraliae
1310 4402 1323 4436 :
1365 4403 1382 4435 ι
1411 4384 1665 4439 Nondum
1693 4386 1841 4439 enim
1866 4386 2088 4457 impleta

2189 4391 2300 4446 τῶν
2337 4389 2681 4462 ’Δμορραίων
2734 4388 2839 4451 ἕως
2874 4385 2969 4441 τοῦ
2994 4384 3108 4442 νῦν.
3146 4405 3163 4438 ι
3208 4384 3352 4457 Πρὸς
3388 4383 3444 4438 δέ
3463 4385 3591 4448 τοὺς
3613 4384 3786 4455 Φαρι-

501 4482 630 4529 sunt
660 4484 883 4544 peccata
917 4475 1363 4531 Amorrhaeorum
1396 4491 1569 4545 usque
1594 4476 1776 4532 adhuc
1797 4479 1862 4531 ³³.
1900 4497 1919 4529 ›
1945 4479 2073 4533 Pha-

2196 4484 2382 4548 σαίους
2411 4482 2658 4553 ἀσχέτως
2685 4479 3145 4551 ἐκλελυττηκότας
3174 4477 3280 4550 ἔφη
3318 4476 3575 4567 Χριστός⁸
3608 4495 3648 4567 lc;
3660 4477 3783 4530 Καὶ

503 4566 676 4620 risaeis
714 4575 921 4633 autem,
951 4568 1329 4636 quiel'l‘renate
1363 4568 1516 4623 illum
1547 4567 1931 4635 offendissent,
1954 4571 2065 4626 dixi

2196 4576 2352 4646 ὑμεῖς
2397 4572 2721 4646 πληρώσατε
2754 4571 2815 4625 τὸ
2850 4571 3048 4643 μέτρον
3089 4569 3199 4624 τῶν
3238 4568 3490 4639 πατέρων
3536 4565 3718 4637 ὑμῶν.
3755 4585 3776 4619 ι

502 4658 792 4712 Christus:
837 4677 855 4709 ι
899 4659 969 4714 Ει
997 4674 1093 4713 vos
1124 4660 1347 4730 implete
1382 4673 1700 4714 mensuram
1741 4668 1961 4731 patrum
1995 4678 2073 4717 ve-

2207 4665 2676 4738 Ἐκπορευομένου
2721 4662 3012 4735 τοιγαροῦν
3059 4659 3154 4714 τοῦ
3216 4658 3439 4731 μέτρου,
3495 4655 3784 4730 ἐξαίρεται

506 4759 748 4805 strorum
778 4749 844 4805 ³³.
885 4769 903 4801 ‹
939 4749 1281 4806 Procedente
1315 4750 1484 4822 igitur
1504 4766 1792 4819 mensura,
1821 4753 2073 4810 talentun

2197 4760 2295 4833 μὲν
2322 4758 2415 4812 τοῦ
2450 4756 2699 4828 μολίϐδου
2726 4756 2789 4811 τὸ
2824 4755 3107 4819 τάλαντον,
3128 4752 3383 4824 ἔρριπται
3407 4750 3465 4805 δὲ
3497 4752 3577 4814 είς
3609 4749 3785 4821 μέσον

506 4841 716 4914 plumbi
763 4841 1055 4906 attollitur,
1097 4841 1454 4912 injiciturque
1506 4842 1565 4896 in
1611 4844 1853 4900 medium
1894 4847 2073 4901 muliei

2192 4857 2227 4926 ἠ
2256 4853 2394 4924 γυνὴ
2439 4851 2723 4924 πληροῦσα
2761 4851 2821 4906 τὸ
2855 4850 3075 4922 μέτρον,
3117 4850 3153 4920 ἢ
3196 4848 3296 4903 καὶ
3328 4849 3388 4902 ἐν
3428 4846 3660 4917 στόματι
3700 4846 3785 4915 τῷ

507 4948 630 5004 qua:
671 4947 987 4987 mensuram
1034 4929 1328 4998 impleret,
1367 4946 1489 5001 quae
1538 4931 1702 4987 etiam
1747 4950 1842 4989 ore
1876 4934 2068 5005 plumb

2198 4946 2314 5016 ίδίῳ
2343 4944 2433 4998 τὸν
2482 4942 2578 4997 τοῦ
2624 4942 2874 5014 μολίϐδου
2912 4941 3060 4995 λίθον
3098 4940 3346 5012 ἐδέχετο⁹
3385 4935 3507 4994 εἶτά
3543 4955 3713 5011 φησιν
3753 4940 3787 4995 ὁ

508 5024 744 5096 lapidem
763 5023 1013 5094 excepit;
1046 5020 1246 5077 deinde
1262 5022 1681 5095 inquitdivinus
1708 5025 1801 5083 ille
1828 5029 2055 5099 angelus

2196 5033 2483 5096 θεσπέσιος
2522 5031 2753 5101 ἄγγελος
2774 5049 2788 5064 ·
2818 5029 2970 5102 Αὕτη
3000 5030 3148 5084 ἐστὶν
3175 5032 3210 5102 ἡ
3241 5028 3460 5102 ἀνομία.

509 5117 637 5172 Haec
659 5125 745 5171 est
773 5115 1056 5185 iniquitas.

585 5206 743 5275 102
784 5203 983 5260 PALL.
1014 5204 1136 5260 Non
1162 5215 1243 5261 est
1277 5206 1457 5262 adhuc
1487 5208 1619 5263 satis
1654 5209 1979 5295 perspicuus
2001 5210 2092 5266 hic

512 5296 806 5366 Scriptura:
834 5297 1009 5352 locus.

580 5360 739 5443 Cl’ll.
782 5385 891 5442 Sed
927 5388 1032 5442 erit
1092 5390 1357 5460 profecto,
1396 5360 1561 5463 atque
1603 5392 1752 5450 haud
1792 5394 1873 5449 ita
1915 5394 2090 5449 multo

513 5488 636 5552 post
662 5495 676 5531 :
705 5491 831 5533 nam
854 5478 1066 5548 plumbi
1101 5484 1368 5540 talentum
1396 5484 1513 5556 ipse
1543 5485 1801 5542 Christus
1830 5493 1935 5551 est,
1967 5486 2089 5556 Opi-

512 5586 636 5635 nor,
666 5570 759 5640 qui
820 5571 1091 5629 attollitur
1121 5576 1344 5645 quidem
1370 5618 1383 5642 ,
1430 5577 1485 5632 id
1528 5586 1632 5642 est,
1675 5577 1947 5632 exaltatur
1992 5592 2091 5646 per

2267 5216 2475 5270 HAAA.
2518 5212 2685 5268 Οὔπω
2708 5211 2831 5267 λίαν
2862 5208 3010 5264 ἐστὶν
3037 5208 3277 5280 ἐναργὴς
3309 5208 3338 5262 6
3364 5206 3543 5277 λόγος.

2262 5394 2430 5449 ΚΥΡ.
2492 5391 2701 5446 Οὐκοῦν
2761 5391 2936 5455 ἐσται,
2996 5389 3227 5468 καὶ-οὐκ
3276 5388 3358 5451 είς
3411 5383 3649 5459 μακράν.
3705 5383 3783 5439 Τδ

2197 5486 2305 5557 γάρ
2333 5478 2418 5538 τοί
2446 5483 2540 5539 τοῦ
2575 5482 2824 5554 μολίϐδου
2852 5481 3114 5537 τάλαντον
3142 5477 3301 5542 αὐτὸς
3320 5476 3387 5532 ἀν
3409 5475 3495 5547 εἴη
3517 5473 3777 5547 Χριστὸς,

2198 5576 2256 5640 ὃς
2283 5575 2559 5646 ἐξαίρεται
2597 5575 2717 5644 μὲν,
2743 5573 2887 5627 τοῦτ’
2910 5572 3080 5639 ἐστιν,
3113 5567 3342 5642 ὑψοῦται
3363 5565 3452 5621 διὰ
3488 5564 3584 5619 τοῦ
3621 5580 3777 5618 σταυ-

585 5757 629 5789 ²⁸
655 5756 810 5816 Joan.
840 5775 878 5828 ι,
911 5757 997 5815 29.
1078 5760 1122 5794 "
1144 5760 1245 5817 lsa.
1288 5775 1399 5827 Llll,
1430 5760 1480 5814 5.
1543 5760 1587 5792 ³ο
1610 5758 1838 5815 Zachar.
1862 5774 1915 5825 v,
1939 5757 2030 5813 5-l
2050 5757 2093 5813 l.
2121 5758 2177 5833 f‘
2208 5757 2438 5815 Zachar.
2467 5774 2543 5828 vi,
2578 5758 2631 5817 5.
2688 5759 2732 5792 "
2757 5758 3072 5829 Genes.xv,
3093 5757 3181 5815 16.
3261 5756 3307 5790 ⁸³
3328 5754 3524 5813 Matth.
3624 5798 3631 5803 .
