4096 6494
355 510 464 570 297

1075 509 1165 564 DE
1202 504 1650 564 ADORATIONE
1689 505 1754 560 IN
1798 500 2073 561 SPIRITU
2112 503 2201 558 ET
2241 501 2613 558 VERITATE.
2649 501 2777 556 LIB.
2807 502 2897 557 Ill.

3540 500 3646 556 298

355 631 478 705 ροῦ,
511 630 606 683 καὶ
654 630 765 692 τοῖς
800 626 897 698 τῆς
947 627 1201 699 θεότητος
1246 625 1553 697 ἀξιώμασιν
1596 625 1789 696 δρᾶται
1828 621 1949 675 δια·

2070 635 2305 685 crucem,
2342 636 2403 674 ac
2437 619 2700 692 dignitate
2725 618 3031 674 divinitatis
3073 626 3353 689 spectatur
3382 618 3643 690 insignis:

351 724 599 794 πρεπής.
658 722 718 775 Ὁ
741 721 850 793 γὰρ
875 720 1007 785 Θεὸς
1048 720 1213 775 αὑτὸν
1251 718 1603 791 ύπερύψωτε,
1645 717 1741 770 καὶ
1770 714 1953 786 ἐχαρί-

348 832 489 870 σατο
528 812 682 886 αὐτῷ
715 814 886 885 ὄνομα
926 813 987 866 τὸ
1026 812 1167 885 ὑπὲρ
1206 813 1316 865 πᾶν
1370 810 1561 881 ὃνομα.
1620 807 1955 863 Κατακλείει

345 908 405 962 δὲ
460 906 566 977 τῆς
608 906 889 978 ἁμαρτίας
929 905 995 958 τὸ
1042 905 1248 976 στόμα,
1303 903 1446 958 κατὰ
1492 902 1554 956 τὸ
1604 904 1660 956 ἐν
1704 901 1957 972 Ψαλμοῖς

348 996 725 1070 ύμνούμενον’
768 1015 787 1048 ι
829 996 942 1050 Kal
975 997 1124 1050 πᾶσα
1150 993 1353 1066 ἀνομία
1387 992 1738 1066 ὲμφρὰξειτὸ
1783 992 1959 1063 στόμα

346 1092 528 1164 αὐτῆς
550 1110 564 1121 ·
597 1110 616 1144 ι
651 1089 921 1162 εἰρημένη
945 1087 1233 1142 καταϐοῶν
1254 1086 1363 1140 τῶν
1391 1084 1451 1150 ἐξ
1474 1084 1757 1148 ἀσθενείας
1780 1084 1956 1155 ἡμαρ-

344 1182 627 1254 τηκότων,
659 1181 755 1233 καὶ
776 1181 834 1234 ὲν
867 1178 1047 1232 πίστει
1073 1178 1535 1247 δεδικαιωμένων.
1576 1194 1593 1226 ι
1632 1173 1764 1237 Θεὸς
1791 1173 1899 1244 γὰρ
1932 1174 1960 1227 6

346 1272 607 1338 δικαιῶν,
640 1272 725 1336 τίς
760 1273 790 1324 6
834 1272 1221 1344 κατακρίνων;
1275 1290 1294 1322 ι
1326 1270 1566 1342 Χριστοῦ
1600 1269 1658 1323 δὲ
1693 1268 1959 1333 παθόντος

347 1365 498 1436 ὑπὲρ
526 1365 709 1435 ἡμῶν,
756 1363 875 1428 πῶς
904 1360 973 1436 ἦν
1017 1363 1312 1418 ἀκόλουθον
1343 1365 1435 1418 καὶ
1469 1364 1617 1434 ἡμᾶς
1651 1362 1849 1426 αὐτοὺς
1879 1360 1959 1414 ἔτι

346 1454 455 1519 τὰς
508 1454 655 1527 ὑπὲρ
710 1456 820 1509 τῶν
870 1455 1019 1510 ἰδίων
1073 1454 1567 1528 πλημμελημάτων
1629 1453 1960 1520 ἐξαιτεῖσθαι

347 1546 513 1613 δίκας
534 1565 550 1613 ;

422 1728 643 1783 ΠΑΛΛ.
712 1726 1014 1800 Ὀρθότατα
1066 1727 1222 1800 ἔφης.
1279 1726 1688 1800 Δεδικαιώμεθα
1735 1728 1845 1801 γὰρ
1903 1730 1960 1783 ὲν

330 1819 607 1895 Χριστῷ,
656 1821 751 1875 καὶ
808 1820 907 1893 τὴν
953 1823 1017 1875 ἐκ
1068 1822 1170 1893 τῆς
1222 1821 1499 1894 ἁμαρτίας
1555 1821 1834 1895 καταϐοὴν
1898 1817 1958 1874 εὖ

350 1914 507 1987 μάλα
536 1912 999 1985 διεκρουσὰμεθα.
1022 1914 1258 1969 Ἥδιστα
1287 1914 1333 1968 δ’
1365 1912 1432 1967 ἂν
1461 1911 1800 1987 ἀναμάθοιμί
1833 1929 1958 1979 σου,

2062 715 2207 769 Deus
2233 714 2380 768 enim
2408 713 2565 767 illum
2622 729 2789 784 super
2832 711 3018 767 omnia
3048 711 3312 767 cxaltavit
3340 722 3396 768 et
3417 713 3648 786 largitus

2060 813 2145 859 est
2200 803 2276 858 illi
2327 819 2546 868 nomen,
2592 802 2738 872 quod
2778 810 2863 857 est
2923 817 3089 874 super
3121 816 3285 858 omne
3336 818 3539 859 nomen
3578 805 3644 861 “.

2060 897 2310 953 Obstruit
2347 904 2533 953 autem
2573 910 2635 950 os
2672 895 2997 966 iniquitatis,
3033 896 3186 967 juxta
3236 895 3372 950 illud
3408 896 3555 968 quod
3590 897 3647 953 in

2071 990 2307 1046 Psalmis
2346 989 2598 1045 canitur:
2638 1008 2655 1040 ι
2685 988 2757 1043 Ει
2777 989 2956 1045 omnis
2981 989 3244 1060 iniquitas
3279 989 3548 1060 oppilabit
3588 1006 3652 1046 os

2062 1099 2225 1139 suum
2249 1085 2328 1151 ³⁸;
2366 1103 2383 1136 ι
2420 1082 2568 1154 quod
2595 1097 2660 1137 ea
2707 1081 3068 1153 prohibeatur
3114 1081 3381 1139 adversus
3415 1098 3511 1139 eos
3541 1084 3652 1138 cla-

2062 1192 2214 1231 mare
2241 1176 2336 1246 qui
2380 1191 2449 1230 ex
2473 1173 2799 1229 inﬁrmitate
2831 1173 3205 1245 peccaverint,
3234 1182 3290 1228 et
3314 1173 3420 1229 ﬁde
3453 1175 3653 1246 justiﬁ-

2062 1268 2169 1322 cati
2217 1266 2348 1322 sint.
2406 1286 2423 1318 ι
2457 1266 2607 1322 Deus
2626 1264 2774 1321 enim
2795 1273 2881 1320 est
2906 1265 3018 1331 ille,
3059 1266 3155 1336 qui
3194 1251 3479 1338 justiﬁeat,
3525 1268 3652 1339 quis

2062 1366 2169 1424 est,
2210 1358 2307 1429 qui
2345 1357 2680 1413 condemnet
2700 1356 2782 1410 ἐἳ
2817 1375 2835 1408 ι
2871 1355 3061 1427 Itaque
3087 1372 3213 1412 cum
3238 1356 3493 1413 Christus
3524 1375 3652 1430 pas-

2063 1466 2158 1507 sus
2181 1450 2253 1507 sit
2274 1464 2374 1521 pro
2395 1449 2579 1517 nobis,
2614 1448 2892 1520 quomodo
2930 1464 3277 1520 consequens
3313 1460 3459 1506 esset
3488 1452 3654 1506 etiam

2063 1559 2093 1597 a
2127 1542 2291 1599 nobis
2338 1542 2474 1617 ipsis
2528 1543 2704 1615 repeti
2757 1551 3079 1599 nostrorum
3130 1552 3483 1613 peccatorum
3534 1560 3654 1615 poe-

2063 1635 2202 1691 nas?

2135 1727 2335 1785 PALL.
2397 1726 2726 1784 Rectissime
2779 1728 3009 1783 dictum.
3074 1725 3368 1784 Justiﬁcati
3420 1742 3658 1799 namque

2065 1834 2257 1874 sumus
2309 1817 2367 1872 in
2420 1817 2663 1887 Christo,
2702 1828 2869 1891 atque
2894 1819 3195 1874 clamorem
3221 1818 3518 1875 adversum
3556 1836 3659 1876 nos

2066 1911 2617 1982 criminationemque
2659 1912 2873 1984 peccati
2924 1910 3249 1983 repulimus.
3308 1912 3657 1970 Iucundissi-

344 2009 438 2062 διὰ
479 2007 646 2061 ποίαν
669 2007 852 2062 αἰτίαν
884 2007 1215 2080 σημαίνεται
1244 2011 1343 2079 μὲν
1363 2006 1440 2071 ὡς
1467 2007 1526 2088 ὲν
1561 2006 1798 2079 μολίϐδῳ
1828 2007 1966 2080 Χρι-

2070 2018 2221 2057 mum
2249 2017 2384 2058 vero
2432 2002 2655 2071 feceris,
2709 2002 2755 2058 si
2799 2002 3057 2059 docueris
3106 2019 3271 2075 quam
3316 2004 3389 2060 ob
3437 2019 3662 2065 causam

344 2102 505 2167 στὸς,
533 2100 613 2168 ὼς
638 2101 698 2155 ἐν
726 2099 1009 2174 προσώπῳ
1034 2101 1091 2156 δὲ
1117 2100 1376 2171 γυναικὸς
1400 2101 1434 2172 ἡ
1460 2098 1661 2172 ἀνομία
1691 2099 1963 2171 φαίνεται.

419 2294 602 2350 ΚΥΡ.
646 2294 759 2349 Καὶ
809 2294 918 2367 μὴν
961 2293 1261 2349 καὶ’τοῦτό
1294 2310 1357 2364 γε
1387 2291 1536 2346 ἐστιν
1563 2291 1785 2348 εὖκολον
1839 2292 1966 2348 ίδεῖν

345 2387 464 2441 ἀπό
494 2404 561 2456 γε
590 2387 702 2440 τῶν
732 2386 900 2460 ἱερῶν
932 2387 1321 2459 Γραμμόιτωνο
1354 2383 1572 2449 πολλοῖς
1602 2384 1712 2456 γὰρ
1740 2384 1842 2456 ἤδη
1870 2385 1965 2439 καὶ

346 2475 567 2546 ἑτέροις
596 2475 837 2548 Χριστὸς
859 2476 1283 2549 παρεικάζεται,
1314 2475 1403 2529 διὰ
1430 2475 1529 2548 τῆς
1556 2475 1664 2531 τῶν
1701 2491 1966 2548 σημαινο-

350 2571 540 2641 μένων
565 2570 879 2643 ποιότητος,
907 2570 1018 2626 τῶν
1049 2571 1140 2624 ἐπ’
1169 2567 1321 2641 αὑτῷ
1351 2568 1675 2641 νοουμένων.

425 2749 647 2804 ΠᾹΔΛ.
680 2746 810 2803 Οἷον
841 2748 896 2803 τί
923 2750 1032 2819 ῳής
1051 2790 1072 2816 ,

423 2841 603 2898 ΚΥΡ.
653 2841 889 2911 Γέγονεν
942 2843 1077 2913 ἡμῖν
1127 2844 1335 2915 κρηπὶς
1386 2843 1481 2900 καὶ
1531 2841 1823 2914 ἀσφάλεια,
1873 2839 1970 2897 καὶ

349 2934 664 3008 ἀκλόνητος
711 2933 1028 3007 ὐποϐἀθρα,
1075 2935 1173 2990 καὶ
1215 2935 1471 3009 θεμέλιος
1499 2936 1789 3010 ἀρῤαγής·
1834 2935 1971 2990 ὠνόο

356 3044 571 3098 μασται
602 3026 662 3080 δὲ
698 3026 789 3080 διὰ
811 3024 973 3080 τοῦτο
995 3026 1168 3093 λίθος.
1197 3048 1217 3081 ι
1263 3030 1396 3085 Ἰδοὺ
1424 3031 1555 3103 γὰρ,
1588 3032 1741 3104 φησὶ,
1774 3031 1968 3104 τίθημι

352 3121 437 3182 εἰς
465 3117 539 3172 τὰ
583 3118 822 3189 θεμέλια
860 3116 1002 3173 Σιὼν
1028 3118 1176 3173 λίθον
1221 3120 1503 3191 ἐκλεκτὸν,
1548 3110 1967 3196 ἀκρογωνιαῖον,

353 3211 604 3283 ἔντιμον.
643 3211 758 3266 Καὶ
791 3212 821 3265 6
866 3211 1143 3275 πιστεύων
1186 3214 1276 3266 ἐπ’
1312 3214 1485 3288 αὐτῷ,
1528 3216 1591 3270 οὐ
1645 3215 1722 3289 μὴ
1774 3232 1970 3272 καται-

356 3302 593 3376 σχυνθῇ,
628 3323 648 3357 ι
686 3304 847 3358 Ἔστι
879 3303 939 3358 δὲ
970 3303 1135 3359 πάλιν
1175 3306 1359 3371 αὐτὸς,
1391 3307 1451 3362 τὸ
1484 3306 1739 3381 λαμπρόν
1767 3326 1829 3408 τε
1843 3307 1969 3408 ..καὶ
1995 3346 2042 3408 c

352 3398 702 3468 ἀξιάγαστον
752 3396 855 3468 τῆς
913 3397 1248 3469 Ἐκκλησίας
1295 3400 1608 3471 κειμήλιον,
1666 3402 1694 3453 6
1738 3397 1968 3462 πλοῦτος

352 3491 521 3562 ήμῶν
554 3491 583 3543 6
611 3490 989 3562 πνευματικός
1015 3505 1029 3519 ’
1061 3489 1279 3563 εἴρηται
1299 3491 1355 3545 δὲ
1377 3491 1749 3565 μαργαρίτης.
1780 3491 1973 3563 Ὁμοία

352 3585 468 3656 γάρ
506 3584 650 3650 ἐστι,
696 3584 889 3655 φησὶν,
923 3584 958 3655 ἡ
1005 3581 1255 3655 βασιλεία
1292 3584 1402 3638 τῶν
1451 3583 1699 3657 οὐρανῶν
1742 3584 1973 3656 ἐμπόρῳ

355 3673 625 3745 ζητοῦντι
654 3673 861 3739 καλοὺς
908 3675 1280 3748 μαργαρίτας.
1314 3675 1507 3748 Εὑρὼν
1531 3676 1588 3730 δὲ
1621 3675 1718 3729 ἕνα
1752 3674 1973 3730 πολύτι-

357 3783 463 3836 μον
520 3766 877 3839 μαργαρίτην
922 3767 1209 3833 ἀπελθὼν,
1266 3769 1578 3841 ἐπίπρασκε
1637 3767 1816 3822 πάντα
1871 3768 1975 3824 ὅσα

352 3856 497 3930 εἶχε,
525 3859 626 3912 καὶ
658 3859 938 3930 ἠγόρασεν
966 3859 1152 3918 αὐτόν.
1187 3878 1207 3912 ι
1243 3860 1458 3932 Συνῆψε
1479 3860 1536 3914 δὲ
1562 3862 1709 3934 ἡμᾶς
1740 3860 1807 3915 δι’
1841 3862 1972 3914 ἐαυ-

351 3953 456 4006 τοῦ
502 3952 588 4024 τῷ
628 3947 751 4025 Θεῷ
791 3956 886 4006 καὶ
934 3953 1132 4024 Πατρὶ,
1179 3950 1495 4032 καταλύσας
1524 3951 1624 4024 τὴν
1678 3952 1880 4026 ἔχθραν
1912 3954 1971 4006 ὲν

350 4046 435 4117 τῷ
466 4045 692 4118 σώματι
728 4046 924 4112 αὐτοῦ,
980 4047 1127 4101 καθά
1170 4046 1510 4120 γέγραπται·
1566 4049 1661 4102 καὶ
1700 4048 1832 4117 γοῦν
1862 4048 1969 4122 ἔφη

351 4139 500 4211 πρὸς
544 4139 640 4192 τὸν
675 4140 737 4192 ὲν
769 4139 1025 4211 οὐρανοῖς
1048 4137 1271 4211 Πατέρα
1295 4138 1388 4192 καὶ
1423 4137 1577 4204 Θεὸν,
1606 4137 1872 4213 περὶτῶν
1912 4140 1971 4193 ὲν

352 4232 545 4285 πίστει
570 4234 642 4303 τῇ
679 4232 761 4296 εἰς
807 4230 970 4286 αὐτὸν
1008 4230 1484 4304 δεδικαιωμένων
1523 4248 1542 4297 ς
1595 4232 1800 4304 Πάτερ,
1832 4231 1972 4286 θέλω

354 4323 446 4377 ἵνα
480 4322 682 4395 ὥσπερ
709 4323 824 4392 ἐγὼ
863 4322 960 4377 καὶ
992 4324 1057 4377 σὺ
1088 4322 1147 4377 ἓν
1182 4325 1375 4394 ὲσμεν,
1412 4321 1558 4378 οὕτω
1590 4323 1686 4378 καὶ
1714 4324 1874 4379 αὐτοὶ
1909 4325 1970 4377 ὲν

353 4416 494 4493 ἡμῖν
543 4414 604 4469 ἓν
652 4408 776 4469 ὦσι.
831 4433 851 4467 ι
904 4413 1192 4486 Κέκληται
1235 4414 1408 4489 ταύτῃ
1457 4431 1543 4469 τοι
1590 4416 1970 4489 κασσιτέρινος

353 4507 534 4572 λίθος,
566 4506 889 4579 κασσιτέρῳ
919 4506 1031 4579 γὰρ
1061 4507 1323 4562 κολλᾶται
1349 4505 1419 4561 τὰ
1444 4506 1784 4579 κολλώμενα.
1822 4507 1968 4581 Ἔφη

352 4591 414 4646 δέ
443 4609 550 4645 που
587 4592 725 4656 Θεὸς
761 4591 853 4645 διὰ
882 4593 1070 4663 φωνῆς
1096 4593 1395 4664 Ζαχαρίου,
1423 4591 1514 4647 τὸν
1544 4591 1675 4646 ἴδιον
1709 4593 1840 4665 ἡμῖν
1871 4610 1971 4646 κα-

2070 2096 2283 2167 plumbi
2314 2096 2490 2169 ﬁgura
2521 2095 2865 2170 signiﬁcetur
2889 2095 3179 2165 Christus;
3209 2098 3460 2154 mulieris
3474 2107 3662 2156 autem

2066 2204 2305 2259 persona
2331 2189 2608 2246 indicetur
2650 2190 2932 2261 iniquitas.

2136 2279 2293 2337 CYR.
2329 2280 2496 2353 Atqui
2522 2281 2669 2338 haud
2697 2280 2917 2338 diﬂicile
2961 2290 3046 2338 est
3080 2282 3136 2339 id
3166 2299 3197 2339 e
3230 2284 3402 2340 sacris
3434 2284 3662 2342 Litteris

2068 2372 2422 2445 perSpicere;
2477 2374 2670 2430 multis
2704 2373 2855 2429 enim
2918 2375 3152 2431 aliarum
3203 2392 3424 2448 quoque
3471 2395 3663 2436 rerum

2070 2464 2407 2537 imaginibus
2438 2465 2696 2524 Christus
2727 2467 3111 2536 adumbratur,
3156 2485 3280 2525 cum
3308 2486 3339 2527 e
3380 2471 3661 2544 signiﬁca-

2069 2563 2251 2612 tarum
2296 2558 2563 2629 qualitate
2615 2575 2803 2616 rerum
2844 2561 3251 2633 proprietates,
3292 2579 3414 2635 qua:
3470 2564 3528 2620 in
3566 2566 3664 2622 illo

2068 2654 2221 2714 sunt,
2260 2647 2667 2721 intelligantur.

2142 2739 2339 2795 PALL.
2367 2741 2428 2797 Id
2454 2757 2589 2799 vero
2624 2743 2788 2814 quale
2819 2752 2906 2801 est
2932 2744 3081 2816 quod
3108 2745 3227 2803 ais?

2147 2832 2307 2890 CYR.
2342 2834 2545 2892 Factus
2576 2844 2659 2891 est
2689 2835 2853 2892 nobis
2877 2837 3027 2894 basis
3056 2839 3305 2910 quaedam
3335 2850 3392 2897 et
3411 2839 3664 2906 ﬁrmitas,

2071 2935 2128 2982 et
2155 2925 2453 2983 immobilis
2480 2928 2703 3000 gradus,
2733 2937 2788 2985 et
2830 2930 3064 2986 solidum
3100 2931 3521 2990 fundamentum
3559 2949 3668 2990 :ea

2073 3019 2142 3075 de
2170 3035 2336 3077 causa
2368 3022 2674 3093 appellatus
2705 3030 2790 3078 est
2824 3023 2983 3095 lapis.
3023 3043 3041 3076 ι
3090 3023 3232 3082 Ecce
3255 3025 3427 3094 enim,
3463 3024 3664 3098 inquit,

2071 3127 2220 3183 pono
2249 3111 2307 3167 in
2347 3111 2709 3169 fundamenta
2740 3112 2876 3169 Sion
2914 3115 3153 3186 lapidem
3185 3117 3446 3185 electum,
3488 3134 3666 3189 angu-

2072 3204 2268 3270 larem,
2294 3204 2620 3275 prctiosum.
2657 3205 2729 3260 Et
2753 3206 2850 3277 qui
2878 3207 3058 3263 credit
3083 3208 3139 3262 in
3170 3208 3373 3280 ipsum,
3392 3225 3503 3265 non
3528 3224 3666 3266 con-

2072 3295 2423 3353 fundctur”.
2457 3318 2477 3350 ι
2513 3298 2610 3355 Est
2634 3314 2828 3355 rursus
2872 3289 3018 3355 idem
3043 3301 3341 3371 prmclarus
3362 3308 3529 3372 atque
3564 3301 3667 3357 ad-

2073 3389 2344 3445 mirabilis
2380 3389 2642 3446 Ecclesiaa
2678 3391 2993 3458 thesaurus,
3041 3392 3248 3449 divitia:
3307 3393 3414 3452 illa:
3463 3403 3671 3451 nostrae

2074 3481 2419 3553 Spiritualcs;
2456 3482 2641 3554 itaque
2674 3484 2969 3555 margarita
3010 3491 3095 3540 est
3131 3485 3456 3556 appellatus.
3513 3506 3531 3537 ι
3578 3486 3668 3543 Si-

2073 3575 2204 3629 mile
2234 3574 2384 3630 enim
2415 3586 2520 3640 est,
2541 3575 2739 3647 inquit,
2770 3592 2999 3648 regnum
3034 3576 3300 3633 caelorum
3341 3580 3671 3650 negotiatori

2074 3667 2344 3738 quaerenti
2368 3667 2546 3724 bonas
2571 3669 2926 3742 margaritas;
2958 3669 3180 3726 inventa
3201 3677 3390 3726 autem
3423 3688 3531 3727 una
3548 3688 3673 3743 pre-

2075 3761 2212 3817 tiosa
2262 3764 2584 3835 margarita,
2657 3764 2854 3821 abiens
2912 3766 3164 3823 vendidit
3216 3766 3474 3825 universa
3548 3786 3673 3840 qua:

2073 3855 2290 3923 habuit,
2317 3864 2375 3913 et
2409 3857 2546 3913 emit
2574 3874 2697 3915 eam
2732 3859 2795 3915 ³⁸.
2834 3879 2851 3911 ι
2884 3858 3183 3931 Conjunxit
3232 3862 3400 3917 etiam
3433 3877 3537 3919 nos
3573 3878 3674 3934 per

2075 3962 2132 4003 se
2156 3946 2272 4003 Deo
2303 3955 2361 4003 et
2388 3948 2561 4015 Patri,
2588 3949 2786 4006 solutis
2823 3950 3128 4006 inimicitiis
3167 3952 3224 4007 in
3269 3967 3500 4023 corpore
3530 3967 3634 4007 suo
3654 3994 3670 4018 ,

2074 4048 2136 4094 ut
2158 4032 2428 4111 Scriptum
2453 4049 2540 4097 est
2557 4038 2623 4111 '9;
2666 4040 2907 4115 ideoque
2926 4041 2995 4098 ad
3025 4043 3266 4109 Patrem,
3290 4044 3386 4114 qui
3424 4044 3481 4099 in
3515 4046 3674 4101 cmlis

2072 4126 2177 4200 est,
2219 4150 2284 4189 ac
2303 4134 2478 4190 Deum
2505 4134 2575 4191 de
2608 4135 2678 4190 iis
2702 4137 2795 4206 qui
2820 4135 3106 4208 iustiﬁcati
3126 4142 3285 4190 erant
3340 4150 3440 4206 per
3467 4134 3631 4192 ﬁdem
3652 4177 3668 4201 ,
3754 4200 3763 4223 λ

2072 4243 2180 4299 qua
2214 4227 2270 4281 in
2297 4226 2478 4298 ipsum
2531 4227 2853 4294 credebant,
2889 4228 3029 4284 dixit
3064 4246 3076 4282 :
3123 4246 3141 4278 ι
3182 4227 3365 4293 Pater,
3407 4226 3533 4283 volo
3573 4237 3663 4293 ut,

2072 4320 2219 4375 sicut
2246 4334 2348 4390 ego
2376 4327 2433 4375 et
2462 4329 2522 4375 tu
2559 4335 2733 4377 unum
2763 4334 2975 4387 sumus,
2995 4320 3074 4376 sic
3098 4319 3200 4392 ipsi
3225 4334 3447 4391 quoque
3485 4320 3542 4376 in
3562 4336 3666 4375 no-

2072 4412 2160 4468 bis
2190 4428 2364 4468 unum
2415 4413 2529 4471 sint
2555 4414 2628 4469 ιθ.
2667 4433 2686 4467 ›
2738 4414 2853 4471 Hac
2881 4415 3091 4471 ratione
3134 4424 3363 4471 vocatus
3396 4423 3482 4469 est
3510 4414 3668 4486 103

2071 4504 2212 4577 lapis
2270 4513 2571 4573 stanneus,
2616 4507 2766 4578 quod
2808 4515 3007 4564 stanno
3055 4507 3505 4580 conglutinantur
3548 4523 3672 4578 qua:

2074 4598 2507 4670 conglutinanda
2537 4607 2688 4655 sunt.
2722 4599 2872 4655 Dixit
2908 4608 3094 4655 autem
3129 4599 3377 4671 profecto
3402 4600 3549 4656 Deus
3570 4617 3671 4671 per

351 4683 705 4737 ταδεικνύων
734 4683 891 4751 Υίὸν,
936 4684 1014 4750 ὡς
1062 4686 1206 4740 κατά
1254 4686 1487 4756 καιροὺς
1530 4683 1730 4756 ἦξοντά
1765 4703 1827 4741 τε
1874 4687 1969 4743 καὶ

2076 4704 2138 4745 os
2160 4686 2462 4757 Zachariae,
2503 4706 2632 4747 cum
2656 4689 2858 4747 Filium
2890 4707 3052 4748 suum
3074 4691 3238 4747 nobis
3263 4691 3675 4747 demonstraret

356 4773 808 4845 πορευσόμενον·
844 4792 863 4826 ι
908 4774 1022 4829 Καὶ
1071 4776 1431 4849 χαρήσονται,
1482 4775 1577 4830 καὶ
1630 4762 1853 4847 ὄψονται
1881 4778 1975 4834 τὸν

354 4865 509 4919 λίθον
542 4865 641 4919 τὸν
682 4865 1065 4937 κασσιτέρινον
1094 4860 1154 4920 ὲν
1181 4865 1327 4938 χειρὶ
1371 4865 1701 4937 Ζοροϐάϐελ.
1740 4885 1760 4920 ι
1817 4866 1975 4923 Οὕτω

352 4957 662 5028 τοιγαροῦν
697 4957 937 5012 κάνθάδε
979 4957 1244 5013 τάλαντον
1282 4958 1539 5029 μολίϐδου
1591 4961 1758 5033 φησὶν
1789 4963 1971 5019 αὐτόν.

354 5049 473 5103 Καὶ
522 5048 612 5113 τίς
643 5050 673 5103 6
707 5048 865 5102 τοῦδε
900 5049 1080 5119 λόγος,
1119 5046 1230 5121 ἐρῶ
1268 5048 1333 5121 δὴ
1380 5049 1564 5107 πάλιν.
1614 5052 1673 5105 ’0
1715 5053 1974 5125 ἀδόκιμος
2019 5124 2039 5143 Ι

353 5139 611 5213 ἄργυρος
637 5138 847 5211 ἀναμὶξ
890 5136 1126 5213 μολίϐδῳ
1155 5141 1482 5213 τηκόμενος,
1507 5137 1566 5197 εὖ
1599 5142 1746 5216 μάλα
1784 5144 1975 5201 διακα-

353 5227 633 5305 θαίρέται,
664 5233 747 5298 είς
774 5233 969 5308 ἑαυτὸν
1020 5232 1364 5304 ἁρπάζοντος
1395 5232 1491 5287 τοῦ
1528 5234 1781 5307 μολίϐδου
1815 5255 1974 5308 φυσι-

352 5325 494 5391 κῶς,
526 5325 628 5381 τοῦ
665 5326 1070 5398 συγκαιομένου
1116 5327 1209 5381 τὸν
1259 5326 1459 5399 ῥύπον·
1497 5328 1743 5383 τοιοῦτόν
1781 5349 1831 5384 τι
1879 5334 1961 5384 κα¹

354 5421 439 5484 εἰς
465 5421 623 5491 ἡμᾶς
662 5420 868 5485 αὐτοὺς
894 5420 1183 5493 ἐπλήρωσε
1222 5421 1478 5493 Χριστός.
1522 5421 1829 5495 Ἀδοκίμοις
1863 5423 1973 5495 γὰρ

354 5508 518 5567 οὖσιν
568 5514 775 5586 ἐμίχθη
814 5513 1149 5585 σωματικῶς
1175 5530 1236 5568 τε
1261 5513 1382 5586 ἅμα
1415 5513 1513 5568 καὶ
1554 5515 1967 5586 πνευματικῶς,

352 5602 504 5657 οὕτω
534 5621 597 5657 τε
644 5603 836 5659 λοιπὸν
878 5604 972 5657 τὸν
1015 5607 1073 5659 ὲν
1116 5605 1251 5676 ἡμῖν
1284 5602 1551 5675 κατέτηξε
1587 5602 1780 5676 ῥύπον.
1813 5605 1970 5678 Δερει

349 5697 469 5769 γάρ
495 5699 661 5769 ἡμῶν
697 5698 805 5763 τὰς
843 5698 1142 5771 ἁμαρτίας,
1175 5697 1244 5751 ἵν’
1275 5698 1439 5770 ἡμεῖς
1476 5697 1544 5751 δι’
1584 5697 1748 5753 αὐτόν
1776 5714 1837 5751 τε
1874 5699 1973 5754 καὶ

2074 4781 2378 4852 aliquando
2415 4790 2711 4838 venturum
2761 4790 2927 4854 atque
2973 4783 3321 4849 adfuturum,
3361 4802 3380 4836 ι
3423 4784 3671 4839 Etlzeta-

2074 4872 2305 4939 buntur,
2334 4881 2393 4930 et
2422 4874 2694 4931 videbunt
2718 4874 2957 4946 lapidem
2987 4864 3280 4931 stanneum
3306 4876 3361 4931 in
3379 4891 3544 4930 manu
3563 4875 3670 4928 Zo-

2073 4966 2300 5024 robabel
2333 4967 2399 5023 ’⁶¹.
2448 4988 2467 5020 ι
2500 4967 2582 5023 Ad
2610 4968 2866 5024 eumdem
2917 4968 3140 5023 modum
3180 4968 3349 5040 igitur
3384 4968 3491 5024 hoc
3530 4983 3693 5041 quo-n

2075 5074 2183 5128 que
2213 5059 2336 5115 loco
2367 5059 2581 5131 plumbi
2622 5060 2890 5116 talentum
2915 5060 3172 5116 eumdem
3204 5067 3382 5116 vocat.
3414 5059 3547 5127 Qua:
3566 5075 3670 5114 au-

2074 5158 2187 5207 tem
2229 5151 2396 5224 hujus
2430 5152 2510 5209 rei
2551 5153 2624 5209 sit
2668 5153 2850 5219 ratio,
2889 5169 3084 5209 rursus
3129 5152 3328 5208 dicam.
3364 5152 3671 5224 Argentum

2076 5243 2376 5313 reprobum
2417 5244 2584 5300 simul
2624 5260 2751 5301 cum
2786 5246 3016 5318 plumbo
3057 5244 3104 5301 si
3156 5243 3422 5316 liqueﬁat,
3465 5245 3675 5317 Optime

2074 5342 2346 5407 purgatur
2386 5354 2398 5390 :
2440 5337 2585 5409 rapit
2622 5338 2772 5394 enim
2812 5338 3103 5410 plumbum
3154 5337 3221 5393 ad
3266 5353 3325 5393 se
3365 5346 3579 5395 natura:
3617 5355 3673 5396 νι

2076 5425 2242 5482 simul
2290 5429 2505 5484 excocti
2545 5427 2757 5484 metalli
2797 5429 2994 5485 sordes
3028 5448 3040 5483 :
3088 5444 3200 5485 non
3242 5427 3513 5486 dissimile
3569 5428 3679 5486 fuit

2078 5518 2239 5586 illud,
2261 5521 2411 5592 quod
2436 5521 2694 5579 Christus
2717 5538 2846 5594 erga
2878 5538 2983 5578 nos
3015 5523 3166 5595 ipsos
3205 5522 3472 5595 implevit.
3500 5522 3678 5578 Nobis
3704 5574 3707 5579 .

2079 5610 2250 5677 enim,
2281 5628 2407 5669 cum
2433 5613 2653 5684 reprobi
2678 5629 2947 5680 essemus,
2968 5629 3080 5670 non
3109 5614 3468 5685 corporaliter
3487 5612 3676 5676 modo,

2080 5705 2179 5761 sed
2207 5706 2571 5777 spiritualitcr
2614 5707 2885 5765 admistus
2921 5716 3044 5774 est;
3084 5708 3159 5763 ita
3200 5707 3438 5778 denique
3481 5704 3679 5760 sordes

346 5787 425 5845 δι’
456 5789 630 5845 αὑτοῦ
664 5790 900 5864 καθαροί
920 5807 981 5843 τε
1004 5783 1157 5862 ὦμεν
1182 5789 1279 5843 καί⁸
1322 5790 1828 5863 λελαμπρυσμένοι.
1858 5792 1970 5846 Καὶ

2080 5798 2452 5871 colliquel‘ecit
2503 5816 2599 5857 eas
2637 5817 2759 5872 quae
2804 5802 2968 5858 nobis
3004 5801 3241 5858 inerant.
3274 5803 3327 5857 Is
3361 5800 3509 5855 enim
3534 5795 3679 5851 tollit
3738 5816 3743 5823 ·

418 5903 734 5982 ξξιζιιὶιίρρ.
756 5902 894 5982 5119.
925 5903 1021 5982 ,ξς
1057 5903 1207 5959 Psal.
1258 5903 1480 5982 στρ-42.
1508 5903 1604 5982 “’1
1622 5903 1784 5982 Rom.
1830 5919 1949 5982 vm,

2070 5908 2098 5977 ἱ,
2139 5911 2229 5968 54.
2298 5914 2343 5947 ³⁷
2383 5914 2488 5970 Isa.
2554 5931 2759 5982 xxvnt,
2808 5915 2894 5971 16.
2963 5914 3009 5947 ³⁸
3045 5913 3240 5969 Matth.
3291 5926 3407 5975 xm,
3441 5908 3535 5975 45,
3580 5900 3703 5965 66-.

338 5973 405 6034 ,⁸⁸
422 5972 731 6047 Ephesii—1,
757 5975 847 6031 16.
924 5974 971 6007 ⁸⁸
991 5973 1151 6030 Joan.
1173 5990 1305 6039 xvn,
1326 5973 1418 6028 Ἡ.
1502 5975 1546 6007 *ί
1568 5973 1801 6032 Zachar.
1828 5990 1902 6043 IV,
1928 5973 2005 6053 I0.
2060 6032 2065 6036 .

687 6067 971 6128 ΡΑτιιοι..
1016 6067 1134 6127 Gn.
1179 6065 1443 6128 LXVIII.
3193 6063 3266 6127 10
