4096 6440
398 434 501 493 299

1392 424 1451 489 S,
1492 421 1770 478 CYRILLI
1807 418 2288 478 ALEXANDRINI
2323 418 2641 477 ARClllEP.

3556 414 3663 473 5m
3692 438 3703 448 ι

400 547 624 621 peccata
654 552 863 605 nostra,
891 549 952 595 ut
979 555 1080 595 nos
1108 545 1332 610 prepter
1362 537 1539 605 ipsum
1573 543 1629 588 et
1667 549 1766 602 per
1798 532 1977 603 ipsum

2104 533 2211 587 ὀὖν
2242 535 2270 586 6
2302 533 2587 604 προφήτης
2621 528 2890 602 Ἱερεμίας
2910 527 3038 594 τοὺς
3059 526 3169 583 τῶν
3209 527 3476 584 Ἰουδαίων
3496 529 3661 591 λαοὺς

321 652 340 681 -'
400 638 523 713 puri
552 652 615 692 ac
637 631 911 706 splendidi
936 631 1127 687 simus.
1154 630 1223 685 Et
1250 636 1398 684 certe
1412 625 1681 697 prepbeta
1714 623 1981 680 Jeremias

400 730 469 784 de
523 724 839 781 Iudaeorum
884 718 1104 791 populis
1144 718 1240 789 qui
1289 716 1670 788 purgationem
1717 713 1980 784 repudia-

401 828 524 873 rent
559 830 682 871 eam
697 829 818 884 quae
835 827 936 883 per
957 810 1237 866 Christum
1261 806 1569 879 perﬁcitur,
1601 803 1979 874 conqueritur,

399 911 620 965 dicens:
661 905 899 962 «Deiecit
920 901 1281 959 sulllatorium
1305 899 1374 954 ab
1403 898 1548 970 igne,
1583 895 1784 951 defecit
1807 897 1986 967 plum-

403 1002 553 1065 bum,
604 997 807 1053 frustra
846 992 1192 1067 argentarius
1237 988 1461 1054 conﬁat,
1496 987 1759 1059 nequitiae
1787 1002 1980 1043 eorum

402 1108 511 1147 non
549 1096 677 1146 sunt
715 1095 954 1144 excoctae
990 1102 1004 1140 :
1042 1092 1334 1155 argentum
1383 1080 1737 1152 reprobatum
1786 1086 1984 1134 vocate

402 1183 543 1246 illos,
561 1181 692 1252 quia
711 1176 1028 1249 reprobavit
1045 1176 1167 1230 illos
1189 1174 1456 1230 Dominus
1474 1173 1537 1226 θ’.
1553 1192 1569 1222 ι
1592 1169 1861 1241 intelligis
1880 1169 1985 1241 igi-

402 1285 493 1329 tur
516 1288 625 1329 nen
658 1271 938 1341 ignorasse
963 1267 1298 1337 Scripturam
1313 1264 1555 1319 divinam
1599 1261 1987 1333 purgationem

404 1366 615 1437 argenti
651 1363 769 1419 sine
790 1360 1014 1432 plumbo
1041 1358 1159 1414 ﬁeri
1187 1374 1298 1413 non
1324 1371 1504 1429 posse.
1527 1356 1690 1426 Ergo,
1710 1354 1841 1425 quia
1864 1368 1985 1418 nos,

406 1473 532 1513 cum
551 1455 769 1527 reprobi
790 1469 1059 1516 essemus,
1096 1468 1128 1508 a
1147 1450 1369 1507 Christo
1393 1448 1607 1521 purgati
1634 1462 1845 1512 sumus,
1866 1446 1990 1500 ideo

407 1551 498 1605 ille
531 1563 632 1621 per
676 1548 964 1618 plumbum
1009 1545 1291 1616 ﬁguratur.
1335 1542 1601 1612 Idemque
1640 1539 1879 1594 obstruit
1926 1552 1991 1593 os

405 1640 731 1711 iniquitatis,
756 1654 877 1710 quae
894 1636 1072 1708 specie
1098 1634 1345 1689 mulieris
1366 1633 1642 1687 indicatur
1665 1648 1678 1684 :
1703 1638 1789 1686 est
1804 1638 1989 1684 autem

405 1730 605 1785 mulier
633 1728 973 1784 inﬁrmitatis
1002 1726 1166 1782 simul
1198 1732 1255 1780 et
1279 1721 1577 1794 voluptatis
1608 1732 1757 1776 nota.
1782 1720 1993 1792 Iniqui-

406 1832 491 1876 tas
534 1835 701 1891 porro
752 1818 931 1875 omnis
972 1832 1071 1888 per
1115 1816 1233 1870 ham
1288 1814 1399 1869 duo
1440 1812 1843 1878 committitur;
1895 1810 1991 1865 ubi

2082 627 2179 697 τὴν
2197 626 2283 679 διὰ
2313 623 2550 696 Χριστοῦ
2572 622 2839 694 κάθαρσιν
2858 623 2922 676 οὐ
2941 622 3355 694 προσιεμένους,
3374 623 3664 677 ἐποτνιᾶτο

2082 714 2255 783 λέγων
2276 731 2289 744 ο
2327 731 2346 766 ι
2387 712 2631 777 Ἐξέλιπε
2664 709 2916 783 φυσητὴρ
2947 710 3056 766 ἀπὺ
3089 710 3284 782 πυρὸς,
3317 710 3531 776 ἐξέλιπε
3567 711 3663 781 μό-

2082 805 2282 870 λιϐδος,
2309 806 2390 870 είς
2410 806 2567 859 κενὸν
2588 804 2967 876 ἀργυροκόπος
2990 803 3397 876 άργυροκοπεῖ,
3412 803 3663 874 πονηρίαι

2083 894 2265 949 αὐτῶν
2294 896 2395 948 οὐκ
2442 894 2721 964 ὲτάκησαν
2740 908 2754 923 ’
2807 889 3070 963 ἀργύριον
3097 889 3665 960 ἀποδεδοκιμασμένον

2084 986 2353 1041 καλέσατε
2379 987 2594 1049 αὐτοὺς,
2627 985 2710 1038 ὅτι
2736 981 3140 1053 ἀπεδοκίμασεν
3157 980 3354 1043 αὐτοὺς
3375 978 3596 1052 Κύριος.
3638 998 3659 1030 ι

2086 1076 2280 1149 Συνίης
2300 1071 2393 1131 οὖν
2426 1076 2573 1141 ὅπως
2599 1075 2700 1129 οὑκ
2726 1074 2994 1145 ἠγνόηκεν
3024 1073 3058 1143 ἡ
3089 1070 3209 1126 θεία
3232 1071 3425 1143 Γραφὴ
3453 1070 3552 1143 τὴν
3577 1071 3663 1124 ἐπ’

2084 1167 2314 1241 ἀργύρῳ
2335 1167 2602 1238 κάθαρσιν
2628 1167 2689 1220 ού
2717 1166 2841 1236 δίχα
2860 1164 3112 1237 μολίϐδου
3146 1163 3480 1237 πράττεσθαι
3507 1164 3667 1218 δυνα-

2090 1260 2279 1331 μένην.
2335 1258 2547 1314 Ούκοῦν
2613 1257 2914 1329 ἐπειδήπερ
2958 1255 3253 1326 ἀδοκίμους
3306 1255 3464 1319 ὄντας
3517 1256 3666 1327 ἡμᾶς

2086 1350 2421 1423 ἐξεκάθηρεν
2453 1352 2482 1403 6
2526 1347 2782 1420 Χριστὸς,
2829 1345 3061 1418 μολίϐδῳ
3107 1344 3526 1418 παρεικάζεται,
3572 1347 3669 1400 καὶ

2088 1443 2249 1507 αὐτὸς
2289 1442 2590 1515 ἐμφράττει
2614 1440 2714 1511 τῆς
2748 1438 3021 1511 ἁμαρτίας
3050 1437 3111 1492 τὸ
3147 1438 3343 1510 στόμα,
3369 1441 3470 1510 τῆς
3498 1439 3572 1504 ὡς
3610 1442 3667 1494 ἐν

2089 1535 2221 1589 εῖδει
2258 1532 2539 1603 γυναικός.
2573 1529 2714 1601 Γυνὴ
2755 1528 2813 1582 δὲ
2846 1527 3117 1599 σύμϐολον
3143 1526 3425 1592 ἀσθενείας
3455 1545 3515 1581 τε
3550 1529 3670 1599 ἅμα

2090 1627 2187 1681 καὶ
2212 1625 2428 1697 ἡδονῆς,
2459 1620 2661 1692 ἀνομία
2693 1637 2753 1674 τε
2791 1621 2941 1673 πᾶσα
2968 1618 3055 1673 διά
3096 1617 3304 1673 τούτων
3344 1620 3666 1688 πράττεται.

2102 1718 2294 1788 Ἡδονῇ
2320 1715 2428 1787 γὰρ
2453 1714 2562 1769 τινὶ
2588 1715 2654 1785 τῇ
2676 1713 2757 1776 είς
2774 1710 2834 1764 τὸ
2854 1710 3035 1780 τυχὸν,
3060 1709 3094 1780 ἢ
3123 1710 3241 1764 τόδε
3257 1710 3672 1786 προκατεφθαρ-

2098 1810 2257 1880 μένος
2306 1809 2335 1860 6
2368 1805 2513 1871 νοῦς,
2559 1803 2704 1858 οὕτω
2752 1820 2814 1856 τε
2862 1802 3368 1873 ἀπονευρούμενος,
3416 1804 3542 1866 τοὺς
3589 1800 3680 1866 εἰς’

405 1890 554 1968 enim
583 1913 737 1984 prius
762 1925 918 1967 mens
938 1910 1217 1981 voluptate
1245 1907 1453 1977 aliqua,
1478 1920 1642 1975 quam
1669 1920 1737 1959 ex
1763 1904 1865 1958 hac
1898 1913 1993 1958 aut

2104 1901 2296 1973 ἀρετὴν
2333 1897 2712 1969 ἀποφέροντας
2748 1894 2931 1961 ἀνίησι
2964 1894 3179 1959 πόνους,
3216 1894 3401 1949 πίπτει
3447 1895 3503 1948 δὲ
3535 1897 3671 1966 πρὸς

407 2007 502 2060 illa
528 2022 586 2061 re
611 2004 939 2077 perceperit,
971 2009 1226 2071 corrupta
1242 1999 1429 2065 fuerit,
1467 2004 1583 2053 tum
1616 2006 1875 2052 enervata
1908 1995 1990 2050 la-

407 2095 574 2150 bores
604 2093 993 2157 remittitillos,
1034 2091 1128 2161 qui
1169 2090 1238 2146 ad
1277 2090 1539 2144 virtutem
1581 2088 1785 2154 ferunt,
1832 2095 1890 2143 et
1924 2087 1993 2141 ad

402 2194 695 2257 peccatum
718 2183 924 2239 labitur
945 2183 1219 2238 humanus
1247 2179 1463 2236 animus
1488 2197 1500 2233 :
1544 2179 1729 2249 itaque
1744 2178 1992 2248 volupta-

412 2277 691 2347 tispotius
725 2283 997 2331 amatores
1033 2289 1199 2346 quam
1239 2273 1339 2329 Dei
1377 2270 1609 2344 quidam
1634 2269 1897 2325 dicuntur
1927 2269 1992 2321 ⁸³.

410 2368 722 2439 Alloquitur
762 2368 928 2423 etiam
974 2365 1243 2436 propheta
1283 2378 1381 2419 eos
1439 2363 1533 2433 qui
1570 2378 1640 2417 ex
1680 2360 1995 2416 inﬁrmitate

411 2457 579 2513 animi
617 2456 829 2526 peccati
869 2471 933 2510 ac
965 2454 1180 2510 vitiosae
1221 2451 1605 2509 dissolutionis
1644 2451 1837 2507 morbo
1876 2452 1996 2506 lan-

410 2546 696 2616 guebant:
738 2564 756 2596 ι
797 2541 1433 2609 Confortamini,manus
1464 2539 1726 2608 remissae,
1750 2548 1803 2595 et
1823 2556 1998 2613 genua

412 2639 684 2696 dissoluta
716 2637 782 2693 “.
819 2657 836 2689 ι

487 2728 684 2786 PALL.
729 2728 834 2784 Sed
871 2728 941 2785 de
977 2729 1084 2785 hoc
1130 2729 1281 2784 satis.
1331 2726 1472 2783 Illud
1523 2742 1656 2783 vero
1707 2727 1999 2783 mulierum

415 2839 537 2895 par,
562 2837 769 2893 quaeso,
820 2837 943 2894 quae
979 2818 1294 2879 mensuram
1332 2830 1495 2892 atque
1548 2820 1894 2892 iniquitatem
1945 2820 2000 2874 in

417 2914 774 2987 Babyloniam
832 2914 1115 2986 regionem
1161 2912 1460 2978 deferunt,
1504 2913 1638 2985 quid
1695 2912 1801 2968 sibi
1847 2911 2012 2985 ιιιιιιῖ⁵

418 3006 619 3078 quidve
643 3005 952 3077 signiﬁcat?

484 3100 645 3155 CYR.
677 3098 1031 3154 Obstructum
1071 3106 1176 3164 est,
1213 3096 1449 3162 Palladi,
1488 3113 1588 3168 per
1621 3096 1903 3153 Christum
1939 3111 2003 3153 os

419 3192 1063 3266 iniquitatis;justiﬁcati
1092 3206 1331 3262 namque
1371 3192 1425 3245 in
1461 3190 1554 3244 illo
1584 3206 1795 3256 sumus,
1834 3197 1999 3261 atque

419 3288 489 3343 ab
522 3278 682 3359 Ῑοῆ.
720 3285 870 3341 omni
917 3284 1301 3340 criminatione
1347 3282 1594 3349 liberati,
1637 3283 1840 3354 illaque
1887 3282 1997 3337 ini-

418 3379 646 3450 quitatis
677 3377 971 3433 adversum
1008 3390 1112 3431 nos
1148 3375 1424 3430 accusatio
1464 3374 1802 3445 conquievit.
1840 3374 1998 3431 Hunc

356 3480 364 3486 ·
418 3469 567 3524 enim
606 3468 775 3523 totius
818 3466 1246 3537 dispensationis
1287 3481 1399 3521 suae
1439 3463 1602 3520 ﬁnem
1654 3466 2000 3537 propositum

420 3560 616 3617 habuit
653 3560 721 3624 is,
749 3559 845 3630 qui
877 3566 1101 3630 propter
1136 3572 1256 3623 nos,
1297 3557 1604 3613 secundum
1648 3572 1770 3623 nos,
1806 3566 1862 3612 et
1899 3573 2001 3628 pro

421 3652 584 3707 nobis
609 3657 841 3707 mortem
866 3649 1054 3715 subiit,
1069 3648 1172 3704 etsi
1183 3648 1364 3705 denuo
1390 3648 1617 3716 revixit;
1650 3662 1830 3717 neque
1851 3647 1999 3703 enim

423 3746 507 3800 fas
529 3752 668 3809 erat,
710 3751 771 3799 ut
807 3742 920 3798 vita
965 3742 1127 3797 morti
1180 3741 1587 3797 succumberet.
1612 3737 1721 3795 Sed
1750 3738 2000 3794 nonnulli

423 3851 539 3891 non
563 3833 919 3889 crediderunt
934 3832 1137 3889 Christi
1161 3831 1494 3903 Evangelio;
1521 3831 1778 3901 ideoque,
1814 3845 1940 3885 cum
1971 3846 2001 3885 a

426 3937 654 4000 peccato
691 3927 887 3983 redimi
926 3928 1227 3994 noluerint,
1268 3927 1349 3982 nil
1372 3926 1594 3993 mirum,
1628 3924 1674 3982 si
1700 3925 1821 3996 ejus
1869 3940 2002 3996 pec-

425 4020 533 4075 cati
563 4019 836 4076 sarcinam
869 4020 1051 4076 denuo
1075 4019 1281 4085 ferunt,
1313 4034 1479 4091 quam
1500 4017 1617 4075 suis
1640 4017 1745 4089 ipsi
1768 4017 2001 4075 cervici-

424 4115 532 4168 bus
554 4111 873 4167 inﬁrmitate
910 4113 1160 4176 rationis,
1186 4121 1243 4167 et
1263 4111 1525 4181 languore
1543 4111 1765 4177 mentis,
1789 4118 1845 4165 et
1862 4110 2003 4165 mol-

425 4203 543 4259 litie
596 4203 762 4258 animi
828 4220 1023 4275 parum
1063 4204 1241 4260 virilis
1294 4203 1692 4274 imposuerunt.
1736 4200 1804 4256 Hi
1837 4199 2004 4255 'omni

425 4292 620 4365 spiritu
662 4294 916 4365 improbo
959 4293 1445 4359 circumferuntur,
1508 4302 1565 4347 et
1607 4291 1677 4347 ad
1715 4306 1878 4347 omne
1908 4306 2003 4362 ge-
2062 4350 2069 4359 λ

424 4402 532 4442 nus
585 4385 922 4457 impuritatis
965 4382 1447 4439 vehementissime
1505 4382 1796 4452 compulsi,
1858 4396 2008 4437 sum-

425 4493 578 4532 mum
630 4475 873 4531 studium
945 4474 1112 4530 rebus
1165 4472 1381 4529 vitiosis
1429 4471 1774 4542 impendunt.
1829 4469 2007 4526 Studii

425 4583 592 4638 porro
609 4567 820 4639 insigne
840 4576 970 4622 sunt
984 4578 1197 4635 pennae,
1214 4577 1351 4633 quas
1365 4561 1529 4616 etiam
1544 4575 1666 4614 esse
1678 4557 1754 4613 ait
1777 4573 1975 4628 upupa:
1993 4576 2005 4611 :
2041 4594 2088 4652 ο

425 4675 599 4731 genus
641 4667 724 4714 est
773 4669 959 4718 autem
1013 4655 1069 4712 id
1120 4655 1374 4719 aviculae,
1438 4667 1560 4722 quae
1612 4665 1829 4721 semper
1865 4650 2010 4704 circa

426 4752 603 4807 lutum
631 4752 872 4822 pessime
896 4750 1050 4805 olens
1076 4747 1248 4813 volat,
1268 4754 1433 4816 atque
1467 4759 1534 4798 ex
1559 4757 1718 4797 emno
1746 4751 1801 4797 et
1829 4741 2009 4796 sordi-

427 4845 530 4900 bus
572 4851 785 4912 pastum
819 4839 976 4912 petit.
1004 4836 1184 4909 lgitur
1228 4833 1544 4903 quicunque
1587 4845 1685 4886 sua
1730 4830 1911 4885 studia
1953 4830 2012 4885 in

430 4934 803 5006 impuritatem
863 4929 1168 4990 insumunt,
1224 4922 1280 4977 hi
1335 4920 1528 4990 procul
1587 4918 1758 4974 dubio
1803 4933 2013 4989 pennas

429 5042 626 5099 upupa:
649 5027 773 5097 jure
808 5020 1018 5092 optimo
1058 5015 1265 5071 habere
1302 5010 1521 5067 dicendi
1566 5019 1714 5066 sunt.
1757 5009 2010 5065 Muliebri

430 5119 598 5175 iidem
637 5113 823 5187 specie
867 5116 998 5166 sunt
1036 5115 1093 5163 et
1127 5103 1429 5162 eﬂ'eminati
1477 5121 1489 5157 :
1535 5102 1774 5171 denique
1817 5099 2012 5155 eadem

429 5209 604 5265 forma
634 5214 766 5262 sunt
821 5214 929 5272 qua
957 5213 1078 5254 esse
1126 5194 1331 5251 dicitur
1372 5193 1641 5264 iniquitas
1676 5207 1869 5247 eorum
1909 5189 2012 5243 do-

430 5301 600 5356 mina.
624 5297 696 5353 Ut
724 5293 871 5350 enim
892 5287 1215 5346 conformes
1237 5282 1458 5340 Christo
1479 5298 1577 5353 per
1619 5277 2011 5335 sanctiﬁcatio-

432 5408 559 5448 nem
585 5390 722 5444 ﬁunt
753 5384 847 5456 qui
873 5382 977 5437 sub
1022 5381 1141 5451 ipso
1176 5386 1233 5433 et
1263 5391 1389 5432 cum
1422 5375 1541 5445 ipso
1591 5380 1720 5427 sunt
1757 5390 1769 5424 :
1805 5369 1885 5423 sic
1906 5367 2010 5421 ini-

433 5480 627 5554 quitati
671 5475 980 5533 conformes
1027 5486 1091 5527 ac
1124 5469 1333 5526 similes
1393 5473 1524 5521 sunt
1567 5463 1661 5534 qui
1706 5458 2013 5529 iniquitatis

434 5574 702 5632 sarcinam
741 5566 1105 5629 sustulerunt,
1144 5563 1612 5627 institueruntque
1676 5554 1845 5607 vitam
1889 5565 2014 5605 cum

432 5664 699 5724 vitiorum
763 5659 1078 5729 impuritate
1142 5655 1452 5711 traducere.
1513 5648 1575 5703 in
1629 5644 2014 5716 Babylonicam

2097 1989 2370 2063 ἁμαρτίαν
2396 1990 2430 2058 ἡ
2457 1986 2552 2041 τοῦ
2583 1986 2873 2059 ἀνθρώπου
2897 1983 3043 2056 ψυχή
3061 2001 3077 2018 ο
3096 1985 3375 2057 τοιγάρτοι
3400 1985 3671 2057 φιλήδονοι

2099 2079 2299 2153 μᾶλλον
2328 2080 2361 2151 ἢ
2392 2077 2628 2149 φιλόθεοι
2676 2074 2924 2145 λέγονταί
2955 2090 3122 2138 τινες.
3164 2075 3456 2144 Ἐπιφωνεῑ
3490 2074 3546 2129 δὲ
3581 2078 3674 2129 καὶ

2095 2174 2125 2226 6
2159 2172 2449 2244 προφήτης
2468 2169 2581 2233 τοῖς
2614 2167 2673 2235 ἐξ
2701 2164 2984 2228 ἀσθενείας
3012 2164 3252 2235 ψυχικῆς
3279 2166 3674 2239 κατηῤῥωστη-

2097 2262 2219 2317 κόσι
2254 2261 2352 2334 τὴν
2376 2259 2669 2333 ἁμαρτίαν,
2695 2257 2791 2312 καὶ
2822 2256 2920 2327 τὴν
2946 2257 3025 2319 είς
3068 2254 3378 2326 φαυλότητα
3408 2256 3638 2328 πάρεσιν
3657 2273 3669 2287 ·

2105 2372 2124 2406 ι
2171 2352 2449 2424 ’ἰσχύσατε
2478 2353 2658 2422 χεῖρες
2691 2347 2997 2419 ἀνειμέναι,
3029 2346 3125 2401 καὶ
3143 2345 3343 2416 γόνατα
3368 2344 3679 2420 παραλελυ-

2103 2446 2258 2518 μένοι.
2294 2466 2313 2498 ι

2171 2717 2380 2773 ΠΑΛΛ.
2430 2712 2570 2766 Ἀλλ’
2597 2706 2699 2767 ὧδε
2730 2710 2830 2780 μὲν
2860 2708 3000 2764 τόδε.
3041 2705 3284 2781 Ξυνωρίς
3304 2724 3386 2773 τε,
3417 2705 3540 2763 εἰπέ
3562 2725 3677 2780 μοι,

2100 2802 2396 2873 γυναικῶν,
2431 2803 2486 2856 αἳ
2520 2801 2581 2854 τὸ
2629 2801 2825 2870 μέτρον
2872 2798 2965 2852 καὶ
3022 2798 3123 2870 τὴν
3169 2797 3400 2868 ἀνομίαν
3445 2797 3527 2862 είς
3575 2799 3681 2869 γῆν

2102 2895 2438 2968 ἀποφέρουσι
2461 2892 2561 2963 τὴν
2590 2890 2969 2956 Βαϐυλωνίων,
2996 2890 3048 2942 τί
3082 2889 3147 2944 ἂν
3180 2889 3424 2960 βούλοιτο
3444 2888 3637 2960 δηλοῦν
3661 2908 3677 2953 ;

2166 3075 2333 3130 ΚΥΡ.
2381 3071 2801 3144 Ἐμπέφρακται
2840 3069 2961 3141 μὲν,
2996 3062 3041 3120 ὦ
3063 3069 3302 3136 γενναῖε,
3326 3066 3427 3137 τῆς
3454 3066 3683 3137 ἀνομίας

2102 3167 2163 3222 τδ
2195 3166 2369 3238 στόμα
2392 3163 2483 3220 διὰ
2526 3156 2797 3235 Χριστοῧ’
2833 3159 3227 3231 δεδικαιώμεθα
3265 3161 3377 3232 γάρ
3414 3161 3471 3213 ἐν
3512 3159 3684 3230 αὐτῷ,

2105 3255 2509 3330 ἀπηλλάγμεθά
2553 3272 2614 3309 τε
2653 3252 2856 3316 παντὸς
2887 3251 3231 3322 αίτιάματος,
3280 3251 3376 3306 καὶ
3408 3250 3685 3305 πέπαυται

2106 3352 2232 3408 καθ’
2278 3351 2436 3424 ἡμῶν
2461 3350 2496 3422 ἢ
2525 3349 2624 3420 τῆς
2665 3345 2897 3417 ἀνομίας
2939 3346 3306 3417 κατάῥρησις,
3342 3345 3536 3414 Γέγονε
3576 3344 3688 3416 γὰρ

2106 3436 2264 3506 οὗτος
2293 3441 2391 3513 τῆς
2416 3441 2497 3504 είς
2513 3440 2663 3511 ἡμᾶς
2689 3437 3001 3507 οἰκονομίας
3024 3440 3052 3491 ό
3083 3437 3305 3504 σκοπὸς,
3329 3436 3406 3508 τῷ
3427 3436 3495 3490 δι’
3517 3436 3687 3507 ἡμᾶς,

2108 3531 2231 3586 καθ’
2255 3531 2427 3602 ἡμᾶς,
2461 3528 2558 3582 καὶ
2587 3527 2730 3598 ὑπὲρ
2753 3526 2932 3597 ἡμῶν,
2962 3528 3041 3590 είς
3065 3524 3316 3591 θάνατον,
3345 3527 3395 3579 εί
3436 3524 3532 3578 καὶ
3560 3525 3691 3577 ἀνευ

2110 3623 2212 3677 ϐίω
2240 3620 2402 3675 πάλιν
2420 3638 2432 3650 ’
2457 3620 2519 3675 ού
2546 3618 2656 3691 γὰρ
2684 3617 2960 3689 ἐνεδέχετο
2984 3617 3086 3689 τὴν
3115 3615 3260 3687 ζωὴν
3294 3613 3562 3688 ἡττᾶσθαι
3592 3612 3690 3667 θα-

2109 3714 2276 3785 νάτῳ.
2315 3711 2455 3765 Ἀλλ’
2482 3709 2789 3781 ἢπείθησάν
2812 3726 2955 3773 τινες
2981 3707 3060 3779 τῷ
3089 3707 3406 3780 Εὐαγγελίῳ
3429 3707 3523 3762 τοῦ
3553 3708 3691 3779 Χρι-

2111 3804 2262 3869 στοῦ,
2293 3804 2386 3863 καὶ
2410 3802 2507 3874 τὴν
2537 3804 2601 3855 ὲκ
2634 3802 2735 3871 τῆς
2762 3800 3037 3870 ἁμαρτίας
3070 3799 3132 3852 ού
3157 3800 3565 3871 προσηκάμενοι
3595 3798 3690 3851 λύ-

2090 3913 2332 3969 ετρωσιν,
2374 3891 2736 3966 ἀχθοφοροῦσι
2761 3893 2925 3946 πάλιν
2953 3892 3145 3956 αὐτὴν,
3177 3893 3297 3956 ταῖς
3324 3890 3475 3961 σφῶν
3507 3891 3689 3945 αὐτῶν

2110 3989 2520 4061 ἐπαρτήσαντες
2537 3986 2803 4057 κεφαλαῖς
2823 3984 2914 4040 διὰ
2937 3984 3133 4057 φρενὸς
3160 3984 3466 4051 ἀσθένειαν,
3488 3986 3581 4040 καὶ
3596 3985 3691 4041 νοῦ

2114 4081 2390 4155 μαλακίαν
2439 4079 2536 4135 καὶ
2568 4079 2861 4151 ἀνανδρίαν
2892 4078 3093 4150 ψυχῆς.
3139 4073 3300 4133 Οὗτοι
3335 4080 3499 4135 παντὶ
3528 4081 3693 4135 πνεύ-

2117 4190 2247 4245 ματι
2284 4170 2678 4243 περιφέρονται
2717 4167 2963 4239 πονηρῷ,
2999 4168 3093 4221 καὶ
3140 4169 3221 4233 είς
3252 4170 3361 4223 πᾶν
3387 4165 3526 4235 εἶδος
3555 4172 3695 4225 ἀκα-

2114 4263 2344 4336 θαρσίας
2412 4261 2699 4333 βιαιότατα
2766 4259 3165 4331 συνωθούμενοι
3234 4261 3493 4332 πλείστην
3560 4262 3695 4333 ὅσην

2114 4352 2391 4410 ποιοῦνται
2414 4351 2514 4424 τὴν
2534 4352 2614 4416 είς
2634 4348 2703 4404 τά
2732 4350 2913 4421 φαῦλα
2935 4350 3196 4422 σπουδήν.
3229 4351 3477 4425 Σπουδῆς
3515 4353 3570 4407 δὲ
3597 4371 3697 4427 ση-

2118 4446 2270 4516 μεῖον
2295 4444 2328 4515 ἡ
2359 4439 2587 4513 πτέρυξ,
2619 4441 2686 4511 ἣν
2715 4440 2811 4493 καὶ
2838 4437 3043 4504 ἔποπος
3080 4436 3223 4493 εἶναί
3256 4455 3442 4510 φησιν,
3468 4437 3609 4507 εἶδος
3638 4443 3697 4497 δὲ

2113 4536 2273 4590 τοῦτο
2306 4533 2612 4606 στρουθίου,
2638 4530 2707 4584 τά
2735 4529 2844 4584 τῶν
2877 4530 3161 4600 τελμάτων
3193 4529 3281 4585 ἀεὶ
3319 4531 3698 4588 δυσωδέστατα

2115 4627 2485 4699 περιθέοντος,
2525 4624 2620 4679 καὶ
2666 4623 2734 4678 τά
2780 4625 2845 4678 ὲκ
2888 4622 3159 4694 βορϐόρου
3204 4623 3300 4678 καλ
3355 4623 3698 4697 ἀκαθαρσίας

2119 4718 2469 4790 συλλέγοντος
2496 4720 2576 4783 εἰς
2611 4717 2844 4789 τροφήν.
2862 4716 3018 4770 Ὅσοι
3044 4713 3335 4787 τοιγαροῦν
3368 4714 3468 4780 τὰς
3491 4717 3702 4770 ἑαυτῶν

2119 4813 2355 4876 σπουδὰς
2390 4809 2701 4865 δαπανῶσιν
2733 4810 2815 4873 είς
2863 4806 3162 4881 μολυσμὸν,
3191 4800 3338 4861 οὗτοι
3380 4808 3447 4878 δὴ
3482 4809 3702 4873 πάντως

2110 4884 2218 4968 ’τὰς
2261 4903 2360 4975 μὲν
2390 4901 2672 4974 πτέρυγας
2692 4898 2903 4962 ἔποπος
2923 4898 3148 4963 εἰκότως
3178 4897 3243 4952 ἂν
3270 4898 3412 4969 ἔχειν
3436 4898 3699 4967 λέγοιντο.

2118 4992 2513 5058 Γυναικοειδεῖς
2567 4991 2627 5045 δὲ
2675 4991 2773 5045 καὶ
2831 4990 3009 5051 uinci,
3054 4988 3152 5044 καὶ
3212 4989 3701 5061 ὲκτεθηλυμμένοι,

2120 5086 2439 5158 σύμμορφοί
2462 5102 2520 5139 τε
2547 5083 2734 5138 λοιπὸν
2779 5084 2845 5154 τῇ
2894 5079 3303 5154 τυραννευούσῃ
3351 5082 3493 5135 κατὰ
3552 5083 3707 5150 σφῶν

2117 5177 2387 5249 ἁμαρτίᾳ.
2423 5177 2632 5247 ’Ὀνπερ
2647 5173 2758 5247 γάρ
2783 5171 3006 5245 τρόπον,
3042 5170 3455 5243 σύμμορφοιτῷ
3481 5173 3707 5245 Χριστῷ

2119 5271 2188 5324 δι’
2213 5268 2485 5340 ἀγιασμοῦ
2517 5268 2806 5338 γεγόνασιν
2836 5266 2885 5319 οἶ
2910 5265 3002 5319 ὑπ’
3024 5262 3173 5331 αὐτῷ
3187 5279 3248 5317 τε
3280 5263 3375 5317 καὶ
3397 5264 3495 5317 σὺν
3521 5263 3673 5336 αὐτῷ
3695 5282 3708 5295 ·

2121 5362 2266 5416 οὕτω
2299 5361 2394 5416 καὶ
2423 5363 2489 5433 τῇ
2539 5358 2741 5431 ἀνομίᾳ
2772 5355 3088 5429 σύμμορφοί
3119 5372 3180 5409 τε
3226 5354 3322 5409 καὶ
3350 5355 3619 5426 ὁμοειδεῖς
3658 5359 3707 5410 oi

2123 5457 2329 5527 ταύτην
2363 5452 2780 5526 ὲπηχθισμένοι,
2812 5450 2907 5504 καὶ
2946 5451 3013 5523 τῇ
3063 5445 3363 5516 ἀκαθάρτῳ
3405 5444 3705 5520 φαυλότητι

2125 5550 2294 5621 συζῇν
2322 5547 2611 5620 ᾑρημένοι.
2663 5543 3027 5615 Ἀποφέρουσι
3064 5538 3119 5592 δὲ
3149 5537 3210 5591 τὸ
3247 5537 3448 5608 μέτρον
3484 5540 3566 5604 είς
3597 5539 3709 5593 Βα-

2126 5638 2361 5705 ϐυλῶνα,
2393 5636 2488 5690 καλ⁷
2514 5627 2661 5690 οῗκον
2688 5631 2838 5703 αὓτῷ
2888 5626 3145 5701 ζητοῦσιν
3186 5626 3325 5695 ἐκεῖ,
3366 5627 3708 5700 αἰνιγματω-

510 5859 901 5925 “Ier.v1,9.9,
940 5858 1024 5913 50.
1090 5855 1211 5910 “ll
1233 5853 1377 5909 Tim.
1416 5850 1724 5921 m,eseqq.
1791 5847 1847 5880 “
1873 5846 2168 5914 ’lsa.xxxv,
2209 5846 2260 5902 5.
