4096 6470
416 433 542 505 501'

1142 447 1233 504 DE
1271 445 1718 504 ADORATIONE
1758 445 1825 501 IN
1868 444 2143 502 SPIRITU
2186 446 2277 502 ET
2320 447 2698 504 VERITATE.
2743 437 2874 503 LIB.
2917 447 3008 503 IV.

3619 449 3725 506 302

414 566 554 631 δὼς,
580 559 739 635 οἶμαί
770 580 898 627 που,
924 562 1016 617 καὶ
1036 561 1190 616 τοῦδε
1225 563 1609 635 σημαίνοντος,
1642 563 1720 627 ὡς
1748 564 1798 616 εί
1833 564 1907 633 μή
1942 578 2030 626 τις

2137 576 2302 632 porro
2340 565 2619 635 regionem
2642 582 2957 622 mensuram
2981 564 3257 631 deferunt,
3290 565 3476 637 ibique
3501 567 3726 626 domum

413 659 608 712 ἕλοιτο
634 656 704 710 τὰ
730 655 821 709 διὰ
860 654 1123 726 Χριστοῦ,
1153 655 1249 709 καὶ
1286 657 1389 727 τῆς
1426 654 1707 725 ἁμαρτίας
1750 655 2031 725 ἀγαπήσει

412 750 523 822 τὴν
557 746 858 819 ἔμφραξιν,
901 746 992 802 διὰ
1024 746 1086 801 τὸ
1122 746 1258 818 πρὸς
1298 748 1467 818 μόνας
1499 745 1645 818 ἔχειν
1685 746 2032 820 ἀκαθαρσίας

410 842 482 897 τδ
512 840 870 910 σπούδασμα,
912 839 1257 912 ἐξοιχήσεται
1299 839 1400 910 μὲν
1429 839 1532 909 τῆς
1563 839 1727 908 ἁγίας
1766 840 2033 913 Ἰερουσα-

411 935 559 1006 λὴμ,
589 933 740 988 τοῦτ’
769 932 913 996 ἔστι,
952 934 1052 1004 τῆς
1080 932 1193 987 τῶν
1228 933 1595 1005 πρωτοτόκων
1611 933 1775 1003 ἁγίας
1801 935 2029 1007 μητρὸς,

415 1027 805 1090 καλλιπόλεως
852 1025 913 1080 δὲ
942 1025 1042 1097 τῆς
1076 1025 1223 1079 ἀνω’
1270 1028 1559 1097 μονονουχὶ
1589 1027 1647 1081 δὲ
1690 1027 2032 1100 δυσφόρητον

417 1118 570 1190 ἔχων
592 1118 694 1189 τὴν
739 1115 1021 1188 ἁμαρτίαν
1067 1115 1311 1188 φορτίον.
1346 1119 1665 1194 συνοικήσει
1701 1119 1815 1182 τοῖς
1854 1116 2031 1170 Βαευ-

417 1210 667 1274 λωνίοις,
699 1208 848 1264 τοῦτ’
875 1206 1018 1274 ἔστι,
1040 1208 1235 1280 μερίδα
1258 1210 1356 1263 καί¹
1383 1209 1586 1283 κλῆρον
1609 1210 1722 1276 ἔξει
1756 1210 1896 1282 μετά
1923 1210 2032 1265 τῶν

420 1302 613 1359 ἀθέων
643 1300 1081 1373 είδωλολατρῶν.
1119 1302 1207 1354 Ἐν
1229 1302 1329 1372 ἴσῳ
1358 1302 1468 1374 γὰρ
1493 1305 1609 1368 τοῖς
1633 1302 1841 1368 ἀθέοις,
1860 1305 1910 1358 οί
1933 1304 2034 1376 τὴν

420 1394 521 1449 διὰ
549 1393 796 1465 Χριστοῦ
825 1393 1100 1466 λύτρωσιν
1129 1394 1526 1466 ἀτιμάσαντες.
1560 1397 1674 1450 Καὶ
1697 1397 1833 1468 γοῦν
1864 1399 1893 1451 ὁ
1920 1398 2037 1452 Σω-

418 1487 557 1557 τήρ·
590 1504 609 1537 ι
658 1484 785 1539 Ἐὰν
816 1486 1137 1560 ἁμαρτήσῃ,
1169 1487 1357 1559 φησὶν,
1379 1489 1409 1541 ὁ
1432 1488 1662 1559 ἀδελφός
1686 1505 1802 1555 σου,
1829 1488 2032 1559 ὕπαγε,

419 1578 653 1648 ἔλεγξον
676 1578 845 1633 αὑτὸν
883 1578 1094 1651 μεταξύ
1129 1597 1223 1633 σου
1253 1581 1348 1635 καὶ
1373 1580 1542 1636 αὐτοῦ
1580 1581 1743 1654 μόνου
1767 1598 1782 1616 ο
1813 1583 1910 1639 ὲάν
1940 1599 2034 1637 σου

418 1671 668 1744 ἀκούσῃ,
700 1671 1011 1744 ἐκέρδησας
1061 1671 1153 1725 τὸν
1181 1671 1414 1742 ἀδελφόν
1441 1689 1560 1728 σου·
1604 1673 1701 1729 ἐὰν
1731 1674 1788 1728 δὲ
1830 1675 1905 1745 μή
1941 1693 2035 1730 σου

418 1763 665 1836 ἀκούσῃ,
704 1763 996 1835 παράλαϐε
1033 1764 1175 1836 μετά
1201 1764 1296 1819 σοῦ
1322 1764 1478 1837 ἒναῆ
1514 1764 1628 1833 δύο,
1661 1766 1748 1821 ἵνα
1788 1768 1882 1821 ἐπὶ
1912 1769 2033 1823 στό-

436 1874 626 1928 ματος
653 1855 749 1911 δύο
779 1857 813 1930 ἢ
854 1856 1027 1929 τριῶν
1059 1858 1361 1931 μαρτύρων
1385 1861 1558 1932 σταθῇ
1600 1860 1711 1915 πᾶν
1743 1860 1915 1934 ῥῆμα·
1939 1861 2037 1917 ἐὰν

2133 652 2187 707 ei
2226 663 2483 723 quaerunt
2512 672 2524 708 :
2550 671 2674 725 quae
2698 673 2809 722 res,
2834 658 2892 712 ni
2925 656 3104 721 fallor,
3148 656 3253 712 hoc
3279 656 3509 730 figurate
3552 663 3726 734 signi-

2134 741 2282 807 ﬁcat,
2327 743 2423 814 qui
2460 760 2526 800 ea
2579 745 2723 801 bona
2769 750 3065 819 respuerit,
3129 766 3254 823 qua:
3305 766 3407 822 per
3442 750 3728 809 Christum

2133 842 2291 905 parta
2318 835 2482 892 nobis
2538 846 2701 905 sunt;
2747 839 3199 917 adamaveritque
3245 845 3685 902 obstructionem
3711 889 3726 914 ,

2133 941 2258 996 quae
2289 943 2359 983 ex
2386 937 2616 998 peccato
2645 939 2751 997 est,
2802 934 2859 988 in
2926 950 2995 992 eo
3035 938 3186 1007 quod
3250 939 3498 995 studium
3564 955 3732 995 omne

2135 1020 2191 1075 in
2227 1020 2546 1092 impuritate
2590 1024 2916 1082 collocatum
2971 1030 3158 1097 habet,
3212 1030 3330 1088 fore
3370 1041 3435 1089 ut
3477 1032 3524 1088 is
3570 1042 3731 1090 exeat

2133 1127 2202 1167 ex
2259 1112 2484 1169 civitate
2542 1127 2733 1172 sancta
2788 1117 3118 1186 Jerusalem,
3176 1121 3283 1177 hoc
3347 1132 3452 1189 est,
3518 1139 3550 1179 e
3602 1139 3729 1180 san-

2136 1216 2226 1263 cta
2314 1206 2409 1263 illa
2473 1218 2708 1280 parente
2776 1212 3314 1285 primogenitorum,
3376 1233 3733 1290 supernaque

2136 1314 2203 1355 ac
2268 1299 2645 1371 pulcherrima
2721 1304 2948 1361 civitate
2979 1347 2995 1373 ,

2134 1408 2280 1464 pene
2316 1409 2430 1450 non
2474 1394 2709 1452 ferendo
2764 1413 3013 1469 pressus,
3072 1417 3182 1456 una
3246 1417 3375 1457 cum
3418 1402 3734 1476 Babyloniis

2137 1485 2369 1553 habitet,
2433 1486 2491 1543 id
2550 1496 2668 1555 est,
2700 1498 2914 1560 partem
2990 1507 3055 1550 ac
3116 1501 3322 1549 sortem
3356 1510 3481 1550 cum
3548 1495 3735 1566 impiis

2136 1577 2415 1634 idolorum
2442 1577 2755 1635 cultoribus
2782 1579 3003 1636 habeat.
3053 1579 3158 1648 Qui
3182 1582 3336 1636 enim
3390 1579 3601 1637 Christi
3640 1597 3733 1637 re—

2137 1664 2527 1744 demptionem'
2538 1679 2923 1739 contemnunt,
2947 1672 2984 1727 ii
3002 1672 3072 1729 ab
3105 1674 3291 1745 impiis
3313 1690 3427 1728 non
3447 1673 3731 1730 diﬂ‘erunt.

2137 1764 2327 1834 Itaque
2349 1762 2654 1831 Salvator,¢
2677 1764 2735 1821 Si
2772 1765 3110 1837 peccaverit.
3152 1766 3354 1838 inquit,
3392 1766 3564 1822 frater
3586 1774 3734 1833 tuus,

2136 1855 2298 1919 vade,
2338 1870 2507 1927 argue
2545 1854 2704 1911 illum
2742 1858 2889 1911 inter
2926 1864 2980 1912 te
3029 1865 3088 1911 et
3110 1856 3293 1928 ipsum
3340 1856 3560 1924 solum;
3592 1855 3639 1911 si
3685 1864 3738 1912 te

433 1950 502 2003 δὲ
538 1952 639 2004 καὶ
663 1949 872 2005 τούτων
901 1950 1255 2025 παρακούσῃ,
1301 1951 1424 2006 εἰπὲ
1451 1955 1520 2025 τῇ
1573 1952 1906 2027 Ἐκκλησία·
1942 1955 2034 2010 ὲάν

2143 1946 2420 2013 audierit,
2459 1948 2710 2003 lucratus
2767 1948 2883 2004 eris
2922 1947 3151 2003 fratrem
3207 1956 3404 2013 tuum;
3460 1948 3507 2005 si
3551 1957 3739 2004 autem

414 2041 478 2095 δὲ
512 2042 615 2096 καὶ
644 2042 746 2114 τῆς
792 2040 1127 2114 Ἐκκλησίας
1157 2043 1510 2118 παρακούσῃ,
1550 2043 1694 2101 ἔστω
1733 2064 1816 2101 σοι
1842 2046 2033 2122 ὥσπερ

2137 2060 2244 2100 non
2273 2042 2538 2109 audierit,
2569 2042 2776 2099 adhibe
2805 2050 2990 2100 tecum
3032 2058 3205 2098 unum
3246 2043 3336 2098 vel
3375 2042 3536 2109 duos,
3574 2051 3637 2098 ut
3680 2042 3737 2097 in

416 2137 449 2189 ὁ
478 2134 708 2199 ἐθνικὸς
739 2136 836 2190 καὶ
872 2136 902 2190 ὁ
944 2134 1206 2207 τελώνης.
1250 2156 1271 2189 ι
1310 2137 1470 2192 Ἔστι
1499 2136 1681 2192 τοίνυν
1712 2139 1815 2192 οὐκ
1855 2141 2036 2210 ἀσυμ-

417 2229 627 2299 φανὲς,
660 2230 863 2302 μᾶλλον
895 2229 953 2285 δὲ
974 2229 1064 2284 διὰ
1095 2231 1278 2302 πάσης
1312 2232 1447 2304 ἡμῖν
1477 2230 1904 2304 μεμαρτύρηται
1930 2233 2034 2301 τῆς

418 2323 584 2389 θείας
607 2325 859 2398 Γραφῆς,
887 2326 973 2382 ὅτι
994 2329 1147 2384 πᾶσα
1166 2326 1450 2391 δικαίωσις
1469 2326 1565 2381 καὶ
1589 2327 1742 2380 πᾶσα
1762 2322 2037 2399 λύτρωσις

419 2421 482 2470 ἐν
518 2417 771 2489 Χριστῷ.

2134 2152 2233 2193 ore
2260 2136 2501 2193 duorum
2531 2135 2619 2191 vel
2661 2135 2831 2191 trium
2868 2137 3093 2191 testium
3124 2142 3236 2191 stet
3263 2150 3429 2191 omne
3471 2134 3733 2190 verbum.

2136 2230 2194 2287 Si
2211 2236 2397 2286 autem
2429 2245 2615 2301 neque
2634 2229 2740 2286 hos
2767 2228 2925 2300 105
2938 2228 3201 2294 audierit,
3231 2228 3322 2284 die
3352 2228 3646 2294 Ecclesiae;
3690 2230 3737 2284 si

2136 2331 2321 2379 autem
2335 2323 2503 2379 etiam
2519 2320 2825 2378 Ecclesiam
2840 2321 3256 2391 contempserit,
3272 2319 3345 2375 sit
3361 2318 3465 2374 tibi
3476 2328 3739 2390 tanquam

2135 2415 2393 2472 ethnicus
2425 2425 2482 2473 et
2520 2417 2852 2488 publicanus
2876 2417 2944 2471 ".
2974 2437 2992 2470 ι
3036 2417 3135 2474 Est
3173 2416 3345 2489 igitur
3366 2416 3597 2472 minime
3632 2415 3737 2470 ob-

417 2524 683 2576 scurum,
749 2520 916 2584 atque
970 2512 1111 2568 adeo
1148 2511 1319 2568 totius
1359 2508 1560 2568 divinae
1597 2510 1899 2583 Scriptura;
1945 2508 2263 2566 testimonio
2303 2508 2717 2575 conﬁrmatum,
2751 2524 2973 2566 omnem
3009 2508 3467 2583 justiﬁestionem
3509 2519 3570 2566 et
3607 2507 3737 2563 red-

420 2607 773 2678 emptionem
793 2625 917 2666 esse
964 2608 1023 2665 in
1055 2607 1289 2666 Christo.

496 2700 715 2755 IlAAA.
751 2697 827 2754 Εὖ
863 2700 1022 2771 ἔφης.

502 2874 555 2907 δ’
578 2873 792 2932 Matth.
830 2890 985 2943 xvnl,
1024 2876 1216 2932 15-17.

2216 2695 2415 2752 PALL.
2446 2696 2616 2753 Recte
2646 2695 2853 2753 dixisti.

1072 3222 1497 3364 ΠΕΡΙ
1546 3232 1892 3361 ΤΗΣ
1969 3232 2180 3358 ΕΝ
2263 3227 3154 3365 ΠΝΕΥΜΑΤΙ

1700 3498 1896 3582 ΚΑΙ
1968 3493 2515 3587 ΑΛΗΘΕΙΑΙ

503 3726 555 3858 ζ’
871 3721 2107 3843 ΠΡΟΣΚΥΝΗΣΕΩΣ
2196 3722 2478 3836 ΚΑΙ
2572 3713 3321 3837 ΛΑΤΡΕΙΑΣ

412 3952 423 3961 ’
505 3943 551 3961 ’“
1567 3947 1936 4034 ΛΟΓΟΣ
2012 3947 2614 4034 ΤΕΤΑΡΤΟΣ.

595 4312 784 4428 DE
874 4313 1811 4433 ADORATIONE
1910 4320 2095 4432 ET
2183 4318 2672 4438 CULTU
2765 4316 2910 4435 IN
2996 4316 3577 4437 SPIRITU

1638 4589 1807 4693 ET
1902 4566 2567 4700 VERITATE

1564 4836 1937 4917 LIBER
2026 4835 2620 4932 QUARTUS.

435 5163 571 5242 Ὀτι
586 5162 696 5242 τὸν
719 5163 1104 5242 καθημένοις
1128 5164 1215 5242 είς
1236 5163 1556 5242 δικαίωσιν
1576 5165 1741 5242 παρὰ
1762 5166 1914 5242 Θερῦ
1938 5166 2034 5242 καί

2148 5170 2312 5242 106
2362 5165 2465 5232 Qui
2522 5165 2594 5221 ad
2611 5238 2622 5242 Α
2627 5164 3069 5242 ᾔιέειὶρεαιίοιιεηι
3103 5182 3137 5219 a
3192 5162 3302 5242 Deo
3327 5169 3541 5219 vocatus
3562 5165 3652 5232 sit,
3687 5172 3739 5221 et

501 5232 991 5307 λελυτρωμένον,
1024 5233 1197 5307 αὐτῷ
1235 5236 1713 5307 κατακολουθεῖν
1748 5237 1890 5307 χρὴ,
1928 5238 2030 5291 καὶ

503 5303 928 5377 παραιτεῖσθαι
961 5305 1082 5377 μέν
1108 5305 1230 5377 τὸν-
1250 5307 1340 5377 είς
1377 5303 2032 5377 φαυλότηταᾷιαζλακι-

502 5374 687 5447 amor,
714 5373 824 5455 ζῇν
853 5374 926 5429 δὲ
942 5372 1187 5447 μᾶλλον
1205 5372 1553 5446 ἐπείγεσθαι
1578 5372 1905 5450 σὺννόμως
1930 5378 2030 5433 καὶ

500 5461 820 5513 νεανικως.

502 5537 792 5611 Σφαλερὸν
828 5539 931 5610 μὲν
967 5530 1081 5605 οὖν,
1119 5538 1198 5604 ὡς
1227 5537 1425 5607 ἔοικεν,
1453 5532 1500 5594 ὦ
1546 5538 1837 5608 Παλλάδιε,
1869 5542 2039 5613 φαίην

428 5627 475 5682 δ’
507 5630 576 5684 ἂν
602 5621 687 5683 ὅτι
713 5630 811 5685 καὶ
846 5627 1281 5702 βδελυρώτατον,
1317 5631 1453 5686 εἴσω
1489 5648 1548 5685 τε
1576 5631 1757 5705 πάσης
1801 5632 2041 5704 βεϐηκὸς

428 5720 690 5788 ἀτοπίας,
723 5723 801 5794 μὴ
829 5722 893 5777 τὸ
913 5722 1372 5795 κατανδρίζεσθαι
1400 5723 1576 5795 φιλεῖν
1610 5724 1948 5797 φαυλότητός
1976 5744 2038 5781 τε

428 5814 527 5868 καὶ
566 5815 852 5888 ἁμαρτίας
875 5833 890 5848 ο
920 5815 1333 5889 θρυπτομένους
1357 5816 1413 5870 δὲ
1440 5815 1634 5890 ὥσπερ
1661 5818 1742 5883 εἰς
1769 5817 2041 5884 ἐκτύπους

427 5905 650 5977 ἡδονὰς,
691 5906 788 5961 καὶ
833 5905 1205 5979 θηλυπρεπείς
1247 5906 1523 5978 μαλακίας
1557 5907 1919 5978 ἐγκαθιέντας
1954 5909 2034 5982 τῷ

2215 5235 2539 5321 ῐεῖίᾳῃιρῑιιδ,
2575 5235 2827 5321 ei
2857 5252 2986 5321 essc_
3026 5235 3372 5321 sequentium,
3414 5244 3488 5321 et_
3517 5251 3740 5291 excussa

2216 5306 2442 5367 mollitie
2473 5324 2593 5380 qua:
2626 5308 2697 5380 qd
2735 5308 2921 5380 vitium
2952 5306 3116 5373 ducit,
3167 5306 3236 5360 ad
3270 5307 3416 5377 piam
3441 5315 3489 5360 et
3521 5323 3743 5377 genero-

2215 5400 2331 5438 sum
2368 5379 2532 5437 vitam
2564 5379 2886 5434 enitendum.

2218 5544 2600 5600 Periculosum
2642 5542 2868 5614 quidem
2899 5549 3005 5608 est,
3045 5541 3274 5607 Palladi,
3314 5541 3550 5597 nimium
3572 5550 3741 5612 atque.

2146 5636 2337 5701 etiam,
2374 5636 2422 5691 si
2474 5635 2666 5691 dicere
2708 5634 2895 5700 liceat,
2936 5634 3234 5690 scelestum
3274 5634 3535 5698 maxime,
3586 5641 3644 5688 et
3681 5634 3738 5688 in

2145 5728 2342 5800 primis
2391 5727 2789 5790 facinorosum,
2834 5726 2984 5781 nolle
3024 5724 3289 5782 adversus
3329 5723 3635 5794 nequitiam
3676 5737 3742 5777 ac

2145 5830 2434 5891 peccatum
2473 5818 2692 5875 fortiter
2725 5834 2784 5874 se
2819 5833 3055 5891 gerere;
3086 5818 3205 5883 sed,
3239 5816 3428 5872 animo
3453 5815 3738 5871 indecoris

2147 5912 2523 5982 voluptatibus
2564 5919 2825 5968 euervato
2869 5921 2926 5968 et
2975 5910 3043 5966 ad
3077 5910 3405 5966 muliebrem
3442 5905 3733 5964 mollitiem

3073 1323 3138 1364 ac
3207 1309 3454 1379 pondere
3519 1311 3733 1381 peccati
3824 1362 3829 1367 .
