4096 6436
378 430 481 486 503

1363 418 1422 474 S.
1463 417 1740 475 CYRILLI
1780 416 2252 472 ALEXANDRINI
2290 416 2606 474 ARCHIEP.

3533 419 3640 476 504

380 547 616 617 dejecto,
667 542 885 599 virtutis
933 546 1165 594 conatus
1224 537 1553 598 detrectare,
1603 534 1853 604 quamvis
1905 534 1955 588 in

2065 535 2162 605 νῷ,
2187 535 2286 605 τῆς
2332 535 2410 598 εἰς
2457 533 2656 606 ἀρετὴν
2700 533 2992 604 εὐτολμίας
3039 534 3362 605 άποφοιτᾷν,
3414 537 3507 588 καί
3553 550 3639 589 τοι

302 635 304 638 ’
378 644 635 708 promptu
655 635 727 689 sit
748 647 907 704 posse
925 629 1130 685 Christi
1153 643 1256 697 ope
1287 626 1354 681 ad
1374 625 1742 696 quodcunque
1771 640 1954 679 rerum

378 727 776 786 laudandarum
829 737 1000 793 genus
1054 719 1390 783 ascendere;
1448 717 1517 771 ad
1556 732 1788 786 eamque
1838 731 1955 770 rem

379 822 631 876 hortetur
651 833 753 872 nos
784 816 894 870 illis
937 813 1124 868 verbis
1159 811 1533 866 beatissimus.
1557 809 1780 872 Paulus,
1823 827 1841 858 ε
1881 808 1955 861 De

381 922 580 968 caetero
604 905 1170 979 107confortamini
1193 905 1247 960 in
1271 903 1523 967 Domino,
1555 910 1613 956 et
1636 901 1688 956 in
1712 900 1955 970 potentia

377 1001 600 1056 virtutis
630 999 750 1069 ejus
773 998 840 1050 “.
887 1015 906 1048 ι

445 1092 642 1148 PALL.
687 1089 903 1160 Optime
933 1087 1091 1143 dicis.

447 1184 606 1252 CYR,
631 1183 691 1237 In
720 1181 942 1238 Christo
971 1193 1207 1248 namque
1227 1177 1493 1236 faciemus
1513 1177 1772 1232 virtutem
1797 1191 1812 1238 ;
1852 1189 1954 1228 nec

379 1286 584 1338 tamen,
624 1274 846 1344 opinor,
879 1271 978 1326 ulli
1017 1271 1309 1340 contingit,
1357 1279 1419 1324 ut
1461 1269 1578 1323 sine
1627 1267 1818 1322 labore
1856 1264 1954 1319 ad-

385 1382 572 1422 versus
605 1366 738 1421 vitia
770 1365 986 1419 fortiter
1012 1379 1070 1418 se
1108 1369 1280 1433 gerat,
1313 1361 1380 1416 ad
1418 1376 1651 1430 eamque
1683 1374 1796 1414 rem
1829 1357 1954 1411 ani-

377 1473 530 1512 mum
578 1457 793 1525 erigere
830 1454 1022 1524 possit.

451 1546 646 1600 PALL.
688 1544 991 1599 Assentior.

449 1638 608 1692 ΟΥΕ.
657 1636 922 1690 Prmclara
979 1648 1216 1704 namque
1251 1647 1317 1687 ea
1363 1646 1453 1688 res
1487 1639 1592 1695 est,
1641 1638 1698 1685 et
1736 1629 1792 1684 in
1847 1642 1955 1698 qua

381 1729 767 1799 i-onscquenda
805 1744 986 1798 operae
1016 1728 1253 1797 pretium
1292 1727 1384 1792 sit,
1424 1725 1672 1782 studium
1713 1738 1954 1794 ponere,

380 1839 504 1893 qum,
537 1838 568 1876 a
607 1821 818 1892 supinis
853 1821 1170 1874 hominibus
1204 1817 1379 1873 teneri
1401 1832 1510 1872 non
1545 1824 1764 1887 potest;
1805 1813 1957 1869 facil-

2061 626 2236 696 παρὸν
2276 619 2336 677 εὖ
2371 625 2515 695 μάλα
2560 625 2651 678 διὰ
2686 624 2925 696 Χριστοῦ
2960 624 3097 695 πρὸς
3142 627 3251 679 πᾶν
3291 626 3471 679 ὁτιοῦν
3508 627 3634 681 ἀνα-

2059 717 2329 788 θρώσκειν
2364 717 2624 772 δύνασθαι
2655 717 2763 770 τῶν
2794 718 3228 788 ἐπαινουμένων,
3276 719 3372 771 καὶ
3411 719 3547 789 πρὸς
3574 735 3639 786 γε

2057 811 2254 881 τούτῳ,
2298 812 2450 881 ἡμᾶς
2486 808 2820 880 παραθήγει,
2850 809 3044 878 λέγων,
3078 811 3106 862 ὁ
3157 809 3452 881 ἱερώτατος
3493 809 3640 863 Παῦ-

2058 902 2176 966 λος·
2216 921 2234 954 ι
2267 902 2374 955 Τοῦ
2401 901 2588 958 λοιποῦ
2615 901 3012 973 ἐνδυναμοῦσθε
3033 903 3091 956 ἐν
3115 903 3326 974 Κυρίῳ,
3361 903 3456 956 καὶ
3483 904 3541 957 ἐν
3561 903 3640 974 τῷ

2058 994 2250 1064 κράτει
2277 995 2379 1064 τῆς
2416 994 2599 1064 ἰσχύος
2619 993 2806 1048 αὑτοῦ.
2844 1013 2867 1046 ο

2129 1087 2340 1140 ΠᾹΛΛ.
2379 1082 2450 1140 Εὖ
2483 1087 2683 1155 λέγεις.

2130 1178 2292 1230 ΚΥΡ.
2333 1179 2638 1248 Ποιήσομεν
2683 1178 2792 1250 γὰρ
2841 1177 3070 1250 δύναμιν
3119 1179 3178 1232 ἐν
3219 1169 3462 1251 Χριστῷ·
3498 1180 3639 1249 πλὴν

2057 1270 2157 1323 οὐκ
2193 1269 2260 1324 ἂν
2288 1265 2441 1339 οἶμαί
2473 1287 2556 1333 τις
2597 1270 2852 1341 ἀνιδρωτὶ
2884 1271 3249 1342 κατορθώσειε
3287 1271 3348 1324 τὸ
3377 1287 3642 1324 κατανεα-

2057 1361 2328 1414 νιεύεσθαι
2357 1362 2565 1428 παθῶν,
2593 1363 2686 1416 καὶ
2714 1362 2985 1433 ἀπορθοῦν
3031 1365 3110 1427 είς
3139 1362 3298 1416 τοῦτο
3323 1362 3416 1416 τὸν
3444 1365 3642 1416 οἰκεῖον

2037 1445 2278 1522 ⁴ἰσχῦσαι
2305 1453 2448 1506 νοῦν.

2130 1544 2336 1597 ΠΔΛΛ.
2366 1543 2648 1614 Σύμφημι.

2128 1634 2290 1690 ΚΥΡ.
2321 1635 2611 1706 Τοιγάρτοι
2657 1636 2847 1707 χρῆμα
2883 1635 3145 1706 διαφανές
3188 1653 3249 1689 τε
3288 1637 3384 1690 καὶ
3427 1637 3641 1709 άξιόλη-

2058 1745 2214 1792 πτον,
2248 1727 2344 1782 καλ⁸
2370 1728 2734 1783 ἀναπίπτουσι
2769 1729 2866 1799 μὲν
2893 1730 2991 1799 οὐχ
3025 1728 3321 1799 ἁλώσιμον,
3351 1731 3642 1801 ἐκτετιμη-

2059 1821 2179 1875 κόσι
2219 1821 2277 1874 δὲ
2305 1821 2368 1874 τὸ
2404 1823 2606 1887 πονεῖν,
2664 1821 3003 1892 εὐπόριστον.
3068 1820 3383 1891 Γέγραπται
3427 1821 3514 1885 δὲ,
3558 1823 3644 1875 ὅτι

383 1885 509 1970 lime
527 1885 707 1970 autem
731 1913 801 1969 ab
819 1912 887 1967 iis
910 1921 1156 1982 paratur,
1181 1910 1275 1980 qui
1313 1885 1563 1964 laborem
1581 1906 1955 1976 inertiaepraa-

2071 1931 2090 1964 ι
2145 1912 2306 1984 Ἀνὴρ
2339 1913 2398 1968 ἐν
2429 1885 2612 1976 πόνοις
2645 1885 3021 1983 πονεῖ-ἐαυτῷ,
3054 1885 3486 1976 καὶ-ἐκϐιάζεται
3511 1911 3639 1964 ἐαυ-

385 2009 647 2062 tulerunt.
697 2005 972 2074 Scriptum
1024 2011 1110 2057 est
1145 2001 1331 2056 enim:
1379 2019 1397 2050 ι
1442 1999 1540 2055 Ἧι·
1575 1998 1633 2053 in
1675 1997 1955 2053 laboribus

2063 2004 2159 2058 τοῦ
2206 2005 2307 2075 τὴν
2358 2003 2652 2059 ἀπώλειαν.
2709 2023 2728 2057 ι
2771 2004 3004 2074 Μικροῖς
3047 2002 3104 2056 δὲ
3144 2002 3332 2073 ἱδρῶσι
3380 2001 3642 2056 δύνασθαι

382 2099 488 2154 sibi
520 2099 753 2163 laborat,
783 2096 966 2152 etviin
999 2094 1129 2150 facit
1167 2109 1281 2149 sua:
1315 2090 1614 2163 perditioni
1645 2088 1711 2144 ιτ.
1759 2107 1778 2142 ι
1825 2088 1956 2144 Exi-

371 2193 500 2262 guis
527 2200 709 2246 autem
742 2188 1026 2244 laboribus
1050 2201 1236 2241 rerum
1261 2184 1588 2241 eximiarum
1626 2195 1787 2252 posse
1838 2180 1955 2238 ﬁeri

366 2292 709 2354 compotem,
733 2281 964 2337 stultum
981 2288 1084 2341 est,
1118 2277 1334 2349 opinor,
1371 2275 1459 2334 vel
1487 2274 1752 2345 cogitare.
1780 2271 1957 2338 Quid?

372 2390 558 2430 nonne
581 2374 827 2432 omnium
875 2387 1062 2430 rerum
1097 2369 1568 2440 exoptatissimum
1600 2375 1686 2422 est
1717 2366 1954 2421 animam

375 2481 620 2531 servare,
656 2480 721 2522 ac
743 2479 844 2535 pro
864 2479 959 2520 sua
987 2476 1263 2533 quemque
1291 2460 1404 2516 vita
1430 2458 1716 2516 retinenda
1759 2457 1952 2513 decer-

374 2568 492 2612 tare
510 2558 535 2610 ?

449 2645 645 2701 PALL.
677 2645 909 2699 Maxume
946 2659 1099 2699 vero.

443 2739 601 2794 CYR.
627 2738 781 2791 Illam
801 2751 932 2791 vero
949 2736 1135 2806 εισι-ἰώ
1169 2734 1474 2788 claritatem
1497 2731 1699 2803 quibus
1731 2732 1953 2788 athletis

370 2829 671 2885 convenire
713 2828 946 2882 maxime
975 2835 1156 2896 putas,
1210 2838 1430 2880 rectene
1471 2836 1526 2881 et
1555 2827 1952 2882 exercitatione

371 2920 621 2975 adhibita
656 2918 1017 2981 certantibus,
1057 2929 1114 2972 et
1139 2917 1232 2986 qui
1261 2917 1502 2972 victoria:
1530 2919 1822 2972 maximam
1861 2933 1949 2973 ra-

372 3015 580 3068 tionem
601 3011 841 3076 habent;
870 3026 939 3064 an
975 3010 1062 3073 iis,
1095 3009 1188 3078 qui
1217 3010 1615 3080 jucundissime
1659 3010 1952 3080 voluptati-

373 3107 478 3162 bus
527 3104 802 3167 dillluunt,
839 3109 895 3156 et
922 3101 1255 3156 desidiosam
1297 3101 1466 3156 vitam
1521 3102 1742 3172 optimae
1787 3111 1951 3173 atque

359 3196 837 3271 ,prazstantissimaa
866 3192 1268 3265 praetulerunt?

2063 2095 2366 2168 κατορθοῦν
2413 2095 2483 2150 τὰ
2534 2095 2793 2166 ἐξαίρετα
2840 2093 2949 2148 τῶν
3007 2093 3370 2164 πραγμάτων,
3431 2091 3644 2162 ἀμαθὲς

2063 2187 2216 2262 οἶμαί
2243 2207 2366 2252 που,
2397 2189 2492 2244 καὶ
2533 2187 2594 2242 τὸ
2637 2189 2795 2257 μόνον
2831 2189 3051 2242 ἐννοεῖν.
3084 2187 3158 2240 ’Ἡ
3185 2187 3306 2258 οὐχὶ
3336 2185 3446 2239 τῶν
3469 2185 3646 2240 ἄλλων

2063 2284 2317 2337 ἁπάντων
2355 2282 2486 2352 ἡμῖν
2511 2281 2594 2334 ὅτι
2627 2279 2860 2351 μάλιστα
2887 2278 3325 2352 τιμαλφέστατον
3349 2280 3434 2351 εἴη
3465 2280 3550 2343 ἂν,
3580 2280 3644 2332 τὸ

2059 2376 2321 2429 διασῶσαι
2370 2375 2470 2446 τὴν
2515 2373 2722 2444 ψυχὴν,
2785 2374 2880 2427 καὶ
2932 2372 3034 2443 τῆς
3083 2372 3219 2437 ἰδίας
3269 2373 3642 2445 ὑπεραθλῆσαι

2062 2465 2233 2539 ζωῆςς

2132 2647 2338 2700 ΠᾹΛΛ.
2374 2645 2627 2700 Μάλιστά
2656 2661 2743 2712 γε.

2132 2737 2288 2791 ΚΥΡ.
2331 2738 2404 2790 Τὸ
2432 2738 2488 2790 δέ
2515 2737 2616 2808 ήδη
2650 2733 2949 2806 περιφανὲς
2979 2735 3037 2788 ἐν
3064 2734 3221 2806 δόξῃ,
3258 2734 3367 2787 τίσι
3411 2735 3643 2802 μάλιστα

2059 2831 2170 2884 τῶν
2203 2828 2453 2899 ἀθλητῶν
2489 2829 2647 2898 οἰήσῃ
2686 2827 2941 2898 πρέπειν,
2984 2826 3191 2896 πότερα
3230 2828 3344 2889 τοῖς
3391 2823 3642 2879 ἀθλοῦσιν

2059 2919 2236 2992 ὀρθῶς
2257 2919 2348 2972 καὶ
2374 2916 2763 2988 ἐξησκημένως
2784 2956 2799 2979 ,
2841 2916 2934 2969 καὶ
2973 2912 3054 2979 οἷς
3093 2916 3152 2969 ἐν
3176 2915 3318 2986 λόγῳ
3351 2914 3412 2968 τὸ
3443 2915 3639 2985 χρῆναι

2059 3013 2236 3084 νικᾷν,
2269 3010 2303 3079 ἢ
2336 3011 2449 3073 τοῖς
2473 3009 2548 3072 ὡς
2571 3009 2764 3079 ἥδιστα
2793 3008 3157 3080 διαχεομένοις
3193 3007 3272 3070 είς
3295 3004 3526 3078 τρυφάς,
3549 3006 3640 3058 καὶ

2058 3105 2158 3176 τὴν
2194 3105 2252 3158 ἐν
2280 3101 2531 3174 ῥᾳστώνῃ
2559 3099 2724 3172 ζωὴν,
2759 3103 2858 3170 τῆς
2884 3099 3114 3171 ἀρίστης
3146 3098 3576 3170 ἁνθῃρημένοιςς

443 3289 638 3346 PALL.
684 3247 933 3355 Quonam
981 3286 1147 3341 modo
1203 3300 1359 3350 vero,
1413 3293 1509 3340 aut
1553 3283 1826 3340 undenam
1849 3283 1954 3340 du-

2131 3280 2339 3333 ῙῙΑΛΛ.
2373 3277 2484 3332 Καὶ
2515 3275 2664 3342 πῶς,
2697 3277 2730 3347 ἢ
2763 3276 2927 3330 πόθεν
2971 3277 3295 3346 ἀμφίλογον,
3335 3276 3408 3341 ὡς
3441 3276 3644 3345 ἥκιστα

372 3385 526 3438 bium
548 3383 806 3452 cuiquam
839 3379 1014 3450 possit
1041 3393 1182 3442 esse,
1223 3379 1357 3448 quin
1382 3377 1607 3432 minime
1641 3377 1708 3432 iis
1753 3392 1955 3431 conve-

375 3476 492 3530 niat
535 3476 779 3536 vincere,
824 3471 918 3541 qui
946 3469 1156 3524 desidia
1175 3469 1464 3533 laborant,
1506 3468 1601 3523 sed
1645 3468 1858 3538 aequius
1887 3468 1958 3524 sit

371 3567 602 3621 victoria
637 3564 803 3635 potiri
842 3562 936 3632 qui
975 3561 1272 3617 alacriores
1312 3560 1563 3616 fuerint?

441 3657 598 3712 CYR.
630 3656 769 3710 Num
797 3655 962 3726 igitur
984 3653 1251 3726 dicemus,
1290 3653 1392 3726 qui.
1418 3651 1704 3714 laboribus
1719 3649 1955 3706 multam

373 3747 606 3803 salutem
641 3745 901 3808 dixerint,
948 3723 1430 3810 remissioremque
1476 3740 1648 3794 vitam
1694 3753 1758 3793 ac
1796 3739 1956 3793 volu-

372 3851 624 3910 ptuosam
653 3837 883 3908 amplexi
913 3836 1042 3902 sint,
1075 3835 1182 3890 hoc
1218 3834 1396 3904 ipsum
1431 3832 1542 3888 illis
1575 3831 1763 3903 gloriae
1803 3830 1954 3886 futu-

373 3931 542 3987 rum?

443 4020 641 4076 PALL.
676 4019 897 4074 Minime
916 4034 1070 4073 vero.

439 4113 598 4167 ΟΥΕ.
643 4111 816 4182 Igitur
859 4124 1201 4180 consequens
1237 4118 1341 4174 est,
1367 4118 1428 4164 ut
1461 4110 1500 4165 ii
1530 4108 1694 4164 modo
1734 4106 1953 4162 laudem

373 4214 726 4282 mereantur,
773 4203 867 4282 qui
921 4203 1141 4280 labores
1198 4202 1561 4279 libentissime
1605 4201 1950 4278 suscipiunt;

373 4315 552 4370 neque
580 4280 698 4372 sine
729 4279 1027 4372 certamine
1075 4295 1361 4374 contingat
1386 4293 1662 4370 cuiquam
1711 4292 1954 4360 nominis

372 4391 612 4446 claritas.

444 4480 640 4536 PALL.
665 4480 742 4534 Ita
767 4492 1070 4549 congruere
1109 4475 1346 4531 videtur.

649 4521 820 4626 Recta
862 4521 1047 4640 igitur,
1103 4566 1332 4630 Palladi,
1387 4566 1455 4620 ad
1512 4521 2029 4655 res,laudandas.D

2061 3372 2160 3442 μὲν
2192 3370 2253 3424 τὸ
2281 3371 2438 3441 νικᾷν
2469 3369 2671 3440 πρέποι
2706 3369 2772 3423 ἂν
2807 3371 2920 3432 τοῖς
2945 3369 3328 3441 ἡρῤωστηκόσι
3367 3370 3429 3423 τδ
3474 3369 3644 3442 ρᾳθυ-

2060 3467 2201 3535 μεῖν,
2227 3465 2288 3518 τό
2313 3481 2377 3532 γε
2409 3463 2516 3534 μὴν
2537 3462 2794 3517 δύνασθαι
2817 3459 3039 3534 κρατεῖν
3057 3465 3168 3527 τοῖς
3193 3464 3642 3535 ἐπιεικεστέρας

2071 3672 2075 3674 ·
2127 3651 2292 3705 ΚΥΡ.
2333 3649 2445 3722 Ἆρ’
2490 3641 2582 3704 οὗν
2615 3648 2848 3720 ἐροῦμεν
2885 3649 2960 3712 ὡς
2990 3649 3086 3703 καὶ
3118 3651 3384 3720 προσήκοι
3415 3651 3492 3713 είς
3547 3650 3642 3702 εὐ-

2057 3742 2242 3807 κλείας
2270 3742 2500 3812 δύναμιν
2530 3741 2591 3795 τὸ
2611 3742 2800 3813 χρῆμα
2833 3743 3034 3805 αὐτοῖς,
3067 3742 3341 3812 ἐρρῶσθαι
3373 3742 3470 3813 μὲν
3503 3742 3646 3812 φρά-

2059 3855 2211 3891 σουσι
2235 3837 2295 3890 τὸ
2329 3836 2529 3908 χρῆναι
2563 3837 2767 3902 πονεῖν,
2798 3835 2924 3905 τόγε
2969 3836 3078 3907 μὴν
3107 3835 3350 3890 ἀνεῖσθαι
3388 3835 3482 3889 καὶ
3510 3853 3643 3906 τρυ-

2058 3931 2164 4001 φᾷν
2192 3929 2488 4000 ἑλομένοις.

2128 4020 2336 4073 ΠΑΛΛ.
2379 4019 2455 4072 Οὐ
2496 4018 2594 4089 μὲν
2623 4013 2737 4074 οὖν.

2127 4112 2296 4165 ΚΥΡ.
2335 4110 2561 4179 Ἕψεται
2590 4109 2655 4180 δὴ
2683 4105 2777 4164 οὖν
2806 4111 2919 4174 τοῖς
2948 4110 3032 4165 ὅτι
3064 4110 3299 4183 μάλιστα
3341 4110 3642 4179 φιλοπονω-

2055 4205 2257 4269 τάτοις,
2289 4203 2352 4256 τὸ
2383 4203 2687 4275 εὐδοκιμεῖν
2718 4202 2812 4256 καὶ
2839 4202 3066 4272 ἀγώνων
3092 4205 3214 4274 δίχα
3242 4201 3640 4276 κατορθώσειεν

2055 4295 2122 4366 ἂν
2150 4295 2326 4360 οὐδεὶς
2342 4295 2402 4350 τὸ
2424 4291 2564 4358 εἶναι
2599 4295 2923 4366 περιφανής.

2125 4466 2332 4534 ΠΑΛΛ.
2369 4467 2628 4539 ’Λραρεν.

2137 4559 2302 4614 ΚΥΡ.
2364 4560 2525 4616 ’ἰτέον
2577 4560 2638 4631 δὴ
2690 4556 2805 4628 οῦν,
2857 4560 3152 4626 Παλλάδιε,
3203 4562 3323 4615 κατ’
3353 4562 3482 4617 εὐθὺ
3532 4562 3642 4617 τῶν

373 4678 603 4736 pergere
639 4668 892 4731 oportet;
945 4675 1010 4713 ac
1051 4656 1387 4721 fortitudini,
1421 4671 1543 4726 quae
1586 4654 1653 4708 ad
1691 4653 1952 4707 virtutem

2061 4651 2483 4721 ἐπαινουμένων,
2512 4652 2606 4706 καὶ
2631 4652 2884 4724 ἀνδρείας
2912 4654 3012 4726 τῆς
3043 4655 3122 4718 είς
3155 4655 3356 4727 ἀρετὴν
3377 4657 3644 4727 ἐπιμελη-

370 4756 569 4818 tcndit,
599 4750 1070 4822 magnitudinique
1096 4749 1266 4802 animi
1297 4747 1378 4801 illi
1400 4745 1704 4802 excellenti.
1728 4745 1956 4803 studen-

374 4845 504 4898 dum
531 4851 634 4904 est,
676 4854 840 4910 quam
873 4839 1162 4909 Scriptura
1202 4835 1470 4891 divinitus
1509 4834 1772 4904 inspirata
1817 4835 1958 4890 solet

373 4933 654 4997 admirari,
698 4943 755 4988 et
791 4947 912 5002 quae
951 4939 1267 4986 sanctorum
1312 4927 1558 4982 virorum
1606 4928 1804 4982 animis
1870 4927 1952 4982 fa-

375 5025 602 5080 miliaris
650 5032 707 5078 et
744 5023 918 5078 amica
963 5029 1066 5076 est.
1099 5019 1288 5088 Itaque
1325 5018 1410 5072 vir
1449 5018 1540 5072 ille
1594 5018 1950 5073 admirandus

372 5113 565 5178 David,
599 5114 720 5184 ejus
740 5112 963 5166 virtutis
984 5107 1262 5164 studiosos
1287 5108 1694 5178 alloquebatur,
1717 5108 1906 5165 dicens
1929 5127 1944 5162 :

380 5230 396 5259 ι
429 5207 670 5262 Viriliter
693 5207 858 5276 agite,
894 5212 949 5258 et
971 5204 1312 5260 confortetur
1342 5217 1436 5257 cor
1460 5209 1727 5261 vestrum.
1757 5218 1950 5258 omnes

373 5301 465 5371 qui
488 5301 722 5371 speratis
745 5299 801 5351 in
833 5296 1065 5351 Domino
1085 5295 1151 5350 "'.
1197 5315 1214 5348 ι
1242 5297 1583 5366 Ettanquam
1624 5295 1947 5366 hocipsum,

371 5401 426 5446 et
453 5391 677 5462 quidem
704 5403 815 5460 prae
835 5387 1046 5442 caeteris
1073 5388 1435 5458 praestitisset,
1467 5387 1583 5458 ipse
1629 5386 1698 5441 de
1739 5401 1797 5440 se
1839 5400 1951 5439 ma-

375 5482 567 5551 gniﬁce
597 5480 860 5550 loquitur,
879 5477 1030 5533 etait
1061 5494 1073 5530 :
1119 5496 1136 5528 ι
1164 5477 1428 5532 Dominus
1453 5473 1784 5530 illuminatio
1805 5487 1948 5537 mea,

375 5587 432 5632 et
469 5576 616 5631 salus
653 5589 812 5638 mea;
857 5587 1022 5641 quem
1070 5571 1316 5626 timebo?
1360 5569 1628 5625 Dominus
1669 5576 1952 5638 protector

375 5665 499 5722 vita:
543 5665 703 5735 108
727 5678 879 5728 mem,
910 5679 940 5718 a
967 5680 1077 5733 quo
1115 5661 1402 5730 trepidabo
1433 5660 1522 5714 “‘1
1567 5679 1585 5710 ι
1627 5658 1950 5713 Innumera-

2057 4743 2198 4812 τέον,
2232 4744 2491 4814 εὐψυχίας
2509 4762 2575 4814 ,τε
2597 4745 2700 4816 τῆς
2723 4746 2863 4815 ἄγαν
2887 4747 2980 4800 καί⁵
3007 4746 3460 4818 τεθαυμασμένης
3490 4751 3645 4819 παρά.

2055 4849 2116 4886 τε
2135 4835 2201 4905 τῇ
2228 4834 2569 4906 θεοπνεύστῳ
2589 4835 2805 4908 Γραφῇ,
2827 4837 3040 4906 καὶτῆς
3057 4837 3335 4909 ἐντριὸοῦς
3357 4840 3452 4892 καὶ
3482 4839 3644 4908 φίλης

2055 4926 2166 4981 τῶν
2201 4926 2372 4992 ἁγίων
2399 4925 2618 4997 ψυχαῖς.
2659 4929 2948 5000 Τοιγάρτοι
2979 4929 3074 4982 καὶ
3103 4928 3132 4980 ὁ
3161 4928 3447 4993 θεσπέσιος
3478 4929 3645 4983 Δαόὶδ

2056 5020 2136 5081 είς
2165 5017 2324 5071 τοῦτο
2349 5018 2748 5074 διανενευκόσιν
2777 5016 2835 5074 εὖ
2867 5019 3034 5092 μάλα,
3073 5020 3415 5092 προσεφώνει
3441 5021 3638 5090 λέγων’

2063 5128 2082 5160 ι
2145 5109 2485 5179 Ἀνδρίζεσθε
2512 5151 2526 5174 ,
2561 5109 2657 5162 καὶ
2707 5109 3086 5181 κραταιούσθω
3127 5112 3161 5181 ἡ
3217 5111 3416 5182 καρδία
3462 5111 3643 5180 ὑμῶν,

2057 5201 2258 5264 πάντες
2288 5202 2338 5254 ot
2371 5200 2680 5265 ἐλπίζοντες
2713 5202 2805 5256 ἐπὶ
2853 5202 3077 5272 Κύριον.
3121 5222 3140 5256 ι
3186 5201 3275 5266 Ὠς
3314 5203 3369 5256 δὲ
3410 5203 3539 5256 αὐτὸ
3575 5204 3640 5274 δὴ

2049 5295 2201 5347 τουτὶ
2250 5294 2344 5348 καὶ
2394 5295 2501 5365 πρό
2542 5312 2606 5364 γε
2654 5296 2762 5350 τῶν
2807 5294 2984 5350 ἄλλων
3022 5296 3439 5367 κατωρθωκὼς,
3475 5298 3642 5361 αὐτὸς

2053 5385 2233 5457 ἐαυτῷ
2281 5386 2642 5455 σεμνύνεται,
2695 5385 2790 5440 καί
2823 5403 2988 5457 φησι·
3051 5405 3067 5436 ι
3118 5388 3324 5458 Κύριος
3357 5388 3640 5459 φωτισμὸς

2053 5495 2156 5548 μου
2201 5479 2297 5532 καὶ
2355 5479 2547 5551 Σωτήρ
2596 5494 2734 5548 μου,
2789 5479 2910 5532 τίνα
2960 5479 3381 5551 φοϐηθήσομαι;
3434 5479 3640 5551 Κύριος

2050 5568 2462 5640 ὑπερασπιστὴς
2491 5571 2589 5640 τῆς
2614 5570 2761 5640 ζωῆς
2790 5588 2914 5641 μου,
2947 5569 3056 5624 ἀπὸ
3101 5569 3246 5634 τίνος
3275 5570 3527 5625 δειλιάσω
3551 5589 3564 5633 ;
3615 5590 3633 5622 ι

2049 5657 2236 5730 Μύρια
2265 5659 2374 5730 γὰρ
2406 5659 2506 5713 ὅσα
2547 5661 2676 5731 περὶ
2729 5663 2884 5733 ἡμᾶς
2914 5661 2983 5718 τὰ
3030 5661 3303 5717 σκάνδαλα
3324 5702 3339 5730 ,
3373 5661 3638 5734 κρείττων

449 5841 498 5874 ⁸⁸
515 5841 807 5912 Εριιεε.γι,
837 5843 920 5897 10.
1000 5844 1042 5875 ⁸⁷
1084 5845 1245 5898 Prov.
1271 5857 1380 5907 xvi,
1423 5841 1512 5895 26.
1591 5839 1637 5876 ⁸⁸
1658 5839 1800 5895 Psal.
1840 5853 1955 5893 xxx

2057 5840 2108 5895 5.
2177 5839 2395 5896 "Psal.
2435 5857 2582 5910 xxvi,
2619 5841 2678 5899 1.
