4096 6458
458 459 569 518 305

1211 461 1301 516 DE
1336 457 1789 517 ADORATIONE
1827 456 1897 514 IN
1938 454 2212 514 SPIRITU
2243 458 2332 514 ΕΤ
2374 461 2744 518 VERITATE.
2770 463 2915 519 ‘LI'B.
2956 464 3045 521 IV.
3110 480 3113 483 '

3654 467 3755 522 306

458 578 541 646 δὲ,
564 571 743 649 οἶμαι,
782 576 985 642 παντὸς
1010 575 1247 649 ἀριθμοῦ
1275 576 1484 650 πληθὺς
1509 575 1807 647 δαιμονίων
1835 591 2063 647 κατερε-

2166 575 2299 631 bilia
2328 594 2567 650 namque
2598 583 2857 639 scandala
2887 598 2986 639 nos
3010 584 3381 640 circumstant
3408 602 3420 639 ε
3458 587 3631 642 vincit
3660 604 3757 643 au-

458 666 605 733 θίζει
633 667 774 739 πρὸς
804 668 1101 741 ἁμαρτίαν,
1128 668 1224 722 κοιλ⁸
1251 667 1481 740 προσέτι
1507 666 1618 721 τῶν
1650 663 1908 737 ἐμφύτων
1934 664 2061 736 ἠδο-

456 759 569 814 νῶν
593 761 698 814 οὐκ
744 761 982 833 ἀγεννὴς
1035 761 1321 833 ἀγριότης,
1367 759 1805 833 φιλοχρηματίαι
1850 775 1911 812 τε
1967 757 2063 812 καὶ

453 850 768 920 ἁλαζονίαι,
801 853 896 909 καὶ
945 854 997 907 ot
1030 853 1194 925 φόνου
1225 852 1471 924 γείτονες
1500 851 1901 924 ἐπισκήπτουσι
1933 848 2065 921 φθόι

454 963 561 1014 vat,
614 949 774 1019 μῖσος
810 934 908 1001 καὶ
961 946 1291 1003 καταλαλιαὶ
1308 986 1324 1013 ,
1380 945 1477 1001 καὶ
1519 945 1572 999 τί
1613 944 1723 1015 γὰρ
1771 942 1897 1015 οὐχὶ
1951 941 2064 997 τῶν

455 1039 668 1110 ὁμοίων
696 1039 908 1095 κακῶν.
953 1039 1093 1095 Ἀλλ’
1116 1041 1166 1094 οἱ
1196 1040 1297 1112 μὲν
1323 1038 1537 1095 εὔκολοι
1564 1039 1705 1111 πρὸς
1733 1035 2064 1108 ἀπαγωγὴν,

455 1133 573 1187 οὐδ’
605 1133 731 1188 ὅσον
756 1135 933 1189 εἰπεῖν
964 1132 1058 1188 τοῦ
1097 1134 1300 1206 χρῆναι
1336 1131 1602 1202 γενναίως
1643 1130 1713 1185 τὰ
1763 1127 1952 1184 τοιάδε
1986 1128 2067 1182 δι-

456 1227 713 1294 ενεγκεῖν
757 1226 919 1298 ἄκρῳ
962 1226 1106 1297 τάχα
1157 1241 1262 1280 που
1312 1223 1562 1294 δακτύλῳ
1587 1221 2061 1295 προσψαύσοντες,

455 1320 701 1393 ἀμελητὶ
735 1320 798 1375 τὺ
837 1320 997 1392 νικᾷν
1020 1318 1355 1393 άπονέμοντι
1396 1318 1512 1381 τοῖς
1551 1316 1788 1388 ἐχθροῖς,
1820 1312 2075 1368 σευτλίον,

456 1413 753 1484 ήμίεφθον,
788 1411 932 1468 κατὰ
960 1410 1060 1485 τὴν
1082 1410 1178 1469 τοῦ
1208 1411 1491 1484 προφήτου
1520 1406 1727 1479 φωνὴν,
1753 1403 1919 1460 οἱονεί
1946 1421 2063 1468 πως

455 1506 542 1568 εἰς
569 1503 678 1575 γῆν
708 1502 1057 1575 ἐρριμμένοι,
1092 1503 1188 1558 καὶ
1213 1501 1421 1579 ἀμαχεὶ
1446 1500 1651 1574 τρόπον
1676 1497 1800 1555 τινὰ
1821 1499 1936 1562 τοῖς
1962 1495 2063 1567 τῆς

454 1594 799 1665 φαυλότητος
811 1592 1244 1668 ὑπενηνεγμένοι
1258 1592 1440 1648 ποσίν.
1454 1592 1520 1648 Oi
1535 1591 1592 1645 δὲ
1608 1587 1887 1662 φιλάρετοί
1897 1604 1958 1642 τε
1969 1587 2063 1641 καὶ

452 1686 892 1758 ἀγαθοὶ,καὶτῆς
905 1686 1116 1743 ἄνωθεν
1131 1686 1413 1759 ἐφιέμενοι
1429 1684 1610 1756 δόξης,
1624 1683 1769 1756 ζωῆς
1787 1700 1847 1738 τε
1864 1681 1965 1754 τῆς
1980 1682 2069 1746 εἰς.

451 1779 638 1849 αἰῶνα
667 1778 998 1850 μεταλαχεῖν
1019 1777 1338 1849 γλιχόμενοι
1354 1816 1370 1843 ,
1393 1776 1750 1847 γενναιότατα
1764 1775 1866 1828 καὶ
1886 1773 2065 1828 εὐτολο

454 1869 678 1939 μότατα
685 1871 805 1934 ταῖς
813 1868 925 1923 τῶν
940 1868 1088 1923 ίδίων
1100 1867 1290 1923 παθῶν
1305 1867 1700 1932 ὑπαντιάζουσι
1712 1863 2069 1939 προσϐολαῖς,

450 1960 934 2033 κατανεκροῦντες
973 1960 1072 2032 τὴν
1102 1960 1307 2033 σάρκα,
1330 1961 1427 2015 καὶ
1466 1960 1578 2014 τῶν
1615 1961 1675 2014 ὲν
1705 1959 1845 2032 αὐτῇ
1881 1976 1940 2012 τε
1969 1956 2063 2012 καὶ⁴
2092 1939 2138 1997 Β

446 2055 518 2124 ἐξ
545 2054 719 2126 αὐτῆς
742 2053 1264 2126 κατεξανιστάμενοι
1293 2055 1633 2127 κινημάτων.
1654 2052 1844 2127 Ταύτῃ
1863 2068 1946 2106 τοι
1968 2052 2064 2106 καὶ

445 2151 572 2203 πᾶν
600 2145 744 2213 εῐδος
772 2147 1110 2221 φαυλότητός
1137 2166 1200 2202 τε
1231 2151 1326 2204 καὶ
1344 2149 1632 2222 ἁμαρτίας
1668 2147 2062 2220 εὐτεχνέστατα

447 2239 917 2314 παρωθούμενοι,
942 2241 1044 2314 τὴν
1074 2242 1227 2314 ίεράν
1263 2242 1363 2296 καὶ
1398 2241 1705 2315 ἀμώμητον
1734 2238 2063 2313 κατορθοῦσι

445 2335 629 2408 ζωὴν,
658 2328 741 2400 οἷς
769 2336 870 2390 καὶ
894 2337 926 2389 ό
959 2334 1250 2400 θεσπέσιος
1283 2333 1501 2400 Παῦλος
1533 2319 1797 2403 ἐπιφωνεϊ
1816 2376 1832 2400 ,
1862 2332 2058 2402 λέγων’

452 2449 475 2484 ε
514 2428 695 2501 Στῆτε
724 2423 819 2484 οὖν
850 2426 1292 2502 περιζωσάμενοι
1331 2427 1430 2500 τὴν
1453 2426 1624 2497 ὀσφὺν
1658 2424 1814 2498 ὑμῶν
1836 2425 1895 2478 ὲν
1922 2424 2060 2497 ἀληο

446 2521 605 2596 θείᾳ,
640 2522 741 2576 καὶ
771 2519 1131 2592 ἐνδυσάμενοι
1159 2519 1252 2575 τὸν
1290 2517 1521 2591 θώρακα
1552 2516 1654 2590 τῆς
1688 2515 2062 2587 δικαιοσύνης,

446 2612 554 2668 καὶ
582 2612 989 2685 ὑποδησάμενοι
1016 2611 1145 2676 τοὺς
1172 2610 1341 2675 πόδας
1362 2610 1424 2664 ὲν
1446 2606 1737 2681 ἑτοιμασίᾳ
1762 2606 1856 2663 τοῦ
1881 2608 2064 2678 Εὐαγ-

445 2705 645 2774 γελίου
678 2704 778 2778 τῆς
815 2704 1076 2778 εἰρήνης’
1111 2702 1207 2757 ἐπὶ
1238 2704 1405 2757 πᾶσιν
1443 2700 1808 2764 ἀναλαϐόντες
1838 2699 1931 2755 τὸν
1968 2699 2063 2755 θυ-

451 2797 583 2870 ρεὸν
618 2798 722 2869 τῆς
764 2797 1007 2861 πίστεως
1029 2837 1045 2863 ,
1080 2797 1139 2850 ὲν
1181 2788 1227 2865 ᾧ
1254 2790 1557 2867 δυνήσεσθε
1607 2793 1788 2849 πάντα
1828 2792 1902 2848 τὰ
1931 2791 2061 2866 βέλη

446 2887 550 2942 τοῦ
595 2885 838 2960 πονηροῦ
880 2886 953 2941 τὰ
999 2886 1382 2959 πεπυρωμένα
1430 2884 1644 2939 σϐέσαι.
1690 2904 1709 2938 ι
1753 2876 2064 2957 Παντευχία

447 2979 565 3050 γὰρ
612 2981 648 3050 ἡ
696 2978 1046 3053 πνευματικὴ
1088 2981 1203 3043 τοῖς
1253 2977 1433 3047 ἁγίοις
1482 2975 1946 3050 πρεπωδεστάτη,
1993 2972 2064 3048 ἧς

449 3069 710 3139 ἐφίεσθαι
730 3071 840 3125 δεῖν
863 3072 1034 3144 ἡμᾶς,
1058 3070 1107 3125 εί
1130 3070 1226 3124 καὶ
1247 3068 1370 3123 καθ’
1391 3069 1580 3141 ἕτερον
1599 3068 1822 3139 τρόπον,
1842 3067 2061 3124 κελεύει

447 3163 498 3215 δ’
534 3157 631 3218 οὖν
675 3165 830 3234 ὅμως
879 3163 976 3218 καὶ
1017 3162 1184 3227 αὐτὸς
1229 3163 1259 3215 ὁ
1291 3161 1515 3234 Σωτήρ·
1570 3179 1590 3213 ι
1631 3148 1919 3215 Ἔστωσαν
1951 3160 2060 3233 γὰρ

450 3254 615 3326 ὑμῶν
647 3258 703 3310 αἱ
737 3255 961 3325 ὀσφύες,
1006 3256 1165 3326 φησὶ,
1202 3251 1667 3324 περιεζωσμέναι,
1695 3251 1792 3306 καὶ
1819 3252 1890 3306 τὰ
1920 3251 2060 3306 ὑπο-

2165 3260 2283 3310 tere
2304 3254 2473 3311 etiam
2529 3256 2648 3327 ipse
2699 3257 2954 3315 Salvator
2994 3280 3009 3317 :

447 3346 676 3416 δήματα
697 3346 756 3400 ὲν
779 3349 894 3411 τοῖς
922 3347 1084 3402 ποσὶν
1104 3347 1282 3419 ὑμῶν,
1306 3346 1401 3401 καὶ
1422 3347 1479 3401 οἱ»
1491 3347 1679 3419 λύχνοι
1707 3347 2008 3419 καιόμενοι·
2034 3366 2056 3402 ι

450 3438 516 3493 τὸ
549 3438 650 3511 μὲν
676 3439 916 3504 εὕζωνόν
937 3457 997 3494 τε
1035 3440 1130 3494 καὶ
1152 3439 1319 3495 οἱονεί
1347 3456 1452 3494 που
1485 3439 1939 3511 συνεσταλμένον,
1967 3441 2064 3496 ἐπὶ

449 3531 515 3585 τὸ
547 3534 752 3604 χρῆναι
777 3532 1081 3604 τληπαθεῖν
1112 3532 1255 3605 ὑπέρ
1294 3550 1359 3603 γε
1404 3531 1502 3587 τοῦ
1548 3532 1756 3603 ἀγαθοῦ
1777 3573 1792 3597 ,
1828 3534 1924 3589 καὶ
1961 3535 2064 3604 τῆς

452 3624 540 3688 είς
567 3623 705 3679 Θεὸν
733 3625 991 3696 ἀγάπης,
1032 3625 1127 3680 τοῦ
1157 3625 1449 3693 διεζῶσθαι
1493 3627 1852 3699 σημαίνοντος
1870 3644 1885 3658 ·
1920 3627 1988 3681 τὸ
2016 3627 2062 3682 δ’

450 3716 724 3788 εὐτρεπές
752 3734 812 3771 τε
841 3719 935 3773 καὶ
970 3718 1286 3790 πρόθυμον,
1327 3721 1408 3783 είς
1438 3718 1540 3791 τὴν
1574 3719 1683 3774 ἀπὸ
1713 3720 1809 3774 τοῦ
1852 3718 2062 3791 κόσμου

453 3811 831 3876 κατάστασιν,
863 3810 962 3865 τοῦ
995 3810 1352 3866 ύπώεδὲσθαι
1384 3811 1513 3876 τοὺς
1549 3811 1737 3877 πόδας,
1761 3811 1837 3877 ὼς
1860 3811 2062 3867 αὐτίκα

451 3902 517 3974 δὴ
553 3903 702 3974 μάλα
735 3903 1145 3975 βαδιουμένους,
1176 3899 1340 3976 οἷπερ
1370 3903 1438 3958 ἂν
1469 3902 1622 3977 ἡμᾶς
1674 3905 1703 3958 ό
1742 3903 1886 3970 θεῖος
1924 3904 2062 3959 ἰέναι

455 3993 704 4064 βούλοιτο
738 3993 939 4065 νόμος·
989 3995 1053 4049 τὸ
1094 3994 1154 4049 δὲ
1204 3994 1458 4050 καίεσθαι
1507 3995 1636 4060 τοὺς
1662 3994 1893 4065 λύχνους
1913 4036 1930 4063 ,
1963 3994 2059 4049 τοῦ

455 4086 536 4159 μὴ
570 4086 648 4151 ὡς
672 4088 733 4140 ὲν
762 4086 947 4142 σκότει
982 4074 1042 4141 τε
1071 4086 1171 4141 καὶ
1198 4086 1413 4159 ἀμαθίᾳ
1436 4086 1541 4159 ζῇν
1570 4084 1860 4157 ἀνέχεσθαί
1884 4102 2059 4153 τινας,

452 4179 513 4233 ἐν
542 4179 687 4248 φωτὶ
706 4177 765 4232 δὲ
794 4178 1000 4250 μᾶλλον
1025 4177 1109 4250 τῷ
1132 4177 1224 4232 διὰ
1246 4176 1488 4251 Χριστοῦ
1516 4177 1618 4249 τὴν
1639 4179 1719 4242 είς
1748 4180 1858 4232 πᾶν
1876 4176 2061 4232 ὁτιοῦν

452 4271 567 4329 τῶν
621 4271 1098 4345 τεθαυμασμένων
1148 4271 1424 4327 ποιεῖσθαι
1474 4270 1725 4343 πορείαν.
1786 4269 2063 4333 Ἰουδαίοις

455 4363 561 4434 μὲν
593 4365 662 4417 ὲκ
705 4362 1136 4436 φρενοϐλαϐείας
1183 4362 1345 4418 τοῦτο
1373 4362 1507 4435 δρᾷν
1553 4362 1656 4417 οὐκ
1687 4362 2057 4434 ἀνεχομένοις,

453 4454 806 4527 προσεφώνει
840 4456 1113 4530 Χριστός·
1156 4474 1176 4509 ι
1218 4457 1368 4519 Ἕως
1409 4454 1471 4509 τὸ
1498 4453 1617 4524 φῶς
1646 4454 1800 4527 ἔχετε
1824 4472 2063 4528 περιπα-

452 4549 601 4601 τεῖτε
641 4548 702 4602 ὲν
733 4547 813 4619 τῷ
845 4548 1008 4617 φωτὶ,
1053 4548 1144 4604 ἵνα
1178 4547 1255 4620 μὴ
1288 4547 1477 4601 σκοτία
1512 4547 1657 4618 ὑμᾶς
1690 4547 1994 4620 καταλάϐῃ.
2036 4567 2056 4600 ι

2166 674 2300 733 tem,
2345 672 2407 724 ut
2450 672 2684 743 opinor,
2729 691 3024 731 numerum
3070 690 3291 732 omnem
3360 678 3757 736 daemoniorum

2165 761 2637 836 multitudo,‘quae
2664 783 2767 823 nos
2787 768 2855 824 ad
2891 770 3233 839 peccandum
3262 770 3449 828 irritat
3477 791 3488 825 :
3536 772 3605 827 ad
3640 773 3759 829 haec

2166 855 2458 911 insitarum
2488 857 2545 912 in
2564 858 2741 922 nobis
2773 860 3116 932 voluptatum
3163 863 3480 921 immanitas
3526 867 3756 923 minime

2164 947 2431 1018 vulgaris,
2481 948 2735 1016 avaritia,
2777 951 3083 1021 jactantia,
3131 953 3337 1009 invidia
3386 970 3501 1011 non
3537 958 3698 1029 longe
3726 974 3758 1013 a

2165 1037 2314 1094 caede
2333 1047 2572 1105 remota,
2600 1039 2999 1112 odia‘quoque,
3021 1051 3083 1098 et
3100 1044 3477 1103 detractiones
3507 1048 3754 1112 irruunt,

2164 1136 2475 1202 ceteraque
2504 1131 2775 1203 ejusmodi
2792 1133 2947 1189 vitia.
2984 1133 3089 1202 Qui
3124 1135 3292 1207 igitur
3336 1148 3464 1194 sunt
3494 1141 3667 1205 leves,
3692 1157 3759 1195 ac

2162 1233 2285 1276 sese
2315 1218 2477 1278 facile
2500 1219 2702 1276 abduci
2746 1221 2957 1289 sinunt,
2990 1240 3118 1279 cum
3160 1240 3231 1281 ne
3261 1227 3493 1283 summis
3531 1228 3758 1299 quidem

2163 1311 2372 1385 digitis,
2401 1313 2552 1384 quod
2590 1314 2862 1370 adversus
2905 1316 3180 1388 ejusmodi
3222 1318 3357 1374 vitia
3411 1321 3716 1393 suscipitur
3739 1363 3754 1387 ,

2163 1415 2447 1463 certamen
2475 1407 2770 1479 attingant,
2812 1408 2949 1464 nihil
2999 1411 3222 1476 morati,
3270 1412 3563 1468 victoriam
3610 1413 3757 1470 hosti

2163 1497 2475 1555 concedunt
2554 1499 2720 1572 (betae
2767 1500 2943 1558 instar
2995 1501 3372 1575 semicoctae),
3418 1506 3574 1576 juxta
3624 1521 3751 1577 pro-

2162 1589 2344 1661 pheta:
2364 1605 2579 1658 vocem,
2615 1591 2672 1648 in
2720 1601 2925 1649 terram
2962 1594 3189 1667 abjecti,
3222 1611 3291 1651 ac
3338 1596 3477 1652 citra
3516 1613 3761 1669 pugnam

2162 1681 2571 1752 quodammodo
2623 1685 2728 1740 sub
2766 1685 3028 1757 nequitiae
3060 1686 3309 1757 pedibus
3366 1690 3647 1759 prostrati.
3692 1688 3765 1744 At

2162 1789 2300 1830 vero
2333 1774 2562 1832 virtutis
2594 1785 2893 1844 amatores,
2934 1794 3001 1834 ac
3036 1778 3199 1850 probi
3238 1779 3370 1846 ‘viri,
3403 1781 3612 1852 quique
3643 1797 3760 1838 coe-

2162 1867 2360 1924 lestem
2396 1868 2548 1924 illam
2572 1870 2803 1942 gloriam
2835 1879 3121 1942 exoptant,
3155 1872 3393 1944 vitaeque
3434 1873 3585 1929 illius
3603 1883 3765 1931 aeter-

2164 1974 2251 2016 nae
2287 1961 2592 2033 participes
2630 1977 2762 2019 esse
2810 1963 3068 2035 cupiunt,
3125 1964 3353 2022 fortiter
3425 1981 3492 2022 ac
3536 1975 3765 2025 strenue

2163 2052 2683 2123 perturbationibus
2723 2056 3069 2113 irruentibus
3114 2066 3438 2125 occurrunt,
3481 2074 3609 2115 cum
3636 2076 3763 2116 car—

2164 2160 2294 2200 nem
2339 2145 2701 2214 mortificant,
2752 2148 3136 2220 adversusque
3180 2158 3369 2206 motus
3408 2166 3526 2217 eos,
3555 2150 3653 2222 qui
3704 2151 3773 2207 iit

2168 2238 2292 2310 ipsa
2340 2246 2400 2295 et
2427 2253 2498 2295 ex
2541 2239 2660 2312 ipsa
2691 2249 2845 2308 sunt,
2887 2241 3204 2314 insurgunt.
3239 2242 3432 2314 Itaque
3474 2244 3631 2300 omni
3660 2260 3762 2300 ne-

2164 2330 2355 2403 quitiae
2383 2346 2449 2387 ac
2470 2332 2685 2403 peccati
2711 2348 2915 2405 genere
2953 2348 3170 2389 summa
3209 2344 3326 2391 arte
3373 2343 3539 2407 atque
3592 2335 3763 2391 indu-

2164 2424 2297 2481 stria
2335 2424 2587 2497 depulso,
2605 2433 2852 2483 sanctam
2883 2434 3051 2497 atque
3075 2426 3228 2482 omni
3256 2427 3381 2483 labe
3413 2444 3642 2484 vacuam
3684 2428 3783 2484 vi——

2166 2526 2279 2573 tam
2302 2517 2572 2590 exigunt:
2602 2531 2746 2590 quos
2787 2517 2957 2573 etiam
2999 2516 3225 2574 divinus
3262 2517 3349 2573 vir
3390 2519 3597 2575 Paulus
3625 2520 3766 2576 allo-

2164 2608 2379 2681 quitur,
2409 2608 2604 2667 dicens
2632 2626 2648 2666 :
2678 2630 2698 2663 ‹
2741 2610 2895 2668 State
2921 2610 3090 2683 igitur
3114 2611 3384 2668 succincti
3428 2612 3650 2668 lumbos
3667 2629 3768 2669 ve-

2164 2711 2311 2762 stros
2352 2704 2411 2762 in
2456 2708 2715 2776 veritate,
2757 2716 2815 2766 et
2860 2707 3045 2765 induti
3112 2708 3345 2765 loricam
3387 2710 3653 2782 justitiae,
3709 2721 3769 2766 et

2163 2795 2391 2853 calceati
2427 2798 2601 2869 pedes
2646 2799 2701 2855 in
2742 2799 3201 2872 praeparationem
3250 2801 3533 2872 Evangelii
3574 2802 3726 2872 pacis
3748 2819 3773 2868 ς’

2164 2887 2233 2944 ad
2272 2888 2392 2946 haec
2414 2891 2603 2947 omnia
2617 2899 2903 2949 sumentes
2939 2903 3158 2950 scutum
3188 2893 3338 2961 fidei,
3375 2893 3433 2949 in
3463 2908 3576 2965 quo
3612 2885 3789 2965 pote-7

2164 2979 2288 3035 ritis
2324 2981 2513 3037 omnia
2558 2983 2669 3039 tela
2706 2983 3041 3055 nequissimi
3070 2985 3231 3057 ignea
3258 2984 3612 3056 exstinguere
3643 2984 3711 3039 ⁸ο.
3739 3004 3759 3036 ι

2162 3068 2460 3127 Armatura
2479 3087 2718 3144 namque
2755 3073 3060 3145 spiritualis
3100 3082 3321 3131 sanctos
3346 3074 3501 3130 viros
3524 3073 3783 3129 maxime-

2163 3161 2345 3231 decet,
2364 3180 2532 3236 quam
2561 3180 2684 3233 nos,
2708 3165 2815 3222 etsi
2836 3166 2954 3223 alio
2973 3167 3165 3235 modo,
3182 3167 3345 3240 jubet
3369 3176 3569 3224 tamen
3600 3182 3770 3238 expe-

3074 3279 3095 3312 ι
3138 3260 3261 3316 Sint
3316 3260 3507 3327 enim,
3561 3259 3764 3330 inquit,

2165 3345 2342 3402 lumbi
2373 3348 2544 3405 vestri
2574 3349 2884 3420 praecincti,
2923 3360 2982 3408 et
3003 3351 3177 3409 calcei
3199 3352 3255 3407 in
3280 3352 3522 3424 pedibus
3541 3351 3765 3417 vestris,

2165 3447 2226 3497 et
2262 3439 2508 3497 lucernae
2553 3441 2816 3499 ardentes
2850 3444 2906 3476 ’δ’
2943 3462 2957 3499 :
3016 3465 3036 3497 ι
3102 3443 3479 3517 praecingendi
3526 3459 3778 3515 namque-

2165 3533 2340 3590 verbo
2371 3532 2716 3606 significatur
2735 3538 3037 3605 accinctos,
3058 3554 3125 3595 ac
3150 3539 3323 3596 veluti
3353 3538 3587 3595 collecta
3606 3552 3767 3593 com-

2166 3640 2469 3696 pressaque
2515 3635 2668 3683 veste
2710 3629 3002 3700 expeditos
3053 3629 3122 3685 ad
3155 3630 3299 3686 mala
3330 3644 3434 3701 pro
3462 3629 3668 3684 virtute
3712 3634 3774 3682 et

2166 3719 2265 3775 Dei
2289 3719 2563 3776 charitate
2582 3721 2871 3778 toleranda
2890 3737 3015 3779 esse
3035 3731 3295 3795 oportere
3322 3741 3336 3776 :
3355 3721 3616 3794 subligati
3639 3735 3770 3778 vero

2166 3809 2337 3881 pedes
2364 3810 2614 3867 indicant
2656 3821 2880 3884 paratos
2926 3814 3255 3885 alacresque
3296 3813 3367 3869 ad
3417 3812 3770 3885 migrandum

2165 3917 2233 3958 ex
2254 3897 2362 3959 hoc
2395 3903 2625 3971 mundo,
2669 3913 2733 3961 ut
2779 3905 3191 3976 quamprimum
3241 3904 3590 3976 profecturos
3627 3921 3770 3975 quo-

2165 4011 2388 4068 cunque
2430 3996 2512 4052 ire
2564 3997 2816 4052 divinum
2872 3996 3166 4068 imperium
3211 3995 3480 4066 jusserit;
3526 3996 3772 4051 lucerna:

2165 4085 2405 4157 denique
2432 4086 2692 4143 ardentes
2722 4086 3054 4159 significant,
3091 4101 3201 4141 non
3248 4100 3373 4141 esse
3416 4085 3676 4155 cuiquam
3712 4086 3772 4140 in

2168 4175 2413 4232 tenebris
2459 4184 2627 4247 atque
2675 4177 2894 4233 inscitia
2933 4176 3255 4242 vivendum,
3308 4178 3406 4234 sed
3454 4176 3509 4233 in
3560 4174 3773 4233 Christi

2163 4266 2378 4324 lumine
2412 4267 2482 4323 ad
2518 4282 2586 4322 ea
2633 4267 2822 4347 omnia
2871 4282 2997 4339 qua:
3034 4266 3336 4324 laudabilia
3359 4275 3492 4325 sunt
3533 4278 3768 4325 conten-

2164 4360 2427 4417 dendum.
2490 4359 2709 4416 Iudaeos
2794 4359 2957 4433 109
3028 4358 3292 4430 quidem,
3350 4359 3499 4431 quod
3582 4370 3771 4416 essent

2164 4458 2360 4525 parum
2409 4467 2542 4508 sana
2597 4460 2785 4509 mente
2813 4492 2829 4517 ,
2886 4452 2940 4508 id
2990 4450 3170 4507 facere
3215 4460 3538 4507 recusantes
3573 4493 3588 4517 ,
3636 4452 3763 4507 allo-

2165 4546 2444 4619 quebatur
2461 4544 2736 4612 Christus,
2771 4564 2791 4598 ι
2825 4545 2967 4601 Dum
2985 4544 3189 4609 lucem,
3211 4543 3489 4615 inquiens,
3529 4544 3767 4609 habetis,

454 4634 673 4690 οὐκοῦν
719 4638 1011 4708 ἑτοιμότης
1039 4638 1121 4702 εἰς
1159 4635 1367 4710 ἀρετὴν
1402 4637 1500 4691 καὶ
1543 4636 1769 4708 ἀνδρεία
1805 4639 2064 4711 φρονήσει

2172 4638 2450 4695 ambulate
2503 4636 2558 4692 in
2619 4637 2767 4701 luce,
2818 4652 2891 4692 ne
2940 4651 3042 4692 vos
3105 4635 3349 4692 tenebrae
3399 4636 3761 4706 comprehen—

456 4727 907 4800 συνεζευγμένη,
938 4728 1195 4801 λαμπρὸν
1270 4729 1366 4784 καὶ
1397 4729 1693 4802 περίοπτον
1731 4731 2064 4804 ἀποφήνειεν

453 4817 525 4873 ἂν
559 4818 664 4890 τῆς
689 4820 976 4886 εὐσεϐείας
1002 4821 1096 4876 τὸν
1130 4822 1391 4895 ἐραστήν.

530 4994 749 5049 ΠΑΔΛ..
784 4988 861 5048 Εὖ
893 4993 1098 5064 λέγεις.

529 5087 701 5142 ΚΥΡ.
748 5088 825 5143 Οὐ
864 5087 976 5160 γὰρ
1001 5089 1062 5141 ὲν
1088 5086 1171 5159 τῷ
1209 5087 1460 5142 ἀνεῖσθαι
1498 5087 1710 5158 φιλεῖν,
1743 5087 1805 5142 τὸ
1849 5088 2069 5152 εὐκλεὲς

455 5180 802 5252 εὑρήσομεν·
833 5180 954 5236 ἀλλ’
975 5180 1139 5253 εἴπερ
1175 5178 1359 5251 ἱδροῦν
1381 5179 1561 5236 ἓλοιτό
1589 5199 1695 5247 τις,
1728 5180 1853 5236 τότε
1875 5181 1941 5255 δὴ
1969 5182 2068 5253 μό-

454 5272 545 5336 λις
581 5272 740 5327 ἔσται
786 5273 1045 5346 λαμπρός
1072 5292 1135 5329 τε
1170 5278 1267 5332 καὶ⁵
1302 5270 1758 5348 εὐδοκιμώτατος.
1788 5277 1900 5332 Καὶ
1938 5277 2071 5348 γοῦν

456 5367 812 5437 ποιουμένοις
841 5366 922 5421 ἔτι
951 5369 1049 5434 τὰς
1080 5368 1143 5423 ὲν
1174 5369 1439 5443 Αἰγύπτῳ
1474 5369 1760 5441 διατριϐὰς
1787 5370 1906 5434 τοῖς
1932 5374 2076 5436 υἱοῖς

467 5458 715 5531 Ἰσραὴλ,
745 5460 1004 5532 ἐφίστησι
1035 5461 1136 5532 μὲν
1164 5462 1464 5526 ἐπιστάτας
1495 5463 1606 5516 τῶν
1646 5462 1823 5534 ἔργων
1856 5460 2065 5529 δεινοὺς

457 5550 556 5603 καὶ
583 5552 821 5621 πικροὺς
841 5553 871 5606 ό
896 5551 1128 5624 βέϐηλος
1163 5552 1366 5626 Φαραώ
1390 5569 1404 5585 ·
1428 5554 1479 5607 ot
1507 5553 1582 5613 δὲ.
1613 5554 1715 5624 τὴν
1743 5553 2062 5625 ἀνεθέλητόν

454 5658 517 5694 τε
541 5641 733 5707 αὐτοῖς
752 5682 768 5707 ,
794 5644 890 5697 καὶ⁵
934 5643 1010 5707 ὡς
1035 5641 1097 5709 ἐξ
1131 5646 1379 5717 ἀνάγκης
1402 5646 1821 5718 ὲπερῤιμμένην
1861 5647 2055 5718 σκληρι

455 5733 711 5801 αγωγίαν
767 5734 1070 5805 γύμνασμα
1118 5736 1429 5809 ποιούμενοι
1486 5738 1621 5809 πρὸς
1659 5738 1718 5791 τὸ
1754 5738 2060 5811 τληπαοὲς,

2174 4732 2309 4788 dant
2328 4732 2397 4784 ".
2432 4749 2450 4782 ι
2480 4728 2710 4785 Pietatis
2733 4727 2900 4800 igitur
2928 4737 3232 4784 amatorem
3263 4727 3520 4783 alacritas
3553 4728 3620 4783 ad
3663 4730 3780 4783 vir-

2176 4830 2352 4880 tutem
2396 4820 2832 4892 capessendam,
2879 4836 2944 4875 ac
2990 4819 3262 4876 fortitudo
3300 4835 3427 4875 cum
3476 4820 3767 4890 prudentia

2175 4908 2469 4985 conjuncta
2512 4913 2723 4969 clarum
2752 4920 2918 4983 atque
2961 4911 3324 4982 conspicuum
3355 4911 3553 4968 reddit.

2245 5005 2444 5061 PALL.
2481 5003 2701 5075 Optime
2729 5000 2896 5059 dicis-

2241 5092 2400 5151 CYR.
2434 5088 2558 5150 Non
2602 5091 2753 5148 enim
2795 5090 3065 5148 dissoluta
3109 5089 3450 5158 remissaun
3494 5087 3602 5141 vita
3651 5088 3769 5158 ειυς

2170 5189 2308 5243 riam
2345 5185 2610 5256 consequi
2643 5182 2802 5250 licet;
2836 5182 2972 5254 quin
3006 5182 3210 5253 potius,
3242 5179 3459 5236 etiamsi
3493 5179 3770 5250 quispiam

2172 5279 2389 5337 labores
2438 5294 2504 5334 ac
2550 5277 2788 5334 sudores
2819 5274 3068 5347 perferre
3115 5272 3393 5337 statuerit,
3447 5273 3537 5328 vix
3588 5280 3773 5328 tamen

2175 5369 2523 5442 splendorem
2566 5367 2899 5438 laudemque
2940 5367 3211 5439 insignem
3256 5365 3611 5436 adipiscetur.
3664 5365 3772 5420 Ita—

2174 5483 2282 5538 que
2327 5462 2457 5520 ﬁliis
2486 5463 2676 5526 Israel,
2714 5477 2841 5516 cum
2876 5460 3060 5515 adhuc
3104 5460 3159 5515 in
3206 5452 3439 5533 EEgyp’lo
3482 5457 3768 5529 degerent,

2176 5557 2438 5630 imposuit
2484 5554 2708 5628 quidem
2759 5570 2990 5624 operum
3042 5553 3330 5624 praefectos
3370 5568 3565 5624 graves
3614 5566 3769 5604 acer—

2175 5646 2386 5719 bosque
2426 5645 2695 5718 profanus
2731 5644 2821 5698 ille
2863 5643 3076 5698 Pharao
3112 5662 3123 5695 :
3162 5652 3217 5697 at
3266 5640 3367 5709 iiIi,
3403 5643 3531 5714 quia
3577 5640 3771 5694 duram

2175 5739 2325 5794 illam
2358 5734 2577 5793 vivendi
2611 5736 2809 5808 legem,
2842 5734 3093 5806 quamvis
3129 5734 3317 5791 invitis
3351 5743 3408 5791 et
3440 5731 3775 5789 necessitate

536 5907 583 5941 '°
612 5909 821 5981 Ephes.
864 5926 938 5976 vi,
972 5911 1162 5967 14-16.
1240 5913 1281 5945 ἰ
1320 5912 1455 5970 Luc.
1490 5930 1585 5980 xu,
1625 5915 1712 5971 35.
1792 5917 1837 5949 "
1865 5915 2021 5972 Joan.
2047 5932 2141 5983 xu,
2184 5918 2271 5972 55.
