4096 6440
379 429 482 483 507

1373 432 1428 490 S.
1472 433 1749 491 CYRILLI
1788 432 2259 493 ALEXANDRINI
2296 435 2614 495 ARCHIEP.

3540 449 3646 506 508

380 544 589 602 coactis
618 546 951 618 impositam,
981 563 1084 619 pro
1116 547 1509 605 exercitatione
1537 549 1874 616 habuerunt,
1899 548 1966 604 ad

2079 550 2378 623 ὠφέληνται
2413 554 2631 623 μᾶλλον,
2665 556 2810 626 ἤπερ
2835 554 3122 627 ἠδίκηνται
3151 559 3293 614 κατά
3328 560 3392 614 τὸ
3426 559 3648 632 ἀληθές.

381 639 654 694 tolerandi
681 640 1134 696 consuetudinem
1171 641 1589 711 acquirendam;
1633 642 1758 698 ideo
1789 643 1961 699 bene-

380 727 510 785 ﬁcio
538 729 725 800 potius
756 745 966 796 revera,
994 745 1160 800 quam
1201 730 1313 786 ulla
1350 732 1552 803 injuria
1597 740 1728 788 sunt
1756 732 1960 788 allecti.

381 822 659 880 Metuebat
687 824 834 878 enim
877 824 1136 881 Hebraeos
1164 825 1397 891 Pharao,
1426 841 1553 881 cum
1597 826 1721 882 illos
1753 826 1965 882 videret

383 915 441 970 in
470 916 792 972 immensam
816 917 1227 974 multitudinem
1253 933 1533 985 crescere;
1571 935 1806 990 eumque
1845 935 1963 975 ma-

380 1009 629 1081 lignitate
653 1025 867 1065 summa
895 1017 1193 1065 conaretur
1221 1020 1433 1066 tantum
1458 1012 1610 1067 illius
1635 1013 1814 1083 gentis
1838 1027 1966 1083 pro-

380 1110 609 1157 ventum
637 1110 803 1171 atque
850 1102 1254 1160 incrementum
1284 1104 1547 1160 cohibere
1577 1123 1590 1159 :
1624 1122 1642 1156 ι
1677 1105 1964 1176 Imposuit,

384 1194 585 1265 inquit,
629 1194 709 1250 eis
730 1194 1018 1265 praefectos
1044 1211 1294 1266 operum,
1313 1204 1375 1251 ut
1397 1196 1699 1269 aﬂligerent
1726 1214 1822 1255 eos
1840 1215 1971 1270 ope-

383 1287 540 1343 ribus
568 1288 614 1321 ⁸³
641 1306 655 1341 :
689 1307 708 1340 ι
740 1287 849 1344 Sed
884 1289 990 1345 hoc
1017 1290 1138 1361 ejus
1162 1289 1454 1345 consilium
1475 1292 1781 1348 contrarios
1805 1307 1972 1348 even-

383 1391 474 1436 tus
509 1380 737 1448 habuit;
774 1397 902 1435 nam
934 1398 1000 1437 ea
1043 1381 1182 1451 ipsa,
1212 1398 1334 1452 quae
1359 1382 1697 1438 inferebatur
1728 1386 1967 1451 vexatio,

382 1473 602 1529 occasio
628 1473 737 1529 illis
758 1473 1084 1529 incrementi
1109 1473 1213 1528 fuit
1230 1516 1245 1540 ,
1268 1489 1394 1530 eum
1412 1476 1560 1531 Deus
1579 1490 1701 1530 eam
1730 1492 1845 1531 rem
1871 1492 1971 1532 sua

381 1564 656 1635 sapientia
677 1565 1077 1633 moderaretur,
1095 1575 1152 1621 et
1178 1566 1478 1622 Pharaonis
1508 1568 1722 1623 astutiae
1738 1568 1972 1639 gratiam

384 1672 541 1711 suam
569 1665 892 1727 opponeret.
907 1656 1148 1724 «Quanto
1170 1673 1407 1729 namque
1426 1673 1523 1714 eos
1545 1658 1963 1726 humiliabant,»

384 1750 588 1820 inquit,
628 1770 646 1801 ι
682 1757 835 1806 tanto
874 1751 1061 1821 Plures
1097 1750 1303 1806 ﬁebant
1329 1759 1385 1807 et
1411 1752 1901 1808 invalescebant".
1946 1772 1965 1805 ι

383 1842 645 1909 Quamvis
662 1844 811 1898 enim
831 1843 1216 1898 tribulationes
1231 1843 1431 1898 inferat
1448 1843 1697 1911 Satanas,
1712 1844 1975 1901 dentibus

385 1936 502 1991 suis
523 1936 576 1990 in
593 1944 908 1991 sanctorum
925 1951 1098 2006 genus
1114 1935 1371 2003 fremens;
1389 1944 1446 1992 et
1457 1952 1597 2007 quos
1612 1937 1756 1993 Deus
1772 1950 1833 1994 ut
1848 1954 1974 2009 pro-

383 2027 536 2098 prios
569 2028 672 2083 sibi
697 2028 1011 2093 asseruerit,
1035 2028 1089 2082 in
1118 2043 1216 2083 eos
1258 2044 1477 2099 semper
1507 2029 1755 2101 egregios
1781 2031 1972 2087 obser-

384 2138 521 2177 vans
560 2122 754 2189 irruat,
788 2142 807 2175 ι
836 2122 989 2177 Esca:
1015 2138 1254 2193 namque
1288 2123 1442 2179 illius
1482 2124 1673 2180 electae
1702 2131 1881 2189 sunt,»
1926 2124 1973 2156 ³⁸

384 2213 599 2285 inquit:
623 2224 826 2281 tamen,
846 2216 941 2286 qui
963 2215 1021 2270 in
1047 2215 1432 2288 hujuscemodi
1455 2216 1622 2273 rebus
1650 2215 1877 2288 impigre
1896 2216 1976 2271 la-

382 2304 600 2373 borant,
619 2322 685 2363 eo
707 2307 847 2379 ipso,
861 2324 971 2378 quo
987 2317 1295 2376 tentantur,
1308 2326 1367 2365 se
1383 2309 1517 2380 ipsis
1532 2310 1788 2366 meliores
1812 2308 1971 2376 fiunt,

383 2413 589 2469 eosque
628 2400 991 2456 certaminum
1023 2402 1313 2457 tolerantia
1350 2403 1542 2474 procul
1574 2402 1744 2458 dubio
1772 2402 1974 2458 clario-

384 2508 476 2548 res
505 2493 719 2559 reddit,
763 2494 839 2549 ita
865 2502 927 2548 ut
966 2510 1065 2564 per
1090 2511 1213 2565 quae
1242 2496 1335 2550 ille
1368 2496 1633 2552 molestus
1660 2511 1782 2551 esse
1810 2504 1976 2567 atque

384 2601 584 2641 vexare
626 2586 900 2658 cogitarit,
931 2603 1031 2658 per
1061 2603 1127 2643 ea
1166 2588 1402 2643 maxime
1441 2587 1607 2643 etiam
1650 2589 1857 2643 invitus
1883 2588 1976 2660 ju-

385 2684 560 2741 vet,et
578 2692 678 2747 per
692 2693 815 2748 quae
836 2678 960 2733 illos
976 2678 1196 2735 vincere
1222 2680 1557 2751 putarit,per
1575 2679 1769 2735 eadem
1788 2679 1977 2734 valen-

386 2770 560 2826 tiores
603 2768 817 2826 eliiciat.
849 2770 987 2827 Cum
1013 2786 1146 2827 vero
1172 2773 1388 2828 vafrum
1436 2773 1573 2828 illud
1604 2782 1977 2830 commentum

386 2858 601 2919 Pharao
626 2863 795 2918 alium
828 2879 993 2934 quam
1023 2872 1244 2935 putarat
1270 2865 1479 2920 exitum
1525 2865 1787 2922 habuisse
1819 2865 1977 2921 vide-

389 2964 493 3021 ret,
529 2964 587 3012 et
617 2957 672 3011 in
705 2972 773 3013 eo
802 2957 942 3028 ipso,
983 2957 1132 3029 quod
1175 2958 1374 3014 laedere
1417 2973 1477 3014 se
1519 2958 1768 3030 putabat,
1812 2959 1978 3016 etiam

385 3047 600 3116 juvare,
622 3063 767 3114 sero,
790 3063 854 3104 ac
875 3048 967 3104 vix
993 3049 1213 3105 tandem
1236 3049 1441 3105 sentire
1469 3051 1746 3121 coepisset,
1776 3050 1978 3105 immu-

388 3149 469 3195 tat
492 3140 641 3196 illico
665 3141 964 3198 insidiandi
995 3142 1286 3198 rationem.
1302 3142 1598 3199 Accersitis
1618 3158 1853 3215 namque
1876 3143 1981 3199 He-

390 3231 664 3287 braeorum
696 3232 1113 3300 obstetricibus,
1156 3254 1175 3285 ‹
1205 3232 1344 3290 Cum
1391 3234 1822 3292 obstetricabitis
1867 3234 1978 3290 He-
2007 3263 2053 3325 Ο

388 3325 583 3391 braeas,
608 3326 809 3397 inquit,
837 3334 894 3382 et
918 3334 1108 3397 partus
1131 3334 1347 3398 tempus
1368 3328 1671 3395 advenerit,
1708 3328 1979 3401 siquidem

389 3417 670 3473 masculus
710 3416 898 3485 fuerit,
934 3418 1228 3475 interficite
1260 3419 1449 3486 illum;
1486 3421 1646 3491 no
1673 3419 1758 3476 sin
1798 3430 1982 3475 autem

389 3508 618 3578 femina,
655 3521 869 3568 servate
896 3512 1066 3567 illam.
1091 3511 1423 3569 Timuerunt
1443 3523 1627 3570 autem
1654 3512 1984 3568 obstetrices

389 3601 606 3665 Deum,
639 3610 697 3657 et
735 3618 846 3657 non
888 3601 1144 3658 fecerunt
1190 3603 1336 3659 sicut
1378 3611 1718 3675 praeceperat
1759 3603 1841 3658 eis
1886 3618 1984 3657 rex

390 3691 631 3765 Egypti,
665 3701 722 3748 et
749 3693 1100 3749 viviﬁcabant
1133 3695 1408 3750 masculos
1444 3694 1511 3749 “.
1546 3714 1565 3746 ι
1600 3694 1851 3764 Cumque
1890 3693 1984 3749 illa

394 3787 659 3843 adversus
681 3785 1037 3843 Hebraeorum
1064 3802 1239 3857 genus
1275 3785 1547 3857 impietas,
1580 3793 1983 3858 cruentumque

393 3875 687 3931 consilium
732 3875 950 3933 irritum
990 3876 1283 3932 cecidisset
1316 3874 1517 3946 (neque
1542 3875 1695 3935 enim
1731 3875 1983 3947 permisit

392 3965 541 4021 Deus
576 3965 904 4023 obstetrices
948 3975 1161 4022 tantum
1207 3966 1390 4022 scelus
1419 3965 1811 4037 committere),
1847 3982 1982 4022 con-

393 4058 560 4113 vertit
583 4074 640 4114 se
656 4059 769 4130 jam
791 4058 859 4114 ad
890 4066 1134 4130 apertam
1161 4058 1273 4113 vim
1300 4068 1466 4129 atque
1498 4057 1776 4131 iniuriam,
1802 4075 1985 4130 neque

394 4149 578 4206 adhuc
607 4151 746 4207 clam
768 4167 968 4207 vexare
997 4159 1310 4218 contentus,
1341 4159 1591 4223 apertum
1622 4151 1830 4207 bellum
1858 4167 1983 4207 sus—

394 4241 547 4313 cipit,
592 4258 898 4314 necemque
944 4243 1301 4299 inhumanam
1347 4244 1434 4310 iis,
1490 4243 1587 4314 qui
1626 4252 1986 4299 nascerentur

393 4335 661 4391 decernit.
694 4354 712 4387 ι
746 4336 1015 4407 Praecepit
1044 4337 1215 4404 enim,
1246 4336 1446 4407 inquit,
1469 4336 1685 4391 Pharao
1713 4337 1862 4391 omni
1882 4351 1984 4407 po-

393 4424 527 4494 pulo
548 4440 670 4491 suo,
702 4423 895 4480 dicens
933 4442 944 4476 :
986 4443 1003 4475 ι
1029 4423 1204 4480 Omne
1238 4425 1568 4491 masculum,
1599 4424 1747 4494 quod
1794 4433 1985 4479 natum

394 4515 562 4571 fuerit
586 4514 851 4578 Hebraeis,
876 4515 1128 4586 projicite
1158 4516 1216 4571 in
1239 4515 1478 4582 ﬂumen;
1503 4523 1561 4571 et
1582 4531 1802 4569 omnem
1829 4513 1988 4569 femi-

2079 641 2300 697 Ἐδεδίει
2328 646 2427 716 μὲν
2450 648 2559 718 γὰρ
2581 650 2610 701 ό
2634 648 2834 719 Φαραὼ
2859 651 2986 715 τοὺς
3020 650 3302 724 Ἐϐραίους
3334 655 3415 718 είς
3439 654 3651 726 πληθὺν

2066 732 2375 807 ἀμέτρητον
2422 738 2830 810 ὲκτεινομένους
2883 741 3060 813 ὀρῶν·
3121 745 3534 817 κακουργότατα
3588 746 3649 801 δὲ

2067 822 2318 890 κολάζειν
2356 828 2646 899 ἐπιχειρῶν
2686 829 2787 902 τὴν
2819 829 2877 885 ἐν
2904 848 2967 901 γε
3002 833 3067 905 δὴ
3116 833 3291 907 τούτῳ
3337 835 3511 907 φορὰν
3554 838 3652 893 καὶ

2067 916 2303 972 ἐπίδοσιν
2321 956 2337 982 ,
2358 938 2377 972 ι
2422 920 2751 992 Ἐπέστησεν
2773 925 2977 988 αὐτοῖς,
3005 924 3189 996 φησιν,
3214 927 3512 991 ἐπιστάτας
3540 927 3651 984 τῶν

2069 1003 2267 1077 ἔργων,
2296 1008 2386 1064 ἴνα
2412 1011 2739 1069 κακώσωσιν
2760 1015 2955 1079 αὐτοὺς
2979 1017 3037 1071 ὲν
3062 1021 3175 1083 τοῖς
3199 1017 3400 1090 ἔργοις.
3441 1039 3459 1070 ι
3491 1022 3653 1092 [lapt-

2068 1100 2327 1173 τρέπεται
2352 1104 2411 1158 δὲ
2438 1106 2622 1170 αὐτοῖς
2637 1107 2773 1178 πρὸς
2794 1107 2855 1161 τὸ
2883 1110 3175 1183 ὲναντίονή
3206 1111 3415 1182 σκέψις.
3448 1112 3514 1165 Ἦ
3544 1113 3654 1184 γὰρ

2070 1194 2476 1270 ἐπενηνεγμένη
2499 1199 2741 1264 κάκωσις
2772 1202 3045 1272 πρόφασις
3074 1203 3258 1268 αὐτοῖς
3279 1204 3382 1275 τῆς
3410 1204 3490 1269 είς
3514 1205 3656 1276 πλη-

2071 1286 2167 1341 θὺν
2194 1289 2486 1354 ἐπιδόσεως
2513 1287 2600 1363 ἦν,
2629 1291 2763 1345 Θεοῦ
2794 1293 2857 1346 τὸ
2888 1296 3077 1368 χρῆμα
3096 1296 3529 1368 οἰκονομοῦντος,
3561 1299 3656 1351 καὶ

2070 1379 2190 1442 ταῖς
2226 1380 2437 1434 ἐκείνου
2465 1382 2835 1454 ῥᾳδιουργίαις
2861 1385 2963 1457 τὴν
2989 1387 3197 1441 οἰκείαν
3225 1386 3417 1459 ὥσπερ
3434 1387 3657 1455 ἀντεξά-

2071 1485 2260 1538 γοντος
2281 1470 2461 1543 χάριν.
2491 1491 2509 1524 ι
2539 1472 2739 1528 Καθότι
2765 1477 2873 1548 γὰρ
2897 1477 3093 1542 αὐτοὺς
3126 1479 3463 1543 ἑταπείνουν,
3499 1479 3693 1549 φησὶ,-

2070 1564 2310 1635 τοσούτῳ
2356 1564 2573 1629 πλείους
2613 1566 2854 1636 ἐγίνοντο
2901 1569 2995 1623 καὶ
3031 1570 3235 1641 ἴσχυον.
3298 1590 3317 1623 ι
3373 1572 3659 1643 Ἐπιφέρει

2077 1654 2176 1727 μὲν
2201 1654 2307 1727 γὰρ
2332 1655 2432 1720 τάς
2459 1657 2667 1729 θλίψεις
2696 1661 2725 1713 ό
2752 1661 3017 1725 Σατανᾶς,
3044 1662 3170 1726 τοὺς
3197 1663 3413 1727 ὀδόντας
3444 1663 3661 1735 ἐπιτρί-

2074 1747 2184 1813 ζων
2219 1752 2335 1813 τοῖς
2364 1750 2561 1820 ἁγίοις,
2590 1753 2685 1806 καὶ
2717 1746 2902 1825 ὧνπερ
2937 1754 3003 1807 ἂν
3032 1755 3109 1819 ὡς
3139 1750 3283 1810 ἰδίων
3321 1759 3664 1827 μετεποιεῖτο

2074 1841 2228 1906 Θεὸς,
2263 1843 2476 1908 τούτοις
2518 1844 2604 1898 ἀεί
2645 1862 2763 1910 πως
2793 1845 3097 1919 ἀπολέγδην
3147 1847 3466 1919 ἐπιπηδῶνο
3510 1868 3528 1901 ι
3576 1848 3663 1903 Τὰ

2004 1912 2048 1968 Β
2075 1932 2185 2004 γὰρ
2212 1932 2479 2005 βρώματα
2505 1934 2668 1989 αὑτοῦ
2727 1912 2986 2002 ὲκλεκτά,
3022 1912 3238 2010 ινφησίν
3263 1955 3279 1968 ⁸
3306 1912 3431 1993 ’ἀλλ’
3470 1941 3518 1993 οἱ
3558 1957 3662 1993 πο-

2074 2026 2292 2090 νοῦντες
2322 2029 2382 2082 ὲν
2407 2026 2639 2093 τούτοις,
2669 2028 2847 2084 αὐτῶν
2880 2029 3139 2101 ἀμείνους
3165 2030 3378 2086 ἔσονται
3407 2031 3664 2103 πειραζό-

2079 2135 2258 2191 μενοι·
2283 2120 2378 2174 καὶ
2396 2119 2459 2174 τὸ
2493 2120 2761 2192 καρτερὸν
2788 2123 2847 2174 ἐν
2871 2122 3078 2190 ἀγῶσιν
3107 2123 3399 2193 ἀποφαίνει
3429 2124 3493 2197 δὴ
3526 2126 3663 2180 πάν-

2076 2230 2184 2278 τως
2203 2213 2487 2285 ερκλεεστέ
2498 2231 2641 2286 ρους,
2669 2216 2747 2279 ῶς
2776 2232 2835 2268 τε
2866 2215 2935 2269 δι’
2960 2208 3037 2270 ὧν
3063 2216 3128 2270 ἂν
3150 2219 3325 2271 νοοῖτο
3339 2198 3547 2271 ’λυπεῖν
3567 2218 3664 2271 καὶ

2077 2305 2305 2371 κακοῦν,
2339 2306 2429 2361 διὰ
2458 2305 2663 2361 τούτων
2696 2308 2931 2379 μάλιστα
2963 2308 3057 2362 καὶ
3093 2310 3192 2380 οὐχ
3233 2308 3393 2374 ἑκὼν,
3420 2310 3667 2381 ὀνήσειεν

2077 2399 2295 2474 ἂν,θκαὶ
2335 2401 2405 2455 δι’
2441 2394 2516 2457 ὧν
2547 2404 2797 2475 αἱρήσειν
2835 2402 3162 2475 ὑπείληφεν,
3211 2403 3667 2476 εὐσθενεστέρους

2077 2495 2352 2549 ἀποτελεῖ.
2397 2495 2614 2569 Ἐπειδὴ
2650 2496 2708 2550 δὲ
2737 2496 2799 2550 τὸ
2839 2496 3147 2567 πανοῦργον
3176 2497 3421 2568 σόφισμα
3452 2497 3529 2567 τῷ
3555 2497 3665 2551 Φα-

2082 2586 2197 2659 ραὼ
2242 2587 2379 2659 πρὸς
2429 2587 2690 2659 ἀδόκητον
2744 2588 2917 2659 πέρας
2952 2588 3280 2661 ἑκτελευτᾷ,
3338 2588 3434 2643 καὶ
3475 2588 3543 2642 δι’
3589 2581 3666 2642 ὧν

2081 2681 2306 2748 ἐκάκου,
2333 2681 2428 2736 xui.
2460 2681 2831 2754 προσωφελῶν
2858 2678 2946 2754 ἦν,
2975 2683 3073 2755 ὀψὲ
3103 2683 3197 2738 καὶ
3231 2682 3383 2755 μόλις
3410 2680 3667 2736 αἰσθάνε-

2078 2791 2192 2840 ται,
2243 2774 2339 2828 καὶ
2373 2773 2662 2847 μεθίστησι
2698 2776 3043 2847 παραχρῆμα
3088 2776 3189 2846 τῆς
3237 2775 3530 2846 ἐπιϐουλῆς
3575 2774 3671 2828 τὸν

2080 2867 2312 2939 τρόπον*
2371 2867 2872 2939 μεταπεμψάμενος
2925 2868 3034 2940 γὰρ
3082 2868 3191 2921 τῶν
3246 2866 3513 2939 Ἑϐραίων
3566 2854 3669 2929 τὰς

2074 2953 2271 3030 ῖιαίας,
2310 2977 2329 3010 t
2356 2960 2527 3013 Ὅταν
2556 2958 2817 3032 μαιοῦσθε
2870 2961 2969 3023 τὰς
3021 2958 3299 3030 Ἐϐραίας,
3338 2959 3534 3029 φησὶν,
3573 2958 3673 3011 καὶ

2081 3044 2185 3104 ὦσι
2219 3051 2356 3123 πρὸς
2382 3053 2444 3104 τὸ
2475 3051 2714 3116 τίκτειν,
2742 3052 2836 3105 ἐὰν
2883 3051 2983 3122 μὲν
3021 3051 3185 3123 ἄρσεν
3219 3046 3275 3123 ᾖ,
3311 3049 3673 3105 ἀποκτείνατε

2084 3141 2235 3208 αὐτὸ,
2271 3142 2366 3197 ὲάν
2396 3142 2453 3197 δὲ
2494 3142 2648 3213 θῆλυ,
2681 3143 3054 3215 περιποιεῖσθε
3086 3144 3237 3197 αὑτό.
3285 3163 3303 3197 ι
3356 3143 3667 3214 Ἐφοεήοη-

2088 3249 2187 3287 σαν
2229 3233 2286 3287 δὲ
2321 3234 2377 3287 αἱ
2408 3237 2568 3307 μαῖαι
2600 3234 2691 3290 τὸν
2725 3234 2880 3302 Θεὸν,
2917 3237 3011 3290 καὶ
3042 3236 3143 3289 οὐκ
3179 3235 3443 3306 ἐποίησαν
3481 3236 3675 3288 καθότι

2086 3325 2373 3391 συνέταξεν
2402 3327 2587 3391 αὐτοῖς
2628 3328 2657 3381 ό
2696 3327 2949 3398 βασιλεὺς
2985 3327 3262 3397 Αἰγύπτου
3295 3328 3390 3383 καὶ
3436 3327 3677 3397 ὲζωογό-

2084 3433 2207 3471 νουν
2235 3417 2304 3471 τά
2336 3418 2562 3490 ἄρσενα.
2603 3438 2622 3473 ι
2669 3419 3085 3493 Ἀπρακτούσης
3118 3421 3177 3475 δὲ
3210 3419 3360 3492 αὐτῷ
3392 3422 3491 3492 τῆς
3532 3420 3679 3474 κατά

2083 3511 2178 3565 τοῦ
2220 3510 2408 3581 γένους
2452 3512 2818 3584 ἀνοσιότητος,
2873 3512 2969 3566 καὶ
3013 3512 3297 3584 μιαιφόνου
3349 3510 3575 3583 βουλῆς,
3610 3512 3675 3563 οὐ

2085 3601 2193 3673 γὰρ
2221 3601 2369 3673 ἠφίει
2402 3602 2534 3666 Θεὸς
2564 3601 2846 3656 δυσσεϐεῖν
2868 3603 2977 3666 ’τὰς
3012 3602 3199 3673 μαίας,
3247 3601 3457 3674 μέτεισι
3487 3600 3678 3653 λοιπὸν

2086 3694 2178 3749 ἐπὶ
2219 3693 2278 3746 τὸ
2304 3692 2580 3763 ὲκφάνδην
2608 3693 2814 3747 ἀδικεῖν
2834 3731 2848 3756 ,
2878 3692 2974 3746 καὶ
3003 3692 3306 3763 λεληθότως
3337 3691 3454 3762 μὲν,
3486 3689 3676 3742 οὐκέτι

2084 3787 2276 3841 λυπεῖν
2300 3785 2476 3857 ἠξίου,
2509 3785 2732 3857 γυμνῶς
2764 3785 2821 3860 δὲ
2852 3786 2954 3857 ἤδη
2994 3801 3110 3848 πως
3146 3784 3380 3855 αἱρεῖται
3413 3782 3675 3852 πόλεμον,

2085 3878 2181 3931 καὶ
2212 3875 2440 3930 θάνατον
2471 3874 2654 3947 ἀπηνῆ
2696 3874 2803 3928 τῶν
2834 3875 3173 3947 τικτομένων
3206 3872 3674 3946 καταψηφίζεται.

2091 3986 2112 4021 t
2152 3967 2415 4033 Συνέταξε
2444 3968 2573 4040 γάρ,
2611 3968 2764 4038 φησὶ,
2794 3968 2993 4040 Φαραὼ
3036 3968 3201 4021 παντὶ
3233 3967 3309 4038 τῷ
3351 3966 3465 4040 λαῷ
3506 3964 3676 4020 αὑτοῦ

2084 4059 2258 4130 λέγων
2277 4076 2290 4091 ·
2320 4060 2435 4114 Πᾶν
2455 4061 2622 4133 ἄρσεν
2646 4060 2674 4113 ὃ
2701 4061 2796 4114 ὲάν
2822 4060 2992 4131 τεχθῇ
3014 4063 3127 4123 τοῖς
3161 4058 3451 4132 Ἑϐραίοις,
3479 4059 3558 4122 είς
3583 4057 3678 4111 τὸν

2087 4152 2330 4226 ποταμὸν
2363 4153 2578 4226 ῥίψατε,
2615 4153 2710 4207 καὶ
2740 4153 2849 4206 πᾶν
2885 4151 3044 4223 θῆλυ,
3079 4150 3397 4219 ζωογονεῖτε
3444 4149 3596 4203 αὐτό.
3649 4168 3670 4200 ι

2085 4243 2254 4298 Μέλει
2291 4243 2398 4315 γὰρ
2440 4243 2590 4315 αὑτῷ
2613 4242 2707 4296 τοῦ
2734 4243 2939 4314 θήλεως
2972 4241 3240 4312 οὐδαμῶς,
3276 4239 3679 4310 ἀφιλοπόλεμον

2088 4334 2195 4406 γὰρ
2217 4334 2407 4407 χρῆμα
2437 4336 2597 4406 γυνὴ,
2634 4337 2726 4390 καὶ
2754 4338 2853 4390 οὐκ
2880 4338 3090 4390 ἀστεῖον
3120 4338 3199 4399 εἰς
3233 4332 3448 4387 σύνεσιν
3468 4351 3481 4365 ·
3512 4332 3679 4385 λυπεῖ

2087 4426 2143 4479 δὲ
2185 4430 2304 4480 κατ’
2332 4428 2500 4499 ἀμᾳω
2526 4427 2586 4481 τὸ
2628 4426 2815 4499 ἄρσεν,
2844 4427 2919 4492 ὡς
2956 4427 3119 4497 σοφόν
3143 4443 3201 4479 τε
3229 4426 3322 4479 καὶ
3351 4422 3677 4496 μαχιμώτα-

2088 4538 2199 4575 τον.
2235 4521 2444 4575 Οὐκοῦν
2472 4522 2689 4593 ἣδιστόν
2731 4538 2794 4590 γε
2836 4521 2930 4574 καὶ
2973 4519 3312 4590 καταθύμιον
3353 4517 3552 4589 κομιδῆ
3596 4514 3677 4586 τῷ

393 4623 522 4663 nam
557 4608 833 4665 vivificate
862 4608 927 4663 ⁵⁷.
966 4627 985 4661 ι
1012 4607 1202 4680 Neque
1237 4607 1383 4664 enim
1419 4606 1488 4662 de
1527 4605 1860 4661 feminarum
1892 4622 1978 4678 ge-

2093 4614 2363 4685 μιαιφόνῳ
2395 4613 2669 4686 δράκοντι,
2700 4615 2843 4686 φημὶ
2872 4613 2937 4685 δὴ
2964 4612 3043 4685 τῷ
3072 4613 3307 4683 Σατανᾷ,
3336 4610 3511 4682 ψυχῆς
3544 4611 3680 4681 φρό-

393 4715 528 4756 nere
557 4700 637 4755 illi
669 4716 803 4757 cura
834 4708 955 4757 erat
983 4701 1128 4770 ulla;
1170 4701 1411 4757 imbellis
1440 4708 1526 4756 est
1555 4712 1793 4768 namque
1826 4714 1988 4756 sexus

283 4821 295 4830 -
391 4794 717 4861 muliebris,
752 4811 856 4851 nec
906 4794 975 4850 ad
1024 4793 1373 4863 prudentiam
1413 4790 1884 4859 accommodatus;
1931 4791 1985 4849 in

394 4894 631 4958 utroque
664 4897 851 4943 autem
875 4886 1052 4942 virilis
1079 4886 1348 4941 molestus
1373 4892 1477 4951 est,
1507 4891 1567 4938 ut
1596 4885 1690 4954 qui
1738 4894 1853 4940 tum
1898 4900 1988 4940 sa-

393 4979 555 5049 piens
583 4980 673 5046 sit,
707 4990 821 5036 tum
851 4980 1017 5035 etiam
1049 4979 1117 5035 ad
1159 4978 1367 5033 bellum
1401 4978 1735 5049 aptissimus.
1776 4979 1987 5036 Jucun-

396 5070 656 5129 dissimus
679 5081 764 5129 est
795 5073 959 5145 igitur
988 5080 1150 5143 atque
1180 5071 1522 5142 gratissimus
1557 5082 1694 5128 tetro
1733 5073 1810 5128 illi
1852 5073 1983 5128 dra-

397 5162 542 5227 coni,
576 5163 791 5219 Satana:
830 5163 1076 5233 inquam,
1109 5162 1394 5218 muliebris
1430 5163 1520 5219 ille
1558 5166 1727 5220 animi
1756 5181 1981 5231 sensus,

395 5254 745 5311 effeminatus
774 5263 830 5310 et
862 5254 1120 5321 imbellis,
1155 5256 1224 5310 ad
1242 5256 1359 5311 haec
1391 5257 1458 5311 ad
1486 5257 1809 5328 sapientiam
1842 5274 1982 5328 quo-

396 5360 504 5414 que
529 5361 727 5416 parum
755 5354 916 5415 aptus
943 5363 955 5399 :
991 5346 1213 5402 inimica
1254 5363 1420 5418 porro
1452 5357 1509 5404 et
1540 5348 1731 5405 odiosa
1776 5349 1869 5403 illa
1916 5349 1984 5403 ad

397 5436 777 5493 fortitudinem
805 5437 1077 5504 alacritas,
1112 5450 1169 5495 et
1201 5439 1367 5494 animi
1403 5440 1483 5495 vis
1510 5440 1771 5512 languore
1802 5449 1985 5497 metu-

397 5545 504 5600 que
529 5530 803 5602 superior,
828 5546 985 5586 mens
1010 5531 1138 5588 item
1168 5548 1380 5588 summa
1414 5532 1705 5604 prudentia
1732 5533 1983 5604 praedita.

401 5622 693 5695 Propterea
720 5623 1046 5681 muliebrem
1073 5641 1264 5681 sexum
1292 5626 1481 5681 vivum
1518 5634 1721 5694 servat,
1748 5636 1803 5683 et
1833 5627 1887 5682 in
1918 5644 1985 5683 eo

2090 4724 2240 4779 νημα
2265 4707 2730 4778 γυναικοπρεπὲς,
2757 4705 3232 4778 ὶκτεθηλυμμένον
3253 4722 3312 4758 τε
3342 4705 3434 4758 καὶ
3459 4703 3675 4757 ἄναλκι·

2091 4801 2185 4853 καὶ
2213 4798 2350 4870 πρός
2375 4815 2440 4867 γε
2463 4795 2638 4868 τούτῳ
2663 4796 2853 4851 νοσοῦν
2876 4796 2936 4849 τὸ
2957 4797 3038 4860 είς
3064 4794 3253 4865 σοφίαν
3278 4793 3678 4865 ἀνεπιτήδειον,

2090 4890 2285 4964 ἐχθρὸν
2313 4889 2371 4943 δὲ
2397 4889 2495 4943 καὶ
2536 4888 3019 4969 κατεστυγημένον
3046 4887 3108 4942 τὸ
3142 4886 3424 4960 πρόθυμον
3464 4887 3545 4950 εἰς
3583 4887 3682 4939 ἀν-

2089 4983 2294 5055 δρείαν,
2321 4981 2415 5036 καὶ
2440 4978 2788 5052 μαλακισμοῡ
2815 4980 2914 5050 μὲν
2938 4978 3180 5049 ἄμεινον,
3204 4978 3405 5043 δειλίας
3429 4977 3485 5030 δὲ
3509 4977 3682 5031 καθυ-

2091 5072 2414 5147 περτεροῦν,
2472 5072 2569 5126 καὶ
2619 5071 2681 5125 τὸ
2731 5071 2871 5139 ἄγαν
2925 5070 3383 5142 ὲμφρονέστατον.
3438 5068 3539 5123 Διά
3594 5086 3680 5123 τοι

2090 5165 2268 5232 τοῦτο,
2303 5165 2563 5235 ζωογονεῖ
2592 5164 2690 5236 μὲν
2722 5161 2784 5217 τὸ
2813 5163 2971 5234 θῆλυ,
3012 5160 3106 5217 καὶ
3144 5159 3389 5232 ὲξίστησί
3418 5176 3536 5224 πως
3577 5159 3679 5231 τὴν

2091 5260 2178 5312 ἐπ’
2200 5256 2349 5329 αὑτῷ
2372 5254 2653 5328 μιαιφόνον
2675 5253 2868 5326 βουλήν
2889 5270 2946 5306 τε
2972 5253 3068 5307 καὶ
3091 5252 3305 5322 σκέψιν.
3334 5250 3541 5322 Εΰηθες
3565 5251 3679 5321 γὰρ

2088 5349 2240 5424 οἶμαι
2280 5350 2343 5405 τὸ
2387 5347 2659 5421 μάχεσθαι
2692 5347 2875 5418 ζητεῖν
2908 5346 3021 5407 τοῖς
3060 5344 3286 5398 αὐτόθεν
3318 5342 3675 5414 ὑπεστρωμέ-

2088 5462 2221 5510 νοις,
2244 5442 2455 5498 οἴκοθέν
2481 5458 2542 5495 τε
2571 5437 2787 5494 νοσοῦσι
2812 5437 2874 5491 τὸ
2903 5436 3234 5508 ὑπεξεῦχθαι
3264 5434 3438 5505 φιλεῖν
3456 5476 3469 5499 ,
3506 5450 3675 5485 κατα-

2090 5535 2272 5606 πνίγει
2303 5534 2360 5589 δὲ
2383 5533 2571 5604 ὥσπερ
2603 5526 2665 5584 τδ
2697 5529 2864 5603 ἄρσεν
2891 5532 3009 5594 ταῖς
3038 5530 3146 5582 τῶν
3175 5526 3494 5597 πειρασμῶν
3528 5542 3675 5595 περι-

2092 5628 2346 5684 στάσεσιν
2368 5624 2445 5696 (ι)
2477 5622 2659 5688 ὲνιείς.
2685 5622 2854 5677 Τοῦτό
2887 5640 2974 5693 μοι
3007 5620 3265 5675 δοκεῖκαὶ
3286 5621 3313 5674 ὁ
3347 5618 3487 5681 θεῖος
3511 5615 3673 5669 Δαειδ

470 5775 515 5805 ³³
555 5771 726 5828 Exod.
755 5786 789 5837 Ι,
834 5773 920 5828 ll.
989 5774 1193 5830 “ibid.
1224 5774 1307 5830 12.
1371 5771 1706 5837 "Habac.t,
1754 5772 1847 5827 16.
1909 5774 1978 5828 ⁸⁸.

2079 5772 2147 5827 Id.
2173 5788 2209 5835 ι,
2237 5770 2320 5836 Ιϐ,
2348 5769 2430 5822 l7.
2504 5768 2549 5801 ⁸⁷
2574 5766 2709 5822 ibid.

474 5920 550 5983 (ι)
580 5918 765 5975 Cozlt‘x
791 5920 998 5987 Sit'lcli,
1036 5916 1432 5991 περισπασμιῖιν
1460 5916 1860 5989 περισιάσεςιν,
1894 5917 1970 5971 dis

2079 5915 2298 5969 :lionum
2325 5910 2612 5967 molestias.
