4096 6434
412 412 525 471 309
1163 422 1253 479 DE
1285 421 1734 480 ADORATIONE
1774 423 1839 479 IN
1883 424 2155 484 SPIRITU
2198 428 2285 484 ET
2326 426 2697 485 YERITATE.
2743 427 2871 483 LIB.
2916 427 3003 483 IV.

411 533 791 605 ἁναμελφδεῖν
822 534 917 588 καί
958 534 1140 605 λέγειν
1162 550 1174 564 ⁸
1214 555 1234 589 ι
1275 537 1337 589 Ei
1377 537 1456 608 μὴ
1488 538 1571 591 ὅτι
1611 536 1819 607 Κύριος
1854 532 1927 611 ἦν
1960 539 2019 592 ὲν

3612 416 3735 475 151οτ

2051 575 2094 631 Α
2123 542 2243 597 solo
2269 543 2497 613 deponit
2545 551 2832 598 cruentam
2881 541 3029 595 illam
3066 537 3518 595 deliberationem
3557 547 3722 609 atque

413 622 556 693 ἡμῖν
584 624 645 679 ἐν
684 625 766 698 τῷ
796 627 1172 699 ἐπαναστῆναι
1217 628 1542 701 ἀνθρώπους
1571 629 1657 700 ἐφ’
1701 631 1870 702 ἡμᾶς,
1908 631 2019 704 ἄρα

2135 632 2439 688 consilium.
2474 632 2714 688 Stultum
2753 631 2902 688 enim
2943 638 3049 696 est,
3095 629 3313 700 Opinor,
3348 643 3474 682 cum
3509 625 3576 682 iis
3617 642 3722 698 pu-

412 712 631 782 ζῶντας
678 718 747 774 ἂν
795 722 1055 777 κατέπιον
1101 724 1288 794 ἡμᾶς’
1323 725 1381 777 ἐν
1426 723 1506 795 τῷ
1555 723 1875 797 ὀργισθῆναι
1925 724 2019 780 τὸν

2135 740 2293 795 gnare
2326 724 2488 788 velle,
2516 723 2613 793 qui
2640 723 2742 795 ipsi
2766 739 2863 793 per
2885 738 2942 778 se
2976 721 3236 794 prostrati
3268 727 3416 785 sunt,
3440 734 3504 774 ac
3529 725 3726 790 sponte

410 802 596 878 θυμὸν
616 810 798 866 αὐτῶν
819 815 906 884 ἐφ’
936 817 968 886 ἡ
978 816 1106 886 μᾶς,
1131 815 1241 887 ἄρα
1272 815 1335 870 τὸ
1364 816 1509 891 ὕδωρ
1534 815 1602 871 ἀν
1630 817 2019 874 κατεπόντισεν

2135 815 2208 872 sic
2236 814 2440 881 alfecti,
2472 823 2533 871 ut
2566 814 2799 886 subjecti
2842 829 2966 870 esse
3008 813 3204 868 malint
3232 830 3244 865 :
3275 810 3510 868 suﬂ‘ocat
3539 816 3726 865 autem

410 898 568 968 ἡμᾶς
590 916 604 930 ’
651 904 964 979 χείμαρρον
997 905 1213 979 διῆλθεν
1245 909 1279 979 ή
1324 907 1473 980 ψυχὴ
1730 928 1750 961 ι

2135 906 2366 977 quodam
2390 905 2557 961 modo
2584 905 2915 970 masculum,
2940 920 3065 960 cum
3099 920 3227 960 cum
3264 904 3320 958 in
3358 903 3725 959 tentationum

410 993 670 1060 pericula
702 997 948 1070 conjicit.
988 999 1105 1055 Hoc
1150 1000 1287 1056 mihi
1328 1000 1550 1057 videtur
1591 1002 1758 1058 etiam
1800 1000 2024 1057 divinus
2060 999 2233 1055 David
2268 1013 2488 1063 canere,
2525 1013 2651 1055 cum
2686 996 2821 1052 dicit
2858 1012 2873 1049 :
2911 1016 2928 1047 ι
2967 996 3083 1051 Nisi
3116 997 3247 1067 quia
3284 995 3550 1051 Dominus
3608 1001 3729 1049 erat

413 1086 474 1142 in
502 1087 687 1154 nobis,
713 1104 842 1144 cum
863 1100 1226 1163 exsurgerent
1252 1093 1510 1150 homines
1539 1093 1594 1149 in
1624 1109 1748 1160 nos,
1776 1093 1919 1149 forte
1967 1092 2123 1148 vivos
2166 1090 2536 1163 deglutissent
2597 1106 2731 1157 nos;
2788 1104 2917 1145 cum
2950 1089 3281 1145 irasceretur
3311 1089 3465 1145 furor
3530 1100 3727 1144 eorum

412 1176 475 1234 in
517 1194 644 1244 nos,
680 1178 918 1235 forsitan
941 1195 1089 1251 aqua
1130 1180 1514 1239 ahsorbuissct
1556 1197 1687 1250 nos;
1718 1189 2021 1238 torrentem
2057 1178 2420 1252 pertransivit
2443 1178 2627 1234 anima
2652 1185 2839 1232 nostra
2864 1177 2931 1231 ³⁸.
2970 1195 2987 1227 ι

488 1272 700 1328 ΠΑΛΛ.
739 1265 872 1325 Ὧδε
909 1271 1044 1344 ἔχει.

491 1363 661 1419 ΚΥΡ.
695 1362 893 1435 "A095:
916 1363 983 1435 δὴ
1010 1364 1110 1438 τῆς
1131 1363 1424 1436 ἐπιϐουλῆς
1446 1365 1538 1422 τὸν
1560 1366 1780 1440 τρόπον.
1803 1365 2026 1441 Πρῶτον

414 1457 523 1526 μὲν
551 1453 665 1525 γὰρ
692 1453 896 1518 αὐτοὺς
926 1454 1143 1528 ἀγρίοις
1176 1457 1501 1530 κατῃκίζετο
1526 1457 1730 1523 πόνοις,
1752 1458 1815 1512 τὸ
1846 1457 1922 1531 μὴ
1947 1458 2027 1522 είς

413 1547 639 1620 πληθὺν
678 1546 820 1601 ίέναι
848 1547 1076 1620 πολλὴν,
1106 1549 1530 1622 κακουργότατα
1557 1551 1934 1622 σοφιζόμενος,
1958 1549 2026 1604 δι’

407 1632 493 1693 ὦν
516 1638 678 1710 ἠξίου
708 1638 916 1694 κακοῦν
940 1655 952 1668 ·
987 1640 1083 1695 καὶ
1113 1638 1373 1712 λαθραῖον
1416 1636 1487 1712 ἦν
1525 1640 1608 1696 ἔτι
1646 1640 1709 1695 τὸ
1749 1640 2018 1715 ἀδίκημα,

409 1732 515 1784 καὶ
536 1731 602 1786 οὐ
648 1730 771 1785 λίαν
810 1730 1063 1804 ἐμφανὴς
1106 1733 1136 1787 ό
1172 1730 1268 1785 τοῦ
1304 1732 1571 1805 τυράννου
1612 1732 1838 1799 σκοπὸς,
1892 1734 2022 1788 ἀντ-

406 1822 649 1897 εφέρετο
664 1822 723 1878 δὲ
754 1822 1007 1896 καθάπερ
1033 1822 1169 1895 ἔφην
1192 1824 1414 1897 ἀρτίως,
1438 1826 1473 1898 ἡ
1494 1825 1590 1879 τοῦ
1614 1824 2023 1898 κατοικτείρον-

404 1933 509 1980 τος
554 1915 738 1989 χάρις.
789 1915 1225 1989 Ταπεινούμενοι
1272 1916 1360 1984 δὲ,
1413 1915 1616 1988 μᾶλλον
1664 1918 1746 1983 είς
1792 1916 2024 1990 αὔξησιν

403 2008 604 2073 ἵεσαν,
638 2006 814 2078 ἀλκῆς
856 2024 919 2061 τε
962 2008 1058 2062 καὶ⁸
1094 2005 1356 2079 ἀριθμοῦ.
1394 2003 1530 2063 Εἶτα
1574 2008 1664 2064 διὰ
1708 2008 1879 2081 μέσου
1924 2010 2023 2075 τὰς

2198 1273 2398 1331 PALL.
2441 1272 2534 1328 Sic
2561 1287 2620 1328 se
2650 1288 2740 1328 res
2766 1271 2953 1327 habet.

2194 1367 2354 1423 CYR.
2384 1364 2521 1423 Vide
2545 1366 2660 1437 jam
2688 1381 2797 1436 qua
2822 1364 3149 1421 insidiarum
3179 1374 3297 1421 arte
3321 1366 3394 1421 sit
3423 1383 3573 1423 usus.
3603 1367 3730 1425 Ριδὶ⁴
3820 1352 3835 1362 ’

2126 1472 2282 1514 mum
2327 1456 2554 1528 quidem
2608 1456 2769 1512 satvis
2814 1472 2911 1513 eos
2965 1457 3253 1513 laboribus
3308 1458 3616 1525 divexavit,
3671 1458 3747 1517 id’.

2125 1567 2296 1624 agens
2319 1549 2618 1606 vaferrimo
2652 1548 2748 1605 illo
2774 1557 3123 1618 commento,
3162 1558 3226 1605 ut
3271 1550 3381 1606 illis
3418 1550 3729 1607 vexationi-

2127 1643 2234 1699 bus
2256 1658 2327 1699 ne
2351 1641 2572 1715 generis
2596 1641 2900 1699 multitudo
2922 1650 3340 1715 propagaretur.
3374 1640 3484 1698 Sed
3511 1643 3736 1699 occulta

2128 1744 2250 1792 erat
2290 1735 2474 1791 adhuc
2519 1734 2751 1807 injuria,
2802 1750 2984 1807 neque
3018 1734 3315 1790 admodum
3356 1742 3609 1806 apertum
3641 1741 3731 1807 ty-

2130 1826 2287 1882 ranni
2320 1827 2686 1898 propositum,
2712 1826 3099 1900 opponebatur
3128 1834 3315 1881 autem
3344 1825 3451 1891 illi,
3473 1833 3537 1881 ut
3562 1823 3743 1883 modo

2129 1917 2264 1987 dixi,
2294 1918 2611 1977 miserantis
2653 1920 2850 1993 gratia.
2899 1918 3114 1992 Itaque,
3160 1934 3272 1990 quo
3306 1917 3482 1991 magis
3519 1916 3730 1990 adlige-

2129 2012 2354 2080 bantur,
2389 2028 2457 2069 eo
2499 2014 2673 2087 magis
2711 2028 2907 2069 eorum
2943 2019 3059 2067 tum
3099 2010 3270 2077 vires,
3305 2018 3425 2067 tum
3463 2025 3754 2067 numerus.

404 2100 593 2172 μαίας
636 2104 758 2165 ταῖς
801 2100 1073 2173 Ἐϐραίων
1117 2102 1399 2171 γυναιξὶν,
1451 2099 1758 2167 ἐξοπλίζειν
1804 2100 2018 2173 ἤθελεν.

2135 2104 2450 2176 augebatur.
2482 2105 2633 2161 Inter
2655 2104 2776 2161 hazc
2808 2103 3138 2161 obstetrices
3166 2101 3434 2158 adversus
3463 2101 3730 2157 mulieres

415 2193 573 2247 Ἀλλ’
598 2192 721 2247 οὐδὲ
749 2192 911 2246 τοῦτο
942 2194 1167 2266 κρατεῖν
1202 2192 1355 2263 ἠφίει
1394 2191 1548 2257 Θεός.
1593 2192 1925 2264 Ἐπιϐουλῆς
1966 2191 2023 2245 δὲ

403 2282 631 2347 λοιπὸν,
662 2283 739 2348 ὡς
768 2283 826 2338 ἐν
852 2283 1027 2356 τρίτῳ
1055 2301 1114 2338 τε
1160 2284 1255 2338 καὶ
1296 2284 1595 2355 τελευταίῳ
1634 2284 1825 2358 τρόπῳ
1860 2284 2025 2339 παντὶ

402 2376 495 2449 τῷ
529 2376 651 2449 ίδίῳ
692 2376 1035 2450 προστέταχε
1081 2376 1196 2451 λαῷ
1235 2377 1594 2449 καταπνίγειν
1622 2378 1683 2433 τὸ
1722 2378 1890 2452 ἄρσεν
1912 2418 1929 2446 ,
1964 2378 2025 2433 τὸ

406 2468 727 2541 λεληθότως
776 2468 1128 2525 πλεονεκτεῖν
1175 2470 1362 2526 οὐκέτι
1412 2470 1874 2545 παραιτούμενος.
1918 2472 2026 2527 Οὐ-

411 2560 554 2616 κοῦν
590 2564 707 2627 τοῖς
729 2560 1142 2635 ἀνδριζομένοις
1162 2603 1178 2628 ,
1216 2564 1449 2636 πολεμεῖ
1488 2563 1589 2636 μὲν
1618 2563 1871 2636 ἀοράτως
1898 2564 1972 2638 (I)
1999 2567 2028 2619 ό

408 2652 700 2720 Σατανᾶς,
746 2651 1031 2725 συντίθησι
1068 2652 1125 2707 δὲ
1152 2652 1223 2706 τά
1256 2653 1359 2726 τῆς
1402 2652 1729 2727 ἐπιϐουλῆς,
1758 2654 1834 2719 ὡς
1873 2653 1931 2708 ἐν
1964 2672 2028 2723 γε

409 2746 610 2819 τρόπῳ
648 2744 898 2820 τριπλῷ·
929 2745 1025 2800 καὶ
1070 2745 1386 2818 ἀπάρχεται
1432 2746 1533 2816 μὲν
1576 2745 1675 2819 τῆς
1720 2745 1902 2819 μάχης
1937 2747 2027 2802 διὰ

411 2837 751 2911 κακούργων
807 2836 1183 2909 σκεμμάτων,
1237 2836 1339 2909 τὴν
1392 2839 1474 2902 εἰς
1527 2838 1730 2911 ἀρετὴν
1787 2837 2029 2894 ἐπίδοσιν

410 2929 765 2987 ἀποκωλύων
822 2928 921 2983 τοῦ
983 2928 1106 2984 νοῦ·
1177 2926 1537 3000 ἐντρύχεσϐαι
1588 2932 1697 3003 γὰρ
1744 2928 2028 3000 ἀδοκήτοις

414 3018 841 3109 παρασκευάζει
888 3021 1073 3085 πόνοις
1108 3019 1203 3074 καὶ
1245 3020 1503 3091 σκληροῖς
1544 3020 1755 3090 ἀγῶσιν
1792 3019 2025 3091 ὁμιλεῖν.

426 3119 672 3173 Ἀδικεῖν
700 3116 759 3171 δὲ
807 3115 1038 3187 ἰσχύσας
1067 3114 1158 3169 διά
1193 3112 1399 3167 τούτων
1430 3112 1618 3178 οὐδὲν,
1653 3112 2030 3184 ἐπαμύνοντος

411 3210 512 3266 τοῦ
550 3207 717 3278 Θεοῦ,
746 3209 876 3272 τοὺς
923 3205 1068 3262 κατὰ
1112 3205 1297 3261 πίστιν
1328 3207 1460 3279 ἡμῖν
1494 3204 1657 3270 ἰδίους
1700 3205 1797 3261 καὶ
1831 3221 2031 3260 ταυτοε-

414 3303 600 3365 εθνεῖς
628 3297 966 3373 παροτρύνει
997 3297 1283 3362 πολλάκις,
1315 3298 1411 3351 καὶ
1446 3295 1783 3368 καταθήγειν
1821 3296 2030 3366 ἐπιχει-

419 3398 511 3467 ρεῖ
539 3394 684 3468 πρὸς
717 3390 1020 3464 ἀπέχθειάν
1064 3408 1124 3445 τε
1159 3390 1257 3445 καὶ
1298 3389 1501 3463 μάχην.
1533 3389 1645 3442 Καὶ
1687 3389 2031 3462 μαρτυρήσει

2126 2194 2484 2263 Hebraeorum
2522 2212 2740 2253 armare
2764 2196 2986 2252 volebat
3014 2214 3025 2249 :
3059 2209 3129 2250 ne
3161 2194 3268 2249 hoc
3294 2193 3520 2265 quidem
3543 2200 3607 2248 ut
3629 2207 3724 2248 va-

2128 2290 2269 2345 leret
2299 2288 2570 2361 permittit
2599 2289 2767 2345 Deus.
2799 2289 2954 2359 ιιι
2987 2288 3236 2359 Denique
3280 2285 3446 2342 tertio
3484 2282 3757 2356 quodam.

2128 2389 2185 2437 et
2216 2381 2413 2438 ultimo
2459 2380 2788 2439 insidiarum
2834 2395 3037 2453 genere
3081 2380 3341 2436 universo
3385 2392 3489 2434 suo
3520 2377 3733 2448 populo

2129 2475 2446 2549 imperavit,
2491 2484 2554 2531 ut
2596 2475 2876 2531 masculos
2918 2472 3288 2538 suﬂocarent,
3331 2471 3600 2527 latentem
3642 2476 3730 2544 ty-

2128 2567 2422 2625 rannidem
2446 2583 2559 2624 non
2583 2566 2821 2639 amplius
2839 2565 3219 2622 dissimulans.
3248 2562 3422 2636 Igitur
3445 2577 3573 2619 cum
3596 2561 3736 2617 viris
3757 2600 3762 2609 .

2130 2661 2370 2718 fortibus
2413 2662 2624 2719 bellum
2671 2660 2814 2735 gerit
2860 2659 3077 2717 occulte
3128 2657 3387 2720 Satanas,
3431 2664 3490 2712 et
3530 2652 3749 2726 triplici

2130 2752 2308 2809 forma
2336 2752 2623 2825 componit
2644 2751 2878 2811 insidias
2902 2769 2916 2805 :
2940 2765 3004 2806 ac
3026 2764 3223 2822 pugnae
3254 2747 3480 2820 quidem
3513 2746 3765 2802 initium.

2130 2843 2283 2911 facit,
2313 2860 2440 2901 cum
2475 2844 2693 2901 callidis
2721 2843 2971 2901 consiliis
3000 2842 3070 2899 ab
3099 2842 3285 2898 animo
3312 2839 3534 2897 virtutis
3556 2839 3741 2893 incre-

2132 2948 2380 2994 mentum
2407 2937 2607 2994 avertit
2634 2956 2648 2991 :
2674 2938 2788 3010 agit
2839 2938 2990 2993 enim
3023 2946 3087 2992 ut
3119 2934 3420 3007 inopinatis
3451 2930 3763 2989 laboribus.

2132 3040 2453 3088 conteratur
2500 3040 2667 3104 atque
2710 3030 2768 3086 in
2801 3028 3119 3086 durissimis
3156 3035 3413 3083 versetur
3453 3023 3737 3081 aerumnis.

2133 3125 2205 3180 At
2235 3125 2330 3181 ubi
2369 3139 2470 3197 per
2503 3124 2621 3182 hac
2654 3123 2732 3177 nil
2762 3121 3010 3193 potuerit
3048 3119 3272 3185 laedere,
3308 3132 3470 3189 opem
3512 3116 3626 3171 Deo
3654 3113 3741 3169 fe-

2134 3222 2311 3280 rente,
2343 3229 2442 3270 eos
2468 3213 2566 3283 qui
2600 3212 2705 3269 ﬁde
2736 3211 2899 3268 nobis
2928 3210 3148 3283 cognati
3212 3217 3345 3265 sunt
3377 3205 3742 3281 ejusdemque

2134 3306 2315 3376 gentis
2358 3302 2555 3359 incitat
2576 3318 2742 3373 saepe,
2770 3312 2936 3372 atque
2964 3299 3035 3356 ad
3064 3298 3373 3355 simultates
3402 3311 3467 3352 ac
3496 3311 3740 3370 pugnam

2135 3410 2407 3453 exacuere
2456 3394 2675 3451 nititur.
2720 3394 2783 3451 Id
2830 3401 3066 3450 testatur
3108 3390 3316 3448 Paulus
3359 3389 3474 3447 illis
3513 3388 3741 3447 verbis:

415 3465 600 3558 λέγων
627 3490 657 3542 ό
685 3486 900 3550 Παῦλος
922 3502 937 3516 ·
980 3505 999 3539 ε
1041 3483 1328 3548 Κινδύνοις
1356 3485 1417 3538 ἐν
1447 3481 1841 3554 ψευδαδέλφοις
1858 3525 1873 3550 ,
1916 3500 2032 3537 κιν-

2146 3506 2163 3540 ι
2189 3486 2462 3544 Periculis
2475 3486 2533 3541 in
2550 3486 2706 3542 falsis
2726 3484 3012 3551 fratribus,
3031 3482 3296 3555 periculis
3312 3497 3381 3537 ex
3397 3495 3599 3553 genere
3618 3481 3686 3535 δ’.
3711 3496 3753 3531 ι.

417 3579 600 3644 δύνοις
634 3580 702 3634 ἐκ
735 3576 951 3646 γένους.
982 3590 1018 3632 ο
1053 3576 1118 3631 Et
1142 3575 1199 3629 δὲ
1231 3574 1300 3649 δὴ
1327 3576 1539 3647 γένοιτο
1568 3574 1665 3628 καὶ
1690 3574 1885 3629 τούτου
1917 3575 2034 3630 δια-

422 3674 693 3747 μαρτεῖν,
724 3671 831 3726 τὸν
882 3670 1027 3725 Θεῖον
1069 3670 1255 3733 αὐτοῖς
1302 3666 1540 3732 ἐνιέντας
1572 3666 1738 3737 φόϐον
1784 3666 1881 3722 τοῦ
1922 3667 2034 3721 τῶν

420 3768 597 3838 ἀγίων
630 3765 1062 3839 προεστηκότος,
1080 3763 1228 3818 καθά
1254 3763 1351 3819 καὶ
1375 3762 1446 3818 τά
1478 3762 1647 3818 πάλαι
1666 3764 1791 3826 ταῖς
1818 3762 2030 3834 μαίαις’

421 3860 734 3933 ἀναφανδὸν
748 3860 957 3934 ἐγείρει
978 3858 1176 3914 λοιπὸν
1186 3857 1315 3921 τοὺς
1333 3856 1632 3928 σφετέρους
1654 3856 2027 3923 ὑπασπιστὰς,

422 3960 504 4022 εἰς
541 3954 849 4029 ἀγριότητα
891 3954 987 4008 καὶ
1031 3952 1369 4026 μιαιφονίαν.
1440 3949 1805 4024 ’Λνθεξόμεθα
1845 3950 1902 4005 δὲ
1937 3951 2033 4005 καὶ

422 4050 600 4114 οὕτως
621 4048 725 4120 τῆς
745 4049 826 4112 είς
852 4045 1148 4118 εὐτολμίαν
1170 4045 1414 4116 ἀγάπης,
1444 4045 1541 4098 καὶ
1556 4043 1660 4116 τῆς
1680 4045 1760 4108 είς
1780 4043 2033 4117 ἀνδρείαν

426 4141 675 4213 σπουδῆς
695 4180 711 4207 ,
741 4140 842 4194 οὐκ
866 4139 1206 4212 ἠγνοηκότες
1225 4179 1241 4203 ,
1271 4137 1355 4192 ὅτι
1388 4137 1449 4192 τὸ
1477 4137 1700 4209 ἀπηχθη
1710 4136 1871 4208 μένον
1905 4138 2034 4209 παρ’

425 4235 662 4307 ἐκείνῳ,
696 4232 818 4303 Θεῷ
858 4232 1063 4304 τίμιον.
1096 4229 1350 4286 Τέθειται
1378 4229 1489 4301 γάρ
1526 4231 1585 4283 ἐν
1624 4229 1770 4299 λόγῳ
1795 4230 1891 4284 καὶ
1916 4247 2034 4298 φει-

426 4327 554 4392 δοῦς
580 4326 745 4394 ἀξιοῖ,
774 4325 839 4380 τὸ
864 4323 1126 4395 ἀνωτέρω
1159 4320 1533 4394 μαλακισμοῦ.

500 4416 716 4472 ΠΑΛΛ.
741 4416 1032 4487 Πείθομαι.
1060 4414 1244 4487 Παρὺν
1263 4413 1321 4468 δὲ
1344 4409 1501 4485 οἶμαι
1532 4413 1627 4467 καὶ
1652 4412 1811 4467 τοῦτο
1847 4413 2031 4480 πάλιν,

429 4511 529 4565 καὶ
572 4510 634 4577 ἐξ
663 4508 835 4581 αὐτῆς
877 4509 1011 4580 ἡμῖν
1043 4506 1146 4577 τῆς
1170 4506 1336 4575 ἁγίας
1371 4503 1753 4561 καταοεάσθαι
1785 4506 2031 4579 Γραφῆς.

440 4601 745 4676 ’Δπόρησις
772 4602 885 4674 γάρ
912 4599 1157 4664 ἐννοιῶν,
1185 4597 1305 4653 οῦτι
1339 4616 1462 4653 που.

502 4781 673 4837 ΚΥΡ.
711 4781 925 4835 Οὐκοῦν
958 4777 1096 4833 Θεοῦ
1134 4776 1373 4841 διδόντος
1413 4776 1667 4849 λέγομεν,
1721 4780 1798 4842 ὡς
1834 4781 1893 4833 ἐν
1922 4781 2037 4846 τοῖς

2134 3578 2431 3647 Caeterum,
2459 3579 2504 3635 si
2535 3579 2654 3635 haec
2681 3594 2823 3634 vana
2856 3586 3024 3649 atque
3047 3575 3205 3632 irrita
3224 3574 3454 3642 fuerint,
3481 3573 3595 3630 Deo
3614 3587 3745 3629 san-

2135 3681 2353 3730 ctorum
2373 3680 2787 3745 propugnatore
2806 3670 3059 3728 divinum
3076 3670 3186 3727 illis
3199 3676 3410 3725 metum
3430 3667 3736 3740 injiciente,

2133 3773 2198 3820 ut
2222 3764 2356 3820 olim
2385 3763 2816 3831 obstetricibus;
2844 3770 2962 3819 tum
2984 3778 3120 3820 vero
3148 3770 3339 3833 aperte
3372 3775 3505 3816 suos
3533 3758 3744 3815 satelli~

2134 3862 2219 3911 tes
2246 3854 2450 3911 excitat
2488 3854 2558 3909 ad
2593 3854 2863 3911 saevitiam
2891 3863 3059 3925 atque
3098 3852 3327 3909 caedem.
3357 3850 3428 3907 At
3453 3864 3587 3906 vero
3621 3856 3739 3905 tum

2133 3963 2356 4018 quoque
2383 3962 2484 4002 nos
2506 3962 2750 4005 amorem
2775 3948 2932 4002 illum
2956 3945 3289 4003 conlidentis
3312 3943 3505 4008 animi,
3532 3957 3597 3997 ac
3621 3941 3741 3997 for-

2137 4040 2392 4097 titudinis
2418 4040 2665 4096 studium
2688 4040 3077 4104 retinebimus,
3106 4054 3217 4093 non
3246 4036 3445 4108 ignari,
3478 4032 3627 4105 quod
3659 4031 3739 4087 illi

2134 4133 2262 4190 odio
2285 4133 2381 4201 sit,
2418 4134 2473 4189 id
2499 4149 2623 4189 esse
2651 4134 2765 4189 Deo
2790 4132 3178 4189 charissimum
3212 4149 3224 4184 :
3258 4145 3356 4184 eos
3389 4130 3595 4198 quippe
3633 4127 3737 4181 ali-

2134 4243 2245 4298 quo
2266 4242 2521 4290 numero,
2542 4235 2603 4281 et
2636 4241 2737 4281 sua
2769 4240 2902 4281 cura
2925 4225 3124 4296 dignos
3157 4222 3345 4287 habet,
3374 4220 3471 4292 qui
3504 4220 3737 4289 languo-

2135 4334 2251 4374 rem
2278 4333 2343 4373 ac
2373 4317 2664 4374 mollitiem
2693 4316 2865 4372 animi
2893 4315 3226 4387 superarint.

2206 4412 2405 4467 PALL.
2439 4410 2747 4468 Assentior.
2776 4411 2839 4466 In
2870 4416 3131 4481 promptu
3160 4413 3248 4463 est
3273 4412 3481 4469 autem,
3516 4409 3580 4458 ut
3609 4399 3741 4472 opi-

2134 4521 2257 4571 nor,
2293 4504 2348 4561 id
2381 4519 2604 4576 quoque
2631 4503 2795 4560 nobis
2822 4520 2890 4559 ex
2922 4503 3041 4573 ipsa
3087 4516 3244 4556 sacra
3279 4498 3567 4568 Scriptura
3608 4509 3739 4565 per-

2136 4598 2352 4669 spicere
2381 4614 2394 4651 :
2426 4612 2606 4668 neque
2634 4596 2783 4652 enim
2815 4595 2914 4651 tibi
2941 4594 3135 4650 deesse
3171 4597 3434 4665 poterunt
3464 4585 3758 4662 ejusmodb

2137 4693 2444 4750 sententiae.
3343 4687 3349 4693 ⁷

2207 4785 2368 4842 CYR.
2397 4786 2588 4858 Igitur,
2632 4788 2746 4844 Deo
2791 4786 3061 4851 donante,
3099 4782 3352 4839 dicamus
3391 4776 3559 4850 quod“
3586 4776 3644 4831 in
3673 4788 3759 4832 eo:

426 4874 668 4941 ἐπίκλην
725 4873 1049 4946 Ἀριθμοῖς,
1118 4870 1414 4929 Μωσαῖκδν
1488 4870 1548 4925 δὲ
1593 4868 1755 4924 τοῦτο
1805 4870 2029 4942 βιϐλίον·

2141 4879 2288 4935 libro
2316 4879 2573 4945 habetur,
2604 4880 2767 4951 cujus
2795 4878 3084 4949 inscriptio
3112 4885 3201 4932 est
3221 4874 3629 4935 Numerorum;
3656 4878 3746 4925 est

434 4989 457 5024 ι
513 4969 627 5024 Καὶ
683 4967 956 5038 ἐλάλησε,
1009 4965 1186 5037 φησι,
1242 4963 1447 5034 Κύριος
1494 4961 1632 5036 πρὸς
1679 4963 1931 5033 Μωσῆν,
1975 4965 2037 5018 ἐν

428 5064 501 5135 τῇ
543 5060 745 5134 ἐρήμῳ
795 5059 950 5121 Σινᾶ,
993 5058 1052 5110 ἐν
1074 5058 1143 5129 τῇ
1168 5056 1343 5127 σκηνῇ
1370 5052 1466 5109 τοῦ
1492 5055 1820 5128 μαρτυρίου,
1849 5057 1909 5109 ἐν
1938 5058 2038 5129 μιᾷ

428 5154 530 5210 τοῦ
568 5153 743 5226 μηνὸς
772 5149 871 5207 τοῦ
903 5149 1162 5221 δευτέρου
1196 5148 1372 5212 ἔτους,
1391 5146 1720 5213 ἐξελθόντων
1745 5147 1930 5205 αὐτῶν
1974 5151 2041 5205 ἐκ

430 5250 537 5322 γῆς
592 5246 901 5318 Αἰγύπτου.
940 5243 1118 5314 λέγων
1137 5261 1151 5276 ο
1184 5239 1397 5296 Λάϐετε
1427 5239 1605 5313 ἀρχὴν
1627 5240 1812 5312 πάσης
1837 5257 2038 5312 συγγε-

428 5342 586 5406 νείας
626 5341 760 5395 υίῶν
784 5337 1005 5411 Ἰσραὴλ
1021 5378 1037 5401 ,
1062 5337 1159 5391 καὶ
1182 5334 1327 5391 κατὰ
1356 5334 1683 5405 συγγενείας
1697 5333 1880 5389 αὐτῶν
1897 5375 1914 5403 ,
1943 5336 2037 5389 καὶ

431 5436 558 5489 κατ’
591 5432 779 5498 οἴκους
816 5431 1070 5505 πατριῶν
1096 5430 1300 5498 αὐτῶν,
1335 5429 1481 5484 κατά
1503 5427 1741 5501 ἀριθμὸν
1762 5429 1824 5496 ἐξ
1843 5430 2042 5501 ὀνόμα-

429 5546 525 5590 τος
550 5526 757 5593 αὐτῶν,
787 5525 932 5580 κατά
964 5521 1211 5595 κεφαλὴν
1249 5520 1461 5577 αὐτῶν·
1500 5524 1610 5586 πᾶς
1635 5522 1935 5594 ἀρσηνάπὸ
1961 5526 2042 5578 εί-

431 5621 738 5679 κοταετοῦς
786 5618 885 5674 καὶ
904 5617 1227 5683 ἐπάνω,πᾶς
1245 5619 1273 5671 ὁ
1291 5616 1725 5687 ἐκπορευόμενος
1746 5619 1799 5670 ἐν
1817 5617 2042 5691 δυνάμει

511 5760 556 5792 ⁸³³
581 5759 932 5823 Psal.cxxm,
959 5758 1073 5813 1-5.
1145 5758 1190 5789 ⁸⁹
1218 5757 1262 5812 II
1297 5757 1421 5812 Cor.
1463 5773 1515 5823 χ,
1540 5758 1628 5813 9.6.

514 5898 721 5970 (l)Sic
751 5866 879 5956 cod.
941 5896 1114 5953 Vatie.
1186 5896 1308 5953 cod.
1365 5896 1576 5965 Sirlcti,
1643 5897 1949 5971 ἀραρότως,
1989 5911 2130 5972 apte.

2144 4979 2331 5027 autem
2376 4971 2424 5026 is
2452 4969 2624 5043 Moysi
2657 4970 2883 5026 libellus
2923 4988 2938 5024 :
2980 4988 2997 5021 ι
3025 4968 3098 5024 Et
3136 4968 3358 5023 locutus
3379 4970 3483 5028 est,
3537 4960 3741 5030 inquit,

2145 5060 2412 5118 Dominus
2450 5062 2519 5117 ad
2552 5061 2774 5133 Moysen
2796 5061 2855 5116 in
2881 5060 3103 5116 deserto
3126 5056 3278 5121 Sina,
3312 5055 3369 5108 in
3386 5050 3747 5109 tabernaculo

2146 5152 2471 5219 testimonii,
2497 5153 2555 5209 in
2582 5169 2692 5208 una
2728 5151 2957 5217 mensis,
2997 5148 3128 5205 anni
3167 5142 3419 5209 secundi,
3452 5148 3745 5212 postquam

2144 5245 2352 5318 egressi
2373 5254 2503 5301 sunt
2526 5245 2597 5301 de
2620 5254 2769 5300 terra
2791 5242 3035 5315 Aigypti,
3059 5240 3254 5297 dicens
3280 5256 3292 5291 :
3327 5232 3573 5305 Accipite
3595 5247 3755 5287 sum-.

2150 5353 2295 5394 mam
2326 5337 2509 5394 omnis
2541 5336 2888 5409 cognationis
2921 5335 3162 5415 filiorum
3203 5328 3370 5387 Israel
3404 5342 3503 5399 per
3539 5340 3745 5397 cogna-

2148 5429 2331 5485 tiones
2356 5445 2505 5495 suas,
2547 5437 2608 5485 et
2636 5443 2736 5500 per
2776 5427 2974 5483 domos
3002 5423 3339 5481 familiarum
3369 5433 3618 5483 suarum,
3647 5432 3751 5488 per

2150 5538 2443 5580 numerum
2484 5538 2553 5578 ex
2595 5520 2819 5577 nomine
2861 5520 3113 5591 ipsorqu
3165 5531 3265 5587 per
3304 5513 3484 5585 capita
3514 5523 3745 5573 eorum;

2154 5636 2320 5677 omne
2366 5618 2729 5677 masculinum
2763 5633 2793 5673 a
2820 5615 3015 5689 viginti
3062 5611 3224 5670 annis
3258 5617 3313 5667 et
3343 5623 3530 5680 supra,
3561 5602 3753 5661 omnis
