4096 6488
294 5899 305 5931 ι

413 366 516 427 811

1406 368 1462 424 S.
1503 368 1781 423 CYRILLI
1820 369 2294 425 ALEXANDRINI
2332 370 2651 427 ARCIIIEI‘.

3571 365 3677 424 512

410 484 506 557 qui
540 479 820 554 egreditur
853 480 909 536 in
941 481 1181 537 exercitu
1209 479 1395 544 lsracl,
1420 486 1708 532 numerate
1738 492 1832 532 eos
1867 494 1960 534 cur

2064 536 2065 544 γ
2106 477 2353 550 Ἰσραὴλ,
2388 479 2760 551 ἐπισκέψασθε
2788 482 2984 547 αὐτοὺς
3021 483 3079 536 ὲν
3106 480 3336 552 δυνάμει
3376 481 3578 544 αὐτῶν,
3610 482 3679 536 σὺ

408 572 655 628 exercitu
675 586 865 625 eorum
894 588 906 623 :
932 577 989 624 tu
1018 576 1075 624 et
1097 568 1275 623 Aaron
1305 575 1593 622 numerate
1616 582 1712 622 eos
1736 568 1802 621 ⁸ο.
1841 586 1859 618 ›
1887 567 1990 635 Qui

408 664 579 735 igitur
605 678 721 717 mas
757 663 848 727 sit,
888 670 944 716 et
971 661 1037 716 ad
1064 674 1300 731 pugnam
1330 657 1670 729 aptissimus,
1701 666 1758 715 et
1786 659 1852 714 ad
1885 676 1989 731 pu-

408 756 675 811 bertatem
688 755 1021 825 pervenerit,
1037 753 1091 808 id
1106 762 1191 807 est
1214 753 1281 807 ad
1295 751 1609 807 ﬁrmitatem
1623 752 1986 823 spiritualcm,

405 857 463 903 et
492 848 560 903 ad
598 862 909 903 mensuram
939 847 1115 901 aetatis
1136 844 1497 917 plenitudinis
1522 844 1746 914 Christi,
1778 861 1904 902 eum
1932 847 1986 902 in

405 938 835 1010 descriptionem
862 938 1125 1003 divinam,
1161 945 1219 993 et
1264 935 1321 991 in
1362 937 1566 992 librum
1608 937 1707 992 Dei
1751 937 1983 994 relatum

402 1047 523 1088 esse
548 1033 899 1103 perspicuum
928 1047 1048 1086 esse
1074 1029 1276 1101 poterit
1294 1030 1381 1084 vel
1406 1029 1640 1103 maxime
1663 1044 1729 1084 ex
1754 1029 1842 1085 his
1862 1046 1985 1086 ver-

398 1122 486 1179 bis
522 1141 535 1177 :
564 1139 745 1194 neque
777 1124 925 1179 enim
960 1123 1067 1178 alia
1104 1122 1172 1178 de
1202 1138 1366 1178 causa
1396 1130 1735 1189 numeratur,
1770 1130 1829 1179 ut
1860 1123 1980 1194 opi-

398 1230 522 1282 nor,
559 1217 836 1272 masculus
858 1257 872 1282 ,
898 1226 954 1271 et
979 1215 1305 1287 vigesimum
1326 1230 1531 1270 annum
1569 1216 1726 1287 112
1756 1224 1852 1272 aut
1885 1232 1979 1273 su-

398 1323 496 1378 pra
528 1316 711 1374 natus,
747 1324 914 1379 quam
948 1315 1009 1361 ut
1053 1324 1152 1363 nos
1199 1323 1419 1378 quoque
1463 1307 1566 1378 ipsi
1609 1306 1982 1381 intelligamus

396 1400 551 1470 rejici
583 1416 614 1454 a
642 1400 774 1466 Deo,
804 1411 969 1471 atque
1005 1399 1324 1471 improbari,
1359 1401 1505 1472 quod
1539 1400 1759 1457 imbelle
1796 1402 1885 1469 sit,
1916 1418 1980 1458 ac

393 1507 562 1548 sensu
604 1493 829 1549 minime
871 1493 1135 1563 perfecto,
1180 1509 1416 1564 quorum
1462 1503 1758 1566 utrumque
1797 1496 1978 1550 inesse

392 1583 630 1639 dicimus
663 1583 753 1650 iis,
786 1586 881 1656 qui
911 1584 1093 1642 adhuc
1121 1601 1251 1641 sane
1268 1585 1645 1645 adolescentes
1674 1595 1822 1659 sunt,
1850 1602 1977 1642 nec-

391 1672 522 1728 dum
554 1673 621 1729 ad
652 1675 962 1745 pubertatis
991 1691 1305 1731 mensuram
1334 1684 1709 1755 pervenerunt
1754 1694 1766 1731 :
1811 1693 1975 1749 quam

388 1765 614 1836 quidem
658 1782 971 1825 mensuram
1018 1768 1201 1824 divina
1239 1769 1327 1824 lex
1368 1775 1425 1823 et
1462 1769 1616 1823 novit
1653 1777 1709 1825 et
1741 1770 1970 1837 desinit,

2098 571 2192 626 καὶ
2229 570 2442 643 Ἀαρὼν
2481 573 2850 644 ἐπισκέψασθε
2881 574 3097 637 αὐτούς.
3146 593 3164 626 ι
3205 574 3328 627 Ὀτι
3372 573 3471 644 μὲν
3502 569 3683 628 οῦντὺ

2095 662 2262 733 ἄρσεν
2291 665 2385 717 καὶ
2432 666 2839 738 μαχιμώτατον,
2876 666 2973 722 καὶ
3013 669 3094 731 είς
3128 667 3272 738 ἥϐην
3312 667 3677 738 ἀναϐεϐηκὸς,

2092 754 2402 821 τουτέστιν,
2456 758 2537 821 είς
2590 758 2804 824 εὐεξίαν
2852 759 2951 830 τὴν
3009 757 3391 829 πνευματικὴν
3449 756 3545 812 καὶ
3595 759 3680 821 είς

2095 846 2294 916 μέτρον
2343 848 2561 918 ἡλικίας
2601 850 2692 903 τοῦ
2748 849 3112 921 πληρώματος
3163 850 3258 903 τοῦ
3302 851 3575 923 Χριστοῦ,
3616 852 3679 904 ἐν

2089 939 2384 1011 ἀπογραφῇ
2435 943 2502 1013 τῇ
2550 942 2701 1013 θείᾳ,
2735 944 2829 995 καὶ
2861 944 2918 996 ἐν
2971 944 3160 1015 βιϐλίῳ
3202 945 3459 998 τέτακται
3501 942 3674 1007 Θεοῦ,

2090 1028 2257 1095 σαφὲς
2287 1028 2353 1083 ἂν
2376 1029 2586 1097 γένοιτο
2615 1032 2709 1084 καὶ
2730 1032 2817 1085 διὰ
2846 1031 3053 1085 τούτων
3075 1028 3133 1086 εὖ
3168 1032 3333 1103 μάλα·
3357 1032 3675 1104 ἀριθμεῖται

2089 1118 2199 1191 γὰρ
2247 1121 2346 1192 οὐχ
2399 1122 2585 1191 ἐτέρου
2642 1140 2734 1176 του
2783 1124 2973 1195 χάριν,
3026 1123 3277 1196 καθάπερ
3328 1119 3564 1197 ἐγῷμαι,
3609 1124 3675 1177 τὸ

2085 1207 2251 1279 ἄρσεν
2272 1213 2328 1264 ἐν
2358 1212 2588 1282 εἰκοστῷ
2603 1229 2663 1266 τε
2697 1213 2790 1267 καὶ
2824 1213 2905 1267 ἔτι
2939 1215 3162 1284 γεγονὸς
3186 1214 3493 1285 ἐνιαυτῷ,ἦ
3527 1213 3673 1267 ὥστε

2084 1299 2343 1373 δύνασθαι
2375 1304 2514 1373 νοεῖν
2545 1305 2641 1357 καὶ
2679 1306 2828 1376 ἡμᾶς
2859 1305 3077 1379 αὐτοὺς,
3109 1306 3186 1368 ὡς
3231 1304 3540 1375 ἀπόϐλητον
3570 1303 3671 1375 μὲν

2082 1389 2178 1444 καὶ
2204 1391 2462 1463 ἀδόκιμον
2486 1394 2547 1447 τὸ
2590 1390 2785 1450 άναλκί
2818 1413 2878 1449 τε
2915 1397 3007 1450 καὶ
3032 1396 3221 1467 ἀτελὲς
3250 1398 3331 1459 είς
3363 1395 3601 1461 σύνεσιν,
3634 1395 3672 1448 ἆ

2080 1481 2144 1552 δὴ
2168 1484 2449 1554 προσεῖναί
2504 1502 2685 1556 φαμεν
2722 1488 2836 1561 τοῖς
2884 1486 2966 1540 ἐτι
3014 1486 3114 1558 μέν
3154 1486 3296 1550 νέοις
3320 1486 3550 1561 κομιδῆ,
3576 1486 3672 1538 καὶ

2079 1572 2232 1627 οὔπω
2262 1574 2399 1647 πρὸς
2429 1577 2569 1648 ἥϐης
2599 1577 2793 1649 ἥκουσι
2830 1579 3050 1653 μέτρον,
3072 1581 3102 1635 ὃ
3127 1597 3233 1652 περ
3254 1584 3282 1634 ὁ
3312 1577 3452 1642 θεῖος
3475 1576 3584 1631 οἶδέ
3607 1594 3668 1630 τε

2078 1667 2175 1719 καὶ
2218 1668 2390 1738 ὁρίζει
2452 1670 2649 1740 νόμος,
2702 1672 2948 1726 τουτέστι
3006 1672 3067 1727 τὸ
3128 1673 3246 1736 ἔτος
3289 1673 3348 1725 τὸ
3398 1670 3666 1726 εἰκοστόνο

2076 1756 2257 1828 τίμιον
2289 1758 2347 1829 δέ
2368 1761 2461 1814 καὶ
2485 1762 2543 1813 ἐν
2577 1761 2798 1832 ἀριθμῷ
2829 1765 2923 1819 καὶ
2965 1764 3309 1836 ἐγνωσμένον
3337 1765 3490 1837 παρά
3519 1766 3664 1838 Θεῷ,

389 1856 565 1927 iisque
585 1867 669 1913 est
688 1874 866 1917 annus
885 1860 1181 1931 vigesimus
1207 1879 1218 1914 :
1245 1860 1302 1915 in
1319 1860 1499 1931 pretio
1522 1868 1704 1915 autem
1729 1860 1774 1915 is
1792 1869 1895 1926 est,
1918 1872 1960 1917 e1

2077 1851 2220 1904 κατά
2244 1868 2303 1904 τε
2327 1851 2536 1924 πληθὺν
2556 1894 2570 1917 ,
2595 1855 2691 1908 κιιῖ⁸
2723 1855 2855 1927 γένη
2889 1857 2985 1910 καὶ
3016 1857 3288 1927 κεφαλὰς,
3335 1859 3430 1911 καὶ
3470 1860 3668 1931 ὀνομα-

385 1944 443 1997 in
476 1961 705 2003 numero
728 1946 983 2014 habetur,
1015 1957 1071 2005 et
1100 1965 1131 2004 a
1155 1950 1269 2005 Deo
1292 1951 1642 2021 cognoscitur
1664 1966 1763 2022 per
1795 1968 1973 2023 popu-

381 2035 497 2091 lum
526 2047 582 2092 et
612 2053 804 2110 genus,
839 2048 894 2095 et
919 2040 1118 2112 capita,
1157 2049 1211 2097 et
1248 2057 1469 2109 nomen,
1505 2042 1756 2115 quisquis
1787 2044 1973 2100 adulta

372 2131 489 2199 jam
513 2138 692 2197 aetate,
720 2140 776 2187 et
805 2133 1083 2190 masculus
1114 2144 1218 2190 est.
1252 2134 1466 2191 Sanctis
1505 2137 1655 2192 enim
1687 2139 1967 2209 apostolis,

377 2220 473 2289 qui
500 2212 772 2292 ejusmodi
801 2224 949 2279 virili
971 2234 1133 2282 aetate
1149 2227 1264 2298 jam
1288 2237 1493 2295 essent,
1523 2238 1580 2285 et
1605 2230 1661 2286 in
1691 2246 1810 2285 eam
1839 2247 1968 2302 per-

373 2313 657 2370 venissent
689 2316 919 2375 rationis
955 2334 1295 2387 mensuram,
1325 2320 1535 2377 dictum
1569 2337 1601 2376 a
1637 2320 1857 2378 Christo
1884 2332 1971 2379 est

373 2403 670 2476 aliquando
724 2409 950 2479 quidem
1011 2430 1023 2465 :
1071 2431 1090 2463 ‹
1136 2412 1319 2469 Nolite
1373 2414 1612 2486 gaudere
1674 2415 1805 2486 quia
1855 2414 1966 2470 dae-

372 2497 556 2553 monia
587 2500 959 2573 subjiciuntur
990 2503 1177 2571 vobis;
1209 2505 1306 2560 sed
1336 2505 1521 2577 potius
1552 2501 1805 2579 gaudete,
1838 2510 1967 2586 quia

369 2587 597 2653 nomina
623 2599 808 2646 vestra
833 2593 1038 2664 scripta
1070 2604 1199 2650 sunt
1238 2595 1294 2650 in
1320 2596 1476 2661 ,cmlo
1510 2598 1575 2651 δι.
1611 2616 1630 2650 ι
1655 2598 1965 2670 Aliquando

370 2695 600 2759 rursus:
628 2701 646 2734 ‹
669 2682 863 2739 Nonne
888 2684 999 2740 duo
1026 2702 1276 2758 passeres
1295 2704 1415 2744 asse
1431 2691 1714 2745 veneunt?
1743 2682 1798 2747 et
1820 2709 1963 2749 unus

367 2789 437 2844 ex
459 2773 568 2830 illis
596 2790 707 2831 non
733 2776 893 2835 cadet
921 2793 1087 2850 super
1118 2787 1316 2835 terram
1349 2781 1469 2837 sine
1501 2778 1661 2837 Patre
1692 2799 1837 2848 meo,
1868 2785 1963 2855 qui

368 2871 454 2938 est
482 2862 541 2920 in
575 2866 762 2922 caelis?
791 2867 969 2925 Vestri
1009 2878 1194 2926 autem
1220 2880 1277 2927 et
1307 2872 1491 2943 capilli
1536 2873 1733 2945 capitis
1763 2891 1961 2931 nume-

366 2957 474 3012 rati
502 2966 632 3015 sunt
654 2961 718 3015 ".
754 2980 772 3013 ι
792 2961 862 3017 In
900 2978 1013 3033 quo
1038 2978 1165 3019 cum
1198 2963 1337 3019 dixit
1362 2973 1685 3033 numeratos
1717 2982 1838 3023 esse
1868 2983 1960 3023 ca-

365 3049 549 3120 pillos,
573 3050 778 3110 diserte
807 3054 1157 3126 signiticavit,
1184 3066 1246 3113 ut
1282 3057 1500 3130 opinor,
1523 3075 1687 3130 quam
1711 3059 1960 3132 diligenti

364 3155 497 3196 cura
542 3158 638 3199 eos
678 3154 1132 3216 prosequeretur.
1176 3149 1238 3204 ln
1273 3149 1477 3205 librum
1514 3150 1683 3222 igitur
1708 3152 1826 3217 Dei,
1862 3154 1959 3224 qui

363 3233 551 3309 adulta
582 3244 712 3292 sunt
741 3244 923 3306 aetate,
961 3255 1027 3295 ac
1066 3255 1246 3297 mares
1284 3239 1621 3296 referuntur.
1655 3242 1731 3297 Ea
1776 3253 1959 3300 autem

362 3341 565 3385 census
592 3327 893 3401 descriptio
935 3348 1036 3404 per
1081 3332 1307 3405 Moysen
1352 3342 1409 3390 et
1446 3336 1631 3396 Aaron
1674 3336 1860 3402 ﬁebat,
1899 3346 1961 3393 ut

360 3435 463 3490 per
500 3429 799 3499 utrumque
831 3440 1005 3483 unum
1044 3424 1414 3499 intelligamus
1442 3414 1753 3496 Christum,
1798 3440 1859 3486 ut
1900 3432 1959 3487 in

359 3513 547 3588 Moyse
590 3516 726 3588 legis
755 3518 1122 3595 conditorem,
1152 3528 1213 3575 ut
1246 3520 1303 3577 in
1345 3523 1530 3579 Aaron
1558 3538 1837 3579 summum
1866 3539 1958 3581 sa-

360 3607 646 3664 cerdotem
679 3628 692 3663 :
720 3610 900 3668 factus
927 3621 1014 3668 est
1043 3614 1193 3669 enim
1233 3622 1425 3670 noster
1472 3615 1753 3687 legislator
1791 3616 1959 3673 simul

361 3707 421 3755 et
447 3711 673 3767 sanctus
711 3711 770 3759 et
815 3703 1082 3761 innocens
1116 3721 1380 3762 summus
1419 3707 1700 3775 sacerdos,
1729 3710 1957 3782 ejusque

361 3793 683 3852 mediatoris
718 3811 886 3868 opera
918 3813 1114 3856 eorum
1138 3798 1237 3871 qui
1257 3799 1406 3855 virili
1432 3809 1561 3856 sunt
1586 3810 1745 3857 atate
1774 3810 1830 3857 et
1847 3801 1958 3858 vir-

361 3893 479 3944 tute
505 3904 621 3959 pras
646 3890 863 3948 caeteris
890 3892 1210 3964 conspicua,
1236 3892 1294 3949 in
1323 3892 1530 3950 divinis
1549 3893 1735 3952 Libris
1747 3894 1956 3952 descri-

360 3979 513 4037 bitur
544 3997 764 4041 census.
805 3982 957 4055 Quos
984 3985 1371 4057 alloquebatur
1405 3986 1572 4043 etiam
1605 3987 1951 4060 sapientissi-

357 4090 483 4132 mus
524 4076 617 4134 ille
643 4077 902 4148 Joannes,
935 4095 1063 4137 cum
1099 4081 1313 4139 diceret
1337 4081 1381 4113 ⁸³
1423 4123 1436 4136 .
1473 4101 1492 4133 ι
1542 4079 1740 4139 Scribe
1770 4081 1949 4150 vobis,

350 4167 607 4238 juvenes,
649 4171 781 4241 quia
825 4171 1002 4229 fortes
1035 4172 1170 4230 estis
1204 4181 1262 4230 et
1296 4174 1507 4231 vicistis
1552 4174 1874 4247 malignum.
1924 4196 1943 4228 ι

356 4258 683 4332 Huiusmodi
707 4273 894 4331 autem
914 4272 1046 4322 sunt
1062 4266 1101 4323 ii
1144 4266 1213 4322 de
1237 4268 1442 4338 quibus
1468 4268 1635 4324 modo
1665 4268 1945 4326 diximus:

362 4371 381 4403 ι
412 4351 606 4411 Omnis
634 4357 914 4413 masculus
956 4372 989 4413 a
1019 4358 1215 4430 viginti
1259 4359 1418 4415 annis
1450 4368 1509 4415 et
1537 4375 1725 4432 supra,
1767 4361 1949 4417 omnis

351 4446 450 4515 qui
473 4447 756 4517 egreditur
780 4448 837 4503 in
869 4450 1116 4506 exercitu
1149 4452 1317 4511 Israel
1347 4451 1412 4507 ³⁸.
1454 4472 1471 4503 ι
1502 4435 1624 4507 His
1643 4453 1713 4507 ab
1753 4468 1949 4508 eorum

2080 1942 2185 2007 στὶ,
2221 1941 2358 1998 τὸέν
2392 1945 2599 2015 ἀκμαῖς
2627 1963 2686 2000 τε
2730 1949 2823 2001 καὶ
2858 1949 3046 2020 ἄρσεν.
3091 1948 3522 2021 Ἀνδριζομένοις
3554 1954 3665 2025 γάρ

2075 2033 2249 2102 οῦτω,
2296 2038 2391 2091 καὶ
2439 2024 2519 2101 είς
2569 2033 2727 2092 τοῦτο
2779 2041 3086 2111 προήκουσι
3120 2041 3375 2109 ,διανοίας
3438 2044 3660 2115 μέτρον,

2073 2137 2185 2197 τοῖς
2226 2136 2404 2204 ἁγίοις
2449 2137 2772 2203 ἀποστόλοις
2806 2139 3021 2212 εἴρηται
3071 2142 3159 2196 διὰ
3210 2144 3486 2215 Χριστοῦ,
3528 2147 3663 2201 ποτὲ

2076 2224 2208 2295 μὲν,
2243 2226 2346 2291 ὃτι,
2383 2247 2401 2280 ι
2435 2227 2522 2299 Μὴ
2556 2229 2779 2303 χαίρετε
2808 2232 2888 2286 ὅτι
2918 2233 2989 2287 τὰ
3016 2234 3268 2307 δαιμόνια
3295 2236 3663 2311 ὑποτάσσεται

2073 2318 2223 2389 ὑμῖν,
2248 2320 2471 2393 χαίρετε
2497 2322 2552 2375 δὲ
2585 2323 2786 2394 μᾶλλον
2810 2326 2892 2379 ὅτι
2916 2326 2983 2380 τὰ
3010 2326 3253 2399 ὀνόματα
3276 2328 3304 2381 ὑ
3314 2327 3430 2400 μῶν
3452 2330 3664 2402 γέγραο

2070 2427 2200 2465 πται
2235 2413 2292 2464 ἐν
2331 2415 2445 2477 τοῖς
2477 2415 2731 2488 οὐρανοῖς
2759 2433 2772 2446 ·
2804 2436 2823 2469 ι
2858 2420 2988 2473 ποτέ
3014 2419 3088 2477 ,δὲ
3132 2420 3311 2489 πάλιν·
3350 2441 3368 2473 ι
3405 2423 3541 2494 Οὐχὶ
3567 2423 3662 2477 δύο

2071 2503 2330 2573 στρουθία
2381 2505 2643 2578 ἀσσαρίου
2693 2507 2991 2575 πωλεῖται,
3028 2511 3122 2567 καὶ
3154 2509 3211 2567 ἓν
3260 2510 3548 2577 ἐξςαὺτῶν
3594 2514 3658 2566 οὐ

2068 2597 2315 2649 πεσεῖται
2350 2597 2444 2650 ἐπὶ
2472 2596 2571 2669 τὴν
2601 2599 2735 2670 γῆν,
2772 2600 2899 2655 ἀνευ
2949 2601 3044 2655 τοῦ
3087 2601 3292 2674 πατρός
3340 2620 3439 2675 μου
3473 2601 3567 2655 τοῦ
3598 2605 3660 2657 ἐν

2067 2684 2353 2756 οὐρανοῖςς
2397 2687 2583 2759 ’Υμῶν
2610 2687 2667 2742 δὲ
2695 2690 2790 2743 καὶ
2821 2692 2877 2745 αἱ
2907 2691 3095 2762 τρίχες
3128 2691 3229 2762 τῆς
3257 2692 3503 2761 κεφαλῆς
3535 2693 3661 2763 ἠρι-

2067 2777 2346 2848 θμημέναι
2394 2779 2553 2833 εἰσίν.
2614 2799 2632 2833 ι
2685 2780 2761 2833 Τὸ
2812 2782 3040 2853 ἀκριϐὲς
3083 2779 3238 2854 οἶμαί
3278 2802 3379 2837 που
3422 2786 3520 2858 τῆς
3568 2786 3659 2838 ἐπ’

2065 2871 2253 2935 αὐτοῖς
2287 2871 2603 2944 φροντίδος,
2651 2873 2744 2927 τοῦ
2792 2874 2965 2938 αὐτάς
3000 2877 3179 2947 ,εἰπεῖν
3222 2877 3659 2947 ἀπαριθμεῖσθαι

2064 2962 2164 3028 τὰς
2187 2962 2379 3035 τρίχας
2412 2964 2843 3036 καταδηλοῦντος
2872 2962 2931 3021 εῦ
2966 2966 3127 3038 μάλα.
3147 2968 3356 3022 Οὐκοῦν
3381 2970 3438 3022 ἐν
3465 2967 3659 3041 βιϐλίῳ

2063 3052 2199 3106 Θεοῦ
2236 3053 2298 3107 τὸ
2335 3055 2393 3108 ἐν
2437 3056 2645 3127 ἀκμαῖς
2681 3073 2742 3110 τε
2782 3058 2878 3110 καὶ
2908 3057 3096 3130 ἄρσεν.
3143 3058 3475 3131 Ἐπράττετο
3501 3058 3557 3112 δὲ
3579 3060 3659 3112 τά

2062 3146 2162 3217 τῆς
2187 3148 2547 3219 ἀπογραφῆς,
2606 3149 2697 3204 διά
2733 3167 2795 3202 τε
2840 3150 3086 3223 Μωσέως
3124 3152 3219 3223 καὶ
3268 3151 3517 3224 Ἀαρὼν,
3566 3153 3657 3207 ἵνα

1988 3224 2036 3288 C
2065 3239 2133 3295 δι’
2179 3242 2382 3313 ἀμφοῖν
2437 3243 2528 3296 τὸν
2577 3242 2674 3305 ἕνα
2717 3242 2927 3315 νοῶμεν
2962 3242 3222 3316 Χριστὸν,
3254 3242 3330 3309 ὡς
3367 3248 3424 3299 ἐν
3453 3248 3654 3319 Μωσῇ,

2062 3334 2396 3407 νομοθέτην,
2438 3336 2514 3400 ὼς
2567 3339 2625 3391 ἐν
2672 3332 2920 3410 Ἀαρὼν,
2969 3338 3253 3411 ἀρχιερέα.
3303 3340 3500 3409 Γέγονε
3544 3341 3658 3413 γάρ

2060 3428 2147 3499 ἐφ’
2181 3430 2331 3500 ἡμᾶς
2369 3428 2664 3501 νομοθέτης
2714 3448 2772 3483 τε
2807 3429 2955 3502 ἅμα,
3004 3431 3101 3485 καὶ
3129 3431 3277 3495 ὅσιος
3309 3431 3405 3486 καὶ
3446 3430 3658 3496 ἄκακος

2058 3521 2371 3594 ἀρχιερεὺς,
2404 3523 2500 3576 καὶ
2538 3522 2627 3576 διὰ
2654 3522 2754 3594 τῆς
2781 3521 2946 3599 αὐτοῦ
2976 3523 3289 3613 μεσιτείας,
3331 3523 3441 3578 τῶν
3470 3525 3657 3595 ἀνδρι-

2060 3613 2305 3684 ζομένων
2339 3613 2437 3667 καὶ
2468 3613 2932 3687 ἐκπρεπεστέρων
2991 3615 3072 3679 εἰς
3108 3614 3343 3687 ἀρετὴν,
3387 3616 3445 3670 ἐν
3477 3616 3657 3682 θεεαις

2060 3703 2267 3777 βίϐλοις
2296 3707 2614 3780 ἀπογραφή.
2649 3709 3000 3780 Προσεφώνει
3030 3708 3089 3763 δὲ
3117 3710 3333 3776 τούτοις
3360 3710 3452 3763 καὶ
3488 3710 3655 3780 σοφὸς

2069 3798 2327 3871 Ἰωάννης
2352 3798 2545 3869 λέγων’
2580 3821 2599 3853 ι
2633 3801 2838 3873 Γράφω
2869 3802 3022 3873 ὑμῖν,
3056 3801 3356 3869 νεανίσκοι,
3382 3802 3464 3857 ὅτι
3505 3805 3655 3874 ίσχυ-

2058 3893 2143 3963 ροί
2195 3892 2350 3959 ἐστε,
2385 3892 2481 3947 καὶ
2528 3893 2855 3964 νενικήκατε
2899 3893 2991 3946 τὸν
3038 3894 3298 3966 πονηρόν.
3362 3913 3382 3946 ι
3432 3893 3649 3950 Οὐκοῦν

2056 3981 2167 4039 εἷεν
2206 3982 2273 4039 ἂν
2300 3978 2484 4050 οὗτοι,
2526 3985 2652 4056 περὶ
2701 3977 2777 4039 ὧν
2824 3984 3035 4056 ἔφαμεν
3075 3986 3313 4057 ἀρτίως·
3347 3985 3430 4041 ὅτι
3466 4005 3485 4039 ι
3529 3988 3651 4041 Πᾶν

2054 4076 2222 4148 ἄρσεν
2249 4077 2358 4132 ἀπὸ
2386 4075 2733 4140 είκοσαετοῦς
2791 4077 2886 4131 καὶ
2916 4076 3122 4144 ἐπάνω,
3152 4078 3263 4142 πᾶς
3285 4077 3315 4132 ὁ
3346 4077 3648 4149 ἐκπορευό-

2056 4187 2216 4242 μενος
2261 4170 2320 4223 ἐν
2361 4170 2591 4241 δυνάμει
2650 4168 2902 4241 Ἰσραήλ·
2944 4189 2963 4222 ι
3010 4168 3105 4235 οὓς
3141 4171 3226 4224 ὅτι
3271 4175 3510 4225 ποιεῖται
3555 4171 3645 4227 διά

2054 4258 2293 4330 φειδοῦς,
2316 4261 2413 4316 καὶ
2438 4259 2720 4334 φροντίδος
2741 4257 2903 4325 ἀξιοῖ,
2922 4259 3220 4331 εφιλάρετος
3240 4259 3317 4315 ὢν
3339 4260 3368 4314 ὁ
3387 4262 3648 4334 δημιουρ-

2051 4354 2147 4424 γὸς
2168 4394 2184 4420 ,
2213 4354 2454 4417 κατίδοις
2474 4393 2489 4418 ,
2522 4345 2569 4407 ὧ
2603 4352 2871 4408 Παλλάδιε
2889 4395 2904 4419 ,
2933 4354 3027 4408 καὶ
3052 4350 3139 4407 διὰ
3164 4352 3274 4407 τῶν
3302 4351 3516 4423 ,ἐφεξῆς
3545 4370 3645 4421 γε·

2051 4444 2408 4517 γραμμένων.
2447 4445 2598 4517 Ἔφη
2635 4444 2746 4515 γὰρ
2788 4444 2952 4499 πάλιν
2980 4446 3092 4508 τοῖς
3134 4444 3279 4515 ἀμφὶ
3307 4444 3515 4499 Μωσέα
3547 4444 3646 4498 καὶ

351 4537 549 4609 opiﬁce
580 4539 694 4594 Deo
721 4540 1022 4609 provideri,
1059 4559 1364 4614 eorumque
1393 4543 1471 4598 illi
1497 4558 1686 4613 curam
1708 4558 1856 4612 esse,
1885 4552 1947 4599 ut

2064 4536 2293 4609 Ἀαρὼν,
2321 4537 2478 4608 δῆλον
2503 4537 2560 4591 δὲ
2588 4539 2671 4590 ὅτι
2700 4536 2856 4603 Θεὸς,
2895 4557 2914 4589 ι
2952 4537 3064 4605 Καὶ
3100 4537 3217 4608 μεθ’
3242 4535 3396 4609 ὑμῶν
3422 4536 3644 4591 ἔσονται

351 4630 447 4699 qui
491 4630 564 4685 sit
612 4632 837 4688 virtutis
877 4643 1111 4700 amator,
1153 4635 1319 4691 etiam
1364 4650 1463 4705 per
1492 4650 1554 4690 ea
1594 4651 1717 4705 qua:
1744 4650 1943 4691 conse-

2064 4627 2281 4692 ἕκαστος
2309 4628 2451 4682 κατὰ
2487 4626 2661 4699 φυλὴν
2696 4628 2932 4682 ἑκάστου
2962 4627 3258 4701 ἄρχοντος,
3303 4630 3424 4682 κατ’
3457 4631 3644 4694 οἴκους

238 4738 247 4743 ’
350 4730 585 4791 quenter
615 4724 822 4795 scripta
850 4732 1000 4791 sunt,
1031 4726 1367 4798 perspicere,
1398 4726 1628 4793 Palladi,
1657 4726 1815 4799 facile
1839 4745 1940 4801 po-

348 4815 500 4871 teris.
531 4816 623 4873 Ait
642 4818 791 4873 enim
816 4818 1018 4874 iterum
1041 4819 1211 4891 Moysi
1235 4828 1292 4874 et
1318 4819 1518 4885 Aaron,
1550 4820 1697 4876 Deus
1747 4824 1941 4893 procul

347 4905 553 4972 dubio,
611 4926 629 4958 ι
682 4908 753 4963 Et
795 4907 1082 4964 vobiscum
1132 4916 1299 4967 erunt
1343 4908 1542 4980 singuli
1585 4926 1684 4980 per
1733 4913 1938 4968 tribum

346 4998 783 5071 uniuscujusque
844 5000 1143 5072 principis,
1211 5016 1311 5071 per
1362 5001 1555 5058 domos
1606 5003 1937 5061 familiarum

346 5097 512 5146 erunt
543 5108 556 5144 :
593 5100 650 5147 et
679 5092 797 5149 haec
823 5092 1050 5153 nomina
1081 5093 1330 5149 virorum
1350 5094 1446 5164 qui
1481 5095 1710 5152 stabunt
1745 5097 1935 5153 vobis-

348 5198 477 5238 cum
518 5183 609 5238 “:
663 5204 682 5237 ι
729 5194 1075 5258 unaquaeque
1129 5187 1278 5243 enim
1331 5188 1510 5251 tribus
1541 5206 1691 5257 eum,
1738 5192 1833 5262 qui
1880 5202 1938 5247 et

347 5273 522 5347 gloria
550 5282 606 5329 et
628 5276 835 5333 virtute
872 5278 1151 5351 pugnandi
1191 5288 1419 5336 cancros
1450 5281 1705 5348 anteiret,
1736 5283 1935 5339 ducem

348 5364 593 5421 instituit
619 5382 684 5424 ac
705 5378 1190 5440 propugnatorem,
1215 5378 1273 5426 et
1295 5372 1580 5429 sententiae
1603 5373 1934 5445 principem,

346 5464 404 5512 et
439 5471 627 5511 rerum
660 5460 1025 5530 gerendarum
1057 5471 1340 5517 auctorem
1382 5479 1395 5515 :
1428 5479 1667 5533 quorum
1702 5462 1934 5535 ﬁguram

345 5547 647 5620 praafenmt
674 5553 874 5624 angeli,
900 5555 995 5623 qui
1019 5555 1240 5610 selectis
1269 5555 1377 5611 illis
1405 5556 1559 5621 viris,
1588 5564 1644 5611 et
1669 5556 1726 5611 in
1785 5556 1932 5612 libro

345 5643 473 5702 vita:
488 5642 782 5716 descriptis
797 5645 1039 5717 prmfecti
1057 5655 1203 5702 sunt.
1224 5648 1266 5716 ι
1280 5648 1381 5718 13
1396 5647 1673 5718 Scriptum
1686 5655 1934 5704 estnam-

2052 4720 2299 4792 πατριῶν
2317 4719 2557 4787 ἔσονται,
2580 4721 2676 4774 καὶ
2702 4719 2876 4777 ταῦτα
2908 4719 2980 4774 τὰ
3002 4720 3246 4791 ὀνόματα
3274 4719 3383 4774 τῶν
3405 4720 3641 4792 ἀνδρῶν,

2049 4814 2245 4877 οῖτινες
2321 4813 2767 4885 παραστήσονται
2822 4810 2943 4882 μεθ’
2996 4812 3176 4883 ὑμῶν.
3218 4820 3253 4865 “›
3306 4812 3452 4883 Φυλὴ
3527 4814 3642 4886 γὰρ

2051 4906 2255 4979 ἑκάστη
2290 4904 2383 4959 τὸν
2417 4904 2803 4981 εὐκλεέστερον
2846 4906 2941 4959 καὶ
2981 4904 3375 4976 μαχιμώτατον
3409 4905 3642 4976 ἐφίστη-

2053 5016 2139 5054 σιν
2179 4998 2457 5071 ἡγεμόνα,
2501 4997 2599 5052 καὶ
2639 4998 3054 5070 προασπιστὴν,
3088 4997 3183 5051 καὶ
3233 4996 3431 5069 βουλῆς
3475 4996 3642 5070 ἐξάρ.

2044 5110 2229 5165 χοντα,
2264 5092 2359 5146 καὶ
2385 5090 2492 5145 τῶν
2518 5091 2812 5164 πρακτέων
2842 5090 3165 5163 εἰσηγητὴν,
3200 5082 3276 5145 ὧν
3309 5091 3375 5144 ἂν
3414 5086 3524 5144 εἷεν
3557 5093 3639 5156 είς

2044 5183 2236 5249 τύπον,
2259 5183 2310 5237 οἱ
2330 5185 2442 5249 τοῖς
2472 5182 2799 5246 ἀπολέκτοις
2841 5181 2936 5237 καὶ
2971 5184 3031 5234 ἐν
3058 5180 3229 5254 βίϐλῳ
3269 5180 3416 5254 ζωῆς
3440 5184 3638 5253 κειμέ-

2044 5293 2191 5342 νοις,
2248 5275 2611 5349 ἐφεστηκότες
2664 5273 2910 5353 άγγελοι.
2971 5273 3292 5345 Γέγραπται
3338 5274 3447 5343 γάρ
3504 5274 3640 5345 περὶ

2044 5354 2503 5433 παντδςδικαίου·
2555 5385 2573 5415 α
2618 5367 2973 5438 Παρεμϐαλεῖ
3008 5365 3241 5435 ἄγγελος
3288 5362 3497 5438 Κυρίου
3529 5365 3632 5420 κύ-

2043 5460 2157 5532 κλῳ
2188 5459 2295 5514 τῶν
2338 5457 2694 5530 φοϐουμένων
2719 5459 2914 5523 αὐτὸν,
2945 5455 3041 5511 καὶ
3080 5455 3305 5528 ῥύσεται
3348 5456 3571 5521 αὐτούς.
3606 5476 3627 5509 ›

2045 5554 2165 5607 Ὅτι
2198 5552 2256 5604 δὲ
2299 5550 2618 5619 ἀγγελικαῖς
2663 5532 3008 5620 ἐπικουρίαις
3034 5544 3455 5619 διασεσώσμεθα
3486 5548 3632 5603 κατὰ

2043 5645 2292 5717 βούλησιν
2335 5641 2502 5706 θεοῦ,
2549 5642 2887 5714 πανταχόθεν
2926 5641 2990 5695 ἂν
3023 5640 3234 5710 γένοιτο
3283 5640 3485 5709 σαφὲς,
3532 5641 3630 5696 καὶ

417 5824 461 5856 σθ
498 5822 661 5878 Num.
701 5841 735 5891 ι,
766 5825 879 5882 LE.
908 5824 948 5857 "
973 5826 1106 5882 Luc.
1136 5844 1188 5896 κ,
1213 5829 1302 5883 20.
1338 5830 1381 5863 ⁵³
1405 5827 1594 5886 Matth.
1625 5845 1677 5895 κ,
1708 5827 1797 5895 ‘29,
1823 5827 1908 5883 50.

2064 5825 2260 5882 lJoan.
2300 5842 2371 5893 ιι,
2402 5825 2487 5881 15.
2566 5825 2608 5857 θ’
2646 5825 2817 5882 Exod.
2845 5841 2947 5880 xxx
2975 5866 2991 5893 ,
3033 5824 3117 5880 14.
3195 5824 3485 5882 ⁶⁵Νιιῐιι.1,
3528 5820 3622 5881 18.
