4096 6498
287 344 410 417 ’315
1061 358 1152 414 DE
1191 357 1636 414 ADORATIONE
1674 356 1743 412 IN
1783 356 1915 413 SPll

2017 357 2055 415 U
2099 358 2188 414 ET
2229 360 2602 420 VEltlTATE.
2659 365 2793 420 LIB.
2837 345 2930 422 1v;
3501 373 3609 431 3M

300 473 555 543 περιττὸν
594 468 756 546 οἶμαι
795 474 1073 545 συλλέγειν
1102 479 1182 540 εἰς
1212 479 1273 530 τὸ
1309 476 1504 548 παρὸν,
1544 475 1643 539 τὰς
1675 475 1888 540 δείξεις·

2017 491 2105 546 [ue
2123 477 2192 532 de
2203 494 2540 550 unoquoque
2552 481 2701 553 justo
2733 483 3020 553 proboque
3035 481 3153 538 viro
3174 499 3184 537 τ
3209 504 3227 534 ι
3250 484 3615 542 Castrameta—

297 566 478 620 καίτοι
503 567 623 627 τοῖς
657 565 910 620 ἐθέλουσι
959 569 1117 638 μετδν
1167 567 1263 621 καὶ
1305 564 1426 622 λίαν
1458 567 1695 632 εὐκόλως
1741 567 1901 638 εἴπερ

2017 571 2164 626 bitur
2194 575 2422 644 angelus
2454 575 2674 630 Domini
2716 576 2772 630 in
2820 576 3057 631 circuitu
3099 577 3412 633 timentium
3457 596 3609 648 eum,

298 658 502 711 ἕλοιντο
528 656 699 711 τοῦτο
731 658 893 731 δρᾷν.

2017 674 2071 720 et
2097 664 2297 735 eripiet
2325 681 2422 722 eos
2465 667 2530 720 “.
2571 685 2589 718 ι
2617 666 2775 734 Quod
2806 676 2993 722 autem
3031 669 3348 739 angelorum
3382 672 3608 738 auxilio,

305 751 377 806 sic
401 750 519 805 Deo
551 753 806 820 volente,
840 755 1009 810 cincti
1051 755 1242 820 simus,
1280 754 1630 811 manifestum
1667 756 1911 828 undique
1950 757 2070 815 ﬁeri
2111 769 2313 832 potest,
2380 778 2446 817 ac
2513 777 2984 833 supervacaneum
3027 772 3160 834 puto
3193 765 3250 820 in
3279 777 3609 836 praesentem

314 844 474 898 locum
503 859 826 916 congerere
852 848 976 918 ejus
1000 847 1076 902 rei
1105 848 1460 917 probationes
1481 891 1494 916 ,
1521 865 1647 907 cum
1677 852 1984 921 praesertim
2015 855 2333 911 volentibus
2387 855 2443 910 id
2471 855 2655 911 facere
2688 855 2746 909 in
2810 863 3069 927 promptu
3137 858 3227 924 sit,
3263 866 3321 913 et
3386 861 3610 930 quidem

316 938 585 1004 facillime,
627 942 674 995 si
705 942 874 997 modo
905 944 982 998 ita
1011 944 1380 1000 decreverint.

373 1033 590 1087 llAAA.
620 1034 840 1088 Οὐκοῦν
879 1036 956 1100 ὡς
991 1039 1048 1092 ἐν
1080 1035 1236 1107 τύπῳ
1276 1037 1357 1108 τῷ
1387 1037 1530 1092 κατὰ
1583 1038 1791 1094 Μωσέα
1814 1039 1910 1094 καὶ

317 1125 526 1199 Ἀαρὼν
555 1125 649 1181 διὰ
687 1129 930 1201 Χριστοῦ
967 1129 1165 1199 γένοιτ’
1195 1129 1263 1184 ἂν
1295 1129 1405 1186 τῶν
1431 1131 1836 1205 ἀνδριζομένων
1875 1135 1908 1204 ἡ

300 1219 630 1290 ἀπογραφή·

369 1313 544 1368 ΚΥΡ.
601 1312 764 1367 Οῦτω
818 1315 986 1386 φημί’
1035 1315 1302 1390 ἀποφέρει
1351 1316 1462 1390 γὰρ
1512 1319 1664 1390 ἡμᾶς
1707 1319 1789 1383 εἰς
1821 1319 1911 1373 τὸν

301 1405 395 1459 ἐπὶ
448 1406 594 1478 τῷδε
639 1406 799 1477 λόγον
819 1449 835 1475 ,
869 1408 972 1462 ούκ
1003 1409 1269 1464 ἀπίθανον
1297 1409 1420 1482 ἕχον
1457 1410 1556 1484 τὴν
1588 1412 1823 1487 ὑποψίαν
1850 1413 1912 1466 τὸ

303 1499 462 1574 παρὰ
490 1500 574 1572 τῷ
609 1500 876 1573 μακαρίῳ
906 1503 1130 1573 Δανιήλ.

374 1595 596 1649 ΠΑΛΛ.
635 1595 710 1647 Τὸ
745 1597 901 1648 ποῖον
936 1595 987 1648 τί
1022 1597 1166 1666 φής;

373 1687 548 1742 ΚΥΡ.
574 1687 850 1742 Τεθέαται
885 1690 985 1761 μὲν
1009 1689 1141 1762 γὰρ,
1174 1691 1251 1756 ὡς
1270 1693 1335 1745 ἐν
1364 1691 1554 1765 ἡλικίᾳ
1576 1694 1644 1766 τῇ
1674 1692 1915 1765 πρεσϐυ-

302 1782 428 1850 τικῇ
449 1779 548 1832 τὸν
583 1780 848 1852 Πατέρα,
885 1779 1053 1852 λευκῇ
1105 1782 1203 1852 μὲν
1247 1781 1410 1854 πολιᾷ
1449 1784 1912 1854 κατεστεμμένον,

303 1871 576 1944 ἐνδύμασι
642 1871 701 1925 δὲ
744 1874 857 1937 τοῖς
894 1875 954 1927 ἐν
1006 1874 1136 1927 εἴδει
1182 1874 1361 1946 χιόνος
1403 1876 1687 1947 ἐκπρεπῆ,
1720 1876 1826 1946 ἐφη
1858 1877 1916 1929 δέ

303 1967 382 2018 ὅτι
416 1985 434 2016 ι
466 1965 587 2019 Καὶ
619 1963 797 2035 βίϐλοι
831 1964 1210 2037 ἠνεῴχθησαν,
1230 1968 1326 2022 καὶ
1349 1969 1634 2040 κριτήριον
1657 1969 1912 2033 ἐκάθισε,

305 2059 396 2110 καὶ
429 2053 606 2112 εἶδον.
637 2059 751 2111 Καὶ
780 2058 891 2112 ἰδοὺ
939 2058 1078 2130 μετὰ
1119 2058 1229 2114 τῶν
1263 2059 1506 2130 νεφελῶν
1539 2059 1644 2114 ,τοῦ
1684 2060 1914 2132 ούρανοῦ

313 2149 377 2213 ὡς
407 2151 550 2216 Υἱὸς
586 2150 884 2222 ἀνθρώπου
921 2152 1240 2224 ἐρχόμενος,
1276 2153 1369 2208 καὶ
1407 2153 1513 2217 ἕως
1535 2151 1631 2206 τοῦ
1672 2152 1912 2208 Παλαιοῦ

307 2242 410 2296 τῶν
437 2243 680 2316 ἡμερῶν
710 2244 939 2315 ἔφθασε,
964 2246 1060 2299 καὶ
1083 2245 1316 2301 ἐνώπιον
1345 2247 1510 2301 αὐτοῦ
1543 2247 1911 2319 προσηνέχθηο

304 2335 398 2388 καὶ
426 2335 586 2407 αὐτῷ
611 2334 772 2407 ἐδόθη
804 2338 838 2407 ἡ
868 2337 1034 2409 ἀρχὴ,
1064 2339 1158 2392 καὶ
1183 2339 1218 2411 ἡ
1249 2339 1384 2411 τιμὴ
1408 2340 1504 2393 καὶ
1528 2340 1561 2410 ἡ
1595 2339 1860 2410 βασιλεία.
1889 2358 1907 2392 ι

304 2428 441 2481 Ὅτε
473 2427 591 2497 γὰρ
614 2428 674 2480 ὲν
703 2428 926 2499 εῖδειτῷ
952 2429 1073 2482 καθ’
1099 2431 1249 2501 ἡμᾶς
1267 2430 1491 2499 γέγονεν
1519 2432 1548 2484 ὁ
1576 2432 1910 2502 Μονογενὴςι

304 2520 428 2574 τότε
470 2520 572 2574 καὶ
620 2519 843 2590 βίϐλους
875 2519 1117 2593 ἠνέῳξέν
1151 2523 1180 2574 ό
1214 2522 1429 2595 Πατὴρ,
1464 2523 1560 2578 καὶ
1605 2523 1777 2594 ἀνῆκε
1815 2524 1916 2594 μὲν

305 2613 402 2667 τοῦ
435 2613 734 2686 κρίνεσθαι
761 2614 890 2678 τοὺς
925 2615 1145 2686 ἐνόχους
1171 2615 1491 2686 ἁμαρτίαιςο
1517 2618 1690 2688 ἐφῆκε
1719 2616 1776 2671 δέ
1804 2618 1916 2680 τοῖς

306 2705 732 2776 ἀνδριζομένοις
762 2704 826 2758 τὸ
865 2705 1246 2776 ἐγγράφεσθαί
1277 2723 1340 2760 τε
1381 2706 1475 2760 καὶ
1504 2706 1915 2779 ἐναριθμεῖσθαι

306 2800 501 2853 λοιπὸν
533 2800 651 2862 τοῖς
687 2796 802 2852 ἄνω
827 2799 1034 2869 χοροῖς,
1067 2797 1165 2852 καὶ
1199 2799 1256 2853 ἐν
1286 2798 1478 2870 μνήμῃ
1512 2797 1727 2852 κεῖσθαι
1755 2796 1913 2852 Θεοῦ.

320 2892 538 2945 Ἀκούω
580 2891 640 2944 δὲ
679 2890 980 2961 ψάλλοντος
1015 2889 1109 2944 τοῦ
1141 2890 1416 2963 μακαρίου
1451 2889 1616 2944 Δαϐὶδ
1645 2888 1775 2962 περὶ
1805 2889 1916 2943 τῶν

310 2987 390 3050 εἰς
437 2984 688 3056 Χριστὸν
747 2982 1254 3055 πεπαρῳνηκότων·
1312 3000 1330 3034 ι
1408 2982 1917 3053 Ἐξαλειφθήτωσαν

310 3080 374 3130 ἐκ
407 3076 600 3149 βίῦλου
631 3074 885 3141 ζώντων,
926 3075 1022 3128 καὶ
1069 3074 1210 3147 μετά
1249 3075 1478 3130 δικαίων
1518 3077 1580 3130 οὐ
1613 3076 1916 3147 γραφήτω-

313 3191 432 3227 σαν.
474 3192 494 3224 ι
552 3170 892 3225 Πεπτώκασι
939 3169 1040 3240 μὲν
1089 3171 1201 3242 γὰρ
1236 3170 1296 3238 ἐξ
1347 3169 1610 3234 ἀσθενοῦς
1653 3168 1916 3241 λογισμοῦ

314 3266 404 3320 καὶ
433 3264 537 3336 τῆς
567 3267 649 3330 είς
682 3263 922 3336 Χριστὸν
959 3261 1234 3326 πολιτείας
1259 3261 1320 3327 ἐξ
1356 3261 1644 3333 ἀνανδρίας
1665 3263 1920 3333 ἡμαρτη-

311 3359 509 3426 κότες,
539 3358 592 3412 οἱ
622 3355 848 3429 χρηστῷ
881 3373 942 3409 τε
991 3355 1084 3410 καὶ
1137 3352 1509 3426 φιλανθρώπῳ
1552 3353 1779 3425 νεύματι
1822 3352 1918 3408 τοῦ

310 3451 450 3505 Θεοῦ
477 3452 578 3504 καὶ
619 3449 842 3522 Πατρὸς
874 3448 1319 3520 ἐκτετιμημένον
1350 3446 1651 3517 κέκληνται
1685 3446 1785 3517 μὲν
1809 3445 1919 3518 γάρ

312 3545 392 3607 εἰς
419 3543 551 3607 τοὺς
589 3542 842 3614 γάμους,
877 3538 1138 3612 μαλακῶς
1180 3539 1238 3592 δέ
1274 3538 1372 3591 καὶ
1412 3537 1763 3609 παρειμένως
1804 3539 1919 3601 τοῖς

312 3638 493 3706 ἁγίοις
543 3634 1028 3706 δειπνοκλήτορσιν
1087 3629 1492 3704 ἀπεκρίναντο,
1551 3630 1832 3699 λέγοντες”
1886 3631 1915 3682 ό

317 3732 450 3802 μὲν,
482 3730 569 3783 ὅτι
609 3728 782 3799 ἀγρὸν
825 3727 1098 3798 ὴγόρασαο
1133 3725 1163 3777 ό
1203 3724 1294 3791 δὲ,
1323 3727 1406 3779 ὅτι
1437 3725 1674 3793 γυναῖκα
1708 3721 1912 3792 ἔγημα,

316 3826 412 3878 καὶ
437 3824 502 3876 οὐ
546 3821 792 3894 δύναμαι
821 3820 1017 3874 ἐλθεῖν.
1061 3816 1308 3882 Ἀκούεις
1340 3817 1610 3885 λεγόντων
1639 3815 1914 3887 πανταχῆ,

316 3917 398 3969 ὅτι
430 3916 508 3968 Οὐ
538 3913 800 3985 δύναμαν
832 3912 957 3977 νοῦς
987 3910 1100 3984 γὰρ
1130 3912 1161 3964 ὁ
1199 3909 1543 3982 ἀνθρώπινος
1575 3910 1657 3974 εἰς
1698 3908 1918 3981 φιληδο-

317 4009 438 4062 νίαν
485 4009 767 4079 κοσμικὴν
815 4004 1232 4070 ἀπονενευκὼς,
1270 4004 1510 4074 ἀδρανής
1557 4002 1617 4056 τέ
1657 4004 1773 4056 ἐστι
1823 4001 1918 4055 καὶ

320 4101 552 4164 ἄναλκις
602 4101 686 4164 εὶς
726 4099 790 4154 τὸ
829 4097 1165 4170 ἐργάξεσθαι
1206 4097 1278 4150 τὰ
1316 4094 1410 4150 τοῦ
1455 4095 1616 4149 Θεοῦ·
1657 4093 1813 4148 ἔσται
1862 4093 1918 4147 δὲ

321 4189 476 4259 οὗτος
510 4193 610 4249 καὶ
654 4193 753 4264 τῆς
782 4191 1036 4264 οὐρανίου
1064 4190 1162 4245 καὶ
1193 4189 1344 4252 θείας
1394 4188 1666 4260 ἀμέτοχος
1699 4186 1916 4258 ἑορτῆς.

390 4286 609 4339 ΠΑΛΛ.
653 4283 834 4340 Μόνον
874 4277 971 4337 οὖν
1014 4282 1124 4354 ἀρα
1157 4281 1220 4334 τὸ
1257 4279 1469 4352 ἡὸηκὸς
1517 4279 1615 4333 καὶ
1651 4279 1916 4349 ἀνδρεῖον,

324 4379 418 4432 καὶ
447 4377 666 4448 ἔμφρον
701 4375 804 4446 ἥδη
822 4392 970 4438 πως,
1005 4377 1063 4428 ἐν
1092 4373 1388 4446 ἀπογραφῇ
1420 4370 1556 4424 Θεοῦ
1577 4411 1592 4436 ,
1625 4369 1720 4423 καὶ
1747 4369 1806 4422 ἐν
1837 4368 1918 4439 βί-

323 4470 436 4542 ϐλῳ
474 4468 733 4534 ζώντων,
773 4467 836 4522 τὸ
859 4467 918 4522 δὲ
948 4465 1023 4538 μὴ
1065 4463 1308 4520 τοιοῦτον
1345 4464 1493 4519 ἀπαν
1514 4503 1529 4529 ,
1552 4461 1815 4532 ἀδόκιμον
1880 4460 1914 4532 ἢ

324 4581 441 4626 πως
461 4581 476 4628 ς

393 4655 566 4708 ΚΥΡ.
620 4651 852 4724 Ἀκριόἧ
896 4651 990 4705 καὶ
1023 4647 1398 4721 ἐγηγερμένον
1445 4645 1612 4711 ἐνιεὶς
1659 4645 1750 4699 τὸν
1792 4644 1917 4700 νοῦν

325 4749 437 4810 τοῖς
475 4745 920 4814 Γεγραμμένοις,
954 4743 1079 4813 εἴσῃ
1102 4758 1185 4794 τοι
1214 4740 1278 4792 τὸ
1307 4737 1532 4810 ἀληθές.
1579 4737 1922 4807 Ἀπογράφε-

321 4855 413 4891 ται
436 4837 550 4908 γὰρ
583 4837 706 4906 οὐχὶ
726 4835 788 4889 τὸ
813 4836 871 4888 ἐν
893 4834 1007 4907 ἥϐῃ
1034 4833 1214 4905 μόνον,
1246 4832 1341 4886 καὶ
1367 4832 1426 4884 ἐν
1446 4829 1558 4883 ἔτει
1583 4829 1662 4902 τῷ
1691 4827 1922 4900 εἰκοστῷ

2081 1040 2279 1096 PALL.
2312 1040 2458 1112 Ergo
2494 1041 2548 1096 in
2581 1040 2754 1114 ﬁgura
2799 1041 2968 1112 Moysi
2995 1049 3051 1098 et
3093 1043 3300 1109 Aaron,
3325 1061 3423 1114 per
3453 1045 3610 1101 Clu-i-

2012 1140 2160 1188 stum
2192 1131 2311 1186 ﬁeri
2345 1142 2508 1203 putas
2535 1133 2964 1205 descriptionem
3015 1148 3080 1188 ac
3112 1150 3338 1191 censum
3365 1137 3610 1194 virorum

2013 1225 2281 1280 fortium?

2084 1317 2244 1373 CYR.
2278 1317 2357 1372 lta
2394 1334 2596 1374 censeo
2629 1334 2642 1372 τ
2680 1317 2748 1372 ad
2779 1318 2922 1373 hanc
2948 1333 3190 1389 namque
3218 1321 3493 1389 eponendi
3519 1338 3606 1376 ra-

2017 1411 2220 1466 tionem
2257 1411 2405 1467 haud
2439 1412 2793 1483 improbabili
2841 1413 3160 1484 conjectura
3211 1428 3314 1468 nos
3357 1414 3610 1484 perducit.

2015 1503 2151 1560 illud
2180 1502 2329 1574 quod
2360 1513 2446 1559 est
2476 1502 2624 1574 apud
2657 1503 2962 1560 Danielem.

2085 1593 2284 1649 PALL.
2316 1580 2622 1662 Quodnam
2637 1595 2776 1650 illud
2806 1604 2891 1651 est
2909 1597 2932 1650 ?

2086 1686 2245 1743 CYR.
2277 1688 2696 1759 Contemplatus
2725 1695 2812 1745 est
2840 1689 2990 1744 enim
3021 1689 3112 1745 ille
3149 1696 3408 1761 tanquam
3450 1691 3609 1745 senili

2007 1786 2177 1836 {etate
2206 1781 2458 1847 Patrem,
2493 1781 2726 1838 candida
2768 1783 2995 1838 caesarie
3035 1791 3356 1854 comptum,
3407 1784 3609 1839 vestitu

2015 1871 2159 1927 nivis
2197 1871 2370 1928 instar
2396 1873 2634 1929 candido
2678 1874 2950 1946 insignem
2974 1916 2988 1940 ,
3047 1874 3302 1945 dixitque
3335 1893 3348 1929 :
3390 1895 3408 1926 ι
3457 1875 3610 1930 Libri

2026 1965 2200 2035 aperti
2234 1975 2363 2022 sunt
2391 1967 2738 2039 etjudicium
2767 1970 2934 2034 sedit,
2969 1970 3181 2025 etvidi.
3205 1971 3272 2024 Et
3310 1985 3440 2026 ecce
3479 1985 3605 2025 cum

2016 2059 2262 2115 nubibus
2284 2059 2413 2115 cmli
2448 2069 2510 2116 ut
2537 2061 2710 2118 Filius
2734 2061 2980 2118 hominis
3009 2062 3290 2127 veniebat,
3339 2070 3397 2117 et
3435 2078 3608 2132 usque

2022 2151 2090 2206 ad
2113 2151 2416 2223 Antiquum
2446 2153 2668 2209 dierum
2709 2155 2987 2225 pervenit,
3047 2162 3106 2210 et
3154 2155 3208 2209 in
3250 2162 3608 2224 conspectum

2015 2245 2136 2316 ejus
2155 2245 2456 2315 perductus
2473 2256 2579 2311 est,
2605 2253 2663 2302 et
2705 2246 2810 2316 ipsi
2863 2245 3026 2301 datus
3059 2255 3145 2301 est
3176 2246 3522 2316 principatus
3556 2254 3610 2300 et

2015 2336 2213 2402 honor,
2233 2347 2292 2393 et
2328 2352 2558 2408 regnum
2575 2338 2641 2390 ⁸⁷.
2673 2356 2691 2388 ι
2727 2336 2864 2392 Cum
2884 2335 3032 2391 enim
3064 2338 3157 2392 ille
3189 2336 3514 2408 Unigenitus
3555 2336 3610 2390 in

2017 2438 2203 2485 nostra
2223 2430 2407 2501 specie
2419 2429 2596 2485 factus
2614 2437 2719 2496 est,
2739 2438 2873 2485 tunc
2902 2439 2960 2485 et
2979 2430 3152 2485 libros
3177 2429 3393 2499 aperuit
3425 2429 3607 2494 Pater,

2017 2529 2074 2578 et
2102 2522 2171 2576 ab
2194 2521 2613 2594 iisjudicandis,
2644 2523 2740 2593 qui
2763 2522 2845 2578 rei
2867 2533 3222 2594 peccatorum
3259 2533 3437 2590 erant,
3477 2538 3610 2579 con-

2015 2614 2229 2685 quievit
2269 2633 2282 2670 :
2325 2622 2652 2685 potestatem
2707 2631 2928 2686 quoque
2979 2616 3110 2672 fecit
3159 2615 3400 2672 fortibus
3445 2616 3604 2681 viris,

2018 2723 2128 2778 qua
2181 2707 2294 2762 illis
2327 2707 2525 2763 liceret
2577 2706 2843 2772 describi,
2880 2722 2944 2762 ac
3017 2707 3239 2777 superis
3273 2705 3386 2761 illis
3425 2706 3612 2761 choris

2019 2800 2395 2865 annumerari,
2419 2809 2476 2857 et
2509 2800 2608 2856 Dei
2636 2800 2905 2855 memoria
2925 2799 3223 2856 contineri.
3260 2798 3402 2854 Audi
3443 2798 3613 2854 etiam

2018 2892 2241 2948 beatum
2279 2892 2452 2948 David
2489 2894 2817 2964 psallentem
2855 2891 2925 2947 de
2972 2892 3061 2958 iis,
3112 2893 3206 2962 qui
3238 2891 3296 2947 in
3330 2891 3611 2948 Christum

2019 2985 2342 3042 debacchati
2379 2992 2513 3041 sunt
2554 3003 2567 3038 :
2613 3004 2630 3036 ι
2671 2985 2972 3040 Deleantur
3009 2983 3078 3038 de
3120 2983 3265 3038 libro
3284 2981 3611 3047 viventium,

2018 3086 2077 3134 et
2113 3094 2238 3133 cum
2253 3078 2424 3149 justis
2458 3093 2572 3131 non
2610 3077 2924 3132 scribantur
2943 3076 3007 3129 ⁸³.
3038 3094 3056 3127 ›
3094 3075 3433 3131 Exciderunt
3464 3073 3613 3128 enim

2020 3171 2340 3227 infirmitate
2372 3170 2628 3234 rationis,
2671 3175 2728 3224 et
2763 3185 2793 3222 a
2828 3167 3033 3224 Christi
3053 3166 3472 3223 conversatione
3500 3180 3615 3236 pne

2020 3263 2236 3336 ignavia
2273 3271 2522 3318 extorres
2556 3259 2691 3317 facti
2742 3268 2894 3326 sunt,
2936 3275 3061 3314 cum
3117 3258 3316 3314 iisdem
3376 3257 3613 3328 benigna

2019 3356 2390 3426 clementique
2427 3355 2524 3410 Dei
2544 3361 2601 3409 et
2637 3353 2817 3409 Patris
2867 3353 3150 3407 voluntate
3182 3351 3362 3405 honor
3396 3349 3614 3405 delatus

2021 3460 2202 3510 esset:
2237 3450 2420 3506 vocati
2455 3463 2696 3519 namque
2733 3454 2864 3502 sunt
2881 3445 2950 3501 ad
2985 3443 3234 3517 nuptias,
3274 3443 3616 3515 negligenter

1945 3576 1988 3633 ο
2021 3554 2207 3601 autem
2242 3545 2586 3613 remisseque
2629 3540 2838 3596 sanctis
2885 3537 3277 3593 invitatoribus
3316 3535 3617 3606 responde-

2022 3643 2175 3704 runt,
2208 3635 2477 3699 dicentes,
2517 3649 2664 3688 unus
2697 3631 2923 3703 quidem
2948 3671 2963 3696 ,
3007 3644 3201 3700 agrum
3233 3643 3293 3683 se
3323 3628 3613 3692 coemisse,

2022 3732 2163 3788 alter
2187 3745 2322 3785 vero
2368 3742 2600 3784 uxorem
2623 3723 2881 3790 duxisse,
2910 3738 3016 3778 nec
3052 3737 3214 3793 posse
3245 3721 3457 3777 venire.
3498 3719 3616 3774 Au-

2021 3820 2108 3876 dis
2137 3819 2343 3889 ubique
2375 3833 2473 3874 eos
2492 3817 2676 3872 dicere
2701 3833 2714 3868 :
2737 3815 2858 3870 Non
2903 3828 3128 3885 possum
3147 3813 3193 3845 ⁸⁸
3231 3811 3474 3868 :etenim
3507 3811 3612 3865 hu-

2013 3929 2219 3970 manus
2236 3913 2456 3968 animus
2492 3910 2560 3965 ad
2599 3908 2791 3963 mundi
2830 3908 3144 3978 voluptates
3178 3918 3492 3976 propensus
3529 3902 3614 3957 in-

2023 4006 2214 4062 firmus
2251 4013 2338 4060 est
2384 4012 2439 4058 et
2497 4001 2775 4056 invalidus
2835 3999 2903 4054 ad
2961 4014 3028 4054 ea
3087 3996 3441 4067 exsequenda
3489 4012 3616 4066 qua:

2021 4100 2120 4155 Dei
2140 4105 2272 4156 sunt
2304 4115 2318 4151 :
2358 4096 2507 4152 idem
2533 4110 2700 4166 porro
2734 4094 2843 4150 erit
2874 4091 3049 4148 divini
3084 4090 3439 4160 cmlestisquc
3479 4105 3614 4145 con-

2019 4191 2156 4245 vivii
2195 4204 2414 4259 expers.

2091 4280 2290 4336 PALL.
2315 4279 2430 4335 Soli
2457 4278 2627 4350 igitur
2643 4275 2820 4332 adulti
2848 4284 2906 4331 et
2922 4274 3098 4330 fortes
3118 4273 3250 4338 viri,
3283 4279 3341 4327 et
3368 4270 3613 4342 pruden-

2024 4375 2100 4430 tia
2115 4374 2227 4445 jam
2245 4370 2448 4436 ornati,
2470 4369 2527 4424 in
2557 4369 2656 4425 Dei
2687 4367 3064 4438 descriptione
3102 4374 3424 4427 censentur,
3464 4370 3522 4418 et
3557 4362 3614 4416 in

2022 4466 2168 4522 libro
2184 4465 2330 4529 vitae;
2351 4463 2555 4534 quique
2576 4460 2805 4515 minime
2822 4458 3096 4531 ejusmodi
3116 4465 3265 4523 sunt,
3300 4470 3496 4512 omnes
3515 4454 3617 4507 im—

2025 4557 2349 4629 probantur,
2370 4570 2439 4609 an
2463 4553 2666 4610 secus?

2103 4648 2264 4721 ιιι,
2296 4647 2456 4704 CYR.
2511 4646 2568 4702 Si
2602 4652 2859 4701 accurate
2895 4642 3300 4714 vigilanterque
3332 4637 3401 4694 ad
3428 4636 3616 4706 Serip-

2026 4753 2084 4800 tu
2092 4758 2205 4798 ram
2215 4741 2457 4796 animum
2472 4737 2802 4802 intenderis,
2819 4736 3098 4806 intelliges
3111 4734 3358 4805 profecto
3375 4731 3507 4804 quid
3526 4746 3619 4784 ve-

2026 4851 2152 4891 rum
2185 4835 2274 4890 sit.
2296 4832 2640 4894 Describitur
2656 4844 2899 4899 namque
2930 4843 3040 4882 non
3063 4826 3241 4882 solum
3279 4823 3373 4895 qui
3395 4823 3617 4880 adultus

325 4929 558 4998 γεγονὸς
579 4970 594 4993 ,
626 4927 1033 4999 προστέτακται
1062 4925 1120 4979 δὲ
1177 4926 1292 4990 ὅτι,
1329 4926 1438 4977 πᾶν
1476 4924 1670 4994 ἄρσεν.
1716 4925 1788 4977 Ἢ
1817 4924 1915 4978 οὐκ

2021 4937 2127 4994 est,
2139 4935 2303 4996 atque
2313 4940 2522 4979 annum
2536 4930 2698 4977 natus
2714 4919 3062 4992 vigesimum,
3076 4917 3172 4972 sed
3190 4915 3372 4972 onmis
3385 4913 3616 4970 masculi

323 5023 529 5085 ἐννοεῖς
561 5019 597 5074 ἃ
618 5019 791 5090 λέγως

391 5201 606 5254 ΠΛΛΛ.
632 5199 888 5271 Συνίημι.

391 5301 563 5354 ΚΥΡ.
600 5300 848 5367 Οὐκοῦν,
887 5301 938 5353 εί
987 5299 1085 5370 μέν
1112 5299 1212 5370 τῆς
1259 5301 1318 5353 ἐν
1353 5298 1578 5369 Χριστῷ
1622 5295 1922 5368 νοουμένης

319 5393 570 5464 ἀνδρίας,
601 5393 697 5446 καὶ
720 5395 749 5446 ὁ
769 5393 879 5446 τῶν
909 5392 1234 5464 ἐπιτηδείων
1257 5393 1336 5456 είς
1353 5391 1416 5444 τὸ
1436 5389 1697 5444 δύνασθαι
1721 5405 1922 5460 κατορ-

320 5486 451 5540 θοῦν
504 5481 567 5539 εῦ
624 5485 772 5556 μάλα
820 5485 922 5556 τὴν
966 5486 1172 5556 ἀρετὴν
1218 5484 1638 5555 περιεργάζοιτο
1683 5483 1916 5552 τρόπος,

2027 5020 2296 5090 imperata
2334 5024 2420 5072 est
2443 5014 2767 5086 descriptio.
2807 5012 2892 5068 An
2933 5018 2993 5066 tu
3029 5025 3222 5081 parum
3263 5007 3398 5080 quid
3435 5007 3614 5062 dicam

2024 5111 2292 5182 intelligis
2312 5109 2336 5164 ?

2096 5202 2295 5258 PALL.
2320 5199 2591 5272 Intelligo.

2095 5295 2254 5352 (ΠΒ.
2297 5294 2352 5350 Si
2392 5294 2564 5365 igitur
2596 5306 2724 5346 cum
2748 5279 3098 5346 fortitudinis
3149 5286 3414 5343 duntaxat
3467 5285 3618 5341 illius

2021 5403 2145 5459 quae
2164 5387 2220 5441 in
2235 5386 2458 5442 Christo
2479 5383 2832 5454 intelligitur,
2861 5391 3133 5438 eteorum
3160 5381 3254 5451 qui
3284 5380 3466 5437 idonei
3486 5393 3618 5437 sunt

2021 5481 2090 5537 ad
2111 5495 2337 5536 munera
2375 5477 2602 5533 virtutis
2639 5476 2995 5546 exsequenda
3033 5475 3232 5531 modus
3267 5474 3611 5546 exquiritur,

323 5579 468 5632 ἰδίαν
499 5577 682 5642 ἕξουσι
734 5577 837 5647 τὴν
882 5577 1248 5648 ἀπογραφὴν,
1283 5577 1332 5629 οἱ
1379 5576 1517 5647 πρὸς
1570 5575 1730 5628 τοῦτο
1759 5573 1915 5644 δόξης

2019 5591 2172 5630 suam
2200 5573 2279 5628 illi
2300 5571 2729 5641 descriptionem
2765 5569 3013 5624 habituri
3052 5576 3202 5634 sunt,
3239 5568 3334 5639 qui
3372 5567 3440 5622 ad
3473 5567 3615 5621 hanc

322 5674 646 5739 ἐλάσαντες,
677 5675 754 5738 ὡς
780 5673 1013 5744 ἀνδρεῖοί
1040 5691 1098 5726 τε
1141 5672 1241 5743 ἤδη
1266 5672 1360 5725 καὶ
1392 5669 1791 5742 μαχιμώτατοι,
1822 5668 1915 5721 καί¹

2018 5667 2246 5740 gloriam
2266 5661 2850 5736 pervenerint,quippe
2870 5661 2966 5731 qui
2988 5660 3159 5718 fortes
3175 5662 3288 5734 jam
3310 5661 3440 5729 sint,
3463 5666 3518 5716 et
3538 5655 3609 5713 ad

397 5853 608 5910 "Psal.
641 5870 830 5924 xxxiii,
873 5854 924 5909 8.
1005 5855 1048 5886 ⁸⁷
1081 5852 1271 5910 Daniel
1305 5869 1404 5920 vn,
1449 5852 1644 5920 1θ,15,
1678 5853 1760 5908 l-l.
1840 5854 1883 5886 ⁸⁸
1923 5852 2066 5910 Psal.
2106 5866 2288 5920 vaut,
2313 5849 2399 5906 29.
2480 5849 2521 5882 ⁶⁹
2553 5848 2687 5904 Luc.
2738 5865 2845 5918 xw,
2884 5848 2978 5905 20.
3047 5850 3050 5853 ’
