4096 6518
522 399 630 458 515

1523 396 1579 454 s.
1617 362 1894 456 suum
1932 400 2405 461 ALEXANDRINI
2444 406 2760 465 ARCHIEP.
3210 420 3225 449 ν

3683 405 3812 462 ὂίίὶ

525 529 762 586 pugnam
784 511 1199 584 promptissimi,
1243 520 1298 566 et
1330 525 1550 567 sensum
1581 514 1852 581 puerilem
1891 525 2113 584 supera-

2221 519 2557 592 μειρακιώδη
2606 523 2867 594 φρόνησιν
2912 493 3373 594 ὑπερϐεϐηκότες,
3421 521 3541 593 οὐχὶ
3576 523 3817 593 ἑκάστῳ

527 602 659 671 rint,
681 604 1117 669 nonne,Palladi,
1138 602 1390 674 quisquis
1409 603 1584 657 nostri
1621 603 1816 659 similis
1844 603 2033 669 fuerit,
2053 605 2105 659 ei

524 711 745 767 quoque
770 695 923 751 locus
946 695 1145 764 aliquis
1164 693 1554 764 descriptionis
1571 702 1628 748 et
1647 695 1836 765 gloria:
1852 697 2109 767 proprius

525 802 590 842 ac
646 787 847 843 decens
894 786 1208 849 conveniet,
1270 786 1365 857 qui
1405 802 1531 841 cum
1577 795 1853 857 gestarum
1920 803 2108 842 rerum

525 879 823 949 splendore
859 879 1212 949 coaequetur?

595 970 791 1025 PALL.
814 970 1029 1024 Fateor.

593 1060 752 1116 CYR.
781 1061 969 1131 Neque
996 1060 1145 1115 enim
1167 1059 1224 1114 in
1262 1070 1576 1115 sanctorum
1597 1060 1969 1129 apostolorum
1998 1075 2104 1114 nu-

527 1168 680 1208 mero
720 1169 968 1224 unquam
1029 1153 1139 1210 erit
1177 1153 1274 1223 qui
1314 1153 1537 1208 illorum
1586 1152 1872 1208 dissimilis
1909 1152 2104 1219 fuerit;

525 1244 772 1311 minime,
796 1246 1039 1316 inquam.

598 1337 797 1393 PALL.
820 1337 901 1392 lta
936 1344 1041 1393 est.

599 1426 757 1483 ΟΥΕ.
797 1427 987 1498 Neque
1024 1441 1156 1483 vero
1187 1424 1324 1480 illud
1355 1440 1549 1481 rursus
1584 1424 1904 1486 asserimus,
1942 1438 2107 1493 quem

527 1518 758 1587 gradum
788 1518 1025 1574 assecuti
1062 1524 1194 1573 sunt
1220 1518 1397 1587 sancti
1427 1517 1681 1572 homines
1700 1517 1760 1581 ii,
1800 1516 1897 1586 qui
1916 1514 2111 1570 multis

527 1611 794 1664 virtutum
819 1610 1114 1681 generibus
1135 1609 1385 1663 illustres
1410 1607 1707 1663 admodum
1756 1607 2000 1673 fuerint,
2043 1622 2108 1661 ac

2212 608 2322 661 τῶν
2363 612 2482 664 καθ’
2506 614 2652 683 ἡμᾶς
2697 613 2990 685 ἀρμόσειεν
3031 614 3133 679 ἂν,
3168 608 3212 669 ὦ
3259 615 3474 685 ἑταῖρε.
3511 614 3675 678 τόπος
3707 631 3814 678 τις

2214 699 2343 765 ἴδιός
2371 719 2432 755 τε
2477 705 2571 757 καὶ
2618 704 2845 775 πρέπων
2878 706 3208 777 ἀπογραφῆς
3247 705 3341 758 καὶ
3369 704 3547 775 δόξης,
3583 706 3648 776 τῇ
3681 704 3817 758 τῶν

2212 790 2506 863 δρωμένων
2543 795 2604 847 λα
2616 796 2886 867 μπρότητι
2922 813 2985 848 συ
2995 814 3032 867 μ
3038 814 3135 868 μετ
3143 796 3235 869 ρού
3245 814 3403 868 μενος
3417 814 3431 861 ;

2288 974 2496 1027 ΠΑΛΛ.
2529 974 2694 1046 Φημί,

2283 1065 2448 1118 ΚΥΡ.
2482 1067 2556 1118 Οὐ
2589 1066 2697 1137 γὰρ
2728 1066 2786 1120 ἕν
2833 1085 2895 1135 γε
2937 1072 3052 1132 τοῖς
3096 1068 3271 1136 ἁγίοις
3304 1067 3619 1132 ἀποστόλοις
3645 1067 3674 1121 ὁ
3711 1064 3812 1140 μὴ

2214 1154 2334 1206 κατ’
2365 1155 2569 1219 αὐτοὺς
2589 1155 2741 1210 ἔσται
2772 1157 2955 1210 ποθένο
3005 1157 3202 1212 πολλοῦ
3229 1175 3294 1228 γε
3322 1158 3414 1211 καὶ
3441 1158 3539 1212 δεῖ.

2280 1343 2490 1398 ΠΑΔΛ.
2545 1345 2787 1417 Ἀληθές.

2279 1436 2445 1490 ΚΥΡ.
2487 1436 2614 1492 Οὐδ’
2649 1435 2716 1493 αὖ
2746 1440 2922 1495 ἐκεῖνό
2960 1459 3160 1513 φαμεν,
3194 1442 3272 1505 ὡς
3315 1445 3428 1507 τοῖς
3460 1442 3601 1512 ἄγαν
3632 1443 3813 1498 ἐκλε-

2209 1523 2654 1596 λαμπρυσμὲνοις
2697 1529 2763 1582 ὲκ
2797 1528 3107 1594 πολυειδοῦς
3140 1532 3362 1603 ἀρετῆς,
3389 1533 3482 1587 καὶ
3509 1532 3622 1603 βῐου
3657 1550 3813 1589 κατ-

2209 1613 2443 1685 όρθωσιν
2505 1615 2605 1685 τήν
2684 1617 3069 1691 ὲννομωτάτην
3140 1621 3543 1691 έπησκηκόσιν,
3615 1625 3645 1677 ὁ
3718 1622 3811 1694 μὴ

526 1704 748 1759 vivendi
791 1703 1057 1760 rationem
1080 1703 1185 1774 legi
1207 1702 1407 1757 divina:
1427 1701 1663 1756 maxime
1682 1706 2107 1755 consentaneam

2221 1701 2450 1769 τοιοῦτος
2480 1706 2890 1772 συντετάξεται,
2916 1709 3318 1781 κληρονομήσει
3350 1711 3407 1765 δὲ
3436 1713 3538 1779 ὅτι,
3561 1711 3708 1767 κατά
3734 1711 3813 1766 τὸ

526 1792 818 1858 coluerint,
838 1793 1088 1849 eumdem
1122 1791 1350 1863 gradum
1390 1797 1770 1846 assecuturum
1801 1804 1928 1843 eum
1967 1806 2108 1861 quo-

2210 1793 2340 1848 ἴδιον
2367 1796 2567 1866 μέτρσν
2584 1836 2599 1862 ,
2617 1798 2717 1850 οὐκ
2743 1799 3083 1870 ἀσυμφανές.

527 1902 636 1957 que
666 1885 760 1956 qui
798 1885 1023 1943 minime
1061 1885 1330 1955 ejusmodi
1382 1883 1581 1948 fuerit;
1621 1882 1717 1938 sed
1754 1898 1874 1937 eam
1919 1890 2099 1939 tamen
2142 1887 2329 1958 gloriae
2348 1890 2662 1960 portionem
2682 1890 3168 1966 babiturum,qua:
3209 1912 3321 1952 sum
3375 1911 3648 1951 mensurae
3703 1913 3802 1953 re.

525 1978 812 2049 spondeat,
837 1992 947 2032 non
965 1985 1049 2032 est
1067 1978 1387 2032 obscurum.

598 2068 793 2123 PALL.
838 2069 1005 2123 Recte
1042 2068 1200 2122 dicis.

596 2159 753 2216 ΟΥΕ.
784 2160 959 2230 Igitur
996 2160 1051 2215 in
1073 2175 1140 2214 eo
1178 2159 1327 2230 quod
1364 2157 1642 2214 credimus
1678 2158 1733 2213 in
1773 2157 2111 2214 Salvatorem

528 2254 912 2309 universorum
961 2269 1025 2308 ac
1063 2252 1510 2322 Redemptorem,
1550 2261 1607 2308 et
1641 2268 1741 2323 per
1776 2253 2110 2323 baptismum

527 2347 673 2402 illam
704 2346 924 2401 coalitus
943 2361 1006 2399 ac
1035 2361 1278 2415 superne
1296 2344 1483 2400 datam
1501 2343 1882 2400 fortitudinem
1920 2360 2114 2400 conse-

527 2437 640 2492 cuti
700 2452 947 2503 sumus;
988 2436 1165 2492 induti
1231 2452 1468 2507 namque
1532 2451 1726 2491 sumus
1784 2436 1992 2491 virtute
2045 2452 2114 2490 ex

526 2530 638 2584 alto
669 2530 754 2594 "°,
797 2528 1048 2599 (Spiritu
1100 2528 1313 2584 scilicet
1357 2526 1530 2583 notati
1587 2535 1753 2598 atque
1804 2525 2109 2599 insigniti),

528 2628 758 2677 eatenus
779 2623 936 2678 relati
958 2639 1060 2678 nos
1074 2639 1293 2694 quoque
1327 2638 1520 2679 sumus
1540 2623 1596 2677 in
1638 2622 2003 2677 masculorum
2025 2637 2116 2676 or-

530 2714 715 2769 dinem
736 2730 800 2770 ac
818 2730 1133 2782 numerum,
1155 2727 1213 2771 et
1232 2716 1285 2771 in
1305 2716 1402 2771 Dei
1424 2716 1570 2771 libro
1603 2715 1882 2771 recensiti.
1904 2714 2003 2769 Est
2038 2722 2115 2769 ta-

531 2820 657 2859 men
679 2807 941 2862 nonnulla
963 2807 1053 2863 hic
1073 2822 1291 2879 quoque
1323 2806 1610 2863 distinctio
1635 2824 1647 2859 :
1673 2806 1835 2877 primi
1873 2820 2115 2875 namque

531 2895 939 2966 quodammodo
967 2898 1023 2954 in
1052 2899 1157 2954 hac
1205 2899 1577 2969 descriptione
1606 2897 1861 2953 collocati
1893 2904 2022 2953 sunt
2049 2912 2117 2953 ac

533 2988 781 3056 proxime
801 2988 870 3043 ad
889 2988 1063 3044 Deum
1107 2988 1384 3045 accedunt
1417 2989 1512 3058 qui
1537 2988 1865 3043 sacratiores
1895 2996 2023 3043 sunt
2053 3002 2119 3043 ac

532 3079 858 3135 sanctiores.
890 3079 1151 3147 Quamvis
1167 3080 1313 3135 enim
1338 3097 1448 3136 una
1468 3081 1544 3137 sit
1578 3080 1634 3134 in
1652 3078 1933 3135 Christum
1957 3079 2115 3146 ﬁdes,

532 3187 644 3227 non
669 3186 861 3227 omnes
878 3179 1059 3228 tamen
1084 3172 1275 3228 ﬁdeles
1293 3188 1452 3243 pares
1472 3179 1599 3227 sunt
1641 3187 1859 3226 morum
1894 3186 1960 3226 ac
1991 3170 2119 3226 vitm

530 3273 764 3328 genere;
792 3259 888 3314 sed
911 3260 1004 3314 alii
1045 3259 1270 3330 quidem
1289 3260 1391 3326 sic,
1422 3261 1515 3315 alii
1549 3276 1683 3316 vero
1703 3261 1802 3325 sic,
1841 3268 1904 3313 ut
1923 3260 2119 3316 beatus

533 3351 736 3407 Paulus
755 3353 916 3407 ait".
955 3353 1129 3425 igitur
1148 3353 1246 3423 qui
1278 3354 1404 3409 vita:
1432 3354 1698 3425 gravitate
1734 3353 1948 3409 caeteris
1975 3367 2117 3422 pra-

2139 2076 2180 2131 B
2281 2070 2488 2126 HAAA.
2543 2070 2749 2140 Ὀρθῶς
2778 2071 2934 2143 ἔφης.

2286 2162 2451 2217 ΚΥΡ.
2485 2160 2718 2227 Οὐκοῦν,
2758 2162 2893 2217 καθὸ
2939 2162 3381 2233 πεπιστεύκαμεν
3428 2164 3510 2227 εἰς
3554 2160 3651 2217 τδν
3684 2161 3806 2219 τῶν

2214 2253 2354 2308 ὅλων
2386 2254 2619 2327 Σωτῆρα
2639 2256 2736 2310 καὶ
2776 2254 3093 2328 Λυτρωτήν,
3124 2254 3220 2309 καὶ
3246 2254 3333 2309 διὰ
3353 2253 3446 2309 τοῦ
3480 2253 3801 2325 βαπτίσμα-

2213 2364 2304 2410 τος
2327 2347 2428 2419 τήν
2470 2346 2530 2415 ἐξ
2568 2346 2802 2419 οὐρανοῦ
2844 2348 2941 2402 καὶ
2974 2346 3183 2403 ἀνωθεν
3212 2347 3367 2417 ἰσχὺν
3408 2346 3787 2417 πεπλουτήκα-

2215 2454 2315 2508 μεν
2341 2454 2355 2468 ·
2416 2438 2789 2509 ένεδυσάμεθα
2823 2439 2934 2510 γὰρ
2979 2440 3079 2512 τὴν
3120 2439 3179 2506 ὲξ
3216 2437 3389 2510 ὕψους
3454 2438 3688 2509 δύναμιν
3717 2438 3800 2509 τῷ

2215 2530 2388 2602 ἁγίῳ·
2432 2531 2969 2603 κατεσφραγισμένα
3008 2531 3311 2605 Πνεῦματι,
3371 2532 3665 2603 τεθεξμεθα
3703 2532 3804 2586 καὶ

2217 2623 2382 2693 ἡμεῖς
2402 2623 2479 2687 ὡς
2507 2624 2567 2677 ὲν
2603 2624 2851 2696 ἀρσένων
2874 2624 3025 2690 τάξει
3047 2643 3108 2678 τε
3142 2624 3237 2680 καὶ
3265 2623 3430 2696 λόγῳ,
3456 2624 3552 2677 καὶ
3574 2624 3806 2677 κατελο-

2216 2716 2488 2787 γίσθημεν
2512 2716 2571 2769 ὲν
2615 2715 2782 2788 βίϐλῳ
2806 2716 2964 2772 Θεοῦ.
2998 2717 3146 2788 Πλὴν
3174 2716 3289 2772 ἔστι
3311 2734 3392 2782 τις
3429 2718 3659 2772 κάνθάδε
3689 2718 3810 2771 δια-

2217 2806 2379 2878 φορά.
2426 2805 2644 2877 Πρῶτοι
2685 2805 2794 2877 γὰρ
2818 2805 3009 2878 ῶσπερ
3038 2809 3096 2861 ἐν
3138 2807 3468 2879 ἀπογραφῇ,
3502 2808 3597 2861 καὶ
3627 2806 3810 2877 ἀγχοῦ

2217 2896 2354 2951 Θεοῦ
2402 2897 2604 2967 μᾶλλον
2648 2899 2699 2951 οἱ
2748 2897 3029 2969 ἱερώτεροί
3076 2914 3134 2950 τε
3180 2898 3275 2952 καὶ
3320 2897 3631 2969 ἁγιώτεροι.
3683 2896 3809 2950 Μία

2221 2989 2322 3061 μὲν
2353 2991 2387 3060 ή
2420 2990 2603 3053 πίστις
2646 2991 2680 3061 ἡ
2733 2991 2813 3053 εἰς
2854 2990 3109 3062 Χριστόν’
3142 2989 3317 3061 πλὴν,
3345 2991 3441 3060 οὐχ
3470 2989 3710 3051 ἅπαντες
3751 2988 3811 3041 οε

2219 3083 2647 3148 πεπιστευκότες
2674 3083 2733 3136 ὲν
2776 3083 2948 3155 ὁμοίῳ
2980 3083 3073 3136 καὶ
3116 3081 3432 3154 ἴσῳλτρόπῳ
3476 3081 3535 3135 τέ
3567 3083 3672 3134 εἱσι
3704 3079 3813 3133 καὶ

2221 3175 2342 3247 βίῳ,
2369 3175 2482 3230 ἀλλ’
2515 3176 2566 3229 οἱ
2598 3175 2728 3245 μὲν,
2757 3174 2952 3239 οὕτως’
2983 3175 3031 3227 οἱ
3079 3174 3135 3228 δὲ
3173 3174 3366 3238 οὕτως,
3399 3172 3540 3228 κατὰ
3575 3173 3672 3243 τὴν
3700 3172 3806 3224 τοῦ

2223 3266 2497 3339 μακαρίου
2527 3265 2742 3320 Παύλου
2768 3267 2973 3337 φωνήν.
3000 3265 3229 3332 Οὐκοῦν,
3252 3266 3301 3319 οἱ
3335 3265 3433 3337 μὲν
3458 3263 3573 3334 βίου
3605 3261 3811 3333 σεμνό-

2220 3375 2346 3429 τητι
2389 3357 2753 3429 προῦχοντες,
2796 3358 3086 3430 ἀγιὼτεροι
3134 3358 3191 3412 δὲ
3234 3357 3322 3413 διά
3364 3356 3543 3421 τοῦτο,
3577 3353 3812 3426 πρώτην

533 3451 700 3510 stant,
740 3445 983 3516 ideoque.
1012 3452 1142 3501 sunt
1173 3446 1503 3511 sanctiores,
1544 3445 1785 3516 primum
1824 3443 1882 3498 in
1909 3442 2117 3498 descri-

2223 3425 2411 3521 είουσι
2437 3425 2566 3521 ’τὴκῖ
2600 3450 2757 3517 τάξιν
2812 3425 2871 3503 ιν
2920 3425 3216 3522 ἀπογραφῇ
3269 3451 3335 3519 τῇ
3389 3448 3542 3519 θείᾳ,
3596 3425 3692 3499 και
3746 3447 3813 3501 ὲν

535 3537 723 3605 ptionc
745 3538 931 3593 divina
951 3554 1015 3595 ac
1049 3538 1150 3594 Dei
1189 3539 1568 3595 monumentis
1589 3538 1771 3593 locum
1798 3543 2020 3592 tenent:
2065 3545 2122 3590 at

2224 3542 2410 3613 μνήμῃ
2468 3540 2625 3594 Θεοῦ·
2664 3543 2713 3595 οἱ
2757 3538 2815 3593 δὲ
2838 3540 2900 3593 τὸ
2940 3543 3090 3610 μεῖον
3142 3539 3377 3609 ἔχοντες,
3412 3539 3470 3590 ὲν
3511 3534 3811 3605 ἁγιασμῷ,

536 3628 594 3683 in
613 3630 816 3699 quibus
841 3631 1024 3686 minor
1042 3640 1129 3687 est
1142 3631 1424 3696 sanctitas,
1444 3645 1512 3686 eo
1530 3631 1651 3700 ipso
1669 3629 1815 3700 quod
1835 3627 2117 3683 inferiores

2221 3632 2307 3685 διὰ
2332 3632 2396 3685 τὸ
2439 3633 2590 3702 μεῖον
2622 3633 2678 3686 ὲν
2709 3631 2902 3703 ἀρετῇ,
2937 3630 3180 3702 δεύτεροί
3214 3647 3317 3684 που
3357 3630 3575 3693 πάντως
3619 3627 3716 3682 καὶ
3746 3628 3815 3679 ὲν

536 3721 739 3777 virtute
759 3730 908 3788 sunt,
930 3722 1237 3779 secundum
1253 3722 1447 3794 procul
1467 3721 1637 3777 dubio
1659 3722 1718 3777 in
1737 3719 2123 3790 descriptioni-

537 3814 642 3869 bus
661 3814 841 3869 locum
861 3814 1132 3871 obtinent.

608 3907 935 3964 PALL.Sed
952 3923 1064 3978 qua
1082 3907 1296 3963 ratione
1337 3906 1444 3962 hoc
1469 3905 1605 3962 item
1650 3903 1809 3975 115
1846 3902 1964 3959 ﬁeri
1999 3918 2123 3975 per-

537 4000 791 4070 spicuum
812 4000 1028 4070 potest?

605 4093 763 4149 CYR.
792 4093 875 4149 Ab
898 4093 1017 4164 ipso
1040 4092 1303 4149 nimirum
1327 4092 1500 4165 ipsius
1518 4092 1816 4165 Scriptura:
1863 4092 2117 4149 testimo-

538 4186 671 4241 nio:
708 4187 1061 4256 nequeenim
1108 4185 1165 4241 id
1217 4192 1422 4241 temere
1478 4186 1750 4243 dicimus:
1808 4202 1935 4242 nam
1998 4194 2123 4257 post

540 4275 687 4329 illam
721 4276 1218 4341 enumerationem,
1277 4291 1387 4347 qua
1429 4275 1703 4332 masculos
1751 4283 1918 4345 atque
1956 4288 2120 4346 vege-

541 4368 701 4424 tioris
723 4368 900 4424 aetatis
929 4367 1182 4425 homines
1213 4370 1512 4434 recensuit,
1555 4367 1783 4424 modum
1827 4369 1989 4425 nobis
2033 4369 2117 4424 al-

541 4466 719 4513 terum
763 4457 1155 4529 descriptionis
1211 4458 1416 4516 iterum
1459 4458 1768 4529 designavit
1812 4458 1905 4513 ille
1931 4474 2121 4513 rerum

541 4546 925 4603 universarum
949 4548 1116 4607 Deus.
1142 4548 1195 4605 ls
1220 4557 1405 4606 autem
1430 4547 1701 4620 ejusmodi
1721 4557 1808 4603 est
1839 4565 1851 4600 :
1892 4567 1912 4597 ι
1944 4548 2014 4604 Et
2039 4548 2124 4602 lo-

472 4673 481 4679 -
540 4647 703 4696 cutus
725 4649 812 4696 est
835 4640 1103 4700 Dominus
1125 4643 1193 4699 ad
1228 4643 1449 4715 Moysen
1475 4641 1533 4695 in
1559 4640 1783 4695 deserto
1809 4638 1983 4703 Sinai,
2034 4640 2122 4693 di-

2219 3724 2598 3795 ἀπογραφαῖς.

2295 3902 2508 3956 ΠΑΑΛ.
2544 3899 2657 3955 Καὶ
2684 3899 2802 3963 πῶς
2841 3898 2909 3954 ἂν
2935 3898 3147 3969 γένοιτο
3177 3899 3272 3953 καὶ
3296 3897 3457 3951 τοῦτο
3484 3894 3657 3965 σαφές
3681 3913 3697 3962 ;

2294 4081 2460 4135 ΚΥΡ.
2505 4077 2641 4133 Ἀπὸ
2670 4094 2733 4147 γε
2764 4076 2873 4131 τῶν
2900 4076 2943 4129 Γ
2945 4072 3327 4147 εγραμμένων.
3346 4073 3515 4126 ’Ἔστι
3543 4070 3651 4142 γὰρ
3674 4069 3815 4139 ἡμῖν

2223 4177 2283 4230 οὐ
2317 4173 2556 4248 προαλὴς
2591 4174 2621 4227 ὁ
2648 4172 2841 4243 λόγος’
2880 4169 3018 4243 μετὰ
3049 4169 3161 4240 γάρ
3191 4186 3274 4223 τοι
3304 4168 3404 4237 τὴν
3430 4166 3814 4237 ὲπαρίθμησιν

2223 4268 2291 4339 ἢν
2323 4266 2419 4322 ἐπὶ
2440 4268 2552 4330 τοῖς
2588 4265 2784 4337 ἄρρεσί
2816 4281 2877 4319 τε
2915 4264 3012 4318 καὶ
3048 4260 3441 4333 ἀκμαιοτάτοις
3472 4258 3771 4328 ἐποιήσατο
3796 4299 3811 4315 ,

2222 4357 2424 4429 τρόπον
2452 4356 2585 4427 ἡμῖν
2609 4354 2796 4425 ἕτερον
2820 4349 3149 4423 ἀπογραφῆς
3170 4347 3424 4402 διετύπου
3456 4345 3618 4399 πάλιν
3644 4345 3674 4397 ὁ
3699 4343 3817 4397 τῶν

2224 4449 2359 4504 ὅλων
2389 4449 2544 4512 Θεός.
2578 4449 2733 4518 Ἔχει
2759 4446 2815 4501 δὲ
2837 4445 3034 4508 οὕτως’
3075 4462 3094 4495 ι
3144 4440 3406 4511 Ἐλάλησε
3438 4438 3642 4509 Κύριος
3671 4435 3815 4506 πρὸς

2225 4542 2432 4612 Μωσῆν
2476 4542 2536 4595 ὲν
2581 4542 2647 4610 τῇ
2681 4539 2875 4610 ἐρήμῳ
2899 4538 3029 4609 Σινᾷ
3060 4536 3254 4604 λέγων·
3302 4531 3629 4601 Ἐπίσκεψαι
3680 4529 3816 4593 τοὺς

2228 4634 2375 4697 υἱοὺς
2407 4632 2538 4687 Λευὶ
2571 4631 2692 4684 κατ’
2720 4630 2902 4693 οἴκους
2930 4628 3174 4699 πατριιῖιν
3206 4624 3407 4689 αὐτῶν,
3440 4621 3584 4676 κατὰ
3610 4635 3814 4689 συγγε-

541 4745 672 4785 cens
701 4748 716 4784 :
746 4730 989 4789 Numera
1033 4734 1177 4791 ﬁlios
1225 4712 1357 4789 Levi
1405 4746 1508 4803 per
1548 4730 1744 4786 domos
1792 4730 2117 4786 familiarum

2228 4721 2373 4784 νείας
2406 4718 2622 4785 αὐτῶν,
2669 4718 2813 4773 κατὰ
2841 4719 3068 4789 δήμους.
3104 4717 3221 4770 Πᾶν
3245 4712 3532 4783 ἀρσενικὸν
3559 4712 3667 4765 ἀπὸ
3686 4726 3813 4826 Ιμη·-

541 4834 786 4887 suarum,
816 4835 916 4892 per
942 4823 1301 4893 cognationes
1345 4836 1494 4887 suas,
1519 4834 1618 4890 per
1642 4819 1913 4889 populos;
1959 4836 2122 4877 omne

542 4909 907 4966 masculinum
926 4912 995 4968 ab
1019 4928 1130 4966 uno
1155 4926 1340 4965 mense
1360 4918 1419 4965 et
1463 4924 1630 4978 supra
1650 4909 1974 4966 numerabis
1998 4926 2118 4968 eos.

544 5000 611 5056 Et
636 5004 955 5059 numeravit
978 5018 1074 5058 eos
1100 5003 1325 5072 Moyses“
1353 5008 1410 5056 et
1432 4999 1618 5055 Aaron
1652 5014 1750 5070 per
1806 5015 1995 5056 vocem
2019 5002 2125 5056 Do-

543 5090 700 5158 mini,
749 5093 1213 5164 quemadmodum
1258 5091 1517 5161 prmeepit
1559 5090 1642 5146 eis
1688 5091 1954 5147 Dominus
1994 5094 2060 5146 ⁷³.
2096 5114 2113 5145 ι

544 5185 655 5240 llac
679 5185 1053 5256 descriptione
1105 5184 1247 5237 facta
1298 5198 1397 5252 per
1432 5184 1665 5254 populos
1700 5193 1759 5240 et
1803 5200 1903 5255 per
1926 5184 2121 5241 domos

544 5276 901 5342 familiarum,
952 5282 1122 5332 totam
1184 5274 1449 5330 continuo
1492 5290 1761 5331 summam
1806 5275 1994 5341 infert,
2040 5275 2127 5346 di:

544 5382 708 5422 cens:
739 5386 760 5419 ι
781 5366 972 5424 Omnis
1003 5367 1314 5422 numeratio
1345 5366 1584 5423 ﬁliorum
1626 5367 1782 5433 Levi,
1839 5383 1981 5437 quos
2013 5384 2122 5423 nu-

544 5460 778 5514 meravit
805 5459 1016 5530 Moyses
1062 5466 1119 5514 et
1147 5456 1330 5515 Aaron
1381 5475 1481 5531 per
1525 5475 1711 5516 vocem
1768 5459 1985 5515 Domini
2029 5474 2128 5529 per

546 5549 782 5620 populos
807 5565 1021 5615 eorum,
1043 5564 1206 5606 omne
1228 5552 1592 5608 masculinum
1619 5552 1685 5606 ab
1710 5566 1821 5605 uno
1849 5564 2037 5604 mense
2070 5558 2127 5602 et

548 5654 733 5709 supra,
761 5639 870 5695 duo
895 5649 949 5695 et
988 5642 1177 5711 viginti
1210 5643 1378 5699 millia
1410 5645 1496 5697 η’.
1531 5665 1547 5695 ι
1587 5643 1682 5699 His
1713 5643 1857 5697 illico
1881 5641 2127 5713 adiungit

2230 4812 2403 4866 νιαίου
2432 4812 2531 4866 καὶ
2558 4810 2745 4867 ἐπάνω
2786 4808 3059 4880 ἐπισκέψῃ
3086 4806 3304 4870 αὐτούς.
3328 4806 3438 4859 Καὶ
3464 4801 3816 4872 ἐπεσκέψατο

2230 4903 2428 4966 αὐτοὺς
2459 4903 2489 4955 ὁ
2514 4900 2720 4971 Μωσῆς
2764 4900 2861 4954 καὶ
2916 4897 3123 4969 Ἀαρὼν
3154 4896 3243 4950 διὰ
3275 4894 3461 4965 φωνῆς
3494 4892 3723 4964 Κυρίου,
3752 4893 3813 4945 ὃν

2228 4993 2427 5063 τρόπον
2454 4988 2739 5054 συνέταξεν
2759 4989 2940 5053 αὐτοῖς
2962 4987 3186 5058 Κύριος.
3219 5006 3237 5039 ι
3270 4984 3574 5056 Γενομένης
3593 4983 3649 5037 δὲ
3669 4983 3816 5037 οὕτω

2228 5084 2328 5155 τῆς
2364 5083 2693 5155 ἀπογραφῆς
2736 5081 2879 5136 κατά
2919 5080 3157 5152 δήμους,
3193 5079 3286 5133 καὶ
3322 5078 3444 5132 κατ’
3480 5077 3662 5139 οἴκους
3700 5092 3811 5129 πα-

2226 5181 2414 5252 τριῶν,
2446 5178 2566 5233 ὅλον
2596 5178 2758 5241 εὐθὺς
2793 5177 2887 5229 τὸν
2919 5172 3245 5245 ἐκλογισμὸν
3285 5171 3558 5243 ἐπιφέρει,
3592 5169 3770 5238 λέγων
3794 5187 3809 5201 ·

2233 5294 2251 5326 ι
2295 5274 2455 5326 Πᾶσα
2480 5273 2515 5342 ή
2542 5270 2832 5340 ἐπίσκεψις
2857 5268 2967 5322 τῶν
2998 5266 3132 5320 υἱῶν
3161 5264 3316 5330 Λευὶ,
3343 5264 3437 5327 οὒς
3466 5262 3812 5331 ἐπεσκέψατο

2226 5367 2432 5437 Μωσῆς
2467 5363 2563 5418 καὶ
2601 5360 2811 5435 Ἀαρὼν
2837 5359 2925 5415 διὰ
2955 5360 3142 5430 φωνῆς
3181 5358 3388 5430 Κυρίου
3423 5357 3564 5411 κατὰ
3601 5354 3811 5427 δήμους

2228 5456 2427 5519 αὐτῶν,
2465 5458 2571 5510 πᾶν
2599 5451 2887 5524 ἀρσενικὸν
2914 5451 3022 5507 ἀπὸ
3056 5449 3307 5522 μηνιαίου
3340 5449 3433 5501 καὶ
3463 5446 3667 5512 ἐπάνω,
3698 5444 3813 5501 δύω

2230 5550 2323 5603 καὶ
2348 5549 2517 5601 εἴκοσι
2540 5547 2791 5618 χιλιάδες.
2807 5565 2823 5595 ι
2847 5542 3307 5600 Ἐπισυνάπτειδὲ
3331 5540 3691 5614 παραχρῆμα,
3715 5536 3812 5591 και

2230 5658 2382 5712 φησι·
2444 5661 2462 5690 σ
2528 5640 2638 5694 Καὶ
2685 5635 2806 5693 εἷπε
2863 5638 3066 5709 Κύριος
3114 5638 3247 5709 πρὸς
3307 5637 3532 5705 Μωσῆν,
3588 5632 3808 5701 λέγων’

626 5820 668 5849 τθ
695 5819 827 5874 Luc.
862 5837 1002 5887 xxxv,
1040 5824 1122 5880 49.
1203 5826 1246 5861 ⁷⁸
1280 5825 1445 5883 lCor.
1470 5841 1563 5891 vn,
1589 5826 1639 5878 '7.
1719 5826 1761 5857 ⁷³
1792 5825 1953 5880 Num.
1983 5841 2020 5891 ι,
2067 5824 2114 5887 Ι,

2270 5825 2333 5855 ⁷³⁸
2372 5821 2533 5877 Num.
2579 5837 2675 5888 Ill,
2717 5818 2810 5875 28.
