4096 6482
262 407 371 466 317

1034 401 1122 458 DE
1157 399 1602 459 ADORATIONE
1640 399 1707 457 IN
1741 399 2013 458 SPIRITU
2054 400 2143 457 ET
2184 402 2555 462 \‘ERITATE.
2597 407 2726 463 LIB.
2765 407 2852 464 IV.

3464 406 3570 464 518

269 521 622 594 Ἐπίσκεψαι
655 522 767 577 πᾶν
792 519 1142 593 πρωτότοκον
1167 521 1338 593 ἄρσεν
1365 518 1476 574 τῶν
1498 517 1633 573 υἱῶν
1663 518 1880 590 Ἰσραὴλ

1985 527 2041 575 et
2063 520 2167 576 ait:
2203 540 2221 572 ι
2251 522 2320 577 Ει
2340 522 2560 579 locutus
2591 526 2676 579 est
2698 518 2967 579 Dominus
3000 520 3066 577 ad
3092 520 3313 594 Moysen
3336 521 3563 579 dicens:

258 614 367 670 ἀπὸ
397 615 674 686 μηνιαίου
703 614 801 670 καὶ
831 612 1021 667 ἐπάνω
1043 652 1059 677 ,
1092 613 1189 667 καὶ
1220 612 1353 666 λάϐε
1381 611 1477 666 τὸν
1496 610 1737 683 ἀριθμὸν
1769 610 1871 663 αύ-

259 707 365 761 τῶν
394 705 461 771 ἐξ
495 707 777 778 ὀνόματος
805 749 821 774 ,
847 705 946 761 καὶ
976 704 1121 777 λήψῃ
1156 707 1282 769 τοὺς
1309 704 1545 768 Λευίτας
1583 703 1731 773 ἐμοὶ,
1764 700 1878 772 ἐγὼ

267 798 467 871 Κύριος
496 838 515 863 ,
551 799 685 853 ἀντὶ
739 800 962 855 πάντων
1008 798 1118 852 τῶν
1162 796 1530 869 πρωτοτόκων
1575 796 1686 850 τῶν
1743 793 1877 848 υἱῶν

285 890 511 963 Ἰσραὴλ,
542 893 647 947 καὶ
676 893 747 947 τά
766 895 940 965 κτήνη
962 890 1070 947 τῶν
1092 890 1335 947 Λευιτῶν
1364 890 1489 945 ἀντὶ
1518 888 1742 944 πάντων
1767 886 1878 941 τῶν

273 986 640 1059 πρωτοτόκων
675 987 737 1041 ὲν
778 987 894 1049 τοῖς
920 985 1142 1055 κτήνεσι
1169 982 1283 1036 τῶν
1319 981 1448 1036 υἱῶν
1495 980 1733 1054 Ἰσραήλ.
1768 978 1879 1033 Καὶ

264 1077 622 1149 ἐπεσκέψατο
670 1076 883 1147 Μωσῆς
907 1114 924 1138 ,
970 1074 1030 1129 ὃν
1077 1073 1280 1145 τρόπον
1328 1071 1635 1127 ἐνετείλατο
1672 1070 1877 1144 Κύριος

258 1170 411 1243 αὐτῷ
446 1172 552 1226 καλ⁸
582 1171 814 1241 ἐγένετο
845 1169 1026 1224 πάντα
1055 1167 1124 1222 τὰ
1156 1165 1486 1240 πρωτότοκα
1514 1165 1583 1219 τὰ
1608 1162 1878 1238 ἀρσενικὰ

259 1264 403 1319 κατὰ
430 1263 682 1335 ἀριθμὸν
716 1260 780 1329 ἐξ
808 1262 1077 1333 ὀνόματος
1110 1260 1223 1314 ἀπὸ
1259 1258 1515 1330 μηνιαίου
1545 1258 1643 1313 καὶ
1666 1257 1876 1322 ἐπάνω,

258 1360 322 1412 ὲκ
357 1357 468 1429 τῆς
500 1355 858 1425 ἐπισκέψεως
890 1352 1102 1420 αὐτῶν,
1140 1350 1236 1406 δύο
1280 1352 1377 1406 καὶ
1407 1350 1582 1404 είκοσι
1614 1350 1876 1421 χιλιάδες,

257 1452 410 1523 τρεῖς
442 1450 546 1505 καὶ
576 1448 967 1519 έδδομήκοντα
1012 1446 1107 1500 καὶ
1150 1444 1437 1499 διακόσιοι.
1485 1444 1598 1498 Καὶ
1646 1441 1879 1514 ὲλάλησε

258 1543 472 1614 Κύριος
503 1542 648 1614 πρὸς
673 1539 906 1610 Μωσῆν,
935 1538 1137 1608 λέγων·
1170 1536 1320 1593 Λάϐε
1352 1538 1481 1601 τοὺς
1501 1535 1733 1599 Λευίτας
1757 1535 1880 1590 ἀντὶ

264 1633 492 1687 πάντων
528 1630 645 1685 τῶν
678 1630 1047 1703 πρωτοτόκων
1078 1627 1187 1682 τῶν
1220 1626 1355 1682 υίῶν
1400 1626 1646 1699 Ἰσραὴλ,
1685 1625 1782 1680 καὶ
1809 1625 1881 1680 τά

263 1726 438 1797 κτήνη
494 1724 613 1780 τῶν
659 1722 910 1777 Λευιτῶν
946 1720 1071 1776 ἀντὶ⁵
1118 1719 1227 1775 τῶν
1267 1718 1486 1791 κτηνῶν
1530 1718 1734 1785 αὐτῶν,
1786 1719 1880 1772 καὶ

259 1818 485 1872 ἔσονται
518 1816 652 1889 ἐμοὶ
674 1817 724 1869 οί
755 1816 983 1870 Λευῖται
1006 1829 1019 1843 ⁸
1056 1810 1167 1880 ἐγὼ
1201 1811 1444 1883 Κύριος·
1492 1810 1591 1868 καὶ
1611 1809 1680 1864 τὰ
1709 1810 1881 1882 λύτρα

1978 612 2223 668 Numera
2263 629 2427 670 omne
2472 615 2907 686 primogenitum
2960 616 3269 671 masculum
3329 615 3567 671 ﬁliorum

1977 706 2146 762 Israel
2176 706 2246 762 ab
2273 722 2386 763 uno
2418 723 2609 765 mense
2635 718 2693 765 et
2721 725 2908 780 supra,
2943 719 3000 767 et
3041 710 3228 781 accipe
3269 727 3568 767 numerum

1977 812 2174 853 eorum
2195 813 2264 853 ex
2301 798 2548 865 nomine,
2582 807 2639 855 et
2692 800 2932 872 accipies
2992 801 3214 857 Levitas
3258 802 3398 857 mihi
3446 803 3570 874 (ego

1977 889 2266 963 Dominus)
2293 906 2396 962 pro
2417 891 2677 947 omnibus
2704 893 3086 965 primogenitis
3102 894 3343 949 ﬁliorum
3375 895 3565 959 Israel,

1977 987 2035 1034 et
2082 981 2336 1052 jumenta
2378 981 2698 1037 Levitarum
2737 998 2839 1052 pro
2882 985 3141 1040 omnibus
3187 985 3570 1056 primogenitis

1971 1073 2355 1144 jumentorum
2378 1074 2621 1130 ﬁliorum
2642 1075 2830 1131 Israel.
2881 1076 2950 1132 Et
2980 1078 3294 1132 numeravit
3331 1078 3565 1151 Moyses,

1977 1166 2444 1235 quemadmodum
2476 1176 2816 1240 praeceperat
2837 1169 2890 1225 ei
2929 1170 3214 1236 Dominus,
3265 1186 3428 1226 omne
3451 1170 3568 1242 pri-

1977 1259 2321 1328 mogenitum
2345 1260 2403 1315 in
2464 1260 2597 1316 ﬁliis
2628 1261 2830 1329 Israel;
2870 1268 2928 1316 et
2951 1261 3181 1317 fuerunt
3210 1263 3398 1318 omnia
3456 1264 3570 1334 pri-

1977 1352 2259 1423 mogenita
2289 1355 2597 1410 masculina
2639 1355 2944 1411 secundum
2975 1371 3269 1410 numerum
3295 1372 3363 1411 ex
3387 1356 3567 1410 nomi-

1976 1457 2049 1498 ne
2100 1442 2170 1499 ab
2226 1459 2340 1500 uno
2413 1461 2605 1502 mense
2680 1453 2737 1502 et
2795 1462 3002 1517 supra,
3056 1462 3126 1503 ex
3186 1448 3569 1503 numeratione

1977 1549 2207 1602 eorum,
2269 1537 2464 1607 viginti
2520 1538 2633 1593 duo
2683 1539 2874 1605 millia,
2912 1547 3024 1594 tres
3081 1546 3138 1595 et
3198 1539 3567 1609 septuaginta,

1978 1630 2036 1678 et
2060 1624 2308 1680 ducenti.
2337 1626 2407 1680 Et
2429 1627 2652 1683 locutus
2689 1636 2775 1684 est
2805 1627 3075 1685 Dominus
3122 1629 3190 1684 ad
3245 1629 3466 1701 Moysen
3489 1628 3573 1685 di-

1979 1728 2151 1769 cens:
2185 1714 2389 1786 Accipe
2422 1717 2642 1773 Levitas
2669 1735 2770 1790 pro
2790 1720 3051 1776 omnibus
3091 1720 3480 1792 primogenitis
3506 1720 3572 1774 ﬁ-

1978 1806 2184 1862 liorum
2207 1808 2397 1875 Israel,
2429 1810 2752 1883 etjumenta
2790 1812 3110 1868 Levitarum
3161 1827 3264 1883 pro
3308 1812 3576 1885 iumentis

260 1908 430 1979 τριῶν
471 1906 578 1963 καὶ
608 1905 999 1977 ἑϐδομήκοντα
1031 1903 1124 1958 καὶ
1154 1902 1448 1958 διακοσίων
1473 1901 1525 1956 οί
1558 1900 1880 1966 πλεονάζον-

1985 1914 2208 1955 eorum:
2240 1910 2298 1958 et
2335 1911 2505 1958 erunt
2528 1905 2667 1959 mihi
2688 1904 2896 1962 Levita:
2923 1906 3046 1979 (ego
3068 1906 3361 1977 Dominus)
3381 1917 3438 1963 et
3485 1920 3574 1961 re-

260 2019 351 2065 τες
386 1998 557 2072 παρὰ
604 1999 736 2064 τοὺς
776 1996 1014 2062 Λευίτας
1061 1996 1170 2051 ἀπὸ
1214 1995 1326 2051 τῶν
1375 1994 1738 2067 πρωτοτόκων
1768 1992 1878 2047 τῶν

270 2094 391 2148 υἱῶν
427 2092 665 2166 Ἰσραήλ
682 2108 696 2121 ·
731 2091 829 2146 καὶ
853 2091 1000 2163 λήψῃ
1032 2090 1198 2145 πέντε
1224 2090 1444 2154 σίκλους
1462 2089 1607 2144 κατὰ
1638 2086 1882 2157 κεφαλὰς

273 2184 407 2239 κατά
442 2184 515 2238 τὺ
567 2184 852 2256 δίδραχμα
882 2183 947 2237 τὸ
981 2183 1137 2254 ἀγιον
1160 2199 1172 2212 ·
1220 2181 1370 2255 λήψῃ
1421 2183 1628 2236 εἴκοσιν
1659 2180 1881 2244 ὀϐολοὺς

266 2276 354 2331 τοῦ
384 2275 586 2331 σίκλου
607 2316 623 2341 ,
649 2276 748 2330 καὶ
774 2275 970 2340 δώσεις
994 2274 1057 2328 τὸ
1085 2272 1352 2347 ἀργύριον
1396 2271 1606 2345 Ἀαρὼν
1644 2271 1741 2326 καὶ
1768 2274 1880 2335 τοῖς

262 2370 400 2433 υἱοῖς
439 2366 620 2422 αὐτοῦ
641 2409 659 2435 ,
704 2365 882 2439 λύτρα
911 2365 1021 2420 τῶν
1066 2364 1474 2431 πλεοναζόντων
1508 2365 1568 2418 ὲν
1603 2363 1809 2428 αὐτοῖς.
1855 2381 1874 2415 ι

274 2460 363 2526 ⁸ος
399 2459 548 2532 βαθὺ
594 2458 657 2513 τὸ
687 2458 883 2531 χρῆμα
913 2458 1010 2512 καὶ
1035 2456 1381 2527 δυσέφικτον,
1422 2449 1469 2511 ὦ
1502 2454 1793 2519 Παλλάδιε,
1821 2454 1884 2509 τὺ

264 2552 611 2625 προσϐαλεῖν
628 2550 917 2616 δύνασθαι,
947 2568 1022 2621 φη
1030 2550 1092 2622 μὶ
1114 2549 1180 2621 δὴ
1199 2550 1312 2614 τοῖς
1334 2540 1439 2604 ὦδε
1454 2547 1880 2618 διεσταλμένοις,

262 2645 486 2710 λεπτῶς
517 2662 583 2700 τε
614 2645 712 2699 καὶ
744 2642 1013 2718 ἀκριϐῶς.

338 2823 558 2879 ΠΛΛΛ.
595 2818 674 2876 Εὖ
706 2821 911 2891 λέγεις’
955 2821 1138 2876 καθίει
1164 2821 1209 2876 δ’
1229 2814 1322 2875 οὖν
1349 2820 1501 2892 ὅμως
1526 2819 1616 2875 τὸν
1652 2819 1777 2873 νοῦν
1805 2818 1885 2883 είς

269 2916 539 2988 βάσανον,
574 2913 805 2989 Χριστῷ
835 2912 915 2985 τῷ
942 2913 1144 2979 παντὸς
1171 2912 1382 2983 ἀγαθοῦ
1412 2912 1601 2984 δοτῆρι
1639 2911 1881 2975 πίσυνος.

342 3093 513 3150 ΚΥΡ.
562 3092 735 3158 Σύνες
762 3093 850 3167 δὴ,
883 3094 965 3149 ὅτι
994 3094 1055 3148 ἐν
1086 3095 1385 3166 ἀπογραφῇ
1419 3095 1486 3167 τῇ
1520 3092 1740 3166 πρώτῃ.
1777 3093 1888 3149 πᾶν

274 3187 375 3257 μὲν
412 3182 487 3259 ἦν
519 3187 719 3259 ἄρσεν,
768 3188 866 3242 καὶ
893 3189 1204 3251 εἰκοσαετὲς
1246 3188 1308 3242 τὸ
1350 3187 1705 3260 ζητούμενον,
1733 3203 1889 3241 τουτ-

1981 1991 2332 2063 demptiones
2368 1994 2536 2050 trium
2581 2003 2639 2053 et
2689 1998 3038 2069 septuaginta
3072 2006 3128 2053 et
3180 1996 3571 2061 ducentorum,

1981 2074 2078 2156 qui
2101 2096 2403 2157 supersunt
2431 2104 2598 2160 supra
2648 2089 2870 2145 Levitas
2893 2089 2962 2145 de
2994 2089 3383 2161 primogenitis
3413 2087 3578 2142 ~ﬁlio—

1984 2196 2109 2235 rum
2150 2182 2354 2249 Israel;
2383 2189 2436 2238 et
2461 2182 2701 2254 accipies
2751 2184 3000 2255 quinque
3035 2184 3203 2239 siclos
3244 2199 3344 2254 per
3388 2188 3574 2252 caput,

1977 2275 2133 2348 juxta
2161 2275 2486 2331 didracbma
2520 2284 2771 2332 sanctum
2807 2294 2819 2330 :
2860 2276 3102 2347 accipies
3132 2277 3333 2347 viginti
3381 2275 3578 2331 obolos

1984 2386 2085 2442 per
2107 2370 2328 2437 siclum,
2359 2381 2418 2428 et
2439 2372 2605 2428 dabis
2643 2381 2935 2444 argentum
2964 2372 3147 2428 Aaron
3180 2381 3237 2428 et
3267 2373 3396 2428 ﬁliis
3432 2374 3574 2444 ejus,

1984 2461 2399 2532 redemptiones
2468 2477 2663 2518 eorum
2717 2465 2815 2534 qui
2867 2471 3167 2534 supersunt
3219 2464 3277 2518 in
3335 2463 3419 2519 eis
3462 2463 3571 2517 η.»

1984 2553 2161 2621 Quam
2193 2554 2425 2611 minime
2472 2555 2531 2611 in
2562 2562 2830 2627 promptu
2889 2563 2996 2623 est,
3027 2555 3259 2620 Palladi,
3303 2569 3582 2626 quamque

1986 2645 2230 2715 difﬁcile,
2262 2662 2352 2704 res
2378 2657 2488 2704 tam
2517 2649 2670 2705 tenui
2694 2649 2996 2721 subtilique
3028 2649 3353 2705 discrimine
3380 2648 3580 2705 distin-

1988 2747 2107 2797 ctas
2131 2756 2297 2812 posse
2332 2742 2573 2797 intueri!

2060 2832 2262 2889 PALL.
2289 2833 2459 2889 Recte
2484 2833 2626 2890 dicis
2652 2851 2666 2888 :
2702 2842 2885 2890 tamen
2909 2833 3084 2905 adiice
3122 2833 3388 2900 animum,
3430 2849 3585 2905 quaa—

1989 2940 2073 2993 so,
2100 2925 2169 2982 ad
2204 2940 2300 2981 eas
2326 2941 2418 2981 res
2440 2925 2844 2997 exquirendas,
2874 2925 3100 2983 Christo
3142 2926 3419 2982 bonorum
3463 2941 3587 2989 oni-

1988 3019 2145 3076 nium
2167 3019 2362 3075 datore
2390 3019 2586 3075 fretus.

2067 3111 2231 3182 116
2258 3110 2419 3166 CYR.
2455 3110 2850 3166 Animadverte
2905 3110 3076 3183 igitur
3136 3127 3193 3165 in
3260 3109 3447 3181 priore
3492 3108 3591 3165 de-

1990 3201 2290 3271 scriptione
2315 3214 2430 3254 non
2455 3198 2565 3254 nisi
2590 3199 2920 3263 masculum,
2953 3206 3011 3254 et
3055 3198 3151 3268 qui
3189 3204 3340 3252 esset
3389 3194 3587 3267 viginti

272 3281 394 3333 ἐστι
438 3279 507 3333 τὸ
534 3278 752 3352 ἔμφρον
778 3295 840 3334 τε
876 3280 971 3334 καὶ
1011 3278 1280 3352 ἀνδρεῖον,
1307 3279 1404 3333 καὶ
1443 3280 1501 3334 ὲν
1545 3279 1754 3350 ἀκμαῖς
1788 3276 1884 3332 τοῦ

1987 3307 2161 3348 annos
2214 3299 2399 3357 natus,
2455 3290 2715 3361 requiri,
2754 3289 2812 3345 id
2868 3298 2977 3355 est,
3035 3289 3131 3359 qui
3181 3297 3241 3344 et
3289 3286 3591 3359 prudentia

266 3372 538 3428 δύνασθαι
560 3371 887 3444 κατορθοῦν,
905 3372 943 3428 ἀ
968 3372 1036 3427 ἂν
1054 3371 1298 3443 βούλοιτο
1312 3371 1465 3436 Θεός.
1485 3369 1688 3441 Ἐχέτω
1698 3368 1754 3422 δὲ
1769 3369 1890 3434 ἀλις

270 3466 407 3536 ἡμῖν
425 3466 457 3518 ό
480 3462 617 3536 περὶ
640 3462 799 3517 τοῦδε
825 3461 1007 3533 λόγος.
1039 3462 1341 3535 Πεποίηται
1367 3460 1500 3534 γὰρ.
1549 3460 1627 3526 ὡς
1672 3455 1890 3533 ἐγῷμαι

267 3556 395 3613 λίαν
430 3556 813 3630 ἀποχρώντως
860 3555 1022 3627 ἔχων.
1063 3556 1162 3610 Ἕν
1194 3572 1261 3624 γε
1295 3555 1547 3609 ταυταινὶ
1591 3556 1715 3611 ταῖν
1733 3554 1889 3610 δυαῖν

270 3651 663 3722 ἁπογραφαῖν,
700 3648 848 3704 ἅπαν
876 3649 977 3719 μὲν
1005 3647 1175 3718 ἄρσεν
1203 3647 1264 3701 τὸ
1289 3650 1355 3702 ὲκ
1387 3648 1562 3719 φυλῆς
1591 3645 1745 3712 Λευτ,
1768 3649 1891 3711 ταῖς

274 3743 455 3809 θείαις
480 3759 547 3797 τε
582 3743 679 3797 καὶ
708 3742 882 3815 ἱεραῖς
902 3741 1222 3796 ὲντάττεται
1248 3740 1476 3813 ψήφοις.
1519 3741 1652 3794 Ἀπό
1686 3757 1751 3810 γε
1788 3740 1891 3810 τῆς

274 3836 476 3909 ἐτέρας
513 3834 792 3908 πληθύος,
827 3833 1013 3889 οὐκέτι
1061 3835 1171 3889 πᾶν
1217 3833 1385 3905 ἄρσεν
1421 3833 1632 3900 ἁπλῶς,
1664 3832 1805 3888 ἀλλὰ
1830 3831 1892 3885 τὸ

276 3927 656 4001 πρωτότοκον,
673 3928 784 3983 ἀπὸ
801 3926 1055 3999 μηνιαίου
1074 3926 1132 3980 δὲ
1148 3925 1369 3998 σύμπαν
1381 3926 1474 3981 καὶ
1495 3927 1682 3982 ἐπάνω
1695 3926 1757 3981 τὸ
1769 3928 1893 3999 ἀρι-

277 4023 309 4077 θ
320 4022 427 4095 μού
435 4039 623 4095 μενον.
651 4021 815 4093 Καὶή
846 4020 947 4092 μὲν
960 4019 1069 4075 τῶν
1083 4002 1387 4075 Λευιτικῶν
1416 4019 1633 4093 βρεφῶν
1654 4018 1891 4092 ἀπαρίθ-

282 4130 481 4185 μησις,
516 4112 615 4167 δύο
643 4110 742 4165 καὶ
764 4110 941 4165 εἴκοσι
965 4111 1207 4182 χιλιάδες
1225 4128 1239 4142 ο
1260 4113 1294 4184 ή
1318 4111 1500 4165 δὲτῶν
1530 4111 1893 4182 πρωτοτόκων

277 4204 377 4259 δύο
417 4205 521 4259 καὶ
567 4203 744 4257 εἴκοσι
778 4201 1024 4275 χιλιάδες
1062 4202 1161 4257 καὶ
1186 4204 1336 4274 τρεῖς
1376 4202 1472 4257 καὶ
1503 4202 1768 4257 διακόσιοι
1798 4200 1894 4255 καὶ

279 4297 692 4369 ἐϐδομήκοντα.
715 4290 852 4350 Εἶτα
877 4295 1127 4360 θεσπίζει
1155 4294 1311 4361 Θεὸς,
1341 4295 1464 4350 ἀντὶ
1483 4294 1591 4349 τῶν
1617 4293 1894 4367 πρωτοτό-

281 4406 399 4443 κων
420 4390 552 4452 τοὺς
575 4386 809 4451 Λευίτας
829 4387 1184 4442 ἀνατίθεσθαι
1211 4388 1342 4442 δεῖν.
1386 4386 1606 4458 Ἐπειδὴ
1634 4385 1692 4440 δὲ
1720 4386 1895 4455 ὑπερσ-

279 4481 486 4553 τεροῦν
511 4482 632 4552 ῆτοι
662 4478 948 4545 πλεονάζοι
977 4479 1200 4551 ἀριθμῷ
1225 4479 1287 4533 τὸ
1319 4479 1612 4551 δημοτικὸν
1640 4460 1894 4551 εὑρίσκε-

162 4598 173 4605 ι
278 4591 379 4628 ται
404 4614 422 4638 ,
459 4572 766 4637 διακοσίαις
820 4571 1202 4644 ἐϐδομήκοντα
1255 4571 1353 4626 καὶ
1401 4572 1551 4643 τρισὶ
1606 4571 1894 4642 κεφαλαῖς,

276 4663 652 4721 δεδικαίωκεν
690 4667 721 4719 ό
762 4665 1084 4737 νομοθέτης.
1116 4664 1585 4737 προσκομίζεσθαι
1615 4666 1727 4720 δεῖν
1752 4666 1894 4737 ὑπὲρ

279 4759 478 4817 αὐτῶν
505 4757 578 4812 τὰ
600 4756 773 4830 λύτρα
794 4760 862 4830 τῇ
889 4756 1032 4830 φυλῇ
1048 4760 1116 4830 τῇ
1137 4758 1421 4828 Λευιτικῇ,
1448 4757 1525 4820 ὡς
1546 4757 1612 4811 ἂν
1631 4757 1727 4811 καὶ
1748 4757 1890 4830 ὑπὲρ

279 4853 474 4909 αὐτῶν
502 4854 743 4907 ποιοῖντο
770 4852 868 4916 τὰς
905 4850 1250 4922 λειτουργίας
1269 4892 1284 4915 ,
1321 4851 1417 4905 καὶ
1443 4851 1768 4923 ἀναφέροιεν
1795 4852 1895 4916 τὰς

279 4945 596 5018 λατρείας,
671 4943 865 5016 μισθὸν
909 4943 1102 5015 ὥσπερ
1151 4942 1276 4998 τινά
1322 4942 1424 5015 τὴν
1478 4944 1896 5017 ἀπερισπάστου

286 5037 658 5113 προσεδρείας
691 5035 904 5091 τουτονὶ
929 5036 1293 5108 κομιζόμενος
1325 5038 1455 5107 παρ’
1481 5036 1682 5090 αὐτῶν.
1708 5038 1778 5091 Ἢ
1794 5037 1897 5091 οὐκ

283 5135 349 5188 ὲν
373 5131 593 5196 τούτοις
619 5130 729 5202 φὴς
749 5129 849 5203 τὴν
875 5130 984 5185 τῶν
1016 5128 1399 5202 προκειμένων
1428 5130 1747 5203 περίνοιαν;

1989 3391 2138 3442 esset
2158 3390 2217 3439 et
2243 3382 2573 3439 fortitudine
2591 3381 2860 3452 praeditus
2891 3388 2949 3435 et
2972 3380 3190 3435 viribus
3230 3379 3471 3434 maxime
3508 3375 3591 3433 vi-

1991 3482 2147 3548 geret
2176 3474 2246 3531 ad
2271 3490 2339 3532 ea
2390 3472 2748 3546 exsequenda
2785 3487 2909 3543 quae
2961 3472 3111 3527 Deus
3160 3471 3368 3526 vellet:
3401 3467 3499 3524 sed
3521 3468 3593 3525 de

1989 3566 2095 3622 hac
2124 3582 2185 3623 re
2219 3566 2521 3633 hactenus;
2561 3564 2699 3620 satis
2733 3563 2906 3629 enim,
2958 3569 3023 3617 ut
3054 3570 3213 3633 puto,
3245 3569 3331 3617 est
3367 3577 3399 3616 a
3428 3559 3594 3615 nobis
3642 3562 3645 3567 '

1990 3656 2223 3713 dictum.
2250 3656 2312 3713 In
2349 3657 2440 3712 his
2470 3669 2608 3711 vero
2642 3654 2864 3711 duabus
2907 3651 3386 3724 descriptionibus
3428 3665 3596 3707 omne

1989 3748 2216 3820 quidem
2242 3748 2615 3804 masculinum
2641 3763 2710 3803 ex
2736 3742 2889 3803 tribu
2916 3744 3051 3801 Levi
3074 3741 3285 3799 divinis
3311 3736 3595 3812 sacrisque

1991 3839 2269 3912 suﬁ‘ragiis
2280 3839 2578 3895 asciscitur
2593 3857 2608 3894 :
2626 3839 2698 3894 ab
2722 3839 2900 3895 altera
2924 3852 3059 3894 vero
3081 3833 3462 3897 multitudine,
3480 3848 3592 3887 non

1989 3946 2155 3986 omne
2206 3930 2573 3986 masculinum
2602 3929 2942 4000 promiscue,
2975 3927 3072 3984 sed
3112 3925 3547 3998 primogenitum
3579 3941 3593 3976 :

1991 4022 2130 4079 illud
2160 4031 2346 4078 tamen
2388 4021 2652 4077 omnibus
2682 4018 2981 4078 commune
3029 4029 3135 4085 est,
3191 4017 3340 4088 quod
3386 4016 3457 4071 ab
3483 4028 3597 4070 uno

1992 4129 2184 4170 mense
2208 4120 2265 4170 et
2281 4128 2451 4184 supra
2476 4109 2944 4169 recensentur.Ac
2967 4110 3344 4165 Leviticorum
3369 4107 3597 4177 quidem

1994 4219 2292 4278 puerorum
2305 4218 2518 4259 summa
2534 4202 2648 4258 duo
2674 4211 2732 4257 et
2755 4200 2953 4273 viginti
2976 4200 3150 4256 millia
3185 4197 3596 4270 complectitur;

1994 4306 2051 4354 at
2096 4295 2604 4368 primogenitorum
2654 4308 2872 4350 summa
2913 4291 3027 4347 duo
3070 4300 3128 4348 et
3175 4288 3374 4362 viginti
3425 4287 3598 4342 millia

1996 4400 2109 4446 tres
2138 4388 2368 4460 insuper.
2389 4396 2447 4444 et
2463 4386 2739 4443 ducentos
2770 4384 3141 4456 septuaginta.
3193 4380 3406 4438 Deinde
3439 4379 3601 4451 jubet

1994 4484 2143 4539 Deus
2179 4482 2303 4538 loco
2329 4479 2832 4553 primogenitorum
2852 4476 3076 4533 Levitas
3098 4474 3203 4532 sibi
3257 4472 3453 4531 dicari.
3490 4471 3588 4526 Ve-

1998 4591 2144 4641 rum,
2181 4573 2315 4646 quia
2344 4572 2629 4645 popularis
2658 4585 2863 4627 census
2900 4583 3139 4625 numero
3182 4564 3436 4637 superior
3478 4579 3601 4620 esse

1928 4649 1970 4705 υ
2001 4667 2408 4739 reperiebatur,
2446 4664 2846 4734 abundareque
2901 4660 3180 4732 capitibus
3221 4656 3479 4715 ducentis
3517 4671 3604 4712 se-

1998 4759 2283 4831 ptuaginta
2303 4757 2690 4825 tribus,sanxit
2704 4755 2842 4829 legis
2862 4755 3206 4821 eonditor,ut
3229 4753 3453 4808 illorum
3481 4749 3605 4806 vice

1999 4853 2177 4924 pretia
2210 4850 2278 4908 ad
2310 4851 2517 4907 tribum
2546 4849 2851 4905 Leviticam
2879 4847 3255 4912 deferrentur,
3279 4853 3341 4900 ut
3361 4858 3463 4914 pro
3493 4842 3605 4897 illis

1998 4945 2184 5002 cultus
2216 4943 2436 5000 divinos
2469 4942 2821 5005 exhiberem,
2862 4948 2920 4997 et
2970 4937 3242 4995 sacriﬁcia
3293 4935 3601 5000 oti‘errent;

1998 5039 2104 5095 hac
2146 5037 2319 5095 veluti
2382 5035 2639 5093 mercede
2683 5034 2754 5091 ab
2801 5033 2912 5090 illis
2960 5038 3207 5102 accepta,
3238 5044 3349 5100 quo
3364 5027 3517 5083 nulla
3543 5041 3603 5081 re

1987 5131 2191 5188 divulsi
2242 5130 2625 5200 distractique,
2675 5125 2897 5183 assidue
2940 5124 3194 5195 religioni
3236 5120 3600 5177 deservirem.

282 5230 377 5287 An
428 5228 666 5284 minime
716 5226 913 5283 fateris
968 5226 1058 5281 his
1124 5225 1314 5282 verbis
1363 5225 1614 5282 breviter
1664 5227 2132 5298 comprehensum
2154 5242 2276 5285 esse
2299 5224 2597 5297 propositae
2617 5221 2919 5293 Scriptura:
2951 5217 3215 5276 sensum?

362 5326 582 5382 ΠΔΛΔ.
609 5327 689 5396 Φη
699 5325 779 5396 μί.

364 5419 539 5473 ΚΥΡ.
577 5415 793 5470 Οὐκοῦν
823 5418 1003 5471 ἐκεῖνο
1030 5416 1141 5489 ἐρῶ
1168 5434 1181 5447 ·
1214 5416 1310 5471 καί
1341 5434 1434 5489 μοι
1472 5417 1636 5473 πάλιν
1682 5420 1711 5472 ό
1739 5417 1900 5487 λόγος

2079 5325 2283 5383 PALL.
2306 5325 2532 5379 Fateor.

2079 5417 2237 5473 CYR.
2268 5414 2411 5472 Illud
2456 5413 2628 5485 igitur
2668 5408 2808 5465 mihi
2857 5405 3160 5464 dicendum
3217 5402 3464 5470 videtur,
3502 5418 3606 5462 nec

292 5508 395 5563 οὐκ
424 5507 540 5561 ἀπὸ
568 5506 779 5561 σκοποῦ
817 5505 1105 5577 βαδιεῖται,
1138 5507 1282 5562 κατά
1309 5524 1374 5576 γε
1402 5508 1465 5562 τὸ
1491 5508 1641 5572 εἰκὸς
1674 5507 1771 5563 καὶ
1800 5510 1886 5562 οὐ)

2007 5524 2132 5564 mea
2153 5507 2332 5563 oratio
2354 5522 2384 5562 a
2410 5503 2694 5577 proposita
2726 5516 2788 5557 re
2807 5500 3131 5566 eritaliena,
3165 5506 3441 5570 quatenus
3463 5511 3604 5553 con-

290 5600 586 5664 ἀπιθάνως
627 5598 781 5671 ἐχονο
827 5600 926 5671 ἥτε
978 5599 1078 5671 μὲν
1107 5599 1219 5672 γάρ
1263 5598 1486 5672 ἀνδρίας
1533 5617 1595 5654 τε
1635 5599 1774 5672 ὁμοῦ
1808 5601 1886 5655 κα¹

2008 5607 2275 5675 gruenter
2303 5608 2473 5671 atque
2498 5595 2869 5668 probabiliter
2914 5592 3025 5649 dici
3056 5592 3232 5664 possit
3260 5608 3273 5645 :
3316 5589 3410 5646 ubi
3450 5588 3600 5644 enim

292 5694 622 5768 φρονήσεως
651 5692 754 5763 τῆς
787 5693 845 5746 ὲν
877 5691 1102 5764 Χριστῷ
1133 5693 1434 5766 νοουμένης
1463 5692 1777 5766 ἀνάμνησις
1809 5689 1899 5765 ἦν,

294 5788 397 5844 καὶ
423 5787 500 5851 ὡς
522 5789 580 5841 ὲν
604 5787 761 5857 τύπῳ
799 5784 1050 5858 ζήτησις,
1100 5787 1457 5859 ἀπεγράφετο
1488 5787 1547 5842 τὸ
1581 5788 1770 5859 ἄρσεν,
1802 5788 1902 5842 οὐκ

296 5906 345 5941 ’³
369 5904 538 5963 Num.
572 5918 652 5971 ιιι,
678 5901 746 5958 40
777 5917 926 5975 seqq.

2011 5690 2363 5749 fortitudinis
2381 5687 2543 5744 simul
2567 5694 2625 5741 et
2646 5684 2975 5757 prudentiae,
3018 5699 3140 5754 qua:
3172 5682 3228 5736 in
3250 5680 3473 5736 Christo
3508 5676 3597 5730 in-

2009 5784 2299 5855 tclligitur,
2322 5780 2532 5837 mentio
2557 5776 2950 5848 ﬁcbat,_atque,
2985 5783 3043 5831 ut
3068 5776 3121 5830 in
3149 5774 3342 5845 ﬁgura,
3373 5767 3604 5839 quaestio
