4096 6512
531 408 637 469 319

1523 416 1578 474 S.
1618 416 1894 476 CYRILLI
1931 417 2403 479 ALEXANDRINI
2437 420 2756 479 ARCHIEP.

3689 428 3809 485 390

532 541 675 598 erat,
728 539 844 588 tum
900 532 1317 590 dcscribehatur
1360 535 1702 592 masculinus
1760 552 1927 595 sexus
1957 580 1972 604 ,
2018 538 2112 610 qui

2215 539 2395 612 ἀφανῆ
2433 538 2533 613 τὴν
2573 540 2667 595 τοῦ
2717 500 2987 614 σώματοςὲ
3019 542 3233 614 ἠλικίαν
3266 544 3411 616 ἔχον.
3472 546 3691 618 Ἐπειδὴ
3733 550 3807 603 δὲ

535 624 684 680 haud
707 623 986 680 imbecilla
1007 632 1153 681 esset
1176 626 1427 697 corporis
1460 634 1644 684 atate.
1677 627 1786 685 Sed
1812 631 1943 700 quia
1972 646 2112 701 prai-

537 725 688 772 terea
720 731 860 787 opus
883 723 1005 772 erat
1026 716 1177 773 illam
1201 732 1423 788 quoque
1487 718 1939 791 descriptionem,
1989 733 2114 792 qua:

535 823 633 878 per
656 808 816 862 fidem
839 816 897 863 et
923 808 1250 864 charitalem
1274 809 1333 864 in
1357 809 1640 866 Christum
1672 810 1755 879 ﬁt,
1807 820 1996 883 aperte
2032 812 2112 869 si-

536 897 804 968 gniﬁcari,
839 897 1001 953 simul
1035 899 1443 969 comprehenso
1468 900 1565 956 illo
1593 901 1940 969 discrimine,
1960 904 2111 974 quod

535 990 592 1043 in
619 988 687 1043 iis
718 988 812 1059 qui
863 988 1101 1044 credunt
1144 991 1497 1062 perspicitur,
1531 1008 1602 1049 ex
1650 994 1854 1064 quibus
1906 994 2001 1050 alii
2028 997 2110 1051 εἰς-

533 1081 649 1136 mul
699 1091 863 1152 atque
907 1081 1075 1137 ﬁdem
1111 1090 1467 1154 acceperunt,
1514 1084 1687 1141 sacris
1734 1086 1999 1156 operibus
2044 1100 2112 1143 ac

532 1172 629 1227 Dei
661 1174 944 1244 obsequiis
984 1175 1330 1241 incumbunt,
1362 1176 1459 1232 alii
1489 1192 1549 1233 se
1572 1176 1704 1232 non'
1726 1177 1970 1250 integros
1997 1178 2112 1235 Deo

532 1262 740 1332 dicant,
781 1267 878 1322 sed
906 1267 1070 1323 divisi
1095 1275 1244 1334 sunt,
1269 1283 1336 1324 ac
1356 1268 1442 1325 sui
1473 1277 1689 1340 partem
1724 1272 1904 1328 rebus
1944 1287 2115 1328 sectr»-

532 1355 748 1411 larihus
786 1357 1079 1425 tribuunt;
1122 1374 1189 1414 ea
1247 1359 1317 1416 de
1366 1375 1535 1416 causa
1558 1361 1684 1433 jure
1734 1363 1944 1433 optimo
1978 1363 2117 1435 legis

532 1448 788 1504 conditor
811 1465 1027 1505 sacrum
1053 1450 1188 1506 illud
1213 1451 1501 1509 hominum
1525 1453 1851 1521 discrimen,
1876 1455 2024 1526 quod
2056 1457 2115 1512 in

533 1556 739 1611 genere
773 1540 1019 1599 Levitico
1048 1551 1309 1615 tanquam
1347 1544 1403 1600 in
1430 1545 1607 1618 figura
1654 1547 2004 1619 intelligitur,
2052 1559 2117 1606 ut

533 1634 695 1689 alteri
738 1634 1096 1703 anteferatur,
1123 1636 1326 1708 jussit;
1351 1637 1705 1710 primumque
1738 1639 1922 1695 locum
1948 1647 2012 1695 ut
2056 1640 2116 1695 in

534 1725 903 1797 descriptione
931 1735 1133 1795 teneat,
1155 1728 1585 1800 imperavit.Hac
1608 1730 1676 1787 de
1693 1746 1857 1787 causa
1873 1730 2114 1802 primum

536 1816 770 1873 Levitici
810 1821 1030 1890 generis
1059 1821 1396 1877 mentionem
1421 1820 1572 1878 fecit.
1612 1820 1878 1893 Sequitur
1904 1831 2112 1889 autem,

2220 630 2356 702 πρὸς
2366 629 2577 695 τούτοις
2600 632 2772 704 ἐχρῆν
2799 633 2895 687 καὶ
2915 631 3014 705 τὴν
3036 634 3112 699 ὡς
3132 635 3189 690 ὲν
3202 636 3385 689 πίστει
3412 654 3471 689 τε
3493 637 3586 690 καὶ
3604 638 3813 713 ἀγάπῃ

2216 722 2287 791 τῇ
2337 721 2418 786 εἰς
2451 723 2686 791 Χριστὸν
2718 723 3017 796 γενομένην
3049 726 3381 797 ἀπογραφὴν
3420 718 3481 781 εὖ
3515 727 3662 798 μάλα
3692 744 3810 781 κα-

2214 830 2354 886 ταση
2363 814 2668 886 μαίνεσθαι,
2684 816 3473 891 συμπεπλεγμένηςδιαφορᾶς,
3488 821 3555 891 ἢν
3567 820 3645 884 ὡς
3659 820 3718 874 ἐν
3741 835 3809 889 γε

2215 912 2330 974 τοῖς
2379 911 2729 966 πιστεύουσιν
2762 911 2910 967 ἔστιν
2957 913 3105 969 ἰδεῖν.
3143 916 3207 969 Oi
3240 915 3338 986 μὲν
3376 915 3506 987 γὰρ,
3534 918 3673 986 ὁμοῦ
3716 916 3815 985 τῷ

2204 1000 2621 1073 παραδέχεσθαι
2647 1002 2747 1074 τὴν
2772 1003 2974 1068 πίστιν,
3003 1005 3181 1059 καὶτὸ
3206 1005 3471 1076 ὲνέργοις
3505 1007 3672 1077 ἱερὸν,
3700 1007 3811 1061 καὶ

2200 1091 2316 1162 ’τὴν
2366 1092 2472 1147 ὑπὸ
2511 1091 2633 1163 Θεῷ
2676 1093 2919 1148 δουλείαν
2966 1095 3384 1167 ἐπιτηδεύουσιν
3411 1114 3426 1129 ο
3481 1098 3531 1150 oi
3587 1098 3647 1151 δὲ
3693 1098 3808 1167 οὐχ

2202 1183 2507 1255 ;όλόκληρον
2550 1184 2828 1239 ποιοῦνται
2877 1186 2978 1259 τὴν
3022 1187 3323 1259 ἀφιέρωσιν
3346 1228 3361 1251 ,
3403 1189 3810 1261 μεμερισμένοι

2217 1274 2356 1346 πρὸς
2386 1275 2456 1330 τὰ
2503 1279 2564 1331 ὲν
2610 1277 2800 1349 κόσμῳ
2827 1294 2841 1309 ο
2869 1276 3045 1352 ταύτῃ
3070 1295 3154 1333 τοι
3185 1280 3412 1343 δικαίως
3442 1282 3473 1333 ό
3496 1280 3809 1351 νομοθέτης

2217 1366 2590 1438 προτιμᾶσθαι
2619 1366 2850 1438 θατέρου
2899 1368 3112 1422 κελεύει
3139 1369 3200 1424 τὸ
3222 1369 3404 1441 ’ίερδν,
3435 1371 3513 1435 ὡς
3538 1373 3614 1425 ιὲν
3636 1372 3811 1442 τύπῳ

2206 1457 2509 1528 ’νοούμενον
2535 1458 2686 1528 γένει
2712 1458 2793 1531 τῷ
2819 1458 3124 1530 Λευιτικῷ·
3152 1462 3248 1515 καὶ
3275 1461 3367 1517 τὸν
3402 1462 3618 1533 πρῶτον
3642 1462 3743 1533 ἔχε
3755 1480 3809 1515 ιν

2216 1550 2275 1602 ὲν
2305 1551 2623 1622 ἀπογραφῇ,
2657 1551 2995 1623 προστέταχε
3021 1552 3206 1607 τόπον.
3235 1551 3460 1625 Πρώτου
3490 1554 3556 1625 δὴ
3580 1552 3678 1608 οὖν
3708 1554 3811 1609 διὰ

2215 1640 2374 1694 τοῦτο
2409 1640 2739 1711 μνημονεύει
2762 1640 2862 1695 τοῦ
2887 1641 3195 1707 Λευιτικοῢ,
3214 1643 3501 1697 ’ἕπεταικδὲ
3532 1644 3684 1715 αὐτῷ
3704 1645 3811 1698 καὶ

2218 1729 2587 1802 παρέζευκταί
2629 1748 2749 1796 πως
2772 1770 2788 1797 ,
2816 1732 2879 1785 τὸ
2903 1734 3071 1804 ἄρσεν
3095 1750 3156 1786 τε
3189 1734 3285 1786 καὶ
3322 1734 3387 1787 ’τὸ
3416 1736 3767 1805 πρωτότοκον
3791 1775 3808 1790 .

2230 1821 2613 1893 Ἑκτετίμηται
2644 1824 2758 1896 γὰρ
2787 1824 2940 1896 παρὰ
2960 1824 3084 1895 Θεῷ
3098 1816 3251 1890 -λίαν,
3282 1824 3346 1878 τὸ
3376 1825 3460 1888 ὡς
3478 1826 3550 1880 »ὲν
3576 1827 3814 1897 ἀνδρείᾳ

538 1909 731 1980 illique
763 1910 1021 1982 adjuncta
1049 1920 1137 1967 est
1185 1913 1558 1970 masculorum
1595 1930 1661 1970 ac
1720 1915 2112 1987 primogenitu-

2216 1915 2285 1985 τῇ
2340 1918 2684 1987 πνευματικῇ
2736 1916 2832 1971 καὶ
2876 1918 2944 1972 ἐν
2984 1917 3322 1990 ουμμορφίᾳ
3365 1918 3678 1989 νοούμενον,
3733 1921 3810 1990 τῇ

536 2017 663 2055 rum
690 2003 960 2057 recensio.
1002 2004 1161 2076 n7
1190 2005 1411 2062 Etenim
1439 2005 1497 2061 in
1533 2007 1716 2077 pretio
1759 2006 1909 2077 apud
1938 2007 2114 2062 Deum

533 2103 620 2150 est
637 2094 771 2150 illud
804 2096 1092 2151 hominum
1122 2113 1316 2169 genus,
1353 2099 1503 2169 quod
1548 2108 1808 2169 tanquam
1838 2088 2116 2171 spirituali

535 2186 858 2244 fortitudine
886 2189 1200 2260 praeditum,
1230 2197 1287 2246 et
1314 2189 1559 2257 Christo,
1585 2192 1679 2262 qui
1726 2199 1811 2247 est
1834 2192 2115 2264 primoge-

532 2280 703 2347 nitus,
732 2281 1015 2337 conforme
1044 2291 1341 2353 spectatur.
1371 2283 1560 2354 Itaque
1583 2283 1779 2338 beatus
1821 2283 2024 2340 Paulus
2047 2284 2116 2340 ad

531 2373 823 2443 quosdam,
850 2375 945 2445 qui
972 2374 1351 2431 claudicarent
1369 2375 1517 2431 circa
1548 2375 1733 2442 fidem,
1762 2384 1820 2431 et
1867 2376 1925 2432 in
1959 2376 2115 2448 frigi-

531 2465 632 2520 das
657 2466 951 2536 opiniones
996 2467 1300 2522 effeminati
1352 2475 1560 2532 essent,
1611 2468 1838 2523 scribit:
1885 2488 1903 2519 ι
1934 2468 2115 2524 Filioli

531 2557 662 2623 mei,
689 2573 827 2627 quos
850 2558 1049 2613 iterum
1076 2559 1350 2630 parturio,
1404 2559 1584 2615 donec
1632 2558 1905 2615 formetur
1940 2560 2115 2617 Chri-

530 2658 650 2704 stus
686 2650 742 2704 in
764 2650 924 2705 vobis
938 2649 1026 2704 η’.
1051 2669 1070 2702 ι
1099 2650 1428 2706 Admittitur
1450 2665 1584 2722 ergo
1635 2650 1695 2706 in
1732 2650 1831 2707 Dei
1881 2652 2112 2720 librum,

530 2737 786 2808 quisquis
829 2739 1231 2811 primogenitus
1287 2739 1475 2808 fuerit,
1529 2748 1593 2796 ut
1636 2741 1732 2812 qui
1781 2741 1854 2797 sit
1892 2741 2115 2800 Christo

530 2827 833 2883 conformis
866 2845 878 2881 :
926 2830 1204 2886 masculus
1236 2829 1369 2886 item
1417 2839 1475 2887 et
1507 2830 1804 2903 prudentia
1859 2840 2109 2890 ornatus.

530 2919 670 2975 lllud
692 2936 826 2976 vero
855 2921 1260 2979 animadvertas
1273 2923 1460 2990 velim,
1487 2924 1559 2979 ab
1604 2924 1729 2980 aliis
1756 2924 1984 2995 quidem
2012 2925 2114 2980 tri-

531 3013 735 3079 lsubus,
776 3022 838 3069 ut
860 3014 1025 3070 modo
1060 3015 1197 3082 dixi,
1222 3030 1337 3070 non
1362 3031 1584 3071 omnem
1621 3016 1926 3072 masculum
1959 3016 2115 3072 nullo

530 3102 849 3159 discrimine
875 3104 1174 3170 recenseri,
1190 3105 1287 3160 sed
1309 3105 1487 3160 solum
1511 3106 1941 3177 primogenitum
1968 3124 1981 3161 :
2006 3122 2112 3163 ne-

529 3210 638 3264 que
689 3194 839 3250 enim
882 3209 1075 3252 omnes
1130 3196 1383 3252 homines
1421 3196 1529 3253 ﬁde
1582 3198 1828 3269 insignes
1855 3209 2005 3265 sunt,
2055 3208 2113 3256 et

2218 2005 2361 2059 κατὰ
2392 2006 2647 2076 Χριστὸν,
2686 2008 2894 2071 δςςέστι
2912 2011 3288 2080 πρωτότοκος.
3326 2011 3437 2065 Καὶ
3469 2010 3602 2079 γοῦν
3624 2014 3657 2065 '6
3686 2011 3815 2064 θεσ-

2212 2095 2405 2158 πέσιος
2433 2095 2978 2161 Παῦλος-ἐπιστέλλει
3007 2101 3119 2154 τισὶ
3148 2099 3260 2154 τῶν
3296 2099 3636 2166 ὁκλαζόντων
3668 2103 3811 2175 περὶ

2212 2187 2317 2258 τὴν
2350 2188 2556 2257 πίστιν,
2579 2190 2671 2244 καὶ
2699 2192 2778 2255 είς
2800 2191 3010 2256 ἐννοίας
3034 2193 3247 2266 ψυχρὰς
3269 2193 3803 2266 -ἒκτεθηλυμμένωψ

2213 2299 2242 2332 ’t
2283 2281 2483 2335 Τεκνία
2530 2299 2654 2352 μου,
2700 2282 2793 2348 οὒς
2828 2284 2989 2338 πάλιν
3014 2284 3220 2353 ὠδίνω,
3248 2285 3408 2357 άχρις
3436 2281 3498 2341 οὗ
3530 2287 3804 2358 μορφωθῇ

2216 2374 2452 2447 Χριστὸς
2474 2376 2542 2428 ὲν
2568 2375 2716 2447 ύμῢν.
2752 2396 2772 2428 ι
2796 2377 2997 2442 Δεκτὸς
3022 2373 3114 2433 οὖν
3135 2379 3242 2449 ἄρα
3263 2380 3358 2432 καὶ
3387 2381 3445 2432 ὲν
3475 2377 3645 2448 βίΰλῳ
3662 2378 3800 2431 Θεοῦ

2212 2468 2348 2531 επᾶςν
2371 2468 2400 2520 ὅ
2424 2466 2577 2530 ὠςιὲν
2611 2468 2890 2541 μορφώσει
2916 2471 2985 2541 τῇ
3006 2469 3402 2541 malimch
3432 2469 3806 2541 πρωτότοκος,

2216 2558 2392 2630 ἄρσην
2413 2576 2472 2612 τε
2506 2560 2600 2613 καὶ
2616 2559 3087 2632 ὲμφρονέστατος.
3128 2562 3413 2634 Ἔπιτήρει
3440 2562 3496 2615 δὲ
3518 2562 3599 2615 ὅτι
3630 2560 3809 2615 καθάο

2217 2666 2324 2721 περ
2363 2649 2501 2721 ἔφην
2531 2650 2753 2721 ἀρτίως,
2793 2652 2902 2706 ἀπὸ
2934 2652 3035 2723 μὲν
3062 2652 3172 2707 τῶν
3211 2652 3567 2725 ἑτεροφύλων,
3594 2653 3658 2706 οὐ
3690 2653 3811 2705 πᾶν

2215 2742 2383 2814 άρσεν
2412 2744 2597 2809 ἁπλῶς
2625 2744 2962 2817 ἐναρίθμιον,
2991 2745 3128 2800 ἀλλὰ
3150 2746 3312 2817 μόνον
3340 2746 3403 2800 τὸ
3430 2746 3804 2818 πρωτότοκον·

2215 2833 2276 2887 ού
2305 2833 2414 2905 γάρ
2442 2851 2525 2887 τοι
2561 2835 2671 2898 πᾶς
2701 2833 2991 2905 ἄνθρωπος
3036 2836 3094 2889 ὲν
3122 2835 3308 2890 πίστει
3336 2836 3671 2909 διαπρεπὴς,
3703 2838 3810 2890 καὶ

2214 2925 2275 2978 ὲν
2304 2926 2630 2997 συμμορφίᾳ
2668 2928 2736 2998 τῇ
2778 2925 2924 2981 κατὰ
2951 2927 3213 3000 Χριστὸν,
3253 2928 3440 2983 πολλοὶ
3488 2930 3595 2998 γὰρ
3624 2930 3674 2983 οἱ
3714 2916 3810 3000 ’μὴ

2216 3014 2635 3081 πιστεύσαντες,
2672 3015 3025 3088 ἀνάγραπτον
3057 3017 3115 3071 δὲ
3151 3018 3248 3072 καὶ
3277 3019 3334 3071 ὲν
3364 3018 3583 3091 ἀριθμῷ
3638 3020 3812 3090 μόνον

2213 3104 2330 3157 tot}.
2343 3104 2402 3158 τὸ
2417 3105 2779 3174 πρωτότοκον,
2800 3104 2890 3159 διὰ
2903 3105 2995 3159 τὸν
3009 3107 3067 3159 ὲν
3080 3108 3117 3177 ἡ
3127 3108 3217 3177 μϊν
3235 3108 3598 3177 πρωτότοκον,
3621 3108 3718 3162 καὶ
3744 3111 3813 3161 ὲν

2212 3193 2433 3259 πολλοῖς
2453 3194 2727 3264 ἀδελφοῖς.
2753 3195 2936 3251 ’Δπαν
2958 3196 3015 3249 δὲ
3034 3195 3201 3268 άρσεν
3229 3197 3417 3261 ἁπλῶς
3441 3199 3534 3253 καὶ
3554 3197 3780 3269 ἀδιακρί
3792 3227 3811 3238 -

528 3284 750 3342 Christo
779 3286 1127 3355 conformes;
1192 3296 1322 3344 sunt
1350 3289 1500 3344 enim
1523 3266 1780 3361 plerique
1821 3290 2106 3347 inﬁdeles:

2214 3300 2323 3352 τως
2352 3286 2413 3341 ἐν
2445 3303 2509 3355 γε
2536 3290 2651 3352 τοῖς
2684 3288 2991 3351 Λευιτικοῖς
3020 3266 3085 3341 ὲν
3104 3288 3399 3360 ἀπογραφῇ
3432 3288 3525 3343 καὶ
3562 3289 3620 3343 ἐν
3648 3266 3813 3343 ἐκλο-

529 3376 627 3431 sed
663 3376 754 3432 ille
811 3376 1150 3435 describitur
1199 3380 1381 3435 solum
1410 3388 1579 3451 atque
1623 3389 1974 3449 numeratur,
2012 3383 2113 3454 qui

529 3467 935 3540 primogenitus
954 3470 1144 3537 fuerit,
1170 3479 1396 3542 propter
1433 3488 1582 3539 eum,
1615 3474 1714 3543 qui
1756 3473 1813 3531 in
1860 3474 2022 3530 nobis
2056 3475 2115 3531 in

474 3586 478 3591 ι
528 3556 826 3630 multisque
848 3559 1117 3618 fratribus
1136 3562 1546 3634 Primogenitus
1569 3571 1655 3620 est
1677 3565 1745 3619 ⁷⁸.
1797 3564 1869 3621 At
1896 3580 2029 3621 vero
2054 3566 2113 3621 in

531 3650 848 3706 Levitarum
897 3667 1069 3710 censu
1112 3669 1276 3711 omne
1335 3657 1706 3714 masculinum
1757 3658 2110 3727 promiscue,

529 3742 682 3796 nullo
714 3741 930 3798 delectu
953 3743 1011 3799 in
1042 3744 1454 3817 descriptiones
1476 3747 1744 3815 refertur,
1770 3748 1911 3804 etin
1958 3764 2114 3804 sum-

530 3847 676 3887 mam
719 3834 1030 3907 colligitur:
1055 3852 1206 3905 nam,
1255 3839 1408 3910 quod
1451 3848 1706 3897 sanctum
1733 3848 1840 3907 est,
1870 3840 1927 3897 id
1963 3842 2115 3896 omni

530 3945 598 3986 ex
626 3940 783 4002 parte
823 3939 910 3990 est
956 3933 1071 3990 Deo
1094 3941 1411 4006 cognatum.
1435 3932 1521 3990 Ab
1546 3949 1658 3990 uno
1680 3949 1816 3991 vero
1840 3949 2031 3990 mense
2056 3941 2118 3989 et

529 4036 699 4093 supra
728 4022 1121 4081 describuntur
1164 4043 1180 4079 :
1211 4026 1441 4098 ejusque
1491 4026 1571 4081 rei
1617 4040 1870 4097 quaenam
1926 4024 2116 4082 afferri

529 4115 671 4171 ratio
695 4118 914 4187 potest?
939 4118 1019 4173 Ea
1043 4133 1265 4189 nempe,
1300 4119 1451 4190 quod
1471 4118 1563 4175 illa
1586 4118 1832 4177 ﬁdelium
1857 4120 1915 4175 in
1952 4118 2117 4176 Chri-

527 4214 614 4263 sto
635 4207 865 4264 infantia
890 4209 1120 4265 minime
1149 4226 1182 4265 a
1212 4210 1326 4266 Deo
1346 4211 1639 4284 rejicitur;
1688 4227 1816 4268 nam
1859 4212 1953 4267 illa
1978 4219 2114 4268 aeta-

528 4297 600 4353 tis
636 4299 909 4371 exiguitas
934 4301 1106 4358 veluti
1131 4310 1263 4357 nota
1299 4310 1387 4359 est
1432 4304 1582 4360 illius
1626 4304 1685 4360 in
1728 4303 1952 4361 Christo
1983 4303 2117 4360 sim-

525 4391 789 4462 plicitatis
813 4408 880 4449 ac
892 4393 1201 4465 spiritualis
1230 4395 1493 4454 infantiae.
1518 4396 1592 4454 Ut
1615 4396 1764 4452 enim
1789 4396 2115 4452 dicebamus

528 4491 786 4555 tanquam
809 4499 1023 4553 eorum,
1067 4487 1164 4558 qui
1197 4493 1385 4544 essent
1410 4487 1484 4545 ad
1521 4501 1760 4560 pugnam
1808 4485 2112 4557 promptis-

2214 3379 2434 3449 γισμοῖς
2455 3393 2471 3408 '
2500 3376 2628 3449 Θεῷ
2658 3377 2768 3451 γὰρ
2795 3379 2996 3432 οίκεῖον
3022 3377 3336 3450 ὁλοκλήρως
3375 3378 3434 3432 τὸ
3462 3379 3639 3447 άγιον.
3674 3380 3810 3451 Μη-

2214 3467 2432 3522 misti:
2465 3468 2558 3522 καὶ
2583 3466 2771 3522 ὲπάνω
2789 3466 2859 3521 τὰ
2887 3468 3343 3541 ἀπογραφόμεναι
3374 3469 3469 3523 καὶ
3495 3468 3578 3534 τίς
3612 3471 3646 3541 ἡ
3670 3471 3814 3540 πρό-

2217 3576 2419 3630 φασις
2458 3559 2582 3613 Ὀτι
2602 3558 2711 3612 τῶν
2740 3560 3186 3614 πεπιστευκότων
3213 3562 3248 3630 ἠ
3277 3561 3336 3616 ἐν
3356 3560 3579 3633 Χριστῷ
3608 3562 3811 3631 νηπιό-

2216 3664 2344 3723 της,
2379 3650 2478 3705 οὐκ
2506 3650 2815 3723 άπόόλητος
2854 3651 3007 3723 παρὰ
3030 3652 3174 3723 Θεῷ,
3214 3652 3488 3724 σύμϐολος
3524 3653 3583 3706 δὲ
3612 3653 3815 3726 ὥσπερ

2215 3745 2318 3816 τῆς
2352 3744 2657 3816 ἁπλότητος
2683 3744 2785 3814 τῆς
2815 3744 2874 3797 ἐν
2906 3744 3151 3816 Χριστῷ,
3180 3744 3275 3798 καὶ
3305 3744 3684 3816 πνευματικῆς
3707 3764 3811 3815 νη-

2218 3836 2492 3907 πιότητος,
2521 3836 2583 3889 τδ
2616 3836 2718 3905 τῆς
2754 3835 2972 3909 ἡλικίας
2991 3836 3185 3907 κομιδῆ
3215 3835 3410 3908 βραχύ.
3451 3836 3665 3907 Ὥσπερ
3691 3836 3814 3907 γὰρ

2217 3929 2479 3999 ἐλέγομεν
2520 3929 2597 3992 ὡς
2634 3928 2697 3983 ἑν
2741 3931 2855 3993 τοῖς
2904 3928 3320 4000 μαχιμωτάτοις
3343 3967 3359 3993 ,
3391 3927 3570 3992 καλῶς
3610 3945 3670 3980 τε
3705 3928 3810 3982 καὶ

2218 4023 2537 4095 ἀμωμήτως
2561 4022 2891 4093 γεγενῆσθαι
2924 4022 3026 4094 τὴν
3050 4022 3380 4093 ἀπογραφὴν
3408 4021 3518 4075 άπὸ
3552 4021 3773 4074 είκοσαε
3792 4052 3809 4060 ο

2216 4114 2344 4177 τοῦς
2369 4115 2466 4168 καὶ
2485 4114 2694 4179 ἐπάνω,
2725 4112 2869 4169 οὕτω
2892 4114 3093 4184 φαμὲν,
3124 4114 3211 4168 ὅτι
3239 4114 3343 4184 τῆς
3363 4113 3423 4167 ἐν
3450 4112 3671 4183 Χριστῷ
3700 4130 3805 4183 νη-

2217 4206 2471 4277 πιότητος
2496 4245 2511 4270 ,
2549 4208 2779 4278 σημεῖον
2810 4206 2879 4260 ἂν
2904 4205 3116 4275 γένοιτο
3153 4205 3357 4275 σαφὲς,
3385 4207 3414 4259 ό
3448 4205 3514 4259 ἐκ
3544 4204 3815 4275 μηνιαίουμ

2216 4298 2427 4370 καιρός.
2457 4297 2734 4352 Τοιουτονὶ
2758 4296 2819 4350 δὲ
2836 4297 2932 4351 καὶ
2958 4298 2988 4350 ό
3015 4295 3229 4361 Παῦλός
3256 4313 3444 4368 φησιν’
3471 4316 3491 4348 ι
3530 4295 3804 4364 Ἀδελφοί,

2217 4388 2294 4461 μὴ
2314 4388 2507 4443 παιδία
2538 4384 2756 4458 γίνεσθε
2777 4390 2897 4451 ταῖς
2921 4388 3137 4459 φρεσὶν,
3162 4387 3300 4442 ἀλλὰ
3319 4390 3386 4459 τῇ
3410 4387 3580 4460 κακία
3609 4386 3809 4460 νηπιά-

2216 4480 2366 4543 ζετε·
2403 4481 2521 4545 ταῖς
2542 4474 2603 4532 δὲ
2632 4478 2847 4550 φρεσὶν,
2872 4478 3072 4532 τέλειοι
3101 4479 3338 4548 γίνεσθε.
3373 4497 3393 4531 ι

468 4580 471 4587 ’
525 4581 649 4636 simi
677 4589 826 4639 recte
853 4592 1019 4655 atque
1052 4584 1264 4641 ratione
1287 4585 1486 4641 factam
1513 4598 1637 4640 esse
1669 4582 2099 4653 descriptionem
2128 4593 2159 4634 a
2181 4575 2444 4648 vigesimo
2490 4588 2637 4629 anno
2686 4580 2742 4629 et
2768 4588 2959 4644 supra,
3014 4573 3096 4629 sic
3150 4573 3390 4629 dicimus
3429 4574 3560 4630 illud
3593 4574 3809 4633 mensis

452 4678 457 4683 ‘
526 4674 692 4731 unius
728 4684 966 4747 tempus,
1009 4678 1160 4735 illius
1197 4680 1253 4734 in
1304 4678 1529 4736 Christo
1578 4676 1827 4733 infantiae
1878 4676 2095 4748 signum
2130 4687 2253 4730 esse
2309 4670 2685 4742 perspicuum.
2715 4668 2848 4726 Tale
2906 4668 3168 4741 quiddam
3224 4673 3392 4727 etiam
3424 4674 3619 4729 beatus
3659 4672 3809 4728 Pau-

476 4794 488 4831 ρ
528 4765 613 4820 Ιιιε
634 4766 752 4822 ait:
786 4768 1063 4835 «Fratres,
1092 4771 1263 4827 nolite
1294 4772 1454 4842 pueri
1494 4769 1639 4826 edici
1685 4770 1965 4836 sensibus,
1999 4768 2098 4826 sed
2137 4766 2347 4823 malitia
2372 4764 2588 4836 parvuli
2621 4772 2822 4831 estote,
2856 4762 3114 4819 sensibus
3173 4772 3360 4821 autem
3425 4766 3655 4839 perfecti
3678 4768 3749 4821 ⁷⁸.
3774 4786 3794 4818 ι

598 4860 796 4916 PALL.
832 4862 925 4919 Sic
951 4863 1119 4934 igitur
1140 4864 1249 4919 erit
1273 4863 1439 4919 nobis
1481 4863 1930 4931 existimandum,
1979 4880 2111 4935 par-

2285 4858 2495 4912 HAAA.
2529 4855 2841 4929 Οίησόμεθα
2880 4853 2944 4927 δὴ
2982 4849 3098 4921 οὖν,
3137 4855 3213 4920 ὡς
3243 4857 3659 4929 συμμεθέξομεν
3684 4862 3805 4922 τοῖς

526 4954 722 5026 ticipes
749 4971 852 5012 nos
873 4956 1091 5011 futuros
1110 4970 1304 5011 eorum
1342 4971 1467 5026 quae
1486 4957 1664 5011 sancti
1695 4957 1802 5013 viri
1820 4973 1920 5013 suo
1949 4958 2108 5029 quis-

525 5062 632 5118 que
658 5049 906 5119 periculo
922 5048 1160 5104 feliciter
1182 5048 1474 5120 gesserint,
1510 5050 1568 5104 in
1587 5064 1655 5105 eo
1691 5051 1842 5121 quod
1864 5052 2017 5107 viros
2046 5067 2108 5108 se

526 5135 908 5208 praestiterint,
959 5154 1288 5211 summoque
1333 5140 1521 5198 studio
1545 5144 1814 5211 curarint,
1878 5152 1943 5199 ut
1983 5143 2109 5199 lau-

525 5226 652 5283 dem
675 5228 878 5284 mereri
903 5237 1149 5299 possent.

593 5316 752 5373 CYR.
788 5317 1022 5373 Maxime
1047 5333 1182 5374 vero
1221 5335 1234 5372 :
1271 5317 1523 5389 quamvis
1569 5319 1717 5374 enim
1766 5333 1958 5375 revera
1999 5318 2103 5390 ipsi

524 5408 729 5465 divinis
748 5409 900 5481 pleni
925 5417 1055 5465 sunt
1077 5410 1445 5477 charismatis,
1484 5410 1877 5482 laboribusque
1917 5426 1983 5466 ac
2011 5425 2104 5465 su—

526 5497 755 5554 doribus
775 5498 881 5554 hoc
906 5498 1112 5554 donum
1151 5500 1518 5571 perceperint,
1550 5501 1874 5573 infinitaque
1925 5510 2105 5556 certa-

526 5590 678 5645 mina
702 5591 1130 5661 percurrerint;
1178 5599 1358 5647 tamen
1386 5592 1442 5647 in
1468 5606 1574 5647 nos
1606 5608 1828 5663 quoque
1869 5606 1938 5646 ex
1975 5591 2107 5646 cha-

528 5679 693 5735 ritate
731 5680 827 5734 Dei
863 5698 961 5737 sua
987 5683 1130 5739 dona
1165 5684 1486 5740 refundunt.
1528 5684 1718 5754 Itaque
1738 5684 1936 5739 beatus
1963 5684 2107 5739 Pau-

598 5860 662 5903 ⁷³⁵
699 5860 873 5917 Galat.
916 5880 986 5932 ιγ,
1044 5866 1123 5923 19.
1202 5868 1428 5925 7“Rom.
1488 5882 1606 5934 vni,
1645 5864 1737 5921 29.

2208 4950 2423 5020 ἁγίοις,
2485 4942 2671 5020 ὧνπερ
2715 4948 2782 5003 ἂν
2826 4947 3016 5011 αὐτοὶ,
3056 4951 3178 5013 ταῖς
3208 4965 3273 5018 γε
3321 4948 3385 5021 δὴ
3419 4949 3570 5020 σφῶν
3615 4949 3809 5003 αὐτῶν

2210 5041 2619 5115 κατορθώσειαν
2649 5040 2716 5096 ἂν
2750 5041 3042 5111 κεφαλαῖς,
3077 5041 3456 5114 άνδριζόμενοί
3485 5059 3546 5096 τε
3585 5042 3678 5096 καὶ
3708 5042 3797 5094 si»

2208 5136 2454 5207 δοκιμεῖν
2480 5135 2562 5189 ὅτι
2596 5132 2834 5205 μάλιστα
2862 5131 3333 5198 διεστοουδακότες.

2281 5312 2444 5370 ΚΥΡ.
2490 5312 2639 5367 Πάνυ
2695 5313 2795 5385 μὲν
2826 5306 2920 5366 οὖν
2941 5352 2956 5379 ,
2993 5312 3154 5385 εἴπερ
3183 5313 3319 5367 εἰσὶν
3348 5311 3599 5383 άληθῶς,
3640 5310 3802 5364 αὐτοὶ

2213 5406 2311 5477 μὲν
2332 5405 2492 5461 θείων
2516 5406 2811 5477 άνάμεστοι
2840 5406 3217 5477 χαρισμάτων,
3247 5403 3431 5467 πόνοις
3453 5402 3548 5456 καὶ
3575 5400 3803 5472 ἱδρῶσιν

2214 5498 2424 5561 ἑλόντες
2448 5498 2511 5551 τὸ
2532 5498 2735 5569 δῶρον,
2769 5499 2864 5551 καὶ
2896 5497 2983 5551 διὰ
3016 5498 3226 5568 μυρίων
3248 5498 3388 5551 ὅσων
3420 5494 3647 5565 ἀγώνων
3668 5492 3798 5547 ἑλά-

2220 5605 2441 5652 σαντες⁹
2481 5589 2866 5659 άναπιμπλᾶσι
2901 5589 2956 5642 δὲ
2996 5588 3089 5641 καὶ
3119 5588 3267 5658 ἡμᾶς
3306 5586 3418 5640 τῶν
3448 5586 3598 5656 σφίσι
3633 5584 3799 5638 δεδω-

2224 5682 2471 5754 ρημένων
2520 5683 2579 5748 ἐξ
2621 5684 2840 5754 ἀγάπης
2879 5682 3034 5737 θεοῦ.
3088 5682 3198 5737 Καὶ
3251 5682 3381 5751 γοῦν
3429 5681 3457 5735 ὁ
3506 5679 3795 5742 θεσπέσιος

1846 5867 1890 5897 ⁷⁵
1912 5865 1934 5923 l
1954 5864 2079 5921 Cor.
2109 5876 2218 5931 Juv,
2240 5860 2328 5918 20.
