4096 6470
200 396 297 454 321

984 393 1075 448 DE
1114 386 1567 447 ADORATIONE
1605 387 1675 445 ΙΝ
1710 384 1988 444 SPIRITU
2028 384 2118 442 ET
2155 386 2539 445 VERITATE.
2569 387 2700 445 LIB.
2725 388 2814 447 IV.
3428 394 3537 452 522

206 516 423 579 Παῦλος
444 513 809 585 προσεφώνει
831 515 946 568 τισὶ
970 512 1082 567 τῶν
1101 514 1551 569 πεπιστευκότων
1574 532 1587 544 ·
1617 530 1635 564 ι
1679 511 1832 564 Ἐπι-

1960 522 2024 563 us
2046 507 2338 578 quosdam,
2386 508 2480 578 qui
2503 507 2882 574 crediderant,
2911 508 3299 580 alloquebatur
3330 533 3342 567 :
3384 533 3402 566 ι
3432 511 3538 573 De-

206 609 360 665 ποθῶ
386 608 511 681 γὰρ
563 609 701 663 ἰδεῖν
737 608 887 680 ὑμᾶς
927 608 1014 662 ἵνα
1065 625 1117 661 τι
1157 606 1375 678 μεταδῶ
1418 607 1549 679 ὑμῖν
1580 605 1832 676 χάρισμα

210 701 623 772 πνευματικόν.
666 720 686 752 ι
734 701 807 754 Ἢ
836 700 950 773 γὰρ
974 739 989 764 ,
1023 699 1148 770 οὑχὶ
1197 697 1376 764 ξένιον
1415 697 1691 770 οὐράνιον,
1735 695 1834 766 χά-

221 794 385 873 ρισμᾶ
420 810 489 848 τε
519 792 915 865 πνευματικὸν
944 787 1085 846 εῖναι
1126 790 1255 864 φὴς,
1289 791 1392 863 τὴν
1435 788 1740 861 ἀμώμητόν
1772 803 1837 841 τε

228 890 315 945 καὶ
335 885 558 958 ἀπλανῆ
586 903 659 940 πε
667 887 725 960 ρὶ
744 885 886 941 Θεοῦ
908 885 1134 956 γνῶσιν,
1157 884 1253 939 καὶ
1279 883 1379 956 τὴν
1403 882 1491 953 ἐφ’
1514 882 1692 938 ἅπασι
1719 883 1835 946 τοῖς

226 980 451 1054 ἀρίστοις
491 979 711 1051 εῐδησιν
731 978 939 1053 ἀκριϐῆ
960 995 976 1046 ;

273 1159 500 1213 ΠᾹΛΛ.
534 1158 674 1212 Ναί.
709 1156 891 1228 Εἴπερ
920 1157 1040 1211 ἐστὶ
1076 1155 1138 1210 τὸ
1171 1155 1362 1228 χρῆμα
1393 1154 1677 1222 ζωοποιόν.
1710 1153 1837 1208 Τοι-

208 1254 398 1324 γάρτοι
422 1250 631 1322 σαφῶς
650 1250 913 1304 διειδέναι
943 1250 1029 1313 τίς
1056 1249 1156 1321 μὲν
1184 1247 1389 1319 όφύσει
1411 1265 1470 1302 τε
1495 1248 1589 1302 καὶ
1618 1245 1837 1319 άληθῶς

210 1346 312 1400 τῶν
330 1344 480 1399 ὅλων
502 1343 867 1417 δημιουργὸς,
899 1342 995 1396 καὶ
1015 1341 1170 1408 Θεὸς,
1198 1341 1327 1394 ποία
1349 1340 1407 1393 δὲ
1422 1339 1559 1413 ζωὴ,
1583 1340 1616 1411 ἡ
1634 1338 1832 1411 ἀρίστη

210 1438 416 1510 τρίὸος,
450 1441 539 1502 είς
571 1436 911 1509 μακραίωνά
938 1452 998 1489 τε
1032 1435 1126 1489 καὶ
1163 1433 1526 1506 ἀτελεύτητον
1558 1431 1835 1503 ἀποκομί-

214 1533 290 1597 ζει
324 1532 509 1602 ζωήν.

277 1624 452 1678 ΚΥΡ.
499 1620 718 1695 Ὀρθῶς
742 1620 903 1693 ἔφης.
938 1620 1125 1677 Ταῦτά
1148 1638 1231 1676 τοι
1256 1619 1530 1675 διδάσκων
1558 1620 1711 1691 ἡμᾶς
1741 1620 1855 1673 καὶ·

215 1716 371 1779 αὐτὸς
401 1716 434 1768 ό
464 1712 738 1785 Χριστὸς,
768 1716 886 1779 τοῖς
916 1715 1094 1784 ἁγίοις
1122 1713 1443 1777 ἀποστόλοις
1476 1712 1834 1779 διεκελεύετο,

217 1811 383 1880 λέγων
409 1825 427 1841 ο
474 1828 497 1862 ι
540 1806 772 1880 Δωρεὰν
808 1806 1056 1874 ἐλάϐετε,
1088 1808 1299 1880 δωρεὰν
1328 1807 1471 1862 δότε.
1512 1825 1531 1859 ι
1567 1806 1671 1878 Εῖη
1693 1806 1741 1860 δ’
1771 1806 1839 1861 ἂν

339 1901 565 1975 ἑτέρως
602 1876 708 1956 odit
753 1900 999 1974 ἀκερδὴς
1048 1876 1380 1970 τοῖςνάλλοις
1422 1903 1469 1974 ἡ.
1501 1901 1614 1957 τῶν
1659 1876 1836 1972 γάγίων
1870 1876 1913 1932 Β

220 1994 571 2067 λαμπρότης·
592 1994 654 2048 ἐν
670 1992 784 2065 γὰρ
802 1994 926 2057 ταῖς
946 1992 1173 2046 ἐκείνων
1188 1992 1831 2067 εὐδοκιμήσεσινρφανίο

228 2087 357 2154 (sui
378 2104 500 2141 που
520 2086 597 2141 τὰ
616 2085 780 2158 ἡμῶν
798 2086 1114 2160 ἡττήματα,
1137 2086 1230 2142 καὶ
1249 2090 1375 2154 ταῖς
1391 2087 1502 2143 τῶν
1518 2089 1813 2144 εὐκλεεστὲ
1829 2121 1842 2130 -

231 2199 322 2255 ρων
339 2178 768 2252 προσεσχηκὼς
792 2179 1106 2251 εὐψυχίαις,
1130 2180 1160 2234 ό
1184 2180 1483 2253 φιλάρετος
1504 2184 1537 2254 ἡ
1546 2181 1664 2254 μῶν
1682 2182 1839 2250 Θεὸς,

231 2277 334 2339 τοῖς
360 2273 809 2346 ἀσθενεστέροις
848 2272 1035 2346 ἀνίησι
1063 2274 1135 2329 τὰ
1177 2274 1527 2347 ἐγκλήματα.
1568 2275 1680 2330 Καὶ
1708 2275 1842 2345 γοῦν

216 2370 262 2422 oi
286 2370 347 2436 ἐξ
379 2367 621 2440 Ἰσραὴλ
637 2366 964 2434 άκαθέκτως
974 2367 1404 2434 ἀπονενευκότες
1423 2371 1503 2435 είς
1530 2371 1841 2443 παρακοὴν,

216 2462 308 2518 καὶ
334 2462 456 2515 τῶν
491 2459 730 2532 φαύλων
756 2460 916 2515 οὐδὲν
950 2460 1153 2526 ἐῶντες
1212 2461 1655 2534 ἀνεπιτήδευτον,
1701 2479 1843 2535 παρ-

215 2555 471 2628 ὡτρυναν
499 2552 829 2623 ἀναγκαίως
845 2552 940 2607 τὸν
959 2551 1258 2625 νομοθέτην
1280 2553 1366 2623 ἐφ’
1390 2554 1622 2618 ἑαυτοῖς·
1654 2554 1844 2625 ἐπειδὴ
1866 2624 1871 2629 ο

212 2648 270 2703 δὲ
291 2648 463 2712 δίκας
494 2646 606 2718 ἢδη
629 2645 743 2700 τῶν
771 2644 1201 2718 τετολμημένων
1228 2646 1493 2718 πράττειν
1525 2645 1685 2718 ἤθελε
1716 2647 1847 2712 τοὺς

214 2740 430 2812 ἀγρίως
462 2737 619 2794 οὕτω
645 2736 1045 2810 λελυπηκότας,
1078 2738 1449 2811 προσεκόμιζε
1486 2739 1586 2810 μὲν
1608 2737 1708 2804 τάς
1735 2740 1846 2793 ίκε-

215 2834 422 2907 τηρίας
475 2834 510 2887 ὁ
558 2832 858 2905 προφήτης
924 2830 1225 2903 Ἱερεμίας.
1279 2833 1345 2887 Τί
1392 2832 1449 2886 δέ
1494 2833 1632 2905 πρὸς
1688 2831 1848 2888 τοῦτο

216 2927 394 2991 Θεόςς
429 2944 452 2979 ι
511 2923 905 2996 Περιδράμετε
929 2968 944 2992 ,
981 2924 1170 2996 φησὶν,
1213 2926 1273 2978 ἐν
1300 2927 1426 2990 ταῖς
1461 2927 1602 2990 ὁδοῖς
1645 2925 1847 2998 Ἰερου-

220 3020 438 3091 σαλὴμ,
488 3018 592 3073 καὶ
641 3016 788 3072 ἴδετε
837 3017 937 3072 καὶ
971 3017 1169 3087 γνῶτε,
1205 3019 1301 3072 καὶ
1335 3019 1605 3091 ζητήσατε
1637 3020 1697 3072 ἐν
1728 3020 1849 3082 ταῖς

221 3114 525 3178 πλατείαις
559 3111 774 3184 αὐτῆς,
808 3111 908 3166 ἐὰν
961 3110 1161 3185 εὕρητε
1216 3113 1386 3185 ἄνδρα
1432 3115 1479 3166 εἰ
1510 3111 1627 3165 ἔστι
1677 3112 1849 3167 ποιῶν

1937 600 2125 656 sidere
2144 601 2307 655 enim
2321 600 2513 656 videre
2530 619 2656 666 vos,
2689 611 2748 658 ut
2800 602 3027 673 aliquod
3059 603 3219 660 vobis
3249 605 3537 678 impertiar

1935 695 2223 750 charisma
2274 693 2572 764 spirituale
2618 695 2685 751 ⁷⁸.
2749 696 2899 751 »ιΑη
2931 704 2988 751 ιιι
3065 698 3290 754 caeleste
3333 717 3538 760 munus

1933 787 2324 858 cltarismaque
2370 787 2657 858 spirituale
2672 803 2802 844 esse
2832 805 3001 860 negas
3047 791 3198 846 illam
3231 793 3539 863 reprehen-

1935 881 2092 937 sione
2163 894 2464 951 erroreque
2510 888 2799 935 vacantem
2857 881 2927 937 de
2962 882 3077 938 Deo
3139 885 3535 956 cognitionem.

1936 971 2435 1043 certissimamque
2478 970 2548 1028 de
2609 971 2780 1028 rebus
2851 962 3326 1046 praestantissimis
3376 979 3541 1052 118

1937 1065 2364 1138 intelligentiam
2380 1065 2405 1120 ?

2002 1158 2205 1215 PAUL.
2238 1160 2356 1215 lmo
2382 1159 2557 1217 fateor
2576 1177 2594 1214 τ
2624 1158 2900 1230 siquidem
2925 1169 3010 1216 est
3034 1177 3100 1217 ea
3130 1178 3220 1219 res
3242 1164 3370 1220 vitae
3399 1164 3537 1221 επε-

1943 1254 2109 1311 ctrix.
2136 1253 2356 1309 Etenim
2379 1269 2544 1310 nosse
2589 1255 2717 1325 quis
2748 1262 2949 1310 natura
2996 1270 3062 1310 ac
3116 1271 3310 1312 revera
3358 1258 3431 1313 sit
3455 1275 3544 1315 re-

1938 1361 2064 1402 rum
2086 1347 2337 1402 omnium
2377 1345 2566 1418 opifex
2590 1361 2655 1402 ac
2683 1347 2850 1420 Deus,
2874 1346 3025 1418 quod
3077 1345 3212 1402 item
3269 1349 3540 1420 optimum

1937 1438 2068 1505 iter,
2098 1437 2154 1493 id
2188 1454 2322 1494 vero
2350 1439 2419 1495 ad
2462 1446 2793 1510 perpetuam
2849 1439 3001 1493 illam
3032 1444 3410 1510 aeternamque
3462 1441 3543 1495 vi-

1940 1542 2052 1590 tam
2080 1533 2355 1605 perducit.

2010 1624 2170 1681 CYR.
2198 1625 2371 1681 Recte
2403 1624 2505 1681 ais.
2550 1624 2734 1697 Atque
2762 1624 2871 1681 hoc
2911 1640 3016 1682 nos
3057 1624 3251 1681 docuit
3289 1624 3546 1684 Christus

1942 1716 2080 1788 ipse,
2119 1731 2246 1772 cum
2273 1717 2483 1773 sanctis
2506 1717 3072 1791 apostolisprzecepit,
3108 1717 3337 1776 dicens:
3371 1739 3389 1771 ι
3410 1718 3546 1776 Gra-

1946 1813 2018 1868 tis
2045 1811 2363 1883 accepistis,
2401 1809 2572 1883 gratis
2592 1810 2720 1866 date
2744 1811 2813 1865 "".
2843 1830 2864 1863 ›
2898 1810 3021 1867 Alia
3054 1825 3280 1883 quoque
3330 1810 3547 1865 ratione

1944 1920 2058 1960 non
2085 1904 2299 1960 inutilis
2331 1909 2417 1959 est
2456 1904 2673 1960 caeteris
2700 1903 3027 1961 hominibus
3066 1902 3162 1959 ille
3222 1910 3546 1959 sanctorum

1946 1999 2199 2057 virorum
2233 1996 2530 2069 splendor:
2551 1996 2775 2053 illorum
2807 2013 3046 2069 namque
3090 1997 3260 2053 rebus
3281 1996 3425 2054 bene
3448 2012 3545 2070 ge-

1945 2090 2067 2157 stis,
2107 2098 2313 2147 nostrae
2346 2088 2646 2145 infeliciter
2696 2084 2871 2161 gestae‘
2916 2089 3255 2157 obruuntur,
3310 2098 3368 2145 et
3418 2105 3547 2146 cum

1944 2183 2283 2239 nobiliorum
2336 2182 2588 2237 virorum
2645 2182 2818 2239 animi
2877 2181 3264 2239 fortitudinem
3308 2182 3550 2240 attendit

1945 2285 2138 2333 noster
2166 2276 2260 2331 ille
2286 2275 2517 2331 virtutis
2542 2283 2759 2331 amator
2784 2276 2975 2345 ‘Deus,
3011 2274 3413 2332 inﬁrmioribus
3435 2276 3548 2331 cri-

1948 2369 2101 2425 mina
2134 2367 2431 2425 condonat.
2462 2368 2658 2440 Itaque
2695 2368 2980 2436 Israelita,
3017 2384 3143 2424 cum
3184 2368 3452 2425 ell‘renate
3478 2367 3548 2424 ad

1906 2456 1921 2467 ’
1946 2461 2357 2519 contemnenda
2396 2460 2585 2518 divina
2616 2462 2881 2518 mandata
2913 2462 3189 2536 proclives
3236 2461 3547 2529 ferrentur,

1945 2555 2270 2626 nullamque
2295 2554 2557 2625 nequitiae
2614 2563 2830 2627 partem
2876 2556 3222 2621 omitterent,
3280 2554 3336 2609 in
3381 2570 3551 2626 quam

1946 2665 2060 2706 non
2083 2649 2330 2705 studium
2359 2648 2772 2721 impenderent,
2816 2648 3155 2721 legislatoris
3179 2648 3318 2705 iram
3348 2649 3550 2704 adver-

1948 2755 2075 2795 sum
2104 2755 2163 2796 se
2195 2741 2519 2796 necessario
2562 2747 3016 2797 commoverunt:
3053 2739 3149 2811 qui
3195 2755 3320 2796 cum
3361 2754 3555 2812 poenas

1949 2832 2260 2889 facinorum
2289 2833 2358 2889 ab
2389 2832 2479 2899 iis,
2512 2833 2609 2905 qui
2635 2848 2693 2889 se
2748 2833 2888 2889 adeo
2918 2833 3241 2889 immaniter
3282 2832 3552 2888 offendis-

1951 2918 2096 2992 sent,
2121 2941 2345 2981 sumere
2377 2925 2568 2991 vellet,
2599 2924 3041 2996 supplicationes
3091 2924 3144 2979 ei
3172 2923 3374 2980 detulit
3417 2937 3555 2994 pro-

1949 3017 2120 3089 pheta
2146 3018 2437 3074 Jercmias.
2466 3017 2608 3085 Quid
2632 3033 2768 3073 vero
2795 3017 2864 3073 ad
2889 3018 3007 3074 haec
3023 3016 3210 3073 Deus?
3247 3036 3264 3069 ι
3282 3014 3554 3082 Circuite,

1952 3111 2152 3183 inquit,
2194 3111 2251 3165 in
2277 3111 2382 3165 viis
2404 3111 2735 3175 Jerusalem,
2763 3119 2820 3164 et
2854 3109 3039 3165 videte
3068 3118 3125 3164 et
3151 3108 3469 3180 intelligite,
3497 3115 3558 3164 ct

224 3208 427 3279 κρίμα,
468 3207 572 3262 καὶ
601 3204 786 3278 ζητῶν
837 3204 1046 3271 πίστιν,
1080 3206 1179 3260 καὶ
1220 3206 1382 3269 ἵλεως
1411 3205 1607 3278 ἔσομαι
1639 3206 1844 3271 αὐτοῖς,

1953 3201 2183 3270 (ιιιιετίῑο
2214 3200 2273 3255 in
2303 3198 2505 3271 plateis
2555 3200 2713 3271 ejus;
2756 3206 2834 3265 et,
2865 3198 2911 3254 si
2954 3198 3283 3253 inveneritis
3332 3197 3555 3265 virum;

222 3299 373 3369 λέγει
421 3297 664 3369 Κύριος.
709 3315 728 3349 ι
774 3296 1025 3369 Ἀνήσειν
1064 3295 1123 3351 δὲ
1170 3297 1263 3351 καὶ
1316 3296 1575 3368 Σοδόμοις
1625 3295 1726 3369 τὴν
1761 3296 1849 3351 διὰ

218 3394 400 3466 πυρὸς
426 3392 544 3463 ἔφη
587 3390 773 3463 δίκην.
806 3392 857 3445 εί
896 3390 1059 3446 πέντε
1082 3392 1236 3454 ,τινὲς
1268 3385 1382 3443 εἷεν
1407 3390 1466 3445 ἐν
1492 3390 1678 3456 αὐτοῖς
1707 3391 1848 3445 ὅσιοι

220 3482 319 3535 καὶ
338 3480 572 3551 ἀγαθοί.
599 3479 814 3536 Οὐκοῦν
841 3480 1003 3552 ἡτῶν
1034 3480 1207 3550 ἁγίων
1233 3480 1582 3552 λαμπρότης,
1616 3482 1712 3537 καὶ
1732 3483 1849 3547 τοῖς

218 3577 367 3645 ἄγαν
410 3573 776 3647 ἁμαρτωλοῖς
797 3614 812 3640 ,
861 3572 979 3626 ἐσθ’
1004 3574 1096 3628 ὅτε
1121 3614 1135 3637 ,
1164 3573 1230 3627 τὸ
1261 3574 1337 3645 μὴ
1377 3574 1707 3639 κολάζεσθαι
1739 3575 1848 3632 δεῖν

219 3669 590 3740 παραχρῆμα
622 3664 911 3740 προξενεῖ,
939 3665 1032 3719 τὸν
1056 3665 1201 3720 θεῖον
1239 3667 1430 3741 ὥσπερ
1455 3667 1849 3723 ἐκδυσωποῦσα

221 3760 415 3831 θυμὸν
460 3761 563 3814 καὶ
610 3758 1057 3829 άνασειράζουσα
1096 3758 1193 3831 τὴν
1235 3759 1408 3833 ὀργήν
1432 3777 1447 3792 θ
1491 3763 1609 3826 τοῖς
1650 3762 1709 3816 δὲ
1745 3762 1849 3835 τὴν

222 3854 417 3908 πίστιν
448 3852 700 3924 γνησίως
749 3851 1202 3924 είσδεδεγμένοις,
1237 3852 1502 3925 εὐψυχίας
1524 3873 1589 3925 γε
1621 3854 1731 3928 μὴν
1764 3856 1847 3922 είς

222 3943 392 3999 τοῦτο
414 3944 563 4000 ίέναι
590 3942 668 4016 μὴ
698 3943 1046 4015 δυναμένοις,
1076 3944 1152 4009 ὼς
1181 3944 1366 4010 πόνοις
1394 3945 1539 4001 ἑλεῖν
1565 3946 1846 4017 δύνασθαι,

224 4036 326 4101 τδ,
383 4037 489 4092 καὶ
549 4036 980 4102 θείων.αὐτοί›ς
1036 4037 1412 4109 ἐμπίπλασθαι
1464 4040 1883 4115 χαρισμάτωνπ

232 4130 537 4203 μονονουχὶ
589 4130 1031 4203 συμμερίζονται
1065 4132 1165 4195 τὰς
1200 4133 1587 4205 εὐδοκιμήσεις
1608 4174 1624 4201 ,
1654 4134 1849 4190 παιδα-

226 4222 578 4292 γωγοῦντες,
605 4222 685 4287 ὡς
703 4222 806 4288 ἔνι,
835 4222 1093 4296 καὶπρὸς
1122 4225 1232 4277 πᾶν
1269 4223 1449 4278 ὁτιοῦν
1472 4226 1851 4298 ἀποφέροντες
1875 4294 1881 4299 ,

224 4314 344 4368 τῶν
382 4314 749 4387 ἀρεσκόντων
784 4313 939 4386 Θεῷ,
973 4315 1075 4368 καὶ
1095 4314 1207 4367 τῶν
1244 4313 1392 4368 ίδίων
1421 4315 1623 4380 αὐτοὺς
1647 4317 1850 4391 ἀνδρα-

224 4406 590 4477 γαθημάτων
634 4404 1037 4476 ἀποφαίνοντες
1064 4405 1379 4472 κοινωνούς
1403 4424 1417 4439 ο
1469 4409 1565 4463 καὶ
1607 4408 1654 4464 ἃα
1695 4409 1885 4481 μόλις,

228 4499 393 4555 αὐτοὶ
422 4499 521 4554 διὰ
553 4498 833 4553 πλείστων
881 4499 1025 4553 ὅσων
1061 4498 1381 4571 εὑρίσκουσι
1427 4499 1631 4568 πόνων,
1673 4500 1853 4558 ταῦτα

221 4593 357 4656 ταῖς
390 4590 611 4662 ἐτέρων
634 4590 869 4654 ἐνιέντες
897 4589 1119 4661 ψυχαῖς.
1147 4589 1411 4662 Ὅτι-γὰρ
1440 4592 1850 4668 συμμεθέξομεν

1966 4607 2091 4647 rum
2112 4589 2341 4646 fortium
2366 4591 2640 4647 factorum
2685 4590 2812 4646 illos
2855 4590 3181 4658 asciscunt;
3213 4598 3272 4645 et
3296 4605 3422 4661 quae
3456 4589 3565 4661 ipsi
3654 4616 3657 4625 ί

1959 4687 2054 4742 vix
2088 4687 2322 4745 summis
2359 4684 2649 4742 laboribus
2704 4693 3064 4755 pepererunt,
3112 4698 3178 4739 ea
3226 4682 3593 4739 inaliorum;

1968 4779 2259 4834 hominum
2278 4777 2479 4833 animis
2501 4776 2775 4836 inserunt.
2805 4775 2947 4831 Fore
2964 4782 3277 4840 -autem,-ut.
3296 4789 3409 4829 una
3434 4788 3593 4829 cum.

1961 4872 2169 4929 sanctis
2200 4870 2336 4926 viris
2356 4869 2699 4936 claritatem,
2718 4883 2841 4940 quae
2879 4867 2991 4923 illis
3038 4867 3208 4932 inest,
3234 4865 3562 4938 ,participe-
3592 4936 3597 4939 _

1961 4980 2105 5030 mus,
2135 4971 2194 5021 et
2217 4978 2410 5018 eorum
2440 4962 2709 5034 praeclare
2726 4969 3009 5034 gestorum
3034 4959 3197 5016 .socii-
3214 4958 3578 5025 simus,Deo.

1960 5072 2032 5112 ex
2058 5055 2404 5128 benignitate
2426 5065 2593 5127 atque
2626 5054 2920 5112 clementia
2936 5053 3371 5123 nostraspculpas
3400 5059 3458 5108 et
3481 5051 3568 5107 in-
3599 5060 3602 5063 '

224 4685 355 4749 τοῖς
385 4684 575 4754 ἁγίοις
595 4683 694 4738 καὶ
720 4686 823 4755 τῆς
856 4682 1087 4755 ἐνούσης
1115 4681 1306 4748 αὐτοῖς
1326 4682 1735 4759 λαμπρότητος,
1760 4691 1859 4743 καὶ

224 4777 349 4832 τῶν
379 4776 912 4848 ἀνδραγαθημάτων
956 4774 1199 4848 ἐσόμεθα
1232 4775 1526 4845 κοινωνοὶ,
1568 4777 1629 4845 ἐξ
1657 4781 1859 4855 ἡμερό-

223 4886 407 4941 τητος
449 4868 547 4923 καὶ
592 4867 1043 4941 φιλανθρωπίας,
1090 4867 1161 4925 τὰ
1207 4869 1367 4948 ἡμῶν
1399 4870 1692 4943 ἠττήματα
1743 4877 1885 4941 τοῖς,

223 4962 475 5018 ἐκείνων
520 4961 971 5034 κατορθώμασιν,
1013 4962 1180 5016 οἱονεὶ
1238 4963 1623 5036 συμφύροντός
1666 4985 1726 5020 τε
1760 4969 1856 5027 καὶ

227 5052 656 5125 ἀνακιρνῶντος
695 5052 835 5107 Θεοῦ
857 5095 872 5119 ,
913 5055 1011 5107 καὶ
1052 5053 1114 5108 τὸ
1172 5054 1352 5120 ἐνδεὲς
1399 5054 1478 5128 τῷ
1529 5056 1855 5132 τελειοτέρῳ

230 5145 627 5220 συνείροντος,
659 5145 727 5199 ἵν’
758 5146 845 5217 εἴη
891 5145 1082 5201 δεκτόν
1108 5163 1122 5178 ο
1159 5147 1334 5218 σαφὲς
1390 5146 1458 5201 ἂν
1487 5147 1701 5218 γένοιτο
1759 5150 1856 5205 καὶ

229 5241 327 5294 διὰ
356 5239 560 5293 τούτου
588 5239 778 5295 πάλιν.

231 5332 582 5405 perfectum,
621 5348 749 5388 cum
814 5348 882 5388 eo
945 5330 1094 5403 quod
1147 5331 1599 5404 est-perfectius,
1639 5341 1700 5389 ut
1733 5343 1949 5407 gratum
2009 5345 2408 5408 acceptumque
2468 5334 2583 5403 ﬁat,
2653 5334 3019 5401 conferente;
3050 5331 3146 5391 id.
3178 5332 3597 5406 hoc:.quoque.

231 5425 575 5483 testimonio
614 5422 1158 5496 119manifcstum
1200 5423 1320 5480 ﬁeri
1355 5428 1561 5496 potest.

314 5520 534 5573 HAAA.
575 5518 734 5571 Ποίου
756 5517 822 5590 δή
849 5534 994 5581 τινος
1020 5519 1157 5590 φής;

314 5612 491 5667 ΚΥΡ.
524 5610 816 5666 Μωαϐῖται
843 5610 940 5664 καὶ
986 5608 1335 5682 Μαδιηναϊοι,
1387 5608 1517 5679 ἔθνη
1554 5609 1653 5681 μὲν
1684 5610 1858 5682 ἤστην

236 5703 445 5764 ἀνόσιά
465 5721 525 5759 τε
540 5707 634 5760 καὶ
651 5704 930 5778 βάρϐαρα,
949 5703 1314 5775 κατενέμοντο
1337 5703 1395 5757 δὲ
1409 5702 1510 5774 τῆς
1523 5703 1860 5774 ἐπαγγελίας

1955 3294 2002 3350 si
2041 3292 2211 3348 fuerit
2238 3292 2335 3364 qui
2358 3290 2841 3364 faciatjudicium,
2876 3295 2934 3346 et
2965 3305 3221 3361 quaerens
3265 3288 3429 3344 ﬁdem
3461 3296 3561 3355 ;et

1955 3385 2235 3458 propitius
2281 3400 2382 3441 ero
2415 3384 2571 3456 ipsis,
2631 3383 2770 3438 dicit
2812 3382 3084 3439 Dominus
3129 3381 3194 3434 ⁷⁸.
3228 3400 3247 3433 ι
3300 3378 3560 3436 Sodomis

1955 3493 2178 3550 quoque
2220 3476 2666 3533 condonaturum
2707 3490 2767 3531 se
2807 3488 3002 3546 pmnas
3063 3473 3277 3545 ignium
3320 3471 3478 3536 dixit,
3509 3470 3558 3527 si

1957 3573 2207 3643 quinque
2220 3570 2386 3626 modo
2407 3570 2484 3627 ibi
2511 3576 2700 3626 essent
2718 3567 2797 3641 pii
2824 3578 2995 3639 atque
3020 3567 3180 3639 probi
3204 3565 3557 3620 homines”.

1956 3663 2104 3736 Ergo
2129 3670 2468 3720 sanctorum
2490 3663 2740 3718 virorum
2765 3660 3032 3719 nobilitas
3053 3658 3311 3714 maximis
3337 3672 3561 3729 quoque

1956 3754 2345 3831 peccatoribus
2366 3752 2811 3825 quandoque,ne
2866 3749 3055 3806 statim
3098 3748 3428 3820 puniantur,
3453 3747 3562 3802 im—

1957 3857 2161 3921 petrat,
2187 3865 2314 3905 cum
2338 3848 2585 3905 divinam
2638 3848 3078 3921 indignationem
3107 3845 3294 3902 ﬂectat
3317 3853 3376 3901 et
3419 3845 3563 3901 iram

1958 3937 2220 4000 revocet:
2257 3958 2384 3999 cum
2412 3943 2480 3998 iis
2511 3958 2668 4009 vero,
2696 3943 2792 4016 qui
2822 3943 2990 3999 ﬁdem
3034 3943 3253 4000 sincere
3296 3959 3563 4015 suscepe-

1959 4042 2112 4101 runt,
2140 4051 2247 4092 nec
2279 4043 2463 4091 tamen
2489 4033 2559 4089 ad
2610 4050 2733 4095 eam
2759 4035 3207 4107 magnitudinem
3264 4037 3562 4108 pervenire

1957 4138 2284 4202 potuerunt,
2336 4137 2399 4185 ut
2443 4127 2637 4184 labore
2672 4128 2992 4184 divinorum
3037 4127 3441 4183 charismatum
3463 4143 3562 4184 co-

1959 4225 2111 4297 piam
2128 4223 2233 4280 sibi
2267 4231 2674 4295 compararent,
2699 4221 3103 4293 propemodum
3116 4236 3348 4278 suarum
3374 4237 3579 4278 rerum-

1959 4325 2237 4389 gestarum
2262 4315 2484 4372 laudem
2508 4315 2944 4383 communicant,
2968 4314 3028 4371 in
3052 4329 3121 4371 eo
3150 4313 3307 4386 quod
3337 4329 3456 4381 eos,
3500 4323 3566 4370 ut

1960 4408 2081 4466 ﬁeri
2106 4415 2308 4481 potest,
2336 4407 2656 4476 instituunt,
2683 4408 2752 4464 ad
2774 4424 2950 4479 eaque
2970 4408 3183 4477 omnia,
3207 4422 3559 4480 quaecunque

1958 4505 2072 4561 Deo
2096 4503 2339 4574 placent,
2364 4500 2714 4574 perducunt;
2771 4508 2937 4571 atque
2973 4499 3047 4556 in.
3074 4501 3398 4559 societatem
3428 4514 3565 4555 suo-

1963 5149 2255 5206 ﬁrmitates
2275 5150 2650 5207 cumillorum
2672 5157 2821 5206 recte
2837 5147 2980 5205 actis
2998 5146 3169 5203 veluti
3184 5144 3564 5202 confundente

1964 5258 2030 5300 ac
2055 5243 2454 5314 permiscente,
2488 5243 2653 5313 idque
2679 5239 2843 5313 .quod
2877 5240 3201 5299 inchoatum
3224 5244 3336 5295 ,εει
3366 5247 3425 5295 et
3450 5237 3562 5293 im-

2045 5514 2247 5572 PALL.
2283 5511 2511 5586 Ecquod
2547 5510 2683 5568 illud
2708 5512 2837 5567 est?

2042 5609 2202 5668 CYR.
2255 5608 2507 5665 Moabita:
2557 5622 2622 5662 ac
2671 5604 3003 5671 Madianitie,
3064 5603 3249 5676 impia:
3312 5598 3585 5698 quaedam:

1968 5710 2132 5759 erant
2182 5716 2248 5757 ac
2280 5700 2533 5758 barbarae
2566 5706 2795 5771 gentes;
2848 5697 3173 5756 incolebant
3194 5703 3389 5755 autem
3424 5707 3583 5767 proo,

317 5888 368 5923 τ’
400 5885 625 5954 Romi,
654 5886 745 5941 ll.
824 5885 872 5925 ⁷⁷
910 5882 1107 5953 Matth,
1129 5897 1181 5949 ι,
1206 5881 1258 5937 8.
1338 5881 1386 5914 ⁷⁸
1403 5881 1587 5950 Jer.v,
1620 5883 1671 5940 l.
1772 5884 1843 5917 η’

1953 5900 2036 5940 en.
2059 5900 2213 5949 xvm,
2235 5884 2327 5943 52.
