4096 6516
496 426 600 481 525

1518 419 1574 474 S.
1615 415 1892 474 CYRILLI
1935 412 2412 468 ALEXANDRINI
2449 411 2768 469 ARCHIEP.

3656 404 3777 461 εει

498 537 776 597 missionis
793 544 1016 601 terram,
1035 551 1199 606 quam
1220 544 1378 593 erant
1399 533 1498 588 ﬁlii
1523 533 1689 588 Israel
1710 530 2020 602 possessuri
2056 545 2068 582 :

2194 528 2275 600 τὴν
2298 527 2439 598 γῆν,
2473 529 2540 599 ἣν
2582 524 2999 597 κληρονομίζειν
3031 521 3254 595 ἔμελλον
3296 520 3347 574 οἱ
3371 520 3478 574 υἱοὶ
3519 518 3773 590 Ἰσραήλ.

495 645 735 701 cumque
763 630 1074 700 proximum
1122 638 1270 686 esset
1297 631 1411 700 jam
1462 627 1820 696 vicinumque
1848 625 2076 689 bellum,

497 737 562 779 ac
590 738 752 793 quam
772 722 1013 793 primum
1045 729 1230 777 essent
1251 721 1510 793 perituri,
1532 729 1590 777 et
1617 719 1687 775 ad
1715 717 2078 789 congredien-

498 812 627 868 dmn
646 828 769 868 cum
791 813 1158 868 Israelitarum
1174 812 1421 869 exercitu
1439 812 1698 883 impares,
1725 817 2081 867 tentaverunt

498 905 725 975 magicis
764 904 1000 969 artibus,
1050 902 1391 973 nefariisque
1440 901 1661 967 studiis,
1717 900 1921 970 quibus
1974 897 2080 968 ipsi

494 995 668 1052 dediti
696 1004 889 1062 erant,
923 996 1137 1052 hostem
1171 994 1519 1067 propulsare.
1558 993 1698 1050 Cum
1726 1008 1860 1049 vero
1896 990 2082 1047 omnia

498 1087 840 1151 molirentur,
875 1086 1123 1157 nihilque
1149 1084 1624 1141 incommodarent
1665 1084 1813 1140 hosti
1857 1081 2083 1157 (quippe

496 1181 653 1251 cujus
701 1182 849 1236 Deus
885 1187 1032 1235 esset
1087 1189 1482 1251 propugnator,
1545 1178 1862 1248 falsumque
1897 1184 2083 1231 vatem

495 1271 736 1337 Balaam,
759 1270 875 1340 qui,
897 1278 958 1324 ut
975 1271 1113 1325 male
1133 1278 1476 1341 precaretur,
1497 1270 1804 1326 conductus
1826 1267 2085 1325 mercede

496 1361 697 1427 fuerat,
742 1361 811 1415 ad
838 1361 1281 1416 benedicendum
1326 1359 1736 1431 convertisset),
1775 1369 1839 1415 ut
1875 1358 1972 1431 qui
2012 1358 2084 1414 ad

496 1466 772 1508 summam
795 1451 1013 1507 consilii
1041 1451 1282 1522 inopiam
1313 1460 1500 1507 essent
1517 1453 1632 1523 jam
1663 1451 1911 1518 adducti,
1942 1451 2087 1507 hanc

498 1543 601 1613 ipsi
627 1557 816 1597 secum
844 1545 1113 1598 rationem
1142 1543 1406 1608 inierunt,
1446 1558 1556 1597 non
1590 1559 1650 1598 se
1680 1543 1788 1597 alia
1809 1543 1899 1598 via
1920 1557 2085 1613 posse

496 1633 773 1689 lsraclitas
800 1633 1019 1701 laedere,
1045 1634 1152 1689 nisi
1173 1635 1367 1699 Deum,
1388 1633 1446 1688 in
1474 1649 1584 1704 quo
1604 1633 1920 1705 praesidium
1950 1633 2086 1704 ipsis

496 1733 619 1780 erat
652 1725 1052 1791 constitutum,
1094 1725 1480 1790 offendissent,
1521 1739 1586 1779 ac
1616 1724 1812 1779 nudati
1845 1738 2087 1795 superno

500 1815 731 1883 auxilio,
751 1830 989 1887 pugnam
1010 1814 1275 1871 adversus
1298 1816 1448 1885 ipsos
1472 1813 1771 1870 ineundam
1785 1813 2082 1870 ducerent.

2188 618 2413 689 Ἐπειδὴ
2444 618 2500 671 δὲ
2538 617 2709 689 ἀγχοό
2753 634 2812 670 τε
2868 614 3055 668 λοιπον
3102 613 3198 668 atati.
3237 612 3434 682 γείτων
3468 612 3496 664 6
3527 610 3778 680 πόλεμος

2178 708 2381 785 ἦν’ἧδη
2423 729 2540 775 πως
2564 753 2578 776 ,
2628 711 2705 773 ὡς
2732 709 2934 764 αὐτίκα
2965 706 3032 778 δὴ
3065 707 3211 777 μάλα
3242 701 3607 774 ἀπολούμενοι
3649 701 3730 773 (1)
3752 741 3775 763 ,

2180 805 2277 859 καὶ
2303 806 2423 868 ταῖς
2455 802 2550 856 τοῦ
2586 800 2804 872 Ἰσραὴλ
2831 799 3126 869 δυνάμεσιν
3165 795 3484 864 άντεξάγειν
3529 794 3629 865 οὐχ
3663 787 3783 846 οἷοι

2179 914 2265 961 τε,
2292 894 2732 969 προσεπειρῶντο
2764 892 2884 964 μὲν,
2916 891 3108 964 μάγων
3136 889 3320 961 τέχνῃ,
3349 889 3446 941 καὶ
3476 888 3589 950 τοῖς
3613 887 3781 956 παρά

2184 988 2366 1057 σφίσιν
2399 985 2639 1046 ἀνοσίοις
2661 981 3076 1054 ἐπιτηδεύμασι,
3112 976 3612 1052 προσαποσείεσθαι
3638 976 3780 1037 τοὺς

2183 1078 2431 1150 ὲχθρούς.
2478 1075 2697 1148 Ἐπειδὴ
2725 1074 2784 1129 δὲ
2815 1073 2994 1128 πάντα
3033 1071 3272 1145 δρῶντες
3297 1109 3312 1134 ,
3342 1069 3563 1138 ἠδίκουν
3589 1067 3774 1130 οὐδὲν,

2183 1170 2319 1224 Θεοῦ
2360 1167 2793 1241 προασπίζοντος
2812 1206 2829 1234 ,
2878 1167 2971 1220 καὶ
3000 1165 3094 1218 τὸν
3139 1161 3504 1233 ψευδόμαντιν
3534 1159 3781 1229 Βαλαάμ

2184 1259 2267 1323 είς
2293 1258 2356 1312 τὸ
2388 1258 2633 1327 εὐλογεῖν
2660 1255 3105 1328 περιτρέποντος,
3144 1251 3241 1306 καί
3260 1267 3345 1303 τοι
3370 1250 3507 1321 πρὸς
3539 1249 3600 1303 τὸ
3628 1251 3779 1301 ἐπα-

2187 1352 2386 1424 ρᾶσθαι
2419 1351 2531 1405 δεῖν
2566 1346 3053 1421 μεμισθαρνηκότα
3075 1345 3151 1408 ὡς
3172 1344 3230 1397 ὲν
3258 1342 3518 1413 ἀπορίαις
3547 1341 3651 1412 Ιίιιδη
3680 1357 3781 1408 γε-

2186 1446 2401 1517 νόμενοι
2432 1445 2551 1507 ταῖς
2577 1442 2856 1512 ἐσχάταις,
2883 1436 3192 1508 ἐλογίζοντο
3215 1435 3363 1490 κατά
3387 1436 3530 1506 σφᾶς
3546 1433 3776 1498 αὐτοὺς,

2192 1539 2267 1609 μὴ
2295 1536 2361 1591 ἂν
2389 1535 2590 1607 ἑτέρως
2621 1532 2863 1604 ίσχύσειν
2888 1529 3144 1600 ἀδικῆσαι
3182 1526 3275 1580 τὸν
3320 1524 3561 1596 Ἰσραὴλ,
3606 1524 3656 1576 εἱ
3695 1522 3781 1593 μὴ

2189 1627 2311 1698 Θεῷ
2337 1625 2415 1697 τῷ
2436 1623 2797 1697 προεστηκότι
2825 1618 3283 1693 προσκρούσειαν,
3315 1616 3410 1670 καὶ
3435 1616 3638 1687 γυμνοὶ
3656 1616 3780 1685 τῆς

2188 1717 2394 1775 ἀνωθεν
2430 1714 2750 1787 ἐπικουρίας
2776 1713 2877 1784 τῆς
2908 1710 3048 1785 πρὸς
3086 1708 3285 1773 αὐτοὺς
3311 1749 3326 1774 ,
3357 1708 3514 1778 εἴπερ
3541 1705 3777 1769 ἕλοιντο,

2189 1810 2539 1880 συγκροτοῖεν
2581 1806 2780 1878 μάχην.
2834 1803 3050 1868 Εἱδότες
3105 1802 3153 1855 δ’
3188 1802 3271 1855 ὅτι
3319 1799 3523 1871 θερμόν
3570 1816 3632 1852 τε
3678 1798 3782 1852 καὶ

499 1908 711 1978 Itaque,
730 1923 854 1962 cum
873 1906 1078 1961 scirent
1095 1905 1370 1961 fervidum
1391 1921 1512 1979 esse
1534 1904 1897 1961 masculinum
1912 1920 2087 1976 genus

2194 1877 2424 1976 προαλὲς
2455 1902 2534 1965 είς
2570 1877 2634 1970 γε
2661 1899 2727 1953 τὸ
2753 1897 2885 1969 θῆλυ
2915 1896 2979 1950 τὸ
3003 1895 3193 1968 ἄρσεν,
3224 1895 3320 1949 καὶ
3360 1896 3476 1956 ταίς
3506 1893 3587 1956 είς
3611 1891 3783 1945 τοῦτο

500 2012 565 2052 ac
590 2012 833 2068 praeceps
856 1996 913 2050 in
930 1995 1199 2062 feminas;
1224 2003 1281 2050 et
1306 1993 1573 2050 adversus
1595 1992 1866 2066 ejusmodi
1888 1993 2085 2050 obsce-

498 2088 757 2142 nissimas
788 2086 1102 2156 voluptates
1134 2100 1247 2140 non
1270 2100 1393 2141 esse
1431 2093 1605 2141 tutam
1633 2084 2085 2149 adolescentiam,

501 2177 859 2234 mulierculas
903 2176 1283 2232 submiserunt
1338 2184 1653 2241 exornatas,
1698 2191 1819 2247 quae
1845 2175 1989 2232 filios
2005 2174 2087 2230 Is-

500 2270 614 2325 rael
641 2268 709 2322 ad
750 2275 967 2338 turpem
996 2266 1454 2323 consuetudinem
1484 2266 1903 2338 pertraherent;
1948 2281 2087 2337 qua-

509 2377 633 2416 rum
697 2360 881 2432 specie
934 2358 1194 2415 facillime
1241 2358 1603 2431 capiebantur
1655 2358 1970 2429 quicunque
2019 2357 2089 2413 ad

501 2452 684 2510 carnis
711 2452 847 2507 vitia
884 2450 1161 2522 proclives
1184 2458 1380 2518 erant;
1415 2459 1474 2506 et
1498 2450 1719 2505 illarum
1754 2450 2089 2506 sententiam

502 2553 799 2613 sequentes
818 2541 1023 2598 sensim
1050 2557 1081 2596 a
1108 2542 1207 2597 Dei
1238 2541 1392 2596 cultu
1428 2540 1863 2597 deducebantur.
1898 2541 2089 2611 Itaque

503 2634 613 2691 illis
659 2634 727 2689 ad
779 2632 1162 2690 fornicationis
1218 2633 1473 2689 morbum
1517 2632 1805 2704 apostasia:
1858 2632 2088 2703 languor

503 2724 820 2781 accedebat.
850 2724 1127 2795 Scriptum
1152 2733 1237 2779 est
1258 2724 1406 2779 enim
1434 2743 1448 2779 :
1493 2725 1590 2780 «Ει
1614 2723 1866 2779 initiatus
1887 2731 1972 2779 est
1989 2739 2090 2794 po-

505 2819 670 2890 pulus
691 2818 1029 2889 Beelphegor
1053 2820 1117 2872 7’.
1133 2837 1150 2868 ι
1179 2816 1236 2873 Id
1264 2818 1445 2889 ipsum
1468 2817 1863 2890 prophetarum
1874 2832 2092 2887 quoque

506 2923 642 2963 voce
679 2907 760 2963 sic
784 2906 922 2962 dixit
958 2907 1103 2962 Deus
1139 2924 1152 2959 :
1191 2926 1210 2959 ι
1245 2907 1315 2962 Et
1349 2907 1588 2979 populus
1616 2906 1927 2979 intelligens
1959 2921 2093 2961 con-

504 3003 728 3074 iunctus
753 3011 974 3058 estcum
988 3002 1277 3058 meretrice
1294 3004 1358 3056 ⁸ο.
1372 3023 1389 3053 ι
1409 3003 1537 3059 Haec
1553 3001 1755 3074 ﬂagitia
1771 3001 2091 3073 gravissime

508 3096 657 3162 tulit,
712 3111 817 3151 nec
861 3094 1176 3159 immerito,
1226 3093 1542 3165 Iegislator;
1598 3108 1776 3163 neque
1824 3093 2091 3163 impunita

509 3188 767 3245 Israelitis
785 3199 848 3244 ea
869 3203 958 3244 res
992 3186 1130 3253 fuit;
1160 3185 1307 3242 illico
1320 3200 1557 3256 namque
1582 3186 1701 3257 ejus
1717 3184 1907 3256 ﬂagitii
1928 3199 2092 3240 causa

511 3281 652 3335 mala
697 3280 842 3351 passi
886 3286 1018 3336 sunt
1062 3294 1175 3334 non
1221 3276 1482 3333 ferenda:
1535 3290 1660 3330 cum
1696 3276 1793 3345 qui
1837 3274 2095 3329 fornicati

510 3371 766 3436 fuissent,
788 3370 977 3425 fratris
1013 3385 1077 3425 ac
1097 3368 1335 3440 proximi
1357 3367 1445 3423 sui
1464 3366 1697 3438 quisque
1733 3382 1898 3421 manu
1929 3366 2097 3420 inter-

511 3463 824 3520 ﬁcerentur.
856 3462 1121 3533 Praecepit
1150 3470 1333 3518 autem
1368 3460 1787 3518 Deuscontinuo
1807 3467 1869 3516 ut
1899 3459 2095 3515 adver-

512 3568 606 3609 sus
634 3552 956 3607 Madianitas
979 3551 1184 3607 bellum
1215 3549 1609 3622 susciperetur,
1631 3549 1824 3605 dicens
1857 3548 1926 3604 ad
1945 3549 2096 3623 Moy-

513 3658 632 3708 sen,
668 3643 823 3699 illum
853 3658 1133 3697 sacrorum
1158 3641 1517 3713 interpretem
1544 3661 1557 3697 :
1585 3661 1603 3693 1
1633 3641 1912 3699 Ulciscere
1935 3643 2098 3699 ultio-

515 3748 641 3789 nem
662 3732 900 3788 ﬁliorum
923 3734 1088 3790 Israel
1112 3734 1181 3789 de
1214 3733 1564 3801 Madianitis;
1601 3741 1657 3789 et
1688 3734 1757 3789 ad
1786 3743 2097 3790 extremum

515 3826 737 3883 adderis
763 3825 831 3881 ad
852 3826 1114 3897 populum
1144 3834 1322 3881 tuum.
1361 3824 1429 3881 Et
1453 3826 1672 3882 locutus
1690 3835 1775 3883 est
1796 3826 2009 3900 Moyses
2029 3828 2098 3883 ad

517 3917 804 3989 pepulum,
823 3917 1015 3973 dicens
1040 3934 1052 3970 :
1076 3914 1299 3971 Armate
1321 3931 1391 3970 ex
1409 3916 1568 3973 vobis
1593 3918 1763 3984 viros,
1795 3925 2098 3990 etpugnate

518 4022 703 4063 coram
738 4007 972 4063 Domino
1016 4014 1210 4063 contra
1237 4006 1471 4073 Madian,
1517 4007 1752 4065 reddere
1796 4009 2097 4065 vindictam

519 4099 751 4155 Domino
774 4098 841 4154 de
863 4097 1101 4163 Madian,
1125 4098 1274 4154 mille
1305 4114 1373 4154 ex
1402 4098 1572 4166 tribu,
1600 4106 1656 4155 et
1677 4100 1828 4156 mille
1848 4115 1917 4156 ex
1950 4101 2098 4156 tribu

517 4206 584 4245 ex
605 4189 862 4246 omnibus
886 4187 1144 4244 tribubus
1177 4188 1342 4245 Israel
1381 4190 1584 4246 mittite
1624 4189 1692 4245 ad
1721 4191 2096 4262 pugnandum.

524 4279 685 4350 120
695 4280 765 4335 Et
778 4286 1140 4335 numerarunt
1159 4294 1225 4334 ex
1242 4279 1486 4335 millibus
1505 4279 1670 4336 Israel
1684 4281 1834 4337 mille
1844 4296 1913 4337 ex
1931 4281 2098 4348 tribu,

518 4366 813 4425 duodecim
867 4368 1040 4425 millia
1079 4377 1415 4425 armatorum
1453 4370 1511 4425 in
1555 4385 1821 4442 pugnam,
1857 4378 1916 4427 et
1952 4372 2102 4428 misit

518 4475 616 4516 eos
668 4460 882 4532 Moyses
922 4460 1073 4516 mille
1114 4460 1183 4516 de
1215 4460 1388 4525 tribu,
1426 4466 1482 4515 et
1514 4460 1663 4515 mille
1709 4460 1777 4516 de
1800 4462 1946 4517 tribu
1975 4478 2103 4518 cum

520 4549 768 4607 exercitu
824 4566 1017 4607 eorum
1059 4569 1075 4607 :
1133 4560 1190 4607 et
1228 4550 1470 4607 Phinees
1520 4551 1668 4607 filius
1732 4553 1959 4608 Eleazar
2004 4554 2104 4608 filii

532 4644 712 4699 Aaron
740 4643 1062 4711 sacerdotis,
1104 4651 1161 4699 et
1181 4659 1309 4699 vasa
1339 4650 1545 4708 sancta,
1579 4651 1637 4698 et
1662 4644 1806 4699 tubae
1825 4645 2105 4716 signorum

523 4737 580 4791 in
607 4736 864 4793 manibus
893 4751 1108 4792 eorum.
1144 4735 1213 4790 Et
1240 4743 1625 4806 pugnaverunt
1645 4745 1834 4790 contra
1866 4734 2102 4803 Madian,

522 4828 667 4883 sicut
704 4827 967 4898 praecepit
998 4825 1265 4881 Dominus
1291 4825 1482 4897 Moysi,
1507 4835 1564 4881 et
1589 4825 1916 4883 occiderunt
1941 4842 2105 4884 omne

523 4919 911 4983 masculinum,
954 4925 1013 4973 et
1059 4932 1219 4987 reges
1285 4917 1503 4973 Madian
1568 4917 1891 4975 occiderunt
1940 4920 2104 4977 simul

524 5010 966 5066 cumvulneratis
990 5023 1204 5073 eorum,
1233 5018 1290 5065 et
1321 5009 1442 5074 Evi,
1472 5017 1529 5064 et
1558 5010 1786 5078 Rocom,
1815 5020 1871 5067 et
1900 5012 2025 5079 Sur,
2049 5023 2105 5068 et

525 5102 623 5167 Ur,
667 5111 726 5158 et
772 5102 986 5165 Roboc,
1031 5099 1277 5171 quinque
1330 5115 1488 5172 reges
1521 5102 1754 5167 Madian,
1793 5110 1848 5157 et
1894 5103 2111 5159 Balaam

525 5193 702 5248 tilium
739 5192 882 5247 Beor
911 5190 1240 5246 occiderunt
1274 5191 1455 5265 gladio
1482 5192 1645 5247 simul
1666 5207 1791 5248 cum
1807 5195 2114 5250 vulneratis

526 5295 756 5351 eorum;
805 5291 862 5338 ct
889 5281 1133 5353 captivas
1174 5281 1451 5338 duxerunt
1494 5284 1753 5341 mulieres
1793 5284 2027 5351 Madian,
2056 5294 2114 5341 et

529 5373 926 5446 supellectilem
959 5387 1176 5441 eorum,
1207 5383 1264 5430 et
1289 5389 1489 5445 pecora
1521 5388 1734 5443 eorum,
1759 5391 1891 5447 opes
1913 5392 2105 5433 eorum

528 5476 586 5524 et
611 5468 925 5523 facultatem
967 5481 1161 5524 eorum
1189 5466 1502 5539 depopulati
1546 5476 1693 5534 sunt,
1721 5476 1777 5522 et
1800 5483 1995 5524 omnes
2024 5468 2104 5523 ci-

534 5560 731 5618 vitates
749 5576 964 5631 eorum,
986 5577 1110 5635 quae
1124 5567 1283 5618 erant
1315 5559 1370 5613 in
1403 5558 1843 5615 habitationibus
1881 5576 2100 5628 eorum,

606 5699 651 5731 ⁷⁹
670 5699 832 5756 Num.
875 5718 998 5770 xxv,
1020 5701 1072 5757 '5.
1147 5702 1193 5734 ⁸ο
1209 5700 1349 5757 Osee
1374 5699 1563 5765 v1.14.

609 5844 684 5915 (l)
713 5845 844 5900 God.
880 5846 1052 5904 Vatlc.
1074 5887 1087 5914 ,
1126 5840 1543 5914 πολεμούμενοι,
1585 5836 1854 5896 bellaturi.

2191 1994 2611 2067 μυσαρωτάταις
2639 1991 2855 2063 ἡδοναῖς
2883 1989 2984 2044 οὐκ
3005 1986 3253 2057 ἀσφαλὴς
3275 1989 3309 2057 ἡ
3333 1985 3543 2055 νεότης,
3573 1982 3781 2052 γύναια

2187 2086 2451 2142 καθίεσαν
2489 2083 2903 2157 ὲξωραῖσμίνα,
2949 2081 3089 2154 πρὸς
3126 2079 3348 2153 ὁμιλίαν
3378 2075 3479 2132 οὐκ
3517 2075 3781 2148 εὐπρεπῆ

2188 2181 2306 2243 τοῖς
2339 2176 2403 2243 ἐξ
2446 2176 2683 2248 Ἰσραὴλ,
2725 2168 2801 2230 ὧν
2829 2176 2954 2239 ταῖς
2998 2173 3171 2245 ὥραις
3203 2170 3530 2241 ἑτοιμότατα
3569 2184 3782 2239 συνηρ-

2189 2270 2394 2335 πάζετο
2415 2270 2523 2323 πᾶν
2547 2268 2670 2321 ὅσον
2692 2261 2760 2337 ἦν
2784 2264 3009 2328 εὐπετὲς
3042 2265 3123 2327 εἱς
3149 2262 3212 2316 τὸ
3246 2262 3423 2315 νοσεῖν
3449 2258 3519 2315 τά
3546 2258 3775 2330 σαρκὸς,

2190 2360 2590 2434 παρεκομίζετό
2613 2376 2674 2413 τε
2707 2357 2851 2413 κατὰ
2872 2356 3048 2428 βραχῦ
3085 2354 3189 2425 τῆς
3212 2355 3293 2418 είς
3330 2352 3464 2407 Θεὸν
3492 2350 3769 2422 λατρείας.

2147 2473 2161 2485 ·
2189 2454 2309 2517 ταῖς
2336 2450 2561 2506 ἐκείνων
2587 2451 2843 2522 ἑπόμενοι
2871 2448 3140 2518 γνώμαις.
3166 2444 3602 2518 Συνηρῤὠστουν
3620 2458 3682 2495 τε
3702 2443 3777 2511 τῇ

2197 2545 2423 2617 πορνείᾳ
2471 2543 2572 2614 τὴν
2600 2542 2923 2597 ἀπόστασιν.
2953 2540 3268 2610 Γέγραπται
3288 2537 3399 2607 γάρ
3419 2551 3435 2566 ·
3470 2553 3490 2587 ι
3520 2534 3633 2599 Καὶ
3651 2535 3781 2587 ἑτε-

2197 2637 2365 2707 λέσθη
2393 2637 2423 2689 6
2448 2634 2576 2699 λαὸς
2601 2633 2681 2705 τῷ
2707 2631 3050 2705 Βεελφεγώρ.
3080 2650 3100 2684 ι
3135 2628 3278 2684 Αὐτὸ
3306 2628 3364 2682 δὲ
3387 2627 3539 2681 τουτὶ
3562 2626 3658 2681 καὶ
3686 2624 3784 2680 διά

2193 2728 2379 2799 φωνῆς
2411 2726 2712 2800 προφητῶν
2760 2725 2866 2796 ἔφη
2903 2724 3035 2789 Θεός
3054 2739 3071 2754 ο
3105 2743 3124 2776 ι
3167 2722 3278 2776 Καὶ
3308 2723 3337 2775 6
3361 2718 3489 2784 λαὸς
3511 2721 3543 2774 6
3573 2716 3785 2771 συνιὼν

2196 2821 2555 2876 συνεπλέκετο
2590 2818 2730 2891 μετά
2757 2817 2985 2890 πόρνης.
3020 2835 3040 2868 ι
3090 2814 3420 2883 Ἦγανάκτει
3442 2812 3540 2884 μὲν
3558 2805 3653 2864 οὖν
3678 2808 3784 2864 καὶ

2198 2915 2435 2986 μάλιστα
2467 2912 2696 2977 εἰκότως
2729 2911 2822 2965 ἐπὶ
2845 2909 3059 2972 τούτοις
3089 2910 3119 2962 6
3143 2904 3474 2978 νομοθέτης,
3504 2902 3602 2957 καὶ
3619 2897 3690 2971 ῆν
3715 2899 3785 2954 τὸ

2199 3007 2391 3079 χρῆμα
2414 3008 2527 3069 τοῖς
2556 3004 2617 3070 ἐξ
2667 3001 2884 3074 Ἰσραὴλ
2911 3002 3013 3055 οὐκ
3055 3000 3310 3071 ἀζήμιον.
3356 2997 3443 3051 Ἐν
3477 2994 3785 3066 ἀφορήτοις

2198 3098 2310 3168 γάρ
2340 3093 2482 3169 ἦσαν
2524 3096 2686 3160 εὐθὺς
2718 3095 2807 3150 διά
2834 3092 2996 3149 τοῦτο
3042 3093 3385 3165 συμφοραῖς,
3415 3086 3648 3158 ἀδελφοῦ
3679 3085 3785 3140 καὶ

2121 3224 2165 3289 C
2197 3192 2440 3260 γείτονος
2489 3189 2896 3260 δαπανωμένων
2947 3184 3092 3258 χειρὶ
3138 3185 3248 3239 τῶν
3305 3179 3785 3255 πεπορνευκύτων.

2200 3281 2485 3355 Αίρεῖσθαι
2520 3280 2579 3334 δὲ
2610 3279 2748 3351 πρὸς
2785 3276 3154 3350 Μαδιηναίους
3187 3273 3349 3339 εὐθὺς
3378 3272 3633 3327 διετύπου
3676 3271 3791 3324 πό-

2200 3376 2366 3447 λεμον
2419 3374 2598 3443 λέγων
2635 3372 2772 3443 πρὸς
2800 3372 2895 3425 τὸν
2932 3369 3259 3443 ἱεροφάντην
3306 3366 3511 3425 Μωσέα
3543 3365 3711 3428 Θεός·

2185 3467 2449 3522 «Ἐκδίκει
2490 3466 2593 3538 τὴν
2643 3464 2924 3537 ἐκδίκησιν
2957 3464 3066 3519 τῶν
3120 3462 3253 3518 υἱῶν
3294 3459 3511 3533 Ἰσραὴλ
3562 3460 3626 3513 ὲκ
3671 3457 3795 3512 τῶν

2203 3557 2546 3615 Μαδιανιτῶν
2570 3599 2586 3626 ,
2619 3557 2716 3611 καὶ
2760 3556 2984 3629 ἔσχατον
3033 3554 3316 3629 προσθήσῃ
3360 3551 3497 3624 πρὸς
3535 3550 3628 3606 τὸν
3654 3549 3798 3604 λαόν

2207 3669 2322 3705 σου.
2352 3651 2464 3704 Καὶ
2495 3650 2724 3720 ὲλάλησε
2743 3650 2950 3721 Μωσῆς
2980 3649 3117 3719 πρὸς
3139 3647 3229 3701 τὸν
3248 3646 3396 3711 λαὸν,
3425 3644 3618 3713 λέγων·
3638 3642 3799 3707 Ἐξο-

2206 3741 2435 3796 πλίσατε
2481 3740 2608 3805 τοὺς
2654 3740 2853 3813 ἄνδρας
2908 3738 2970 3805 ἐξ
3015 3737 3190 3809 ὑμῶν,
3241 3736 3336 3791 καὶ
3395 3731 3797 3806 παρατάξασθε

2205 3834 2387 3888 ἔναντι
2424 3833 2629 3904 Κυρίου
2673 3833 2765 3886 ὲπὶ
2793 3830 3042 3903 Μαδιάμ,
3078 3827 3369 3884 ἀποδοῦναι
3399 3825 3678 3898 ἐκδίκησιν
3707 3824 3798 3895 τῷ

2205 3925 2397 3998 Κυρίῳ
2429 3927 2494 3996 τῇ
2529 3923 2757 3995 Μαδιάμ
2780 3962 2796 3987 ,
2830 3922 3037 3993 χιλίους
3064 3921 3132 3975 ὲκ
3161 3918 3338 3990 φυλῆς
3363 3959 3380 3985 ,
3431 3918 3529 3971 καὶ
3575 3916 3799 3988 χιλίους

2208 4018 2272 4071 ὲκ
2296 4015 2489 4087 φυλῆς,
2524 4015 2589 4068 ὲκ
2627 4012 2819 4067 πασῶν
2859 4010 3040 4081 φυλῶν
3069 4008 3201 4062 υἱῶν
3248 4005 3487 4079 Ἰσραὴλ,
3528 4004 3800 4059 ἀποστεί-

2206 4109 2335 4162 λατε
2382 4104 2821 4180 παρατάξασθαι.
2873 4104 2986 4158 Καὶ
3033 4101 3413 4173 ἐξηρίθμησαν
3454 4099 3527 4167 ⁵ὲκ
3559 4096 3672 4151 τῶν
3704 4114 3800 4166 χι-

2206 4200 2402 4256 λιάδων
2439 4198 2657 4272 Ἰσραὴλ
2706 4197 2915 4270 χιλίους
2962 4198 3030 4249 ὲκ
3071 4193 3244 4265 φυλῆς
3286 4191 3497 4246 δώδεκα
3539 4187 3797 4259 χιλιάδας

2207 4291 2646 4363 ὲνωπλισμένους
2672 4292 2753 4355 εἱς
2775 4286 3104 4361 παράταξιν,
3123 4285 3221 4340 καί⁵
3244 4283 3567 4340 ἀπέστειλεν
3588 4280 3798 4344 αὐτοὺς

2206 4383 2411 4454 Μωσῆς
2438 4381 2644 4452 χιλίους
2670 4382 2735 4436 ὲκ
2768 4379 2969 4449 φυλῆς,
2996 4378 3090 4433 καὶ
3117 4377 3323 4449 χιλίους
3360 4376 3427 4430 ὲκ
3462 4373 3655 4445 φυλῆς,
3692 4373 3799 4427 σὺν

2207 4475 2435 4545 δυνάμει
2481 4473 2661 4529 αὐτῶν
2683 4488 2699 4504 ο
2730 4472 2827 4526 καὶ
2870 4472 2961 4525 τὸν
3002 4470 3190 4533 Φινεὲς
3217 4467 3332 4522 υἱὸν
3374 4463 3637 4534 Ἐλεάζαρ
3670 4462 3796 4517 υἱοῦ

2139 4583 2183 4639 ι)
2223 4564 2436 4637 Ἀαρὼν
2460 4563 2558 4619 τοῦ
2593 4557 2819 4635 ἱερέως,
2854 4563 2948 4618 καὶ
2992 4561 3064 4617 τά
3097 4561 3266 4632 σκεύη
3299 4561 3368 4614 τά
3402 4560 3568 4628 ἅγια,
3606 4557 3705 4611 καὶ
3732 4555 3797 4608 αἱ

2213 4658 2515 4727 σάλπιγγες
2535 4656 2644 4711 τῶν
2675 4655 2961 4727 σημασιῶν
2993 4656 3052 4710 ὲν
3079 4656 3201 4717 ταῖς
3235 4653 3424 4724 χερσὶν
3449 4649 3629 4704 αὐτῶν
3647 4688 3663 4711 ,
3694 4647 3799 4701 καὶ

2210 4742 2590 4815 παρετάξαντο
2622 4743 2716 4798 ὲπὶ
2770 4743 3031 4814 Μαδιάμ,
3066 4740 3212 4797 καθά
3245 4739 3552 4795 ἐνετείλατο
3582 4736 3798 4808 Κύριος

2210 4835 2289 4907 τῷ
2315 4837 2525 4901 Μωσεῖ,
2565 4836 2660 4890 καὶ
2691 4835 3023 4891 ἀπέκτειναν
3052 4835 3160 4887 πᾶν
3190 4832 3502 4903 ἀρσενικὸν.
3541 4830 3636 4883 καὶ
3662 4828 3799 4891 τοὺς

2210 4925 2451 4996 βασιλεῖς
2485 4925 2713 4997 Μαδιάμ
2737 4965 2753 4990 ,
2784 4925 3115 4980 ἀπέκτειναν
3143 4923 3259 4993 ἆμα
3290 4925 3401 4986 τοῖς
3424 4918 3797 4992 τραυματίαις

2211 5017 2409 5071 αὐτῶν·
2440 5017 2535 5071 καὶ
2553 5016 2645 5071 τὸν
2671 5017 2889 5080 Νευεὶν,
2914 5016 3008 5070 καλ⁸
3031 5016 3123 5071 τὸν
3155 5015 3362 5081 Ῥοκδν,
3387 5016 3481 5069 καὶ
3506 5014 3598 5068 τὸν
3626 5014 3792 5083 Σοὺρ,

2210 5108 2305 5163 καὶ
2330 5108 2420 5162 τὸν
2444 5107 2578 5181 Οὓρ,
2609 5109 2812 5163 καὶτὸν
2852 5109 3066 5174 Ῥοῦδκ,
3097 5109 3261 5162 πέντε
3290 5107 3528 5179 βασιλεῖς
3543 5105 3793 5175 Μαδιάμ,

2210 5201 2307 5254 καὶ
2338 5200 2429 5254 τὸν
2461 5199 2692 5270 Βαλαάμ
2729 5200 2844 5255 υίὸν
2874 5199 3049 5270 Βεὼρ,
3091 5198 3421 5253 ἀπέκτειναν
3451 5197 3510 5249 ἐν
3542 5195 3795 5268 ῥομφαίᾳ

2214 5289 2313 5342 σὺν
2345 5291 2460 5353 τοῖς
2489 5289 2861 5360 τραυματίαις
2888 5287 3066 5343 αὐτῶν
3089 5304 3103 5318 ο
3135 5288 3229 5341 καί⁵
3252 5286 3661 5358 προενόμευσαν
3694 5285 3797 5347 τάς

2213 5382 2479 5449 γυναῖκας
2510 5380 2758 5452 Μαδιάμ,
2793 5362 2887 5435 καὶ
2911 5380 3009 5451 τὴν
3035 5379 3348 5446 ἀποσκευὴν
3373 5376 3552 5431 αὐτῶν
3573 5418 3587 5441 ,
3610 5376 3703 5430 καὶ
3724 5376 3796 5429 τά

2213 5472 2385 5544 κτήνη
2411 5471 2612 5536 αὐτῶν,
2637 5472 2732 5526 καὶ
2753 5473 2931 5527 πάντα
2968 5472 3037 5526 τά
3064 5472 3306 5547 ξγκτητα
3337 5466 3538 5534 αὐτῶν,
3570 5468 3666 5522 καὶ
3692 5468 3796 5535 τὴν

2211 5561 2439 5633 δύναμιν
2475 5562 2654 5619 αὐτῶν
2691 5565 3117 5636 προενόμευσαν,
3148 5562 3243 5616 καὶ
3268 5561 3447 5624 πάσας
3477 5559 3578 5623 τάς
3609 5559 3800 5627 πόλεις
