  <div class='ocr_page' id='page_1' title='image "/cluster/home/n/w/nwhite01/storage/ocr_20150623/68:no.1/coo.31924054869742/170.png"; bbox 0 0 4096 6500; ppageno 0'>
   <div class='ocr_carea' id='block_1_1' title="bbox 268 392 391 453">
    <p class='ocr_par' dir='ltr' id='par_1_1' title="bbox 268 392 391 453">
     <span class='ocr_line' id='line_1_1' title="bbox 268 392 391 453; baseline 0 -2"><span class='ocrx_word' id='word_1_1' title='bbox 268 392 391 453; x_wconf 72' lang='grc'><strong>335</strong></span> 
     </span>
    </p>
   </div>
   <div class='ocr_carea' id='block_1_2' title="bbox 1055 390 2887 455">
    <p class='ocr_par' dir='ltr' id='par_1_2' title="bbox 1055 390 2887 455">
     <span class='ocr_line' id='line_1_2' title="bbox 1055 390 2887 455; baseline -0.002 -2"><span class='ocrx_word' id='word_1_2' title='bbox 1055 396 1145 453; x_wconf 86' lang='lat' dir='ltr'><strong>DE</strong></span> <span class='ocrx_word' id='word_1_3' title='bbox 1185 396 1633 455; x_wconf 78' lang='lat' dir='ltr'><strong>ADORATIONE</strong></span> <span class='ocrx_word' id='word_1_4' title='bbox 1673 395 1740 452; x_wconf 80' lang='lat' dir='ltr'><strong>IN</strong></span> <span class='ocrx_word' id='word_1_5' title='bbox 1776 390 2050 450; x_wconf 78' lang='lat' dir='ltr'><strong>SPIRITU</strong></span> <span class='ocrx_word' id='word_1_6' title='bbox 2093 390 2183 448; x_wconf 86' lang='lat' dir='ltr'><strong>ET</strong></span> <span class='ocrx_word' id='word_1_7' title='bbox 2220 391 2599 451; x_wconf 79' lang='lat' dir='ltr'><strong>VERITATE.</strong></span> <span class='ocrx_word' id='word_1_8' title='bbox 2633 391 2762 449; x_wconf 87' lang='lat' dir='ltr'><strong>LIB.</strong></span> <span class='ocrx_word' id='word_1_9' title='bbox 2800 392 2887 449; x_wconf 70' lang='lat' dir='ltr'><strong>IV.</strong></span> 
     </span>
    </p>
   </div>
   <div class='ocr_carea' id='block_1_3' title="bbox 3495 396 3605 454">
    <p class='ocr_par' dir='ltr' id='par_1_3' title="bbox 3495 396 3605 454">
     <span class='ocr_line' id='line_1_3' title="bbox 3495 396 3605 454; baseline 0.018 -2"><span class='ocrx_word' id='word_1_10' title='bbox 3495 396 3605 454; x_wconf 67' lang='lat'><strong>526</strong></span> 
     </span>
    </p>
   </div>
   <div class='ocr_carea' id='block_1_4' title="bbox 267 506 1890 581">
    <p class='ocr_par' dir='ltr' id='par_1_4' title="bbox 267 508 1890 576">
     <span class='ocr_line' id='line_1_4' title="bbox 267 508 1890 576; baseline -0.002 -11"><span class='ocrx_word' id='word_1_11' title='bbox 267 511 465 565; x_wconf 75' lang='grc' dir='ltr'>αὐτῶν</span> <span class='ocrx_word' id='word_1_12' title='bbox 499 508 602 572; x_wconf 77' lang='grc' dir='ltr'><strong>τὰς</strong></span> <span class='ocrx_word' id='word_1_13' title='bbox 638 508 698 562; x_wconf 85' lang='grc' dir='ltr'><strong>ἐν</strong></span> <span class='ocrx_word' id='word_1_14' title='bbox 734 510 857 575; x_wconf 81' lang='grc' dir='ltr'>ταῖς</span> <span class='ocrx_word' id='word_1_15' title='bbox 888 511 1201 576; x_wconf 78' lang='grc' dir='ltr'><strong>κατοικίαις</strong></span> <span class='ocrx_word' id='word_1_16' title='bbox 1226 512 1430 575; x_wconf 75' lang='grc' dir='ltr'>αὐτῶν,</span> <span class='ocrx_word' id='word_1_17' title='bbox 1471 512 1566 566; x_wconf 79' lang='grc' dir='ltr'>καὶ</span> <span class='ocrx_word' id='word_1_18' title='bbox 1595 509 1697 574; x_wconf 81' lang='grc' dir='ltr'><strong>τὰς</strong></span> <span class='ocrx_word' id='word_1_19' title='bbox 1730 509 1890 565; x_wconf 79' lang='grc' dir='ltr'>ἐπαύ·</span> 
     </span>
    </p>
   </div>
   <div class='ocr_carea' id='block_1_5' title="bbox 1994 506 3597 581">
    <p class='ocr_par' dir='ltr' id='par_1_5' title="bbox 2008 506 3597 581">
     <span class='ocr_line' id='line_1_5' title="bbox 2008 506 3597 581; baseline 0.004 -20"><span class='ocrx_word' id='word_1_20' title='bbox 2008 517 2063 563; x_wconf 92' lang='lat' dir='ltr'><strong>et</strong></span> <span class='ocrx_word' id='word_1_21' title='bbox 2082 506 2236 561; x_wconf 88' lang='lat' dir='ltr'><strong>vicos</strong></span> <span class='ocrx_word' id='word_1_22' title='bbox 2253 521 2447 561; x_wconf 83' lang='lat' dir='ltr'><strong>eorum</strong></span> <span class='ocrx_word' id='word_1_23' title='bbox 2471 508 2900 565; x_wconf 84' lang='lat' dir='ltr'><strong>eombusserunt</strong></span> <span class='ocrx_word' id='word_1_24' title='bbox 2922 508 3055 581; x_wconf 83' lang='lat' dir='ltr'><strong>igni,</strong></span> <span class='ocrx_word' id='word_1_25' title='bbox 3084 516 3141 564; x_wconf 75' lang='lat' dir='ltr'><strong>et</strong></span> <span class='ocrx_word' id='word_1_26' title='bbox 3170 519 3440 581; x_wconf 86' lang='lat' dir='ltr'><strong>ceperunt</strong></span> <span class='ocrx_word' id='word_1_27' title='bbox 3463 527 3597 567; x_wconf 90' lang='lat' dir='ltr'><strong>om-</strong></span> 
     </span>
    </p>
   </div>
   <div class='ocr_carea' id='block_1_6' title="bbox 266 599 1905 673">
    <p class='ocr_par' dir='ltr' id='par_1_6' title="bbox 266 599 1905 673">
     <span class='ocr_line' id='line_1_6' title="bbox 266 599 1905 673; baseline -0.001 -18"><span class='ocrx_word' id='word_1_28' title='bbox 266 603 392 664; x_wconf 83' lang='grc' dir='ltr'>λεις</span> <span class='ocrx_word' id='word_1_29' title='bbox 410 599 605 654; x_wconf 80' lang='grc' dir='ltr'>αὐτῶν</span> <span class='ocrx_word' id='word_1_30' title='bbox 626 599 947 672; x_wconf 77' lang='grc' dir='ltr'><strong>ἐνέπρησαν</strong></span> <span class='ocrx_word' id='word_1_31' title='bbox 979 603 1037 656; x_wconf 89' lang='grc' dir='ltr'><strong>ἐν</strong></span> <span class='ocrx_word' id='word_1_32' title='bbox 1060 602 1230 673; x_wconf 77' lang='grc' dir='ltr'>πυρὶ,</span> <span class='ocrx_word' id='word_1_33' title='bbox 1252 604 1346 657; x_wconf 61' lang='grc' dir='ltr'><strong>καλ⁵</strong></span> <span class='ocrx_word' id='word_1_34' title='bbox 1367 602 1560 656; x_wconf 79' lang='grc' dir='ltr'>ἔλαϐον</span> <span class='ocrx_word' id='word_1_35' title='bbox 1595 603 1778 655; x_wconf 79' lang='grc' dir='ltr'>πᾶσαν</span> <span class='ocrx_word' id='word_1_36' title='bbox 1806 602 1905 671; x_wconf 80' lang='grc' dir='ltr'>τὴν</span> 
     </span>
    </p>
   </div>
   <div class='ocr_carea' id='block_1_7' title="bbox 270 688 1906 764">
    <p class='ocr_par' dir='ltr' id='par_1_7' title="bbox 270 688 1906 764">
     <span class='ocr_line' id='line_1_7' title="bbox 270 688 1906 764; baseline 0 -20"><span class='ocrx_word' id='word_1_37' title='bbox 270 688 573 764; x_wconf 80' lang='grc' dir='ltr'>προνομὴν</span> <span class='ocrx_word' id='word_1_38' title='bbox 605 689 796 745; x_wconf 84' lang='grc' dir='ltr'>αὐτῶν</span> <span class='ocrx_word' id='word_1_39' title='bbox 812 707 824 720; x_wconf 92' lang='grc'><strong>·</strong></span> <span class='ocrx_word' id='word_1_40' title='bbox 853 692 948 745; x_wconf 72' lang='grc' dir='ltr'>καὶ</span> <span class='ocrx_word' id='word_1_41' title='bbox 978 693 1157 747; x_wconf 85' lang='grc' dir='ltr'>πάντα</span> <span class='ocrx_word' id='word_1_42' title='bbox 1177 691 1245 746; x_wconf 78' lang='grc' dir='ltr'>τὰ</span> <span class='ocrx_word' id='word_1_43' title='bbox 1267 692 1441 748; x_wconf 76' lang='grc' dir='ltr'>σκῦλα</span> <span class='ocrx_word' id='word_1_44' title='bbox 1464 692 1647 747; x_wconf 81' lang='grc' dir='ltr'>αὐτῶν</span> <span class='ocrx_word' id='word_1_45' title='bbox 1673 692 1784 747; x_wconf 85' lang='grc' dir='ltr'><strong>ἀπὸ</strong></span> <span class='ocrx_word' id='word_1_46' title='bbox 1812 694 1906 746; x_wconf 83' lang='grc' dir='ltr'><strong>ἁν-</strong></span> 
     </span>
    </p>
   </div>
   <div class='ocr_carea' id='block_1_8' title="bbox 276 780 1904 858">
    <p class='ocr_par' dir='ltr' id='par_1_8' title="bbox 276 780 1904 858">
     <span class='ocr_line' id='line_1_8' title="bbox 276 780 1904 858; baseline -0.001 -20"><span class='ocrx_word' id='word_1_47' title='bbox 276 782 506 853; x_wconf 70' lang='grc' dir='ltr'>θρῶπου</span> <span class='ocrx_word' id='word_1_48' title='bbox 524 780 638 843; x_wconf 80' lang='grc' dir='ltr'>ἕως</span> <span class='ocrx_word' id='word_1_49' title='bbox 656 783 915 854; x_wconf 78' lang='grc' dir='ltr'><strong>κτήνους,</strong></span> <span class='ocrx_word' id='word_1_50' title='bbox 936 783 1030 837; x_wconf 74' lang='grc' dir='ltr'>καὶ</span> <span class='ocrx_word' id='word_1_51' title='bbox 1051 783 1258 856; x_wconf 77' lang='grc' dir='ltr'><strong>ἤγαγον</strong></span> <span class='ocrx_word' id='word_1_52' title='bbox 1271 785 1410 858; x_wconf 83' lang='grc' dir='ltr'>πρὸς</span> <span class='ocrx_word' id='word_1_53' title='bbox 1428 785 1634 856; x_wconf 78' lang='grc' dir='ltr'>Μωσῆν</span> <span class='ocrx_word' id='word_1_54' title='bbox 1653 784 1904 855; x_wconf 75' lang='grc' dir='ltr'>καὶπρὸς</span> 
     </span>
    </p>
   </div>
   <div class='ocr_carea' id='block_1_9' title="bbox 296 872 1904 953">
    <p class='ocr_par' dir='ltr' id='par_1_9' title="bbox 296 872 1904 953">
     <span class='ocr_line' id='line_1_9' title="bbox 296 872 1904 953; baseline -0.001 -23"><span class='ocrx_word' id='word_1_55' title='bbox 296 872 563 946; x_wconf 75' lang='grc' dir='ltr'><strong>Ἐλεάζαρ</strong></span> <span class='ocrx_word' id='word_1_56' title='bbox 594 874 691 929; x_wconf 82' lang='grc' dir='ltr'>τὸν</span> <span class='ocrx_word' id='word_1_57' title='bbox 725 874 902 953; x_wconf 78' lang='grc' dir='ltr'>ἱερέα,</span> <span class='ocrx_word' id='word_1_58' title='bbox 931 876 1027 930; x_wconf 74' lang='grc' dir='ltr'>καὶ</span> <span class='ocrx_word' id='word_1_59' title='bbox 1052 876 1191 948; x_wconf 86' lang='grc' dir='ltr'>πρὸς</span> <span class='ocrx_word' id='word_1_60' title='bbox 1224 876 1436 941; x_wconf 83' lang='grc' dir='ltr'><strong>πάντας</strong></span> <span class='ocrx_word' id='word_1_61' title='bbox 1460 877 1586 941; x_wconf 81' lang='grc' dir='ltr'>τοὺς</span> <span class='ocrx_word' id='word_1_62' title='bbox 1614 876 1764 941; x_wconf 73' lang='grc' dir='ltr'>υἱοὺς</span> <span class='ocrx_word' id='word_1_63' title='bbox 1803 876 1904 929; x_wconf 82' lang='grc' dir='ltr'><strong>ἰσ-</strong></span> 
     </span>
    </p>
   </div>
   <div class='ocr_carea' id='block_1_10' title="bbox 280 964 1904 1039">
    <p class='ocr_par' dir='ltr' id='par_1_10' title="bbox 280 964 1904 1039">
     <span class='ocr_line' id='line_1_10' title="bbox 280 964 1904 1039; baseline 0.004 -24"><span class='ocrx_word' id='word_1_64' title='bbox 280 964 416 1039; x_wconf 61' lang='lat' dir='ltr'><strong>pavi).</strong></span> <span class='ocrx_word' id='word_1_65' title='bbox 428 964 539 1036; x_wconf 71' lang='grc' dir='ltr'>τὴν</span> <span class='ocrx_word' id='word_1_66' title='bbox 553 965 947 1037; x_wconf 76' lang='grc' dir='ltr'><strong>αἰχμαλωσίαν</strong></span> <span class='ocrx_word' id='word_1_67' title='bbox 968 967 1068 1024; x_wconf 80' lang='grc' dir='ltr'>καὶ</span> <span class='ocrx_word' id='word_1_68' title='bbox 1095 967 1164 1022; x_wconf 85' lang='grc' dir='ltr'>τὰ</span> <span class='ocrx_word' id='word_1_69' title='bbox 1183 967 1357 1021; x_wconf 85' lang='grc' dir='ltr'>σκῦλα</span> <span class='ocrx_word' id='word_1_70' title='bbox 1383 967 1479 1021; x_wconf 75' lang='grc' dir='ltr'>καὶ</span> <span class='ocrx_word' id='word_1_71' title='bbox 1498 968 1598 1039; x_wconf 79' lang='grc' dir='ltr'>τὴν</span> <span class='ocrx_word' id='word_1_72' title='bbox 1619 966 1904 1038; x_wconf 78' lang='grc' dir='ltr'>προνομὴν</span> 
     </span>
    </p>
   </div>
   <div class='ocr_carea' id='block_1_11' title="bbox 271 1055 1900 1132">
    <p class='ocr_par' dir='ltr' id='par_1_11' title="bbox 271 1055 1900 1132">
     <span class='ocr_line' id='line_1_11' title="bbox 271 1055 1900 1132; baseline 0 -19"><span class='ocrx_word' id='word_1_73' title='bbox 271 1064 353 1122; x_wconf 80' lang='grc' dir='ltr'><strong>είς</strong></span> <span class='ocrx_word' id='word_1_74' title='bbox 366 1057 472 1131; x_wconf 69' lang='grc' dir='ltr'>τὴν</span> <span class='ocrx_word' id='word_1_75' title='bbox 490 1057 862 1130; x_wconf 81' lang='grc' dir='ltr'>παρεμϐολὴν</span> <span class='ocrx_word' id='word_1_76' title='bbox 875 1060 957 1122; x_wconf 85' lang='grc' dir='ltr'><strong>είς</strong></span> <span class='ocrx_word' id='word_1_77' title='bbox 991 1058 1238 1131; x_wconf 82' lang='grc' dir='ltr'>’Δραὸὼθ</span> <span class='ocrx_word' id='word_1_78' title='bbox 1256 1058 1448 1123; x_wconf 73' lang='grc' dir='ltr'>Μωὰϐ,</span> <span class='ocrx_word' id='word_1_79' title='bbox 1468 1059 1505 1132; x_wconf 75' lang='grc' dir='ltr'>ἦ</span> <span class='ocrx_word' id='word_1_80' title='bbox 1527 1059 1676 1113; x_wconf 79' lang='grc' dir='ltr'>ἐστιν</span> <span class='ocrx_word' id='word_1_81' title='bbox 1700 1058 1794 1112; x_wconf 61' lang='grc' dir='ltr'><strong>ἐπὶ⁸</strong></span> <span class='ocrx_word' id='word_1_82' title='bbox 1805 1055 1900 1114; x_wconf 78' lang='grc' dir='ltr'>τοῦ</span> 
     </span>
    </p>
   </div>
   <div class='ocr_carea' id='block_1_12' title="bbox 281 1149 1902 1222">
    <p class='ocr_par' dir='ltr' id='par_1_12' title="bbox 281 1149 1902 1222">
     <span class='ocr_line' id='line_1_12' title="bbox 281 1149 1902 1222; baseline 0.002 -19"><span class='ocrx_word' id='word_1_83' title='bbox 281 1150 565 1222; x_wconf 77' lang='grc' dir='ltr'>Ἰορδάνου</span> <span class='ocrx_word' id='word_1_84' title='bbox 590 1150 742 1204; x_wconf 75' lang='grc' dir='ltr'>κατὰ</span> <span class='ocrx_word' id='word_1_85' title='bbox 765 1150 999 1222; x_wconf 76' lang='grc' dir='ltr'>Ἰεριχώο</span> <span class='ocrx_word' id='word_1_86' title='bbox 1020 1150 1131 1204; x_wconf 71' lang='grc' dir='ltr'><strong>Καὶ</strong></span> <span class='ocrx_word' id='word_1_87' title='bbox 1152 1149 1345 1222; x_wconf 81' lang='grc' dir='ltr'>ἐξῆλθε</span> <span class='ocrx_word' id='word_1_88' title='bbox 1361 1151 1567 1222; x_wconf 81' lang='grc' dir='ltr'><strong>Μωσῆς</strong></span> <span class='ocrx_word' id='word_1_89' title='bbox 1584 1150 1679 1204; x_wconf 72' lang='grc' dir='ltr'>καὶ</span> <span class='ocrx_word' id='word_1_90' title='bbox 1719 1150 1902 1206; x_wconf 85' lang='grc' dir='ltr'><strong>Ἐλεά-</strong></span> 
     </span>
    </p>
   </div>
   <div class='ocr_carea' id='block_1_13' title="bbox 263 1242 1899 1317">
    <p class='ocr_par' dir='ltr' id='par_1_13' title="bbox 263 1242 1899 1317">
     <span class='ocr_line' id='line_1_13' title="bbox 263 1242 1899 1317; baseline 0.007 -20"><span class='ocrx_word' id='word_1_91' title='bbox 263 1243 377 1309; x_wconf 79' lang='grc' dir='ltr'>ζαρ</span> <span class='ocrx_word' id='word_1_92' title='bbox 399 1245 431 1297; x_wconf 80' lang='grc' dir='ltr'><strong><em>ὁ</em></strong></span> <span class='ocrx_word' id='word_1_93' title='bbox 454 1243 649 1315; x_wconf 78' lang='grc' dir='ltr'>ἱερεὺς</span> <span class='ocrx_word' id='word_1_94' title='bbox 672 1283 690 1309; x_wconf 85' lang='grc'><strong>,</strong></span> <span class='ocrx_word' id='word_1_95' title='bbox 729 1244 825 1297; x_wconf 78' lang='grc' dir='ltr'>καὶ</span> <span class='ocrx_word' id='word_1_96' title='bbox 852 1242 1056 1307; x_wconf 86' lang='grc' dir='ltr'>πάντες</span> <span class='ocrx_word' id='word_1_97' title='bbox 1075 1243 1127 1297; x_wconf 82' lang='lat' dir='ltr'><strong>oi</strong></span> <span class='ocrx_word' id='word_1_98' title='bbox 1160 1243 1422 1315; x_wconf 80' lang='grc' dir='ltr'>ἄρχοντες</span> <span class='ocrx_word' id='word_1_99' title='bbox 1443 1245 1543 1315; x_wconf 79' lang='grc' dir='ltr'>τῆς</span> <span class='ocrx_word' id='word_1_100' title='bbox 1575 1244 1899 1317; x_wconf 78' lang='grc' dir='ltr'><strong>συναγωγῆς</strong></span> 
     </span>
    </p>
   </div>
   <div class='ocr_carea' id='block_1_14' title="bbox 265 1333 1895 1408">
    <p class='ocr_par' dir='ltr' id='par_1_14' title="bbox 265 1333 1895 1408">
     <span class='ocr_line' id='line_1_14' title="bbox 265 1333 1895 1408; baseline -0.001 -18"><span class='ocrx_word' id='word_1_101' title='bbox 265 1338 353 1399; x_wconf 76' lang='grc' dir='ltr'>εἰς</span> <span class='ocrx_word' id='word_1_102' title='bbox 370 1335 717 1407; x_wconf 75' lang='grc' dir='ltr'>συνάντησιν</span> <span class='ocrx_word' id='word_1_103' title='bbox 729 1333 916 1400; x_wconf 84' lang='grc' dir='ltr'>αὐτοῖς</span> <span class='ocrx_word' id='word_1_104' title='bbox 928 1333 1035 1400; x_wconf 79' lang='grc' dir='ltr'><strong>ἔξω</strong></span> <span class='ocrx_word' id='word_1_105' title='bbox 1048 1334 1147 1407; x_wconf 83' lang='grc' dir='ltr'>τῆς</span> <span class='ocrx_word' id='word_1_106' title='bbox 1164 1333 1639 1407; x_wconf 74' lang='grc' dir='ltr'>παρεμϐολῆς,καὶ</span> <span class='ocrx_word' id='word_1_107' title='bbox 1649 1334 1895 1408; x_wconf 83' lang='grc' dir='ltr'>ὠργίσθη</span> 
     </span>
    </p>
   </div>
   <div class='ocr_carea' id='block_1_15' title="bbox 267 1427 1898 1501">
    <p class='ocr_par' dir='ltr' id='par_1_15' title="bbox 267 1427 1898 1501">
     <span class='ocr_line' id='line_1_15' title="bbox 267 1427 1898 1501; baseline 0 -19"><span class='ocrx_word' id='word_1_108' title='bbox 267 1427 492 1498; x_wconf 79' lang='grc' dir='ltr'>Μωσῆς</span> <span class='ocrx_word' id='word_1_109' title='bbox 518 1429 620 1482; x_wconf 74' lang='grc' dir='ltr'>ἐπὶ</span> <span class='ocrx_word' id='word_1_110' title='bbox 656 1430 776 1493; x_wconf 76' lang='grc' dir='ltr'>τοῖς</span> <span class='ocrx_word' id='word_1_111' title='bbox 806 1427 1128 1493; x_wconf 76' lang='grc' dir='ltr'><strong>ἐπισκόποις</strong></span> <span class='ocrx_word' id='word_1_112' title='bbox 1156 1429 1256 1501; x_wconf 81' lang='grc' dir='ltr'>τῆς</span> <span class='ocrx_word' id='word_1_113' title='bbox 1289 1427 1574 1501; x_wconf 85' lang='grc' dir='ltr'>δυνάμεως</span> <span class='ocrx_word' id='word_1_114' title='bbox 1591 1427 1898 1500; x_wconf 78' lang='grc' dir='ltr'><strong>χιλιάρχοις</strong></span> 
     </span>
    </p>
   </div>
   <div class='ocr_carea' id='block_1_16' title="bbox 178 1520 1900 1595">
    <p class='ocr_par' dir='ltr' id='par_1_16' title="bbox 178 1520 1900 1595">
     <span class='ocr_line' id='line_1_16' title="bbox 178 1520 1900 1595; baseline -0.001 -20"><span class='ocrx_word' id='word_1_115' title='bbox 178 1540 191 1555; x_wconf 61' lang='grc' dir='ltr'>π</span> <span class='ocrx_word' id='word_1_116' title='bbox 270 1521 380 1576; x_wconf 77' lang='grc' dir='ltr'>καὶ</span> <span class='ocrx_word' id='word_1_117' title='bbox 433 1522 878 1595; x_wconf 78' lang='grc' dir='ltr'>ἑκατοντάρχοις</span> <span class='ocrx_word' id='word_1_118' title='bbox 910 1524 1025 1585; x_wconf 84' lang='grc' dir='ltr'>τοῖς</span> <span class='ocrx_word' id='word_1_119' title='bbox 1065 1520 1387 1594; x_wconf 80' lang='grc' dir='ltr'>ἐρχομένοις</span> <span class='ocrx_word' id='word_1_120' title='bbox 1418 1521 1484 1574; x_wconf 86' lang='grc' dir='ltr'><strong>ἐκ</strong></span> <span class='ocrx_word' id='word_1_121' title='bbox 1519 1523 1620 1593; x_wconf 84' lang='grc' dir='ltr'>τῆς</span> <span class='ocrx_word' id='word_1_122' title='bbox 1648 1520 1900 1592; x_wconf 73' lang='grc' dir='ltr'>παρατάο</span> 
     </span>
    </p>
   </div>
   <div class='ocr_carea' id='block_1_17' title="bbox 274 1607 1895 1684">
    <p class='ocr_par' dir='ltr' id='par_1_17' title="bbox 274 1607 1895 1684">
     <span class='ocr_line' id='line_1_17' title="bbox 274 1607 1895 1684; baseline 0.001 -19"><span class='ocrx_word' id='word_1_123' title='bbox 274 1612 416 1677; x_wconf 82' lang='grc' dir='ltr'>ξεως</span> <span class='ocrx_word' id='word_1_124' title='bbox 452 1611 554 1665; x_wconf 81' lang='grc' dir='ltr'>τοῦ</span> <span class='ocrx_word' id='word_1_125' title='bbox 592 1612 877 1684; x_wconf 85' lang='grc' dir='ltr'>πολέμου·</span> <span class='ocrx_word' id='word_1_126' title='bbox 937 1612 1034 1667; x_wconf 72' lang='grc' dir='ltr'>καὶ</span> <span class='ocrx_word' id='word_1_127' title='bbox 1063 1607 1218 1666; x_wconf 74' lang='grc' dir='ltr'>εἶπεν</span> <span class='ocrx_word' id='word_1_128' title='bbox 1262 1614 1448 1677; x_wconf 81' lang='grc' dir='ltr'>αὐτοῖς</span> <span class='ocrx_word' id='word_1_129' title='bbox 1477 1611 1686 1684; x_wconf 79' lang='grc' dir='ltr'>Μωσῆς</span> <span class='ocrx_word' id='word_1_130' title='bbox 1708 1628 1722 1644; x_wconf 77' lang='grc'><strong><em>⁸</em></strong></span> <span class='ocrx_word' id='word_1_131' title='bbox 1777 1613 1895 1666; x_wconf 87' lang='grc' dir='ltr'>Ἵνα</span> 
     </span>
    </p>
   </div>
   <div class='ocr_carea' id='block_1_18' title="bbox 271 1697 1896 1780">
    <p class='ocr_par' dir='ltr' id='par_1_18' title="bbox 271 1697 1896 1780">
     <span class='ocr_line' id='line_1_18' title="bbox 271 1697 1896 1780; baseline 0 -21"><span class='ocrx_word' id='word_1_132' title='bbox 271 1706 327 1759; x_wconf 74' lang='grc' dir='ltr'><strong>τί</strong></span> <span class='ocrx_word' id='word_1_133' title='bbox 352 1706 729 1777; x_wconf 75' lang='grc' dir='ltr'>ἐζωγρὴσατε</span> <span class='ocrx_word' id='word_1_134' title='bbox 771 1706 882 1759; x_wconf 80' lang='grc' dir='ltr'><strong>πᾶν</strong></span> <span class='ocrx_word' id='word_1_135' title='bbox 913 1703 1047 1777; x_wconf 72' lang='grc' dir='ltr'>θῆλυ</span> <span class='ocrx_word' id='word_1_136' title='bbox 1076 1724 1090 1771; x_wconf 91' lang='grc'>;</span> <span class='ocrx_word' id='word_1_137' title='bbox 1118 1697 1281 1761; x_wconf 76' lang='grc' dir='ltr'>αὗται</span> <span class='ocrx_word' id='word_1_138' title='bbox 1307 1705 1418 1780; x_wconf 85' lang='grc' dir='ltr'>γὰρ</span> <span class='ocrx_word' id='word_1_139' title='bbox 1446 1700 1590 1778; x_wconf 78' lang='grc' dir='ltr'>ἦσαν</span> <span class='ocrx_word' id='word_1_140' title='bbox 1615 1708 1728 1770; x_wconf 88' lang='grc' dir='ltr'>τοῖς</span> <span class='ocrx_word' id='word_1_141' title='bbox 1760 1707 1896 1771; x_wconf 81' lang='grc' dir='ltr'>υίοῖς</span> 
     </span>
    </p>
   </div>
   <div class='ocr_carea' id='block_1_19' title="bbox 2009 600 3601 673">
    <p class='ocr_par' dir='ltr' id='par_1_19' title="bbox 2009 600 3601 673">
     <span class='ocr_line' id='line_1_19' title="bbox 2009 600 3601 673; baseline 0.004 -19"><span class='ocrx_word' id='word_1_142' title='bbox 2009 614 2137 655; x_wconf 88' lang='lat' dir='ltr'><strong>nem</strong></span> <span class='ocrx_word' id='word_1_143' title='bbox 2188 600 2433 671; x_wconf 73' lang='lat' dir='ltr'><strong>praedam</strong></span> <span class='ocrx_word' id='word_1_144' title='bbox 2478 616 2693 667; x_wconf 87' lang='lat' dir='ltr'><strong>eorum,</strong></span> <span class='ocrx_word' id='word_1_145' title='bbox 2742 612 2800 659; x_wconf 88' lang='lat' dir='ltr'><strong>et</strong></span> <span class='ocrx_word' id='word_1_146' title='bbox 2835 602 3022 658; x_wconf 84' lang='lat' dir='ltr'><strong>omnia</strong></span> <span class='ocrx_word' id='word_1_147' title='bbox 3062 603 3238 673; x_wconf 87' lang='lat' dir='ltr'><strong>spolia</strong></span> <span class='ocrx_word' id='word_1_148' title='bbox 3279 620 3475 660; x_wconf 89' lang='lat' dir='ltr'><strong>eorum</strong></span> <span class='ocrx_word' id='word_1_149' title='bbox 3531 604 3601 660; x_wconf 87' lang='lat' dir='ltr'><strong>ab</strong></span> 
     </span>
    </p>
   </div>
   <div class='ocr_carea' id='block_1_20' title="bbox 2008 688 3602 766">
    <p class='ocr_par' dir='ltr' id='par_1_20' title="bbox 2008 688 3602 766">
     <span class='ocr_line' id='line_1_20' title="bbox 2008 688 3602 766; baseline 0.004 -22"><span class='ocrx_word' id='word_1_150' title='bbox 2008 690 2232 746; x_wconf 85' lang='lat' dir='ltr'><strong>homine</strong></span> <span class='ocrx_word' id='word_1_151' title='bbox 2259 704 2433 760; x_wconf 88' lang='lat' dir='ltr'><strong>usque</strong></span> <span class='ocrx_word' id='word_1_152' title='bbox 2455 688 2524 746; x_wconf 90' lang='lat' dir='ltr'><strong>ad</strong></span> <span class='ocrx_word' id='word_1_153' title='bbox 2564 706 2753 761; x_wconf 91' lang='lat' dir='ltr'><strong>pecus,</strong></span> <span class='ocrx_word' id='word_1_154' title='bbox 2779 700 2839 746; x_wconf 89' lang='lat' dir='ltr'><strong>et</strong></span> <span class='ocrx_word' id='word_1_155' title='bbox 2881 691 3161 747; x_wconf 82' lang='lat' dir='ltr'><strong>duxerunt</strong></span> <span class='ocrx_word' id='word_1_156' title='bbox 3196 692 3266 747; x_wconf 88' lang='lat' dir='ltr'><strong>ad</strong></span> <span class='ocrx_word' id='word_1_157' title='bbox 3301 693 3522 766; x_wconf 78' lang='lat' dir='ltr'><strong>Moysen</strong></span> <span class='ocrx_word' id='word_1_158' title='bbox 3544 709 3602 750; x_wconf 82' lang='lat' dir='ltr'><strong>et</strong></span> 
     </span>
    </p>
   </div>
   <div class='ocr_carea' id='block_1_21' title="bbox 2007 780 3599 848">
    <p class='ocr_par' dir='ltr' id='par_1_21' title="bbox 2007 780 3599 848">
     <span class='ocr_line' id='line_1_21' title="bbox 2007 780 3599 848; baseline 0.004 -12"><span class='ocrx_word' id='word_1_159' title='bbox 2007 780 2076 836; x_wconf 87' lang='lat' dir='ltr'><strong>ad</strong></span> <span class='ocrx_word' id='word_1_160' title='bbox 2121 780 2350 836; x_wconf 83' lang='lat' dir='ltr'><strong>Eleazar</strong></span> <span class='ocrx_word' id='word_1_161' title='bbox 2385 781 2755 848; x_wconf 80' lang='lat' dir='ltr'><strong>sacerdotem,</strong></span> <span class='ocrx_word' id='word_1_162' title='bbox 2796 790 2855 837; x_wconf 93' lang='lat' dir='ltr'><strong>et</strong></span> <span class='ocrx_word' id='word_1_163' title='bbox 2898 783 2966 838; x_wconf 90' lang='lat' dir='ltr'><strong>ad</strong></span> <span class='ocrx_word' id='word_1_164' title='bbox 3008 798 3204 840; x_wconf 91' lang='lat' dir='ltr'><strong>omnes</strong></span> <span class='ocrx_word' id='word_1_165' title='bbox 3243 783 3387 841; x_wconf 87' lang='lat' dir='ltr'><strong>ﬁlios</strong></span> <span class='ocrx_word' id='word_1_166' title='bbox 3432 786 3599 843; x_wconf 88' lang='lat' dir='ltr'><strong>Israel</strong></span> 
     </span>
    </p>
   </div>
   <div class='ocr_carea' id='block_1_22' title="bbox 2006 872 3598 945">
    <p class='ocr_par' dir='ltr' id='par_1_22' title="bbox 2006 872 3598 945">
     <span class='ocr_line' id='line_1_22' title="bbox 2006 872 3598 945; baseline 0.004 -17"><span class='ocrx_word' id='word_1_167' title='bbox 2006 872 2405 944; x_wconf 77' lang='lat' dir='ltr'><strong>captivitatem,</strong></span> <span class='ocrx_word' id='word_1_168' title='bbox 2426 880 2486 928; x_wconf 90' lang='lat' dir='ltr'><strong>et</strong></span> <span class='ocrx_word' id='word_1_169' title='bbox 2507 873 2682 943; x_wconf 89' lang='lat' dir='ltr'><strong>spolia</strong></span> <span class='ocrx_word' id='word_1_170' title='bbox 2707 882 2764 928; x_wconf 87' lang='lat' dir='ltr'><strong>et</strong></span> <span class='ocrx_word' id='word_1_171' title='bbox 2785 875 3029 945; x_wconf 67' lang='lat' dir='ltr'><strong>praedam</strong></span> <span class='ocrx_word' id='word_1_172' title='bbox 3060 877 3117 931; x_wconf 89' lang='lat' dir='ltr'><strong>in</strong></span> <span class='ocrx_word' id='word_1_173' title='bbox 3143 886 3343 944; x_wconf 89' lang='lat' dir='ltr'><strong>castra,</strong></span> <span class='ocrx_word' id='word_1_174' title='bbox 3368 878 3423 933; x_wconf 90' lang='lat' dir='ltr'><strong>in</strong></span> <span class='ocrx_word' id='word_1_175' title='bbox 3458 878 3598 934; x_wconf 81' lang='lat' dir='ltr'><strong>Ara-</strong></span> 
     </span>
    </p>
   </div>
   <div class='ocr_carea' id='block_1_23' title="bbox 2006 964 3599 1037">
    <p class='ocr_par' dir='ltr' id='par_1_23' title="bbox 2006 964 3599 1037">
     <span class='ocr_line' id='line_1_23' title="bbox 2006 964 3599 1037; baseline 0.005 -16"><span class='ocrx_word' id='word_1_176' title='bbox 2006 964 2145 1022; x_wconf 86' lang='lat' dir='ltr'><strong>both</strong></span> <span class='ocrx_word' id='word_1_177' title='bbox 2170 966 2349 1032; x_wconf 86' lang='lat' dir='ltr'><strong>Moab,</strong></span> <span class='ocrx_word' id='word_1_178' title='bbox 2391 981 2516 1037; x_wconf 72' lang='lat' dir='ltr'><strong>qua:</strong></span> <span class='ocrx_word' id='word_1_179' title='bbox 2545 967 2714 1021; x_wconf 89' lang='lat' dir='ltr'><strong>estin</strong></span> <span class='ocrx_word' id='word_1_180' title='bbox 2745 967 2987 1025; x_wconf 86' lang='lat' dir='ltr'><strong>Jordane</strong></span> <span class='ocrx_word' id='word_1_181' title='bbox 3031 978 3225 1025; x_wconf 82' lang='lat' dir='ltr'><strong>contra</strong></span> <span class='ocrx_word' id='word_1_182' title='bbox 3247 971 3492 1028; x_wconf 88' lang='lat' dir='ltr'><strong>Jerieho.</strong></span> <span class='ocrx_word' id='word_1_183' title='bbox 3529 973 3599 1029; x_wconf 88' lang='lat' dir='ltr'><strong>Et</strong></span> 
     </span>
    </p>
   </div>
   <div class='ocr_carea' id='block_1_24' title="bbox 2003 1058 3598 1136">
    <p class='ocr_par' dir='ltr' id='par_1_24' title="bbox 2003 1058 3598 1136">
     <span class='ocr_line' id='line_1_24' title="bbox 2003 1058 3598 1136; baseline 0.003 -20"><span class='ocrx_word' id='word_1_184' title='bbox 2003 1059 2144 1116; x_wconf 84' lang='lat' dir='ltr'><strong>exiit</strong></span> <span class='ocrx_word' id='word_1_185' title='bbox 2162 1058 2376 1133; x_wconf 83' lang='lat' dir='ltr'><strong>Moyses</strong></span> <span class='ocrx_word' id='word_1_186' title='bbox 2399 1060 2702 1117; x_wconf 88' lang='lat' dir='ltr'><strong>etEleazar</strong></span> <span class='ocrx_word' id='word_1_187' title='bbox 2723 1060 3002 1127; x_wconf 85' lang='lat' dir='ltr'><strong>sacerdos,</strong></span> <span class='ocrx_word' id='word_1_188' title='bbox 3021 1068 3077 1118; x_wconf 89' lang='lat' dir='ltr'><strong>et</strong></span> <span class='ocrx_word' id='word_1_189' title='bbox 3106 1077 3299 1120; x_wconf 91' lang='lat' dir='ltr'><strong>omnes</strong></span> <span class='ocrx_word' id='word_1_190' title='bbox 3316 1064 3598 1136; x_wconf 84' lang='lat' dir='ltr'><strong>principes</strong></span> 
     </span>
    </p>
   </div>
   <div class='ocr_carea' id='block_1_25' title="bbox 2002 1152 3599 1224">
    <p class='ocr_par' dir='ltr' id='par_1_25' title="bbox 2002 1152 3599 1224">
     <span class='ocr_line' id='line_1_25' title="bbox 2002 1152 3599 1224; baseline 0.004 -17"><span class='ocrx_word' id='word_1_191' title='bbox 2002 1166 2287 1224; x_wconf 74' lang='lat' dir='ltr'><strong>synagogas</strong></span> <span class='ocrx_word' id='word_1_192' title='bbox 2317 1152 2374 1207; x_wconf 91' lang='lat' dir='ltr'><strong>in</strong></span> <span class='ocrx_word' id='word_1_193' title='bbox 2397 1167 2694 1208; x_wconf 89' lang='lat' dir='ltr'><strong>occursum</strong></span> <span class='ocrx_word' id='word_1_194' title='bbox 2707 1167 2903 1208; x_wconf 90' lang='lat' dir='ltr'><strong>eorum</strong></span> <span class='ocrx_word' id='word_1_195' title='bbox 2937 1160 3091 1209; x_wconf 74' lang='lat' dir='ltr'><strong>extra</strong></span> <span class='ocrx_word' id='word_1_196' title='bbox 3116 1163 3317 1223; x_wconf 87' lang='lat' dir='ltr'><strong>castra,</strong></span> <span class='ocrx_word' id='word_1_197' title='bbox 3343 1163 3401 1212; x_wconf 90' lang='lat' dir='ltr'><strong>et</strong></span> <span class='ocrx_word' id='word_1_198' title='bbox 3423 1156 3599 1214; x_wconf 89' lang='lat' dir='ltr'><strong>iratus</strong></span> 
     </span>
    </p>
   </div>
   <div class='ocr_carea' id='block_1_26' title="bbox 2000 1240 3596 1316">
    <p class='ocr_par' dir='ltr' id='par_1_26' title="bbox 2000 1240 3596 1316">
     <span class='ocr_line' id='line_1_26' title="bbox 2000 1240 3596 1316; baseline 0.004 -19"><span class='ocrx_word' id='word_1_199' title='bbox 2000 1249 2086 1298; x_wconf 88' lang='lat' dir='ltr'><strong>est</strong></span> <span class='ocrx_word' id='word_1_200' title='bbox 2114 1240 2299 1297; x_wconf 89' lang='lat' dir='ltr'><strong>furore</strong></span> <span class='ocrx_word' id='word_1_201' title='bbox 2328 1242 2541 1316; x_wconf 82' lang='lat' dir='ltr'><strong>Moyses</strong></span> <span class='ocrx_word' id='word_1_202' title='bbox 2559 1250 2755 1298; x_wconf 85' lang='lat' dir='ltr'><strong>contra</strong></span> <span class='ocrx_word' id='word_1_203' title='bbox 2777 1243 3141 1314; x_wconf 83' lang='lat' dir='ltr'><strong>imperatores</strong></span> <span class='ocrx_word' id='word_1_204' title='bbox 3158 1248 3437 1303; x_wconf 80' lang='lat' dir='ltr'><strong>exercitus</strong></span> <span class='ocrx_word' id='word_1_205' title='bbox 3467 1250 3596 1304; x_wconf 90' lang='lat' dir='ltr'><strong>mil-</strong></span> 
     </span>
    </p>
   </div>
   <div class='ocr_carea' id='block_1_27' title="bbox 2000 1331 3593 1410">
    <p class='ocr_par' dir='ltr' id='par_1_27' title="bbox 2000 1331 3593 1410">
     <span class='ocr_line' id='line_1_27' title="bbox 2000 1331 3593 1410; baseline 0.007 -24"><span class='ocrx_word' id='word_1_206' title='bbox 2000 1331 2246 1389; x_wconf 90' lang='lat' dir='ltr'><strong>lenarios</strong></span> <span class='ocrx_word' id='word_1_207' title='bbox 2277 1340 2335 1388; x_wconf 91' lang='lat' dir='ltr'><strong>et</strong></span> <span class='ocrx_word' id='word_1_208' title='bbox 2363 1335 2724 1392; x_wconf 84' lang='lat' dir='ltr'><strong>centuriones</strong></span> <span class='ocrx_word' id='word_1_209' title='bbox 2760 1336 3057 1392; x_wconf 80' lang='lat' dir='ltr'><strong>venientes</strong></span> <span class='ocrx_word' id='word_1_210' title='bbox 3099 1352 3168 1392; x_wconf 82' lang='lat' dir='ltr'><strong>ex</strong></span> <span class='ocrx_word' id='word_1_211' title='bbox 3199 1354 3383 1410; x_wconf 90' lang='lat' dir='ltr'><strong>pugna</strong></span> <span class='ocrx_word' id='word_1_212' title='bbox 3423 1340 3593 1409; x_wconf 88' lang='lat' dir='ltr'><strong>belli;</strong></span> 
     </span>
    </p>
   </div>
   <div class='ocr_carea' id='block_1_28' title="bbox 1998 1424 3596 1502">
    <p class='ocr_par' dir='ltr' id='par_1_28' title="bbox 1998 1424 3596 1502">
     <span class='ocr_line' id='line_1_28' title="bbox 1998 1424 3596 1502; baseline 0.004 -20"><span class='ocrx_word' id='word_1_213' title='bbox 1998 1432 2057 1482; x_wconf 91' lang='lat' dir='ltr'><strong>et</strong></span> <span class='ocrx_word' id='word_1_214' title='bbox 2092 1424 2234 1481; x_wconf 82' lang='lat' dir='ltr'><strong>dixit</strong></span> <span class='ocrx_word' id='word_1_215' title='bbox 2261 1426 2344 1483; x_wconf 91' lang='lat' dir='ltr'><strong>eis</strong></span> <span class='ocrx_word' id='word_1_216' title='bbox 2388 1427 2630 1500; x_wconf 80' lang='lat' dir='ltr'><strong>Moyses:</strong></span> <span class='ocrx_word' id='word_1_217' title='bbox 2666 1428 2738 1485; x_wconf 90' lang='lat' dir='ltr'><strong>Ut</strong></span> <span class='ocrx_word' id='word_1_218' title='bbox 2787 1428 2922 1500; x_wconf 89' lang='lat' dir='ltr'><strong>quid</strong></span> <span class='ocrx_word' id='word_1_219' title='bbox 2948 1428 3135 1485; x_wconf 84' lang='lat' dir='ltr'><strong>vivum</strong></span> <span class='ocrx_word' id='word_1_220' title='bbox 3164 1432 3392 1502; x_wconf 84' lang='lat' dir='ltr'><strong>cepistis</strong></span> <span class='ocrx_word' id='word_1_221' title='bbox 3433 1449 3596 1490; x_wconf 86' lang='lat' dir='ltr'><strong>omne</strong></span> 
     </span>
    </p>
   </div>
   <div class='ocr_carea' id='block_1_29' title="bbox 1999 1518 3598 1597">
    <p class='ocr_par' dir='ltr' id='par_1_29' title="bbox 1999 1518 3598 1597">
     <span class='ocr_line' id='line_1_29' title="bbox 1999 1518 3598 1597; baseline 0.004 -22"><span class='ocrx_word' id='word_1_222' title='bbox 1999 1518 2372 1576; x_wconf 85' lang='lat' dir='ltr'><strong>femininum?</strong></span> <span class='ocrx_word' id='word_1_223' title='bbox 2405 1520 2501 1577; x_wconf 69' lang='lat' dir='ltr'><strong>Ila:</strong></span> <span class='ocrx_word' id='word_1_224' title='bbox 2524 1521 2674 1593; x_wconf 87' lang='lat' dir='ltr'><strong>enim</strong></span> <span class='ocrx_word' id='word_1_225' title='bbox 2696 1521 2923 1579; x_wconf 89' lang='lat' dir='ltr'><strong>fuerunt</strong></span> <span class='ocrx_word' id='word_1_226' title='bbox 2950 1522 3080 1578; x_wconf 89' lang='lat' dir='ltr'><strong>ﬁliis</strong></span> <span class='ocrx_word' id='word_1_227' title='bbox 3116 1522 3284 1579; x_wconf 90' lang='lat' dir='ltr'><strong>Israel</strong></span> <span class='ocrx_word' id='word_1_228' title='bbox 3301 1526 3454 1597; x_wconf 81' lang='lat' dir='ltr'><strong>juxta</strong></span> <span class='ocrx_word' id='word_1_229' title='bbox 3473 1540 3598 1582; x_wconf 88' lang='lat' dir='ltr'><strong>ver-</strong></span> 
     </span>
    </p>
   </div>
   <div class='ocr_carea' id='block_1_30' title="bbox 2009 1611 3599 1687">
    <p class='ocr_par' dir='ltr' id='par_1_30' title="bbox 2009 1611 3599 1687">
     <span class='ocr_line' id='line_1_30' title="bbox 2009 1611 3599 1687; baseline 0.004 -19"><span class='ocrx_word' id='word_1_230' title='bbox 2009 1611 2144 1668; x_wconf 90' lang='lat' dir='ltr'><strong>bum</strong></span> <span class='ocrx_word' id='word_1_231' title='bbox 2201 1612 2443 1681; x_wconf 84' lang='lat' dir='ltr'><strong>Balaam,</strong></span> <span class='ocrx_word' id='word_1_232' title='bbox 2500 1622 2564 1670; x_wconf 89' lang='lat' dir='ltr'><strong>ut</strong></span> <span class='ocrx_word' id='word_1_233' title='bbox 2618 1616 3028 1687; x_wconf 85' lang='lat' dir='ltr'><strong>apostataretis,</strong></span> <span class='ocrx_word' id='word_1_234' title='bbox 3059 1625 3118 1673; x_wconf 88' lang='lat' dir='ltr'><strong>et</strong></span> <span class='ocrx_word' id='word_1_235' title='bbox 3169 1621 3599 1676; x_wconf 85' lang='lat' dir='ltr'><strong>contemneretis</strong></span> 
     </span>
    </p>
   </div>
   <div class='ocr_carea' id='block_1_31' title="bbox 1996 1706 3596 1783">
    <p class='ocr_par' dir='ltr' id='par_1_31' title="bbox 1996 1706 3596 1783">
     <span class='ocr_line' id='line_1_31' title="bbox 1996 1706 3596 1783; baseline -0.001 -16"><span class='ocrx_word' id='word_1_236' title='bbox 1996 1710 2230 1767; x_wconf 78' lang='lat' dir='ltr'><strong>verbum</strong></span> <span class='ocrx_word' id='word_1_237' title='bbox 2266 1706 2487 1763; x_wconf 91' lang='lat' dir='ltr'><strong>Domini</strong></span> <span class='ocrx_word' id='word_1_238' title='bbox 2516 1714 2749 1778; x_wconf 86' lang='lat' dir='ltr'><strong>propter</strong></span> <span class='ocrx_word' id='word_1_239' title='bbox 2783 1708 3038 1779; x_wconf 81' lang='lat' dir='ltr'><strong>Phogor:</strong></span> <span class='ocrx_word' id='word_1_240' title='bbox 3075 1715 3134 1765; x_wconf 89' lang='lat' dir='ltr'><strong>et</strong></span> <span class='ocrx_word' id='word_1_241' title='bbox 3155 1708 3301 1766; x_wconf 88' lang='lat' dir='ltr'><strong>facta</strong></span> <span class='ocrx_word' id='word_1_242' title='bbox 3334 1718 3419 1766; x_wconf 92' lang='lat' dir='ltr'><strong>est</strong></span> <span class='ocrx_word' id='word_1_243' title='bbox 3438 1711 3596 1783; x_wconf 83' lang='lat' dir='ltr'><strong>plaga</strong></span> 
     </span>
    </p>
   </div>
   <div class='ocr_carea' id='block_1_32' title="bbox 285 1795 1890 1876">
    <p class='ocr_par' dir='ltr' id='par_1_32' title="bbox 285 1795 1890 1869">
     <span class='ocr_line' id='line_1_32' title="bbox 285 1795 1890 1869; baseline 0.001 -20"><span class='ocrx_word' id='word_1_244' title='bbox 285 1797 517 1868; x_wconf 76' lang='grc' dir='ltr'>Ἰσραὴλ</span> <span class='ocrx_word' id='word_1_245' title='bbox 548 1795 700 1850; x_wconf 82' lang='grc' dir='ltr'>κατά</span> <span class='ocrx_word' id='word_1_246' title='bbox 723 1795 784 1850; x_wconf 72' lang='grc' dir='ltr'><strong>τὸ</strong></span> <span class='ocrx_word' id='word_1_247' title='bbox 807 1796 961 1868; x_wconf 78' lang='grc' dir='ltr'>ῥῆμα</span> <span class='ocrx_word' id='word_1_248' title='bbox 989 1796 1238 1867; x_wconf 81' lang='grc' dir='ltr'>Βαλαὰμ,</span> <span class='ocrx_word' id='word_1_249' title='bbox 1266 1795 1360 1850; x_wconf 81' lang='grc' dir='ltr'>τοῦ</span> <span class='ocrx_word' id='word_1_250' title='bbox 1386 1796 1769 1869; x_wconf 62' lang='grc' dir='ltr'>άωστατῆσαι</span> <span class='ocrx_word' id='word_1_251' title='bbox 1798 1796 1890 1851; x_wconf 72' lang='grc' dir='ltr'>καὶ</span> 
     </span>
    </p>
   </div>
   <div class='ocr_carea' id='block_1_33' title="bbox 1994 1795 3596 1876">
    <p class='ocr_par' dir='ltr' id='par_1_33' title="bbox 1999 1799 3596 1876">
     <span class='ocr_line' id='line_1_33' title="bbox 1999 1799 3596 1876; baseline 0 -17"><span class='ocrx_word' id='word_1_252' title='bbox 1999 1803 2053 1859; x_wconf 90' lang='lat' dir='ltr'><strong>in</strong></span> <span class='ocrx_word' id='word_1_253' title='bbox 2080 1816 2353 1876; x_wconf 76' lang='lat' dir='ltr'><strong>synagoga</strong></span> <span class='ocrx_word' id='word_1_254' title='bbox 2373 1799 2591 1856; x_wconf 89' lang='lat' dir='ltr'><strong>Domini</strong></span> <span class='ocrx_word' id='word_1_255' title='bbox 2618 1817 2632 1854; x_wconf 93' lang='lat'><strong>:</strong></span> <span class='ocrx_word' id='word_1_256' title='bbox 2655 1808 2713 1857; x_wconf 92' lang='lat' dir='ltr'><strong>et</strong></span> <span class='ocrx_word' id='word_1_257' title='bbox 2738 1815 2888 1855; x_wconf 86' lang='lat' dir='ltr'><strong>nunc</strong></span> <span class='ocrx_word' id='word_1_258' title='bbox 2922 1800 3159 1856; x_wconf 85' lang='lat' dir='ltr'><strong>occidite</strong></span> <span class='ocrx_word' id='word_1_259' title='bbox 3187 1816 3352 1859; x_wconf 88' lang='lat' dir='ltr'><strong>omne</strong></span> <span class='ocrx_word' id='word_1_260' title='bbox 3376 1818 3596 1859; x_wconf 88' lang='lat' dir='ltr'><strong>mascu-</strong></span> 
     </span>
    </p>
   </div>
   <div class='ocr_carea' id='block_1_34' title="bbox 275 1870 1890 1967">
    <p class='ocr_par' dir='ltr' id='par_1_34' title="bbox 275 1884 1890 1960">
     <span class='ocr_line' id='line_1_34' title="bbox 275 1884 1890 1960; baseline 0 -18"><span class='ocrx_word' id='word_1_261' title='bbox 275 1887 567 1958; x_wconf 73' lang='grc' dir='ltr'>ὑπεριδεῖν</span> <span class='ocrx_word' id='word_1_262' title='bbox 592 1887 659 1941; x_wconf 83' lang='grc' dir='ltr'>τὸ</span> <span class='ocrx_word' id='word_1_263' title='bbox 698 1887 854 1959; x_wconf 74' lang='grc' dir='ltr'>ῥῆμα</span> <span class='ocrx_word' id='word_1_264' title='bbox 886 1887 1092 1959; x_wconf 79' lang='grc' dir='ltr'>Κυρίου</span> <span class='ocrx_word' id='word_1_265' title='bbox 1113 1925 1128 1951; x_wconf 90' lang='grc'><strong>,</strong></span> <span class='ocrx_word' id='word_1_266' title='bbox 1153 1886 1341 1941; x_wconf 74' lang='grc' dir='ltr'>ἕνεκεν</span> <span class='ocrx_word' id='word_1_267' title='bbox 1373 1884 1570 1960; x_wconf 81' lang='grc' dir='ltr'>Φογώρ</span> <span class='ocrx_word' id='word_1_268' title='bbox 1589 1899 1603 1916; x_wconf 80' lang='grc'><strong><em>⁸</em></strong></span> <span class='ocrx_word' id='word_1_269' title='bbox 1634 1888 1729 1942; x_wconf 77' lang='grc' dir='ltr'>καὶ</span> <span class='ocrx_word' id='word_1_270' title='bbox 1766 1887 1890 1958; x_wconf 86' lang='grc' dir='ltr'>ἐγέ-</span> 
     </span>
    </p>
   </div>
   <div class='ocr_carea' id='block_1_35' title="bbox 1994 1870 3595 1967">
    <p class='ocr_par' dir='ltr' id='par_1_35' title="bbox 1998 1894 3595 1967">
     <span class='ocr_line' id='line_1_35' title="bbox 1998 1894 3595 1967; baseline 0 -15"><span class='ocrx_word' id='word_1_271' title='bbox 1998 1896 2176 1952; x_wconf 89' lang='lat' dir='ltr'><strong>linum</strong></span> <span class='ocrx_word' id='word_1_272' title='bbox 2209 1896 2265 1950; x_wconf 90' lang='lat' dir='ltr'><strong>in</strong></span> <span class='ocrx_word' id='word_1_273' title='bbox 2287 1894 2437 1950; x_wconf 89' lang='lat' dir='ltr'><strong>omni</strong></span> <span class='ocrx_word' id='word_1_274' title='bbox 2464 1907 2681 1949; x_wconf 90' lang='lat' dir='ltr'><strong>summa</strong></span> <span class='ocrx_word' id='word_1_275' title='bbox 2701 1900 2761 1949; x_wconf 89' lang='lat' dir='ltr'><strong>et</strong></span> <span class='ocrx_word' id='word_1_276' title='bbox 2784 1908 3006 1951; x_wconf 87' lang='lat' dir='ltr'><strong>omnem</strong></span> <span class='ocrx_word' id='word_1_277' title='bbox 3028 1894 3471 1967; x_wconf 68' lang='lat' dir='ltr'><strong>mulierem,quae</strong></span> <span class='ocrx_word' id='word_1_278' title='bbox 3490 1912 3595 1952; x_wconf 74' lang='lat' dir='ltr'><strong>no-</strong></span> 
     </span>
    </p>
   </div>
   <div class='ocr_carea' id='block_1_36' title="bbox 275 1980 1891 2055">
    <p class='ocr_par' dir='ltr' id='par_1_36' title="bbox 275 1980 1891 2055">
     <span class='ocr_line' id='line_1_36' title="bbox 275 1980 1891 2055; baseline 0 -20"><span class='ocrx_word' id='word_1_279' title='bbox 275 1998 399 2035; x_wconf 85' lang='grc' dir='ltr'>νετο</span> <span class='ocrx_word' id='word_1_280' title='bbox 442 1983 475 2055; x_wconf 73' lang='grc' dir='ltr'>ἡ</span> <span class='ocrx_word' id='word_1_281' title='bbox 509 1980 707 2052; x_wconf 82' lang='grc' dir='ltr'>πληγὴ</span> <span class='ocrx_word' id='word_1_282' title='bbox 746 1981 806 2034; x_wconf 85' lang='grc' dir='ltr'><strong>ἐν</strong></span> <span class='ocrx_word' id='word_1_283' title='bbox 846 1981 914 2051; x_wconf 83' lang='grc' dir='ltr'>τῇ</span> <span class='ocrx_word' id='word_1_284' title='bbox 956 1981 1249 2053; x_wconf 83' lang='grc' dir='ltr'>συναγωγῇ</span> <span class='ocrx_word' id='word_1_285' title='bbox 1301 1980 1512 2052; x_wconf 79' lang='grc' dir='ltr'>Κυρίου</span> <span class='ocrx_word' id='word_1_286' title='bbox 1537 1999 1550 2013; x_wconf 91' lang='grc'><strong>·</strong></span> <span class='ocrx_word' id='word_1_287' title='bbox 1613 1980 1709 2037; x_wconf 82' lang='grc' dir='ltr'>νῦν</span> <span class='ocrx_word' id='word_1_288' title='bbox 1750 1982 1891 2036; x_wconf 83' lang='grc' dir='ltr'>ἀπο-</span> 
     </span>
    </p>
   </div>
   <div class='ocr_carea' id='block_1_37' title="bbox 273 2072 1891 2148">
    <p class='ocr_par' dir='ltr' id='par_1_37' title="bbox 273 2072 1891 2148">
     <span class='ocr_line' id='line_1_37' title="bbox 273 2072 1891 2148; baseline 0.001 -19"><span class='ocrx_word' id='word_1_289' title='bbox 273 2075 537 2129; x_wconf 81' lang='grc' dir='ltr'>κτείνατε</span> <span class='ocrx_word' id='word_1_290' title='bbox 554 2075 675 2128; x_wconf 82' lang='grc' dir='ltr'><strong>πᾶν</strong></span> <span class='ocrx_word' id='word_1_291' title='bbox 704 2072 1019 2147; x_wconf 82' lang='grc' dir='ltr'>ἀρσενικὸν,</span> <span class='ocrx_word' id='word_1_292' title='bbox 1042 2075 1101 2128; x_wconf 88' lang='grc' dir='ltr'><strong>ἐν</strong></span> <span class='ocrx_word' id='word_1_293' title='bbox 1127 2075 1278 2144; x_wconf 82' lang='grc' dir='ltr'>πάσῃ</span> <span class='ocrx_word' id='word_1_294' title='bbox 1301 2072 1574 2148; x_wconf 80' lang='grc' dir='ltr'>ἀπαρτίᾳ,</span> <span class='ocrx_word' id='word_1_295' title='bbox 1589 2074 1687 2130; x_wconf 77' lang='grc' dir='ltr'><strong>καὶ</strong></span> <span class='ocrx_word' id='word_1_296' title='bbox 1708 2077 1891 2131; x_wconf 74' lang='grc' dir='ltr'>πᾶσαν</span> 
     </span>
    </p>
   </div>
   <div class='ocr_carea' id='block_1_38' title="bbox 274 2163 1891 2237">
    <p class='ocr_par' dir='ltr' id='par_1_38' title="bbox 274 2163 1891 2237">
     <span class='ocr_line' id='line_1_38' title="bbox 274 2163 1891 2237; baseline 0.001 -18"><span class='ocrx_word' id='word_1_297' title='bbox 274 2165 545 2236; x_wconf 85' lang='grc' dir='ltr'>γυναῖκα,</span> <span class='ocrx_word' id='word_1_298' title='bbox 569 2164 699 2236; x_wconf 78' lang='grc' dir='ltr'>ἥτις</span> <span class='ocrx_word' id='word_1_299' title='bbox 731 2163 874 2233; x_wconf 76' lang='grc' dir='ltr'>ἔγνω</span> <span class='ocrx_word' id='word_1_300' title='bbox 896 2165 1087 2236; x_wconf 86' lang='grc' dir='ltr'>κοίτην</span> <span class='ocrx_word' id='word_1_301' title='bbox 1102 2164 1350 2237; x_wconf 84' lang='grc' dir='ltr'>άρσενος,</span> <span class='ocrx_word' id='word_1_302' title='bbox 1381 2165 1764 2220; x_wconf 72' lang='grc' dir='ltr'>ἀποκτείνατε*</span> <span class='ocrx_word' id='word_1_303' title='bbox 1795 2166 1891 2220; x_wconf 82' lang='grc' dir='ltr'>καὶ</span> 
     </span>
    </p>
   </div>
   <div class='ocr_carea' id='block_1_39' title="bbox 276 2253 1889 2329">
    <p class='ocr_par' dir='ltr' id='par_1_39' title="bbox 276 2253 1889 2329">
     <span class='ocr_line' id='line_1_39' title="bbox 276 2253 1889 2329; baseline 0.001 -20"><span class='ocrx_word' id='word_1_304' title='bbox 276 2258 462 2311; x_wconf 78' lang='grc' dir='ltr'>πᾶσαν</span> <span class='ocrx_word' id='word_1_305' title='bbox 510 2254 620 2328; x_wconf 82' lang='grc' dir='ltr'>τὴν</span> <span class='ocrx_word' id='word_1_306' title='bbox 668 2255 951 2329; x_wconf 86' lang='grc' dir='ltr'>ἀπαρτίαν</span> <span class='ocrx_word' id='word_1_307' title='bbox 982 2253 1093 2310; x_wconf 88' lang='grc' dir='ltr'><strong>τῶν</strong></span> <span class='ocrx_word' id='word_1_308' title='bbox 1120 2254 1427 2324; x_wconf 88' lang='grc' dir='ltr'>γυναικῶν,</span> <span class='ocrx_word' id='word_1_309' title='bbox 1467 2256 1593 2329; x_wconf 78' lang='grc' dir='ltr'>ἥτις</span> <span class='ocrx_word' id='word_1_310' title='bbox 1636 2257 1740 2311; x_wconf 83' lang='grc' dir='ltr'>οὐκ</span> <span class='ocrx_word' id='word_1_311' title='bbox 1783 2253 1889 2312; x_wconf 73' lang='grc' dir='ltr'>οἵδε</span> 
     </span>
    </p>
   </div>
   <div class='ocr_carea' id='block_1_40' title="bbox 268 2346 1889 2421">
    <p class='ocr_par' dir='ltr' id='par_1_40' title="bbox 268 2346 1889 2421">
     <span class='ocr_line' id='line_1_40' title="bbox 268 2346 1889 2421; baseline 0.002 -18"><span class='ocrx_word' id='word_1_312' title='bbox 268 2350 471 2421; x_wconf 78' lang='grc' dir='ltr'>κοίτην</span> <span class='ocrx_word' id='word_1_313' title='bbox 518 2349 761 2421; x_wconf 79' lang='grc' dir='ltr'>ἄρσενος</span> <span class='ocrx_word' id='word_1_314' title='bbox 788 2388 803 2412; x_wconf 92' lang='grc'><strong>,</strong></span> <span class='ocrx_word' id='word_1_315' title='bbox 850 2346 1174 2421; x_wconf 82' lang='grc' dir='ltr'>ζωγρήσατε</span> <span class='ocrx_word' id='word_1_316' title='bbox 1227 2349 1419 2414; x_wconf 82' lang='grc' dir='ltr'>αὑτάς.</span> <span class='ocrx_word' id='word_1_317' title='bbox 1466 2367 1485 2401; x_wconf 76' lang='grc' dir='ltr'><strong>ι</strong></span> <span class='ocrx_word' id='word_1_318' title='bbox 1533 2350 1721 2405; x_wconf 79' lang='grc' dir='ltr'>Ταῦτα</span> <span class='ocrx_word' id='word_1_319' title='bbox 1753 2351 1889 2407; x_wconf 82' lang='grc' dir='ltr'><strong>Θεοῦ</strong></span> 
     </span>
    </p>
   </div>
   <div class='ocr_carea' id='block_1_41' title="bbox 270 2439 1888 2517">
    <p class='ocr_par' dir='ltr' id='par_1_41' title="bbox 270 2439 1888 2517">
     <span class='ocr_line' id='line_1_41' title="bbox 270 2439 1888 2517; baseline 0.004 -23"><span class='ocrx_word' id='word_1_320' title='bbox 270 2440 862 2514; x_wconf 81' lang='grc' dir='ltr'>κεχρησμῳδηκότος,</span> <span class='ocrx_word' id='word_1_321' title='bbox 902 2439 1200 2495; x_wconf 81' lang='grc' dir='ltr'>ἀπόλεκτοι</span> <span class='ocrx_word' id='word_1_322' title='bbox 1238 2441 1449 2497; x_wconf 79' lang='grc' dir='ltr'>νεανίαι</span> <span class='ocrx_word' id='word_1_323' title='bbox 1481 2443 1622 2515; x_wconf 72' lang='grc' dir='ltr'>πρὸς</span> <span class='ocrx_word' id='word_1_324' title='bbox 1651 2444 1754 2517; x_wconf 83' lang='grc' dir='ltr'>τὴν</span> <span class='ocrx_word' id='word_1_325' title='bbox 1790 2443 1888 2500; x_wconf 81' lang='grc' dir='ltr'>τοῦ</span> 
     </span>
    </p>
   </div>
   <div class='ocr_carea' id='block_1_42' title="bbox 270 2532 1888 2609">
    <p class='ocr_par' dir='ltr' id='par_1_42' title="bbox 270 2532 1888 2609">
     <span class='ocr_line' id='line_1_42' title="bbox 270 2532 1888 2609; baseline 0.002 -21"><span class='ocrx_word' id='word_1_326' title='bbox 270 2536 525 2606; x_wconf 81' lang='grc' dir='ltr'>πολέμου</span> <span class='ocrx_word' id='word_1_327' title='bbox 562 2532 995 2606; x_wconf 81' lang='grc' dir='ltr'>συνεκομίζοντο</span> <span class='ocrx_word' id='word_1_328' title='bbox 1028 2533 1222 2606; x_wconf 83' lang='grc' dir='ltr'>χρείαν</span> <span class='ocrx_word' id='word_1_329' title='bbox 1242 2553 1258 2568; x_wconf 90' lang='grc'><strong>·</strong></span> <span class='ocrx_word' id='word_1_330' title='bbox 1292 2537 1390 2590; x_wconf 84' lang='grc' dir='ltr'>καὶ</span> <span class='ocrx_word' id='word_1_331' title='bbox 1410 2535 1520 2590; x_wconf 74' lang='grc' dir='ltr'>ἀπὸ</span> <span class='ocrx_word' id='word_1_332' title='bbox 1542 2537 1727 2609; x_wconf 82' lang='grc' dir='ltr'>πάσης</span> <span class='ocrx_word' id='word_1_333' title='bbox 1758 2556 1888 2592; x_wconf 85' lang='grc' dir='ltr'>συν-</span> 
     </span>
    </p>
   </div>
   <div class='ocr_carea' id='block_1_43' title="bbox 269 2627 1890 2704">
    <p class='ocr_par' dir='ltr' id='par_1_43' title="bbox 269 2627 1890 2704">
     <span class='ocr_line' id='line_1_43' title="bbox 269 2627 1890 2704; baseline 0.002 -22"><span class='ocrx_word' id='word_1_334' title='bbox 269 2631 428 2702; x_wconf 59' lang='grc' dir='ltr'>έρρει</span> <span class='ocrx_word' id='word_1_335' title='bbox 461 2629 653 2700; x_wconf 78' lang='grc' dir='ltr'>φυλῆς</span> <span class='ocrx_word' id='word_1_336' title='bbox 676 2669 692 2692; x_wconf 91' lang='grc'><strong>,</strong></span> <span class='ocrx_word' id='word_1_337' title='bbox 719 2628 783 2682; x_wconf 74' lang='grc' dir='ltr'>τὸ</span> <span class='ocrx_word' id='word_1_338' title='bbox 810 2629 894 2683; x_wconf 85' lang='grc' dir='ltr'>ὅτι</span> <span class='ocrx_word' id='word_1_339' title='bbox 930 2627 1173 2699; x_wconf 88' lang='grc' dir='ltr'>μάλιστα</span> <span class='ocrx_word' id='word_1_340' title='bbox 1223 2629 1503 2701; x_wconf 81' lang='grc' dir='ltr'>τληπαθὲς</span> <span class='ocrx_word' id='word_1_341' title='bbox 1531 2631 1627 2686; x_wconf 55' lang='grc' dir='ltr'><strong>καὶ⁵</strong></span> <span class='ocrx_word' id='word_1_342' title='bbox 1655 2631 1890 2704; x_wconf 79' lang='grc' dir='ltr'>δοκιμὼ-</span> 
     </span>
    </p>
   </div>
   <div class='ocr_carea' id='block_1_44' title="bbox 270 2720 1889 2798">
    <p class='ocr_par' dir='ltr' id='par_1_44' title="bbox 270 2720 1889 2798">
     <span class='ocr_line' id='line_1_44' title="bbox 270 2720 1889 2798; baseline 0.002 -22"><span class='ocrx_word' id='word_1_343' title='bbox 270 2740 463 2789; x_wconf 82' lang='grc' dir='ltr'>τατον,</span> <span class='ocrx_word' id='word_1_344' title='bbox 488 2722 594 2781; x_wconf 33' lang='grc' dir='ltr'>«ἵνα</span> <span class='ocrx_word' id='word_1_345' title='bbox 613 2723 675 2775; x_wconf 83' lang='grc' dir='ltr'>τὸ</span> <span class='ocrx_word' id='word_1_346' title='bbox 704 2720 798 2791; x_wconf 83' lang='grc' dir='ltr'><strong>ἀφ’</strong></span> <span class='ocrx_word' id='word_1_347' title='bbox 823 2721 1067 2793; x_wconf 78' lang='grc' dir='ltr'>ἑκάστης</span> <span class='ocrx_word' id='word_1_348' title='bbox 1095 2722 1440 2796; x_wconf 80' lang='grc' dir='ltr'>εὐδοκιμοῦν,</span> <span class='ocrx_word' id='word_1_349' title='bbox 1471 2723 1700 2797; x_wconf 76' lang='grc' dir='ltr'>αὔχημα</span> <span class='ocrx_word' id='word_1_350' title='bbox 1725 2726 1889 2798; x_wconf 79' lang='grc' dir='ltr'>γένη-</span> 
     </span>
    </p>
   </div>
   <div class='ocr_carea' id='block_1_45' title="bbox 273 2814 1891 2890">
    <p class='ocr_par' dir='ltr' id='par_1_45' title="bbox 273 2814 1891 2890">
     <span class='ocr_line' id='line_1_45' title="bbox 273 2814 1891 2890; baseline 0.002 -21"><span class='ocrx_word' id='word_1_351' title='bbox 273 2834 364 2870; x_wconf 81' lang='grc' dir='ltr'><strong>ται</strong></span> <span class='ocrx_word' id='word_1_352' title='bbox 407 2814 511 2869; x_wconf 74' lang='grc' dir='ltr'>τοῦ</span> <span class='ocrx_word' id='word_1_353' title='bbox 556 2814 804 2881; x_wconf 81' lang='grc' dir='ltr'>παντὸς,</span> <span class='ocrx_word' id='word_1_354' title='bbox 854 2815 953 2869; x_wconf 76' lang='grc' dir='ltr'>καὶ</span> <span class='ocrx_word' id='word_1_355' title='bbox 985 2816 1019 2886; x_wconf 80' lang='grc' dir='ltr'>ἡ</span> <span class='ocrx_word' id='word_1_356' title='bbox 1063 2815 1161 2869; x_wconf 80' lang='grc' dir='ltr'><strong>τοῦ</strong></span> <span class='ocrx_word' id='word_1_357' title='bbox 1199 2816 1400 2889; x_wconf 82' lang='grc' dir='ltr'>μέρους</span> <span class='ocrx_word' id='word_1_358' title='bbox 1449 2817 1778 2890; x_wconf 81' lang='grc' dir='ltr'>λαμπρότης</span> <span class='ocrx_word' id='word_1_359' title='bbox 1810 2822 1891 2884; x_wconf 81' lang='grc' dir='ltr'><strong>είς</strong></span> 
     </span>
    </p>
   </div>
   <div class='ocr_carea' id='block_1_46' title="bbox 273 2906 1891 2983">
    <p class='ocr_par' dir='ltr' id='par_1_46' title="bbox 273 2906 1891 2983">
     <span class='ocr_line' id='line_1_46' title="bbox 273 2906 1891 2983; baseline 0.002 -21"><span class='ocrx_word' id='word_1_360' title='bbox 273 2908 397 2962; x_wconf 73' lang='grc' dir='ltr'>ελον</span> <span class='ocrx_word' id='word_1_361' title='bbox 427 2909 505 2963; x_wconf 74' lang='grc' dir='ltr'>τοι</span> <span class='ocrx_word' id='word_1_362' title='bbox 542 2908 607 2963; x_wconf 73' lang='grc' dir='ltr'>τὸ</span> <span class='ocrx_word' id='word_1_363' title='bbox 637 2906 944 2980; x_wconf 79' lang='grc' dir='ltr'>πλήρωμα,</span> <span class='ocrx_word' id='word_1_364' title='bbox 977 2907 1120 2962; x_wconf 73' lang='grc' dir='ltr'>κατά</span> <span class='ocrx_word' id='word_1_365' title='bbox 1150 2924 1215 2977; x_wconf 90' lang='grc' dir='ltr'><strong>γε</strong></span> <span class='ocrx_word' id='word_1_366' title='bbox 1239 2909 1303 2962; x_wconf 79' lang='grc' dir='ltr'>τὸ</span> <span class='ocrx_word' id='word_1_367' title='bbox 1332 2909 1439 2963; x_wconf 83' lang='grc' dir='ltr'><strong>ὑπὸ</strong></span> <span class='ocrx_word' id='word_1_368' title='bbox 1467 2910 1685 2966; x_wconf 83' lang='grc' dir='ltr'>Παύλου</span> <span class='ocrx_word' id='word_1_369' title='bbox 1710 2911 1891 2983; x_wconf 82' lang='grc' dir='ltr'>σοφῶς</span> 
     </span>
    </p>
   </div>
   <div class='ocr_carea' id='block_1_47' title="bbox 280 2999 1889 3075">
    <p class='ocr_par' dir='ltr' id='par_1_47' title="bbox 280 2999 1889 3075">
     <span class='ocr_line' id='line_1_47' title="bbox 280 2999 1889 3075; baseline 0.004 -22"><span class='ocrx_word' id='word_1_370' title='bbox 280 3000 610 3073; x_wconf 59' lang='grc' dir='ltr'>εἰρημένον</span> <span class='ocrx_word' id='word_1_371' title='bbox 655 3019 674 3053; x_wconf 75' lang='grc' dir='ltr'><strong>ι</strong></span> <span class='ocrx_word' id='word_1_372' title='bbox 722 3000 849 3054; x_wconf 67' lang='lat' dir='ltr'><strong>Ehe</strong></span> <span class='ocrx_word' id='word_1_373' title='bbox 884 3000 997 3070; x_wconf 83' lang='grc' dir='ltr'><strong>γὰρ</strong></span> <span class='ocrx_word' id='word_1_374' title='bbox 1034 2999 1235 3071; x_wconf 80' lang='grc' dir='ltr'>πάσχει</span> <span class='ocrx_word' id='word_1_375' title='bbox 1267 3001 1325 3055; x_wconf 85' lang='grc' dir='ltr'>ἓν</span> <span class='ocrx_word' id='word_1_376' title='bbox 1353 3002 1537 3073; x_wconf 82' lang='grc' dir='ltr'>μέλος,</span> <span class='ocrx_word' id='word_1_377' title='bbox 1574 3003 1889 3075; x_wconf 85' lang='grc' dir='ltr'>συμπάσχει</span> 
     </span>
    </p>
   </div>
   <div class='ocr_carea' id='block_1_48' title="bbox 285 3092 1885 3170">
    <p class='ocr_par' dir='ltr' id='par_1_48' title="bbox 285 3092 1885 3170">
     <span class='ocr_line' id='line_1_48' title="bbox 285 3092 1885 3170; baseline 0.002 -21"><span class='ocrx_word' id='word_1_378' title='bbox 285 3096 469 3150; x_wconf 80' lang='grc' dir='ltr'>πάντα</span> <span class='ocrx_word' id='word_1_379' title='bbox 510 3093 590 3148; x_wconf 70' lang='grc' dir='ltr'>τὰ</span> <span class='ocrx_word' id='word_1_380' title='bbox 618 3092 797 3166; x_wconf 69' lang='grc' dir='ltr'>μέλη*</span> <span class='ocrx_word' id='word_1_381' title='bbox 830 3093 944 3148; x_wconf 74' lang='grc' dir='ltr'>εἴτε</span> <span class='ocrx_word' id='word_1_382' title='bbox 968 3093 1254 3159; x_wconf 76' lang='grc' dir='ltr'>δοξάζεται</span> <span class='ocrx_word' id='word_1_383' title='bbox 1280 3094 1338 3149; x_wconf 83' lang='grc' dir='ltr'>ἓν</span> <span class='ocrx_word' id='word_1_384' title='bbox 1374 3094 1558 3166; x_wconf 84' lang='grc' dir='ltr'>μέλος,</span> <span class='ocrx_word' id='word_1_385' title='bbox 1596 3098 1885 3170; x_wconf 84' lang='grc' dir='ltr'>συγχαίρει</span> 
     </span>
    </p>
   </div>
   <div class='ocr_carea' id='block_1_49' title="bbox 283 3187 758 3261">
    <p class='ocr_par' dir='ltr' id='par_1_49' title="bbox 283 3187 758 3261">
     <span class='ocr_line' id='line_1_49' title="bbox 283 3187 758 3261; baseline -0.004 -19"><span class='ocrx_word' id='word_1_386' title='bbox 283 3187 466 3242; x_wconf 87' lang='grc' dir='ltr'>πάντα</span> <span class='ocrx_word' id='word_1_387' title='bbox 496 3188 570 3242; x_wconf 79' lang='grc' dir='ltr'>τὰ</span> <span class='ocrx_word' id='word_1_388' title='bbox 596 3187 758 3261; x_wconf 85' lang='grc' dir='ltr'>μέλη.</span> 
     </span>
    </p>
   </div>
   <div class='ocr_carea' id='block_1_50' title="bbox 349 3280 1067 3353">
    <p class='ocr_par' dir='ltr' id='par_1_50' title="bbox 349 3280 1067 3353">
     <span class='ocr_line' id='line_1_50' title="bbox 349 3280 1067 3353; baseline 0.001 -18"><span class='ocrx_word' id='word_1_389' title='bbox 349 3280 547 3335; x_wconf 76' lang='grc' dir='ltr'><strong>ΠᾹΛΛ</strong></span> <span class='ocrx_word' id='word_1_390' title='bbox 559 3320 574 3334; x_wconf 93' lang='grc'><strong>.</strong></span> <span class='ocrx_word' id='word_1_391' title='bbox 617 3280 829 3352; x_wconf 84' lang='grc' dir='ltr'>Ὀρθῶς</span> <span class='ocrx_word' id='word_1_392' title='bbox 857 3281 1067 3353; x_wconf 79' lang='grc' dir='ltr'>διανοῇ.</span> 
     </span>
    </p>
   </div>
   <div class='ocr_carea' id='block_1_51' title="bbox 351 3372 1891 3446">
    <p class='ocr_par' dir='ltr' id='par_1_51' title="bbox 351 3372 1891 3446">
     <span class='ocr_line' id='line_1_51' title="bbox 351 3372 1891 3446; baseline 0.001 -21"><span class='ocrx_word' id='word_1_393' title='bbox 351 3373 525 3426; x_wconf 77' lang='grc' dir='ltr'><strong>ΚιῬ.</strong></span> <span class='ocrx_word' id='word_1_394' title='bbox 570 3372 1063 3445; x_wconf 82' lang='grc' dir='ltr'>Κατεστρατεύετο</span> <span class='ocrx_word' id='word_1_395' title='bbox 1093 3372 1280 3427; x_wconf 85' lang='grc' dir='ltr'>τοίνυν</span> <span class='ocrx_word' id='word_1_396' title='bbox 1318 3372 1429 3426; x_wconf 85' lang='grc' dir='ltr'><strong>τῶν</strong></span> <span class='ocrx_word' id='word_1_397' title='bbox 1464 3372 1816 3444; x_wconf 84' lang='grc' dir='ltr'>Μαδιηναίων</span> <span class='ocrx_word' id='word_1_398' title='bbox 1854 3375 1891 3446; x_wconf 79' lang='grc' dir='ltr'>ή</span> 
     </span>
    </p>
   </div>
   <div class='ocr_carea' id='block_1_52' title="bbox 279 3467 1892 3541">
    <p class='ocr_par' dir='ltr' id='par_1_52' title="bbox 279 3467 1892 3541">
     <span class='ocr_line' id='line_1_52' title="bbox 279 3467 1892 3541; baseline 0 -19"><span class='ocrx_word' id='word_1_399' title='bbox 279 3470 389 3522; x_wconf 84' lang='grc' dir='ltr'><strong>τῶν</strong></span> <span class='ocrx_word' id='word_1_400' title='bbox 423 3469 755 3524; x_wconf 83' lang='grc' dir='ltr'>άπολέκτων</span> <span class='ocrx_word' id='word_1_401' title='bbox 804 3469 1171 3540; x_wconf 85' lang='grc' dir='ltr'>ἁλκιμωτάτη</span> <span class='ocrx_word' id='word_1_402' title='bbox 1209 3467 1423 3541; x_wconf 82' lang='grc' dir='ltr'>πληθὺς</span> <span class='ocrx_word' id='word_1_403' title='bbox 1446 3508 1462 3534; x_wconf 93' lang='grc'><strong>,</strong></span> <span class='ocrx_word' id='word_1_404' title='bbox 1502 3468 1754 3532; x_wconf 81' lang='grc' dir='ltr'>συνόντος</span> <span class='ocrx_word' id='word_1_405' title='bbox 1791 3469 1892 3524; x_wconf 72' lang='grc' dir='ltr'><strong>αὑ⁹</strong></span> 
     </span>
    </p>
   </div>
   <div class='ocr_carea' id='block_1_53' title="bbox 281 3560 1888 3635">
    <p class='ocr_par' dir='ltr' id='par_1_53' title="bbox 281 3560 1888 3635">
     <span class='ocr_line' id='line_1_53' title="bbox 281 3560 1888 3635; baseline -0.001 -19"><span class='ocrx_word' id='word_1_406' title='bbox 281 3566 395 3627; x_wconf 75' lang='grc' dir='ltr'>τοῖς</span> <span class='ocrx_word' id='word_1_407' title='bbox 428 3562 622 3628; x_wconf 79' lang='grc' dir='ltr'>Φινεές</span> <span class='ocrx_word' id='word_1_408' title='bbox 653 3580 713 3616; x_wconf 84' lang='grc' dir='ltr'><strong>τε</strong></span> <span class='ocrx_word' id='word_1_409' title='bbox 747 3562 845 3616; x_wconf 81' lang='grc' dir='ltr'><strong>τοῦ</strong></span> <span class='ocrx_word' id='word_1_410' title='bbox 875 3562 1069 3635; x_wconf 87' lang='grc' dir='ltr'>ἱερέως</span> <span class='ocrx_word' id='word_1_411' title='bbox 1088 3602 1103 3627; x_wconf 88' lang='grc'><strong>,</strong></span> <span class='ocrx_word' id='word_1_412' title='bbox 1157 3560 1252 3616; x_wconf 77' lang='grc' dir='ltr'>καὶ</span> <span class='ocrx_word' id='word_1_413' title='bbox 1288 3560 1399 3614; x_wconf 89' lang='grc' dir='ltr'><strong>τῶν</strong></span> <span class='ocrx_word' id='word_1_414' title='bbox 1431 3560 1605 3631; x_wconf 85' lang='grc' dir='ltr'>ἁγίων</span> <span class='ocrx_word' id='word_1_415' title='bbox 1635 3560 1846 3614; x_wconf 84' lang='grc' dir='ltr'>σκευῶν</span> <span class='ocrx_word' id='word_1_416' title='bbox 1873 3601 1888 3627; x_wconf 92' lang='grc'><strong>,</strong></span> 
     </span>
    </p>
   </div>
   <div class='ocr_carea' id='block_1_54' title="bbox 283 3654 1889 3728">
    <p class='ocr_par' dir='ltr' id='par_1_54' title="bbox 283 3654 1889 3728">
     <span class='ocr_line' id='line_1_54' title="bbox 283 3654 1889 3728; baseline 0.001 -19"><span class='ocrx_word' id='word_1_417' title='bbox 283 3657 376 3710; x_wconf 77' lang='grc' dir='ltr'>καὶ</span> <span class='ocrx_word' id='word_1_418' title='bbox 405 3655 516 3728; x_wconf 75' lang='grc' dir='ltr'>μὴν</span> <span class='ocrx_word' id='word_1_419' title='bbox 550 3657 650 3711; x_wconf 75' lang='grc' dir='ltr'>καὶ</span> <span class='ocrx_word' id='word_1_420' title='bbox 681 3656 1022 3725; x_wconf 85' lang='grc' dir='ltr'>σαλπίγγων,</span> <span class='ocrx_word' id='word_1_421' title='bbox 1058 3654 1167 3709; x_wconf 87' lang='grc' dir='ltr'><strong>τῶν</strong></span> <span class='ocrx_word' id='word_1_422' title='bbox 1196 3654 1546 3727; x_wconf 82' lang='grc' dir='ltr'>καλουμένων</span> <span class='ocrx_word' id='word_1_423' title='bbox 1577 3654 1889 3726; x_wconf 86' lang='grc' dir='ltr'>σημασιῶν.</span> 
     </span>
    </p>
   </div>
   <div class='ocr_carea' id='block_1_55' title="bbox 284 3744 1891 3821">
    <p class='ocr_par' dir='ltr' id='par_1_55' title="bbox 284 3744 1891 3821">
     <span class='ocr_line' id='line_1_55' title="bbox 284 3744 1891 3821; baseline -0.002 -20"><span class='ocrx_word' id='word_1_424' title='bbox 284 3749 393 3802; x_wconf 73' lang='grc' dir='ltr'><strong>Καὶ</strong></span> <span class='ocrx_word' id='word_1_425' title='bbox 428 3744 549 3821; x_wconf 81' lang='grc' dir='ltr'><strong>γάρ</strong></span> <span class='ocrx_word' id='word_1_426' title='bbox 582 3749 734 3801; x_wconf 85' lang='grc' dir='ltr'>ἐστιν</span> <span class='ocrx_word' id='word_1_427' title='bbox 768 3747 858 3801; x_wconf 77' lang='grc' dir='ltr'><strong>ἀεὶ</strong></span> <span class='ocrx_word' id='word_1_428' title='bbox 894 3746 1161 3809; x_wconf 85' lang='grc' dir='ltr'>σύνοπλός</span> <span class='ocrx_word' id='word_1_429' title='bbox 1192 3763 1253 3798; x_wconf 90' lang='grc' dir='ltr'><strong>τε</strong></span> <span class='ocrx_word' id='word_1_430' title='bbox 1288 3745 1384 3799; x_wconf 70' lang='grc' dir='ltr'>καὶ</span> <span class='ocrx_word' id='word_1_431' title='bbox 1418 3744 1891 3816; x_wconf 87' lang='grc' dir='ltr'>συμπαραστάτης</span> 
     </span>
    </p>
   </div>
   <div class='ocr_carea' id='block_1_56' title="bbox 282 3836 1891 3914">
    <p class='ocr_par' dir='ltr' id='par_1_56' title="bbox 282 3836 1891 3914">
     <span class='ocr_line' id='line_1_56' title="bbox 282 3836 1891 3914; baseline -0.004 -19"><span class='ocrx_word' id='word_1_432' title='bbox 282 3845 393 3907; x_wconf 81' lang='grc' dir='ltr'>τοῖς</span> <span class='ocrx_word' id='word_1_433' title='bbox 429 3841 848 3914; x_wconf 80' lang='grc' dir='ltr'>ἀνδριζομένοις</span> <span class='ocrx_word' id='word_1_434' title='bbox 874 3841 903 3893; x_wconf 84' lang='grc' dir='ltr'>ὁ</span> <span class='ocrx_word' id='word_1_435' title='bbox 938 3840 1176 3912; x_wconf 81' lang='grc' dir='ltr'>Χριστὸς</span> <span class='ocrx_word' id='word_1_436' title='bbox 1202 3878 1217 3903; x_wconf 91' lang='grc'><strong>,</strong></span> <span class='ocrx_word' id='word_1_437' title='bbox 1251 3839 1281 3892; x_wconf 84' lang='grc' dir='ltr'><strong>ὁ</strong></span> <span class='ocrx_word' id='word_1_438' title='bbox 1312 3836 1488 3909; x_wconf 88' lang='grc' dir='ltr'>μέγας</span> <span class='ocrx_word' id='word_1_439' title='bbox 1521 3836 1679 3908; x_wconf 77' lang='grc' dir='ltr'>ἡμῶν</span> <span class='ocrx_word' id='word_1_440' title='bbox 1702 3837 1891 3909; x_wconf 85' lang='grc' dir='ltr'>ἀρχιε-</span> 
     </span>
    </p>
   </div>
   <div class='ocr_carea' id='block_1_57' title="bbox 287 3931 1889 4006">
    <p class='ocr_par' dir='ltr' id='par_1_57' title="bbox 287 3931 1889 4006">
     <span class='ocr_line' id='line_1_57' title="bbox 287 3931 1889 4006; baseline -0.002 -17"><span class='ocrx_word' id='word_1_441' title='bbox 287 3936 437 4006; x_wconf 81' lang='grc' dir='ltr'>ρεύς·</span> <span class='ocrx_word' id='word_1_442' title='bbox 477 3933 811 3989; x_wconf 84' lang='grc' dir='ltr'>συναθλοῦσι</span> <span class='ocrx_word' id='word_1_443' title='bbox 836 3934 893 3988; x_wconf 83' lang='grc' dir='ltr'><strong>δὲ</strong></span> <span class='ocrx_word' id='word_1_444' title='bbox 916 3934 1010 3987; x_wconf 74' lang='grc' dir='ltr'>καὶ</span> <span class='ocrx_word' id='word_1_445' title='bbox 1029 3932 1276 4002; x_wconf 80' lang='grc' dir='ltr'>ἄγγελοι,</span> <span class='ocrx_word' id='word_1_446' title='bbox 1308 3931 1560 4002; x_wconf 86' lang='grc' dir='ltr'>καθάπερ</span> <span class='ocrx_word' id='word_1_447' title='bbox 1586 3932 1645 3983; x_wconf 87' lang='grc' dir='ltr'><strong>ἐν</strong></span> <span class='ocrx_word' id='word_1_448' title='bbox 1670 3932 1889 3985; x_wconf 85' lang='grc' dir='ltr'>σκεύεσι</span> 
     </span>
    </p>
   </div>
   <div class='ocr_carea' id='block_1_58' title="bbox 281 4022 1890 4098">
    <p class='ocr_par' dir='ltr' id='par_1_58' title="bbox 281 4022 1890 4098">
     <span class='ocr_line' id='line_1_58' title="bbox 281 4022 1890 4098; baseline -0.003 -17"><span class='ocrx_word' id='word_1_449' title='bbox 281 4032 396 4092; x_wconf 76' lang='grc' dir='ltr'>τοῖς</span> <span class='ocrx_word' id='word_1_450' title='bbox 427 4028 612 4097; x_wconf 82' lang='grc' dir='ltr'>ἁγίοις</span> <span class='ocrx_word' id='word_1_451' title='bbox 643 4024 1096 4098; x_wconf 80' lang='grc' dir='ltr'>ὑποδηλούμενοι.</span> <span class='ocrx_word' id='word_1_452' title='bbox 1138 4025 1320 4097; x_wconf 81' lang='grc' dir='ltr'>Σκεύη</span> <span class='ocrx_word' id='word_1_453' title='bbox 1351 4024 1459 4097; x_wconf 82' lang='grc' dir='ltr'>γὰρ</span> <span class='ocrx_word' id='word_1_454' title='bbox 1489 4023 1621 4093; x_wconf 68' lang='lat' dir='ltr'><strong>am</strong></span> <span class='ocrx_word' id='word_1_455' title='bbox 1651 4024 1747 4079; x_wconf 70' lang='lat' dir='ltr'><strong>acati.</strong></span> <span class='ocrx_word' id='word_1_456' title='bbox 1778 4022 1890 4077; x_wconf 84' lang='grc' dir='ltr'>λει-</span> 
     </span>
    </p>
   </div>
   <div class='ocr_carea' id='block_1_59' title="bbox 282 4115 1889 4194">
    <p class='ocr_par' dir='ltr' id='par_1_59' title="bbox 282 4115 1889 4194">
     <span class='ocr_line' id='line_1_59' title="bbox 282 4115 1889 4194; baseline -0.007 -17"><span class='ocrx_word' id='word_1_457' title='bbox 282 4122 581 4194; x_wconf 80' lang='grc' dir='ltr'>τουργικὰ,</span> <span class='ocrx_word' id='word_1_458' title='bbox 622 4120 695 4175; x_wconf 84' lang='grc' dir='ltr'>τὰ</span> <span class='ocrx_word' id='word_1_459' title='bbox 723 4124 783 4175; x_wconf 80' lang='grc' dir='ltr'><strong>ἐν</strong></span> <span class='ocrx_word' id='word_1_460' title='bbox 812 4119 1032 4194; x_wconf 82' lang='grc' dir='ltr'>οὐρανῷ</span> <span class='ocrx_word' id='word_1_461' title='bbox 1059 4117 1256 4188; x_wconf 85' lang='grc' dir='ltr'>λογικὰ</span> <span class='ocrx_word' id='word_1_462' title='bbox 1288 4115 1598 4188; x_wconf 83' lang='grc' dir='ltr'>πνεύματα·</span> <span class='ocrx_word' id='word_1_463' title='bbox 1630 4115 1889 4169; x_wconf 86' lang='grc' dir='ltr'>τέτακται</span> 
     </span>
    </p>
   </div>
   <div class='ocr_carea' id='block_1_60' title="bbox 283 4205 1890 4287">
    <p class='ocr_par' dir='ltr' id='par_1_60' title="bbox 283 4205 1890 4287">
     <span class='ocr_line' id='line_1_60' title="bbox 283 4205 1890 4287; baseline -0.007 -17"><span class='ocrx_word' id='word_1_464' title='bbox 283 4215 393 4287; x_wconf 82' lang='grc' dir='ltr'>γὰρ</span> <span class='ocrx_word' id='word_1_465' title='bbox 433 4213 593 4286; x_wconf 79' lang='grc' dir='ltr'>παρὰ</span> <span class='ocrx_word' id='word_1_466' title='bbox 632 4211 771 4267; x_wconf 85' lang='grc' dir='ltr'><strong>Θεοῦ</strong></span> <span class='ocrx_word' id='word_1_467' title='bbox 820 4212 962 4283; x_wconf 79' lang='grc' dir='ltr'>πρὸς</span> <span class='ocrx_word' id='word_1_468' title='bbox 994 4210 1318 4283; x_wconf 77' lang='grc' dir='ltr'>ἐπικουρίαν</span> <span class='ocrx_word' id='word_1_469' title='bbox 1349 4208 1531 4282; x_wconf 82' lang='grc' dir='ltr'>ἡμῶν.</span> <span class='ocrx_word' id='word_1_470' title='bbox 1568 4207 1801 4279; x_wconf 83' lang='grc' dir='ltr'>Πάρεισι</span> <span class='ocrx_word' id='word_1_471' title='bbox 1831 4205 1890 4259; x_wconf 81' lang='grc' dir='ltr'><strong>δὲ</strong></span> 
     </span>
    </p>
   </div>
   <div class='ocr_carea' id='block_1_61' title="bbox 282 4298 1890 4381">
    <p class='ocr_par' dir='ltr' id='par_1_61' title="bbox 282 4298 1890 4381">
     <span class='ocr_line' id='line_1_61' title="bbox 282 4298 1890 4381; baseline -0.009 -18"><span class='ocrx_word' id='word_1_472' title='bbox 282 4310 437 4363; x_wconf 77' lang='grc' dir='ltr'>οὐδὲν</span> <span class='ocrx_word' id='word_1_473' title='bbox 474 4303 645 4381; x_wconf 84' lang='grc' dir='ltr'>ἦττον</span> <span class='ocrx_word' id='word_1_474' title='bbox 681 4307 777 4361; x_wconf 79' lang='grc' dir='ltr'><strong>καὶ</strong></span> <span class='ocrx_word' id='word_1_475' title='bbox 805 4306 863 4360; x_wconf 81' lang='grc' dir='ltr'>αἱ</span> <span class='ocrx_word' id='word_1_476' title='bbox 901 4304 1208 4372; x_wconf 85' lang='grc' dir='ltr'>σάλπιγγες</span> <span class='ocrx_word' id='word_1_477' title='bbox 1235 4301 1347 4357; x_wconf 88' lang='grc' dir='ltr'><strong>τῶν</strong></span> <span class='ocrx_word' id='word_1_478' title='bbox 1373 4298 1664 4371; x_wconf 86' lang='grc' dir='ltr'>σημασιῶν</span> <span class='ocrx_word' id='word_1_479' title='bbox 1683 4341 1698 4367; x_wconf 83' lang='grc'><strong>,</strong></span> <span class='ocrx_word' id='word_1_480' title='bbox 1731 4314 1890 4351; x_wconf 78' lang='grc' dir='ltr'>τουτ-</span> 
     </span>
    </p>
   </div>
   <div class='ocr_carea' id='block_1_62' title="bbox 284 4390 1888 4471">
    <p class='ocr_par' dir='ltr' id='par_1_62' title="bbox 284 4390 1888 4471">
     <span class='ocr_line' id='line_1_62' title="bbox 284 4390 1888 4471; baseline -0.008 -15"><span class='ocrx_word' id='word_1_481' title='bbox 284 4402 401 4456; x_wconf 83' lang='grc' dir='ltr'>έστι</span> <span class='ocrx_word' id='word_1_482' title='bbox 439 4401 556 4455; x_wconf 88' lang='grc' dir='ltr'><strong>τῶν</strong></span> <span class='ocrx_word' id='word_1_483' title='bbox 592 4399 880 4471; x_wconf 86' lang='grc' dir='ltr'>θεηγόρων</span> <span class='ocrx_word' id='word_1_484' title='bbox 922 4397 973 4451; x_wconf 79' lang='grc' dir='ltr'>οι</span> <span class='ocrx_word' id='word_1_485' title='bbox 1020 4396 1207 4465; x_wconf 82' lang='grc' dir='ltr'>λόγοι,</span> <span class='ocrx_word' id='word_1_486' title='bbox 1259 4393 1321 4447; x_wconf 85' lang='grc' dir='ltr'>τὸ</span> <span class='ocrx_word' id='word_1_487' title='bbox 1359 4392 1484 4446; x_wconf 88' lang='grc' dir='ltr'>τίνα</span> <span class='ocrx_word' id='word_1_488' title='bbox 1529 4391 1637 4463; x_wconf 80' lang='grc' dir='ltr'>χρὴ</span> <span class='ocrx_word' id='word_1_489' title='bbox 1684 4390 1888 4461; x_wconf 87' lang='grc' dir='ltr'>τρόπον</span> 
     </span>
    </p>
   </div>
   <div class='ocr_carea' id='block_1_63' title="bbox 283 4481 1886 4565">
    <p class='ocr_par' dir='ltr' id='par_1_63' title="bbox 283 4481 1886 4565">
     <span class='ocr_line' id='line_1_63' title="bbox 283 4481 1886 4565; baseline -0.009 -16"><span class='ocrx_word' id='word_1_490' title='bbox 283 4491 757 4565; x_wconf 77' lang='grc' dir='ltr'>κατανδρίζεσθαι</span> <span class='ocrx_word' id='word_1_491' title='bbox 788 4489 901 4544; x_wconf 89' lang='grc' dir='ltr'><strong>τῶν</strong></span> <span class='ocrx_word' id='word_1_492' title='bbox 922 4487 1159 4562; x_wconf 79' lang='grc' dir='ltr'>ἐχθρῶν,</span> <span class='ocrx_word' id='word_1_493' title='bbox 1190 4487 1312 4559; x_wconf 68' lang='grc' dir='ltr'>ἦτοι</span> <span class='ocrx_word' id='word_1_494' title='bbox 1331 4484 1442 4538; x_wconf 89' lang='grc' dir='ltr'><strong>τῶν</strong></span> <span class='ocrx_word' id='word_1_495' title='bbox 1463 4484 1522 4537; x_wconf 84' lang='grc' dir='ltr'><strong>ἐν</strong></span> <span class='ocrx_word' id='word_1_496' title='bbox 1550 4484 1684 4554; x_wconf 83' lang='grc' dir='ltr'>ἡμῖν</span> <span class='ocrx_word' id='word_1_497' title='bbox 1715 4481 1886 4535; x_wconf 75' lang='grc' dir='ltr'>ὄντων</span> 
     </span>
    </p>
   </div>
   <div class='ocr_carea' id='block_1_64' title="bbox 1999 1988 3595 2055">
    <p class='ocr_par' dir='ltr' id='par_1_64' title="bbox 1999 1988 3595 2055">
     <span class='ocr_line' id='line_1_64' title="bbox 1999 1988 3595 2055; baseline 0.003 -11"><span class='ocrx_word' id='word_1_498' title='bbox 1999 1990 2083 2044; x_wconf 86' lang='lat' dir='ltr'><strong>vit</strong></span> <span class='ocrx_word' id='word_1_499' title='bbox 2117 1989 2327 2046; x_wconf 90' lang='lat' dir='ltr'><strong>lectum</strong></span> <span class='ocrx_word' id='word_1_500' title='bbox 2364 1988 2636 2055; x_wconf 87' lang='lat' dir='ltr'><strong>masculi;</strong></span> <span class='ocrx_word' id='word_1_501' title='bbox 2681 1988 2922 2044; x_wconf 85' lang='lat' dir='ltr'><strong>occidite</strong></span> <span class='ocrx_word' id='word_1_502' title='bbox 2960 1996 3018 2044; x_wconf 90' lang='lat' dir='ltr'><strong>et</strong></span> <span class='ocrx_word' id='word_1_503' title='bbox 3068 2004 3289 2045; x_wconf 91' lang='lat' dir='ltr'><strong>omnem</strong></span> <span class='ocrx_word' id='word_1_504' title='bbox 3322 2006 3595 2047; x_wconf 86' lang='lat' dir='ltr'><strong>summam</strong></span> 
     </span>
    </p>
   </div>
   <div class='ocr_carea' id='block_1_65' title="bbox 1999 2082 3597 2155">
    <p class='ocr_par' dir='ltr' id='par_1_65' title="bbox 1999 2082 3597 2155">
     <span class='ocr_line' id='line_1_65' title="bbox 1999 2082 3597 2155; baseline 0.001 -16"><span class='ocrx_word' id='word_1_505' title='bbox 1999 2082 2335 2155; x_wconf 81' lang='lat' dir='ltr'><strong>feminarum</strong></span> <span class='ocrx_word' id='word_1_506' title='bbox 2360 2123 2374 2149; x_wconf 92' lang='lat'><strong>,</strong></span> <span class='ocrx_word' id='word_1_507' title='bbox 2406 2083 2541 2154; x_wconf 52' lang='lat' dir='ltr'><strong>quae;</strong></span> <span class='ocrx_word' id='word_1_508' title='bbox 2568 2097 2683 2137; x_wconf 91' lang='lat' dir='ltr'><strong>non</strong></span> <span class='ocrx_word' id='word_1_509' title='bbox 2715 2083 2871 2139; x_wconf 89' lang='lat' dir='ltr'><strong>novit</strong></span> <span class='ocrx_word' id='word_1_510' title='bbox 2907 2084 3115 2140; x_wconf 90' lang='lat' dir='ltr'><strong>lectum</strong></span> <span class='ocrx_word' id='word_1_511' title='bbox 3148 2085 3401 2152; x_wconf 86' lang='lat' dir='ltr'><strong>masculi,</strong></span> <span class='ocrx_word' id='word_1_512' title='bbox 3442 2085 3597 2142; x_wconf 90' lang='lat' dir='ltr'><strong>vivas</strong></span> 
     </span>
    </p>
   </div>
   <div class='ocr_carea' id='block_1_66' title="bbox 2000 2160 3598 2249">
    <p class='ocr_par' dir='ltr' id='par_1_66' title="bbox 2000 2160 3598 2249">
     <span class='ocr_line' id='line_1_66' title="bbox 2000 2160 3598 2249; baseline 0.001 -15"><span class='ocrx_word' id='word_1_513' title='bbox 2000 2176 2189 2249; x_wconf 81' lang='lat' dir='ltr'><strong>capite</strong></span> <span class='ocrx_word' id='word_1_514' title='bbox 2209 2191 2305 2233; x_wconf 91' lang='lat' dir='ltr'><strong>eas</strong></span> <span class='ocrx_word' id='word_1_515' title='bbox 2337 2176 2405 2230; x_wconf 80' lang='grc'><strong>⁸¹.</strong></span> <span class='ocrx_word' id='word_1_516' title='bbox 2435 2173 2565 2231; x_wconf 69' lang='lat' dir='ltr'><strong>Hazc</strong></span> <span class='ocrx_word' id='word_1_517' title='bbox 2584 2190 2711 2230; x_wconf 89' lang='lat' dir='ltr'><strong>cum</strong></span> <span class='ocrx_word' id='word_1_518' title='bbox 2731 2175 2988 2247; x_wconf 76' lang='lat' dir='ltr'><strong>iussisset</strong></span> <span class='ocrx_word' id='word_1_519' title='bbox 3008 2177 3176 2243; x_wconf 86' lang='lat' dir='ltr'><strong>Deus,</strong></span> <span class='ocrx_word' id='word_1_520' title='bbox 3199 2178 3327 2234; x_wconf 88' lang='lat' dir='ltr'><strong>lecti</strong></span> <span class='ocrx_word' id='word_1_521' title='bbox 3349 2160 3598 2249; x_wconf 37' lang='lat' dir='ltr'><strong>‘juvenes</strong></span> 
     </span>
    </p>
   </div>
   <div class='ocr_carea' id='block_1_67' title="bbox 1999 2267 3595 2343">
    <p class='ocr_par' dir='ltr' id='par_1_67' title="bbox 1999 2267 3595 2343">
     <span class='ocr_line' id='line_1_67' title="bbox 1999 2267 3595 2343; baseline -0.001 -17"><span class='ocrx_word' id='word_1_522' title='bbox 1999 2271 2069 2328; x_wconf 89' lang='lat' dir='ltr'><strong>ad</strong></span> <span class='ocrx_word' id='word_1_523' title='bbox 2115 2270 2329 2327; x_wconf 89' lang='lat' dir='ltr'><strong>bellum</strong></span> <span class='ocrx_word' id='word_1_524' title='bbox 2381 2267 2688 2342; x_wconf 89' lang='lat' dir='ltr'><strong>gerendum</strong></span> <span class='ocrx_word' id='word_1_525' title='bbox 2741 2269 3167 2335; x_wconf 81' lang='lat' dir='ltr'><strong>conveniebant,</strong></span> <span class='ocrx_word' id='word_1_526' title='bbox 3199 2278 3256 2325; x_wconf 92' lang='lat' dir='ltr'><strong>et</strong></span> <span class='ocrx_word' id='word_1_527' title='bbox 3297 2285 3328 2325; x_wconf 91' lang='lat' dir='ltr'><strong>a</strong></span> <span class='ocrx_word' id='word_1_528' title='bbox 3365 2270 3595 2343; x_wconf 85' lang='lat' dir='ltr'><strong>singulis</strong></span> 
     </span>
    </p>
   </div>
   <div class='ocr_carea' id='block_1_68' title="bbox 2017 2362 3591 2439">
    <p class='ocr_par' dir='ltr' id='par_1_68' title="bbox 2017 2362 3591 2439">
     <span class='ocr_line' id='line_1_68' title="bbox 2017 2362 3591 2439; baseline -0.001 -18"><span class='ocrx_word' id='word_1_529' title='bbox 2017 2365 2301 2431; x_wconf 82' lang='lat' dir='ltr'><strong>tribubus,</strong></span> <span class='ocrx_word' id='word_1_530' title='bbox 2346 2364 2442 2435; x_wconf 89' lang='lat' dir='ltr'><strong>qui</strong></span> <span class='ocrx_word' id='word_1_531' title='bbox 2473 2362 2713 2420; x_wconf 82' lang='lat' dir='ltr'><strong>maxime</strong></span> <span class='ocrx_word' id='word_1_532' title='bbox 2739 2362 3026 2439; x_wconf 88' lang='lat' dir='ltr'><strong>laboribus</strong></span> <span class='ocrx_word' id='word_1_533' title='bbox 3054 2363 3358 2420; x_wconf 88' lang='lat' dir='ltr'><strong>tolerandis</strong></span> <span class='ocrx_word' id='word_1_534' title='bbox 3385 2365 3591 2420; x_wconf 89' lang='lat' dir='ltr'><strong>assueti</strong></span> 
     </span>
    </p>
   </div>
   <div class='ocr_carea' id='block_1_69' title="bbox 1998 2455 3590 2529">
    <p class='ocr_par' dir='ltr' id='par_1_69' title="bbox 1998 2455 3590 2529">
     <span class='ocr_line' id='line_1_69' title="bbox 1998 2455 3590 2529; baseline -0.001 -15"><span class='ocrx_word' id='word_1_535' title='bbox 1998 2466 2179 2524; x_wconf 86' lang='lat' dir='ltr'><strong>erant,</strong></span> <span class='ocrx_word' id='word_1_536' title='bbox 2217 2464 2274 2513; x_wconf 90' lang='lat' dir='ltr'><strong>et</strong></span> <span class='ocrx_word' id='word_1_537' title='bbox 2304 2456 2369 2514; x_wconf 89' lang='lat' dir='ltr'><strong>ad</strong></span> <span class='ocrx_word' id='word_1_538' title='bbox 2408 2456 2766 2529; x_wconf 88' lang='lat' dir='ltr'><strong>pugnandum</strong></span> <span class='ocrx_word' id='word_1_539' title='bbox 2790 2455 3188 2527; x_wconf 84' lang='lat' dir='ltr'><strong>probatissimi,</strong></span> <span class='ocrx_word' id='word_1_540' title='bbox 3218 2455 3590 2519; x_wconf 84' lang='lat' dir='ltr'><strong>confluebant,</strong></span> 
     </span>
    </p>
   </div>
   <div class='ocr_carea' id='block_1_70' title="bbox 1999 2547 3592 2619">
    <p class='ocr_par' dir='ltr' id='par_1_70' title="bbox 1999 2547 3592 2619">
     <span class='ocr_line' id='line_1_70' title="bbox 1999 2547 3592 2619; baseline 0.001 -16"><span class='ocrx_word' id='word_1_541' title='bbox 1999 2555 2063 2603; x_wconf 89' lang='lat' dir='ltr'><strong>ut</strong></span> <span class='ocrx_word' id='word_1_542' title='bbox 2101 2548 2424 2619; x_wconf 85' lang='lat' dir='ltr'><strong>quicunque</strong></span> <span class='ocrx_word' id='word_1_543' title='bbox 2446 2547 2515 2603; x_wconf 91' lang='lat' dir='ltr'><strong>de</strong></span> <span class='ocrx_word' id='word_1_544' title='bbox 2557 2547 2791 2619; x_wconf 90' lang='lat' dir='ltr'><strong>singulis</strong></span> <span class='ocrx_word' id='word_1_545' title='bbox 2824 2547 3085 2603; x_wconf 86' lang='lat' dir='ltr'><strong>tribubus</strong></span> <span class='ocrx_word' id='word_1_546' title='bbox 3112 2547 3525 2615; x_wconf 83' lang='lat' dir='ltr'><strong>excelluisscnt,</strong></span> <span class='ocrx_word' id='word_1_547' title='bbox 3553 2550 3592 2605; x_wconf 91' lang='lat' dir='ltr'><strong>ii</strong></span> 
     </span>
    </p>
   </div>
   <div class='ocr_carea' id='block_1_71' title="bbox 1998 2639 3592 2712">
    <p class='ocr_par' dir='ltr' id='par_1_71' title="bbox 1998 2639 3592 2712">
     <span class='ocr_line' id='line_1_71' title="bbox 1998 2639 3592 2712; baseline 0.001 -17"><span class='ocrx_word' id='word_1_548' title='bbox 1998 2640 2188 2711; x_wconf 63' lang='lat' dir='ltr'><strong>gloriae</strong></span> <span class='ocrx_word' id='word_1_549' title='bbox 2208 2641 2415 2712; x_wconf 90' lang='lat' dir='ltr'><strong>populo</strong></span> <span class='ocrx_word' id='word_1_550' title='bbox 2448 2639 2708 2697; x_wconf 89' lang='lat' dir='ltr'><strong>universo</strong></span> <span class='ocrx_word' id='word_1_551' title='bbox 2729 2646 2936 2705; x_wconf 87' lang='lat' dir='ltr'><strong>essent,</strong></span> <span class='ocrx_word' id='word_1_552' title='bbox 2959 2646 3016 2695; x_wconf 89' lang='lat' dir='ltr'><strong>et</strong></span> <span class='ocrx_word' id='word_1_553' title='bbox 3035 2639 3213 2710; x_wconf 89' lang='lat' dir='ltr'><strong>partis</strong></span> <span class='ocrx_word' id='word_1_554' title='bbox 3241 2639 3408 2696; x_wconf 89' lang='lat' dir='ltr'><strong>unius</strong></span> <span class='ocrx_word' id='word_1_555' title='bbox 3428 2640 3592 2696; x_wconf 91' lang='lat' dir='ltr'><strong>nobi-</strong></span> 
     </span>
    </p>
   </div>
   <div class='ocr_carea' id='block_1_72' title="bbox 1999 2732 3595 2804">
    <p class='ocr_par' dir='ltr' id='par_1_72' title="bbox 1999 2732 3595 2804">
     <span class='ocr_line' id='line_1_72' title="bbox 1999 2732 3595 2804; baseline 0.001 -18"><span class='ocrx_word' id='word_1_556' title='bbox 1999 2732 2127 2788; x_wconf 88' lang='lat' dir='ltr'><strong>litas</strong></span> <span class='ocrx_word' id='word_1_557' title='bbox 2162 2733 2230 2789; x_wconf 91' lang='lat' dir='ltr'><strong>ad</strong></span> <span class='ocrx_word' id='word_1_558' title='bbox 2278 2732 2684 2804; x_wconf 87' lang='lat' dir='ltr'><strong>plenitudinem</strong></span> <span class='ocrx_word' id='word_1_559' title='bbox 2729 2738 2900 2788; x_wconf 87' lang='lat' dir='ltr'><strong>totam</strong></span> <span class='ocrx_word' id='word_1_560' title='bbox 2942 2732 3282 2802; x_wconf 88' lang='lat' dir='ltr'><strong>pertineret;</strong></span> <span class='ocrx_word' id='word_1_561' title='bbox 3334 2732 3595 2788; x_wconf 88' lang='lat' dir='ltr'><strong>similiter</strong></span> 
     </span>
    </p>
   </div>
   <div class='ocr_carea' id='block_1_73' title="bbox 1999 2823 3594 2896">
    <p class='ocr_par' dir='ltr' id='par_1_73' title="bbox 1999 2823 3594 2896">
     <span class='ocr_line' id='line_1_73' title="bbox 1999 2823 3594 2896; baseline 0.002 -17"><span class='ocrx_word' id='word_1_562' title='bbox 1999 2832 2166 2895; x_wconf 90' lang='lat' dir='ltr'><strong>atque</strong></span> <span class='ocrx_word' id='word_1_563' title='bbox 2200 2832 2289 2881; x_wconf 92' lang='lat' dir='ltr'><strong>est</strong></span> <span class='ocrx_word' id='word_1_564' title='bbox 2339 2841 2371 2881; x_wconf 89' lang='lat' dir='ltr'><strong>a</strong></span> <span class='ocrx_word' id='word_1_565' title='bbox 2417 2825 2591 2881; x_wconf 89' lang='lat' dir='ltr'><strong>Paulo</strong></span> <span class='ocrx_word' id='word_1_566' title='bbox 2638 2823 3045 2896; x_wconf 87' lang='lat' dir='ltr'><strong>sapientissime</strong></span> <span class='ocrx_word' id='word_1_567' title='bbox 3090 2825 3348 2881; x_wconf 90' lang='lat' dir='ltr'><strong>dictum:</strong></span> <span class='ocrx_word' id='word_1_568' title='bbox 3406 2845 3427 2879; x_wconf 69' lang='grc' dir='ltr'><strong>ι</strong></span> <span class='ocrx_word' id='word_1_569' title='bbox 3463 2823 3594 2882; x_wconf 84' lang='lat' dir='ltr'><strong>Sive</strong></span> 
     </span>
    </p>
   </div>
   <div class='ocr_carea' id='block_1_74' title="bbox 1998 2914 3594 2987">
    <p class='ocr_par' dir='ltr' id='par_1_74' title="bbox 1998 2914 3594 2987">
     <span class='ocr_line' id='line_1_74' title="bbox 1998 2914 3594 2987; baseline 0.002 -18"><span class='ocrx_word' id='word_1_570' title='bbox 1998 2916 2147 2970; x_wconf 90' lang='lat' dir='ltr'><strong>enim</strong></span> <span class='ocrx_word' id='word_1_571' title='bbox 2166 2916 2377 2987; x_wconf 87' lang='lat' dir='ltr'><strong>patitur</strong></span> <span class='ocrx_word' id='word_1_572' title='bbox 2399 2931 2573 2971; x_wconf 90' lang='lat' dir='ltr'><strong>unum</strong></span> <span class='ocrx_word' id='word_1_573' title='bbox 2594 2914 2928 2980; x_wconf 88' lang='lat' dir='ltr'><strong>membrum,</strong></span> <span class='ocrx_word' id='word_1_574' title='bbox 2957 2916 3373 2986; x_wconf 86' lang='lat' dir='ltr'><strong>compatiuntur</strong></span> <span class='ocrx_word' id='word_1_575' title='bbox 3406 2917 3594 2973; x_wconf 84' lang='lat' dir='ltr'><strong>omnia</strong></span> 
     </span>
    </p>
   </div>
   <div class='ocr_carea' id='block_1_75' title="bbox 1999 3007 3592 3081">
    <p class='ocr_par' dir='ltr' id='par_1_75' title="bbox 1999 3007 3592 3081">
     <span class='ocr_line' id='line_1_75' title="bbox 1999 3007 3592 3081; baseline 0.001 -18"><span class='ocrx_word' id='word_1_576' title='bbox 1999 3008 2281 3074; x_wconf 88' lang='lat' dir='ltr'><strong>membra;</strong></span> <span class='ocrx_word' id='word_1_577' title='bbox 2325 3010 2442 3065; x_wconf 89' lang='lat' dir='ltr'><strong>sive</strong></span> <span class='ocrx_word' id='word_1_578' title='bbox 2489 3007 2831 3081; x_wconf 89' lang='lat' dir='ltr'><strong>gloriﬁcatur</strong></span> <span class='ocrx_word' id='word_1_579' title='bbox 2876 3023 3048 3063; x_wconf 91' lang='lat' dir='ltr'><strong>unum</strong></span> <span class='ocrx_word' id='word_1_580' title='bbox 3085 3008 3416 3075; x_wconf 87' lang='lat' dir='ltr'><strong>membrum,</strong></span> <span class='ocrx_word' id='word_1_581' title='bbox 3455 3025 3592 3065; x_wconf 90' lang='lat' dir='ltr'><strong>con-</strong></span> 
     </span>
    </p>
   </div>
   <div class='ocr_carea' id='block_1_76' title="bbox 1997 3098 3070 3169">
    <p class='ocr_par' dir='ltr' id='par_1_76' title="bbox 1997 3098 3070 3169">
     <span class='ocr_line' id='line_1_76' title="bbox 1997 3098 3070 3169; baseline -0.001 -17"><span class='ocrx_word' id='word_1_582' title='bbox 1997 3098 2240 3167; x_wconf 80' lang='lat' dir='ltr'><strong>gaudent</strong></span> <span class='ocrx_word' id='word_1_583' title='bbox 2271 3100 2425 3169; x_wconf 74' lang='lat'><strong>121</strong></span> <span class='ocrx_word' id='word_1_584' title='bbox 2453 3100 2638 3154; x_wconf 87' lang='lat' dir='ltr'><strong>omnia</strong></span> <span class='ocrx_word' id='word_1_585' title='bbox 2673 3099 2923 3155; x_wconf 88' lang='lat' dir='ltr'><strong>membra</strong></span> <span class='ocrx_word' id='word_1_586' title='bbox 2948 3100 3016 3152; x_wconf 77' lang='grc'><strong>⁸⁸.</strong></span> <span class='ocrx_word' id='word_1_587' title='bbox 3051 3118 3070 3151; x_wconf 71' lang='grc' dir='ltr'><strong>ι</strong></span> 
     </span>
    </p>
   </div>
   <div class='ocr_carea' id='block_1_77' title="bbox 2071 3186 2769 3260">
    <p class='ocr_par' dir='ltr' id='par_1_77' title="bbox 2071 3186 2769 3260">
     <span class='ocr_line' id='line_1_77' title="bbox 2071 3186 2769 3260; baseline 0.001 -18"><span class='ocrx_word' id='word_1_588' title='bbox 2071 3186 2271 3242; x_wconf 87' lang='lat' dir='ltr'><strong>PALL.</strong></span> <span class='ocrx_word' id='word_1_589' title='bbox 2294 3189 2465 3243; x_wconf 80' lang='lat' dir='ltr'><strong>Recte</strong></span> <span class='ocrx_word' id='word_1_590' title='bbox 2488 3188 2769 3260; x_wconf 89' lang='lat' dir='ltr'><strong>intelligis.</strong></span> 
     </span>
    </p>
   </div>
   <div class='ocr_carea' id='block_1_78' title="bbox 1918 3247 3594 3352">
    <p class='ocr_par' dir='ltr' id='par_1_78' title="bbox 1918 3247 3594 3352">
     <span class='ocr_line' id='line_1_78' title="bbox 1918 3247 3594 3352; baseline 0.004 -16"><span class='ocrx_word' id='word_1_591' title='bbox 1918 3247 1962 3305; x_wconf 65' lang='grc' dir='ltr'>ϐ</span> <span class='ocrx_word' id='word_1_592' title='bbox 2063 3280 2224 3337; x_wconf 80' lang='lat' dir='ltr'><strong>CYR.</strong></span> <span class='ocrx_word' id='word_1_593' title='bbox 2281 3247 2697 3337; x_wconf 57' lang='lat' dir='ltr'><strong>Contendebatv</strong></span> <span class='ocrx_word' id='word_1_594' title='bbox 2724 3281 2893 3352; x_wconf 89' lang='lat' dir='ltr'><strong>igitur</strong></span> <span class='ocrx_word' id='word_1_595' title='bbox 2948 3282 3214 3339; x_wconf 88' lang='lat' dir='ltr'><strong>adversus</strong></span> <span class='ocrx_word' id='word_1_596' title='bbox 3269 3284 3594 3342; x_wconf 84' lang='lat' dir='ltr'><strong>Madianitas</strong></span> 
     </span>
    </p>
   </div>
   <div class='ocr_carea' id='block_1_79' title="bbox 1993 3373 3591 3450">
    <p class='ocr_par' dir='ltr' id='par_1_79' title="bbox 1993 3373 3591 3450">
     <span class='ocr_line' id='line_1_79' title="bbox 1993 3373 3591 3450; baseline 0.003 -21"><span class='ocrx_word' id='word_1_597' title='bbox 1993 3373 2294 3429; x_wconf 90' lang='lat' dir='ltr'><strong>fortissima</strong></span> <span class='ocrx_word' id='word_1_598' title='bbox 2321 3374 2750 3430; x_wconf 87' lang='lat' dir='ltr'><strong>lectissimorum</strong></span> <span class='ocrx_word' id='word_1_599' title='bbox 2773 3376 3041 3447; x_wconf 73' lang='lat' dir='ltr'><strong>iuvenum</strong></span> <span class='ocrx_word' id='word_1_600' title='bbox 3080 3376 3228 3433; x_wconf 88' lang='lat' dir='ltr'><strong>acies</strong></span> <span class='ocrx_word' id='word_1_601' title='bbox 3247 3418 3263 3442; x_wconf 92' lang='lat'><strong>,</strong></span> <span class='ocrx_word' id='word_1_602' title='bbox 3291 3377 3591 3450; x_wconf 86' lang='lat' dir='ltr'><strong>aderatque</strong></span> 
     </span>
    </p>
   </div>
   <div class='ocr_carea' id='block_1_80' title="bbox 1994 3467 3593 3535">
    <p class='ocr_par' dir='ltr' id='par_1_80' title="bbox 1994 3467 3593 3535">
     <span class='ocr_line' id='line_1_80' title="bbox 1994 3467 3593 3535; baseline 0 -10"><span class='ocrx_word' id='word_1_603' title='bbox 1994 3486 2104 3525; x_wconf 85' lang='lat' dir='ltr'><strong>una</strong></span> <span class='ocrx_word' id='word_1_604' title='bbox 2125 3468 2366 3525; x_wconf 89' lang='lat' dir='ltr'><strong>Phlnees</strong></span> <span class='ocrx_word' id='word_1_605' title='bbox 2403 3468 2671 3523; x_wconf 89' lang='lat' dir='ltr'><strong>sacerdos</strong></span> <span class='ocrx_word' id='word_1_606' title='bbox 2689 3508 2705 3535; x_wconf 95' lang='lat'><strong>,</strong></span> <span class='ocrx_word' id='word_1_607' title='bbox 2736 3467 2969 3524; x_wconf 87' lang='lat' dir='ltr'><strong>aderant</strong></span> <span class='ocrx_word' id='word_1_608' title='bbox 2990 3469 3155 3525; x_wconf 88' lang='lat' dir='ltr'><strong>etiam</strong></span> <span class='ocrx_word' id='word_1_609' title='bbox 3185 3485 3316 3525; x_wconf 87' lang='lat' dir='ltr'><strong>vasa</strong></span> <span class='ocrx_word' id='word_1_610' title='bbox 3345 3484 3502 3526; x_wconf 88' lang='lat' dir='ltr'><strong>sacra</strong></span> <span class='ocrx_word' id='word_1_611' title='bbox 3527 3485 3593 3525; x_wconf 88' lang='lat' dir='ltr'><strong>ac</strong></span> 
     </span>
    </p>
   </div>
   <div class='ocr_carea' id='block_1_81' title="bbox 1994 3558 3591 3633">
    <p class='ocr_par' dir='ltr' id='par_1_81' title="bbox 1994 3558 3591 3633">
     <span class='ocr_line' id='line_1_81' title="bbox 1994 3558 3591 3633; baseline 0 -16"><span class='ocrx_word' id='word_1_612' title='bbox 1994 3562 2161 3627; x_wconf 73' lang='lat' dir='ltr'><strong>tubae,</strong></span> <span class='ocrx_word' id='word_1_613' title='bbox 2193 3576 2318 3632; x_wconf 81' lang='lat' dir='ltr'><strong>quae</strong></span> <span class='ocrx_word' id='word_1_614' title='bbox 2345 3559 2630 3631; x_wconf 89' lang='lat' dir='ltr'><strong>signorum</strong></span> <span class='ocrx_word' id='word_1_615' title='bbox 2657 3558 3005 3615; x_wconf 88' lang='lat' dir='ltr'><strong>dicebantur.</strong></span> <span class='ocrx_word' id='word_1_616' title='bbox 3044 3560 3276 3633; x_wconf 88' lang='lat' dir='ltr'><strong>Semper</strong></span> <span class='ocrx_word' id='word_1_617' title='bbox 3306 3561 3455 3616; x_wconf 91' lang='lat' dir='ltr'><strong>enim</strong></span> <span class='ocrx_word' id='word_1_618' title='bbox 3480 3578 3591 3617; x_wconf 89' lang='lat' dir='ltr'><strong>una</strong></span> 
     </span>
    </p>
   </div>
   <div class='ocr_carea' id='block_1_82' title="bbox 1993 3651 3591 3724">
    <p class='ocr_par' dir='ltr' id='par_1_82' title="bbox 1993 3651 3591 3724">
     <span class='ocr_line' id='line_1_82' title="bbox 1993 3651 3591 3724; baseline -0.001 -14"><span class='ocrx_word' id='word_1_619' title='bbox 1993 3669 2120 3710; x_wconf 90' lang='lat' dir='ltr'><strong>cum</strong></span> <span class='ocrx_word' id='word_1_620' title='bbox 2147 3654 2236 3719; x_wconf 91' lang='lat' dir='ltr'><strong>iis,</strong></span> <span class='ocrx_word' id='word_1_621' title='bbox 2262 3653 2358 3724; x_wconf 88' lang='lat' dir='ltr'><strong>qui</strong></span> <span class='ocrx_word' id='word_1_622' title='bbox 2383 3668 2441 3709; x_wconf 91' lang='lat' dir='ltr'><strong>se</strong></span> <span class='ocrx_word' id='word_1_623' title='bbox 2463 3651 2683 3708; x_wconf 82' lang='lat' dir='ltr'><strong>fortiter</strong></span> <span class='ocrx_word' id='word_1_624' title='bbox 2708 3661 2927 3724; x_wconf 88' lang='lat' dir='ltr'><strong>gerunt,</strong></span> <span class='ocrx_word' id='word_1_625' title='bbox 2953 3651 3120 3707; x_wconf 90' lang='lat' dir='ltr'><strong>simul</strong></span> <span class='ocrx_word' id='word_1_626' title='bbox 3146 3652 3205 3707; x_wconf 93' lang='lat' dir='ltr'><strong>in</strong></span> <span class='ocrx_word' id='word_1_627' title='bbox 3233 3653 3422 3717; x_wconf 89' lang='lat' dir='ltr'><strong>armis,</strong></span> <span class='ocrx_word' id='word_1_628' title='bbox 3441 3660 3499 3708; x_wconf 91' lang='lat' dir='ltr'><strong>et</strong></span> <span class='ocrx_word' id='word_1_629' title='bbox 3521 3654 3591 3709; x_wconf 87' lang='lat' dir='ltr'><strong>ad</strong></span> 
     </span>
    </p>
   </div>
   <div class='ocr_carea' id='block_1_83' title="bbox 1992 3744 3591 3818">
    <p class='ocr_par' dir='ltr' id='par_1_83' title="bbox 1992 3744 3591 3818">
     <span class='ocr_line' id='line_1_83' title="bbox 1992 3744 3591 3818; baseline -0.004 -13"><span class='ocrx_word' id='word_1_630' title='bbox 1992 3763 2156 3818; x_wconf 90' lang='lat' dir='ltr'><strong>opem</strong></span> <span class='ocrx_word' id='word_1_631' title='bbox 2208 3745 2490 3803; x_wconf 83' lang='lat' dir='ltr'><strong>ferendam</strong></span> <span class='ocrx_word' id='word_1_632' title='bbox 2524 3755 2727 3816; x_wconf 70' lang='lat' dir='ltr'><strong>praesto</strong></span> <span class='ocrx_word' id='word_1_633' title='bbox 2766 3755 2854 3801; x_wconf 90' lang='lat' dir='ltr'><strong>est</strong></span> <span class='ocrx_word' id='word_1_634' title='bbox 2904 3744 3179 3811; x_wconf 90' lang='lat' dir='ltr'><strong>Christus,</strong></span> <span class='ocrx_word' id='word_1_635' title='bbox 3220 3760 3455 3817; x_wconf 89' lang='lat' dir='ltr'><strong>magnus</strong></span> <span class='ocrx_word' id='word_1_636' title='bbox 3498 3746 3591 3800; x_wconf 84' lang='lat' dir='ltr'><strong>ille</strong></span> 
     </span>
    </p>
   </div>
   <div class='ocr_carea' id='block_1_84' title="bbox 1992 3836 3591 3912">
    <p class='ocr_par' dir='ltr' id='par_1_84' title="bbox 1992 3836 3591 3912">
     <span class='ocr_line' id='line_1_84' title="bbox 1992 3836 3591 3912; baseline -0.003 -17"><span class='ocrx_word' id='word_1_637' title='bbox 1992 3838 2243 3912; x_wconf 78' lang='lat' dir='ltr'><strong>pontifex</strong></span> <span class='ocrx_word' id='word_1_638' title='bbox 2288 3844 2512 3897; x_wconf 91' lang='lat' dir='ltr'><strong>noster:</strong></span> <span class='ocrx_word' id='word_1_639' title='bbox 2548 3837 2715 3892; x_wconf 90' lang='lat' dir='ltr'><strong>simul</strong></span> <span class='ocrx_word' id='word_1_640' title='bbox 2754 3852 2976 3907; x_wconf 90' lang='lat' dir='ltr'><strong>quoque</strong></span> <span class='ocrx_word' id='word_1_641' title='bbox 3010 3836 3189 3908; x_wconf 88' lang='lat' dir='ltr'><strong>angeli</strong></span> <span class='ocrx_word' id='word_1_642' title='bbox 3223 3842 3469 3901; x_wconf 88' lang='lat' dir='ltr'><strong>certant,</strong></span> <span class='ocrx_word' id='word_1_643' title='bbox 3494 3836 3591 3906; x_wconf 90' lang='lat' dir='ltr'><strong>qui</strong></span> 
     </span>
    </p>
   </div>
   <div class='ocr_carea' id='block_1_85' title="bbox 1992 3927 3592 4001">
    <p class='ocr_par' dir='ltr' id='par_1_85' title="bbox 1992 3927 3592 4001">
     <span class='ocr_line' id='line_1_85' title="bbox 1992 3927 3592 4001; baseline -0.004 -14"><span class='ocrx_word' id='word_1_644' title='bbox 1992 3930 2165 3988; x_wconf 89' lang='lat' dir='ltr'><strong>sacris</strong></span> <span class='ocrx_word' id='word_1_645' title='bbox 2187 3930 2335 3985; x_wconf 88' lang='lat' dir='ltr'><strong>vasis</strong></span> <span class='ocrx_word' id='word_1_646' title='bbox 2365 3928 2767 4001; x_wconf 84' lang='lat' dir='ltr'><strong>signiﬁcantur.</strong></span> <span class='ocrx_word' id='word_1_647' title='bbox 2790 3927 2990 3983; x_wconf 86' lang='lat' dir='ltr'><strong>Sancta</strong></span> <span class='ocrx_word' id='word_1_648' title='bbox 3024 3928 3229 3998; x_wconf 88' lang='lat' dir='ltr'><strong>quippe</strong></span> <span class='ocrx_word' id='word_1_649' title='bbox 3259 3942 3388 3982; x_wconf 86' lang='lat' dir='ltr'><strong>vasa</strong></span> <span class='ocrx_word' id='word_1_650' title='bbox 3411 3967 3426 3992; x_wconf 96' lang='lat'><strong>,</strong></span> <span class='ocrx_word' id='word_1_651' title='bbox 3451 3927 3592 3981; x_wconf 82' lang='lat' dir='ltr'><strong>divi-</strong></span> 
     </span>
    </p>
   </div>
   <div class='ocr_carea' id='block_1_86' title="bbox 1992 4019 3591 4094">
    <p class='ocr_par' dir='ltr' id='par_1_86' title="bbox 1992 4019 3591 4094">
     <span class='ocr_line' id='line_1_86' title="bbox 1992 4019 3591 4094; baseline -0.003 -14"><span class='ocrx_word' id='word_1_652' title='bbox 1992 4024 2191 4094; x_wconf 88' lang='lat' dir='ltr'><strong>nisque</strong></span> <span class='ocrx_word' id='word_1_653' title='bbox 2225 4020 2552 4077; x_wconf 89' lang='lat' dir='ltr'><strong>ministeriis</strong></span> <span class='ocrx_word' id='word_1_654' title='bbox 2574 4028 2721 4092; x_wconf 88' lang='lat' dir='ltr'><strong>apta,</strong></span> <span class='ocrx_word' id='word_1_655' title='bbox 2749 4027 2879 4077; x_wconf 89' lang='lat' dir='ltr'><strong>sunt</strong></span> <span class='ocrx_word' id='word_1_656' title='bbox 2918 4019 3216 4075; x_wconf 86' lang='lat' dir='ltr'><strong>rationales</strong></span> <span class='ocrx_word' id='word_1_657' title='bbox 3250 4019 3329 4074; x_wconf 88' lang='lat' dir='ltr'><strong>illi</strong></span> <span class='ocrx_word' id='word_1_658' title='bbox 3364 4020 3420 4073; x_wconf 89' lang='lat' dir='ltr'><strong>in</strong></span> <span class='ocrx_word' id='word_1_659' title='bbox 3450 4021 3591 4075; x_wconf 73' lang='lat' dir='ltr'><strong>crelo</strong></span> 
     </span>
    </p>
   </div>
   <div class='ocr_carea' id='block_1_87' title="bbox 1992 4110 3589 4186">
    <p class='ocr_par' dir='ltr' id='par_1_87' title="bbox 1992 4110 3589 4186">
     <span class='ocr_line' id='line_1_87' title="bbox 1992 4110 3589 4186; baseline -0.001 -17"><span class='ocrx_word' id='word_1_660' title='bbox 1992 4114 2219 4186; x_wconf 88' lang='lat' dir='ltr'><strong>spiritus</strong></span> <span class='ocrx_word' id='word_1_661' title='bbox 2248 4130 2261 4166; x_wconf 92' lang='lat'><strong>:</strong></span> <span class='ocrx_word' id='word_1_662' title='bbox 2294 4121 2425 4168; x_wconf 89' lang='lat' dir='ltr'><strong>sunt</strong></span> <span class='ocrx_word' id='word_1_663' title='bbox 2453 4112 2601 4168; x_wconf 90' lang='lat' dir='ltr'><strong>enim</strong></span> <span class='ocrx_word' id='word_1_664' title='bbox 2626 4128 2657 4167; x_wconf 89' lang='lat' dir='ltr'><strong>a</strong></span> <span class='ocrx_word' id='word_1_665' title='bbox 2684 4112 2797 4167; x_wconf 90' lang='lat' dir='ltr'><strong>Deo</strong></span> <span class='ocrx_word' id='word_1_666' title='bbox 2822 4112 2890 4167; x_wconf 90' lang='lat' dir='ltr'><strong>ad</strong></span> <span class='ocrx_word' id='word_1_667' title='bbox 2918 4127 3080 4182; x_wconf 86' lang='lat' dir='ltr'><strong>opem</strong></span> <span class='ocrx_word' id='word_1_668' title='bbox 3111 4110 3274 4166; x_wconf 92' lang='lat' dir='ltr'><strong>nobis</strong></span> <span class='ocrx_word' id='word_1_669' title='bbox 3302 4110 3589 4168; x_wconf 89' lang='lat' dir='ltr'><strong>ferendam</strong></span> 
     </span>
    </p>
   </div>
   <div class='ocr_carea' id='block_1_88' title="bbox 1991 4199 3585 4272">
    <p class='ocr_par' dir='ltr' id='par_1_88' title="bbox 1991 4199 3585 4272">
     <span class='ocr_line' id='line_1_88' title="bbox 1991 4199 3585 4272; baseline -0.004 -10"><span class='ocrx_word' id='word_1_670' title='bbox 1991 4204 2262 4262; x_wconf 89' lang='lat' dir='ltr'><strong>collocati.</strong></span> <span class='ocrx_word' id='word_1_671' title='bbox 2282 4203 2496 4259; x_wconf 79' lang='lat' dir='ltr'><strong>Adsunt</strong></span> <span class='ocrx_word' id='word_1_672' title='bbox 2513 4202 2680 4257; x_wconf 88' lang='lat' dir='ltr'><strong>etiam</strong></span> <span class='ocrx_word' id='word_1_673' title='bbox 2703 4201 3069 4257; x_wconf 89' lang='lat' dir='ltr'><strong>nihilominus</strong></span> <span class='ocrx_word' id='word_1_674' title='bbox 3109 4200 3254 4256; x_wconf 70' lang='lat' dir='ltr'><strong>tuba:</strong></span> <span class='ocrx_word' id='word_1_675' title='bbox 3281 4199 3585 4272; x_wconf 87' lang='lat' dir='ltr'><strong>signorum,</strong></span> 
     </span>
    </p>
   </div>
   <div class='ocr_carea' id='block_1_89' title="bbox 1993 4293 3586 4365">
    <p class='ocr_par' dir='ltr' id='par_1_89' title="bbox 1993 4293 3586 4365">
     <span class='ocr_line' id='line_1_89' title="bbox 1993 4293 3586 4365; baseline -0.004 -11"><span class='ocrx_word' id='word_1_676' title='bbox 1993 4299 2049 4354; x_wconf 89' lang='lat' dir='ltr'><strong>id</strong></span> <span class='ocrx_word' id='word_1_677' title='bbox 2069 4305 2156 4353; x_wconf 91' lang='lat' dir='ltr'><strong>est</strong></span> <span class='ocrx_word' id='word_1_678' title='bbox 2178 4296 2494 4352; x_wconf 90' lang='lat' dir='ltr'><strong>divinorum</strong></span> <span class='ocrx_word' id='word_1_679' title='bbox 2514 4293 2938 4365; x_wconf 65' lang='lat' dir='ltr'><strong>praedicatorum</strong></span> <span class='ocrx_word' id='word_1_680' title='bbox 2963 4306 3269 4358; x_wconf 88' lang='lat' dir='ltr'><strong>sermones,</strong></span> <span class='ocrx_word' id='word_1_681' title='bbox 3302 4293 3399 4363; x_wconf 91' lang='lat' dir='ltr'><strong>qui</strong></span> <span class='ocrx_word' id='word_1_682' title='bbox 3421 4309 3586 4364; x_wconf 89' lang='lat' dir='ltr'><strong>aper-</strong></span> 
     </span>
    </p>
   </div>
   <div class='ocr_carea' id='block_1_90' title="bbox 1991 4376 3585 4461">
    <p class='ocr_par' dir='ltr' id='par_1_90' title="bbox 1991 4376 3585 4461">
     <span class='ocr_line' id='line_1_90' title="bbox 1991 4376 3585 4461; baseline -0.004 -13"><span class='ocrx_word' id='word_1_683' title='bbox 1991 4390 2202 4448; x_wconf 80' lang='lat' dir='ltr'><strong>tissime</strong></span> <span class='ocrx_word' id='word_1_684' title='bbox 2229 4376 2564 4461; x_wconf 74' lang='lat' dir='ltr'><strong>Signiﬁcent,</strong></span> <span class='ocrx_word' id='word_1_685' title='bbox 2591 4386 3056 4460; x_wconf 90' lang='lat' dir='ltr'><strong>quemadmodum</strong></span> <span class='ocrx_word' id='word_1_686' title='bbox 3086 4385 3354 4442; x_wconf 88' lang='lat' dir='ltr'><strong>adversus</strong></span> <span class='ocrx_word' id='word_1_687' title='bbox 3376 4385 3585 4452; x_wconf 91' lang='lat' dir='ltr'><strong>hostes,</strong></span> 
     </span>
    </p>
   </div>
   <div class='ocr_carea' id='block_1_91' title="bbox 1989 4477 3587 4553">
    <p class='ocr_par' dir='ltr' id='par_1_91' title="bbox 1989 4477 3587 4553">
     <span class='ocr_line' id='line_1_91' title="bbox 1989 4477 3587 4553; baseline -0.003 -14"><span class='ocrx_word' id='word_1_688' title='bbox 1989 4485 2047 4539; x_wconf 92' lang='lat' dir='ltr'><strong>id</strong></span> <span class='ocrx_word' id='word_1_689' title='bbox 2080 4491 2167 4541; x_wconf 91' lang='lat' dir='ltr'><strong>est</strong></span> <span class='ocrx_word' id='word_1_690' title='bbox 2187 4497 2301 4548; x_wconf 87' lang='lat' dir='ltr'><strong>eas,</strong></span> <span class='ocrx_word' id='word_1_691' title='bbox 2332 4496 2458 4553; x_wconf 66' lang='lat' dir='ltr'><strong>quae</strong></span> <span class='ocrx_word' id='word_1_692' title='bbox 2476 4480 2641 4537; x_wconf 91' lang='lat' dir='ltr'><strong>nobis</strong></span> <span class='ocrx_word' id='word_1_693' title='bbox 2666 4479 2847 4535; x_wconf 75' lang='lat' dir='ltr'><strong>insita:</strong></span> <span class='ocrx_word' id='word_1_694' title='bbox 2875 4488 3038 4544; x_wconf 87' lang='lat' dir='ltr'><strong>sunt,</strong></span> <span class='ocrx_word' id='word_1_695' title='bbox 3080 4477 3249 4533; x_wconf 90' lang='lat' dir='ltr'><strong>animi</strong></span> <span class='ocrx_word' id='word_1_696' title='bbox 3289 4478 3587 4549; x_wconf 88' lang='lat' dir='ltr'><strong>perturba-</strong></span> 
     </span>
    </p>
   </div>
   <div class='ocr_carea' id='block_1_92' title="bbox 280 4570 1890 4657">
    <p class='ocr_par' dir='ltr' id='par_1_92' title="bbox 280 4576 1885 4657">
     <span class='ocr_line' id='line_1_92' title="bbox 280 4576 1885 4657; baseline -0.008 -15"><span class='ocrx_word' id='word_1_697' title='bbox 280 4588 500 4652; x_wconf 80' lang='grc' dir='ltr'>παθῶν,</span> <span class='ocrx_word' id='word_1_698' title='bbox 521 4581 584 4640; x_wconf 79' lang='grc' dir='ltr'>εὖ</span> <span class='ocrx_word' id='word_1_699' title='bbox 611 4586 759 4657; x_wconf 85' lang='grc' dir='ltr'>μάλα</span> <span class='ocrx_word' id='word_1_700' title='bbox 790 4582 1319 4655; x_wconf 83' lang='grc' dir='ltr'>κατασημαίνοντες.</span> <span class='ocrx_word' id='word_1_701' title='bbox 1352 4577 1566 4634; x_wconf 76' lang='grc' dir='ltr'>Οὐκοῦν</span> <span class='ocrx_word' id='word_1_702' title='bbox 1595 4576 1885 4631; x_wconf 83' lang='grc' dir='ltr'>ὑποτύπω-</span> 
     </span>
    </p>
   </div>
   <div class='ocr_carea' id='block_1_93' title="bbox 1994 4570 3585 4657">
    <p class='ocr_par' dir='ltr' id='par_1_93' title="bbox 1994 4570 3585 4646">
     <span class='ocr_line' id='line_1_93' title="bbox 1994 4570 3585 4646; baseline -0.005 -13"><span class='ocrx_word' id='word_1_703' title='bbox 1994 4577 2192 4642; x_wconf 85' lang='lat' dir='ltr'><strong>tiones,</strong></span> <span class='ocrx_word' id='word_1_704' title='bbox 2229 4585 2455 4631; x_wconf 92' lang='lat' dir='ltr'><strong>strenue</strong></span> <span class='ocrx_word' id='word_1_705' title='bbox 2481 4571 2836 4646; x_wconf 90' lang='lat' dir='ltr'><strong>pugnandum</strong></span> <span class='ocrx_word' id='word_1_706' title='bbox 2872 4571 2965 4627; x_wconf 90' lang='lat' dir='ltr'><strong>sit.</strong></span> <span class='ocrx_word' id='word_1_707' title='bbox 2999 4572 3141 4644; x_wconf 87' lang='lat' dir='ltr'><strong>Ergo</strong></span> <span class='ocrx_word' id='word_1_708' title='bbox 3166 4570 3425 4626; x_wconf 86' lang='lat' dir='ltr'><strong>sacerdos</strong></span> <span class='ocrx_word' id='word_1_709' title='bbox 3458 4570 3585 4641; x_wconf 89' lang='lat' dir='ltr'><strong>qui—</strong></span> 
     </span>
    </p>
   </div>
   <div class='ocr_carea' id='block_1_94' title="bbox 284 4667 1884 4749">
    <p class='ocr_par' dir='ltr' id='par_1_94' title="bbox 284 4667 1884 4749">
     <span class='ocr_line' id='line_1_94' title="bbox 284 4667 1884 4749; baseline -0.009 -15"><span class='ocrx_word' id='word_1_710' title='bbox 284 4698 369 4744; x_wconf 89' lang='grc' dir='ltr'><strong>σις</strong></span> <span class='ocrx_word' id='word_1_711' title='bbox 400 4675 648 4749; x_wconf 80' lang='grc' dir='ltr'>Χριστοῦ</span> <span class='ocrx_word' id='word_1_712' title='bbox 684 4677 806 4747; x_wconf 81' lang='grc' dir='ltr'>μὲν,</span> <span class='ocrx_word' id='word_1_713' title='bbox 838 4676 868 4728; x_wconf 83' lang='grc' dir='ltr'>ὁ</span> <span class='ocrx_word' id='word_1_714' title='bbox 896 4672 1080 4744; x_wconf 79' lang='grc' dir='ltr'>ἱερεὺς</span> <span class='ocrx_word' id='word_1_715' title='bbox 1100 4712 1116 4736; x_wconf 90' lang='grc'><strong>,</strong></span> <span class='ocrx_word' id='word_1_716' title='bbox 1142 4670 1443 4733; x_wconf 83' lang='grc' dir='ltr'>τουτέστιν,</span> <span class='ocrx_word' id='word_1_717' title='bbox 1476 4671 1505 4723; x_wconf 83' lang='grc' dir='ltr'>ὁ</span> <span class='ocrx_word' id='word_1_718' title='bbox 1541 4667 1750 4731; x_wconf 81' lang='grc' dir='ltr'>Φινεὲς,</span> <span class='ocrx_word' id='word_1_719' title='bbox 1781 4667 1884 4735; x_wconf 67' lang='grc' dir='ltr'><strong>ἁγη</strong></span> 
     </span>
    </p>
   </div>
   <div class='ocr_carea' id='block_1_95' title="bbox 282 4758 1886 4840">
    <p class='ocr_par' dir='ltr' id='par_1_95' title="bbox 282 4758 1886 4840">
     <span class='ocr_line' id='line_1_95' title="bbox 282 4758 1886 4840; baseline -0.008 -15"><span class='ocrx_word' id='word_1_720' title='bbox 282 4772 460 4840; x_wconf 81' lang='grc' dir='ltr'>γέλων</span> <span class='ocrx_word' id='word_1_721' title='bbox 494 4769 590 4833; x_wconf 84' lang='grc' dir='ltr'><strong>δὲ,</strong></span> <span class='ocrx_word' id='word_1_722' title='bbox 636 4766 810 4838; x_wconf 86' lang='grc' dir='ltr'>σκεύη</span> <span class='ocrx_word' id='word_1_723' title='bbox 845 4766 914 4820; x_wconf 83' lang='grc' dir='ltr'>τὰ</span> <span class='ocrx_word' id='word_1_724' title='bbox 966 4765 1133 4833; x_wconf 71' lang='grc' dir='ltr'>ἅγιαο</span> <span class='ocrx_word' id='word_1_725' title='bbox 1174 4761 1286 4816; x_wconf 87' lang='grc' dir='ltr'><strong>τῶν</strong></span> <span class='ocrx_word' id='word_1_726' title='bbox 1316 4761 1375 4817; x_wconf 79' lang='grc' dir='ltr'><strong>δὲ</strong></span> <span class='ocrx_word' id='word_1_727' title='bbox 1420 4760 1515 4816; x_wconf 77' lang='grc' dir='ltr'>τὸν</span> <span class='ocrx_word' id='word_1_728' title='bbox 1563 4758 1709 4812; x_wconf 84' lang='grc' dir='ltr'>θεῖον</span> <span class='ocrx_word' id='word_1_729' title='bbox 1750 4759 1886 4830; x_wconf 79' lang='grc' dir='ltr'>ἡμῖν</span> 
     </span>
    </p>
   </div>
   <div class='ocr_carea' id='block_1_96' title="bbox 283 4848 1883 4930">
    <p class='ocr_par' dir='ltr' id='par_1_96' title="bbox 283 4848 1883 4930">
     <span class='ocr_line' id='line_1_96' title="bbox 283 4848 1883 4930; baseline -0.007 -16"><span class='ocrx_word' id='word_1_730' title='bbox 283 4857 739 4930; x_wconf 82' lang='grc' dir='ltr'>διακεκραγότων</span> <span class='ocrx_word' id='word_1_731' title='bbox 781 4855 967 4923; x_wconf 87' lang='grc' dir='ltr'>λόγον,</span> <span class='ocrx_word' id='word_1_732' title='bbox 998 4855 1054 4909; x_wconf 82' lang='grc' dir='ltr'>αἱ</span> <span class='ocrx_word' id='word_1_733' title='bbox 1088 4853 1394 4921; x_wconf 83' lang='grc' dir='ltr'>σάλπιγγες</span> <span class='ocrx_word' id='word_1_734' title='bbox 1420 4850 1532 4904; x_wconf 87' lang='grc' dir='ltr'><strong>τῶν</strong></span> <span class='ocrx_word' id='word_1_735' title='bbox 1571 4848 1883 4921; x_wconf 87' lang='grc' dir='ltr'>σημασιῶν.</span> 
     </span>
    </p>
   </div>
   <div class='ocr_carea' id='block_1_97' title="bbox 284 4938 1884 5021">
    <p class='ocr_par' dir='ltr' id='par_1_97' title="bbox 284 4938 1884 5021">
     <span class='ocr_line' id='line_1_97' title="bbox 284 4938 1884 5021; baseline -0.008 -17"><span class='ocrx_word' id='word_1_736' title='bbox 284 4950 446 5005; x_wconf 80' lang='grc' dir='ltr'>Οὕτω</span> <span class='ocrx_word' id='word_1_737' title='bbox 480 4948 594 5021; x_wconf 81' lang='grc' dir='ltr'>γὰρ</span> <span class='ocrx_word' id='word_1_738' title='bbox 628 4945 876 5018; x_wconf 75' lang='grc' dir='ltr'>ἀμογητὶ</span> <span class='ocrx_word' id='word_1_739' title='bbox 908 4941 1282 5016; x_wconf 84' lang='grc' dir='ltr'>περιεσόμεθα</span> <span class='ocrx_word' id='word_1_740' title='bbox 1328 4940 1441 4995; x_wconf 85' lang='grc' dir='ltr'><strong>τῶν</strong></span> <span class='ocrx_word' id='word_1_741' title='bbox 1469 4938 1884 5010; x_wconf 85' lang='grc' dir='ltr'>ἀνθεστηκότων</span> 
     </span>
    </p>
   </div>
   <div class='ocr_carea' id='block_1_98' title="bbox 264 5031 1885 5112">
    <p class='ocr_par' dir='ltr' id='par_1_98' title="bbox 264 5031 1885 5112">
     <span class='ocr_line' id='line_1_98' title="bbox 264 5031 1885 5112; baseline -0.009 -15"><span class='ocrx_word' id='word_1_742' title='bbox 264 5044 341 5097; x_wconf 78' lang='grc' dir='ltr'>’ἐν</span> <span class='ocrx_word' id='word_1_743' title='bbox 368 5039 620 5112; x_wconf 82' lang='grc' dir='ltr'>Χριστῷ,</span> <span class='ocrx_word' id='word_1_744' title='bbox 651 5038 907 5108; x_wconf 88' lang='grc' dir='ltr'>λέγοντες</span> <span class='ocrx_word' id='word_1_745' title='bbox 935 5036 995 5090; x_wconf 86' lang='grc' dir='ltr'><strong>τὺ</strong></span> <span class='ocrx_word' id='word_1_746' title='bbox 1027 5036 1085 5088; x_wconf 85' lang='grc' dir='ltr'><strong>ἐν</strong></span> <span class='ocrx_word' id='word_1_747' title='bbox 1123 5034 1379 5104; x_wconf 85' lang='grc' dir='ltr'>Ψαλμοῖς</span> <span class='ocrx_word' id='word_1_748' title='bbox 1412 5032 1693 5105; x_wconf 75' lang='grc' dir='ltr'>ᾀδόμενον·</span> <span class='ocrx_word' id='word_1_749' title='bbox 1727 5050 1746 5083; x_wconf 84' lang='grc'><strong><em>‹</em></strong></span> <span class='ocrx_word' id='word_1_750' title='bbox 1796 5031 1885 5084; x_wconf 89' lang='grc' dir='ltr'><strong>Ἐν</strong></span> 
     </span>
    </p>
   </div>
   <div class='ocr_carea' id='block_1_99' title="bbox 285 5122 1886 5204">
    <p class='ocr_par' dir='ltr' id='par_1_99' title="bbox 285 5122 1886 5204">
     <span class='ocr_line' id='line_1_99' title="bbox 285 5122 1886 5204; baseline -0.009 -13"><span class='ocrx_word' id='word_1_751' title='bbox 285 5137 368 5192; x_wconf 76' lang='grc' dir='ltr'>σοὶ</span> <span class='ocrx_word' id='word_1_752' title='bbox 397 5135 531 5198; x_wconf 79' lang='grc' dir='ltr'>τοὺς</span> <span class='ocrx_word' id='word_1_753' title='bbox 569 5130 801 5204; x_wconf 83' lang='grc' dir='ltr'>ἐχθροὺς</span> <span class='ocrx_word' id='word_1_754' title='bbox 834 5129 993 5203; x_wconf 79' lang='grc' dir='ltr'>ἡμῶν</span> <span class='ocrx_word' id='word_1_755' title='bbox 1024 5126 1410 5200; x_wconf 84' lang='grc' dir='ltr'>κερατιοῦμεν,</span> <span class='ocrx_word' id='word_1_756' title='bbox 1449 5127 1545 5180; x_wconf 70' lang='grc' dir='ltr'><strong>καὶ</strong></span> <span class='ocrx_word' id='word_1_757' title='bbox 1571 5127 1628 5179; x_wconf 79' lang='grc' dir='ltr'><strong>ἐν</strong></span> <span class='ocrx_word' id='word_1_758' title='bbox 1662 5122 1740 5195; x_wconf 83' lang='grc' dir='ltr'>τῷ</span> <span class='ocrx_word' id='word_1_759' title='bbox 1765 5123 1886 5179; x_wconf 84' lang='grc' dir='ltr'>ὀνό-</span> 
     </span>
    </p>
   </div>
   <div class='ocr_carea' id='block_1_100' title="bbox 287 5219 1876 5301">
    <p class='ocr_par' dir='ltr' id='par_1_100' title="bbox 287 5219 1876 5301">
     <span class='ocr_line' id='line_1_100' title="bbox 287 5219 1876 5301; baseline -0.009 -18"><span class='ocrx_word' id='word_1_760' title='bbox 287 5228 419 5301; x_wconf 82' lang='grc' dir='ltr'>ματί</span> <span class='ocrx_word' id='word_1_761' title='bbox 447 5244 545 5281; x_wconf 89' lang='grc' dir='ltr'><strong>σου</strong></span> <span class='ocrx_word' id='word_1_762' title='bbox 567 5224 1003 5293; x_wconf 81' lang='grc' dir='ltr'>ἐξουδενώσομεν</span> <span class='ocrx_word' id='word_1_763' title='bbox 1028 5223 1155 5286; x_wconf 82' lang='grc' dir='ltr'>τοὺς</span> <span class='ocrx_word' id='word_1_764' title='bbox 1177 5219 1646 5289; x_wconf 85' lang='grc' dir='ltr'>ἐπανισταμένους</span> <span class='ocrx_word' id='word_1_765' title='bbox 1669 5219 1820 5288; x_wconf 80' lang='grc' dir='ltr'>ἡμῖν.</span> <span class='ocrx_word' id='word_1_766' title='bbox 1858 5235 1876 5266; x_wconf 80' lang='grc' dir='ltr'><strong>ι</strong></span> 
     </span>
    </p>
   </div>
   <div class='ocr_carea' id='block_1_101' title="bbox 289 5309 1884 5393">
    <p class='ocr_par' dir='ltr' id='par_1_101' title="bbox 289 5309 1884 5393">
     <span class='ocr_line' id='line_1_101' title="bbox 289 5309 1884 5393; baseline -0.009 -16"><span class='ocrx_word' id='word_1_767' title='bbox 289 5327 355 5377; x_wconf 81' lang='lat'><strong>‘0</strong></span> <span class='ocrx_word' id='word_1_768' title='bbox 388 5321 456 5393; x_wconf 82' lang='grc' dir='ltr'><strong>δὴ</strong></span> <span class='ocrx_word' id='word_1_769' title='bbox 501 5320 601 5374; x_wconf 73' lang='grc' dir='ltr'>καὶ</span> <span class='ocrx_word' id='word_1_770' title='bbox 651 5315 1010 5389; x_wconf 84' lang='grc' dir='ltr'>πεπράχασιν</span> <span class='ocrx_word' id='word_1_771' title='bbox 1054 5315 1104 5368; x_wconf 76' lang='grc' dir='ltr'>οἱ</span> <span class='ocrx_word' id='word_1_772' title='bbox 1158 5313 1220 5378; x_wconf 74' lang='grc' dir='ltr'>ἐξ</span> <span class='ocrx_word' id='word_1_773' title='bbox 1259 5311 1517 5384; x_wconf 82' lang='grc' dir='ltr'>Ἰσραήλ·</span> <span class='ocrx_word' id='word_1_774' title='bbox 1553 5311 1738 5366; x_wconf 84' lang='grc' dir='ltr'>πᾶσαν</span> <span class='ocrx_word' id='word_1_775' title='bbox 1774 5309 1884 5381; x_wconf 83' lang='grc' dir='ltr'>γὰρ</span> 
     </span>
    </p>
   </div>
   <div class='ocr_carea' id='block_1_102' title="bbox 281 5402 1884 5482">
    <p class='ocr_par' dir='ltr' id='par_1_102' title="bbox 281 5402 1884 5482">
     <span class='ocr_line' id='line_1_102' title="bbox 281 5402 1884 5482; baseline -0.009 -13"><span class='ocrx_word' id='word_1_776' title='bbox 281 5416 388 5469; x_wconf 85' lang='grc' dir='ltr'><strong>τῶν</strong></span> <span class='ocrx_word' id='word_1_777' title='bbox 415 5410 775 5482; x_wconf 75' lang='grc' dir='ltr'>Μαδιηναίων</span> <span class='ocrx_word' id='word_1_778' title='bbox 798 5405 956 5461; x_wconf 83' lang='grc' dir='ltr'>πόλιν</span> <span class='ocrx_word' id='word_1_779' title='bbox 982 5422 1045 5461; x_wconf 85' lang='grc' dir='ltr'><strong>τε</strong></span> <span class='ocrx_word' id='word_1_780' title='bbox 1073 5405 1171 5461; x_wconf 79' lang='grc' dir='ltr'>καὶ</span> <span class='ocrx_word' id='word_1_781' title='bbox 1195 5404 1383 5477; x_wconf 84' lang='grc' dir='ltr'>χώραν</span> <span class='ocrx_word' id='word_1_782' title='bbox 1409 5402 1884 5475; x_wconf 80' lang='grc' dir='ltr'>καταδῃὼσαντες,</span> 
     </span>
    </p>
   </div>
   <div class='ocr_carea' id='block_1_103' title="bbox 284 5493 1886 5579">
    <p class='ocr_par' dir='ltr' id='par_1_103' title="bbox 284 5493 1886 5579">
     <span class='ocr_line' id='line_1_103' title="bbox 284 5493 1886 5579; baseline -0.009 -18"><span class='ocrx_word' id='word_1_783' title='bbox 284 5504 733 5579; x_wconf 80' lang='grc' dir='ltr'>παρεκομίζοντο</span> <span class='ocrx_word' id='word_1_784' title='bbox 783 5498 923 5572; x_wconf 80' lang='grc' dir='ltr'>πρὸς</span> <span class='ocrx_word' id='word_1_785' title='bbox 967 5495 1235 5569; x_wconf 77' lang='grc' dir='ltr'>Ἐλεάζαρ</span> <span class='ocrx_word' id='word_1_786' title='bbox 1262 5497 1356 5551; x_wconf 83' lang='grc' dir='ltr'>τὸν</span> <span class='ocrx_word' id='word_1_787' title='bbox 1400 5495 1550 5567; x_wconf 84' lang='grc' dir='ltr'>ἱερέα</span> <span class='ocrx_word' id='word_1_788' title='bbox 1569 5537 1587 5563; x_wconf 90' lang='grc'><strong>,</strong></span> <span class='ocrx_word' id='word_1_789' title='bbox 1616 5495 1716 5550; x_wconf 73' lang='grc' dir='ltr'>καὶ</span> <span class='ocrx_word' id='word_1_790' title='bbox 1747 5493 1886 5565; x_wconf 63' lang='grc' dir='ltr'>προς</span> 
     </span>
    </p>
   </div>
   <div class='ocr_carea' id='block_1_104' title="bbox 287 5586 1880 5666">
    <p class='ocr_par' dir='ltr' id='par_1_104' title="bbox 287 5586 1880 5666">
     <span class='ocr_line' id='line_1_104' title="bbox 287 5586 1880 5666; baseline -0.008 -15"><span class='ocrx_word' id='word_1_791' title='bbox 287 5600 470 5651; x_wconf 75' lang='grc' dir='ltr'>πᾶσαν</span> <span class='ocrx_word' id='word_1_792' title='bbox 486 5595 591 5666; x_wconf 78' lang='grc' dir='ltr'>τὴν</span> <span class='ocrx_word' id='word_1_793' title='bbox 607 5592 936 5662; x_wconf 79' lang='grc' dir='ltr'>συναγωγὴν</span> <span class='ocrx_word' id='word_1_794' title='bbox 951 5589 1085 5645; x_wconf 72' lang='grc' dir='ltr'>υἱῶν</span> <span class='ocrx_word' id='word_1_795' title='bbox 1122 5588 1345 5661; x_wconf 81' lang='grc' dir='ltr'>Ἰσραὴλ</span> <span class='ocrx_word' id='word_1_796' title='bbox 1359 5588 1459 5659; x_wconf 84' lang='grc' dir='ltr'>τὴν</span> <span class='ocrx_word' id='word_1_797' title='bbox 1478 5589 1570 5658; x_wconf 83' lang='grc' dir='ltr'>αἰχ</span> <span class='ocrx_word' id='word_1_798' title='bbox 1578 5586 1880 5659; x_wconf 78' lang='grc' dir='ltr'>μαλωσίαψ</span> 
     </span>
    </p>
   </div>
   <div class='ocr_carea' id='block_1_105' title="bbox 288 5678 1886 5762">
    <p class='ocr_par' dir='ltr' id='par_1_105' title="bbox 288 5678 1886 5762">
     <span class='ocr_line' id='line_1_105' title="bbox 288 5678 1886 5762; baseline -0.006 -21"><span class='ocrx_word' id='word_1_799' title='bbox 288 5689 408 5762; x_wconf 73' lang='grc' dir='ltr'>ἱερὰ</span> <span class='ocrx_word' id='word_1_800' title='bbox 439 5689 554 5759; x_wconf 83' lang='grc' dir='ltr'>γὰρ</span> <span class='ocrx_word' id='word_1_801' title='bbox 580 5686 776 5758; x_wconf 82' lang='grc' dir='ltr'>ὥσπερ</span> <span class='ocrx_word' id='word_1_802' title='bbox 809 5682 1140 5755; x_wconf 79' lang='grc' dir='ltr'>ἀναθήματα</span> <span class='ocrx_word' id='word_1_803' title='bbox 1168 5678 1248 5759; x_wconf 67' lang='grc' dir='ltr'>τῷ</span> <span class='ocrx_word' id='word_1_804' title='bbox 1293 5679 1517 5751; x_wconf 82' lang='grc' dir='ltr'>Χριστῷ</span> <span class='ocrx_word' id='word_1_805' title='bbox 1544 5678 1623 5750; x_wconf 84' lang='grc' dir='ltr'><strong>τῷ</strong></span> <span class='ocrx_word' id='word_1_806' title='bbox 1668 5679 1886 5734; x_wconf 84' lang='grc' dir='ltr'>πάντων</span> 
     </span>
    </p>
   </div>
   <div class='ocr_carea' id='block_1_106' title="bbox 357 5871 960 5943">
    <p class='ocr_par' dir='ltr' id='par_1_106' title="bbox 357 5871 960 5943">
     <span class='ocr_line' id='line_1_106' title="bbox 357 5871 960 5943; baseline -0.017 -9"><span class='ocrx_word' id='word_1_807' title='bbox 357 5875 404 5912; x_wconf 86' lang='grc'><strong>⁸¹</strong></span> <span class='ocrx_word' id='word_1_808' title='bbox 431 5875 599 5934; x_wconf 75' lang='lat' dir='ltr'><strong>Num.</strong></span> <span class='ocrx_word' id='word_1_809' title='bbox 624 5889 705 5942; x_wconf 83' lang='lat' dir='ltr'><strong>Ill,</strong></span> <span class='ocrx_word' id='word_1_810' title='bbox 734 5871 758 5927; x_wconf 87' lang='lat' dir='ltr'><strong>l</strong></span> <span class='ocrx_word' id='word_1_811' title='bbox 805 5885 960 5943; x_wconf 86' lang='lat' dir='ltr'><strong>seqq.</strong></span> 
     </span>
    </p>
   </div>
   <div class='ocr_carea' id='block_1_107' title="bbox 1985 4664 3586 4738">
    <p class='ocr_par' dir='ltr' id='par_1_107' title="bbox 1985 4664 3586 4738">
     <span class='ocr_line' id='line_1_107' title="bbox 1985 4664 3586 4738; baseline -0.004 -11"><span class='ocrx_word' id='word_1_812' title='bbox 1985 4670 2134 4735; x_wconf 89' lang='lat' dir='ltr'><strong>dem,</strong></span> <span class='ocrx_word' id='word_1_813' title='bbox 2165 4668 2405 4724; x_wconf 89' lang='lat' dir='ltr'><strong>Phinees</strong></span> <span class='ocrx_word' id='word_1_814' title='bbox 2423 4667 2672 4738; x_wconf 88' lang='lat' dir='ltr'><strong>inquam,</strong></span> <span class='ocrx_word' id='word_1_815' title='bbox 2702 4665 2909 4722; x_wconf 87' lang='lat' dir='ltr'><strong>Christi</strong></span> <span class='ocrx_word' id='word_1_816' title='bbox 2941 4664 3112 4737; x_wconf 88' lang='lat' dir='ltr'><strong>ﬁgura</strong></span> <span class='ocrx_word' id='word_1_817' title='bbox 3139 4673 3244 4731; x_wconf 90' lang='lat' dir='ltr'><strong>est,</strong></span> <span class='ocrx_word' id='word_1_818' title='bbox 3267 4666 3586 4737; x_wconf 85' lang='lat' dir='ltr'><strong>angelorum</strong></span> 
     </span>
    </p>
   </div>
   <div class='ocr_carea' id='block_1_108' title="bbox 1983 4757 3585 4830">
    <p class='ocr_par' dir='ltr' id='par_1_108' title="bbox 1983 4757 3585 4830">
     <span class='ocr_line' id='line_1_108' title="bbox 1983 4757 3585 4830; baseline -0.005 -9"><span class='ocrx_word' id='word_1_819' title='bbox 1983 4779 2119 4821; x_wconf 77' lang='lat' dir='ltr'><strong>vero</strong></span> <span class='ocrx_word' id='word_1_820' title='bbox 2145 4777 2303 4819; x_wconf 88' lang='lat' dir='ltr'><strong>sacra</strong></span> <span class='ocrx_word' id='word_1_821' title='bbox 2323 4775 2473 4828; x_wconf 87' lang='lat' dir='ltr'><strong>vasa,</strong></span> <span class='ocrx_word' id='word_1_822' title='bbox 2495 4774 2689 4816; x_wconf 88' lang='lat' dir='ltr'><strong>eorum</strong></span> <span class='ocrx_word' id='word_1_823' title='bbox 2721 4773 2910 4830; x_wconf 88' lang='lat' dir='ltr'><strong>porro,</strong></span> <span class='ocrx_word' id='word_1_824' title='bbox 2932 4758 3029 4830; x_wconf 89' lang='lat' dir='ltr'><strong>qui</strong></span> <span class='ocrx_word' id='word_1_825' title='bbox 3050 4757 3213 4814; x_wconf 89' lang='lat' dir='ltr'><strong>nobis</strong></span> <span class='ocrx_word' id='word_1_826' title='bbox 3236 4757 3332 4813; x_wconf 91' lang='lat' dir='ltr'><strong>Dei</strong></span> <span class='ocrx_word' id='word_1_827' title='bbox 3352 4757 3585 4813; x_wconf 87' lang='lat' dir='ltr'><strong>verbum</strong></span> 
     </span>
    </p>
   </div>
   <div class='ocr_carea' id='block_1_109' title="bbox 1987 4851 3585 4928">
    <p class='ocr_par' dir='ltr' id='par_1_109' title="bbox 1987 4851 3585 4928">
     <span class='ocr_line' id='line_1_109' title="bbox 1987 4851 3585 4928; baseline -0.005 -15"><span class='ocrx_word' id='word_1_828' title='bbox 1987 4856 2293 4928; x_wconf 71' lang='lat' dir='ltr'><strong>praedicant</strong></span> <span class='ocrx_word' id='word_1_829' title='bbox 2314 4897 2330 4921; x_wconf 90' lang='lat'><strong>,</strong></span> <span class='ocrx_word' id='word_1_830' title='bbox 2353 4856 2637 4926; x_wconf 87' lang='lat' dir='ltr'><strong>signorum</strong></span> <span class='ocrx_word' id='word_1_831' title='bbox 2663 4852 2830 4909; x_wconf 64' lang='lat' dir='ltr'><strong>tubae.</strong></span> <span class='ocrx_word' id='word_1_832' title='bbox 2859 4851 2940 4907; x_wconf 88' lang='lat' dir='ltr'><strong>Ita</strong></span> <span class='ocrx_word' id='word_1_833' title='bbox 2972 4851 3181 4922; x_wconf 88' lang='lat' dir='ltr'><strong>quippe</strong></span> <span class='ocrx_word' id='word_1_834' title='bbox 3215 4851 3371 4906; x_wconf 91' lang='lat' dir='ltr'><strong>nullo</strong></span> <span class='ocrx_word' id='word_1_835' title='bbox 3397 4851 3585 4906; x_wconf 87' lang='lat' dir='ltr'><strong>labore</strong></span> 
     </span>
    </p>
   </div>
   <div class='ocr_carea' id='block_1_110' title="bbox 1986 4942 3585 5017">
    <p class='ocr_par' dir='ltr' id='par_1_110' title="bbox 1986 4942 3585 5017">
     <span class='ocr_line' id='line_1_110' title="bbox 1986 4942 3585 5017; baseline -0.004 -12"><span class='ocrx_word' id='word_1_836' title='bbox 1986 4949 2203 5005; x_wconf 90' lang='lat' dir='ltr'><strong>hostem</strong></span> <span class='ocrx_word' id='word_1_837' title='bbox 2232 4948 2287 5003; x_wconf 92' lang='lat' dir='ltr'><strong>in</strong></span> <span class='ocrx_word' id='word_1_838' title='bbox 2310 4946 2533 5003; x_wconf 88' lang='lat' dir='ltr'><strong>Christo</strong></span> <span class='ocrx_word' id='word_1_839' title='bbox 2557 4945 2963 5017; x_wconf 89' lang='lat' dir='ltr'><strong>superabimus,</strong></span> <span class='ocrx_word' id='word_1_840' title='bbox 2999 4943 3135 5000; x_wconf 91' lang='lat' dir='ltr'><strong>illud</strong></span> <span class='ocrx_word' id='word_1_841' title='bbox 3152 4942 3419 5009; x_wconf 87' lang='lat' dir='ltr'><strong>dicentes,</strong></span> <span class='ocrx_word' id='word_1_842' title='bbox 3437 4944 3585 5014; x_wconf 89' lang='lat' dir='ltr'><strong>quod</strong></span> 
     </span>
    </p>
   </div>
   <div class='ocr_carea' id='block_1_111' title="bbox 1993 5035 3585 5095">
    <p class='ocr_par' dir='ltr' id='par_1_111' title="bbox 1993 5035 3585 5095">
     <span class='ocr_line' id='line_1_111' title="bbox 1993 5035 3585 5095; baseline -0.002 -1"><span class='ocrx_word' id='word_1_843' title='bbox 1993 5040 2049 5094; x_wconf 90' lang='lat' dir='ltr'><strong>in</strong></span> <span class='ocrx_word' id='word_1_844' title='bbox 2072 5037 2304 5095; x_wconf 87' lang='lat' dir='ltr'><strong>Psalmis</strong></span> <span class='ocrx_word' id='word_1_845' title='bbox 2319 5038 2569 5094; x_wconf 90' lang='lat' dir='ltr'><strong>canitur:</strong></span> <span class='ocrx_word' id='word_1_846' title='bbox 2597 5056 2616 5088; x_wconf 73' lang='grc' dir='ltr'><strong>ε</strong></span> <span class='ocrx_word' id='word_1_847' title='bbox 2641 5037 2702 5093; x_wconf 91' lang='lat' dir='ltr'><strong>In</strong></span> <span class='ocrx_word' id='word_1_848' title='bbox 2723 5046 2777 5093; x_wconf 91' lang='lat' dir='ltr'><strong>te</strong></span> <span class='ocrx_word' id='word_1_849' title='bbox 2813 5036 3070 5094; x_wconf 88' lang='lat' dir='ltr'><strong>inimicos</strong></span> <span class='ocrx_word' id='word_1_850' title='bbox 3097 5043 3319 5092; x_wconf 90' lang='lat' dir='ltr'><strong>nostros</strong></span> <span class='ocrx_word' id='word_1_851' title='bbox 3352 5035 3585 5091; x_wconf 87' lang='lat' dir='ltr'><strong>ventila-</strong></span> 
     </span>
    </p>
   </div>
   <div class='ocr_carea' id='block_1_112' title="bbox 1995 5124 3584 5197">
    <p class='ocr_par' dir='ltr' id='par_1_112' title="bbox 1995 5124 3584 5197">
     <span class='ocr_line' id='line_1_112' title="bbox 1995 5124 3584 5197; baseline -0.003 -14"><span class='ocrx_word' id='word_1_852' title='bbox 1995 5128 2178 5184; x_wconf 88' lang='lat' dir='ltr'><strong>bimus</strong></span> <span class='ocrx_word' id='word_1_853' title='bbox 2214 5142 2412 5192; x_wconf 88' lang='lat' dir='ltr'><strong>cornu,</strong></span> <span class='ocrx_word' id='word_1_854' title='bbox 2455 5134 2513 5183; x_wconf 92' lang='lat' dir='ltr'><strong>et</strong></span> <span class='ocrx_word' id='word_1_855' title='bbox 2549 5127 2608 5182; x_wconf 91' lang='lat' dir='ltr'><strong>in</strong></span> <span class='ocrx_word' id='word_1_856' title='bbox 2648 5127 2873 5183; x_wconf 90' lang='lat' dir='ltr'><strong>nomine</strong></span> <span class='ocrx_word' id='word_1_857' title='bbox 2911 5132 3007 5182; x_wconf 87' lang='lat' dir='ltr'><strong>tuo</strong></span> <span class='ocrx_word' id='word_1_858' title='bbox 3040 5140 3364 5197; x_wconf 85' lang='lat' dir='ltr'><strong>Spernemus</strong></span> <span class='ocrx_word' id='word_1_859' title='bbox 3398 5124 3584 5180; x_wconf 88' lang='lat' dir='ltr'><strong>insur-</strong></span> 
     </span>
    </p>
   </div>
   <div class='ocr_carea' id='block_1_113' title="bbox 1991 5215 3581 5291">
    <p class='ocr_par' dir='ltr' id='par_1_113' title="bbox 1991 5215 3581 5291">
     <span class='ocr_line' id='line_1_113' title="bbox 1991 5215 3581 5291; baseline -0.002 -16"><span class='ocrx_word' id='word_1_860' title='bbox 1991 5229 2183 5291; x_wconf 81' lang='lat' dir='ltr'><strong>gentes</strong></span> <span class='ocrx_word' id='word_1_861' title='bbox 2211 5221 2266 5275; x_wconf 91' lang='lat' dir='ltr'><strong>in</strong></span> <span class='ocrx_word' id='word_1_862' title='bbox 2288 5219 2451 5275; x_wconf 89' lang='lat' dir='ltr'><strong>nobis</strong></span> <span class='ocrx_word' id='word_1_863' title='bbox 2464 5220 2529 5275; x_wconf 82' lang='grc'><strong>⁸³.</strong></span> <span class='ocrx_word' id='word_1_864' title='bbox 2561 5240 2579 5272; x_wconf 73' lang='grc' dir='ltr'><strong>ι</strong></span> <span class='ocrx_word' id='word_1_865' title='bbox 2607 5218 2765 5286; x_wconf 84' lang='lat' dir='ltr'><strong>Quod</strong></span> <span class='ocrx_word' id='word_1_866' title='bbox 2795 5218 2974 5289; x_wconf 80' lang='lat' dir='ltr'><strong>ipsum</strong></span> <span class='ocrx_word' id='word_1_867' title='bbox 3012 5217 3274 5274; x_wconf 71' lang='lat' dir='ltr'><strong>Israelita:</strong></span> <span class='ocrx_word' id='word_1_868' title='bbox 3293 5215 3543 5272; x_wconf 87' lang='lat' dir='ltr'><strong>fecerunt</strong></span> <span class='ocrx_word' id='word_1_869' title='bbox 3568 5236 3581 5272; x_wconf 90' lang='lat'>:</span> 
     </span>
    </p>
   </div>
   <div class='ocr_carea' id='block_1_114' title="bbox 1991 5305 3583 5379">
    <p class='ocr_par' dir='ltr' id='par_1_114' title="bbox 1991 5305 3583 5379">
     <span class='ocr_line' id='line_1_114' title="bbox 1991 5305 3583 5379; baseline -0.001 -14"><span class='ocrx_word' id='word_1_870' title='bbox 1991 5326 2142 5378; x_wconf 89' lang='lat' dir='ltr'><strong>nam,</strong></span> <span class='ocrx_word' id='word_1_871' title='bbox 2180 5325 2307 5365; x_wconf 91' lang='lat' dir='ltr'><strong>cum</strong></span> <span class='ocrx_word' id='word_1_872' title='bbox 2343 5310 2631 5366; x_wconf 87' lang='lat' dir='ltr'><strong>universas</strong></span> <span class='ocrx_word' id='word_1_873' title='bbox 2664 5309 2861 5375; x_wconf 91' lang='lat' dir='ltr'><strong>urbes,</strong></span> <span class='ocrx_word' id='word_1_874' title='bbox 2893 5320 3224 5379; x_wconf 86' lang='lat' dir='ltr'><strong>omnemque</strong></span> <span class='ocrx_word' id='word_1_875' title='bbox 3257 5305 3583 5364; x_wconf 88' lang='lat' dir='ltr'><strong>Madianita-</strong></span> 
     </span>
    </p>
   </div>
   <div class='ocr_carea' id='block_1_115' title="bbox 1988 5401 3587 5475">
    <p class='ocr_par' dir='ltr' id='par_1_115' title="bbox 1988 5401 3587 5475">
     <span class='ocr_line' id='line_1_115' title="bbox 1988 5401 3587 5475; baseline -0.001 -18"><span class='ocrx_word' id='word_1_876' title='bbox 1988 5418 2110 5457; x_wconf 89' lang='lat' dir='ltr'><strong>rum</strong></span> <span class='ocrx_word' id='word_1_877' title='bbox 2181 5404 2463 5475; x_wconf 85' lang='lat' dir='ltr'><strong>regionem</strong></span> <span class='ocrx_word' id='word_1_878' title='bbox 2528 5402 2807 5458; x_wconf 87' lang='lat' dir='ltr'><strong>hostiliter</strong></span> <span class='ocrx_word' id='word_1_879' title='bbox 2864 5402 3286 5466; x_wconf 84' lang='lat' dir='ltr'><strong>devastassent,</strong></span> <span class='ocrx_word' id='word_1_880' title='bbox 3338 5401 3587 5473; x_wconf 85' lang='lat' dir='ltr'><strong>captivos</strong></span> 
     </span>
    </p>
   </div>
   <div class='ocr_carea' id='block_1_116' title="bbox 1987 5493 3584 5560">
    <p class='ocr_par' dir='ltr' id='par_1_116' title="bbox 1987 5493 3584 5560">
     <span class='ocr_line' id='line_1_116' title="bbox 1987 5493 3584 5560; baseline -0.001 -9"><span class='ocrx_word' id='word_1_881' title='bbox 1987 5511 2182 5552; x_wconf 83' lang='lat' dir='ltr'><strong>omnes</strong></span> <span class='ocrx_word' id='word_1_882' title='bbox 2233 5497 2302 5551; x_wconf 89' lang='lat' dir='ltr'><strong>ad</strong></span> <span class='ocrx_word' id='word_1_883' title='bbox 2350 5496 2674 5553; x_wconf 84' lang='lat' dir='ltr'><strong>Eleazarum</strong></span> <span class='ocrx_word' id='word_1_884' title='bbox 2722 5494 3099 5560; x_wconf 86' lang='lat' dir='ltr'><strong>sacerdotem,</strong></span> <span class='ocrx_word' id='word_1_885' title='bbox 3135 5504 3195 5551; x_wconf 92' lang='lat' dir='ltr'><strong>et</strong></span> <span class='ocrx_word' id='word_1_886' title='bbox 3242 5493 3311 5549; x_wconf 92' lang='lat' dir='ltr'><strong>ad</strong></span> <span class='ocrx_word' id='word_1_887' title='bbox 3361 5509 3584 5551; x_wconf 90' lang='lat' dir='ltr'><strong>omnem</strong></span> 
     </span>
    </p>
   </div>
   <div class='ocr_carea' id='block_1_117' title="bbox 1988 5585 3583 5659">
    <p class='ocr_par' dir='ltr' id='par_1_117' title="bbox 1988 5585 3583 5659">
     <span class='ocr_line' id='line_1_117' title="bbox 1988 5585 3583 5659; baseline -0.002 -16"><span class='ocrx_word' id='word_1_888' title='bbox 1988 5587 2471 5659; x_wconf 81' lang='lat' dir='ltr'><strong>congregationem</strong></span> <span class='ocrx_word' id='word_1_889' title='bbox 2512 5585 2752 5642; x_wconf 84' lang='lat' dir='ltr'><strong>ﬁliorum</strong></span> <span class='ocrx_word' id='word_1_890' title='bbox 2780 5586 2945 5642; x_wconf 89' lang='lat' dir='ltr'><strong>Israel</strong></span> <span class='ocrx_word' id='word_1_891' title='bbox 2965 5586 3276 5643; x_wconf 87' lang='lat' dir='ltr'><strong>attulerunt</strong></span> <span class='ocrx_word' id='word_1_892' title='bbox 3292 5604 3304 5639; x_wconf 91' lang='lat'>:</span> <span class='ocrx_word' id='word_1_893' title='bbox 3320 5585 3583 5657; x_wconf 68' lang='lat' dir='ltr'><strong>praeclara</strong></span> 
     </span>
    </p>
   </div>
   <div class='ocr_carea' id='block_1_118' title="bbox 1992 5678 3661 5752">
    <p class='ocr_par' dir='ltr' id='par_1_118' title="bbox 1992 5678 3661 5752">
     <span class='ocr_line' id='line_1_118' title="bbox 1992 5678 3661 5752; baseline 0 -18"><span class='ocrx_word' id='word_1_894' title='bbox 1992 5694 2229 5749; x_wconf 82' lang='lat' dir='ltr'><strong>namque</strong></span> <span class='ocrx_word' id='word_1_895' title='bbox 2253 5688 2569 5735; x_wconf 86' lang='lat' dir='ltr'><strong>sanctorum</strong></span> <span class='ocrx_word' id='word_1_896' title='bbox 2602 5682 2846 5737; x_wconf 86' lang='lat' dir='ltr'><strong>virorum</strong></span> <span class='ocrx_word' id='word_1_897' title='bbox 2870 5689 3022 5752; x_wconf 74' lang='lat' dir='ltr'><strong>gesta</strong></span> <span class='ocrx_word' id='word_1_898' title='bbox 3048 5681 3199 5737; x_wconf 81' lang='lat' dir='ltr'><strong>velut</strong></span> <span class='ocrx_word' id='word_1_899' title='bbox 3230 5695 3383 5736; x_wconf 86' lang='lat' dir='ltr'><strong>sacra</strong></span> <span class='ocrx_word' id='word_1_900' title='bbox 3409 5678 3580 5734; x_wconf 85' lang='lat' dir='ltr'><strong>lecta-</strong></span> <span class='ocrx_word' id='word_1_901' title='bbox 3658 5714 3661 5715; x_wconf 52' lang='grc' dir='ltr'><strong>ν</strong></span> 
     </span>
    </p>
   </div>
   <div class='ocr_carea' id='block_1_119' title="bbox 1039 5865 2153 5935">
    <p class='ocr_par' dir='ltr' id='par_1_119' title="bbox 1039 5865 2153 5935">
     <span class='ocr_line' id='line_1_119' title="bbox 1039 5865 2153 5935; baseline -0.003 -12"><span class='ocrx_word' id='word_1_902' title='bbox 1039 5868 1085 5902; x_wconf 79' lang='grc'><strong>¹¹</strong></span> <span class='ocrx_word' id='word_1_903' title='bbox 1127 5866 1310 5924; x_wconf 87' lang='lat' dir='ltr'><strong>ICor.</strong></span> <span class='ocrx_word' id='word_1_904' title='bbox 1357 5882 1452 5932; x_wconf 75' lang='lat' dir='ltr'><strong>xu,</strong></span> <span class='ocrx_word' id='word_1_905' title='bbox 1506 5866 1596 5923; x_wconf 75' lang='lat'><strong>26.</strong></span> <span class='ocrx_word' id='word_1_906' title='bbox 1673 5865 1882 5922; x_wconf 68' lang='lat' dir='ltr'><strong>“Psal.</strong></span> <span class='ocrx_word' id='word_1_907' title='bbox 1928 5880 2074 5935; x_wconf 78' lang='lat' dir='ltr'><strong>xuii,</strong></span> <span class='ocrx_word' id='word_1_908' title='bbox 2102 5867 2153 5921; x_wconf 85' lang='lat'><strong>6.</strong></span> 
     </span>
    </p>
   </div>
  </div>
