4096 6492
508 412 614 471 527

1536 411 1593 468 8.
1634 412 2441 480 CYRILLI‘ALEX‘ANDRINI
2480 424 2799 484 ARCHIEP.

3669 437 3778 494 5‘28

511 542 621 601 que
649 527 793 583 dona
836 528 1057 584 Christo
1102 524 1348 582 omnium
1385 526 1629 593 pontiﬁci
1675 527 1951 594 dicantur,
1990 544 2085 585 nec

2196 533 2462 606 ἀρχιερεῖ,
2490 540 2585 592 καὶ⁹
2602 541 2701 594 οὐκ
2731 538 3043 614 ἀσυμφανῆ
3055 545 3166 608 τοῖς
3191 545 3340 609 λαοῖς
3369 544 3435 599 τὰ
3469 544 3577 599 τῶν
3606 548 3783 618 ἀγίων

511 620 731 692 populis
756 620 991 675 obscura
1010 626 1177 684 sunt,
1208 619 1361 689 juxta
1390 618 1561 673 illud:
1601 638 1620 670 ι
1656 618 1775 674 Νοιι
1799 628 1882 674 est
1910 623 2096 676 occula

514 712 821 783 tum,quod
870 726 980 766 non
1023 708 1436 773 manifestetur;
1476 725 1656 780 neque
1700 709 2087 766 absconditum

512 803 658 870 quod
685 818 792 856 non
816 808 1197 873 cognoscatur,
1220 808 1277 856 et
1296 801 1352 855 in
1375 809 1623 872 apertum
1642 803 1824 857 veniat
1839 801 1906 855 ⁸⁸.
1932 822 1950 854 ι
1980 803 2094 857 Du-

513 895 658 948 citur
682 894 865 962 itaque
892 891 946 945 in
975 899 1328 960 conspectum
1353 890 1673 957 sacerdotis,
1697 891 1977 962 totiusque
1997 906 2097 961 po-

511 984 627 1054 puli
652 982 831 1038 omnis
860 982 953 1035 illa
999 995 1067 1036 ex
1088 981 1406 1051 captivitate
1428 982 1633 1053 praeda,
1664 981 1892 1054 figurate
1929 990 2094 1053 atque

509 1073 742 1144 sapienti
769 1073 1263 1128 administratione.
1295 1072 1566 1130 Caeterum
1610 1073 1822 1146 Moyses
1840 1074 2095 1130 victores

507 1164 840 1234 objurgavit,
865 1164 1012 1233 quod
1040 1179 1152 1219 non
1180 1172 1435 1220 accurata
1464 1164 1595 1220 satis
1627 1165 1860 1230 ratione,
1883 1172 1942 1220 et
1971 1179 2095 1235 quae

507 1255 838 1326 reprehendi
876 1256 1027 1310 nullo
1064 1256 1227 1312 modo
1265 1265 1488 1327 posset,
1527 1271 1645 1313 rem
1694 1256 2090 1312 confecissent:

505 1360 684 1414 neque
705 1344 854 1399 enim
879 1343 1148 1417 oportuit,
1170 1343 1371 1415 inquit,
1396 1344 1552 1399 vivos
1582 1358 1778 1415 capere
1796 1343 2090 1409 masculos,

504 1452 683 1508 neque
707 1438 836 1492 item
863 1436 1116 1503 feminas,
1138 1453 1261 1508 qua:
1284 1438 1507 1509 nuptias
1536 1445 1721 1495 essent
1741 1444 2001 1508 expertae.
2016 1436 2094 1493 Ac

504 1529 645 1584 ratio
679 1529 905 1599 quidem
931 1528 1177 1584 historiae
1201 1528 1508 1599 probabilis
1532 1537 1652 1585 est:
1682 1528 1908 1583 omnino
1932 1542 2092 1583 nam-

505 1637 612 1692 que
636 1636 776 1692 opus
794 1629 935 1688 erat;
970 1629 1033 1676 ut
1061 1621 1128 1676 ab
1150 1637 1214 1676 ea
1244 1623 1490 1694 regione,
1527 1636 1648 1692 quae
1681 1620 1847 1691 paulo
1882 1626 2008 1690 post
2034 1619 2093 1675 in

503 1729 697 1768 eorum
720 1714 928 1768 ditione
965 1713 1150 1769 futura
1189 1723 1334 1781 erat,
1364 1713 1521 1769 virile
1554 1711 2091 1785 genusexscindere-

506 1814 617 1871 tur,
676 1805 827 1876 quod
870 1806 1029 1861 brevi
1060 1815 1309 1875 tempore
1367 1821 1492 1861 cum
1540 1803 1599 1859 in
1661 1802 1903 1858 adultam
1956 1812 2091 1860 mta-

504 1906 615 1953 tem
678 1914 741 1953 ac
760 1899 930 1955 robur
974 1901 1340 1971 pervenisset,
1371 1899 1573 1957 hostile
1611 1905 1759 1954 esset
1787 1896 1866 1953 illi
1888 1898 2097 1969 populo

498 1987 789 2042 futurum‘:
834 1990 1103 2049 muliebre
1139 1996 1381 2062 quoque'
1405 1989 1568 2046 simul
1609 1988 1915 2046 tollendum
1942 1996 2086 2056 erat,

499 2079 647 2149 quod
674 2082 1018 2137 occasionem
1049 2083 1296 2140 scandali
1348 2082 1712 2155 praebuisset:
1749 2082 1917 2153 1221
1935 2090 2013 2149 et,
2041 2083 2091 2138 si

498 2180 834 2240 servaretur,
859 2176 1058 2231 iterum
1089 2176 1319 2232 fortasse
1341 2183 1488 2231 esset
1515 2175 1897 2246 praebiturum.
1930 2171 2089 2241 Quod

2202 626 2622 699 κατορθώματα,
2649 633 2792 687 κατά
2821 650 2885 703 γε
2917 634 2977 687 τό
3007 651 3020 665 ·
3050 636 3155 689 «οὑ
3184 636 3294 708 γάρ
3321 638 3723 709 ὲστικρυπτδν,
3755 640 3788 694 δ

2199 714 2262 766 οὐ
2319 717 2393 786 μὴ
2448 722 2917 793 φανερωθήσεται,
2956 725 3077 779 οὐδὲ
3118 727 3459 798 ἀπόκρυφον,
3521 728 3550 782 ὃ
3606 733 3666 784 οὒ
3705 731 3791 803 μὴ

2200 806 2451 878 γνωσθῇ,
2484 811 2579 863 καὶ
2611 813 2692 876 είς
2715 814 2950 882 φανερὴν
2979 814 3131 888 ἔλθῃ.
3175 835 3193 867 ι
3239 818 3468 886 Ἀγεται
3498 819 3680 874 τοίνυν
3726 825 3793 875 ὲν

2200 894 2320 966 ὄψει
2352 898 2448 952 τοῦ
2497 901 2709 974 ἱερέως,
2764 905 2859 957 καὶ
2890 904 3090 971 παντὸς
3118 906 3212 961 τοῦ
3241 907 3375 962 λαοῦ
3400 949 3414 976 ,
3453 911 3523 965 τά
3568 913 3634 965 ὲκ
3680 913 3792 985 τῆς

2201 988 2601 1059 αἰχμαλωσίας,
2658 994 2908 1059 τυπικῶς
2943 996 3000 1050 δὲ
3038 998 3132 1050 καὶ
3171 1000 3555 1071 οἰκονομικῶς.
3606 1003 3789 1075 Πλὴν,

2200 1074 2435 1148 ὲπετίμα
2470 1078 2677 1151 Μωσῆς
2706 1084 2821 1147 τοῖς
2860 1086 3209 1157 νενικηκόσιν
3250 1088 3326 1153 ὡς
3358 1091 3419 1142 οὐ
3454 1093 3596 1146 κατὰ
3624 1074 3794 1161 λόγον

2197 1164 2290 1220 τὸν
2331 1169 2533 1242 ἀκριϐῆ
2568 1173 2665 1226 καὶ
2714 1173 3038 1246 ἀδιάϐλητον
3062 1192 3065 1195 ‘
3087 1179 3368 1244 παντελῶς
3392 1222 3407 1245 ,
3441 1183 3503 1235 τὸ
3546 1186 3796 1256 πρᾶγμα.

2203 1258 2606 1315 συντεθεικόσιν
2628 1278 2643 1292 ·
2678 1264 2740 1317 οὐ
2775 1264 2883 1337 7&9
2913 1265 3040 1332 ἔδει,
3078 1268 3234 1339 φησι,
3267 1270 3556 1342 ζωγρῆσαι
3585 1274 3647 1326 τὸ
3680 1274 3795 1345 άρο

2203 1366 2316 1418 σεν,
2346 1352 2454 1405 οὐδ’
2486 1352 2556 1406 ἀν
2583 1350 2649 1408 αὗ
2678 1354 2815 1427 θῆλυ
2859 1358 2920 1412 τὸ
2948 1360 3382 1433 ὲμπειρόγαμον.
3419 1363 3523 1417 Καὶ
3556 1365 3793 1430 πιθανὸς

2201 1440 2301 1510 μὲν
2321 1440 2421 1512 τῆς
2461 1443 2700 1514 ἱστορίας
2754 1447 2783 1500 ὁ
2828 1447 2988 1515 λόγος
3010 1467 3026 1484 ο
3054 1449 3162 1504 ἔδει
3212 1450 3343 1523 7&9,
3375 1452 3485 1507 ἔδει
3526 1455 3626 1526 τῆς
3655 1457 3793 1511 ὅσον

2197 1527 2411 1585 οὐδέπω
2447 1531 2751 1606 μελλούσης
2783 1535 2889 1590 ὑπὸ
2921 1539 3108 1604 αὐτοῖς
3146 1540 3365 1596 ἔσεσθαι
3399 1544 3522 1616 γῆς,
3555 1546 3793 1600 ἀποκεί-

2199 1622 2393 1694 ρεσθαι
2422 1622 2487 1677 τὸ
2529 1623 2719 1697 ἄρσεν,
2760 1627 2837 1694 ὡς
2882 1626 3012 1704 ἦξον
3048 1634 3185 1704 μετά
3224 1634 3401 1707 βραχὺ
3455 1638 3592 1710 πρὸς
3637 1639 3791 1713 ἥϐην

2195 1729 2256 1766 τε
2288 1714 2385 1769 καὶ
2412 1714 2606 1788 ἀλκὴν,
2645 1718 2741 1772 καὶ
2773 1720 3032 1793 πολέμιον
3059 1723 3320 1794 ἐσόμενον
3362 1724 3440 1797 τῷ
3468 1727 3583 1799 λαῷ
3602 1744 3617 1758 ·
3655 1746 3790 1782 συν-

2196 1807 2538 1878 αναιρεϊσθαι
2569 1809 2628 1864 δὲ
2674 1812 2771 1866 καὶ
2818 1812 2880 1866 τὸ
2921 1813 3076 1885 θῆλυ,
3113 1815 3418 1871 σκανδάλου
3475 1818 3783 1889 παραίτιον

2198 1896 2455 1966 γεγονὸς,
2484 1897 2577 1952 καὶ
2609 1900 2659 1953 εί
2693 1900 2956 1969 σέσωστο,
2984 1903 3126 1975 τάχα
3154 1922 3258 1958 που
3294 1906 3456 1961 πάλιν
3495 1909 3785 1980 ἐσόμενον·

2194 1990 2318 2044 ὅσον
2361 1991 2420 2045 δὲ
2447 1984 2585 2063 ἧκον
2612 1993 2695 2058 είς
2726 1993 2962 2067 θεωρίαν
3008 1995 3107 2069 τὴν
3138 2001 3537 2072 πνευματικὴν,
3594 2004 3779 2056 ἐκεῖνο

2194 2075 2348 2154 οἶμαι
2378 2097 2482 2136 που
2511 2084 2722 2140 κατίδοι
2755 2103 2840 2151 τις
2875 2085 2942 2141 ἂν
2969 2086 3028 2141 ἓν
3060 2104 3125 2158 γε
3153 2076 3473 2160 δὴτούτοις
3504 2095 3635 2164 ἡμῖν
3680 2096 3786 2148 ἀσ-

2194 2174 2359 2239 τείως
2393 2175 2661 2249 ὑποδηλού
2668 2195 2852 2250 μενον.

496 2274 681 2321 autem
734 2267 802 2322 ad
834 2269 1353 2340 contemplationem
1392 2268 1673 2340 pertinent
1704 2269 2081 2341 spiritualem,
2123 2267 2280 2336 illud,
2316 2270 2423 2328 nisi
2453 2270 2637 2340 fallor,
2668 2272 2900 2348 intelligi
2932 2277 3113 2348 possit
3141 2260 3217 2333 in
3242 2276 3344 2334 hac
3389 2294 3450 2334 re
3512 2295 3624 2334 non
3687 2279 3781 2337 in-

495 2361 781 2417 commode
814 2361 1132 2434 signiﬁcari.

567 2449 765 2504 PALL.
793 2450 935 2517 Quid
970 2450 1143 2506 illud?

563 2541 724 2598 ΟΥΕ.
765 2541 920 2598 Lecti
948 2543 1029 2598 illi
1061 2558 1092 2597 a
1128 2542 1384 2598 tribubus
1408 2541 1633 2608 milites,
1656 2542 1907 2613 quamvis
1933 2551 2087 2613 parta

493 2632 748 2700 victoria,
783 2635 1000 2705 culpam
1040 2643 1225 2691 tamen
1254 2650 1366 2690 non
1393 2634 1738 2706 eﬂ'ugerunt:
1774 2651 1883 2706 quo
1916 2635 2087 2707 signi-

494 2725 710 2791 ficatur,
734 2732 899 2796 atque
930 2725 1067 2781 adeo
1095 2724 1407 2792 manifeste,
1435 2741 1504 2782 ne
1540 2726 1674 2797 ipsis
1704 2726 1927 2797 quidem
1952 2727 2081 2793 illis,

493 2817 588 2887 qui
626 2832 687 2871 se
724 2815 943 2871 fortiter
962 2824 1179 2888 gerunt,
1204 2818 1524 2889 contingere
1549 2832 1812 2888 unquam,
1843 2826 1905 2873 ut
1932 2818 2089 2873 omni

492 2922 560 2962 ex
598 2917 755 2978 parte
786 2908 1217 2979 reprehensione
1239 2917 1454 2965 vacent.
1478 2909 1699 2965 Etenim
1746 2909 1853 2965 hoc
1878 2909 2079 2979 ipsum,

492 3001 642 3071 quod
687 3010 832 3057 recte
877 3001 1075 3057 fecisse
1113 3002 1389 3069 videmur,
1437 3003 1594 3058 nullo
1633 3002 1799 3057 modo
1843 3001 1953 3057 erit
1990 3015 2081 3056 re-

491 3093 880 3163 prehensionis
930 3100 987 3148 et
1022 3095 1198 3165 culpa:
1244 3110 1469 3165 expers,
1510 3094 1556 3149 si
1610 3109 1727 3150 rem
1766 3091 2086 3166 diligentius

488 3185 749 3255 exquirat
772 3192 829 3238 et
860 3184 1154 3256 investiget
1183 3185 1350 3239 Deus.
1385 3184 1623 3255 Ideoque
1658 3185 1926 3257 scriptum
1954 3192 2074 3240 est:

497 3292 516 3325 ι
545 3274 600 3329 Si
630 3274 949 3344 iniquitates
974 3272 1371 3340 observaveris,
1392 3274 1646 3339 Domine,
1676 3274 1930 3341 Domine,
1954 3275 2080 3344 quis

503 3365 801 3422 sustinebit
816 3366 905 3419 3'?
935 3383 954 3416 ι
1014 3367 1191 3437 Atque
1226 3365 1461 3420 iterum:
1501 3383 1519 3415 ι
1556 3364 1640 3420 Ab
1678 3364 1910 3420 occultis
1940 3364 2079 3420 meis

2261 2448 2479 2504 EAM.-
2514 2448 2730 2506 Ὀποῖον
2758 2451 2812 2505 τί
2841 2452 2979 2524 φής;

2258 2540 2426 2596 ΚΥΡ.
2454 2539 2569 2595 Οὐκ
2598 2541 2976 2598 ἀκαταιτίατοι
3000 2545 3379 2618 μεμενήκασιν
3402 2549 3452 2601 oi
3485 2548 3782 2606 ἀπόλεκτοι

2185 2630 2297 2686 τῶν
2330 2630 2535 2701 φυλῶν,
2573 2632 2667 2686 καί
2704 2650 2788 2688 τοι
2834 2634 2935 2706 τὴν
2964 2637 3126 2709 νίκην
3157 2638 3422 2708 ἀράμενοι
3444 2656 3458 2671 ’
3488 2640 3555 2694 δι’
3581 2634 3644 2694 οὗ
3678 2659 3784 2715 σηο

2192 2722 2462 2792 μαίνεται,
2486 2722 2582 2777 καὶ
2604 2723 2749 2795 μάλα
2773 2726 2981 2796 σαφῶς,
3012 2728 3091 2790 ὡς
3105 2728 3164 2782 τὸ
3188 2730 3424 2784 είσάπαν
3451 2732 3781 2805 ἀμώμητον,

2187 2812 2298 2867 οὐδ’
2332 2814 2401 2868 ἂν
2424 2812 2757 2880 αὐτοῖς-τοῖς
2787 2816 3197 2890 ἀνδριζομένοις
3227 2821 3443 2893 ὑπάρξῃ
3474 2824 3627 2876 ποτέ.
3662 2826 3785 2881 Καὶ

2188 2904 2320 2959 αὐτὸ
2352 2905 2460 2976 7&9
2494 2907 2654 2978 ήμῶν
2682 2908 2744 2962 τὸ
2773 2909 2948 2981 ὀρθῶς
2979 2911 3269 2984 εἰργάσθαι
3302 2914 3517 2980 δοκοῦν,
3551 2917 3784 2990 μομφῆς

2202 2998 2296 3051 καὶ
2333 2997 2514 3062 αίτίας
2538 3000 2895 3071 ἀμοιρήσειεν
2928 3002 2995 3056 ἃν
3022 3002 3138 3056 οὔτι
3176 3022 3304 3071 που,
3337 3007 3783 3081 περιεργαζομέ-

2189 3105 2282 3144 νου
2298 3108 2360 3145 τε
2383 3093 2479 3146 καὶ
2514 3093 2897 3163 βασανίζοντος
2918 3094 3076 3150 Θεοῦ.
3119 3097 3409 3170 Τοιγάρτοι
3444 3101 3541 3153 καὶ
3574 3100 3780 3172 γέγρα-

2194 3197 2362 3236 πται·
2394 3202 2412 3235 ι
2458 3183 2585 3239 Ἐὰν
2616 3184 2848 3256 ἀνομίας
2882 3189 3306 3260 παρατηρήσῃς,
3334 3189 3530 3261 Κύριε,
3572 3192 3776 3264 Κύριε,

2184 3271 2270 3336 τίς
2301 3273 2703 3346 ὑποστήσεται;
2748 3294 2767 3326 ι
2809 3276 2920 3330 Καὶ
2947 3277 3111 3331 πάλιν
3136 3294 3150 3308 ·
3190 3296 3210 3330 ι
3260 3279 3356 3334 Ἐκ
3382 3280 3492 3336 τῶν
3523 3283 3780 3355 κρυφίων

2190 3377 2291 3432 μου
2311 3362 2611 3433 καθάρισόν
2640 3381 2730 3434 με,
2761 3366 2857 3419 καὶ
2883 3367 2992 3420 ἀτδ
3012 3367 3308 3440 ἀλλοτρίων
3328 3374 3509 3441 φεῖσαι
3534 3372 3629 3427 τοῦ
3654 3375 3783 3428 δού-

487 3457 693 3514 munda
718 3473 829 3523 me,
851 3466 907 3513 et
926 3456 995 3512 ab
1023 3456 1217 3513 alienis
1233 3472 1398 3528 parce
1429 3472 1589 3512 servo
1613 3464 1740 3524 tuo;
1765 3456 1810 3512 si
1837 3457 1946 3512 mei
1967 3470 2079 3511 non

2191 3451 2279 3505 λου
2310 3470 2404 3506 σου
2427 3470 2445 3487 ο
2477 3453 2576 3508 ἐὰν
2605 3456 2679 3526 μή
2721 3472 2824 3526 μου
2858 3459 3358 3529 κατακυριεύσωσι,
3386 3462 3508 3517 τότε
3540 3464 3780 3534 ἄμωμος

488 3550 700 3605 fuerint
753 3546 1043 3613 dominati,
1093 3555 1226 3601 tunc
1270 3548 1656 3603 immaculatus
1700 3548 1876 3602 ero“.
1918 3566 1936 3599 ι
1985 3547 2085 3618 Est

490 3639 657 3710 igitur
682 3637 1013 3709 quandoque
1044 3636 1102 3692 in
1132 3637 1265 3708 ipsis
1303 3652 1522 3708 quoque
1551 3637 1898 3708 egregiorum
1929 3636 2083 3692 viro-

490 3747 614 3786 rum
655 3730 891 3786 fortibus
928 3728 1115 3784 factus‘
1134 3729 1295 3800 juslae
1323 3728 1661 3785 accusationi
1691 3727 1880 3793 locus,
1915 3741 2082 3799 quem

490 3822 821 3893 lcgislatoris
857 3821 1151 3894 prudentia
1196 3821 1496 3893 perspicit,
1547 3820 1800 3893 quamvis
1838 3826 2084 3876 nostram

488 3919 665 3974 aciem
704 3917 966 3989 effugiat:
1003 3932 1182 3987 neque
1210 3915 1359 3971 enim
1395 3915 1451 3970 id
1476 3914 1944 3986 deprehendimus
1969 3915 2084 3971 ullo

488 4009 654 4065 modo
700 4011 856 4082 juxta
903 4007 1087 4063 illud:
1147 4025 1166 4059 ι
1200 4006 1412 4062 Delicta
1468 4006 1594 4078 quis
1641 4006 2013 4079 intelliget"?
2056 4024 2075 4058 ι

487 4102 800 4170 Quinetiam
826 4101 998 4157 Isaias
1048 4100 1127 4155 ait
1151 4113 1370 4154 omnem
1389 4099 1660 4171 justitiam
1697 4108 1941 4155 nostram
1960 4114 2082 4155 esse

487 4195 642 4267 quasi
690 4209 937 4265 pannum
981 4198 1340 4248 menstruataa
1392 4190 1664 4247 mulieris.
1720 4190 1858 4250 Nam
1919 4190 2080 4257 illud,

489 4286 640 4342 omni
671 4302 739 4342 ex
780 4293 937 4355 parte
997 4282 1293 4354 puritatem
1338 4282 1822 4355 integritatemque
1858 4294 2082 4339 servare

490 4394 649 4450 posse
672 4418 685 4443 ,
727 4376 955 4432 minime
988 4375 1152 4430 nobis
1193 4375 1479 4447 contingit.
1505 4375 1710 4431 Paulus
1738 4389 1961 4445 quoque
1997 4374 2084 4429 vir

493 4467 953 4538 sapientissimus,
993 4465 1244 4536 quamvis
1265 4465 1524 4521 dixisset:
1556 4483 1575 4517 ι
1614 4464 1762 4521 Nihil
1786 4465 1923 4519 mihi
1944 4476 2085 4518 con-

492 4559 641 4615 scius
695 4573 856 4625 sum;
912 4578 930 4610 ι
976 4557 1191 4614 addidit
1237 4565 1449 4614 tamen:
1481 4576 1524 4609 -‹
1565 4555 1662 4611 sed
1698 4568 1810 4609 non
1869 4553 1928 4606 in
1973 4552 2085 4607 hoc

487 4650 819 4723 justificatus
849 4667 1005 4718 sum;
1054 4650 1148 4722 qui
1187 4658 1368 4705 autem
1399 4647 1613 4720 judicat
1652 4659 1774 4710 me,
1815 4642 2085 4698 Dominus

490 4743 664 4798 est".
699 4762 716 4794 ι
763 4743 860 4798 llla
882 4757 1064 4814 porro
1110 4741 1285 4813 Moysi
1335 4735 1695 4811 reprehensio
1722 4750 1835 4789 non
1887 4748 2083 4791 omnes

2198 3543 2420 3615 ἔσομαι.
2460 3564 2479 3597 ι
2536 3546 2754 3600 Ἐνεστι
2783 3547 2848 3618 δὴ
2878 3544 2971 3603 οὖν
2996 3549 3114 3621 ἔσθ’
3162 3551 3250 3605 ὅτε
3283 3553 3378 3608 καὶ
3418 3556 3476 3608 ἐν
3511 3557 3633 3619 ταῖς
3662 3556 3782 3611 τῶν
3828 3554 3834 3558 ”

2188 3634 2507 3690 ἀπλὲκτων
2547 3636 2843 3705 ἀνδρείαις,
2876 3640 3099 3712 μομφὴν
3132 3642 3289 3697 ὁσίαν
3326 3644 3472 3709 ἰδεῖν,
3509 3646 3575 3714 ἦν
3599 3648 3635 3717 ἡ
3670 3645 3776 3701 τοῦ

2185 3725 2475 3797 νομοθέτου
2495 3726 2695 3795 γνῶσις
2710 3730 2940 3802 καθορᾷ,
2974 3734 3309 3804 παρατρέχει
3338 3735 3396 3789 δὲ
3423 3738 3570 3808 ἡμᾶς
3592 3755 3606 3769 ·
3645 3756 3780 3793 συν-

2190 3817 2341 3888 ίεμεν
2393 3816 2503 3889 γὰρ
2541 3816 2659 3873 οὔτι
2711 3836 2815 3874 που
2841 3861 2857 3886 ,
2898 3822 3044 3877 κατὰ
3091 3825 3190 3877 τό*
3267 3845 3286 3879 ι
3340 3826 3780 3900 Παραπτώματα.

2185 3909 2269 3972 τίς
2300 3911 2561 3981 συνήσει;
2604 3927 2623 3962 ι
2663 3912 2774 3966 Καὶ
2817 3913 3125 3979 Ἦσαῒαςδέ
3164 3915 3267 3969 πού
3303 3934 3490 3989 φησιν,
3517 3920 3598 3973 ὃτι
3619 3923 3779 3976 πᾶσα

2186 4002 2219 4071 ἡ
2227 3999 2346 4072 μῶν
2366 4002 2400 4071 ἡ
2434 4001 2747 4073 δικαιοσύνη
2763 4041 2779 4067 ,
2801 4002 2878 4067 ὡς
2901 4004 3068 4076 ῥάκος
3094 4006 3347 4080 ἀποκαθη
3357 4008 3544 4080 μένης.
3562 4011 3661 4065 Διά
3681 4028 3771 4065 τοι

2185 4091 2248 4145 τὸ
2270 4093 2351 4154 είς
2372 4089 2514 4160 ἄγαν
2541 4092 2774 4157 ἀστείως
2800 4093 2895 4148 καὶ
2921 4095 3263 4167 ἀμωμήτως,
3297 4097 3374 4170 μὴ
3397 4098 3464 4153 ἀν
3496 4101 3644 4170 ἔχειν
3673 4101 3776 4154 δύ-

2186 4182 2381 4237 νασθαί
2426 4200 2579 4238 ποτε.
2609 4183 2821 4250 Παῦλος
2848 4185 2906 4240 δὲ
2933 4188 2963 4240 ὁ
2999 4188 3345 4258 σοφώτατος,
3398 4209 3419 4242 ε
3452 4192 3621 4245 Οὐδὲν
3657 4193 3779 4263 γὰρ

2186 4276 2410 4349 δμαυτῷ
2453 4276 2669 4332 σύνοιδα
2703 4296 2722 4329 ι
2770 4278 3069 4350 γεγραφὼς
3091 4321 3106 4348 ,
3144 4298 3165 4332 ι
3210 4280 3365 4335 ⁹Δλλ’·
3384 4282 3486 4335 οὐκ
3513 4284 3571 4338 ὲν
3594 4283 3778 4354 τούτῳ

2186 4370 2573 4440 δεδικαίωμαι,
2612 4368 2779 4441 φησίν
2800 4385 2816 4401 ⁸
2840 4372 2869 4424 ό
2895 4371 2954 4425 δὲ
2982 4371 3293 4445 ἀνακρίνων
3320 4390 3390 4444 με
3409 4414 3425 4439 ,
3456 4373 3663 4444 Κύριός
3687 4377 3779 4428 εσυ

2185 4476 2290 4514 τιν.
2330 4477 2354 4513 ι
2399 4458 2465 4512 Ἦ
2487 4459 2545 4513 δὲ
2589 4458 2796 4529 μέμψις
2823 4462 2858 4531 ἠ
2889 4461 3042 4533 παρὰ
3069 4460 3315 4525 Μωσέως
3348 4462 3409 4515 οὐ
3434 4462 3573 4533 πρὸς
3601 4463 3777 4517 ἅπανο

2186 4567 2285 4615 τας
2337 4549 2524 4613 ἁπλῶς
2544 4588 2559 4617 ,
2592 4548 2733 4604 ἀλλὰ
2776 4551 2914 4621 πρὸς
2963 4550 3160 4623 μόνους
3184 4550 3489 4624 ἐπράττετο
3509 4552 3635 4615 τοὺς
3665 4552 3778 4623 τῆς

2182 4639 2467 4713 δυνάμεως
2491 4640 2844 4708 ἐπισκόπους,
2862 4642 2965 4695 καὶ
2989 4641 3127 4713 πρὸς
3157 4641 3480 4713 χιλιάρχους
3509 4644 3610 4699 καὶ⁸
3638 4644 3777 4698 ἑκα-

2183 4734 2510 4807 τοντάρχους
2532 4753 2547 4769 ο
2574 4752 2596 4785 ι
2631 4734 2858 4789 Δυνατοὶ
2877 4734 3009 4805 7&9,
3033 4733 3270 4798 δυνατῶς
3295 4733 3702 4803 ὲτασθήσονται,
3744 4753 3771 4786 ι

491 4836 612 4892 sine
652 4835 972 4893 discrimine
1023 4831 1464 4904 perstringebat,
1505 4828 1601 4884 sed
1643 4827 1820 4883 solum
1859 4826 2080 4897 episco-

2191 4829 2280 4882 καὶ
2301 4830 2422 4882 κατ’
2441 4826 2623 4881 αὐτῶν
2669 4827 2904 4899 μάλιστα
2932 4826 2996 4880 τὺ
3027 4825 3257 4897 ἀκριϐὲς
3280 4826 3376 4880 τοῦ
3395 4825 3563 4899 νόμου
3584 4842 3601 4859 θ
3640 4843 3660 4878 ι
3699 4820 3777 4900 τῷ

489 4942 591 4999 pos
636 4942 700 4983 ac
758 4926 927 4984 duces
963 4923 1240 4980 exercitus
1275 4928 1331 4976 et
1369 4918 1728 4982 millenarios,
1768 4932 1832 4973 ac
1874 4927 2069 4973 centu-

488 5019 714 5075 riones:
772 5036 790 5069 ι
832 5017 911 5072 De
963 5013 1285 5086 potentibus
1334 5011 1484 5066 enim
1518 5017 1787 5084 potenter
1841 5010 2071 5080 quaestio

490 5110 586 5167 fiet
601 5111 669 5176 ⁸³,
704 5129 723 5162 ι
760 5125 825 5164 ac
862 5121 1078 5164 summo
1103 5106 1225 5176 jure
1258 5118 1383 5158 cum
1410 5101 1536 5157 illis
1569 5100 1802 5156 maxime
1851 5101 1936 5172 agi
1974 5116 2076 5172 par

490 5211 611 5259 est:
647 5221 665 5254 ι
707 5200 868 5271 Apud
896 5211 1062 5270 quem
1087 5195 1257 5260 enim,
1299 5193 1499 5264 inquit,
1527 5194 1763 5248 multum
1801 5192 2076 5264 deposue-

2180 4919 2289 4990 γάρ
2321 4918 2459 4973 πολῦ
2496 4917 2836 4989 παρέθεντο,
2887 4918 3063 4988 φησὶ,
3102 4918 3238 4971 πολὺ
3286 4916 3613 4989 ζητήσουσιν
3669 4912 3787 4970 ἀπ’

2181 5010 2369 5066 αὑτοῦ.
2417 5029 2437 5062 ι
2470 5010 2760 5084 Τοιγάρτοι
2787 5011 2881 5065 καὶ
2922 5011 3169 5079 γέγραφε
3198 5008 3290 5062 τοῦ
3329 5008 3580 5081 Σωτῆρος
3610 5011 3638 5062 ὁ
3664 5026 3774 5079 μα-

2183 5102 2353 5174 θητής
2380 5119 2394 5134 ·
2423 5120 2442 5153 ι
2467 5102 2562 5174 Μὴ
2592 5101 2778 5155 πολλοὶ
2808 5100 3118 5155 διδάσκαλοι
3146 5100 3610 5169 γίνεσθε,άδελφοί
3639 5117 3770 5171 μου,

2186 5193 2391 5257 εἰδότες
2418 5195 2500 5247 ὅτι
2525 5192 2712 5264 μεῖζον
2738 5195 2912 5264 κρῖμα
2934 5191 3239 5261 ληψόμεθα.
3277 5210 3297 5242 ι
3326 5191 3555 5262 Φέρεται
3586 5191 3772 5246 τοίνυν

436 5278 439 5279 ν
490 5301 643 5359 runt,
665 5293 902 5347 multum
931 5288 1001 5343 ab
1022 5301 1089 5341 eo
1119 5286 1446 5357 quaerent".
1477 5304 1495 5338 ι
1537 5284 1774 5355 Ideoque
1813 5286 2079 5357 scriptum

2191 5285 2284 5337 ἐπὶ
2310 5283 2440 5347 τοὺς
2468 5283 2803 5346 ἐπισκόπους
2832 5281 2928 5337 καὶ
2959 5280 3069 5335 τῶν
3096 5282 3397 5351 ταγμάτων
3436 5281 3778 5352 προεστηκό-

492 5381 852 5457 reliquit‘ille
895 5377 1195 5437 Salvatoris
1249 5376 1422 5431 nostri
1461 5375 1799 5446 discipulus:
1850 5394 1869 5426 ‹
1902 5375 2083 5432 Nolite

2191 5391 2283 5437 τας
2319 5376 2355 5445 ἡ
2382 5373 2525 5428 κατά
2553 5374 2774 5428 πάντων
2800 5372 3071 5434 αἰτίασις..
3109 5372 3219 5424 ’Δεὶ
3239 5371 3350 5441 γάρ
3378 5388 3484 5424 που
3519 5374 3641 5434 ταῖς
3670 5373 3772 5441 νή-

492 5478 683 5545 plures
711 5471 959 5542 magistri
991 5468 1133 5535 ﬁeri,
1150 5467 1348 5523 fratres
1375 5467 1506 5533 mei,
1525 5468 1763 5523 scientes
1784 5467 1934 5537 quod
1963 5482 2082 5522 πιαι-

2191 5462 2310 5533 ψεσι
2342 5462 2452 5516 τῶν
2480 5462 2908 5534 καθηγουμένων
2953 5462 3234 5531 εὐδοκιμεῖ
3257 5461 3318 5514 τὸ
3348 5461 3614 5532 ὑπήκοον.
3648 5458 3773 5514 Τοι-

490 5566 583 5636 jus
616 5562 889 5637 judicium
924 5560 1292 5618 sumemus".
1319 5577 1338 5610 ι
1379 5558 1441 5613 In
1476 5559 1770 5629 episcopos
1798 5558 1988 5629 igitur,
2028 5566 2085 5613 et

2191 5553 2380 5625 γάρτοι
2399 5554 2495 5608 καὶ
2512 5554 2821 5625 γέγραπται
2846 5554 2961 5617 τοῖς
2978 5553 3085 5607 ὑπὸ
3106 5555 3264 5624 χεῖρα
3280 5552 3452 5615 λαοίς’
3476 5571 3495 5604 ι
3508 5552 3772 5607 Πείθεσθε

493 5669 610 5721 eos,
638 5655 734 5727 qui
759 5653 1047 5710 ordinibus
1068 5659 1327 5723 praesunt,
1352 5650 1660 5706 communis
1681 5650 1842 5720 culpa
1865 5647 2084 5705 confer-

2191 5650 2301 5712 τοῖς
2331 5646 2659 5719 ἡγουμένοις
2681 5648 2836 5719 ὑμῶν
2853 5647 2951 5717 καὶ
2981 5647 3257 5701 ὑπείκετε⁹
3282 5647 3438 5700 αὐτοὶ
3459 5646 3568 5720 7&9
3595 5650 3774 5719 ἀγρυ-

566 5771 614 5804 ⁸⁸
634 5769 770 5826 an.
816 5786 928 5835 Vill,
972 5769 1060 5840 l1,
1163 5766 1671 5840 ‘i‘APsal.cx_x1x,5.
1779 5766 1826 5800 ⁸⁸
1859 5766 2007 5823 Psal.
2050 5783 2085 5823 ι

2191 5808 2202 5835 ,
2239 5766 2326 5836 l5,
2358 5767 2445 5822 14.
2523 5766 2567 5801 θ’
2593 5765 2729 5822 ibid.
2772 5766 2859 5822 15.
2964 5765 3197 5822 "lCor.
3229 5781 3301 5831 iv,
3326 5765 3378 5820 4.
3456 5765 3502 5799 ⁸⁹
3542 5764 3671 5840 Sap.
3695 5780 3772 5834 γι.

497 5840 555 5899 ’1.
627 5842 674 5875 ’⁸
701 5830 956 5907 Luem,
979 5830 1069 5895 48.
1145 5839 1189 5872 ⁹¹
1213 5837 1329 5894 Jac.
1357 5852 1436 5901 ιιι,
1471 5837 1523 5892 l.
