4096 6434
370 341 483 398 333

1135 330 1224 397 DE
1264 338 1711 397 ADORATIONE
1751 336 1818 393 ιιι
1861 335 2134 393 SPIRITU
2175 337 2263 392 ET
2305 336 2676 395 \‘ERITATE.
2704 341 2833 396 LIB.
2879 341 2965 395 Iv.

3575 340 3680 402 330

369 461 607 517 τελοῦσιν
641 459 782 532 ὑπὲρ
817 459 925 514 τῶν
954 457 1145 531 ψυχῶν
1176 458 1354 530 ὑμῶν,
1381 458 1456 522 ὼς
1477 457 1635 526 λόγον
1673 454 1976 509 ἀποδώσον-

2087 461 2189 509 tur.
2215 455 2445 524 Semper
2472 458 2620 511 enim
2643 456 2757 512 fere
2785 455 3099 526 principum
3134 454 3418 529 vigilantia
3440 459 3506 518 iit
3540 475 3600 520 ut
3643 468 3678 523 ii

365 572 486 620 τες.
540 572 562 606 ι
612 551 773 609 Μετὰ
809 551 866 605 δὲ
912 551 1013 623 τὴν
1056 551 1167 605 τῶν
1213 550 1491 620 γυναικῶν
1521 567 1581 602 τε
1621 547 1716 603 καὶ
1754 546 1982 601 παιδίων

363 646 688 719 ἀναίρεσιν,
735 644 1146 708 ἀναπονίπτους
1180 644 1280 698 οὐκ
1310 644 1377 714 ἐᾷ
1420 641 1547 705 τοὺς
1580 638 1916 711 πολεμιστὰς
1956 639 1985 691 6

362 732 673 800 θεσπέσιος
707 737 917 808 Μωσῆς
947 734 1327 801 ἐναυλίζεσθαι
1355 736 1422 805 τῇ
1448 731 1772 804 παρεμϐολῇ
1801 771 1815 794 ,
1850 748 1984 800 προ-

367 829 863 900 αποκαθαίρεσθαι
885 829 944 883 δὲ
967 829 1078 883 δεῖν
1102 829 1404 894 ἐπιτάττει,
1422 826 1596 896 λέγων
1616 842 1627 854 ·
1642 844 1660 877 ι
1696 825 1805 878 Καὶ
1827 825 1983 894 ὑμεῖς

364 922 796 996 παρεμϐαλεῖτε
858 923 965 988 ἔξω
997 922 1097 993 τῆς
1142 921 1504 993 παρεμϐολῆς
1548 918 1689 973 έπτά
1739 918 1982 990 ήμέρας’

363 1018 479 1079 πᾶς
506 1018 537 1069 ὀ
558 1016 771 1070 ἀνελὼν
792 1016 890 1069 καὶ
910 1018 940 1069 6
969 1015 1277 1086 ἁπτόμενος
1303 1013 1399 1068 τοῦ
1429 1012 1776 1084 τετρωμένου
1833 1012 1986 1079 ἁγνι-

363 1105 643 1178 σθήσεται
674 1108 743 1178 τῇ
776 1107 969 1179 ἡμέρᾳ
1002 1106 1190 1178 τρίτῃ,
1224 1106 1320 1160 καὶ
1357 1108 1425 1177 τῇ
1471 1104 1657 1177 ἡμέρα
1681 1104 1746 1176 τῇ
1778 1102 1984 1176 ἑϐδόμῃ

363 1200 536 1270 ὑμεῖς
572 1200 674 1253 καὶ
702 1201 737 1271 ἡ
770 1200 1125 1271 αίχμαλωσία
1152 1198 1329 1271 ὑμῶν,
1362 1199 1456 1253 καὶ
1498 1200 1607 1252 πᾶν
1631 1196 1981 1271 περίϐλημα,

366 1291 475 1344 καὶ
522 1292 639 1345 πᾶν
689 1289 888 1355 σκεῦος
940 1290 1289 1362 δερμάτινον,
1329 1292 1427 1343 καὶ
1466 1291 1653 1344 πᾶσαν
1715 1288 1984 1358 ἐργασίαν

362 1383 429 1448 ἐξ
471 1384 725 1452 αίγείας,
768 1383 865 1437 καὶ
913 1384 1022 1438 πᾶν
1067 1383 1262 1448 σκεῦος
1289 1382 1499 1451 ξύλινον
1542 1380 1916 1452 ἀφαγνιεῖσθε.
1958 1398 1977 1433 ο

378 1474 557 1546 Ὁρᾷς
597 1475 683 1528 ὅτι
726 1475 823 1528 καὶ
863 1474 927 1527 τὸ
964 1474 1189 1547 ἄριστόν
1224 1492 1286 1528 τε
1313 1475 1411 1527 καὶ
1454 1474 1740 1545 εὐδόκιμον
1767 1474 1823 1526 ὲν
1848 1473 1983 1543 ἡμῖν

362 1568 483 1621 τῶν
535 1566 864 1621 ἀπολέκτων
919 1568 1079 1637 γένος
1132 1565 1233 1621 οὐκ
1289 1564 1594 1639 ἀμώμητον
1662 1564 1979 1628 παντελῶς⁸

371 1681 391 1715 ι
433 1660 709 1732 Καθαρδς
739 1660 851 1732 γὰρ
879 1659 1058 1725 οὐδεὶς
1104 1660 1214 1714 ἀπὸ
1252 1658 1463 1741 ῥύποι),
1504 1677 1521 1711 ι
1557 1659 1650 1713 καὶ
1688 1660 1737 1711 εἰ
1766 1657 1974 1729 σφόδρα

361 1758 454 1819 ἱτις
480 1752 573 1825 εἴη
598 1754 709 1807 τῶν
750 1754 1066 1824 εὐδοκιμεῖν
1096 1752 1370 1807 εἰωθότων
1392 1769 1405 1782 ·
1439 1752 1739 1823 τετήρηται
1784 1750 1893 1822 γάρ
1920 1750 1983 1804 τὸ

362 1844 598 1909 τελείως
637 1845 793 1913 ἅγιον
826 1844 907 1908 εἰς
934 1842 1106 1898 αίῶνα
1140 1842 1231 1897 τὸν
1267 1842 1553 1914 μέλλοντα.
1576 1841 1724 1909 Ἐξω
1761 1857 1983 1912 τοιγαρ-

360 1936 466 1992 οῦν
544 1936 769 2002 καθίζει
833 1937 936 2008 τῆς
1004 1935 1369 2009 παρεμϐολῆς
1419 1935 1548 1999 τοὺς
1605 1933 1980 2005 νενικηκότας,

361 2031 465 2086 καὶ
513 2029 928 2101 ἀφαγνίζεσθαι
970 2029 1082 2082 δεῖν
1131 2028 1331 2092 αὐτοὺς
1382 2030 1440 2082 ἐν
1487 2027 1675 2099 ἡμέρᾳ
1729 2025 1865 2098 φησὶ
1913 2026 1980 2098 τῇ

373 2124 545 2197 τρίτῃ
593 2122 689 2177 καὶ
729 2124 799 2195 τῇ
847 2122 1080 2194 ἑϐδόμῃ.
1120 2121 1234 2194 Τῆς
1269 2120 1372 2192 μὲν
1400 2120 1615 2193 ἡμέρας
1654 2120 1756 2190 τῆς
1793 2119 1984 2191 τρίτης

357 2217 394 2287 ἢ
421 2217 521 2271 τὸν
561 2215 750 2287 τρίτον
786 2216 923 2287 ἡμῖν
960 2212 1346 2286 σημαινούσης
1378 2213 1470 2266 τὸν
1500 2212 1718 2283 καιρὸν,
1766 2210 1889 2264 καθ’
1922 2209 1982 2262 ὃν

360 2312 397 2380 ἡ
433 2309 527 2363 διὰ
554 2308 803 2381 Χριστοῦ
825 2308 1021 2378 γέγονε
1052 2305 1323 2378 κάθαρσις
1352 2304 1489 2377 μετά
1511 2304 1702 2375 χρόνον
1723 2303 1814 2357 τὸν
1838 2303 1983 2358 κατά

357 2396 582 2458 Μωσέα
604 2444 620 2469 ,
651 2401 749 2457 καὶ
773 2399 898 2456 καθ’
922 2400 982 2454 ὃν
1004 2400 1033 2451 6
1058 2398 1168 2453 τῶν
1189 2398 1362 2467 ἁγίων
1380 2396 1683 2469 προφητῶν
1694 2395 1980 2468 ἀνεδείχθη

363 2495 534 2568 χορὸς
560 2537 577 2562 ,
620 2495 743 2567 ἦτοι
771 2494 865 2548 τὸν
908 2494 1008 2565 τῆς
1049 2491 1443 2555 ἀναστάσεως,
1493 2489 1619 2544 καθ’
1664 2488 1723 2542 ὃν
1778 2488 1981 2543 ἀνεϐίω

359 2590 630 2661 Χριστὸς,
666 2584 1034 2659 προσηλώσας
1052 2584 1131 2657 τῷ
1153 2585 1321 2657 τιμίῳ
1344 2582 1563 2655 σταυρῷ
1584 2583 1645 2637 τὸ
1670 2582 1796 2638 καθ’
1824 2581 1981 2654 ἡμῶν

357 2680 779 2756 χειρόγραφον,
841 2678 940 2733 καὶ
994 2676 1214 2733 λυτικδν
1266 2676 1546 2749 ἁμαρτίας
1595 2675 1659 2729 τὸ
1701 2675 1770 2729 δι’
1829 2676 1981 2747 ἡμᾶς

361 2774 679 2846 ὑπομείνας
715 2771 910 2835 πάθος.
947 2770 1060 2842 Τῆς
1110 2787 1175 2840 γε
1231 2771 1339 2842 μὴν
1372 2769 1612 2841 ἑϐδόμης
1657 2768 1748 2823 τὸν
1781 2769 1877 2822 ἐπὶ
1910 2771 1979 2842 τῇ

360 2864 656 2935 συντελείᾳ
688 2863 785 2918 τοῦ
816 2862 1084 2935 παρόντος
1113 2862 1309 2926 αἰῶνος
1341 2861 1535 2932 καιρὸν
1575 2859 1982 2932 ἀναπειθούσης

360 2961 532 3024 νοεῖν,
575 2958 702 3013 καθ’
753 2957 813 3011 δν
859 2956 1171 3028 όλοτρόπως
1224 2955 1287 3009 τὸ
1335 2954 1436 3023 τῆς
1494 2953 1771 3025 ἁμαρτίας
1818 2953 1983 3024 ἄχθος

363 3052 836 3121 ἀποσεισάμενοι,
877 3048 975 3103 καὶ
1000 3049 1081 3111 είς
1109 3046 1264 3117 λῆξιν
1311 3046 1485 3110 ἰόντες
1514 3044 1815 3116 ἀγιασμοῦ,
1857 3060 1983 3099 συν⁴

2084 547 2179 617 qui
2210 557 2424 618 parent,
2451 549 2801 605 laudabiliter
2830 564 2887 603 se
2911 558 3132 619 gelant;
3158 550 3393 624 ideoque
3411 557 3682 628 scriptum

2084 646 2170 694 est
2200 640 2422 710 populis
2454 641 2548 710 qui
2579 641 2682 695 sub
2721 640 2952 712 imperio
2984 651 3176 697 erant:
3210 663 3229 695 ι
3261 643 3495 704 Obedite
3533 665 3681 719 prae-

2083 732 2282 802 positis
2320 732 2541 797 vestris,
2565 740 2621 787 et
2653 733 2932 803 subjecete
2972 734 3085 802 eis;
3116 736 3218 806 ipsi
3266 737 3415 791 enim
3451 739 3685 811 vigilant

2084 838 2186 894 pro
2234 823 2525 879 animabus
2569 823 2803 889 vestris,
2848 833 3108 895 tanquam
3165 828 3434 883 rationem
3491 831 3682 887 reddi—

2087 918 2274 973 turi”.
2302 937 2320 968 ι
2362 918 2492 972 Post
2519 932 2713 971 necem
2751 932 2884 972 vero
2930 920 3228 975 mulierum
3281 936 3345 976 ac
3378 937 3680 991 puerorum

2085 1026 2197 1065 non
2225 1010 2499 1081 permittit
2527 1010 2724 1065 beatus
2752 1010 2966 1081 Moyses
3004 1019 3064 1065 ut
3099 1012 3305 1068 milites
3349 1014 3489 1069 illoti
3527 1031 3585 1071 se
3625 1018 3682 1071 in

2086 1111 2266 1157 castra
2291 1102 2591 1172 recipiant;
2623 1102 2720 1157 sed
2751 1109 2812 1156 ut
2844 1102 3001 1172 prius
3036 1104 3344 1160 lustrentur
3372 1106 3563 1177 jubet,
3592 1108 3681 1163 di—

2086 1207 2250 1248 cens:
2284 1193 2442 1264 123
2471 1213 2489 1244 ι
2520 1193 2590 1249 Ει
2627 1208 2727 1249 vos
2761 1196 3287 1251 eastrametabimini
3326 1206 3481 1255 extra
3504 1210 3684 1256 castra

2087 1293 2299 1356 septem
2351 1285 2501 1342 dies:
2548 1285 2734 1341 omnis
2772 1286 2869 1358 qui
2909 1286 3253 1344 interfecerit
3305 1292 3580 1359 animam,
3626 1303 3684 1350 et

2085 1379 2267 1434 omnis
2309 1379 2404 1449 qui
2446 1380 2693 1451 tetigerit
2731 1380 3117 1445 vulneratum,
3159 1382 3488 1440 lustrabitur
3519 1385 3683 1440 tertio

2086 1472 2176 1528 die
2226 1481 2284 1528 et
2308 1473 2398 1528 die
2427 1474 2683 1545 septimo,
2709 1489 2807 1530 vos
2827 1482 2883 1529 et
2907 1475 3195 1545 captivitas
3214 1484 3419 1543 vestra,
3441 1487 3497 1534 et
3518 1493 3682 1535 omne

2085 1561 2494 1630 indumentum,
2536 1572 2594 1619 et
2614 1579 2779 1620 omne
2804 1580 2898 1620 vas
2922 1565 3239 1636 pelliceum,
3267 1576 3325 1623 et
3351 1583 3515 1625 omne
3544 1585 3687 1641 opus

2083 1671 2154 1710 ex
2186 1656 2411 1726 caprina
2425 1658 2662 1727 pelle,et
2682 1674 2846 1715 omne
2865 1673 2964 1714 vas
2994 1660 3238 1732 ligneum
3267 1663 3562 1733 expiabitis
3576 1665 3645 1717 ⁸³.
3660 1687 3677 1716 ι

2084 1743 2254 1801 Vides
2270 1745 2437 1801 etiam
2460 1748 2796 1803 selectorum
2820 1764 3016 1820 genus,
3051 1752 3200 1821 quod
3238 1753 3385 1822 apud
3407 1769 3511 1810 nos
3535 1757 3685 1826 opti-

2089 1853 2239 1893 mum
2280 1853 2346 1894 ac
2395 1841 2912 1910 praestantissimum
2966 1842 3232 1910 habetur,
3281 1860 3394 1901 non
3454 1849 3686 1903 omnino

2084 1931 2247 2002 culpa
2278 1946 2473 1988 vacare
2502 1950 2514 1986 :
2543 1952 2562 1984 ι
2584 1932 2758 1989 Nemo
2779 1933 2930 1989 enim
2961 1936 3204 1992 mundus
3233 1952 3264 1991 a
3293 1938 3457 1995 sorde
3472 1940 3542 2007 ’⁸,
3575 1960 3595 1995 ι
3624 1951 3687 1996 ιιι

2083 2023 2321 2080 maxime
2376 2025 2504 2096 quis
2541 2026 2685 2081 inter
2722 2027 3147 2098 probatissimos
3198 2030 3475 2089 habeatur
3511 2051 3525 2089 :
3590 2036 3685 2092 illa

2083 2132 2325 2187 namque
2353 2117 2599 2189 perfecta
2621 2120 2883 2177 sanctitas
2918 2120 2976 2177 in
3011 2120 3261 2179 futurum
3301 2126 3565 2181 saeculum
3591 2144 3684 2183 re-

2084 2221 2301 2266 servata
2323 2220 2426 2267 est.
2454 2210 2629 2282 Igitur
2645 2220 2803 2267 extra
2820 2220 3000 2268 castra
3023 2214 3264 2271 victores
3284 2219 3573 2275 considere
3589 2221 3683 2292 ju-

2083 2302 2198 2369 bet,
2231 2316 2439 2373 eosque
2478 2303 2704 2359 lustrari
2746 2312 3005 2375 oportere
3038 2306 3221 2377 inquit
3272 2310 3439 2365 tertio
3489 2311 3581 2367 die
3619 2327 3687 2369 ac

2083 2397 2342 2467 septimo.
2364 2396 2444 2453 Ae
2482 2396 2684 2452 tertius
2703 2396 2926 2467 quidem
2958 2398 3079 2454 dies
3124 2407 3220 2456 aut
3252 2402 3477 2457 tertium
3508 2404 3683 2476 signis

2082 2489 2213 2546 ﬂeat
2248 2499 2489 2562 tempus,
2526 2505 2637 2562 quo
2670 2490 2761 2549 illa
2798 2505 2899 2561 per
2933 2491 3215 2549 Christum
3244 2497 3500 2567 purgatio
3540 2496 3686 2554 facta

2080 2589 2190 2647 est,
2216 2591 2345 2655 post
2373 2582 2542 2655 Moysi
2577 2591 2817 2654 tempus,
2849 2590 2909 2639 et
2938 2590 3064 2653 post
3097 2584 3233 2641 illud
3269 2597 3537 2657 praeterea
3572 2605 3685 2661 quo

2083 2676 2286 2733 claruit
2310 2687 2627 2734 sanctorum
2655 2676 3050 2747 prophetarum
3073 2679 3305 2735 chorus:
3340 2692 3437 2737 aut
3467 2692 3687 2755 tempus

2082 2770 2550 2836 resurrectionis,
2602 2784 2717 2840 quo
2749 2769 3008 2828 Christus
3049 2774 3284 2840 revixit,
3315 2789 3443 2830 eum
3481 2775 3687 2833 afﬁxis-

2084 2872 2171 2919 set
2204 2864 2535 2920 venerandae
2570 2864 2725 2919 cruci
2755 2864 3187 2940 chirographum
3226 2868 3374 2939 quod
3408 2876 3534 2924 erat
3584 2868 3686 2924 ad-

2085 2969 2312 3009 versum
2336 2970 2468 3019 nos,
2503 2970 2567 3010 ac
2592 2957 2930 3026 passionem,
2962 2975 3086 3030 qum
3116 2968 3405 3031 peccatum
3437 2960 3683 3023 sustulit,

2088 3047 2265 3101 nostri
2299 3061 2466 3103 causa
2507 3048 2792 3105 subiisset:
2830 3051 3111 3121 Septimus
3146 3064 3281 3108 vero
3317 3053 3440 3108 dies
3469 3062 3690 3123 tempus

364 3142 617 3216 εσόμεθα
645 3142 727 3214 τῷ
757 3139 1004 3214 Χριστῷ,
1051 3139 1305 3212 καθαρὰν
1351 3139 1450 3192 καὶ
1483 3137 1822 3210 ἡγνισμένην
1842 3180 1857 3204 ,
1886 3137 1980 3191 καὶ

2087 3137 2225 3193 illud
2249 3139 2398 3209 quod
2420 3140 2528 3194 erit
2559 3140 2618 3194 in
2649 3144 3124 3199 consummatione
3150 3145 3438 3213 praesentis
3475 3144 3685 3208 saeculi,

372 3239 436 3291 ὲν
468 3234 849 3309 μακαριότητι
884 3236 952 3306 τῇ
986 3231 1133 3287 κατὰ
1174 3230 1410 3305 Χριστὸν
1440 3228 1721 3300 τρίϐοντες
1749 3228 1918 3299 ζωήν.

2096 3244 2203 3286 nos
2238 3229 2502 3286 admonet
2528 3232 2875 3305 intelligere;
2912 3250 3062 3301 cum,
3095 3237 3247 3291 omni
3269 3252 3339 3292 ex
3376 3244 3537 3308 parte
3565 3252 3688 3291 sar-

361 3331 499 3389 cina
552 3338 918 3399 peccatorum
957 3342 1222 3391 excussa,
1259 3337 1534 3380 summam
1581 3322 1695 3397 jam
1748 3320 2240 3379 sanctiﬁcationem
2288 3326 2550 3392 assecuti,
2613 3328 2776 3383 simul
2815 3344 2944 3384 eum
2979 3328 3201 3386 Christo
3258 3331 3492 3398 erimus,
3534 3341 3592 3388 et
3630 3334 3686 3390 in

360 3421 764 3496 purgatissima
786 3420 893 3475 illa
923 3419 1401 3489 mundissimaque
1429 3417 1567 3481 vita,
1590 3422 1647 3470 et
1670 3414 1770 3469 Dei
1804 3414 2151 3474 beatitudine
2175 3418 2496 3475 felicissima
2520 3421 2893 3477 versabimur.

438 3516 656 3571 ΠᾹΛΛ.
688 3507 766 3569 Εὖ
792 3512 928 3584 ἔχει,
964 3514 1108 3568 κατά
1134 3530 1198 3581 γε
1228 3512 1288 3565 τὸ
1317 3511 1441 3582 ἐμοὶ
1468 3510 1680 3565 δοκοῦν.

439 3696 612 3751 ΚΥΡ.
660 3695 988 3765 Θαυμάσαις
1032 3694 1078 3747 δ’
1117 3691 1185 3747 ἂν
1216 3694 1313 3746 καὶ
1359 3691 1498 3763 πρὸς
1527 3691 1743 3755 τούτοις
1791 3690 1872 3745 ἔτι
1917 3690 1978 3744 τὸ

365 3785 577 3859 ἐφεξῆς
596 3787 922 3858 μυστήριονο
954 3784 1259 3855 διαδέχεται
1281 3782 1391 3855 γὰρ
1414 3782 1579 3848 εὐθὺς
1606 3782 1705 3854 τὴν
1733 3781 1980 3846 Μωσέως

270 3950 273 3957 ,
364 3879 566 3934 λαλιὰν
606 3878 878 3950 Ἐλεάζαρ
907 3878 937 3931 6
959 3878 1158 3949 ἱερεὺς,
1184 3876 1280 3930 καί
1302 3893 1437 3948 φησι
1459 3874 1598 3948 πρὸς
1626 3875 1754 3939 τοὺς
1776 3873 1980 3945 ἄνδρας

365 3972 482 4041 τῆς
510 3970 805 4041 δυνάμεως
838 3969 966 4032 τοὺς
1011 3967 1342 4040 ἐρχομένους
1390 3968 1455 4020 ἐκ
1486 3968 1586 4039 τῆς
1618 3964 1982 4038 παρατάξεως

364 4065 467 4119 τοῦ
498 4065 743 4137 πολέμου
766 4081 780 4095 ’
809 4083 827 4117 ι
862 4063 1037 4118 Τοῦτο
1058 4063 1119 4116 τὺ
1142 4061 1420 4133 δικαίωμα
1443 4060 1538 4115 τοῦ
1565 4060 1732 4131 νόμου
1760 4059 1819 4112 δν
1854 4075 1981 4112 συν-

366 4161 530 4225 έταξε
562 4159 774 4231 Κύριος
813 4156 894 4229 τῷ
924 4157 1124 4227 Μωσῇ,
1168 4155 1311 4227 πλὴν
1355 4153 1451 4207 τοῦ
1468 4153 1705 4224 ’χρυσίου
1742 4152 1838 4205 καὶ
1886 4148 1981 4205 τοῦ

367 4251 666 4325 ἀργυρίου,
700 4250 799 4304 xui
817 4246 1046 4321 χαλκοῦ,
1070 4247 1166 4301 xui
1189 4247 1433 4317 σιδήρου,
1459 4245 1556 4299 καὶ
1582 4243 1855 4315 μολίϐδου,
1889 4241 1985 4297 καὶ

368 4344 739 4417 κασσιτέρου,
773 4344 886 4397 πᾶν
923 4343 1157 4413 πρᾶγμα
1182 4339 1211 4394 ὃ
1249 4338 1586 4393 διελεύσεται
1627 4338 1685 4391 ὲν
1731 4336 1864 4407 πυρὶ
1890 4336 1987 4390 καὶ

368 4435 855 4508 καθαρισθήσεται
875 4476 889 4500 ,
936 4432 1053 4488 ἀλλ’
1082 4432 1116 4504 ἢ
1144 4431 1222 4505 τῷ
1254 4429 1409 4485 ὕδατι
1442 4429 1540 4483 τοῦ
1586 4428 1856 4499 ἁγνισμοῦ
1889 4428 1989 4496 ἁγι-

2153 3512 2355 3568 PALL.
2376 3513 2526 3570 Bene
2568 3529 2628 3570 se
2660 3514 2831 3572 habet
2861 3515 3062 3584 oratio,
3082 3523 3144 3573 ut
3168 3516 3305 3572 mihi
3339 3518 3567 3590 quidem
3598 3521 3685 3576 vi-

2083 3604 2267 3661 detur.

2153 3697 2313 3755 (ΝΒ.
2337 3697 2416 3754 Ad
2439 3699 2555 3757 hate
2586 3701 2911 3773 mysterium
2939 3701 3105 3789 quod.
3121 3704 3388 3761 continuo
3414 3706 3689 3776 sequitur,

2082 3788 2332 3861 profecto
2360 3792 2634 3849 mirabere
2660 3811 2673 3847 :
2696 3794 2905 3866 exeipit
2936 3788 3097 3850 enim
3112 3796 3265 3852 illico
3277 3796 3447 3870 Moysi
3471 3813 3695 3854 sermo-

2084 3899 2212 3940 nem
2240 3885 2497 3941 sacerdos
2527 3886 2775 3953 Eleazar,
2816 3897 2874 3943 et
2906 3890 2984 3944 ait
3008 3890 3078 3945 ad
3110 3892 3260 3947 viros
3289 3893 3568 3948 exercitus
3590 3894 3687 3964 qui

2084 3970 2384 4026 veniebant
2430 3987 2499 4027 ex
2534 3973 2653 4029 acie
2682 3974 2850 4030 belli:
2903 3995 2922 4027 ι
2961 3978 3157 4034 Nonne
3211 3981 3329 4035 haec
3361 3989 3449 4035 est
3481 3982 3689 4052 justiti—

2086 4064 2232 4120 eatio
2256 4066 2395 4137 legis
2416 4081 2582 4136 quam
2620 4069 2885 4140 praecepit
2928 4072 3200 4128 Dominus
3224 4074 3441 4145 Moysi?
3485 4086 3690 4146 praeter

2087 4171 2308 4224 aurum,
2329 4165 2387 4212 et
2413 4168 2726 4230 argentum,
2759 4168 2819 4215 et
2835 4176 2930 4227 aes,
2962 4169 3019 4217 et
3047 4162 3279 4230 ferrum,
3310 4173 3367 4221 et
3400 4167 3689 4237 plumbum

2088 4255 2143 4303 et
2170 4255 2453 4315 stannum,
2502 4251 2685 4307 omnis
2725 4267 2818 4308 res
2840 4268 2967 4323 qua:
3000 4255 3263 4310 transibit
3291 4255 3349 4311 in
3387 4256 3537 4328 igne,
3583 4258 3695 4313 du-

2090 4346 2248 4395 cetur
2276 4356 2378 4411 per
2405 4341 2590 4412 ignem
2624 4351 2683 4398 et
2728 4346 3209 4417 purgabitur,'aut
3245 4364 3387 4420 aqua
3412 4350 3689 4421 expiatio-

2090 4432 2179 4487 nis
2215 4433 2528 4504 expiabitur
2570 4452 2582 4488 :
2622 4444 2680 4491 et
2722 4439 2908 4493 omnia
2947 4455 3070 4509 quae
3110 4455 3224 4496 non
3266 4449 3557 4498 transeunt
3590 4461 3693 4516 per

367 4524 695 4596 νισθὴσεται
723 4540 737 4553 ’
788 4524 883 4579 καὶ
929 4522 1109 4576 πάντα
1147 4523 1250 4577 ὅσα
1306 4520 1382 4592 μὴ
1431 4518 1853 4592 διαπορεύσεται
1901 4518 1980 4572 διὰ

2095 4522 2277 4594 ignem
2326 4525 2640 4581 transibunt
2687 4543 2788 4599 per
2832 4544 3075 4599 aquam:
3111 4537 3170 4586 et
3223 4531 3482 4588 lavabitis
3519 4536 3691 4590 vesti-

370 4617 575 4688 πυρὸς,
610 4616 947 4671 διελεύσεται
988 4616 1055 4669 δι’
1093 4614 1289 4678 ὓδατος
1318 4631 1331 4644 ·
1361 4615 1457 4668 xui
1480 4613 1732 4667 πλυνεῖτε
1762 4611 1831 4665 τά
1867 4612 1990 4683 ίμά·

2096 4622 2283 4671 menta
2317 4624 2502 4672 vestra
2535 4617 2626 4674 die
2653 4620 2907 4691 septima,
2929 4628 2987 4678 et
3020 4623 3449 4692 mundabimini,
3492 4634 3550 4683 et
3568 4639 3694 4699 post

365 4718 465 4766 τια
482 4711 640 4782 ὑμῶν
656 4713 724 4781 τῇ
739 4710 925 4782 ἡμέρᾳ
942 4712 1007 4781 τῇ
1026 4708 1251 4783 ἑϐδόμῃ,
1271 4708 1366 4761 καὶ
1385 4707 1878 4778 καθαρισθήσεσθε,
1900 4705 1980 4758 κατ

2096 4708 2217 4765 haec
2235 4709 2534 4766 introibitis
2554 4711 2609 4767 in
2629 4721 2808 4769 castra
2828 4716 2894 4769 ’⁸.
2909 4734 2925 4766 ι
2952 4715 3091 4771 Illud
3112 4716 3281 4789 igitur
3315 4718 3578 4777 observes
3594 4738 3693 4778 ve-

372 4805 518 4875 μετά
537 4803 717 4859 ταῦτα
740 4803 1118 4857 είσελεύσεσθε
1138 4804 1217 4867 εἰς
1234 4799 1334 4874 τὴν
1357 4800 1736 4873 παρεμϐολήν.
1772 4818 1791 4850 ι
1834 4799 1980 4861 Ἐπι-

2087 4799 2202 4866 lim,
2238 4799 2459 4873 Moysen
2508 4803 2667 4873 prius
2711 4805 3024 4863 victoribus
3055 4786 3276 4879 tempus
3315 4810 3540 4881 quidem
3578 4828 3692 4884 quo

368 4897 616 4970 τήρησον
636 4897 719 4951 ὅτι
745 4895 955 4966 Μωσῆς
983 4895 1083 4967 μὲν
1134 4894 1403 4969 πρότερος
1416 4895 1531 4958 τοῖς
1553 4890 1868 4966 νενικηκόσι
1895 4890 1985 4945 τὸν

368 4990 469 5047 τοῦ
500 4989 904 5062 διασμήχεσθαι
922 4989 1221 5061 κατεδήλου
1243 4987 1459 5061 καιρὸν,
1482 4986 1666 5041 οὐκέτι
1693 4985 1749 5039 δὲ
1770 4985 1867 5038 xui
1893 4985 1986 5039 τὸν

368 5082 601 5156 τρόπον.
625 5081 1120 5156 Προανακηρύττει
1135 5080 1244 5153 γὰρ
1264 5080 1293 5133 ὁ
1318 5079 1483 5151 νόμος
1510 5078 1611 5149 τῆς
1630 5077 1721 5131 διά
1745 5074 1984 5149 Χριστοῦ

370 5174 704 5247 καθάρσεως
726 5173 822 5230 τὸν
852 5174 1077 5247 καιρόν·
1111 5172 1364 5244 δεύτερος
1390 5172 1447 5225 δὲ
1474 5171 1569 5226 καὶ
1595 5171 1736 5243 μετά
1776 5169 1984 5225 Μωσέα

374 5265 861 5341 προσπεφώνηκεν
907 5270 937 5323 6
984 5268 1201 5340 ἱερεὺς,
1255 5266 1562 5330 τουτέστιν,
1613 5266 1643 5318 6
1688 5263 1979 5335 Ἐλεάζαρ.

372 5359 670 5414 Διατάττει
700 5359 803 5431 μὲν
836 5358 946 5431 γὰρ
990 5357 1131 5428 μετά
1169 5356 1378 5412 Μωσέα
1427 5354 1703 5428 Χριστὸς,
1747 5352 1843 5407 xui
1886 5351 1981 5405 τὸν

371 5452 576 5525 καιρὸν
598 5451 700 5524 μὶν
716 5451 906 5507 οὐκέτι
930 5450 1025 5505 τοῦ
1048 5448 1394 5522 καθαρισμοῦ
1423 5451 1537 5513 τοῖς
1572 5445 1981 5519 ἀνδριζομένοις

372 5546 709 5617 καταδηλοῖσ
757 5540 923 5610 αὐτὸς
960 5544 1071 5618 γὰρ
1104 5539 1172 5617 ἦν
1211 5544 1241 5598 ό
1284 5544 1478 5617 καιρός
1500 5559 1513 5574 ⁸
1545 5542 1637 5597 τὸν
1665 5542 1722 5596 δὲ
1777 5541 1981 5614 τρόπον

370 5639 720 5713 εἰσηγεῖται,
758 5638 854 5693 καὶ
890 5636 1023 5693 αύτό
1052 5656 1171 5702 πως
1204 5636 1306 5711 ἢδη
1340 5637 1527 5692 λοιπὸν
1556 5638 1614 5691 ὲν
1638 5635 1760 5706 ὕψει
1798 5634 1980 5706 τίθησι

2090 4894 2474 4962 abluerentur,
2514 4899 2859 4968 exposuisse,
2898 4914 3010 4956 non
3052 4900 3219 4957 etiam
3259 4902 3507 4959 modum.
3548 4903 3698 4960 Prae-

2090 4985 2239 5041 dicat
2257 5003 2498 5059 namque
2529 4989 2618 5045 lex
2642 4999 2856 5063 tempus
2884 4993 3228 5063 purgationis
3256 5010 3381 5064 quae
3406 5011 3509 5065 per
3525 4995 3689 5052 Chri-

2091 5087 2237 5134 stum
2257 5079 2509 5137 faeienda
2528 5093 2680 5138 erat:
2704 5085 3013 5155 posteriore
3034 5094 3219 5141 autem
3250 5088 3374 5143 loco
3394 5096 3521 5158 post
3538 5087 3692 5161 Moy-

2092 5185 2191 5227 sen
2227 5174 2484 5230 sacerdos
2518 5174 2793 5246 loquitur,
2828 5178 2877 5234 is
2911 5191 2995 5235 est
3016 5180 3260 5236 Eleazar.
3305 5179 3467 5254 124
3501 5181 3694 5239 Tradit

2091 5264 2240 5320 enim
2260 5276 2535 5338 praecepta
2554 5277 2680 5340 post
2702 5271 2878 5341 legem
2911 5270 3190 5336 Christus,
3227 5288 3292 5328 ae
3316 5279 3535 5344 tempus
3569 5275 3702 5346 qui-

2089 5355 2215 5413 dem
2234 5360 2582 5433 purgationis
2615 5362 2859 5417 strenuis
2879 5361 3227 5435 fortibusque
3255 5364 3394 5422 viris
3421 5382 3537 5422 non
3570 5380 3691 5421 am-

2083 5448 2231 5519 plius
2248 5449 2523 5507 declarat:
2561 5453 2699 5509 illud
2734 5456 2881 5510 enim
2918 5455 3099 5527 ipsum
3134 5463 3256 5513 erat
3295 5464 3552 5529 tempus:
3592 5459 3691 5514 sed

2083 5540 2311 5597 modum
2333 5543 2579 5613 exponit,
2597 5552 2763 5615 atque
2785 5544 2986 5616 ipsum,
3001 5562 3175 5618 prope
3195 5548 3453 5615 dixerim,
3469 5549 3541 5606 ob
3561 5563 3695 5606 oeue

2081 5632 2167 5688 los
2183 5633 2341 5705 ponit
2356 5637 2835 5709 mysterium,eum
2851 5639 2985 5712 quid
2998 5641 3276 5714 praecipue
3294 5643 3383 5700 lex
3395 5650 3690 5715 Spectat-et,

446 5827 494 5861 "
519 5827 692 5885 Hebr.
716 5840 836 5891 xui,
860 5824 947 5879 17.
1005 5802 1407 5889 "Numanum,
1433 5821 1632 5887 19,20.
1707 5823 1755 5857 “
1793 5821 1920 5880 Job.
1949 5838 1980 5878 ιι

2089 5822 2145 5878 ιε
2222 5820 2269 5857 ’⁸
2288 5822 2500 5880 Coloss.
2541 5840 2601 5891 ιι,
2633 5825 2719 5881 14.
2799 5825 3027 5883 "Num.
3055 5841 3203 5892 xxxi,
3250 5822 3438 5878 21-24.

696 5920 983 5983 Pamon.
1025 5921 1143 5988 Gn.
1189 5910 1460 5999 LXV-III,

3093 5917 3157 5978 li
