4096 6454
497 298 590 356 δη
670 320 671 323 ‘

1524 308 1578 361 S.
1621 308 1895 364 CYRILLI
1936 309 2406 373 ALEXANDRINI
2447 318 2764 378 ARLHIEP.

3654 332 3755 388 532

498 418 907 489 interpretatur.
931 425 1195 495 Przccepit
1215 440 1448 496 namque
1475 437 1534 480 ut
1554 444 1702 493 vasa,
1735 445 2047 502 quaecunqu

2151 437 2245 497 ,τὸ
2296 440 2623 511 μυστήριον,
2657 444 2749 496 τὸν
2798 446 2997 519 άκριόἧ
3042 449 3134 502 τοῦ
3179 451 3342 521 νόμου
3392 450 3759 524 διερμηνεύων

492 509 601 564 vim
625 512 766 583 ignis
787 516 897 584 pati
917 525 1158 585 possent,
1180 533 1243 571 ea
1274 533 1374 587 per
1394 517 1575 588 ignem
1611 519 2071 590 traducerentur;

492 616 830 674 quaecunque
843 616 1025 660 autem
1047 606 1361 663 ﬁrmitatem
1383 624 1411 662 a
1432 619 1630 665 natura
1651 628 1762 666 non
1782 613 2071 682 haberent,

490 694 586 749 sed
606 694 877 751 imbecilla
898 704 1100 761 essent,
1121 707 1177 753 et
1212 715 1333 769 qua:
1364 700 1522 757 facile
1542 705 1822 776 corrumpi
1856 708 2076 777 penitus

489 795 730 855 possent,
767 788 956 854 vestis,
994 790 1151 844 verbi
1173 792 1368 862 gratia,
1406 802 1462 849 et
1483 795 1751 865 quidquid
1773 814 1803 853 e
1838 800 2073 868 pellibus

486 878 743 948 lignoque
778 880 1087 935 confectum
1121 892 1290 949 esset,
1312 900 1378 939 ea
1411 902 1510 955 per
1542 903 1739 958 aquam
1761 889 2067 960 ferrentur;

484 968 741 1023 videlicet
759 971 982 1027 nomine
1002 988 1261 1028 vasorum
1282 991 1575 1031 aureorum
1599 987 1761 1049 atque
1779 991 2070 1051 argenteo-

483 1076 625 1124 rum,
647 1067 704 1114 et
738 1076 861 1131 quae
895 1077 926 1117 e
946 1063 1161 1119 caeteris
1192 1066 1430 1121 metallis
1451 1066 1716 1124 fabricata
1733 1078 1941 1136 essent,
1965 1088 2067 1127 nos

480 1150 708 1220 ﬁgurate
729 1151 1063 1223 signiﬁcans,
1087 1154 1181 1223 qui
1214 1157 1539 1227 purgatione
1562 1158 1653 1213 illa
1673 1174 1771 1229 per
1786 1159 2066 1216 Christum

477 1242 639 1308 facta,
661 1245 911 1301 mundati
952 1262 1145 1303 sumus
1167 1255 1425 1318 tanquam
1457 1250 1572 1320 igni
1593 1258 1806 1322 etaqua
1839 1269 1851 1305 :
1884 1252 2067 1323 bapti-

477 1336 582 1390 zati
603 1337 807 1391 etenim
829 1354 1020 1395 sumus
1057 1340 1113 1393 in
1153 1339 1362 1410 Spiritu
1396 1352 1587 1397 sancto
1607 1352 1663 1399 et
1685 1345 1794 1415 igni
1818 1347 1883 1398 9'.
1908 1346 2067 1412 Quod

476 1426 643 1497 igitur
673 1443 739 1482 ea
765 1443 887 1498 qua:
924 1444 993 1484 ex
1027 1430 1344 1499 captivitate
1364 1432 1593 1487 collecta
1630 1442 1835 1499 essent,
1858 1450 1956 1505 per
1982 1436 2064 1508 ig-

474 1536 599 1575 nem
635 1530 693 1577 et
729 1538 925 1593 aquam
982 1523 1382 1588 traducuntur,
1424 1532 1666 1580 nostram
1722 1527 1886 1595 paulo
1937 1535 2064 1584 ante

470 1612 671 1667 factam
705 1615 1090 1685 purgationem
1112 1622 1238 1684 apte
1269 1615 1557 1686 signiﬁcat,
1581 1633 1720 1687 quos
1751 1619 1906 1673 velut
1931 1634 2065 1690 opes

472 1705 737 1777 quasdam
759 1706 1058 1762 diabolicas
1088 1707 1194 1762 sibi
1213 1707 1467 1763 Christus
1485 1708 1805 1777 vindicavit,
1829 1727 1956 1767 cum
1979 1712 2064 1767 in-

2181 530 2398 582 σκοπόν.
2430 532 2773 605 Προστέταχε
2791 536 2895 605 γὰρ
2910 538 3007 591 ὅσα
3029 540 3126 609 μὲν
3144 535 3208 610 ἦν
3227 542 3284 593 ὲν
3300 544 3411 605 τοῖς
3426 545 3644 598 σκεύεσι
3661 547 3758 616 τὴν

2177 619 2349 689 πυρὸς
2366 621 2549 691 ἀκμὴν
2570 622 2796 693 διήκειν,
2821 620 2909 680 οἶὰ
2931 644 2987 680 τε
3017 630 3419 700 παρενεχθῆναι
3438 632 3525 687 διὰ
3555 635 3726 706 πυρός
3743 653 3757 665 ·

2174 710 2242 762 τὰ
2269 709 2324 763 δὲ
2352 711 2451 764 ὅσα
2484 713 2581 782 μὲν
2605 714 2916 770 εὖσθένειαν
2938 721 3039 772 οὐκ
3067 719 3259 791 ἔχοντα
3281 725 3537 794 φυσικὴν,
3570 726 3759 798 σαθρὰ

2172 799 2228 853 δὲ
2278 801 2372 854 καὶ
2406 803 2724 875 ἐτοιμότερά
2759 825 2875 870 πως
2922 811 3002 873 είς
3038 810 3099 863 τὺ
3133 812 3326 867 παθεῖν
3376 814 3637 870 δύνασθαι
3668 817 3758 871 τὸν

2172 889 2405 945 εἰσάπαν
2432 893 2756 964 ἀφανισμὸν,
2785 896 2984 968 ὲσθῆτα
3018 900 3075 952 δὲ
3104 901 3297 970 λέγων,
3333 905 3427 958 καὶ
3455 906 3517 959 τὸ
3537 908 3602 960 ὲκ
3633 906 3757 980 δερ-

2174 980 2359 1049 μάτων
2405 984 2500 1037 καὶ
2534 984 2706 1051 ξύλων
2736 987 2803 1040 δι’
2832 986 3025 1054 ὕδατος
3060 992 3346 1063 φέρεσθαι,
3369 996 3444 1060 ὡς
3471 1000 3530 1051 ἐν
3567 1000 3759 1054 σκεύε-

2172 1088 2256 1125 σιν
2291 1075 2440 1144 ἡμᾶς
2472 1079 2695 1147 χρυσοῖς
2725 1095 2785 1131 τε
2821 1081 2915 1133 καὶ¹
2946 1083 3213 1156 ἀργυροῖς
3266 1087 3363 1141 καὶ
3398 1090 3456 1142 ὲν
3490 1094 3605 1155 τοῖς
3637 1092 3750 1146 ἐτέ-

2171 1180 2288 1252 ροις
2338 1166 2753 1236 αἰνιγματωδῶς
2803 1169 3143 1242 ὑποφαίνων,
3183 1170 3266 1241 οἷς
3314 1177 3467 1248 ήδιά
3511 1182 3756 1252 Χριστοῦ

2168 1249 2357 1319 γέγονε
2384 1252 2650 1325 κάθαρσις
2679 1256 2754 1320 ὡς
2793 1259 2852 1312 ἐν
2892 1260 3026 1332 πυρί
3056 1280 3116 1315 τε
3144 1266 3239 1319 καὶ
3275 1265 3444 1322 ὕδατι.
3477 1249 3755 1325 Βεθαπτῐ-

2170 1341 2343 1412 σμεθα
2379 1344 2487 1416 γὰρ
2531 1348 2589 1398 ἐν
2631 1348 2911 1420 Πνεύματι
2962 1354 3101 1426 ἁγίῳ
3134 1357 3227 1411 καὶ
3258 1358 3411 1431 πυρί.
3450 1362 3662 1417 Οὐκοῦν
3691 1365 3760 1418 τὸ

2172 1431 2589 1504 διακομίζεσθαι
2625 1439 2712 1492 διά
2763 1442 2935 1511 πυρός
2982 1461 3042 1497 τε
3078 1447 3172 1500 καὶ
3217 1446 3411 1515 ὓδατος
3440 1451 3509 1505 τά
3541 1454 3606 1507 ἐκ
3653 1456 3760 1525 τῆς

2165 1526 2544 1595 αἰχμαλωσίας
2577 1533 2991 1606 συνειλεγμένα,
3034 1539 3136 1609 τὴν
3181 1542 3337 1611 ἡμῶν
3381 1544 3586 1614 ἀρτίως
3620 1548 3760 1601 ὑπο-

2163 1617 2314 1689 δηλοῖ
2343 1619 2639 1692 κάθαρσιν,
2661 1622 2755 1689 οὓς
2779 1625 2939 1692 ὄντας
2986 1630 3118 1682 ποτὲ
3152 1630 3384 1689 πλοῦτον
3418 1634 3607 1710 ὥσπερ
3628 1640 3760 1701 τινὰ

2163 1708 2465 1764 διαὸολικὸν
2497 1713 2676 1784 ἐαυτῷ
2710 1715 3142 1791 περιεποιήσατο
3169 1720 3436 1794 Χριστὸς..
3489 1708 3759 1784 εἰσελθὼν

470 1798 692 1868 'gressus
710 1798 933 1854 domum
968 1798 1145 1865 fortis,
1168 1815 1296 1855 vasa
1326 1801 1446 1871 ejus
1476 1801 1710 1872 diripuit
1760 1818 1825 1859 ac
1858 1802 2047 1859 fortem

2162 1799 2244 1863 εἰς
2285 1799 2384 1872 τὴν
2424 1803 2601 1856 οὶκίαν
2654 1805 2750 1858 τοῦ
2810 1809 3032 1880 ίσχυροῦ
3063 1850 3079 1876 ,
3115 1814 3210 1866 καὶ
3256 1816 3327 1869 τά
3360 1816 3528 1891 σκεύη
3578 1821 3754 1875 αὐτοῦ

470 1889 794 1961 alligavit".
834 1891 973 1946 Tum
1007 1908 1139 1947 vero
1162 1891 1380 1946 tandem
1422 1892 1634 1964 ingredi
1676 1894 1846 1950 licere
1882 1903 2059 1952 castra

468 1980 774 2037 victoribus
814 1982 1041 2038 Eleazar
1082 1981 1281 2052 inquit,
1316 1998 1441 2038 cum
1482 1985 1715 2055 septima
1752 1985 1842 2042 die
1877 1995 2060 2043 veStes

467 2072 804 2141 abluissent:
840 2083 1004 2145 atque
1044 2074 1118 2129 ita
1148 2074 1385 2145 denique
1406 2092 1578 2146 puros
1613 2077 1753 2133 fore.
1777 2078 1874 2134 Illa
1908 2079 2058 2134 enim

464 2165 709 2234 perfecta
737 2167 990 2238 purgatio
1037 2175 1094 2223 et
1119 2167 1485 2225 immunditiae
1504 2171 1686 2226 omnis
1707 2171 1981 2242 depositio
1999 2170 2058 2227 in

461 2259 724 2314 extremis
743 2261 849 2314 erit
874 2260 1364 2317 consummationis
1391 2262 1578 2318 saeculi
1609 2264 1973 2334 temporibus,
1994 2271 2058 2321 ut

461 2351 625 2407 modo
645 2351 792 2419 dixi;
829 2368 976 2419 cum,
999 2352 1214 2409 sublato
1247 2355 1397 2409 omni
1432 2370 1501 2410 ex
1527 2364 1682 2426 parte
1701 2363 1927 2427 peccato
1948 2397 1964 2424 ,
1985 2356 2056 2414 ad

460 2452 705 2500 veterem
747 2444 898 2500 illam
944 2445 1349 2517 pristinamque
1378 2447 1848 2518 pulchritudinem
1873 2448 2054 2504 homi-

457 2536 547 2593 nis
578 2544 774 2591 natura
809 2536 1180 2592 revocabitur.
1230 2556 1249 2589 ι
1275 2538 1398 2593 Erit
1417 2538 1564 2594 enim
1606 2547 1757 2606 tunc,
1785 2559 1804 2592 ι
1850 2539 2051 2611 inquit,

466 2648 484 2679 ‹
506 2628 594 2683 via
614 2627 843 2693 munda,
864 2635 920 2683 et
936 2628 1024 2684 via
1044 2637 1231 2684 sancta
1248 2630 1555 2697 vocabitur,
1575 2646 1680 2686 nec
1696 2631 2055 2701 pertransibit

458 2734 558 2789 per
577 2735 695 2776 eam
719 2706 1037 2776 immundus
1053 2721 1273 2792 aliquis,
1296 2721 1391 2777 sed
1412 2722 1773 2777 ambulabunt
1792 2724 1849 2778 in
1880 2740 1945 2780 ea
1965 2739 2052 2780 re-

455 2810 664 2881 dempti
688 2828 718 2865 a
737 2812 1047 2885 Domino".
1076 2833 1095 2865 ›
1121 2813 1274 2868 Hanc
1292 2822 1477 2869 autem
1505 2814 1921 2885 explicationem
1942 2816 2049 2872 hu-

450 2903 546 2973 jus
578 2903 686 2957 loci
722 2920 832 2958 non
869 2920 992 2960 esse
1029 2920 1061 2959 a
1092 2906 1377 2976 proposito
1411 2906 1646 2963 alienam
1677 2916 1829 2979 puto.
1852 2907 1966 2965 Sed
2001 2909 2049 2965 si

455 2993 584 3065 quis
621 2995 779 3050 aliter
814 2996 1236 3067 intelligendum
1277 2998 1573 3065 existimet,
1617 3000 1752 3055 illud
1789 3000 2045 3067 dicimus,

453 3088 720 3159 cujusque
742 3088 968 3143 victoris
986 3104 1102 3155 vas,
1118 3090 1232 3145 sive
1252 3090 1388 3145 illud
1408 3091 1913 3157 aureumfortasse,
1932 3093 2046 3149 sive

2161 1885 2488 1959 διαρπάσας,
2519 1893 2614 1947 καὶ
2639 1894 2808 1966 δήσας
2842 1897 2934 1950 τὸν
2967 1900 3207 1975 ἰσχυρόν.
3250 1885 3752 1964 Είσελεύσεσθαιδὲ

2332 1981 2488 2052 μόλις
2515 1986 2595 2050 είς
2625 1985 2724 2059 τὴν
2772 1991 3126 2065 παρεμϐολὴν
3159 1997 3289 2061 τοὺς
3331 2000 3689 2072 νενικηκότας
3723 2006 3756 2057 6

2173 2071 2457 2167 Ἐλεάζαρ,
2502 2077 2686 2147 φησὶν,
2739 2080 2871 2135 ὅταν
2916 2083 3290 2142 ἀποπλύνειαν
3327 2091 3394 2162 τῇ
3439 2071 3631 2165 ἡμέρᾳ
3676 2096 3753 2167 τῇ

2159 2162 2362 2258 έδδόμῃ
2404 2165 2474 2220 τὰ
2533 2169 2763 2239 ἱμάτια,
2802 2174 2899 2228 καὶ
2943 2175 3117 2243 οὕτως
3167 2178 3388 2235 ἔσεσθαι
3445 2162 3750 2258 καθαρούς,

2171 2252 2235 2307 Ἦ
2283 2257 2395 2329 γάρ
2420 2259 2602 2313 τελεία
2633 2262 2921 2336 κάθαρσις,
2951 2268 3048 2321 καὶ
3091 2269 3266 2340 ῥύπου
3301 2275 3503 2341 παντὸς
3533 2252 3747 2334 ἀπόθε-

2159 2362 2282 2413 σις,
2323 2350 2382 2403 ἐν
2439 2352 2691 2423 ἐσχάτοις
2743 2354 2898 2412 ἔσται
2959 2363 3060 2432 τῆς
3114 2364 3426 2432 συντελείας
3490 2374 3751 2444 καιροῖς,

2157 2440 2405 2534 καθάπερ
2449 2443 2586 2517 ἔφην
2630 2447 2856 2519 ἀρτίως,
2914 2453 3318 2529 ἀναιρουμένης
3351 2440 3601 2516 είσςίιπαν⁷
3638 2465 3748 2534 τῆς

2154 2531 2464 2624 ἁμαρτίας,
2507 2539 2608 2592 καὶ
2657 2542 2738 2605 είς
2766 2543 2828 2596 τὸ
2873 2544 3080 2600 ἄνωθέν
3117 2564 3179 2602 τε
3229 2550 3325 2604 καὶ
3365 2531 3751 2624 πρεσϐύτατον

2154 2623 2350 2689 κάλλος
2370 2627 2469 2698 τῆς
2485 2628 2776 2702 ἀνθρώπου
2794 2635 3010 2705 φύσεως
3031 2623 3465 2716 ἀναφερομένης.
3493 2665 3512 2699 ι
3548 2649 3749 2704 Ἔσται

2152 2716 2261 2789 γάρ
2282 2719 2426 2787 τότε,
2454 2739 2472 2772 ι
2500 2724 2684 2793 φησὶν,
2709 2744 2729 2777 ι
2749 2727 2865 2793 ὁδὸς
2882 2729 3118 2804 καθαρὰ,
3136 2734 3228 2789 καὶ
3245 2736 3363 2800 όδὺς
3390 2739 3522 2808 ἀγία
3536 2739 3749 2814 κληθη-

2114 2804 2120 2811 ’
2359 2814 2468 2866 Καὶ
2497 2816 2557 2868 οὐ
2589 2815 2665 2887 μὴ
2698 2819 2944 2892 παρέλθῃ
2974 2824 3163 2897 ἐκείνῃ
3190 2827 3366 2892 οὐδεὶς
3390 2804 3743 2903 ἀκάθαρτος,

2152 2897 2288 2994 ἀλλὰ
2307 2903 2660 2972 πορεύσονται
2683 2909 2741 2962 ὲν
2760 2912 2898 2983 αὐτῇ
2926 2912 3425 2988 λελυτρωμένοιδιά
3456 2897 3688 2994 Κυρίου.

2150 2986 2319 3083 Ripa:
2357 2994 2457 3064 μὲν
2509 2994 2601 3052 οὗν
2632 2998 2810 3070 ἔγωγε
2841 3003 2943 3075 τῆς
2978 2986 3280 3078 σαφηνείας
3307 3011 3399 3064 τὸν
3454 2986 3611 3083 λόγον
3637 3016 3744 3070 οὐκ

2150 3080 2254 3146 ἔξω
2284 3085 2547 3157 φέρεσθαι
2582 3090 2676 3143 τοῦ
2710 3092 2936 3148 σκοποῦ,
2964 3096 3135 3168 Πλὴν,
3162 3100 3212 3151 εί
3237 3099 3416 3155 ἕλοιτό
3438 3080 3612 3167 τις-τὸ
3642 3106 3744 3158 καὶ

454 3188 792 3250 argenteum,
815 3180 932 3236 sive
961 3184 1127 3237 etiam
1164 3198 1233 3238 ex
1269 3199 1412 3249 aere,
1437 3192 1533 3239 aut
1568 3200 1635 3240 ex
1670 3185 1777 3239 alia
1813 3186 2045 3240 materia

2151 3172 2354 3245 ἑτέρως
2381 3176 2581 3249 χρῆναι
2612 3183 2754 3235 νοεῖν
2777 3223 2792 3249 ,
2832 3184 3009 3239 ἐκεῖνό
3038 3203 3239 3259 φαμεν,
3275 3189 3336 3243 τὸ
3358 3192 3592 3246 ἑκάστου
3622 3195 3743 3249 τῶν

451 3266 781 3333 confectum,
803 3284 905 3339 per
923 3270 1104 3341 ignem
1124 3272 1360 3327 transire
1374 3272 1571 3343 jussit:
1596 3280 1657 3329 ut
1674 3273 1822 3329 enim
1844 3275 2039 3330 scribit

452 3357 645 3413 beatus
692 3359 916 3425 Paulus,
976 3380 995 3412 ι
1040 3362 1486 3434 Uniuscujusque
1536 3380 1677 3436 opus
1726 3365 1887 3436 quale
1941 3367 2033 3432 sit,

448 3454 593 3524 ignis
620 3455 879 3525 probabit
900 3457 938 3508 '.
979 3475 997 3507 ι
1039 3456 1208 3514 Iussit
1237 3457 1405 3513 etiam
1426 3467 1605 3529 utper
1625 3474 1823 3529 aquam
1850 3468 2031 3515 trans-

448 3544 626 3612 irent;
649 3562 833 3616 neque
853 3546 1001 3602 enim
1024 3548 1184 3603 aliter
1201 3548 1422 3619 probari
1443 3558 1759 3605 sanctorum
1782 3549 2032 3605 virorum

448 3635 657 3691 animas
675 3638 876 3693 Psalmi
895 3639 1062 3707 verba
1078 3640 1238 3697 nobis
1258 3642 1559 3707 insinuant,
1579 3640 1687 3696 nisi
1709 3641 2039 3712 quibusdam

448 3726 724 3784 similibus
760 3730 954 3786 modis.
986 3728 1176 3802 Itaque
1202 3733 1374 3789 David
1402 3733 1704 3805 psallebat:
1736 3753 1755 3785 ‹
1784 3733 2040 3789 Probasti

446 3829 569 3880 nos,
587 3817 759 3885 Deus;
782 3820 905 3889 igne
925 3835 1027 3876 nos
1045 3821 1390 3889 examinasli,
1416 3822 1562 3879 sicut
1581 3823 1931 3879 examinatur
1949 3838 2038 3877 ar-

443 3915 667 3979 gentum
692 3928 706 3977 ;
746 3911 1096 3967 transivimus
1116 3929 1216 3983 per
1248 3914 1428 3985 ignem
1455 3922 1510 3971 et
1544 3930 1765 3986 aquam,
1793 3916 1836 3984 ι
1855 3914 1964 3985 25
1982 3921 2041 3971 et

446 3999 649 4056 duxisti
672 4018 772 4057 nos
792 4002 847 4057 in
868 4002 1213 4075 refrigerium
1236 4007 1275 4058 ².
1308 4024 1326 4057 ι

2152 3268 2525 3339 νενικηκότων
2575 3273 2802 3338 σκεῦος,
2833 3275 2942 3329 εἴτε
2985 3279 3222 3351 χρυσοῦν
3257 3279 3343 3352 εἴη
3387 3285 3584 3355 τυχὸν,
3621 3284 3740 3340 εἴτε

2141 3356 2437 3429 ἀργυροῦν,
2486 3362 2598 3415 εἴτε
2650 3364 2746 3419 καὶ
2783 3366 2849 3418 ὲκ
2886 3367 3110 3438 χαλκοῦ,
3152 3371 3246 3426 καὶ
3282 3372 3342 3436 ἐξ
3369 3374 3562 3447 ἐτέρας
3600 3376 3742 3449 ὕλης

2140 3452 2531 3541 πεποιημένον,
2581 3455 2669 3510 διά
2696 3459 2871 3532 πυρὸς
2900 3460 3037 3516 ἰέναι
3071 3465 3470 3538 προστέταχενθ
3512 3468 3589 3531 ὡς
3620 3470 3738 3541 γάρ

2137 3540 2164 3592 6
2210 3542 2482 3614 μακάριος
2522 3545 2725 3616 γράφει
2778 3550 3013 3617 Παῦλος,
3057 3572 3077 3605 ι
3129 3554 3397 3609 Ἑκάστου
3445 3559 3506 3612 τὸ
3564 3540 3733 3631 ἔργον

2144 3631 2330 3685 ὁποῖόν
2387 3636 2527 3702 ἐστι,
2574 3637 2636 3691 τὸ
2702 3639 2815 3712 πῦρ
2864 3641 3170 3715 δοκιμάσει.
3230 3666 3250 3699 ›
3290 3649 3637 3723 Προστέταχε
3668 3653 3730 3707 δὲ

2141 3724 2237 3818 καὶ
2281 3725 2350 3780 δι’
2402 3727 2596 3794 ὓδατος
2632 3731 2909 3803 ἔρχεσθαί
2968 3753 3125 3792 τινα’
3171 3739 3561 3813 δοκιμάζεσθαι
3612 3746 3727 3818 γάρ

2140 3816 2238 3889 οὐχ
2266 3818 2469 3892 ἑτέρως
2492 3821 2521 3874 6
2549 3822 2650 3891 τῆς
2690 3823 3014 3898 ψαλμῳδίας
3054 3832 3187 3903 ἡμῖν
3222 3833 3605 3891 ὑπαινίττεται
3638 3816 3732 3893 λό-

2140 3926 2236 3978 γος
2257 3950 2270 3974 ,
2293 3909 2392 3974 τὰς
2420 3912 2528 3967 τῶν
2559 3914 2732 3984 άγίων
2777 3917 2981 3989 ψυχὰς,
3026 3923 3167 3995 πλὴν
3195 3925 3279 3979 ὅτι
3310 3927 3451 3981 κατά
3484 3929 3734 3985 τοιούσδε

2138 4001 2292 4065 τινάς
2313 4003 2565 4074 τρόπους.
2591 4008 2702 4061 Kal.
2732 4009 2864 4079 γοῦν
2888 4013 2916 4065 6
2939 4014 3102 4069 Aa6l8
3128 4016 3375 4087 ἔψαλλεν,
3408 4022 3490 4074 δτι
3522 4040 3540 4072 ι
3583 4022 3729 4075 Ἐδο-

446 4091 687 4161 κίμασας
731 4092 898 4163 ἡμᾶς,
926 4086 970 4146 ὦ
1003 4093 1174 4158 Θεὸς,
1218 4092 1509 4181 ἐπύρωσας
1571 4098 1749 4170 ἡμᾶς,
1792 4096 1869 4164 ὡς
1936 4090 2207 4169 πυροῦται
2272 4091 2334 4147 τὸ
2379 4094 2670 4170 ἀργύριον*
2702 4099 2988 4174 διήλθομεν
3032 4107 3121 4162 διὰ
3173 4111 3344 4182 πυρὸς
3364 4086 3466 4167 καὶ
3509 4114 3725 4185 ὓδατος,

444 4186 539 4238 καὶ
576 4184 843 4255 ἐξήγαγες
876 4185 1023 4256 ἡμᾶς
1053 4187 1132 4250 είς
1162 4174 1464 4259 ἀναψυχήν.

516 4276 715 4332 PALL.
740 4275 868 4343 Sed,
900 4276 1094 4332 amabo
1114 4285 1185 4344 te,
1209 4279 1394 4336 dicent
1414 4280 1644 4340 fortasse
1679 4284 1774 4355 qui
1811 4284 2027 4340 studio-

443 4368 622 4424 siores
656 4374 821 4422 sunt:
846 4367 1132 4434 Quomodo
1170 4386 1295 4426 cum
1340 4372 1651 4428 Madianitis
1684 4373 2032 4429 conﬁixerint

445 4465 609 4527 atque
647 4457 883 4512 vicerint
915 4458 1043 4514 lecti
1092 4460 1172 4514 illi
1210 4476 1311 4532 per
1349 4462 1528 4518 tribus
1574 4462 1716 4526 viri,
1753 4462 2029 4533 quomodo

443 4547 611 4602 etiam
650 4548 889 4601 maculas
933 4563 1000 4603 ex
1050 4567 1230 4622 pugna
1273 4560 1583 4608 contractas
1631 4552 2029 4626 absterserint,

443 4639 663 4694 abunde
685 4638 843 4695 nobis
864 4650 955 4695 tua
983 4640 1379 4696 demonstravit
1395 4643 1570 4697 oratio
1593 4659 1605 4694 :
1632 4642 1726 4697 sed
1741 4643 1855 4712 jam
1876 4643 2031 4698 locus

442 4737 531 4787 est
550 4737 610 4785 ut
639 4730 857 4801 probes,
895 4747 1029 4786 num
1060 4747 1253 4787 revera
1274 4740 1623 4787 strenuorum
1644 4733 1888 4789 virorum
1914 4734 2028 4789 for-

422 4819 697 4875 titudinis
716 4821 1015 4891 participes
1041 4821 1211 4877 futuri
1250 4822 1451 4887 simus,
1474 4838 1538 4876 ac
1558 4823 1813 4892 praeclare
1844 4831 2029 4895 gesto-

442 4929 564 4968 rum
585 4913 740 4980 socii,
754 4914 1004 4985 quamvis
1024 4929 1122 4984 par
1142 4913 1367 4968 omnino
1388 4914 1444 4968 in
1461 4914 1666 4970 virtute
1686 4924 2025 4972 momentum

441 5005 670 5060 minime
706 5004 1042 5069 habeamus,
1083 5018 1385 5074 eorumque
1434 5005 1601 5059 animi
1650 5007 2025 5077 magnitudine

443 5096 603 5165 longe
623 5094 913 5150 inferiores
932 5093 1136 5148 simus:
1160 5094 1213 5148 id
1241 5094 1389 5150 enim
1418 5104 1509 5151 tua
1529 5096 1689 5155 nobis
1711 5098 1885 5153 oratio
1904 5099 2024 5169 pol-

445 5186 734 5241 licebatur.
1520 5174 1529 5182 ”

512 5274 843 5345 CYR.Atqui
863 5274 1110 5346 proxime
1123 5276 1391 5347 sequitur,
1405 5287 1461 5334 et
1471 5277 1727 5351 adjuncta
1738 5281 1936 5336 esthac
1949 5280 2018 5336 de

447 5382 503 5420 re
540 5365 837 5420 constituta
857 5367 965 5428 lex,
1000 5365 1463 5423 evidentissimam
1486 5384 1616 5425 sane
1634 5369 2017 5440 probationem

444 5456 676 5520 habens,
700 5470 881 5525 neque
909 5456 1134 5512 arduam
1170 5475 1234 5515 ac
1268 5459 1543 5517 diﬁ'icilem
1566 5460 2014 5533 intelligentiam:

450 5565 472 5600 ι
503 5546 574 5603 Et
601 5547 817 5602 locutus
835 5557 940 5615 est,
967 5569 984 5601 ι
1014 5548 1210 5619 inquit,
1239 5570 1257 5603 ί
1296 5552 1561 5606 Dominus
1581 5551 1650 5607 ad
1670 5552 1911 5624 Moysen,
1930 5552 2018 5607 di-

2210 4273 2419 4328 ΠΛΛΛ.
2469 4274 2631 4344 Ἀλλ’,
2682 4272 2727 4332 ὧ
2759 4283 2996 4348 γενναῖε,
3029 4287 3187 4352 φαῖεν
3230 4286 3317 4351 ἂν,
3342 4288 3470 4355 ἴσως
3514 4294 3645 4365 ἡμῖν
3673 4295 3725 4348 οἱ

2138 4365 2591 4440 φιλομαθέστεροι
2613 4385 2627 4400 ο
2664 4370 2736 4424 Τὸ
2773 4374 2872 4444 μὲν
2897 4375 3006 4448 γάρ
3038 4377 3187 4442 ὅπως
3217 4381 3330 4444 τοῖς
3365 4383 3725 4455 Μαδιηναίοις

2135 4459 2515 4529 παρετάξαντό
2542 4479 2675 4516 ποτε
2720 4465 2816 4518 καὶ
2849 4469 3205 4540 νενικήκασιν
3246 4473 3295 4526 οἱ
3330 4473 3721 4544 ἐξειλεγμένοι,

2137 4550 2257 4603 τίνα
2287 4567 2344 4603 τε
2376 4552 2576 4623 τρόπον
2609 4554 2698 4609 τὸν
2722 4557 2786 4612 ἐκ
2820 4559 2914 4611 τοῦ
2953 4560 3191 4632 πολέμου
3221 4563 3581 4638 διεσμήξαντο
3623 4586 3725 4637 μο-

2134 4640 2357 4712 λυσμὸν,
2396 4644 2637 4716 διαρκῶς
2676 4649 2810 4720 ἡμῖν
2840 4649 2869 4701 6
2903 4650 3063 4720 λόγος
3099 4654 3401 4726 ἐκδέδειχε·
3444 4659 3635 4730 καιρὸς
3663 4661 3724 4715 δὲ

2128 4734 2229 4806 ἤδη
2262 4734 2647 4809 πληροφορεῖν,
2680 4742 2728 4794 εί
2765 4743 2861 4797 καὶ
2882 4744 3100 4816 μέτοχοι
3135 4746 3278 4800 κατά
3304 4747 3365 4802 τὸ
3394 4750 3590 4822 ἀληθὲς
3616 4752 3723 4823 τῆς

2127 4823 2236 4878 τῶν
2259 4825 2662 4897 ἀνδριζομένων
2690 4832 2981 4905 εὐτολμίας
3011 4836 3272 4909 ἐσόμεθα,
3313 4840 3411 4894 καὶ
3435 4844 3721 4914 συμμεθέ-

2129 4914 2291 4984 ξομεν
2311 4917 2497 4982 αὐτοῖς
2539 4920 2648 4975 τῶν
2682 4925 3148 4998 κατορθωμάτων,
3179 4931 3357 4985 καίτοι
3389 4934 3448 4987 τὸ
3481 4936 3720 4991 είσάπαν

2129 5006 2448 5061 ίσοστατοῦν
2474 5011 2573 5065 οὐκ
2603 5013 2818 5086 ἔχοντες
2848 5020 2905 5071 ἐν
2936 5022 3127 5094 ἀρετῇ.
3160 5026 3630 5098 μειονεκτούμενοι
3656 5031 3717 5084 δέ

2131 5114 2248 5189 πως
2275 5098 2376 5168 τῆς
2421 5102 2647 5158 ἐκείνων
2691 5108 2975 5180 εὐψυχίας.
3023 5113 3193 5169 Ταυτὶ
3233 5117 3343 5188 γὰρ
3388 5120 3522 5189 ἡμῖν
3549 5121 3578 5173 6
3624 5122 3719 5186 σὸς

2129 5188 2472 5259 ὑπισχνεῖται
2510 5194 2688 5264 λόγος.

2196 5280 2361 5337 ΚΥΡ.
2391 5285 2501 5337 Καὶ
2537 5287 2644 5359 μὴν
2671 5289 2839 5361 ἀγχοῦ
2874 5293 2935 5347 τέ
2971 5294 3087 5349 ἐστι
3130 5298 3223 5352 καὶ
3263 5300 3460 5368 γείτων
3492 5302 3655 5369 εὐθὺς
3685 5309 3716 5360 ὁ

2124 5373 2219 5466 επὶ
2245 5372 2380 5466 τῷδε
2416 5376 2600 5447 νόμος,
2646 5381 3049 5457 ἐναργεστάτην
3082 5384 3142 5443 εὖ
3186 5390 3329 5460 μάλα
3368 5393 3467 5466 τὴν
3499 5395 3718 5450 ἀπόδει-

2128 5462 2211 5556 ξιν
2244 5463 2402 5535 ἔχων,
2439 5470 2533 5522 καὶ
2585 5471 2684 5525 οὐκ
2737 5474 2941 5546 ἀνάντη
2995 5479 3094 5550 τὴν
3144 5462 3486 5556 προσόολήνο
3525 5488 3541 5539 i
3600 5490 3714 5543 Καὶ

2126 5555 2354 5627 ἐλάλησε
2381 5559 2633 5633 Κύριος,»
2671 5567 2823 5637 φησι,
2853 5586 2871 5618 ι
2904 5570 3040 5640 πρὸς
3072 5573 3303 5644 Μωσῆν,
3337 5555 3533 5648 λέγων·
3562 5582 3711 5635 Λάϐε

560 5721 914 5799 “MatthJu,
947 5732 1030 5786 ll.
1093 5735 1136 5764 ’⁸
1177 5734 1365 5790 Matth.
1391 5752 1485 5800 xu,
1515 5735 1602 5790 εις).
1662 5737 1705 5767 ³³
1746 5736 1847 5789 lsa.
1880 5751 2035 5799 μιν,
2078 5735 2130 5790 8.
2210 5736 2420 5793 'ICor.
2449 5756 2528 5805 ιη,
2556 5743 2639 5827 l5.
2703 5747 2721 5775 ²
2763 5746 2902 5801 Psal.
2928 5764 3050 5816 txv,
3088 5749 3275 5805 10-19..
