4096 6498
411 384 539 440 ’5⁸55

1195 380 1284 436 DE
1320 360 1770 433 ADORATIONE
1802 376 1876 432 IN
1918 360 2194 433 SPIRITU
2235 374 2326 432 ET
2348 372 2721 433 VERITATE.
2765 378 2895 434 LIB.
2937 364 3041 437 IV.

3640 375 3745 435 ΞΜ

416 502 493 556 τὸ
540 484 845 568 κε’φόιλαιον
880 486 991 549 τῶν
1023 494 1237 549 σκύλων
1270 494 1370 565 τῆς
1398 492 1778 564 αἰχμαλωσίας
1810 491 1918 545 ἀπὸ
1944 492 2036 545 ἁν-

2141 505 2273 545 cens
2297 507 2308 543 :
2332 490 2535 560 Accipe
2557 505 2827 546 summam
2852 490 3156 561 spoliorum
3175 487 3508 559 captivitatis
3537 490 3607 545 ab
3642 492 3744 549 lio-1
3829 510 3836 516 ·

420 592 665 663 θρώπου
696 590 802 652 ἕως
842 589 1098 660 κτήνους,
1132 584 1196 641 σὺ
1225 586 1320 639 καὶ
1361 585 1626 656 Ἐλεάζαρ
1656 587 1685 638 6
1714 585 1914 654 ἱερεὺς,
1947 584 2042 637 καὶ

415 687 473 736 οἱ
502 684 773 752 ἄρχοντες
798 677 907 731 τῶν
929 677 1180 749 πατριῶν
1200 678 1300 747 τῆς
1330 676 1674 747 συναγωγῆς,
1702 673 1798 728 καὶ
1818 673 2043 728 διελεῖτε

416 774 493 829 τὶ
531 774 715 827 σκῦλα
747 770 853 824 ἀνὰ
882 771 1048 841 μέσον
1070 769 1179 822 τῶν
1202 766 1548 839 πολεμιστῶν
1565 767 1675 820 τῶν
1704 767 2045 837 ὲκπεπορευ-

424 866 621 934 μένων
662 865 747 927 είς
795 861 1133 932 παράταξιν,
1181 861 1277 915 καὶ
1326 859 1431 913 ἀνὰ
1488 846 1653 930 μέσον
1715 858 1898 927 πάσης
1941 860 2043 927 τῆς

421 951 794 1024 συναγωγῆς,
819 952 916 1005 καὶ
947 952 1201 1022 ἀφελεῖτε
1234 949 1297 1004 τὸ
1322 948 1476 1012 τέλος
1505 946 1716 1018 Κυρίῳ,
1747 944 1902 1016 παρὰ
1933 944 2044 998 τῶν

418 1046 746 1120 ἀνθρώπων
780 1047 894 1101 τῶν
929 1043 1283 1115 πολεμιστῶν
1314 1043 1426 1097 τῶν
1478 1039 1929 1111 ἐκπορευομένων
1964 1038 2044 1100 εἰς

416 1142 530 1214 τὴν
563 1141 905 1213 παράταξιν,
941 1141 1070 1211 μίαν
1113 1138 1298 1209 ψυχὴν
1331 1136 1438 1191 ἀπὸ
1470 1132 1861 1189 πεντακοσίων.
1911 1130 2044 1184 Ἀπὸ

417 1237 541 1290 τῶν
580 1235 892 1307 ἀνθρώπων
939 1233 1034 1287 καὶ
1081 1231 1190 1286 ἀπὸ
1239 1229 1351 1283 τῶν
1391 1227 1629 1300 κτηνῶν,
1661 1225 1757 1280 καὶ
1797 1223 1908 1277 ἀπὸ
1933 1222 2044 1276 τῶν

423 1329 578 1401 βοῶν
643 1329 739 1383 καὶ
768 1328 877 1383 ἀπὸ
906 1326 1016 1380 τῶν
1047 1324 1361 1397 προϐάτων,
1386 1323 1480 1376 καὶ
1502 1321 1611 1375 άπὸ
1634 1319 1744 1372 τῶν
1772 1317 1912 1370 ὄνων
1947 1315 2045 1371 καὶ

424 1424 544 1477 ἀπὸ
565 1421 660 1476 τοῦ
679 1421 918 1493 ἡμίσους
929 1419 1113 1473 αὐτῶν
1133 1415 1375 1489 λήψεσθε
1397 1432 1410 1446 '
1437 1415 1531 1467 καὶ
1551 1413 1747 1476 δώσεις
1778 1408 2044 1481 Ἐλεάζαρ

421 1515 513 1587 τῷ
551 1517 693 1586 ἱερεί
716 1514 815 1578 τὰς
849 1512 1107 1584 ἀπαρχὰς
1146 1510 1378 1584 Κυρίου,
1420 1508 1515 1563 καὶ
1551 1506 1660 1560 ἀπὺ
1692 1503 1786 1558 τοῦ
1811 1502 2044 1576 ἡμίσους

422 1607 530 1660 τοῦ
559 1605 674 1659 τῶν
708 1605 842 1659 υίῶν
869 1596 1093 1677 Ἰσραὴλ
1118 1603 1266 1677 λήψῃ
1288 1602 1385 1655 ένα
1401 1601 1511 1655 ἀπὸ
1551 1598 1660 1652 τῶν
1680 1598 2040 1668 πεντήκοντα,

420 1700 544 1755 ἀπὸ
572 1700 688 1752 τῶν
717 1690 1048 1771 ἀνθρώπων,
1092 1698 1188 1751 καὶ
1218 1695 1327 1749 ἀπὸ
1349 1693 1457 1748 τῶν
1480 1690 1640 1763 βοῶν,
1673 1690 1768 1745 καὶ
1802 1689 1910 1743 ἀπὸ
1933 1689 2043 1743 τῶν

422 1792 754 1865 προϐάτων,
798 1791 893 1845 καὶ
924 1790 1036 1844 ἀπὸ
1075 1788 1186 1842 τῶν
1214 1788 1376 1852 ὄνων,
1422 1786 1517 1839 καὶ
1541 1784 1651 1839 ἀπὸ
1673 1783 1891 1837 πάντων
1929 1781 2041 1835 τῶν

2147 579 2297 634 mine
2316 595 2492 650 usque
2510 580 2579 635 ad
2598 597 2788 651 pecus,
2811 589 2872 636 tu
2891 588 2948 636 et
2966 581 3196 636 Eleazar
3215 581 3496 647 sacerdos,
3519 592 3576 638 et
3592 584 3747 654 prin-

2145 671 2297 742 cipes
2327 671 2663 728 familiarum
2689 673 3166 745 congregationis:
3203 682 3261 729 et
3290 674 3551 733 dividetis
3572 681 3746 749 spolia

2145 764 2292 821 inter
2318 765 2613 821 bellatores
2639 781 2892 836 egressos
2915 767 2984 821 ad
3006 767 3235 833 bellum,
3259 750 3317 823 et
3353 769 3498 824 inter
3524 786 3744 828 omnem

2146 856 2631 927 congregationem
2663 873 2674 908 :
2702 865 2759 910 et
2777 857 3110 926 separabitis
3129 858 3398 913 tributum
3417 860 3654 917 Domino
3677 863 3748 918 ab

2144 947 2470 1004 hominibus
2511 947 2874 1004 bellatoribus
2925 950 3340 1021 egredientibus
3388 953 3458 1008 ad
3502 953 3743 1019 bellum,

2146 1056 2313 1096 unam
2345 1041 2586 1097 animam
2618 1057 2650 1096 a
2683 1042 2999 1113 quingentis
3022 1061 3035 1096 :
3055 1043 3125 1098 ab
3157 1044 3477 1101 hominibus
3507 1054 3563 1102 et
3593 1064 3625 1103 a
3658 1048 3748 1120 ju-s

2146 1134 2369 1200 mentis,
2392 1143 2449 1190 et
2483 1149 2515 1188 a
2544 1133 2742 1200 bobus,
2762 1143 2819 1190 et
2856 1135 2926 1190 ab
2961 1136 3178 1203 ovibus,
3219 1144 3277 1192 et
3311 1138 3381 1193 ab
3410 1139 3603 1205 asinis,
3634 1148 3690 1196 et
3715 1158 3745 1197 a

2147 1227 2336 1294 mulis,
2352 1234 2409 1282 et
2445 1226 2516 1282 ab
2554 1227 2817 1284 omnibus
2848 1228 3118 1299 jumentis
3150 1229 3554 1301 accipietis;et
3587 1232 3747 1289 dabis

2146 1319 2412 1375 Eleazaro
2441 1319 2718 1376 sacerdoti
2754 1319 3030 1392 primitias
3067 1321 3320 1376 Domini:
3348 1331 3407 1378 et
3443 1340 3475 1379 a
3511 1324 3745 1380 dimidio

2148 1410 2388 1467 ﬁliorum
2427 1413 2597 1469 Israel
2629 1413 2889 1485 accipies,
2914 1430 3091 1469 unum
3128 1413 3198 1469 de
3219 1415 3644 1489 quinquaginta,
3675 1418 3746 1472 ab

2147 1506 2494 1573 hominibus,
2530 1516 2588 1561 et
2607 1522 2640 1562 a
2658 1506 2859 1573 bobus,
2884 1514 2942 1563 et
2961 1508 3031 1563 ab
3053 1507 3275 1576 ovibus,
3299 1517 3356 1566 et
3374 1510 3443 1565 ab
3467 1511 3658 1578 asinis,
3690 1525 3747 1568 ct

2147 1599 2219 1655 ab
2253 1596 2832 1671 omnibusjumentis;
2855 1610 2912 1656 et
2934 1602 3093 1658 dabis
3110 1618 3177 1659 ea
3196 1603 3407 1660 Levitis
3428 1605 3749 1661 custodien‘

2147 1693 2301 1748 tibus
2359 1692 2644 1750 custodias
2692 1693 2751 1749 in
2801 1694 3158 1751 tabernaculo
3212 1696 3454 1752 Domini.
3497 1699 3569 1754 Et
3615 1697 3749 1755 iecit

2146 1788 2380 1865 Moyses,
2394 1795 2451 1843 et
2474 1787 2703 1843 Eleazar
2722 1787 3003 1853 sacerdos,
3025 1787 3172 1843 sicut
3190 1788 3451 1859 praecepit
3479 1789 3750 1847 Dominus

420 1884 677 1957 κτηνῶν.
715 1884 811 1939 καὶ
840 1882 1038 1947 δώσεις
1065 1880 1204 1936 αὑτᾶ
1247 1883 1362 1945 τοῖς
1391 1878 1652 1941 Λευῖταις
1685 1877 1798 1940 τοῖς
1831 1873 2036 1944 φυλάσ-

2144 1880 2316 1952 Moysi
2341 1880 2384 1934 ³.
2422 1898 2440 1932 ι
2483 1879 2764 1936 Continuo
2800 1896 3041 1952 namque
3095 1884 3244 1952 quod
3292 1880 3484 1938 divino
3527 1883 3747 1955 iussum

421 1982 594 2031 σουσι
621 1975 722 2038 τὰς
751 1974 1002 2044 φυλακὰς
1023 1975 1081 2029 ὲν
1101 1976 1169 2045 τῇ
1205 1973 1383 2044 σκηνῇ
1414 1969 1642 2041 Κυρίου.
1681 1968 1793 2022 Καὶ
1813 1964 2042 2034 ἐποίησε

416 2061 645 2141 Μωσῆς
668 2068 766 2123 καὶ
802 2068 1073 2140 Ἐλεάζαρ
1096 2070 1125 2122 ὁ
1147 2067 1350 2138 ἱερεὺς,
1380 2063 1528 2120 καθὰ
1548 2061 1810 2129 συνέταξε
1835 2060 2047 2134 Κύριος

414 2160 511 2233 τῷ
561 2162 762 2232 Μωσῇ.
805 2175 825 2215 ι
869 2161 1262 2232 Διεπεραίνετο
1299 2158 1410 2231 γὰρ
1429 2157 1595 2223 εὐθὺς
1633 2156 1695 2211 τὸ
1727 2155 1871 2211 θεῖον
1902 2168 2035 2227 χρηδ

421 2255 742 2326 σμῴδημα,
796 2253 1008 2326 λεπτῆς
1048 2268 1111 2308 τε
1154 2254 1253 2309 καὶ
1299 2250 1565 2324 ἀκριϐοῦς
1609 2250 1913 2323 γενομένης
1939 2248 2040 2320 τῆς

417 2348 877 2422 ἀπαριθμήσεως
909 2347 1023 2405 τῶν
1038 2347 1278 2414 σκύλων,
1308 2345 1531 2416 καὶτῆς
1554 2346 1612 2398 ὲν
1646 2344 1839 2417 ἡμίσει
1864 2343 2042 2397 διανο-

422 2442 570 2517 μῆς,
606 2445 704 2498 καὶ
733 2441 1112 2497 ἀποδοθέντων
1140 2439 1250 2495 τῶν
1283 2437 1705 2511 ἀφαιρεμάτων,
1747 2436 1870 2508 ἦτοι
1925 2434 2040 2489 τῶν

420 2534 707 2607 ἀπαρχῶν
745 2533 959 2606 Κυρίῳ,
1006 2532 1084 2606 τῷ
1128 2533 1271 2605 ἱερεῖ
1295 2530 1375 2603 τῷ
1413 2529 1704 2601 Ἐλεάζαρ,
1740 2529 1909 2601 φημὶ,
1944 2526 2041 2582 καὶ

418 2629 545 2692 τοῖς
577 2630 645 2681 ἐκ
688 2624 865 2698 φυλῆς
892 2625 1025 2680 Acut
1045 2643 1058 2655 ·
1086 2621 1201 2698 ἆρά
1237 2640 1319 2678 σοι
1350 2621 1525 2695 λήθης
1559 2622 1801 2693 ἀμείνων
1827 2623 1857 2676 6
1888 2620 2036 2686 νοῦς,

418 2718 525 2773 καὶ
553 2720 640 2783 είς
667 2720 808 2793 ὅπερ
836 2716 1050 2789 ἔφαμεν
1071 2717 1129 2772 ὲν
1155 2716 1356 2788 ἀρχαῖς
1383 2714 1604 2769 ἀναθεῖν
1632 2712 1935 2784 εὐσθενήςι

500 2809 719 2864 ΠΛΛΛ.
748 2809 823 2862 Τὸ
854 2810 1007 2862 ποῖον
1025 2825 1041 2876 ;

499 2900 673 2956 ΚΥΡ.
707 2902 784 2957 Οὐ
818 2900 930 2973 γὰρ
956 2901 1020 2972 δὴ
1048 2898 1256 2973 χιλίους
1288 2902 1418 2963 τοὺς
1461 2897 1557 2969 ἀφ’
1584 2888 1829 2971 ἑκάστης
1862 2899 2038 2971 φυλῆς

418 2996 512 3061 εις
538 2994 641 3068 τὴν
677 2994 772 3049 τοῦ
807 2994 1050 3067 πολέμου
1093 2990 1536 3064 συγκεκομίσθαι
1578 2992 1773 3064 χρείαν
1820 2994 1850 3046 6
1892 2994 2037 3066 ἱερὸς

415 3087 534 3159 ἔφη
562 3087 724 3156 λόγος
750 3103 767 3151 ;
1126 3160 1131 3161 γ

500 3181 718 3235 ΠΑΛΛ.
754 3182 903 3252 Ἔφη
937 3178 1048 3250 γὰρ
1075 3175 1191 3233 οὖν.

937 3218 1136 3338 ιτονίί.
1150 3218 1356 3339 μέρους
1384 3263 1749 3337 λαμπρότητα
1765 3266 1861 3319 καὶ
1892 3263 2034 3319 εὐδο-
2060 3218 2103 3276 C

439 3361 688 3435 κίμησιν
718 3363 799 3424 είς
825 3361 947 3414 ὅλον
986 3359 1141 3432 ἥξειν
1181 3357 1245 3411 τὸ
1287 3358 1586 3430 πλήρωμα,
1616 3355 1806 3426 σαφῶς
1844 3373 1904 3410 τε
1937 3355 2034 3412 καὶ

418 3452 681 3526 ἐναργῶς
715 3451 1004 3523 ἐλέγομεν,
1040 3449 1382 3522 ἡμερότητός
1409 3464 1471 3501 τε
1492 3446 1588 3502 καὶ
1618 3445 2034 3518 φιλανθρωπίας

416 3546 571 3601 Θεοῦ
627 3547 724 3600 καὶ
755 3544 919 3599 τοῦτο
941 3545 1025 3615 ἐφ’
1052 3544 1187 3615 ἡμῖν
1223 3539 1285 3596 εὖ
1330 3541 1475 3614 μάλα
1518 3540 1923 3613 διοικουμένης,
1963 3538 2032 3593 ἵν’

414 3639 622 3710 ῶσπερ
640 3638 761 3702 ἑνὸς
781 3637 879 3691 καὶ
897 3635 1270 3706 εὐοσμοτάτου
1285 3633 1654 3705 θυμιάματος,
1669 3633 1735 3687 ὲκ
1756 3632 2034 3705 διαφόρων

415 3733 588 3788 εἱδῶν
613 3731 1014 3802 πεποιημένου,
1049 3728 1149 3800 μία
1185 3745 1271 3791 τις
1305 3728 1335 3799 ἡ
1372 3727 1595 3782 πάντων
1618 3725 1818 3781 εὐωδία
1844 3724 2032 3781 λοιπὸν

417 3826 774 3898 ἀναφέρηται
797 3824 879 3896 τῷ
907 3822 1048 3895 Θεῷ,
1080 3821 1176 3877 καὶ
1200 3821 1279 3892 τῷ
1306 3820 1425 3874 λίαν
1456 3819 1881 3892 εὐδοκιμωτάτῳ
1903 3837 2034 3891 συγ-

415 3919 951 3991 καταλαμπρύνοιτό
971 3935 1091 3981 πως
1122 3916 1185 3969 τὸ
1217 3915 1292 3988 μὴ
1323 3914 1501 3980 οὕτως
1532 3915 1883 3988 εὐδοκιμοῦν.

493 4014 717 4070 ΠΑΛΛ.
754 4012 1008 4082 Ἀληθέςε
1041 4007 1216 4064 Ταυτὶ
1242 4008 1354 4080 γὰρ
1380 4008 1512 4079 ἡμῖν
1534 4009 1563 4061 6
1604 4007 1761 4079 λόγος
1791 4007 2032 4063 ἐκϐασα-

413 4105 597 4171 νίζειν
626 4104 813 4176 ἡθελε.
1580 4091 1583 4094 ’

496 4198 671 4251 ΚΥΡ.
714 4195 910 4267 Ἀθρει
929 4193 995 4266 δὴ
1023 4190 1117 4248 οὖν
1143 4191 1620 4264 ἀπημφιεσμένως
1633 4189 1810 4246 ταῦτα
1831 4193 1946 4256 τοῖς
1969 4189 2032 4256 ἐξ

429 4277 659 4363 Ἰσραὴλ
700 4287 1105 4361 νομοθετοῦντα
1149 4285 1314 4340 Θεόν·
1343 4286 1394 4339 οἱ
1445 4285 1546 4357 μὲν
1585 4284 1699 4357 γὰρ
1735 4284 2029 4339 ἀπόλεκτοι

414 4384 590 4457 χίλιοι
618 4383 765 4438 κατὰ
791 4382 966 4455 φυλὴν
992 4379 1495 4453 κατεστρατεύοντο
1514 4377 1626 4433 τῶν
1644 4376 1995 4448 Μαδιηναίων
2011 4395 2026 4410 ·

416 4477 523 4532 καὶ
544 4476 607 4530 τὸ
626 4477 809 4549 νικᾷν,
839 4471 994 4547 οἶμαί
1020 4493 1149 4543 που,
1173 4475 1323 4545 πόνῳ
1364 4473 1460 4527 καὶ
1503 4469 1689 4543 ἱδρῶτι
1721 4470 2030 4542 κερδαίνον-

2114 1980 2264 2028 'erat
2291 1973 2539 2039 oraculo,
2563 1972 2978 2044 perﬁciebatur;
3010 1973 3176 2045 Ergo,
3205 1989 3333 2031 cum
3371 1975 3748 2035 minutissima

2143 2074 2310 2138 atque
2326 2066 2747 2139 diligentissima
2764 2065 2908 2123 facta
2922 2074 3071 2123 esset
3083 2068 3398 2125 numeratio
3414 2070 3745 2141 spoliorum,

2143 2175 2208 2215 ac
2234 2159 2417 2216 media
2447 2161 2517 2216 ex
2551 2167 2711 2230 parte
2737 2159 3098 2228 distributio;
3134 2174 3374 2232 cumque
3406 2173 3596 2221 essent
3622 2165 3750 2221 red-

2143 2253 2274 2309 ditze
2324 2253 2704 2324 separationes
2736 2268 2837 2309 seu
2876 2252 3137 2324 primitiae
3186 2255 3431 2323 Domini,
3469 2242 3744 2315 sacerdoti

2142 2347 2425 2414 Eleazaro,
2462 2346 2711 2419 inquam,
2749 2355 2808 2402 et
2840 2345 3078 2414 Levitis;
3112 2362 3248 2403 num
3287 2348 3389 2404 tibi
3422 2359 3507 2406 est
3526 2351 3748 2408 animus

2140 2441 2283 2498 adeo
2301 2455 2516 2497 memor
2534 2448 2598 2497 ut
2620 2440 2957 2497 oblivionem
2979 2441 3188 2509 vincat,
3207 2450 3375 2514 atque
3406 2443 3476 2502 ad
3506 2444 3563 2501 id
3592 2447 3745 2518 quod

2144 2532 2304 2590 initio
2333 2532 2676 2601 dicebamus,
2709 2549 3002 2591 recurrere
3034 2535 3258 2592 valeat?

2212 2782 2413 2856 I’ALL.
2446 2782 2679 2872 Ecquod
2710 2782 2847 2855 illud
2875 2788 2994 2855 est?
3304 2876 3309 2881 η

2209 2892 2369 2949 CYR.
2404 2892 2548 2948 Num
2583 2892 2731 2948 enim
2758 2893 3014 2949 millcnos
3039 2909 3071 2948 a
3117 2893 3348 2967 singulis
3386 2894 3644 2953 tribubus
3674 2880 3747 2953 ad

2140 2986 2351 3042 bellum
2383 2986 2689 3059 gerendum
2731 2987 3059 3043 convenisse
3093 3003 3264 3044 sacrae
3290 2987 3515 3045 Littera:
3552 2989 3742 3060 prodi-

2140 3077 2346 3134 derunt
2360 3078 2384 3132 ἲ

2208 3166 2408 3221 PALL.
2435 3167 2808 3225 Prodiderant
2835 3170 2942 3227 illa
2961 3171 3205 3242 quidem.-

2209 3256 2369 3314 CYR.
2400 3259 2582 3315 Partis
2599 3260 2733 3316 item
2754 3262 2922 3319 unius
2952 3265 3306 3336 splendorem
3333 3274 3398 3323 ac
3428 3267 3648 3324 laudem
3668 3267 3737 3324 a'd

2139 3348 2453 3409 universam
2492 3352 2896 3423 plenitudinem
2932 3354 3053 3412 fore
3090 3365 3153 3412 ut
3190 3359 3515 3429 pertineret,
3555 3374 3741 3417 annon

2135 3450 2328 3514 aperte
2360 3459 2424 3500 ac
2457 3445 2751 3503 manifeste
2790 3447 3155 3505 dicebamus?
3208 3452 3371 3524 126
3399 3453 3741 3528 benignitate

2133 3536 2234 3593 Dei
2253 3546 2419 3608 atque
2456 3538 2752 3597 clementia
2788 3540 2896 3598 hoc
2931 3557 3154 3615 quoque
3185 3544 3242 3600 in
3280 3546 3442 3603 nobis
3462 3550 3744 3621 sapienter

2134 3628 2580 3699 administrante,
2614 3641 2677 3689 ut
2696 3642 2962 3706 tanquam
3002 3636 3172 3692 unius
3208 3637 3582 3697 odoratissimi
3620 3645 3744 3717 thy-

2134 3719 2433 3789 miamatis,
2472 3738 2543 3778 ex
2578 3723 2751 3780 variis
2786 3724 3131 3783 aromatibus
3157 3728 3417 3796 confecti,
3450 3748 3596 3788 unus
3624 3748 3745 3789 om-

2134 3813 2288 3869 nium
2307 3815 2446 3872 odor
2458 3817 2573 3873 Deo
2591 3817 2877 3886 oll'eratur,
2897 3828 2954 3876 et
2970 3819 3135 3877 simul
3152 3836 3279 3877 cum
3300 3831 3455 3894 parte
3468 3825 3745 3896 probatis-

2135 3905 2275 3962 sima
2293 3907 2515 3964 laudem
2546 3910 2800 3981 acquirat
2820 3927 2884 3968 ea
2915 3929 3039 3984 quae
3065 3929 3178 3970 non
3211 3917 3351 3973 adeo
3374 3919 3609 3989 probata
3630 3932 3738 3980 est.

2208 3998 2407 4054 PALL.
2433 4000 2512 4057 Ita
2534 4010 2639 4057 est.
2661 4001 2721 4057 Id
2756 4003 2939 4074 ipsum
2969 4022 3206 4078 namque
3225 4016 3415 4066 nostra
3437 4011 3742 4085 disputatio

2133 4088 2577 4162 investigandum
2597 4105 2936 4164 susceperat.

2202 4181 2361 4239 (ΠΗ.
2376 4182 2513 4240 Vide
2532 4184 2700 4256 igitur
2719 4186 2827 4243 hoc
2853 4188 3001 4244 idem
3019 4189 3149 4247 ﬁliis
3166 4190 3335 4251 Israel
3354 4194 3530 4251 Deum
3549 4205 3741 4269 aperte

2132 4273 2436 4345 praecipere
2459 4293 2472 4328 :
2513 4275 2594 4330 illi
2618 4292 2858 4350 namque
2878 4280 3010 4336 lecti
3031 4281 3236 4340 milites
3257 4285 3469 4343 milleni
3490 4304 3592 4360 per
3619 4291 3739 4346 sin-

2132 4367 2292 4438 gulas
2345 4368 2527 4425 tribus
2571 4369 2844 4428 adversus
2904 4374 3233 4433 Madianitas
3286 4382 3735 4453 contendebant;

2132 4474 2371 4533 cumque
2417 4463 2710 4521 victoriam
2763 4468 2957 4538 procul
2995 4468 3168 4526 dubio
3201 4471 3394 4531 labore
3431 4488 3496 4532 ac
3534 4478 3739 4535 sudore

411 4586 535 4635 τες,
585 4568 930 4641 διενείμαντο
972 4567 1044 4622 τὰ
1086 4569 1153 4623 ἐκ
1197 4565 1294 4621 τοῦ
1338 4564 1583 4635 πολέμου
1633 4563 2032 4635 συνειλεγμένα

2141 4550 2321 4624 adepti
2352 4561 2561 4620 essent,
2575 4569 2699 4626 qua:
2716 4571 2785 4612 ex
2805 4556 2952 4615 bello
2973 4560 3311 4633 collegerant
3328 4580 3457 4621 cum
3475 4569 3739 4626 universa

417 4661 566 4735 πρὸς
609 4662 796 4716 πᾶσαν
834 4660 1005 4724 εὐθὺς
1048 4661 1151 4732 τὴν
1208 4657 1559 4728 συναγωγὴν,
1609 4658 1704 4710 καὶ
1748 4658 1865 4720 τοῖς
1916 4654 2026 4709 τῶν

412 4754 835 4828 ἀνδριζομένων
886 4751 1314 4823 κατορθώμασιν
1344 4753 1379 4824 ἡ
1409 4750 1573 4820 ἑτέρα
1620 4748 1835 4820 πληθὺς
1889 4766 2024 4803 κατ-

411 4844 776 4916 εσεμνύνετο·
798 4864 819 4897 ι
838 4843 1075 4897 Διελεῖτε
1097 4842 1228 4914 γὰρ,
1260 4859 1279 4893 ›
1302 4841 1458 4912 φησὶ,
1492 4861 1509 4893 ι
1532 4841 1603 4896 τά
1617 4839 1813 4907 σκῦλα,
1843 4840 1909 4894 σὺ
1929 4840 2025 4894 καὶ

426 4929 705 5010 Ἐλεάζαρ
728 4940 758 4992 6
788 4937 992 5010 ἱερεὺς,
1026 4937 1122 4990 καὶ
1150 4937 1201 4990 οι
1230 4936 1494 5011 ἄρχοντες
1514 4935 1624 4989 τῶν
1648 4933 1895 5007 πατριῶν
1922 4933 2025 5005 τῆς

417 5032 794 5105 συναγωγῆς·
852 5031 948 5086 καὶ
991 5029 1217 5084 διελεῖτε
1248 5028 1321 5083 τὰ
1370 5029 1546 5084 σκῦλα
1584 5028 1862 5101 ἀναμέσον
1915 5028 2025 5084 τῶν

415 5122 776 5197 πολεμιστῶν
809 5121 920 5177 τῶν
955 5119 1410 5194 ἐκπορευομένων
1446 5122 1526 5184 είς
1560 5119 1662 5192 τὴν
1690 5120 2022 5192 παράταξιν,

416 5218 519 5273 καὶ
556 5215 664 5271 ἀνὰ
697 5214 865 5287 μέσον
891 5213 991 5284 τῆς
1019 5211 1368 5283 συναγωγῆς.
1400 5228 1419 5262 ι
1460 5208 1603 5265 Ὅτι’
1624 5210 1737 5284 γὰρ
1770 5212 2023 5267 συνευδο-

414 5307 656 5379 κιμήσει
686 5306 801 5367 τοῖς
821 5303 962 5373 ἄγαν
987 5300 1389 5372 ἐξειλεγμένοις
1412 5303 1505 5355 καὶ
1532 5302 2024 5376 περιφανεστέροις

414 5402 481 5455 τὸ
512 5398 689 5473 βραχύ
718 5415 772 5452 τι
810 5396 1093 5459 καταδεὲς,
1137 5393 1233 5449 καὶ
1276 5394 1511 5448 κατόπιν
1556 5394 1634 5449 ἰὸν
1663 5396 1766 5467 τῆς
1794 5394 2022 5449 ἐκείνων

422 5491 830 5568 μεγαλοφυΐας,
863 5486 1275 5560 ὑπεσημαίνετό
1330 5504 1447 5552 πως
1503 5486 1601 5542 καὶ
1653 5489 1684 5542 6
1732 5487 2025 5553 θεσπέσιος

382 5576 660 5648 Ἱίαὖλσς.
719 5578 1279 5653 Ἀπαριθμησάμενος
1322 5579 1433 5651 γὰρ
1480 5578 1592 5633 τῶν
1645 5578 2024 5652 ἀρχαιοτέρων

420 5678 602 5751 ἁγίων
621 5677 750 5741 τοὺς
766 5674 860 5729 διὰ
874 5674 1112 5739 πίστεως
1129 5670 1567 5745 εὐδοκιμηκότας
1596 5672 1693 5727 καλ¹
1717 5666 1801 5738 οἷς
1830 5674 1865 5744 ή
1895 5672 2022 5739 δόξα

497 5859 521 5893 ⁸
554 5860 722 5915 Num.
754 5870 917 5923 1m,
940 5857 1133 5914 ιιι-δι.
1214 5856 1421 5911 ‘Num.
1468 5873 1616 5921 xxxi,
1655 5858 1746 5926 26,
1782 5859 1873 5916 Ἦ.

2135 4645 2320 4701 statim
2339 4662 2612 4720 synagoga
2633 4648 2965 4721 diviserunt,-
2987 4662 3153 4725 atque
3179 4658 3462 4727 pmclaris
3490 4660 3599 4718 illis
3618 4661 3738 4718 for-

2137 4738 2276 4794 tium
2312 4740 2561 4795 virorum
2580 4741 2740 4799 factis
2759 4753 2959 4802 caetera
2980 4747 3281 4806 multitudo
3300 4750 3592 4810 honestata
3621 4764 3733 4811 est:

2143 4848 2161 4881 ‹
2197 4830 2468 4889 Dividetis
2484 4835 2656 4901 enim,
2678 4855 2695 4888 ι
2730 4836 2934 4909 inquit,
2968 4854 2988 4891 ι
3013 4842 3211 4912 spolia,
3230 4850 3290 4899 tu
3310 4854 3366 4902 et
3387 4846 3618 4905 Eleazar
3644 4863 3734 4905 sa—

2134 4924 2350 4991 cerdos,
2368 4933 2424 4981 et
2438 4928 2723 5000 principes
2741 4928 3075 4988 familiarum
3106 4950 3395 5008 synagoga;
3411 4979 3425 5004 ,
3443 4947 3501 4995 et
3523 4940 3738 4999 divide-

2133 5018 2205 5074 tis
2236 5019 2411 5090 spolia
2431 5020 2577 5078 inter
2599 5022 2898 5081 bellatores
2917 5040 3172 5097 egressos
3189 5029 3257 5085 ad
3274 5046 3536 5102 pugnam,
3562 5041 3620 5088 et
3648 5035 3735 5089 in-

2134 5121 2220 5166 ter
2251 5127 2472 5170 omnem
2512 5117 3049 5188 congregationem‘.
3081 5139 3099 5171 ι
3139 5120 3280 5177 Fore
3313 5132 3499 5180 autem
3522 5133 3585 5181 ut
3601 5141 3730 5183 cum

2130 5204 2450 5262 lectissimis
2487 5207 2910 5280 illustribusque
2946 5209 3084 5266 viris
3120 5211 3343 5267 laudem
3392 5212 3473 5270 illi
3504 5231 3730 5289 quoque

2131 5308 2566 5371 consequantur,
2599 5300 2805 5372 quibus
2825 5303 3078 5358 nonnihil
3098 5304 3166 5361 ad
3185 5306 3452 5364 virtutem
3471 5310 3649 5379 deest,
3672 5322 3731 5370 et

2130 5394 2355 5450 illorum
2391 5394 2560 5450 animi
2582 5395 2931 5453 nobilitatem
2949 5413 2979 5454 a
3004 5405 3157 5471 tergo
3174 5411 3509 5474 sequuntur,
3531 5406 3731 5465 beatus

2130 5503 2353 5561 quoque
2385 5489 2590 5546 Paulus
2608 5489 2846 5546 latenter
2863 5490 3149 5548 indicavit.
3169 5494 3309 5552 Nam
3337 5513 3468 5555 cum
3495 5516 3728 5557 enume~

2130 5589 2307 5637 rasset
2319 5581 2532 5653 priscos
2547 5581 2674 5637 illos
2693 5589 3022 5656 sanctosque
3039 5586 3190 5644 viros
3212 5586 3434 5661 qui’ﬁde
3449 5608 3723 5650 commen-

2132 5674 2246 5732 dati
2274 5674 2529 5743 fuissent,
2550 5675 2759 5747 quique
2779 5680 3063 5749 przestanti
3099 5681 3156 5736 in
3182 5683 3355 5741 Deum
3375 5686 3577 5757 pietate
3607 5684 3719 5758 glo-
