4096 6444
407 336 516 390 ῖιὸὗ

1448 330 1502 383 s.
1544 315 1818 384 CYRHLI
1863 321 2334 384 ALEX'ANDRINI
2377 329 2696 391 Altl‘JllEP.

3598 328 3702 387 536

412 448 551 502 riam
569 445 840 502 illustrem
863 443 968 499 sibi
990 443 1460 514 comparavissent
1479 461 1490 495 :
1507 444 1614 497 «Ex
1646 443 1776 509 ilde,
1799 444 1997 515 inquit,

2110 444 2569 517 zept;avi~,;,_dn6
2597 462 2661 513 γε
2688 444 2787 515 τῆς
2817 444 2897 507 είς
2919 443 3051 497 Θεὸν
3085 438 3349 515 ἀκριϐοῦς
3380 444 3663 508 εὐσεϐείας
3686 452 3699 465 ⁸

409 540 618 597 mortui
651 546 782 595 sunt
816 538 873 592 hi
903 552 1115 602 omnes,
1149 543 1335 591 etnon
1355 545 1689 607 acceperunt
1710 540 2008 608 repromis-

408 635 595 690 siones
616 674 630 699 ,
653 633 768 688 Deo
802 645 904 701 pro
924 629 1087 685 nobis
1106 628 1316 698 aliquid
1351 627 1551 684 melius
1569 629 1915 700 providente,
1939 647 2007 687 ne

409 728 529 782 sine
550 724 711 781 nobis
730 729 1187 780 consummentur
1206 721 1247 774 ⁵.
1286 739 1305 772 ι
1332 719 1541 776 Scribit
1558 721 1727 777 etiam
1747 721 1816 777 ad
1828 723 1967 778 alios
1991 741 2004 776 :

416 841 434 871 ι
460 820 579 876 1am
617 816 847 889 perfecti
870 814 1030 880 estis,
1057 814 1178 869 sine
1198 813 1362 868 nobis
1395 815 1696 885 regnastis,
1720 823 1777 870 et
1794 815 2008 870 utinam

408 912 756 983 regnassetis,
781 915 844 962 ut
859 916 916 963 et
950 921 1055 961 nos
1075 921 1183 960 una
1201 920 1329 961 cum
1347 905 1507 961 vobis
1526 921 1890 977 regnat-emus
1908 907 1929 938 ⁸
1955 907 2000 961 ί»

405 1004 571 1060 Vides
602 1017 699 1057 eos
727 1000 823 1071 qui
853 999 1050 1055 ordine
1080 1007 1209 1053 sunt
1245 997 1519 1063 inferiori,
1542 998 1707 1054 simul
1725 1013 1851 1053 cum
1874 1013 2004 1069 per-

401 1096 563 1151 fectis
592 1092 961 1165 perﬁciendae
993 1106 1152 1157 esse;
1192 1105 1319 1145 cum
1357 1089 1577 1146 selectis
1612 1104 1832 1160 quoque
1869 1089 2008 1144 viris

402 1185 843 1250 benedicuntur,
870 1182 967 1253 qui
996 1196 1109 1237 non
1139 1194 1297 1250 aeque
1324 1179 1543 1234 viribus
1581 1180 1780 1235 valent.
1817 1178 2007 1234 Psallit

400 1288 601 1350 nempe
638 1278 838 1333 beatus
856 1275 1057 1332 David:
1090 1293 1108 1327 ι
1137 1273 1419 1333 Benedicti
1442 1289 1543 1329 vos
1574 1288 1604 1328 a
1629 1272 1883 1337 Domino,
1907 1272 2004 1342 qui

2119 558 2136 589 ι
2165 537 2323 591 Κατὰ
2348 536 2553 601 πίστιν,
2580 555 2597 587 ι
2625 538 2813 609 φησιν,
2842 557 2860 589 ι
2889 536 3161 592 ἀπέθανον
3186 531 3330 590 οὗτοι
3353 536 3577 601 πάντες,
3613 538 3707 591 καὶ

2111 630 2211 682 οὐκ
2244 630 2573 700 ἐκομίσαντο
2601 630 2701 694 τὰς
2726 629 3082 699 ἐπαγγελίας,
3124 628 3219 683 τοῦ
3244 629 3380 684 Θεοῦ
3406 631 3579 703 περὶὴ
3587 630 3704 701 μῶν

2111 720 2360 790 κρεῖττόν
2410 737 2462 773 τι
2517 718 2995 792 προϐλεψαμένου,
3056 721 3144 774 ἵνα
3205 721 3281 793 μὴ
3336 721 3508 792 χωρὶς
3544 720 3704 792 ἡμῶν

2107 812 2493 867 τελειωθῶσιν.
2535 832 2554 865 ι
2604 812 2942 868 Ἐπιστέλλει
2984 813 3043 867 δὲ
3080 814 3176 869 καὶ
3206 813 3448 885 ἑτέροις·
3501 833 3523 868 ι
3560 814 3704 886 Ἤδη

2108 907 2519 978 τετελειωμένοι
2548 907 2673 961 ἐστέ
2696 923 2711 939 ο
2743 906 2916 979 χωρὶς
2959 907 3116 980 ἡμῶν
3150 906 3567 972 ἐϐασιλεύσατε,
3609 908 3704 962 καὶ

2109 996 2317 1065 ὡφελόν
2346 1014 2411 1066 γε
2445 997 2841 1053 ἐϐασιλεύσατε
2863 1039 2878 1061 ,
2910 997 2997 1051 ἵνα
3028 997 3122 1052 καὶ
3156 998 3318 1069 ἡμεῖς
3344 998 3473 1068 ὑμῖν
3502 982 3687 1068 συμόα

2111 1090 2469 1162 σιλεύσωμεν.
2512 1110 2533 1143 ι
2574 1091 2741 1162 Ὁρᾷς
2799 1091 2952 1155 ὅπως
2995 1088 3545 1161 συντελειωθήσονται
3593 1092 3707 1153 τοῖς

2108 1184 2166 1234 ὲν
2190 1181 2358 1246 τέλει,
2389 1185 2484 1237 καὶ
2511 1184 2561 1236 οἰ
2589 1182 2743 1250 τάξιν
2767 1182 2984 1254 ἔχοντες
3010 1182 3112 1255 τὴν
3146 1180 3385 1236 καταδεᾶ
3408 1218 3423 1244 ,
3452 1181 3548 1235 καὶ
3577 1198 3705 1235 συν-

2117 1271 2469 1341 ευλογοῦνται
2513 1276 2627 1337 τοῖς
2666 1272 3065 1345 ὲξειλεγμένοις
3105 1272 3157 1326 οἱ
3212 1271 3287 1343 μὴ
3340 1269 3464 1325 κατ’
3505 1270 3705 1334 αὐτοὺς

400 1372 534 1428 fecit
563 1371 764 1428 caelum
801 1375 860 1425 et
895 1375 1134 1433 terram;
1178 1365 1461 1422 benedixit
1506 1364 1777 1421 Dominus
1813 1363 1997 1419 domui

2105 1366 2415 1433 εὐσθενεῖς;
2449 1367 2659 1422 Ψάλλει
2691 1368 2749 1421 δέ
2799 1385 2903 1421 που
2952 1366 3050 1422 καὶ
3095 1364 3123 1419 ὁ
3175 1363 3463 1428 θεσπέσιος
3504 1363 3701 1417 Δαϐίδ-

400 1472 588 1520 Aaron
612 1481 628 1531 ;
655 1460 940 1518 benedixit
970 1459 1239 1515 Dominus
1260 1457 1451 1513 domui
1488 1456 1658 1513 Israel
1681 1474 1697 1524 ;
1720 1455 1997 1511 benedixit

2112 1473 2131 1507 ι
2169 1456 2543 1527 Εὐλογημένοι
2559 1458 2718 1527 ὑμεῖς
2742 1456 2820 1530 τῷ
2841 1455 3053 1529 Κυρίῳ,
3080 1454 3158 1525 τῷ
3175 1454 3461 1524 ποιήσαντι
3493 1452 3584 1505 τὸν
3611 1451 3705 1505 ού-

398 1556 671 1612 Dorninus
692 1555 761 1611 iis
791 1553 884 1624 qui
913 1554 1107 1608 timent
1126 1550 1439 1621 se,‘pusil|is
1457 1566 1586 1606 cum
1607 1550 1995 1622 maioribus".p

2108 1543 2271 1615 ρανδν
2309 1546 2405 1599 καὶ
2443 1548 2543 1618 τὴν
2571 1547 2676 1616 γῆν
2702 1563 2714 1576 ·
2746 1546 3014 1617 εὐλόγησε
3043 1545 3248 1615 Κύριος
3272 1544 3364 1598 τὸν
3388 1541 3536 1597 οἷκον
3578 1544 3702 1599 ’Δαι-

400 1648 580 1705 Simul
613 1648 760 1704 enim
783 1661 908 1701 cum
935 1642 1235 1715 majoribus
1265 1640 1673 1698 benedicuntur
1701 1640 1736 1695 ii
1771 1640 1866 1711 qui
1900 1655 1997 1710 pu-

2109 1636 2218 1707 ρών
2237 1653 2253 1669 ο
2281 1637 2546 1710 εὐλόγησε
2576 1639 2784 1710 Κύριος
2811 1639 2905 1693 τὸν
2941 1634 3092 1693 οἶκον
3142 1637 3361 1708 Ἰσραήλ
3389 1654 3401 1667 ·
3435 1636 3705 1707 εὐλόγησε

401 1740 511 1798 silli
549 1746 840 1804 vocantur,
876 1736 969 1806 qui
995 1734 1065 1789 de
1104 1733 1225 1805 pari
1269 1731 1594 1787 fortitudine
1630 1732 1856 1803 gloriari
1888 1747 1997 1786 non

2112 1727 2323 1801 Κύριος
2365 1729 2493 1793 τοὺς
2527 1730 2899 1801 φοϐουμένους
2927 1729 3112 1794 αὑτὸν,
3144 1729 3270 1793 τοὺς
3298 1731 3528 1801 μικροὺς
3562 1728 3707 1800 μετὰ

400 1838 672 1903 possunt,
710 1828 916 1900 quique
954 1833 1086 1881 sunt
1135 1823 1302 1879 animi
1340 1823 1624 1878 alacritate
1669 1822 1738 1877 ad
1778 1823 1997 1880 labores

2103 1821 2217 1875 τῶν
2260 1822 2534 1893 μεγάλων.
2597 1842 2616 1874 ι
2666 1821 3127 1891 Συνευλογοῦνται
3175 1825 3289 1887 τοῖς
3342 1822 3603 1892 μεγάλοις
3650 1819 3706 1875 οἱ

401 1918 719 1976 tolerandos
779 1915 1094 1993 inferiores,
1152 1917 1269 1968 zelo
1328 1926 1463 1967 vero
1518 1918 1575 1967 et
1610 1911 1717 1967 fide
1772 1912 1997 1968 forsitan

2108 1912 2435 1984 καλούμενοι
2458 1915 2668 1984 μικροὶ,
2699 1917 2759 1968 ὲν
2788 1913 2948 1986 ῥώμῃ
2973 1914 3072 1985 μὲν
3093 1916 3353 1985 ἐπαυχεῖν
3370 1915 3471 1968 οὐκ
3486 1914 3707 1986 ἔχοντες

399 2009 640 2080 aequales
661 2048 674 2073 ,
695 2014 861 2077 atque
893 2002 1219 2060 fortitudine
1255 2017 1355 2073 pro
1380 2016 1495 2058 sua:
1533 1996 1813 2060 facultatis
1840 2005 1997 2061 modo

2111 2002 2222 2076 ἴσῃ,
2275 2006 2372 2059 καὶ
2414 2007 2536 2069 ταῖς
2581 2007 2662 2070 είς
2714 2004 2777 2058 τὸ
2831 2007 3033 2077 χρῆναι
3066 2005 3367 2075 τληπαοεῖν
3395 2005 3706 2077 ἡττώμενοι

403 2101 563 2172 127
581 2099 864 2157 Christum
884 2097 1216 2154 exhilarant.
1231 2097 1308 2150 Ac
1329 2095 1541 2166 Moyses
1561 2107 1617 2151 et
1647 2095 1874 2151 Eleazar
1892 2112 2000 2152 non

398 2193 638 2250 absurde
661 2193 892 2265 ﬁguram
914 2199 1106 2247 tenent
1124 2186 1353 2253 Christi,
1376 2187 1470 2258 qui
1504 2186 1649 2243 idem
1671 2199 1726 2243 et
1744 2189 2005 2246 sacerdos

398 2295 484 2342 est
510 2294 567 2343 et
594 2285 899 2358 legislator,
934 2284 1332 2353 distribuitque
1352 2282 1557 2352 populo
1578 2281 1775 2353 spolia,
1797 2282 2004 2339 sanctis

398 2381 608 2452 angelis
625 2378 790 2434 simul
806 2375 1117 2433 astantibus
1137 2416 1151 2441 τ
1175 2390 1412 2446 quorum
1436 2375 1666 2447 figuram
1685 2382 1886 2446 gerunt
1921 2374 2001 2429 illi

398 2471 681 2546 principes
707 2467 1045 2523 familiarum
1076 2479 1382 2537 synagogas.
1402 2465 1485 2519 An
1510 2476 1567 2518 tu
1588 2462 1817 2521 minime
1842 2474 2002 2534 [mtas

396 2564 603 2619 multos
619 2575 742 2617 esse
762 2560 816 2615 in
837 2559 1004 2615 terris
1038 2564 1260 2613 sanctos
1280 2558 1506 2628 angelos
1528 2573 1560 2610 a
1581 2556 1692 2611 Deo
1727 2555 1999 2611 constitu-

401 2665 487 2712 tos
534 2651 606 2710 ad
641 2666 803 2723 opem
839 2649 1127 2706 ferendam
1172 2647 1450 2710 ﬁdelibus.
1489 2662 1553 2702 ac
1590 2647 1821 2719 populos
1856 2663 1998 2718 quo-

395 2749 459 2806 da
473 2747 695 2804 mmodo
718 2743 1124 2800 moderandos?

469 3009 670 3065 PALL.
713 3009 829 3080 Ego
849 3022 983 3063 vero
1010 3006 1186 3061 fateor
1220 3022 1232 3056 :
1265 3019 1366 3059 cur
1403 3003 1552 3059 enim
1585 3003 1820 3075 negem?

466 3101 626 3159 CYR.
661 3101 942 3157 Venturus
967 3114 1000 3154 e
1028 3098 1171 3154 oculo
1198 3104 1551 3167 exspectatur
1582 3095 1837 3153 Christus
1867 3111 1991 3153 cum

396 3195 604 3253 sanctis
638 3192 877 3266 angelis;
912 3201 972 3248 et
1012 3191 1232 3248 sedebit
1273 3163 1331 3245 in
1365 3189 1498 3247 sede
1531 3189 1721 3257 gloriae
1763 3205 1897 3258 suae,
1930 3205 1996 3246 ac
2021 3163 2064 3222 θ

395 3288 695 3346 distribuet
744 3286 911 3357 digna
958 3285 1162 3356 cuique
1211 3282 1456 3351 praemia.
1500 3285 1849 3355 honoresque
1896 3298 1995 3353 pro

394 3388 548 3438 recte
600 3376 878 3437 factorum
934 3379 1153 3433 ratione
1196 3376 1486 3449 rependet.
1546 3377 1782 3447 ideoque
1830 3375 1995 3432 Isaias

393 3474 487 3531 ille
517 3471 739 3543 sapiens
765 3471 835 3527 de
862 3470 1086 3533 Christo
1120 3468 1296 3525 dicit:
1336 3487 1356 3522 ι
1403 3469 1698 3539 Propterea
1738 3470 1855 3539 ipse
1891 3469 1992 3525 do-

393 3565 702 3620 minabitur
743 3561 954 3629 muitis,
997 3570 1054 3617 et
1092 3559 1317 3617 fortium
1370 3559 1582 3616 dividet
1624 3559 1819 3629 spolia,
1861 3573 1991 3630 pro-

393 3666 587 3730 pterea
617 3652 768 3726 quod
805 3653 1012 3711 tradita
1049 3661 1138 3712 est
1176 3653 1230 3709 in
1278 3664 1509 3709 mortem
1544 3652 1725 3707 anima
1759 3653 1900 3723 ejus,
1936 3660 1993 3708 et

392 3764 523 3808 cum
566 3747 754 3819 lmpiis
798 3753 1084 3817 mputatus
1111 3753 1197 3802 est
1226 3746 1269 3800 ⁸.
1303 3764 1323 3799 ι
1365 3746 1471 3801 Per
1511 3744 1792 3800 Christum
1826 3744 1992 3814 igitur

393 3841 751 3913 praemiorum
787 3839 1109 3896 distributio
1141 3844 1253 3906 liet,
1284 3839 1378 3910 qui
1417 3848 1676 3909 tanquam
1716 3853 1815 3908 per
1844 3837 1991 3910 Moy—

392 3948 493 3990 sen
530 3942 588 3989 et
623 3934 850 3990 Eleazar
893 3931 1182 4004 ﬁguratur.
1227 3932 1481 3986 Christus
1518 3931 1666 3985 enim
1714 3930 1989 4003 legislator

393 4034 481 4082 est
509 4026 673 4081 simul
702 4028 757 4081 et
792 4024 1060 4096 pontifex.

380 4116 393 4151 θ
462 4118 676 4175 PALL.
702 4116 923 4189 Optime
953 4116 1184 4172 dictum.

462 4211 620 4267 CVR.
664 4209 731 4267 Si'
767 4218 953 4265 autem
988 4209 1461 4266 animadvertatur
1505 4225 1628 4280 qua:
1662 4218 1879 4267 servata
1914 4210 1989 4266 sit

392 4304 451 4360 in
484 4303 873 4360 distribuendo
920 4302 1080 4370 ratio,
1112 4319 1183 4358 an
1224 4319 1330 4359 non
1365 4303 1728 4360 admiratione
1772 4304 1983 4376 dignis-

393 4395 533 4451 sima
569 4395 941 4466 iudicabitur?

2108 2096 2465 2168 προθυμίαις,
2496 2098 2647 2169 ζήλῳ
2684 2099 2743 2151 δὲ
2776 2099 2920 2169 τάχα
2947 2099 3042 2152 καὶ
3071 2098 3248 2151 πίστει
3282 2097 3705 2169 παρισούμενοι,

2106 2189 2198 2243 καὶ
2221 2178 2350 2254 ταῖς
2361 2189 2506 2245 κατὰ
2523 2190 2755 2261 δύναμιν
2771 2189 3104 2254 εὐσθενείαις
3117 2191 3352 2262 Χριστὸν
3381 2190 3705 2263 εὐφραίνονι

2107 2297 2221 2344 τες.
2258 2282 2369 2336 Καὶ
2393 2282 2568 2346 τύπος
2600 2282 2668 2336 ἂν
2690 2277 2800 2337 εἷεν
2828 2283 3036 2353 Μωσῆς
3068 2299 3127 2337 τε
3158 2282 3254 2337 καὶ
3290 2282 3558 2355 Ἐλεάζαρ
3580 2282 3705 2347 ἑνὸς

2104 2370 2199 2424 τοῦ
2226 2371 2531 2444 ἀρχιερέως
2549 2388 2609 2425 τε
2632 2373 2727 2426 καὶ
2746 2373 3043 2443 νομοθέτου
3074 2373 3334 2446 Χριστοῦ,
3351 2373 3704 2445 διανέμοντος

2102 2462 2181 2535 τῷ
2206 2463 2321 2535 λαῷ
2350 2464 2419 2519 τὰ
2438 2464 2635 2529 σκῦλα,
2668 2481 2733 2518 συ
2742 2454 3210 2537 μπαρεστηκότων
3232 2466 3481 2536 ἀγγέλων
3503 2467 3698 2537 ἁγίων,

2103 2551 2181 2611 ὧν
2204 2558 2297 2611 καὶ
2329 2556 2500 2621 τύπος
2530 2553 2641 2610 εἶεν
2670 2556 2739 2611 ἂν
2774 2558 2826 2611 oi
2857 2557 3121 2629 ἄρχοντες
3162 2557 3270 2611 τῶν
3318 2558 3566 2631 πατριῶν
3599 2560 3701 2631 τῆς

2103 2650 2459 2720 συναγωγῆς.
2492 2651 2564 2703 Ἦ
2610 2650 2713 2704 οὐκ
2739 2646 2881 2705 εἶναι
2917 2651 3025 2723 φὴς
3052 2649 3281 2714 πολλοὺς
3325 2652 3418 2705 ἐπὶ
3457 2653 3561 2724 γῆς
3586 2653 3701 2707 τῶν

2100 2741 2273 2810 ἁγίων
2320 2742 2594 2811 ἀγγέλων,
2640 2742 2794 2813 παρὰ
2836 2742 2976 2796 Θεοῦ
3000 2743 3389 2814 τεταγμένους,
3437 2744 3519 2807 εἰς
3539 2761 3604 2813 γε
3636 2745 3701 2797 τὸ

2098 2835 2210 2888 δεῖν
2240 2838 2356 2900 τοῖς
2414 2835 2841 2889 πεπιστευκόσιν
2874 2837 3211 2907 ἐπικουρεῖν,
3243 2836 3337 2890 καὶ
3369 2837 3533 2890 οἱονεὶ
3563 2837 3697 2891 καθ-

2099 2927 2352 2998 ηγεῖσθαι
2382 2926 2529 2982 λαῶν
2554 2946 2569 2993 ;

2172 3016 2386 3070 ΠΑΔΛ.
2423 3017 2595 3088 Φημί·
2633 3016 2752 3082 πῶς
2777 3018 2886 3089 γὰρ
2911 3016 3005 3083 οῦς

2164 3107 2334 3162 ΚΥΡ.
2382 3107 2573 3175 Ἥξειν
2618 3107 2715 3163 ἀπ’
2765 3106 3001 3180 οὐρανοῦ
3052 3109 3419 3180 προσδοκᾶται
3458 3110 3696 3182 Χριστὸς

2101 3197 2240 3269 μετὰ
2261 3198 2374 3253 τῶν
2403 3197 2574 3268 ἁγίων
2603 3199 2879 3268 ἀγγέλων,
2904 3198 2999 3253 καὶ
3029 3199 3303 3254 καθιεῖται
3333 3200 3429 3272 μὲν
3449 3202 3544 3255 ἐπὶ
3569 3201 3698 3273 θρό-

2098 3306 2188 3344 νου
2234 3287 2396 3360 δόξης
2446 3288 2636 3355 αὐτοῦ,
2696 3290 3035 3360 διανεμεῖται
3067 3289 3127 3344 δὲ
3180 3290 3397 3362 ἑκάστῳ
3438 3292 3508 3347 τὰ
3542 3292 3700 3365 αὐτῷ

2097 3382 2384 3456 πρέποντα
2404 3382 2565 3455 γέρα,
2591 3383 2687 3438 καὶ
2719 3368 3001 3451 ἀναλόγως
3028 3385 3143 3447 τοῖς
3177 3383 3568 3456 κατορθώμασι
3595 3384 3697 3448 τὰς

2094 3476 2299 3548 τιμάς·
2331 3475 2614 3548 τοιγάρτοι
2675 3478 2772 3531 καὶ
2815 3476 2844 3527 ὁ
2889 3475 3052 3546 σοφὸς
3100 3476 3235 3549 ἡμῖν
3286 3478 3516 3542 Ἡσαΐας
3560 3480 3696 3549 περὶ

2094 3569 2335 3642 Χριστοῦ
2371 3586 2508 3640 φησι
2528 3586 2542 3601 ο
2579 3589 2598 3622 ι
2627 3568 2913 3625 Διὰιτοῦτο
2941 3572 3106 3638 αὐτὸς
3139 3572 3418 3646 κυριεύσει
3454 3573 3694 3642 πολλῶν,

2095 3661 2321 3718 καὶτῶν
2346 3662 2587 3735 ἰσχυρῶν
2621 3664 2801 3733 μεριεῖ
2832 3662 3025 3731 σκῦλα,
3050 3663 3167 3723 ἀνθ’
3193 3658 3270 3722 ὧν
3296 3666 3574 3738 παρεδόθη
3606 3668 3695 3732 ei;

2094 3753 2327 3810 θάνατον
2353 3757 2388 3826 ἡ
2412 3754 2560 3827 ψυχὴ
2580 3754 2769 3820 αὐτοῦ,
2789 3756 2883 3810 καὶ
2910 3758 3096 3822 ἐντοῖς
3119 3758 3344 3830 ἀνόμοις
3364 3761 3639 3835 ἐλογίσθη.
3669 3783 3686 3814 ι

2106 3848 2198 3901 Ἐν
2222 3846 2448 3919 Χριστῷ
2468 3846 2761 3919 τοιγαροῦν
2804 3848 2838 3919 ἡ
2874 3848 2985 3904 τῶν
3011 3848 3234 3918 ἀγαθῶν
3252 3850 3596 3922 διανέμησις,
3613 3852 3699 3917 ὡς

2091 3939 2153 3992 έν
2180 3938 2355 4009 Μωσῇ
2390 3954 2450 3990 τε
2501 3936 2599 3991 καὶ
2642 3936 2906 4009 Ἐλεάζαρ
2952 3940 3401 4012 ἐκτυπουμένων.
3441 3941 3693 4013 Νομοθέ-

2090 4049 2193 4104 της
2231 4032 2340 4103 γὰρ
2377 4034 2437 4085 ἐν
2457 4030 2640 4101 ταυτῷ
2673 4031 2768 4084 καὶ
2796 4031 3087 4105 όιρχιερεὺς
3115 4035 3145 4087 ὁ
3172 4033 3428 4105 Χριστός.

2163 4126 2382 4180 ΠΔΛΛ.
2424 4125 2663 4196 Ἀριστα
2694 4123 2856 4196 ἔφης.

2136 4215 2325 4269 ’ΚΥΡ.
2363 4214 2462 4278 Τίς
2492 4215 2551 4268 δὲ
2578 4214 2643 4285 δὴ
2667 4215 2763 4269 καὶ
2786 4214 2951 4280 αὐτὸς
2973 4216 3003 4268 δ
3035 4216 3129 4271 τοῦ
3153 4218 3536 4289 διανείμασθαι
3561 4219 3693 4292 τρό-

2090 4325 2211 4372 πος,
2246 4303 2336 4380 ἆρ’
2370 4307 2495 4378 οὐχί
2520 4304 2825 4378 θαυμάζειν
2854 4306 3034 4375 ἄξιονς

462 4487 661 4543 PALL.
705 4487 848 4543 Sane
875 4490 1136 4558 quidem:
1161 4503 1318 4559 aequa
1346 4489 1495 4543 enim
1525 4498 1702 4558 parte,
1732 4488 1828 4558 qui
1860 4486 1985 4551 bel-

2156 4487 2368 4542 ΠΑΛΛ.
2403 4486 2554 4541 Πάνυ
2593 4485 2694 4557 μὲν
2727 4481 2842 4542 οὖν.
2885 4487 2976 4541 Ἐν
3007 4487 3096 4559 ἴσῃ
3128 4485 3237 4560 γὰρ
3265 4484 3431 4559 μοίρᾳ
3455 4486 3691 4561 τετίμη-

388 4577 507 4633 ium
539 4587 843 4650 gesserant,
875 4588 932 4637 et
961 4580 1056 4650 qui
1084 4579 1425 4643 resederant,
1459 4577 1645 4633 donati
1676 4585 1824 4630 sunt.

461 4669 621 4725 CYB.
656 4670 882 4727 Minime
917 4686 1052 4725 vero
1088 4684 1265 4738 aequa,
1291 4669 1541 4731 minime,
1564 4667 1826 4736 inquam;
1860 4665 1989 4721 licet

391 4760 592 4834 praedae
633 4761 803 4817 totius
849 4770 1065 4833 partem
1108 4760 1393 4815 dimidiam
1434 4757 1735 4813 habuerint
1772 4771 1986 4828 pugna-

392 4863 563 4920 tores,
603 4854 832 4910 alteram
863 4869 998 4909 vero
1031 4852 1315 4908 dimidiam
1357 4858 1470 4904 tota
1512 4864 1783 4921 synagoga
1816 4866 1829 4903 :
1862 4849 1988 4904 uni-

390 4960 589 5002 versus
628 4960 871 5015 namque
916 4959 1185 4999 numerus
1227 4942 1467 4997 ﬁliorum
1503 4942 1672 4997 Israel
1714 4956 1986 4997 summam

391 5046 779 5095 sexcentarum
836 5037 1073 5094 millium
1131 5035 1443 5100 alliciebat,
1510 5034 1711 5091 additis
1763 5035 1832 5090 ad
1882 5035 1988 5090 tria

389 5130 564 5186 millia
616 5130 935 5203 quingentis
984 5126 1421 5198 quinquaginta,
1472 5128 1721 5199 aejuneta
1765 5143 1834 5184 ex
1880 5128 1989 5184 hoc

390 5210 625 5277 numero
674 5231 840 5291 atque
887 5230 1143 5290 exempta
1189 5233 1402 5274 summa
1446 5219 1617 5276 sacris
1661 5220 1986 5276 ministeriis

391 5313 589 5369 dicata:
651 5312 833 5367 tribus
873 5331 884 5366 :
941 5326 1208 5367 numerus
1264 5320 1446 5366 autem
1499 5321 1620 5368 erat
1670 5313 1992 5384 aptissimus

390 5420 590 5475 pugnae
619 5419 733 5458 non
761 5405 935 5475 major
960 5419 1124 5474 quam
1151 5404 1363 5459 milleni
1394 5421 1493 5476 per
1518 5405 1761 5476 singulas
1788 5406 1987 5461 tribus.

392 5496 598 5567 Spoliis
638 5495 806 5566 igitur
851 5497 906 5551 in
953 5512 1142 5568 aequas
1180 5492 1463 5569 portiones
1485 5498 1824 5564 distributis,
1856 5516 1987 5556 cum

391 5587 665 5643 universae
698 5589 896 5657 praedae
939 5591 1168 5649 dimidia
1214 5606 1344 5662 pars
1378 5591 1603 5662 utrique
1642 5591 1986 5647 multitudini

2095 4594 2185 4632 ται
2216 4576 2294 4647 τῷ
2327 4577 2553 4649 μαχίμῳ
2583 4578 2643 4630 τὸ
2665 4576 2928 4650 ἠρεμοῦν.

2158 4671 2325 4726 ΚΥΡ.
2357 4671 2475 4725 Οὐκ
2507 4668 2597 4741 ἴση
2628 4670 2729 4740 μὲν
2757 4665 2872 4735 οῦν,
2912 4669 3113 4725 πολλοῦ
3144 4687 3209 4740 γε
3237 4669 3335 4725 καὶ
3363 4671 3465 4736 δεῖ,
3498 4669 3601 4723 κᾶν
3637 4671 3692 4724 εἰ

2090 4761 2191 4833 τὴν
2247 4760 2342 4816 τοῦ
2396 4760 2599 4825 παντὸς
2633 4761 2890 4831 ἡμίσειαν
2945 4761 3044 4833 ἔχῃ
3093 4761 3156 4815 τὸ
3201 4761 3462 4833 μάχιμον,
3499 4760 3600 4832 τὴν
3630 4761 3691 4815 δὲ

2091 4853 2285 4923 ἑτέραν
2305 4852 2561 4925 ἡμίσειαν
2590 4853 2622 4924 ἡ
2657 4854 2806 4907 πᾶσα
2839 4855 3161 4923 συναγωγή·
3193 4852 3415 4924 σύμπας
3448 4853 3547 4923 μὲν
3574 4852 3689 4924 γὰρ

2091 4941 2200 4996 τῶν
2236 4942 2298 5008 ὲξ
2355 4941 2575 5014 Ἰσραὴλ
2610 4943 2638 4996 ὁ
2671 4942 2903 5015 ἀριθμὸς
2950 4945 3030 5007 είς
3081 4944 3373 5011 ἑξακοσίας
3429 4944 3686 5016 χιλιάδας
3728 4930 3735 4937 ’

2089 5030 2182 5107 ἦν,
2214 5036 2311 5089 καὶ
2343 5035 2737 5100 πεντακοσίους
2768 5036 3108 5108 πεντήκοντα
3150 5039 3286 5108 πρὸς
3327 5037 3682 5111 τρισχιλίους,

2089 5128 2193 5182 ἀνὰ
2223 5126 2391 5198 μέρος
2414 5124 2583 5198 οὔσης
2615 5127 2710 5180 καὶ
2743 5125 3094 5200 ἐξῃρημένης
3134 5127 3229 5182 τοῦ
3257 5129 3561 5198 καταλόγου
3587 5128 3689 5200 τῆς

2091 5218 2479 5290 ίερατευούσης
2512 5217 2705 5289 φυλῆς.
2737 5218 2956 5289 Πληθὺς
2984 5219 3042 5273 δὲ
3075 5216 3143 5291 ἦν
3172 5222 3558 5293 μαχιμωτάτη,
3598 5220 3685 5291 χί-

2086 5312 2192 5366 λιοι
2237 5311 2377 5366 κατὰ
2422 5310 2619 5383 φυλήν.
2682 5311 2773 5367 Ἐν
2825 5313 2926 5383 ἴσῳ
2977 5312 3043 5384 δὴ
3084 5309 3177 5367 οὖν
3216 5313 3684 5386 διαμοιρηθέντων

2085 5404 2195 5458 τῶν
2230 5402 2465 5468 σκύλων,
2496 5404 2592 5457 καὶ
2617 5404 2717 5476 τὴν
2741 5403 2837 5463 τοῦ
2883 5405 3083 5469 παντὸς
3114 5405 3373 5477 ἡμίσειαν
3412 5405 3685 5477 ἑκατέρας

2085 5496 2359 5569 λαχούσης
2394 5495 2659 5566 πληθύος,
2688 5498 2748 5551 ὲν
2786 5496 2969 5568 πολλῷ
3004 5497 3212 5553 πλείονι
3242 5501 3355 5564 τοῖς
3378 5498 3679 5559 ἐλάττοσιν,

2085 5593 2142 5645 αἱ
2178 5590 2362 5661 τιμαὶ,
2390 5590 2485 5645 καὶ
2517 5589 2640 5660 οὐχὶ
2660 5591 2776 5657 τοῖς
2798 5589 3013 5645 πλείοσι
3042 5591 3140 5649 καὶ
3169 5591 3592 5665 ὑπερκειμένοις
3623 5588 3691 5673 ἐν.

461 5774 483 5806 ³
509 5774 680 5830 liebr.
716 5789 791 5841 xx,
830 5775 918 5831 39.
999 5775 1061 5830 Ἰ
1087 5774 1215 5831 Cor.
1240 5790 1311 5841 tv,
1351 5775 1402 5829 8.
1483 5777 1503 5809 ⁷
1529 5777 1672 5832 Psal.
1712 5792 1859 5842 cxnt,
1908 5777 2111 5844 12,13.
2192 5783 2211 5813 ⁸
2251 5781 2356 5837 Isa.
2401 5795 2512 5846 Llll,
2556 5782 2644 5836 £2.
