4096 6442
338 446 449 506 537

1094 449 1156 502 ιΕ
1196 446 1639 503 ADORATIONE
1678 448 1744 503 ΙΝ
1788 448 2058 505 SPlRlTU
2101 449 2189 504 ET
2232 449 2601 505 VERITATE.
2642 450 2772 506 LIB.
2814 452 2902 509 IV.

3548 453 3652 507 533

340 566 598 639 ἀριθμῷ.
630 563 848 620 Οὐκοῦν
881 566 1005 637 ἥτις
1053 568 1186 620 ποτέ
1229 568 1379 621 ἐστιν
1423 570 1462 640 ,ἡ
1518 570 1681 622 παντὶ
1728 567 1807 639 τῷ
1840 567 1955 639 λαῷ

2081 570 2396 641 :ontigisset,
2429 573 2605 626 multo
2643 572 2799 641 plura
2841 571 3067 641 praemia
3112 570 3398 641 pauciores
3441 570 3653 625 habue-

340 658 695 730 δοθησομένη
743 657 872 723 δόξα
926 658 1073 712 κατὰ
1117 661 1365 731 καιροὺς,
1417 660 1513 713 καὶ
1558 661 1657 729 τῆς
1701 659 1955 731 οὐρανίου

2081 669 2212 727 ἰιηι,
2250 677 2417 731 quam
2447 662 2561 726 alii,
2595 663 2689 732 qui
2727 665 2917 733 plures
2944 671 3119 728 erant,
3149 668 3207 717 et
3234 676 3465 717 numero
3493 661 3655 732 longe

339 744 565 817 δωρεᾶς
591 745 657 799 τὸ
680 746 901 817 μέτρον,
931 746 1139 819 ταύτης
1165 750 1199 818 ἡ
1221 748 1456 820 ἀκριϐὴς
1483 748 1648 803 οἱονεί
1678 767 1795 812 πως
1824 749 1957 819 ἠμί-

348 853 475 891 σεια
530 840 648 901 τοῖς
687 837 1097 910 ἑξειλεγμένοις
1143 842 1653 914 ἁπονεμηθήσεται,
1710 843 1809 895 καὶ
1855 842 1960 913 τῆς

347 929 506 996 θείας
537 931 891 1001 ἐπισκέψεως
909 932 1094 998 ἀξίους
1117 932 1278 996 ὄντας
1309 935 1536 998 ἑαυτοὺς
1561 930 1927 1002 ἀποφαίνουσι
1945 950 1959 963 ·

346 1022 451 1092 τῆς
479 1021 543 1076 δὲ
576 1022 780 1095 ἑτέρας
805 1025 1066 1095 ἡμισείας
1118 1023 1197 1097 τῷ
1237 1011 1404 1080 παντὶ
1433 1024 1628 1097 πλήθει
1661 1023 1963 1097 δοθησομέ-

360 1131 476 1185 νης,
494 1115 682 1169 καίτοι
710 1116 1129 1171 πλεονεκτοῦντι
1143 1117 1399 1173 τοσοῦτον
1413 1118 1472 1171 ὲν
1497 1116 1741 1191 ἀριθμῷο
1773 1136 1793 1169 ι
1824 1118 1964 1172 Πολ-

346 1204 439 1259 λοί⁵
453 1207 571 1279 γάρ
594 1209 707 1261 είσι
725 1208 942 1280 κλητοὶ,
961 1208 1133 1279 ὀλίγοι
1152 1209 1211 1265 δὲ
1235 1210 1484 1265 ἐκλεκτοί
1509 1227 1530 1264 ι
1560 1248 1575 1266 .
1604 1250 1619 1265 .
1651 1251 1666 1266 .
1697 1251 1712 1266 .
1750 1251 1766 1267 .
1795 1210 1964 1283 βαθὺς

347 1298 469 1370 γὰρ
497 1301 529 1353 ὁ
559 1300 741 1371 λόγος.

2062 751 2397 822 superiores.
2424 751 2601 822 igitur
2639 769 2983 823 quaecunque
3021 753 3114 808 illa
3150 762 3238 809 est
3272 753 3445 825 gloria
3495 768 3654 807 men-—

2063 856 2305 914 suraque
2350 843 2482 898 doni
2521 846 2780 911 caelestis,
2816 862 2939 916 quae
2972 862 3075 901 suo
3111 854 3359 917 tempore
3396 846 3658 900 universo

2061 936 2269 1007 populo
2308 936 2556 1003 dabitur,
2594 939 2716 1009 ejus
2761 954 2886 1009 pars
2927 937 3156 994 dimidia
3199 939 3353 994 velut
3404 936 3658 1008 diligenti

2062 1028 2278 1085 ratione
2323 1029 2499 1084 divisa
2543 1030 2764 1085 selectis
2802 1030 2936 1086 viris
2987 1033 3083 1102 qui
3130 1047 3190 1087 se
3226 1031 3413 1087 divina
3471 1031 3658 1100 inspe-
3704 1038 3711 1046 ‘

2063 1121 2247 1176 ctione
2290 1120 2488 1193 dignos
2533 1122 2930 1193 praestiterunt,
2977 1124 3282 1192 tribuetur;
3322 1124 3496 1179 altera
3532 1136 3661 1193 pars

2065 1210 2297 1267 dimidia
2356 1212 2630 1269 universae
2694 1214 3037 1270 multitudini
3106 1215 3357 1283 dabitur,
3409 1212 3663 1286 quamvis

2065 1319 2131 1360 ea
2190 1306 2491 1362 multitudo
2544 1322 2779 1363 numero
2825 1309 2897 1363 sit
2936 1309 3097 1379 longe
3142 1310 3318 1379 major
3366 1327 3380 1362 :
3435 1328 3452 1359 ι
3504 1305 3663 1361 Multi

351 1394 515 1449 enim
571 1393 778 1462 vocati,
825 1396 989 1467 pauci
1026 1411 1158 1454 vero
1192 1397 1355 1455 electi
1382 1398 1423 1452 ο.
1462 1417 1482 1451 ι
1537 1396 1622 1453 An
1655 1412 1727 1454 ne
1788 1395 2051 1469 intelligis
2089 1398 2238 1469 quod
2295 1398 2454 1455 dico?
2510 1416 2636 1455 nam
2691 1401 2985 1457 obscurius
3030 1410 3114 1457 est
3155 1400 3460 1471 aliquanto,
3516 1396 3665 1471 quod

349 1486 628 1543 diximus.

432 1584 648 1639 ΠΑΛΛ.
702 1585 960 1663 Συνίημι.
1012 1586 1080 1641 El
1133 1587 1245 1659 γάρ
1288 1589 1385 1643 καὶ
1446 1587 1666 1659 μέτοχοι
1721 1586 1823 1659 τῆς
1855 1584 1966 1639 τῶν

348 1675 540 1745 ἁγίων
577 1676 821 1748 ἐσόμεθα
848 1679 1028 1750 δόξης,
1066 1679 1186 1734 ἀλλ’
1236 1675 1330 1734 οὖν
1383 1681 1443 1736 ὲν
1501 1680 1711 1751 μείοσιν
1757 1679 1790 1751 ἢ
1843 1678 1967 1733 κατ’

350 1768 590 1835 αὐτούς·
638 1771 793 1825 τουτὶ
839 1771 950 1846 γὰρ
975 1775 1164 1846 mam
1200 1772 1360 1843 λόγος
1388 1774 1418 1826 ό
1455 1772 1547 1839 σὸς
1577 1773 1678 1827 οὐκ
1706 1771 1969 1845 ἀμυδρῶς

352 1865 774 1921 ὑπαινίττεται.

431 1956 609 2010 ΚΥΡ.
652 1955 861 2030 Ὀρθῶς
882 1957 1042 2028 ἔφης.
1061 1958 1173 2014 Θέα
1197 1959 1255 2014 δὲ
1269 1959 1332 2031 δὴ
1350 1959 1491 2031 πρὸς
1513 1957 1727 2022 τούτοις
1755 1959 1963 2031 ἕτερον,

347 2048 429 2104 δι’
457 2043 523 2104 οὗ
557 2050 796 2120 μάλιστα
829 2050 942 2104 τῶν
964 2053 1367 2125 ἀνδριζομένων
1399 2053 1499 2125 τὴν
1545 2055 1626 2117 είς
1654 2053 1788 2107 Θεὸν
1822 2055 1970 2125 παρα

353 2142 435 2212 ῥη
443 2141 574 2194 σίαν
607 2140 836 2196 εὔκολον
873 2143 1023 2201 ίδείν.

434 2233 654 2289 ΠΑΛΛ.
692 2236 769 2289 Τὸ
798 2236 852 2289 τί
883 2234 943 2289 δὲ
973 2239 1120 2309 φήςς

435 2327 614 2381 ΚΥΡ.
650 2326 766 2392 Τὰς
788 2328 889 2399 μὲν
917 2328 1029 2401 γὰρ
1053 2328 1379 2384 δυοκαίδεκα
1405 2330 1654 2402 χιλιάδας
1681 2330 1790 2385 τῶν
1821 2330 1974 2385 πολε-

357 2419 611 2488 μιστῶν,
642 2421 756 2476 ἀπὸ
784 2423 884 2494 τῆς
919 2422 1016 2476 τοῦ
1063 2423 1269 2499 παντὸς
1305 2424 1563 2496 ἡμισείας
1594 2425 1698 2495 τῆς
1731 2426 1973 2495 ὲκνεμη-

356 2512 565 2582 θείσης
592 2513 781 2577 αὐτοῖς
806 2514 1208 2586 προσκομίζειν
1237 2516 1578 2587 προστέταχε
1620 2515 1701 2587 τῷ
1727 2516 1977 2587 ἀρχιερεῖ

362 2606 505 2677 μίαν
565 2606 813 2680 κεφαλὴν
846 2608 957 2667 ἀπὺ
993 2609 1388 2674 πεντακοσίων,
1435 2608 1492 2662 ἐν
1518 2613 1589 2662 τε
1619 2611 1735 2674 τοῖς
1764 2606 1976 2680 ἀνθρώ·

360 2715 496 2762 ποις
528 2699 630 2754 καὶ
676 2701 735 2753 ὲν
768 2702 879 2765 τοῖς
936 2701 1165 2772 κτήνεσι
1186 2716 1201 2732 ·
1244 2701 1342 2755 καὶ
1391 2699 1553 2754 τοῦτο
1579 2696 1647 2773 ἦν
1678 2701 1864 2764 αὐτοῖς
1898 2700 1978 2770 τῷ

363 2791 571 2863 Κυρίῳ
610 2791 671 2845 τὸ
696 2793 870 2857 τέλος.
919 2793 1140 2865 Πληθύν
1183 2810 1248 2863 γε
1293 2792 1401 2866 μὴν
1430 2794 1531 2864 τὴν
1569 2794 1786 2866 ἑτέραν,
1848 2793 1978 2863 μίαν

360 2884 557 2957 ψυχὴν
586 2884 709 2939 ἀπὸ
758 2887 1126 2958 πεντήκοντα,
1173 2888 1242 2957 τῇ
1275 2886 1406 2957 ίερᾷ
1447 2884 1590 2956 φυλῇ
1638 2882 1976 2938 καταθέσθαι

360 2977 484 3033 δεῖν
517 2978 810 3047 ἐδικαίωσε
842 2979 1070 3050 Κύριος.
1115 2975 1549 3041 Ἀνατυποῦντος
1574 2976 1630 3031 δὲ
1654 2977 1820 3030 πάλιν
1841 2978 1978 3047 ἡμῖν

366 3071 469 3129 τοῦ
503 3071 778 3144 Ἐλεάζαρ
796 3073 882 3142 ἐφ’
911 3070 1110 3142 έαυτῷ,
1131 3071 1223 3124 τὸν
1248 3071 1345 3124 ἕνα
1363 3088 1423 3123 τε
1452 3072 1546 3124 καὶ
1577 3070 1737 3142 μόνον
1760 3067 1977 3135 ἀληθῶς

365 3164 667 3236 ἀρχιερέα,
709 3163 969 3220 τουτέστι
998 3164 1260 3236 Χριστὸν,
1291 3162 1591 3233 ἐξαιρέτως
1632 3164 1730 3216 καὶ
1758 3158 1979 3231 ἀληθῶς

370 3257 471 3317 καὶ
501 3258 673 3311 οἱονεί
696 3275 819 3321 πως
840 3257 994 3328 αὒτῷ
1019 3256 1161 3311 κατὰ
1191 3256 1488 3328 πρόσωπον
1521 3254 1724 3320 ίδικῶς,
1755 3252 1978 3307 ἀνακεί-

370 3365 531 3404 σεται
557 3348 673 3403 τῶν
687 3348 1131 3420 ὲξειλεγμένωνὴ
1153 3347 1486 3421 δωροφορία·
1508 3346 1661 3417 αὐτῷ
1672 3346 1783 3416 γάρ
1804 3360 1977 3417 προσ-

371 3441 599 3513 άγουσι,
626 3441 1064 3513 μεσολαόοὖντος
1103 3441 1319 3505 οὐδενός
1339 3453 1354 3469 ’
1401 3441 1431 3493 δ
1477 3438 1543 3512 δὴ
1576 3440 1672 3493 καὶ
1715 3437 1886 3509 ἔδρων
1930 3437 1979 3490 oi
2004 3466 2051 3523 α

372 3532 649 3604 μακάριοι
692 3531 960 3603 μαθηταὶ,
1005 3530 1177 3603 δρῶσι
1224 3530 1281 3586 δὲ
1322 3529 1404 3583 ἔτι
1458 3529 1556 3584 καὶ
1600 3528 1697 3582 νῦν
1742 3529 1794 3581 οῑ
1834 3525 1979 3581 λαῶν

370 3627 696 3699 ἡγούμενοι,
733 3629 865 3692 τοὺς
898 3627 993 3679 ἐπὶ
1029 3627 1109 3698 τῷ
1141 3625 1269 3694 θείῳ
1298 3624 1621 3696 κηρύγματι
1656 3623 1853 3688 πόνους
1886 3624 1983 3678 lit-

373 3720 472 3775 κὺν
500 3720 766 3792 ἀνάθημα
802 3719 1122 3792 ποιούμενοι
1146 3719 1224 3789 τῷ
1255 3716 1513 3789 Χριστῷ·
1540 3718 1574 3788 ἡ
1603 3715 1661 3770 δὲ
1690 3715 1854 3787 ἑτέρα
1873 3713 1982 3769 τῶν

372 3813 820 3884 εὐδοκιμούντων
852 3813 1066 3885 πληθὺς
1096 3814 1336 3865 ποιεῖται
1377 3809 1478 3881 μὲν
1512 3808 1612 3874 τὰς
1638 3807 1983 3879 δωροφορίας

373 3907 457 3968 είς
472 3903 636 3969 δόξαν
665 3902 932 3975 Χριστοῦ,
959 3901 1100 3974 πλὴν
1131 3902 1224 3955 διὰ
1253 3900 1440 3971 μέσον,
1478 3899 1750 3970 κειμένων
1785 3897 1979 3965 ἁγίων,

373 3997 523 4062 ὡςέν
542 4014 610 4066 γε
625 3999 695 4068 τῇ
716 3998 843 4071 ἱερᾷ
861 3996 1004 4068 φυλῇ
1026 3994 1355 4065 νοουμένων·
1381 3993 1598 4064 εἴρηται
1627 3990 1736 4064 γάρ
1752 4009 1766 4023 ·
1781 4012 1799 4043 ι
1821 3991 1983 4053 Γένος

374 4088 662 4153 ἐκλεκτὸν,
705 4088 979 4157 βασίλειον
1020 4087 1344 4159 ἱεράτευμα.
1384 4103 1404 4136 ›
1439 4083 1651 4139 Οὐκοῦν
1684 4082 1773 4136 διὰ
1802 4082 1983 4154 μέσων

373 4179 554 4251 ἁγίων
580 4183 614 4252 ἡ
641 4183 723 4245 είς
747 4179 881 4239 Θεὸν
927 4178 1095 4242 αίδὼς
1124 4179 1221 4234 κα)⁸
1247 4178 1309 4232 τὸ
1335 4177 1501 4241 σὲὄας
1533 4175 1755 4242 αὐτῶν,⁸
1771 4190 1983 4244 καρπο-

374 4274 696 4343 φορούντων
734 4275 857 4345 μὲν,
892 4274 956 4327 οὐ
1004 4272 1113 4344 μὴν
1147 4272 1460 4343 ἀνήκουσαν
1492 4268 1681 4332 ίδικῶς
1717 4267 1798 4338 τῷ
1814 4284 1976 4341 προσ-

376 4364 516 4436 ώπῳ
544 4364 788 4436 Χριστοῦ
810 4436 815 4443 ι
841 4364 1188 4434 ποιουμένων
1227 4364 1328 4433 τὴν
1359 4360 1727 4434 δωροφορίαν.
1770 4358 1983 4412 ὐποῑόν

376 4476 430 4513 τι
460 4457 769 4530 κατορθοῦν
807 4457 1146 4522 ἐσπούδαζον
1175 4460 1225 4512 οί
1270 4458 1369 4521 τὰς
1399 4454 1746 4526 καλουμένας
1794 4453 1983 4522 λογίας

377 4548 786 4621 συμφέροντες,
824 4549 921 4602 καὶ
942 4548 1224 4613 διακονίας
1253 4548 1570 4618 πέμποντες
1596 4547 1710 4609 τοῖς
1730 4545 1907 4615 ἁγίοις
1925 4546 1984 4599 ἐν

388 4641 777 4714 Ἰερουσαλὴμ,
803 4641 837 4713 ἦ
869 4642 968 4695 καὶ
995 4641 1066 4699 δι’
1106 4640 1428 4712 ἡστινοσοῦν
1458 4640 1651 4712 ἑτέρας
1684 4637 1984 4710 θεραπείας

375 4734 766 4806 ἀνακτώμενοι
809 4736 938 4799 τοὺς
990 4734 1390 4806 ἀνακειμένους
1447 4733 1589 4805 Θεῷ.
1652 4733 1844 4787 Ἰδικὺν
1888 4728 1982 4787 οὖν

2140 1584 2340 1640 PALL.
2400 1584 2674 1656 Intelligo.
2730 1585 2869 1641 Nam
2936 1586 3042 1641 etsi
3098 1592 3418 1640 sanctorum
3483 1584 3671 1655 gloriae

2076 1676 2242 1747 128
2271 1693 2464 1732 sumus
2517 1677 2691 1733 futuri
2734 1678 3057 1750 participes,
3110 1686 3356 1733 attamen
3406 1676 3671 1747 pauciora

2067 1785 2232 1840 quam
2257 1770 2335 1825 illi
2357 1786 2765 1843 consequemur
2794 1792 2805 1826 :
2830 1772 2886 1829 id
2908 1773 3060 1828 enim
3086 1772 3249 1829 nobis
3269 1768 3417 1827 haud
3436 1770 3672 1827 obscure

2074 1871 2168 1919 tua
2198 1864 2445 1919 insinuat
2473 1866 2670 1921 oratio.

2145 1955 2307 2012 CYR.
2346 1958 2517 2014 Recte
2555 1959 2654 2014 ais.
2694 1958 2806 2015 Sed
2847 1959 3074 2015 adverte
3105 1957 3256 2014 aliud
3293 1964 3582 2028 praeterea,
3617 1953 3674 2007 in

2077 2064 2189 2120 quo
2238 2052 2476 2117 maxime
2526 2052 2775 2107 virorum
2813 2061 3170 2110 strenuorum
3222 2052 3282 2107 in
3325 2051 3503 2112 Deum
3533 2047 3677 2108 [idu-

2076 2140 2221 2195 ciam
2258 2139 2451 2195 videre
2484 2142 2647 2202 facile
2687 2144 2887 2214 possis.

2147 2232 2348 2288 PALL.
2390 2234 2537 2302 Quid
2578 2235 2712 2306 illud
2749 2238 2871 2292 est?-

2146 2327 2306 2384 ΟΥΕ.
2348 2329 2464 2384 Illis
2508 2345 2749 2400 namque
2793 2330 3089 2387 duodecim
3136 2337 3507 2402 pugnatorum
3549 2326 3677 2380 mil-

2076 2419 2225 2475 libus
2274 2435 2344 2475 ex
2400 2421 2495 2475 illa
2541 2421 2716 2477 totius
2766 2422 2965 2493 praedae
3030 2420 3261 2478 dimidia
3330 2428 3487 2492 parte
3555 2432 3681 2487 qua:

2079 2512 2215 2584 ipsis
2258 2513 2469 2568 tributa
2519 2514 2719 2581 fuerat,
2767 2514 2984 2587 singula
3035 2531 3068 2571 e
3124 2512 3443 2585 quingentis
3498 2510 3680 2581 capita

2081 2617 2192 2662 tam
2234 2623 2304 2662 ex
2350 2608 2672 2665 hominibus
2717 2624 2883 2679 quam
2919 2625 2989 2665 ex
3030 2607 3328 2680 pecoribus
3370 2604 3571 2661 afferre
3612 2603 3681 2658 ad

2079 2699 2402 2771 pontiﬁcem
2423 2700 2620 2771 jussit;
2658 2699 2867 2755 id’erat
2901 2700 3012 2756 illis
3056 2698 3250 2754 tributi
3286 2697 3410 2753 loco
3447 2695 3684 2751 Domino

2081 2789 2446 2845 solvendum:
2505 2791 2601 2846 sed
2663 2777 3080 2847 multitudinem
3139 2792 3370 2846 alteram
3408 2788 3620 2844 animas
3652 2801 3685 2842 e

2081 2881 2492 2954 quinquagenis
2551 2883 2800 2954 singulas
2870 2884 3044 2939 tribui
3110 2898 3283 2938 sacrae
3330 2890 3391 2937 ut
3446 2881 3686 2937 solveret

2082 2974 2353 3030 Dominus
2394 2974 2576 3047 jussit.
2633 2975 2774 3032 Cum
2833 2977 3004 3049 igitur
3058 2976 3118 3031 in
3177 2991 3236 3033 se
3280 2975 3400 3046 ipso
3453 2974 3684 3029 Eleazar

2085 3065 2315 3137 ﬁguram
2364 3077 2520 3138 gerat
2574 3069 2724 3123 illius
2776 3069 2874 3139 qui
2932 3082 3077 3123 unus
3121 3076 3207 3122 est
3250 3082 3314 3122 ac
3362 3065 3514 3120 solus
3548 3078 3683 3119 vere

2085 3174 2336 3216 summus
2372 3161 2641 3230 pontifex,
2664 3161 2721 3216 id
2758 3170 2862 3227 est,
2904 3161 3133 3224 Christi,
3156 3160 3259 3230 ipsi
3297 3159 3575 3230 praecipue
3622 3172 3687 3212 ac

2084 3271 2236 3322 vere,
2273 3265 2331 3311 et
2365 3255 2774 3327 quodammodo
2826 3257 3077 3327 proxime
3118 3271 3183 3310 ac
3220 3255 3442 3326 pr0prie
3485 3269 3686 3310 conse-

2085 3355 2238 3402 crata
2261 3356 2393 3402 sunt
2415 3348 2720 3404 electorum
2750 3349 2998 3403 virorum
3025 3347 3169 3402 dona
3201 3365 3213 3400 :
3242 3347 3342 3417 ipsi
3370 3346 3521 3402 enim
3551 3346 3688 3403 offe-

2084 3449 2237 3507 runt,
2263 3456 2372 3496 non
2402 3441 2532 3505 alio,
2556 3440 2652 3511 qui
2680 3439 2934 3510 accipiat,
2958 3439 3314 3510 interposito;
3339 3438 3487 3509 quod
3506 3438 3684 3509 ipsum

2084 3532 2234 3589 beati
2265 3532 2344 3587 illi
2369 3532 2628 3607 discipuli
2654 3532 2938 3599 fecerunt;
2972 3532 3184 3587 faciunt
3211 3532 3380 3588 etiam
3410 3532 3518 3587 hoc
3551 3541 3689 3587 tem-

2082 3639 2221 3696 pore
2250 3623 2583 3696 populorum
2616 3622 2916 3695 principes,
2950 3623 3046 3693 qui
3087 3632 3374 3693 susceptos
3407 3623 3464 3678 in
3499 3623 3688 3679 divina

2084 3695 2478 3787 praedicatione
2526 3716 2750 3772 labores
2797 3716 2950 3771 velut
2990 3715 3198 3771 donum
3237 3714 3515 3786 quoddam
3557 3731 3687 3785 pro—

2084 3808 2269 3880 prium
2300 3808 2526 3865 Christo
2564 3810 2845 3866 dedicant.
2879 3811 2974 3865 Illa
3000 3825 3173 3881 porro
3214 3810 3386 3865 altera
3423 3809 3688 3880 probato-

2086 3919 2211 3958 rum
2256 3904 2544 3960 hominum
2594 3903 2913 3970 multitudo,
2953 3904 3118 3959 oﬂ‘ert
3160 3903 3387 3975 quidem
3437 3903 3583 3958 dona
3631 3903 3690 3958 in

2085 3995 2293 4053 Christi
2325 3997 2578 4069 gloriam,
2613 4012 2722 4051 non
2760 4004 2945 4052 tamen
2982 3997 3091 4052 nisi
3134 4013 3235 4068 per
3279 4005 3499 4053 sanctos
3537 3996 3713 4052 viros.

2087 4089 2465 4159 interpositos,
2498 4090 2593 4159 qui
2625 4105 2723 4161 per
2758 4104 2969 4143 sacram
3010 4089 3215 4145 tribum
3251 4088 3638 4159 intelliguntur
3671 4109 3684 4142 :

2086 4183 2297 4238 dictum
2342 4197 2585 4252 namque
2623 4178 2709 4237 est
2740 4200 2754 4235 :
2796 4201 2813 4232 ι
2849 4182 3036 4238 Genus
3077 4183 3337 4249 electum,
3372 4181 3554 4254 regale
3596 4196 3687 4242 sa-

2086 4272 2395 4328 cerdotium
2431 4272 2495 4328 ¹⁰.
2539 4293 2558 4324 ι
2612 4273 2786 4344 Igitur
2835 4282 3151 4330 sanctorum
3204 4274 3455 4330 virorum
3508 4274 3686 4331 inter-

2081 4365 2233 4437 jectu
2293 4363 2589 4420 exhibetur
2647 4363 2874 4434 quidem
2933 4364 3004 4419 ab
3063 4364 3429 4439 oﬂ‘erentibus
3482 4364 3578 4419 illa
3626 4363 3688 4419 in

2086 4457 2260 4514 Deum
2310 4457 2627 4514 reverentia
2674 4472 2738 4511 ac
2785 4458 3105 4525 veneratio;
3150 4472 3265 4513 non
3307 4465 3493 4512 tamen
3532 4457 3686 4528 ejus-

2087 4549 2235 4605 modi
2271 4538 2479 4605 donum
2510 4550 2580 4605 ab
2610 4549 2680 4605 iis
2707 4549 2960 4617 offertur,
2995 4550 3144 4621 quod
3174 4551 3399 4623 proprie
3426 4551 3496 4606 ad
3523 4550 3687 4610 Chri-

2086 4644 2157 4698 sti
2205 4659 2501 4715 personam
2552 4644 2804 4715 proxime
2855 4644 3147 4715 pertineat.
3201 4645 3491 4718 Ejusmodi.
3551 4644 3689 4701 illud

2086 4733 2226 4801 fuit,
2268 4735 2419 4805 quod
2465 4734 2687 4792 edicere
2733 4736 3032 4792 studebant
3078 4736 3117 4792 ii
3168 4737 3265 4809 qui
3310 4739 3568 4795 collectas
3606 4738 3691 4795 sic

375 4828 651 4900 ἀνάθημα
674 4829 754 4898 τῷ
783 4827 924 4900 Θεῷ,
954 4828 1064 4882 τῶν
1090 4827 1554 4901 ἐκπρεπεστέρων
1580 4827 1650 4883 τὰ
1683 4827 1859 4900 δῶραο
1893 4828 1979 4882 διὰ

2091 4839 2209 4885 tum
2265 4830 2569 4901 appellatas
2617 4829 2996 4896 conferebant,
3036 4839 3094 4886 et
3145 4832 3451 4895 ministeria
3502 4835 3688 4892 mitte-

381 4920 571 4993 μέσων
598 4921 645 4976 δ’
675 4919 869 4993 ὥσπερ
897 4921 1091 4990 ἁγίων,
1123 4921 1221 4974 καὶ
1244 4919 1321 4986 ὡς
1351 4922 1410 4975 ὲν
1430 4920 1662 4992 δευτέρᾳ
1680 4919 1854 4985 τάξει,
1890 4918 1988 4974 καὶ

378 5018 412 5087 ἡ
439 5014 557 5069 τῶν
596 5013 1031 5087 ὑποδεεστέρων.
1063 5014 1178 5068 Kal.
1223 5014 1273 5073 οἱ
1307 5012 1407 5084 μὲν
1439 5012 1550 5067 ἀπὸ
1603 5012 1985 5067 πεντακοσίων

379 5107 518 5179 μίαν
561 5107 910 5179 προσάγουσι
948 5105 1149 5178 ψυχὴν,
1188 5106 1236 5159 οἱ
1265 5104 1325 5158 δὲ
1362 5103 1473 5159 ἀπὸ
1510 5105 1889 5176 πεντήκονταο
1930 5105 1988 5157 ὲν

376 5200 638 5255 ἐλάττοσι
662 5199 773 5271 γὰρ
797 5198 1083 5270 ὀφλήμασι
1116 5198 1179 5252 τὸ
1208 5198 1554 5272 εὐδοκιμοῦν,
1573 5199 1654 5253 διὸ
1685 5199 1783 5254 καὶ
1819 5199 1988 5270 μείων

375 5297 410 5367 ἡ
449 5292 770 5366 προσφορά’
792 5294 853 5346 ὲν
877 5291 1059 5364 πολλῷ
1080 5293 1138 5348 δὲ
1176 5292 1391 5347 πλείοσι
1423 5294 1484 5347 τὸ
1509 5291 1758 5359 ὑποδεὲς,
1791 5293 1874 5348 διὸ
1891 5293 1984 5348 καὶ

373 5389 441 5441 ἐν
479 5384 711 5457 ἀριθμῷ
757 5385 968 5439 πλείονι
998 5384 1067 5439 τὰ
1095 5385 1582 5458 προσκομιζόμενα
1612 5385 1745 5459 παρ’
1781 5386 1985 5454 αὐτῶν,

375 5479 671 5550 ἀναλόγως
711 5481 827 5544 τοῖς
875 5478 1109 5533 ἑκάστου
1144 5479 1474 5552 πταίσμασι,
1503 5481 1575 5534 τὰ
1615 5481 1757 5553 ὑπὲρ
1805 5480 1988 5535 αὐτῶν

382 5572 772 5644 προσφέρεται
795 5587 811 5601 '
855 5591 875 5626 ι
908 5565 981 5645 ᾯ
1005 5572 1117 5645 γὰρ
1145 5573 1330 5627 πλεῖον
1375 5573 1740 5646 ἀφεθήσεται,
1772 5592 1788 5624 ι
1825 5574 1984 5645 φησι,

380 5684 402 5716 ι
431 5663 623 5719 πλεῖον
646 5663 952 5736 ἀγαπήσεν
980 5665 1076 5719 καὶ
1095 5659 1141 5734 ᾧ
1163 5666 1224 5719 τὸ
1245 5665 1467 5720 ἔλαττον
1487 5667 1729 5738 ἀφίεται,
1764 5665 1986 5720 ἔλαττον

374 5759 696 5830 ἀγαπήσει.
735 5777 757 5811 ι
786 5760 1208 5814 Δεκαπλασίονα
1246 5760 1541 5832 τοιγαροῦν
1612 5760 1985 5831 προσφέρουσι

2092 4924 2229 4979 bant
2263 4923 2472 4978 sanctis
2502 4923 2599 4993 qui
2640 4935 2804 4979 erant
2841 4922 2897 4978 in
2927 4924 3266 4991 Jerusalem,
3314 4926 3401 4982 vel
3436 4943 3689 5000 quocun-

2091 5033 2201 5089 que
2238 5016 2347 5072 alio
2384 5016 2637 5094 obsequii
2678 5033 2881 5089 genere
2925 5018 3180 5075 homines
3217 5018 3439 5076 Christo
3477 5020 3691 5077 dicatos

2092 5109 2423 5166 recreabant
2454 5110 2517 5163 ¹¹.
2570 5110 2715 5181 Ergo
2768 5108 2992 5166 Christo
3046 5111 3271 5182 proprie
3329 5112 3509 5169 dicata
3558 5129 3692 5173 sunt

2092 5202 2541 5273 praestantiorum
2598 5201 2887 5258 hominum
2937 5202 3129 5258 dona:
3177 5204 3275 5260 sed
3323 5204 3417 5262 illa
3467 5224 3690 5279 quoque

2095 5294 2423 5351 inferiorum
2465 5295 2674 5350 oblatio
2715 5311 2816 5367 per
2854 5305 3073 5351 sanctos
3105 5296 3279 5352 veluti
3315 5314 3416 5369 per
3450 5301 3688 5358 mediam

2092 5404 2319 5443 manum
2371 5388 2441 5444 ad
2492 5389 2748 5445 eumdem
2788 5387 3048 5459 pertinet,
3085 5404 3150 5444 ac
3197 5391 3381 5447 locum
3417 5396 3686 5465 quodam-

2093 5483 2259 5538 modo
2312 5481 2618 5549 secundum
2672 5488 2841 5536 tenet.
2893 5480 3167 5537 Praeterea
3217 5482 3298 5539 illi
3349 5485 3576 5556 quidem
3622 5506 3688 5545 ex

2092 5568 2430 5640 quingentis,
2464 5569 2521 5624 hi
2552 5585 2685 5625 vero
2720 5585 2789 5624 ex
2818 5570 3216 5643 quinquaginta
3251 5589 3418 5631 unam
3450 5580 3685 5636 animam

2091 5661 2335 5718 offerunt
2366 5680 2379 5715 :
2414 5663 2598 5718 minus
2630 5662 2835 5734 quippe
2873 5661 3078 5719 debent
3119 5664 3201 5720 illi
3232 5671 3682 5738 praestantiores;

2091 5755 2329 5824 ideoque
2357 5755 2541 5811 minor
2570 5766 2654 5811 est
2684 5771 2876 5811 eorum
2907 5755 3115 5813 oblatio
3150 5778 3162 5812 :
3198 5769 3257 5816 at
3290 5778 3423 5820 vero
3453 5762 3683 5821 inferio-n

491 5949 513 5982 '
554 5944 751 6007 Matth.
778 5960 870 6013 xx,
900 5944 985 6005 16,
1067 5947 1108 5977 ¹⁰
1136 5944 1327 6003 chtr.
1352 5960 1411 6015 ιι,
1434 5944 1488 6000 9.
1534 5946 1572 5976 “
1598 5946 1762 6002 Num.
1787 5958 1876 6011 xv,
1900 5940 1925 6001 l
1948 5954 2101 6014 seqq.
2125 5954 2141 6008 ;
2169 5939 2397 6012 Achii,
2426 5943 2509 6012 l7;
2539 5945 2583 6001 ll
2612 5944 2739 6002 Cor.
2760 5961 2834 6015 ix,
2867 5946 2889 6001 1
2925 5961 3080 6018 seqq.
