4096 6436
422 401 529 465 339

1424 401 1479 455 S.
1521 400 1795 457 CYIIILLI
1832 400 2304 460 ALEXANDRINI
2342 405 2661 466 ARCBIEP.

3580 405 3685 462 540

420 541 512 584 res
543 525 625 584 illi
653 525 813 596 longe
841 524 998 595 plura
1037 523 1240 579 debent
1277 541 1289 576 :
1325 538 1436 592 quo
1470 524 1531 578 ﬁt
1576 533 1636 578 ut
1670 524 1827 595 plura
1861 539 1977 595 quo

2107 527 2259 598 παρὰ
2289 530 2418 592 τοὺς
2447 529 2877 602 ἐξειλεγμένους,
2906 532 2954 585 οἰ
2977 530 3051 602 μὴ
3084 530 3205 584 κατ’
3234 530 3454 596 αὐτοὺς,
3475 531 3576 601 οὐχ
3610 532 3687 594 ὡς

416 632 525 687 que
552 617 664 672 sint
692 631 922 671 numero
972 631 1093 685 qua:
1126 615 1194 669 ab
1227 615 1335 669 illis
1365 614 1702 681 oﬂ‘eruntur;
1732 616 2004 686 siquidem

414 724 518 779 pro
558 711 824 780 cujusque
860 706 1192 763 oﬂ'ensarum
1232 706 1444 764 ratione
1480 705 1621 761 dona
1651 723 1870 776 quoque
1901 723 2003 777 pro

414 800 610 855 iisdem
636 801 975 855 offeruntur:
1005 819 1022 851 ι
1053 798 1154 854 Cui
1182 798 1484 871 cnim'plus
1512 800 1830 866 dimittitur,
1868 820 1885 852 ι
1913 801 2000 855 in-

411 893 553 961 quit,
591 912 609 946 ›
643 893 766 963 plus
794 892 1016 963 diliget;
1047 901 1103 948 et
1126 893 1217 947 cui
1247 892 1430 951 minus
1456 893 1778 959 dimittitur,
1811 895 1995 950 minus

397 985 600 1056 .diliget
639 987 701 1051 ι’,
749 1004 768 1038 ›
839 986 999 1057 129
1046 987 1245 1044 Decem
1307 988 1476 1060 igitur
1534 989 1782 1059 partibus
1836 989 1989 1059 plura

409 1092 573 1145 quam
610 1077 687 1143 illi
726 1078 913 1141 selecti
948 1079 1191 1141 oil'erunt
1236 1081 1273 1141 ii
1326 1080 1420 1151 qui
1450 1080 1674 1135 minimc
1715 1088 1844 1134 sunt
1887 1078 1996 1134 illis

406 1168 612 1226 virtute
643 1186 840 1240 pares:
872 1188 984 1227 non
1012 1172 1160 1243 quod
1179 1172 1548 1243 religiosiores
1580 1171 1710 1235 sint,
1743 1169 1994 1226 laudabi-

404 1260 622 1333 liusque
666 1264 875 1331 vivant,
912 1265 1008 1323 sed
1056 1266 1203 1336 quod
1255 1264 1429 1320 multo
1475 1264 1726 1335 pluribus
1777 1262 1993 1317 delictis

2108 619 2487 694 εὐλαϐέστεροι
2547 624 2639 677 καί
2695 624 2894 688 ζῶντες
2942 622 3385 695 ἐπιεικέστερον,
3444 621 3561 676 ἀλλ’
3611 622 3686 686 ὼς

2106 709 2286 780 πολλῷ
2316 712 2559 767 πλείοσιν
2582 714 2891 785 ὲνεχόμενοι
2911 714 3237 785 πταίσμασι,
3260 714 3356 768 καὶ
3374 713 3690 767 πολλαπλα-

2105 800 2279 863 σίονος
2303 802 2607 871 ἀναγκαίας
2633 805 2880 875 δεόμενοι
2912 805 3006 859 τοῦ
3049 802 3416 876 καθαρισμοῦ.
3454 804 3545 866 Ὠς
3576 803 3688 874 γὰρ

2101 891 2321 962 εἴρηκεν
2348 896 2376 947 ὁ
2413 896 2639 967 Σωτήρ*
2678 916 2697 949 ι
2747 898 2804 951 '0
2843 897 3163 968 λελουμένος
3218 899 3280 955 οὺ
3320 895 3509 967 χρείαν
3546 896 3684 964 ἔχει,

2100 985 2148 1036 εἰ
2179 983 2253 1056 μὴ
2276 986 2404 1051 τοὺς
2429 988 2594 1053 πόδας
2619 989 2898 1060 νίψασθαι,
2932 990 3048 1045 ἀλλ’
3077 990 3194 1043 ἔστι
3214 988 3453 1060 καθαρὸς
3483 987 3621 1051 ὅλος.
3660 1005 3679 1038 ι

2102 1076 2484 1150 Σμικροτάτης
2515 1081 2574 1135 δὲ
2617 1083 2812 1154 κομιδῇ
2838 1085 2951 1147 τοῖς
2997 1082 3175 1151 ἁγίοις
3210 1080 3533 1151 καθάρσεως
3571 1078 3682 1132 δεῖ·

2099 1170 2247 1221 νοσεῖ
2272 1170 2380 1242 γὰρ
2419 1172 2454 1243 ἠ
2487 1173 2669 1242 φύσις,
2711 1175 2772 1229 τδ
2812 1173 2889 1247 μὴ
2919 1173 3181 1229 δύνασθαι
3210 1171 3495 1233 παντελῶς
3526 1172 3687 1242 ἁμοιο

2102 1264 2215 1332 ρείν
2255 1264 2547 1336 ἁμαρτίας.

406 1360 631 1423 obnoxii
668 1369 979 1427 teneantur,
1028 1361 1247 1431 illisque
1290 1360 1451 1431 longe
1502 1360 1709 1431 majore
1734 1356 2059 1428 purgatione
2097 1356 2170 1411 sit
2206 1372 2363 1428 cpus.
2414 1360 2486 1416 llt
2528 1362 2679 1418 enim
2726 1363 2805 1418 ait
2843 1362 3091 1420 Salvator
3126 1380 3140 1416 :
3179 1381 3197 1413 ι
3235 1361 3341 1428 Qui
3394 1362 3540 1416 lotus
3575 1364 3681 1422 est,

404 1469 518 1509 non
560 1454 770 1526 indiget
811 1455 920 1510 nisi
965 1462 1028 1509 ut
1068 1455 1237 1525 pedes
1274 1454 1452 1520 lavet;
1492 1453 1588 1508 sed
1627 1459 1714 1508 est
1746 1449 1987 1506 mundus
2022 1455 2173 1503 totus
2198 1449 2264 1506 ¹³.
2299 1471 2317 1503 ι
2355 1454 2564 1526 Exigua
2625 1471 2789 1526 porro
2850 1455 3174 1527 purgatione
3202 1453 3406 1509 sanctis
3434 1452 3569 1508 viris
3598 1461 3688 1508 est

404 1565 581 1621 opus;
612 1549 825 1605 laborat
862 1550 1009 1605 enim
1041 1565 1109 1605 eo
1141 1551 1335 1605 morbo
1374 1548 1662 1603 hominum
1703 1553 1921 1608 natura,
1956 1547 2020 1596 ut
2050 1544 2261 1611 peccati
2292 1560 2492 1617 expers
2515 1564 2637 1605 esse
2663 1550 2888 1610 omnino
2916 1564 3028 1607 non
3061 1546 3254 1618 possit.

474 1641 674 1697 PALL.
718 1642 889 1697 Recte
923 1641 1024 1697 ais.

472 1733 633 1794 CYR.
674 1735 758 1789 Illi
793 1735 959 1806 igitur
1002 1751 1033 1791 e
1072 1735 1333 1790 tribubus
1376 1733 1503 1790 lecti
1539 1733 1646 1789 viri
1682 1728 1886 1786 divinis
1911 1727 1993 1781 le-

401 1825 565 1894 gibus
613 1826 892 1891 obsecuti,
940 1842 1065 1881 cum
1115 1835 1229 1882 tota
1274 1841 1543 1898 synagoga
1585 1822 1714 1879 belli
1752 1818 1995 1892 praedam

401 1915 589 1985 partiti
622 1925 769 1981 sunt,
801 1916 1215 1986 oblationesque
1256 1917 1370 1971 Deo
1402 1916 1746 1978 obtulerunt,
1778 1919 1840 1965 ut
1875 1910 1994 1981 lege

401 2007 762 2062 constitutum
789 2017 907 2073 erat
933 2026 945 2061 :
979 2018 1033 2062 at
1068 2024 1199 2063 vero
1228 2008 1558 2063 selectorum
1584 2005 1774 2069 duces,
1805 2012 1867 2059 ut
1898 2002 1993 2073 qui

401 2099 574 2167 gloria
630 2114 792 2169 quam
831 2101 1015 2155 caeteri
1048 2108 1233 2155 essent
1270 2099 1619 2176 illustriores,
1655 2096 1817 2152 donis
1851 2110 1990 2165 quo-

399 2206 507 2258 que
559 2193 1037 2260 pnestantioribus
1080 2195 1252 2249 Deum
1305 2202 1659 2249 venerantur.
1708 2190 1799 2245 Sic
1841 2188 1987 2245 enim

398 2281 595 2337 scribit
633 2301 825 2341 rursus
861 2303 874 2340 :
914 2306 931 2337 ι
966 2287 1037 2341 Ει
1065 2294 1418 2343 accesserunt
1446 2286 1513 2342 ad
1545 2284 1765 2355 Moysen
1798 2296 1991 2336 omnes

395 2374 684 2429 constituti
744 2377 801 2430 in
864 2377 1150 2431 tribunatu
1209 2378 1519 2441 exercitus,
1580 2372 1874 2429 millenarii
1933 2378 1990 2426 et

396 2466 789 2533 centuriones,
846 2476 903 2523 et
962 2468 1223 2523 dixerunt
1275 2468 1343 2524 ad
1402 2469 1625 2541 Moysen
1661 2486 1674 2524 :
1713 2467 1867 2523 Servi
1909 2465 1986 2520 tui

394 2564 729 2625 acceperunt
756 2574 1026 2614 summam
1051 2561 1300 2613 virorum
1339 2558 1668 2614 bellatorum
1715 2557 1810 2628 qui
1840 2556 1986 2626 apud

395 2660 500 2701 nos
529 2655 677 2712 sunt,
708 2656 767 2703 et
799 2665 911 2703 non
938 2649 1115 2705 defuit
1146 2650 1215 2705 ab
1250 2650 1358 2705 illis
1389 2667 1459 2707 ne
1489 2667 1633 2707 unus
1662 2650 1905 2721 quidem.
1929 2656 1987 2705 et

394 2738 702 2796 obtulimus
749 2741 955 2797 donum
1009 2743 1272 2809 Domino,
1324 2744 1409 2798 vir
1465 2744 1560 2815 qui
1632 2742 1844 2799 invenit
1888 2757 1984 2797 vas

393 2845 647 2898 aureum,
678 2841 735 2888 et
758 2836 1103 2890 murenulam
1132 2844 1188 2892 et
1217 2836 1507 2900 armillam,
1540 2844 1596 2891 et
1625 2835 1892 2900 dextrale,
1926 2843 1984 2889 et

392 2930 668 2993 torquem,
718 2933 779 2981 ut
825 2927 899 2981 sit
940 2927 1258 2997 propitiatio
1294 2944 1395 2998 pro
1440 2928 1601 2984 nobis
1642 2943 1828 2984 coram
1869 2928 1979 2983 Do-

390 3015 563 3071 mino.
593 3017 662 3072 Et
689 3019 904 3089 accepit
929 3019 1140 3091 Moyses
1164 3028 1220 3075 et
1246 3021 1472 3075 Eleazar
1499 3020 1757 3076 sacerdos
1781 3035 1979 3077 aurum

389 3108 461 3163 ab
497 3108 624 3175 illis,
658 3125 823 3170 omne
867 3126 964 3167 vas
1012 3112 1376 3177 elaboratum,
1419 3122 1477 3168 et
1521 3112 1628 3167 fuit
1674 3127 1835 3167 omne
1876 3127 1978 3166 au-

388 3214 514 3255 rum
573 3201 881 3273 segregatio
923 3217 1086 3272 quam
1136 3213 1564 3275 segregaverunt
1594 3202 1848 3268 Domino,
1883 3216 1981 3257 sex

389 3298 449 3348 et
476 3289 667 3347 decem
705 3292 874 3358 millia
896 3302 953 3357 et
978 3293 1308 3365 septingenti
1343 3293 1744 3365 quinquaginta
1773 3291 1916 3357 sicli,
1946 3306 1980 3346 a

389 3382 630 3440 tribunis
655 3393 712 3443 et
739 3401 770 3441 a
796 3386 1217 3451 centurionibus
1246 3403 1260 3440 :
1292 3395 1351 3442 et
1376 3386 1482 3447 viri
1512 3386 1810 3444 bellatores
1835 3400 1980 3457 prte-

388 3474 505 3532 dati
538 3483 669 3534 sunt
701 3476 936 3546 quilibet
975 3476 1101 3539 sibi.
1143 3477 1212 3532 Et
1243 3478 1457 3549 accepit
1486 3476 1699 3550 Moyses
1730 3486 1787 3532 et
1811 3477 1976 3541 Elea-

385 3582 482 3628 zar
508 3567 767 3625 sacerdos
799 3583 993 3623 aurum
1034 3583 1066 3625 a
1106 3568 1345 3625 tribunis
1375 3578 1432 3626 et
1463 3585 1493 3625 a
1534 3567 1973 3634 centurionibus,

386 3667 444 3713 ct
471 3659 779 3719 intulerunt
804 3675 866 3716 ea
896 3660 951 3715 in
981 3661 1401 3724 tabernaculum
1427 3661 1732 3718 testimonii
1761 3676 1974 3717 meme-.-

382 3750 522 3805 riale
573 3749 812 3813 ﬁliorum
869 3751 1034 3816 Israel
1096 3768 1282 3809 coram
1338 3753 1574 3809 Domino
1604 3754 1668 3806 ".
1715 3771 1736 3805 ι
1800 3751 1975 3815 Audis

382 3859 549 3915 quam
580 3842 872 3916 diligenter
904 3844 982 3902 ait
1010 3848 1312 3913 recensitos
1344 3861 1467 3901 esse
1506 3852 1858 3917 pugnatores,
1895 3844 1972 3900 ita

381 3946 446 3992 ut
481 3953 646 3993 nemo
681 3938 940 4005 abfuerit,
985 3939 1121 4010 quin
1156 3938 1384 4005 donum,
1417 3946 1479 3995 ut
1515 3940 1629 3994 Deo
1668 3938 1968 4009 placuerat,

378 4030 648 4086 all‘erret?
682 4032 995 4102 Sequoque
1039 4031 1393 4092 constituisse
1447 4030 1705 4101 inquiunt
1767 4028 1969 4084 ofl'erre

376 4123 612 4180 Domino
636 4125 801 4180 etiam
831 4142 953 4196 quae
982 4126 1095 4193 ille,
1125 4135 1185 4182 ut
1212 4124 1566 4187 offerrentur,
1595 4122 1821 4178 minime
1854 4122 1973 4193 jus-.-

375 4216 559 4283 sisset,
596 4218 963 4285 murenulam,
1001 4218 1248 4288 inquam,
1280 4225 1335 4272 et
1367 4214 1657 4280 armillam,
1691 4221 1748 4269 et
1785 4227 1966 4268 annu-

2170 1636 2377 1692 ΠᾹΛΛ.
2404 1634 2476 1698 Εὖ
2508 1639 2709 1709 λέγεις.

2170 1730 2335 1787 ΚΥΡ.
2368 1735 2432 1787 Οἱ
2463 1733 2562 1804 μὲν
2584 1731 2679 1789 οὖν
2706 1736 2995 1791 ἀπόλεκτοι
3022 1732 3136 1788 τῶν
3164 1732 3348 1804 φυλῶν
3372 1733 3483 1795 τοῖς
3515 1730 3682 1793 θείοις

2098 1820 2336 1887 εἴκοντες
2381 1823 2587 1895 νόμοις,
2637 1827 3053 1899 διεμοιρήσαντο
3101 1826 3170 1880 τὰ
3200 1828 3265 1879 ὲκ
3300 1825 3394 1879 τοῦ
3441 1823 3682 1894 πολέμου

2100 1915 2238 1987 πρὸς
2278 1917 2459 1971 πᾶσαν
2491 1919 2591 1988 τὴν
2642 1920 2987 1992 συναγωγὴν,
3025 1921 3120 1974 καὶ
3164 1918 3578 1990 προσαγηόχασι
3610 1916 3680 1970 τὰ

2095 2009 2243 2081 δῶρα
2270 2012 2463 2083 Κυρίῳ
2501 2012 2645 2066 κατὰ
2671 2013 2768 2085 τὴν
2810 2014 2907 2068 τοῦ
2943 2016 3112 2085 νόμου
3148 2011 3399 2077 σύνταξιν
3422 2029 3435 2043 ·
3478 2009 3684 2081 ἀναθή-

2098 2118 2232 2173 μασι
2261 2103 2318 2156 δὲ
2351 2107 2465 2168 τοῖς
2484 2106 2946 2178 εὐπρεπεστέροις
2976 2104 3441 2177 καταγεραίρουσι
3473 2102 3606 2156 Θεὸν
3629 2102 3680 2154 οί

2092 2193 2201 2247 τῶν
2246 2194 2563 2249 άπολέκτων
2618 2196 2936 2267 ἡγούμενοι,
2983 2197 3059 2261 ὡς
3114 2197 3209 2250 καὶ
3261 2192 3679 2266 ἐμφανεστέραν

2092 2284 2307 2355 ἔχοντες
2344 2285 2378 2357 ἥ
2432 2285 2553 2340 κατ’
2605 2287 2801 2351 αὐτοὺς
2840 2286 2940 2358 τὴν
2976 2287 3156 2354 δόξαν.
3191 2285 3400 2359 Γράφει
3433 2284 3543 2354 γὰρ
3572 2275 3678 2335 ὧδε

2093 2372 2255 2428 πάλιν
2276 2391 2290 2405 ο
2324 2393 2343 2426 ι
2385 2375 2497 2429 Καὶ
2539 2376 2847 2447 προσῆλθον
2865 2378 3038 2448 Μωσῇ
3072 2376 3274 2440 πάντες
3310 2376 3360 2428 οί
3406 2374 3679 2428 καθεστα-

2092 2465 2245 2534 μένοι
2267 2466 2347 2531 είς
2376 2466 2476 2531 τὰς
2499 2467 2577 2537 χι)
2593 2468 2810 2538 ιαρχίας
2830 2470 2930 2539 τῆς
2958 2468 3264 2539 δυνάμεως,
3286 2467 3558 2539 χιλίαρχοι
3578 2467 3676 2521 καὶ

2088 2557 2498 2631 ἑκατόνταρχοι,
2528 2561 2623 2614 καὶ
2646 2556 2810 2615 εἶπαν
2833 2561 2970 2633 πρὸς
3001 2562 3206 2634 Μωσῆν
3231 2580 3244 2592 ·
3267 2563 3331 2616 Ol
3362 2560 3551 2636 παῖδές
3575 2577 3674 2615 σου

2087 2649 2345 2719 εἰλήφασι
2370 2650 2431 2704 τὸ
2457 2649 2753 2721 κεφάλαιον
2791 2651 2903 2705 τῶν
2939 2650 3149 2724 ἀνδρῶν
3177 2650 3285 2705 τῶν
3328 2650 3675 2720 πολεμιστῶν

2085 2739 2196 2793 τῶν
2221 2740 2353 2813 παρ’
2387 2744 2544 2813 ἡμῖν,
2577 2743 2672 2797 καὶ
2704 2743 2764 2797 οὐ
2785 2744 3201 2815 διαπεφώνηκεν
3222 2743 3317 2797 ἀπ’
3337 2742 3517 2798 αὐτῶν
3546 2739 3671 2795 οὐδὲ

2085 2826 2187 2896 εἷς,
2223 2832 2320 2886 καὶ
2370 2835 2849 2906 προσενηνόχαμεν
2879 2835 2942 2888 τδ
2969 2835 3145 2907 δῶρον
3177 2833 3393 2906 Κυρίῳ,
3441 2832 3580 2904 ἀνὴρ
3608 2832 3670 2896 ὃς

2084 2917 2212 2996 εὗρε
2253 2923 2449 2989 σκεῦος
2485 2925 2744 2997 χρυσοῦν,
2772 2926 2867 2981 καὶ
2900 2926 3152 2998 χλιδῶνα,
3192 2925 3289 2979 καὶ
3311 2924 3548 2995 ψέλλιον,
3574 2924 3671 2977 καὶ

2082 3017 2394 3083 δακτύλιον,
2415 3018 2851 3089 καὶπριδέξιον,
2878 3019 2975 3073 καὶ
2991 3018 3288 3090 ὲμπλόκιον
3309 3015 3670 3084 ἐξιλάσασθαι

2083 3110 2215 3181 περί
2244 3110 2402 3181 ἡμῶν
2453 3111 2637 3165 ἔναντι
2692 3112 2920 3184 Κυρίου.
2967 3112 3078 3166 Καὶ
3130 3110 3290 3165 ἔλαϐε
3332 3109 3541 3181 Μωσῆς
3571 3109 3672 3163 καὶ

2094 3201 2359 3275 Ἐλεάζαρ
2389 3203 2419 3256 ὁ
2450 3203 2628 3275 ἱερεὺς
2648 3203 2707 3257 τὸ
2737 3203 2957 3274 χρυσίον
2982 3204 3114 3275 παρ’
3134 3202 3314 3258 αὐτῶν
3338 3203 3445 3257 πᾶν
3472 3200 3667 3266 σκεῦος

2078 3295 2474 3368 εἰργασμένον·
2510 3296 2603 3352 καὶ
2639 3296 2855 3366 ἐγένετο
2895 3298 3003 3351 πᾶν
3033 3296 3095 3350 τὸ
3124 3296 3350 3369 χρυσίον
3393 3295 3456 3349 τὺ
3497 3293 3669 3365 άφαίςι

2083 3404 2225 3459 ρεμα
2255 3389 2285 3443 δ
2306 3380 2526 3459 ἀφεῖλον
2550 3389 2742 3461 Κυρίῳ
2764 3388 3061 3443 ἑκκαίδεκα
3094 3387 3328 3458 χιλιάδες
3358 3387 3453 3442 καὶ
3491 3388 3667 3440 ἑπτα-ν

2078 3479 2251 3534 κόσιοι
2288 3482 2382 3535 καὶ
2413 3482 2752 3554 πεντήκοντα
2798 3481 2973 3536 σίκλοι
3019 3479 3172 3551 παρὰ
3210 3479 3319 3533 τῶν
3366 3478 3669 3550 χιλιάρχων

2078 3571 2175 3625 καὶ
2214 3572 2364 3644 παρὰ
2390 3573 2500 3626 τῶν
2532 3573 2967 3645 ἑκατοντάρχων,
2998 3574 3094 3627 καὶ
3118 3574 3169 3626 οἱ
3197 3571 3390 3642 ἄνδρες
3422 3571 3473 3624 οἰ
3497 3568 3666 3623 πολε-

2080 3667 2273 3737 μισταὶ
2301 3666 2714 3736 ὲπρονόμευσαν
2732 3665 2965 3730 ἕκαστος
3000 3664 3167 3736 αὐτῷ.
3199 3663 3311 3719 Καὶ
3340 3661 3499 3717 ἔλασε
3525 3664 3665 3716 Μω-

2079 3758 2176 3828 σῆς
2220 3758 2316 3812 καὶ
2364 3757 2631 3829 Ἐλεάζαρ
2676 3758 2705 3811 ό
2756 3753 2938 3828 ἱερεὺς
2983 3756 3047 3810 τὸ
3078 3755 3302 3828 χρυσίον
3360 3754 3513 3825 παρὰ
3547 3753 3665 3807 τῶν

2074 3848 2369 3920 χιλιάρχων
2424 3847 2517 3901 καὶ
2555 3848 2987 3918 ἑκατοντάρχων,
3020 3848 3114 3901 καὶ
3155 3847 3474 3918 εἰσήνεγκεν
3519 3845 3665 3899 αὐτὰ

2073 3942 2153 4005 είς
2181 3938 2280 4011 τὴν
2314 3937 2520 4011 σκηνὴν
2545 3938 2640 3992 τοῦ
2688 3937 2989 4009 μαρτυρίου
3022 3937 3368 4008 μνημόσυνον
3386 3934 3495 3988 τῶν
3524 3933 3663 3986 υίῶν

2085 4029 2321 4102 Ἰσραὴλ,
2351 4029 2532 4088 ἔναντι
2552 4028 2784 4100 Κυρίου.
2821 4047 2842 4080 ι
2892 4026 3134 4091 ’Δκούεις
3150 4027 3299 4090 ὅπως
3325 4024 3529 4095 ἁκριῦἧ
3557 4024 3662 4095 μὲν

2071 4121 2328 4192 γενέσθαι
2352 4121 2486 4192 φησι
2519 4119 2626 4174 τῶν
2660 4120 3065 4191 μεμαχημένων
3084 4118 3177 4172 τὸν
3209 4117 3554 4189 ἐκλογισμὸν,
3580 4116 3662 4181 ὡς

2071 4215 2363 4285 άπομεῖναι
2397 4213 2605 4285 μηδένα
2639 4213 2771 4283 παρ’
2795 4207 2856 4267 οὗ
2882 4211 2945 4265 τδ
2972 4211 3147 4281 δῶρον
3187 4211 3248 4273 οὐ
3278 4208 3659 4283 προσκεκόμι-

373 4310 514 4376 lum,
549 4321 607 4366 et
638 4320 962 4368 ornamenta
992 4319 1187 4367 caetera
1219 4325 1286 4367 ex
1315 4322 1452 4370 auro
1482 4306 1801 4369 fabrefacta.
1833 4305 1963 4363 Ius-.-

2081 4322 2217 4369 σται,
2241 4304 2385 4358 κατά
2403 4320 2467 4373 γε
2500 4302 2563 4356 τὸ
2586 4305 2699 4367 τοῖς
2735 4301 2900 4366 θείοις
2937 4301 3170 4372 νεύμασι
3197 4299 3422 4365 δοκοῦν;
3452 4299 3659 4353 836m:-

374 4408 524 4455 serat
569 4400 718 4456 enim
758 4401 1038 4473 legislator
1087 4408 1148 4455 ut
1190 4399 1260 4454 ab
1297 4397 1618 4459 hominibus
1643 4405 1701 4451 et
1732 4412 1765 4450 a
1791 4410 1959 4465 peco-

373 4492 531 4548 ribus
571 4492 714 4548 dona
762 4493 1029 4565 legerent,
1068 4492 1227 4562 130
1274 4505 1449 4561 eaque
1478 4490 1613 4561 jam,
1661 4496 1725 4542 ut
1770 4486 1961 4542 divino

372 4583 695 4655 cmlestique
738 4592 1013 4655 praecepto
1045 4584 1259 4653 jussum
1299 4582 1497 4647 fuerat,
1529 4579 1713 4634 oblata
1751 4585 1911 4632 erant
1943 4595 1957 4637 ;

370 4677 468 4732 sed
499 4676 662 4733 exiis
689 4684 953 4747 praeterea
981 4690 1104 4745 quae
1140 4690 1204 4729 ex
1245 4673 1427 4744 prmda
1480 4671 1753 4743 praecipua
1787 4669 1959 4725 habe—

372 4765 525 4831 bant,
574 4766 882 4821 voluntaria
929 4764 1073 4819 dona
1120 4762 1362 4817 otl‘erunt
1404 4765 1675 4817 lectorum
1720 4757 1958 4814 militum

370 4858 561 4924 duces,
592 4856 1084 4928 praescriptumque
1113 4854 1248 4924 legis
1277 4853 1572 4908 terminum
1605 4850 1958 4923 magniﬁcen-

368 4951 445 5006 tia
483 4950 734 5005 vincunt.
776 4950 968 5016 Itaque
1012 4961 1139 5000 cum
1188 4944 1529 5015 accepissent
1564 4959 1628 5000 ea
1666 4943 1877 5015 Moyses
1901 4951 1958 4997 et

366 5044 572 5105 Aaron,
604 5040 914 5100 intulerunt
940 5036 995 5091 in
1025 5043 1273 5099 sanctum
1313 5036 1749 5101 tabernaculum,
1781 5050 1956 5106 eaque

368 5133 654 5188 recondita
683 5140 746 5187 ut
769 5137 1130 5194 monumenta
1164 5134 1350 5191 essent
1376 5135 1504 5183 ante
1536 5126 1825 5181 Dominum
1856 5141 1957 5180 cu-
1982 5130 1989 5149 '

369 5231 661 5292 raverunt;
697 5222 794 5293 qui
829 5219 978 5277 enim
1009 5219 1228 5290 populis
1261 5219 1501 5292 praefecti
1535 5227 1685 5286 sunt,
1716 5229 1774 5275 et
1801 5220 1960 5290 prin-

371 5315 522 5387 cipes
565 5315 874 5384 constituti,
916 5312 1309 5375 illustrioribus
1351 5322 1514 5385 atque
1563 5313 1960 5385 insignioribus

371 5408 533 5471 donis
568 5408 743 5463 Deum
780 5406 1075 5470 honorant,
1111 5405 1545 5476 varietatemque
1589 5405 1813 5461 virtutis
1838 5406 1959 5462 vel-

370 5509 433 5554 ut
475 5508 860 5555 ornamentum
902 5498 1175 5570 quoddam
1227 5499 1308 5554 illi
1358 5497 1602 5555 oﬂ‘erunt
1645 5506 1811 5569 atque
1870 5498 1956 5554 di-

369 5602 498 5659 cant
528 5609 547 5648 :
579 5608 813 5663 cumque
852 5592 1030 5662 ipsum
1074 5592 1210 5663 legis
1245 5592 1470 5647 modum
1510 5591 1842 5655 transiliam,
1883 5591 1948 5646 il-

370 5684 686 5756 lustriorem
718 5684 935 5742 laudem
965 5692 1398 5755 consequuntur.

2069 4397 2265 4468 λῆσθαι
2293 4396 2350 4450 δὲ
2377 4397 2472 4455 καὶ
2496 4395 2652 4449 αὑτοί
2680 4394 3050 4468 προσκομίσαι
3074 4392 3292 4462 λέγουσι
3315 4392 3525 4465 Κυρίῳ,
3556 4393 3659 4448 καὶ

2069 4488 2107 4544 ἃ
2143 4490 2219 4561 μὴ
2252 4489 2453 4561 χρῆναι
2484 4487 2783 4558 προσάγειν
2812 4486 3161 4554 δεδικαίωκεν
3185 4485 3369 4550 αὐτὸς,
3421 4484 3657 4555 χλιδῶνα

2070 4583 2164 4637 καὶ
2200 4581 2437 4652 ψέλλιον,
2484 4577 2578 4632 καὶ
2632 4575 2957 4649 περιδέξιον,
3002 4576 3098 4631 καὶ
3127 4578 3338 4647 ὅσαπερ
3360 4577 3421 4629 ὲν
3460 4576 3655 4648 κόσμῳ

2070 4672 2365 4742 πεποίηται
2412 4668 2620 4741 Χρυσῷο
2671 4666 3020 4740 Προστέταχε
3077 4667 3186 4740 γὰρ
3238 4670 3269 4722 ὁ
3326 4668 3648 4739 νομοθέτης,

2067 4764 2177 4819 ἀπὸ
2206 4764 2314 4818 τῶν
2339 4763 2644 4834 ἀνθρώπων
2674 4762 2769 4825 καὶ
2791 4760 2899 4815 ἀπὸ
2913 4759 3020 4816 τῶν
3043 4760 3258 4830 κτηνῶν
3283 4760 3552 4816 ποιεῖσθαι
3579 4762 3652 4815 τὰ

2065 4857 2235 4928 δῶρα⁶
2272 4856 2367 4909 καὶ
2402 4855 2466 4925 δὴ
2498 4854 2971 4926 πμσκεκόμισται
3014 4854 3159 4906 κατὰ
3186 4853 3248 4907 τὸ
3282 4854 3423 4908 θεῖόν
3448 4871 3508 4908 τε
3552 4855 3653 4909 καὶ

2064 4951 2314 5013 οὐράνιον
2338 4947 2622 5018 σύνταγμα
2641 4962 2656 4977 ’
2688 4944 2992 4999 ἐθελούσιον
3019 4945 3078 4999 δὲ
3101 4944 3382 5001 ποιοῦνται
3407 4964 3651 5017 προσκο-

2068 5040 2225 5113 μιδὴν
2256 5040 2413 5095 τὰέν
2458 5038 2761 5109 κειμηλίοις
2794 5037 3048 5109 ἐξαίρετα
3072 5054 3086 5069 ⁸
3144 5039 3238 5091 καὶ
3293 5038 3485 5093 νικῶσι
3517 5042 3643 5103 ταῖς

2064 5131 2397 5203 φιλοτιμίαις
2444 5130 2539 5184 τοῦ
2588 5131 2756 5200 νόμου
2789 5129 2881 5183 τὸν
2928 5132 3054 5202 ὅρον
3087 5131 3135 5183 οἱ
3169 5130 3276 5183 τῶν
3319 5131 3644 5184 άπολέκτων

2058 5225 2376 5298 ἡγούμενοι.
2407 5224 2519 5278 Καὶ
2551 5224 2617 5296 δὴ
2647 5223 2906 5289 λαϐόντες
2930 5223 3138 5293 Μωσῆς
3169 5241 3228 5277 τε
3272 5225 3368 5278 καὶ
3406 5224 3643 5295 Ἀαρὼν,

2059 5317 2477 5388 εἰσκεκομίκασι
2510 5317 2606 5386 μὲν
2635 5316 2714 5380 εἰς
2737 5317 2838 5386 τὴν
2856 5316 3017 5385 ἁγίαν
3043 5317 3252 5387 σκηνήν
3275 5333 3288 5347 ο
3321 5316 3563 5370 ἀπόθετα
3585 5314 3644 5369 δὲ

2058 5408 2334 5471 ποιοῦντες
2395 5407 2736 5479 μνημόσυνον
2778 5406 2958 5461 ἔναντι
3008 5406 3246 5477 Κυρίου·
3291 5407 3342 5460 οἰ
3392 5407 3504 5477 γάρ
3555 5423 3640 5460 τοι

2066 5499 2211 5552 λαῶν
2275 5495 2610 5568 ἡγούμενοι,
2671 5497 2767 5550 καὶ
2832 5498 2912 5560 εἰς
2963 5496 3231 5567 ἄρχοντας
3285 5496 3638 5568 τεταγμένοι,

2058 5591 2331 5661 λαμπροῖς
2393 5588 2487 5641 καὶ
2556 5587 3019 5659 εὐπρεπεστέροις
3072 5589 3386 5661 ἀναθήμασι
3436 5588 3636 5659 τιμῶσι

2057 5680 2210 5747 θεὸν,
2266 5677 2470 5749 κόσμον
2512 5677 2703 5751 ὥσπερ
2730 5677 2853 5731 τινὰ
2887 5676 3257 5761 προσάγοντες
3308 5679 3402 5733 καὶ
3443 5680 3634 5735 ἀνατι·

448 5869 489 5898 ι’
518 5867 650 5938 Luc.
683 5887 773 5937 ιιι,
802 5872 889 5928 47.
974 5872 1013 5903 ¹³
1054 5872 1209 5939 Joan.
1256 5888 1368 5941 xm,
1400 5871 1479 5938 l0,
1557 5868 1601 5904 ”
1629 5873 1791 5935 Num,
1823 5889 1967 5941 χχιι,
1993 5873 2177 5939 -48-54,
