4096 6448
329 422 441 480 311
1090 421 1179 476 DE
1218 418 1665 476 ADORATIONE
1706 416 1772 473 ΙΝ
1815 412 2086 473 ειηιιιτυ
2130 414 2218 468 ΕΤ
2259 414 2632 471 VERITATE.
2676 417 2806 473 LIB.
2849 419 2938 474 IV.
3550 417 3657 471 5.ίὲ

330 537 722 664 ἓέντεςόθεῷ,
752 540 817 595 τὸ
865 539 1147 603 πολυειδὲς
1184 541 1243 594 ἐν
1288 539 1485 612 ἀρετῇ,
1527 538 1623 593 καὶ
1654 535 1819 592 οἱονεὶ
1855 533 1952 590 καὶ
1991 530 2125 586 αὐτὸ
2155 532 2247 584 τοῦ
2280 532 2445 604 νόμου
2485 535 2547 587 τὸ
2613 536 2815 608 μέτρον
2856 535 3241 608 ὑπερθέοντες,
3308 536 3659 608 εὐδοκιμοῦσι

368 626 543 664 ait-rer.
577 628 757 664 τερον.
1364 654 1370 660 -

368 626 757 682 αμπροτερον.
1364 654 1370 660 .

414 705 637 759 ΠΑΛΛ.
669 700 797 757 Οἷον
835 703 973 775 δὴτί
1014 704 1151 775 φής

1984 703 2033 760 Α
2134 699 2330 757 PALL.
2374 697 2433 752 ω
2461 712 2592 753 vero
2629 696 2792 766 quale
2826 694 3048 752 tandem
3079 696 3198 751 est?
3260 771 3271 782 θ

414 797 595 854 ΚΥΡ.
624 799 751 862 Τοῖς
779 798 841 851 τὸ
865 797 1207 867 Εὐαγγέλιον
1240 794 1712 866 καταγγέλλουσιν
1759 794 1826 847 ὲκ
1851 792 1948 847 τοῦ

2132 790 2291 847 CYR.
2327 789 2397 844 lis
2431 788 2528 859 qui
2558 786 2915 858 Evangelium
2945 787 3359 852 annuntiarent,
3384 803 3452 843 ex
3474 785 3656 841 Evan—

337 889 695 960 Εὑαγγελίου
722 889 824 963 ζῇν
846 890 1131 958 διετάξατο
1163 888 1425 963 Χριστὸς,
1450 888 1479 943 ὃ
1506 887 1571 961 δὴ
1604 887 1698 943 καὶ
1721 888 1788 940 ὲκ
1812 902 1954 957 νομι-

2061 902 2207 974 gelio
2253 901 2444 957 vivere
2492 898 2780 956 constituit
2831 899 3087 956 Christus
3132 919 3144 954 :
3189 900 3246 955 id
3299 900 3480 971 ipsum
3526 901 3661 973 legis

350 984 467 1055 κῆς
492 984 719 1055 ἐντολῆς
761 983 1016 1055 βεδαιοῦν
1052 982 1354 1047 ἐσπούδαζε
1387 983 1618 1054 γράφων
1659 984 1688 1036 ὁ
1722 979 1956 1048 Παῦλος,

2062 1010 2283 1067 quoque
2328 1002 2606 1065 pmcepto
2650 991 2979 1048 conﬁrmare
3018 993 3234 1049 curavit
3267 993 3492 1058 Paulus,
3532 1008 3659 1049 cum

336 1076 485 1131 ποτε
518 1078 640 1148 μὲν,
665 1079 749 1133 ὅτι
780 1097 802 1131 ι
834 1080 896 1131 Οἱ
921 1076 1193 1141 ἐσθίοντες
1212 1076 1315 1141 τὰς
1341 1075 1535 1140 Θυσίας
1575 1074 1826 1129 κοινωνοὶ
1849 1072 1953 1127 τῶν

2065 1087 2325 1159 scripsit,
2376 1102 2528 1143 nunc
2570 1085 2795 1157 quidem
2832 1102 2891 1137 τι
2937 1085 3042 1152 Qui
3092 1086 3292 1142 hostiis
3337 1097 3660 1152 vescuntur,

337 1169 769 1242 θυσιαστηρίων
804 1169 913 1223 εἰσί
939 1187 953 1201 ο
994 1189 1011 1223 ι
1063 1170 1199 1225 ποτὲ
1239 1170 1298 1225 δὲ
1342 1170 1528 1237 πάλιν,
1565 1170 1643 1235 ὡς
1678 1169 1738 1238 ὲξ
1782 1170 1954 1238 ἀναγ-

2064 1179 2201 1233 socii
2252 1193 2317 1233 ac
2366 1176 2667 1249 participes
2727 1184 2858 1232 sunt
2907 1175 3094 1231 altaris
3134 1177 3208 1243 ¹⁸;
3249 1196 3267 1229 ι
3328 1191 3478 1231 nunc
3527 1190 3662 1230 vero

339 1256 530 1312 καίων
586 1258 1050 1330 παραδειγμάτων
1090 1259 1476 1314 ἀκαταιτίατον
1525 1259 1809 1324 παντελῶς
1854 1260 1956 1314 ἀπ-

2064 1286 2278 1336 rursus,
2314 1285 2440 1325 cum
2494 1268 2551 1324 id
2596 1268 2748 1324 omni
2799 1284 3028 1339 prorsus
3081 1283 3278 1323 vacare
3329 1268 3490 1339 culpa
3546 1276 3665 1322 tan-

343 1352 631 1417 εδείκνυε,
665 1352 880 1423 λέγων·
922 1373 940 1405 ι
981 1353 1078 1417 Τίς
1130 1353 1356 1424 φυτεύει
1410 1352 1732 1424 ἀμπελῶνα,
1766 1353 1859 1407 καὶ
1895 1353 1960 1405 ὲκ

2066 1378 2232 1433 quam
2266 1362 2599 1418 necessariis
2633 1360 2898 1432 exemplis
2924 1360 3186 1426 ostendit,
3215 1360 3443 1416 dicens:
3481 1380 3498 1411 ι
3525 1361 3665 1427 Quis

338 1444 448 1498 τοῦ
504 1445 725 1517 καρποῦ
791 1443 961 1499 αὐτοῦ
1012 1445 1113 1498 οὐκ
1166 1444 1373 1512 ἐσθίεις
1408 1442 1473 1498 Ἢ
1528 1443 1614 1509 τίς
1680 1442 1955 1515 ποιμαίνει

2065 1456 2279 1527 plantat
2326 1456 2568 1523 vineam,
2613 1464 2671 1510 et
2711 1454 2779 1510 de
2819 1454 3004 1510 fructu
3048 1455 3169 1526 ejus
3205 1470 3319 1508 non
3353 1453 3499 1509 edit?
3532 1453 3666 1520 Quis

343 1536 620 1610 ποίμνην,
641 1536 736 1591 καὶ
757 1539 821 1591 ἐκ
842 1535 938 1591 τοῦ
964 1537 1237 1607 γάλακτος
1255 1538 1357 1609 τῆς
1380 1535 1615 1608 ποίμνης
1637 1536 1737 1589 οὐκ
1755 1534 1924 1589 ἐσθίει
1945 1551 1960 1602 ;

2065 1547 2245 1616 pascit
2278 1542 2609 1619 gregem,'et
2655 1546 2723 1601 de
2768 1547 2910 1602 lacte
2959 1547 3139 1618 gregis
3177 1561 3291 1600 non
3333 1545 3673 1602 manducat?

341 1628 448 1700 Μὴ
487 1628 636 1683 κατά
679 1628 972 1702 ἄνθρωπον
1017 1629 1193 1683 ταῦτα
1237 1629 1424 1698 λαλῶ;
1464 1630 1536 1682 “il
1570 1629 1691 1700 οὑχί
1739 1630 1769 1683 ὁ
1798 1628 1958 1700 νόμος

2065 1640 2149 1693 An
2188 1639 2496 1695 secundum
2535 1639 2818 1695 hominem
2873 1640 2993 1695 haec
3046 1639 3212 1695 dico?
3257 1636 3527 1709 numquid
3557 1653 3668 1693 nox

339 1720 538 1775 ταῦτα
558 1722 746 1791 λέγεις
795 1723 883 1776 Ἑν
908 1722 1018 1795 γὰρ
1052 1722 1129 1793 τῷ
1168 1722 1417 1786 Μωσέως
1441 1722 1592 1793 νόμῳ
1626 1720 1956 1792 γέγραπται,

2066 1731 2234 1786 etiam
2263 1730 2353 1787 lex
2376 1732 2483 1788 hoc
2504 1731 2675 1787 dicit?
2704 1732 2763 1787 In
2784 1732 2905 1803 lege
2934 1747 3174 1803 namque
3198 1730 3366 1802 Moysi
3399 1729 3667 1800 scriptum

344 1813 440 1866 Οὐ
474 1811 753 1885 φιμώσεις
786 1812 917 1885 βοῦν
960 1814 1229 1870 ἀλοῶντα.
1261 1814 1354 1884 Μὴ
1393 1813 1501 1868 τῶν
1528 1812 1669 1884 βοῶν
1702 1812 1856 1884 μέλει
1886 1813 1961 1884 τῷ

2186 1842 2198 1877 :
2231 1824 2355 1879 Non
2394 1824 2643 1896 alligabis
2676 1841 2740 1881 os
2772 1826 2901 1881 bovi
2937 1825 3236 1881 trituranti.
3280 1823 3547 1894 Nunquid
3599 1823 3669 1877 de
3773 1870 3775 1873 .

342 1904 511 1976 Θεῷ;
574 1905 608 1977 ἢ
655 1905 723 1958 δι’
777 1908 930 1977 ἡμᾶς
991 1906 1211 1972 πάντως
1272 1906 1459 1975 λέγει;
1510 1907 1590 1961 Δι’
1653 1908 1805 1979 ἡμᾶς
1854 1907 1959 1980 γὰρ

2068 1913 2252 1970 bobus
2289 1930 2423 1971 cura
2465 1924 2550 1971 est
2587 1917 2737 1972 Deo?
2780 1932 2851 1971 an
2889 1924 3118 1987 propter
3157 1931 3260 1971 nos
3303 1915 3530 1970 omnino
3562 1914 3669 1969 hoc

343 1995 602 2066 ἐγράφη,
636 1995 719 2049 ὅτι
748 1995 837 2049 ἐπ’
856 1995 1034 2049 ἐλπίδι
1056 1996 1263 2066 ὀφείλει
1300 1998 1330 2051 ὁ
1375 1996 1650 2068 ἀροτριῶν
1679 1998 1960 2070 ἀροτριᾷν,

2069 2005 2245 2062 dicit?
2282 2006 2516 2078 Propter
2556 2023 2659 2064 nos
2700 2007 2852 2063 enim
2893 2008 3161 2078 scriptum
3197 2015 3303 2073 est,
3342 2007 3472 2077 quia
3506 2005 3674 2061 debet

482 2052 528 2140 ὁ.
548 2052 724 2141 ἀλοῶν
767 2088 857 2141 ἐπ’
891 2087 1069 2142 ἐλπίδι
1092 2052 1189 2143 τοῦ
1224 2052 1553 2159 μετέχειν..)
1584 2052 1959 2152 Εἷταιτούτδις

2072 2052 2238 2062 “"'"'
2282 2052 2506 2078 "Vl’w‘
2557 2052 2659 2064 “V'
2702 2052 2852 2063 "'”““
2894 2052 3161 2078 ""“!"""“‘
3199 2052 3303 2073 ""’7
3344 2052 3472 2077 1““
3510 2052 3670 2061 """"“

2070 2099 2128 2155 in
2160 2115 2283 2171 spe,»
2311 2100 2406 2171 qui
2442 2108 2579 2168 arat,
2611 2116 2800 2167 arare;
2832 2108 2888 2156 et
2913 2100 3007 2171 qui
3040 2100 3284 2165 triturat,
3318 2099 3378 2154 in
3417 2113 3513 2170 Spe
3542 2113 3670 2169 par—

343 2184 671 2253 ὶπήνεγκεν
718 2180 911 2246 εὐθύςο
946 2201 965 2236 ι
1007 2183 1070 2236 Εἰ
1115 2184 1281 2253 ἡμεῖς
1321 2182 1452 2252 ύμῖν
1487 2180 1558 2235 τά
1607 2181 1960 2253 πνευματικά

2071 2192 2339 2262 ticipandi
2372 2184 2495 2246 ¹⁶.’›
2537 2193 2635 2249 llis
2668 2193 2870 2249 deinde
2905 2193 3089 2257 dictis,
3131 2192 3323 2249 intulit
3361 2192 3627 2247 continuo
3656 2209 3667 2243 :

343 2275 725 2345 ἐσπείραμεν,
748 2275 916 2347 μέγα,
949 2276 998 2329 εί
1015 2276 1180 2347 ἡμεῖς
1205 2274 1360 2346 ὑμῶν
1390 2273 1458 2328 τὰ
1482 2274 1726 2347 σαρκικὰ
1750 2275 1960 2349 θερίσο-

2079 2301 2099 2336 ι
2144 2281 2201 2338 Si
2244 2299 2349 2339 nos
2395 2284 2556 2340 vobis
2601 2284 2912 2355 spiritualia
2953 2284 3369 2350 seminavimus,
3411 2299 3686 2354 magnum-

345 2385 499 2438 μεν;
532 2368 594 2422 Εἰ
618 2367 772 2422 ἄλλοι
796 2369 892 2441 τῆς
922 2366 1175 2434 ἐξουσίας
1193 2368 1350 2441 ὑμῶν
1378 2370 1723 2441 μετέχουσιν,
1745 2369 1803 2424 οὺ
1825 2372 1962 2443 μᾶλ-

2071 2383 2176 2445 est,
2204 2377 2251 2432 si
2275 2393 2379 2433 nos
2404 2378 2650 2434 carnalia
2674 2387 2858 2434 vestra
2883 2378 3189 2434 metamus?
3218 2378 3276 2434 Si
3306 2376 3400 2434 alii
3433 2361 3675 2447 potesta-

342 2461 448 2516 λον
479 2462 647 2534 ἡμεῖς
671 2478 685 2529 ;
732 2460 875 2515 Ἀλλ’
902 2461 1004 2516 οὐκ
1030 2463 1387 2536 ἐχρησάμεθα
1422 2467 1490 2536 τῇ
1519 2464 1740 2537 ἐξουσία
1761 2464 1959 2538 ταύτῃ,

2073 2467 2145 2524 tis
2182 2476 2383 2525 vestrae
2418 2470 2718 2541 participes
2760 2479 2913 2537 sunt,
2948 2486 3120 2542 quare
3164 2486 3276 2525 non
3317 2469 3505 2541 potius
3535 2469 3674 2524 nos?

343 2553 499 2607 ἀλλά
555 2554 739 2609 πάντα
778 2554 1069 2627 στέγομεν,
1106 2555 1195 2611 ῖνα
1237 2556 1314 2630 μὴ
1340 2558 1585 2630 ἐγκοπήν
1621 2575 1745 2612 τινα
1783 2558 1960 2630 δῶμεν

2074 2559 2184 2616 Sed
2212 2576 2324 2616 non
2354 2561 2441 2617 usi
2472 2577 2665 2619 sumus
2686 2563 2796 2641 hac
2823 2571 3127 2634 potestate;
3162 2562 3259 2618 sed
3288 2562 3475 2617 omnia
3502 2562 3673 2617 susti-

346 2646 433 2717 τῷ
471 2647 796 2718 Εὐαγγελίῳ
822 2647 921 2701 τοῦ
959 2648 1227 2722 Χριστοῦ.
1271 2669 1291 2703 ι
1323 2645 1460 2704 Εἶτα
1490 2649 1652 2704 πάλιν
1679 2651 1963 2723 ἐπιστηρί-

2072 2666 2294 2717 nemus,
2332 2667 2405 2707 ne
2444 2651 2670 2723 aliquod
2711 2652 3171 2723 impedimentum
3202 2653 3400 2708 demus
3422 2653 3679 2725 Evange-

346 2740 443 2806 ζει
478 2740 561 2814 (1)
583 2758 599 2771 ⁸
639 2761 659 2795 ι
694 2742 794 2804 Τίς
817 2737 914 2796 οὖν
950 2741 1053 2814 μού
1086 2744 1237 2798 ἐστιν
1264 2744 1293 2798 ὁ
1321 2742 1551 2814 μισθός;
1585 2744 1705 2798 Ἵνα
1732 2745 1963 2814 εὐαγγε-

2071 2743 2150 2799 lio
2195 2743 2404 2800 Christi
2442 2746 2508 2801 ιτ.
2542 2765 2560 2798 ι
2612 2744 2823 2801 Deinde
2866 2745 3053 2803 denuo
3097 2745 3388 2802 conﬁrmat
3430 2763 3444 2801 :
3494 2766 3512 2797 ι
3545 2746 3675 2812 Quae

348 2832 649 2904 λιζόμενος
683 2833 963 2887 ἀδάπανον
1013 2833 1164 2907 θήσω
1196 2834 1259 2889 τὸ
1303 2835 1662 2905 Εὐαγγέλιον.
1718 2855 1738 2888 ι
1801 2837 1965 2909 Ὁρᾷς

2074 2834 2244 2908 igitur
2270 2846 2357 2893 est
2385 2853 2600 2894 merces
2631 2840 2794 2895 mea?
2831 2840 2902 2897 Ut
2942 2839 3304 2911 Evangelium
3344 2838 3674 2910 praedicans,

347 2924 510 2989 ὅπως
546 2925 687 2997 ὑπὲρ
710 2925 773 2980 τὸ
792 2925 988 2980 δοκοῦν
1007 2925 1084 2998 τῷ
1104 2926 1330 2999 Χριστῷ
1360 2929 1455 2982 καὶ
1488 2926 1567 2999 τῷ
1593 2928 1765 2984 πάλαι
1790 2928 1964 3002 νόμῳ,

2076 2927 2196 2983 sine
2237 2937 2462 3001 sumptu
2502 2946 2704 3001 ponam
2746 2932 3108 3004 Evangelium
3133 2931 3197 2984 ¹⁸.
3233 2950 3252 2983 ι
3297 2929 3467 2986 Vides
3509 2929 3678 3002 igitur

348 3018 617 3084 ἐξουσίαν
674 3019 815 3091 ἔχων
850 3020 927 3075 ’ὲκ
976 3020 1073 3075 τοῦ
1126 3021 1465 3091 Εὐαγγελίου
1521 3020 1644 3094 ζῇν,
1691 3021 1965 3077 ἀδάπανον

2076 3021 2566 3092 quemadmodum,
2625 3039 2794 3094 supra
2863 3041 3029 3095 quam
3085 3023 3342 3079 Christus
3385 3039 3451 3078 ac
3494 3022 3674 3093 prisca

349 3109 531 3165 ἐτίθει
561 3110 625 3165 τὸ
658 3112 1022 3181 Εύαγγέλιον,
1055 3114 1229 3188 δῶρον
1276 3113 1468 3187 ὥσπερ
1509 3113 1758 3169 ἑκούσιον
1790 3116 1966 3170 ἀνατι-

2076 3113 2168 3170 lex
2218 3114 2589 3180 constituerit,
2639 3115 2893 3185 quamvis
2955 3116 3273 3171 facultatem
3326 3115 3559 3169 haberet
3608 3130 3678 3170 ex

349 3202 477 3267 θεὶς
507 3204 574 3257 τὸ
608 3202 803 3277 χρῆμα
846 3204 1031 3276 αὐτῷ;
1078 3206 1152 3260 Τὸ
1178 3205 1238 3261 δὲ
1278 3206 1343 3277 δὴ
1386 3206 1464 3278 μὴ
1501 3206 1702 3277 χρῆναι
1743 3208 1965 3278 γαμεῖν,

2078 3207 2377 3279 Evangelio
2402 3206 2649 3273 vivendi,
2675 3209 2795 3264 sine
2821 3217 3045 3281 sumptu
3081 3216 3264 3263 tamen
3292 3204 3463 3278 ponat
3492 3207 3677 3262 Evan-

350 3294 488 3351 οὔτε
517 3297 549 3350 ὁ
591 3298 830 3363 παλαιὸς
872 3298 1061 3371 νόμος,
1107 3297 1234 3352 οὔτε
1259 3299 1321 3352 τὸ
1352 3298 1471 3355 νέον
1509 3300 1644 3370 ἡμῖν
1677 3299 1967 3354 τεθέσπικε

2078 3299 2313 3372 gelium;
2340 3299 2508 3371 idque
2545 3300 2753 3355 factum
2784 3301 2953 3356 veluti
2984 3300 3359 3356 voluntarium
3401 3297 3677 3370 quoddam

353 3392 656 3466 κήρυγμα.
693 3394 808 3447 Καὶ
847 3393 981 3463 γοῦν
1009 3396 1037 3448 ὁ
1066 3391 1283 3458 Παῦλος
1330 3410 1466 3465 φησι
1486 3406 1501 3422 °
1541 3412 1560 3446 ι
1594 3393 1734 3465 Περὶ
1767 3393 1826 3448 δὲ
1856 3392 1968 3448 τῶν

2080 3392 2291 3449 donum
2338 3391 2422 3447 illi
2465 3393 2789 3449 consecret?
2825 3393 2904 3449 De
2954 3407 3127 3448 uxore
3167 3407 3391 3463 quoque
3427 3406 3539 3446 non
3577 3389 3681 3446 διιε-

356 3483 656 3556 παρθὲνων
703 3485 980 3558 ἐπιταγὴν
1003 3485 1213 3557 Κυρίου
1247 3486 1350 3539 οὐκ
1373 3484 1505 3556 ἔχω.
1546 3504 1565 3538 ι
1598 3483 1740 3538 Ἀλλ’
1770 3485 1823 3539 οἱ
1848 3484 1973 3554 σφό-

2079 3487 2255 3543 cenda
2314 3500 2498 3556 neque
2545 3493 2708 3542 vetus
2749 3486 2840 3542 lex
2887 3485 3096 3558 aliquid
3145 3486 3329 3553 nobis,
3361 3500 3543 3555 neque
3589 3500 3679 3540 re-

353 3579 471 3652 δρα
512 3579 763 3635 νεανικοὶ
809 3578 950 3653 πρὸς
989 3578 1312 3641 εὐσέϐειαν,
1358 3577 1831 3650 κατανεκροῦντες
1875 3577 1970 3650 τὴν

2080 3595 2212 3637 cens
2260 3580 2545 3653 Evangelii
2600 3580 2924 3652 praedicatio
2974 3579 3176 3635 sanxit.
3229 3579 3421 3651 Itaque
3476 3579 3683 3636 Paulus

360 3671 574 3742 σάρκα,
603 3669 861 3743 λαμπρὸν
897 3669 1160 3741 ἀνάθημα
1205 3669 1546 3742 προσάγουσι
1583 3668 1663 3741 τῷ
1707 3669 1848 3741 Θεῷ,
1875 3668 1976 3739 τὴν

2077 3673 2192 3728 ait:
2229 3690 2246 3723 ι
2274 3672 2352 3727 De
2380 3672 2692 3744 virginibus
2725 3681 2913 3728 autem
2954 3679 3293 3743 praeceptum
3323 3672 3543 3728 Domini
3573 3688 3683 3726 non

358 3761 509 3835 ὑπὲρ
540 3760 708 3833 νόμον
747 3761 1103 3834 ἐγκράτειαν,
1133 3761 1229 3815 καὶ
1257 3760 1449 3833 ὥσπερ
1481 3759 1607 3815 τινὰ
1635 3761 1843 3832 κόσμον
1884 3762 1975 3814 εύ-

2079 3765 2261 3822 habeo
2289 3768 2354 3821 ".
2393 3785 2412 3818 ›
2447 3766 2538 3833 At,
2575 3766 2672 3837 qui
2714 3766 3015 3822 admodum
3055 3765 3269 3822 strenui
3305 3774 3436 3821 sunt
3465 3765 3535 3820 ad
3566 3775 3682 3821 stu-

356 3855 578 3926 τέχνως
610 3854 982 3928 εἰργασμένον
1017 3854 1118 3926 τὴν
1148 3853 1207 3922 ἐξ
1232 3853 1395 3925 ἔργου
1432 3870 1492 3906 τε
1528 3854 1623 3908 καὶ
1651 3853 1814 3923 λόγου
1852 3870 1973 3908 συν-

2080 3859 2237 3915 dium
2275 3859 2535 3931 pietatis,
2557 3860 2713 3932 131
2738 3876 2962 3917 carnem
2998 3860 3303 3915 conﬁciunt
3339 3868 3503 3931 atque
3534 3876 3686 3915 mor-

359 3945 697 4019 τεθειμένην
732 3947 967 4019 ἀρίστην
987 3945 1157 4019 ζωήν.
1187 3944 1561 4017 Είσεκόμισαν
1587 3944 1645 3999 δὲ
1673 3945 1883 4016 Μωσῆς
1916 3962 1976 4001 τε

2080 3951 2295 4008 tiﬁcant
2358 3970 2371 4007 :
2444 3953 2633 4023 itaque
2687 3960 2948 4023 tanquam
3013 3953 3225 4007 clarum
3297 3953 3412 4007 Deo
3478 3952 3686 4008 donum

361 4041 465 4096 καὶ
507 4037 724 4113 Ἀαρὼν
770 4043 852 4104 είς
889 4040 990 4112 τὴν
1041 4038 1207 4108 ἁγίαν
1248 4038 1458 4110 σκηνὴν
1497 4036 1568 4091 τὰ
1608 4055 1978 4111 προσκεκομι-

2082 4045 2504 4112 continentiam,
2552 4061 2676 4116 quae
2724 4047 2870 4100 ultra
2925 4046 3102 4116 legem
3142 4053 3248 4111 est,
3299 4054 3357 4100 et
3401 4045 3571 4099 vitam
3619 4062 3686 4101 ex

363 4134 579 4207 σμένα·
621 4133 791 4189 δεκτά
822 4135 935 4206 γὰρ
973 4131 1219 4204 Χριστῷ,
1255 4131 1352 4186 καὶ
1398 4129 1628 4196 πλοῦτος
1659 4130 1888 4203 αῦχημά
1919 4149 1979 4185 τε

2081 4137 2254 4194 verbo
2291 4145 2349 4194 et
2379 4116 2546 4208 opere
2591 4137 2857 4208 praeclare
2904 4137 3286 4207 compositam,
3320 4137 3473 4192 velut
3519 4151 3686 4191 orna-

359 4229 653 4302 λαμπρδν,
691 4230 762 4284 τὰ
789 4228 901 4283 τῶν
937 4227 1109 4298 ἁγίων
1154 4223 1651 4298 ἀνδραγαθήματα,
1685 4224 1755 4278 δι’
1776 4218 1851 4280 ὧν
1884 4225 1976 4280 καὶ

2082 4239 2333 4286 mentum
2368 4232 2666 4287 artiﬁciose
2697 4231 3043 4286 elaboratum
3077 4231 3340 4286 offerunt.
3374 4230 3691 4287 lntulerunt

366 4325 622 4398 μακρὰν,
646 4324 855 4397 μᾶλλον
891 4323 948 4377 δὲ
973 4321 1335 4392 ἀτελεύτητον
1366 4318 1825 4390 ἀποκερδαίνουσι
1845 4321 1983 4393 μνή-

2085 4332 2271 4380 autem
2299 4324 2515 4397 Moyses
2544 4331 2603 4380 et
2631 4323 2813 4378 Aaron
2851 4323 2909 4378 in
2947 4331 3201 4380 sanctum
3244 4323 3685 4388 tabernaculum,

365 4437 508 4491 μην,
530 4418 636 4491 καὶ
667 4417 767 4489 τῆς
799 4416 954 4481 θείας
978 4415 1327 4486 ἐπισκέψεως
1351 4414 1539 4482 ἀξίους
1561 4413 1726 4478 ὄντας
1753 4415 1982 4478 ἑαυτοὺς

2084 4431 2209 4485 qua:
2261 4415 2445 4471 oblata
2497 4414 2718 4470 fuerant
2755 4432 2768 4468 :
2813 4430 2942 4469 nam
2984 4413 3212 4469 fortium
3245 4413 3494 4469 virorum
3544 4412 3689 4468 facta

364 4484 782 4580 ἀποφαίνουσι·
812 4507 875 4562 τὸ
910 4507 1021 4580 γὰρ
1050 4484 1232 4563 ἔναντι
1258 4506 1468 4579 Κυρίου
1487 4506 1766 4561 τεθεῖσθαι
1802 4507 1981 4576 λέγειν

2084 4484 2307 4565 Christo
2344 4515 2497 4580 grata
2536 4516 2688 4573 sunt,
2723 4516 2780 4563 et
2822 4515 3093 4578 prteterca
3126 4516 3388 4579 tanquam
3428 4506 3690 4562 Ecclesiae

363 4607 442 4661 τὰ
464 4604 825 4676 ἀναθήματα,
857 4602 1104 4658 τοιοῦτόν
1135 4620 1188 4656 τι
1222 4601 1395 4672 δηλοῖ.
1424 4600 1589 4670 Μέγα
1617 4599 1672 4654 δὲ
1708 4600 1804 4655 καὶ
1840 4600 1980 4669 ἐξαί-

2087 4592 2222 4673 opes
2259 4617 2325 4659 ac
2368 4602 2635 4673 praeclara
2677 4608 3022 4667 ornamenta,
3063 4616 3164 4671 per
3210 4616 3333 4672 quae
3375 4600 3455 4655 illi
3494 4615 3689 4654 conse—

369 4714 538 4771 ρετον
567 4696 628 4751 τὸ
658 4697 736 4761 ὡς
769 4698 828 4750 ὲν
881 4694 1004 4766 ὄψει
1046 4693 1263 4748 κεῖσθαι
1294 4691 1435 4747 Θεοῦ
1455 4710 1469 4725 ·
1499 4695 1635 4765 τιμᾷ
1675 4692 1785 4764 γὰρ
1818 4693 1986 4768 ὑπερ-

2089 4703 2338 4766 quuntur
2382 4701 2445 4749 ut
2492 4694 2788 4758 diuturnae,
2849 4694 2961 4749 imo
2996 4709 3134 4751 vero
3181 4694 3536 4764 sempiternae
3580 4708 3693 4746 mc-

258 4784 267 4790 ’
364 4788 550 4860 φυῶς,
591 4787 688 4852 οὒς
718 4788 812 4842 καὶ
845 4787 1051 4858 ἐφορᾷν
1083 4786 1249 4853 ἀξιοῖ.

2088 4789 2280 4844 moria)
2326 4794 2754 4855 consecrentur;
2810 4788 3060 4860 talesque
3112 4803 3170 4844 se
3214 4795 3477 4858 praestant
3505 4792 3567 4839 ut
3605 4784 3690 4839 in-

364 4881 664 4954 spectione
730 4880 919 4936 divina
971 4878 1123 4950 digni
1168 4879 1526 4935 habeantur:
1563 4894 1712 4945 nam,
1784 4880 1933 4950 quod
2003 4880 2214 4941 dictum
2247 4889 2351 4948 est,
2393 4880 2451 4937 in
2501 4889 2800 4951 conspectu
2852 4881 3073 4935 Domini
3115 4880 3295 4951 posita
3366 4894 3488 4936 esse
3524 4877 3689 4943 dona,

364 4978 697 5052 huiusmodi
760 4977 1024 5049 quiddam
1082 4974 1373 5047 signiﬁcat.
1435 4975 1691 5047 Magnum
1743 4992 1878 5033 vero
1930 4986 1988 5034 et
2019 4978 2286 5034 eximium
2336 4985 2442 5043 est,
2515 4978 2575 5033 in
2650 4976 2827 5033 oculis
2867 4977 2967 5032 Dei
3007 4974 3413 5049 quodammodo
3448 4971 3685 5044 posituri:

365 5088 501 5130 esse
533 5090 547 5126 :
583 5087 712 5128 nam
763 5086 864 5126 eos
896 5068 1123 5141 plurimi
1163 5068 1255 5123 ille
1296 5066 1447 5134 facit,
1489 5083 1630 5139 quos
1667 5079 1889 5140 aspectu
1928 5085 2030 5125 suo
2067 5070 2347 5143 dignatur.
2821 5074 2829 5086 ‘

452 5166 664 5221 UAAA.
705 5162 803 5218 Ἐκ
832 5160 1045 5216 πολλῶν
1087 5160 1186 5231 μὲν
1215 5160 1369 5232 ἡμῖν,
1388 5157 1464 5224 ὡς
1514 5158 1658 5213 ἔοικε
1678 5200 1692 5223 ,
1727 5160 1984 5232 σημαίνει

2169 5160 2372 5218 PALL.
2406 5161 2596 5217 Multis
2643 5159 2812 5231 igitur
2851 5159 3040 5215 verbis
3084 5158 3138 5213 id
3168 5157 3332 5212 nobis
3377 5156 3692 5228 signiﬁcare

360 5262 577 5330 λέγων,
606 5258 669 5312 τὸ
701 5254 1095 5311 ἀναπείθεσθαι
1126 5255 1220 5309 καὶ
1251 5254 1502 5325 φρονεῖν,
1533 5251 1610 5316 ὡς
1637 5252 1701 5305 τό
1736 5269 1820 5306 τοι
1849 5252 1977 5324 χρῆ-

2093 5255 2339 5322 videtur,
2388 5255 2466 5310 ita
2503 5269 2834 5325 persuasum
2868 5252 3033 5309 nobis
3064 5267 3186 5307 esse
3240 5250 3448 5306 debere
3504 5252 3691 5324 itaque

361 5373 464 5410 ναι
502 5353 883 5423 καρποφορεῖν
930 5348 1132 5423 πρέπει
1174 5347 1240 5402 ἂν
1278 5348 1378 5418 οὐχ
1413 5346 1624 5418 ἑτέροις
1677 5345 1903 5416 μᾶλλον,
1950 5346 1978 5415 ἢ

2099 5347 2476 5413 sentiendum,
2499 5348 2606 5402 hoc
2634 5347 2835 5418 ipsum,
2861 5346 3006 5401 dona
3037 5345 3240 5401 oﬁ‘erre
3259 5345 3396 5411 Deo,
3425 5361 3538 5400 non
3571 5346 3693 5401 aliis

362 5452 488 5513 τοῖς
522 5448 662 5516 ἄγαν
692 5444 1104 5518 ἀνδριζομένοις
1134 5441 1226 5497 καὶ
1264 5440 1513 5497 εἰωθόσιν
1544 5440 1875 5511 εὐδοκιμεῖν.

2098 5442 2274 5515 magis
2305 5442 2605 5499 convenire
2644 5458 2807 5514 quam
2849 5442 2946 5511 qui
2993 5455 3053 5495 se
3097 5448 3324 5497 strenue
3370 5456 3434 5496 ac
3473 5440 3692 5497 fortiter

2096 5544 2310 5609 gerant,
2344 5547 2403 5592 et
2435 5551 2579 5607 saepe
2605 5550 2673 5592 ex
2725 5543 2873 5590 recte
2915 5534 3075 5591 factis
3102 5534 3325 5591 laudem
3370 5535 3476 5591 sibi
3522 5551 3690 5607 pepe-

2095 5628 2290 5683 reriut.

451 5783 496 5815 “
520 5784 542 5839 ι
569 5781 696 5840 Cor.
742 5798 797 5845 ι,
826 5780 913 5835 18.
999 5777 1043 5810 ¹⁶
1066 5777 1086 5833 l
1111 5776 1241 5834 Cor.
1278 5793 1353 5843 nt,
1382 5774 1538 5831 7-10.
1619 5775 1661 5808 "
1697 5773 1861 5842 lbid.,
1898 5771 1987 5840 ll,
2019 5771 2068 5826 ιε

1619 5775 1661 5808 ⁸⁷
1697 5773 1861 5842 lbid.,
1898 5771 1987 5840 ll,
2019 5771 2105 5826 l2.
2187 5773 2230 5805 ¹⁸
2255 5771 2419 5839 lbid.,
2452 5770 2538 5826 18.
2636 5770 2678 5801 ¹⁹
2712 5769 2733 5827 I
2767 5768 2894 5826 Cor.
2927 5784 3022 5835 vn,
3076 5768 3164 5824 23.

454 5924 536 5998 (ι)
577 5921 717 5982 Cod.
755 5920 907 5989 Vah,
941 5916 1265 5975 ἐπιστέλλει.
