4096 6470
396 422 503 484 545

1398 420 1452 473 S.
1494 419 1774 475 CYRlLLl
1812 417 2285 475 ALEXANDRINI
2318 416 2644 476 ARCHIEP.

3566 415 3675 475 5“
3700 424 3701 427 γ

465 538 625 594 CYR.
652 540 824 610 Euge,
855 540 1083 603 Palladi,
1113 547 1259 593 recte
1308 554 1545 608 namque
1598 540 1900 605 existimas,
1926 547 1982 594 et

2154 540 2322 595 ΚΥΡ.
2355 535 2519 610 Εὖγε,
2550 534 2596 594 ὦ
2628 538 2917 605 Παλλάδιε,
2946 539 3129 610 διανοῇ
3153 539 3264 611 γὰρ
3287 538 3481 615 ὀρθῶς.
3515 540 3673 609 Ἔχει

396 646 509 691 non
539 629 704 683 modo
728 630 843 711 ipsa
867 644 955 683 res
978 629 1053 694 ita
1079 644 1136 683 sc
1169 628 1354 692 habet,
1373 629 1470 683 sed
1499 630 1665 684 etiam
1684 630 1981 702 Scripturaa

396 737 565 777 saeuae
616 721 935 776 testimonio
997 721 1383 777 conﬁrmatur.
1454 721 1593 793 Cum
1645 724 1796 778 enim
1854 724 1982 778 ﬁliis

394 815 563 872 Israel
583 814 766 869 adhuc
797 814 852 870 in
883 829 1072 869 eremo
1098 815 1572 873 commorantibus
1601 832 1818 872 sacrum
1845 817 1982 873 illud

397 906 813 970 tabernaculum
855 906 1068 978 erigere
1125 907 1292 963 vellet
1324 910 1492 974 Deus,
1535 910 1683 980 quod
1721 910 1982 967 Ecclesiae

394 1016 462 1054 ex
500 999 757 1071 gentibus
799 1001 1043 1058 collecta:
1068 1000 1297 1073 ﬁguram
1333 1010 1393 1058 et
1418 1003 1714 1075 imaginem
1739 1014 1978 1075 gereret,

389 1091 555 1161 jussit
590 1098 669 1156 ut,
699 1107 822 1162 quae
854 1093 911 1147 in
957 1108 1081 1148 eam
1112 1111 1232 1150 rem
1259 1111 1401 1166 opus
1434 1105 1639 1163 essent,
1683 1113 1983 1169 congrega-

392 1191 606 1247 rentur,
646 1182 835 1254 Itaque
883 1184 965 1239 sic
995 1200 1282 1248 sacrorum
1336 1188 1705 1259 interpretem
1756 1189 1982 1261 Moysen

392 1283 478 1329 est
525 1274 832 1332 allocutus:
898 1297 916 1330 ι
949 1278 1006 1335 Si
1064 1282 1346 1351 acceperis
1403 1297 1677 1343 summam
1736 1281 1981 1345 ﬁliorum

394 1366 582 1435 Israel,
625 1370 682 1424 in
718 1373 1039 1432 recensione
1087 1388 1283 1428 eorum
1337 1374 1549 1430 dabunt
1598 1375 1982 1446 unusquisque

393 1459 573 1529 pretia
608 1461 1005 1533 redemptionis
1061 1465 1258 1521 animae
1299 1481 1413 1522 suae
1464 1460 1719 1532 Doinino,
1774 1475 1831 1522 et
1868 1482 1981 1522 non

392 1550 503 1605 erit
532 1552 589 1607 in
614 1554 696 1608 eis
722 1570 882 1610 casus
908 1556 966 1610 in
997 1557 1323 1614 recensione
1360 1573 1586 1627 eorum;
1617 1569 1675 1615 et
1718 1560 1825 1615 hoc
1847 1562 1978 1627 erit,

393 1643 542 1710 quod
589 1644 819 1713 dabunt,
862 1648 1180 1720 quicunque
1229 1659 1519 1707 transeunt
1559 1653 1627 1707 ad
1678 1654 1980 1723 inspectio-

394 1749 543 1801 nem,
571 1736 807 1793 mediam
852 1750 1065 1809 partem
1123 1742 1263 1808 sicli,
1325 1745 1422 1814 qui
1452 1754 1541 1800 est
1585 1747 1743 1816 juxta
1782 1746 1982 1802 siclum

396 1833 649 1883 sanctum
714 1828 930 1901 (viginti
990 1833 1183 1889 obolos
1212 1834 1378 1889 habet
1410 1834 1625 1908 siclus),
1686 1836 1980 1892 dimidium

396 1928 584 1976 autem
640 1922 760 1978 sicli
796 1924 1065 1980 tributum
1120 1926 1371 1983 Domino.
1407 1926 1599 1984 Omnis
1642 1929 1737 1998 qui
1784 1930 1984 1985 transit

393 2011 455 2065 in
507 2013 909 2085 inspectionem
952 2032 985 2073 a
1022 2018 1217 2089 viginti
1239 2019 1401 2076 annis
1429 2030 1488 2075 et
1537 2035 1725 2091 supra,
1770 2019 1983 2077 dabunt

392 2103 667 2161 tributum
710 2107 965 2167 Domino.
1014 2109 1180 2172 Dives
1217 2126 1329 2166 non
1383 2111 1628 2183 adjiciet,
1668 2120 1725 2168 et
1772 2126 1984 2183 pauper

391 2211 507 2253 non
538 2199 754 2256 minuet
778 2216 810 2256 a
856 2201 1090 2258 dimidio
1126 2203 1270 2270 sicli,
1326 2218 1454 2258 cum
1489 2204 1655 2259 datur
1708 2205 1981 2260 tributum

389 2288 626 2346 Domino
651 2292 719 2346 ad
750 2294 1165 2364 propitiandum
1194 2310 1297 2365 pro
1331 2296 1629 2353 animabus
1663 2298 1896 2353 vestris:
1926 2307 1984 2354 et

388 2381 630 2451 accipies
675 2392 966 2453 argentum
993 2386 1187 2443 tributi
1218 2402 1251 2442 a
1273 2386 1403 2443 ﬁliis
1438 2388 1628 2454 Israel,
1660 2397 1719 2444 et
1741 2389 1984 2445 dabisil—

387 2470 487 2527 lud
509 2472 579 2528 ad
591 2488 732 2544 opus
749 2476 1091 2536 tabernaculi
1108 2479 1445 2547 testimonii;
1471 2488 1528 2543 et
1544 2481 1654 2536 erit
1668 2479 1981 2537 ﬁliislsrael

360 2560 817 2623 'monumentum
872 2584 1061 2626 coram
1115 2572 1372 2638 Domino,
1423 2579 1485 2627 ut
1518 2574 1851 2645 propitietur
1879 2570 1983 2645 pro

391 2654 689 2713 animabus
714 2657 914 2712 vestris
930 2661 1031 2713 ³ο.»
1080 2660 1238 2731 132
1266 2661 1408 2717 Ecce
1438 2660 1640 2717 iterum
1661 2662 1982 2736 diligentem

388 2746 771 2811 recensionem
790 2750 987 2805 conﬁci
1008 2759 1266 2820 oportere
1283 2752 1565 2824 legislator
1585 2754 1684 2820 ait,
1704 2755 1984 2811 conferre-

391 2854 501 2909 que
525 2840 693 2911 jussit
722 2842 867 2898 dona
891 2844 1127 2899 Domino
1168 2844 1463 2901 dimidium
1494 2846 1637 2901 sicli;
1662 2846 1767 2913 Qui
1795 2856 1981 2902 autem

390 2930 506 2989 sint
526 2933 623 3004 qui
653 2933 857 2990 oﬂ‘erre
879 2936 1139 3002 debeant,
1174 2944 1365 3008 aperte
1388 2938 1614 3005 deﬁnit;
1633 2955 1813 3010 neque
1834 2940 1984 2995 enim

388 3026 724 3082 mulieribus
748 3026 803 3082 id
837 3027 1042 3095 facere,
1093 3045 1275 3100 neque
1328 3030 1512 3085 adhuc
1547 3031 1739 3101 pueris
1773 3032 1982 3101 permi—

389 3117 467 3172 sit
489 3117 665 3173 Deus:
694 3118 751 3174 in
779 3135 911 3189 quo,
948 3121 1055 3176 nisi
1080 3121 1264 3188 fallor,
1291 3121 1625 3194 improbavit
1645 3124 1899 3180 imbelles
1920 3140 1984 3180 ac

2081 633 2139 688 δέ
2155 628 2256 687 ὧδε
2276 633 2338 686 τὸ
2359 632 2547 705 χρῆμα
2569 635 2636 703 τῇ
2662 631 2845 701 φύσει,
2869 633 2963 684 καὶ
2986 632 3326 703 μαρτυρήσει
3352 632 3414 685 τὸ
3436 634 3675 708 γράμμα

2081 726 2144 778 τὸ
2188 726 2351 797 ἱερόν.
2397 724 2615 795 Ἐπειδὴ
2658 724 2767 795 γὰρ
2810 725 2924 788 τοῖς
2957 725 3096 788 υίοῖς
3138 724 3353 797 Ἰσραὴλ
3386 724 3679 799 αὐλιζομέ-

2084 831 2194 878 νοις
2222 814 2303 867 ἔτι
2331 814 2474 868 κατά
2502 815 2603 886 τὴν
2632 814 2838 886 ἔρημον
2885 815 2984 884 τὴν
3016 814 3179 882 ἀγίαν
3210 815 3416 886 σκηνὴν
3443 816 3680 888 ἐγείρειν

2084 907 2338 964 ἐϐούλετο
2375 908 2403 961 ὁ
2428 907 2580 973 Θεὸς,
2626 908 2706 971 είς
2744 905 2930 959 εἰκόνα
2961 906 3057 960 καὶ
3090 906 3261 959 τύπον
3289 906 3389 977 τῆς
3418 905 3477 971 ἐξ
3504 908 3679 962 ἐθνῶν

2096 999 2444 1071 Ἐκκλησίας,
2478 998 2895 1070 συναγείρεσθαι
2914 998 3025 1053 δεῖν
3049 997 3120 1052 τὰ
3146 999 3226 1063 είς
3247 997 3408 1052 τοῦτο
3430 1001 3679 1071 χρήσιμα

2084 1093 2339 1148 διετύπου
2372 1093 2552 1148 πάλιν.
2591 1092 2737 1164 Ἔφη
2772 1108 2831 1144 τε
2868 1091 3013 1145 οὕτω
3053 1091 3191 1163 πρὸς
3217 1089 3308 1145 τὸν
3353 1092 3681 1163 ἱεροφάντην

2084 1185 2320 1241 Μωσὲα·
2358 1204 2377 1237 ι
2447 1184 2573 1238 Ἐὰν
2628 1182 2800 1255 λάϐῃς
2844 1182 2936 1236 τὸν
2975 1181 3337 1253 συλλογισμὸν
3382 1181 3493 1236 τῶν
3544 1182 3682 1237 υἱῶν

2097 1280 2313 1352 Ἰσραὴλ
2332 1282 2391 1333 ἐν
2413 1282 2479 1351 τῇ
2501 1281 2774 1350 ἐπισκοπῇ
2806 1279 3006 1345 αὐτῶν,
3033 1279 3127 1333 καὶ
3152 1279 3416 1334 δώσουσιν
3444 1280 3682 1346 ἕκαστος

2084 1371 2257 1441 λύτρα
2292 1372 2393 1442 τῆς
2437 1370 2619 1441 ψυχῆς
2669 1370 2836 1424 αὑτοῦ
2869 1370 3093 1442 Κυρίῳ,
3138 1370 3233 1424 καὶ
3274 1371 3377 1425 οὐκ
3410 1370 3566 1425 ἔσται
3620 1374 3681 1425 ἐν

2085 1465 2273 1527 αὐτοῖς
2316 1462 2524 1526 πτῶσις
2571 1464 2629 1516 ἐν
2676 1464 2742 1533 τῇ
2786 1463 3058 1533 ἐπισκοπῇ
3105 1461 3325 1517 αὐτῶν·
3376 1463 3471 1516 καὶ
3521 1461 3683 1516 τοῦτό

2084 1560 2232 1611 ἐστιν
2255 1556 2285 1610 δ
2303 1555 2586 1619 δώσουσιν,
2605 1557 2718 1609 ὅσοι
2746 1555 2843 1609 ἐὰν
2873 1554 3213 1626 πορεύωνται
3236 1553 3335 1626 τὴν
3356 1553 3674 1642 ἐπίσκεριν,

2083 1650 2146 1703 τὸ
2176 1650 2349 1721 ἥμισυ
2381 1647 2474 1702 τοῦ
2503 1647 2801 1719 διδράχμου
2821 1689 2835 1713 ,
2883 1648 2912 1701 ὃ
2959 1650 3075 1700 ἐστι
3110 1646 3253 1701 κατά
3295 1647 3591 1718 δίδραχμον
3618 1648 3685 1700 τὸ

2085 1741 2239 1809 ἅγιον
2264 1782 2279 1806 ,
2317 1740 2523 1794 εἴκοσιν
2566 1740 2745 1793 ὀϐολοὶ
2789 1740 2851 1793 τὸ
2903 1739 3230 1810 δίδραχμον,
3262 1740 3324 1793 τδ
3371 1739 3544 1811 ἥμισυ
3582 1740 3684 1797 τοῦ

2085 1834 2384 1906 διδράχμου
2418 1831 2649 1905 εἰσφορά
2675 1832 2752 1904 τῷ
2783 1833 2991 1903 Κυρίῳ.
3025 1833 3139 1895 Πᾶς
3167 1834 3195 1886 ὁ
3223 1835 3685 1903 παραπορευόμε-

2018 1906 2057 1960 Β
2086 1944 2177 1990 νος
2219 1929 2300 1990 εἰς
2341 1924 2441 1998 τὴν
2481 1924 2790 1995 ἐπίσκεψιν,
2824 1924 2933 1978 ἀπὸ
2959 1923 3303 1986 είκοσαετοῦς
3350 1924 3446 1976 καὶ
3496 1923 3688 1979 ἐπάνω

2083 2017 2316 2072 δώσουσι
2365 2016 2466 2089 τὴν
2519 2014 2783 2088 εἰσφορὰν
2830 2013 2908 2086 τῷ
2950 2014 3163 2087 Κυρίῳ.
3213 2012 3274 2068 Ὀ
3323 2011 3569 2067 πλουτῶν
3617 2014 3686 2069 οὐ

2085 2112 2405 2185 προσθήσει,
2438 2110 2532 2164 καὶ
2564 2111 2592 2162 ό
2626 2109 2924 2180 πενόμενος
2947 2108 3048 2162 οὐκ
3071 2108 3417 2177 ἐλαττονήσει
3441 2105 3552 2159 ἀπὸ
3582 2104 3685 2163 τοῦ

2084 2204 2316 2275 ἡμίσους
2340 2201 2435 2256 τοῦ
2470 2201 2767 2273 διδράχμου
2789 2242 2806 2267 ,
2833 2201 2927 2253 ἐπὶ
2955 2199 3015 2253 τὸ
3049 2198 3253 2252 διδόναι
3284 2198 3384 2270 τὴν
3419 2196 3685 2267 εἰσφορὰν

2082 2294 2160 2366 τῷ
2191 2294 2381 2367 Κυρίῳ
2407 2308 2419 2323 '
2458 2292 2807 2358 ἐξιλάσασθαι
2838 2289 2968 2363 περὶ
3000 2289 3109 2343 τῶν
3137 2288 3326 2359 ψυχῶν
3360 2286 3515 2358 ὑμῶν
3537 2303 3550 2317 ·
3588 2287 3686 2341 καὶ

2083 2388 2230 2460 λῆφῃ
2279 2387 2342 2441 τὸ
2391 2385 2652 2457 ἀργύριον
2705 2385 2805 2454 τῆς
2865 2382 3128 2452 είσφορᾶς
3175 2379 3328 2451 παρά
3376 2379 3484 2433 τῶν
3537 2378 3674 2433 υίῶν

2099 2480 2334 2552 Ἰσραὴλ,
2365 2479 2459 2532 καὶ
2493 2477 2685 2541 δώσεις
2710 2476 2894 2539 αὐτοῖς
2922 2474 3004 2539 είς
3042 2473 3310 2545 κάτεργον
3342 2472 3442 2542 τῆς
3474 2468 3687 2542 σκηνῆς

2083 2571 2178 2625 τοῦ
2226 2570 2551 2642 μαρτυρίου,
2584 2568 2677 2622 καὶ
2706 2567 2857 2620 ἔσται
2884 2567 2999 2629 τοῖς
3027 2565 3163 2627 υίοῖς
3210 2561 3431 2634 Ἰσραὴλ
3468 2560 3683 2631 μνημό-

2088 2680 2247 2718 συνον
2277 2661 2518 2716 ἐναντίον
2549 2660 2757 2732 Κυρίου
2799 2655 3152 2723 ἐξιλάσασθαι
3197 2653 3328 2726 περὶ
3357 2652 3464 2706 τῶν
3493 2651 3681 2723 ψυχῶν

2087 2758 2261 2829 ὑμῶν.
2312 2777 2330 2809 ι
2377 2757 2508 2811 Ἰδοὺ
2551 2754 2615 2826 δὴ
2648 2753 2810 2808 πάλιν
2838 2751 3044 2822 ἀκριϐῆ
3076 2754 3169 2803 τὸν
3201 2746 3529 2817 ἐκλογισμὸν
3560 2745 3682 2799 δια-

2087 2824 2445 2924 περαίνεσθαι
2485 2824 2662 2902 δεῖνήδ
2693 2845 2991 2917 νομοθέτης
3029 2841 3198 2913 φησί·
3237 2839 3578 2907 συνενεγκεῖν
3623 2834 3685 2889 δὲ

2087 2942 2423 3017 προστέταχε
2462 2942 2532 2995 τὰ
2575 2941 2724 3011 δῶρα
2770 2936 2987 3009 Κυρίῳ,
3019 2935 3083 2988 τὸ
3119 2934 3293 3005 ἥμισυ
3337 2930 3431 2986 τοῦ
3463 2928 3685 3003 διδράχ-

2089 3055 2214 3109 μου.
2257 3037 2415 3099 Τίνες
2459 3034 2506 3087 δ’
2533 3032 2600 3087 ἂν
2647 3029 2756 3086 εἷεν
2798 3032 2849 3084 οί
2913 3025 3307 3100 προσκομίςειν
3352 3021 3680 3090 ὀφείλοντες,

2085 3127 2312 3201 διορίζει
2344 3126 2531 3198 σαφῶς
2550 3142 2565 3159 ο
2596 3125 2657 3179 ού
2684 3124 2798 3195 γὰρ
2821 3121 2886 3194 δὴ
2915 3121 3163 3189 γυναίοις
3188 3116 3350 3172 τοῦτο
3378 3116 3532 3188 δρᾷν,
3556 3110 3688 3201 οὔτε

390 3205 608 3273 molles,
666 3213 725 3261 et
771 3208 863 3279 qui
910 3210 1207 3280 prudentia
1269 3211 1456 3268 minus
1497 3215 1744 3284 perfecta
1793 3222 1925 3271 sunt
1966 3234 1978 3269 :

2091 3198 2197 3295 μὴν
2221 3223 2335 3284 τοῖς
2366 3219 2447 3273 ἔτι
2476 3217 2693 3288 νηπίοις
2719 3215 2893 3286 ἐφῆκε
2927 3213 3061 3274 Θεός
3080 3229 3094 3242 ο
3122 3205 3564 3311 ἀποδοκιμαζων,
3594 3198 3687 3311 ‘0‘!-

390 3296 762 3370 nscripsitque
788 3301 846 3356 in
877 3301 1233 3361 offerentium
1256 3298 1553 3363 numerum
1590 3308 1840 3364 adultum
1868 3308 1982 3379 jam

2091 3314 2189 3387 μαί
2216 3330 2338 3379 που,
2373 3310 2434 3365 τὸ
2472 3310 2665 3366 ἀναλκί
2690 3325 2750 3360 τε
2784 3307 2877 3362 καὶ
2913 3303 3192 3377 μαλθακὸν
3215 3342 3229 3367 ,
3265 3300 3361 3356 καλ⁵
3389 3298 3451 3352 τὺ
3497 3295 3690 3365 ἀτελὲς

388 3397 450 3444 ct
471 3390 746 3462 vigentem
774 3393 1056 3464 juvenem,
1079 3406 1138 3452 et
1162 3400 1261 3468 qui
1276 3399 1345 3455 ad
1380 3400 1780 3471 inspectionem
1801 3408 1984 3455 trans-

391 3480 531 3547 iret,
568 3482 774 3552 quibus
800 3487 980 3541 aelatis
1008 3502 1217 3544 annum
1264 3492 1577 3561 praescribit
1629 3493 1980 3548 vicesimum.

393 3569 511 3626 Soli
537 3572 687 3626 enim
722 3574 873 3646 digni
902 3589 1035 3634 sunt
1056 3579 1259 3637 oﬁ‘erre
1282 3582 1428 3637 dona
1461 3584 1697 3640 Domino
1720 3585 1877 3655 juxta
1901 3585 1984 3639 le—

393 3663 480 3735 gis
510 3668 917 3738 praescriptum,
950 3672 1047 3743 qui
1076 3674 1345 3743 puerilem
1387 3691 1613 3733 sensum
1661 3688 1825 3748 atque
1859 3694 1984 3733 mu-

393 3752 632 3809 liebrem
672 3757 920 3814 animum
967 3762 1318 3830 transiliunt,
1364 3765 1589 3836 jamque
1640 3768 1710 3822 ad
1765 3768 1985 3823 virilem

396 3853 716 3895 mensuram
751 3856 1148 3914 pervenerunt,
1185 3862 1313 3902 cum
1339 3855 1501 3914 aetate
1528 3865 1655 3920 quae
1680 3849 1736 3904 in
1762 3850 1986 3908 Christo

399 3929 732 4002 intelligitur
783 3941 841 3988 et
892 3936 1200 4005 spiritualis
1230 3946 1345 4013 est,
1391 3939 1556 4010 plena
1593 3941 1705 3997 sint
1740 3950 1796 3997 et
1840 3943 1985 3999 inte-

395 4039 513 4093 gra.
552 4023 619 4080 lli
667 4034 958 4097 transeunt
1001 4029 1082 4097 ad,
1118 4031 1538 4101 inSpectionem,
1576 4032 1633 4088 id
1664 4042 1768 4100 est,
1806 4048 1867 4099 se
1898 4034 1985 4103 di-

396 4130 534 4189 gnos
564 4116 815 4186 praebent
861 4119 957 4189 qui
990 4119 1049 4174 in
1101 4107 1280 4177 oculis
1319 4122 1418 4185 Dei
1464 4132 1780 4191 versentur,
1814 4132 1876 4180 ut
1929 4126 1987 4181 in

396 4204 628 4260 Psalmis
651 4209 869 4264 canitur
891 4200 926 4263 :‘
948 4230 966 4262 ι
988 4209 1148 4266 Oculi
1202 4212 1419 4269 Domini
1455 4230 1625 4286 super
1657 4218 1838 4289 justos
1861 4219 1926 4273 ³³.
1958 4238 1979 4271 ›

395 4296 474 4351 Ea
498 4312 666 4367 porro
689 4301 1086 4371 redemptionis
1106 4304 1283 4374 pretia
1297 4321 1399 4375 pro
1415 4307 1592 4363 salute
1610 4308 1981 4376 olferentium,

395 4397 453 4441 et
474 4386 543 4457 ad
570 4391 748 4446 sancti
778 4392 1123 4449 tabernaculi
1147 4411 1347 4465 opera,
1377 4406 1435 4452 et
1474 4399 1532 4452 in
1564 4411 1986 4456 monumentum

395 4497 584 4536 coram
644 4484 880 4540 Domino
954 4487 1370 4544 offerebantur:
1435 4494 1704 4562 praeclara
1748 4510 1988 4565 namque

2086 3411 2168 3474 είς
2204 3407 2419 3461 σύνεσιν
2439 3421 2452 3434 ·
2485 3401 2925 3472 ἐγκαταγράφων
2967 3397 3025 3451 δέ
3056 3396 3248 3465 ῶσπερ
3272 3395 3386 3455 τοῖς
3410 3389 3690 3459 ὀφείλουσι.

2089 3498 2463 3572 καρποφορεῖν
2483 3496 2574 3548 τὸν
2594 3493 2841 3565 ήὸηκότα
2862 3490 2967 3562 ἢδη
2988 3488 3084 3543 καὶ
3106 3486 3423 3572 σφριγῶντα
3442 3480 3686 3546 νεανίαν,

2088 3571 2184 3647 καί
2210 3590 2729 3663 παραπορευόμενον
2761 3585 2841 3648 είς
2868 3583 2965 3654 τὴν
2991 3581 3304 3649 ἐπίσκεψιν,
3338 3571 3419 3641 οἷς
3445 3576 3542 3629 καὶ
3568 3572 3691 3637 ἔτος

2088 3680 2261 3752 ὁρίζει
2289 3680 2349 3734 τὸ
2380 3676 2646 3734 εἰκοστόν.
2667 3675 2838 3730 Μόνοι
2868 3674 2978 3745 γὰρ
3001 3670 3141 3737 ἄξιοι
3170 3668 3265 3722 τοῦ
3292 3667 3491 3740 χρῆναι
3518 3679 3692 3736 προσο

2088 3776 2242 3844 ἀγειν
2272 3771 2342 3826 τὰ
2371 3771 2521 3843 δῶρα
2562 3768 2792 3839 Κυρίῳ,
2829 3764 2975 3820 κατά
3028 3764 3120 3817 τὸν
3154 3762 3351 3833 νόμον,
3397 3758 3693 3840 οξ.μειρα’

2090 3866 2256 3936 κιώδη
2292 3863 2556 3934 φρόνησιν
2581 3859 2676 3915 καὶ
2717 3858 3031 3931 θηλύφρονα
3063 3854 3190 3909 νοῦν
3219 3850 3687 3924 ἀναθρώσκοντες,

2090 3960 2184 4013 καὶ
2211 3960 2290 4022 εἰς
2322 3955 2515 4028 ἀνδρὸς
2540 3953 2641 4025 ἤδη
2669 3951 2950 4013 τελοῦντες
2976 3948 3196 4022 μέτρον,
3225 3944 3449 4018 ἡλικίας
3471 3941 3691 4012 ἔχοντες

2091 4051 2369 4124 πλήρωμα
2403 4049 2477 4120 (l)
2512 4046 2611 4117 τῆς
2644 4046 2702 4099 ἐν
2733 4041 2957 4114 Χριστῷ
2997 4039 3294 4112 νοουμένης
3319 4037 3410 4092 καὶ
3443 4049 3691 4105 πνευμα-

2089 4146 2269 4214 τικῆς.
2290 4135 2449 4195 Οὗτοι
2478 4134 2954 4209 παραπορεύονται
2977 4134 3057 4196 είς
3074 4131 3172 4203 τὴν
3195 4127 3505 4199 ἐπίσκεψιν,
3531 4141 3690 4180 τουτ-

2092 4239 2241 4292 έστιν
2264 4278 2278 4299 ,
2318 4233 2504 4299 ἀξίους
2538 4230 2769 4293 ἑαυτοὺς
2811 4225 3174 4297 ἀποφαίνουσι
3215 4221 3310 4276 τοῦ
3345 4222 3441 4274 καὶ
3477 4220 3534 4272 ἐν
3568 4216 3691 4287 ὕψει

2094 4328 2347 4400 γενέσθαι
2400 4323 2558 4389 Θεοῦ,
2614 4319 2758 4374 κατά
2806 4319 2870 4372 τὸ
2920 4320 2979 4372 ἐν
3025 4315 3277 4386 Ψαλμοῖς
3326 4309 3685 4400 ὑμνούμενον·

2102 4397 2121 4472 ὲ
2168 4412 2471 4485 Ὀφθαλμοὶ
2494 4409 2703 4482 Κυρίου
2725 4409 2817 4461 ἐπὶ
2844 4405 3105 4469 δικαίους.
3142 4423 3162 4457 ι
3207 4403 3379 4472 ’Υπὲρ
3412 4397 3691 4470 σωτηρίας

2095 4510 2152 4564 δὲ
2180 4510 2278 4580 τῆς
2311 4506 2421 4560 τῶν
2460 4501 2849 4574 προσαγόντων
2891 4497 2959 4552 τά
2987 4497 3160 4569 λύτρα
3177 4535 3193 4561 ,
3229 4495 3325 4548 καὶ
3351 4495 3431 4555 είς
3458 4490 3529 4543 τὰ
3554 4488 3693 4542 κάτ-

396 4582 721 4643 sanctorum
741 4575 1028 4633 hominum
1052 4588 1203 4649 gesta
1247 4582 1512 4638 ecclesias
1534 4586 1904 4652 constituunt,
1933 4595 1982 4642 et

2097 4575 2368 4674 εργατῆς
2401 4596 2564 4665 ἀγίας
2601 4593 2827 4663 σκηνῆς,
2871 4592 2967 4645 καὶ
3002 4592 3083 4653 είς
3125 4586 3468 4659 μνημόσυνον
3503 4582 3686 4635 ἔναντι

397 4664 467 4718 ad
487 4673 749 4720 ornatum
777 4667 919 4721 sacri
948 4668 1295 4727 tabernaculi
1329 4673 1488 4730 utilia
1521 4673 1668 4741 sun't,
1716 4686 1776 4733 et
1817 4678 1982 4733 simul

2087 4664 2338 4767 lto-plen"
2372 4664 2655 4759 συνίστησι
2692 4687 2802 4756 γὰρ
2845 4682 3178 4755 ἐκκλησίας,
3225 4680 3321 4734 καὶ
3354 4680 3434 4742 είς
3480 4675 3689 4745 κόσμον

397 4755 598 4812 animae
628 4757 861 4813 salutem
884 4758 1149 4827 eﬁiciunt,
1203 4774 1262 4819 et
1293 4764 1481 4835 gloria:
1512 4768 1865 4839 sempiterna
1886 4786 1984 4826 co-

399 4862 536 4904 rona
570 4851 718 4907 viros
745 4852 918 4909 fortes
954 4866 1243 4911 exornant.
1282 4857 1365 4913 An
1392 4859 1489 4914 tibi
1518 4877 1715 4930 parum
1747 4879 1876 4921 vere
1899 4865 1985 4919 di-

399 4961 526 5012 cere
570 4945 824 5018 videmur
844 4948 868 5019 ?_

469 5214 667 5271 PALL.
693 5218 828 5273 Mihi
857 5216 1082 5289 quidem
1101 5217 1413 5276 verissime.

470 5310 629 5365 CYR.
646 5312 1066 5385 Redemptionis
1088 5316 1257 5390 igitur
1275 5321 1515 5387 pretium
1535 5339 1633 5380 seu
1656 5324 1855 5381 siclum
1874 5327 1986 5384 vel-.

400 5403 481 5458 uti
521 5420 749 5460 censum
773 5407 1066 5477 quemdam
1093 5412 1239 5485 exigi
1283 5415 1448 5486 jussit
1478 5417 1644 5483 Deus,
1673 5417 1841 5488 idque
1864 5426 1987 5473 erat

401 5509 598 5550 eorum
624 5497 919 5565 tributum,
955 5500 1050 5571 qui
1079 5503 1148 5558 ad
1190 5505 1407 5560 virilem
1444 5515 1665 5563 aetatem
1700 5508 1986 5577 pervenis-

401 5598 541 5644 sent.
577 5589 645 5644 At
669 5605 799 5647 vero
821 5592 1102 5665 principes
1143 5596 1388 5652 tribuum
1429 5598 1748 5669 adjecerunt
1771 5600 1837 5656 iis
1865 5618 1986 5671 quae

477 5744 521 5774 ’τ’
569 5742 740 5797 Exod.
772 5758 897 5797 xxx.
948 5744 1135 5802 12-16.
1214 5749 1254 5778 ²¹
1284 5748 1427 5803 Psal.
1458 5767 1643 5804 χχχιιι.
1675 5750 1757 5822 16,

475 5878 549 5953 (ι)
574 5879 759 5939 Sirlcti
802 5880 993 5948 codex,
1032 5882 1341 5956 γνώρισμα.

2087 4787 2335 4858 χρήσιμα
2360 4784 2458 4854 τῆς
2487 4781 2649 4849 ἁγίας
2683 4778 2920 4848 σκηνῆς,
2955 4773 3024 4829 τὰ
3053 4772 3161 4826 τῶν
3208 4771 3380 4839 ἁγίων
3410 4767 3690 4858 ἀνδραγαῑ

2091 4852 2334 4943 θῆματα,
2373 4852 2511 4942 μετά
2551 4867 2645 4921 τοῦ
2678 4869 2771 4921 καὶ
2804 4865 2902 4949 τὴν
2934 4865 3035 4935 τῆς
3074 4862 3256 4934 ψυχῆς
3294 4858 3570 4931 σωτηρίαν
3622 4852 3689 4949 εὗ

2102 4965 2248 5037 μάλα
2275 4958 2701 5033 συγκατορθοῦν,
2733 4961 2830 5013 καὶ
2859 4947 3203 5027 ἀτελευτήτῳ
3224 4953 3352 5025 δόξῃ
3382 4947 3691 5020 στεφανοῦν

2096 5058 2221 5119 τοὺς
2249 5055 2687 5127 ἀνδριζομένους.
2718 5055 2789 5107 Ἦ
2810 5053 2912 5107 οὐκ
2941 5048 3145 5122 ἀληθὴς
3175 5050 3203 5101 ὁ
3227 5046 3386 5116 λόγος
3422 5038 3566 5098 εἷναί
3601 5058 3688 5096 σοι

2096 5148 2246 5202 δοκεῖ
2264 5165 2277 5213 ;

2168 5242 2375 5294 ΠᾹΛΛ.
2410 5241 2557 5294 Πάνυ
2592 5239 2689 5309 μὲν
2727 5236 2841 5293 οὖν.

2159 5336 2326 5389 ΚΥΡ.
2356 5334 2429 5389 Τὸ
2450 5334 2549 5403 μὲν
2571 5329 2666 5388 οὖν
2698 5332 2914 5404 λύτρον,
2934 5331 3053 5401 ἦτοι
3070 5325 3458 5397 τὸδίδραχμον,
3475 5322 3686 5391 δασμο-

2086 5427 2365 5496 λογεῖσθαι
2392 5427 2505 5481 δεῖν
2535 5424 2970 5497 κεχρησμῴδηκε
3001 5419 3154 5484 Θεὸς,
3205 5417 3300 5472 καὶ
3335 5412 3403 5489 ἦν
3434 5412 3543 5467 τῶν
3589 5414 3685 5466 ἀν-

2087 5517 2422 5589 δριζομένων
2448 5517 2507 5569 ἐν
2531 5516 2706 5587 τούτῳ
2729 5514 2800 5568 τὰ
2828 5512 2979 5582 τέλη.
3007 5512 3070 5563 Οἱ
3099 5509 3157 5562 δέ
3180 5505 3290 5560 τῶν
3315 5502 3499 5574 φυλῶν
3525 5498 3684 5571 ἡγού-

2093 5626 2263 5678 μενοι,
2299 5606 2683 5680 προστιθέντες
2715 5608 2829 5670 τοῖς
2857 5606 2922 5673 ἐκ
2949 5602 3118 5685 νόμον
3158 5591 3679 5670 προστεταγμένοις,
