4096 6434
300 413 417 472 545

1051 416 1141 471 DE
1181 414 1631 472 ADORATiONE
1672 416 1737 473 IN
1780 414 2052 474 SPIRITU
2093 418 2186 475 ET
2222 418 2597 476 VERITATE.
2623 420 2753 475 LIB.
2779 416 2870 475 IV.

3517 412 3623 470 546

302 534 386 597 τὰ
406 533 493 587 ἔτι
524 530 697 605 μείζω
725 533 821 588 καὶ
852 530 1256 608 ἀξιολογώτερα
1282 539 1359 610 (l)
1390 539 1786 613 προσεκόμιζόν
1807 556 1927 592 τινα

2042 542 2149 611 lege
2170 553 2444 613 praecepta
2465 552 2645 608 erant,
2676 557 2741 596 ac
2768 541 2975 611 majora
3003 533 3254 608 quaedam
3307 540 3365 591 et
3408 533 3623 607 pretio-

301 625 422 680 τῶν
476 625 636 697 παρὰ
682 626 836 696 σφίσι
881 624 955 680 τὰ
990 627 1270 701 ἐξαίρετα.
1310 626 1629 702 Γέγραπται
1664 629 1809 702 γὰρ,
1844 630 1927 683 ὅτι

308 740 329 773 ι
371 720 489 774 Καὶ
524 721 576 773 oi
611 719 875 792 ἄρχοντες
906 722 1145 793 ἠνεγκαν
1175 726 1301 788 τοὺς
1330 722 1514 789 λίθους
1540 724 1640 796 τῆς
1670 723 1929 795 σμαράγ-

309 810 439 874 hu,
476 812 577 864 καί⁸
613 812 741 876 τοὺς
785 811 974 876 λίθους
1015 813 1114 884 τῆς
1159 812 1648 885 συμπληρώσεως,
1706 814 1786 877 είς
1828 812 1929 884 τὴν

314 901 608 972 ἐπωμίδα,
640 903 737 955 καὶ
772 900 841 955 τὸ
873 902 1088 972 λόγιον,
1125 903 1220 957 καὶ
1252 902 1353 968 τὰς
1396 900 1705 967 συνθέσεις,
1744 902 1840 955 καὶ
1869 900 1931 953 τὸ

310 997 499 1053 ἔλαιον
529 996 630 1068 τῆς
666 995 907 1069 χρίσεως
926 1037 942 1061 ,
972 996 1070 1050 καὶ
1102 996 1203 1070 τὴν
1244 996 1499 1052 σύνθεσιν
1528 995 1624 1049 τοῦ
1649 993 1931 1066 θυμιάμα-

307 1106 426 1153 τος.
466 1107 489 1142 ι
539 1082 674 1160 Ἆρ’
708 1083 801 1142 οῦν
830 1088 955 1160 οὐχὶ
995 1091 1109 1155 τοῖς
1151 1088 1331 1143 ὀπίσω
1370 1088 1545 1161 βραχὺ
1592 1087 1753 1141 ταυτὶ
1794 1078 1931 1155 συγ-

304 1182 489 1254 γενῆς
550 1182 620 1236 Ἦ
662 1181 763 1254 μὲν
809 1180 921 1253 γὰρ
966 1182 1078 1236 τῶν
1134 1182 1389 1254 μαχίμων
1434 1180 1647 1252 πληθὺς
1692 1179 1759 1233 τὲ
1829 1177 1933 1249 τῆς

304 1275 708 1348 αἰχμαλωσίας
750 1275 1155 1347 προσεκόμιζεν
1199 1276 1276 1348 τῷ
1322 1272 1480 1346 Θεῷ,
1530 1273 1672 1328 κατὰ
1711 1272 1811 1344 τὴν
1851 1271 1932 1325 δο-

308 1368 509 1424 θεῖσαν
555 1369 784 1440 ἐντολὴν
805 1411 821 1437 ,
855 1370 967 1424 ἀπὸ
997 1368 1294 1441 ἀνθρώπου
1346 1367 1455 1433 ἕως
1492 1368 1727 1439 κτήνους
1748 1381 1761 1396 ·
1790 1367 1838 1419 oi
1873 1364 1930 1419 δὲ

309 1461 606 1542 χιλίαρχοί
651 1480 713 1515 τε
757 1462 855 1517 καὶ
901 1462 1291 1533 ἑκατόνταρχοι
1334 1459 1677 1534 προσέθεσαν
1718 1456 1930 1522 τούτοις

306 1556 556 1628 χλιδῶνα
584 1556 682 1609 καὶ
718 1554 959 1626 ψέλλιον,
1006 1556 1101 1609 καὶ
1130 1554 1450 1626 ἐμπλόκιον,
1490 1552 1586 1607 καὶ
1622 1549 1929 1616 δακτύλιον,

304 1648 414 1705 καὶ
437 1647 553 1701 πᾶν
578 1646 775 1710 σκεῦος
798 1644 1040 1719 χρυσοῦν
1064 1648 1449 1719 εἰργασμένον,
1487 1644 1525 1700 ἃ
1546 1644 1643 1698 καὶ¹
1660 1644 1740 1709 είς
1760 1640 1933 1713 αὐτὴν

303 1741 417 1811 τὴν
451 1739 623 1810 ἁγίαν
664 1738 835 1793 ἐτίθει
871 1738 1079 1811 σκηνὴν
1131 1737 1398 1811 Ἐλεάζαρ
1426 1740 1456 1792 6
1498 1735 1698 1809 ἱερεύς.
1753 1736 1844 1789 Ἐν
1874 1733 1932 1788 δέ

312 1846 384 1899 γε
428 1830 651 1895 τούτοις
680 1834 714 1903 ἡ
749 1829 852 1902 μὲν
884 1834 1038 1885 πᾶσα
1064 1826 1180 1885 τῶν
1204 1830 1492 1902 ἠσηκότων
1519 1827 1731 1900 πληθὺς
1758 1825 1931 1881 ἐτέλει

2032 634 2203 699 siora,
2243 634 2406 688 exiis
2436 650 2635 705 nempe
2674 648 2797 704 qua:
2825 628 2972 703 apud
3007 646 3065 685 se
3094 627 3381 704 habebant
3428 627 3624 698 praeci—

2032 743 2163 797 pua,
2211 725 2557 782 obtulerunt.
2611 726 2893 796 Scriptum
2944 733 3029 779 est
3055 723 3237 778 enim:
3285 740 3303 772 ι
3336 718 3624 790 Principes

2032 820 2357 875 obtulerunt
2378 819 2591 889 lapides
2619 817 2915 889 smaragdi,
2949 825 3006 872 et
3038 813 3252 886 lapides
3293 811 3623 883 completio—

2031 912 2120 967 nis
2149 911 2217 966 ad
2244 909 2719 982 superhumerale,
2742 918 2800 963 et
2832 897 3122 971 rationale,
3157 915 3215 960 et
3262 902 3623 974 compositio-

2032 1021 2154 1071 nes,
2186 1016 2244 1061 et
2265 1006 2450 1060 oleum
2481 1002 2783 1067 unctionis,
2804 1010 2862 1056 et
2890 999 3350 1071 compositionem
3383 995 3625 1067 thymiao

2032 1098 2195 1154 matis
2228 1099 2292 1152 η.
2339 1116 2357 1149 ι
2394 1095 2594 1152 Annon
2633 1110 2760 1149 cum
2813 1093 2882 1148 iis
2916 1108 3039 1163 quae
3084 1093 3250 1163 paulo
3297 1099 3426 1146 ante
3476 1088 3625 1143 dicta

2034 1203 2183 1258 sunt,
2211 1193 2329 1248 haec
2349 1189 2702 1262 congruunt?
2732 1188 2871 1244 Nam
2900 1187 2993 1242 illa
3023 1186 3321 1243 multitudo
3350 1192 3625 1256 pugnato-

2034 1301 2159 1341 rum
2189 1301 2256 1340 ex
2282 1282 2466 1355 praeda
2494 1282 2609 1337 Deo
2632 1281 2856 1345 obtulit,
2900 1284 2963 1333 ut
3008 1286 3347 1349 praeceptum
3382 1285 3522 1340 erat,
3555 1271 3626 1328 ab

2032 1381 2257 1436 homine
2284 1393 2459 1450 usque
2497 1377 2563 1433 ad
2596 1391 2800 1448 pecus:
2834 1373 3051 1429 tribuni
3105 1384 3290 1429 autem
3320 1379 3377 1428 et
3426 1378 3625 1426 centu-

2033 1475 2223 1529 riones
2248 1472 2340 1527 his
2366 1472 2690 1543 adjecerunt
2740 1467 3114 1531 murenulam,
3145 1474 3204 1520 et
3242 1461 3535 1525 armillam,
3569 1468 3627 1516 et

2035 1575 2312 1636 torquem,
2343 1572 2399 1619 et
2423 1562 2712 1627 annulum,
2743 1569 2801 1616 et
2827 1574 2994 1616 omne
3026 1575 3120 1614 vas
3150 1571 3382 1613 aureum
3438 1552 3626 1608 fabre—

2032 1657 2405 1725 factum,quae
2433 1653 2601 1710 etiam
2650 1653 2709 1708 in
2744 1652 2864 1723 ipso
2904 1658 3101 1706 sancto
3129 1643 3493 1702 tabernaculo
3542 1656 3629 1696 rc-

2033 1747 2219 1820 posuit
2235 1746 2495 1802 sacerdos
2522 1745 2770 1800 Eleazar.
2826 1743 2895 1799 Et
2925 1742 3021 1797 hic
3064 1754 3280 1802 rursus,
3325 1751 3453 1791 cum
3497 1734 3628 1790 uni-

2038 1855 2197 1895 versa
2221 1837 2448 1909 quidem
2472 1837 2788 1896 adultorum
2816 1833 3120 1893 multitudo
3146 1832 3387 1887 solveret
3406 1827 3628 1892 siclum,

303 1924 375 1977 τὸ
459 1922 793 1997 δίδραχμον,
861 1923 1201 1995 προσάγουσι
1247 1922 1305 1976 δὲ
1356 1922 1522 1979 πάλιν·
1573 1924 1622 1977 oi
1672 1920 1933 1992 ἄρχοντες

2042 1931 2201 2003 133
2230 1930 2474 1986 oll‘erunt
2524 1929 2808 2001 principes
2836 1927 3050 1999 lapides
3093 1925 3302 1981 electos
3327 1920 3395 1977 ad
3424 1934 3629 1990 super-

306 2012 506 2079 λίθους
539 2015 838 2079 ἐκλεκτοὺς
858 2056 873 2080 ,
921 2017 1001 2079 είς
1044 2016 1147 2086 τὴν
1176 2015 1459 2086 ἐπωμίδα,
1509 2014 1603 2070 καὶ
1632 2012 1692 2067 τὸ
1728 2012 1931 2082 λόγιον,

306 2106 470 2180 ἅπερ
496 2110 583 2172 είς
624 2108 830 2181 κόσμον
862 2108 1140 2161 συνετέλει
1175 2107 1273 2162 τοῦ
1305 2107 1642 2180 προῦχοντος
1679 2108 1739 2161 ἐν
1776 2106 1935 2176 ἱερω-

308 2200 483 2271 σύνῃ.
520 2199 877 2271 Προσάγουσι
908 2199 1019 2271 γὰρ
1054 2200 1305 2267 ἑαυτοὺς,
1335 2202 1418 2265 είς
1453 2199 1659 2272 κόσμον
1690 2195 1932 2269 Χριστῷ,

306 2289 581 2360 καθάπερ
612 2288 769 2353 τινὰς
811 2287 997 2353 λίθους
1032 2288 1284 2360 τιμίους,
1328 2290 1378 2343 οί
1426 2288 1572 2341 λαῶν
1618 2286 1931 2360 ἡγούμενοι.

308 2357 620 2451 Τοιγάρτοι
655 2379 752 2432 καὶ
776 2379 806 2432 6
841 2357 1136 2451 προφήτής
1161 2381 1288 2444 τοὺς
1318 2378 1512 2449 ἁγίους
1534 2357 1665 2451 ἡμῖν
1699 2357 1937 2433 ἀποστό-

311 2476 451 2537 λους
478 2472 831 2544 ωταδηλῶν,
868 2490 888 2525 ι
925 2472 1099 2539 Λίθοι,
1128 2474 1315 2543 φησιν,
1355 2472 1502 2541 ἆγιοι
1535 2471 1813 2525 κυλίονται
1843 2471 1938 2524 ἐπὶ

313 2567 421 2639 τῆς
453 2567 582 2638 γῆς·
622 2587 643 2619 ι
679 2567 866 2632 ὁποῖός
894 2584 980 2632 τις
1009 2564 1079 2640 ἦν
1117 2570 1146 2622 6
1180 2567 1472 2632 θεσπέσιος
1508 2567 1746 2631 Παῦλος,
1773 2569 1802 2622 ό
1827 2565 1938 2622 ἀπὸ

333 2660 715 2735 Ἰερουσαλὴμ
763 2662 861 2716 καὶ
905 2662 1011 2726 ἕως
1049 2659 1144 2716 τοῦ
1190 2660 1487 2733 Ἰλλυρικοῦ
1526 2660 1798 2734 περιθέων
1851 2659 1939 2715 διὰ

311 2759 380 2810 τὸ
402 2746 702 2828 κήρυγμα.
737 2755 894 2827 Λ,ίοοι
927 2754 1223 2827 τοιγαροῦν
1258 2757 1307 2808 οἱ
1348 2753 1519 2826 τίμιοι
1546 2755 1642 2809 καὶ
1671 2756 1751 2818 είς
1778 2752 1939 2819 δόξαν

315 2845 568 2919 Χριστοῦ
588 2887 605 2912 ,
636 2846 745 2899 τῶν
774 2845 947 2914 ἁγίων
980 2846 1040 2899 τὸ
1073 2848 1282 2914 στῖφος.
1316 2840 1442 2898 Εἶεν
1472 2843 1521 2897 δ’
1557 2843 1624 2898 ἂν
1651 2843 1808 2898 αὐτοὶ
1842 2843 1940 2898 καὶ

314 2940 382 2994 τὸ
402 2938 591 2992 ἔλαιον
613 2937 714 3008 τῆς
750 2937 1009 3009 χρίσεως,
1047 2937 1202 3007 καὶὴ
1240 2935 1492 2999 σύνθεσις
1527 2934 1623 2989 τοῦ
1661 2934 1940 3004 θυμιάμα-

316 3047 450 3098 τος,
477 3031 583 3100 τὴν
622 3026 865 3101 Χριστοῦ
897 3027 1099 3097 γνῶσιν
1139 3025 1550 3092 εὐωδιάςοντες,
1586 3025 1701 3089 καὶ,
1735 3024 1927 3096 ὥσπερ

320 3127 382 3179 ἐν
432 3123 628 3194 ἐλαίῳ,
678 3120 1143 3183 καταπιαίνοντες
1183 3122 1305 3183 ταῖς
1354 3118 1652 3189 πανσόφοις
1689 3116 1942 3171 διδασκα-

2038 2026 2322 2082 humerale
2354 2032 2411 2079 et
2444 2023 2716 2079 rationale
2740 2018 3170 2083 conﬁciendum,
3210 2031 3334 2087 quae
3365 2012 3433 2071 ad
3475 2026 3630 2067 sum-

2037 2118 2113 2173 mi
2136 2116 2443 2172 sacerdotis
2476 2123 2867 2171 ornamentum
2892 2111 3196 2183 pertinent.
3224 2107 3363 2164 Nam
3396 2120 3455 2161 se
3482 2104 3634 2176 ipsos

2037 2211 2373 2281 populorum
2403 2208 2594 2273 duces,
2632 2214 2696 2261 ut
2735 2211 3066 2261 ornamento
3091 2202 3205 2259 sint
3228 2198 3474 2262 Christo,
3499 2211 3632 2267 per-

2037 2304 2167 2359 inde
2194 2319 2259 2358 ac
2286 2301 2501 2373 lapides
2530 2299 2802 2372 quosdam
2847 2296 3125 2367 pretiosos
3150 2292 3411 2348 oli'erunt.
3439 2289 3633 2359 Itaque

2037 2394 2330 2466 propheta,
2362 2408 2488 2447 cum
2512 2398 2732 2445 sanctos
2784 2386 3062 2458 apostolos
3114 2381 3276 2437 nobis
3324 2378 3629 2434 indicaret:

2048 2507 2066 2539 ι
2094 2486 2364 2558 Lapides,
2408 2504 2426 2538 ›
2466 2481 2678 2553 inquit,
2714 2500 2731 2531 ‹
2771 2479 2949 2535 sancti
2976 2476 3276 2532 volvuntur
3309 2482 3476 2541 super
3512 2473 3632 2521 ter-

2040 2594 2159 2633 ram
2185 2577 2253 2642 ¹³,
2281 2596 2299 2628 ι
2334 2574 2514 2647 qualis
2534 2580 2657 2629 erat
2690 2572 2889 2627 beatus
2915 2567 3142 2630 Paulus,
3168 2563 3264 2635 qui
3294 2561 3363 2617 ab
3408 2559 3635 2616 Jerusa-

2040 2669 2151 2724 lem
2194 2667 2263 2722 ad
2290 2665 2571 2739 Illyricum
2597 2677 2774 2733 usque
2808 2657 3083 2715 circuibat
3145 2650 3484 2726 praedicandi
3509 2662 3638 2721 gra-

2044 2763 2121 2817 tia
2148 2760 2217 2816 ".
2251 2757 2492 2831 Lapides
2542 2756 2713 2828 igitur
2756 2750 3010 2825 pretiosi,
3054 2756 3114 2804 et
3146 2744 3217 2802 ad
3248 2740 3640 2831 Christiuglo-

2043 2855 2181 2909 riam
2209 2828 2410 2923 parati,
2450 2856 2773 2904 sanctorum
2821 2842 3073 2898 virorum
3098 2845 3278 2893 cintus
3314 2840 3401 2888 est
3430 2848 3444 2885 :
3470 2828 3639 2884 iidem

2043 2959 2264 3016 quoque
2299 2950 2428 2997 sunt
2449 2941 2633 2996 oleum
2658 2935 2961 2999 unctionis,
2992 2940 3049 2987 et
3072 2925 3451 3002 thymiamatis
3491 2935 3643 2977 com-

2043 3015 2268 3107 positio,
2336 3049 2463 3088 cum
2516 3029 2726 3087 Christi
2776 3025 3152 3098 cognitionem
3209 3019 3363 3075 velut
3409 3015 3643 3071 odorem

2044 3127 2276 3198 spirent,
2302 3136 2359 3182 et
2385 3140 2578 3181 eorum
2604 3123 2820 3178 animos
2854 3117 2948 3189 qui
2984 3104 3262 3187 mysteriis
3291 3108 3643 3170 imbuuntur,

321 3215 469 3279 λίαις
513 3215 611 3270 καὶ
644 3217 760 3277 τοῖς
818 3213 910 3267 διὰ
951 3211 1049 3265 τοῦ
1097 3211 1421 3283 Πνεύματος
1459 3210 1638 3279 λόγοις
1689 3209 1787 3276 τὰς
1833 3209 1934 3264 τῶν

2047 3196 2300 3274 doctrina
2354 3227 2412 3273 et
2464 3213 2641 3270 sancti
2681 3210 2923 3295 Spiritus
2951 3206 3138 3262 verbis
3194 3210 3455 3271 tanquam
3519 3196 3644 3250 oleo

327 3304 887 3381 μυσταγωγουμένων
913 3303 1115 3376 ψυχάς.
1158 3302 1422 3356 Σύνθετον
1464 3301 1521 3356 δὲ
1553 3302 1614 3355 τὸ
1665 3301 1938 3374 θυμίαμα’

326 3401 677 3458 συντέθειται
716 3398 829 3469 γὰρ
879 3400 915 3471 ἡ
970 3398 1101 3468 περὶ
1139 3396 1383 3470 Χριστοῦ
1420 3393 1625 3466 γνῶσις
1666 3397 1732 3448 ἐκ
1772 3393 1940 3459 δυοῖν,

2044 3313 2366 3386 pinguiorcs
2393 3310 2652 3367 reddant.
2686 3306 2748 3363 Id
2771 3292 2904 3361 vero
2934 3302 3235 3375 thymiama
3264 3292 3640 3366 compositum

2045 3415 2194 3473 erat;
2232 3404 2323 3461 illa
2357 3418 2598 3475 namque
2664 3400 2733 3456 de
2764 3397 2988 3455 Christo
3046 3385 3289 3465 cognitio
3343 3385 3647 3458 composita

324 3497 475 3568 ἥπερ
503 3494 658 3547 ἐστὶν
692 3493 750 3546 ἐν
786 3488 972 3560 ταύτῷ
1018 3489 1152 3554 Θεὸς
1192 3490 1291 3545 καὶ⁵
1320 3488 1627 3562 ἄνθρωπος·
1686 3488 1825 3562 πλὴν
1862 3484 1934 3553 εἷς

2046 3517 2115 3556 ex
2139 3499 2361 3554 duobus
2386 3504 2474 3553 est
2508 3514 2521 3549 :
2567 3494 2716 3550 idem
2746 3507 2985 3561 namque
3004 3490 3154 3545 Deus
3210 3494 3266 3540 et
3295 3484 3463 3538 homo
3511 3485 3597 3536 est
3627 3496 3642 3545 ;

328 3587 390 3652 ἐξ
411 3586 643 3658 ἀμφοῖν,
668 3583 786 3649 υἱὸς
815 3584 912 3638 καί
935 3582 1195 3655 Χριστὸς,
1223 3581 1361 3652 πρὸς
1393 3580 1453 3636 ὃν
1476 3580 1693 3655 εἴρηταί
1715 3599 1819 3636 που
1850 3582 1934 3636 καὶ

2048 3608 2194 3649 unus
2228 3599 2415 3645 tamen
2453 3604 2523 3644 ex
2550 3595 2790 3658 utroque
2821 3583 2970 3638 ﬁlius
3013 3592 3181 3651 atque
3230 3575 3507 3638 Christus,
3554 3570 3644 3627 cui

328 3678 468 3750 πρός
509 3693 577 3746 γε
609 3675 771 3748 ἡμῶν
815 3673 1035 3729 αὐτῶν·
1097 3691 1117 3725 ι
1165 3672 1356 3745 Μόρον
1406 3673 1713 3728 ἐκκενωθὲν
1758 3674 1934 3747 ὄνομα

2048 3696 2201 3742 certe
2232 3684 2446 3739 dictum
2481 3690 2590 3748 est,
2633 3689 2692 3736 et
2744 3678 2969 3752 quidem
2996 3674 3215 3730 anobis
3260 3669 3429 3742 ipsis:
3486 3686 3505 3719 ι
3528 3665 3645 3723 Un-

333 3785 438 3826 am"
489 3787 509 3820 ι
2048 3786 2313 3851 guentum
2338 3774 2681 3832 exinanitum
2704 3786 2910 3829 nomen
2941 3776 3100 3824 tuum
3130 3765 3197 3818 ".
3231 3784 3249 3816 ι

400 3860 620 3915 ΠΑᾹΛ.
680 3858 774 3913 Ἔν
819 3855 1111 3927 ἐπισκέψει
1151 3854 1215 3930 δὴ
1248 3851 1343 3911 οὖν
1390 3860 1457 3930 τῇ
1507 3860 1660 3931 παρὰ
1693 3858 1834 3931 Θεῷ,
1884 3860 1947 3913 τὺ

338 3952 585 4026 μάχιμόν
617 3968 679 4005 τε
706 3951 805 4005 καὶ
835 3947 1132 4021 εὔρωστον,
1168 3944 1230 4003 οὗ
1269 3951 1366 4006 καὶ
1392 3952 1420 4005 6
1442 3952 1678 4025 καρπὸς,
1720 3953 1934 4025 Ἐκκλη-

2049 3965 2331 4037 gnandum
2354 3961 2469 4033 apti
2496 3975 2561 4014 ac
2590 3958 2737 4013 ﬁrmi
2763 3966 2913 4023 sunt,
2945 3967 3187 4025 quorum
3214 3948 3383 4005 etiam
3428 3946 3651 4001 fructus

335 4049 465 4105 σιῶν
498 4048 802 4117 σύστασις,
851 4049 1050 4104 καὶτὰ
1084 4051 1165 4113 είς
1212 4049 1374 4115 δόξαν
1417 4049 1575 4106 Θεοῦ.
1619 4052 1783 4106 Τουτὶ
1835 4051 1934 4124 γὰρ

2049 4036 2135 4113 est
2163 4054 2534 4111 Ecclesiarum
2566 4048 2912 4112 constitutio,
2946 4052 3003 4101 et
3031 4058 3156 4114 quae
3195 4042 3265 4097 ad
3292 4038 3524 4112 gloriam
3550 4036 3650 4091 Dei

333 4144 469 4227 ἡμῖν
500 4142 768 4214 ἐμφαίνει
807 4141 879 4201 τὰ
909 4142 1266 4215 θεωρήματα.

2050 4149 2350 4218 pertinent.
2387 4147 2445 4201 Id
2473 4145 2625 4202 enim
2677 4141 2980 4211 Scriptum
3006 4137 3126 4192 loca
3163 4133 3231 4189 ad
3262 4129 3649 4200 contemplan-

2050 4243 2183 4297 dum
2218 4237 2501 4310 proposita
2527 4249 2642 4306 pne
2676 4247 2736 4288 se
2758 4232 2907 4287 ferre
2935 4228 3219 4284 videntur.

2106 4333 2279 4389 'CYR.
2326 4331 2495 4385 Recte
2523 4325 2684 4383 dicis.
2715 4324 2936 4380 Sortem
2967 4336 3104 4377 vero
3158 4317 3436 4388 insignem
3481 4321 3651 4383 atque

336 4417 623 4489 ἐξαίρετος
644 4458 659 4479 ,
694 4417 791 4470 καὶ
818 4417 881 4470 τό
913 4433 979 4486 γε
1017 4417 1083 4488 δὴ
1117 4418 1315 4488 χρῆναι
1359 4417 1561 4482 παντὸς
1603 4417 1812 4489 ἀγαθοῦ
1850 4437 1934 4491 με·

2052 4424 2407 4497 praecipuam,
2467 4426 2524 4474 et
2555 4415 2739 4473 omnis
2784 4412 2917 4468 boni
2965 4405 3530 4465 communicationem
3584 4401 3655 4471 iis

335 4512 601 4582 ταλαχεῖν
622 4552 635 4573 ,
667 4512 784 4576 τοῖς
816 4509 993 4574 οὕτως
1022 4510 1337 4581 εὐδοκιμεῖν
1377 4509 1625 4565 εἰωθόσιν
1670 4513 1934 4584 ἁπονεμη·

2052 4496 2149 4588 qui
2178 4517 2255 4571 ita
2281 4511 2503 4585 egregie
2527 4525 2586 4566 se
2613 4522 2809 4580 gerere
2842 4503 2992 4560 soliti
3021 4502 3153 4567 sint,
3185 4515 3215 4554 a
3240 4499 3355 4553 Deo
3400 4496 3655 4552 tribuen-

337 4603 574 4675 θήσεται
610 4602 765 4674 παρὰ
796 4599 955 4666 Θεοῦ,
991 4600 1109 4666 πῶς
1145 4601 1212 4655 ἂν
1239 4601 1273 4674 ἢ
1312 4601 1476 4655 πόθεν
1504 4602 1800 4658 ἐνδοιάσειέ
1830 4621 1934 4670 τις;

2055 4614 2180 4666 dum
2208 4623 2353 4673 esse,
2381 4603 2662 4678 quomodo
2714 4610 2813 4657 aut
2871 4599 3151 4654 undenam
3183 4591 3464 4663 ambigere
3502 4589 3647 4659 quis:

409 4323 583 4377 ΚΥΡ.
641 4320 853 4395 Ὀρθῶς
890 4321 1046 4393 ἔφης,
1080 4322 1300 4396 κλῆρος
1332 4322 1390 4376 δὲ
1437 4324 1519 4376 ὅτι
1557 4324 1812 4397 λαμπρὸς
1854 4326 1949 4380 καὶ

341 4698 417 4750 Ἠ
436 4697 542 4750 οὐκ
562 4696 777 4758 ἐπαϊεις
804 4693 1284 4765 ἀναμελωδοῦντος
1306 4694 1407 4766 μὲν
1428 4695 1521 4749 τοῦ
1547 4697 1732 4751 Δαϐίδ·
1758 4716 1777 4747 ‹
1808 4699 1851 4751 Τ
1854 4701 1934 4765 οὺς

2057 4702 2203 4774 piam
2233 4699 2476 4772 poterit?
2518 4697 2603 4761 An
2634 4704 2693 4749 tu
2748 4692 2978 4749 minime
3009 4687 3239 4745 exaudis
3268 4684 3656 4740 concinentem

337 4790 547 4851 πόνους
571 4788 684 4841 τῶν
711 4786 944 4859 καρπῶν
976 4803 1068 4840 σου
1102 4787 1378 4857 φάγεσαι;
1411 4807 1429 4839 ι
1463 4790 1558 4844 καὶ
1590 4790 1696 4862 μὴν
1721 4790 1819 4845 τοῦ
1857 4810 1934 4846 σο-

2056 4793 2254 4850 David:
2280 4811 2298 4844 ι
2322 4791 2566 4846 Labores
2593 4801 2855 4842 manuum
2873 4793 3095 4839 tuarum
3124 4775 3489 4835 manducabis
3511 4774 3604 4831 “2'
3631 4796 3648 4824 ι

339 4880 445 4952 φοῦ
499 4880 598 4934 καὶ
656 4878 806 4951 ίεροῦ
867 4879 1178 4951 γράφοντος
1238 4878 1454 4933 Παύλου
1479 4896 1494 4910 σ
1541 4900 1560 4937 ‹
1619 4884 1684 4937 “0
1732 4883 1843 4961 γὰρ
1880 4884 1934 4939 ἅτ

2056 4886 2288 4942 Paulum
2321 4884 2454 4938 item
2489 4879 2796 4951 sapientem
2833 4875 2992 4932 illum
3029 4881 3197 4943 atque
3229 4884 3449 4926 sacrum
3472 4866 3655 4921 virum

340 4976 551 5046 σπείρῃ
586 4971 897 5046 ἅνθρωπος,
926 4971 1088 5027 τοῦτο
1122 4974 1217 5035 καὶ
1253 4972 1494 5046 θερίσει;
1535 4995 1554 5028 ι
1817 4957 1820 4961 ’

2054 4981 2132 5035 ita
2200 4978 2573 5034 scribentem:
2619 4993 2636 5025 ι
2674 4971 2834 5040 Quod
2888 4969 3040 5025 enim
3092 4960 3451 5022 seminaverit
3505 4957 3654 5030 quis,

2056 5075 2163 5132 hoc
2191 5079 2247 5128 et
2269 5077 2439 5126 metet
2467 5068 2549 5122 '7?
2583 5087 2602 5120 ι

416 5152 633 5209 ΠᾹΛΛ.
682 5150 1021 5226 Ἐπυθόμην.

2128 5165 2328 5221 PALL.
2371 5162 2554 5218 Audio
2597 5176 2751 5215 sane.

414 5247 585 5309 ΚΥΡ.
638 5246 964 5319 Ἀνδριεῖται
998 5246 1111 5319 γάρ
1147 5262 1234 5312 τις
1287 5246 1389 5302 οὐκ
1431 5247 1648 5319 ἀμισθὶ,
1695 5251 1788 5304 καὶ
1832 5251 1927 5306 ἔστ

2126 5254 2286 5310 CYR.
2324 5254 2517 5323 Neque
2561 5250 2711 5305 enim
2750 5247 3049 5319 quisquam
3106 5257 3165 5297 se
3219 5238 3441 5295 fortiter
3474 5246 3651 5309 geret,

336 5355 450 5394 mu
497 5340 722 5404 πάντως
768 5338 978 5412 ἀληθὴς
1016 5340 1046 5393 6
1094 5338 1301 5409 λέγων’
1345 5358 1365 5392 ι
1425 5342 1502 5396 Οὐ
1540 5341 1649 5415 γὰρ
1700 5343 1885 5409 ἄδικος
1920 5348 1934 5399 ί

2057 5346 2207 5402 nulla
2241 5346 2500 5401 mercede
2533 5343 2851 5415 proposita;
2893 5346 3087 5408 estque
3114 5334 3234 5390 sine
3268 5332 3440 5388 dubio
3489 5349 3656 5403 veras

334 5433 500 5500 Θεὸς,
536 5432 897 5489 ἐπιλαθέσθαι
929 5432 1024 5487 τοῦ
1056 5432 1229 5487 κόπου
1261 5432 1417 5506 ὑμῶν
1449 5437 1545 5489 καὶ
1571 5437 1669 5508 τῆς
1702 5437 1934 5511 ἀγάπηςἸ

2055 5439 2286 5494 omnino
2316 5438 2412 5509 qui
2442 5438 2521 5493 ait
2547 5455 2561 5490 :
2600 5456 2618 5488 ι
2644 5435 2834 5506 Neque
2863 5432 3012 5488 enim
3072 5428 3313 5500 injustus
3347 5435 3439 5482 est
3483 5425 3649 5489 Deus,

333 5523 412 5600 ἦς
460 5524 803 5592 ἐνεδείξασθε
851 5527 934 5591 εἰς
969 5526 1033 5579 τὸ
1063 5525 1237 5597 ὄνομα
1288 5528 1477 5582 αὐτοῦ.
1532 5548 1551 5580 ι
1591 5530 1934 5604 Ἑπιλήσεταε

2057 5540 2119 5587 ut
2151 5532 2514 5589 obliviscatur
2551 5528 2757 5583 laboris
2788 5524 2978 5589 vestri,
3012 5532 3071 5578 ct
3099 5520 3436 5585 dilectionis,
3486 5535 3653 5590 quam

414 5645 462 5676 ”
502 5664 675 5720 Exod.
726 5680 887 5731 xxxv,
917 5663 1007 5729 ‘27,
1075 5665 1164 5720 28.

342 5735 391 5767 ”
418 5736 602 5791 Galat.
638 5751 716 5801 vt,
758 5736 810 5788 8.

1273 5665 1318 5698 ⁸³
1347 5665 1575 5727 Zachar.
1630 5688 1703 5740 Ix,
1765 5674 1850 5730 lli.
1958 5675 2004 5707 "'
2038 5675 2196 5730 Rom.
2250 5690 2339 5739 xv,
2383 5671 2468 5727 l9.
2581 5671 2628 5702 "
2658 5668 2814 5725 Cant.
2850 5684 2888 5732 ι,
2915 5667 2971 5721 2.
3084 5663 3131 5695 "
3166 5662 3307 5719 Psal.
3359 5677 3556 5727 exnu,
3596 5660 3650 5730 εἰ,

418 5877 503 5956 (1)
532 5879 670 5945 Cod.
700 5880 843 5945 \'ul.,
873 5876 1199 5959 τελεώτερα,
1242 5878 1582 5951 perfectiora.

2118 3870 2317 3928 PALL.
2344 3870 2405 3925 ln
2436 3867 2782 3938 inspectione
2813 3864 2982 3937 igitur
3013 3861 3112 3917 Dei
3147 3866 3277 3914 sunt
3312 3854 3409 3927 qui
3444 3852 3511 3909 ad
3549 3868 3650 3923 pu-
3756 3924 3761 3929 δ
