4096 6446
459 368 565 425 547

1466 374 1523 429 S.
1580 373 1858 431 CYRILLI
1898 378 2374 437 ALEXANDRINI
2412 382 2736 443 ARCHIEP.

3625 384 3727 441 548

458 487 779 544 ostendistis
806 488 863 543 in
885 504 1085 544 nomen
1135 489 1256 560 ejus
1290 489 1359 541 ".
1389 508 1405 539 ι
1446 489 1625 560 Atque
1658 490 1749 546 ille
1805 493 2031 564 quidem

2148 496 2236 567 μὲν
2265 498 2466 569 ἥκιστά
2491 517 2578 568 γε,
2608 500 2857 572 διανεμεῖ
2886 501 2943 556 δὲ
2971 501 3054 555 ὅτι
3081 499 3202 556 ’τῶν
3246 501 3425 556 πόνων
3461 500 3531 555 τὰ
3569 502 3725 576 γέρα,

461 582 691 636 minime
749 580 1144 646 obliviscetur;
1181 579 1300 633 fore
1339 587 1523 633 autem
1573 588 1633 636 ut
1681 581 1749 636 iis
1786 582 2038 639 laborum

460 675 686 743 praemia
726 672 953 735 tribuat,
984 673 1077 742 qui
1106 672 1274 726 animi
1301 672 1623 742 languorem
1654 673 1722 728 ad
1752 684 2041 746 peccatum

460 766 852 834 perducentem
885 764 1217 833 superarint,
1252 771 1575 834 argumento
1605 773 1733 819 sunt
1761 782 1826 821 ea
1845 780 2041 824 rursus

461 872 583 923 qua:
606 856 807 925 scripta
834 863 963 909 sunt
990 854 1044 908 in
1069 855 1355 910 Numeris:
1406 874 1423 906 ι
1449 854 1521 909 Ει
1542 855 1766 912 locutus
1797 866 1883 913 est
1936 860 2043 914 Do-

462 949 644 1002 minus
677 949 746 1003 ad
793 949 1016 1020 Moysen
1045 956 1102 1003 et
1157 949 1486 1004 Eleazarum
1551 950 1919 1016 sacerdotem,
1956 952 2043 1007 di-

460 1056 622 1094 cens:
648 1041 892 1111 Accipite
914 1058 1182 1096 summam
1208 1046 1387 1098 omnis
1411 1045 1855 1119 congregationis
1878 1045 2044 1101 Israel

469 1148 499 1185 a
523 1133 718 1203 viginti
749 1135 909 1189 annis
943 1143 999 1190 ct
1027 1152 1213 1207 supra,
1246 1139 1410 1211 134
1438 1156 1538 1211 per
1586 1141 1778 1195 dumos
1812 1138 2045 1194 familia-

461 1239 585 1278 rum
654 1226 902 1296 ipsorum
941 1246 952 1282 :
997 1232 1179 1285 omnis
1222 1232 1317 1301 qui
1363 1232 1644 1303 egreditur
1689 1231 1756 1286 ad
1793 1245 2046 1301 pugnan-

458 1316 589 1371 dum
628 1319 681 1373 in
726 1320 890 1376 Israel
917 1323 982 1374 ’⁸.
1016 1342 1034 1373 ›
1061 1322 1299 1389 Deinde,
1332 1323 1475 1380 facta
1504 1323 1918 1379 enumeratione
1951 1338 2052 1393 per

459 1410 696 1479 populos
730 1421 787 1466 et
823 1414 1022 1478 tribus,
1054 1414 1223 1470 infert
1256 1417 1458 1471 iterum
1494 1435 1508 1472 :
1555 1438 1572 1468 ι
1598 1418 1667 1473 Ει
1705 1417 1924 1472 locutus
1970 1424 2055 1471 est

457 1504 729 1560 Dominus
753 1506 822 1561 ad
877 1507 1124 1579 Moysen,
1166 1510 1356 1566 dicens
1382 1530 1394 1564 :
1417 1511 1515 1567 His
1546 1511 1908 1567 distribuetur
1936 1518 2052 1564 ter-

458 1612 540 1657 ra.
568 1607 630 1653 ut
663 1615 785 1653 eam
844 1601 1161 1670 possideant
1194 1618 1260 1657 ex
1300 1620 1536 1659 numero
1569 1606 1890 1659 nominum:
1926 1603 2049 1673 plu-

458 1688 615 1744 ribus
655 1692 915 1760 majorem
952 1693 1336 1750 hazreditatem
1374 1696 1553 1760 dabis,
1590 1702 1647 1751 et
1697 1694 2054 1766 paucioribus

457 1780 733 1836 minorem
785 1783 944 1839 dabis
991 1786 1375 1842 haareditatem
1434 1786 2053 1858 ipsorumzunieuique,

2141 594 2253 654 τοῖς
2281 592 2538 664 ἀνωτέρω
2574 595 2942 666 μαλακισμοῦ,
2972 595 3066 649 τοῦ
3097 594 3525 660 καταϐιάζοντος
3557 597 3635 660 είς
3666 598 3727 651 τὸ

2143 678 2509 749 πλημμελὲς..
2540 683 2949 756 πληροφορήσει
3002 684 3164 739 πάλιν
3205 685 3276 739 τά
3323 689 3381 739 ὲν
3422 687 3535 750 τοῖς
3578 686 3727 756 Ἀρι-

2145 766 2300 838 θμοίς
2322 774 2705 844 γεγραμμένα’
2736 793 2755 827 ι
2787 776 2896 830 Kal
2917 775 3149 846 ὲλάλησε
3168 776 3372 847 Κύριος
3399 778 3536 847 πρὸς
3554 776 3728 847 Μωσῆ

2133 862 2240 915 ’καὶ
2309 863 2572 936 Ἐλεάζαρ
2624 866 2716 921 τὸν
2765 867 2913 939 ἱερέα
2961 868 3135 937 λέγων
3157 887 3168 899 ·
3204 868 3352 922 Λάϐε
3401 868 3501 939 τὴν
3556 867 3730 939 ἀρχὴν

2146 952 2325 1024 πάσης
2353 957 2674 1026 συναγωγῆς
2700 956 2831 1011 υἱῶν
2869 959 3106 1030 Ἰσραὴλ,
3130 960 3239 1013 ἀπὸ
3268 957 3613 1022 είκοσαετοῦς
3636 959 3732 1012 καὶ

2146 1044 2351 1111 ἐπάνω,
2379 1046 2501 1100 κατ’
2523 1047 2702 1111 οῐκους
2730 1049 2977 1120 πατριῶν
3002 1050 3204 1103 αὐτῶν⁵
3250 1051 3357 1112 πᾶς
3380 1050 3409 1101 6
3437 1049 3734 1120 ἐκπορευό-

2150 1152 2311 1205 μενος
2359 1138 2774 1207 παρατάξασθαι
2816 1141 2874 1193 ὲν
2918 1139 3155 1211 Ἰσραήλ.
3200 1158 3217 1191 ι
3257 1137 3391 1193 Εἶτα
3435 1138 3737 1210 γενομένης

2148 1226 2248 1297 τῆς
2287 1226 2715 1301 ἀπαριθμήσεως
2754 1230 2895 1285 κατὰ
2925 1231 3152 1303 δήμους,
3208 1232 3304 1284 καὶ
3336 1230 3478 1284 κατὰ
3523 1230 3735 1300 φυλὰς,

2151 1320 2401 1391 ἐπιφέρει
2432 1321 2612 1377 πάλιψ
2652 1341 2670 1375 ι
2708 1323 2818 1378 Kal
2849 1323 3079 1395 ὲλάλησε
3120 1323 3325 1394 Κύριος
3358 1323 3493 1395 πρὸς
3534 1321 3737 1392 Μωσῆ.

2149 1411 2352 1480 λέγων’
2399 1413 2623 1480 Τούτοις
2657 1415 3048 1488 μερισθήσεται
3081 1417 3115 1487 ἡ
3146 1417 3217 1485 γῆ
3268 1415 3625 1487 κληρονομεῖν
3674 1414 3745 1479 ἐξ

2153 1503 2385 1575 ἀριθμοῦ
2416 1507 2694 1575 ὀνομάτων
2713 1523 2729 1540 ο
2760 1510 2872 1572 τοῖς
2901 1508 3112 1562 πλείοσι
3144 1509 3458 1571 πλεονάσεις
3484 1507 3591 1578 τὴνι
3609 1506 3746 1578 κλη-

2158 1597 2431 1667 ρονομίαν,
2453 1598 2678 1662 καὶτοῖς
2698 1599 2974 1654 ἐλάττοσιν
2995 1599 3321 1664 ἐλαττώσεις
3348 1600 3448 1672 τὴν
3475 1600 3745 1670 κληρονο-

2159 1686 2286 1756 μίαν
2337 1689 2542 1743 αὐτῶνο
2574 1691 2818 1762 ἑκάστῳ,
2849 1691 3032 1755 καθὼς
3058 1692 3481 1763 ὲπεσκέπησαν,
3512 1691 3748 1762 δοθήσε-

2155 1795 2244 1831 ται
2275 1778 2309 1848 ή
2331 1779 2664 1851 κληρονομία
2698 1782 2909 1848 αὐτῶν,
2940 1783 3047 1837 άνά
3080 1785 3248 1855 μέσον
3277 1783 3486 1837 πολλῶν
3514 1782 3608 1837 καὶ
3630 1783 3747 1836 ὀλί-

458 1871 601 1925 sicut
631 1875 887 1930 recensiti
904 1884 1051 1942 sunt,
1072 1878 1296 1932 dabitur
1319 1878 1618 1933 haereditas
1650 1893 1844 1934 eorum
1877 1897 1889 1931 :
1914 1876 2044 1949 [per

2148 1885 2276 1938 γων.
2313 1890 2331 1923 ι
2363 1873 2473 1924 Kal
2506 1872 2668 1943 νόμος
2703 1874 2802 1945 μὲν
2831 1868 2987 1940 οὗτος
3017 1874 3109 1928 ὲπί
3141 1892 3205 1942 γε
3233 1875 3294 1927 τὸ
3315 1875 3515 1946 χρῆναι
3546 1873 3747 1945 κληρο-

457 1971 636 2018 sortes
665 1965 949 2021 dividetur
970 1977 1117 2022 terra
1152 1970 1507 2036 nominibus;
1538 1985 1639 2040 per
1665 1969 1841 2023 tribus
1884 1968 2044 2023 fami-

455 2054 655 2109 liarum
689 2072 909 2114 suarum
941 2059 1321 2116 haereditatem
1346 2069 1788 2131 consequentur:
1813 2076 1880 2115 ex
1897 2068 2044 2116 sorte

457 2145 670 2201 divides
698 2148 1075 2204 haereditatem
1117 2152 1362 2221 ipsorum
1396 2150 1517 2224 (1)]
1565 2150 1710 2206 inter
1761 2152 1964 2207 multos
1990 2159 2046 2207 et

455 2251 659 2306 paucos
677 2239 740 2292 ³ο.
766 2258 784 2289 ι
808 2238 986 2310 Atque
1013 2240 1129 2295 haec
1152 2241 1373 2311 quidem
1393 2242 1476 2296 lex
1495 2252 1598 2307 est,
1622 2258 1729 2311 qua
1750 2251 1897 2297 sorte
1916 2257 2046 2312 pos-

454 2329 656 2383 sessuri
689 2339 850 2385 erant
876 2330 1253 2386 haereditatem
1286 2333 1325 2386 ii
1347 2332 1442 2402 qui
1466 2348 1670 2387 annum
1695 2335 1805 2404 jam
1840 2332 2045 2403 vigesi-

454 2435 605 2474 mum
627 2429 869 2492 agerent.
895 2424 1027 2477 Post
1056 2424 1436 2480 reoensionem
1461 2426 1628 2495 igitur
1656 2425 1897 2495 vulgaris
1930 2434 2046 2480 tur-

453 2509 556 2577 ba,
598 2528 770 2582 genus
799 2512 1107 2568 Leviticum
1137 2524 1393 2570 numerat
1419 2534 1432 2569 :
1472 2535 1490 2567 ι
1520 2516 1590 2570 Ει
1620 2514 1739 2579 ﬁlii,
1782 2534 1801 2567 ι
1834 2515 2033 2585 inquit,

354 2680 355 2683 η
463 2619 482 2651 ι
508 2600 641 2655 Levi
678 2618 777 2671 per
803 2603 1038 2673 pepulos
1068 2620 1263 2659 eorum
1294 2623 1307 2658 :
1332 2604 1545 2661 Gerson
1578 2606 1815 2676 populus
1843 2604 2047 2661 Gerso-

452 2692 722 2757 nitarum,
755 2693 926 2748 Caath
948 2695 1188 2765 populus
1218 2695 1622 2762 Caathitarum,
1647 2696 1846 2751 Merari
1867 2712 2044 2767 p0pu-

456 2783 544 2838 lus
577 2784 964 2840 Meraritarum
992 2805 1005 2840 :
1039 2787 1098 2841 hi
1144 2786 1333 2858 populi
1362 2787 1601 2843 ﬁliorum
1648 2787 1780 2843 Levi
1805 2788 1869 2843 “.
1903 2807 1921 2840 ›
1954 2788 2047 2843 In-

456 2880 543 2926 ter
562 2873 698 2937 haec,
729 2891 853 2930 eum
901 2892 1075 2947 genus
1110 2878 1282 2949 Moysi
1324 2886 1381 2933 et
1412 2877 1598 2933 Aaron
1656 2879 2044 2943 recensuisset,

457 2961 626 3017 infert
648 2964 848 3019 iterum
882 2966 949 3021 de
984 2966 1113 3022 ﬁliis
1147 2967 1318 3021 Levi:
1358 2986 1376 3018 ι
1402 2968 1473 3022 Et
1504 2966 1733 3023 fuerunt
1754 2982 1822 3023 ex
1848 2982 2044 3022 recen-

456 3050 612 3106 sione
631 3067 827 3107 eorum
842 3055 943 3108 tria
965 3054 1227 3127 etviginti
1265 3055 1438 3110 millia
1459 3072 1472 3109 :
1496 3071 1658 3111 omne
1677 3056 2047 3111 masculinum

455 3142 525 3197 ab
560 3159 668 3198 uno
689 3160 875 3201 mense
903 3153 959 3200 et
982 3162 1177 3217 supra:
1200 3163 1311 3202 non
1335 3146 1485 3201 enim
1511 3147 1897 3202 connumerati
1917 3154 2047 3202 sunt

456 3233 514 3289 in
550 3233 681 3290 ﬁliis
708 3236 877 3291 Israel
902 3254 917 3303 ;
955 3237 1085 3307 quia
1113 3254 1226 3293 non
1244 3246 1331 3294 est
1361 3239 1444 3294 eis
1474 3238 1602 3294 data
1627 3254 1749 3295 sors
1774 3239 1831 3294 in
1862 3239 2047 3295 medio

458 3324 701 3380 ﬁliorum
732 3326 924 3383 Israel.
966 3328 1036 3384 Et
1085 3328 1203 3385 haec
1233 3331 1547 3386 numeratio
1575 3331 1777 3403 Moysis
1795 3316 1855 3388 et
1882 3333 2048 3388 Elea-

458 3430 553 3470 zar
580 3416 908 3484 sacerdotis,
959 3419 1055 3489 qui
1093 3432 1530 3478 numeraverunt
1590 3421 1732 3479 ﬁlios
1780 3424 1948 3480 Israel
1988 3424 2045 3479 in

454 3506 704 3564 Araboth
732 3511 911 3577 Moab,
941 3512 996 3567 in
1019 3512 1279 3581 Iordane,
1310 3525 1498 3572 contra
1519 3517 1761 3573 Iericho.
1792 3518 1861 3574 Et
1882 3518 1936 3572 in
1959 3519 2049 3575 his

454 3613 567 3654 non
601 3612 723 3655 erat
752 3601 919 3658 homo
945 3620 1014 3659 ex
1047 3605 1116 3661 iis
1160 3607 1256 3677 qui
1289 3609 1567 3664 numerati
1587 3609 1812 3665 fuerant
1842 3627 1873 3666 a
1901 3612 2052 3685 Moy-

454 3707 515 3749 se
538 3701 594 3746 et
630 3692 832 3760 Aaron,
867 3712 1006 3767 quos
1029 3707 1466 3755 numeraverunt
1498 3702 1640 3757 ﬁlios
1666 3702 1835 3758 Israel
1862 3702 1920 3758 in
1945 3703 2044 3758 de-

454 3796 605 3843 serto
633 3788 950 3861 Sina;quia
1003 3791 1434 3849 dixitDominus
1490 3795 1870 3864 ipsiszMorte
1922 3810 2046 3851 mo-

2146 1964 2330 2033 νομεῖν
2359 1963 2488 2026 τοὺς
2525 1964 2585 2018 τὸ
2616 1966 2862 2020 εἰκοστὸν
2885 1967 2992 2037 ἠδη
3018 1966 3303 2038 τρίϐοντας
3332 1966 3470 2030 ἔτος.
3497 1966 3652 2020 Μετὰ
3676 1965 3746 2020 δέ

2146 2068 2209 2120 γε
2239 2053 2331 2105 τὸν
2369 2054 2694 2125 ἐκλογισμὸν
2723 2057 2821 2127 τῆς
2840 2056 3095 2125 ἀγελαίου
3118 2057 3357 2127 πληθύος
3376 2095 3389 2120 ,
3412 2057 3747 2127 ὲπαριθμεῖ-

2146 2158 2235 2194 ται
2260 2141 2322 2195 τὸ
2346 2142 2499 2211 γένος
2527 2143 2588 2196 τὸ
2611 2144 2914 2198 Λευῖτικόν·
2947 2163 2963 2196 ι
2989 2145 3099 2198 Kal
3114 2145 3162 2197 οί
3185 2142 3345 2207 υἱοὶ,›
3380 2143 3566 2212 φησὶν,
3590 2161 3609 2194 ι
3640 2141 3749 2195 τοῦ

2145 2233 2278 2288 Λευῒ
2305 2235 2447 2289 κατὰ
2475 2236 2681 2309 δήμους
2717 2236 2897 2290 αὐτῶν
2934 2236 3012 2308 τῷ
3052 2235 3300 2304 Γεδσὼν,
3340 2234 3512 2306 δῆμος
3546 2236 3574 2289 6
3616 2232 3753 2289 Γεδ-

2149 2329 2299 2393 σωνὶ,
2326 2327 2404 2399 τῷ
2435 2329 2590 2382 Καάθ
2611 2373 2625 2393 ,
2656 2330 2828 2400 δῆμος
2857 2331 2884 2383 6
2918 2328 3120 2393 Κααθὶ,
3161 2328 3239 2398 τῷ
3272 2329 3495 2398 Μεραρὶ
3514 2366 3530 2391 ,
3562 2327 3752 2398 δῆμος

2147 2419 2175 2472 6
2200 2421 2443 2491 Μεραρί·
2472 2414 2617 2475 οὗτοι
2644 2421 2805 2492 δῆμοι
2845 2421 2975 2473 υἱῶν
3005 2420 3158 2474 Λευῒ.
3193 2438 3211 2471 ι
3247 2418 3359 2471 Kal
3401 2416 3606 2488 μεταξὺ
3639 2433 3709 2486 γε
3730 2446 3750 2458 -

2147 2511 2481 2583 νεαλογήσας
2526 2512 2770 2576 Μωσέως
2815 2529 2876 2566 τε
2910 2512 3038 2584 πέρι
3077 2512 3171 2566 καὶ
3212 2510 3445 2583 Ἀαρὼν,
3486 2509 3751 2580 ἐπιφέρει

2148 2603 2311 2655 πάλιν
2357 2603 2487 2673 περὶ
2529 2604 2638 2657 τῶν
2670 2603 2804 2658 υἱῶν
2844 2604 3009 2658 Λευϊ·
3050 2624 3068 2656 ι
3130 2603 3242 2657 Kal
3287 2600 3626 2673 ἐγενήθησαν
3676 2599 3752 2665 ἐξ

2148 2693 2489 2763 ἐπισκέψειιις
2534 2693 2713 2747 αὐτῶν
2760 2697 2911 2766 τρεῖς
2963 2694 3058 2748 καὶ
3105 2692 3277 2747 εἴκοσι
3319 2691 3591 2763 χιλιάδες,
3627 2690 3751 2743 πᾶν

2147 2783 2436 2854 ἀρσενικὸν
2468 2784 2575 2838 ἀπὸ
2612 2785 2862 2854 μηνιαίου
2892 2784 2986 2837 καὶ
3012 2784 3196 2838 ἐπάνω
3217 2801 3230 2813 ·
3280 2783 3342 2836 οὐ
3389 2785 3497 2853 γὰρ
3546 2796 3754 2834 συνεπ-

2148 2876 2461 2944 εσκέπησαν
2490 2876 2549 2927 ὲν
2565 2879 2676 2938 τοῖς
2689 2876 2823 2938 υἱοῖς
2848 2875 3093 2953 Ἰσραήλἱ
3108 2874 3217 2927 Kal
3241 2873 3429 2944 αὖτηή
3451 2870 3753 2940 ἐπίσκεψις

2148 2965 2322 3036 Μωσῆ
2351 2967 2446 3018 καὶ
2488 2965 2751 3032 Ἐλεάζαρ
2779 2965 2874 3019 τοῦ
2901 2966 3110 3036 ἱερέως,
3139 2963 3187 3017 οἳ
3212 2963 3586 3033 ὲπεσκέψαντο
3610 2962 3752 3025 τοὺς

2152 3059 2301 3122 υἱοὺς
2340 3058 2557 3129 Ἰσραὴλ
2585 3057 2643 3113 ἐν
2693 3056 2938 3129 Ἀραϐὼθ
2981 3054 3154 3111 Μωὰὄ
3202 3057 3296 3108 ἐπὶ
3335 3054 3429 3108 τοῦ
3475 3052 3751 3124 Ἰορδάνου

2152 3148 2295 3203 κατά
2347 3149 2579 3220 Ἰεριχὼ.
2620 3148 2731 3202 Kal
2758 3152 2816 3203 ὲν
2844 3148 3055 3213 τούτοις
3084 3149 3184 3203 οὐκ
3211 3144 3279 3220 ἦν
3312 3147 3597 3219 ἄνθρωπος
3627 3148 3752 3203 τῶν

2149 3240 2577 3312 ὲπεσκεμμένων
2610 3239 2716 3295 ὑπὸ
2747 3241 2918 3312 Μωσῆ
2959 3240 3056 3294 καὶ
3098 3240 3343 3312 Ἀαρὼν,
3382 3240 3477 3304 οὓς
3502 3239 3752 3293 ἐπεσκέ-

2148 3332 2319 3403 ψαντο
2346 3334 2473 3398 τοὺς
2499 3334 2649 3398 υἱοὺς
2682 3333 2900 3405 Ἰσραὴλ
2930 3336 2989 3388 ὲν
3009 3335 3076 3405 τῇ
3108 3333 3300 3406 ἐρήμῳ
3324 3333 3476 3405 Σινᾷ,
3508 3333 3591 3387 ὅτι
3616 3328 3753 3387 εἷπε

2148 3424 2356 3497 Κύριος
2386 3425 2600 3489 αὐτοῖς·
2639 3425 2866 3497 Θανάτῳ
2893 3425 3294 3482 ἀποθανοῦνται
3336 3427 3394 3479 ὲν
3420 3428 3488 3497 τῇ
3523 3425 3752 3496 ἐρήμῳ,

2148 3517 2246 3569 καὶ
2288 3514 2350 3568 οὑ
2381 3499 2806 3588 κατελείφθη’ὲξ
2845 3515 3026 3570 αὐτῶν
3068 3515 3189 3569 οὐδὲ
3231 3510 3332 3581 εἷς,
3384 3515 3522 3586 πλὴν
3554 3514 3755 3568 Χαλὲὸ

2149 3608 2264 3672 υἱὸς
2304 3607 2552 3679 ἰεφωνῆ,
2599 3608 2694 3662 καὶ
2754 3607 2961 3679 Ἰησοῦς
3003 3609 3032 3662 6
3064 3606 3156 3663 τοῦ
3183 3607 3363 3677 Ναυῆ.
3408 3626 3427 3659 ›
3463 3606 3572 3661 Kal
3604 3605 3754 3677 φέρε

2153 3702 2240 3769 ἂν,
2268 3701 2433 3756 πάλιν
2466 3701 2828 3774 ἐπιτροχάδην
2883 3701 2981 3756 καὶ
3008 3700 3113 3756 ἀνὰ
3147 3701 3313 3772 μέρος
3344 3700 3551 3753 ἕκαστα
3578 3696 3753 3751 διῖόν-

2150 3811 2264 3859 τες,
2293 3794 2540 3866 λέγωμεν
2583 3792 2917 3864 σαφέστερόν
2946 3811 3009 3847 τε
3040 3793 3136 3848 καὶ
3160 3793 3593 3865 εὐκρινέστερον.

454 3883 669 3939 rientur
697 3884 752 3938 in
779 3884 1029 3954 deserto;
1060 3896 1116 3943 et
1166 3887 1411 3945 nonfuit
1439 3888 1669 3944 relictus
1697 3905 1767 3944 ex
1785 3890 1868 3945 eis
1899 3906 2081 3962 neque
2128 3906 2293 3956 unus,
2326 3900 2692 3961 prazterquam
2740 3888 2908 3946 Caleb
2942 3889 3087 3944 ﬁlius
3111 3888 3376 3959 Jephone,
3401 3895 3457 3940 et
3477 3880 3638 3940 Iesus
3672 3881 3752 3937 ﬁ-

454 3976 562 4033 lius
589 3976 736 4032 Nave
754 3977 817 4032 ³².
843 3997 862 4030 ι
902 3978 1013 4051 Age
1039 3979 1224 4051 igitur,
1253 3980 1435 4037 denuo
1456 3983 1660 4037 cursim
1680 3998 1744 4038 ac
1768 3998 1867 4054 per
1888 3993 2073 4055 partes
2108 3983 2321 4055 singula
2346 3992 2766 4057 prosequentes,
2793 3981 3040 4037 dicamus
3083 3980 3286 4035 clarius
3304 3995 3369 4035 ac
3400 3978 3754 4055 distinctius.

524 4071 723 4127 PALL.
750 4073 1024 4143 Eloquere
1052 4076 1237 4146 itaque
1272 4076 1413 4131 nihil
1445 4085 1768 4146 cunctatus;
1802 4095 1930 4134 nam
1981 4078 2038 4133 in

452 4164 724 4235 ejusmodi
750 4166 916 4222 rebus
941 4167 1247 4238 jucundum
1271 4178 1356 4225 est
1380 4179 1574 4241 argute
1608 4170 1905 4226 disserere.

517 4256 674 4312 CYR.
733 4248 905 4329 Igitur
958 4258 1016 4314 in
1044 4276 1221 4330 pauca
1281 4262 1696 4331 propositorum
1742 4263 2039 4318 verborum

455 4363 678 4404 sensum
713 4350 1082 4418 conferentes,
1116 4352 1254 4407 illud
1275 4353 1512 4409 dicimus
1540 4372 1554 4407 :
1607 4354 1867 4409 Adultam
1919 4371 2044 4409 rur-

2222 4079 2427 4133 [IAAA.
2460 4076 2639 4149 Φράζε
2673 4077 2735 4147 δὴ
2774 4074 2865 4132 οὖν
2898 4077 3134 4148 ὀκνήσας
3173 4075 3347 4142 οὐδὲν,
3385 4075 3462 4140 ὡς
3492 4074 3549 4131 ἐν
3581 4092 3647 4145 γε
3675 4077 3748 4147 δὴ

2142 4170 2353 4234 τούτοις
2385 4169 2483 4242 ἡδὺ
2524 4170 2586 4223 τὸ
2621 4170 3010 4239 στενολεσχεῖν.

2218 4261 2384 4315 ΚΥΡ.
2436 4259 2646 4313 Οὐκοῦν
2698 4260 2754 4311 ὲν
2802 4258 3001 4327 ὀλίγοις
3054 4256 3165 4311 τῶν
3217 4256 3598 4329 προκειμένων
3643 4254 3746 4311 τὸν

2144 4354 2271 4410 νοῦν
2330 4353 2764 4424 συναγείροντες,
2813 4350 2990 4403 ἐκεῖνό
3034 4366 3247 4420 φαμεν·
3290 4348 3362 4403 Τὸ
3416 4348 3623 4420 ήὸηκδς
3672 4348 3745 4421 δὴ

454 4457 548 4497 sus
579 4451 635 4498 et
672 4443 804 4498 belli
844 4459 955 4499 non
1005 4445 1253 4515 ignaram
1284 4454 1503 4501 aetatem
1551 4449 1835 4504 numerari
1885 4447 2045 4519 jubet

2148 4444 2330 4510 πάλιν,
2362 4444 2456 4497 καὶ
2498 4441 2597 4513 τὴν
2630 4439 3102 4512 ὲμπειροπόλεμον
3137 4438 3349 4510 ἠλικίαν
3396 4436 3741 4508 ἀπαριθμεῖ-

454 4533 621 4589 Deus.
657 4534 730 4590 Ut
760 4534 909 4589 cnim
932 4536 1046 4606 jam
1093 4539 1250 4608 prius
1285 4539 1547 4604 diximus,
1588 4538 1792 4610 cogniti
1831 4547 1888 4592 et
1940 4537 2039 4592 dc-

2148 4536 2268 4590 σθαι
2308 4537 2418 4591 δεῖν
2461 4533 2789 4607 προστάττει
2823 4531 2974 4594 Θεὸς.
3027 4532 3114 4594 Ὠς
3143 4531 3250 4601 γὰρ
3290 4531 3389 4601 ἤδη
3427 4527 3745 4599 φθάσαντες

455 4626 645 4695 scripti
682 4635 812 4679 sunt
840 4627 986 4697 apud
1033 4629 1229 4695 Deum,
1279 4639 1336 4684 et
1370 4630 1426 4684 in
1465 4630 1671 4685 librum
1732 4630 2043 4684 viventium

2148 4628 2389 4699 εἴπομεν,
2427 4628 2483 4679 ὲν
2515 4623 2716 4693 γνώσει
2763 4639 2821 4674 τε
2856 4622 2949 4675 καὶ
2982 4621 3279 4692 ἀπογραφῇ
3313 4621 3378 4691 τῇ
3407 4619 3557 4689 παρὰ
3588 4618 3740 4690 Θεῷ,

456 4718 638 4781 relati,
662 4734 774 4773 non
798 4719 1052 4775 imbelles
1078 4729 1134 4776 et
1169 4720 1397 4787 inﬁrmi,
1428 4737 1610 4791 neque
1645 4721 1806 4790 pueri
1858 4721 2042 4776 adhuc

2148 4721 2231 4774 ita".
2256 4723 2311 4773 ὲν
2340 4719 2507 4791 βίϐλῳ
2539 4717 2777 4783 ζώντων,
2811 4715 2870 4768 οὺ
2905 4716 2964 4768 τὸ
2987 4714 3181 4768 ἀναλκι
3208 4714 3301 4767 ml
3330 4712 3578 4784 ἀδρανὲς,
3609 4710 3739 4765 οὔτε

454 4811 642 4874 sensu,
670 4808 767 4864 sed
795 4810 1113 4881 quicunque
1169 4811 1343 4868 fortes
1389 4820 1447 4868 et
1493 4812 1668 4883 parati
1706 4811 1774 4866 ad
1831 4811 2039 4868 bellum

2148 4811 2247 4884 μὴν
2283 4811 2341 4864 τὸ
2373 4811 2455 4864 ἔτι
2496 4808 2765 4882 νηπιάζον
2796 4806 2937 4862 κατά
2963 4807 3063 4876 τὴν
3111 4805 3405 4878 φρόνησιν,
3457 4803 3592 4857 ἀλλὰ
3624 4805 3739 4856 πᾶν

455 4916 581 4956 cum
627 4901 778 4958 vitiis
808 4912 974 4973 atque
1032 4911 1258 4973 peccato
1289 4905 1617 4975 gerendum,
1669 4914 1727 4960 et
1760 4904 1922 4962 ﬁrma
1977 4923 2041 4964 ac

2148 4905 2260 4958 ὅσον
2300 4904 2450 4956 ἐστὶν
2506 4900 2761 4964 εὐσθενές
2810 4916 2869 4953 τε
2901 4898 3001 4970 ἤδη
3031 4898 3124 4950 καὶ
3166 4896 3379 4966 ἕτοιμον
3428 4895 3510 4957 είς
3552 4893 3740 4963 παρά-

454 4994 638 5050 stabili
692 5005 822 5051 sunt
872 4996 1188 5067 sapientia,
1250 5006 1308 5054 et
1374 5000 1487 5069 apti
1543 5000 1653 5071 jam
1705 5000 1775 5056 ad
1828 5017 1895 5056 ea
1942 5018 2039 5074 ge-

2148 4996 2286 5064 ιαξιν
2327 4995 2427 5067 τὴν
2485 4992 2631 5048 κατά
2671 4991 2863 5046 παθῶν
2903 5007 2961 5043 τε
2993 4988 3086 5043 καὶ
3116 4986 3413 5058 ἁμαρτίας,
3445 4984 3540 5039 καὶ
3573 4984 3739 5055 βεϐη-

453 5088 627 5143 renda
680 5105 743 5145 ac
800 5088 1174 5161 perﬁcienda,
1228 5107 1352 5161 quae
1423 5093 1569 5149 Deus
1617 5093 1751 5149 velit
1798 5112 1811 5148 :
1878 5094 2035 5164 135

2148 5089 2241 5155 κὸς
2272 5092 2353 5154 εἰς
2397 5087 2649 5152 σύνεσιν,
2702 5082 2978 5155 εὐπρεπές
3016 5098 3077 5133 τε
3117 5079 3217 5152 ἠδη
3261 5079 3395 5150 πρὸς
3428 5077 3490 5130 τὸ
3534 5076 3738 5148 χρῆναι

454 5179 624 5236 iidem
671 5196 770 5251 per
828 5180 1031 5247 tribus,’
1072 5191 1131 5237 et
1188 5198 1257 5238 ex
1318 5184 1562 5251 nomine,
1616 5195 1673 5241 et
1721 5186 2039 5258 singulatim

458 5281 660 5329 terram
686 5274 871 5344 partiti
902 5283 1050 5329 sunt.
1082 5274 1339 5332 Haeredes
1362 5292 1596 5348 namque
1619 5285 1785 5334 terrae
1815 5284 2038 5343 sanctae,

456 5372 513 5419 et
530 5373 875 5434 speratorum
893 5365 1162 5420 bonorum
1194 5366 1491 5437 participes
1506 5378 1668 5422 erunt
1694 5368 1730 5423 ii
1750 5368 1816 5423 de
1838 5367 2042 5437 quibus

457 5455 758 5526 loquimur,
784 5473 883 5527 per
909 5457 1087 5512 tribus
1118 5467 1176 5514 et
1211 5459 1467 5525 familias,
1505 5471 1565 5515 ut
1594 5460 1651 5514 in
1675 5460 1786 5514 illis
1817 5458 2038 5515 verbis:

467 5565 485 5597 ι
515 5548 664 5603 Beati
694 5548 856 5604 mites
881 5591 894 5614 ,
928 5551 1187 5620 quoniam
1227 5551 1333 5621 ipsi
1366 5551 1776 5607 haereditabunt
1803 5562 2039 5618 terram;

462 5640 607 5696 beati
650 5641 1073 5708 misericordes,
1123 5644 1384 5715 quoniam
1439 5643 1541 5714 ipsi
1608 5644 2042 5700 misericordiam

537 5758 583 5790 "‘
615 5760 780 5816 Ilebr.
813 5778 886 5827 γι,
930 5762 1014 5817 l0.
1093 5764 1138 5795 ”
1176 5763 1337 5817 Num.
1379 5778 1525 5825 xxvr,
1598 5762 1652 5824 2,
1690 5763 1745 5817 3.

537 5855 619 5923 (l)
652 5855 818 5912 l‘ucis
844 5855 1052 5913 inclusa
1075 5856 1276 5911 desunt
1303 5857 1356 5912 in
1386 5866 1534 5911 textu
1559 5854 1769 5919 Graeco,
1795 5856 1944 5919 Eon.

1858 5763 1901 5794 ³ο
1935 5760 2099 5827 Ibid.,

2146 5184 2278 5255 δρᾷν
2314 5182 2407 5236 καὶ
2432 5179 2693 5235 δύνασθαι
2740 5172 3072 5248 κατορθοῦν,
3108 5172 3145 5228 ἃ
3180 5172 3245 5226 ἂν
3276 5171 3518 5244 βούλοιτο
3560 5171 3696 5234 Θεὸς
3718 5187 3731 5201 ·

2147 5266 2295 5327 οὗτοί
2314 5290 2372 5326 τε
2393 5271 2491 5342 τὴν
2511 5271 2616 5341 γῆν
2644 5268 2786 5323 κατά
2810 5281 2871 5321 τε
2899 5265 2995 5328 τὰς
3020 5264 3212 5335 φυλὰς,
3235 5263 3330 5317 καὶ
3357 5261 3417 5326 ἐξ
3443 5262 3733 5331 ὓνὸματος,

2149 5366 2244 5420 καὶ
2280 5364 2400 5420 καθ’
2431 5363 2663 5417 ἕκαστον
2696 5356 2755 5415 εὖ
2795 5359 2939 5431 μάλα
2971 5357 3391 5429 διεμοιρήσαντο
3411 5371 3425 5385 °
3470 5354 3734 5425 κληρονό-

2153 5476 2242 5530 μοι
2288 5457 2398 5529 γὰρ
2442 5455 2654 5509 ἔσονται
2684 5455 2784 5525 τῆς
2824 5451 2984 5523 ἁγίας
3011 5452 3134 5521 γῆς,
3176 5451 3270 5503 καὶ
3311 5447 3420 5501 τῶν
3460 5450 3517 5501 ὲν
3549 5446 3731 5501 ἐλπίσι

2156 5548 2471 5621 μεθέξουσιν
2507 5546 2749 5615 ἀγαθῶν,
2782 5548 2830 5600 οἱ
2873 5545 3000 5615 περὶ
3031 5537 3105 5597 ὧν
3138 5543 3165 5595 6
3198 5541 3357 5611 λόγος
3393 5542 3536 5595 κατά
3562 5539 3732 5609 φυλάς

2150 5659 2210 5695 τε
2239 5642 2333 5695 καὶ
2368 5639 2510 5695 κατά
2531 5639 2706 5709 γένος,
2735 5638 2812 5702 ὡς
2840 5639 2897 5692 ὲν
2923 5637 3020 5709 τῷ,
3062 5656 3079 5688 ι
3121 5635 3398 5708 Μακάριοι
3426 5635 3475 5686 οί
3515 5632 3729 5705 πραεῖς,

2141 5761 2322 5817 52454.
2401 5758 2635 5826 “Ibid.,
2693 5759 2781 5825 57,
2844 5756 2930 5812 58.
3044 5755 3088 5786 "
3129 5752 3291 5821 Ibid.,
3333 5751 3525 5809 (ἰδὲ-65.
