4096 6430
277 390 393 449 349

1032 390 1121 446 DE
1161 390 1609 449 ADORATIONE
1650 391 1717 447 IN
1760 389 2035 448 SPIRITU
2074 389 2166 446 ET
2208 372 2583 479 ΥΕΙὶΙξῨΑἸἙ.
2621 390 2754 447 LIB.
2790 390 2877 447 IV.

3504 394 3612 453 359

278 513 368 565 ὃτι
392 512 565 566 αὐτοὶ
599 511 1074 584 κληρονομήσουσι
1107 512 1205 584 τὴν
1236 516 1375 585 τῆν’
1408 515 1670 588 μακάριοι
1694 515 1742 568 οἱ
1766 513 1907 585 ἐλεή-

2018 522 2434 584 cousequentur
2449 513 2526 581 ³⁸;
2556 533 2574 566 ι
2599 521 2657 569 et
2675 513 2732 568 in
2754 513 2877 586 aliis
2910 510 3043 568 item
3066 510 3508 570 beatitudinibus
3524 513 3612 571 vi-

282 622 496 672 μονες,
541 607 628 660 ὅτι
678 606 835 660 αὐτοὶ
889 605 1313 678 ἐλεηθήσονται·
1370 627 1388 659 ι
1445 609 1540 661 καὶ
1580 607 1657 671 ώς
1691 609 1750 660 ὲν
1793 610 1908 671 τοῖς

283 697 509 767 ἑτέροις
544 701 946 768 μακαρισμοῖς.
974 698 1193 771 Κλῆρος
1218 698 1329 771 γὰρ
1361 694 1514 763 οὗτός
1543 701 1691 752 ἐστιν
1717 697 1909 769 ῶσπερ

296 808 377 844 τις
393 789 533 852 ἴδιος
559 789 677 842 τῶν
699 788 1046 859 ὴλεημένων,
1076 787 1298 861 πραέων
1328 805 1389 841 τε
1418 788 1513 841 καὶ
1535 786 1648 840 τῶν
1674 786 1908 856 πτωχῶν

301 885 357 935 ἐν
378 880 686 951 πνεύματι,
711 883 807 934 καὶ
830 880 1208 949 δεδιωγμένων
1224 881 1394 947 ἕνεκα
1419 880 1517 951 τῆς
1533 878 1903 950 δικαιοσύνης.

296 974 445 1036 Πλὴν
478 974 583 1026 καὶ
619 972 745 1027 καθ’
776 973 872 1027 ἕνα
916 972 1013 1027 καὶ
1050 971 1107 1039 ἐξ
1146 972 1413 1041 ὀνόματος
1459 972 1559 1041 τῆς
1596 970 1851 1033 εὐκλείας
1880 971 1911 1023 ὁ

293 1064 596 1135 στέφανος,
660 1065 943 1134 ἀναλόγως
985 1065 1217 1119 ἕκαστον
1252 1066 1366 1126 τοῖς
1416 1062 1582 1118 αὑτοῦ
1628 1060 1910 1134 κατορθώ-

290 1174 433 1229 μασι
480 1156 764 1229 τιμῶντος
790 1156 929 1210 Θεοῦ
951 1197 966 1221 ,
1001 1158 1096 1211 καὶ
1122 1156 1222 1228 τὴν
1251 1155 1477 1211 δέουσαν
1517 1157 1629 1219 τοῖς
1660 1154 1908 1229 ἀνδριζο-

289 1249 491 1320 μῖνοις
540 1248 976 1320 ἐπιμετροῦντας
1025 1250 1219 1321 χάριν.
1266 1250 1316 1302 εί
1355 1253 1449 1302 καὶ
1497 1248 1654 1322 Hart.
1692 1249 1725 1320 ἢ
1767 1246 1900 1319 καὶ]

283 1343 471 1394 νοοῖτο
498 1341 693 1412 τυχὸν.
728 1342 807 1409 ώς
834 1344 892 1395 ἐν
926 1342 1113 1413 μέτρῳ
1144 1342 1371 1408 πλείονι,
1402 1342 1498 1395 καὶ
1531 1341 1909 1414 πλουσιωτέρα

282 1430 560 1503 διανομῇ·
595 1450 614 1482 ι
641 1432 861 1506 Μὲτρον
885 1432 1049 1504 γὰρ.»
1082 1432 1240 1503 φησὶ,
1268 1453 1288 1485 ι
1318 1426 1497 1487 καλὸν.
1517 1432 1904 1504 πεπιεσμένον,

287 1524 745 1594 σεσαλευμένον,
797 1526 1310 1597 ὐπερεκχυνόμενον
1364 1524 1632 1579 δώσουσιν
1684 1526 1767 1590 είς
1817 1523 1908 1577 τὸν

284 1617 502 1669 κόλπον
537 1616 729 1685 ὑμῶν·
768 1636 787 1669 ι
828 1617 926 1670 καὶ¹
955 1618 1086 1671 αὐτὸ
1119 1616 1183 1688 δὴ
1210 1617 1372 1671 τοῦτο
1395 1616 1592 1688 δηλοῦν
1618 1615 1775 1689 οἶμαι
1804 1632 1906 1671 που

280 1709 349 1762 τὸ
372 1710 549 1779 φάναι
574 1709 709 1763 Θεόν
731 1726 744 1740 ·
776 1729 796 1762 ‹
828 1711 957 1775 Τοῖς
989 1711 1203 1765 πλείοσι
1234 1710 1553 1775 πλεονάσὲις
1588 1710 1688 1784 τὴν
1712 1712 1908 1783 κληρο-

285 1803 494 1874 νομίαν
554 1803 771 1869 αὐτῶν,
817 1805 912 1859 καὶ
960 1807 1075 1869 τοῖς
1121 1805 1405 1860 ἐλάττοσιν
1444 1802 1772 1869 ἐλαττώσεις
1806 1804 1908 1876 τὴν

2013 605 2146 660 dere
2171 604 2302 660 licet
2333 623 2345 658 :
2371 606 2643 677 ejusmodi
2665 606 2815 661 enim
2836 604 3130 660 haereditas
3164 605 3611 661 misericordium

2013 706 2070 754 et
2101 696 2319 751 mitium
2340 712 2406 751 ac
2425 708 2731 767 panperum
2760 697 2981 767 spiritu,
3019 705 3079 751 et
3107 711 3306 752 eorum
3343 698 3439 768 qui
3479 713 3611 768 per-

2012 788 2355 842 secutionem
2386 787 2674 857 patiuntur
2702 795 2928 857 propter
2958 788 3455 862 justitiam,’quasi
3478 803 3615 859 pro-

2012 880 2132 950 pria
2173 889 2278 935 est.
2341 878 2448 935 Sed
2497 888 2678 934 tamen
2728 880 3041 949 singulatim
3097 896 3318 950 quoque
3356 888 3413 935 et
3454 880 3612 950 juxta

2011 973 2237 1028 nomina
2263 989 2466 1028 corona
2494 972 2681 1043 gloria:
2730 971 2914 1035 datur,
2957 988 3082 1026 cum
3113 974 3259 1028 Deus
3290 973 3490 1042 cuique
3512 988 3614 1042 pro

2012 1073 2162 1121 recte
2189 1064 2459 1120 factorum
2501 1065 2715 1119 ratione
2744 1064 2988 1118 honores
3010 1065 3311 1133 persolvat,
3354 1066 3616 1135 gratiam-

2012 1174 2121 1229 que
2146 1157 2385 1213 fortibus
2399 1157 2554 1223 viris,
2591 1173 2714 1229 quae
2737 1156 2950 1222 deerat,
2982 1157 3338 1213 admeticndo
3353 1157 3573 1227 adjiciat
3597 1174 3611 1221 ;

2010 1250 2266 1321 quamvis
2296 1266 2363 1306 ea
2396 1251 2629 1306 fortasse
2659 1259 2920 1320 tanquam
2971 1250 3180 1320 majore
3224 1265 3481 1304 mensura
3520 1264 3618 1303 cn-

2011 1340 2416 1414 mulatioreque
2438 1343 2699 1398 distribui
2729 1342 3093 1413 intelligenda
3117 1342 3190 1396 sit
3217 1360 3229 1395 ε
3260 1360 3277 1391 ι
3303 1341 3615 1395 Mensuram

2011 1434 2216 1505 quippe
2232 1433 2456 1501 bonam,
2483 1452 2501 1484 ι
2521 1434 2722 1504 inquit,
2735 1453 2752 1485 ι
2781 1441 2837 1489 et
2851 1433 3176 1497 confertam,
3195 1439 3251 1486 et
3267 1429 3614 1501 coagitatam,

2009 1536 2068 1583 et
2087 1527 2575 1598 superemuentem
2591 1527 2804 1582 dabunt
2831 1527 2887 1581 iu
2921 1527 3107 1582 sinum
3131 1532 3378 1581 vestrum
3401 1522 3447 1553 ³⁸
3472 1520 3617 1575 ιιίιὶ-

2010 1633 2119 1690 que
2140 1618 2321 1687 ipsum
2344 1616 2655 1688 signiﬁcare
2674 1618 2892 1689 opinor,
2916 1633 3044 1673 cum
3064 1615 3201 1671 dicit
3222 1615 3401 1670 Deus:
3441 1631 3458 1662 ι
3489 1611 3619 1665 Plu-

2010 1709 2168 1764 ribus
2189 1709 2454 1779 majorem
2492 1708 2877 1764 baereditatem
2906 1708 3145 1773 tribues,
3176 1715 3234 1762 et
3258 1703 3621 1777 paucioribus

2011 1801 2282 1856 minorem
2322 1800 2706 1856 haereditatem
2737 1802 2897 1857 dabis
2932 1820 2945 1856 :
2975 1801 3301 1870 unicuique,
3333 1806 3395 1853 ut
3423 1810 3624 1851 recen-

283 1896 670 1967 κληρονομίαν
701 1898 883 1951 αὐτῶν
904 1938 919 1962 ,
963 1898 1201 1967 ἑκάστῳ,
1259 1897 1450 1962 καθὼς
1483 1896 1903 1968 ἐπεσκέπησαν,

2012 1896 2105 1951 siti
2144 1904 2295 1961 sunt,
2327 1895 2555 1950 dabitur
2604 1894 2903 1951 lia-reditas
2938 1867 3205 1964 ipsorum
3227 1892 3294 1944 ³⁸.
3348 1909 3367 1941 ι
3398 1887 3620 1944 Etenim

280 1988 588 2060 δοθήσεται
640 1991 675 2059 ἡ
714 1989 1055 2062 κληρονομία
1108 1992 1311 2047 αὐτῶν.
1362 2011 1381 2044 ι
1438 1992 1513 2045 Τὸ
1562 1991 1673 2065 γὰρ
1724 1991 1801 2056 ώς
1848 1992 1906 2045 ὲν

280 2081 518 2153 ἀριθμῷ
551 2082 662 2137 τῶν
692 2083 979 2153 ὀνομάτων
1011 2083 1239 2149 πλείονι,
1264 2084 1435 2147 τύπος
1467 2083 1533 2138 ἂν
1562 2085 1775 2154 γένοιτο
1805 2101 1907 2137 σα⁴

282 2172 397 2244 qui};
431 2172 533 2227 τοῦ
566 2174 971 2246 ὑπερκειμένου
1004 2176 1098 2230 καὶ
1130 2176 1519 2242 πλεονάζοντος
1549 2178 1608 2230 ὲν
1639 2178 1810 2250 ἀρετῇ
1835 2197 1846 2210 ·
1879 2179 1909 2232 ὀ

288 2269 396 2336 μὲν
422 2268 542 2340 γάρ
581 2269 776 2335 οὕτως,
812 2272 842 2325 ὁ
875 2271 932 2323 δὲ
979 2270 1153 2333 οὕτως
1179 2270 1478 2341 εὐδοκιμεῖ,
1512 2269 1657 2324 κατὰ
1687 2270 1781 2323 τὸν
1804 2288 1911 2342 μα-

284 2354 492 2427 κάρων
536 2355 776 2410 Παῦλον.
820 2356 1095 2428 Κληρωτὴ
1133 2357 1191 2410 δὲ
1222 2359 1256 2427 ὴ
1289 2358 1383 2427 γῆ,
1424 2357 1546 2410 κατ’
1585 2357 1761 2410 ἐκεῖνό
1802 2373 1907 2410 που

283 2450 435 2519 τάχα
468 2450 535 2503 τό
556 2467 569 2478 ·
612 2469 631 2501 ι
677 2451 767 2503 Ἐν
793 2453 919 2515 ταῖς
942 2451 1100 2523 χερσί
1134 2468 1228 2505 σου
1258 2452 1305 2505 oi
1339 2450 1533 2522 κλῆροι
1566 2468 1687 2522 μου·
1723 2470 1741 2503 ι
1773 2450 1910 2521 πρὸς

284 2539 429 2594 Θεὸν
458 2541 778 2612 εἰρημένον.
810 2542 944 2613 Θείᾳ
969 2542 1079 2614 γὰρ
1105 2542 1273 2614 ψήφῳ
1300 2543 1594 2614 γενήσεται
1632 2542 1744 2597 τῶν
1786 2545 1909 2597 ὲσοο

289 2633 478 2707 μένων
527 2634 755 2703 ἀγαθῶν
799 2638 834 2705 ἡ
881 2635 1130 2708 ἀπλανὴς
1181 2634 1533 2706 διανέμησις,
1584 2636 1802 2707 ἑκάστῳ
1848 2636 1911 2689 τὸ

286 2727 512 2799 πρέπον
542 2729 625 2790 εἰς
650 2726 1043 2801 ἀποκλήρωσιν
1072 2728 1148 2797 (Ι)
1171 2725 1451 2798 ὁρίζοντος
1474 2727 1596 2781 τότε
1611 2727 1708 2781 τοῦ
1731 2727 1912 2782 πάντα

285 2819 502 2883 εἰδότος
531 2819 603 2873 τὰ
629 2819 753 2874 καθ’
782 2822 956 2891 ἡμᾶς.
998 2819 1166 2892 Ἰδικὴ
1191 2819 1247 2874 δὲ
1282 2820 1446 2875 πάλιν
1475 2821 1639 2892 ἡτῶν
1668 2822 1913 2877 Λευῖτῶν

285 2913 707 2985 ἀπαρίθμησις,
740 2912 850 2966 ἀπὸ
892 2912 1146 2984 μηνιαίου
1179 2912 1275 2967 καὶ
1320 2914 1529 2966 ἐπάνω.
1565 2914 1676 2968 Καὶ
1710 2914 1913 2985 κλῆρος

287 3006 479 3070 αὐτοῖς
516 3006 579 3059 οὐ
615 3005 824 3060 δίδοται
872 3007 931 3059 ὲν
969 3007 1122 3077 μέσῳ
1167 3004 1277 3059 τῶν
1325 3006 1460 3059 υἱῶν
1505 3007 1755 3078 Ἰσραὴλ,
1790 3007 1913 3061 οὐδὲ

291 3099 795 3171 συνεπεσκέπησαν
828 3099 1037 3161 αὐτοῖς.
1083 3098 1415 3170 Ἀγιώτερον
1448 3100 1557 3171 γὰρ
1589 3100 1677 3154 ἀεί
1707 3118 1812 3154 που
1850 3100 1914 3153 τὸ

294 3191 596 3264 ἱερώτερον
653 3189 830 3259 γένος.
881 3190 974 3242 Διὸ
1023 3191 1120 3244 καὶ
1172 3189 1489 3263 ἐξῃρημένη
1520 3191 1630 3245 τῶν
1666 3192 1842 3246 ἄλλων
1876 3193 1909 3264 ἠ
1937 3239 1980 3297 C

288 3284 599 3355 ἀπογραφὴ
636 3284 768 3354 περὶ
788 3280 978 3347 αὑτοῦ,
998 3283 1092 3336 καὶ
1115 3282 1317 3353 κλῆρος
1342 3283 1524 3347 αὐτοῖς
1554 3285 1615 3337 οὐ
1643 3284 1780 3354 μετὰ
1802 3283 1910 3337 τῶν

289 3373 510 3439 ἄλλων,
547 3372 687 3427 ἀλλὰ
732 3374 828 3427 καὶ
871 3372 1162 3443 ἐπίσκεψις
1197 3373 1379 3445 ίδική’
1419 3375 1580 3446 μερὶς
1624 3374 1684 3428 δὲ
1723 3375 1911 3441 αὐτοῖς

289 3467 390 3522 καὶ
416 3466 649 3538 κλῆρος,
681 3465 846 3529 αὐτὸς
871 3466 901 3518 ὁ
926 3464 1036 3519 τῶν
1054 3465 1194 3519 ὅλων
1222 3465 1380 3532 Θεὸς,
1419 3467 1563 3521 κατὰ
1585 3466 1647 3520 τὸ
1674 3508 1690 3533 ,
1727 3485 1745 3518 ι
1788 3451 1911 3521 Ma;

290 3560 481 3633 κάριοι
520 3561 571 3614 ot
620 3558 857 3629 καθαροὶ
897 3560 966 3629 τῇ
1020 3557 1257 3630 καρδίᾳ,
1306 3559 1390 3612 ὅτι
1436 3558 1593 3612 αὐτοὶ
1628 3558 1721 3612 τὸν
1774 3557 1908 3612 Θεὸν

291 3652 546 3726 ὄψονται.
578 3673 599 3706 ι
623 3653 748 3707 Τῶν
766 3652 876 3724 γὰρ
903 3650 1071 3705 καλου
1080 3649 1257 3722 μένων
1280 3649 1513 3721 πτωχῶν
1532 3648 1609 3721 τῷ
1632 3648 1906 3722 πνεύματι

290 3748 395 3819 τὴν
425 3747 542 3802 τῶν
573 3744 828 3816 οὐρανῶν
864 3743 1145 3815 βασιλείαν
1185 3744 1491 3816 μελλόντων
1526 3744 1902 3818 κληρονομεῖν,

295 3837 892 3911 παρακληθησομένων
920 3835 978 3888 δὲ
1004 3835 1099 3889 καὶ
1130 3834 1240 3890 τῶν
1272 3835 1544 3906 ἑλομένων
1575 3838 1637 3890 τὸ
1666 3837 1901 3905 πενθεῖν,

291 3931 751 4005 ὲλεηθησομένων
783 3930 839 3984 δὲ
879 3930 975 3983 καὶ
1025 3928 1137 3984 τῶν
1174 3929 1485 4001 ὲλεημόνων
1510 3948 1523 3961 ο
1566 3932 1629 3985 Oi
1673 3932 1906 4004 καθαροὶ

289 4028 360 4098 τῇ
387 4023 613 4097 καρδία,
651 4023 809 4094 φησὶ,
845 4020 1131 4093 μακάριοι,
1156 4021 1239 4075 ὅτι
1270 4022 1425 4076 αὐτοὶ
1456 4022 1549 4077 τὸν
1581 4024 1717 4078 Θεὸν
1744 4024 1904 4094 ὄψον-

289 4136 407 4175 ¹ται.
434 4112 603 4172 Οὗτοι
633 4116 678 4171 δ’
716 4115 783 4170 ἂν
817 4111 929 4170 εῐεν
977 4116 1025 4168 οἱ
1062 4113 1218 4188 παρὰ
1245 4116 1374 4179 τοὺς
1418 4114 1612 4180 ἄλλους
1653 4117 1904 4183 ἅπαντας

293 4208 586 4281 ίερώτεροί
621 4224 682 4261 τε
721 4208 817 4261 καὶ
854 4203 1170 4278 ἁγιώτεροι,
1213 4205 1308 4259 καὶ
1343 4205 1546 4278 κλῆρος
1580 4208 1766 4271 αὐτοῖς
1807 4210 1903 4263 καὶ

296 4302 459 4374 μερὶς
505 4301 540 4372 ἡ
587 4299 827 4371 (mpm-i1;
864 4298 1118 4364 θεοπτία,
1161 4298 1308 4352 τοῦτ’
1344 4297 1527 4362 ἐστιν,
1564 4299 1597 4370 ἡ
1643 4299 1901 4371 περὶτῆς

289 4396 555 4465 θεότητος
582 4393 807 4461 γνῶσις.
840 4390 1013 4446 Τοῦτό
1040 4408 1123 4444 τοι
1151 4390 1390 4463 Χριστὸς
1417 4392 1532 4454 τοῖς
1560 4391 1736 4459 ἁγίοις
1765 4392 1903 4446 ἀπο·

289 4486 509 4551 στόλοις
537 4483 911 4556 ἐπηγγέλλετο
940 4480 1274 4554 χαριεῖσθαι,
1312 4481 1487 4551 λέγων
1510 4497 1522 4511 ’
1565 4502 1583 4535 ι
1625 4483 1811 4538 Ταῦτα
1841 4486 1899 4539 ὲν

2007 2004 2275 2045 numerus
2325 1984 2418 2045 ille
2480 1988 2767 2043 nominum
2832 1987 3042 2057 major,
3083 1985 3259 2056 ﬁgura
3299 1990 3385 2038 est
3430 1987 3621 2051 aperta

2008 2081 2409 2154 praestantioris
2424 2079 2947 2150 excellentiorisque
2966 2077 3188 2133 virtutis
3207 2093 3222 2142 ;
3242 2076 3334 2130 hic
3349 2074 3500 2130 enim
3516 2073 3619 2139 sic,

2008 2176 2102 2232 ille
2132 2191 2265 2231 vero
2303 2175 2384 2230 sic
2399 2174 2620 2231 laudem
2644 2182 2913 2238 meretur,
2936 2181 3000 2227 ut
3017 2171 3095 2225 ait
3119 2169 3317 2226 beatus
3343 2165 3620 2222 Paulus“.

2010 2268 2171 2325 Sorte
2226 2276 2413 2323 autem
2470 2268 2740 2322 dividitur
2789 2274 2959 2333 terra,
2997 2281 3063 2320 ea
3120 2263 3356 2318 fortasse
3404 2258 3623 2314 ratione

2009 2377 2119 2433 qua
2166 2361 2379 2417 dictum
2428 2369 2515 2416 est
2558 2362 2673 2416 Deo
2712 2378 2725 2413 :
2774 2378 2793 2411 ι
2844 2359 2907 2414 In
2966 2356 3227 2413 manibus
3282 2352 3392 2433 tuis
3443 2356 3626 2405 sortes

2010 2432 2148 2509 meae
2185 2454 2251 2507 ⁸⁷.
2300 2473 2317 2507 ι
2364 2453 2567 2509 Divino
2619 2452 2826 2523 quippe
2867 2448 3101 2505 arbitrio
3158 2445 3253 2500 tiet
3280 2432 3623 2498 'futurorum

2010 2546 2285 2602 bonorum
2316 2547 2474 2607 ﬁrma
2512 2547 2859 2610 distributio,
2894 2560 3021 2601 cum
3048 2584 3062 2607 ,
3103 2539 3240 2612 quid
3272 2537 3475 2606 cuique
3519 2535 3622 2589 tri-

2011 2640 2187 2698 buere
2218 2652 2490 2714 oporteat,
2520 2658 2588 2699 eo
2627 2651 2876 2713 tempore
2917 2640 3009 2694 ille
3048 2636 3383 2693 deﬁniturus
3416 2632 3507 2696 sit,
3531 2629 3623 2686 cui

2012 2736 2200 2791 omnia
2244 2744 2437 2791 nostra
2471 2735 2694 2808 cognita
2729 2739 2881 2789 sunt.
2941 2729 3174 2800 Propria
3203 2737 3388 2782 autem
3429 2737 3625 2779 rursus

2012 2827 2077 2883 fit
2108 2828 2430 2883 Levitarum
2477 2826 2832 2883 enumeratio
2868 2824 2939 2879 ab
2971 2837 3086 2877 uno
3117 2834 3309 2876 mense
3338 2826 3396 2873 et
3412 2830 3620 2885 supra;

2012 2936 2195 2993 neque
2233 2938 2353 2977 sors
2400 2921 2512 2977 illis
2562 2921 2728 2976 datur
2782 2920 2837 2975 in
2898 2917 3087 2973 medio
3127 2916 3370 2972 filiorum
3417 2910 3619 2972 lsrael.

2012 3031 2194 3085 neque
2234 3015 2487 3070 cumillis
2505 3021 2893 3069 recensentur.
2916 3011 3148 3080 Semper
3186 3008 3336 3064 enim
3377 3003 3625 3061 sanctius

2012 3117 2097 3163 est
2119 3108 2334 3162 caeteris
2371 3122 2547 3178 genus
2598 3104 2736 3160 illud
2786 3103 3080 3159 sacratius.
3125 3099 3367 3168 Ideoque
3400 3095 3625 3150 illorum

2016 3199 2315 3269 descriptio
2345 3198 2414 3253 ab
2430 3198 2554 3253 aliis
2588 3195 2845 3251 tribubus
2865 3201 3121 3264 exempta
3146 3198 3252 3255 est,
3285 3202 3469 3257 neque
3498 3186 3627 3239 illo-

2017 3308 2142 3346 rum
2181 3306 2306 3347 sors
2327 3306 2455 3346 cum
2482 3290 2605 3346 aliis
2619 3288 2922 3361 permista;
2949 3286 3047 3341 sed
3076 3295 3192 3340 tum
3220 3278 3626 3351 inspectionem

2014 3392 2181 3456 atque
2200 3384 2584 3440 recensionem
2611 3382 2897 3453 propriam
2938 3378 3168 3441 habent,
3205 3383 3323 3430 tum
3344 3385 3480 3427 vero
3498 3382 3629 3439 pars

2014 3476 2238 3531 illorum
2265 3484 2431 3545 atque
2457 3489 2581 3529 sors
2612 3473 2703 3527 ille
2737 3471 2858 3543 ipse
2900 3478 2985 3526 est
3027 3468 3417 3523 universorum
3458 3460 3626 3522 Deus,

2005 3571 2166 3640 juxta
2200 3567 2334 3624 illud
2380 3585 2392 3621 :
2440 3585 2459 3618 ¢
2504 3565 2661 3621 Beati
2708 3563 2920 3620 mundo
2968 3559 3160 3625 corde,
3206 3555 3469 3628 quoniam
3520 3550 3625 3622 ipsi

2010 3662 2185 3716 Deum
2208 3659 2479 3715 videbunt
2512 3657 2577 3713 ³⁸.
2608 3678 2626 3710 ›
2661 3657 2797 3713 Nam
2833 3670 2961 3711 cum
3001 3651 3040 3707 ii
3070 3649 3165 3723 qui
3193 3660 3466 3721 pauperes
3515 3641 3627 3713 spi-

2010 3754 2123 3810 ritu
2155 3760 2447 3815 vocantur,
2480 3763 2715 3820 regnum
2744 3747 3017 3803 ccelorum
3050 3740 3382 3798 haereditate
3406 3746 3626 3806 posses-

2007 3848 2126 3905 suri
2153 3848 2298 3915 sint;
2333 3846 2484 3916 iique
2523 3842 2961 3899 consolationem
3000 3837 3269 3901 habituri,
3318 3834 3410 3904 qui
3434 3831 3626 3905 lugere

2007 3944 2433 4015 proposuerint;
2479 3939 3033 4008 misericordiamque
3097 3932 3476 3998 consecuturi,
3527 3934 3624 4004 qui

2006 4035 2398 4092 misericordes
2431 4034 2686 4090 fuerint:
2723 4029 2935 4094 Mundi,
2979 4027 3191 4097 inquit,
3249 4023 3417 4078 corde
3477 4022 3624 4078 beati

2005 4142 2155 4197 sunt,
2191 4132 2352 4204 136
2371 4131 2636 4202 quoniam
2667 4128 2772 4199 ipsi
2822 4126 3000 4180 Deum
3055 4120 3364 4186 videbunt;
3398 4118 3454 4172 hi
3492 4133 3625 4173 vero

2006 4232 2138 4281 sunt
2154 4221 2248 4291 qui
2280 4237 2393 4292 prae
2417 4220 2635 4276 caneris
2649 4217 2911 4274 omnibus
2932 4212 3264 4268 sacratiores
3283 4224 3348 4264 ac
3378 4208 3625 4263 sanctio-

2005 4331 2096 4370 res
2114 4315 2413 4378 habentur,
2449 4324 2680 4381 sorsque
2714 4308 2824 4362 illis
2841 4315 2899 4361 et
2927 4319 3056 4375 pars
3093 4301 3395 4358 constituta
3427 4308 3512 4354 est
3530 4298 3625 4353 illa

2003 4406 2280 4462 excellens
2297 4404 2395 4459 Dei
2417 4403 2580 4468 visio,
2614 4401 2670 4457 id
2699 4408 2805 4465 est,
2829 4399 3004 4470 ipsius
3025 4394 3336 4452 divinitatis
3353 4392 3620 4463 cognitio.

2004 4499 2320 4569 Hocipsum
2340 4496 2598 4553 Christus
2631 4494 2840 4551 sanctis
2862 4490 3130 4564 apostolis
3187 4487 3520 4559 largiturum
3561 4501 3622 4541 se

286 4579 624 4652 παροιμίαις
653 4576 932 4647 λελάληκα
952 4577 1080 4648 ὑμῖν
1104 4590 1117 4605 ·
1155 4576 1376 4647 ἔρχεται
1402 4575 1521 4648 ὥρα
1542 4618 1556 4643 ,
1580 4576 1667 4630 ὅτε
1707 4577 1893 4633 οὐκέτι

2009 4591 2387 4662 pollicebatur,
2422 4605 2551 4646 cum
2579 4588 2825 4645 diceret:
2848 4605 2865 4638 ι
2896 4585 3023 4641 Haec
3038 4584 3094 4639 in
3123 4578 3438 4654 proverbiis
3468 4578 3620 4633 locu-

286 4676 349 4728 ἐν
394 4670 728 4742 παροιμίαις
769 4669 991 4740 λαλήσω
1045 4669 1207 4741 ὑμῖν,
1257 4668 1397 4723 ἀλλὰ
1436 4672 1724 4743 παρρησίᾳ
1767 4672 1899 4743 περ).

283 4763 388 4820 τοῦ
424 4764 641 4835 [ἰατρὸς
669 4761 972 4831 ἀπαγγελῶ
999 4761 1151 4833 ὑμῖν.
1196 4782 1214 4815 ι
1258 4761 1391 4815 Ἀπὸ
1419 4762 1674 4833 μηνιαίου
1703 4764 1763 4817 δὲ
1790 4763 1900 4818 τῶν

286 4858 606 4932 ἱερωτέρων
626 4861 660 4931 ἡ
686 4856 1010 4928 ἀπογραφὴ,
1040 4855 1294 4925 καθάπερ
1320 4854 1458 4927 ἔφην
1481 4854 1706 4927 ἀρτίως.
1737 4857 1895 4912 Ἀνά-

284 4968 548 5024 γραπτον
593 4948 728 5021 γὰρ,
779 4946 876 5002 κα)⁸
911 4949 969 5001 ὲν
1003 4946 1174 5017 βίϐλῳ
1201 4945 1374 5012 Θεοῦ,
1429 4947 1538 5002 τῶν
1581 4948 1901 5021 ἁγιωτέρων

280 5046 414 5116 οὐχὶ
437 5043 506 5116 δὴ
544 5044 706 5114 μόνον
748 5042 812 5097 τὸ
847 5044 905 5095 ἐν
949 5039 1095 5111 ἰσχύϊ
1132 5042 1483 5112 πνευματικῇ
1512 5042 1607 5095 καὶ
1638 5044 1696 5097 ἐν
1742 5042 1905 5116 σοφίᾳ

283 5136 787 5209 περιφανέστερον,
826 5133 966 5188 ἀλλὰ
996 5135 1090 5189 καὶ
1118 5134 1244 5187 ὅσον
1270 5132 1422 5186 ἐστὶν
1448 5135 1505 5187 ὲν
1538 5134 1802 5205 ἁπλότητι
1835 5138 1903 5207 τῇ

282 5228 440 5295 κατὰ
474 5228 737 5299 Χριστὸν,
768 5228 864 5282 καὶ
889 5228 949 5281 ὲν
971 5227 1141 5299 κακίᾳ
1182 5227 1472 5298 νηπιάζον.
1525 5228 1902 5299 Ἀνάγραπτον

281 5317 387 5377 οὖν
417 5322 570 5376 ἆπαν
611 5321 729 5375 ἐστὶ
763 5321 826 5375 τὸ
868 5319 1029 5390 γένος
1066 5318 1128 5373 τὸ
1166 5318 1482 5391 ἱερώτερον,
1515 5320 1612 5375 καὶ⁵
1646 5319 1706 5372 τὸ
1738 5319 1903 5390 σοφόν

281 5434 348 5470 τε
378 5416 477 5469 καὶ
508 5413 735 5471 ἁπλοῦν.
766 5413 927 5477 Ἴδοις
953 5412 998 5467 δ’
1027 5411 1116 5477 ἂν,
1147 5405 1193 5467 ὦ
1219 5411 1510 5476 Παλλάδιε,
1533 5411 1745 5469 τοιάνδε
1776 5414 1903 5468 τινά

278 5508 564 5580 διαφοράν
593 5510 652 5561 ἐν
682 5508 806 5571 ταῖς
836 5507 947 5561 τῶν
972 5505 1145 5575 ἁγίων
1176 5504 1399 5578 ψυχαῖς,
1435 5504 1684 5577 γνώμαις
1715 5525 1773 5561 τε
1810 5508 1908 5563 καὶ

280 5603 543 5676 τρόποις.
576 5598 947 5671 Προστέθεικε
984 5598 1041 5652 δὲ
1061 5599 1143 5653 ὅτι
1179 5598 1281 5653 οὐκ
1305 5594 1375 5671 ἦν
1401 5598 1688 5673 ἄνθρωπος
1713 5600 1771 5654 ὲν
1792 5604 1908 5668 τοῖς

364 5712 418 5787 ‘f
438 5712 635 5787 Matth.
662 5730 715 5779 v,
746 5714 823 5787 4.
877 5715 924 5748 ³⁸
952 5714 1088 5771 Luc.
1117 5731 1191 5782 ιτ,
1221 5715 1310 5772 38.
1368 5714 1415 5748 ⁸⁸
1440 5713 1604 5770 Num.
1624 5730 1771 5782 τινι,
1790 5717 1878 5785 55,
1902 5721 1907 5771 .‘

2064 5722 2108 5753 ³⁸
2142 5720 2311 5777 lCor.
2332 5736 2425 5787 xu,
2460 5721 2544 5775 Η.

276 5782 424 5829 .”—-"°
449 5784 613 5841 Joau.
638 5801 749 5851 xvi,
772 5786 864 5841 25.

2007 4693 2098 4738 tus
2113 4698 2237 4737 sum
2254 4683 2436 4747 vobis;
2465 4681 2618 4736 venit
2633 4680 2771 4735 hora
2786 4694 2913 4735 cum
2930 4693 3041 4732 non
3058 4674 3297 4746 amplius
3319 4672 3376 4728 in
3398 4687 3622 4743 prover-

2007 4775 2115 4831 biis
2147 4775 2344 4845 loquar
2372 4773 2551 4838 vobis,
2576 4772 2673 4828 sed
2688 4772 2869 4842 palam
2882 4769 2950 4825 de
2965 4769 3128 4824 Patre
3146 4763 3493 4821 annuntiabo
3518 4779 3620 4817 vo-

2001 4871 2091 4926 bis
2109 4869 2252 4923 ³⁹-¹’⁰.
2281 4888 2299 4920 ι
2323 4863 2498 4923 Porro
2514 4867 2585 4922 ab
2612 4882 2723 4922 uno
2754 4880 2949 4921 mense
2970 4861 3336 4919 sacratiorum
3368 4858 3620 4911 virorum

2004 4965 2067 5019 fit
2089 4962 2415 5033 descriptio,
2441 4970 2505 5017 ut
2523 4960 2690 5016 modo
2718 4959 2833 5016 dixi
2862 4976 2875 5011 :
2910 4974 2984 5013 ex
3013 4956 3112 5028 illo
3140 4966 3382 5023 namque
3404 4957 3623 5004 sancto—
3654 4984 3659 4991 ι

2011 5072 2138 5111 rum
2192 5069 2431 5111 numero
2474 5069 2588 5109 non
2625 5053 2665 5107 ii
2717 5051 2899 5107 solum
2933 5049 2990 5105 in
3025 5048 3169 5102 libro
3204 5044 3300 5099 Dei
3352 5039 3617 5110 descripti

2004 5156 2138 5206 sunt
2167 5147 2264 5219 qui
2304 5145 2521 5201 viribus
2548 5142 2933 5216 spiritualibus
2969 5138 3201 5210 pollent,
3238 5141 3296 5189 et
3328 5129 3617 5201 sapientia:

2006 5239 2233 5299 nomine
2256 5245 2389 5295 sunt
2425 5237 2713 5302 clariores,
2743 5234 2838 5290 sed
2861 5234 3179 5305 quicunque
3204 5225 3615 5299 simplicitatem

2006 5349 2131 5390 eam
2162 5348 2286 5403 quae
2319 5330 2624 5387 secundum
2659 5328 2938 5385 Christum
2986 5332 3091 5387 est,
3130 5320 3423 5394 amplexati
3458 5328 3608 5378 sunt.

2007 5432 2065 5480 et
2098 5424 2306 5479 malitia
2334 5429 2462 5478 sunt
2516 5420 2753 5493 parvuli.
2787 5417 3137 5489 Descriptum
3190 5414 3361 5487 igitur
3389 5421 3476 5468 est
3518 5428 3615 5483 ge—

2007 5531 2117 5572 nus
2177 5514 2315 5570 illud
2363 5513 2634 5570 sacratius
2687 5512 3049 5569 universum.
3108 5519 3227 5565 tum
3272 5504 3312 5560 ii
3350 5502 3615 5571 nimirum

2010 5608 2107 5680 qui
2129 5606 2423 5678 sapientia,
2470 5616 2583 5660 tum
2619 5605 2713 5677 qui
2742 5602 3097 5677 simplicitate
3133 5599 3364 5672 pollent.
3429 5597 3613 5651 ιηιιυὶιυ

2625 5719 2668 5751 ³⁷
2698 5719 2842 5776 Ρδοι,
2872 5716 3109 5788 “3,16.
3185 5714 3228 5747 ⁵⁵
3254 5707 3446 5768 Matth.
3472 5722 3523 5773 \,
3548 5701 3605 5761 8.

369 5901 453 5976 (ι)
484 5900 625 5959 Cod.
662 5903 812 5974 Χῖοι,
851 5904 1265 5981 ἀποπλήρωσιν.
1303 5905 1473 5979 Magis
1494 5905 1668 5978 probo
1691 5904 1907 5962 lectiow

2018 5903 2225 5959 codicis
2250 5918 2360 5985 quo
2390 5918 2522 5960 usus
2545 5918 2687 5959 sum.
