4096 6460
460 389 561 447 ὀῧί

1486 384 1543 441 S.
1584 383 1865 440 CYRILLI
1906 381 2383 438 ALEXANDRINI
2419 383 2739 441 ARCHIEP.

3641 393 3746 450 532‘.

460 517 547 564 est
581 514 788 572 autem,
813 505 1047 571 Palladi,
1093 502 1365 576 ejusmodi
1406 503 1705 560 discrimen
1740 503 1796 557 in
1837 509 2054 558 sancto-

2163 502 2591 574 ἐπεσκεμμένοις
2622 503 2727 557 ὑπὸ
2763 503 2936 577 Μωσῆ
2970 505 3066 561 καὶ
3109 506 3341 581 ’Δαρὼν,
3380 506 3476 573 οὓς
3509 508 3717 563 ἕπεσκὲ
3734 542 3759 550 -

464 616 590 654 rum
641 599 880 663 animis,
954 597 1215 653 sensibus
1275 613 1340 652 ac
1403 597 1654 652 moribus
1712 596 2045 667 perspicere.

464 692 603 768 Illud
649 707 869 762 quoque
909 690 1180 762 adjunxit,
1220 691 1501 746 neminem
1535 706 1602 746 ex
1634 690 1702 745 iis
1731 689 1901 745 fuisse
1953 690 2050 759 qui

462 783 717 840 recensi'ti
768 785 922 854 prius
966 783 1186 840 fuerant
1235 799 1265 838 a
1329 784 1513 857 Moyse
1551 795 1607 840 et
1647 785 1854 849 Aaron,
1911 799 2051 854 quos

461 885 864 931 reccnsuerant
892 876 1036 931 ﬁlios
1072 876 1237 931 Israel
1261 876 1317 929 in
1355 875 1578 931 deserto
1615 875 1766 941 Sina,
1806 876 1934 947 quia
1968 876 2053 931 di-

461 966 541 1019 xit
568 966 834 1021 Dominus
866 967 1002 1037 ipsis
1036 985 1049 1020 :
1078 967 1250 1023 Morte
1279 968 1589 1023 morientur
1618 969 1672 1023 in
1719 967 1958 1033 deserto,
1995 980 2052 1025 et

459 1070 573 1109 non
593 1064 677 1110 est
701 1057 933 1113 relictus
955 1073 1026 1113 ne
1046 1074 1193 1113 unus
1219 1058 1445 1128 quidem
1467 1074 1536 1113 ex
1562 1059 1717 1129 ipsis,
1745 1060 1853 1114 nisi
1882 1058 2051 1115 Caleb

459 1143 606 1200 ﬁlius
646 1146 917 1217 Jephone,
969 1157 1025 1204 et
1067 1148 1227 1205 Jesus
1276 1148 1424 1205 ﬁlius
1470 1149 1620 1205 Nave
1677 1151 1721 1183 “
1771 1170 1784 1205 :
1832 1152 1888 1206 in
1937 1167 2049 1222 quo

458 1237 755 1307 perspicue
792 1238 1070 1305 ostendit,
1116 1255 1228 1295 non
1285 1241 1356 1295 ad
1402 1240 1716 1297 incredulos
1770 1243 2051 1312 pertinere

458 1330 871 1399 possessionum
910 1332 1380 1398 distributionem,
1409 1343 1465 1388 et
1509 1332 1661 1388 illam
1691 1332 1747 1388 in
1789 1333 1887 1388 Dei
1908 1333 2053 1389 libro

460 1421 913 1492 descriptionem,
943 1425 1039 1480 sed
1057 1425 1138 1480 eis
1154 1426 1339 1497 potius
1355 1426 1652 1482 convenire
1681 1426 1778 1497 qui
1792 1412 1959 1482 ﬁdem
1974 1427 2058 1481 ιιὶ-

461 1514 665 1569 mirum
683 1515 741 1569 in
759 1515 1042 1572 Christum
1072 1518 1313 1589 amplexi
1329 1527 1457 1574 sunt
1480 1535 1494 1572 :
1513 1533 1641 1573 nam
1661 1518 1730 1574 de
1748 1518 2054 1574 incredulis

461 1606 540 1661 ait
568 1605 789 1663 divinus
827 1608 1033 1664 David:
1069 1628 1087 1661 ι
1116 1602 1415 1666 Deleantur
1443 1610 1511 1665 de
1536 1609 1683 1665 libro
1719 1610 2047 1676 viventium,

460 1707 517 1754 et
551 1710 677 1754 cum
702 1701 867 1772 justis
899 1717 1011 1757 non
1042 1702 1357 1759 scribantur
1385 1702 1452 1757 ι’.
1490 1721 1510 1755 ι
1546 1702 1609 1758 In
1638 1704 1842 1774 quibus
1882 1704 2051 1760 etiam

459 1790 648 1845 verbis
686 1792 909 1848 divinus
947 1809 1131 1850 sermo
1175 1794 1338 1849 nobis
1356 1794 1594 1851 latenter
1635 1795 1897 1861 ostendit,
1924 1812 2052 1852 cre-

2155 593 2327 663 ψαντο
2345 596 2471 659 τοὺς
2499 596 2651 660 υἱοὺς
2694 596 2914 670 Ἰσραὴλ
2942 599 3000 651 ὲν
3019 601 3084 670 τῇ
3106 600 3300 672 ἐρήμῳ
3328 600 3479 672 Σινᾷ,
3511 602 3593 654 ὅτι
3620 596 3745 655 εἶπε

2159 685 2364 757 Κύριος
2395 688 2596 751 αὐτοῖς·
2627 688 2858 760 Θανάτῳ
2895 690 3292 746 ἀποθανοῦνται
3324 694 3384 746 ὲν
3418 695 3485 765 τῇ
3523 693 3745 766 ἐρήμῳ,

2158 779 2255 831 καὶ
2286 779 2347 832 οὐ
2374 780 2704 854 κατελείφθη
2742 782 2801 847 ἐξ
2840 782 3019 838 αὐτῶν
3047 783 3169 837 οὐδὲ
3192 779 3275 849 εἷς
3293 825 3308 850 ,
3339 783 3478 857 πλὴν
3507 785 3686 839 Χαλὲδ
3714 785 3748 838 6

2155 870 2271 935 υίὸς
2316 873 2522 943 ’ῐεφονῆ
2543 913 2557 938 ,
2591 874 2685 927 καί⁵
2727 873 2933 944 Ἰησοῦς
2957 875 2986 928 6
3027 875 3123 930 τοῦ
3152 877 3342 948 Nan-71'
3374 877 3750 949 παραδεικνὺς

2155 961 2426 1034 ἐναργῶς,
2464 963 2547 1017 ὅτι
2601 963 2678 1036 μὴ
2729 967 2842 1029 τοῖς
2878 966 3246 1039 ἀπειθήσασιν
3281 970 3315 1039 ἡ
3368 968 3746 1040 κληρονομία,

2153 1057 2251 1109 καὶ
2283 1057 2345 1109 τὸ
2374 1060 2432 1112 ὲν
2464 1056 2632 1129 βίϐλῳ
2656 1058 2966 1131 γεγράφθαι
2996 1060 3131 1115 Θεοῦ
3154 1076 3167 1090 ·
3198 1060 3403 1133 πρέποι
3424 1060 3468 1113 δ’
3500 1061 3567 1115 ἂν
3603 1062 3749 1133 μᾶλα

2153 1149 2246 1205 λον
2288 1153 2403 1215 τοῖς
2443 1150 2541 1222 τὴν
2577 1152 2763 1207 πίστιν
2785 1151 3212 1224 είσδεδεγμὲνοις
3230 1193 3245 1219 ,
3275 1153 3433 1225 δῆλον
3455 1153 3511 1206 δὲ
3539 1153 3623 1207 ὅτι
3643 1152 3750 1224 τὴν

2157 1245 2214 1296 ὲν
2258 1242 2514 1314 Χριστῷ·
2564 1242 2694 1315 περὶ
2744 1242 2842 1314 μὲν
2887 1243 2998 1315 γὰρ
3049 1243 3158 1298 τῶν
3211 1242 3598 1316 ὴπειθηκότων
3657 1242 3747 1309 τὸ,

2160 1352 2180 1385 ι
2237 1333 2746 1405 Ἐξαλειφθήτωσαν
2802 1336 2868 1388 ὲκ
2920 1332 3105 1405 βίϐλου
3163 1332 3403 1401 ζώντων,
3460 1332 3556 1387 καὶ⁵
3604 1332 3753 1402 μετὰ

2155 1427 2380 1481 δικαίων
2417 1426 2493 1499 μὴ
2537 1429 2911 1498 γραφήτωσαν
2930 1469 2944 1494 ,
2993 1446 3013 1479 ι
3042 1428 3070 1480 ὁ
3095 1426 3386 1490 θεσπέσιος
3417 1425 3525 1496 εφη
3555 1424 3751 1480 Δαϐίδ.

2168 1517 2533 1589 ’Υπεμφαίνει
2566 1518 2623 1573 δὲ
2649 1520 2781 1591 ἡμῖν
2807 1519 2903 1574 καὶ
2929 1519 2992 1573 τὸ
3029 1516 3171 1573 θεῖον
3198 1521 3256 1573 ὲν
3286 1517 3499 1580 τούτοις
3539 1515 3753 1585 λόγιον,

2155 1610 2237 1663 ὅτι
2275 1612 2390 1674 τοῖς
2436 1608 2787 1665 πιστεύουσιν
2833 1612 2869 1682 ἡ
2911 1610 3108 1682 χάρις·
3161 1609 3249 1663 διὰ
3302 1609 3413 1680 γάρ
3452 1625 3537 1662 τοι
3587 1606 3755 1661 τοῦτο

2156 1701 2294 1772 πρὸς
2337 1700 2415 1773 τῷ
2478 1700 2716 1774 Ἰορδάνῃ
2770 1702 2870 1774 τὴν
2926 1701 3251 1774 ἀπογραφὴν
3303 1698 3562 1770 γενέσθαι
3612 1698 3758 1769 φησὶ

2161 1792 2440 1865 μυστικῶς
2467 1795 2496 1849 6
2515 1794 2692 1862 λόγος·
2718 1793 3072 1865 ἀνάγραπτος
3097 1793 3207 1865 γὰρ
3228 1794 3258 1845 6
3285 1789 3750 1862 βεϐαπτισμένοςο

463 1880 725 1941 dentibus
749 1886 872 1941 dari
897 1888 1127 1957 gratiam
1168 1887 1446 1958 :ideoque
1486 1887 1719 1960 mystice
1764 1886 2055 1958 Scriptura

2163 1885 2297 1957 πλὴν
2346 1886 2449 1957 οὐχ
2495 1885 2809 1958 ὁλοκλήρως
2857 1885 3229 1940 ἀποπέπτωκε
3282 1883 3385 1955 τῆς
3443 1883 3662 1947 ἐλπίδος
3729 1884 3759 1938 6

464 1974 621 2041 dicit,
657 1993 829 2048 prope
852 1976 1149 2034 Iordanem
1182 1978 1385 2035 factam
1416 1994 1541 2035 esse
1581 1977 2050 2049 descriptionem;

464 2065 515 2121 is
542 2068 692 2122 enim
748 2068 1107 2134 describitur,
1138 2070 1234 2140 qui
1276 2069 1587 2140 baptizatus
1626 2068 1814 2125 fuerit.
1863 2069 2056 2140 Neque

463 2169 646 2215 tamen
676 2158 969 2215 universus
1002 2159 1166 2215 Israel
1197 2175 1295 2230 spe
1345 2160 1570 2216 excidit.
1612 2159 1856 2217 Servata
1895 2178 2055 2217 nam-

459 2266 567 2321 que
600 2260 731 2305 sunt
765 2252 1033 2322 reliquiae,
1057 2253 1215 2324 juxta
1246 2253 1535 2324 prophetas
1557 2270 1753 2309 vocem
1778 2253 1826 2315 ’ἕ
1853 2272 1867 2310 :
1893 2255 2054 2327 cujus

460 2340 540 2396 rei
567 2339 798 2412 ﬁguram
831 2352 1035 2413 gerunt
1053 2342 1224 2399 Calcb
1263 2354 1321 2400 et
1348 2344 1530 2411 Iesus,
1559 2345 1664 2401 soli
1693 2361 1763 2401 ex
1794 2347 2056 2402 omnibus

459 2436 676 2495 relicti.
723 2436 821 2507 qui
874 2438 1224 2493 haereditaria
1268 2439 1364 2493 illa
1398 2447 1549 2495 sorte
1590 2441 1941 2511 potirentur,
2000 2449 2058 2497 et

459 2526 913 2584 describerentur
940 2545 1052 2584 una
1075 2545 1200 2584 cum
1228 2531 1298 2586 iis
1323 2531 1418 2601 qui
1446 2530 1795 2594 inﬁdelitatis
1820 2532 2054 2589 crimine

458 2635 573 2675 non
600 2621 955 2676 tenebantur.
984 2621 1378 2678 Animadverte
1401 2630 1587 2678 autem
1612 2624 1822 2694 ubique
1840 2634 2058 2680 sancto-

458 2728 585 2767 rum
612 2714 898 2769 hominum
922 2714 1355 2786 descriptionem
1401 2722 1458 2771 et
1496 2730 1754 2787 agrorum
1791 2716 2058 2773 distribu-

461 2805 671 2860 tionem
712 2823 726 2861 :
768 2806 984 2878 geritur
1039 2807 1189 2863 enim
1240 2822 1334 2879 per
1392 2808 1615 2881 Moysen
1669 2816 1728 2864 et
1784 2826 1911 2865 eum
1961 2810 2057 2880 qui

368 2976 371 2981 ρ
461 2899 776 2955 sacerdotio
800 2901 1255 2971 praestantissimo
1286 2901 1641 2974 fungebatur,
1665 2909 1747 2967 ut,
1777 2904 1923 2959 sicut
1943 2904 2057 2974 jam

461 2997 623 3045 antea
640 2990 775 3057 dixi,
804 3007 902 3062 per
923 3000 1221 3063 utrumque
1258 3008 1429 3066 unum
1451 2992 1734 3050 Christum
1760 2992 2052 3063 intelligas,

467 3080 626 3153 I37
655 3089 916 3154 tanquam
941 3085 1289 3139 sacerdotem
1330 3099 1609 3139 summum
1633 3094 1801 3155 atque
1840 3085 2057 3156 legisla-

461 3180 670 3242 torem;
703 3191 803 3247 per
835 3192 1000 3250 quem
1023 3177 1204 3233 omnis
1226 3177 1404 3247 gratia
1442 3176 1738 3243 tribuitur,
1773 3185 1831 3232 et
1871 3177 1963 3231 illa
1998 3176 2060 3231 ﬁt

2172 1979 2410 2052 Ἰσραήλ.
2452 1977 2729 2033 Σέσωσται
2772 1979 2882 2050 γὰρ
2913 1978 2975 2032 τὸ
3025 1977 3409 2048 κατάλειμμα,
3455 1974 3598 2029 κατά
3648 1974 3760 2048 τὴν

2157 2068 2250 2123 τοῦ
2277 2070 2559 2141 προφήτου
2608 2069 2817 2140 φωνὴν,
2862 2061 2924 2122 οὗ
2951 2067 3124 2133 τύπος
3167 2066 3233 2122 ἂν
3283 2063 3392 2121 εἶεν
3430 2068 3479 2120 oi
3515 2067 3579 2120 ὲκ
3609 2066 3763 2120 πάν-

2156 2178 2266 2216 των
2298 2161 2789 2233 καταλελειμμένοι
2831 2160 2985 2234 μόνοι
3031 2160 3215 2215 Χαλέϐ
3261 2178 3323 2215 τε
3366 2159 3461 2213 καὶ
3518 2159 3763 2231 Ἰησοῦς,

2161 2254 2735 2327 συγκληρονομοῦντές
2773 2272 2833 2308 τε
2880 2255 2976 2309 καὶ⁵
3016 2254 3467 2325 ἀπογραφόμενοι
3499 2254 3612 2315 τοῖς
3647 2250 3764 2321 τῆς

2158 2349 2421 2414 ἀπιστίας
2450 2350 2794 2421 ἐγκλήμασιν
2831 2349 2933 2402 οὐκ
2961 2348 3326 2420 ὲνεχομένοις.
3373 2346 3658 2417 Ἐπιτήρει
3702 2344 3764 2399 δὲ

2159 2443 2412 2514 πανταχῆ
2456 2442 2554 2515 τὴν
2594 2441 2702 2497 τῶν
2748 2443 2922 2512 ἁγίων
2971 2440 3302 2514 ἀπογραφὴν
3346 2441 3443 2494 καὶ
3490 2438 3762 2509 κληροδοο

2162 2533 2301 2587 σίαν.
2333 2533 2642 2605 Πράττεται
2671 2533 2780 2605 γὰρ
2817 2533 2908 2588 διά
2941 2550 2999 2586 τε
3030 2532 3278 2596 Μωσέως
3327 2530 3423 2584 καὶ
3462 2528 3557 2583 τοῦ
3584 2528 3767 2600 πρού-

2160 2640 2349 2695 χοντος
2379 2626 2439 2678 ὲν
2468 2624 2760 2698 ἱερωσύνῃ,
2797 2625 2904 2683 ἴνα,
2930 2622 3183 2694 καθάπερ
3209 2623 3310 2694 ήδη
3346 2623 3629 2693 προεῖπον,
3659 2619 3764 2675 τὸν

2159 2716 2258 2771 ἕνα
2297 2714 2366 2768 δι’
2392 2716 2599 2786 ἀμφοῖν
2627 2718 2827 2788 νοήσῃς
2856 2714 3116 2785 Χριστὸν,
3144 2713 3219 2776 ὡς
3247 2711 3512 2783 ἀρχιερέα
3550 2712 3646 2765 καὶ
3676 2727 3767 2762 νος

2164 2807 2419 2879 μοθέτην,
2445 2807 2514 2862 δι’
2534 2802 2597 2863 οὗ
2623 2808 2775 2862 πᾶσα
2805 2808 2988 2879 χάρις,
3021 2805 3119 2861 καὶ
3155 2805 3218 2858 τὸ
3244 2807 3302 2859 ὲν
3345 2805 3465 2866 ταῖς
3504 2802 3619 2857 ἀνω
3653 2800 3766 2871 φέ-

2163 2898 2351 2970 ρεσθαι
2388 2898 2614 2971 βίϐλοις,
2643 2898 2710 2963 ἀς
2736 2901 2831 2954 καὶ
2855 2900 2885 2953 6
2926 2899 3199 2970 μακάριος
3228 2895 3430 2966 Δανιὴλ
3465 2892 3769 2948 τεθεᾶσθαι

2162 3009 2328 3064 φησιν
2393 2991 2624 3047 ἑαυτόν.
2677 3011 2696 3044 ι
2743 2991 2925 3046 Βίϐλοι
2964 2991 3073 3064 γὰρ
3098 2988 3474 3062 ἠνεῴχθησαν,
3512 3005 3531 3039 ι
3565 2987 3765 3058 φησὶν,

2161 3087 2244 3140 ὅτι
2290 3085 2459 3157 πολλή
2496 3103 2601 3140 που
2650 3086 2869 3140 πάντων
2912 3086 3008 3140 καὶ
3048 3083 3303 3154 διάφορος
3348 3082 3381 3153 ὴ
3424 3079 3767 3151 ἀπογραφὴ,

2161 3176 2250 3231 διὰ
2277 3177 2341 3250 δή
2370 3196 2451 3233 τοι
2472 3179 2630 3233 τοῦτο
2658 3178 2851 3244 πολλὰ,
2881 3177 2978 3231 καὶ
2998 3177 3099 3247 οὐχ
3123 3175 3181 3230 ἓν
3204 3175 3266 3229 τὸ
3295 3173 3520 3245 βιϐλίον.

460 3266 519 3322 in
535 3267 793 3341 supernis
814 3268 924 3324 illis
944 3269 1105 3325 libris
1122 3268 1429 3341 descripth
1462 3285 1642 3340 :quos
1670 3268 1839 3324 etiam
1865 3268 2061 3325 beatus
2086 3270 2276 3326 Daniel
2321 3287 2382 3326 se
2416 3270 2624 3327 vidisse
2661 3270 2815 3327 dicit.
2871 3290 2889 3322 ‹
2925 3269 3104 3335 Libri,
3144 3288 3163 3320 ι
3215 3265 3506 3338 inquiens,
3538 3283 3556 3316 ι
3579 3271 3773 3336 aperti

462 3369 595 3415 sunt
623 3360 670 3392 δ’
701 3378 715 3414 :
749 3380 768 3413 ι
794 3376 923 3416 nam
951 3362 1082 3431 quia
1097 3362 1389 3433 multiplex
1427 3370 1486 3417 et
1538 3361 1757 3417 diversa
1814 3360 2117 3431 descriptio
2150 3370 2256 3430 est,
2292 3363 2420 3419 ideo
2444 3364 2658 3435 plures,
2679 3378 2793 3419 non
2829 3376 2974 3417 unus
2998 3360 3161 3418 liber.

532 3473 735 3530 PALL.
767 3475 938 3531 Recte
965 3476 1132 3547 igitur
1157 3492 1221 3530 ac
1243 3476 1380 3531 scite
1410 3475 1622 3532 dictum
1676 3474 1815 3529 illud
1844 3490 1875 3529 e
1914 3475 2053 3529 Pro-

2228 3478 2437 3532 IIAAA.
2493 3474 2706 3549 Ὀρθῶς
2738 3470 2833 3530 οὖν
2863 3474 2972 3546 ἄρα
3012 3473 3106 3528 καὶ⁵
3147 3470 3328 3543 σοφῶς
3358 3473 3388 3525 6
3419 3472 3520 3542 τῆς
3552 3471 3771 3544 Παροι-

464 3567 976 3623 verbiisadmonet:
1011 3568 1367 3624 «Divitiarum
1391 3568 1535 3639 pigri
1560 3566 1873 3639 indigentes
1896 3567 2055 3634 ﬁunt;

467 3660 676 3716 strenui
715 3670 899 3716 autem
931 3659 1237 3718 fulciuntur
1266 3662 1469 3732 opibus
1507 3662 1575 3714 ι’,
1606 3679 1626 3712 ι

537 3752 695 3810 CVR.
732 3754 1061 3810 Fulciuutur
1097 3756 1179 3811 illi
1239 3754 1488 3833 quidem,
1528 3755 1817 3825 Deumque
1856 3753 2063 3810 habent

2166 3570 2297 3644 μίας
2329 3573 2461 3642 ἡμῖν
2491 3570 2798 3652 ἔφηθόγος·
2845 3588 2863 3621 ι
2909 3568 3149 3622 Πλούτου
3178 3566 3403 3639 ὀκνηροί.
3432 3563 3633 3630 ἐνδεεῖς
3671 3567 3773 3635 γί..

2165 3681 2365 3718 νονται·
2395 3665 2444 3717 oi
2476 3663 2532 3717 δὲ
2559 3663 2792 3735 ἀνδρεῖοι
2817 3660 3115 3733 ὲρείδονται
3150 3659 3387 3730 πλούτῳ.
3416 3675 3441 3709 ν»

2235 3758 2402 3811 ΚΥΡ.
2444 3755 2772 3827 Ἐρείδονται
2797 3754 2907 3827 γὰρ
2948 3748 3066 3818 οὖν,
3097 3752 3193 3805 καὶ
3237 3751 3372 3805 Θεὸν
3417 3748 3635 3821 ἔχουσιν
3670 3751 3775 3804 £6-

466 3844 771 3916 propitium
802 3860 868 3901 ac
894 3856 1387 3919 propugnatorem,
1432 3845 1528 3917 qui
1576 3845 1896 3902 cmlestibus
1939 3845 2056 3901 illos

2169 3844 2308 3916 μενῆ
2333 3844 2429 3897 καὶ
2458 3842 2859 3915 προεστηκότα,
2891 3841 2987 3895 καὶ
3012 3840 3448 3895 καταπιαίνοντα
3483 3839 3585 3911 μὲν
3611 3840 3776 3894 εὐλο-

469 3936 956 3994 benedictionibus
984 3947 1573 4010 augeat,coronetque,
1599 3952 1665 3992 ac
1696 3936 2062 4007 praeclarissi-

474 4031 901 4088 mishonoribus
937 4041 995 4088 et
1018 4032 1222 4104 insigni
1242 4032 1415 4104 gloria
1452 4032 1791 4103 amplissime
1811 4040 2061 4088 exornet.

468 4128 553 4183 An
572 4126 756 4182 minus
770 4144 901 4183 vere
918 4127 1070 4198 loqui
1088 4137 1268 4198 putas,
1287 4142 1414 4182 cum
1431 4125 1566 4183 dicit
1592 4144 1604 4180 :
1637 4146 1656 4179 ι
1679 4127 1818 4182 Vivo
1830 4142 1954 4198 ego,
1974 4126 2064 4182 (ιιι

469 4219 547 4286 cit
573 4221 857 4287 Dominus,
882 4220 1013 4291 quia
1040 4219 1412 4292 gloriﬁcantes
1447 4235 1533 4275 me
1581 4218 1905 4291 gloriﬁcabo
1931 4218 2012 4271 “‘2
2038 4236 2057 4269 ι

543 4312 742 4368 PALL.
770 4312 1043 4384 Equidem
1075 4313 1335 4369 maxime.

542 4404 701 4461 (ΝΒ.
730 4405 899 4476 Atqui
931 4405 1151 4476 perﬁcit
1203 4414 1354 4462 certe
1403 4420 1528 4475 quae
1563 4405 1631 4460 ad
1683 4405 1783 4460 Dei
1832 4402 2066 4474 gloriam

2166 3935 2312 4007 γίαις
2334 3938 2460 4000 ταῖς
2484 3935 2710 4000 ἀνωθεν,
2739 3933 3145 4007 διαφανεστάτῃ
3168 3934 3227 3987 δὲ
3244 3933 3367 3987 λίαν
3390 3932 3775 4001 στεφανοῦντα

2166 4032 2322 4101 τιμῇ,
2351 4031 2446 4083 καὶ
2474 4026 2783 4100 διαϐοήτοις
2821 4026 3103 4098 αὐχήμασι
3161 4024 3433 4089 πλουσίως
3478 4025 3768 4080 κατακαλ-

2166 4120 2413 4176 λύνοντα.
2442 4120 2515 4173 Ἢ
2550 4119 2650 4173 οὐκ
2692 4118 2982 4191 ἀληθεύει,
3014 4117 3207 4188 λέγων·
3242 4136 3262 4170 ι
3298 4116 3416 4173 -Ζῶ
3447 4116 3582 4188 ἐγὼ,
3611 4116 3776 4187 λέγει

2167 4212 2395 4285 Κύριος,
2430 4212 2513 4266 ὅτι
2538 4212 2665 4275 τοὺς
2691 4208 3013 4275 δοξάζοντάς
3046 4226 3116 4280 με
3148 4207 3394 4276 deﬁciam;
3431 4227 3451 4262 ι

2241 4306 2451 4359 ΠᾹΛΛ.
2484 4303 2635 4359 Πάνυ
2666 4304 2764 4375 μὲν
2797 4298 2911 4360 οὖν.

2240 4398 2408 4452 ΚΥΡ.
2455 4395 2840 4470 Ἀποπεραίνει
2864 4412 2929 4466 γε
2955 4395 3062 4469 μὴν
3082 4394 3154 4448 τά
3190 4395 3271 4458 είς
3298 4391 3456 4461 δόξαν
3489 4389 3624 4446 Θεοῦ
3661 4392 3775 4455 πᾶς

472 4498 772 4570 pertinent,
812 4509 874 4556 ut
906 4499 1132 4570 opinor,
1173 4498 1427 4570 quisquis
1479 4497 1649 4553 fuerit
1689 4506 1971 4560 strenuus,
2012 4505 2056 4551 et

2170 4507 2254 4554 τις
2278 4485 2403 4557 οὖν,
2439 4484 2598 4560 οἶμαι
2620 4531 2635 4555 ,
2664 4487 2915 4553 νεανικὸς
2934 4528 2949 4554 ,
2984 4487 3078 4541 καὶ
3126 4483 3460 4557 ὲπησκηκὼς
3512 4483 3777 4556 ἀνδρείαν

472 4589 781 4645 excoluerit
808 4591 1155 4661 spiritualem
1210 4588 1618 4652 fortitudinem,
1672 4594 1730 4642 et
1790 4585 1860 4640 ad
1918 4585 2070 4640 obsi-

2170 4582 2269 4654 τὴν
2308 4581 2727 4653 πνευματικὴν,
2758 4580 2857 4634 καὶ
2900 4578 3326 4634 ἀντανίστασθαι
3374 4573 3777 4648 μεμελετηκὼς

475 4681 734 4738 stendum
773 4683 1171 4754 spectabilibus
1194 4681 1538 4751 occultisque
1588 4678 1845 4733 hostibus
1898 4677 2056 4734 fuerit

2170 4677 2385 4748 ὁρατοῖς
2409 4691 2472 4729 τε
2510 4674 2604 4728 καί
2631 4673 2885 4745 ἀοράτοις
2913 4671 3167 4745 ἐχθροῖς,
3202 4669 3396 4725 ἑαυτόν
3427 4685 3488 4722 τε
3523 4667 3617 4722 καὶ
3649 4667 3777 4721 ἑτέ-ι
3810 4717 3814 4720 ι

474 4775 834 4843 exercitatus,
865 4791 1036 4847 seque
1073 4782 1131 4830 et
1184 4783 1416 4829 caeteros
1464 4786 1689 4827 servare
1740 4770 1980 4838 noverit,
2009 4779 2056 4827 et

2175 4785 2303 4840 ρους
2352 4764 2657 4831 ἀνασώζειν
2708 4764 2900 4832 εἰδὼς,
2957 4765 3054 4820 καὶ
3098 4765 3159 4819 ὲν
3207 4764 3329 4835 Θεῷ
3377 4762 3555 4818 πάντα
3601 4759 3776 4817 δυνά-

475 4867 661 4927 omnia
688 4869 745 4924 in
774 4870 889 4925 Deo
912 4868 1176 4941 potuerit.

547 4962 746 5019 PALL.
779 4963 1089 5020 Assentior.

548 5056 706 5119 CYR.
732 5056 898 5114 Visne
921 5056 1089 5127 igitur
1118 5055 1226 5111 hoc
1264 5056 1446 5126 ipsum
1474 5056 1532 5110 in
1570 5056 1640 5111 iis
1665 5072 1788 5127 quae
1817 5056 1887 5113 de
1940 5056 2071 5113 bea~

478 5159 538 5212 to
568 5148 848 5203 Abraham
882 5145 953 5202 ad
982 5145 1278 5201 maximam
1325 5145 1624 5201 utilitatem
1660 5156 1908 5204 nostram
1939 5163 2068 5203 nar-

480 5246 697 5305 rantur,
727 5239 885 5294 velut
940 5239 998 5293 in
1026 5238 1216 5294 tabula
1249 5238 1489 5310 quadam
1512 5241 1714 5298 leviter
1772 5240 2073 5298 adumbra-

478 5335 599 5383 tum
629 5329 1107 5401 contemplemur?

553 5420 753 5477 PALL.
772 5422 948 5478 Velim
971 5425 1228 5496 equidem
1251 5424 1652 5492 libentissime;
1684 5425 1927 5497 quidni?

552 5512 714 5570 CYR.
749 5514 1030 5588 Scriptum
1073 5530 1159 5576 est
1197 5518 1387 5591 igitur,
1431 5517 1537 5574 Lot
1575 5518 1859 5574 habitasse
1883 5532 2073 5572 versa-

485 5612 716 5679 tumque
744 5623 864 5664 esse
891 5608 1145 5667 Sodomis
1164 5611 1208 5646 ⁸⁷
1237 5627 1251 5679 ;
1287 5626 1415 5666 cum
1457 5625 1591 5666 vero
1616 5625 1781 5681 grave
1823 5619 1879 5665 ct
1913 5623 2077 5678 aspe-

560 5793 599 5824 "
632 5791 793 5848 Num.
823 5792 1079 5861 “H.155.

489 5862 532 5909 il
552 5862 688 5931 Gen.
716 5878 823 5934 xw,
849 5863 933 5919 12.

2101 4842 2147 4933 Ῑξ
2179 4876 2363 4933 μενος.

2249 4954 2461 5008 ΠΑΛΛ.
2496 4952 2569 5007 Σύ
2579 4971 2693 5025 μφη
2704 4969 2784 5023 μι.

2254 5046 2419 5101 ΚΥΡ.
2457 5046 2646 5100 Βούλει
2679 5045 2743 5117 δὴ
2777 5038 2870 5098 οὖν
2918 5042 3051 5097 αὐτὸ
3090 5041 3155 5111 δὴ
3198 5038 3361 5095 τοῦτο
3405 5036 3777 5110 καταθρῶμεν

2175 5135 2235 5194 εὖ
2266 5138 2414 5211 μάλα
2434 5178 2448 5204 ,
2478 5137 2729 5209 καθάπερ
2760 5138 2819 5190 ὲν
2862 5134 3053 5190 πίνακι
3090 5131 3540 5205 σκιαγραφηθὲν,
3570 5132 3629 5185 ὲν
3658 5133 3776 5194 τοῖς

2177 5233 2322 5290 κατά
2362 5233 2454 5288 τὸν
2487 5232 2775 5287 θεσπέσιον
2832 5229 3089 5302 Ἀϐραὰμ
3133 5225 3607 5296 ὲπωφελεοτάτοις
3635 5226 3777 5295 ἡμῖν

2176 5323 2511 5396 διηγήμασιν
2530 5340 2545 5390 ;

2251 5417 2461 5472 ΠΑΛΛ.
2504 5413 2759 5486 Ἑλοίμην
2788 5413 2853 5467 ἂν
2894 5411 3123 5484 σφόδρα.
3160 5411 3287 5474 Πῶς
3319 5410 3428 5482 γὰρ
3459 5407 3555 5475 οὔ;

2246 5511 2411 5565 ΚΥΡ.
2431 5509 2749 5580 Γέγραπται
2772 5505 2952 5560 τοίνυν
2975 5548 2988 5573 ,
3022 5505 3099 5568 ὡς
3139 5503 3382 5575 κατῴκει
3417 5518 3475 5555 τε
3508 5498 3606 5554 καὶ
3640 5513 3776 5552 κατ-

2180 5602 2431 5676 ηυλίξετο
2468 5601 2564 5673 μὲν
2594 5601 2650 5654 ἐν
2684 5598 2941 5668 Σοδόμοις
2998 5598 3027 5650 ὀ
3058 5594 3201 5649 Λὼτ’
3235 5592 3426 5663 ἐπειδὴ
3455 5591 3512 5644 δὲ
3545 5589 3644 5660 τὴν
3670 5586 3775 5654 γῆν

1160 5794 1203 5828 ⁶²
1236 5792 1378 5849 Psal.
1406 5807 1589 5859 vam,
1630 5789 1719 5849 ‘29.
1806 5788 1849 5821 "’
1876 5789 1979 5843 lsa.
2022 5804 2054 5843 Χ

2171 5829 2182 5841 .
2262 5786 2306 5819 ⁸⁸
2332 5787 2467 5843 Dan.
2496 5801 2591 5849 vn,
2631 5780 2714 5835 10.
2795 5780 2837 5811 η
2873 5778 3031 5834 Prov.
3058 5775 3235 5841 miri.
3316 5773 3399 5828 "l
3426 5772 3560 5843 Reg.
3594 5785 3655 5834 ιι,
3679 5763 3770 5820 30.
