4096 6432
260 350 378 403 55⁸,

998 347 1085 402 DE
1123 341 1570 402 ADORATJONE
1611 339 1677 393 IN
1719 335 1992 392 smnrru
2035 336 2123 390 ET
2166 336 2534 393 mamma.
2582 336 2710 391 Lm.
2744 336 2832 394 IV.

3481 342 3586 396 332.6

259 464 451 526 δεινὸς
502 463 597 516 καὶ
649 461 817 533 βαρὺς
863 464 1085 518 κατέΘει
1126 466 1386 534 πόλεμος,
1424 462 1531 515 τῶν
1578 479 1637 514 τε
1689 458 1886 528 ἀγχοῦ,

1994 474 2115 512 rum
2152 459 2358 512 bellum
2391 461 2447 514 in
2475 475 2596 514 eam
2642 459 2925 530 regionem
2978 457 3292 524 invasisset,
3348 475 3529 530 cumq:
3554 482 3586 517 (ξ

261 557 366 610 καὶ
401 555 520 607 τῶν
551 557 618 608 ἐκ
650 556 748 626 τῆς
781 556 986 628 ὁμόρου
1040 557 1226 628 χώρας
1247 599 1260 621 ,
1287 554 1426 626 ὁμοῦ
1463 556 1574 617 τοῖς
1631 551 1884 623 ἡγεῖσθαι

258 650 504 723 λαχοῦσι
543 651 688 704 κατὰ
717 651 922 722 κράτος
963 652 1195 704 ἑλόντων
1223 650 1322 722 τὴν
1355 648 1511 702 πόλιν
1532 692 1545 713 ,
1584 664 1886 701 συναπεκο-

266 743 466 814 μίζετο
495 746 614 807 τοῖς
643 743 1002 808 ἐξαναστᾶσιν
1037 745 1064 796 6
1098 742 1244 808 Λὼτ,
1272 744 1366 796 καὶ
1392 741 1528 812 ὁμοῦ
1550 743 1663 804 τοῖς
1705 740 1885 802 ἄλλοις

270 836 620 911 δορύληπτος
647 832 738 908 ἦν·
776 837 1228 908 παραγενόμενος
1256 835 1313 890 δέ
1343 852 1427 898 τις
1461 834 1569 887 τῶν
1607 835 1886 899 ἀνασεσω-

277 931 515 1000 σμένων,
563 949 581 980 ι
606 929 983 1000 ⁹Απηγγέλη,ι
1012 929 1196 999 φησὶν,
1225 946 1242 978 ι
1267 926 1522 996 Ἀὖραὰμ
1544 925 1620 997 τῷ
1647 925 1882 996 περάτῃ,

269 1023 434 1086 αὐτὸς
470 1021 532 1076 δὲ
565 1021 809 1092 κατῴκει
839 1023 977 1092 πρὸς
1006 1024 1073 1092 τῇ
1103 1020 1228 1091 δρυῒ
1265 1023 1330 1091 τῇ
1366 1019 1645 1090 Μαμϐρῇ,
1689 1019 1884 1089 Ἀμοῤ-

265 1116 430 1184 ραίου
459 1114 560 1166 τοῦ
592 1113 833 1183 ἀδελφοῦ
873 1113 1114 1184 Ἐσχὼλ,
1145 1113 1242 1166 καὶ
1286 1113 1381 1166 τοῦ
1413 1112 1646 1181 ἀδελφοῦ
1678 1112 1880 1177 Ain/div,

261 1209 312 1260 οἳ
402 1203 549 1277 ἦσαν
621 1207 937 1277 συνωμάται
998 1205 1094 1258 τοῦ
1182 1205 1420 1276 Ἀϐράμ.
1485 1205 1753 1267 Ἀκούσας
1818 1204 1876 1257 δέ

274 1297 526 1368 Ἀερὰμ,
558 1298 644 1351 ὅτι
677 1296 1104 1368 ῄχμαλώτευται
1133 1294 1258 1350 Λὼτ
1279 1298 1308 1348 ὀ
1346 1295 1663 1365 ἀδελφιδοῦς
1693 1295 1882 1364 αὑτοῦ,

263 1392 556 1461 ἠρίθμησε
579 1392 708 1455 τοὺς
755 1391 920 1455 ιδίους
952 1393 1252 1459 οἰκογενεῖς
1300 1391 1466 1444 αὐτοῦ
1486 1431 1500 1454 ,
1535 1391 1885 1462 τριακοσίους

263 1481 404 1533 δέκα
437 1483 536 1534 καὶ
582 1481 749 1534 ὀκτώ.
799 1481 910 1534 Kal.
958 1480 1289 1545 κατεδίωξεν
1339 1481 1517 1534 ὀπίσω
1572 1483 1751 1534 αὐτῶν
1779 1482 1885 1545 ἕως

262 1571 402 1625 Δάν·
453 1574 552 1626 καὶ
584 1573 860 1626 ἐπέπεσεν
899 1573 986 1625 ἐπ’
1013 1573 1211 1636 αὐτοὺς
1238 1572 1337 1643 τὴν
1369 1573 1542 1627 νύκτα
1575 1573 1758 1638 αὐτὸς,
1789 1574 1884 1628 καὶ

262 1665 316 1717 οι
338 1665 541 1728 παῖδες
563 1663 757 1720 αὑτοῦ.
775 1664 886 1717 Καὶ
905 1663 1177 1729 ἐπάταξεν
1199 1665 1419 1728 αὐτοὺς,
1446 1665 1539 1717 καὶ
1557 1665 1884 1731 κατεδίωξεν

268 1755 481 1817 αὐτοὺς
514 1753 624 1817 ἕως
670 1754 825 1807 Χοϐὰ
847 1796 860 1819 ,
895 1755 930 1826 ἦ
963 1755 1118 1808 ἐστιν
1165 1756 1223 1808 ἐν
1255 1756 1524 1827 ἀριστερᾷ
1562 1757 1879 1827 Δαμασκοῦ.

261 1846 384 1898 Καὶ
416 1844 740 1916 ἀπέστρεψε
770 1846 955 1898 πᾶσαν
978 1844 1078 1914 τὴν
1107 1844 1276 1899 ἵππον
1318 1845 1593 1916 Σοδόμων,
1627 1847 1723 1901 xal.
1758 1846 1883 1902 Λὼτ

258 1937 360 1990 τὸν
425 1937 748 2005 ἀδελφιδοῦν
803 1936 971 1990 αὑτοῦ
1032 1937 1390 2006 ἀπέστρεψε,
1441 1940 1538 1992 καὶ
1590 1940 1770 1994 πάντα
1817 1940 1886 1995 τὰ

264 2030 601 2100 ὑπάρχοντα
633 2028 801 2083 αὑτοῦ
825 2069 840 2093 ,
877 2030 972 2083 καὶ
1004 2029 1104 2093 τὰς
1146 2017 1442 2098 γυναῖκας,
1473 2032 1570 2087 καὶ
1610 2033 1701 2086 τὸν
1734 2033 1884 2088 λαόν.

274 2123 514 2194 Ἐξῆλθε
548 2122 606 2174 δέ
649 2121 909 2191 βασιλεὺς
944 2123 1196 2194 Σοδόμων
1228 2125 1308 2186 εἰς
1340 2125 1666 2195 συνάντησιν
1695 2125 1884 2193 αὐτοῦ,

263 2214 418 2283 μετὰ
455 2212 521 2266 τὸ
554 2211 903 2283 ὑποστρέψαι
942 2213 1108 2267 αὑτὸν
1137 2212 1248 2266 ἀπὸ
1277 2214 1379 2285 τῆς
1419 2216 1598 2284 κοπῆς
1629 2217 1888 2271 Χοδολλο-

258 2305 484 2377 γομὸρ,
524 2306 623 2359 καὶ
667 2303 779 2358 τῶν
830 2305 1100 2375 βασιλέων
1146 2307 1256 2360 τῶν
1289 2307 1430 2378 μετὰ
1460 2309 1628 2362 αὑτοῦ
1662 2313 1742 2374 εἰς
1784 2312 1886 2382 τὴν

261 2397 506 2451 κοιλάδα
537 2397 635 2450 τοῦ
659 2397 834 2468 Σαὸἧ.
867 2397 1039 2450 Τοῦτο
1072 2393 1143 2470 ἦν
1168 2399 1229 2452 τὸ
1257 2399 1436 2454 πεδίον
1460 2400 1570 2456 τῶν
1599 2400 1882 2471 βασιλέων.

261 2492 380 2545 Καὶ
447 2490 800 2561 Μελχισεδὲκ
837 2491 1090 2562 βασιλεὺς
1129 2492 1318 2564 Σαλὴμ
1359 2495 1649 2565 ἐξήνεγκεν
1687 2494 1888 2566 ἄρτους

263 2583 366 2636 καὶ
407 2577 579 2635 οἶνον·
622 2577 693 2653 ἦν
720 2581 778 2635 δὲ
802 2582 984 2654 ἱερεὺς
1023 2579 1114 2634 τοῦ
1143 2583 1278 2636 Θεοῦ
1315 2583 1567 2655 ὑψίστου·
1605 2586 1698 2639 καὶ
1733 2585 1886 2640 εὐλό-

261 2693 406 2748 γησε
438 2675 536 2729 τὸν
584 2673 835 2746 Ἀδρὰμ,
872 2677 967 2730 καὶ
1015 2669 1193 2728 εἶπεν·
1240 2675 1624 2750 Εὐλογημένος
1671 2678 1888 2750 Ἀϐρὰμ

261 2769 346 2840 τῷ
375 2767 504 2840 Θεῷ
543 2769 623 2840 τῷ
654 2768 901 2840 ὑψίστῳ,
932 2770 992 2833 ὃς
1040 2770 1229 2823 ἔκτισε
1263 2771 1354 2824 τὸν
1395 2772 1626 2844 οὐρανὸν
1662 2774 1756 2827 καὶ
1789 2773 1888 2845 τὴν

263 2862 397 2932 γῆν.
439 2860 558 2916 Καὶ
597 2860 894 2933 εὐλογητὸς
927 2865 953 2915 6
995 2861 1129 2927 Θεὸς
1167 2864 1196 2915 6
1227 2862 1484 2933 ὕψιστος,
1514 2865 1571 2928 ὃς
1600 2865 1888 2937 παρέδωκε

263 2955 396 3019 τοὺς
433 2953 670 3025 ἐχθρούς
704 2971 800 3007 σου
830 2954 1181 3027 ὑποχειρίους
1209 2972 1314 3010 σοι.
1359 2957 1469 3012 Καὶ
1508 2957 1709 3011 ἔδωκεν
1739 2957 1888 3028 αὐτῷ

265 3049 514 3118 δεκάτην
555 3049 751 3118 μοῖραν
777 3047 888 3101 ἀπὸ
921 3049 1162 3102 πάντων.
1191 3045 1329 3102 Eia-ts
1357 3049 1413 3104 δὲ
1439 3049 1698 3119 βασιλεὺς
1728 3049 1888 3102 Σοδό-

1989 551 2252 622 proxima:
2272 566 2336 604 ac
2383 551 2631 606 finitimae
2663 561 2855 620 gentes
2884 565 2993 605 una
3019 567 3146 605 cum
3191 551 3430 607 ducibus
3461 555 3578 609 suis

1987 644 2040 698 vi
2081 658 2201 697 eam
2248 642 2444 697 urbem
2469 643 2780 713 cepissent,
2820 658 2930 697 una
2976 658 3102 696 cum
3139 642 3207 696 iis
3242 643 3338 713 qui
3379 646 3584 714 captivi

1987 734 2317 805 agebantur,
2353 733 2457 788 Lot
2483 749 2704 803 quoque
2749 734 3052 788 abductum
3103 733 3268 788 simul
3305 751 3432 789 cum
3463 735 3586 791 aliis

1988 827 2043 882 in
2075 827 2319 882 hostium
2353 835 2681 898 potestatem
2719 827 2976 881 venisse:
3008 827 3127 892 sed,
3179 843 3304 881 cum
3355 829 3584 898 quidam

1987 934 2053 974 ex
2073 918 2139 974 iis
2169 919 2262 989 qui
2289 916 2934 979 evaserantadvenisset,
2973 917 3270 972 «Nuntiata
3308 933 3399 972 res
3422 928 3528 983 est,
3558 937 3578 969 ι

1988 1013 2188 1084 inquit,
2234 1034 2251 1064 ‹
2280 1013 2556 1067 Abraham
2585 1010 2947 1065 transﬂuviali
2969 1030 2981 1063 :
3007 1011 3122 1081 ipse
3155 1021 3341 1068 autem
3367 1012 3587 1067 habita-

1987 1107 2083 1162 bat
2111 1107 2179 1162 ad
2213 1122 2481 1178 quercum
2514 1105 2779 1168 Mambre,
2809 1103 3113 1158 Amorrhzei
3143 1104 3332 1159 fratris
3356 1105 3582 1167 Eschol,

1986 1210 2042 1255 et
2079 1199 2268 1255 fratris
2328 1198 2546 1263 Aunan,
2611 1197 2707 1268 qui
2745 1206 2905 1252 erant
2949 1197 3221 1267 conjurati
3282 1197 3583 1251 Abraham.

1986 1291 2236 1346 Audiens
2259 1300 2447 1346 autem
2490 1291 2772 1345 Abraham
2814 1289 2962 1359 quod
2989 1290 3242 1359 captivus
3271 1290 3448 1345 factus
3492 1307 3584 1346 es-

1986 1394 2072 1440 set
2127 1385 2230 1440 Lot
2279 1384 2467 1440 fratris
2506 1384 2674 1445 ﬁlius,
2726 1382 3042 1440 numeravit
3081 1383 3338 1453 preprios
3384 1401 3585 1439 verna-

1987 1476 2143 1531 culos
2168 1492 2300 1531 suos
2329 1485 2610 1532 trecentos
2654 1475 2846 1531 decem
2877 1485 2932 1531 ct
2967 1486 3122 1541 octo;
3157 1485 3213 1530 et
3261 1485 3588 1545 persecutus

1985 1579 2072 1624 est
2087 1584 2183 1624 eos
2205 1585 2378 1638 usque
2400 1570 2536 1633 Dan,
2555 1578 2612 1623 et
2629 1569 2792 1624 irruit
2810 1585 2978 1638 super
3007 1584 3104 1622 eos
3126 1576 3240 1622 tota
3260 1577 3442 1636 nocte,
3470 1569 3589 1640 ipse

1987 1669 2044 1716 et
2081 1664 2241 1732 pueri
2271 1665 2431 1733 ejus:
2457 1673 2513 1718 et
2560 1662 2838 1733 percussit
2889 1677 3007 1725 eos,
3037 1671 3094 1716 et
3145 1671 3474 1732 persecutus
3505 1669 3592 1717 est

1989 1769 2165 1824 usque
2188 1754 2421 1819 Chobal,
2461 1769 2585 1824 qua:
2610 1761 2697 1809 est
2746 1753 2815 1808 ad
2845 1754 3039 1808 ltevam
3072 1753 3347 1818 Damasci,
3381 1763 3438 1808 et
3492 1770 3588 1808 rc-

1990 1847 2149 1902 duxit
2176 1863 2399 1902 omnem
2422 1848 2735 1917 equitatum
2766 1846 3162 1910 Sodomorum,
3198 1855 3256 1900 et
3283 1845 3386 1901 Lot
3414 1846 3591 1902 filium

1989 1939 2180 1994 fratris
2201 1941 2288 1994 sui
2312 1940 2555 2005 reduxit,
2584 1949 2639 1994 et
2662 1955 2886 1994 omnem
2928 1940 3299 1995 substantiam
3346 1943 3488 2012 ejus,
3533 1947 3592 1996 et

1988 2031 2274 2097 mulieres,
2305 2041 2360 2087 et
2409 2033 2698 2103 populum.
2743 2032 2904 2102 138
2956 2033 3226 2103 Egressus
3257 2040 3342 2088 est
3403 2041 3590 2088 autem

1988 2140 2085 2178 rex
2119 2123 2489 2180 Sodomorum
2523 2124 2578 2178 in
2615 2139 2911 2179 occursum
2954 2124 3123 2189 illius,
3176 2133 3468 2196 postquam
3505 2141 3595 2179 rc-

1988 2233 2183 2272 versus
2213 2225 2297 2272 est
2325 2233 2357 2272 a
2386 2217 2533 2272 czede
2566 2216 3028 2281 Chodorlaomor,
3054 2225 3111 2272 et
3131 2225 3464 2272 caeterorum
3498 2235 3590 2274 re-

1988 2326 2119 2381 gum
2158 2311 2253 2380 qui
2282 2326 2408 2365 cum
2440 2310 2535 2364 illo
2582 2320 2762 2375 erant,
2790 2310 2849 2365 in
2878 2311 3078 2365 vallem
3121 2309 3284 2364 Sabe.
3337 2310 3442 2364 Hic
3471 2317 3594 2364 erat

1989 2419 2218 2474 campus
2245 2420 2460 2474 regum,
2503 2412 2559 2458 et
2584 2403 2990 2459 Melchisedech
3042 2419 3142 2457 rex
3179 2403 3361 2457 Salem
3393 2411 3593 2473 protu-

1988 2495 2054 2549 lit
2082 2510 2254 2564 panes
2279 2502 2337 2548 et
2359 2494 2552 2549 vinum
2581 2499 2597 2561 ;‘
2634 2504 2756 2548 erat
2816 2493 2966 2547 enim
3014 2492 3276 2547 sacerdos
3310 2493 3408 2548 Dei
3435 2492 3596 2547 altis-

1991 2586 2137 2651 simi,
2167 2594 2224 2640 et
2263 2585 2552 2640 benedixit
2597 2586 2901 2652 Abraham,
2939 2593 2996 2640 et
3051 2585 3229 2639 dixit:
3260 2585 3597 2642 Benedictus

1989 2678 2268 2733 Abraham
2299 2679 2414 2733 Deo
2457 2679 2748 2744 altissimo,
2803 2678 2898 2748 qui
2936 2677 3077 2732 fecit
3131 2677 3339 2732 coelum
3385 2687 3443 2733 et
3483 2685 3606 2732 ter-

1992 2788 2145 2838 ram;
2182 2782 2237 2826 et
2264 2771 2594 2826 benedictus
2619 2773 2768 2827 Deus
2790 2772 3118 2834 altissimus,
3147 2771 3242 2840 qui
3282 2769 3438 2826 dedit
3486 2769 3593 2826 ho-

1992 2870 2104 2918 stes
2141 2870 2266 2918 tuos
2304 2864 2564 2919 subditos
2601 2864 2724 2918 tibi.
2755 2863 2824 2918 Et
2850 2864 3005 2919 dedit
3034 2863 3086 2918 ei
3137 2863 3410 2918 decimam
3461 2879 3594 2934 par-

1995 2962 2102 3008 tem
2133 2954 2202 3008 ab
2229 2955 2512 3010 omnibus.
2546 2955 2694 3009 Dixit
2732 2963 2921 3010 autem
2965 2971 3066 3010 rex
3128 2955 3496 3014 Sodomorum
3527 2955 3595 3010 ad

1991 3047 2302 3102 Abraham:
2336 3049 2414 3102 Da
2454 3049 2591 3102 mihi
2623 3050 2794 3114 viros,
2833 3058 2888 3104 at
2920 3050 3232 3119 equitatum
3269 3050 3461 3122 accipe
3487 3047 3596 3106 tibi

272 3156 392 3208 μων
431 3137 574 3208 πρὸς
614 3136 856 3209 Ἀϐράμ·
887 3137 998 3230 θός
1032 3156 1124 3207 μοι
1153 3140 1280 3204 τοὺς
1315 3139 1537 3209 ἄνδρας,
1577 3140 1679 3210 τὴν
1710 3139 1768 3191 δὲ
1800 3139 1889 3192 ἴπ-

1993 3139 2118 3209 ipsi.
2143 3140 2291 3194 Dixit
2316 3146 2503 3195 autem
2545 3141 2823 3195 Abraham
2864 3142 2933 3195 ad
2968 3157 3152 3211 regem
3183 3141 3592 3198 Sodomorum:

269 3241 373 3277 πον
409 3224 550 3278 λάϐε
576 3225 811 3296 σεαυτῷ.
843 3221 982 3280 Εἷπε
1011 3225 1068 3280 δὲ
1112 3227 1329 3298 Ἀϐρὰμ
1364 3229 1500 3300 πρὸς
1531 3229 1622 3281 τὸν
1661 3227 1886 3298 βασιλέα

185 3305 202 3320 I
269 3315 555 3388 Σοδόμων·
607 3317 848 3371 Ἐκτενῶ
902 3317 1000 3389 τὴν
1048 3320 1210 3394 χεῖρά
1244 3337 1346 3392 μου
1389 3321 1527 3391 πρὸς
1559 3321 1765 3392 Κύριον
1793 3322 1888 3376 τὸν

270 3413 406 3469 Θεὸν
431 3413 524 3467 τὸν
557 3413 810 3484 ὕψιστον,
836 3415 895 3480 ὃς
934 3416 1118 3470 ἔκτισε
1143 3418 1236 3471 τὸν
1264 3418 1494 3488 οὐρανὸν
1515 3417 1609 3472 καὶ¹
1638 3417 1736 3489 τὴν
1758 3418 1886 3488 γῆν,

272 3509 460 3563 clamo
486 3509 765 3580 σπαρτίου
800 3508 906 3573 ἓως
938 3512 1302 3582 σφυρωτῆρος
1335 3511 1688 3582 ὑποδήματος
1718 3510 1888 3581 λήψο-

275 3619 376 3672 μαι
431 3601 548 3654 ἀπὸ
598 3601 823 3654 πάντων
858 3599 968 3654 τῶν
1014 3601 1156 3667 σῶν,
1200 3601 1286 3654 ἵνα
1321 3602 1396 3673 μὴ
1422 3601 1582 3672 εἴπῃς
1613 3602 1696 3655 ὅτι
1744 3600 1889 3670 Ἐγὼ

273 3690 576 3745 ἐπλούτισα
602 3691 966 3763 τὸνἌϐρὰμ,
990 3691 1131 3762 πλὴν
1159 3685 1234 3746 ὧν
1268 3691 1472 3760 ἔφαγον
1503 3693 1552 3745 oi
1585 3691 1882 3758 νεανίσκοι,

273 3784 372 3836 καὶ
403 3782 507 3852 τῆς
559 3781 782 3853 μερίδος
816 3781 926 3836 τῶν
971 3781 1184 3853 ἀνδρῶν
1231 3781 1341 3835 τῶν
1389 3781 1888 3854 συμπορευθέντων

277 3875 397 3946 μετ’
433 3873 596 3946 ἐμοῦ,
635 3874 866 3946 Ἐσχὼλ,
903 3876 1105 3940 Λὺνᾶν,
1138 3874 1418 3947 Μαμϐρῆ·
1450 3868 1596 3928 οὗτοι
1626 3875 1891 3946 λήψονται

277 3967 506 4038 μερίδα.
569 3967 731 4022 Μετὰ
771 3967 830 4021 δὲ
877 3969 945 4022 τὰ
990 3969 1215 4039 ῥήματα
1253 3966 1428 4022 ταῦτα
1473 3966 1708 4038 ἐγενήθη
1741 3967 1892 4038 ῥῆμα

277 4063 488 4131 Κυρίου
517 4063 658 4133 πρὸς
701 4061 922 4134 ’Δὸρὰμ
955 4065 1013 4115 ἐν
1037 4062 1281 4134 ὁράματι
1308 4061 1410 4132 τῆς
1437 4061 1654 4126 νυκτὸς,
1689 4060 1890 4129 λέγων·

271 4155 368 4227 Μὴ
416 4155 612 4225 φοὸοῦ,
650 4155 890 4226 Ἀὀρὰμ,
923 4153 1035 4224 ἐγὼ
1074 4152 1438 4226 ὑπερασπίζω
1466 4171 1587 4219 σου,
1644 4154 1672 4206 6
1698 4153 1893 4224 μισθός

277 4262 373 4300 σου
411 4247 589 4311 πολὺς
627 4247 784 4300 ἔσται
813 4246 1044 4316 σφόδρα.
1079 4246 1328 4315 Λέγειδέ
1371 4244 1610 4316 Ἀϐρὰμ,
1642 4245 1893 4299 Δέσποτα

275 4339 460 4412 Κύριε
485 4377 500 4404 ,
536 4340 590 4391 τί
621 4356 713 4411 μοι
737 4338 966 4405 δώσεις;
1005 4337 1116 4407 ἐγὼ
1147 4339 1204 4392 δὲ
1249 4337 1563 4408 ἀπολύομαι
1591 4338 1838 4402 ἄτεκνος,
1865 4338 1894 4390 6

271 4436 331 4488 δέ
363 4433 488 4498 υἱὸς
517 4433 714 4504 Μασέχ
746 4433 848 4503 τῆς
877 4431 1194 4502 οἱκογενοῦς
1239 4448 1374 4502 μου,
1407 4426 1562 4492 οὗτος
1592 4427 1891 4500 Δαμασκὸς

288 4527 576 4598 Ἐλιέζερ·
633 4526 731 4579 καὶ
794 4521 950 4578 εἶπεν
1007 4523 1244 4596 ’Λϐράμ·

273 4621 496 4682 ἔδωκας
543 4619 810 4690 σπέρμα,
845 4619 872 4670 6
904 4617 959 4670 δὲ
1003 4616 1291 4688 οἰκογενής
1342 4633 1444 4686 μου
1492 4615 1895 4686 κληρονομήσει

276 4731 373 4783 με.
406 4713 526 4766 Καὶ
569 4711 737 4772 εὐθὺς
793 4709 947 4781 φωνὴ
993 4709 1202 4782 Κυρίου
1256 4709 1474 4776 ἐγένετο
1521 4709 1658 4780 πρὸς
1699 4708 1894 4772 αὐτὸν,

272 4805 549 4874 λέγουσα·
591 4805 669 4856 Οὐ
712 4803 1120 4873 κληρονομήσει
1168 4819 1226 4854 σε
1265 4797 1442 4865 οὗτος·
1477 4801 1636 4864 ἄλλος
1684 4800 1898 4865 ἐξελεύ-

275 4914 446 4950 σεται
470 4898 538 4950 ἐκ
578 4895 677 4950 σοῦ
701 4939 716 4962 ,
759 4891 919 4958 οὗτος
949 4895 1354 4966 κληρονομήσει
1399 4911 1480 4950 σε.
1538 4894 1807 4964 Ἐξήγαγε
1840 4895 1921 4948 δέ·

271 4989 454 5042 αὑτὸν
495 4986 604 5052 ἔξω
629 5028 642 5052 ,
668 4988 765 5040 καὶ
794 4983 950 5040 εἶπεν
991 4986 1161 5058 αὐτῷ·
1205 4986 1536 5059 Ἀνάϐλεψον
1581 4987 1644 5058 δὴ
1683 4989 1764 5052 εἰς
1803 4987 1896 5042 τὸν

271 5083 519 5154 οὐρανὸν
551 5082 646 5134 καὶ
687 5081 996 5152 ἀρίθμησον
1025 5079 1152 5143 τοὺς
1195 5081 1456 5152 ἀστέρας,
1493 5083 1540 5134 εἰ
1575 5081 1779 5153 δυνήσῃ
1809 5080 1896 5146 ἐξ-

272 5173 602 5246 αριθμῆσαι
661 5171 900 5236 αὐτούς.
962 5171 1075 5225 Καὶ
1133 5170 1306 5226 εἶπεν·
1363 5172 1553 5237 Οὕτως
1625 5173 1778 5226 ἔσται
1835 5172 1898 5226 τὸ

277 5267 518 5339 σπέρμα
559 5280 676 5318 σου.
718 5283 736 5317 ι
791 5264 955 5335 Ὁρᾷς
995 5264 1104 5317 τῶν
1141 5265 1317 5332 ἁγίων
1340 5265 1401 5317 τὸ
1436 5265 1654 5337 ἕτοιμον
1694 5267 1774 5329 εἰς
1803 5265 1896 5318 εὐ-

275 5358 556 5430 τολμίαν,
589 5359 686 5411 καὶ
729 5358 880 5420 ὅπως
917 5355 1102 5425 ἔχουσι
1141 5357 1202 5410 τὸ
1239 5357 1518 5428 τληπαθές
1554 5357 1905 5426 ἐθελούσιον;

276 5452 448 5522 ’Δμα
480 5450 593 5520 γὰρ
637 5447 876 5502 ἐπύθετο
931 5448 1388 5502 κεκινδυνευκότα
1431 5449 1523 5503 τὸν
1566 5448 1730 5515 Λὼτ,
1771 5467 1897 5504 κατ-

276 5545 438 5616 ηλέει
473 5543 576 5615 μὲν
595 5542 762 5608 εὐθὺς
789 5540 885 5595 τοῦ
918 5540 1256 5611 προσγενοῦς
1286 5541 1388 5612 τὴν
1438 5543 1762 5614 συμφορὰν,
1800 5543 1902 5614 ἁρ-

275 5638 473 5699 πάσας
504 5634 563 5689 δὲ
588 5635 714 5699 τοὺς
752 5634 1074 5700 οἰκογενεῖς,
1103 5631 1198 5685 καί
1221 5650 1374 5698 τινας
1407 5632 1518 5688 τῶν
1547 5632 1900 5704 συνωμοτῶν,

355 5816 405 5847 ’⁸
437 5814 574 5872 Gen.
617 5831 730 5882 xlv,
769 5811 978 5878 15-24;
1015 5827 1107 5878 x-v,
1150 5811 1266 5866 1-5.

1992 3231 2299 3287 Extendam
2321 3247 2546 3285 manum
2586 3247 2764 3286 meam
2799 3231 2869 3285 ad
2909 3233 3084 3287 Deum
3123 3233 3476 3299 altissimum,
3498 3234 3596 3305 qui

1991 3325 2202 3378 creavit
2228 3325 2431 3378 coelum
2463 3332 2520 3378 et
2548 3334 2776 3389 terram,
2811 3325 2863 3379 si
2906 3341 2936 3380 a
2961 3324 3052 3378 [ilo
3085 3341 3262 3394 usque
3305 3325 3372 3379 ad
3414 3327 3595 3381 corri-

1992 3417 2137 3488 giam
2178 3416 2822 3487 calceamentiaccipiam
2851 3417 2920 3472 de
2948 3418 3210 3472 omnibus
3242 3417 3374 3482 tuis,
3404 3434 3474 3473 ne
3506 3417 3596 3472 di—

1993 3525 2116 3575 cas,
2177 3511 2293 3581 Ego
2341 3509 2514 3564 ditavi
2581 3509 2896 3576 Abraham,
2950 3519 3152 3582 praeter
3219 3527 3283 3566 ea
3329 3527 3452 3581 quae
3501 3527 3598 3566 co-

1993 3604 2289 3658 mederunt
2348 3606 2608 3676 juvenes,
2645 3613 2702 3659 et
2731 3611 2948 3674 partem
2984 3605 3230 3658 virorum
3278 3605 3373 3676 qui
3426 3620 3602 3659 vene-

1995 3704 2126 3752 runt
2165 3713 2408 3764 mecum,
2434 3697 2658 3762 Eschol,
2696 3697 2935 3762 Aunam,
2987 3696 3264 3763 Mambre;
3316 3697 3407 3751 isti
3450 3697 3602 3751 acci-

1995 3788 2152 3859 pient
2180 3796 2420 3860 partem.
2453 3789 2584 3844 Post
2635 3789 2805 3843 verba
2857 3796 3043 3843 autem
3090 3789 3209 3843 haec
3252 3787 3460 3842 factum
3514 3795 3602 3844 est

1996 3882 2227 3935 verbum
2249 3881 2467 3935 Domini
2496 3881 2564 3935 ad
2599 3880 2882 3935 Abraham
2916 3881 2973 3935 in
3007 3880 3242 3944 visione,
3270 3881 3464 3935 dicens
3486 3879 3602 3935 :Ne

1998 3971 2214 4036 timeas,
2278 3970 2597 4037 Abraham;
2650 3985 2752 4041 ego
2799 3977 3095 4040 protegam
3148 3977 3224 4033 te,
3260 3985 3476 4025 merces
3509 3979 3604 4025 tua

1995 4065 2169 4119 multa
2195 4065 2304 4118 erit
2332 4064 2520 4118 nimis.
2569 4063 2716 4117 Dicit
2745 4070 2930 4116 autem
2985 4061 3266 4116 Abraham
3294 4079 3307 4114 ε
3346 4061 3602 4127 Domine,

1995 4153 2130 4226 quid
2169 4155 2330 4209 dabis
2361 4153 2539 4208 mihi?
2573 4169 2675 4224 ego
2700 4160 2884 4207 autem
2909 4151 3162 4206 dimittor
3200 4151 3321 4205 sine
3365 4151 3600 4219 liberis;

1997 4248 2146 4302 ﬁlius
2179 4254 2365 4301 autem
2393 4245 2615 4301 Masech
2648 4244 2963 4299 vernacula
2988 4258 3145 4308 meaz,
3177 4242 3270 4298 hic
3296 4243 3603 4298 Damascus

1997 4341 2250 4395 Eliezer:
2280 4349 2337 4396 et
2369 4339 2512 4394 dixit
2538 4337 2817 4393 Abraham
2841 4379 2855 4403 ,
2897 4335 3038 4402 Quia
3074 4336 3213 4390 mihi
3253 4351 3368 4390 non
3401 4335 3607 4391 dedisti

1999 4451 2212 4499 semen,
2236 4433 2576 4489 vernaculus
2629 4447 2789 4486 meus
2822 4430 3001 4484 hmres
3028 4444 3188 4484 meus
3219 4428 3354 4483 erit.
3383 4428 3453 4482 Et
3487 4435 3606 4482 sta-

1326 4522 1548 4595 Ἐπειδὴ
1609 4524 1733 4594 ἐμοὶ
1791 4523 1889 4576 οὐκ

1999 4529 2099 4582 tim
2124 4541 2232 4580 vox
2261 4525 2481 4579 Domini
2523 4522 2666 4577 facta
2705 4530 2792 4576 est
2822 4521 2889 4575 ad
2917 4535 3076 4585 eum,
3103 4519 3328 4574 dicens:
3365 4519 3487 4573 Non
3513 4517 3610 4572 hic

1998 4617 2107 4672 erit
2145 4617 2344 4680 haeres,
2383 4615 2480 4670 sed
2528 4615 2624 4685 qui
2671 4613 2847 4668 exibit
2894 4628 2962 4666 ex
3009 4618 3081 4675 te,
3116 4610 3210 4665 hic
3259 4608 3368 4664 erit
3429 4609 3611 4664 hzercs

2001 4721 2149 4766 tuus.
2222 4710 2430 4766 Eduxit
2495 4718 2681 4764 autem
2739 4723 2868 4762 eum
2919 4705 3102 4770 foras,
3163 4711 3220 4760 et
3275 4703 3415 4758 dixit
3477 4701 3531 4756 ei
3589 4720 3606 4755 :

2001 4803 2233 4873 Suspice
2295 4803 2353 4855 in
2405 4801 2632 4865 coelum,
2672 4807 2729 4853 et
2777 4813 3009 4852 numera
3064 4795 3275 4858 stellas,
3310 4795 3359 4848 si
3397 4793 3610 4863 poteris

1998 4910 2294 4952 numerare
2319 4909 2434 4948 eas.
2467 4894 2536 4948 Et
2563 4892 2724 4956 dixit,
2758 4890 2850 4946 Sic
2879 4890 2989 4944 erit
3030 4903 3219 4943 semen
3277 4881 3444 4939 tuum
3485 4883 3553 4936 ⁸⁸.
3581 4902 3600 4935 ι

2003 4989 2174 5047 Vides
2200 5003 2363 5059 quam
2383 4985 2628 5057 prompti
2657 4984 2768 5039 sint
2788 4983 2855 5038 ad
2904 4981 3221 5036 audendum
3272 4976 3448 5032 sancti
3475 4975 3606 5039 viri,

2005 5097 2283 5153 quamque
2316 5088 2514 5150 sponte
2544 5093 2644 5133 sua
2677 5076 2745 5130 ad
2793 5072 3083 5130 subeunda
3127 5069 3372 5141 pericula
3403 5067 3604 5137 parati.

2008 5173 2186 5229 Simul
2220 5171 2371 5227 enim
2405 5179 2571 5240 atque
2608 5167 2821 5222 audivit
2847 5165 3028 5234 ipsum
3061 5163 3166 5216 Lot
3207 5162 3265 5216 in
3303 5159 3607 5215 discrimen
3647 5191 3652 5194 -

2006 5262 2249 5326 venisse,
2269 5260 2566 5316 miseratus
2588 5254 2890 5327 propinqui
2915 5251 3311 5314 calamitatem,
3334 5248 3605 5319 arreptis-

2004 5371 2113 5425 que
2149 5350 2464 5414 vernaculis
2495 5357 2553 5404 et
2605 5347 2898 5404 fmderatis
2952 5341 3311 5414 quibusdam,
3352 5339 3448 5410 qui
3496 5340 3610 5396 Hc-

2004 5447 2142 5504 brasi
2188 5461 2301 5502 non
2352 5453 2533 5507 erant,
2561 5441 2820 5498 celeriter
2870 5438 3157 5508 profectus
3200 5441 3287 5490 est
3340 5432 3612 5491 adversus

2005 5555 2103 5596 eos
2129 5539 2225 5611 qui
2261 5537 2510 5596 dolorem
2545 5534 2892 5596 inusserant,
2938 5542 3146 5598 eosque
3195 5524 3351 5580 nullo
3385 5527 3612 5595 negotio

2007 5634 2247 5708 subegit,
2272 5630 2641 5700 liberavitque
2665 5643 2696 5683 e
2721 5625 3042 5697 captivitate
3074 5631 3191 5686 tum
3221 5621 3402 5691 ipsum
3423 5619 3611 5680 fratris
