4096 6478
476 349 579 406 355

1498 341 1553 397 S.
1594 340 1871 399 CYRILLI
1909 342 2384 400 ALEXANDRINI
2422 344 2745 403 ARCHIEP.

3641 353 3756 410 358

482 469 651 523 tilium
691 465 813 531 Lot,
843 473 957 520 tum
985 480 1082 519 eos
1125 476 1343 533 quoque
1373 461 1469 532 qui
1519 462 1574 517 in
1621 478 1818 518 manus
1874 465 2052 523 victo-

2171 466 2259 519 >ύκ
2304 466 2463 531 ὄντας
2499 468 2812 539 Ἑϐραίους,
2846 468 3042 540 ἐχώρει
3078 469 3273 542 ῥᾳδίως
3303 470 3445 526 κατά
3466 470 3574 526 τῶν
3602 471 3760 530 λελυ-

479 574 603 614 rum
635 564 916 613 venerant.
950 554 1175 620 Deinde,
1201 562 1262 609 ut
1290 554 1487 609 victori
1514 554 1762 610 debitum
1784 556 2055 611 honorem

478 650 829 712 exhiberem,
863 648 1077 703 obviam
1107 648 1183 701 illi
1230 647 1486 717 prodiere
1515 648 1674 718 139
1722 657 1837 703 tum
1882 648 2056 704 Sodo-

482 761 697 803 morum
722 760 834 807 τοι,
868 752 979 796 tum
995 741 1250 795 sacerdos
1268 756 1488 810 quoque
1513 741 1610 795 Dei
1642 742 1895 796 altissimi
1924 742 2059 796 Mel-

378 858 385 863 '
481 834 797 896 cbisedecli,
829 841 889 887 ut
915 832 1177 900 scriptum
1212 837 1334 895 est;
1371 830 1527 898 isque
1575 830 1802 885 minime
1846 832 2056 897 inanis;

478 928 660 982 attulit
703 926 904 996 quippe
957 923 1248 979 sacerdotii
1283 922 1529 993 symbola
1572 922 1718 976 illius
1759 923 1905 992 quod
1944 932 2061 977 tum

478 1019 673 1085 eratin
698 1034 872 1082 more,
903 1000 1093 1086 panes,
1127 1017 1375 1084 inquam,
1422 1020 1479 1068 et
1529 1015 1743 1073 vinum.
1796 1021 1853 1069 et
1895 1015 2063 1070 bene-

479 1111 619 1165 dixit
641 1111 936 1174 Abraham,
964 1118 1019 1163 et
1050 1124 1235 1163 sacras
1256 1107 1335 1161 illi
1369 1122 1533 1161 voces
1563 1107 1776 1177 praemii
1803 1108 1927 1163 loco
1956 1108 2060 1161 tri-

479 1202 620 1257 buit.
654 1202 928 1256 Abraham
978 1201 1146 1271 igitur
1174 1209 1400 1254 strenue
1433 1215 1547 1254 rem
1584 1200 1754 1270 gessit
1800 1215 1864 1253 ac
1893 1200 2059 1254 vicit:

479 1297 617 1351 tales
664 1295 867 1365 quippe
903 1309 1122 1363 semper
1159 1292 1275 1349 fere
1303 1302 1434 1348 sunt
1457 1293 1536 1347 illi
1565 1293 1874 1349 secundum
1898 1292 2062 1347 Chri—

478 1397 623 1443 stum
648 1387 819 1440 fortes
836 1385 964 1449 viri,
998 1384 1205 1454 quique
1227 1384 1340 1438 Deo
1372 1383 1739 1453 gratissimam
1768 1383 1916 1437 illam
1942 1382 2064 1436 ani-

478 1480 553 1535 mi
598 1476 926 1534 conﬁdentis
980 1477 1325 1531 alacritatem
1377 1482 1562 1529 mente
1612 1484 1933 1544 conceptam
1978 1484 2065 1529 te—

478 1579 634 1626 nent.
669 1569 749 1624 Ac
777 1569 929 1623 velut
959 1567 1198 1637 exempli
1237 1567 1360 1621 loco
1421 1565 1489 1619 ad
1532 1565 1697 1620 ﬁdem
1749 1565 1937 1620 verbis
1980 1564 2064 1619 fa-

480 1662 731 1719 ciendam
765 1670 984 1716 sanctos
1006 1658 1284 1729 apostolos
1308 1657 1586 1728 adjiciam,
1623 1658 1739 1727 qui,
1788 1673 1914 1713 cum
1962 1656 2065 1712 Sa-

481 1765 639 1810 tanas
665 1754 848 1809 omnia
882 1751 1140 1806 facillime
1170 1749 1457 1819 diriperet,
1499 1748 1537 1802 ii
1589 1750 1757 1803 etiam
1793 1750 1888 1819 qui
1916 1748 2064 1803 veri-

483 1847 611 1902 tatis
635 1844 905 1916 dogmatis
928 1840 1290 1904 obsistebant,
1331 1840 1731 1911 simpliciorum
1771 1839 2062 1893 hominum

480 1938 692 1993 animas
722 1934 1193 2006 deprredarentur,
1225 1947 1348 1987 sese
1393 1932 1613 1987 fortiter
1662 1940 2059 2002 opposuerunt,

480 2035 538 2082 et
568 2043 754 2083 secum
797 2041 904 2081 una
948 2023 1276 2079 vernaculos
1325 2024 1498 2078 armis
1544 2023 1959 2088 instruxerunt,
2007 2022 2064 2078 id

478 2128 584 2185 est,
612 2134 707 2174 eos
743 2117 836 2188 qui
856 2123 1012 2171 erant
1043 2115 1100 2169 in
1133 2115 1307 2170 sacris
1356 2113 1584 2170 Litteris
1613 2114 1831 2170 educati
1855 2131 1869 2168 :
1893 2128 2064 2184 quos-

480 2206 606 2261 dam
628 2206 793 2260 etiam
824 2202 1122 2259 foederatos
1172 2202 1267 2273 qui
1314 2203 1530 2266 Hebraei
1579 2218 1693 2259 non
1741 2213 1919 2268 erant,
1970 2219 2067 2260 eos

478 2312 677 2367 nempe
724 2296 841 2365 qui,
887 2294 1141 2365 quamvis
1189 2294 1374 2351 adhuc
1426 2304 1659 2366 ea‘quaa
1707 2304 1836 2350 sunt
1872 2296 2066 2352 mundi

478 2393 759 2456 saperent,
800 2394 984 2440 tamen
1013 2385 1177 2440 simul
1198 2400 1327 2440 cum
1371 2387 1578 2442 sanctis
1605 2386 1743 2442 viris
1784 2396 2066 2442 certamen

479 2480 763 2545 subibant,
793 2495 999 2549 eosque
1026 2479 1233 2534 imitari
1251 2480 1569 2536 studebant.
1597 2481 1807 2552 Itaque,
1847 2498 1974 2538 cum
2006 2499 2066 2540 se

479 2577 704 2625 strenue
755 2569 1092 2645 gessissent,
1124 2570 1415 2626 victoriam
1470 2583 1828 2643 pepererunt,
1883 2582 1941 2631 et
1999 2591 2068 2630 ex

480 2658 632 2734 illius
676 2658 963 2729 tyrannico
1011 2657 1304 2713 dominatu
1353 2660 1599 2729 captivos
1661 2660 2064 2733 abripuerunt:

479 2751 620 2806 alios
657 2751 806 2806 enim
830 2766 899 2805 ex
920 2750 1194 2807 idolorum
1210 2752 1382 2817 cultu,
1405 2761 1463 2807 et
1485 2754 1553 2807 ab
1565 2753 1885 2810 adoratione
1911 2772 2067 2812 crea-

483 2851 623 2896 tura:
646 2840 832 2908 potius
869 2856 1040 2911 quam
1073 2841 1379 2907 Creatoris,
1411 2842 1547 2898 alios
1580 2859 1611 2897 a
1657 2843 1781 2899 falsi
1827 2847 2069 2903 nominis

481 2934 714 2990 scientia
741 2942 1019 2990 extractos
1040 2943 1284 2989 servant.
1313 2935 1421 2990 Sed
1443 2951 1513 2990 ex
1545 2936 1649 2990 hac
1693 2937 1832 2993 adeo
1868 2938 2067 2994 illustri

479 3023 992 3095 excelsaqueanimi
1026 3024 1405 3095 magnitudine
1448 3040 1571 3080 eam
1614 3028 1928 3082 mercedem
1976 3044 2069 3084 as—

2164 559 2417 625 πηκότων
2435 600 2448 620 ,
2478 559 2574 613 καὶ
2607 560 2995 631 κατεχειροῦτο
3027 562 3125 631 μὲν
3150 562 3411 626 εὐκόλως,
3438 564 3770 634 ἀπήλλαττε

2162 647 2221 701 δὲ
2278 650 2379 718 τῆς
2437 649 2849 718 αἰχμαλωσίας,
2905 649 3066 702 αὐτόν
3120 666 3180 703 τε
3234 650 3327 702 τὸν
3382 650 3754 719 ἀδελφόπαιδα

2168 739 2317 801 Λὼτ,
2347 742 2441 793 καὶ
2467 742 2591 803 τοὺς
2622 741 2723 792 ὑπὸ
2773 744 2934 813 χεῖρα
2976 742 3240 805 πεσόντας
3268 742 3373 794 τῶν
3410 745 3760 815 κεκρατηκό-

2163 847 2291 884 των.
2327 827 2459 884 Εἶτα
2499 832 2708 894 λοιπὸν,
2753 833 2828 894 ὡς
2855 834 3165 903 νενικηκότι
3200 835 3300 906 τὴν
3332 836 3479 905 αὑτῷ
3513 841 3760 908 πρέπου-

2166 939 2264 976 σαν
2332 924 2496 994 τιμὴν
2563 923 2974 987 ἀποσώζοντες,
3014 926 3266 997 ὑπήντων
3321 927 3579 993 εἰκότως,
3627 930 3655 983 ὅ
3688 946 3759 982 τε

2168 1014 2423 1084 βασιλεὺς
2469 1015 2757 1085 Σοδόμων,
2799 1017 2891 1069 καὶ
2944 1017 3284 1087 Μελχισεδὲκ
3349 1022 3377 1071 ό
3424 1021 3601 1091 ἱερεὺς
3655 1020 3759 1076 τοῦ

2164 1106 2298 1159 Θεοῦ
2341 1106 2434 1159 τοῦ
2492 1108 2750 1176 ὑψίστου,
2810 1107 2954 1161 καθά
3008 1110 3344 1181 γέγραπται.
3401 1113 3651 1184 ’Υπήντα
3695 1114 3762 1168 δὲ

2164 1199 2225 1250 ού
2249 1197 2441 1267 ψιλῶς,
2466 1198 2828 1267 ἐπεκομίζετο
2846 1199 2902 1251 δὲ
2930 1199 3027 1269 τῆς
3059 1201 3357 1271 ἱερωσύνης
3383 1201 3451 1255 τὰ
3484 1203 3759 1272 σύμϐολα,

2164 1291 2263 1361 τῆς
2292 1291 2352 1343 τὸ
2377 1289 2631 1360 τηνικάδε
2662 1290 3059 1360 νενομισμένης
3081 1330 3094 1353 ,
3143 1290 3345 1362 ἄρτους
3369 1309 3426 1345 τε
3457 1293 3551 1347 καὶ
3585 1292 3760 1361 οἶνον,

2166 1383 2261 1436 καὶ
2316 1380 2642 1451 κατηυλόγει
2704 1382 2796 1434 τὸν
2869 1381 3155 1453 ’Δῇραάμ,
3204 1384 3300 1435 καὶ
3355 1385 3525 1457 γέρας
3578 1387 3763 1440 ὲδίὼυ

2168 1475 2352 1546 φωνὰς
2399 1475 2570 1546 ιε’ράς.
2638 1474 2959 1546 Ἦνδρίσατο
3008 1475 3300 1547 τοιγαροῦν
3327 1478 3422 1529 καὶ
3466 1479 3765 1551 νενίκηκεν

2179 1567 2450 1637 Ἀϐραάμ⁶
2480 1568 2713 1622 τοιοῦτοι
2757 1569 2866 1639 γὰρ
2893 1569 2978 1621 ἁεξ
3012 1567 3131 1631 πώς
3173 1572 3311 1622 εἰσιν
3354 1572 3403 1623 οἱ
3456 1571 3596 1624 κοιτά
3620 1570 3768 1643 Χρίέ

2169 1660 2292 1713 στὸν
2323 1659 2592 1731 ἀνδρεῖοι,
2643 1660 2736 1714 καὶ
2789 1660 3215 1731 ὑεοφιλεστάτην
3263 1665 3342 1725 εἰς
3375 1662 3499 1716 νοῦν
3536 1664 3768 1735 ἔχοντες

2166 1753 2266 1823 τὴν
2291 1752 2601 1824 εὐτολμίαν.
2632 1752 2939 1824 Προσθήσω
2965 1752 3045 1816 δὲ,
3080 1753 3270 1824 ὥσπερ
3295 1755 3375 1818 είς
3404 1756 3769 1826 παράδειγμα
3850 1758 3875 1773 “’

2167 1844 2265 1898 καὶ⁷
2298 1844 2479 1897 πίστιν
2516 1842 2612 1897 τοῦ
2652 1844 2838 1911 λόγου,
2873 1844 3001 1905 τοὺς
3049 1843 3237 1911 ἁγίους
3282 1845 3643 1909 ἀποστόλους,
3676 1844 3757 1912 οἳ,

2167 1935 2347 1989 πάντα
2378 1935 2619 1999 εὐκόλως
2657 1936 3052 2007 διαρπάζοντος
3084 1936 3179 1989 τοῦ
3221 1937 3473 2003 Σατανᾶ,
3511 1939 3606 1991 καὶ
3651 1937 3770 2010 μὴν

2163 2026 2274 2081 τῶν
2310 2026 2723 2100 ἀνθεστηκότων
2754 2030 2866 2091 τοῖς
2913 2028 3018 2097 τῆς
3068 2028 3329 2100 ἀληθείας
3361 2029 3627 2100 δόγμασι,
3659 2031 3773 2094 τὰς

2166 2119 2276 2172 τῶν
2299 2118 2683 2191 ἁπλουστέρων
2707 2119 3077 2190 καταληῖξομέ
3086 2138 3187 2174 νων
3212 2120 3413 2192 ψυχὰς,
3435 2122 3770 2193 ἀντεφέρονδ

2168 2228 2229 2266 το
2247 2213 2531 2277 νεανικῶς,
2558 2211 3025 2276 συνεξοπλίζοντες
3055 2213 3267 2277 ἑαυτοῖς
3296 2215 3420 2276 τοὺς
3439 2216 3769 2282 οἰκογενεῖς,

2168 2305 2434 2369 τουτέστι,
2458 2307 2587 2369 τοὺς
2604 2307 2723 2369 τοῖς
2745 2307 2912 2378 ἱεροῖς
2938 2305 3414 2378 ὲντεθραμμένους
3436 2307 3770 2379 Γράμμασι,
3874 2314 3883 2322 “

2167 2399 2262 2453 καί
2307 2416 2459 2463 τινας
2504 2398 2616 2452 τῶν
2670 2398 3029 2469 συνωμοτῶν,
3076 2399 3176 2452 οὑκ
3218 2398 3382 2463 ὂντας
3449 2398 3771 2470 Ἑϐραίους,

2170 2492 2317 2563 φημὶ
2360 2491 2418 2544 δὲ
2459 2492 2524 2562 δὴ
2572 2491 2768 2555 πάλιν,
2797 2492 2923 2555 τοὺς
2955 2490 3291 2561 φρονοῦντας
3342 2491 3442 2562 μὲν
3478 2489 3557 2545 ἔτι
3596 2491 3671 2546 τὰ
3708 2495 3773 2547 ἐν

2168 2584 2380 2655 κόσμῳ,
2412 2583 2814 2649 συναθλοῦντας
2854 2584 2909 2637 δὲ
2944 2586 3059 2648 τοῖς
3092 2583 3269 2653 ἁγίοις
3288 2624 3304 2649 ,
3335 2585 3429 2637 καὶ
3461 2580 3775 2655 ζηλοῦντας

2171 2676 2411 2741 αὐτοὺς,
2447 2675 2823 2747 ἀνδριζόμενοι
2867 2675 2925 2729 δὲ
2966 2676 3109 2729 οὕτω
3151 2676 3503 2746 νενικήκασι,
3534 2675 3631 2729 καὶ
3657 2675 3776 2747 τῆς

2171 2768 2380 2822 ἐκείνου
2415 2768 2729 2835 πλεονεξίας
2763 2766 3073 2839 ἐξήρπαζον
3097 2769 3225 2831 τοὺς
3260 2768 3589 2832 ἑαλωκότας.
3620 2767 3773 2832 Τοὺς

2174 2857 2274 2929 μὲν
2303 2856 2415 2928 γὰρ
2446 2858 2509 2910 ὲκ
2548 2858 2648 2925 τῆς
2688 2855 3136 2926 είδωλολατρείας
3179 2855 3256 2925 (Ι)
3279 2895 3292 2917 ,
3331 2854 3427 2908 καὶ
3460 2853 3554 2908 τοῦ
3590 2869 3776 2923 προσ-

2172 2950 2356 3002 κυνεῖν
2388 2949 2455 3018 τῇ
2503 2946 2678 3000 κτίσει
2724 2946 2876 3018 παρὰ
2900 2946 2993 2999 τὸν
3036 2944 3297 3001 κτίσαντα
3316 2986 3331 3012 ,
3361 2947 3487 3009 τοὺς
3532 2944 3589 2997 δὲ
3616 2985 3631 3007 ,
3659 2945 3775 3013 τῆς

2170 3038 2530 3109 ψευδωνύμου
2608 3037 2867 3108 γνώσεως
2940 3038 3287 3105 ὲξέλκοντες,
3366 3034 3771 3101 ἀνασώζουσινδ

481 3125 810 3188 sequuntur,
841 3126 901 3172 ut
926 3133 1039 3172 non
1066 3118 1242 3173 solum
1266 3118 1334 3174 ab
1355 3118 1422 3173 iis
1452 3120 1547 3189 qui
1580 3119 1637 3174 in
1676 3121 1884 3176 mundo
1917 3131 2065 3187 sunt,

2173 3131 2311 3186 ἀλλά
2340 3131 2440 3200 τῆς
2465 3131 2610 3185 οὑτω
2639 3131 2906 3202 λαμπρᾶς
2938 3132 3032 3185 καὶ
3069 3130 3445 3201 μεγαλοφυοῦς
3472 3128 3770 3201 εὐψυχίας,

480 3202 789 3265 honoribus
808 3206 1114 3261 adiciantur
1141 3224 1154 3259 :
1180 3226 1199 3257 ι
1226 3207 1496 3278 Egressus
1517 3217 1601 3264 est
1623 3210 1793 3277 enim,
1818 3231 1835 3263 ι
1866 3212 2067 3283 inquit,

489 3314 628 3354 «rex
653 3296 1021 3352 Sodomorum
1063 3297 1119 3352 in
1159 3310 1452 3353 occursum
1500 3299 1779 3355 Abraham
1800 3302 1878 3368 ";
1913 3321 1932 3355 ι
1972 3303 2068 3358 sed

480 3390 645 3448 etiam
675 3391 1120 3446 benedictionem
1166 3398 1574 3461 consequantur
1618 3392 1767 3446 illam
1812 3409 1937 3463 qum
1971 3410 2072 3465 per

480 3481 761 3536 Christum
787 3481 969 3547 datur,
998 3482 1095 3552 qui
1135 3497 1237 3537 nos
1257 3482 1569 3539 viviﬁcante
1600 3485 1775 3555 gratia
1810 3494 2070 3556 tanquam

478 3589 626 3645 pane
644 3590 710 3629 ac
734 3575 865 3629 vino
905 3573 1165 3630 laetiﬁcat.
1196 3575 1384 3645 Itaque
1428 3576 1497 3631 de
1525 3592 1583 3631 se
1610 3577 1746 3647 ipsis
1782 3579 2071 3644 verissime

483 3666 680 3721 dicunt
706 3683 718 3717 :
760 3683 777 3715 ι
807 3664 1091 3719 Benedicti
1114 3680 1216 3720 nos
1240 3680 1279 3733 a.
1297 3666 1552 3732 Domino,
1582 3667 1677 3736 qui
1702 3667 1834 3722 fecit
1868 3669 2072 3723 cmlum

483 3764 542 3810 et
562 3765 767 3812 terram
801 3757 868 3810 ⁸ο.
896 3777 913 3808 ι
954 3757 1051 3812 Est
1103 3765 1287 3813 autem
1314 3756 1526 3814 Christi
1566 3758 1863 3814 sacerdotii
1897 3758 2073 3831 ﬁgura

484 3847 932 3915 Melchisedech;
1003 3865 1108 3904 nec
1146 3849 1424 3920 pluribus,
1455 3858 1516 3904 ut
1561 3851 1780 3920 opinor,
1830 3851 1900 3905 ad
1949 3868 2073 3907 eam

488 3958 607 3996 rem
630 3941 1115 3997 demonstrandam
1142 3957 1282 4013 opus
1311 3941 1452 4011 erit;
1498 3958 1623 3997 cum
1657 3943 1714 3996 in
1761 3942 1867 3998 hac
1911 3951 2071 4013 parte

484 4048 652 4090 sacrm
678 4033 903 4088 Littera:
930 4033 1041 4088 sint
1064 4033 1216 4087 satis.
1242 4032 1378 4089 Cum
1404 4050 1537 4090 vero
1575 4034 1941 4090 Sodomorum
1975 4050 2073 4091 rex

486 4122 654 4178 beato
691 4122 927 4185 Abrahae
951 4130 1212 4193 tanquam
1250 4123 1452 4178 victori
1498 4122 1769 4178 dixisset:
1812 4124 1890 4178 Da
1933 4123 2072 4179 mihi

482 4214 655 4280 viros,
678 4229 851 4284 equos
875 4221 1058 4268 autem
1084 4213 1189 4268 tibi
1212 4212 1316 4284 ipsi
1365 4214 1596 4284 accipe;
1642 4214 1783 4268 nihil
1816 4229 1875 4269 se
1917 4229 2075 4269 acce-

484 4316 712 4377 pturum
746 4304 892 4360 illico
926 4303 1220 4375 dejuravit,
1258 4305 1366 4360 nisi
1405 4305 1546 4360 forte
1571 4305 1726 4361 cibos
1751 4320 1944 4359 eorum
1978 4306 2074 4376 qui

484 4413 597 4453 una
618 4397 866 4452 laborem
891 4397 1289 4465 suscepissent,
1316 4404 1375 4451 et
1415 4406 1630 4467 partem
1678 4395 2073 4452 foederatorum

485 4492 708 4556 Eschol,
735 4490 970 4556 Aunam,
998 4498 1055 4543 et
1083 4490 1348 4544 Mambre.
1376 4489 1638 4556 Quamvis
1660 4490 1807 4543 enim
1832 4504 1935 4558 pro
1958 4489 2060 4544 ho-
2107 4488 2149 4542 D

486 4585 698 4638 minum
736 4582 831 4654 qui
871 4581 1141 4652 perierint
1183 4582 1360 4636 salute
1398 4582 1574 4636 sancti
1599 4580 1705 4634 viri
1747 4580 1954 4635 bellum
1981 4597 2078 4651 ge-

487 4685 633 4743 rant,
662 4693 728 4732 ac
756 4685 983 4731 strenue
1005 4680 1244 4738 certent,
1279 4671 1439 4744 1&0
1465 4687 1801 4742 omnemque
1826 4673 2077 4728 laborem

486 4771 762 4836 subeant;
797 4785 829 4824 a
860 4769 1068 4824 mundo
1116 4776 1300 4821 tamen
1340 4763 1482 4818 nihil
1529 4765 1831 4833 accipiunt,
1897 4781 2077 4836 neque

488 4872 743 4920 terrenas
767 4877 899 4932 opes
932 4860 1206 4930 colligunt
1232 4875 1245 4911 :
1297 4856 1354 4910 in
1384 4871 1494 4926 quo
1516 4856 1727 4911 evitant
1751 4858 1987 4915 maxime
2011 4860 2077 4914 il-

489 4957 618 5023 lam,
643 4971 769 5026 quaa
786 4954 1053 5009 exsistere
1074 4950 1202 5029 inde
1227 4948 1388 5014 solet,
1408 4949 1889 5017 exprobrationem
1918 4970 1931 5005 :
1970 4953 2077 5008 «Ne

488 5046 693 5113 dicas,»
724 5044 957 5116 inquit,«
986 5041 1145 5108 Quod
1164 5057 1267 5112 ego
1288 5040 1457 5096 ditavi
1481 5040 1789 5108 Abraham;
1811 5062 1829 5094 ι
1861 5050 2076 5099 tantum

489 5162 645 5218 cibos
691 5158 965 5231 accipient
1006 5154 1102 5226 qui
1131 5155 1201 5209 ab
1238 5153 1307 5208 iis
1335 5169 1474 5225 quos
1516 5153 1766 5225 iuverint
1808 5154 2076 5225 suppedi—

490 5261 729 5308 tantum
752 5251 962 5321 Dignus
983 5256 1069 5304 est
1082 5245 1234 5302 enim
1255 5246 1545 5318 operarius
1567 5247 1822 5303 mercede
1845 5262 1944 5303 sua
1969 5247 2069 5312 ἐν

490 5343 640 5399 etiis
665 5342 760 5412 qui
798 5340 1157 5411 Evangelium
1179 5338 1532 5407 annuntiant,
1557 5356 1625 5396 ex
1664 5339 1968 5411 Evangelio
1990 5339 2074 5394 via

491 5449 624 5490 vere
646 5432 906 5503 praecepit
927 5430 1182 5488 Christus
1205 5433 1272 5486 ⁸¹.
1320 5432 1596 5488 Foederati
1649 5439 1828 5487 tamen
1884 5441 2075 5502 partes

489 5526 788 5594 accipiunt,
816 5533 1110 5595 propterea
1133 5524 1298 5595 quod,
1331 5524 1622 5594 utopinor,
1656 5523 1713 5577 in
1737 5523 1807 5578 iis
1850 5535 2073 5594 quoque

479 5668 484 5673 ’
565 5656 611 5689 ⁸⁸
639 5656 775 5712 Gen.
808 5675 915 5722 xiv,
949 5658 1035 5712 l7.
1114 5659 1160 5691 ⁸ο
1186 5659 1331 5714 Psal.
1365 5675 1513 5726 cxm,
1543 5659 1634 5714 24.
1707 5661 1750 5692 ⁸¹
1784 5659 1920 5715 Luc-
1950 5675 2006 5727 Χ,
2048 5659 2101 5714 7ο

564 5790 642 5867 (1)
674 5788 808 5847 Cod.
840 5794 1037 5864 Vatic.,
1070 5795 1236 5851 ἑώλου
1261 5796 1536 5868 λατρείας.

2173 3222 2659 3294 ἁποκερδαίνουσιν
2678 3220 2918 3294 ἀμοιϐὴν
2936 3265 2951 3289 ,
2972 3222 3072 3284 τὰς
3092 3239 3151 3275 τε
3174 3222 3327 3293 παρὰ
3350 3221 3460 3275 τῶν
3481 3222 3540 3274 ἐν
3569 3222 3774 3294 κόσμῳ

2173 3316 2337 3386 τιμάς
2363 3331 2376 3347 ⁸
2417 3333 2439 3367 ι
2489 3313 2708 3385 Ἐξῆλθε
2740 3312 2874 3384 γὰρ,
2904 3314 3060 3384 φησι,
3099 3312 3354 3383 βασιλεὺς
3382 3311 3632 3382 Σοδόμων
3679 3313 3775 3376 εἰς

2175 3408 2499 3478 συνάντησιν
2539 3405 2616 3476 τῷ
2670 3405 2951 3477 Ἀϐραὰμ,
3003 3405 3100 3459 καὶ
3131 3404 3488 3475 Μελχισεδὲκ,
3518 3405 3547 3455 ό
3582 3403 3777 3476 ἱερεὺς

2173 3502 2266 3555 τοῦ
2279 3500 2414 3554 Θεοῦ
2437 3499 2529 3553 τοῦ
2560 3500 2810 3569 ὑψίστου,
2841 3518 2860 3550 ι
2878 3499 3133 3567 εὐλογίαν
3159 3498 3256 3568 τὴν
3286 3498 3376 3551 διὰ
3401 3496 3664 3569 Χριστοῦ,
3693 3500 3775 3569 τῇ

2175 3595 2428 3663 ζωοποιῷ
2460 3592 2646 3663 χάριτι
2679 3591 3175 3662 κατευφραίνοντος
3203 3590 3353 3660 ἄρτῳ
3386 3607 3442 3642 τε
3480 3589 3576 3643 καὶ
3607 3589 3772 3660 οἴνῳ.

2176 3685 2469 3753 Τοιγάρτοι
2521 3682 2617 3736 καὶ
2664 3681 3025 3751 ἀληθεύοντες
3074 3683 3158 3750 ἐφ’
3207 3682 3452 3744 ἑαυτοῖς,
3498 3676 3558 3734 εὗ
3615 3679 3776 3750 μάλα

2177 3777 2362 3848 φασίν·
2396 3794 2414 3826 ι
2452 3774 2662 3843 Εὑλογη
2674 3775 2823 3844 μένοι
2850 3775 3009 3845 ὑμεῖς
3037 3773 3112 3843 τῷ
3146 3773 3336 3844 Κυρίῳ
3365 3772 3444 3844 τῷ
3472 3773 3775 3843 ποιήσαντι

2172 3873 2266 3925 τὸν
2310 3869 2538 3941 οὐρανὸν
2588 3870 2683 3921 καὶ
2729 3867 2828 3938 τὴν
2875 3868 3000 3938 γῆν.
3049 3884 3068 3917 ι
3119 3866 3301 3930 Τύπος
3332 3866 3373 3919 δ’
3415 3866 3480 3919 ἂν
3525 3863 3610 3936 εἴη
3661 3866 3778 3936 τῆς

2175 3963 2319 4018 κατὰ
2345 3961 2578 4033 Χριστὸν
2613 3959 2916 4031 ἱερωσύνης
2944 3960 2973 4011 ό
3002 3957 3341 4029 Μελχισεδὲκ
3362 4001 3376 4022 ,
3417 3959 3510 4010 καὶ
3537 3957 3597 4009 οὑ
3625 3956 3777 4009 πολ-

2174 4057 2302 4123 λῶν,
2327 4053 2502 4127 οἶμαι,
2528 4054 2588 4107 τὸ
2611 4053 2798 4124 χρῆμα
2821 4052 2956 4121 πρὸς
2988 4036 3261 4115 ἀπόδειξιν
3289 4051 3542 4120 δεήσεται
3562 4048 3774 4117 λόγων,

2176 4147 2536 4220 ἐξαρκοῦντος
2565 4147 2644 4207 εἰς
2675 4144 2835 4197 τοῦτο
2880 4142 3215 4214 Γράμματος
3251 4140 3418 4212 ἱεροῦ.
3455 4141 3781 4203 Φάσκοντοςί

2175 4242 2232 4295 δὲ
2248 4239 2343 4294 τοῦ
2365 4238 2615 4309 Σοδόμων
2639 4234 2903 4305 βασιλέως
2924 4234 3059 4305 πρὸς
3076 4234 3167 4287 τὸν
3188 4232 3472 4286 θεσπέσιον
3489 4232 3775 4303 Ἀϐρααμ,

2176 4334 2251 4397 ὡς
2278 4329 2624 4401 νενικηκότα·
2656 4328 2755 4390 Δός
2791 4344 2880 4398 μοι
2907 4327 3033 4388 τοὺς
3062 4325 3283 4396 ἄνδρας,
3317 4326 3446 4388 τοὺς
3473 4323 3530 4377 δὲ
3560 4324 3782 4386 ἴππους’

2177 4424 2307 4480 λάϐε
2344 4421 2592 4492 σεαυτῷ,
2629 4421 2793 4492 μηδὲν
2841 4421 2904 4472 τὸ
2949 4417 3171 4489 σύμπαν
3221 4417 3408 4472 λαϐεῖν
3462 4416 3782 4484 ἀπώμνυτσ

2179 4518 2545 4589 παραχρῆμα,
2572 4515 2712 4583 πλὴν
2742 4514 2791 4565 εἰ
2815 4512 2923 4584 ἄρα
2949 4512 3049 4576 τὰς
3079 4511 3287 4583 τροφὰς
3307 4511 3416 4563 τῶν
3446 4516 3777 4579 συγκεκμηέ

2177 4610 2375 4674 κότων,
2413 4609 2510 4661 καὶ
2549 4609 2663 4669 τοῖς
2697 4605 3039 4674 συνωμόταις
3071 4603 3266 4675 μερίδα
3303 4603 3529 4673 Ἐσχὼλ,
3559 4603 3783 4666 Αύνᾶνζ

2177 4701 2271 4755 καὶ
2307 4698 2577 4771 Μαμϐρῆ.
2624 4695 3003 4768 Πολεμοῦντες
3043 4693 3153 4765 γὰρ
3198 4693 3293 4746 καὶ
3333 4692 3778 4764 ὑπεραθλοῦντές

2175 4791 2441 4862 γεννικῶς
2478 4790 2628 4861 ’ὑπὲρ
2670 4788 2768 4858 τῆς
2808 4787 2918 4840 τῶν
2958 4787 3315 4842 ἀπολωλότων
3361 4785 3677 4855 ἐλευθερίας
3713 4786 3772 4839 οἱ

2177 4883 2358 4952 ἅγιοι,
2407 4881 2502 4935 καὶ
2558 4881 2736 4934 πάντα
2783 4879 2946 4933 πόνον
3010 4879 3403 4942 εἰσϐαίνοντες,
3457 4877 3607 4933 οὑδὲν
3658 4879 3775 4932 ἀπὸ

2177 4977 2384 5047 κόσμου
2424 4974 2800 5046 λαμϐάνουσιν
2823 5014 2837 5038 ,
2866 4972 2990 5026 οὔτε
3025 4973 3130 5044 μὴν
3163 4973 3255 5026 τὸν
3301 4971 3543 5040 ἐπίγειον
3575 4970 3771 5024 συλλέ-

2177 5083 2336 5135 γουσι
2379 5065 2639 5130 πλοῦτον,
2676 5063 3110 5137 παραιτούμενοι
3152 5050 3358 5136 σφόδρα
3388 5063 3479 5117 τὸν
3510 5062 3769 5118 ἐντεῦθεν

2176 5157 2497 5229 όνειδισμόνο
2523 5176 2541 5209 ι
2569 5158 2683 5212 Ἵνα
2709 5157 2783 5229 μὴ
2809 5157 3021 5229 stunc,»
3045 5158 3228 5226 φησιν,
3252 5175 3271 5206 ι
3295 5156 3376 5209 ὅτι
3409 5153 3552 5223 Ἐγὼ
3574 5154 3773 5210 ἐπλού-

2175 5267 2300 5303 τισα
2325 5249 2419 5304 τὸν
2462 5247 2731 5319 Ἀϐραόιμ⁸
2785 5268 2802 5302 ι
2836 5250 2975 5319 πλὴν
3020 5248 3104 5302 δτι
3151 5249 3319 5319 μόνας
3345 5248 3591 5319 δέχονται
3636 5264 3768 5317 τρο-

2178 5340 2306 5409 φὰς,
2329 5341 2430 5405 τὰς
2457 5342 2521 5395 ὲκ
2552 5339 2660 5393 τῶν
2691 5338 3105 5410 ὠφελουμένων.
3147 5357 3165 5391 ι
3198 5340 3381 5406 ’Ἄξιος
3409 5339 3518 5410 γὰρ
3543 5340 3572 5391 ὁ
3600 5339 3771 5408 ἐργά-

2178 5449 2276 5502 της
2327 5430 2423 5486 τοῦ
2481 5431 2675 5503 μισθοῦ
2729 5431 2916 5487 αὐτοῦ’
2978 5449 2994 5483 ι
3044 5431 3138 5486 καὶ
3178 5434 3291 5495 τοίς
3320 5432 3382 5483 τὸ
3428 5430 3768 5499 Εὑαγγέλιον

2178 5523 2640 5594 καταγγέλλουσιν
2691 5526 2756 5580 ὲκ
2784 5523 2879 5578 τοῦ
2920 5523 3254 5593 Εὑαγγελίου
3302 5516 3401 5594 ζῇν
3449 5522 3703 5578 ἐκέλευεν
3736 5523 3767 5575 ό

2180 5661 2225 5693 ε’
2254 5660 2273 5714 l
2303 5659 2430 5714 Cor.
2460 5676 2533 5721 rx,
2569 5662 2656 5714 Η.
