4096 6430
307 332 429 390 557

1026 338 1116 394 DE
1155 337 1602 402 ADORATIONE
1643 336 1711 392 IN
1753 335 2028 394 SPIRITU
2070 337 2158 392 ET
2198 340 2572 398 VERITATE.
2615 343 2745 398 LIB.
2790 343 2879 400 IV.

3506 344 3617 403 ὅτε

312 449 587 514 Χριστός.
641 451 711 503 Οἵ
743 467 805 519 γε
859 452 966 522 μὴν
1027 453 1336 524 συνωμόται
1386 452 1633 522 δέχονται
1682 451 1923 522 μερίδας,

2034 450 2204 506 rebus
2235 469 2357 522 quae
2390 456 2456 510 ad
2484 466 2810 526 praesentem
2851 456 3019 512 vitam
3065 458 3369 527 pertinent,
3399 468 3621 513 saneto-

309 540 683 607 εὐλογοῦντος
724 536 879 611 οἶμαί
911 558 1014 595 που
1048 541 1216 606 Θεοῦ,
1264 543 1359 594 καὶ
1397 542 1454 594 ἐν
1483 543 1596 604 τοῖς
1629 541 1771 593 κατὰ
1800 538 1923 592 τόν-

307 627 370 680 δε
417 628 514 680 τὸν
556 628 670 698 βίον
711 630 1007 701 πράγμασι
1049 633 1175 696 τοὺς
1220 631 1326 684 τῶν
1370 631 1542 700 ἁγίων
1585 630 1920 701 συζηλωτάς·

309 720 619 786 πλεονάζει
655 722 766 793 γὰρ
788 722 976 786 αὐτοῖς
1008 726 1072 776 ἐκ
1099 723 1317 787 δικαίας
1337 723 1458 777 ὀδοῦ
1485 723 1815 796 συμμέτρως
1854 723 1925 774 τὰ

313 813 471 866 ὂντα·
522 817 638 878 τοῖς
673 813 783 886 γὰρ
827 814 982 867 οὔπω
1021 815 1302 878 παντελῶς
1342 814 1450 867 τῶν
1498 815 1756 883 ἐπιγείων
1791 815 1926 867 ἀπο-

319 909 659 976 φοιτήσασι,
708 907 1136 978 μεμερισμένοις
1189 907 1245 960 δὲ
1295 906 1486 977 ὥσπερ
1544 906 1664 977 Θεῷ
1720 923 1779 958 τε
1831 907 1925 959 καὶ

287 987 548 1070 κόσμῳ,
592 1000 691 1052 καὶ
735 1000 838 1063 τὰς
893 1000 986 1052 ἐπὶ
1031 999 1135 1068 γῆς
1179 999 1431 1066 εὐλογίας
1479 998 1721 1070 διανέμει
1768 999 1921 1061 Θεός.

311 1090 516 1154 Οὕτως
563 1091 794 1162 ηὐλόγει
844 1093 936 1145 τὸν
1000 1090 1218 1158 Ἰακὼϐ,
1278 1094 1357 1156 είς
1409 1092 1612 1163 πλῆθος
1665 1091 1812 1160 ἄγων
1859 1091 1926 1145 τὰ

310 1182 650 1254 θρέμματα.

390 1277 610 1330 ΠΑΛΛ.
643 1271 718 1330 Εὖ
757 1275 962 1344 λέγεις.

391 1369 565 1422 ΚΥΡ.
619 1368 989 1440 Εύδοκιμοῦσι
1034 1368 1090 1421 δὲ
1123 1367 1326 1434 οὕτως,
1364 1369 1459 1423 καὶ
1497 1367 1922 1440 λελαμπρυσμέ-

314 1478 457 1528 νοις,
491 1461 569 1524 ὡς
604 1461 704 1531 ήδη
724 1461 992 1532 γνησίοις,
1025 1460 1088 1513 τὸ
1145 1462 1284 1532 μήτε
1327 1461 1523 1532 χρῆναι
1571 1464 1925 1532 καταναρκᾷν

315 1571 494 1624 φησιν
545 1553 575 1604 6
611 1551 810 1616 σώζειν
853 1551 1041 1615 εἰδὼς,
1092 1553 1189 1604 καὶ
1234 1553 1338 1624 μὴν
1383 1553 1464 1606 ὅτι
1500 1553 1594 1606 καὶ
1634 1552 1924 1624 ἁμφιλαςιῆ

313 1646 654 1716 κομιοῦνται
729 1644 961 1716 μισθὸν,
1027 1646 1320 1718 χρησίμως
1386 1647 1921 1716 κατεπαγγέλλεται·

313 1741 459 1812 ὁμοῦ
495 1742 559 1794 τὸ
611 1740 808 1795 ἄναλκί
859 1758 918 1795 τε
967 1743 1062 1795 καὶ
1111 1741 1550 1813 ἀποτολμότατον
1617 1741 1791 1805 πάθος
1849 1741 1926 1805 ὡς

2029 557 2150 595 rum
2191 545 2438 599 virorum
2476 549 2829 604 aemulatores
2876 555 3042 619 atque
3092 551 3399 605 imitatores
3455 552 3625 606 benc-

2027 632 2163 688 dicit
2186 635 2333 690 Deus
2357 655 2368 688 :
2394 637 2678 693 abundant
2701 641 2849 694 enim
2883 640 2993 694 illis
3020 641 3185 707 bona,
3217 658 3319 712 pro
3359 657 3471 697 suae
3493 658 3626 697 con-

2026 726 2252 782 ditionis
2280 730 2441 783 modo
2485 731 2632 800 justa
2674 733 2888 788 ratione
2917 735 3113 805 viaque
3141 744 3333 804 parta;
3383 750 3624 804 namque

2026 819 2096 874 iis
2119 821 2212 891 qui
2252 822 2496 876 nondum
2524 824 2765 892 perfecte
2808 842 2838 880 a
2889 829 3125 882 terrenis
3151 829 3316 883 rebus
3343 829 3626 882 abscesse-

2026 922 2178 979 runt,
2221 923 2276 969 et
2319 916 2432 970 Deo
2477 933 2541 971 ac
2570 919 2779 972 mundo
2824 920 2985 996 divisi
3034 921 3442 991 quodammodo
3468 935 3620 984 sunt,

2025 1008 2190 1060 etiam
2218 1017 2470 1063 terrenas
2493 1009 2912 1066 benedictioncs
2938 1014 3132 1067 tribuit
3164 1015 3326 1068 Deus.
3377 1013 3469 1068 Sic
3522 1019 3622 1066 be.

2025 1103 2239 1159 nedixit
2267 1105 2436 1161 Jacob
2463 1123 2589 1161 cum
2620 1109 2739 1179 ejus
2763 1124 2961 1178 pecora
3005 1109 3394 1180 multiplicavit
3420 1109 3488 1164 ⁵³.

2057 1310 2063 1317 -
2102 1281 2302 1336 PALL.
2340 1283 2508 1339 Recte
2532 1283 2631 1338 ais.

2099 1374 2258 1430 CYR.
2284 1377 2403 1432 Jam
2443 1393 2596 1443 vero,
2635 1385 2784 1433 tanta
2809 1377 2994 1443 laude,
3020 1387 3281 1448 tantoque
3329 1378 3620 1450 splendore

2026 1477 2364 1536 comparato,
2408 1476 2671 1538 tanquam
2699 1469 2978 1539 germanis
3015 1470 3128 1540 jam
3174 1468 3289 1522 suis
3316 1468 3623 1522 cultoribus

2027 1557 2174 1612 haud
2212 1560 2637 1628 torpcscendum
2675 1576 2794 1614 esse
2821 1559 3000 1629 inquit
3050 1561 3140 1614 ille
3175 1560 3370 1614 salutis
3390 1567 3620 1625 auctor;

2026 1649 2144 1704 fore
2161 1649 2324 1704 etiam
2351 1659 2411 1704 ut
2436 1667 2544 1705 non
2569 1651 2743 1706 levem
2770 1653 3041 1720 recipiant
3061 1651 3394 1714 mercedem,
3421 1666 3626 1720 oppor-

2029 1750 2162 1797 tune
2213 1743 2508 1813 pollicetur
2539 1763 2551 1798 :
2580 1746 2635 1799 in
2673 1761 2784 1815 quo
2841 1745 3006 1799 simul
3053 1743 3293 1798 imbellis
3329 1743 3624 1814 ignavique

313 1835 607 1890 ἁπωτάτω
636 1835 809 1898 τιθεὶς
837 1835 938 1906 τῆς
970 1835 1079 1888 τῶν
1116 1835 1473 1906 φοϐουμένων
1507 1835 1671 1890 αὐτὸν
1701 1835 1923 1906 ἀγέλης,

2032 1835 2201 1888 animi
2239 1836 2501 1890 affectum
2543 1852 2571 1890 a
2600 1852 2763 1906 grege
2796 1835 3105 1889 timentium
3132 1850 3190 1888 se
3213 1851 3378 1904 quam
3413 1833 3624 1903 longis-

315 1928 420 1982 καὶ
470 1927 654 1981 ἐλπίδι
696 1927 807 1980 τῶν
841 1927 1275 1999 ἐπηγγελμένων
1309 1929 1638 2001 καταθήγων
1670 1932 1749 1995 είς
1788 1947 1925 2001 προ-

315 2021 560 2091 Θυμίας,
591 2020 688 2074 καὶ
733 2020 998 2085 καθιστὰς
1048 2022 1585 2093 ἐρρωμενεστέρους.
1634 2024 1926 2096 Τοιγάρτοι

312 2116 419 2168 καὶ
457 2117 487 2169 6
538 2114 828 2188 θεσπέσιος
861 2114 1102 2181 Παῦλος,
1144 2114 1289 2169 οὕτω
1335 2115 1627 2180 διατιθεὶς,
1661 2115 1790 2170 ποτὲ
1827 2117 1928 2186 μὲι

313 2207 558 2276 ἔφασκε·
592 2225 611 2258 ι
649 2208 840 2262 Πάντα
878 2206 1048 2278 ἰσχύω
1095 2210 1154 2262 ἐν
1196 2207 1274 2280 τῷ
1319 2209 1646 2280 δυναμοῦντί
1679 2227 1747 2281 με
1792 2211 1928 2282 Χρι-

316 2300 456 2371 στῷ·
496 2320 518 2354 ι
557 2301 690 2355 ποτέ
718 2299 776 2353 δὲ
823 2297 915 2355 αὖ*
950 2319 970 2352 ι
1013 2301 1118 2354 Τὸν
1145 2301 1346 2373 δρόμον
1384 2303 1672 2370 τετέλεκα,
1707 2303 1806 2374 τὴν
1835 2304 1928 2358 πί-

318 2407 446 2446 στιν
485 2392 798 2463 τετήρηκα⁶
850 2390 1040 2444 λοιπὸν
1069 2392 1360 2446 ἀπόκειταί
1393 2411 1482 2465 μοι
1523 2395 1552 2446 6
1583 2394 1681 2464 τῆς
1723 2393 1928 2448 δικαιο-

321 2485 498 2556 σύνης
552 2485 844 2554 στέφανος.
904 2505 923 2538 ι
970 2485 1257 2558 Ἀσχάλλει
1303 2486 1361 2540 δέ
1401 2485 1522 2540 λίαν
1565 2487 1594 2539 6
1640 2487 1929 2552 θεσπέσιος

330 2578 630 2650 Ἀϐραὰμ,
658 2577 754 2632 καὶ
811 2577 928 2631 υἱὸν
974 2576 1112 2648 έχων
1154 2573 1438 2647 οἶκογενῆ,
1473 2577 1777 2649 δυσθυμίας
1827 2579 1929 2633 οὐκ

321 2674 573 2743 ἀμοιρεῖ.
621 2671 686 2723 Τί
737 2669 848 2743 γάρ
916 2687 1008 2741 μοι
1071 2667 1303 2734 δώσεις,
1349 2671 1544 2741 φησὶν,
1596 2673 1646 2724 εί
1703 2672 1929 2735 ἄτεκνος

318 2764 676 2834 ἁπολύομαις
701 2764 800 2818 καὶ
843 2762 1106 2825 ἀπαιδίας
1141 2763 1200 2815 ἐν
1237 2761 1336 2833 ῐσῳ
1383 2765 1621 2817 ποιεῖται
1674 2765 1736 2818 τὸ
1767 2763 1922 2820 νόθον

317 2857 472 2927 ἔχειν
504 2857 743 2928 καρπόν.
787 2852 923 2910 Εἶτα
951 2856 1084 2920 Θεὸς
1122 2855 1521 2924 ἐπαγγέλλεται
1557 2856 1648 2910 τὸν
1677 2858 1735 2924 ἐξ
1775 2857 1928 2912 ἐλευ-

320 2946 495 3017 θέρας
529 2945 648 3000 υἱὸν
670 2989 684 3012 ,
711 2946 964 2999 τουτέστι
995 2946 1087 2998 τὸν
1129 2945 1315 2999 Ἰσαὰκ
1335 2985 1352 3010 ,
1383 2947 1478 3000 καὶ
1511 2946 1732 3000 ἔσεσθαί
1764 2966 1928 3020 φησιν

321 3041 492 3094 αὐτὸν
521 3041 583 3094 ἐν
626 3039 822 3109 ἐκείνῳ
861 3039 1078 3109 πατέρα
1107 3038 1320 3091 πολλῶν
1367 3037 1570 3105 ἐθνῶν,
1611 3039 1755 3104 ἕξειν
1783 3041 1840 3094 δὲ
1867 3041 1928 3094 τὸ

325 3133 560 3206 σπέρμα
596 3131 783 3196 καθὼς
827 3130 896 3184 τὰ
929 3130 1108 3202 ἄστρα
1140 3129 1235 3184 τοῦ
1285 3130 1538 3201 οὐρανοῦ·
1586 3130 1774 3184 ἐλύπει
1819 3133 1928 3204 γὰρ

320 3226 447 3279 λίαν
493 3227 626 3290 τοὺς
661 3225 854 3294 ἁγίους
899 3224 1269 3287 ἀποστόλους,
1298 3223 1362 3274 τὸ
1401 3221 1594 3295 ὥσπερ
1633 3224 1740 3277 ἀπό
1783 3242 1928 3290 τινος

321 3319 557 3390 δούλης,
589 3319 696 3388 τῆς
731 3317 875 3372 κατὰ
907 3317 1073 3388 νόμον
1109 3316 1389 3388 λατρείας,
1421 3315 1576 3370 νόθον
1613 3316 1758 3388 ἔχειν
1787 3337 1926 3390 καρ-

323 3415 447 3468 πόν.
476 3412 741 3483 Ἐζήτουν
761 3411 820 3465 δὲ
845 3410 1048 3483 μᾶλλον
1069 3411 1161 3464 τὸν
1187 3412 1251 3463 ἐκ
1277 3411 1376 3480 τῆς
1405 3409 1739 3482 ἐλευθερίας,
1770 3429 1926 3466 τουτ-

324 3507 472 3570 έστι,
523 3505 616 3558 τὸν
648 3506 713 3558 ἐκ
755 3504 855 3574 τῆς
886 3503 1094 3572 Καινῆς
1147 3503 1442 3574 Διαθήκης.
1486 3498 1672 3568 Οὗτος
1703 3505 1760 3558 δέ
1799 3502 1868 3576 ἦν
1900 3507 1929 3560 6

323 3596 591 3671 Χριστὸς,
616 3591 678 3650 οὗ
708 3596 804 3650 καὶ
851 3598 932 3660 εἰς
961 3595 1131 3650 τύπον
1157 3599 1186 3649 ὁ
1229 3596 1415 3649 Ἰσαὰκ
1443 3599 1564 3649 κατ’
1595 3599 1928 3666 ἐπαγγελίαν

323 3692 554 3753 νοεῖται,
590 3688 686 3741 καὶ
710 3687 798 3740 διὰ
831 3687 1089 3751 πίστεως.
1128 3688 1238 3741 Καὶ
1268 3686 1400 3756 γοῦν
1428 3690 1456 3740 6
1487 3691 1759 3761 μακάριος
1787 3691 1928 3745 Παῦ-

323 3783 437 3848 λος,
473 3783 605 3854 περὶ
649 3780 759 3834 τῶν
809 3782 867 3834 ἐν
913 3780 1094 3851 ἑαυτῷ
1136 3780 1303 3851 νόμου
1354 3781 1519 3850 φησὶν
1565 3782 1923 3853 αὐχημάτων,

328 3899 346 3930 ι
394 3878 598 3931 Ἀτινα
636 3871 705 3947 ἦν
753 3893 843 3948 μοι
875 3874 1071 3946 κέρδη,
1102 3874 1276 3928 ταῦτα
1304 3875 1518 3946 ἥγημαι
1557 3872 1642 3928 διὰ
1677 3875 1766 3928 τὸν
1793 3875 1928 3946 Χρι-

324 3971 452 4024 στὸν
486 3969 716 4040 ζημίανο
772 3968 911 4021 ἀλλὰ
947 3968 1048 4038 μὲν
1090 3962 1184 4020 οὖν
1221 3985 1285 4036 γε
1324 3967 1419 4021 καὶ
1457 3967 1697 4039 ἠγοῦμαι
1745 3969 1926 4023 πάντα

323 4062 537 4133 ζημίαν
586 4055 728 4114 εἶναι
776 4060 865 4113 διὰ
907 4061 968 4112 τὺ
1002 4061 1269 4130 ὑπερέχον
1318 4060 1418 4130 τῆς
1451 4058 1706 4128 γνώσεως
1746 4061 1924 4132 Ἰησοῦ

320 4153 568 4226 Χριστοῦ
601 4153 700 4207 τοῦ
745 4151 952 4224 Κυρίου
987 4152 1165 4224 ἡμῶν,
1195 4151 1260 4204 δι’
1293 4151 1351 4204 ὃν
1377 4152 1446 4206 τὰ
1475 4154 1652 4206 πάντα
1682 4153 1926 4224 ἐξημιὼ-

322 4247 459 4316 θην,
481 4245 580 4298 καὶ
612 4243 858 4316 ἡγοῦμαι
903 4243 1147 4297 σκύϐαλα
1189 4237 1358 4306 εἷναι,
1412 4243 1497 4296 ἵνα
1528 4243 1765 4315 Χριστὸν
1799 4262 1928 4316 κερ-

319 4336 498 4408 δήσω,
521 4335 617 4388 καὶ
634 4335 845 4406 εὑρεθῶ
871 4335 928 4386 ἐν
954 4333 1121 4404 αύτῷ,
1149 4335 1223 4406 μὴ
1241 4334 1380 4405 ἔχων
1397 4333 1534 4406 ἐμὴν
1556 4335 1924 4410 δικαιοσύνην,

320 4428 426 4496 τὴν
449 4427 543 4479 διὰ
566 4429 764 4496 νόμου,
820 4425 960 4479 ἀλλὰ
1003 4425 1102 4498 τὴν
1155 4425 1244 4480 διὰ
1290 4425 1528 4490 πίστεως
1587 4426 1762 4498 Ἰησοῦ
1790 4429 1925 4500 Χρι-

2031 1929 2168 1982 sime
2195 1929 2431 1998 repellit,
2468 1936 2521 1983 et
2544 1944 2639 1998 spe
2669 1945 2856 1983 rerum
2887 1944 3023 1998 quas
3060 1928 3373 1998 pollicetur,
3399 1926 3466 1980 ad
3506 1926 3628 1982 ani-

2029 2020 2106 2073 mi
2145 2019 2484 2075 alacritatem
2525 2020 2763 2083 exacuit,
2790 2027 2846 2074 et
2871 2019 3130 2074 fortiores
3153 2018 3319 2074 efﬁcit
3345 2037 3358 2072 :
3387 2019 3626 2089 ideoque

2031 2112 2199 2166 etiam
2247 2112 2445 2167 beatus
2490 2113 2717 2177 Paulus,
2747 2113 2877 2182 quia
2919 2111 2999 2166 sic
3019 2111 3254 2166 aﬁ'ectus
3296 2118 3436 2177 erat,
3479 2127 3624 2167 non-

2028 2219 2312 2273 nunquam
2339 2204 2454 2258 ait:
2494 2223 2512 2255 ‹
2535 2202 2731 2258 Omnia
2771 2219 2996 2274 possum
3031 2205 3087 2258 in
3119 2219 3185 2259 eo
3226 2205 3320 2274 qui
3373 2219 3460 2258 me
3487 2220 3624 2260 con-

2030 2293 2219 2359 fortat,
2279 2295 2502 2350 Christo
2528 2296 2613 2349 ’δε
2647 2315 2666 2348 ι
2720 2296 3020 2366 aliquando
3075 2312 3312 2351 rursus:
3347 2316 3364 2346 ι
3387 2295 3624 2352 Cursum

2030 2389 2432 2454 consummavi,
2464 2389 2628 2444 ﬁdem
2664 2389 2917 2456 servavi;
2945 2390 3002 2444 in
3037 2390 3253 2460 reliquo
3276 2390 3517 2459 reposita
3539 2397 3627 2444 est

2030 2479 2168 2534 mihi
2196 2496 2402 2536 corona
2437 2482 2670 2553 justitize
2691 2482 2759 2537 ⁸³.
2796 2501 2814 2533 ι
2842 2481 3008 2554 Αέετε
3039 2481 3148 2537 fert
3167 2490 3354 2537 autem
3384 2483 3625 2538 maxime

2029 2569 2310 2627 Abraham
2353 2573 2503 2643 quod
2539 2573 2712 2628 ﬁlium
2750 2573 2984 2629 haberet
3009 2575 3392 2639 vernaculum,
3421 2585 3476 2630 et
3502 2575 3626 2630 ani-

2033 2678 2126 2717 mo
2150 2664 2370 2735 angitur
2397 2681 2410 2718 :
2439 2663 2584 2732 Quid
2606 2663 2778 2729 enim,
2806 2663 3007 2735 inquit,
3042 2663 3177 2718 mihi
3212 2663 3390 2726 dabis,
3423 2663 3469 2717 si
3507 2663 3628 2718 sine

2029 2756 2222 2811 liberis
2277 2757 2529 2812 dimittor
2569 2758 2672 2812 ⁵⁵⁵2
2715 2757 3061 2826 nothumque
3109 2755 3314 2810 habere
3363 2755 3628 2823 fructum,

2030 2850 2262 2918 perinde
2296 2851 2532 2905 aestimat
2563 2859 2728 2920 atque
2762 2851 3079 2906 orbitatem.
3117 2850 3327 2906 Deinde
3372 2851 3518 2907 Deus
3553 2867 3624 2907 ex

2031 2943 2209 2998 libera
2265 2943 2384 2998 fore
2433 2945 2512 2999 illi
2549 2944 2745 3011 ﬁlium,
2777 2946 2829 3000 id
2871 2955 2956 3001 est
2999 2947 3169 3011 Isaac,
3213 2947 3523 3016 pollicetur,
3570 2946 3629 3002 in

2032 3049 2213 3104 eoque
2237 3044 2452 3104 patrem
2498 3050 2557 3090 se
2585 3035 2704 3090 fore
2743 3037 3040 3090 multarum
3087 3037 3356 3107 gentium,
3405 3037 3628 3092 habitu-

2032 3142 2269 3196 rumque
2310 3141 2501 3181 semen
2531 3127 2676 3182 sicut
2731 3136 2881 3182 astra
2928 3129 3088 3182 caali:
3123 3129 3351 3183 moleste
3390 3144 3628 3199 namque

2033 3219 2287 3274 ferebant
2309 3219 2483 3274 sancti
2516 3221 2750 3290 apostoli
2775 3220 2922 3290 quod
2950 3221 3102 3275 velut
3145 3236 3214 3274 ex
3264 3221 3461 3276 ancilla
3487 3237 3627 3292 qua-

2035 3312 2187 3374 dam,
2218 3327 2284 3366 ex
2309 3312 2459 3366 cultu
2495 3327 2694 3382 nempe
2722 3312 2903 3382 legali,
2931 3313 3164 3366 nothum
3203 3312 3482 3367 haberent
3508 3312 3628 3367 fru-

2035 3411 2218 3470 ctum;
2257 3412 2424 3474 atque
2459 3419 2527 3458 ex
2554 3404 2730 3459 libera
2753 3406 2960 3474 potius,
3013 3405 3067 3459 id
3099 3414 3204 3470 est,
3231 3421 3299 3459 ex
3350 3405 3504 3460 Novo
3526 3405 3630 3460 Tc-

2035 3503 2328 3561 stamento,
2357 3496 2533 3550 ﬁlium
2557 3497 2933 3566 expetebant:
2970 3497 3016 3550 is
3059 3505 3244 3550 autem
3293 3503 3414 3550 erat
3464 3495 3630 3552 Chri-

2036 3599 2174 3654 stus,
2217 3590 2272 3644 in
2297 3591 2455 3660 cujus
2480 3605 2701 3660 quoque
2727 3588 2900 3659 ﬁgura
2924 3589 3078 3642 Isaac
3123 3603 3223 3657 per
3250 3588 3631 3658 repromissio—

2034 3696 2160 3735 nem
2186 3687 2350 3749 atque
2379 3695 2478 3750 per
2503 3679 2668 3734 ﬁdem
2691 3687 2855 3734 natus
2882 3679 3233 3749 intelligitur.
3262 3679 3452 3748 Itaque
3494 3679 3629 3733 bea-

2037 3779 2126 3825 tus
2150 3771 2357 3826 Paulus
2378 3771 2445 3825 de
2473 3771 2612 3841 legis
2658 3770 3019 3835 ornamentis,
3071 3786 3195 3839 quae
3241 3770 3346 3824 sibi
3389 3771 3626 3834 inerant,

2035 3863 2140 3918 ait:
2183 3882 2200 3915 ι
2231 3863 2363 3930 Quae
2400 3863 2538 3918 mihi
2582 3871 2742 3918 erant
2794 3864 2971 3927 lucra,
3001 3864 3116 3918 haec
3151 3863 3456 3918 arbitratus
3504 3879 3628 3919 sum

2033 3963 2264 4025 propter
2281 3954 2573 4012 .Christum
2606 3956 3004 4010 detrimentum
3034 3973 3045 4006 :
3088 3970 3279 4008 verum
3315 3955 3484 4008 etiam
3513 3955 3633 4009 exi-

2034 4050 2198 4104 stimo
2227 4049 2410 4103 σῐηιιίιι
2449 4049 2844 4102 detrimentum
2873 4063 2994 4102 esse
3019 4055 3248 4116 propter
3289 4046 3440 4117 14],
3493 4047 3633 4100 emi-

2034 4148 2259 4194 nentem
2287 4139 2574 4194 scientiam
2631 4138 2763 4193 Jesu
2802 4137 3008 4192 Christi
3033 4137 3248 4190 Domini
3277 4136 3474 4201 nostri,
3500 4152 3632 4206 pro-

2033 4237 2158 4299 pter
2183 4244 2346 4298 quem
2376 4229 2623 4282 omnium
2663 4228 2934 4297 jacturam
2967 4227 3093 4291 feci,
3125 4235 3181 4281 et
3207 4227 3451 4281 arbitror
3477 4235 3622 4281 ster-

2035 4336 2163 4375 cora
2185 4336 2332 4384 esse,
2365 4331 2426 4374 ut
2454 4321 2742 4375 Christum
2790 4320 3154 4386 lucrifaciam,
3191 4327 3246 4374 et
3293 4320 3544 4374 inveniar
3568 4320 3627 4376 in

2037 4415 2160 4484 ipso
2198 4429 2309 4468 non
2335 4413 2548 4469 habens
2580 4431 2758 4470 meam
2801 4413 3094 4485 justitiam,
3143 4429 3264 4483 qua:
3309 4427 3409 4482 per
3447 4412 3627 4482 legem

322 4517 479 4574 σποῦ.
537 4537 556 4570 ι
604 4518 694 4571 Ἐν
725 4517 951 4589 Χριστῷ
990 4517 1098 4588 γὰρ
1129 4519 1388 4588 γεγόνασι
1439 4519 1677 4590 πατέρες
1716 4521 1928 4576 πολλῶν

2034 4513 2119 4561 est
2142 4547 2156 4571 ,
2184 4505 2279 4560 sed
2301 4521 2424 4575 qua:
2455 4521 2525 4561 ex
2553 4505 2660 4562 ﬁde
2687 4516 2771 4562 est
2797 4507 2924 4561 Jesu
2956 4505 3161 4561 Christi
3203 4506 3269 4558 ".
3301 4525 3321 4556 ι
3353 4505 3414 4559 In
3461 4505 3627 4561 Chri-

321 4611 499 4665 ἐθνῶν
561 4610 660 4664 καὶ
688 4610 1068 4682 ἀναριθμήτου
1115 4610 1450 4683 σπέρματος,
1501 4613 1757 4685 καθάπερ
1789 4615 1926 4686 ἁμέ-

319 4705 406 4758 λει
453 4704 554 4758 κιιύ⁸
623 4703 877 4776 Ἀϐραὰμ
927 4705 986 4758 ἐν
1044 4705 1250 4758 Ἰσαάκ.
1311 4705 1682 4778 Ἀναθήσομεν
1725 4707 1782 4760 δὲ
1834 4708 1926 4762 τὸν

317 4799 420 4851 ἐπὶ
456 4796 604 4868 τῷδε
643 4797 823 4866 λόγον,
861 4797 984 4869 οὐχὶ
1034 4797 1099 4868 δὴ
1147 4798 1329 4868 μόνοις
1370 4802 1483 4864 τοῖς
1532 4801 1702 4854 πάλαι
1729 4817 1806 4854 τε·
1833 4803 1926 4855 καὶ

317 4891 510 4961 ἁγίοις
551 4892 911 4956 ἀποστόλοις,
958 4890 1095 4944 ἀλλὰ
1145 4891 1238 4945 καὶ
1283 4895 1396 4956 τοῖς
1435 4893 1553 4964 μετ’
1581 4893 1826 4958 ἐκείνους
1863 4894 1925 4947 τὸ

319 4980 613 5053 ίεροῦσθαι
632 4980 881 5051 λαχοῦσι,
911 4981 1003 5035 καὶ
1041 4981 1379 5051 Ἐκκλησιῶν
1409 4983 1758 5054 ἡγουμένοις,
1777 4981 1810 5054 ἢ
1830 4985 1926 5039 καὶ
1968 5039 1998 5057 _

316 5073 494 5129 παντί
516 5091 578 5126 τε
603 5073 792 5127 λοιπὸν
821 5073 955 5145 ὁσίῳ
989 5074 1084 5127 καὶ
1106 5073 1312 5143 ἀγαθῷ.

377 5344 428 5378 ⁸³
467 5342 674 5400 Genes.
698 5357 828 5410 In,
850 5340 940 5397 3|.

1021 5339 1067 5371 "
1087 5338 1323 5411 Philipp.
1363 5357 1436 5406 tv,
1469 5341 1555 5396 II.
1634 5342 1678 5374 ⁸⁵
1705 5343 1749 5398 II
1771 5343 1914 5398 Tim.
1935 5357 2009 5412 tv,
2045 5347 2098 5401 8.
2176 5348 2242 5380 "°
2270 5348 2470 5407 Cenes.
2501 5367 2588 5418 xv,
2615 5353 2666 5406 '5.

2034 4605 2134 4666 sto;
2156 4613 2394 4667 namque
2430 4607 2616 4668 patres
2661 4600 2962 4653 multarum
3005 4598 3252 4668 gentium
3296 4605 3353 4652 et
3399 4598 3628 4653 seminis

2034 4689 2474 4754 innumerabilis,
2501 4696 2563 4744 ut
2584 4689 2860 4744 Abraham
2887 4691 2943 4745 in
2971 4691 3121 4745 Isaac
3137 4690 3263 4744 facti
3291 4697 3438 4744 sunt.
3467 4691 3624 4757 Quod

2034 4788 2219 4835 autem
2250 4781 2353 4835 hac
2378 4781 2446 4835 de
2487 4796 2549 4835 re
2575 4781 2785 4836 dictum
2816 4791 2900 4837 est
2926 4798 2956 4837 a
2984 4783 3163 4846 nobis,
3195 4783 3248 4836 id
3293 4799 3403 4836 non
3447 4784 3625 4837 solum

2032 4873 2230 4943 priscis
2254 4873 2363 4928 illis
2383 4874 2519 4929 viris
2542 4889 2610 4928 ac
2635 4877 2840 4931 sanctis
2862 4877 3127 4946 apostolis
3154 4876 3486 4938 tribuemus,
3524 4877 3623 4930 sed

2031 4966 2100 5021 ad
2125 4982 2218 5022 eos
2241 4983 2464 5038 quoque
2487 4967 2583 5038 qui
2599 4976 2725 5039 post
2748 4969 2874 5024 illos
2887 4971 3223 5026 sacerdotale
3241 4969 3622 5024 suntotlicium

2031 5058 2234 5124 sortiti,
2262 5065 2319 5113 et
2367 5060 2629 5115 Ecclesiae
2664 5060 2836 5116 duces
2881 5061 3190 5126 constituti,
3223 5069 3318 5116 aut
3353 5061 3519 5114 etiam
3553 5060 3622 5114 ad

2032 5151 2288 5220 quemvis
2310 5160 2561 5207 sanctum
2594 5153 2942 5224 probumque
2966 5154 3148 5209 virum
3185 5153 3510 5208 referemus.

2748 5353 2792 5384 ⁸⁶
2809 5352 3046 5422 Philipp.
3089 5368 3167 5418 ιιι,
3203 5352 3320 5409 7-9.
