4096 6496
291 405 392 462 sui
1025 404 1135 477 DE_
1156 403 1607 461 soon-move
1646 403 1714 460 1N
1755 403 1932 460 srun

2074 404 2163 458 ΕΤ
2208 404 2582 460 ΥΕΙΠΤΑΤΕ.
2628 403 2758 458 LIB.
2803 403 2865 457 Υ.
3507 399 3614 456 362

291 523 376 576 ὅτι
426 542 444 575 ι
481 522 594 578 Καὶ
640 520 889 594 εἰσῆλθεν
937 523 1146 596 Ἰησοῦς
1199 526 1228 578 ὁ
1276 522 1370 578 τοῦ
1416 523 1576 594 Ναυῆ
1619 523 1758 596 πρὸς
1785 524 1914 587 τοὺς

2037 523 2088 578 td
2120 525 2472 594 pugnandum
2501 524 2796 596 aptissimi,
2822 525 2975 594 juxta
3012 521 3284 577 bellorum
3335 519 3484 591 leges
3527 520 3614 574 in--

294 618 514 689 ἱερεῖς,
561 617 658 673 καὶ
697 613 854 670 εἶπεν
898 616 1085 680 αὑτοῖς
1133 616 1330 684 λέγων·
1375 617 1794 688 Παραγγείλατε
1834 615 1913 686 τῷ

293 707 415 779 λαῷ
446 708 761 781 περιελθεῖν
801 708 898 763 καλ⁸
937 708 1224 762 κυκλῶσαι
1259 709 1360 782 τὴν
1390 710 1569 774 πόλιν,
1595 711 1691 764 καὶ
1715 712 1766 764 οἱ
1805 710 1916 782 μά.

295 818 456 872 χιμοι
497 800 1095 875 παραπορευέσθωσαν
1145 803 1544 876 ὲνωπλισμένοι
1587 804 1769 858 ἔναντι
1803 805 1916 859 Κυ-

305 896 443 968 ρίου.
490 915 511 948 ι
548 898 998 969 Προστάττοντος
1027 898 1141 970 γὰρ
1171 897 1267 952 τοῦ
1294 898 1532 970 Χριστοῦ
1557 897 1647 952 διὰ
1675 899 1775 968 τῆς
1808 897 1917 952 τῶν

303 990 632 1062 ἡγουμένων
668 991 858 1063 φωνῆς
879 1033 894 1056 ,
930 992 1494 1065 καταστρατευόμεθα
1537 992 1647 1046 τών
1682 991 1914 1064 ἐχθρῶν,

296 1085 358 1138 ού
411 1085 560 1158 πρὸς
610 1081 754 1157 αἷμα
804 1088 901 1140 καὶ
956 1087 1138 1158 σάρκα
1186 1085 1287 1158 τὴν
1342 1086 1526 1158 μάχη-ν
1573 1085 1916 1158 αἱρούμενοι,

299 1176 442 1249 πρὸς
485 1177 667 1250 ἀρχὰς
697 1179 756 1232 δὲ
791 1179 996 1250 μᾶλλον
1029 1182 1126 1233 καὶ
1152 1178 1428 1247 ἐξουσίας,
1463 1179 1560 1234 καλ⁸
1597 1179 1690 1234 τὸν
1721 1181 1780 1234 ὲν
1805 1181 1920 1244 τοῖς

301 1269 503 1342 μέλεσι
549 1271 652 1342 τῆς
696 1272 902 1344 σαρκὸς
938 1274 1360 1344 τυραννήσαντα
1405 1273 1594 1345 νόμον.
1653 1273 1921 1345 Ἐσὸμεθα

298 1364 361 1418 δὲ
411 1364 541 1419 τότε
586 1364 684 1418 καὶ
733 1367 792 1418 ἐν
847 1365 971 1436 ὕψει
1011 1365 1184 1432 Θεοῦ,
1234 1365 1538 1439 παντευχίᾳ
1584 1367 1685 1438 μὲν
1731 1365 1922 1438 ὥσπερ

300 1459 717 1532 ἐνηρμοσμένοι
744 1462 813 1531 τῇ
855 1458 979 1532 θείᾳ
1004 1478 1065 1514 τε
1095 1461 1191 1516 κσίι
1219 1463 1411 1534 νοητῇ.
1473 1461 1580 1534 (Tit
1636 1459 1745 1533 γὰρ
1783 1461 1923 1516 ὅπλα

300 1553 468 1625 ἡμῶν
518 1554 613 1608 ού.
645 1554 908 1626 σαρκικὰ,
950 1555 1094 1610 κατὰ
1149 1555 1250 1628 τὴν
1289 1555 1384 1610 τοῦ
1432 1555 1650 1610 Παύλου
1691 1556 1922 1627 φωνὴν),

301 1653 421 1714 τοῖς
435 1650 497 1707 δὲ
522 1651 626 1722 τῆς
641 1651 998 1723 δικαιοσύνης
1020 1653 1340 1724 αὐχήμασιν
1366 1650 1690 1722 ἐκπρεπεῖς.
1722 1649 1928 1719 Ἐφορᾷ

299 1741 370 1814 δὴ
401 1738 500 1797 οὖν
528 1743 660 1808 τοὺς
699 1744 1131 1816 μαχιμωτάτους
1158 1745 1187 1797 ὁ
1213 1742 1433 1797 πάντων
1468 1740 1745 1812 Δεσπότης
1769 1738 1924 1804 Θεὸς,

300 1834 374 1887 τὰ
417 1833 654 1907 λαμπρὰ
701 1835 804 1906 τῆς
854 1833 1206 1907 δικαιοσύνης
1248 1833 1422 1904 σκεύη
1473 1832 1924 1904 περικειμένους,

301 1927 458 1981 τοῦτ’
487 1928 630 1992 ἐστι,
675 1928 740 1982 τὸ
772 1927 851 1992 ὡς
888 1927 1122 1982 ἐνώπιον
1157 1926 1402 2000 Χριστοῦ
1436 1924 1926 1998 παραπορεύεσθαι
1959 1905 2000 1959 Β

301 2022 436 2086 τοὺς
491 2022 770 2093 μαχίμους
822 2022 1285 2094 ἐνωπλισμένους.
1337 2022 1534 2093 Τίμιον
1593 2021 1650 2075 δὲ
1719 2010 1926 2094 σςρόδρα

304 2113 410 2167 καὶ
459 2114 804 2172 πολύευκτον
820 2101 1084 2188 άληθῶς,
1135 2116 1198 2169 τὸ
1229 2117 1288 2170 ἐν
1331 2115 1623 2187 ἐπισκέψει
1668 2115 1926 2184 γενέσθαι

301 2205 484 2273 Θεοῦ,
523 2208 687 2281 εἴπερ
734 2208 886 2262 ἐστὶν
934 2209 1036 2263 οὑκ
1082 2208 1352 2265 ἀπίθανον
1401 2211 1641 2274 ἐννοεῖν,
1685 2209 1768 2264 ὅτι
1813 2211 1929 2272 τοῖς

300 2298 684 2369 λελυπηκόσι,
733 2300 962 2355 κόλασιν
1006 2300 1200 2374 ὥσπερ
1247 2301 1371 2356 τινὰ
1422 2301 1524 2372 τὴν
1568 2299 1929 2372 ἀποστροφὴν

302 2391 600 2464 ἐπιτίθησι
631 2392 793 2458 Θεὸς,
829 2394 1026 2464 λέγων·
1058 2412 1076 2446 ι
1104 2395 1274 2450 Ὅταν
1298 2393 1406 2459 τὰς
1434 2396 1622 2466 χεῖρας
1645 2393 1928 2464 ἐκτείνητε

308 2487 456 2558 πρός
477 2504 568 2558 με,
590 2487 932 2560 άποστρέψω
955 2488 1082 2553 τοὺς
1105 2488 1424 2559 ὀφθαλμούς
1447 2506 1548 2561 μου
1575 2489 1668 2559 ἀφ’
1691 2487 1868 2560 ὑμῶν.
1905 2508 1922 2538 ι

308 2579 773 2652 Παρατεινούσης
815 2579 874 2634 δὲ
916 2581 1014 2653 τῆς
1054 2581 1376 2652 πολιορκίας
1432 2582 1526 2633 καὶ
1580 2582 1659 2646 είς
1711 2580 1928 2653 ἡμέραν

308 2670 594 2742 ἑϐδόμην,
631 2670 740 2742 ἔφη
772 2672 936 2726 πάλιν
993 2671 1208 2743 Ἰησοῦς
1248 2675 1276 2726 ὁ
1306 2672 1402 2726 τοῦ
1443 2673 1599 2741 Ναυῆ
1647 2676 1760 2738 τοῖς
1791 2675 1931 2738 υἱοῖς

322 2765 584 2835 Ἰσραήλ·
636 2785 654 2817 ι
707 2763 1033 2837 Κεκράξατε
1082 2767 1222 2837 πρὸς
1272 2767 1512 2839 Κύριον·
1572 2768 1930 2841 παραδέδωκε

309 2855 424 2929 γὰρ
457 2857 597 2927 ἡμῖν
627 2856 839 2930 Κύριος
871 2859 971 2931 τὴν
1006 2858 1194 2924 πόλιν,
1227 2860 1321 2914 καὶ
1350 2859 1506 2914 ἔσται
1534 2861 1567 2932 ἡ
1605 2861 1762 2924 πόλις
1795 2859 1931 2914 ἀνά-

311 2948 481 3022 θεμα,
514 2949 660 3020 αὕτη
686 2950 784 3005 καὶ
813 2951 996 3006 πάντα
1025 2953 1128 3006 ὃσα
1157 2953 1306 3007 ἐστὶν
1336 2953 1394 3006 ὲν
1427 2953 1565 3025 αὐτῇ
1584 2995 1597 3015 ,
1630 2953 1707 3024 τῷ
1740 2954 1932 3025 Κυρίῳ

312 3042 426 3097 τῶν
452 3043 745 3116 δυνάμεων
764 3041 1027 3100 Σαϐαώθ“
1043 3044 1186 3118 πλὴν
1223 3043 1398 3100 Ῥαάὁ
1417 3044 1517 3116 τὴν
1547 3046 1754 3118 πόρνην
1777 3062 1843 3098 πε
1853 3062 1932 3116 ρι·

313 3135 567 3192 ποιεῖσθε
615 3135 822 3209 αὐτὴν,
876 3137 972 3192 κοιλ⁸
1004 3136 1185 3192 πάντα
1223 3138 1326 3192 ὅσα
1369 3137 1520 3192 ἐστὶν
1569 3139 1628 3192 ὲν
1665 3137 1744 3210 τῷ
1795 3137 1933 3208 οἴκῳ

316 3233 514 3305 αὑτῆς.
565 3231 711 3285 Ἀλλ’
747 3232 908 3304 ὑμεῖς
940 3231 1254 3304 φυλάξασθε
1285 3233 1396 3289 ἀπὸ
1423 3233 1521 3288 τοῦ
1559 3232 1928 3306 ἀναθέματος,

317 3325 560 3397 μήποτε
612 3325 1016 3397 ἐνθυμηθέντες
1053 3327 1212 3398 ὑμεῖς
1250 3326 1411 3382 αὑτοὶ
1435 3325 1638 3398 λάϐητε
1679 3326 1789 3380 ἀπὸ
1832 3326 1927 3380 τοῦ

316 3414 703 3487 άναθέματος,
773 3419 870 3471 καὶ
922 3419 1196 3491 ποιήσητε
1245 3419 1346 3489 τὴν
1409 3417 1766 3490 παρεμϐολὴν
1820 3418 1930 3471 τῶν

320 3506 458 3561 υἱῶν
510 3507 737 3580 Ἰσραὴλ
780 3508 1068 3581 ἀνάθεμα,
1121 3509 1216 3564 καὶ
1269 3509 1567 3582 ἐκτρίψητε
1612 3508 1791 3579 ἡμᾶς,
1839 3507 1961 3560 καί·

317 3601 430 3656 πᾶν
486 3601 760 3675 ἀργύριον
791 3605 888 3657 καὶ
930 3602 1182 3675 χρυσίον,
1216 3604 1311 3658 καὶ
1344 3604 1546 3674 χαλκὸς
1586 3605 1681 3658 καὶ
1714 3603 1934 3676 σίδηρος

319 3693 481 3764 ἆγιον
515 3694 676 3749 ἔσται
717 3695 798 3767 τῷ
849 3696 1074 3768 Κυρίῳ,
1121 3697 1202 3760 είς
1241 3695 1517 3769 θησαυρὸν
1562 3696 1774 3769 Κυρίου
1822 3698 1937 3749 εἱσ-

321 3786 709 3859 ενεχθὴσεται.
753 3806 774 3838 ι
829 3788 1011 3858 Ἠφίει
1049 3789 1148 3860 μὲν
1179 3787 1289 3860 γὰρ
1321 3791 1444 3853 ταῖς
1507 3787 1698 3854 ἄλλαις
1727 3789 1936 3861 λαφυρ-

321 3879 604 3950 αγωγίαις
636 3881 918 3952 ὲντρυφᾷν
960 3882 1093 3945 τοὺς
1131 3881 1588 3954 άνδριζομένους,
1619 3882 1936 3954 εἰσκομίζε-

323 3972 454 4027 σθαι
479 3972 541 4028 δὲ
567 3971 680 4027 δεῖν
705 3973 787 4038 εἰς
813 3973 1089 4046 θησαυρὸν
1115 3973 1350 4047 Κυρίου,
1369 3977 1526 4046 φησι,
1547 3976 1657 4030 πᾶν
1671 3974 1938 4048 ἀργύριον

321 4065 417 4120 καὶ
436 4065 698 4136 χρυσίον,
727 4064 930 4134 χαλκόν
953 4082 1008 4119 τε
1037 4064 1133 4120 καὶ
1164 4066 1418 4138 σίδηρον·
1449 4065 1608 4120 τοῦτο
1646 4067 1755 4138 γὰρ
1785 4062 1854 4139 ἦν
1878 4067 1939 4120 τὸ

321 4157 562 4229 ἐπίκλην
600 4157 886 4229 ἀνάθεμα,
918 4157 1170 4216 τουτέστι
1191 4159 1287 4225 ,τὸ
1312 4160 1660 4232 ἀπονεμηθὲν
1696 4161 1762 4215 ὲκ
1801 4161 1938 4218 πάν-

318 4267 432 4305 των
458 4252 537 4322 (1)
568 4254 667 4306 καὶ
695 4251 993 4323 ἀφορισθὲν
1017 4251 1097 4323 τῷ
1127 4251 1265 4323 Θεῷ.
1309 4252 1677 4316 ’Λλλόύδενὸς
1701 4252 1942 4320 ἀξιώσας

320 4342 488 4412 λόγου
526 4343 628 4416 τὴν
663 4343 909 4414 ἐντολὴν,
961 4363 981 4397 ι
1030 4344 1254 4410 Ἔλαϐε,
1288 4346 1485 4416 φησιν,
1536 4346 1717 4418 ’Ἁχαρ
1763 4349 1792 4401 ὀ
1826 4346 1942 4411 υίὸς

321 4434 674 4506 Χαμμὶ,υίοῦ
687 4437 724 4489 Ζ
732 4438 941 4510 αμϐρῆ,
952 4439 1068 4492 υἱοῦ
1082 4441 1235 4510 Ζαρᾶ
1250 4439 1424 4510 ὲκτῆς
1440 4439 1613 4509 φυλῆς
1628 4439 1820 4507 Ἰούδα,
1834 4439 1944 4493 ἀπὸ

321 4529 420 4587 τοῦ
451 4528 821 4601 άναθέματος.
856 4531 966 4585 Καὶ
994 4529 1252 4603 ἐθυμώθη
1277 4531 1415 4604 ὀργῇ
1442 4529 1649 4602 Κύριος
1671 4533 1786 4594 τοῖς
1804 4530 1940 4594 υἱοῖς

2018 618 2240 674 structi.
2269 619 2551 689 Scriptura
2577 627 2663 675 est
2714 619 2902 674 enim:
2945 637 2962 669 ι
2991 617 3280 689 Ingressus
3321 623 3407 670 est
3453 613 3616 670 Jesus

2018 711 2168 766 Nave
2196 711 2264 765 ad
2291 710 2631 776 sacerdotes,
2661 719 2716 764 et
2755 711 2976 766 loeutus
3000 717 3084 765 est
3111 708 3180 764 ad
3221 725 3339 774 eos,
3386 708 3614 762 dicens:

2021 797 2313 876 Praecipite
2339 803 2546 874 populo
2590 811 2651 858 ιιι
2673 803 2998 870 circumeat,
3047 812 3105 860 et
3145 802 3453 859 circumdet
3477 798 3617 855 civi-

2023 905 2216 964 tatem,
2243 906 2300 953 et
2324 897 2430 952 viri
2457 905 2794 970 pugnatores
2816 903 3205 970 pertranseant
3239 895 3438 952 armati
3490 903 3620 950 ante

2023 990 2318 1046 Dominum
2338 980 2413 1044 ‘5“.
2439 1010 2455 1042 ι
2491 989 2714 1046 Christo
2757 1006 2994 1062 namque
3024 1007 3124 1067 per
3159 989 3474 1062 principum
3516 1002 3619 1042 vo-

2024 1097 2144 1137 cem
2167 1081 2420 1153 jubentc,
2451 1079 2924 1136 adversushostcs
2957 1081 3367 1146 contendimus,
3389 1079 3624 1135 bellum-

2025 1188 2134 1244 que
2161 1189 2274 1228 non
2301 1174 2572 1229 adversus
2599 1169 2821 1229 carnem
2845 1181 2901 1228 et
2917 1173 3240 1244 sanguinem
3261 1173 3621 1244 suscipimus,
3691 1239 3694 1244 Ι

2028 1265 2127 1322 sed
2155 1267 2425 1322 adversus
2450 1267 2733 1338 principes
2785 1275 2840 1322 et
2880 1273 3205 1337 potestates,
3249 1274 3306 1321 et
3354 1267 3625 1321 adversus
3691 1245 3704 1260 Χ

2027 1377 2149 1416 eam
2162 1362 2360 1434 legem,
2378 1378 2498 1434 qua:
2514 1363 2568 1417 in
2585 1362 2849 1418 membris
2864 1362 3049 1417 carnis
3066 1361 3400 1416 dominatur.
3419 1362 3485 1393 ⁵⁸·
3500 1362 3625 1417 Ert-

2029 1468 2154 1509 mus
2191 1455 2358 1510 etiam
2384 1462 2518 1510 tunc
2540 1455 2595 1509 in
2623 1464 2924 1526 conspectu
2947 1454 3187 1518 Domini,
3209 1461 3326 1508 tum
3345 1463 3626 1509 armatura

2028 1547 2268 1617 quadam
2316 1548 2579 1604 instructi
2625 1548 2816 1603 divina
2874 1557 3040 1618 atque
3105 1547 3426 1619 spirituali:
3476 1563 3624 1602 arma

2029 1659 2271 1714 namque
2312 1653 2503 1699 nostra
2553 1659 2663 1698 non
2700 1643 2945 1698 carnalia
2987 1652 3136 1707 sunt,
3189 1648 3251 1696 ut
3287 1641 3492 1696 Paulus
3519 1641 3624 1705 ait;

2034 1738 2081 1769 ⁸³
2137 1745 2253 1791 tum
2293 1753 2428 1791 vero
2454 1735 2683 1807 iustitia:
2714 1735 2886 1807 gloria
2914 1734 3177 1806 insignes.
3206 1734 3419 1808 Aspicit
3443 1734 3630 1805 itaque

2032 1829 2184 1886 viros
2208 1828 2275 1884 ad
2301 1828 2657 1900 pugnandum
2681 1828 3065 1898 paratissimos
3090 1829 3238 1883 Dens
3272 1827 3365 1883 ille
3402 1827 3632 1883 univers-

2030 1939 2215 1978 sarum
2247 1938 2435 1978 rerum
2481 1923 2770 1997 Dominus,
2802 1921 3227 1992 splendentibus
3263 1921 3494 1992 iustitiae
3537 1937 3631 1976 ar-

2029 2016 2135 2072 mis
2161 2014 2406 2080 indutos,
2459 2015 2626 2087 idque
2669 2024 2755 2070 est
2815 2015 2868 2070 in
2925 2023 3226 2087 conspectu
3269 2013 3478 2070 Christi
3500 2031 3632 2085 per-

2030 2109 2266 2166 transire
2299 2119 2637 2181 pugnatores
2663 2118 2926 2164 armatos.
2949 2109 3255 2163 Honestum
3279 2123 3413 2162 vero
3437 2108 3491 2162 in
3511 2107 3631 2178 pri-

2029 2204 2134 2259 mis
2161 2212 2217 2258 et
2261 2203 2566 2275 Optandum
2610 2218 2762 2268 sane,
2824 2202 2880 2256 in
2925 2209 3225 2276 conspectu
3254 2200 3348 2256 Dei
3393 2216 3550 2267 esse;
3585 2200 3634 2256 si

2029 2297 2255 2369 quidem
2286 2313 2399 2352 non
2427 2295 2671 2351 absurde
2717 2295 3068 2367 intelligitur,
3115 2295 3291 2350 Deum
3315 2293 3385 2350 iis
3431 2293 3527 2364 qui
3573 2309 3634 2348 se

2029 2391 2390 2456 offenderint,
2425 2391 2570 2446 hanc
2590 2389 2760 2446 veluti
2787 2404 3006 2466 pcenam
3042 2389 3350 2462 imponere,
3380 2398 3442 2443 ut
3477 2404 3537 2444 se
3563 2388 3634 2443 ab

2031 2484 2142 2540 illis
2165 2492 2398 2550 avertat,
2425 2500 2550 2540 eum
2576 2482 2742 2539 dicat:
2781 2503 2798 2534 ι
2828 2482 2931 2539 Ubi
2951 2499 3147 2538 manus
3173 2481 3536 2538 ostenderitis
3565 2481 3634 2537 ad

2033 2595 2142 2646 me,
2170 2587 2418 2636 avertam
2445 2578 2638 2633 oculos
2666 2592 2820 2633 meos
2843 2593 2875 2632 a
2921 2575 3084 2631 vobis
3110 2575 3176 2631 σθ.
3211 2596 3228 2627 ι
3261 2575 3397 2632 Cum
3447 2584 3634 2630 autem

2032 2670 2253 2727 obsidio
2278 2687 2453 2742 usque
2479 2671 2548 2726 ad
2566 2670 2713 2726 diem
2739 2669 3037 2742 septimum
3063 2668 3329 2745 perducta
3353 2676 3522 2734 esset,
3548 2667 3635 2724 di-

2035 2763 2111 2816 xit
2136 2763 2340 2818 iterum
2391 2762 2551 2818 Jesus
2577 2762 2726 2816 Nave
2767 2760 2898 2816 ﬁliis
2939 2761 3151 2817 lsraei:
3200 2780 3217 2812 ι
3244 2759 3644 2817 γοοίΐοινιιηιὶιιρ

2033 2855 2102 2910 ad
2131 2855 2430 2910 Dominum
2465 2872 2478 2908 :
2513 2853 2744 2910 tradidit
2770 2854 2917 2910 enim
2953 2854 3113 2910 nobis
3150 2855 3417 2910 Dominus
3445 2853 3639 2910 civita-

2037 2959 2176 3013 tem;
2203 2956 2260 3002 et
2282 2948 2391 3001 erit
2415 2947 2610 3003 civitas
2634 2946 2952 3012 anathema,
2991 2947 3130 3018 ipsa,
3172 2955 3230 3002 et
3271 2947 3458 3002 omnia
3515 2963 3640 3020 qua:

2034 3051 2163 3096 sunt
2191 3041 2247 3097 in
2280 3041 2443 3114 144
2469 3057 2553 3106 ea,
2586 3041 2819 3097 Domino
2843 3041 2956 3096 Deo
2980 3041 3326 3097 exercituum
3369 3040 3636 3097 Sabaoth.

2035 3135 2432 3191 Verumtamen
2475 3135 2629 3191 Raab
2672 3136 3027 3192 meretricem
3074 3145 3289 3192 servate
3333 3135 3532 3207 ipsam,
3581 3143 3642 3194 et

2036 3230 2223 3285 omnia
2258 3245 2380 3301 quae
2405 3228 2615 3286 suntin
2649 3229 2819 3285 domo
2857 3231 2996 3302 ejus.
3030 3229 3138 3286 Sed
3184 3244 3284 3286 vos
3321 3238 3517 3286 cavete
3565 3229 3639 3286 ab

2038 3326 2409 3391 anathemate,
2439 3341 2509 3380 ne
2535 3324 2679 3381 forte
2727 3341 2826 3380 vos
2874 3325 2975 3400 ipsi
3017 3324 3327 3398 cogitantes
3357 3324 3641 3398 accipiatis

2039 3419 2108 3474 ab
2145 3419 2524 3488 anathemate,
2577 3426 2634 3474 et
2689 3417 2904 3474 faciatis
2951 3427 3138 3479 castra
3185 3417 3424 3476 ﬁliorum
3470 3418 3639 3478 Israel

2038 3511 2355 3576 anathema,
2397 3520 2454 3567 et
2498 3510 2803 3569 conteratis
2835 3525 2968 3578 nos;
3005 3520 3062 3567 et
3086 3526 3250 3569 omne
3270 3516 3557 3584 argentum
3585 3521 3643 3568 et

2039 3620 2261 3670 aurum,
2311 3615 2368 3660 et
2412 3620 2488 3660 res
2531 3612 2587 3661 et
2615 3604 2826 3661 ferrum
2857 3611 3107 3660 sanctum
3136 3604 3244 3661 erit
3282 3603 3554 3661 Domino:
3586 3604 3643 3660 in

2042 3701 2335 3756 thesauros
2359 3697 2453 3755 Dei
2488 3697 2761 3759 inferetur
2784 3699 2851 3752 θ’.
2882 3718 2899 3750 ι
2940 3697 3198 3758 Permisit
3234 3697 3384 3754 enim
3407 3697 3646 3754 fortibus

2040 3793 2179 3850 virts
2224 3801 2285 3849 ut
2308 3791 2524 3864 reliqua
2544 3791 2728 3866 praeda
2758 3790 3116 3859 fruerentur;
3150 3791 3245 3848 sed
3271 3791 3464 3850 inferri
3483 3807 3646 3866 opor—

2044 3892 2160 3940 tere
2185 3884 2326 3940 dixit
2351 3884 2408 3940 in
2440 3885 2738 3940 thesauros
2765 3883 2984 3941 Domini
3015 3890 3307 3956 argentum
3356 3899 3543 3950 omne,
3588 3891 3646 3940 et

2042 3993 2263 4042 aurum,
2289 3993 2365 4034 aes
2388 3993 2609 4050 quoque
2637 3993 2702 4032 ac
2745 3977 2987 4033 ferrum:
3017 3977 3123 4031 hoc
3157 3975 3306 4031 enim
3352 3983 3473 4035 erat
3507 3976 3644 4032 illud

2043 4071 2190 4145 quod
2216 4071 2527 4145 appellatur
2549 4071 2867 4135 anathema,
2895 4071 2950 4126 id
2975 4079 3082 4135 est,
3112 4069 3263 4141 quod
3293 4084 3357 4124 ex
3384 4069 3646 4126 omnibus

2045 4164 2418 4231 tribuebatur,
2445 4173 2502 4220 et
2530 4165 2643 4220 Deo
2690 4163 3106 4236 segregabatur.
3158 4161 3466 4229 Caeterum,
3493 4163 3646 4220 nulla

2044 4257 2306 4332 praecepti
2338 4258 2550 4317 ratione
2574 4256 2792 4313 habita:
2825 4275 2842 4307 ι
2872 4255 3134 4328 Accepit,‘
3154 4275 3170 4307 ι
3196 4255 3395 4327 inquit,
3437 4254 3648 4314 «Achar

2046 4351 2196 4408 ﬁlius
2210 4351 2459 4417 Charmi,
2487 4351 2584 4406 lilii
2609 4350 2856 4413 Zambri,
2888 4349 2982 4409 lilii
3011 4350 3172 4415 Zara,
3201 4365 3272 4408 ex
3299 4350 3446 4406 tribu
3472 4349 3644 4413 Juda.

2047 4463 2112 4500 ex
2144 4447 2528 4502 anathemate:
2559 4455 2615 4501 et
2634 4445 2810 4501 iratus
2835 4453 2920 4500 est
2943 4444 3132 4500 furore
3149 4443 3419 4499 Dominus
3442 4442 3646 4498 adver-

2049 4550 2145 4589 sus
2167 4534 2310 4590 ﬁlios
2334 4535 2499 4594 Israel
2518 4537 2583 4590 ⁶².
2617 4556 2634 4587 ι
2658 4534 2889 4608 Oportet
2918 4534 3088 4602 enim,
3121 4545 3181 4590 ut
3206 4543 3362 4606 puto,
3387 4535 3484 4606 qui
3510 4549 3646 4590 cou-

337 4621 596 4695 Ἰσραήλ.
643 4641 662 4675 ι
705 4623 925 4694 Χρῆναι
974 4623 1085 4694 γὰρ
1132 4618 1288 4695 οἶμαι
1320 4627 1450 4689 τοὺς
1481 4625 1602 4687 ταῖς
1645 4625 1932 4695 κοσμικαῖς

2053 4639 2134 4686 tra
2196 4630 2382 4685 srcculi
2429 4630 2746 4702 voluptates
2779 4637 2837 4685 et
2892 4629 3060 4702 hujus
3087 4630 3214 4690 vitae
3259 4628 3650 4687 distractiones

321 4714 546 4786 ἡδοναῖς
579 4713 814 4780 καὶτοῖς
862 4717 922 4769 ἐν
965 4716 1102 4788 τῷδε
1152 4717 1233 4786 τῷ
1282 4717 1384 4790 βίῳ
1423 4721 1834 4791 περισπασμοῖς
1879 4719 1941 4772 τὸ

321 4806 590 4871 εὐσθενὲς
640 4809 701 4861 ἐν
744 4809 972 4881 Χριστῷ
1032 4809 1446 4882 παρεξάγοντας
1499 4811 1794 4885 φρόνημα,
1845 4812 1942 4866 κοῦ⁹

320 4898 416 4953 διὰ
449 4899 565 4953 τῶν
595 4899 698 4970 τῆς
742 4897 1098 4974 δικαιοσύνης
1141 4903 1326 4958 ὅπλων
1373 4905 1685 4977 εὐδοκιμεῖν
1728 4906 1943 4979 ᾑρημέ-

322 5010 482 5060 ’ω’-ις.
507 4995 568 5048 ὲν
603 4995 898 5065 ἐπισκέψει
925 5013 982 5052 τε
1008 4996 1112 5068 ἤδη
1143 4996 1441 5068 γεγονότας
1475 4997 1739 5072 Χριστοῦ,
1773 5000 1941 5071 μηδε-

320 5087 421 5149 νὸς
475 5083 732 5156 ἐφίεσθαι
780 5085 894 5141 τῶν
947 5089 1007 5142 ἐν
1057 5087 1251 5161 κόσμῳ
1296 5089 1808 5163 τεθαυμασμένων,
1864 5093 1938 5162 μὴ

322 5179 607 5246 ⁸πλούτου,
625 5179 701 5251 μὴ
726 5180 920 5252 δόξης,
957 5181 1033 5254 μὴ
1069 5181 1390 5246 δυναστείας
1411 5223 1428 5249 ,
1455 5182 1489 5254 ἦ
1527 5184 1835 5256 ὑπεροχῆς,
1865 5185 1940 5255 μὴ

319 5275 443 5328 τῶν
478 5275 548 5328 ἐκ
583 5272 687 5344 τῆς
730 5272 924 5344 σοφίας
967 5274 1290 5347 Ἑλληνικῆς
1344 5274 1579 5328 ἀνοσίων
1626 5275 1940 5346 δογμάτων.

325 5362 462 5421 Εἶεν
503 5363 552 5419 δ’
607 5364 707 5428 ἂν,
762 5365 844 5430 είς
895 5365 1066 5420 τύπον
1118 5365 1506 5439 λαμπρότητος
1581 5367 1682 5439 μὲν
1732 5367 1833 5438 τῆς
1890 5367 1950 5419 ἐν

322 5458 621 5532 ἀξιώμασι
651 5460 746 5513 καὶ
796 5460 1128 5533 ὑπεροχαῖς,
1157 5462 1220 5515 τὸ
1247 5459 1512 5534 ἀργύριον
1533 5478 1546 5492 ·
1579 5460 1810 5532 λαμπρὰ
1839 5461 1950 5533 γάρ

325 5557 362 5626 ἡ
418 5552 550 5625 ὓλη·
591 5551 828 5606 πλούτου
873 5553 963 5617 δὲ,
997 5556 1024 5607 ὁ
1068 5553 1291 5626 χρυσός.
1339 5554 1415 5607 Τὸ
1447 5553 1504 5607 δὲ
1551 5555 1651 5624 τῆς
1696 5553 1948 5625 γλώττης

324 5647 539 5718 εἱηχες
600 5645 710 5698 τῶν
758 5647 817 5702 ἐν
877 5647 1072 5718 κόσμῳ
1140 5646 1355 5715 σοφῶν,
1409 5648 1854 5720 κατασημήνειεν
1918 5649 1949 5702 ὁ

2051 4725 2272 4780 lirnmm
2311 4723 2368 4781 in
2397 4722 2621 4779 Christo
2644 4724 2890 4780 animum
2923 4725 3308 4796 opposuerint,
3339 4741 3403 4780 ac
3425 4723 3648 4781 laudem

2052 4834 2152 4889 per
2190 4833 2342 4872 arma
2362 4817 2592 4888 justitize
2615 4817 2849 4889 adipisci
2881 4817 3256 4880 decreverint,
3309 4816 3518 4888 quique
3535 4817 3650 4888 jam

2055 4906 2108 4960 in
2133 4915 2494 4982 conspectum
2519 4906 2727 4964 Christi
2750 4909 3025 4974 venerint,
3062 4924 3159 4964 eos
3181 4908 3315 4966 nihil
3348 4923 3418 4966 ex
3458 4907 3527 4963 iis
3550 4923 3650 4963 ett-

2054 5007 2240 5068 petere
2267 5014 2391 5069 qua:
2416 4999 2470 5054 in
2496 4999 2602 5054 hoc
2629 5000 2839 5058 mundo
2863 4999 3209 5059 admirabilia
3234 4998 3514 5064 videntur,
3537 5012 3649 5053 non

2050 5104 2204 5160 opes,
2232 5105 2344 5146 non
2375 5091 2628 5162 gloriam,
2653 5108 2764 5149 non
2790 5091 3117 5166 potentiam,
3165 5099 3263 5147 aut
3294 5097 3650 5162 praestantem

2051 5181 2306 5252 gradum,
2334 5199 2448 5239 non
2482 5185 2650 5258 impia
2675 5202 2743 5242 ex
2759 5186 2950 5260 gentili
2980 5184 3249 5260 sapientia
3276 5183 3553 5254 dogmata.
3582 5182 3653 5237 lit
3699 5247 3710 5266 '

2054 5275 2204 5333 illius
2231 5277 2457 5350 quidem
2505 5278 2820 5354 splendoris
2857 5277 2953 5352 qui
2996 5278 3056 5334 in
3093 5275 3422 5348 dignitatum
3464 5273 3653 5346 gradi-
3698 5272 3705 5327 μ

2050 5370 2226 5427 buset
2249 5372 2617 5444 amplitudine
2642 5381 2950 5446 spectatur,
2973 5370 3149 5444 ﬁgura
3173 5385 3284 5426 non
3313 5368 3503 5442 inepta
3530 5367 3654 5423 fue-
3700 5394 3718 5406 -

2051 5463 2126 5520 rit
2151 5474 2478 5536 argentum;
2514 5465 2865 5542 Splendidam
2889 5473 2977 5522 cst
2999 5465 3149 5521 enim
3193 5464 3298 5520 hoc
3322 5460 3532 5518 metalli
3556 5477 3654 5532 ge-

2051 5571 2188 5624 nus;
2233 5573 2402 5634 opum
2461 5575 2616 5625 vero,
2652 5576 2872 5619 aurum.
2919 5560 3079 5618 Illum
3113 5573 3282 5630 porro
3308 5557 3516 5627 lingua:
3561 5571 3655 5611 εο-

2049 5665 2204 5718 num,
2231 5668 2343 5724 quo
2372 5653 2564 5710 mundi
2599 5655 2878 5726 sapientes
2926 5663 3184 5722 utuntur,
3215 5654 3530 5728 signiﬁcare
3557 5663 3656 5718 po-

328 5836 376 5874 ”
406 5835 530 5890 Jos.
567 5851 642 5900 τι,
666 5837 731 5901 7;
758 5835 964 5906 Ephes.
1005 5853 1081 5900 vl,
1110 5835 1190 5890 1‘2.
1231 5833 1299 5864 W
1335 5837 1494 5891 Rom.
1533 5853 1623 5902 vn,
1649 5837 1739 5891 25.
1779 5838 1821 5868 ⁵⁵³
1847 5836 1892 5892 Il
1922 5840 1932 5888 t

2039 5879 2050 5891 .
2083 5800 2143 5902 κ,
2167 5837 2216 5892 4.
2259 5838 2304 5866 ⁴⁷⁰
2334 5837 2435 5892 lsa.
2458 5853 2496 5905 ι,
2531 5837 2619 5894 13.
2657 5841 2695 5873 ⁶¹
2730 5838 2845 5897 Jos.
2879 5840 3027 5903 vult}
3076 5857 3232 5913 seqq.
3270 5837 3448 5896 “Jos.
3485 5834 3651 5905 “1,3.

405 5930 490 6003 (Ι)
526 5929 618 5984 Sic
650 5929 777 5983 cod.
820 5929 996 5983 \‘atie.
1025 5929 1210 5990 Codex
1243 5927 1421 5991 Sileti,
1462 5929 1699 6000 ἒκάττῳ.

633 6025 912 6092 Ιὶινιλιιοι..
963 6024 1078 6091 Gn,
1129 6024 1367 6091 LXVIII

3139 6019 3209 6085 12
