4096 6444
418 260 524 314 365

1407 252 1462 305 s.
1505 210 1780 305 cvmm
1822 247 2295 305 ALEXANDRINI
2336 248 2656 309 ARCHIEP.

3576 261 3685 316 τοι

421 374 552 431 terit
588 373 869 438 :es;vires
889 371 1147 441 denique,
1191 379 1355 441 atque
1383 370 1714 442 potentiam,
1759 370 1993 433 ferrum,

2102 370 2329 439 χαλκός·
2372 374 2524 443 ίσχῦν
2556 372 2615 426 δὲ
2663 375 2759 429 καὶ
2797 374 3146 443 δυναστείαν,
3176 379 3411 451 σκληρὸς
3436 378 3510 433 ὣν
3542 382 3688 449 ἄγαν

419 464 568 539 quod
590 462 867 521 et'durum
892 464 1184 521 admodum
1213 465 1308 530 sit,
1341 472 1399 520 et
1417 481 1543 521 cum
1572 464 1821 519 omnium
1866 479 1993 519 cor—

422 577 620 635 porum
642 561 870 615 materia
892 573 1175 631 pugnans:
1204 572 1326 629 qua:
1369 557 1416 613 si
1463 557 1589 627 quis
1613 556 1844 627 adipisci
1894 571 1994 611 vo-

422 656 605 722 luerit,
631 654 881 725 quamvis
921 654 1010 708 ille
1035 651 1315 722 praecipuo
1350 651 1422 706 sit
1446 649 1594 720 apud
1634 651 1808 706 Deum
1853 652 1991 714 loco,

420 757 474 802 et
505 747 649 802 inter
667 746 961 800 bellatores
981 749 1326 806 numeretur,
1340 739 1615 811 spirituali
1639 756 1860 811 quoque
1881 743 1997 795 ani-

422 837 493 890 mi
519 835 894 908 magnitudine
919 833 991 890 sit
1021 832 1273 904 insignis,
1301 833 1347 888 is
1398 832 1592 903 procul
1633 832 1803 889 dubio
1823 833 1995 888 Deum

416 928 681 994 offendit;
715 942 952 998 cumque
983 940 1111 980 eum
1154 924 1359 981 furtiva
1395 923 1771 981 subtractione
1812 924 1992 980 otl'en-

417 1021 549 1076 dere
577 1020 633 1075 in
666 1019 911 1075 animum
964 1016 1264 1082 induxerit,
1292 1016 1389 1087 qui
1421 1025 1477 1071 et
1506 1014 1563 1071 in
1596 1016 1767 1072 amis
1808 1032 1997 1072 comes

413 1131 479 1169 ac
501 1115 682 1170 socius
714 1120 856 1179 erat,
883 1120 940 1168 et
977 1111 1294 1175 auxiliator,
1332 1108 1691 1179 consequenti
1736 1107 1997 1165 vindicta:

413 1204 743 1275 subjacebit.

484 1284 681 1352 PALL:
732 1296 900 1350 Recte
923 1294 1022 1349 ais.
1078 1292 1362 1350 Assentior
1383 1295 1531 1351 enim
1574 1294 1694 1350 tibi.
1722 1293 1994 1352 Caeterum

415 1396 548 1451 illud
575 1394 711 1450 mihi
737 1394 981 1465 explices
1017 1393 1205 1459 velim,
1260 1408 1560 1465 parumper
1600 1408 1632 1448 a
1668 1407 1729 1448 re
1752 1399 1904 1463 gesta
1938 1397 1998 1446 et

414 1487 643 1547 historia
667 1485 964 1543 deﬂectens
990 1485 1318 1551 orationem,
1348 1500 1448 1541 cur
1470 1486 1582 1541 Deo
1605 1490 1916 1555 argentum,
1941 1490 1999 1537 et

414 1566 634 1644 aurum,
659 1593 734 1633 aes
750 1577 886 1633 item
912 1592 977 1632 ac
1012 1576 1221 1633 ferrum
1244 1576 1316 1631 sit
1340 1582 1742 1641 consecratum,
1791 1589 1858 1631 ac
1884 1589 1997 1629 non

412 1668 601 1741 potius
644 1684 710 1724 ea
752 1668 839 1723 vel
863 1674 1126 1738 tanquam
1181 1665 1397 1722 inutilia
1445 1664 1698 1729 fortasse,
1744 1664 1832 1718 vel
1876 1671 1998 1718 tan-

2096 463 2124 513 6
2156 462 2403 534 σίδηρος,
2434 466 2531 520 καὶ
2570 469 2638 538 τῇ
2685 465 2787 541 ὕλῃ
2828 469 2979 540 πάσῃ
3023 471 3352 543 μαχόμενος.
3388 465 3490 526 Ὧν
3522 472 3687 543 εἴπερ

2095 571 2181 620 τις
2228 554 2405 611 ἕλοιτο
2458 558 2814 630 μεταλαχεῖν,
2860 561 3039 616 καίτοι
3102 563 3204 634 τὴν
3248 563 3479 635 ἀρίστην
3524 562 3689 631 τάξιν

2097 644 2236 717 ἔχων
2261 647 2414 719 παρά
2433 647 2572 720 Θεῷ,
2594 651 2687 703 καὶ
2715 651 3196 723 ἀναμετρούμενος
3217 655 3275 707 ἐν
3295 652 3424 706 πολε
3432 657 3680 724 μισταῖς,

2096 740 2192 792 καὶ
2245 738 2350 810 μὴν
2391 740 2489 794 καὶ
2535 745 2939 814 πνευματικαῖς
2980 744 3264 815 εὐψυχίαις
3307 745 3549 815 γεγονὼς
3588 747 3689 800 ὲκ-

2098 831 2338 903 πρεπὴς,
2371 832 2739 906 προσκρούσει
2782 835 2933 906 Θεῷ,
2960 838 3061 891 καὶ
3092 837 3370 909 κιϐδήλοις
3397 854 3686 910 παρατρο-

2099 924 2227 986 παῖς
2284 924 2619 980 καταλυπεῖν
2675 927 2953 999 ¹ᾑρημένος
3000 928 3093 983 τὸν
3155 929 3418 985 σύνοπλόν
3462 948 3521 985 τε
3590 933 3688 984 καὶ

2098 1016 2334 1088 ἀρωγὸν,
2361 1020 2479 1082 ταῖς
2504 1018 2763 1075 ἐντεῦθεν
2790 1020 2987 1093 ὀργαῖς
3010 1021 3382 1077 ὑποκείσεται.

2169 1298 2381 1355 ΠΔΛΛ.
2430 1293 2507 1352 Εὖ
2564 1297 2721 1369 ἔφης.
2774 1296 3163 1368 Συναινέσαιμι
3207 1296 3317 1368 γὰρ
3367 1296 3453 1352 ἄν.
3512 1297 3684 1367 Πλὴν,

2098 1388 2276 1443 ἐκεῖνό
2317 1405 2408 1460 μοι
2455 1388 2701 1458 φράσον,
2736 1387 2912 1460 βραχὺ
2955 1388 3050 1443 τοῦ
3098 1388 3424 1459 πράγματος
3458 1389 3552 1443 κα).
3582 1389 3686 1457 τῆς

2102 1479 2344 1553 ἱστορίας
2405 1480 2751 1552 ἀποκομίσας
2801 1479 2894 1534 τὸν
2956 1479 3148 1548 λόγον’
3194 1479 3336 1534 διατι
3383 1480 3576 1550 Κυρίῳ
3622 1480 3688 1539 τό

2098 1569 2363 1642 ἀργύριον
2396 1569 2492 1624 καὶ
2521 1569 2583 1624 τὸ
2617 1570 2876 1643 χρυσίον,
2905 1570 3002 1625 καὶ
3028 1570 3056 1622 ό
3090 1569 3288 1640 χαλκὸς
3314 1571 3410 1624 καὶ
3441 1570 3686 1642 σίδηρος,

2101 1661 2197 1716 καὶ
2222 1663 2343 1733 οὐχὶ
2394 1661 2459 1734 δὴ
2518 1662 2717 1732 μᾶλλον
2738 1704 2753 1729 ,
2806 1662 2839 1733 ἢ
2882 1661 2959 1727 ὡς
3009 1661 3262 1733 ἀχρηστα
3303 1661 3499 1733 τυχὸν,
3529 1663 3567 1733 ἢ
3606 1662 3688 1725 ὡς

414 1724 578 1827 quam
604 1755 873 1828 ejusmodi
920 1724 1043 1826 qua:
1066 1756 1316 1827 polluere
1351 1763 1595 1826 possent,
1620 1770 1652 1809 e
1676 1724 1870 1809 castris
1892 1753 1994 1809 ab-

2102 1724 2499 1825 καταμόλύνειν
2518 1724 2749 1820 ἐίδότα,
2776 1724 2881 1825 τῆς
2927 1724 3283 1826 παρεμέολῆς
3321 1724 3686 1823 ἐξεπέμπετο*

410 1852 555 1921 jecta
585 1848 727 1904 sint:
758 1863 885 1903 nam
902 1846 1206 1919 spiritualis
1230 1846 1714 1917 contemplationis
1760 1844 1994 1902 facultas

2103 1846 2326 1918 μυσαρά
2352 1846 2461 1918 γὰρ
2492 1845 2724 1918 δέδειχεν
2755 1845 2895 1901 αὐτά
2925 1844 3025 1916 τῆς
3049 1846 3428 1917 πνευματικῆς
3448 1846 3688 1918 Θεωρίας

414 1940 781 1998 abominanda
811 1939 980 1997 fuisse
1004 1938 1422 1995 demonstravit.

2099 1940 2134 2010 ή
2162 1938 2411 2010 δύναμις.
3627 1991 3640 2001 .

430 2022 439 2027 ι
488 2034 646 2107 145
676 2032 833 2089 CYR.
873 2031 1011 2099 Quia
1053 2031 1314 2103 splendor
1358 2032 1559 2098 omnis,
1608 2032 1852 2099 Palladi,
1904 2049 1993 2089 sa—

2171 2032 2338 2085 ΚΥΡ.
2373 2031 2521 2097 Ὅτι,
2560 2024 2606 2086 ὦ
2646 2030 2934 2099 Παλλάδιε,
2972 2028 3294 2102 λαμπρότης
3345 2030 3444 2102 μὶν
3475 2030 3687 2094 ἅπασα,

412 2125 751 2197 picntiaquc,
780 2131 835 2178 et
867 2137 1020 2193 opes,
1044 2129 1208 2193 atque
1224 2122 1390 2177 etiam
1416 2122 1561 2185 vires
1606 2123 1994 2178 convenienter

2102 2123 2265 2194 σοφία
2284 2140 2344 2176 τε
2379 2122 2476 2177 κα)⁸
2505 2122 2754 2188 πλοῦτος,
2778 2122 2874 2176 καὶ
2906 2120 3012 2193 μὴν
3038 2121 3137 2176 καὶ
3167 2121 3342 2191 ἰσχὺς,
3363 2121 3689 2191 πρεπόντως
3770 2128 3777 2131 “

413 2234 475 2272 ac
495 2218 641 2288 juste
678 2216 788 2269 Deo
816 2214 1171 2282 tribuuntur;
1198 2213 1348 2270 illius
1370 2215 1520 2270 enim
1569 2222 1655 2271 est
1697 2215 1889 2287 gloria,
1940 2225 1994 2272 et

2099 2232 2159 2270 τε
2212 2215 2311 2270 καὶ
2353 2214 2517 2279 ὁσίως
2560 2214 2909 2268 ἀνακείσεται
2956 2211 3037 2285 τῷ
3085 2212 3226 2284 Θεῷ.
3275 2212 3453 2267 Αὐτοῦ
3498 2213 3611 2285 γάρ
3652 2214 3687 2281 ἡ

418 2307 677 2381 splendor
714 2309 915 2374 omnis,
940 2317 997 2363 et
1021 2323 1175 2380 opes,
1203 2317 1259 2364 et
1279 2308 1569 2379 sapientia,
1618 2317 1676 2365 et
1725 2310 1992 2380 potentia.

409 2402 686 2459 Caeterum
718 2401 970 2472 quisquis
995 2401 1064 2457 ab
1091 2402 1187 2458 illo
1210 2403 1504 2473 acceperit,
1531 2413 1673 2460 etex
1697 2402 1846 2460 illius
1877 2405 1999 2461 the—

412 2512 576 2551 sauro
596 2494 805 2550 ditatus
827 2493 1057 2559 divitiis,
1083 2493 1344 2549 videlicet
1368 2494 1838 2552 intellectualibus
1874 2496 1996 2553 fue-

411 2588 505 2651 rit,
530 2587 871 2658 gloriamque
918 2593 974 2640 et
994 2585 1319 2656 sapientiam
1345 2602 1409 2644 ac
1445 2589 1755 2658 potentiam
1784 2589 1994 2645 habue-

411 2682 485 2735 rit
536 2679 899 2750 spiritualem,
940 2679 1031 2734 ille
1074 2694 1207 2734 vero
1238 2681 1569 2751 conspicuus
1593 2682 1701 2737 erit
1737 2698 1801 2738 ac
1831 2683 1992 2752 felix;

414 2774 500 2828 sin
524 2774 640 2827 hanc
667 2771 857 2826 eadem
872 2788 904 2826 a
926 2771 1132 2827 mundo
1151 2772 1401 2843 accipere
1416 2774 1994 2840 maluerit,exsecrau-

413 2865 518 2919 dus
541 2864 667 2928 erit,
696 2871 751 2917 et
775 2863 984 2919 invisus
1030 2864 1143 2919 Deo
1166 2864 1388 2921 virtutis
1410 2867 1664 2929 amatori,
1692 2882 1755 2922 ac
1783 2867 1995 2939 judicio

411 2968 697 3027 pmnzeque
720 2952 1013 3008 obnoxius.
1061 2952 1300 3009 Omnino
1331 2955 1479 3009 enim
1525 2954 1750 3011 divitias
1800 2972 1995 3012 conse-

2098 2307 2225 2373 δόξα
2260 2306 2355 2361 καὶ
2391 2308 2425 2379 ἡ
2457 2308 2606 2361 πᾶσα
2636 2307 2989 2379 λαμπρότης,
3034 2305 3268 2370 πλοῦτός
3299 2320 3360 2359 τε
3387 2305 3483 2360 καὶ
3503 2305 3688 2374 σοφία,

2101 2399 2195 2453 καὶ
2228 2398 2479 2471 δύναμις.
2528 2398 2667 2452 Ἀλλ’
2696 2402 2745 2453 εί
2776 2400 2874 2469 μέν
2903 2416 2986 2464 τις
3011 2399 3185 2455 ἕλοιτο
3225 2402 3355 2472 παρ’
3385 2398 3571 2465 αὐτοῦ,
3595 2402 3694 2454 καὶ

2100 2490 2208 2546 ἀπὸ
2241 2490 2519 2563 θησαυροῦ
2562 2491 2767 2564 Κυρίου
2804 2490 3163 2556 πλουτίξοιτο,
3191 2491 3419 2546 πλοῦτον
3442 2492 3692 2565 δηλονότι

2097 2582 2191 2635 τὸν
2240 2581 2451 2652 νοητὸν,
2498 2580 2658 2646 δόξαν
2703 2598 2761 2635 τε
2807 2582 2902 2635 καὶ
2946 2582 3184 2647 σύνεσιν,
3238 2582 3334 2636 καὶ
3371 2584 3526 2655 ίσχῦν
3572 2583 3691 2654 ἔχει

2101 2673 2500 2746 πνευματικὴν,
2526 2674 2823 2746 περίοπτος
2851 2673 3008 2729 ἔσται
3041 2675 3138 2728 καλ⁸
3160 2673 3422 2742 ζηλωτός.
3456 2674 3520 2729 Ei
3539 2674 3597 2728 δὲ
3624 2675 3691 2746 δὴ

2101 2767 2344 2838 βούλοιτο
2385 2769 2546 2822 ταυτὶ
2577 2768 2728 2838 παρά
2760 2765 2855 2821 τοῦ
2903 2766 3110 2838 κόσμου
3158 2767 3340 2822 λαϐεῖν
3364 2808 3380 2834 ,
3436 2766 3692 2838 βδελυρὸς

2098 2859 2251 2915 ἔσται
2285 2860 2381 2913 καὶ
2412 2859 2802 2932 ἀπηχθημένος
2846 2861 2999 2931 παρά
3027 2878 3092 2931 γε
3122 2860 3202 2932 τῷ
3239 2860 3515 2933 φιλαρὲτφ
3546 2860 3689 2930 θεῷ,

2099 2954 2194 3007 καὶ
2221 2954 2327 3007 ὑπὸ
2356 2953 2717 3026 κρίσινοὲσται
2744 2954 2837 3019 καὶ
2859 2953 3040 3025 δίκην.
3075 2955 3301 3024 "EQ/era:
3329 2955 3440 3025 γὰρ
3470 2954 3692 3016 πάντως

412 3045 603 3115 quitur
624 3042 907 3113 voluptas;
934 3043 1215 3115 splendori
1241 3051 1425 3100 autem
1458 3054 1622 3117 atque
1641 3047 1993 3118 amplitudini

2099 3046 2177 3118 τῷ
2231 3047 2339 3118 μὲν
2388 3045 2603 3119 πλούτῳ
2645 3047 2706 3100 τὸ
2758 3047 3060 3119 φιλήδονον,
3110 3048 3456 3120 λαμπρότητι
3495 3046 3554 3101 δὲ
3595 3048 3691 3100 καὶ

409 3137 587 3191 vicina
619 3144 702 3193 est
725 3136 990 3193 continuo
1008 3137 1302 3207 superbia:
1333 3140 1594 3208 potentia:
1622 3156 1756 3196 vero
1791 3140 1992 3213 adjun-

409 3236 497 3285 cta
532 3229 833 3300 iniquitas;
867 3228 1155 3299 sapientiae
1179 3229 1469 3291 mundanae
1493 3231 1730 3303 denique
1769 3249 1994 3305 perver-

409 3320 547 3376 sitas
593 3320 955 3391 dogmatum,
1009 3321 1260 3391 quamvis
1312 3337 1503 3378 eorum
1550 3325 1644 3395 qui
1701 3324 1795 3380 illa
1853 3326 1991 3382 scri-

399 3396 641 3484 ps'erunt
683 3411 872 3483 lingua
896 3411 1140 3467 suaviter
1170 3421 1347 3468 sonet.
1367 3413 1693 3486 Ilujusmodi
1730 3417 1996 3487 quiddam

407 3508 614 3563 Paulus
644 3506 754 3562 ait:
800 3527 817 3558 ι
845 3506 902 3562 Si
942 3507 1067 3578 quis
1098 3517 1182 3563 est
1226 3510 1281 3564 in
1304 3511 1461 3569 vobis
1496 3513 1737 3583 sapiens,
1791 3514 1995 3571 stultus

412 3600 530 3664 ﬁat,
556 3609 617 3654 ut
660 3598 732 3654 sit
772 3598 1021 3669 sapiens:
1084 3600 1352 3670 sapientia
1398 3604 1545 3658 enim
1587 3604 1752 3675 hujus
1801 3604 1993 3660 mundi

401 3690 650 3747 Stultitia
690 3697 774 3745 est
802 3688 947 3760 apud
1034 3690 1206 3749 Deum
1237 3692 1301 3745 ⁸³.
1327 3712 1343 3743 ι
1376 3692 1558 3748 Achar
1614 3694 1816 3767 igitur,
1868 3711 1993 3751 cum

412 3784 531 3838 haec
553 3797 664 3836 non
693 3797 723 3835 e
751 3780 955 3836 Christi
978 3782 1370 3849 tbesauro,scd
1422 3786 1575 3840 velut
1604 3802 1635 3842 e
1669 3786 1898 3855 mundo,
1926 3803 1995 3843 ex

396 3876 531 3945 ipsa
568 3873 703 3928 urbe
720 3873 944 3929 Iericho
996 3873 1321 3945 accepisset,
1366 3876 1599 3937 offendit
1642 3879 1837 3934 Deum.
1888 3878 1994 3936 Sed

414 3982 537 4037 quae
566 3965 692 4021 inde
718 3981 785 4021 ex
809 3967 891 4021 ira
917 3966 1013 4022 Dei
1042 3976 1337 4022 consecuta
1388 3977 1536 4035 sunt,
1589 3986 1700 4026 non
1748 3970 1819 4026 ad
1865 3987 1993 4028 eum

413 4059 589 4114 solum
643 4058 1057 4129 pertinuerunt,
1116 4059 1211 4130 qui
1296 4076 1363 4114 eo
1416 4061 1652 4117 crimine
1700 4061 1993 4120 damnatus

409 4160 559 4215 erat,
587 4149 683 4206 sed
708 4159 877 4205 totam
924 4166 1252 4223 synagogam
1283 4151 1597 4209 amixerunt
1637 4173 1649 4208 :
1705 4155 1796 4210 illc
1844 4157 1992 4211 enim

411 4240 687 4311 quondam
715 4240 959 4296 invictus
1000 4242 1238 4313 populus
1275 4243 1470 4309 Israel,
1499 4239 1695 4317 expers
1749 4247 1993 4318 praesidii

411 4332 636 4403 superni
665 4332 863 4399 factus,
900 4334 1152 4389 infirmus
1177 4343 1232 4389 et
1261 4335 1498 4391 imbellis
1547 4338 1668 4392 fuit.

2103 3141 2398 3213 ὑπεροχαῖς
2428 3140 2624 3210 γείτων
2662 3139 2825 3206 εὐθὺς
2850 3142 2887 3211 ή
2918 3139 3192 3213 ὑπεροψία
3211 3157 3224 3171 ·
3256 3139 3597 3203 δυναστείαις
3625 3156 3693 3207 γε

2107 3231 2214 3303 μὴν
2247 3232 2655 3303 παραπέπηγεν
2681 3234 2715 3302 ἡ
2759 3231 3076 3300 πλεονεξία’
3105 3232 3268 3305 σοφίᾳ
3309 3232 3367 3288 δὲ
3404 3234 3471 3303 τῇ
3507 3232 3567 3285 ὲν
3598 3232 3694 3285 κό-

2104 3340 2251 3395 σμῳ,
2288 3324 2349 3377 τὸ
2381 3326 2439 3380 ὲν
2469 3325 2736 3398 δόγμασιν
2759 3325 3015 3391 ἀκαλλὲς,
3041 3325 3147 3381 κᾶν
3169 3328 3218 3379 εί
3256 3324 3317 3379 τὸ
3348 3322 3544 3395 εῦηχες
3575 3323 3695 3395 ἔχοι

2101 3415 2211 3469 τῶν
2244 3417 2427 3470 ἐκεῖνα
2451 3418 2809 3490 γεγραφότων
2839 3419 2873 3489 ὴ
2907 3417 3145 3486 γλῶττα.
3180 3417 3432 3473 Τοιοῦτόν
3467 3435 3520 3471 τι
3545 3418 3642 3470 καὶ
3664 3419 3698 3470 ὁ

2103 3508 2317 3574 Ιῐαῦλός
2345 3527 2513 3582 φησιν
2539 3527 2551 3539 ·
2596 3530 2614 3562 ι
2653 3510 2724 3564 Et
2753 3510 2835 3575 τίς
2866 3513 3012 3565 ἐστιν
3039 3513 3096 3564 ἐν
3130 3511 3259 3582 ὑμῖν
3289 3511 3473 3580 σοφὸς,
3507 3509 3696 3581 μωρὸς

2101 3602 2366 3671 γενέσθω,
2396 3604 2482 3657 ἵνα
2500 3604 2726 3675 γένηται
2751 3605 2916 3674 σοφός
2937 3622 2950 3635 ’
2969 3606 3003 3676 ἡ
3032 3605 3138 3678 γὰρ
3173 3604 3335 3673 σοφία
3363 3603 3458 3659 τοῦ
3478 3603 3693 3673 κόσμου

2101 3695 2315 3763 τούτου,
2348 3696 2531 3768 μωρία
2572 3697 2725 3769 παρά
2753 3697 2872 3769 Θεῷ
2895 3699 3063 3752 ἐστιν.
3102 3716 3121 3749 ι
3153 3699 3332 3769 ’Δχαρ
3359 3696 3423 3770 δὴ
3445 3692 3560 3761 οὖν,
3590 3697 3697 3752 οὐκ

2102 3789 2167 3841 ἐκ
2190 3788 2467 3865 θησαυροῦ
2498 3788 2737 3863 Χριστοῦ
2767 3789 2971 3853 λαϐὼν,
2999 3791 3115 3844 ἀλλ’
3141 3790 3336 3861 ὥσπερ
3352 3788 3459 3843 ἀπὸ
3479 3790 3693 3860 κόσμου

2100 3883 2201 3952 τῆς
2230 3881 2509 3955 Ἱεριχοῦς,
2534 3884 2869 3957 προσκρούει
2889 3884 3132 3956 Θεῷ.Τὰ
3153 3885 3210 3938 δὲ
3239 3883 3486 3939 ἐντεῦθεν
3512 3883 3693 3956 βλάϐη

2103 3974 2199 4028 καὶ
2229 3973 2299 4026 τὰ
2330 3975 2395 4027 ὲκ
2426 3972 2579 4037 θείας
2611 3974 2785 4044 ὀργῆς
2820 3973 3216 4045 συμῦαίνοντα,
3252 3975 3353 4029 οὐκ
3402 3974 3498 4027 ἐπὶ
3525 3974 3696 4044 μόνον

2102 4065 2298 4139 ἐχώρει
2345 4065 2438 4120 τὸν
2486 4065 2581 4120 ἐπὶ
2616 4066 2793 4121 τοῖσδε
2840 4066 3326 4137 κατεγνωσμένον,
3393 4065 3509 4120 ἀλλ’
3559 4064 3696 4135 ὃλην

2102 4158 2305 4212 ὲκὰκου
2336 4157 2436 4229 τὴν
2471 4157 2796 4229 συναγωγήν
2817 4175 2833 4189 ο
2863 4156 3134 4227 ἀμέτοχος
3156 4156 3267 4228 γὰρ
3294 4154 3535 4225 γεγονὼς
3562 4156 3697 4209 ὲπι-

2102 4253 2325 4326 κουρίας
2369 4251 2469 4323 τῆς
2508 4250 2737 4317 ἄνωθεν,
2774 4252 3013 4325 ἀδρανής
3050 4269 3109 4305 τε
3154 4251 3251 4306 καὶ
3286 4252 3511 4315 ἄναλκις
3542 4246 3611 4321 ἦν
3662 4253 3699 4305 ὁ

2103 4346 2271 4402 πάλαι
2306 4346 2748 4411 δυσαλωτότατος
2793 4346 3030 4418 Ἰσραήλ.

479 4425 678 4480 PALL.
742 4425 1030 4492 Quomodo
1083 4436 1179 4481 aut
1229 4428 1503 4482 undenam
1540 4429 1760 4484 edoceri
1795 4447 1992 4500 possu-

2169 4439 2380 4492 ΠᾹΛΛ.
2414 4440 2524 4493 Καὶ⁵
2555 4439 2673 4504 πῶς
2711 4439 2745 4510 ἢ
2799 4439 2966 4493 πόθεν
2995 4432 3391 4514 ἀναμάθοιμεν,
3426 4442 3503 4507 ὡς
3540 4441 3697 4497 ἔστιν

410 4533 535 4574 mus
590 4533 781 4572 verum
811 4533 932 4572 esse
991 4519 1137 4589 quod
1171 4528 1253 4575 est
1283 4536 1311 4574 a
1345 4530 1396 4575 te
1428 4521 1531 4575 hac
1557 4522 1623 4576 de
1660 4539 1720 4576 re
1750 4523 1997 4578 dictum?

476 4607 636 4663 (ΠΒ.
692 4609 773 4663 Ex
833 4609 901 4663 iis
946 4624 1070 4679 qua:
1129 4620 1535 4679 consequenter
1589 4612 1793 4682 scripta
1840 4624 1989 4669 sunt.

406 4702 536 4756 Post
570 4701 662 4755 illa
686 4702 834 4756 enim
866 4718 989 4772 qua:
1027 4703 1171 4757 circa
1200 4703 1392 4756 urbem
1424 4704 1667 4767 Iericho,
1704 4715 1759 4760 et
1795 4707 1992 4764 adver-

406 4805 502 4846 sus
532 4808 673 4858 eam,
709 4799 841 4847 sunt
874 4792 1138 4863 praeclare
1176 4807 1240 4847 ac
1271 4792 1493 4849 fortiter
1542 4807 1713 4865 gesta,
1744 4814 1810 4852 ex
1862 4799 1988 4854 uni-

2097 4527 2303 4601 ἀληθὴς
2329 4531 2361 4582 ὁ
2383 4530 2475 4583 ἐπὶ
2497 4530 2632 4601 τῷδε
2659 4530 2850 4598 λόγος;

2170 4623 2336 4678 ΚΥΡ.
2388 4623 2520 4676 Ἀπό
2560 4640 2628 4692 γε
2655 4623 2766 4678 τῶν
2811 4623 3012 4695 ἐφεξῆς
3057 4628 3481 4698 γεγραμμένων.
3531 4629 3699 4683 Μετὰ

2096 4713 2203 4786 γὰρ
2234 4714 2304 4768 τὰ
2340 4714 2480 4769 κατά
2508 4715 2608 4788 τὴν
2672 4715 2883 4789 ’Ῐεριχὼ
2917 4719 3012 4772 καὶ
3048 4718 3117 4772 τὰ
3144 4720 3233 4771 ἐπ’
3258 4720 3395 4791 αὐτῇ
3417 4719 3698 4791 λαμπρῶς

2096 4807 2191 4859 καὶ
2252 4806 2519 4872 νεανικῶς
2580 4809 2925 4880 εἰργασμένα
2977 4810 3132 4882 παρά
3178 4811 3380 4874 παντὸς
3443 4811 3692 4882 Ἰσραὴλ,

409 4897 568 4938 verso
592 4885 811 4939 lsraelis
835 4886 1040 4955 populo
1092 4886 1266 4941 lectos
1327 4888 1477 4943 viros
1522 4889 1673 4944 misit
1708 4892 1867 4947 Jcsus
1918 4894 1988 4948 ab

2099 4900 2415 4956 ἀπέστειλεν
2477 4896 2685 4974 Ἰησοῦς
2727 4904 2927 4976 ἄνδρας
2960 4905 3069 4959 ἀπὸ
3114 4904 3323 4978 Ἱεριχὼ
3348 4906 3428 4970 είς
3454 4904 3577 4969 Γαῖ,
3601 4905 3697 4958 λέ-

331 5018 341 5039 .ν
403 4975 625 5030 .lcricho
680 4975 735 5029 in
801 4976 1064 5045 oppidum
1113 4975 1233 5041 Gai,
1286 4976 1515 5035 dicens:
1570 4980 1987 5040 «Ascendcntes

2099 5011 2206 5062 γων
2222 5011 2235 5023 ·
2249 5012 2266 5045 ι
2279 4982 2603 5060 Ἀναϐάντες
2618 4975 3035 5065 κατασκέψασθε
3052 4998 3150 5069 τὴν
3165 4975 3581 5069 ΫαῖξΚαὶξάνέϐη
3588 5015 3694 5052 σαν

334 5064 337 5095 ί
404 5066 750 5121 considerate
779 5064 898 5119 Gai.
927 5066 997 5122 Et
1023 5067 1392 5123 ascenderunt
1420 5072 1524 5126 viri
1581 5073 1681 5140 illi,
1715 5083 1769 5129 et
1799 5077 1983 5130 consi-

2099 5087 2148 5139 οἱ
2199 5086 2395 5157 ἄνδρες
2452 5088 2545 5147 καὶ
2608 5064 3017 5159 κατεσκέψαντο
3068 5064 3169 5162 silv
3223 5088 3358 5157 Γαῒ,
3402 5064 3512 5144 ,καὶ
3570 5064 3696 5143 ⁷ὄιν-

402 5159 739 5213 deravcrunt
763 5157 882 5225 Gai,
916 5169 972 5214 et
1002 5162 1207 5217 reversi
1238 5170 1366 5217 sunt
1384 5164 1452 5219 ad
1485 5165 1695 5233 Jesum,
1740 5177 1796 5224 et
1829 5170 1982 5227 dixe-

2099 5174 2369 5245 ἔστρεψαν
2413 5176 2550 5248 πρὸς
2582 5176 2813 5249 Ἰησοῦν,
2855 5157 2950 5233 παὶ
2982 5157 3143 5233 εἶπαν
3188 5180 3327 5251 πρὸς
3367 5179 3549 5233 αὐτόν’
3595 5181 3697 5252 Μὴ

404 5258 536 5303 runt
567 5249 647 5304 ei:
673 5250 750 5304 Ne
782 5252 1043 5307 ascendat
1104 5255 1169 5311 ad
1219 5273 1340 5313 eam
1378 5260 1559 5316 omnis
1583 5264 1841 5333 p0pulus,
1882 5265 1981 5320 sed

2099 5267 2431 5324 ἁναὸαινέτω
2462 5272 2569 5333 πᾶς
2594 5271 2624 5324 ὁ
2653 5269 2804 5334 λαὸς,
2837 5271 2953 5324 ἀλλ’
2974 5272 3111 5326 ὡσεὶ
3129 5249 3378 5344 δισχίλιοι
3405 5272 3439 5343 ἢ
3467 5249 3693 5345 τρισχίέ

401 5340 624 5396 circiter
647 5341 758 5395 duo
806 5353 900 5398 aut
929 5347 1030 5401 tria
1066 5347 1239 5403 millia
1290 5350 1537 5407 virorum
1571 5356 1891 5421 ascendant,
1926 5366 1983 5412 et

2099 5364 2194 5415 λιοι
2233 5362 2427 5434 ἄνδρες
2456 5361 2925 5433 ἅναϐαινὲτωσαν,
2960 5365 3054 5419 καὶ
3086 5340 3685 5436 ἐκπολιορκησόντωσαν

401 5430 690 5485 obsideant
715 5433 944 5490 urbem:
986 5453 1056 5491 ne
1095 5438 1265 5495 ducas
1317 5458 1381 5495 eo
1435 5444 1757 5500 universum
1805 5463 1981 5517 popu-

2099 5452 2187 5522 τὴν
2242 5430 2419 5509 πόλιν.
2465 5454 2557 5526 Μὴ
2597 5455 2881 5528 ἀναγάγῃς
2912 5430 3060 5510 -ὲκεῖ
3118 5457 3210 5510 τὸν
3253 5430 3680 5511 λαὸν-ἃπανταο

401 5518 547 5581 lum;
577 5520 731 5589 pauci
752 5537 983 5594 namque
1003 5536 1148 5583 sunt.
1170 5528 1623 5590 Etasrenderunt
1646 5551 1713 5592 eo
1739 5536 1843 5592 viri
1872 5539 1983 5594 cir-

2099 5518 2258 5612 Ξλίγοι
2292 5546 2399 5618 γάρ
2445 5518 2569 5601 είσι.
2606 5518 2725 5603 Καὶ.
2750 5518 3180 5619 ἀνέθησανὲκεῖ
3211 5548 3345 5603 ὡσεὶ
3391 5546 3683 5622 τρισχίλιοι

482 5697 527 5727 ⁸³
562 5696 579 5751 1
616 5696 741 5752 Cor.
774 5717 850 5769 ιιι,
891 5704 969 5760 19.
