4096 6446
427 258 530 315 ΞΠ

1421 259 1476 315 S.
1506 258 1789 316 GY-RILLI
1830 258 2308 319 ALEXANDRINI
2348 263 2669 323 ARGIIIEP.

3594 277 3698 331 368

431 381 622 439 Nonne
674 379 830 449 igitu.
868 387 951 434 est
998 378 1097 433 tibi
1147 387 1336 449 aperte
1391 378 1831 435 demonstratum
1892 380 2001 452 pri-

2122 384 2295 456 μίκρά
2323 383 2470 458 ζύμη
2496 386 2631 442 ἐλον
2662 385 2723 440 τὸ
2762 385 2987 458 ςῦρσιμα
3022 383 3216 458 ζυμοῖ.
3257 404 3275 438 ι
3308 382 3456 459 Ἀρά
3496 404 3583 442 σοι
3604 390 3699 443 ἴέ-

429 484 581 523 mum
605 468 829 538 quidem
865 468 920 522 in
950 468 1251 535 Abraham,
1284 469 1492 524 sanctis
1538 470 1674 525 viris
1722 470 1863 525 nihil
1909 464 2012 527 cb-

343 605 358 617 .
427 574 549 615 esse
577 559 725 614 illam
774 575 842 615 ex
878 557 1210 613 fortitudine
1257 558 1510 630 gloriam,
1536 575 1601 616 ac
1649 560 1910 617 facile-ex
1948 576 2014 617 ea

427 650 607 720 sequi,
635 658 695 704 ut
719 662 1036 719 expugnare
1060 648 1252 705 hostes
1271 649 1507 719 possint,
1540 650 1586 706 si
1624 651 1762 707 nihil
1785 652 2014 708 munda-

426 754 559 795 num
588 754 837 811 quaerere
856 738 1175 806 voluerint;
1226 738 1428 796 deinde
1470 742 1528 797 in
1568 742 1750 797 Achar
1798 759 1915 800 rem
1955 745 2012 799 in

424 830 766 885 contrarium
803 830 1159 900 processisse,
1213 845 1341 886 cum
1376 830 1423 886 is
1467 846 1499 887 e
1534 839 1685 888 recta
1714 832 1803 888 via
1837 832 2009 889 decli-

424 929 629 987 nasset,
663 928 719 975 et
747 919 817 976 ad
861 935 926 975 ea
977 935 1101 991 quae
1142 920 1201 975 in
1249 920 1458 976 mundo
1531 930 1661 977 sunt
1705 937 2012 993 propensus

424 1012 665 1068 fuisset?

470 1105 690 1161 .PALL.
718 1106 953 1164 Maxime
988 1124 1123 1165 vero
1154 1126 1168 1177 ;
1198 1108 1429 1166 evidens
1464 1125 1703 1182 namque
1723 1111 1830 1168 fuit
1876 1127 2006 1169 ora-

420 1198 520 1255 tio.

490 1288 650 1346 CYR.
669 1289 945 1362 Oporterc
957 1299 1147 1349 autem
1177 1304 1398 1352 sanctos
1411 1296 1559 1353 viros
1581 1296 1787 1368 ubique
1799 1295 2010 1368 simpli-

418 1393 513 1436 ces
558 1380 811 1436 moribus
846 1381 1051 1448 videri,
1099 1399 1210 1440 non
1248 1386 1304 1440 in
1351 1387 1623 1443 sententia
1657 1403 1851 1460 parum
1900 1388 2007 1444 sibi

419 1478 696 1539 constare;
727 1470 939 1527 idscro
966 1474 1191 1546 planum
1219 1476 1332 1543 ﬁet,
1363 1492 1431 1533 ex
1455 1493 1522 1535 eo
1545 1479 1693 1550 quod
1710 1480 1799 1535 lex
1816 1490 2007 1552 aperte

418 1562 558 1618 dicit
584 1580 600 1618 :
632 1582 651 1616 ι
679 1564 801 1620 Non
833 1573 1001 1622 erunt
1028 1583 1158 1623 vasa
1189 1568 1295 1623 viri
1337 1585 1506 1641 super
1534 1571 1786 1638 muliere,
1824 1588 2005 1645 neque

418 1668 616 1710 rursus
636 1654 723 1711 vir
748 1656 1015 1713 induetur
1037 1659 1174 1715 stola
1214 1660 1475 1717 muliebri
1509 1703 1524 1726 ,
1567 1663 1833 1733 quoniam
1872 1665 2006 1720 abo-

2114 473 2555 545 δεικταισαφῶς,
2584 478 2642 530 ὲν
2684 477 2783 549 μὲν
2821 475 2897 549 τῷ
2935 474 3138 548 πρώτῳ
3191 474 3270 548 τῷ
3308 476 3579 551 Ἀϐραὰμ,
3621 480 3701 542 ὡς

2113 565 2417 638 ἀπήμαντα
2454 568 2552 640 μὲν
2582 571 2697 632 τοῖς
2725 569 2902 637 ἁγίοις
2928 567 3174 640 διαμένει
3199 566 3270 621 τὰ
3294 569 3372 633 είς
3394 567 3568 643 ἀλκὴν
3597 572 3701 623 αὑ-

2112 659 2367 733 χήματα·
2404 661 2605 732 ἕψηται
2650 661 2707 714 δὲ
2730 659 2927 733 ῥᾳδίως
2961 658 3022 713 τὸ
3049 659 3371 731 δεδυνῆσθαι
3408 661 3701 716 καταθλεῐν

2111 750 2219 804 τῶν
2237 752 2469 825 ἐχθρῶν,
2487 754 2537 807 εί
2560 753 2729 825 μηδὲν
2755 752 2962 806 ἕλοιντο
2979 752 3087 807 τῶν
3109 754 3219 806 ἀπὸ
3247 753 3453 826 κόσμου
3478 751 3662 825 ζητεῖν
3682 767 3701 783 ⁸

2111 842 2170 894 ὲν
2188 841 2244 895 δέ
2271 859 2334 912 γε
2354 843 2434 915 τῷ
2475 845 2677 916 Ἀχαρ,
2703 843 2783 908 εἰς
2801 843 2863 897 τὸ
2882 843 3093 908 τούτοις
3115 843 3354 899 ἐναντίον
3379 846 3697 918 ἐκκεχωρη-

2109 934 2245 989 κότα
2287 934 2357 989 τὰ
2390 936 2717 1009 πράγματα,
2760 935 3120 990 ἀποκλίναντι
3157 939 3260 1009 τῆς
3309 935 3545 1008 εὐθείας,
3601 937 3699 990 καὶ

2110 1029 2387 1083 νενευκότι
2418 1030 2555 1103 πρὸς
2574 1029 2640 1085 τὰ
2662 1032 2720 1084 ὲν
2749 1030 2972 1102 κόσμῳ;

2182 1124 2392 1179 ΠΑΛΛ.
2417 1123 2568 1179 Πάνυ
2588 1123 2703 1195 ,μὲν
2738 1119 2831 1178 οὖν
2852 1139 2868 1157 ·
2899 1122 3077 1197 σαφὴς
3114 1122 3224 1196 γὰρ
3247 1123 3277 1177 ό
3297 1122 3481 1193 λόγος.

2140 1294 2143 1297 “
2184 1300 2355 1359 ΚΥΡ.
2398 1302 2526 1358 Ὅτι
2549 1303 2605 1359 δὲ
2772 1305 2898 1372 τοὺς
2938 1304 3125 1375 ἁγίους
3154 1306 3400 1377 πανταχῆ
3433 1303 3695 1378 μονοτρό-

2108 1408 2245 1457 πους
2270 1394 2527 1466 ὁρᾶσθαι,
2556 1395 2651 1449 καὶ
2676 1396 2775 1467 οὐχ
2809 1394 3280 1468 ἑτεῳγνιῦμονας,
3314 1395 3483 1465 σαφὲς
3504 1394 3571 1449 ἂν
3595 1395 3694 1466 γέ-

2106 1502 2269 1551 νοιτο,
2290 1485 2385 1540 τοῦ
2403 1487 2570 1558 νόμου
2589 1486 2841 1557 λέγοντος
2859 1486 3104 1559 ἐναργῶς
3125 1502 3142 1518 ·
3172 1506 3192 1540 ι
3210 1472 3324 1541 hinc
3342 1487 3494 1542 ἔσται
3519 1488 3692 1559 σκεῦη

2106 1575 2298 1650 ἀνδρὸς
2327 1577 2419 1631 ἐπὶ
2444 1575 2684 1647 γυναικὶ,
2718 1578 2841 1632 οὐδὲ
2874 1578 2948 1650 μὴ
3000 1575 3287 1647 ἐνδύσηται
3329 1577 3469 1651 ἀνὴρ
3498 1576 3693 1650 στολὴν

2108 1665 2447 1734 γυναικείαν,
2468 1669 2552 1723 ὅτι
2576 1667 2853 1739 βδέλυγμά
2883 1669 3033 1722 ἐστιν
3060 1667 3292 1724 ὲνώπιον
3345 1668 3553 1742 Κυρίου
3581 1672 3694 1733 πᾶς

418 1746 650 1804 minatio
679 1748 844 1804 estin
885 1760 1186 1822 conspectu
1230 1752 1449 1808 Domini
1506 1754 1757 1825 quisquis
1791 1756 1896 1812 hoc
1917 1756 1999 1813 fe-

2104 1755 2133 1808 ὁ
2165 1755 2336 1811 ποιῶν
2359 1754 2554 1811 ταῦτα.
2587 1776 2606 1808 ι
2633 1756 2922 1828 Βδέλυγμα
2947 1758 3057 1830 γὰρ
3075 1760 3131 1812 ὲν
3151 1757 3252 1830 ῐσῳ
3276 1757 3427 1830 παρὰ
3445 1757 3567 1830 Θεῷ
3595 1758 3694 1813 καὶ

417 1838 555 1895 eerit
585 1840 629 1872 ⁸⁸
660 1858 674 1895 :
717 1857 899 1898 unam
925 1858 1081 1914 teque
1118 1843 1473 1901 abominatur
1490 1846 1636 1903 Deus
1657 1863 1724 1904 ac
1740 1848 2005 1919 turpissi-

416 1946 569 1986 mum
602 1934 974 2003 spectaculum
995 1944 1149 2006 putat
1180 1943 1296 1993 tum
1321 1937 1666 1996 fortitudinis
1682 1940 2001 2012 opinionem

415 2025 471 2081 in
510 2025 661 2081 molli
704 2026 836 2092 vita,
879 2026 986 2084 hoc
1018 2028 1167 2083 enim
1220 2038 1325 2094 est,
1365 2044 1487 2085 esse
1523 2047 1654 2087 vasa
1697 2032 1802 2087 viri
1836 2048 2003 2104 super

415 2116 681 2184 muliere;
716 2126 833 2173 tum
860 2119 915 2173 in
945 2118 1074 2174 forti
1091 2120 1211 2175 viro
1236 2122 1416 2177 mollis
1441 2124 1609 2178 animi
1640 2124 1997 2196 languorem;

413 2207 467 2262 id
492 2209 639 2264 enim
670 2210 899 2280 perinde
942 2218 1029 2266 est
1053 2227 1116 2267 ac
1145 2211 1190 2268 si
1229 2214 1486 2271 muliebri
1524 2216 1669 2272 stola
1684 2215 1769 2271 vir
1802 2215 1999 2272 indua-

342 2336 349 2345 ι
414 2310 525 2354 tur.

482 2393 679 2448 PALL.
717 2395 890 2462 Quale
914 2396 1063 2452 istud
1098 2408 1184 2454 est
1242 2398 1392 2470 quod
1430 2400 1558 2455 ais?

478 2488 636 2544 (ΝΒ.
676 2487 869 2543 Nonne
909 2499 968 2544 et
1001 2491 1147 2561 apud
1191 2493 1365 2548 Deum
1418 2500 1475 2547 et
1536 2492 1680 2563 apud
1748 2491 2000 2547 homines

409 2598 575 2653 prava
622 2591 785 2653 atque
825 2584 1075 2654 improba
1109 2602 1200 2642 res
1238 2597 1322 2643 est
1348 2587 1696 2659 hypocrisis?

480 2673 910 2729 PALLaYerum
952 2683 1057 2730 est.

477 2763 639 2819 ΟΥΕ.
667 2763 811 2819 Num
855 2765 1047 2836 igitur,
1084 2768 1130 2823 si
1159 2768 1284 2838 quis
1314 2770 1660 2840 voluptarius
1707 2768 1876 2824 fuerit
1941 2777 2000 2823 et

409 2858 808 2927 intemperans,
839 2866 896 2911 et
925 2858 1159 2929 enipsis
1195 2860 1312 2915 suis
1330 2859 1491 2914 factis
1528 2859 1651 2915 talis
1672 2874 1792 2915 esse
1837 2872 1997 2914 coar-

407 2957 649 3019 guatur;
679 2947 880 3004 deinde
904 2951 1193 3005 confictam
1227 2950 1521 3022 probitatis
1554 2951 1869 3022 opinionem
1889 2949 1997 3005 sibi

407 3053 727 3109 comparare
770 3040 1018 3106 studeat,
1055 3041 1202 3096 hunc
1242 3041 1544 3107 hominem,
1594 3039 1821 3106 Palladi,
1863 3055 1997 3110 pro-

406 3130 550 3190 bes?

454 3220 677 3278 .PALL.
710 3221 932 3277 Minime
963 3222 1242 3293 equidem.

473 3312 633 3369 CVR.
660 3314 785 3370 Jam
807 3328 937 3369 vero
969 3323 1571 3385 temperatum-revera
1614 3317 1895 3373 hominem
1938 3325 1996 3373 et

407 3409 934 3473 lmnestum,.nonne
954 3406 1028 3462 .in
1062 3406 1256 3463 eadem
1288 3408 1579 3465 sententia
1615 3408 1852 3474 firmum,
1885 3424 1997 3464 nec

406 3499 687 3556 diversum
743 3498 813 3553 ab
859 3513 927 3555 eo
982 3500 1128 3571 quod
1155 3510 1259 3567 est,
1291 3501 1526 3571 spectari
1580 3510 1844 3572 oportere
1863 3517 1996 3557 cen-

406 3591 537 3645 ses?

479 3679 680 3736 PALL.
706 3680 927 3738 Fateor.

475 3773 633 3829 CYR.
664 3773 743 3830 Ne
771 3775 937 3846 igitur
967 3790 1209 3846 unquam
1250 3774 1467 3830 solutus
1489 3775 1851 3845 quorumdam
1892 3775 1993 3830 ho-

406 3867 619 3922 minum
650 3875 707 3923 et
729 3869 910 3924 mollis
951 3868 1122 3925 animi
1164 3882 1362 3923 sensus
1406 3867 1747 3923 fortitudinis
1781 3869 1997 3939 opinio-

404 3974 533 4015 nem
577 3959 811 4027 subeat;
848 3961 953 4018 hoc
992 3961 1143 4017 cnim
1169 3968 1255 4017 est
1285 3978 1299 4015 :
1333 3960 1413 4016 Ne
1455 3961 1528 4017 sit
1557 3976 1651 4017 vas
1689 3961 1793 4016 viri
1827 3976 1996 4032 super

404 4051 693 4109 mulierem
716 4071 729 4108 :
752 4068 934 4125 neque
962 4069 1158 4110 rursus
1186 4053 1279 4110 ille
1294 4068 1491 4110 revera
1519 4052 1678 4110 fortis
1708 4053 1995 4111 mollitiem

402 4154 651 4217 quaerat;
677 4145 783 4201 hoc
802 4161 1041 4217 namque
1064 4155 1151 4202 est
1176 4145 1420 4203 vicissim
1450 4163 1464 4200 :
1502 4145 1582 4201 Ne
1618 4144 1703 4200 vir
1734 4145 1997 4202 induatur

403 4233 544 4289 stola
582 4233 840 4290 muliebri
864 4252 878 4288 :
913 4245 1000 4291 est
1018 4234 1171 4291 enim
1198 4251 1300 4307 par
1333 4235 1391 4290 in
1417 4243 1650 4305 utraque
1676 4250 1734 4291 re
1774 4234 1992 4302 vitium,

402 4340 579 4396 eaque
607 4326 842 4382 crimina
859 4326 1095 4382 similem
1124 4326 1383 4398 iniuriam
1417 4326 1610 4382 virtuti
1643 4325 1875 4380 faciunt.

2107 1846 2509 1902 ἁκαλλέστατον
2542 1849 2745 1920 Θέαμα,
2766 1851 3147 1921 γενναιότητος
3177 1848 3444 1921 ὑπόληψις
3469 1851 3562 1903 ἐπὶ
3586 1867 3693 1923 μα-

2104 1938 2390 2012 λακισμοῖς
2410 1959 2423 1975 ⁸
2447 1940 2612 1996 τοῦτο
2647 1942 2758 2015 γάρ
2778 1943 2896 1996 ἐστι
2916 1943 2976 1997 τὸ
3003 1938 3142 1997 εἶναι
3179 1943 3349 2015 σκεύη
3378 1942 3567 2015 ἀνδρὸς
3594 1944 3692 1997 ἐπὶ

2104 2033 2324 2104 γυναικί
2353 2048 2368 2063 ο
2395 2033 2493 2088 καὶ
2526 2034 2587 2089 τὸ
2611 2037 2786 2088 νοσεῖν
2815 2036 2871 2088 ὲν
2896 2034 3170 2106 ἀνδρείαις
3197 2035 3288 2089 τὸν
3315 2033 3685 2106 μαλακισμόν·

2105 2127 2264 2182 τοῦτο
2291 2127 2400 2200 γὰρ
2440 2127 2642 2199 ὁμοίως
2680 2128 2758 2206 τὸι
2782 2127 3104 2182 ἐνδύσασθαι
3143 2127 3236 2183 τὸν
3273 2127 3444 2199 ἄνδρα
3493 2127 3688 2198 στολὴν

2103 2213 2446 2288 γυναικείαν.

2173 2399 2382 2454 ΠΛᾹΛ.
2425 2393 2552 2455 Οἷον
2573 2398 2638 2472 δὴ
2669 2399 2723 2454 τί
2747 2401 2890 2473 φής;

2174 2490 2338 2545 ΚΥΡ.
2370 2491 2444 2545 Οὐ
2462 2492 2654 2564 χρῆμα
2680 2492 2917 2564 πονηρὸν
2939 2492 3033 2548 καὶ
3060 2492 3369 2564 ἁδόκιμονή
3396 2491 3687 2565 ὑπόκρισις

2102 2585 2254 2656 παρά
2284 2602 2341 2638 τε
2374 2585 2495 2654 θεῷ
2516 2585 2611 2640 καλ
2635 2585 2943 2659 ἀνθρώποις
2963 2605 2978 2655 3

2171 2676 2384 2732 ΠΔΔΛ.
2437 2678 2681 2750 Ἀληθές.

2171 2768 2336 2823 ΚΥΡ.
2372 2770 2493 2840 Ἆρ’
2524 2766 2617 2825 οὖν
2642 2771 2697 2825 εί
2731 2787 2817 2836 τις
2852 2771 2937 2843 εἴη
2974 2770 3253 2841 φιλήδονος
3295 2771 3390 2828 καὶ
3415 2773 3686 2845 ἀκρατὴς,

2101 2859 2195 2912 καὶ
2218 2857 2281 2924 ἐξ
2297 2860 2477 2914 αὐτῶν
2499 2859 2780 2933 ἐλέγχοιτο
2804 2861 2914 2916 τῶν
2937 2862 3256 2936 δρωμένων,
3284 2862 3359 2928 ὡς
3378 2862 3494 2916 ἔστι
3513 2864 3688 2917 toto?»

2099 2967 2214 3016 τος,
2260 2946 2383 3007 εἷτα
2430 2953 2532 3025 τῆς
2582 2955 2887 3020 ἐπιεικείας
2930 2955 3312 3010 κατάπλαστον
3372 2956 3458 3025 ἐφ’
3505 2956 3688 3025 ἑαυτῷ

2104 3044 2308 3096 ποιοῖτο
2336 3043 2435 3115 τὴν
2465 3042 2646 3111 δόξαν,
2677 3044 2995 3110 ἑπαινέσαις
3014 3046 3087 3101 ἂν
3109 3046 3200 3099 τόν
3220 3062 3283 3114 γε
3314 3044 3553 3099 τοιοῦτον
3581 3044 3683 3099 αὑ-

2097 3131 2208 3198 τὸς,
2237 3125 2283 3187 ὧ
2307 3133 2604 3204 Παλλάδιε;

2168 3223 2379 3278 ΠΑΛΔ.
2418 3225 2492 3279 οὐ
2520 3225 2621 3297 μὲν
2653 3221 2766 3281 οὖν.

2168 3316 2336 3372 ΚΥΡ.
2360 3316 2426 3370 Τί
2455 3316 2512 3370 δὲ
2534 3317 2598 3390 δὴ
2625 3320 2718 3372 τὸν
2738 3318 2955 3392 ἀληθῶς
2980 3320 3207 3393 κόσμιον
3227 3324 3321 3378 καὶ
3343 3325 3684 3396 εὐσχήμονα,

2096 3405 2195 3461 οὐκ
2226 3408 2388 3482 οἰήσῃ
2430 3406 2540 3462 δεῖν
2580 3410 2638 3463 ὲν
2681 3411 2973 3483 ταυτότητι
3009 3411 3236 3486 γνώμης
3265 3415 3682 3489 ὲθρηρεισμένον,

2097 3501 2195 3572 οὐχ
2216 3499 2403 3573 ἕτερόν
2428 3517 2482 3554 τι
2524 3502 2652 3574 παρ’
2680 3502 2815 3576 ὅπερ
2848 3504 2967 3559 ἐστὶ
2996 3505 3392 3576 γινώσκεσθαι;

2164 3680 2377 3736 mum.
2404 3680 2570 3752 Φημί.

2168 3772 2334 3828 ΚΥΡ.
2363 3771 2575 3827 Οὐκοῦν
2606 3772 2815 3843 μήποτε
2848 3773 2908 3829 τὸ
2935 3773 3239 3849 εὖθρυπτόν
3267 3796 3329 3834 τε
3354 3780 3448 3835 καὶ
3472 3780 3684 3854 μαλθαο

2097 3861 2193 3916 κδν
2234 3861 2492 3934 φρόνημά
2521 3880 2706 3927 τινων,
2748 3864 2849 3936 τὴν
2882 3865 2984 3937 τῆς
3031 3867 3286 3939 ἀνδρείας
3333 3869 3686 3944 ὖποτρεχέτω

2097 3953 2289 4021 δόξαν·
2319 3952 2479 4007 τοῦτο
2525 3953 2633 4024 γὰρ
2676 3953 2756 4019 τὸ,
2787 3956 2902 4010 Οὐκ
2932 3955 3086 4011 ἔσται
3142 3959 3311 4032 σκεύη
3351 3961 3546 4033 ἀνδρὸς
3585 3961 3684 4017 ἐπὶ

2097 4042 2317 4113 γυναικί
2346 4059 2361 4074 ’
2399 4043 2537 4115 μήτε
2574 4042 2681 4115 μὴν
2710 4044 2773 4096 τὸ
2804 4044 3020 4114 ἀληθῶς
3062 4047 3315 4113 εὐσθενὲς
3345 4048 3579 4121 ζητείτω
3617 4050 3685 4105 τὸ

2101 4134 2378 4208 μαλθακόν
2401 4149 2417 4165 ⁸
2452 4133 2611 4189 τοῦτο
2651 4134 2760 4209 γὰρ
2806 4135 2969 4191 πάλιν
3014 4138 3075 4191 τὸ
3097 4179 3113 4205 ,
3150 4139 3225 4192 Οὔ
3265 4140 3340 4214 μὴ
3392 4139 3683 4212 ἐνδύσηται

2098 4227 2238 4300 ἀνὴρ
2267 4226 2460 4300 στολὴν
2491 4228 2831 4298 γυναικείαν.
2866 4229 2986 4301 Ἵση
3019 4228 3129 4302 γὰρ
3161 4229 3348 4303 ὥσπερ
3390 4233 3449 4286 ὲν
3476 4233 3683 4303 ἀμφοῖν

2096 4321 2132 4392 ἡ
2173 4318 2465 4392 φαυλότης,
2494 4319 2590 4375 καὶ
2628 4319 2785 4393 ὕϐρις
2820 4321 2898 4385 είς
2934 4321 3136 4393 ἀρετὴν
3167 4322 3237 4377 τὰ
3264 4324 3603 4396 ἐγκλήματα.

480 4416 642 4489 148
692 4417 891 4473 PALL.
950 4419 1268 4475 Periculosa
1320 4433 1418 4473 res
1475 4428 1582 4482 est,
1632 4424 1695 4471 ut
1728 4417 1992 4486 videtur,

2171 4413 2379 4469 ΗΔΛΛ.
2400 4413 2693 4484 Σφαλερὺν,
2716 4412 2793 4477 ὡς
2810 4412 3007 4484 ἔοικεν,
3024 4415 3053 4469 ό
3080 4413 3478 4488 μαλθακισμδς,
3504 4417 3683 4473 καὶτὸ

406 4508 668 4564 mollities
707 4510 901 4577 animi,
949 4526 1129 4582 neque
1180 4526 1311 4566 vero
1356 4526 1536 4581 paenae
1566 4523 1781 4579 expers.

472 4599 632 4656 CYB.
660 4602 809 4657 Nihil
858 4603 1087 4659 omnino
1118 4602 1362 4657 dubites.
1397 4599 1780 4656 Aversandum
1818 4599 1875 4655 id
1911 4607 2000 4655 est

403 4694 555 4750 enim
594 4708 748 4761 sane,
775 4703 834 4751 et
881 4711 1107 4753 exosum
1132 4694 1246 4750 Deo
1286 4694 1505 4748 vitium.
1540 4692 1729 4760 Itaque
1754 4706 1787 4747 e
1825 4690 1999 4746 sacris

403 4788 571 4843 etiam
611 4787 920 4859 legionibus
971 4786 1238 4858 rejicitur,
1279 4784 1376 4856 qui
1415 4781 1798 4854 hujuscemodi
1855 4781 1997 4840 forte

404 4877 733 4934 criminibus
763 4883 1022 4941 tenetur;
1048 4890 1189 4945 opus
1221 4874 1369 4930 enim
1405 4886 1527 4930 esse
1559 4887 1781 4937 censeo,
1810 4881 1868 4927 ut
1904 4871 1996 4927 ille

404 4983 598 5024 revera
630 4968 789 5025 fortis
830 4983 895 5023 ac
940 4976 1201 5022 strenuus
1232 4980 1506 5036 nusquam
1549 4962 1794 5020 aniumm
1832 4979 1993 5019 suum

406 5075 504 5130 per
536 5059 809 5116 incuriam
838 5058 1014 5129 frangi
1051 5056 1313 5128 patiatur,
1353 5057 1449 5112 sed
1470 5071 1598 5111 cum
1632 5069 1661 5109 a
1698 5054 1995 5111 formidine

407 5162 574 5224 atque
614 5151 968 5208 cunctatione
1020 5148 1171 5204 omni
1230 5148 1468 5204 liberum
1529 5157 1742 5215 servet;
1785 5163 1854 5203 ac
1890 5146 1998 5204 fide

406 5242 650 5314 perfecte
672 5243 855 5308 nixus,
885 5241 1068 5297 dicat:
1100 5260 1118 5293 ι
1152 5239 1347 5297 Omnia
1362 5255 1586 5311 possum
1613 5240 1668 5294 in
1698 5255 1766 5295 eo
1793 5239 1888 5310 qui
1910 5254 1998 5294 me

409 5333 685 5391 eonfortat
705 5333 925 5389 Christo
950 5334 994 5366 ⁶⁹
1020 5351 1034 5388 :
1056 5353 1074 5384 ι
1109 5342 1409 5402 careatque
1455 5348 1525 5388 ne
1549 5341 1766 5388 terrena
1806 5347 1998 5403 sapere

409 5424 576 5488 velit,
607 5408 797 5493 utpote
823 5438 950 5479 cum
976 5437 1041 5477 ca
1069 5436 1159 5477 res
1178 5420 1480 5492 perniciem
1503 5421 1668 5476 nobis
1695 5420 1911 5482 afferat,
1939 5427 1999 5475 et

410 5516 556 5589 apud
582 5517 754 5572 Deum
782 5516 1063 5589 improbos
1091 5530 1213 5572 esse
1236 5514 1597 5571 demonstret.
1640 5514 1831 5584 itaque
1869 5528 1996 5568 rur-

470 5700 518 5737 ⁸⁸
546 5700 708 5761 Deut.
750 5714 877 5769 xm,
922 5700 974 5755 5.
1051 5699 1095 5732 ⁶⁹
1127 5696 1366 5768 Philipp.
1409 5712 1483 5763 ιτ,
1526 5695 1610 5752 15.

2099 4505 2294 4577 χρῆμά
2322 4506 2472 4559 ἐστιν
2502 4505 2604 4559 οὐκ
2642 4505 2897 4578 ἀζήμιον,

2166 4595 2336 4651 ΚΥΡ.
2367 4595 2461 4668 Μὴ
2516 4595 2626 4667 γὰρ
2670 4597 2951 4672 ἐνδοιάσῃς
3002 4598 3161 4664 ὅλως.
3208 4598 3544 4673 Ἀπόσλητον
3571 4602 3687 4673 γὰρ

2098 4685 2318 4758 κομιδῇ.
2349 4686 2443 4740 καὶ
2482 4685 2738 4757 θεομισὲς
2777 4686 3033 4752 τὸπάθος
3057 4702 3072 4718 ·
3120 4688 3397 4760 τοιγάρτοι
3440 4689 3535 4742 καὶ
3572 4689 3688 4742 τῶν

2099 4774 2263 4847 ἱερῶν
2292 4773 2639 4846 ἐκπέμπεται
2669 4775 2986 4845 καταλόγων
3028 4776 3062 4829 ό
3107 4779 3221 4843 τοῖς
3258 4779 3481 4832 τοιοῖσδε
3518 4779 3688 4849 τυχὸν

2100 4867 2441 4939 ἐγκλήμασιν
2476 4868 2815 4939 ἐνεχόμενος.
2855 4867 3069 4941 Χρῆναι
3091 4870 3201 4941 γὰρ
3222 4869 3396 4941 ἐγωγέ
3424 4887 3565 4941 φημι
3590 4871 3686 4923 τόν

2103 4975 2169 5028 γε
2198 4937 2418 5031 ἀληθῶς
2433 4937 2666 5032 εὐσθενῆ
2694 4978 2753 5015 τε
2788 4962 2883 5015 καὶ
2910 4937 3312 5031 γενναιότατῖν,
3338 4937 3561 5034 μηδαμῆ
3591 4962 3689 5016 τὸν

2102 5051 2306 5105 οἰκεῖον
2339 5050 2772 5123 περιθραύεσοαι
2807 5052 2932 5108 νοῦν
2964 5053 3316 5126 ἀμελετήτως
3353 5055 3470 5125 te»,
3494 5054 3690 5124 δείμα-

2100 5159 2195 5207 τος
2220 5143 2279 5197 δὲ
2299 5142 2396 5197 καὶ
2420 5142 2585 5197 ὅκνου
2619 5144 2822 5209 παντὸς
2850 5146 3112 5218 ἀνωτέρω
3135 5146 3347 5216 τηρεῖν,
3387 5144 3479 5199 καὶ
3504 5143 3689 5198 πίστει

2104 5234 2204 5306 μὲν
2224 5237 2291 5308 τῇ
2322 5236 2405 5301 είς
2438 5235 2571 5290 Θεὸν
2607 5237 2925 5309 ἀμωμήτως
2948 5239 3375 5311 ὲρηρεισμένον,
3428 5257 3447 5290 ι
3499 5235 3689 5290 Πάντα

2104 5328 2295 5399 ἰσχύω,
2309 5349 2327 5381 ι
2351 5329 2550 5399 λέγειν,
2583 5351 2602 5384 ι
2616 5333 2671 5385 ὲν
2687 5331 2766 5402 τῷ
2780 5330 3167 5403 ἐνδυναμοῦντί
3192 5347 3260 5404 με
3280 5328 3522 5403 Χριστῷ·
3536 5347 3558 5381 ι
3584 5345 3691 5382 πα-

2103 5422 2406 5493 ραιτεῖσθαι
2442 5422 2500 5477 δὲ
2545 5425 2623 5488 ὡς
2671 5424 2897 5495 ὀλέθρου
2937 5423 3216 5497 πρόξενον,
3260 5424 3357 5478 καὶ
3394 5421 3691 5491 ἁδοκίμοπ

2101 5513 2249 5584 ἡμᾶς
2292 5513 2595 5586 ἀποφαῖνον
2629 5514 2783 5586 παρὰ
2828 5513 2970 5586 Θεῷ,
3007 5513 3066 5569 τὸ
3108 5515 3328 5586 φρονεῖν
3366 5510 3582 5566 ἑλέσθαι
3618 5510 3693 5565 τὰ
