4096 6430
220 487 333 546 569

986 490 1077 546 DE
1114 489 1563 548 ADORATIONB
1598 491 1668 547 IN
1705 490 1977 548 SPllliTU
2016 488 2108 549 ET
2147 492 2520 552 VERITATE.
2563 495 2695 551 LIB.
2741 497 2804 552 γ.

3450 494 3556 550 ὃῗο

218 612 615 687 γεωδέστερα.
633 612 748 669 Καὶ
770 612 904 684 γοῦν
928 613 988 666 ὲν
1015 611 1093 684 τῷ
1111 611 1521 686 Δευτερονομίῳ
1538 611 1850 686 γέγραπται

1961 629 2053 670 sus
2078 613 2135 669 in
2166 613 2598 672 Deuteronomio
2629 615 2900 688 scriptum
2934 627 3020 674 est
3061 637 3075 673 :
3123 638 3141 672 ι
3179 618 3237 675 Si
3266 618 3470 676 exieris
3484 634 3553 675 ιιι.

219 707 393 764 πάλιν
411 725 426 738 ·
452 725 475 760 ι
522 706 652 763 Ἐὰν
690 706 921 782 ἐξέλθῃς
948 707 1030 773 εἰς
1057 705 1300 778 πόλεμον
1330 706 1425 760 ἐπὶ
1454 706 1582 772 τοὺς
1612 705 1845 780 ἐχθρούς

224 818 343 865 σου,
378 801 485 854 καὶ
511 800 634 872 ἴδῃς
666 799 835 855 ῐππον
878 800 972 854 καὶ
1000 798 1305 872 ἀναϐάτην,
1340 800 1436 854 καὶ
1460 798 1590 854 λαὸν
1622 798 1846 856 πλείονα

235 915 343 963 σου,
375 896 447 950 οὐ
480 894 777 968 φοϐηθήσῃ
803 895 902 950 ἀπ’
936 894 1139 963 αὐτῶν,
1167 895 1251 949 ὅτι
1281 894 1487 968 Κύριος
1516 895 1545 949 6
1578 894 1712 960 Θεός
1749 913 1846 951 σου

234 988 366 1062 μετὰ
419 986 549 1054 σοῦ,
580 987 610 1040 6
648 986 996 1050 ἀναϐιϐάσας
1044 1004 1105 1040 σε
1154 987 1220 1039 ὲκ
1260 986 1365 1058 γῆς
1412 984 1716 1055 Αίγύπτου,
1753 987 1848 1042 καὶ

229 1083 383 1137 ἔσται
411 1081 553 1136 ὅταν
597 1078 836 1153 ὲγγίσῃς
877 1063 957 1151 τῷ
998 1078 1243 1151 πολέμῳ,
1276 1078 1372 1132 καὶ
1418 1080 1791 1151 προσεγγίσας
1820 1081 1849 1134 6

228 1175 410 1248 ἱερεὺς
440 1172 675 1246 λαλήσει
698 1172 776 1244 τῷ
798 1171 933 1244 λαῷ,
960 1173 1057 1227 καί⁸
1082 1173 1201 1245 ἐρεῖ
1220 1173 1357 1246 πρὸς
1377 1172 1599 1239 αὐτούς·
1624 1174 1846 1241 Ἄκουε,

236 1268 485 1341 Ἰσραὴλ,
518 1268 683 1339 ὑμεῖς
724 1266 1143 1342 προπορεύεσθε
1177 1268 1422 1341 σήμερον
1448 1269 1530 1331 εἰς
1557 1266 1650 1323 τὸν
1689 1266 1849 1321 πόλε-

226 1377 330 1433 μον
357 1360 457 1415 ἐπὶ
490 1361 623 1425 τοὺς
663 1358 898 1432 ἐχθροὺς
931 1358 1109 1431 ὑμῶν,
1150 1359 1226 1432 μὴ
1250 1357 1529 1413 ὲκλυέσθω
1575 1359 1609 1429 ἡ
1651 1357 1850 1431 καρδία

224 1454 409 1528 ὑμῶν,
448 1453 527 1527 μὴ
560 1452 845 1524 φοϐεῖσθε,
882 1452 1017 1526 μηδὲ
1048 1450 1319 1527 θραύεσθε
1358 1452 1459 1526 (l),
1492 1451 1630 1524 μηδὲ
1663 1451 1849 1506 ἐκκλί-

224 1564 358 1622 νητε
380 1547 496 1603 ἀπὸ
512 1545 816 1619 προσώπου
841 1545 1021 1601 αὐτῶν
1041 1563 1056 1577 ο
1079 1547 1164 1601 ὅτι
1184 1544 1392 1619 Κύριος
1414 1547 1443 1600 6
1463 1543 1598 1610 Θεὸς
1620 1543 1798 1617 ὑμῶν,
1822 1545 1851 1599 6

224 1643 724 1717 προπορευόμενος
758 1640 881 1712 μεθ’
904 1640 1080 1712 ὑμῶν.
1115 1639 1535 1711 συμπολεμήσει
1566 1639 1698 1711 ὑμῖν
1722 1638 1849 1702 τοὺς

224 1737 465 1811 δχθροὺς
519 1734 682 1808 ὑμῶν
725 1734 1001 1789 διασῶσαι
1044 1733 1212 1805 ὑμᾶς.
1260 1732 1373 1788 Καὶ
1418 1730 1749 1804 λαλήσουσιν
1800 1730 1851 1786 οἱ

224 1832 594 1904 γραμματεῖς
624 1828 762 1903 πρὸς
782 1827 872 1884 τδν
895 1827 1050 1892 λαὸν,
1067 1827 1326 1898 λέγοντες
1342 1844 1356 1859 ·
1382 1826 1481 1891 Τίς
1502 1826 1532 1880 ὁ
1559 1824 1853 1899 ἄνθρωπος

224 1926 254 1978 6
270 1924 650 1996 οἰκοδομήσας
673 1921 856 1977 οίκίαν
888 1921 1107 1994 καινὴν.
1141 1922 1239 1975 καὶ
1267 1921 1369 1975 οὐκ
1394 1920 1730 1975 ἐνεκαίνισεν
1752 1920 1850 1974 αὺ-

223 2018 363 2089 τήνς
401 2013 741 2087 Πορευέσθω
782 2014 882 2068 καὶ
931 2013 1343 2086 ἀποστραφητω
1384 2013 1465 2077 είς
1509 2010 1609 2083 τὴν
1666 2010 1848 2066 οίκίαν

223 2103 419 2169 αὐτοῦ,
474 2105 555 2177 μὴ
603 2103 860 2179 ἀποθάνῃ
900 2106 960 2158 ὲν
1009 2103 1088 2175 τῷ
1134 2103 1380 2176 πολέμῳ,
1423 2103 1519 2157 καὶ
1558 2102 1846 2176 ἄνθρωπος

222 2202 419 2271 ἱτερος
449 2200 729 2269 ὲγκαινιεῖ
758 2198 952 2271 αὑτήν.
1005 2198 1119 2254 Καὶ
1167 2197 1252 2263 τίς
1289 2198 1318 2252 6
1366 2196 1655 2271 ἄνθρωπος
1696 2197 1848 2263 ὅστις

223 2292 535 2362 ἐφύτευσεν
561 2292 892 2366 ἀμπελῶνα,
932 2294 1026 2347 καὶ
1063 2292 1165 2347 οὐκ
1196 2290 1478 2365 εὑιρράνθη
1513 2290 1607 2345 ἀπ’
1640 2289 1845 2358 αὐτοῦς

224 2383 568 2458 Πορευέσθω
612 2384 709 2439 καὶ
738 2386 1152 2459 ἀποστραφήτω
1188 2386 1270 2449 εἰς
1300 2385 1402 2458 τὴν
1436 2384 1617 2440 οἰκίαν
1651 2384 1843 2452 αὐτοῦ,

228 2478 305 2550 μὴ
349 2476 611 2550 ἀποθάνῃ
647 2478 706 2531 ἐν
749 2474 828 2548 τῷ
869 2477 1117 2550 πολέμῳ,
1170 2477 1268 2532 καί⁵
1321 2476 1610 2550 ἄνθρωπος
1659 2478 1851 2551 ἕτερος

225 2567 680 2642 εὐφρανθήσεται
710 2567 773 2633 ἐξ
800 2567 989 2622 αὐτοῦ.
1036 2568 1148 2622 Καὶ
1175 2568 1260 2634 τίς
1298 2570 1327 2624 6
1373 2567 1662 2641 ἄνθρωπος
1700 2568 1850 2635 ὅστις

231 2662 661 2734 μεμνήστευται
691 2663 955 2730 γυναῖκα,
991 2662 1086 2715 καὶ
1127 2660 1229 2716 οὐκ
1261 2660 1473 2718 ἔλαϐεν.
1494 2662 1700 2736 αὖτήνς
1741 2662 1851 2717 Πο-

232 2753 491 2823 ρευέσθωι
518 2753 615 2808 καὶ
646 2753 1067 2826 ἀποστραφήτω
1097 2755 1178 2819 εἰς
1203 2753 1302 2828 τὴν
1339 2753 1517 2809 οἰκίαν
1546 2753 1738 2835 aii-cori,
1776 2753 1851 2828 μὴ

228 2845 487 2918 ἀποθάνῃ
516 2849 577 2901 ὲν
600 2844 678 2917 τῷ
706 2846 953 2918 πολέμῳ,
979 2847 1074 2901 καὶ
1091 2846 1189 2901 ἄνθ
1199 2864 1383 2920 ρωπος
1407 2847 1599 2920 ἔτερος
1617 2847 1851 2920 λήῲται

231 2940 429 3015 αὑτήν.
448 2941 566 2996 Καὶ
587 2939 998 3013 προσθήσουσιν
1019 2941 1067 2995 οῖ
1093 2943 1448 3014 γραμματεῖς
1460 2939 1694 3013 λαλῆσαι
1716 2942 1854 3015 πρδς

1953 705 2162 763 bellum
2195 705 2464 763 adversus
2499 706 2688 766 hostes
2714 717 2860 775 tuos,
2906 719 2964 766 et
2999 711 3214 769 videris
3239 728 3468 784 equum,
3494 722 3551 768 et

1952 816 2325 867 ascensorem,
2356 811 2413 859 et
2436 803 2700 874 populum
2735 804 3005 876 majorem
3030 814 3106 873 te,
3136 822 3206 864 ne
3250 806 3448 862 timeas
3482 806 3553 861 ab

1953 892 2111 965 ipsis,
2135 893 2268 966 quia
2309 893 2578 950 Dominus
2607 894 2753 951 Deus
2801 904 2929 952 tuus
2976 904 3159 953 tecum
3202 908 3309 963 est,
3339 898 3435 970 qni
3467 914 3554 953 as-

1953 983 2189 1040 cendere
2234 992 2285 1040 te
2328 983 2459 1040 fecit
2487 983 2557 1039 de
2602 993 2748 1040 terra
2799 985 3082 1059 Aﬂgyptie
3133 998 3191 1045 et
3240 990 3367 1055 erit,
3423 1005 3551 1045 eum

1952 1077 2485 1150 appropinquaveris
2507 1077 2576 1134 ad
2605 1078 2814 1134 bellum
2841 1121 2857 1146 ,
2892 1089 2957 1136 et
2996 1082 3256 1139 sacerdos
3283 1082 3556 1140 accedens

1952 1170 2217 1241 loquetur
2265 1169 2335 1225 ad
2383 1169 2676 1242 populum,
2723 1179 2784 1229 et
2837 1170 3001 1229 dicet.
3038 1173 3126 1229 ad.
3149 1190 3246 1230 eos
3295 1193 3308 1228 :
3366 1173 3551 1241 Audi,
3654 1160 3658 1164 ’

1953 1264 2145 1331 Israel,
2195 1280 2296 1321 vos
2326 1263 2631 1336 proceditis
2679 1263 2851 1322 hodie
2908 1266 2979 1323 ad
3004 1268 3263 1325 bellum-
3283 1269 3558 1326 adversus
3620 1259 3646 1308 “’A

1952 1359 2145 1415 hostes
2167 1367 2407 1425 vestros,
2440 1372 2513 1414 ne
2540 1357 2879 1416 dissolvatur
2905 1376 3003 1418 cor
3025 1370 3315 1427 vestrum,-
3334 1378 3405 1420 ne
3435 1362 3557 1419 for-

1952 1449 2198 1518 midetis,
2247 1465 2429 1522 neque
2491 1451 2899 1519 conteramini,
2948 1468 3132 1526 neque
3188 1454 3482 1512 declinetis
3526 1471 3556 1510 a

1953 1540 2093 1599 facie
2121 1546 2497 1617 eorum,quia
2520 1545 2789 1602 Dominus
2824 1546 2993 1605 Deus
3019 1557 3229 1615 vester,
3275 1547 3373 1620 qui
3423 1563 3559 1620 pro-

1954 1636 2103 1693 cedit
2133 1636 2443 1706 vobiscum,
2467 1638 2773 1699 debellabit
2792 1641 3082 1700 vobiscum
3105 1644 3298 1700 hostes
3319 1651 3558 1707 vestros,

1953 1740 2012 1787 et
2039 1731 2274 1788 salvabit
2310 1748 2432 1790 vos.
2471 1733 2544 1791 Et
2578 1735 2887 1808 loquentur
2936 1737 3134 1795 scriba:
3166 1737 3235 1794 ad
3268 1737 3561 1809 populum,

1954 1823 2207 1881 dicentes
2247 1845 2261 1879 :
2327 1825 2463 1895 Quis
2507 1835 2597 1884 est
2635 1827 2805 1885 homo
2847 1829 2944 1902 qui
3000 1830 3295 1887 aadiﬁeavit
3333 1829 3563 1886 domum

1956 1932 2177 1985 novam,
2214 1927 2272 1974 et
2313 1935 2424 1975 non
2447 1919 2727 1979 dedicavit
2757 1922 2915 1978 eam?
2944 1921 3121 1978 Vadat
3157 1931 3216 1978 et
3251 1928 3564 1979 revertatur

1955 2009 2011 2064 in
2043 2008 2269 2067 domum
2315 2028 2495 2080 suam,
2517 2030 2605 2071 ne.
2627 2013 2771 2071 forte
2784 2015 3063 2072 moriatur.
3081 2015 3136 2070 in
3153 2014 3321 2081 bello,
3342 2024 3400 2072 et
3418 2014 3564 2071 alius

1954 2103 2123 2161 homo
2141 2104 2367 2163 dedicet
2379 2123 2522 2169 eam.
2540 2109 2609 2165 Et
2624 2110 2751 2181 quis
2767 2118 2852 2167 est
2872 2110 3062 2175 homo,
3082 2110 3176 2182 qui
3197 2110 3468 2182 plantavit
3484 2110 3566 2167 vi—

1955 2212 2139 2266 neam,
2162 2207 2218 2256 et
2231 2216 2342 2257 non
2357 2210 2441 2258 est
2463 2201 2772 2260 lastiﬁcatus
2791 2203 2861 2260 ab
2884 2219 2947 2260 ea
2961 2202 3169 2259 ?Vadat
3180 2213 3238 2260 et
3252 2212 3567 2260 revertatur

1956 2291 2012 2346 in
2039 2290 2268 2347 domum
2296 2308 2474 2359 suam,
2501 2310 2570 2350 ne
2588 2294 2858 2350 moriatur
2878 2295 2933 2351 in
2949 2294 3117 2361 bello,
3144 2304 3203 2351 et
3231 2294 3375 2351 alius
3394 2293 3566 2350 homo

1956 2380 2271 2439 lattilicetur
2298 2384 2371 2440 ab
2405 2401 2491 2441 ea.
2529 2385 2599 2442 Et
2635 2386 2762 2458 quis
2797 2396 2884 2444 est
2919 2386 3109 2454 homo,
3142 2387 3238 2459 qui
3267 2385 3567 2458 despondit

1958 2492 2210 2545 uxorem,
2242 2488 2301 2536 et
2320 2495 2432 2536 non
2452 2481 2668 2552 accepit
2685 2482 2851 2536 eam?
2871 2480 3047 2538 Vadat
3077 2489 3135 2538 et
3161 2489 3475 2537 revertatur
3505 2479 3565 2536 in

1957 2568 2183 2627 domum
2223 2588 2407 2639 suam,-
2438 2574 2821 2631 ne.moriatur.
2851 2573 3109 2639 inbello,
3141 2582 3200 2630 et
3231 2572 3374 2629 alius
3396 2572 3566 2628 homo

1956 2664 2197 2736 accipiat
2214 2680 2358 2722 eam.
2391 2667 2743 2740 Etadjicient
2774 2666 3148 2739 scribzeloqui
3166 2666 3234 2723 ad
3273 2665 3561 2737 populum,

1958 2765 2015 2811 et
2036 2755 2225 2815 dicent
2260 2776 2272 2813 :
2301 2757 2545 2827 Quisest
2579 2759 2751 2816 homo
2779 2759 3010 2816 timidus
3051 2767 3110 2815 et
3148 2757 3567 2814 formidolosus

1954 2851 2123 2909 corde
2164 2852 2398 2911 ?Vadat
2449 2863 2511 2912 et
2546 2863 2858 2911 revertatur
2893 2854 2965 2910 in.
3008 2852 3234 2910 domum
3273 2866 3453 2918 suam,
3494 2868 3566 2907 ne

1960 2944 2159 3002 timere
2189 2944 2356 3003 faciat
2395 2962 2492 3003 cor
2531 2946 2722 3003 fratris
2758 2946 2868 3013 sui,
2911 2953 2974 3003 ut
2999 2961 3160 3003 suum
3210 2945 3385 3018 ipsius
3425 2943 3494 2999 ".
3541 2966 3558 2997 ι

232 3034 327 3089 τὶν
348 3034 510 3102 λαὸν,
575 3034 675 3090 καὶ
734 3032 946 3107 ἐροῦσιν
980 3033 1079 3099 Τίς
1115 3035 1151 3088 ὀ·
1186 3032 1480 3107 ἄνθρωπος
1519 3035 1550 3089 6
1584 3032 1924 3107 φοϐούμενος
1963 3036 2060 3091 καὶ
2099 3035 2274 3102 δειλὸς
2297 3040 2364 3111 τῇ
2413 3037 2649 3111 καρδίᾳ;
2681 3035 3008 3110 Πορευέσθω
3033 3038 3127 3091 καὶ
3153 3035 3593 3108 ἀποπραφήτω-

234 3135 313 3197 εἴς
335 3132 439 3205 τὴν
461 3131 647 3187 οίκίαν
675 3129 869 3197 αὑτοῦ,
901 3130 991 3186 fva
1016 3129 1097 3204 μὴ
1118 3129 1365 3205 δειλιάνῃ
1390 3129 1490 3203 τὴν
1506 3130 1739 3203 καρδίαν
1757 3128 1850 3184 τοῦ
1891 3129 2127 3202 ἁδελφοῦ
2157 3131 2352 3199 αὑτοῦ,
2385 3132 2579 3205 ὥσπερ
2603 3135 2636 3205 ἡ
2659 3132 2853 3189 αὐτοῦ.
2891 3154 2910 3186 ι

302 3225 521 3282 ΠΛΛΛ.
566 3223 713 3280 Ἀλλ’
744 3225 827 3280 ὃτι
857 3226 964 3300 χρὴ
1016 3225 1116 3297 μὲν
1155 3223 1570 3299 τεθαρρηκότας
1602 3224 1696 3278 ἐπὶ
1735 3221 1855 3295 Θεῷ

232 3318 569 3392 διαπρέπειν
594 3318 830 3393 ἀρεταῖς
858 3319 954 3373 καὶ
984 3317 1123 3390 πρδς
1155 3319 1265 3373 πᾶν
1289 3316 1472 3373 ὁτιοῦν
1504 3316 1854 3388 ἀνδρίζεσθαι

234 3411 342 3467 τῶν
363 3410 622 3482 ἀγαθῶν,
653 3405 753 3467 καλ⁵
773 3412 943 3477 αὐτὸς
958 3410 1071 3482 ἐγὼ
1095 3412 1264 3485 φαίην
1288 3410 1375 3468 ἄν.
1404 3410 1855 3484 Ἀποπὲμπονται

2036 3223 2235 3281 PALL.
2272 3225 2441 3298 Atqui
2461 3235 2720 3297 oportere
2742 3224 2840 3281 Dei
2866 3223 3076 3280 auxilio
3100 3222 3274 3279 fretos
3292 3221 3575 3278 excellere

1962 3318 2286 3386 virtutibus,
2325 3329 2383 3376 et
2431 3319 2500 3375 ad
2538 3318 2726 3375 omnia
2783 3333 2908 3391 quae
2952 3327 3106 3375 recta
3164 3324 3295 3373 sunt
3337 3324 3594 3371 strenue-

1964 3412 2089 3479 niti,
2124 3412 2292 3470 etiam
2322 3412 2438 3485 ipse
2477 3412 2672 3470 fateor.
2712 3411 3005 3481 Quomodo
3049 3418 3235 3467 autem
3259 3407 3511 3465 nonnulli
3535 3425 3586 3463 ao

232 3507 295 3560 εξ
310 3505 408 3562 τοῦ
431 3505 677 3579 πολέμου
694 3506 864 3572 τινὲς,
887 3504 962 3572 ὥς
983 3505 1378 3580 ἀνεπιτήδειοι,
1399 3504 1518 3572 πῶς
1539 3503 1709 3578 ἢτίνα
1732 3504 1853 3578 τρό-

1964 3504 2113 3561 bello
2136 3512 2395 3576 tanquam
2421 3504 2594 3576 inepti
2617 3502 2969 3578 rejiciantnr,
2998 3517 3111 3559 non
3148 3499 3415 3571 intelligo.

237 3617 339 3654 πον
364 3600 470 3655 οἰκ
511 3598 624 3671 ἔχω
655 3599 871 3670 μαθεῖν.

309 3694 571 3750 ΚΥΡ.’Ἦ
610 3695 714 3749 οὐκ
743 3689 902 3748 οἶσθα
951 3692 1036 3749 ὅτι
1066 3693 1167 3748 οὒκ
1204 3691 1272 3749 ἂν
1326 3691 1616 3765 εὐδόκιμος
1650 3691 1861 3759 γένοιτο
1894 3732 1899 3735 -

235 3787 393 3860 παρὰ
429 3785 577 3859 Θεῷ,
615 3786 734 3841 ἀλλ’
764 3785 877 3841 οὐδ’
908 3787 975 3841 ἂν
1000 3785 1179 3841 ἕλοιτό
1204 3803 1292 3852 τις
1321 3785 1451 3852 τοὺς
1480 3784 1622 3858 ὑπὲρ
1652 3784 1753 3857 τῆς
1780 3786 1862 3850 εἰς

235 3878 408 3934 αὑτὸν
442 3878 740 3943 εὐσεϐείας
772 3877 1078 3951 ἀνατλῆναι
1109 3878 1332 3944 πόνους,
1370 3878 1419 3932 εί
1454 3875 1531 3950 μὴ
1564 3875 1859 3950 παροικίαν

236 3974 433 4044 ἡγεῖτο
484 3969 586 4043 τὴν
622 3972 681 4025 ὲν
716 3970 857 4043 τῷδε
905 3969 985 4042 τῷ
1032 3968 1226 4042 κόσμῳ
1257 3967 1443 4042 ζωήν;
1490 3969 1672 4041 ’Ὅπερ
1729 3969 1862 4041 ἡμῖν

236 4063 446 4133 ἄριστά
479 4080 545 4119 τε
590 4064 686 4118 καὶ
729 4062 1000 4137 ἐναργῶς,
1032 4061 1106 4128 ὡς
1134 4064 1194 4116 ὲν
1223 4062 1393 4117 εἰκόνι
1425 4061 1521 4116 καὶ
1552 4060 1766 4129 τύποις,
1803 4061 1863 4115 ὲν

236 4160 365 4225 ταῖς
398 4157 517 4213 τῶν
548 4157 727 4229 ἁγίων
768 4157 1048 4231 ἐγράφετο
1099 4155 1422 4221 πολιτείαις.
1462 4154 1721 4229 Παρῴκει
1764 4156 1863 4228 μὲν

2005 3694 2169 3768 149
2179 3693 2339 3752 CYR.
2360 3695 2445 3751 An
2473 3695 2694 3769 ignoras
2706 3696 2987 3753 neminem
3004 3695 3152 3767 apud
3171 3694 3355 3751 Deum-
3373 3692 3592 3765 proba»

1968 3795 2086 3843 tum
2106 3785 2244 3853 fore,
2273 3803 2456 3859 neque
2481 3803 2613 3845 vero
2624 3803 2787 3860 posse
2801 3797 3136 3859 quemquam
3150 3793 3419 3851 statuere,
3463 3783 3569 3839 sibi
3586 3810 3597 3836 7:

1966 3894 2067 3951 pro
2083 3880 2288 3952 pietate
2312 3881 2529 3939 labores
2540 3897 2670 3940 esse
2693 3881 3034 3947 tolerandos,
3057 3878 3169 3936 nisi
3192 3876 3571 3951 hujus-mundi

1967 3974 2139 4030 vitam
2175 3973 2813 4046 incolatum‘putaverit?
2828 3973 2987 4042 Quod
3026 3974 3210 4044 ipsum
3243 3970 3451 4043 optime
3475 3985 3575 4026 no-

1969 4069 2057 4125 bis
2098 4078 2264 4140 atque
2312 4068 2734 4126 evidentissime
2775 4068 2832 4123 in
2902 4074 3227 4124 sanctorum
3280 4063 3597 4119 hominum

1969 4161 2413 4227 conversatione,
2454 4168 2712 4231 tanquam
2731 4159 2789 4213 in
2825 4156 3063 4228 imagine
3098 4153 3402 4227 ﬁgurisque
3464 4153 3573 4209 de-

236 4252 351 4326 γᾶρ
394 4254 459 4309 ἐν
505 4253 742 4326 σκηναῖς
772 4253 802 4306 6
848 4251 1142 4316 θεσπέσιος
1188 4249 1466 4324 Ἀϐραὰμ,
1512 4250 1608 4303 καὶ
1654 4249 1756 4311 τὴν
1800 4251 1865 4304 ὲκ

234 4346 429 4401 τόπων
473 4346 561 4411 είς
612 4345 820 4411 τόπους
859 4347 1097 4400 ἐποιεῖτο
1143 4344 1513 4417 παραδρομὴν
1536 4360 1550 4373 ο
1585 4344 1683 4399 καὶ
1717 4342 1866 4407 ἅπας

230 4440 297 4494 δὲ
329 4438 480 4495 κατὰ
521 4438 626 4511 τὴν
661 4437 873 4512 ἔρημον
905 4439 934 4493 6
978 4437 1200 4511 Ἰσραὴλ
1244 4439 1447 4509 συχνὰς
1496 4438 1733 4491 ἐποιεῖτο
1766 4435 1853 4500 τὰς

1970 4439 2093 4494 loca
2133 4436 2521 4511 demigrabat:
2557 4444 2613 4495 et
2644 4434 2937 4491 universus
2963 4431 3133 4489 lsrael
3160 4446 3263 4503 per
3288 4431 3573 4487 desertum

237 4532 555 4605 ἀπάρσεις,
587 4530 687 4586 καὶ
715 4530 1047 4603 κατῴκηκεν
1080 4531 1140 4585 ὲν
1172 4532 1424 4602 σκηναῖς.
1472 4526 1853 4602 Ἐπισεμνύνες

1974 4533 2295 4605 frequenter
2311 4529 2629 4590 mansiones
2646 4528 2921 4595 mutabat,
2946 4536 3113 4599 atque
3130 4527 3186 4583 in
3205 4523 3579 4582 tabernaculis

238 4643 332 4680 ται
368 4625 430 4681 δὲ
457 4623 645 4697 τούτῳ
673 4622 797 4679 λίαν
820 4624 915 4679 καὶ
935 4625 964 4678 6
992 4624 1284 4697 προφήτης
1308 4623 1499 4691 Δαϐὶδ,
1517 4623 1662 4679 οὕτω
1689 4623 1853 4694 λέγω

1975 4626 2170 4683 itidem
2217 4625 2542 4683 habitabat:
2583 4624 2801 4680 beatus
2826 4637 2963 4679 vero
3000 4620 3175 4677 David
3214 4635 3279 4675 ea
3314 4635 3376 4675 re
3408 4619 3579 4675 etiam

236 4719 382 4792 πρὸς
419 4719 518 4773 τὸν
548 4717 683 4773 Θεόν
704 4736 719 4749 ·
756 4738 774 4771 ι
815 4719 979 4784 Ἀνες
1015 4735 1130 4790 μοι,
1164 4718 1252 4772 ὅτι
1276 4718 1543 4791 πάροικός
1568 4721 1686 4791 εἰμι
1720 4720 1778 4773 ὲν
1799 4722 1853 4791 τῇ

1973 4718 2338 4792 gloriabatur,
2353 4718 2435 4774 sic
2450 4717 2641 4773 dicens
2662 4715 2731 4771 ad
2742 4714 3040 4771 Dominum
3067 4731 3080 4768 :
3111 4734 3130 4765 ι
3155 4712 3396 4769 Remitte
3417 4711 3579 4775 mihi,

235 4819 313 4889 τῇ
362 4814 467 4871 καὶ
513 4813 944 4886 παρεπίδημος,
1010 4810 1201 4877 καθὼς
1259 4811 1464 4878 πάντες
1516 4813 1566 4867 oi
1629 4814 1853 4886 πατέρες

1975 4812 2107 4884 quia
2150 4810 2365 4867 advena
2399 4824 2503 4881 ego
2532 4824 2656 4864 sum
2681 4807 2739 4864 in
2759 4815 2932 4889 terra,
2980 4815 3039 4861 et
3062 4804 3397 4877 peregrinus
3435 4802 3584 4859 sicut

239 4886 371 4983 μου.
439 4927 460 4963 ι
545 4907 875 4979 Ἀπεδέχετο
947 4905 1006 4961 δὲ
1066 4906 1277 4979 σφόδρα
1338 4907 1441 4973 τὰς
1498 4907 1611 4962 ἅνω
1657 4908 1853 4981 μονὰςΤ

1975 4921 2172 4961 omnes
2196 4911 2385 4976 patres
2416 4902 2526 4959 mei
2559 4903 2603 4934 "
2642 4921 2656 4956 :
2689 4923 2707 4955 ι
2747 4886 3058 4973 Expétebat
3087 4899 3257 4955 etiam
3282 4897 3584 4954 vehemen-

236 5006 387 5061 οὕτω
420 5002 639 5075 λέγων·
707 5023 727 5056 ι
769 5003 863 5067 Ὠς
917 4999 1183 5072 ἀγαπητὰ
1227 4998 1298 5056 τὰ
1353 5001 1696 5075 σκηνώματά
1748 5020 1853 5059 σου

1978 5008 2068 5058 ter
2123 5013 2400 5071 supernas
2444 4995 2569 5053 illas
2606 4994 2928 5051 mansiones
2963 5034 2979 5060 ,
3031 5007 3158 5049 cum
3203 4990 3577 5048 sie-diceret:

238 5103 426 5179 Κύριε
490 5101 606 5157 τῶν
657 5097 978 5172 δυνάμεωνι
1030 5095 1320 5151 Ἐπιποθεῖ
1377 5096 1474 5151 καὶ
1535 5095 1780 5151 ἐκλείπει
1833 5098 1853 5151 ’ἓ

1985 5114 2004 5147 ‹
2042 5092 2220 5161 Quam
2240 5091 2449 5149 dilecta
2479 5089 2836 5147 tabernacula
2872 5094 2989 5153 tua,
3019 5085 3255 5142 Domine
3276 5083 3578 5139 virtutum!

237 5174 391 5272 cuii;
431 5214 543 5270 μου
584 5195 668 5260 εις
705 5193 806 5258 τὰς
840 5190 1012 5255 αὐλὰς
1045 5189 1143 5246 τοῦ
1186 5188 1418 5263 Κυρίου.
1464 5208 1483 5241 ι
1514 5190 1777 5260 Ψρονοῦσι
1805 5191 1853 5248 δι

1978 5185 2330 5258 concupiscit
2356 5193 2414 5241 et
2431 5183 2623 5241 deﬁcit
2642 5180 2828 5238 anima
2844 5195 2966 5236 mea
2989 5179 3046 5233 in
3063 5176 3204 5232 atria
3218 5174 3439 5231 Domini
3455 5174 3525 5229 ν’.
3557 5194 3578 5227 ι

244 5295 338 5355 οὖν
368 5300 426 5355 οἱ
456 5296 701 5352 τοιοῦτοι
726 5294 796 5349 τὰ
825 5293 961 5358 ἂνω,
999 5291 1096 5346 καὶ
1140 5291 1241 5357 τὰς
1273 5291 1333 5343 ὲν
1360 5290 1474 5353 τοῖς
1504 5288 1755 5359 οὐρανοῖς
1787 5285 1853 5340 δι⁴

1980 5278 2270 5350 Ejusmodi
2310 5276 2589 5341 homines,
2644 5288 2769 5346 quae
2809 5286 3031 5328 sursum
3078 5276 3210 5326 sunt
3248 5267 3492 5338 sapiunt,
3521 5283 3586 5325 ac

245 5392 398 5464 φῶσι
435 5389 636 5464 μονὰς,
684 5387 751 5453 ἃς
799 5387 894 5441 καὶ
923 5385 1087 5450 αὐτὸς
1121 5386 1152 5439 6
1185 5383 1377 5456 Σωτὴρ
1414 5382 1531 5446 τοῖς
1576 5376 1853 5450 ἁγαπῶσιι

1983 5380 2183 5436 sitiunt
2196 5395 2313 5445 eas,
2338 5393 2464 5450 quas
2479 5377 2536 5431 in
2550 5375 2694 5433 coelo
2718 5380 2868 5438 sunt,
2888 5371 3227 5434 mansiones,
3251 5384 3392 5441 quas
3414 5365 3584 5422 etiam

249 5487 423 5542 αὐτὸν
474 5484 830 5554 ὑπισχνεῖται
852 5522 869 5546 ,
906 5478 1115 5547 λέγων’
1152 5493 1173 5528 ι
1213 5474 1553 5548 Πορεύομαι,
1601 5472 1695 5527 καὶ
1728 5472 1841 5526 ἐτοι

1987 5473 2105 5545 ipse
2148 5472 2402 5529 Salvator
2446 5466 2810 5542 diligentibus
2866 5480 2926 5520 sc
2992 5462 3584 5535 pollicetur,dicens:

255 5583 420 5651 μάσω
453 5580 629 5634 τόπον
660 5578 815 5649 ὑμῖν,
845 5575 944 5629 καὶ
971 5571 1139 5628 πάλιν
1168 5568 1307 5643 ἥξω,
1349 5569 1445 5625 καὶ
1475 5566 1852 5640 παραλήψομα

1995 5587 2012 5619 ι
2047 5564 2220 5631 Vario,
2243 5573 2302 5619 et
2337 5561 2660 5635 praeparabo
2693 5558 2853 5615 vobis
2895 5557 3109 5613 locum:
3140 5566 3198 5613 et
3244 5556 3449 5613 iterum
3489 5569 3589 5609 ve-

254 5677 405 5745 ῠμᾶς
454 5673 577 5746 μετ’
608 5666 879 5742 ἐμαυτοῦ,
924 5667 1015 5721 ἵνα
1059 5666 1196 5720 ὅπου
1240 5662 1360 5735 εἰμὶ
1406 5661 1541 5732 ἐγὼ,
1579 5662 1676 5716 και
1720 5659 1848 5731 ὀμεῖ

1989 5657 2161 5723 niam,
2194 5663 2542 5711 etassumam
2577 5666 2675 5708 vos
2698 5664 2947 5715 mecum,
2992 5657 3055 5703 ut
3094 5647 3187 5703 ubi
3229 5662 3334 5720 ego
3358 5661 3502 5713 sum,
3532 5649 3601 5699 ct

1969 4254 2238 4325 scriptum
2259 4262 2365 4310 est.
2408 4252 2545 4309 Nam
2575 4260 2632 4307 et
2671 4251 2757 4306 vir
2798 4247 3163 4305 admirandus
3192 4244 3473 4303 Abraham
3518 4245 3574 4301 in

1972 4344 2348 4401 tabernaculis
2378 4342 2801 4405 diversabatur,
2836 4350 2894 4397 et
2917 4357 2985 4397 ex
3022 4340 3163 4395 locis
3210 4336 3335 4394 aliis
3371 4337 3427 4393 in
3466 4337 3577 4393 alia

326 5817 375 5849 τ’
417 5816 586 5873 Deut.
636 5832 726 5882 xx,
779 5815 801 5870 ι
840 5830 997 5886 seqq.
1108 5813 1150 5845 τ’
1181 5811 1325 5869 Psal.
1355 5826 1580 5877 xxxviii,
1617 5808 1700 5864 li.
1817 5808 1863 5840 ’⁷³
1892 5806 2037 5863 Psal.
2067 5803 2363 5871 LXXXlll,2.

335 5959 382 6012 (Ι
402 5974 415 6023 ;
456 5959 557 6086 igitr
594 5958 882 6043 habebant
932 5957 1026 6014 alii
1063 5954 1225 6015 codd.
1264 5963 1317 6011 et
1363 5954 1634 6027 impressa
1699 5949 1853 6009 Bibli:

335 6040 451 6086 Ιτιέυ
499 6048 685 6086 ιύιιιει.

1961 5958 2007 6006 L't
2047 5946 2237 6022 (ιδ-τιυὶ
2299 5945 2475 6004 eode:
2505 5932 2828 6009 Vitticanus,
2867 5939 3001 6018 μηδὲ
3031 5931 3388 6009 ταράττεσθε,
3423 5940 3591 6002 neque

262 6032 685 6087 conlmbcmini.
