4096 6442
527 522 625 578 571

524 739 693 793 vitam
719 738 1016 795 incolatum
1044 746 1239 811 putare
1271 754 1382 795 non
1415 740 1649 796 sustinet
1710 741 1938 811 figuram
1965 740 2104 811 gerit

525 830 619 885 ille
667 831 761 901 qui
795 831 1018 886 domum
1046 828 1298 897 aedificat,
1339 840 1395 887 et
1419 833 1475 887 in
1508 833 1613 889 hoc
1655 848 1792 903 Opus
1824 832 2104 889 studiosus

524 919 797 976 incumbit
830 939 841 974 :
876 920 1062 991 cupidi
1097 928 1280 977 autem
1309 922 1550 977 hominis
1606 930 1663 978 et
1697 924 1869 989 avari,
1899 923 1947 978 is
2004 923 2101 994 qui

523 1008 740 1065 vineam
772 1010 983 1081 plantat
1023 1029 1035 1064 :
1068 1012 1162 1082 qui
1199 1028 1332 1067 vero
1363 1012 1690 1068 feminarum
1725 1013 1898 1070 amori
1943 1016 2100 1071 dedi-

524 1110 613 1157 tus
637 1102 825 1169 fuerit,
867 1111 923 1159 et
950 1103 1325 1175 voluptatibus
1347 1115 1665 1172 enervatus,
1690 1107 1895 1177 quique
1920 1109 2102 1164 carnis

522 1195 988 1265 concupiscentiis
1022 1195 1266 1250 animum
1294 1196 1604 1263 tradiderit,
1630 1211 1757 1252 eum
1791 1198 2101 1270 signiﬁcare

520 1293 702 1356 potest
734 1287 826 1342 ille
871 1288 967 1358 qui
999 1287 1067 1342 ad
1091 1287 1545 1360 despondendum
1580 1300 1807 1346 uxorem
1848 1291 2097 1346 accessit.

520 1376 711 1447 itaque
744 1378 999 1433 militaris
1027 1380 1298 1450 praeconis
1328 1394 1459 1435 voce
1490 1395 1557 1436 ex
1602 1380 1694 1436 illa
1756 1397 1910 1437 sacra
1945 1388 2001 1436 et
2033 1383 2100 1437 ad

521 1480 762 1538 pugnam
801 1470 1079 1539 aptissima
1135 1472 1361 1528 cohorte
1400 1473 1683 1527 recedunt.
1736 1473 1869 1540 Quae
1916 1478 2099 1529 autem

520 1560 819 1616 verisimile
864 1572 985 1618 erat
1030 1578 1126 1619 eos
1186 1564 1280 1634 qui
1321 1564 1591 1637 ejusmodi
1639 1565 1790 1620 vitiis
1837 1565 2099 1637 implicati

520 1662 729 1718 essent,
754 1661 810 1710 et
831 1656 1074 1725 cogitare
1105 1664 1160 1711 'et
1201 1656 1407 1723 dicere,
1451 1671 1517 1712 ea
1562 1666 1743 1728 pratco
1787 1658 1941 1728 prius
1986 1659 2098 1715 cla-

520 1744 724 1801 mabat.
757 1748 841 1802 An
868 1760 1000 1804 vero
1023 1748 1209 1820 negari
1229 1757 1429 1821 potest,
1461 1750 1597 1822 quin
1624 1751 1661 1805 ii
1722 1750 1814 1822 qui
1858 1752 2098 1823 ejusmo-

519 1834 577 1890 di
604 1836 755 1893 vitiis
785 1839 1059 1905 laborant,
1086 1841 1328 1896 libenter
1359 1841 1415 1895 in
1445 1841 1925 1911 persecutionlbus
1941 1857 2100 1897 vaca-

516 1931 726 1985 tionem
770 1944 801 1985 a
831 1930 1117 1987 laboribus
1164 1932 1599 2004 amplectantur,
1633 1949 1738 1989 nec
1785 1934 1965 1989 studia
2008 1949 2096 1990 se-

516 2030 777 2090 quantur,
806 2039 929 2093 quae
971 2039 1072 2094 pro
1108 2024 1206 2079 Dei
1248 2024 1517 2081 charitate
1552 2024 1901 2096 suscipienda
1944 2032 2093 2091 sunt,

515 2113 647 2168 dum
672 2116 931 2184 cogitant,
970 2130 1029 2171 se
1059 2116 1115 2169 in
1140 2130 1208 2172 eo
1232 2116 1553 2181 certamine,
1585 2116 1631 2171 si
1656 2115 1789 2186 quid
1823 2117 1936 2187 pati
1959 2132 2095 2172 con-

514 2205 716 2276 tigerit,
745 2206 959 2272 domos,
991 2208 1367 2278 possessiones
1407 2216 1465 2264 et
1508 2208 1957 2263 charissimarum
2010 2218 2098 2263 re-

511 2311 635 2351 rum
664 2293 878 2354 fructus
901 2312 1022 2354 esse
1049 2300 1381 2356 amissuros?
1402 2300 1481 2356 Ex
1509 2316 1619 2371 quo
1651 2299 1713 2354 ﬁt
1783 2306 1843 2355 ut
1903 2298 2096 2355 formi-

510 2385 686 2442 dolosi
741 2392 798 2443 ct
822 2388 1003 2461 ignavi
1026 2388 1532 2460 deprehendantur.
1580 2390 1711 2457 Quae
1758 2390 1924 2462 igitur
1963 2406 2097 2447 con-

509 2482 835 2532 sentaneum
881 2487 1003 2533 erat
1042 2487 1104 2533 ut
1143 2479 1224 2534 illi
1272 2488 1329 2535 et
1378 2481 1670 2546 sentirent,
1729 2489 1787 2536 et
1827 2480 2095 2547 dicerent,

515 2566 676 2638 150
731 2568 922 2625 eadem
991 2571 1174 2626 scriba
1228 2572 1595 2641 praedicabat,
1637 2571 1880 2643 obliquis
1925 2571 2095 2627 veluti

510 2660 1060 2732 reprehensionibus,
1128 2672 1187 2717 et
1228 2662 1420 2718 facetis
1465 2663 1982 2734 exprobrationibus
2021 2662 2098 2718 fc-

511 2751 663 2808 riens
693 2752 952 2824 ignavum
980 2754 1285 2821 hominem,
1316 2763 1671 2811 excusantem
1713 2756 2098 2811 excusationes

512 2846 571 2900 in
596 2847 856 2917 peccatis,
896 2854 953 2903 et
981 2856 1240 2918 tanquam
1289 2862 1471 2902 escam
1503 2847 1797 2918 quamdam
1835 2861 1949 2903 sua:
1982 2847 2094 2902 for-

512 2937 708 2992 midini
752 2938 1060 2994 mundanas
1111 2939 1420 3009 voluptates
1470 2938 1840 3010 colligentem.
1886 2938 2093 3005 Quam-

510 3030 709 3085 obrem
727 3031 892 3101 jussit
916 3031 1062 3087 Deus
1086 3041 1147 3085 ut
1167 3039 1469 3087 extremam
1497 3046 1685 3087 vocem
1720 3030 1812 3087 ille
1846 3032 2099 3086 militaris

510 3138 690 3192 praeco
737 3132 981 3195 apertam
1028 3136 1085 3181 et
1112 3124 1377 3181 detectam
1423 3126 1706 3182 emitteret
1736 3145 1749 3180 :
1779 3145 1797 3178 ι
1841 3127 1912 3182 Ει
1961 3126 2098 3198 adj-i-

510 3212 676 3279 cient,
707 3213 907 3285 inquit,
945 3214 1151 3271 Scribae
1184 3215 1343 3286 loqui
1374 3216 1442 3271 ad
1482 3218 1777 3288 populum,
1799 3227 1855 3273 et
1874 3218 2090 3274 dicent:

1520 525 1578 581 s.
1620 514 1896 582 CYRlLLl
1936 514 2403 585 ALEmDnlNi
2442 528 2758 586 suamne.

465 650 485 656 "
525 663 625 703 vos
650 647 955 702 ibimecum
982 647 1103 703 sitis
1125 646 1191 702 ⁷³.
1219 666 1235 700 ι
1268 647 1400 719 Ejus
1432 646 1600 716 igitiir
1654 648 1748 718 qui
1774 657 2096 718 praesentem

2202 650 2321 704 ἐκεῖ
2349 651 2469 721 μετ’
2499 654 2638 724 ἐμοῦ
2665 648 2786 725 ἦτε.
2833 672 2851 705 ι
2883 652 3063 717 Τύπος
3084 647 3177 708 οῦν
3207 651 3338 724 ἄρα,
3361 650 3455 706 τοῦ
3488 650 3787 722 παροικίαν

3682 530 3788 587 572

2209 741 2459 812 ήγεῖσθαι
2494 744 2568 815 μὴ
2593 745 2923 817 ἀνεχομένου
2946 744 3046 816 τὴν
3068 743 3348 816 παροῦσαν
3368 744 3533 815 ζωὴν,
3550 744 3580 797 6
3608 744 3788 799 οίκίαν

2206 830 2523 904 οἰκοδομῶν,
2564 835 2659 888 καὶ
2702 837 2824 899 ταῖς
2869 837 3001 906 περὶ
3032 835 3236 905 ταύτην
3264 833 3570 907 φιλεργίαις
3619 850 3787 887 σπου-

2206 921 2374 987 δαίως
2402 924 2718 996 ἐγκείμενος
2739 939 2752 954 ’
2775 925 2870 981 τοῦ
2890 925 2950 980 δὲ
2982 925 3377 998 φιλοκτήμονος
3404 926 3499 980 καὶ⁵
3532 925 3787 997 φιλοκερ-

2203 1013 2349 1083 δοῦς,
2380 1017 2410 1069 6
2438 1017 2738 1087 ἀμπελῶνα
2765 1016 3046 1091 φυτεύωνέ
3070 1018 3160 1071 τὸν
3184 1017 3244 1071 δέ
3274 1034 3340 1087 γε
3374 1017 3783 1088 γυναιημανῆ,

2204 1106 2298 1159 καὶ
2335 1106 2796 1179 ἐκτεθρυμμένον,
2828 1107 2922 1161 καὶ
2940 1110 3060 1171 ταῖς
3087 1110 3188 1178 τῆς
3217 1107 3420 1177 σαρκὸς
3462 1106 3785 1178 ἐπιθυμίαις

2204 1198 2454 1253 ἐπιδόντα
2492 1200 2585 1254 τὸν
2633 1199 2780 1264 νοῦν,
2833 1200 3270 1272 κατασημήνειεν
3329 1198 3395 1253 ἂν
3446 1198 3476 1253 6
3522 1198 3784 1268 γυναικὸς

2207 1291 2476 1364 μνηστείᾳ
2508 1291 2772 1365 προσιών.
2798 1291 3090 1363 Τοιγάρτοι
3115 1293 3182 1362 τῇ
3210 1287 3306 1343 τοῦ
3336 1289 3786 1360 στρατοκήρυκος

2203 1389 2378 1460 φωνῇ,
2418 1386 2517 1458 τῆς
2554 1376 2706 1459 ἱερᾶς
2732 1388 2826 1442 καὶ
2855 1384 3249 1457 μαχιμωτάτης
3269 1381 3616 1453 ἀποχωροῦσι
3642 1379 3789 1452 πλη-

2203 1478 2350 1541 θύος.
2386 1478 2537 1533 ’Δδὲ
2574 1475 2642 1551 ἦν
2673 1478 2822 1543 εἰκὸς
2862 1478 2987 1541 τοὺς
3037 1474 3266 1530 τοιοῖσδε
3316 1472 3785 1543 συνειλημμένους

2202 1572 2431 1628 πάθεσιν
2482 1573 2684 1628 ἐννοεῖν
2713 1589 2774 1626 τε
2808 1571 2904 1625 καὶ
2937 1570 3138 1639 λέγειν,
3174 1566 3350 1622 ταῦτα
3391 1565 3457 1638 δὴ
3508 1565 3720 1651 φθάσας
3753 1568 3786 1618 6

2201 1665 2379 1738 κήρυξ
2408 1665 2696 1737 ἀνεφὼνει.
2731 1665 2804 1719 Ἦ
2841 1664 2942 1718 οὐκ
2964 1661 3182 1733 ἀληθὲς,
3214 1660 3289 1722 ὼς
3320 1661 3432 1722 τοῖς
3459 1657 3526 1712 τά
3553 1654 3786 1711 τοιαῦτα

2201 1757 2379 1809 νοσεῖν
2408 1755 2651 1819 είωθόσι,
2676 1755 2831 1822 φίλον
2859 1769 2975 1817 πως
2995 1753 3052 1806 ἐν
3080 1750 3343 1820 διωγμοῖς
3363 1747 3425 1811 τὸ
3438 1747 3784 1818 ἀφερέπονον

2199 1849 2452 1919 ἀγαπᾷν,
2495 1849 2590 1904 καὶ
2632 1851 2756 1912 ταῖς
2799 1848 2941 1919 ὑπὲρ
2987 1846 3086 1916 τῆς
3118 1844 3202 1907 είς
3245 1841 3379 1895 Θεὸν
3427 1840 3647 1909 ἀγάπης
3700 1839 3783 1910 μὴ

2201 1939 2623 1996 κατακολουθεῖν
2651 1939 2941 2005 σπουδαῖς,
2979 1935 3293 1999 ἐννοοῦντας
3320 1935 3401 1988 ὅτι
3421 1933 3476 1986 εί
3495 1950 3549 2001 τι
3568 1932 3787 2002 γένοιτο

2199 2032 2395 2087 παθεῖν
2436 2031 2898 2103 ἀγωνιζομένους,
2944 2030 3109 2085 οῐκων
3140 2044 3201 2082 τε
3253 2026 3349 2082 καὶ
3380 2026 3646 2097 κτήσεων,
3681 2025 3788 2079 καὶ

2196 2125 2307 2181 τῶν
2360 2125 2512 2197 παρά
2554 2125 2708 2196 σφίσι
2743 2122 3130 2196 τετιμημένων
3176 2120 3534 2175 ἐκπίπτουσιν
3585 2118 3784 2173 ἐπιθυ-

2202 2218 2377 2290 μιῶν;
2427 2217 2677 2272 ἐντεῦθεν
2724 2216 2834 2288 γὰρ
2873 2216 3059 2278 αὐτοῖς
3100 2212 3388 2284 συμϐαίνει
3431 2210 3494 2264 τὸ
3525 2209 3785 2280 ἀτολμω-

2196 2311 2395 2377 τάτους
2417 2309 2646 2383 ὁρᾶσθαι
2673 2309 2766 2364 καὶ
2788 2310 3053 2377 ἀγεννεῖς.
3076 2307 3255 2377 Ἀπερ
3279 2299 3373 2359 οῦν
3395 2303 3542 2368 εἰκὸς
3558 2304 3787 2373 φρονεῖν

2197 2423 2258 2459 τε
2299 2404 2395 2460 καὶ
2421 2404 2601 2474 λέγειν
2631 2400 2899 2465 ἐκείνους,
2933 2398 3107 2454 ταῦτα
3138 2396 3505 2467 διακέκραγεν
3545 2393 3575 2445 6
3596 2408 3786 2462 γραμ-

2203 2497 2425 2569 ματεὸς,
2455 2494 2705 2564 πλαγίοις
2721 2486 2911 2563 ὥσπερ
2942 2490 3186 2560 ἐλέγχοις
3215 2488 3310 2542 καὶ
3336 2487 3571 2549 ἀστείοις
3592 2483 3787 2538 ὀνειδι-

2201 2590 2360 2660 σμοῖς
2393 2584 2791 2656 καταπλήττων
2812 2582 2903 2637 τὸν
2929 2580 3153 2651 ἀγεννῆ,
3185 2580 3280 2635 καὶ
3306 2575 3783 2651 προφασιζόμενον

2200 2680 2472 2752 πρόφασιν
2500 2672 2559 2733 ἐν
2593 2670 2921 2740 ἀσθενείαις,
2953 2675 3049 2730 καὶ
3088 2673 3297 2746 τροφὴν
3329 2670 3517 2743 ῶσπερ
3547 2668 3673 2723 τινὰ
3710 2672 3780 2740 τῇ

2196 2768 2390 2841 δειλίαι,
2422 2766 2694 2839 κοσμικὰς
2740 2766 2930 2838 ήδονάς
2961 2764 3308 2832 συλλέγοντα.
3341 2762 3441 2816 Διὰ
3471 2759 3630 2815 τοῦτο
3676 2759 3783 2830 τήν

2196 2858 2512 2914 τελευταίαν
2548 2857 2751 2929 φωνὴν,
2799 2857 3017 2928 γυμνήν
3070 2872 3130 2908 τε
3179 2854 3270 2908 καὶ
3313 2850 3780 2923 ἀλιτημιριεσμένηιν

2198 2951 2471 3007 ποιεῖσθαι
2498 2950 2834 3022 προστέταχε
2862 2948 2953 3002 τὸν
2984 2948 3404 3019 στρατοκήρυκα
3425 2944 3578 3007 Θεός.
3609 2961 3628 2994 ι
3665 2942 3786 2995 Καὶ

2199 3043 2570 3117 προσθήσουσι
2614 3041 2747 3113 γὰρ,
2806 3042 2989 3110 φησιν,
3040 3040 3087 3091 οί
3139 3028 3494 3109 Γραμματεῖς
3546 3032 3783 3101 λαλῆσαι

2198 3137 2337 3212 πρὸς
2364 3138 2458 3192 τὸν
2479 3136 2627 3201 λαὸν,
2660 3135 2755 3188 καὶ
2779 3131 3015 3206 ἐροῦσιν·
3046 3126 3113 3186 Εἴ
3147 3149 3227 3195 τις
3261 3126 3549 3200 ἄνθρωπος
3577 3124 3781 3197 φοϐού-

2203 3248 2364 3304 μενος
2393 3230 2488 3283 καὶ
2517 3226 2693 3290 δειλὸς
2712 3226 2780 3296 τῇ
2815 3224 3032 3297 καρδία,
3071 3220 3388 3294 πορευέσθω
3414 3221 3493 3282 εἰς
3519 3217 3610 3271 τὸν
3630 3212 3783 3270 οἶκον

510 3305 568 3359 Si
600 3307 731 3376 quis
762 3315 849 3363 est
893 3308 1059 3363 homo
1091 3308 1321 3364 timidus
1360 3317 1419 3365 et
1458 3307 1852 3366 formidolosus
1900 3311 2088 3377 corde,

2200 3321 2380 3389 αὐτοῦ,
2423 3320 2514 3375 ἵνα
2566 3318 2642 3390 μή
2698 3315 2937 3387 δειλιάνῃ
2984 3314 3083 3387 τὴν
3134 3310 3362 3385 καρδίαν
3402 3308 3497 3363 τοῦ
3545 3306 3783 3376 ἀδελφοῦ

511 3396 673 3453 vadat
696 3397 751 3453 in
768 3397 992 3454 domum
1017 3415 1193 3466 suam,
1246 3416 1315 3456 ne
1340 3401 1535 3457 timere
1574 3402 1740 3459 faciat
1774 3420 1871 3459 cor
1907 3404 2095 3460 fratris

511 3489 622 3554 sui,
665 3488 809 3545 sicut
849 3505 1011 3546 suum
1056 3492 1229 3567 ipsius
1270 3492 1336 3546 ".
1411 3513 1429 3546 ι
1492 3494 1896 3566 Propemodum
1947 3497 2093 3552 enim

514 3579 652 3635 illud
680 3580 864 3636 dicere
883 3580 1099 3637 videtur
1118 3601 1130 3637 :
1149 3582 1251 3650 Qui
1280 3584 1336 3639 in
1366 3587 1603 3642 terrenis
1627 3586 1794 3643 rebus
1821 3588 2012 3653 haeret,
2041 3596 2097 3644 et

512 3673 711 3727 domos
738 3671 991 3739 aedificat,
1016 3682 1069 3730 et
1108 3674 1319 3746 plantat
1366 3677 1576 3743 vineas,
1626 3687 1683 3733 et
1714 3681 1897 3735 carnis
1934 3681 2094 3736 volu-

512 3762 759 3832 ptatibus
799 3765 1074 3832 vincitur,
1117 3769 1344 3824 omnino
1390 3768 1783 3827 formidolosus
1834 3773 1939 3828 erit
1976 3814 1991 3839 ,
2040 3783 2097 3829 et

514 3853 751 3912 imbellis
781 3876 793 3910 :
822 3858 1091 3930 ejusmodi
1138 3869 1323 3917 autem
1355 3861 1523 3917 homo
1552 3876 1782 3934 prorsus
1814 3865 2094 3936 improba-

516 3961 624 4017 tur,
655 3958 712 4006 et
732 3951 948 4008 caeteris
973 3952 1237 4008 damnum
1263 3953 1417 4010 dabit
1451 3972 1465 4021 ;
1526 3964 1893 4028 corrumpunt
1946 3958 2094 4013 enim

512 4052 697 4096 mores
726 4040 905 4097 bonos
929 4042 1203 4113 colloquia
1232 4043 1375 4098 mala
1392 4045 1475 4111 '5;
1524 4053 1585 4100 et
1632 4046 1726 4116 qui
1763 4054 1915 4101 metu
1934 4046 2095 4104 facile

510 4131 773 4197 vincitur,
800 4133 848 4188 is
871 4132 1035 4189 etiam
1061 4133 1261 4190 fortem
1295 4135 1575 4191 interdum
1608 4144 1674 4193 ac
1702 4138 1885 4210 magni
1926 4139 2095 4194 animi

512 4221 692 4275 viuum
722 4221 793 4277 ad
828 4222 1102 4293 ignaviam
1144 4225 1434 4295 pertrahit.
1473 4226 1665 4297 itaque
1695 4227 1863 4283 etiam
1900 4228 2097 4286 beatus

513 4312 716 4369 Paulus
753 4313 1006 4386 obiurgat
1046 4316 1342 4372 nonnullos
1365 4357 1380 4382 ,
1428 4318 1526 4388 qui
1569 4318 1749 4389 ipsum
1799 4320 2097 4390 prohibere

510 4404 769 4461 volebant
818 4422 888 4462 ne
946 4406 1270 4463 ascenderet
1292 4408 1704 4480 Hierosolyma;
1746 4411 1824 4465 ait
1870 4412 2017 4466 enim
2080 4432 2092 4465 :

518 4516 538 4547 ι
567 4496 709 4563 Quid
732 4497 913 4553 facitis
936 4497 1149 4564 ﬂentes,
1178 4506 1236 4554 et
1272 4498 1580 4569 aﬁﬁgcntes
1600 4514 1698 4554 cor
1729 4503 1950 4555 meum?
1982 4502 2096 4573 Ego

510 4588 659 4643 cnim
708 4604 817 4645 non
866 4588 1046 4644 solum
1084 4587 1261 4659 ligari,
1316 4589 1415 4644 sed
1445 4598 1504 4644 et
1552 4591 1689 4644 mori
1715 4599 1940 4661 paratus
1971 4607 2094 4647 sum

2200 3412 2387 3477 αὐτοῦ,
2437 3410 2627 3480 ὥσπερ
2659 3408 2758 3481 τὴν
2799 3406 2988 3462 αὑτοῦ.
3037 3424 3056 3458 ι
3100 3402 3400 3473 Μονονουχὶ
3435 3401 3546 3477 γὰρ
3592 3400 3784 3470 σαφῶς

2198 3506 2373 3560 ἐκεῖνό
2394 3520 2557 3575 φησιν
2575 3520 2588 3534 °
2633 3500 2690 3556 Ὀ
2714 3503 2830 3564 τοῖς
2858 3499 3065 3570 γητνοις
3094 3496 3431 3566 ἐγκείμενος,
3462 3494 3557 3547 καὶ
3600 3488 3784 3556 οἰκίας

2197 3596 2518 3668 οἰκοδομῶν,
2546 3595 2643 3648 καὶ
2671 3591 2924 3661 φυτεύων
2953 3587 3271 3661 ἀμπελῶνα,
3305 3586 3401 3641 καὶ
3425 3587 3545 3649 ταῖς
3571 3585 3652 3646 είς
3685 3601 3785 3652 φι-

2196 3687 2495 3759 λοσαρκίαν
2531 3685 2746 3757 ἡδοναῖς
2800 3682 3135 3754 ἡττώμενος,
3174 3679 3342 3733 ’ἔσται
3394 3695 3496 3731 που
3558 3676 3784 3738 πάντως

2196 3782 2369 3846 δειλός
2406 3798 2465 3833 τε
2498 3779 2593 3833 καὶ
2620 3777 2862 3839 ἄναλκις*
2882 3774 3142 3846 ἀδόκιμος
3170 3774 3226 3826 δὲ
3251 3770 3531 3833 παντελῶς
3558 3770 3585 3822 6
3604 3766 3787 3822 τοιοῦ-

2196 3892 2306 3938 τος,
2332 3874 2427 3928 καὶ
2453 3870 2589 3943 πρὸς
2619 3869 2818 3941 ζημίας
2858 3866 3007 3920 ἔσται
3049 3868 3161 3929 τοῖς
3224 3863 3434 3926 ἀλλοις·
3494 3859 3785 3930 Φθείρουσι

2197 3964 2307 4036 γὰρ
2336 3962 2443 4035 ήθη
2471 3959 2705 4033 χρηστὰ,
2727 3957 2934 4030 ὁμιλίαι
2954 3954 3143 4010 κακαί.
3174 3974 3192 4007 ι
3220 3953 3330 4007 Καὶ
3362 3951 3617 4006 καθέλκει
3640 3949 3785 4022 πρὸς

2198 4055 2483 4126 ἀνανδρίαν
2509 4051 2622 4106 ἔσθ’
2651 4052 2741 4105 ὅτε
2773 4050 2864 4104 τὸν
2888 4048 3114 4119 εὐσθενῆ
3143 4064 3204 4099 τε
3231 4043 3465 4115 εὔψυχον
3496 4044 3523 4095 6
3551 4040 3784 4104 δειλίαις

2196 4147 2621 4208 εὐαλωτότατος.
2670 4143 2960 4213 Τοιγάρτοι
3010 4140 3106 4193 καὶ
3150 4141 3179 4193 6
3232 4135 3517 4196 θεσπέσιος
3566 4131 3787 4196 Παῦλος

2197 4240 2435 4309 ἐπετίμα
2458 4238 2620 4303 τισὶν,
2650 4234 2699 4290 οἳ
2715 4233 3035 4289 διακωλύειν
3068 4233 3229 4287 αὑτὸν
3249 4232 3437 4302 ἤθελον
3467 4229 3787 4286 ἀναϐαίνειν

2196 4335 2278 4398 είς
2310 4330 2656 4403 Ἱεροσόλυμα
2681 4348 2696 4362 ·
2747 4329 2882 4401 φησὶ
2918 4328 3048 4398 γάρ·
3091 4345 3109 4379 ι
3156 4326 3222 4379 Τί
3257 4327 3460 4380 ποιεῖτε
3499 4324 3787 4385 κλαίοντες

2198 4427 2295 4481 καὶ
2326 4422 2760 4495 συνθρύπτοντές
2803 4437 2904 4493 μου
2934 4419 3041 4491 τὴν
3076 4418 3339 4492 καρδίαν;
3379 4415 3522 4486 Ἐγὼ
3562 4415 3671 4486 γὰρ
3717 4416 3783 4468 οὐ

2200 4519 2361 4591 μόνον
2396 4516 2636 4587 δεθῆναι,
2664 4514 2802 4568 ἀλλά
2826 4513 2923 4567 καὶ
2938 4512 3231 4568 ἀποθανεῖν
3257 4511 3490 4581 ἑτοίμως
3510 4509 3619 4578 ἔχω
3639 4507 3789 4579 ὑπὲρ

2197 4608 2289 4663 τοῦ
2340 4608 2603 4679 ὀνόματος
2649 4604 2744 4660 τοῦ
2781 4605 2991 4676 Κυρίου
3025 4603 3182 4676 ἡμῶν
3227 4600 3402 4673 Ἰησοῦ
3457 4597 3720 4671 Χριστοῦ.
3758 4619 3780 4655 ι

511 4696 614 4749 pro
661 4681 887 4737 nomine
917 4681 1137 4736 Domini
1181 4681 1358 4736 nostri
1399 4681 1533 4738 Jesu
1575 4681 1781 4737 Christi
1820 4682 1887 4737 ".
1929 4703 1947 4735 ι
1980 4684 2094 4740 Νο-

2204 4700 2546 4774 Σημειωτέον
2569 4700 2626 4754 δέ
2658 4699 2741 4753 ὅτι
2777 4698 2871 4753 καὶ
2909 4696 3020 4752 τῶν
3049 4695 3403 4767 κεκλημένων
3429 4694 3508 4771 εἰς
3534 4694 3661 4756 τοὺς
3681 4693 3789 4761 γά-

513 4773 741 4828 tandum
765 4773 954 4840 etiam,
979 4788 1174 4828 eorum
1237 4772 1333 4844 qui
1348 4773 1418 4829 ad
1434 4773 1655 4843 nuptias
1677 4774 1895 4832 invitati
1914 4786 2091 4844 erant,

513 4867 658 4920 hanc
685 4866 1100 4922 excusationem
1131 4865 1304 4922 fuisse
1345 4883 1358 4920 :
1393 4884 1425 4916 ιι
1445 4866 1645 4921 Villam
1670 4867 1779 4923 cmi
1806 4909 1820 4933 ,
1862 4882 2091 4926 uxorem

513 4955 669 5021 duxi,
695 4964 888 5012 etnon
913 4970 1137 5027 possum
1172 4953 1360 5011 venire
1380 4957 1449 5010 ⁷⁷.
1492 4976 1512 5008 ι
1556 4956 1649 5013 Sic
1676 4959 1906 5015 enim'in
1926 4974 2094 5017 evan-

516 5049 706 5117 gaiois
736 5048 1023 5119 parabolis
1036 5057 1123 5103 est
1146 5048 1439 5119 scriptum.
1462 5049 1697 5106 Minime
1715 5067 1849 5108 vero
1872 5053 2093 5111 diﬁcile

514 5148 618 5203 est,
644 5156 676 5195 θ
698 5140 981 5197 veteribus
1004 5139 1289 5210 exemplis,
1314 5140 1361 5195 si
1391 5141 1468 5196 ita
1488 5141 1726 5211 videtur,
1754 5145 1918 5202 fidem
1964 5147 2101 5204 huic

520 5233 596 5287 rei
640 5234 841 5289 facere.

590 5324 786 5380 PALL.
821 5327 918 5383 Dic
949 5327 1117 5400 igitur
1132 5329 1252 5385 sine
1290 5330 1409 5387 ulla
1429 5332 1785 5389 cunctatione
1819 5351 1831 5387 :
1869 5333 2099 5390 utilissi-

518 5434 663 5476 mam
692 5421 985 5476 enimrem
1011 5420 1231 5478 feceris.

589 5512 747 5569 ΟΥΕ.
790 5514 961 5585 igitur
997 5514 1065 5570 ad
1116 5516 1265 5572 hunc
1312 5516 1537 5572 modum
1572 5518 1629 5572 in
1677 5517 1936 5573 Numeris
1966 5517 2098 5590 legi-

474 5614 479 5627 ’
520 5616 685 5657 mus:
720 5621 737 5653 ι
775 5602 844 5660 Ει
888 5604 1131 5673 posthaec
1163 5605 1440 5674 profectus
1458 5616 1544 5663 est
1581 5607 1818 5677 populus
1861 5617 1930 5662 cx
1957 5608 2094 5662 Asc-'-

520 5695 664 5759 roth,
705 5705 761 5752 et
805 5699 1169 5754 castrametati
1213 5710 1337 5754 sunt
1379 5699 1436 5753 in
1483 5699 1704 5755 deserto
1751 5700 1987 5755 Pbaran.
2036 5702 2104 5756 Et

519 5788 734 5863 locutus
766 5801 847 5847 est
872 5791 1135 5848 Dominus
1163 5792 1227 5847 ad
1271 5792 1491 5863 Moysen
1541 5791 1729 5848 dicens
1761 5812 1773 5846 :
1816 5775 1970 5848 Mitte
2005 5793 2102 5848 tibi

2206 4811 2342 4867 μους
2369 4797 2402 4865 ἡ
2440 4791 2771 4864 παραίτησις
2807 4786 2875 4863 ἦν
2920 4789 3001 4855 τὸ,
3053 4808 3074 4842 ι
3132 4788 3327 4860 Ἀγρὸν
3363 4787 3641 4858 ἠγόρασα,
3686 4788 3794 4842 καὶ

2202 4890 2432 4958 γυναῖκα
2450 4886 2653 4957 ἔγημα,
2673 4887 2769 4939 καὶ
2789 4885 2849 4939 οὐ
2877 4883 3111 4954 δύναμαι
3128 4878 3320 4936 ἐλθεῖν.
3337 4900 3355 4933 ι
3384 4881 3704 4953 Γέγραπται
3728 4881 3790 4937 δὲ

2201 4978 2374 5041 οὕτως
2406 4979 2462 5033 ἐν
2484 4975 2565 5048 τῷ
2591 4974 2914 5046 Εὑαγγελίῳ
2937 4975 3032 5029 καὶ
3061 4975 3119 5027 ἐν
3140 4971 3496 5044 παραϐολαῖς.
3530 4970 3790 5027 Χαλεπὸν

2200 5070 2259 5125 δὲ
2284 5069 2401 5123 οὔτι
2428 5085 2529 5123 που
2551 5069 2647 5122 καὶ⁴
2672 5064 2744 5138 ἐξ,
2765 5066 3006 5138 ἀρχαίων
3048 5063 3535 5136 παραδειγμάτων,
3557 5060 3679 5132 εἴγε
3703 5080 3788 5117 σοι

2202 5160 2370 5228 δοκεῖ,
2392 5161 2493 5233 τὴν
2522 5160 2615 5213 ἐπὶ
2642 5158 2778 5231 τῷδε
2801 5157 3052 5229 δέχεσθαι
3075 5157 3277 5210 πίστιν.

2267 5338 2475 5393 ΠΑΛΛ.
2500 5333 2679 5407 Φράζε
2707 5334 2772 5407 δὴ
2791 5329 2904 5402 οὖν,
2933 5333 3203 5406 μελλήσας
3225 5330 3403 5387 οὐδέν·
3433 5330 3650 5402 ὀνήσεις
3675 5328 3791 5401 γὰρ

2201 5426 2252 5479 λί
2290 5464 2293 5467 μ
2328 5467 2340 5481 .

2234 5442 2675 5588 ,ἴῖἲξὲζούκοῦν
2727 5516 2804 5582 ὡς
2847 5519 2905 5571 ἐν
2950 5519 3062 5580 τοῖς
3118 5515 3395 5587 Ἀριθμοῖς
3432 5513 3783 5583 ἀνέγνωμενο

2210 5629 2227 5662 ι
2274 5610 2386 5663 Καὶ
2428 5609 2570 5681 μετά
2606 5606 2779 5664 ταῦτα
2811 5604 3004 5681 ἐξῆρεν
3042 5610 3071 5661 ὁ
3121 5608 3253 5672 λαὸς
3281 5606 3340 5672 ἐξ
3382 5605 3652 5677 Ἀσηρὼθ,
3688 5605 3785 5658 καὶ

2200 5702 2569 5773 παρενέϐαλον
2612 5704 2674 5757 ἐν
2702 5704 2770 5774 τῇ
2820 5702 3015 5772 ἐρήμῳ
3055 5703 3121 5771 τῇ
3155 5698 3360 5771 Φαράν.
3411 5698 3523 5752 Καὶ
3553 5695 3783 5766 ἐλάλησα

2201 5788 2405 5866 Κύριος
2451 5794 2588 5865 πρὸς
2643 5790 2849 5865 Μωσῆν
2910 5793 3114 5862 λέγων·
3181 5788 3523 5845 ’Δπόστειλον
3570 5786 3783 5865 σεαυτῴ

590 5970 635 6001 ⁷³
662 5970 817 6026 Joan.
847 5988 955 6039 xiv,
982 5972 1036 6039 2,
1073 5972 1124 6027 '5.
1201 5972 1247 6008 τ’*
1276 5973 1452 6030 .ludic.
1492 5992 1579 6043 vn,
1612 5975 1666 6030 ’5.
1741 5978 1784 6010 ⁷³
1816 5977 1837 6034 l
1890 5976 2014 6031 Cor.
2054 5992 2096 6030 κη

2200 5977 2269 6031 55.
2346 5977 2392 6011 ⁷³
2425 5977 2545 6035 Act.
2580 5993 2689 6043 xxi,
2732 5977 2812 6031 15.
2891 5978 2936 6011 ⁷⁷
2966 5977 3100 6034 Luc.
3135 5992 3241 6043 xw,
3266 5974 3357 6030 20.
