  <div class='ocr_page' id='page_1' title='image "/cluster/home/n/w/nwhite01/storage/ocr_20150623/68:no.1/coo.31924054869742/194.png"; bbox 0 0 4096 6432; ppageno 0'>
   <div class='ocr_carea' id='block_1_1' title="bbox 310 445 421 500">
    <p class='ocr_par' dir='ltr' id='par_1_1' title="bbox 310 445 421 500">
     <span class='ocr_line' id='line_1_1' title="bbox 310 445 421 500; baseline 0.009 -1"><span class='ocrx_word' id='word_1_1' title='bbox 310 445 421 500; x_wconf 74' lang='grc' dir='ltr'><strong>ὅῖὗ</strong></span> 
     </span>
    </p>
   </div>
   <div class='ocr_carea' id='block_1_2' title="bbox 1069 442 2885 507">
    <p class='ocr_par' dir='ltr' id='par_1_2' title="bbox 1069 442 2885 507">
     <span class='ocr_line' id='line_1_2' title="bbox 1069 442 2885 507; baseline 0.002 -8"><span class='ocrx_word' id='word_1_2' title='bbox 1069 444 1160 500; x_wconf 88' lang='lat' dir='ltr'><strong>DE</strong></span> <span class='ocrx_word' id='word_1_3' title='bbox 1196 443 1643 502; x_wconf 70' lang='lat' dir='ltr'><strong>ADORATIONE</strong></span> <span class='ocrx_word' id='word_1_4' title='bbox 1680 446 1748 500; x_wconf 76' lang='lat' dir='ltr'><strong>1N</strong></span> <span class='ocrx_word' id='word_1_5' title='bbox 1792 442 2065 501; x_wconf 81' lang='lat' dir='ltr'><strong>SPlRlTU</strong></span> <span class='ocrx_word' id='word_1_6' title='bbox 2106 445 2196 502; x_wconf 82' lang='grc' dir='ltr'><strong>ΕΤ</strong></span> <span class='ocrx_word' id='word_1_7' title='bbox 2239 448 2604 507; x_wconf 79' lang='lat' dir='ltr'><strong>VERITATE.</strong></span> <span class='ocrx_word' id='word_1_8' title='bbox 2649 449 2779 505; x_wconf 83' lang='lat' dir='ltr'><strong>LIB.</strong></span> <span class='ocrx_word' id='word_1_9' title='bbox 2821 450 2885 506; x_wconf 71' lang='grc' dir='ltr'>ν.</span> 
     </span>
    </p>
   </div>
   <div class='ocr_carea' id='block_1_3' title="bbox 3519 453 3628 509">
    <p class='ocr_par' dir='ltr' id='par_1_3' title="bbox 3519 453 3628 509">
     <span class='ocr_line' id='line_1_3' title="bbox 3519 453 3628 509; baseline 0.018 -2"><span class='ocrx_word' id='word_1_10' title='bbox 3519 453 3628 509; x_wconf 72' lang='grc' dir='ltr'><strong>δτι</strong></span> 
     </span>
    </p>
   </div>
   <div class='ocr_carea' id='block_1_4' title="bbox 310 538 1939 636">
    <p class='ocr_par' dir='ltr' id='par_1_4' title="bbox 310 555 1921 630">
     <span class='ocr_line' id='line_1_4' title="bbox 310 555 1921 630; baseline -0.002 -16"><span class='ocrx_word' id='word_1_11' title='bbox 310 559 545 630; x_wconf 73' lang='grc' dir='ltr'>ἄνδρας,</span> <span class='ocrx_word' id='word_1_12' title='bbox 582 556 677 610; x_wconf 72' lang='grc' dir='ltr'><strong>καὶ</strong></span> <span class='ocrx_word' id='word_1_13' title='bbox 725 555 1275 627; x_wconf 79' lang='grc' dir='ltr'>κατασκεψάσθωσαν</span> <span class='ocrx_word' id='word_1_14' title='bbox 1308 555 1407 629; x_wconf 80' lang='grc' dir='ltr'>τὴν</span> <span class='ocrx_word' id='word_1_15' title='bbox 1436 557 1542 628; x_wconf 82' lang='grc' dir='ltr'><strong>γῆν</strong></span> <span class='ocrx_word' id='word_1_16' title='bbox 1570 557 1680 611; x_wconf 83' lang='grc' dir='ltr'><strong>τῶν</strong></span> <span class='ocrx_word' id='word_1_17' title='bbox 1734 558 1921 611; x_wconf 82' lang='grc' dir='ltr'>Χανα-</span> 
     </span>
    </p>
   </div>
   <div class='ocr_carea' id='block_1_5' title="bbox 2042 538 3621 636">
    <p class='ocr_par' dir='ltr' id='par_1_5' title="bbox 2042 556 3621 636">
     <span class='ocr_line' id='line_1_5' title="bbox 2042 556 3621 636; baseline 0.005 -24"><span class='ocrx_word' id='word_1_18' title='bbox 2042 556 2198 623; x_wconf 75' lang='lat' dir='ltr'><strong>viros,</strong></span> <span class='ocrx_word' id='word_1_19' title='bbox 2245 566 2302 613; x_wconf 89' lang='lat' dir='ltr'><strong>et</strong></span> <span class='ocrx_word' id='word_1_20' title='bbox 2341 561 2632 630; x_wconf 78' lang='lat' dir='ltr'><strong>explorent</strong></span> <span class='ocrx_word' id='word_1_21' title='bbox 2675 570 2881 617; x_wconf 84' lang='lat' dir='ltr'><strong>terram</strong></span> <span class='ocrx_word' id='word_1_22' title='bbox 2931 561 3367 620; x_wconf 70' lang='lat' dir='ltr'><strong>Chananteorum</strong></span> <span class='ocrx_word' id='word_1_23' title='bbox 3393 605 3407 631; x_wconf 92' lang='lat'><strong>,</strong></span> <span class='ocrx_word' id='word_1_24' title='bbox 3458 581 3621 636; x_wconf 87' lang='lat' dir='ltr'><strong>quam</strong></span> 
     </span>
    </p>
   </div>
   <div class='ocr_carea' id='block_1_6' title="bbox 308 633 1921 722">
    <p class='ocr_par' dir='ltr' id='par_1_6' title="bbox 308 633 1921 722">
     <span class='ocr_line' id='line_1_6' title="bbox 308 633 1921 722; baseline -0.001 -15"><span class='ocrx_word' id='word_1_25' title='bbox 308 651 511 715; x_wconf 86' lang='grc' dir='ltr'>ναίων,</span> <span class='ocrx_word' id='word_1_26' title='bbox 545 649 616 721; x_wconf 78' lang='grc' dir='ltr'>ἢν</span> <span class='ocrx_word' id='word_1_27' title='bbox 646 647 758 718; x_wconf 84' lang='grc' dir='ltr'>ἐγὼ</span> <span class='ocrx_word' id='word_1_28' title='bbox 780 648 977 720; x_wconf 86' lang='grc' dir='ltr'>δίδωμι</span> <span class='ocrx_word' id='word_1_29' title='bbox 1002 652 1118 714; x_wconf 81' lang='grc' dir='ltr'>τοῖς</span> <span class='ocrx_word' id='word_1_30' title='bbox 1141 650 1280 716; x_wconf 77' lang='grc' dir='ltr'>υἱοῖς</span> <span class='ocrx_word' id='word_1_31' title='bbox 1314 649 1537 722; x_wconf 81' lang='grc' dir='ltr'>Ἰσραὴλ</span> <span class='ocrx_word' id='word_1_32' title='bbox 1567 633 1921 720; x_wconf 78' lang='grc' dir='ltr'>κατάσχεσιν,</span> 
     </span>
    </p>
   </div>
   <div class='ocr_carea' id='block_1_7' title="bbox 307 740 1924 816">
    <p class='ocr_par' dir='ltr' id='par_1_7' title="bbox 307 740 1924 816">
     <span class='ocr_line' id='line_1_7' title="bbox 307 740 1924 816; baseline -0.006 -16"><span class='ocrx_word' id='word_1_33' title='bbox 307 743 491 816; x_wconf 76' lang='grc' dir='ltr'>ἄνδρα</span> <span class='ocrx_word' id='word_1_34' title='bbox 527 742 627 797; x_wconf 74' lang='grc' dir='ltr'><strong>ἕνα</strong></span> <span class='ocrx_word' id='word_1_35' title='bbox 650 743 794 796; x_wconf 69' lang='grc' dir='ltr'>κατὰ</span> <span class='ocrx_word' id='word_1_36' title='bbox 826 740 1021 814; x_wconf 75' lang='grc' dir='ltr'>φυλὴν,</span> <span class='ocrx_word' id='word_1_37' title='bbox 1053 742 1198 796; x_wconf 82' lang='grc' dir='ltr'>κατὰ</span> <span class='ocrx_word' id='word_1_38' title='bbox 1232 743 1440 815; x_wconf 81' lang='grc' dir='ltr'><strong>δήμους</strong></span> <span class='ocrx_word' id='word_1_39' title='bbox 1471 740 1720 815; x_wconf 77' lang='grc' dir='ltr'>πατριῶν</span> <span class='ocrx_word' id='word_1_40' title='bbox 1745 741 1924 795; x_wconf 80' lang='grc' dir='ltr'>αὐτῶν</span> 
     </span>
    </p>
   </div>
   <div class='ocr_carea' id='block_1_8' title="bbox 314 834 1927 908">
    <p class='ocr_par' dir='ltr' id='par_1_8' title="bbox 314 834 1927 908">
     <span class='ocr_line' id='line_1_8' title="bbox 314 834 1927 908; baseline -0.002 -17"><span class='ocrx_word' id='word_1_41' title='bbox 314 836 651 900; x_wconf 75' lang='grc' dir='ltr'><strong>ἀποστελεῖς</strong></span> <span class='ocrx_word' id='word_1_42' title='bbox 692 835 919 902; x_wconf 77' lang='grc' dir='ltr'>αὐτοὺς,</span> <span class='ocrx_word' id='word_1_43' title='bbox 954 836 1137 890; x_wconf 86' lang='grc' dir='ltr'>πάντα</span> <span class='ocrx_word' id='word_1_44' title='bbox 1185 834 1431 908; x_wconf 81' lang='grc' dir='ltr'>ἀρχηγὸν</span> <span class='ocrx_word' id='word_1_45' title='bbox 1479 834 1541 900; x_wconf 80' lang='grc' dir='ltr'>ἐξ</span> <span class='ocrx_word' id='word_1_46' title='bbox 1573 834 1775 889; x_wconf 82' lang='grc' dir='ltr'>αὐτῶν.</span> <span class='ocrx_word' id='word_1_47' title='bbox 1813 834 1927 888; x_wconf 79' lang='grc' dir='ltr'>Καὶ</span> 
     </span>
    </p>
   </div>
   <div class='ocr_carea' id='block_1_9' title="bbox 316 927 1927 1002">
    <p class='ocr_par' dir='ltr' id='par_1_9' title="bbox 316 927 1927 1002">
     <span class='ocr_line' id='line_1_9' title="bbox 316 927 1927 1002; baseline -0.001 -18"><span class='ocrx_word' id='word_1_48' title='bbox 316 928 715 997; x_wconf 75' lang='grc' dir='ltr'>ἐξαπέστειλεν</span> <span class='ocrx_word' id='word_1_49' title='bbox 743 928 947 993; x_wconf 78' lang='grc' dir='ltr'>αὐτοὺς</span> <span class='ocrx_word' id='word_1_50' title='bbox 993 928 1203 1000; x_wconf 85' lang='grc' dir='ltr'>Μωσῆς</span> <span class='ocrx_word' id='word_1_51' title='bbox 1239 931 1304 983; x_wconf 88' lang='grc' dir='ltr'><strong>ἐκ</strong></span> <span class='ocrx_word' id='word_1_52' title='bbox 1354 927 1457 1000; x_wconf 85' lang='grc' dir='ltr'><strong>τῆς</strong></span> <span class='ocrx_word' id='word_1_53' title='bbox 1491 929 1703 1002; x_wconf 77' lang='grc' dir='ltr'><strong>ἐρήμου</strong></span> <span class='ocrx_word' id='word_1_54' title='bbox 1743 929 1927 1000; x_wconf 82' lang='grc' dir='ltr'>Φαρὰν</span> 
     </span>
    </p>
   </div>
   <div class='ocr_carea' id='block_1_10' title="bbox 311 1019 1927 1094">
    <p class='ocr_par' dir='ltr' id='par_1_10' title="bbox 311 1019 1927 1094">
     <span class='ocr_line' id='line_1_10' title="bbox 311 1019 1927 1094; baseline 0 -18"><span class='ocrx_word' id='word_1_55' title='bbox 311 1023 402 1077; x_wconf 79' lang='grc' dir='ltr'>διὰ</span> <span class='ocrx_word' id='word_1_56' title='bbox 440 1022 645 1092; x_wconf 65' lang='grc' dir='ltr'>,φωνῆς</span> <span class='ocrx_word' id='word_1_57' title='bbox 695 1019 908 1092; x_wconf 82' lang='grc' dir='ltr'>Κυρίου</span> <span class='ocrx_word' id='word_1_58' title='bbox 931 1062 946 1085; x_wconf 89' lang='grc'><strong>,</strong></span> <span class='ocrx_word' id='word_1_59' title='bbox 1008 1021 1213 1086; x_wconf 78' lang='grc' dir='ltr'>πάντες</span> <span class='ocrx_word' id='word_1_60' title='bbox 1265 1021 1458 1093; x_wconf 78' lang='grc' dir='ltr'>ἄνδρες</span> <span class='ocrx_word' id='word_1_61' title='bbox 1504 1022 1744 1094; x_wconf 71' lang='grc' dir='ltr'>ἀρχηγοὶ</span> <span class='ocrx_word' id='word_1_62' title='bbox 1794 1022 1927 1077; x_wconf 78' lang='grc' dir='ltr'>υἱῶν</span> 
     </span>
    </p>
   </div>
   <div class='ocr_carea' id='block_1_11' title="bbox 324 1104 1929 1185">
    <p class='ocr_par' dir='ltr' id='par_1_11' title="bbox 324 1104 1929 1185">
     <span class='ocr_line' id='line_1_11' title="bbox 324 1104 1929 1185; baseline 0.001 -18"><span class='ocrx_word' id='word_1_63' title='bbox 324 1113 575 1184; x_wconf 75' lang='grc' dir='ltr'>Ἰσραήλ.</span> <span class='ocrx_word' id='word_1_64' title='bbox 626 1131 646 1165; x_wconf 73' lang='grc' dir='ltr'><strong>ι</strong></span> <span class='ocrx_word' id='word_1_65' title='bbox 704 1111 1213 1185; x_wconf 82' lang='grc' dir='ltr'>Ἀπηριθμημένων</span> <span class='ocrx_word' id='word_1_66' title='bbox 1249 1112 1306 1168; x_wconf 83' lang='grc' dir='ltr'><strong>δὲ</strong></span> <span class='ocrx_word' id='word_1_67' title='bbox 1335 1114 1479 1169; x_wconf 87' lang='grc' dir='ltr'>κατὰ</span> <span class='ocrx_word' id='word_1_68' title='bbox 1514 1104 1688 1184; x_wconf 67' lang='grc' dir='ltr'>φυλάς</span> <span class='ocrx_word' id='word_1_69' title='bbox 1733 1131 1792 1167; x_wconf 84' lang='grc' dir='ltr'><strong>τε</strong></span> <span class='ocrx_word' id='word_1_70' title='bbox 1833 1116 1929 1169; x_wconf 77' lang='grc' dir='ltr'>καὶ</span> 
     </span>
    </p>
   </div>
   <div class='ocr_carea' id='block_1_12' title="bbox 310 1203 1929 1280">
    <p class='ocr_par' dir='ltr' id='par_1_12' title="bbox 310 1203 1929 1280">
     <span class='ocr_line' id='line_1_12' title="bbox 310 1203 1929 1280; baseline 0.002 -21"><span class='ocrx_word' id='word_1_71' title='bbox 310 1205 452 1277; x_wconf 82' lang='grc' dir='ltr'>γένη</span> <span class='ocrx_word' id='word_1_72' title='bbox 486 1203 1175 1277; x_wconf 82' lang='grc' dir='ltr'>τῶν.ἐξαπεσταλμένων,</span> <span class='ocrx_word' id='word_1_73' title='bbox 1227 1206 1482 1280; x_wconf 75' lang='grc' dir='ltr'><strong>ἐπιφέρει</strong></span> <span class='ocrx_word' id='word_1_74' title='bbox 1522 1206 1716 1261; x_wconf 76' lang='grc' dir='ltr'>πάλιν·</span> <span class='ocrx_word' id='word_1_75' title='bbox 1761 1226 1778 1259; x_wconf 79' lang='grc' dir='ltr'><strong>ι</strong></span> <span class='ocrx_word' id='word_1_76' title='bbox 1817 1207 1929 1262; x_wconf 79' lang='lat' dir='ltr'><strong>Kal</strong></span> 
     </span>
    </p>
   </div>
   <div class='ocr_carea' id='block_1_13' title="bbox 312 1297 1927 1374">
    <p class='ocr_par' dir='ltr' id='par_1_13' title="bbox 312 1297 1927 1374">
     <span class='ocr_line' id='line_1_13' title="bbox 312 1297 1927 1374; baseline 0.002 -22"><span class='ocrx_word' id='word_1_77' title='bbox 312 1297 634 1361; x_wconf 83' lang='grc' dir='ltr'>ἀναϐάντες</span> <span class='ocrx_word' id='word_1_78' title='bbox 677 1297 1095 1367; x_wconf 61' lang='grc' dir='ltr'>κατεσκέψαντο</span> <span class='ocrx_word' id='word_1_79' title='bbox 1140 1299 1239 1369; x_wconf 84' lang='grc' dir='ltr'><strong>τὴν</strong></span> <span class='ocrx_word' id='word_1_80' title='bbox 1269 1298 1377 1368; x_wconf 84' lang='grc' dir='ltr'><strong>γῆν</strong></span> <span class='ocrx_word' id='word_1_81' title='bbox 1418 1300 1527 1354; x_wconf 83' lang='grc' dir='ltr'>ἀπὸ</span> <span class='ocrx_word' id='word_1_82' title='bbox 1571 1301 1673 1373; x_wconf 82' lang='grc' dir='ltr'><strong>τῆς</strong></span> <span class='ocrx_word' id='word_1_83' title='bbox 1720 1302 1927 1374; x_wconf 80' lang='grc' dir='ltr'>ἐρήμου</span> 
     </span>
    </p>
   </div>
   <div class='ocr_carea' id='block_1_14' title="bbox 316 1389 1929 1468">
    <p class='ocr_par' dir='ltr' id='par_1_14' title="bbox 316 1389 1929 1468">
     <span class='ocr_line' id='line_1_14' title="bbox 316 1389 1929 1468; baseline 0.003 -23"><span class='ocrx_word' id='word_1_84' title='bbox 316 1393 435 1458; x_wconf 63' lang='lat'><strong>23&quot;»,</strong></span> <span class='ocrx_word' id='word_1_85' title='bbox 466 1390 578 1456; x_wconf 72' lang='grc' dir='ltr'><strong>ἕως</strong></span> <span class='ocrx_word' id='word_1_86' title='bbox 615 1389 814 1457; x_wconf 85' lang='grc' dir='ltr'>Ῥοὼϐ,</span> <span class='ocrx_word' id='word_1_87' title='bbox 861 1391 1338 1465; x_wconf 78' lang='grc' dir='ltr'>εἰσπορευομένων</span> <span class='ocrx_word' id='word_1_88' title='bbox 1374 1394 1572 1466; x_wconf 85' lang='grc' dir='ltr'>Ἐμάθ.</span> <span class='ocrx_word' id='word_1_89' title='bbox 1605 1414 1623 1447; x_wconf 77' lang='grc' dir='ltr'><strong>ι</strong></span> <span class='ocrx_word' id='word_1_90' title='bbox 1662 1395 1774 1451; x_wconf 84' lang='lat' dir='ltr'><strong>Kal</strong></span> <span class='ocrx_word' id='word_1_91' title='bbox 1812 1394 1929 1468; x_wconf 82' lang='grc' dir='ltr'>μεθ’</span> 
     </span>
    </p>
   </div>
   <div class='ocr_carea' id='block_1_15' title="bbox 316 1483 1931 1564">
    <p class='ocr_par' dir='ltr' id='par_1_15' title="bbox 316 1483 1931 1564">
     <span class='ocr_line' id='line_1_15' title="bbox 316 1483 1931 1564; baseline 0.006 -25"><span class='ocrx_word' id='word_1_92' title='bbox 316 1487 489 1559; x_wconf 69' lang='grc' dir='ltr'>ἕτερα</span> <span class='ocrx_word' id='word_1_93' title='bbox 508 1503 523 1518; x_wconf 78' lang='grc' dir='ltr'><strong>ο</strong></span> <span class='ocrx_word' id='word_1_94' title='bbox 561 1488 707 1541; x_wconf 71' lang='grc' dir='ltr'>(Καὶ</span> <span class='ocrx_word' id='word_1_95' title='bbox 732 1483 900 1559; x_wconf 83' lang='grc' dir='ltr'>ἦλθον</span> <span class='ocrx_word' id='word_1_96' title='bbox 923 1488 1031 1554; x_wconf 76' lang='grc' dir='ltr'>ἓως</span> <span class='ocrx_word' id='word_1_97' title='bbox 1059 1489 1347 1561; x_wconf 80' lang='grc' dir='ltr'>φάραγγος</span> <span class='ocrx_word' id='word_1_98' title='bbox 1376 1490 1631 1564; x_wconf 88' lang='grc' dir='ltr'>Βότρυος,</span> <span class='ocrx_word' id='word_1_99' title='bbox 1667 1493 1764 1548; x_wconf 72' lang='grc' dir='ltr'><strong>καὶ</strong></span> <span class='ocrx_word' id='word_1_100' title='bbox 1795 1511 1931 1548; x_wconf 63' lang='grc' dir='ltr'>κατ-η</span> 
     </span>
    </p>
   </div>
   <div class='ocr_carea' id='block_1_16' title="bbox 323 1578 1932 1658">
    <p class='ocr_par' dir='ltr' id='par_1_16' title="bbox 323 1578 1932 1658">
     <span class='ocr_line' id='line_1_16' title="bbox 323 1578 1932 1658; baseline 0.006 -26"><span class='ocrx_word' id='word_1_101' title='bbox 323 1578 641 1650; x_wconf 78' lang='grc' dir='ltr'>εσκέψαντο</span> <span class='ocrx_word' id='word_1_102' title='bbox 692 1581 890 1652; x_wconf 81' lang='grc' dir='ltr'>αὐτὴν,</span> <span class='ocrx_word' id='word_1_103' title='bbox 927 1581 1024 1636; x_wconf 73' lang='grc' dir='ltr'><strong>καὶ</strong></span> <span class='ocrx_word' id='word_1_104' title='bbox 1056 1580 1262 1651; x_wconf 70' lang='grc' dir='ltr'>ἔκοψαν</span> <span class='ocrx_word' id='word_1_105' title='bbox 1323 1582 1536 1638; x_wconf 85' lang='grc' dir='ltr'>ἐκεῖθεν</span> <span class='ocrx_word' id='word_1_106' title='bbox 1584 1583 1790 1658; x_wconf 82' lang='grc' dir='ltr'><strong>κλῆμα,</strong></span> <span class='ocrx_word' id='word_1_107' title='bbox 1837 1588 1932 1642; x_wconf 81' lang='grc' dir='ltr'><strong>καὶ</strong></span> 
     </span>
    </p>
   </div>
   <div class='ocr_carea' id='block_1_17' title="bbox 321 1669 1931 1749">
    <p class='ocr_par' dir='ltr' id='par_1_17' title="bbox 321 1669 1931 1749">
     <span class='ocr_line' id='line_1_17' title="bbox 321 1669 1931 1749; baseline 0.006 -26"><span class='ocrx_word' id='word_1_108' title='bbox 321 1669 527 1743; x_wconf 74' lang='grc' dir='ltr'>βότρυν</span> <span class='ocrx_word' id='word_1_109' title='bbox 566 1670 848 1743; x_wconf 74' lang='grc' dir='ltr'>σταφυλῆς</span> <span class='ocrx_word' id='word_1_110' title='bbox 881 1671 978 1726; x_wconf 76' lang='grc' dir='ltr'>ἕνα</span> <span class='ocrx_word' id='word_1_111' title='bbox 1024 1674 1111 1727; x_wconf 81' lang='grc' dir='ltr'>ἐπ’</span> <span class='ocrx_word' id='word_1_112' title='bbox 1156 1672 1346 1740; x_wconf 82' lang='grc' dir='ltr'>αὐτοῦ,</span> <span class='ocrx_word' id='word_1_113' title='bbox 1383 1676 1476 1729; x_wconf 75' lang='grc' dir='ltr'><strong>καὶ</strong></span> <span class='ocrx_word' id='word_1_114' title='bbox 1502 1671 1646 1749; x_wconf 80' lang='grc' dir='ltr'>ἦραν</span> <span class='ocrx_word' id='word_1_115' title='bbox 1672 1679 1804 1733; x_wconf 84' lang='grc' dir='ltr'>αὐτὸ</span> <span class='ocrx_word' id='word_1_116' title='bbox 1845 1680 1931 1733; x_wconf 72' lang='grc' dir='ltr'>ἐπ’</span> 
     </span>
    </p>
   </div>
   <div class='ocr_carea' id='block_1_18' title="bbox 318 1762 1929 1839">
    <p class='ocr_par' dir='ltr' id='par_1_18' title="bbox 318 1762 1929 1839">
     <span class='ocr_line' id='line_1_18' title="bbox 318 1762 1929 1839; baseline 0.007 -23"><span class='ocrx_word' id='word_1_117' title='bbox 318 1762 690 1834; x_wconf 61' lang='grc' dir='ltr'>ἁηφορεῦσι,</span> <span class='ocrx_word' id='word_1_118' title='bbox 720 1765 817 1817; x_wconf 71' lang='grc' dir='ltr'><strong>καὶ</strong></span> <span class='ocrx_word' id='word_1_119' title='bbox 840 1765 950 1819; x_wconf 83' lang='grc' dir='ltr'>ἀπὸ</span> <span class='ocrx_word' id='word_1_120' title='bbox 965 1764 1097 1839; x_wconf 33' lang='grc' dir='ltr'>τῶν,</span> <span class='ocrx_word' id='word_1_121' title='bbox 1110 1766 1293 1838; x_wconf 76' lang='grc' dir='ltr'>ῥοιῶν,</span> <span class='ocrx_word' id='word_1_122' title='bbox 1327 1768 1423 1822; x_wconf 69' lang='grc' dir='ltr'><strong>καὶ</strong></span> <span class='ocrx_word' id='word_1_123' title='bbox 1446 1769 1556 1823; x_wconf 81' lang='grc' dir='ltr'><strong>ἀπὸ</strong></span> <span class='ocrx_word' id='word_1_124' title='bbox 1573 1769 1683 1824; x_wconf 81' lang='grc' dir='ltr'>τῶν</span> <span class='ocrx_word' id='word_1_125' title='bbox 1714 1771 1895 1827; x_wconf 81' lang='grc' dir='ltr'>σύκων</span> <span class='ocrx_word' id='word_1_126' title='bbox 1913 1790 1929 1805; x_wconf 79' lang='lat'><strong>&#39;</strong></span> 
     </span>
    </p>
   </div>
   <div class='ocr_carea' id='block_1_19' title="bbox 319 1853 1930 1936">
    <p class='ocr_par' dir='ltr' id='par_1_19' title="bbox 319 1853 1930 1936">
     <span class='ocr_line' id='line_1_19' title="bbox 319 1853 1930 1936; baseline 0.007 -28"><span class='ocrx_word' id='word_1_127' title='bbox 319 1853 420 1908; x_wconf 74' lang='grc' dir='ltr'><strong>καὶ</strong></span> <span class='ocrx_word' id='word_1_128' title='bbox 449 1854 548 1909; x_wconf 82' lang='grc' dir='ltr'><strong>τὸν</strong></span> <span class='ocrx_word' id='word_1_129' title='bbox 580 1854 750 1909; x_wconf 84' lang='grc' dir='ltr'>τόπον</span> <span class='ocrx_word' id='word_1_130' title='bbox 779 1858 988 1912; x_wconf 81' lang='grc' dir='ltr'>ἐκεῖνον</span> <span class='ocrx_word' id='word_1_131' title='bbox 1018 1858 1411 1929; x_wconf 79' lang='grc' dir='ltr'>ἐπωνόμασαν,</span> <span class='ocrx_word' id='word_1_132' title='bbox 1441 1859 1659 1932; x_wconf 79' lang='grc' dir='ltr'>φάραγξ</span> <span class='ocrx_word' id='word_1_133' title='bbox 1676 1863 1930 1936; x_wconf 82' lang='grc' dir='ltr'>Βότρυος,</span> 
     </span>
    </p>
   </div>
   <div class='ocr_carea' id='block_1_20' title="bbox 318 1923 2010 2029">
    <p class='ocr_par' dir='ltr' id='par_1_20' title="bbox 318 1923 2010 2029">
     <span class='ocr_line' id='line_1_20' title="bbox 318 1923 2010 2029; baseline 0.005 -26"><span class='ocrx_word' id='word_1_134' title='bbox 318 1949 412 2004; x_wconf 81' lang='grc' dir='ltr'>διὰ</span> <span class='ocrx_word' id='word_1_135' title='bbox 458 1950 556 2004; x_wconf 74' lang='grc' dir='ltr'><strong>τὸν</strong></span> <span class='ocrx_word' id='word_1_136' title='bbox 595 1951 815 2024; x_wconf 85' lang='grc' dir='ltr'>βότρυν,</span> <span class='ocrx_word' id='word_1_137' title='bbox 851 1954 910 2007; x_wconf 83' lang='grc' dir='ltr'>ὃν</span> <span class='ocrx_word' id='word_1_138' title='bbox 944 1953 1147 2025; x_wconf 73' lang='grc' dir='ltr'>ἔκοψαν</span> <span class='ocrx_word' id='word_1_139' title='bbox 1194 1923 1404 2011; x_wconf 75' lang='grc' dir='ltr'>ἐκεῖθεν</span> <span class='ocrx_word' id='word_1_140' title='bbox 1448 1923 1497 2010; x_wconf 76' lang='grc' dir='ltr'>οἱ</span> <span class='ocrx_word' id='word_1_141' title='bbox 1523 1923 1658 2012; x_wconf 61' lang='grc' dir='ltr'><strong>ὐίόὶ.⁷</strong></span> <span class='ocrx_word' id='word_1_142' title='bbox 1692 1923 1930 2029; x_wconf 70' lang='grc' dir='ltr'>Ἰσραὴλ,</span> <span class='ocrx_word' id='word_1_143' title='bbox 1966 1923 2010 1979; x_wconf 78' lang='grc' dir='ltr'><strong>Β</strong></span> 
     </span>
    </p>
   </div>
   <div class='ocr_carea' id='block_1_21' title="bbox 318 2041 1929 2121">
    <p class='ocr_par' dir='ltr' id='par_1_21' title="bbox 318 2041 1929 2121">
     <span class='ocr_line' id='line_1_21' title="bbox 318 2041 1929 2121; baseline 0.005 -27"><span class='ocrx_word' id='word_1_144' title='bbox 318 2041 421 2097; x_wconf 80' lang='grc' dir='ltr'><strong>καὶ</strong></span> <span class='ocrx_word' id='word_1_145' title='bbox 454 2043 817 2117; x_wconf 80' lang='grc' dir='ltr'>ἀπέστρεψαν</span> <span class='ocrx_word' id='word_1_146' title='bbox 867 2047 1078 2102; x_wconf 85' lang='grc' dir='ltr'>ἐκεῖθεν</span> <span class='ocrx_word' id='word_1_147' title='bbox 1129 2048 1612 2121; x_wconf 70' lang='grc' dir='ltr'>κατασκεψάμενοι</span> <span class='ocrx_word' id='word_1_148' title='bbox 1660 2049 1758 2108; x_wconf 71' lang='grc' dir='ltr'>τὴν</span> <span class='ocrx_word' id='word_1_149' title='bbox 1802 2049 1929 2119; x_wconf 87' lang='grc' dir='ltr'>γῆν,</span> 
     </span>
    </p>
   </div>
   <div class='ocr_carea' id='block_1_22' title="bbox 321 2134 1932 2215">
    <p class='ocr_par' dir='ltr' id='par_1_22' title="bbox 321 2134 1932 2215">
     <span class='ocr_line' id='line_1_22' title="bbox 321 2134 1932 2215; baseline 0.004 -27"><span class='ocrx_word' id='word_1_150' title='bbox 321 2134 471 2206; x_wconf 74' lang='grc' dir='ltr'>μετὰ</span> <span class='ocrx_word' id='word_1_151' title='bbox 514 2138 932 2211; x_wconf 86' lang='grc' dir='ltr'>τεσσαράκοντα</span> <span class='ocrx_word' id='word_1_152' title='bbox 958 2143 1177 2215; x_wconf 81' lang='grc' dir='ltr'>ἡμέρας</span> <span class='ocrx_word' id='word_1_153' title='bbox 1199 2160 1213 2174; x_wconf 83' lang='grc'>⁶</span> <span class='ocrx_word' id='word_1_154' title='bbox 1239 2143 1336 2196; x_wconf 80' lang='grc' dir='ltr'><strong>καὶ</strong></span> <span class='ocrx_word' id='word_1_155' title='bbox 1383 2142 1743 2215; x_wconf 80' lang='grc' dir='ltr'>πορευθέντες</span> <span class='ocrx_word' id='word_1_156' title='bbox 1767 2138 1932 2215; x_wconf 78' lang='grc' dir='ltr'>ἦλθον</span> 
     </span>
    </p>
   </div>
   <div class='ocr_carea' id='block_1_23' title="bbox 318 2229 1930 2307">
    <p class='ocr_par' dir='ltr' id='par_1_23' title="bbox 318 2229 1930 2307">
     <span class='ocr_line' id='line_1_23' title="bbox 318 2229 1930 2307; baseline 0.007 -27"><span class='ocrx_word' id='word_1_157' title='bbox 318 2229 464 2300; x_wconf 82' lang='grc' dir='ltr'>πρὸς</span> <span class='ocrx_word' id='word_1_158' title='bbox 495 2230 706 2304; x_wconf 85' lang='grc' dir='ltr'>Μωσῆν</span> <span class='ocrx_word' id='word_1_159' title='bbox 744 2234 841 2286; x_wconf 76' lang='grc' dir='ltr'><strong>καὶ</strong></span> <span class='ocrx_word' id='word_1_160' title='bbox 888 2233 1127 2306; x_wconf 85' lang='grc' dir='ltr'>Ἀαρὼν,</span> <span class='ocrx_word' id='word_1_161' title='bbox 1180 2235 1276 2290; x_wconf 79' lang='grc' dir='ltr'>καὶ</span> <span class='ocrx_word' id='word_1_162' title='bbox 1302 2234 1436 2307; x_wconf 73' lang='grc' dir='ltr'>πρὸς</span> <span class='ocrx_word' id='word_1_163' title='bbox 1463 2236 1650 2301; x_wconf 79' lang='grc' dir='ltr'>,πᾶσαν</span> <span class='ocrx_word' id='word_1_164' title='bbox 1682 2253 1930 2305; x_wconf 85' lang='grc' dir='ltr'>συναγω-</span> 
     </span>
    </p>
   </div>
   <div class='ocr_carea' id='block_1_24' title="bbox 318 2318 1930 2400">
    <p class='ocr_par' dir='ltr' id='par_1_24' title="bbox 318 2318 1930 2400">
     <span class='ocr_line' id='line_1_24' title="bbox 318 2318 1930 2400; baseline 0.004 -25"><span class='ocrx_word' id='word_1_165' title='bbox 318 2318 431 2394; x_wconf 79' lang='grc' dir='ltr'>γὴν</span> <span class='ocrx_word' id='word_1_166' title='bbox 457 2321 575 2376; x_wconf 83' lang='grc' dir='ltr'><strong>τῶν</strong></span> <span class='ocrx_word' id='word_1_167' title='bbox 611 2324 746 2378; x_wconf 76' lang='grc' dir='ltr'>υἱῶν</span> <span class='ocrx_word' id='word_1_168' title='bbox 788 2325 1009 2398; x_wconf 84' lang='grc' dir='ltr'>Ἰσραὴλ</span> <span class='ocrx_word' id='word_1_169' title='bbox 1043 2328 1125 2391; x_wconf 87' lang='grc' dir='ltr'><strong>είς</strong></span> <span class='ocrx_word' id='word_1_170' title='bbox 1151 2327 1253 2399; x_wconf 72' lang='grc' dir='ltr'><strong>τὴν</strong></span> <span class='ocrx_word' id='word_1_171' title='bbox 1285 2326 1493 2399; x_wconf 77' lang='grc' dir='ltr'>ἔρημον</span> <span class='ocrx_word' id='word_1_172' title='bbox 1521 2326 1706 2400; x_wconf 78' lang='grc' dir='ltr'>Φαράν</span> <span class='ocrx_word' id='word_1_173' title='bbox 1725 2327 1930 2398; x_wconf 83' lang='grc' dir='ltr'>Κάδης.</span> 
     </span>
    </p>
   </div>
   <div class='ocr_carea' id='block_1_25' title="bbox 318 2412 1932 2492">
    <p class='ocr_par' dir='ltr' id='par_1_25' title="bbox 318 2412 1932 2492">
     <span class='ocr_line' id='line_1_25' title="bbox 318 2412 1932 2492; baseline 0.006 -27"><span class='ocrx_word' id='word_1_174' title='bbox 318 2412 434 2466; x_wconf 82' lang='lat' dir='ltr'><strong>Kal</strong></span> <span class='ocrx_word' id='word_1_175' title='bbox 463 2413 857 2486; x_wconf 80' lang='grc' dir='ltr'>ἀπεκρίθησαν</span> <span class='ocrx_word' id='word_1_176' title='bbox 886 2417 1073 2482; x_wconf 76' lang='grc' dir='ltr'>αὐτοῖς</span> <span class='ocrx_word' id='word_1_177' title='bbox 1103 2418 1279 2490; x_wconf 76' lang='grc' dir='ltr'>ῥῆμα,</span> <span class='ocrx_word' id='word_1_178' title='bbox 1320 2419 1411 2473; x_wconf 77' lang='grc' dir='ltr'><strong>καὶ</strong></span> <span class='ocrx_word' id='word_1_179' title='bbox 1430 2419 1581 2492; x_wconf 84' lang='grc' dir='ltr'>πάσῃ</span> <span class='ocrx_word' id='word_1_180' title='bbox 1616 2423 1932 2491; x_wconf 84' lang='grc' dir='ltr'>συναγωγῇ,</span> 
     </span>
    </p>
   </div>
   <div class='ocr_carea' id='block_1_26' title="bbox 319 2504 1934 2584">
    <p class='ocr_par' dir='ltr' id='par_1_26' title="bbox 319 2504 1934 2584">
     <span class='ocr_line' id='line_1_26' title="bbox 319 2504 1934 2584; baseline 0.006 -26"><span class='ocrx_word' id='word_1_181' title='bbox 319 2505 422 2559; x_wconf 75' lang='grc' dir='ltr'>καὶ</span> <span class='ocrx_word' id='word_1_182' title='bbox 473 2504 691 2574; x_wconf 73' lang='grc' dir='ltr'>ἔδειξαν</span> <span class='ocrx_word' id='word_1_183' title='bbox 722 2508 818 2563; x_wconf 80' lang='grc' dir='ltr'><strong>τὸν</strong></span> <span class='ocrx_word' id='word_1_184' title='bbox 862 2510 1075 2582; x_wconf 78' lang='grc' dir='ltr'>καρπὸν</span> <span class='ocrx_word' id='word_1_185' title='bbox 1129 2511 1230 2583; x_wconf 84' lang='grc' dir='ltr'><strong>τῆς</strong></span> <span class='ocrx_word' id='word_1_186' title='bbox 1282 2512 1407 2583; x_wconf 74' lang='grc' dir='ltr'>γῆς,</span> <span class='ocrx_word' id='word_1_187' title='bbox 1458 2511 1553 2566; x_wconf 80' lang='grc' dir='ltr'><strong>καὶ</strong></span> <span class='ocrx_word' id='word_1_188' title='bbox 1605 2513 1934 2584; x_wconf 79' lang='grc' dir='ltr'>διηγήσαντο</span> 
     </span>
    </p>
   </div>
   <div class='ocr_carea' id='block_1_27' title="bbox 319 2595 1934 2677">
    <p class='ocr_par' dir='ltr' id='par_1_27' title="bbox 319 2595 1934 2677">
     <span class='ocr_line' id='line_1_27' title="bbox 319 2595 1934 2677; baseline 0.006 -26"><span class='ocrx_word' id='word_1_189' title='bbox 319 2597 500 2669; x_wconf 79' lang='grc' dir='ltr'>αὐτῷ,</span> <span class='ocrx_word' id='word_1_190' title='bbox 534 2599 634 2654; x_wconf 70' lang='lat' dir='ltr'><strong>xal</strong></span> <span class='ocrx_word' id='word_1_191' title='bbox 661 2595 841 2655; x_wconf 79' lang='grc' dir='ltr'>εἷπον·</span> <span class='ocrx_word' id='word_1_192' title='bbox 889 2602 1165 2674; x_wconf 82' lang='grc' dir='ltr'>Ἤλθομεν</span> <span class='ocrx_word' id='word_1_193' title='bbox 1188 2604 1269 2667; x_wconf 83' lang='grc' dir='ltr'><strong>είς</strong></span> <span class='ocrx_word' id='word_1_194' title='bbox 1305 2606 1406 2677; x_wconf 81' lang='grc' dir='ltr'>τὴν</span> <span class='ocrx_word' id='word_1_195' title='bbox 1435 2605 1540 2677; x_wconf 87' lang='grc' dir='ltr'><strong>γῆν</strong></span> <span class='ocrx_word' id='word_1_196' title='bbox 1572 2608 1650 2671; x_wconf 84' lang='grc' dir='ltr'><strong>εἰς</strong></span> <span class='ocrx_word' id='word_1_197' title='bbox 1692 2607 1760 2677; x_wconf 82' lang='grc' dir='ltr'>ἣν</span> <span class='ocrx_word' id='word_1_198' title='bbox 1824 2608 1934 2661; x_wconf 87' lang='grc' dir='ltr'>άπ-</span> 
     </span>
    </p>
   </div>
   <div class='ocr_carea' id='block_1_28' title="bbox 320 2689 1937 2770">
    <p class='ocr_par' dir='ltr' id='par_1_28' title="bbox 320 2689 1937 2770">
     <span class='ocr_line' id='line_1_28' title="bbox 320 2689 1937 2770; baseline 0.007 -28"><span class='ocrx_word' id='word_1_199' title='bbox 320 2689 591 2756; x_wconf 79' lang='grc' dir='ltr'>έστειλας</span> <span class='ocrx_word' id='word_1_200' title='bbox 622 2694 796 2763; x_wconf 82' lang='grc' dir='ltr'>ἡμᾶς,</span> <span class='ocrx_word' id='word_1_201' title='bbox 813 2695 919 2766; x_wconf 86' lang='grc' dir='ltr'><strong>γῆν</strong></span> <span class='ocrx_word' id='word_1_202' title='bbox 949 2695 1183 2767; x_wconf 80' lang='grc' dir='ltr'>ῥέουσαν</span> <span class='ocrx_word' id='word_1_203' title='bbox 1199 2696 1341 2766; x_wconf 84' lang='grc' dir='ltr'>γάλα</span> <span class='ocrx_word' id='word_1_204' title='bbox 1371 2698 1467 2752; x_wconf 81' lang='grc' dir='ltr'><strong>καὶ</strong></span> <span class='ocrx_word' id='word_1_205' title='bbox 1496 2697 1638 2770; x_wconf 85' lang='grc' dir='ltr'>μέλι,</span> <span class='ocrx_word' id='word_1_206' title='bbox 1664 2699 1757 2753; x_wconf 74' lang='grc' dir='ltr'>καὶ</span> <span class='ocrx_word' id='word_1_207' title='bbox 1781 2693 1937 2764; x_wconf 73' lang='grc' dir='ltr'>οὗτος</span> 
     </span>
    </p>
   </div>
   <div class='ocr_carea' id='block_1_29' title="bbox 319 2784 1936 2861">
    <p class='ocr_par' dir='ltr' id='par_1_29' title="bbox 319 2784 1936 2861">
     <span class='ocr_line' id='line_1_29' title="bbox 319 2784 1936 2861; baseline 0.007 -26"><span class='ocrx_word' id='word_1_208' title='bbox 319 2784 352 2835; x_wconf 82' lang='grc' dir='ltr'>ὁ</span> <span class='ocrx_word' id='word_1_209' title='bbox 384 2785 606 2856; x_wconf 82' lang='grc' dir='ltr'>καρπὸς</span> <span class='ocrx_word' id='word_1_210' title='bbox 637 2786 833 2859; x_wconf 82' lang='grc' dir='ltr'>αὐτῆς.</span> <span class='ocrx_word' id='word_1_211' title='bbox 875 2785 1017 2843; x_wconf 83' lang='grc' dir='ltr'>Ἀλλ’</span> <span class='ocrx_word' id='word_1_212' title='bbox 1047 2786 1080 2860; x_wconf 80' lang='grc' dir='ltr'>ἢ</span> <span class='ocrx_word' id='word_1_213' title='bbox 1115 2790 1197 2842; x_wconf 81' lang='grc' dir='ltr'><strong>ὅτι</strong></span> <span class='ocrx_word' id='word_1_214' title='bbox 1221 2788 1396 2861; x_wconf 80' lang='grc' dir='ltr'>θρασὺ</span> <span class='ocrx_word' id='word_1_215' title='bbox 1433 2789 1495 2844; x_wconf 83' lang='grc' dir='ltr'><strong>τδ</strong></span> <span class='ocrx_word' id='word_1_216' title='bbox 1530 2790 1682 2856; x_wconf 81' lang='grc' dir='ltr'>ἔθνος</span> <span class='ocrx_word' id='word_1_217' title='bbox 1709 2792 1770 2845; x_wconf 79' lang='grc' dir='ltr'><strong>τὸ</strong></span> <span class='ocrx_word' id='word_1_218' title='bbox 1798 2809 1936 2846; x_wconf 86' lang='grc' dir='ltr'>κατ-</span> 
     </span>
    </p>
   </div>
   <div class='ocr_carea' id='block_1_30' title="bbox 320 2874 1937 2954">
    <p class='ocr_par' dir='ltr' id='par_1_30' title="bbox 320 2874 1937 2954">
     <span class='ocr_line' id='line_1_30' title="bbox 320 2874 1937 2954; baseline 0.005 -26"><span class='ocrx_word' id='word_1_219' title='bbox 320 2874 510 2929; x_wconf 83' lang='grc' dir='ltr'>οικοῦν</span> <span class='ocrx_word' id='word_1_220' title='bbox 548 2876 642 2931; x_wconf 83' lang='grc' dir='ltr'>ἐπ’</span> <span class='ocrx_word' id='word_1_221' title='bbox 675 2878 872 2950; x_wconf 86' lang='grc' dir='ltr'>αὐτῆς,</span> <span class='ocrx_word' id='word_1_222' title='bbox 919 2882 1016 2934; x_wconf 74' lang='grc' dir='ltr'>καὶ</span> <span class='ocrx_word' id='word_1_223' title='bbox 1072 2881 1260 2946; x_wconf 82' lang='grc' dir='ltr'>πόλεις</span> <span class='ocrx_word' id='word_1_224' title='bbox 1291 2881 1490 2954; x_wconf 81' lang='grc' dir='ltr'>ὀχυραὶ</span> <span class='ocrx_word' id='word_1_225' title='bbox 1533 2882 1937 2954; x_wconf 77' lang='grc' dir='ltr'>τετειχισμέναι</span> 
     </span>
    </p>
   </div>
   <div class='ocr_carea' id='block_1_31' title="bbox 323 2967 1936 3047">
    <p class='ocr_par' dir='ltr' id='par_1_31' title="bbox 323 2967 1936 3047">
     <span class='ocr_line' id='line_1_31' title="bbox 323 2967 1936 3047; baseline 0.005 -26"><span class='ocrx_word' id='word_1_226' title='bbox 323 2969 422 3022; x_wconf 82' lang='grc' dir='ltr'>καὶ</span> <span class='ocrx_word' id='word_1_227' title='bbox 449 2967 693 3040; x_wconf 81' lang='grc' dir='ltr'>μεγάλαι</span> <span class='ocrx_word' id='word_1_228' title='bbox 729 2970 959 3043; x_wconf 85' lang='grc' dir='ltr'>σφόδρα,</span> <span class='ocrx_word' id='word_1_229' title='bbox 999 2972 1095 3028; x_wconf 71' lang='grc' dir='ltr'>καὶ</span> <span class='ocrx_word' id='word_1_230' title='bbox 1121 2973 1221 3045; x_wconf 77' lang='grc' dir='ltr'>τὴν</span> <span class='ocrx_word' id='word_1_231' title='bbox 1249 2972 1444 3043; x_wconf 83' lang='grc' dir='ltr'>γενεὰν</span> <span class='ocrx_word' id='word_1_232' title='bbox 1488 2973 1652 3028; x_wconf 80' lang='grc' dir='ltr'>Ἐνὰκ</span> <span class='ocrx_word' id='word_1_233' title='bbox 1681 2975 1936 3047; x_wconf 80' lang='grc' dir='ltr'>ἑωράκα-</span> 
     </span>
    </p>
   </div>
   <div class='ocr_carea' id='block_1_32' title="bbox 328 3062 1941 3138">
    <p class='ocr_par' dir='ltr' id='par_1_32' title="bbox 328 3062 1941 3138">
     <span class='ocr_line' id='line_1_32' title="bbox 328 3062 1941 3138; baseline 0.003 -23"><span class='ocrx_word' id='word_1_234' title='bbox 328 3076 430 3131; x_wconf 87' lang='grc' dir='ltr'><strong>μεν</strong></span> <span class='ocrx_word' id='word_1_235' title='bbox 469 3062 611 3114; x_wconf 84' lang='grc' dir='ltr'>ἐκεῖ.</span> <span class='ocrx_word' id='word_1_236' title='bbox 644 3080 665 3114; x_wconf 72' lang='grc' dir='ltr'><strong>ι</strong></span> <span class='ocrx_word' id='word_1_237' title='bbox 698 3063 899 3135; x_wconf 88' lang='grc' dir='ltr'>Συνίης</span> <span class='ocrx_word' id='word_1_238' title='bbox 925 3065 1078 3127; x_wconf 85' lang='grc' dir='ltr'>ὅπως</span> <span class='ocrx_word' id='word_1_239' title='bbox 1107 3066 1157 3119; x_wconf 84' lang='grc' dir='ltr'><strong>οἱ</strong></span> <span class='ocrx_word' id='word_1_240' title='bbox 1181 3064 1474 3137; x_wconf 84' lang='grc' dir='ltr'>εὐπτόητοί</span> <span class='ocrx_word' id='word_1_241' title='bbox 1496 3082 1557 3119; x_wconf 86' lang='grc' dir='ltr'><strong>τε</strong></span> <span class='ocrx_word' id='word_1_242' title='bbox 1586 3067 1682 3138; x_wconf 72' lang='grc' dir='ltr'><strong>καὶ</strong></span> <span class='ocrx_word' id='word_1_243' title='bbox 1710 3065 1941 3136; x_wconf 82' lang='grc' dir='ltr'>ἀτολμό-</span> 
     </span>
    </p>
   </div>
   <div class='ocr_carea' id='block_1_33' title="bbox 324 3153 1940 3229">
    <p class='ocr_par' dir='ltr' id='par_1_33' title="bbox 324 3153 1940 3229">
     <span class='ocr_line' id='line_1_33' title="bbox 324 3153 1940 3229; baseline 0.004 -23"><span class='ocrx_word' id='word_1_244' title='bbox 324 3169 483 3207; x_wconf 84' lang='grc' dir='ltr'>τατοι</span> <span class='ocrx_word' id='word_1_245' title='bbox 526 3153 641 3209; x_wconf 86' lang='grc' dir='ltr'>τῶν</span> <span class='ocrx_word' id='word_1_246' title='bbox 673 3154 1144 3228; x_wconf 85' lang='grc' dir='ltr'>κατεσκεμμένων</span> <span class='ocrx_word' id='word_1_247' title='bbox 1190 3157 1291 3229; x_wconf 76' lang='grc' dir='ltr'><strong>τὴν</strong></span> <span class='ocrx_word' id='word_1_248' title='bbox 1327 3157 1432 3229; x_wconf 84' lang='grc' dir='ltr'><strong>γῆν</strong></span> <span class='ocrx_word' id='word_1_249' title='bbox 1470 3157 1572 3228; x_wconf 86' lang='grc' dir='ltr'><strong>τῆς</strong></span> <span class='ocrx_word' id='word_1_250' title='bbox 1604 3157 1940 3227; x_wconf 73' lang='grc' dir='ltr'>ἐπαγγελίας</span> 
     </span>
    </p>
   </div>
   <div class='ocr_carea' id='block_1_34' title="bbox 2028 648 3621 728">
    <p class='ocr_par' dir='ltr' id='par_1_34' title="bbox 2028 648 3621 728">
     <span class='ocr_line' id='line_1_34' title="bbox 2028 648 3621 728; baseline 0.006 -25"><span class='ocrx_word' id='word_1_251' title='bbox 2028 663 2132 719; x_wconf 89' lang='lat' dir='ltr'><strong>ego</strong></span> <span class='ocrx_word' id='word_1_252' title='bbox 2178 648 2253 706; x_wconf 90' lang='lat' dir='ltr'><strong>do</strong></span> <span class='ocrx_word' id='word_1_253' title='bbox 2286 649 2418 707; x_wconf 98' lang='lat' dir='ltr'><strong>ﬁliis</strong></span> <span class='ocrx_word' id='word_1_254' title='bbox 2448 650 2617 708; x_wconf 80' lang='lat' dir='ltr'><strong>Israel</strong></span> <span class='ocrx_word' id='word_1_255' title='bbox 2655 654 2712 709; x_wconf 89' lang='lat' dir='ltr'><strong>in</strong></span> <span class='ocrx_word' id='word_1_256' title='bbox 2751 654 3182 725; x_wconf 82' lang='lat' dir='ltr'><strong>possessionem,</strong></span> <span class='ocrx_word' id='word_1_257' title='bbox 3234 656 3481 728; x_wconf 85' lang='lat' dir='ltr'><strong>singulos</strong></span> <span class='ocrx_word' id='word_1_258' title='bbox 3526 674 3621 728; x_wconf 85' lang='lat' dir='ltr'><strong>per</strong></span> 
     </span>
    </p>
   </div>
   <div class='ocr_carea' id='block_1_35' title="bbox 2029 740 3622 820">
    <p class='ocr_par' dir='ltr' id='par_1_35' title="bbox 2029 740 3622 820">
     <span class='ocr_line' id='line_1_35' title="bbox 2029 740 3622 820; baseline 0.007 -25"><span class='ocrx_word' id='word_1_259' title='bbox 2029 740 2274 813; x_wconf 87' lang='lat' dir='ltr'><strong>singulas</strong></span> <span class='ocrx_word' id='word_1_260' title='bbox 2339 743 2552 807; x_wconf 85' lang='lat' dir='ltr'><strong>tribus;</strong></span> <span class='ocrx_word' id='word_1_261' title='bbox 2619 747 2923 803; x_wconf 90' lang='lat' dir='ltr'><strong>secundum</strong></span> <span class='ocrx_word' id='word_1_262' title='bbox 2958 774 2961 777; x_wconf 93' lang='lat'><strong><em>-</em></strong></span> <span class='ocrx_word' id='word_1_263' title='bbox 2991 749 3226 820; x_wconf 89' lang='lat' dir='ltr'><strong>p0pulos</strong></span> <span class='ocrx_word' id='word_1_264' title='bbox 3289 748 3622 806; x_wconf 81' lang='lat' dir='ltr'><strong>familiarum</strong></span> 
     </span>
    </p>
   </div>
   <div class='ocr_carea' id='block_1_36' title="bbox 2030 834 3624 913">
    <p class='ocr_par' dir='ltr' id='par_1_36' title="bbox 2030 834 3624 913">
     <span class='ocr_line' id='line_1_36' title="bbox 2030 834 3624 913; baseline 0.006 -24"><span class='ocrx_word' id='word_1_265' title='bbox 2030 834 2280 905; x_wconf 88' lang='lat' dir='ltr'><strong>ipsorum</strong></span> <span class='ocrx_word' id='word_1_266' title='bbox 2301 836 2491 893; x_wconf 90' lang='lat' dir='ltr'><strong>mittes</strong></span> <span class='ocrx_word' id='word_1_267' title='bbox 2522 837 2666 906; x_wconf 90' lang='lat' dir='ltr'><strong>illos,</strong></span> <span class='ocrx_word' id='word_1_268' title='bbox 2689 854 2909 896; x_wconf 87' lang='lat' dir='ltr'><strong>omnem</strong></span> <span class='ocrx_word' id='word_1_269' title='bbox 2940 841 3246 913; x_wconf 85' lang='lat' dir='ltr'><strong>principem</strong></span> <span class='ocrx_word' id='word_1_270' title='bbox 3269 858 3340 898; x_wconf 78' lang='lat' dir='ltr'><strong>ex</strong></span> <span class='ocrx_word' id='word_1_271' title='bbox 3365 841 3521 913; x_wconf 88' lang='lat' dir='ltr'><strong>ipsis.</strong></span> <span class='ocrx_word' id='word_1_272' title='bbox 3555 844 3624 899; x_wconf 85' lang='lat' dir='ltr'><strong>Et</strong></span> 
     </span>
    </p>
   </div>
   <div class='ocr_carea' id='block_1_37' title="bbox 2029 926 3626 1004">
    <p class='ocr_par' dir='ltr' id='par_1_37' title="bbox 2029 926 3626 1004">
     <span class='ocr_line' id='line_1_37' title="bbox 2029 926 3626 1004; baseline 0.006 -23"><span class='ocrx_word' id='word_1_273' title='bbox 2029 926 2182 983; x_wconf 91' lang='lat' dir='ltr'><strong>misit</strong></span> <span class='ocrx_word' id='word_1_274' title='bbox 2207 943 2306 985; x_wconf 87' lang='lat' dir='ltr'><strong>eos</strong></span> <span class='ocrx_word' id='word_1_275' title='bbox 2337 928 2551 1002; x_wconf 79' lang='lat' dir='ltr'><strong>Moyses</strong></span> <span class='ocrx_word' id='word_1_276' title='bbox 2573 946 2641 987; x_wconf 76' lang='lat' dir='ltr'><strong>ex</strong></span> <span class='ocrx_word' id='word_1_277' title='bbox 2679 930 2901 988; x_wconf 88' lang='lat' dir='ltr'><strong>deserto</strong></span> <span class='ocrx_word' id='word_1_278' title='bbox 2927 933 3146 989; x_wconf 86' lang='lat' dir='ltr'><strong>Pharan</strong></span> <span class='ocrx_word' id='word_1_279' title='bbox 3179 948 3281 1004; x_wconf 88' lang='lat' dir='ltr'><strong>per</strong></span> <span class='ocrx_word' id='word_1_280' title='bbox 3301 948 3493 991; x_wconf 82' lang='lat' dir='ltr'><strong>vocem</strong></span> <span class='ocrx_word' id='word_1_281' title='bbox 3518 934 3626 990; x_wconf 90' lang='lat' dir='ltr'><strong>Do-</strong></span> 
     </span>
    </p>
   </div>
   <div class='ocr_carea' id='block_1_38' title="bbox 2030 1023 3617 1097">
    <p class='ocr_par' dir='ltr' id='par_1_38' title="bbox 2030 1023 3617 1097">
     <span class='ocr_line' id='line_1_38' title="bbox 2030 1023 3617 1097; baseline 0 -17"><span class='ocrx_word' id='word_1_282' title='bbox 2030 1023 2204 1091; x_wconf 88' lang='lat' dir='ltr'><strong>mini;</strong></span> <span class='ocrx_word' id='word_1_283' title='bbox 2250 1039 2450 1081; x_wconf 89' lang='lat' dir='ltr'><strong>omnes</strong></span> <span class='ocrx_word' id='word_1_284' title='bbox 2487 1025 2595 1081; x_wconf 89' lang='lat' dir='ltr'><strong>viri</strong></span> <span class='ocrx_word' id='word_1_285' title='bbox 2653 1025 2934 1097; x_wconf 85' lang='lat' dir='ltr'><strong>principes</strong></span> <span class='ocrx_word' id='word_1_286' title='bbox 2980 1025 3221 1082; x_wconf 90' lang='lat' dir='ltr'><strong>ﬁliorum</strong></span> <span class='ocrx_word' id='word_1_287' title='bbox 3262 1027 3429 1085; x_wconf 90' lang='lat' dir='ltr'><strong>Israel</strong></span> <span class='ocrx_word' id='word_1_288' title='bbox 3477 1029 3544 1083; x_wconf 78' lang='lat'><strong>&quot;.</strong></span> <span class='ocrx_word' id='word_1_289' title='bbox 3598 1048 3617 1080; x_wconf 74' lang='grc' dir='ltr'><strong>ι</strong></span> 
     </span>
    </p>
   </div>
   <div class='ocr_carea' id='block_1_39' title="bbox 2030 1115 3628 1192">
    <p class='ocr_par' dir='ltr' id='par_1_39' title="bbox 2030 1115 3628 1192">
     <span class='ocr_line' id='line_1_39' title="bbox 2030 1115 3628 1192; baseline 0.004 -20"><span class='ocrx_word' id='word_1_290' title='bbox 2030 1115 2262 1183; x_wconf 88' lang='lat' dir='ltr'><strong>Deinde,</strong></span> <span class='ocrx_word' id='word_1_291' title='bbox 2298 1117 2605 1174; x_wconf 75' lang='lat' dir='ltr'><strong>numeratis</strong></span> <span class='ocrx_word' id='word_1_292' title='bbox 2636 1118 2705 1174; x_wconf 89' lang='lat' dir='ltr'><strong>iis</strong></span> <span class='ocrx_word' id='word_1_293' title='bbox 2732 1119 2835 1190; x_wconf 88' lang='lat' dir='ltr'><strong>qui</strong></span> <span class='ocrx_word' id='word_1_294' title='bbox 2874 1119 3029 1175; x_wconf 89' lang='lat' dir='ltr'><strong>missi</strong></span> <span class='ocrx_word' id='word_1_295' title='bbox 3050 1128 3200 1187; x_wconf 91' lang='lat' dir='ltr'><strong>sunt,</strong></span> <span class='ocrx_word' id='word_1_296' title='bbox 3239 1136 3339 1192; x_wconf 89' lang='lat' dir='ltr'><strong>per</strong></span> <span class='ocrx_word' id='word_1_297' title='bbox 3371 1122 3549 1178; x_wconf 89' lang='lat' dir='ltr'><strong>tribus</strong></span> <span class='ocrx_word' id='word_1_298' title='bbox 3569 1132 3628 1178; x_wconf 89' lang='lat' dir='ltr'><strong>et</strong></span> 
     </span>
    </p>
   </div>
   <div class='ocr_carea' id='block_1_40' title="bbox 2030 1209 3625 1282">
    <p class='ocr_par' dir='ltr' id='par_1_40' title="bbox 2030 1209 3625 1282">
     <span class='ocr_line' id='line_1_40' title="bbox 2030 1209 3625 1282; baseline 0.003 -18"><span class='ocrx_word' id='word_1_299' title='bbox 2030 1224 2267 1280; x_wconf 89' lang='lat' dir='ltr'><strong>genera,</strong></span> <span class='ocrx_word' id='word_1_300' title='bbox 2310 1209 2561 1282; x_wconf 87' lang='lat' dir='ltr'><strong>adjungit</strong></span> <span class='ocrx_word' id='word_1_301' title='bbox 2602 1211 2803 1268; x_wconf 88' lang='lat' dir='ltr'><strong>iterum</strong></span> <span class='ocrx_word' id='word_1_302' title='bbox 2850 1226 2863 1267; x_wconf 82' lang='grc' dir='ltr'><strong>ι</strong></span> <span class='ocrx_word' id='word_1_303' title='bbox 2906 1231 2925 1264; x_wconf 72' lang='grc' dir='ltr'><strong>ι</strong></span> <span class='ocrx_word' id='word_1_304' title='bbox 2957 1212 3028 1269; x_wconf 87' lang='lat' dir='ltr'><strong>Et</strong></span> <span class='ocrx_word' id='word_1_305' title='bbox 3057 1230 3184 1269; x_wconf 81' lang='lat' dir='ltr'><strong>cum</strong></span> <span class='ocrx_word' id='word_1_306' title='bbox 3221 1215 3625 1281; x_wconf 87' lang='lat' dir='ltr'><strong>ascendissent,</strong></span> 
     </span>
    </p>
   </div>
   <div class='ocr_carea' id='block_1_41' title="bbox 2031 1287 3627 1376">
    <p class='ocr_par' dir='ltr' id='par_1_41' title="bbox 2031 1287 3627 1376">
     <span class='ocr_line' id='line_1_41' title="bbox 2031 1287 3627 1376; baseline 0.003 -21"><span class='ocrx_word' id='word_1_307' title='bbox 2031 1299 2459 1371; x_wconf 74' lang='lat' dir='ltr'><strong>exploraverunt</strong></span> <span class='ocrx_word' id='word_1_308' title='bbox 2509 1309 2708 1358; x_wconf 88' lang='lat' dir='ltr'><strong>terram</strong></span> <span class='ocrx_word' id='word_1_309' title='bbox 2758 1300 2923 1373; x_wconf 42' lang='lat'><strong>151&#39;</strong></span> <span class='ocrx_word' id='word_1_310' title='bbox 2949 1317 2979 1357; x_wconf 88' lang='lat' dir='ltr'><strong>a</strong></span> <span class='ocrx_word' id='word_1_311' title='bbox 3019 1301 3241 1359; x_wconf 86' lang='lat' dir='ltr'><strong>deserto</strong></span> <span class='ocrx_word' id='word_1_312' title='bbox 3277 1287 3405 1371; x_wconf 86' lang='lat' dir='ltr'><strong>Sin,</strong></span> <span class='ocrx_word' id='word_1_313' title='bbox 3448 1320 3627 1376; x_wconf 89' lang='lat' dir='ltr'><strong>usque</strong></span> 
     </span>
    </p>
   </div>
   <div class='ocr_carea' id='block_1_42' title="bbox 2033 1393 3628 1469">
    <p class='ocr_par' dir='ltr' id='par_1_42' title="bbox 2033 1393 3628 1469">
     <span class='ocr_line' id='line_1_42' title="bbox 2033 1393 3628 1469; baseline 0.003 -20"><span class='ocrx_word' id='word_1_314' title='bbox 2033 1393 2213 1461; x_wconf 81' lang='lat' dir='ltr'><strong>Boob,</strong></span> <span class='ocrx_word' id='word_1_315' title='bbox 2241 1395 2580 1463; x_wconf 84' lang='lat' dir='ltr'><strong>intrantibus</strong></span> <span class='ocrx_word' id='word_1_316' title='bbox 2599 1397 2799 1453; x_wconf 86' lang='lat' dir='ltr'><strong>Ema—th</strong></span> <span class='ocrx_word' id='word_1_317' title='bbox 2822 1398 2921 1452; x_wconf 73' lang='grc' dir='ltr'><strong>τ’.»</strong></span> <span class='ocrx_word' id='word_1_318' title='bbox 2946 1397 3016 1453; x_wconf 87' lang='grc' dir='ltr'>Ει</span> <span class='ocrx_word' id='word_1_319' title='bbox 3037 1406 3162 1469; x_wconf 88' lang='lat' dir='ltr'><strong>post</strong></span> <span class='ocrx_word' id='word_1_320' title='bbox 3184 1399 3480 1455; x_wconf 88' lang='lat' dir='ltr'><strong>nonnulla:</strong></span> <span class='ocrx_word' id='word_1_321' title='bbox 3513 1419 3531 1450; x_wconf 87' lang='grc'><strong>‹</strong></span> <span class='ocrx_word' id='word_1_322' title='bbox 3559 1399 3628 1454; x_wconf 84' lang='grc' dir='ltr'>Ει</span> 
     </span>
    </p>
   </div>
   <div class='ocr_carea' id='block_1_43' title="bbox 2032 1488 3628 1560">
    <p class='ocr_par' dir='ltr' id='par_1_43' title="bbox 2032 1488 3628 1560">
     <span class='ocr_line' id='line_1_43' title="bbox 2032 1488 3628 1560; baseline 0.001 -19"><span class='ocrx_word' id='word_1_323' title='bbox 2032 1498 2309 1544; x_wconf 80' lang='lat' dir='ltr'><strong>venerunt</strong></span> <span class='ocrx_word' id='word_1_324' title='bbox 2328 1488 2591 1560; x_wconf 87' lang='lat' dir='ltr'><strong>usquead</strong></span> <span class='ocrx_word' id='word_1_325' title='bbox 2624 1489 2827 1549; x_wconf 80' lang='lat' dir='ltr'><strong>vallem</strong></span> <span class='ocrx_word' id='word_1_326' title='bbox 2847 1489 3105 1556; x_wconf 85' lang='lat' dir='ltr'><strong>Botri,.et</strong></span> <span class='ocrx_word' id='word_1_327' title='bbox 3131 1490 3628 1546; x_wconf 87' lang='lat' dir='ltr'><strong>consideraverunt</strong></span> 
     </span>
    </p>
   </div>
   <div class='ocr_carea' id='block_1_44' title="bbox 2032 1580 3627 1654">
    <p class='ocr_par' dir='ltr' id='par_1_44' title="bbox 2032 1580 3627 1654">
     <span class='ocr_line' id='line_1_44' title="bbox 2032 1580 3627 1654; baseline 0.001 -20"><span class='ocrx_word' id='word_1_328' title='bbox 2032 1593 2175 1645; x_wconf 87' lang='lat' dir='ltr'><strong>eam,</strong></span> <span class='ocrx_word' id='word_1_329' title='bbox 2212 1588 2270 1635; x_wconf 90' lang='lat' dir='ltr'><strong>et</strong></span> <span class='ocrx_word' id='word_1_330' title='bbox 2323 1580 2684 1639; x_wconf 83' lang='lat' dir='ltr'><strong>absciderunt</strong></span> <span class='ocrx_word' id='word_1_331' title='bbox 2723 1582 2853 1639; x_wconf 87' lang='lat' dir='ltr'><strong>inde</strong></span> <span class='ocrx_word' id='word_1_332' title='bbox 2893 1583 3203 1654; x_wconf 78' lang='lat' dir='ltr'><strong>palmitem,</strong></span> <span class='ocrx_word' id='word_1_333' title='bbox 3276 1592 3334 1639; x_wconf 91' lang='lat' dir='ltr'><strong>et</strong></span> <span class='ocrx_word' id='word_1_334' title='bbox 3401 1582 3627 1638; x_wconf 87' lang='lat' dir='ltr'><strong>botrum</strong></span> 
     </span>
    </p>
   </div>
   <div class='ocr_carea' id='block_1_45' title="bbox 2034 1672 3628 1742">
    <p class='ocr_par' dir='ltr' id='par_1_45' title="bbox 2034 1672 3628 1742">
     <span class='ocr_line' id='line_1_45' title="bbox 2034 1672 3628 1742; baseline 0.002 -19"><span class='ocrx_word' id='word_1_335' title='bbox 2034 1683 2156 1724; x_wconf 66' lang='lat' dir='ltr'><strong>uva:</strong></span> <span class='ocrx_word' id='word_1_336' title='bbox 2181 1684 2353 1725; x_wconf 89' lang='lat' dir='ltr'><strong>unum</strong></span> <span class='ocrx_word' id='word_1_337' title='bbox 2375 1684 2543 1742; x_wconf 85' lang='lat' dir='ltr'><strong>super</strong></span> <span class='ocrx_word' id='word_1_338' title='bbox 2570 1687 2722 1738; x_wconf 81' lang='lat' dir='ltr'><strong>eum,</strong></span> <span class='ocrx_word' id='word_1_339' title='bbox 2765 1681 2821 1728; x_wconf 89' lang='lat' dir='ltr'><strong>et</strong></span> <span class='ocrx_word' id='word_1_340' title='bbox 2844 1672 3194 1728; x_wconf 89' lang='lat' dir='ltr'><strong>sustulerunt</strong></span> <span class='ocrx_word' id='word_1_341' title='bbox 3233 1672 3390 1728; x_wconf 91' lang='lat' dir='ltr'><strong>illum</strong></span> <span class='ocrx_word' id='word_1_342' title='bbox 3442 1672 3500 1727; x_wconf 91' lang='lat' dir='ltr'><strong>in</strong></span> <span class='ocrx_word' id='word_1_343' title='bbox 3531 1688 3628 1727; x_wconf 87' lang='lat' dir='ltr'><strong>ve-</strong></span> 
     </span>
    </p>
   </div>
   <div class='ocr_carea' id='block_1_46' title="bbox 2035 1760 3630 1835">
    <p class='ocr_par' dir='ltr' id='par_1_46' title="bbox 2035 1760 3630 1835">
     <span class='ocr_line' id='line_1_46' title="bbox 2035 1760 3630 1835; baseline 0.001 -18"><span class='ocrx_word' id='word_1_344' title='bbox 2035 1760 2242 1827; x_wconf 89' lang='lat' dir='ltr'><strong>ctibus,</strong></span> <span class='ocrx_word' id='word_1_345' title='bbox 2291 1769 2348 1817; x_wconf 89' lang='lat' dir='ltr'><strong>et</strong></span> <span class='ocrx_word' id='word_1_346' title='bbox 2399 1761 2469 1818; x_wconf 93' lang='lat' dir='ltr'><strong>de</strong></span> <span class='ocrx_word' id='word_1_347' title='bbox 2512 1763 2925 1835; x_wconf 86' lang='lat' dir='ltr'><strong>malogranatis,</strong></span> <span class='ocrx_word' id='word_1_348' title='bbox 2974 1770 3032 1820; x_wconf 88' lang='lat' dir='ltr'><strong>et</strong></span> <span class='ocrx_word' id='word_1_349' title='bbox 3065 1764 3135 1821; x_wconf 92' lang='lat' dir='ltr'><strong>de</strong></span> <span class='ocrx_word' id='word_1_350' title='bbox 3171 1763 3311 1833; x_wconf 88' lang='lat' dir='ltr'><strong>ﬁcis;</strong></span> <span class='ocrx_word' id='word_1_351' title='bbox 3331 1772 3388 1821; x_wconf 91' lang='lat' dir='ltr'><strong>et</strong></span> <span class='ocrx_word' id='word_1_352' title='bbox 3444 1764 3630 1820; x_wconf 88' lang='lat' dir='ltr'><strong>locum</strong></span> 
     </span>
    </p>
   </div>
   <div class='ocr_carea' id='block_1_47' title="bbox 2037 1851 3628 1929">
    <p class='ocr_par' dir='ltr' id='par_1_47' title="bbox 2037 1851 3628 1929">
     <span class='ocr_line' id='line_1_47' title="bbox 2037 1851 3628 1929; baseline 0.003 -23"><span class='ocrx_word' id='word_1_353' title='bbox 2037 1851 2192 1907; x_wconf 89' lang='lat' dir='ltr'><strong>illum</strong></span> <span class='ocrx_word' id='word_1_354' title='bbox 2214 1853 2637 1924; x_wconf 71' lang='lat' dir='ltr'><strong>appellaverunt</strong></span> <span class='ocrx_word' id='word_1_355' title='bbox 2655 1856 2856 1912; x_wconf 85' lang='lat' dir='ltr'><strong>vallem</strong></span> <span class='ocrx_word' id='word_1_356' title='bbox 2885 1856 3040 1912; x_wconf 89' lang='lat' dir='ltr'><strong>Botri</strong></span> <span class='ocrx_word' id='word_1_357' title='bbox 3065 1897 3079 1921; x_wconf 92' lang='lat'><strong>,</strong></span> <span class='ocrx_word' id='word_1_358' title='bbox 3107 1865 3337 1929; x_wconf 85' lang='lat' dir='ltr'><strong>propter</strong></span> <span class='ocrx_word' id='word_1_359' title='bbox 3382 1855 3628 1919; x_wconf 88' lang='lat' dir='ltr'><strong>botrum,</strong></span> 
     </span>
    </p>
   </div>
   <div class='ocr_carea' id='block_1_48' title="bbox 2035 1945 3632 2015">
    <p class='ocr_par' dir='ltr' id='par_1_48' title="bbox 2035 1945 3632 2015">
     <span class='ocr_line' id='line_1_48' title="bbox 2035 1945 3632 2015; baseline 0.002 -16"><span class='ocrx_word' id='word_1_360' title='bbox 2035 1960 2202 2015; x_wconf 87' lang='lat' dir='ltr'><strong>quem</strong></span> <span class='ocrx_word' id='word_1_361' title='bbox 2233 1945 2594 2002; x_wconf 85' lang='lat' dir='ltr'><strong>absciderunt</strong></span> <span class='ocrx_word' id='word_1_362' title='bbox 2624 1947 2753 2004; x_wconf 91' lang='lat' dir='ltr'><strong>inde</strong></span> <span class='ocrx_word' id='word_1_363' title='bbox 2780 1947 2879 2003; x_wconf 88' lang='lat' dir='ltr'><strong>ﬁlii</strong></span> <span class='ocrx_word' id='word_1_364' title='bbox 2920 1948 3109 2005; x_wconf 87' lang='lat' dir='ltr'><strong>Israel.</strong></span> <span class='ocrx_word' id='word_1_365' title='bbox 3138 1949 3210 2005; x_wconf 85' lang='lat' dir='ltr'><strong>Et</strong></span> <span class='ocrx_word' id='word_1_366' title='bbox 3237 1949 3448 2005; x_wconf 81' lang='lat' dir='ltr'><strong>reversi</strong></span> <span class='ocrx_word' id='word_1_367' title='bbox 3500 1956 3632 2003; x_wconf 91' lang='lat' dir='ltr'><strong>sunt</strong></span> 
     </span>
    </p>
   </div>
   <div class='ocr_carea' id='block_1_49' title="bbox 2036 2037 3630 2113">
    <p class='ocr_par' dir='ltr' id='par_1_49' title="bbox 2036 2037 3630 2113">
     <span class='ocr_line' id='line_1_49' title="bbox 2036 2037 3630 2113; baseline 0.002 -20"><span class='ocrx_word' id='word_1_368' title='bbox 2036 2037 2185 2104; x_wconf 89' lang='lat' dir='ltr'><strong>inde,</strong></span> <span class='ocrx_word' id='word_1_369' title='bbox 2220 2047 2511 2109; x_wconf 87' lang='lat' dir='ltr'><strong>postquam</strong></span> <span class='ocrx_word' id='word_1_370' title='bbox 2538 2040 2966 2111; x_wconf 79' lang='lat' dir='ltr'><strong>exploraverunt</strong></span> <span class='ocrx_word' id='word_1_371' title='bbox 2993 2049 3219 2107; x_wconf 83' lang='lat' dir='ltr'><strong>terram,</strong></span> <span class='ocrx_word' id='word_1_372' title='bbox 3250 2040 3630 2113; x_wconf 88' lang='lat' dir='ltr'><strong>postquadra-</strong></span> 
     </span>
    </p>
   </div>
   <div class='ocr_carea' id='block_1_50' title="bbox 2035 2130 3633 2206">
    <p class='ocr_par' dir='ltr' id='par_1_50' title="bbox 2035 2130 3633 2206">
     <span class='ocr_line' id='line_1_50' title="bbox 2035 2130 3633 2206; baseline 0 -21"><span class='ocrx_word' id='word_1_373' title='bbox 2035 2131 2186 2203; x_wconf 88' lang='lat' dir='ltr'><strong>ginta</strong></span> <span class='ocrx_word' id='word_1_374' title='bbox 2210 2130 2350 2198; x_wconf 90' lang='lat' dir='ltr'><strong>dies,</strong></span> <span class='ocrx_word' id='word_1_375' title='bbox 2369 2139 2427 2186; x_wconf 91' lang='lat' dir='ltr'><strong>et</strong></span> <span class='ocrx_word' id='word_1_376' title='bbox 2443 2139 2642 2188; x_wconf 89' lang='lat' dir='ltr'><strong>euntes</strong></span> <span class='ocrx_word' id='word_1_377' title='bbox 2662 2141 2938 2189; x_wconf 85' lang='lat' dir='ltr'><strong>venerunt</strong></span> <span class='ocrx_word' id='word_1_378' title='bbox 2961 2133 3032 2189; x_wconf 91' lang='lat' dir='ltr'><strong>ad</strong></span> <span class='ocrx_word' id='word_1_379' title='bbox 3051 2133 3273 2206; x_wconf 82' lang='lat' dir='ltr'><strong>Moysen</strong></span> <span class='ocrx_word' id='word_1_380' title='bbox 3287 2139 3344 2189; x_wconf 92' lang='lat' dir='ltr'><strong>et</strong></span> <span class='ocrx_word' id='word_1_381' title='bbox 3355 2132 3557 2198; x_wconf 83' lang='lat' dir='ltr'><strong>Aaron,</strong></span> <span class='ocrx_word' id='word_1_382' title='bbox 3575 2140 3633 2186; x_wconf 90' lang='lat' dir='ltr'><strong>et</strong></span> 
     </span>
    </p>
   </div>
   <div class='ocr_carea' id='block_1_51' title="bbox 2036 2222 3634 2297">
    <p class='ocr_par' dir='ltr' id='par_1_51' title="bbox 2036 2222 3634 2297">
     <span class='ocr_line' id='line_1_51' title="bbox 2036 2222 3634 2297; baseline 0.001 -18"><span class='ocrx_word' id='word_1_383' title='bbox 2036 2222 2106 2279; x_wconf 90' lang='lat' dir='ltr'><strong>ad</strong></span> <span class='ocrx_word' id='word_1_384' title='bbox 2132 2238 2354 2279; x_wconf 90' lang='lat' dir='ltr'><strong>omnem</strong></span> <span class='ocrx_word' id='word_1_385' title='bbox 2384 2225 2866 2297; x_wconf 77' lang='lat' dir='ltr'><strong>congregationem</strong></span> <span class='ocrx_word' id='word_1_386' title='bbox 2892 2224 3129 2281; x_wconf 86' lang='lat' dir='ltr'><strong>ﬁliorum</strong></span> <span class='ocrx_word' id='word_1_387' title='bbox 3152 2225 3319 2281; x_wconf 90' lang='lat' dir='ltr'><strong>Israel</strong></span> <span class='ocrx_word' id='word_1_388' title='bbox 3361 2224 3634 2280; x_wconf 53' lang='lat' dir='ltr'><strong>in&#39;desera</strong></span> 
     </span>
    </p>
   </div>
   <div class='ocr_carea' id='block_1_52' title="bbox 2035 2311 3667 2386">
    <p class='ocr_par' dir='ltr' id='par_1_52' title="bbox 2035 2311 3667 2386">
     <span class='ocr_line' id='line_1_52' title="bbox 2035 2311 3667 2386; baseline -0.003 -17"><span class='ocrx_word' id='word_1_389' title='bbox 2035 2321 2153 2370; x_wconf 91' lang='lat' dir='ltr'><strong>tum</strong></span> <span class='ocrx_word' id='word_1_390' title='bbox 2170 2313 2407 2381; x_wconf 86' lang='lat' dir='ltr'><strong>Pharan,</strong></span> <span class='ocrx_word' id='word_1_391' title='bbox 2428 2313 2483 2369; x_wconf 91' lang='lat' dir='ltr'><strong>in</strong></span> <span class='ocrx_word' id='word_1_392' title='bbox 2506 2313 2701 2370; x_wconf 90' lang='lat' dir='ltr'><strong>Cades.</strong></span> <span class='ocrx_word' id='word_1_393' title='bbox 2725 2315 2795 2369; x_wconf 86' lang='lat' dir='ltr'><strong>Et</strong></span> <span class='ocrx_word' id='word_1_394' title='bbox 2818 2313 3221 2386; x_wconf 84' lang='lat' dir='ltr'><strong>responderunt</strong></span> <span class='ocrx_word' id='word_1_395' title='bbox 3244 2312 3354 2367; x_wconf 82' lang='lat' dir='ltr'><strong>illis</strong></span> <span class='ocrx_word' id='word_1_396' title='bbox 3374 2311 3628 2374; x_wconf 77' lang='lat' dir='ltr'><strong>verbum,</strong></span> <span class='ocrx_word' id='word_1_397' title='bbox 3660 2330 3667 2335; x_wconf 92' lang='grc'>·</span> 
     </span>
    </p>
   </div>
   <div class='ocr_carea' id='block_1_53' title="bbox 2034 2403 3693 2481">
    <p class='ocr_par' dir='ltr' id='par_1_53' title="bbox 2034 2403 3693 2481">
     <span class='ocr_line' id='line_1_53' title="bbox 2034 2403 3693 2481; baseline -0.003 -19"><span class='ocrx_word' id='word_1_398' title='bbox 2034 2414 2092 2462; x_wconf 90' lang='lat' dir='ltr'><strong>et</strong></span> <span class='ocrx_word' id='word_1_399' title='bbox 2132 2407 2405 2481; x_wconf 71' lang='lat' dir='ltr'><strong>universa:</strong></span> <span class='ocrx_word' id='word_1_400' title='bbox 2458 2407 2905 2478; x_wconf 82' lang='lat' dir='ltr'><strong>congregationi;</strong></span> <span class='ocrx_word' id='word_1_401' title='bbox 2961 2414 3019 2460; x_wconf 88' lang='lat' dir='ltr'><strong>et</strong></span> <span class='ocrx_word' id='word_1_402' title='bbox 3074 2404 3441 2461; x_wconf 89' lang='lat' dir='ltr'><strong>ostenderunt</strong></span> <span class='ocrx_word' id='word_1_403' title='bbox 3497 2403 3634 2474; x_wconf 88' lang='lat' dir='ltr'><strong>ipsis</strong></span> <span class='ocrx_word' id='word_1_404' title='bbox 3690 2480 3693 2481; x_wconf 14' lang='grc' dir='ltr'><em>ν</em></span> 
     </span>
    </p>
   </div>
   <div class='ocr_carea' id='block_1_54' title="bbox 2034 2479 3636 2563">
    <p class='ocr_par' dir='ltr' id='par_1_54' title="bbox 2034 2479 3636 2563">
     <span class='ocr_line' id='line_1_54' title="bbox 2034 2479 3636 2563; baseline -0.002 -11"><span class='ocrx_word' id='word_1_405' title='bbox 2034 2479 2280 2552; x_wconf 78' lang='lat' dir='ltr'><strong>fructum</strong></span> <span class='ocrx_word' id='word_1_406' title='bbox 2317 2505 2498 2563; x_wconf 62' lang='lat' dir='ltr'><strong>terrae,</strong></span> <span class='ocrx_word' id='word_1_407' title='bbox 2547 2506 2606 2553; x_wconf 88' lang='lat' dir='ltr'><strong>et</strong></span> <span class='ocrx_word' id='word_1_408' title='bbox 2640 2504 3011 2553; x_wconf 87' lang='lat' dir='ltr'><strong>narraverunt</strong></span> <span class='ocrx_word' id='word_1_409' title='bbox 3031 2497 3115 2552; x_wconf 88' lang='lat' dir='ltr'><strong>eis</strong></span> <span class='ocrx_word' id='word_1_410' title='bbox 3153 2494 3447 2552; x_wconf 84' lang='lat' dir='ltr'><strong>dicentes:</strong></span> <span class='ocrx_word' id='word_1_411' title='bbox 3470 2494 3636 2551; x_wconf 85' lang='lat' dir='ltr'><strong>Veni-</strong></span> 
     </span>
    </p>
   </div>
   <div class='ocr_carea' id='block_1_55' title="bbox 2037 2586 3633 2660">
    <p class='ocr_par' dir='ltr' id='par_1_55' title="bbox 2037 2586 3633 2660">
     <span class='ocr_line' id='line_1_55' title="bbox 2037 2586 3633 2660; baseline -0.002 -16"><span class='ocrx_word' id='word_1_412' title='bbox 2037 2605 2162 2645; x_wconf 90' lang='lat' dir='ltr'><strong>mus</strong></span> <span class='ocrx_word' id='word_1_413' title='bbox 2195 2590 2253 2645; x_wconf 91' lang='lat' dir='ltr'><strong>in</strong></span> <span class='ocrx_word' id='word_1_414' title='bbox 2288 2598 2492 2646; x_wconf 87' lang='lat' dir='ltr'><strong>terram</strong></span> <span class='ocrx_word' id='word_1_415' title='bbox 2531 2604 2644 2660; x_wconf 92' lang='lat' dir='ltr'><strong>quo</strong></span> <span class='ocrx_word' id='word_1_416' title='bbox 2701 2588 2901 2644; x_wconf 87' lang='lat' dir='ltr'><strong>misisti</strong></span> <span class='ocrx_word' id='word_1_417' title='bbox 2949 2604 3075 2654; x_wconf 89' lang='lat' dir='ltr'><strong>nos,</strong></span> <span class='ocrx_word' id='word_1_418' title='bbox 3116 2597 3322 2644; x_wconf 89' lang='lat' dir='ltr'><strong>terram</strong></span> <span class='ocrx_word' id='word_1_419' title='bbox 3370 2586 3633 2643; x_wconf 84' lang='lat' dir='ltr'><strong>ﬂuentem</strong></span> 
     </span>
    </p>
   </div>
   <div class='ocr_carea' id='block_1_56' title="bbox 2037 2677 3635 2754">
    <p class='ocr_par' dir='ltr' id='par_1_56' title="bbox 2037 2677 3635 2754">
     <span class='ocr_line' id='line_1_56' title="bbox 2037 2677 3635 2754; baseline -0.003 -18"><span class='ocrx_word' id='word_1_420' title='bbox 2037 2681 2179 2738; x_wconf 89' lang='lat' dir='ltr'><strong>laete</strong></span> <span class='ocrx_word' id='word_1_421' title='bbox 2207 2693 2266 2738; x_wconf 90' lang='lat' dir='ltr'><strong>et</strong></span> <span class='ocrx_word' id='word_1_422' title='bbox 2307 2681 2506 2749; x_wconf 89' lang='lat' dir='ltr'><strong>melle;</strong></span> <span class='ocrx_word' id='word_1_423' title='bbox 2543 2691 2602 2745; x_wconf 86' lang='lat' dir='ltr'><strong>et</strong></span> <span class='ocrx_word' id='word_1_424' title='bbox 2631 2682 2724 2737; x_wconf 87' lang='lat' dir='ltr'><strong>hic</strong></span> <span class='ocrx_word' id='word_1_425' title='bbox 2765 2689 2852 2738; x_wconf 83' lang='lat' dir='ltr'><strong>est</strong></span> <span class='ocrx_word' id='word_1_426' title='bbox 2893 2681 3111 2738; x_wconf 88' lang='lat' dir='ltr'><strong>fructus</strong></span> <span class='ocrx_word' id='word_1_427' title='bbox 3142 2681 3266 2754; x_wconf 80' lang='lat' dir='ltr'><strong>ejus</strong></span> <span class='ocrx_word' id='word_1_428' title='bbox 3302 2697 3317 2734; x_wconf 89' lang='lat'><strong>:</strong></span> <span class='ocrx_word' id='word_1_429' title='bbox 3347 2678 3456 2735; x_wconf 88' lang='lat' dir='ltr'><strong>nisi</strong></span> <span class='ocrx_word' id='word_1_430' title='bbox 3486 2677 3635 2750; x_wconf 87' lang='lat' dir='ltr'><strong>quod</strong></span> 
     </span>
    </p>
   </div>
   <div class='ocr_carea' id='block_1_57' title="bbox 2038 2772 3637 2847">
    <p class='ocr_par' dir='ltr' id='par_1_57' title="bbox 2038 2772 3637 2847">
     <span class='ocr_line' id='line_1_57' title="bbox 2038 2772 3637 2847; baseline -0.002 -18"><span class='ocrx_word' id='word_1_431' title='bbox 2038 2773 2218 2830; x_wconf 76' lang='lat' dir='ltr'><strong>audax</strong></span> <span class='ocrx_word' id='word_1_432' title='bbox 2259 2783 2346 2830; x_wconf 90' lang='lat' dir='ltr'><strong>est</strong></span> <span class='ocrx_word' id='word_1_433' title='bbox 2375 2789 2511 2847; x_wconf 88' lang='lat' dir='ltr'><strong>gens</strong></span> <span class='ocrx_word' id='word_1_434' title='bbox 2563 2773 2932 2845; x_wconf 42' lang='lat' dir='ltr'><strong>quatthnbitat</strong></span> <span class='ocrx_word' id='word_1_435' title='bbox 2960 2774 3017 2828; x_wconf 90' lang='lat' dir='ltr'><strong>in</strong></span> <span class='ocrx_word' id='word_1_436' title='bbox 3045 2773 3182 2844; x_wconf 89' lang='lat' dir='ltr'><strong>ipsa,</strong></span> <span class='ocrx_word' id='word_1_437' title='bbox 3219 2780 3277 2828; x_wconf 92' lang='lat' dir='ltr'><strong>et</strong></span> <span class='ocrx_word' id='word_1_438' title='bbox 3300 2772 3471 2828; x_wconf 89' lang='lat' dir='ltr'><strong>urbes</strong></span> <span class='ocrx_word' id='word_1_439' title='bbox 3511 2786 3637 2826; x_wconf 90' lang='lat' dir='ltr'><strong>mu-</strong></span> 
     </span>
    </p>
   </div>
   <div class='ocr_carea' id='block_1_58' title="bbox 2038 2864 3637 2938">
    <p class='ocr_par' dir='ltr' id='par_1_58' title="bbox 2038 2864 3637 2938">
     <span class='ocr_line' id='line_1_58' title="bbox 2038 2864 3637 2938; baseline -0.002 -17"><span class='ocrx_word' id='word_1_440' title='bbox 2038 2867 2189 2932; x_wconf 60' lang='lat' dir='ltr'><strong>nitm,</strong></span> <span class='ocrx_word' id='word_1_441' title='bbox 2213 2873 2271 2922; x_wconf 91' lang='lat' dir='ltr'><strong>et</strong></span> <span class='ocrx_word' id='word_1_442' title='bbox 2299 2882 2512 2938; x_wconf 72' lang='lat' dir='ltr'><strong>magnae</strong></span> <span class='ocrx_word' id='word_1_443' title='bbox 2535 2867 2928 2931; x_wconf 83' lang='lat' dir='ltr'><strong>vehementer,</strong></span> <span class='ocrx_word' id='word_1_444' title='bbox 2963 2874 3020 2923; x_wconf 91' lang='lat' dir='ltr'><strong>et</strong></span> <span class='ocrx_word' id='word_1_445' title='bbox 3059 2866 3291 2937; x_wconf 89' lang='lat' dir='ltr'><strong>stirpem</strong></span> <span class='ocrx_word' id='word_1_446' title='bbox 3334 2865 3485 2921; x_wconf 87' lang='lat' dir='ltr'><strong>Enac</strong></span> <span class='ocrx_word' id='word_1_447' title='bbox 3550 2864 3637 2918; x_wconf 80' lang='lat' dir='ltr'><strong>vi-</strong></span> 
     </span>
    </p>
   </div>
   <div class='ocr_carea' id='block_1_59' title="bbox 2040 2956 3639 3030">
    <p class='ocr_par' dir='ltr' id='par_1_59' title="bbox 2040 2956 3639 3030">
     <span class='ocr_line' id='line_1_59' title="bbox 2040 2956 3639 3030; baseline -0.001 -19"><span class='ocrx_word' id='word_1_448' title='bbox 2040 2956 2226 3012; x_wconf 91' lang='lat' dir='ltr'><strong>dimus</strong></span> <span class='ocrx_word' id='word_1_449' title='bbox 2258 2956 2337 3012; x_wconf 88' lang='lat' dir='ltr'><strong>ibi</strong></span> <span class='ocrx_word' id='word_1_450' title='bbox 2364 2957 2430 3012; x_wconf 61' lang='lat'><strong>3°.</strong></span> <span class='ocrx_word' id='word_1_451' title='bbox 2475 2976 2492 3009; x_wconf 75' lang='grc' dir='ltr'><strong>ι</strong></span> <span class='ocrx_word' id='word_1_452' title='bbox 2531 2958 2801 3030; x_wconf 90' lang='lat' dir='ltr'><strong>Intelligis</strong></span> <span class='ocrx_word' id='word_1_453' title='bbox 2828 2958 2955 3014; x_wconf 83' lang='lat' dir='ltr'><strong>illos</strong></span> <span class='ocrx_word' id='word_1_454' title='bbox 2982 2958 3205 3014; x_wconf 90' lang='lat' dir='ltr'><strong>timidos</strong></span> <span class='ocrx_word' id='word_1_455' title='bbox 3260 2972 3326 3013; x_wconf 89' lang='lat' dir='ltr'><strong>ac</strong></span> <span class='ocrx_word' id='word_1_456' title='bbox 3344 2956 3639 3013; x_wconf 84' lang='lat' dir='ltr'><strong>meticulo-</strong></span> 
     </span>
    </p>
   </div>
   <div class='ocr_carea' id='block_1_60' title="bbox 2042 3047 3642 3120">
    <p class='ocr_par' dir='ltr' id='par_1_60' title="bbox 2042 3047 3642 3120">
     <span class='ocr_line' id='line_1_60' title="bbox 2042 3047 3642 3120; baseline -0.001 -16"><span class='ocrx_word' id='word_1_457' title='bbox 2042 3063 2132 3104; x_wconf 93' lang='lat' dir='ltr'><strong>sos</strong></span> <span class='ocrx_word' id='word_1_458' title='bbox 2177 3056 2339 3104; x_wconf 61' lang='lat' dir='ltr'><strong>terra;</strong></span> <span class='ocrx_word' id='word_1_459' title='bbox 2384 3048 2774 3120; x_wconf 89' lang='lat' dir='ltr'><strong>promissionis</strong></span> <span class='ocrx_word' id='word_1_460' title='bbox 2806 3048 3190 3119; x_wconf 77' lang='lat' dir='ltr'><strong>exploratores</strong></span> <span class='ocrx_word' id='word_1_461' title='bbox 3224 3047 3515 3104; x_wconf 81' lang='lat' dir='ltr'><strong>manifeste</strong></span> <span class='ocrx_word' id='word_1_462' title='bbox 3555 3061 3642 3102; x_wconf 89' lang='lat' dir='ltr'><strong>re-</strong></span> 
     </span>
    </p>
   </div>
   <div class='ocr_carea' id='block_1_61' title="bbox 2042 3138 3637 3212">
    <p class='ocr_par' dir='ltr' id='par_1_61' title="bbox 2042 3138 3637 3212">
     <span class='ocr_line' id='line_1_61' title="bbox 2042 3138 3637 3212; baseline -0.001 -17"><span class='ocrx_word' id='word_1_463' title='bbox 2042 3138 2260 3211; x_wconf 84' lang='lat' dir='ltr'><strong>gionem</strong></span> <span class='ocrx_word' id='word_1_464' title='bbox 2286 3141 2437 3195; x_wconf 88' lang='lat' dir='ltr'><strong>illam</strong></span> <span class='ocrx_word' id='word_1_465' title='bbox 2468 3140 2678 3198; x_wconf 85' lang='lat' dir='ltr'><strong>vitibus</strong></span> <span class='ocrx_word' id='word_1_466' title='bbox 2720 3141 2970 3197; x_wconf 83' lang='lat' dir='ltr'><strong>ferendis</strong></span> <span class='ocrx_word' id='word_1_467' title='bbox 3021 3149 3206 3212; x_wconf 86' lang='lat' dir='ltr'><strong>aptam</strong></span> <span class='ocrx_word' id='word_1_468' title='bbox 3245 3155 3367 3196; x_wconf 91' lang='lat' dir='ltr'><strong>esse</strong></span> <span class='ocrx_word' id='word_1_469' title='bbox 3391 3154 3457 3195; x_wconf 91' lang='lat' dir='ltr'><strong>ac</strong></span> <span class='ocrx_word' id='word_1_470' title='bbox 3510 3139 3637 3211; x_wconf 89' lang='lat' dir='ltr'><strong>pin-</strong></span> 
     </span>
    </p>
   </div>
   <div class='ocr_carea' id='block_1_62' title="bbox 325 3231 1939 3324">
    <p class='ocr_par' dir='ltr' id='par_1_62' title="bbox 325 3246 1938 3324">
     <span class='ocr_line' id='line_1_62' title="bbox 325 3246 1938 3324; baseline 0.002 -23"><span class='ocrx_word' id='word_1_471' title='bbox 325 3246 763 3320; x_wconf 83' lang='grc' dir='ltr'>ὡμολογήκασιν</span> <span class='ocrx_word' id='word_1_472' title='bbox 793 3249 1068 3322; x_wconf 77' lang='grc' dir='ltr'>ἐναργῶς,</span> <span class='ocrx_word' id='word_1_473' title='bbox 1090 3252 1168 3316; x_wconf 85' lang='grc' dir='ltr'><strong>ὡς</strong></span> <span class='ocrx_word' id='word_1_474' title='bbox 1194 3251 1508 3323; x_wconf 82' lang='grc' dir='ltr'>εύάμπελός</span> <span class='ocrx_word' id='word_1_475' title='bbox 1533 3269 1593 3305; x_wconf 85' lang='grc' dir='ltr'><strong>τε</strong></span> <span class='ocrx_word' id='word_1_476' title='bbox 1615 3252 1710 3305; x_wconf 70' lang='grc' dir='ltr'>καὶ</span> <span class='ocrx_word' id='word_1_477' title='bbox 1736 3252 1875 3305; x_wconf 87' lang='grc' dir='ltr'>πίων</span> <span class='ocrx_word' id='word_1_478' title='bbox 1905 3254 1938 3324; x_wconf 78' lang='grc' dir='ltr'><strong>ἡ</strong></span> 
     </span>
    </p>
   </div>
   <div class='ocr_carea' id='block_1_63' title="bbox 2042 3231 3643 3324">
    <p class='ocr_par' dir='ltr' id='par_1_63' title="bbox 2043 3231 3643 3304">
     <span class='ocr_line' id='line_1_63' title="bbox 2043 3231 3643 3304; baseline 0.001 -17"><span class='ocrx_word' id='word_1_479' title='bbox 2043 3248 2227 3304; x_wconf 85' lang='lat' dir='ltr'><strong>gnem,</strong></span> <span class='ocrx_word' id='word_1_480' title='bbox 2268 3242 2327 3289; x_wconf 92' lang='lat' dir='ltr'><strong>et</strong></span> <span class='ocrx_word' id='word_1_481' title='bbox 2350 3233 2586 3289; x_wconf 85' lang='lat' dir='ltr'><strong>maturis</strong></span> <span class='ocrx_word' id='word_1_482' title='bbox 2616 3232 2895 3290; x_wconf 91' lang='lat' dir='ltr'><strong>fructibus</strong></span> <span class='ocrx_word' id='word_1_483' title='bbox 2939 3233 3317 3290; x_wconf 85' lang='lat' dir='ltr'><strong>abundantem</strong></span> <span class='ocrx_word' id='word_1_484' title='bbox 3356 3231 3643 3288; x_wconf 80' lang='lat' dir='ltr'><strong>confessos</strong></span> 
     </span>
    </p>
   </div>
   <div class='ocr_carea' id='block_1_64' title="bbox 325 3342 1940 3417">
    <p class='ocr_par' dir='ltr' id='par_1_64' title="bbox 325 3342 1940 3417">
     <span class='ocr_line' id='line_1_64' title="bbox 325 3342 1940 3417; baseline 0.002 -20"><span class='ocrx_word' id='word_1_485' title='bbox 325 3343 427 3412; x_wconf 83' lang='grc' dir='ltr'><strong>γῆ,</strong></span> <span class='ocrx_word' id='word_1_486' title='bbox 463 3342 562 3396; x_wconf 85' lang='grc' dir='ltr'><strong>καί</strong></span> <span class='ocrx_word' id='word_1_487' title='bbox 589 3345 828 3415; x_wconf 83' lang='grc' dir='ltr'>καρποῖς</span> <span class='ocrx_word' id='word_1_488' title='bbox 850 3343 1075 3415; x_wconf 82' lang='grc' dir='ltr'>ὡραίοις</span> <span class='ocrx_word' id='word_1_489' title='bbox 1107 3344 1414 3417; x_wconf 82' lang='grc' dir='ltr'>διαϐριθὴς,</span> <span class='ocrx_word' id='word_1_490' title='bbox 1441 3345 1857 3417; x_wconf 83' lang='grc' dir='ltr'>παραπλέκουσι</span> <span class='ocrx_word' id='word_1_491' title='bbox 1881 3347 1940 3402; x_wconf 81' lang='grc' dir='ltr'><strong>δέ</strong></span> 
     </span>
    </p>
   </div>
   <div class='ocr_carea' id='block_1_65' title="bbox 325 3434 1940 3510">
    <p class='ocr_par' dir='ltr' id='par_1_65' title="bbox 325 3434 1940 3510">
     <span class='ocr_line' id='line_1_65' title="bbox 325 3434 1940 3510; baseline 0.002 -22"><span class='ocrx_word' id='word_1_492' title='bbox 325 3434 546 3500; x_wconf 75' lang='grc' dir='ltr'>τούτοις</span> <span class='ocrx_word' id='word_1_493' title='bbox 581 3436 652 3490; x_wconf 81' lang='grc' dir='ltr'>τὰ</span> <span class='ocrx_word' id='word_1_494' title='bbox 681 3437 762 3507; x_wconf 77' lang='grc' dir='ltr'><strong>είς</strong></span> <span class='ocrx_word' id='word_1_495' title='bbox 792 3436 1021 3501; x_wconf 82' lang='grc' dir='ltr'>δειλίαν,</span> <span class='ocrx_word' id='word_1_496' title='bbox 1054 3436 1235 3510; x_wconf 75' lang='grc' dir='ltr'>θρασὺ</span> <span class='ocrx_word' id='word_1_497' title='bbox 1265 3438 1367 3509; x_wconf 79' lang='grc' dir='ltr'><strong>μὲν</strong></span> <span class='ocrx_word' id='word_1_498' title='bbox 1394 3439 1456 3493; x_wconf 80' lang='grc' dir='ltr'>τὸ</span> <span class='ocrx_word' id='word_1_499' title='bbox 1481 3437 1633 3503; x_wconf 78' lang='grc' dir='ltr'>ἔθνος</span> <span class='ocrx_word' id='word_1_500' title='bbox 1665 3438 1725 3492; x_wconf 83' lang='grc' dir='ltr'><strong>τὸ</strong></span> <span class='ocrx_word' id='word_1_501' title='bbox 1753 3454 1940 3493; x_wconf 82' lang='grc' dir='ltr'>κατοι-</span> 
     </span>
    </p>
   </div>
   <div class='ocr_carea' id='block_1_66' title="bbox 327 3528 1941 3605">
    <p class='ocr_par' dir='ltr' id='par_1_66' title="bbox 327 3528 1941 3605">
     <span class='ocr_line' id='line_1_66' title="bbox 327 3528 1941 3605; baseline 0.002 -21"><span class='ocrx_word' id='word_1_502' title='bbox 327 3528 463 3584; x_wconf 83' lang='grc' dir='ltr'><strong>κοῦν</strong></span> <span class='ocrx_word' id='word_1_503' title='bbox 493 3530 885 3602; x_wconf 76' lang='grc' dir='ltr'>ὀνομάζοντες,</span> <span class='ocrx_word' id='word_1_504' title='bbox 929 3532 1116 3597; x_wconf 86' lang='grc' dir='ltr'>πόλεις</span> <span class='ocrx_word' id='word_1_505' title='bbox 1157 3549 1218 3586; x_wconf 87' lang='grc' dir='ltr'><strong>τε</strong></span> <span class='ocrx_word' id='word_1_506' title='bbox 1248 3532 1454 3605; x_wconf 82' lang='grc' dir='ltr'>ὀχυρὰς</span> <span class='ocrx_word' id='word_1_507' title='bbox 1480 3533 1575 3586; x_wconf 72' lang='grc' dir='ltr'><strong>καὶ</strong></span> <span class='ocrx_word' id='word_1_508' title='bbox 1599 3532 1941 3604; x_wconf 71' lang='grc' dir='ltr'>τετειχισμέο</span> 
     </span>
    </p>
   </div>
   <div class='ocr_carea' id='block_1_67' title="bbox 328 3624 1941 3700">
    <p class='ocr_par' dir='ltr' id='par_1_67' title="bbox 328 3624 1941 3700">
     <span class='ocr_line' id='line_1_67' title="bbox 328 3624 1941 3700; baseline 0.001 -21"><span class='ocrx_word' id='word_1_509' title='bbox 328 3641 427 3688; x_wconf 80' lang='grc' dir='ltr'><strong>νας</strong></span> <span class='ocrx_word' id='word_1_510' title='bbox 459 3624 577 3679; x_wconf 68' lang='grc' dir='ltr'>ἀνω</span> <span class='ocrx_word' id='word_1_511' title='bbox 609 3626 705 3679; x_wconf 76' lang='grc' dir='ltr'><strong>καὶ</strong></span> <span class='ocrx_word' id='word_1_512' title='bbox 739 3625 893 3680; x_wconf 87' lang='grc' dir='ltr'>κάτω</span> <span class='ocrx_word' id='word_1_513' title='bbox 913 3624 1190 3696; x_wconf 80' lang='grc' dir='ltr'>λέγοντες,</span> <span class='ocrx_word' id='word_1_514' title='bbox 1211 3627 1428 3698; x_wconf 73' lang='grc' dir='ltr'>καὶτῆς</span> <span class='ocrx_word' id='word_1_515' title='bbox 1451 3628 1545 3681; x_wconf 77' lang='grc' dir='ltr'><strong>ἐπὶ</strong></span> <span class='ocrx_word' id='word_1_516' title='bbox 1568 3626 1628 3681; x_wconf 85' lang='grc' dir='ltr'><strong>τὸ</strong></span> <span class='ocrx_word' id='word_1_517' title='bbox 1644 3628 1941 3700; x_wconf 85' lang='grc' dir='ltr'>κρατήσειν</span> 
     </span>
    </p>
   </div>
   <div class='ocr_carea' id='block_1_68' title="bbox 329 3714 1942 3791">
    <p class='ocr_par' dir='ltr' id='par_1_68' title="bbox 329 3714 1942 3791">
     <span class='ocr_line' id='line_1_68' title="bbox 329 3714 1942 3791; baseline 0.001 -23"><span class='ocrx_word' id='word_1_518' title='bbox 329 3714 554 3781; x_wconf 80' lang='grc' dir='ltr'>ἐλπίδος</span> <span class='ocrx_word' id='word_1_519' title='bbox 582 3715 911 3783; x_wconf 81' lang='grc' dir='ltr'>ἐξιστῶντες</span> <span class='ocrx_word' id='word_1_520' title='bbox 943 3717 1036 3771; x_wconf 70' lang='grc' dir='ltr'>τὸν</span> <span class='ocrx_word' id='word_1_521' title='bbox 1093 3717 1337 3791; x_wconf 80' lang='grc' dir='ltr'>Ἰσραὴλ,</span> <span class='ocrx_word' id='word_1_522' title='bbox 1373 3718 1469 3773; x_wconf 81' lang='grc' dir='ltr'><strong>καὶ</strong></span> <span class='ocrx_word' id='word_1_523' title='bbox 1502 3717 1942 3788; x_wconf 81' lang='grc' dir='ltr'>καταφοϐοὖντες</span> 
     </span>
    </p>
   </div>
   <div class='ocr_carea' id='block_1_69' title="bbox 330 3808 781 3881">
    <p class='ocr_par' dir='ltr' id='par_1_69' title="bbox 330 3808 781 3881">
     <span class='ocr_line' id='line_1_69' title="bbox 330 3808 781 3881; baseline 0.004 -20"><span class='ocrx_word' id='word_1_524' title='bbox 330 3809 416 3873; x_wconf 80' lang='grc' dir='ltr'><strong>είς</strong></span> <span class='ocrx_word' id='word_1_525' title='bbox 439 3808 744 3881; x_wconf 86' lang='grc' dir='ltr'>ἀνανδρίαν</span> <span class='ocrx_word' id='word_1_526' title='bbox 765 3828 781 3878; x_wconf 88' lang='grc'><strong>;</strong></span> 
     </span>
    </p>
   </div>
   <div class='ocr_carea' id='block_1_70' title="bbox 403 3896 957 3976">
    <p class='ocr_par' dir='ltr' id='par_1_70' title="bbox 403 3896 957 3976">
     <span class='ocr_line' id='line_1_70' title="bbox 403 3896 957 3976; baseline 0.005 -20"><span class='ocrx_word' id='word_1_527' title='bbox 403 3903 623 3959; x_wconf 81' lang='grc' dir='ltr'><strong>ΠΔΛΛ.</strong></span> <span class='ocrx_word' id='word_1_528' title='bbox 661 3896 793 3957; x_wconf 81' lang='grc' dir='ltr'>’Ὧδε</span> <span class='ocrx_word' id='word_1_529' title='bbox 820 3903 957 3976; x_wconf 77' lang='grc' dir='ltr'>ἔχει.</span> 
     </span>
    </p>
   </div>
   <div class='ocr_carea' id='block_1_71' title="bbox 403 3996 1945 4069">
    <p class='ocr_par' dir='ltr' id='par_1_71' title="bbox 403 3996 1945 4069">
     <span class='ocr_line' id='line_1_71' title="bbox 403 3996 1945 4069; baseline 0.003 -19"><span class='ocrx_word' id='word_1_530' title='bbox 403 3996 580 4051; x_wconf 78' lang='grc' dir='ltr'><strong>ΚΥΡ.</strong></span> <span class='ocrx_word' id='word_1_531' title='bbox 629 3996 773 4051; x_wconf 83' lang='grc' dir='ltr'>Ἀλλ’</span> <span class='ocrx_word' id='word_1_532' title='bbox 799 3997 919 4067; x_wconf 81' lang='grc' dir='ltr'>οἵγε</span> <span class='ocrx_word' id='word_1_533' title='bbox 945 3998 1103 4069; x_wconf 79' lang='grc' dir='ltr'>σοφοὶ</span> <span class='ocrx_word' id='word_1_534' title='bbox 1141 3999 1240 4053; x_wconf 74' lang='grc' dir='ltr'><strong>καὶ</strong></span> <span class='ocrx_word' id='word_1_535' title='bbox 1272 4000 1527 4068; x_wconf 74' lang='grc' dir='ltr'>νεανικοὶ,</span> <span class='ocrx_word' id='word_1_536' title='bbox 1560 4001 1743 4057; x_wconf 80' lang='grc' dir='ltr'>Χαλέϐ</span> <span class='ocrx_word' id='word_1_537' title='bbox 1764 4018 1824 4056; x_wconf 85' lang='grc' dir='ltr'><strong>τε</strong></span> <span class='ocrx_word' id='word_1_538' title='bbox 1851 4002 1945 4056; x_wconf 81' lang='grc' dir='ltr'>καὶ</span> 
     </span>
    </p>
   </div>
   <div class='ocr_carea' id='block_1_72' title="bbox 344 4083 1942 4163">
    <p class='ocr_par' dir='ltr' id='par_1_72' title="bbox 344 4083 1942 4163">
     <span class='ocr_line' id='line_1_72' title="bbox 344 4083 1942 4163; baseline 0.003 -22"><span class='ocrx_word' id='word_1_539' title='bbox 344 4083 584 4159; x_wconf 78' lang='grc' dir='ltr'>Ἰησοῦς,</span> <span class='ocrx_word' id='word_1_540' title='bbox 607 4089 731 4151; x_wconf 82' lang='grc' dir='ltr'>ταῖς</span> <span class='ocrx_word' id='word_1_541' title='bbox 763 4088 992 4144; x_wconf 82' lang='grc' dir='ltr'>ἐκείνων</span> <span class='ocrx_word' id='word_1_542' title='bbox 1017 4088 1330 4162; x_wconf 87' lang='grc' dir='ltr'>τερθρείαις</span> <span class='ocrx_word' id='word_1_543' title='bbox 1359 4089 1437 4163; x_wconf 79' lang='grc'><strong>(1)</strong></span> <span class='ocrx_word' id='word_1_544' title='bbox 1470 4091 1942 4162; x_wconf 80' lang='grc' dir='ltr'>ἀνθειστήκεισαν,</span> 
     </span>
    </p>
   </div>
   <div class='ocr_carea' id='block_1_73' title="bbox 331 4175 1938 4255">
    <p class='ocr_par' dir='ltr' id='par_1_73' title="bbox 331 4175 1938 4255">
     <span class='ocr_line' id='line_1_73' title="bbox 331 4175 1938 4255; baseline 0.004 -24"><span class='ocrx_word' id='word_1_545' title='bbox 331 4175 592 4246; x_wconf 83' lang='grc' dir='ltr'>λέγοντες</span> <span class='ocrx_word' id='word_1_546' title='bbox 614 4176 757 4247; x_wconf 85' lang='grc' dir='ltr'>πρός</span> <span class='ocrx_word' id='word_1_547' title='bbox 792 4195 854 4233; x_wconf 81' lang='grc' dir='ltr'><strong>τε</strong></span> <span class='ocrx_word' id='word_1_548' title='bbox 885 4177 978 4234; x_wconf 82' lang='grc' dir='ltr'><strong>τὸν</strong></span> <span class='ocrx_word' id='word_1_549' title='bbox 1009 4179 1137 4235; x_wconf 74' lang='grc' dir='ltr'>λαὸν</span> <span class='ocrx_word' id='word_1_550' title='bbox 1171 4179 1382 4235; x_wconf 73' lang='grc' dir='ltr'>καὶτὸν</span> <span class='ocrx_word' id='word_1_551' title='bbox 1405 4181 1615 4237; x_wconf 65' lang='lat' dir='ltr'><strong>Mutat-Ea</strong></span> <span class='ocrx_word' id='word_1_552' title='bbox 1644 4183 1736 4237; x_wconf 79' lang='grc' dir='ltr'><strong>τὸν</strong></span> <span class='ocrx_word' id='word_1_553' title='bbox 1768 4183 1938 4255; x_wconf 84' lang='grc' dir='ltr'>ίερόν·</span> 
     </span>
    </p>
   </div>
   <div class='ocr_carea' id='block_1_74' title="bbox 338 4268 1947 4350">
    <p class='ocr_par' dir='ltr' id='par_1_74' title="bbox 338 4268 1947 4350">
     <span class='ocr_line' id='line_1_74' title="bbox 338 4268 1947 4350; baseline 0.006 -28"><span class='ocrx_word' id='word_1_554' title='bbox 338 4289 359 4322; x_wconf 74' lang='grc' dir='ltr'><strong>ε</strong></span> <span class='ocrx_word' id='word_1_555' title='bbox 406 4269 584 4341; x_wconf 82' lang='grc' dir='ltr'>Ούχί⁸</span> <span class='ocrx_word' id='word_1_556' title='bbox 623 4268 760 4325; x_wconf 81' lang='grc' dir='ltr'>ἀλλὰ</span> <span class='ocrx_word' id='word_1_557' title='bbox 792 4271 1101 4338; x_wconf 83' lang='grc' dir='ltr'>ἀναϐάντες</span> <span class='ocrx_word' id='word_1_558' title='bbox 1131 4271 1521 4345; x_wconf 87' lang='grc' dir='ltr'>ἀναϐησόμεθα</span> <span class='ocrx_word' id='word_1_559' title='bbox 1546 4275 1642 4330; x_wconf 73' lang='grc' dir='ltr'><strong>καὶ</strong></span> <span class='ocrx_word' id='word_1_560' title='bbox 1672 4277 1947 4350; x_wconf 76' lang='grc' dir='ltr'>κατακλη·</span> 
     </span>
    </p>
   </div>
   <div class='ocr_carea' id='block_1_75' title="bbox 334 4362 1938 4438">
    <p class='ocr_par' dir='ltr' id='par_1_75' title="bbox 334 4362 1938 4438">
     <span class='ocr_line' id='line_1_75' title="bbox 334 4362 1938 4438; baseline 0.003 -22"><span class='ocrx_word' id='word_1_561' title='bbox 334 4363 727 4434; x_wconf 77' lang='grc' dir='ltr'>ρονομήσομεν</span> <span class='ocrx_word' id='word_1_562' title='bbox 754 4362 948 4435; x_wconf 79' lang='grc' dir='ltr'>αὐτὴν,</span> <span class='ocrx_word' id='word_1_563' title='bbox 980 4364 1061 4419; x_wconf 79' lang='grc' dir='ltr'>ὅτι</span> <span class='ocrx_word' id='word_1_564' title='bbox 1095 4364 1445 4437; x_wconf 84' lang='grc' dir='ltr'>δυνησόμεθα</span> <span class='ocrx_word' id='word_1_565' title='bbox 1489 4365 1628 4438; x_wconf 76' lang='grc' dir='ltr'>πρὸς</span> <span class='ocrx_word' id='word_1_566' title='bbox 1663 4366 1880 4432; x_wconf 83' lang='grc' dir='ltr'>αύτούς.</span> <span class='ocrx_word' id='word_1_567' title='bbox 1919 4387 1938 4421; x_wconf 84' lang='grc'>›</span> 
     </span>
    </p>
   </div>
   <div class='ocr_carea' id='block_1_76' title="bbox 334 4452 1946 4529">
    <p class='ocr_par' dir='ltr' id='par_1_76' title="bbox 334 4452 1946 4529">
     <span class='ocr_line' id='line_1_76' title="bbox 334 4452 1946 4529; baseline 0.006 -23"><span class='ocrx_word' id='word_1_568' title='bbox 334 4452 668 4526; x_wconf 83' lang='grc' dir='ltr'>Κατέληγον</span> <span class='ocrx_word' id='word_1_569' title='bbox 698 4454 757 4508; x_wconf 86' lang='grc' dir='ltr'><strong>δέ</strong></span> <span class='ocrx_word' id='word_1_570' title='bbox 812 4454 1071 4527; x_wconf 84' lang='grc' dir='ltr'>οὐδαμῶς</span> <span class='ocrx_word' id='word_1_571' title='bbox 1119 4457 1169 4510; x_wconf 74' lang='lat' dir='ltr'><strong>oi</strong></span> <span class='ocrx_word' id='word_1_572' title='bbox 1220 4456 1724 4529; x_wconf 79' lang='grc' dir='ltr'>συναπεσταλμένοι</span> <span class='ocrx_word' id='word_1_573' title='bbox 1748 4499 1765 4524; x_wconf 95' lang='grc'><strong>,</strong></span> <span class='ocrx_word' id='word_1_574' title='bbox 1816 4458 1946 4515; x_wconf 84' lang='grc' dir='ltr'>δυσ-</span> 
     </span>
    </p>
   </div>
   <div class='ocr_carea' id='block_1_77' title="bbox 331 4544 1948 4625">
    <p class='ocr_par' dir='ltr' id='par_1_77' title="bbox 331 4544 1948 4625">
     <span class='ocr_line' id='line_1_77' title="bbox 331 4544 1948 4625; baseline 0.009 -29"><span class='ocrx_word' id='word_1_575' title='bbox 331 4544 552 4600; x_wconf 77' lang='grc' dir='ltr'>ἀλωτον</span> <span class='ocrx_word' id='word_1_576' title='bbox 586 4544 810 4601; x_wconf 74' lang='grc' dir='ltr'>ἔσεσθαι</span> <span class='ocrx_word' id='word_1_577' title='bbox 858 4547 1336 4621; x_wconf 84' lang='grc' dir='ltr'>διαϐεϐαιούμενοι</span> <span class='ocrx_word' id='word_1_578' title='bbox 1369 4551 1484 4615; x_wconf 84' lang='grc' dir='ltr'>τοῖς</span> <span class='ocrx_word' id='word_1_579' title='bbox 1508 4548 1569 4617; x_wconf 79' lang='grc' dir='ltr'><strong>ἐξ</strong></span> <span class='ocrx_word' id='word_1_580' title='bbox 1607 4550 1824 4624; x_wconf 74' lang='grc' dir='ltr'>Ἰσραὴλ</span> <span class='ocrx_word' id='word_1_581' title='bbox 1848 4553 1948 4625; x_wconf 83' lang='grc' dir='ltr'><strong>τῆς</strong></span> 
     </span>
    </p>
   </div>
   <div class='ocr_carea' id='block_1_78' title="bbox 2047 3321 3641 3396">
    <p class='ocr_par' dir='ltr' id='par_1_78' title="bbox 2047 3321 3641 3396">
     <span class='ocr_line' id='line_1_78' title="bbox 2047 3321 3641 3396; baseline -0.003 -17"><span class='ocrx_word' id='word_1_582' title='bbox 2047 3340 2167 3381; x_wconf 89' lang='lat' dir='ltr'><strong>esse</strong></span> <span class='ocrx_word' id='word_1_583' title='bbox 2192 3342 2205 3378; x_wconf 93' lang='lat'><strong>:</strong></span> <span class='ocrx_word' id='word_1_584' title='bbox 2233 3331 2619 3381; x_wconf 85' lang='lat' dir='ltr'><strong>verumtamen</strong></span> <span class='ocrx_word' id='word_1_585' title='bbox 2644 3324 2734 3382; x_wconf 87' lang='lat' dir='ltr'><strong>his</strong></span> <span class='ocrx_word' id='word_1_586' title='bbox 2756 3341 2821 3381; x_wconf 90' lang='lat' dir='ltr'><strong>ea</strong></span> <span class='ocrx_word' id='word_1_587' title='bbox 2850 3332 3191 3382; x_wconf 88' lang='lat' dir='ltr'><strong>connectunt</strong></span> <span class='ocrx_word' id='word_1_588' title='bbox 3238 3338 3362 3396; x_wconf 83' lang='lat' dir='ltr'><strong>quae</strong></span> <span class='ocrx_word' id='word_1_589' title='bbox 3382 3321 3641 3377; x_wconf 85' lang='lat' dir='ltr'><strong>timorem</strong></span> 
     </span>
    </p>
   </div>
   <div class='ocr_carea' id='block_1_79' title="bbox 2048 3412 3643 3488">
    <p class='ocr_par' dir='ltr' id='par_1_79' title="bbox 2048 3412 3643 3488">
     <span class='ocr_line' id='line_1_79' title="bbox 2048 3412 3643 3488; baseline -0.004 -16"><span class='ocrx_word' id='word_1_590' title='bbox 2048 3418 2394 3474; x_wconf 87' lang='lat' dir='ltr'><strong>incuterent:</strong></span> <span class='ocrx_word' id='word_1_591' title='bbox 2439 3416 2704 3474; x_wconf 84' lang='lat' dir='ltr'><strong>audacem</strong></span> <span class='ocrx_word' id='word_1_592' title='bbox 2750 3417 3009 3473; x_wconf 88' lang='lat' dir='ltr'><strong>videlicet</strong></span> <span class='ocrx_word' id='word_1_593' title='bbox 3054 3425 3297 3488; x_wconf 87' lang='lat' dir='ltr'><strong>gentem,</strong></span> <span class='ocrx_word' id='word_1_594' title='bbox 3350 3429 3473 3486; x_wconf 64' lang='lat' dir='ltr'><strong>qua:</strong></span> <span class='ocrx_word' id='word_1_595' title='bbox 3528 3412 3643 3469; x_wconf 87' lang='lat' dir='ltr'><strong>illic</strong></span> 
     </span>
    </p>
   </div>
   <div class='ocr_carea' id='block_1_80' title="bbox 2046 3507 3641 3581">
    <p class='ocr_par' dir='ltr' id='par_1_80' title="bbox 2046 3507 3641 3581">
     <span class='ocr_line' id='line_1_80' title="bbox 2046 3507 3641 3581; baseline -0.003 -16"><span class='ocrx_word' id='word_1_596' title='bbox 2046 3509 2345 3575; x_wconf 87' lang='lat' dir='ltr'><strong>habitaret,</strong></span> <span class='ocrx_word' id='word_1_597' title='bbox 2369 3509 2759 3581; x_wconf 88' lang='lat' dir='ltr'><strong>appellantes,-</strong></span> <span class='ocrx_word' id='word_1_598' title='bbox 2789 3508 2959 3565; x_wconf 90' lang='lat' dir='ltr'><strong>urbes</strong></span> <span class='ocrx_word' id='word_1_599' title='bbox 2994 3521 3218 3580; x_wconf 89' lang='lat' dir='ltr'><strong>quoque</strong></span> <span class='ocrx_word' id='word_1_600' title='bbox 3264 3507 3508 3563; x_wconf 89' lang='lat' dir='ltr'><strong>munitas</strong></span> <span class='ocrx_word' id='word_1_601' title='bbox 3554 3513 3641 3561; x_wconf 89' lang='lat' dir='ltr'><strong>at-</strong></span> 
     </span>
    </p>
   </div>
   <div class='ocr_carea' id='block_1_81' title="bbox 2047 3588 3644 3674">
    <p class='ocr_par' dir='ltr' id='par_1_81' title="bbox 2047 3588 3644 3674">
     <span class='ocr_line' id='line_1_81' title="bbox 2047 3588 3644 3674; baseline -0.003 -17"><span class='ocrx_word' id='word_1_602' title='bbox 2047 3617 2155 3674; x_wconf 91' lang='lat' dir='ltr'><strong>que</strong></span> <span class='ocrx_word' id='word_1_603' title='bbox 2187 3609 2437 3657; x_wconf 87' lang='lat' dir='ltr'><strong>muratas</strong></span> <span class='ocrx_word' id='word_1_604' title='bbox 2459 3588 2765 3657; x_wconf 78' lang='lat' dir='ltr'><strong>identidem</strong></span> <span class='ocrx_word' id='word_1_605' title='bbox 2796 3600 3141 3667; x_wconf 88' lang='lat' dir='ltr'><strong>dictitantes,</strong></span> <span class='ocrx_word' id='word_1_606' title='bbox 3167 3607 3231 3655; x_wconf 89' lang='lat' dir='ltr'><strong>et-</strong></span> <span class='ocrx_word' id='word_1_607' title='bbox 3268 3615 3300 3654; x_wconf 91' lang='lat' dir='ltr'><strong>a</strong></span> <span class='ocrx_word' id='word_1_608' title='bbox 3330 3613 3429 3669; x_wconf 89' lang='lat' dir='ltr'><strong>spe</strong></span> <span class='ocrx_word' id='word_1_609' title='bbox 3461 3599 3644 3653; x_wconf 85' lang='lat' dir='ltr'><strong>victo-</strong></span> 
     </span>
    </p>
   </div>
   <div class='ocr_carea' id='block_1_82' title="bbox 2050 3688 3646 3766">
    <p class='ocr_par' dir='ltr' id='par_1_82' title="bbox 2050 3688 3646 3766">
     <span class='ocr_line' id='line_1_82' title="bbox 2050 3688 3646 3766; baseline -0.003 -18"><span class='ocrx_word' id='word_1_610' title='bbox 2050 3693 2150 3750; x_wconf 83' lang='lat' dir='ltr'><strong>riae</strong></span> <span class='ocrx_word' id='word_1_611' title='bbox 2178 3693 2446 3766; x_wconf 90' lang='lat' dir='ltr'><strong>populum</strong></span> <span class='ocrx_word' id='word_1_612' title='bbox 2470 3692 2691 3749; x_wconf 88' lang='lat' dir='ltr'><strong>Israelis</strong></span> <span class='ocrx_word' id='word_1_613' title='bbox 2720 3690 3062 3749; x_wconf 88' lang='lat' dir='ltr'><strong>deducentes</strong></span> <span class='ocrx_word' id='word_1_614' title='bbox 3086 3734 3100 3759; x_wconf 92' lang='lat'><strong>,</strong></span> <span class='ocrx_word' id='word_1_615' title='bbox 3127 3701 3185 3749; x_wconf 90' lang='lat' dir='ltr'><strong>et</strong></span> <span class='ocrx_word' id='word_1_616' title='bbox 3208 3698 3359 3747; x_wconf 88' lang='lat' dir='ltr'><strong>metu</strong></span> <span class='ocrx_word' id='word_1_617' title='bbox 3389 3688 3458 3745; x_wconf 91' lang='lat' dir='ltr'><strong>ad</strong></span> <span class='ocrx_word' id='word_1_618' title='bbox 3491 3690 3646 3761; x_wconf 84' lang='lat' dir='ltr'><strong>igna-</strong></span> 
     </span>
    </p>
   </div>
   <div class='ocr_carea' id='block_1_83' title="bbox 2046 3784 2602 3856">
    <p class='ocr_par' dir='ltr' id='par_1_83' title="bbox 2046 3784 2602 3856">
     <span class='ocr_line' id='line_1_83' title="bbox 2046 3784 2602 3856; baseline 0.004 -18"><span class='ocrx_word' id='word_1_619' title='bbox 2046 3785 2192 3840; x_wconf 87' lang='lat' dir='ltr'><strong>viam</strong></span> <span class='ocrx_word' id='word_1_620' title='bbox 2233 3784 2602 3856; x_wconf 73' lang='lat' dir='ltr'><strong>impellentes,</strong></span> 
     </span>
    </p>
   </div>
   <div class='ocr_carea' id='block_1_84' title="bbox 2119 3899 2742 3957">
    <p class='ocr_par' dir='ltr' id='par_1_84' title="bbox 2119 3899 2742 3957">
     <span class='ocr_line' id='line_1_84' title="bbox 2119 3899 2742 3957; baseline -0.003 -1"><span class='ocrx_word' id='word_1_621' title='bbox 2119 3899 2320 3957; x_wconf 81' lang='lat' dir='ltr'><strong>PALL.</strong></span> <span class='ocrx_word' id='word_1_622' title='bbox 2353 3900 2447 3956; x_wconf 87' lang='lat' dir='ltr'><strong>Sic</strong></span> <span class='ocrx_word' id='word_1_623' title='bbox 2467 3916 2527 3957; x_wconf 84' lang='lat' dir='ltr'><strong>se</strong></span> <span class='ocrx_word' id='word_1_624' title='bbox 2555 3900 2742 3957; x_wconf 78' lang='lat' dir='ltr'><strong>habet.</strong></span> 
     </span>
    </p>
   </div>
   <div class='ocr_carea' id='block_1_85' title="bbox 2125 3991 3650 4064">
    <p class='ocr_par' dir='ltr' id='par_1_85' title="bbox 2125 3991 3650 4064">
     <span class='ocr_line' id='line_1_85' title="bbox 2125 3991 3650 4064; baseline -0.007 -13"><span class='ocrx_word' id='word_1_625' title='bbox 2125 3993 2285 4051; x_wconf 75' lang='lat' dir='ltr'><strong>CYR.</strong></span> <span class='ocrx_word' id='word_1_626' title='bbox 2321 3993 2430 4050; x_wconf 90' lang='lat' dir='ltr'><strong>Sed</strong></span> <span class='ocrx_word' id='word_1_627' title='bbox 2460 3993 2555 4064; x_wconf 87' lang='lat' dir='ltr'><strong>qui</strong></span> <span class='ocrx_word' id='word_1_628' title='bbox 2590 3993 2735 4048; x_wconf 91' lang='lat' dir='ltr'><strong>inter</strong></span> <span class='ocrx_word' id='word_1_629' title='bbox 2757 3993 2882 4048; x_wconf 92' lang='lat' dir='ltr'><strong>illos</strong></span> <span class='ocrx_word' id='word_1_630' title='bbox 2911 3999 3069 4048; x_wconf 89' lang='lat' dir='ltr'><strong>erant</strong></span> <span class='ocrx_word' id='word_1_631' title='bbox 3102 3991 3379 4062; x_wconf 88' lang='lat' dir='ltr'><strong>sapientes</strong></span> <span class='ocrx_word' id='word_1_632' title='bbox 3409 4003 3473 4042; x_wconf 91' lang='lat' dir='ltr'><strong>ac</strong></span> <span class='ocrx_word' id='word_1_633' title='bbox 3502 3995 3650 4042; x_wconf 79' lang='lat' dir='ltr'><strong>stre—</strong></span> 
     </span>
    </p>
   </div>
   <div class='ocr_carea' id='block_1_86' title="bbox 2051 4075 3650 4152">
    <p class='ocr_par' dir='ltr' id='par_1_86' title="bbox 2051 4075 3650 4152">
     <span class='ocr_line' id='line_1_86' title="bbox 2051 4075 3650 4152; baseline -0.007 -11"><span class='ocrx_word' id='word_1_634' title='bbox 2051 4086 2170 4152; x_wconf 92' lang='lat' dir='ltr'><strong>nui,</strong></span> <span class='ocrx_word' id='word_1_635' title='bbox 2208 4083 2377 4141; x_wconf 86' lang='lat' dir='ltr'><strong>Caleb</strong></span> <span class='ocrx_word' id='word_1_636' title='bbox 2402 4091 2460 4140; x_wconf 91' lang='lat' dir='ltr'><strong>et</strong></span> <span class='ocrx_word' id='word_1_637' title='bbox 2490 4083 2672 4150; x_wconf 83' lang='lat' dir='ltr'><strong>Jesus,</strong></span> <span class='ocrx_word' id='word_1_638' title='bbox 2702 4083 2921 4138; x_wconf 89' lang='lat' dir='ltr'><strong>illorum</strong></span> <span class='ocrx_word' id='word_1_639' title='bbox 2960 4080 3120 4137; x_wconf 87' lang='lat' dir='ltr'><strong>vanis</strong></span> <span class='ocrx_word' id='word_1_640' title='bbox 3154 4077 3509 4137; x_wconf 87' lang='lat' dir='ltr'><strong>sermonibus</strong></span> <span class='ocrx_word' id='word_1_641' title='bbox 3549 4075 3650 4131; x_wconf 91' lang='lat' dir='ltr'><strong>ob-</strong></span> 
     </span>
    </p>
   </div>
   <div class='ocr_carea' id='block_1_87' title="bbox 2051 4164 3650 4243">
    <p class='ocr_par' dir='ltr' id='par_1_87' title="bbox 2051 4164 3650 4243">
     <span class='ocr_line' id='line_1_87' title="bbox 2051 4164 3650 4243; baseline -0.008 -11"><span class='ocrx_word' id='word_1_642' title='bbox 2051 4176 2338 4240; x_wconf 89' lang='lat' dir='ltr'><strong>stiterunt,</strong></span> <span class='ocrx_word' id='word_1_643' title='bbox 2367 4172 2621 4233; x_wconf 87' lang='lat' dir='ltr'><strong>dicentes</strong></span> <span class='ocrx_word' id='word_1_644' title='bbox 2657 4172 2727 4228; x_wconf 91' lang='lat' dir='ltr'><strong>ad</strong></span> <span class='ocrx_word' id='word_1_645' title='bbox 2747 4170 3016 4243; x_wconf 87' lang='lat' dir='ltr'><strong>populum</strong></span> <span class='ocrx_word' id='word_1_646' title='bbox 3056 4176 3114 4225; x_wconf 88' lang='lat' dir='ltr'><strong>et</strong></span> <span class='ocrx_word' id='word_1_647' title='bbox 3130 4169 3199 4225; x_wconf 89' lang='lat' dir='ltr'><strong>ad</strong></span> <span class='ocrx_word' id='word_1_648' title='bbox 3220 4168 3443 4243; x_wconf 83' lang='lat' dir='ltr'><strong>Moysen</strong></span> <span class='ocrx_word' id='word_1_649' title='bbox 3468 4183 3483 4220; x_wconf 89' lang='lat'><strong>:</strong></span> <span class='ocrx_word' id='word_1_650' title='bbox 3514 4164 3650 4220; x_wconf 80' lang='grc' dir='ltr'><strong>«Μί-</strong></span> 
     </span>
    </p>
   </div>
   <div class='ocr_carea' id='block_1_88' title="bbox 2050 4257 3649 4333">
    <p class='ocr_par' dir='ltr' id='par_1_88' title="bbox 2050 4257 3649 4333">
     <span class='ocr_line' id='line_1_88' title="bbox 2050 4257 3649 4333; baseline -0.008 -8"><span class='ocrx_word' id='word_1_651' title='bbox 2050 4269 2237 4333; x_wconf 90' lang='lat' dir='ltr'><strong>nime;</strong></span> <span class='ocrx_word' id='word_1_652' title='bbox 2270 4265 2367 4322; x_wconf 91' lang='lat' dir='ltr'><strong>sed</strong></span> <span class='ocrx_word' id='word_1_653' title='bbox 2406 4264 2770 4323; x_wconf 87' lang='lat' dir='ltr'><strong>ascendentes</strong></span> <span class='ocrx_word' id='word_1_654' title='bbox 2803 4262 3190 4327; x_wconf 87' lang='lat' dir='ltr'><strong>ascendemus,</strong></span> <span class='ocrx_word' id='word_1_655' title='bbox 3239 4268 3296 4317; x_wconf 90' lang='lat' dir='ltr'><strong>et</strong></span> <span class='ocrx_word' id='word_1_656' title='bbox 3337 4257 3649 4331; x_wconf 86' lang='lat' dir='ltr'><strong>possidebi-</strong></span> 
     </span>
    </p>
   </div>
   <div class='ocr_carea' id='block_1_89' title="bbox 2052 4348 3646 4429">
    <p class='ocr_par' dir='ltr' id='par_1_89' title="bbox 2052 4348 3646 4429">
     <span class='ocr_line' id='line_1_89' title="bbox 2052 4348 3646 4429; baseline -0.009 -12"><span class='ocrx_word' id='word_1_657' title='bbox 2052 4376 2179 4417; x_wconf 90' lang='lat' dir='ltr'><strong>mus</strong></span> <span class='ocrx_word' id='word_1_658' title='bbox 2206 4360 2396 4427; x_wconf 91' lang='lat' dir='ltr'><strong>illam;</strong></span> <span class='ocrx_word' id='word_1_659' title='bbox 2442 4357 2573 4429; x_wconf 88' lang='lat' dir='ltr'><strong>quia</strong></span> <span class='ocrx_word' id='word_1_660' title='bbox 2618 4362 2875 4429; x_wconf 88' lang='lat' dir='ltr'><strong>potentes</strong></span> <span class='ocrx_word' id='word_1_661' title='bbox 2917 4355 3228 4426; x_wconf 88' lang='lat' dir='ltr'><strong>poterimus</strong></span> <span class='ocrx_word' id='word_1_662' title='bbox 3272 4350 3543 4408; x_wconf 84' lang='lat' dir='ltr'><strong>adversus</strong></span> <span class='ocrx_word' id='word_1_663' title='bbox 3579 4348 3646 4406; x_wconf 86' lang='lat' dir='ltr'><strong>il-</strong></span> 
     </span>
    </p>
   </div>
   <div class='ocr_carea' id='block_1_90' title="bbox 2051 4442 3655 4521">
    <p class='ocr_par' dir='ltr' id='par_1_90' title="bbox 2051 4442 3655 4521">
     <span class='ocr_line' id='line_1_90' title="bbox 2051 4442 3655 4521; baseline -0.009 -7"><span class='ocrx_word' id='word_1_664' title='bbox 2051 4458 2137 4514; x_wconf 92' lang='lat' dir='ltr'><strong>los</strong></span> <span class='ocrx_word' id='word_1_665' title='bbox 2177 4455 2244 4509; x_wconf 78' lang='grc'><strong>⁸³.</strong></span> <span class='ocrx_word' id='word_1_666' title='bbox 2298 4475 2317 4508; x_wconf 73' lang='grc' dir='ltr'><strong>ι</strong></span> <span class='ocrx_word' id='word_1_667' title='bbox 2363 4451 2562 4513; x_wconf 62' lang='grc' dir='ltr'>(ἔρειοιί</span> <span class='ocrx_word' id='word_1_668' title='bbox 2603 4459 2790 4508; x_wconf 86' lang='lat' dir='ltr'><strong>autem</strong></span> <span class='ocrx_word' id='word_1_669' title='bbox 2829 4449 2927 4521; x_wconf 90' lang='lat' dir='ltr'><strong>qui</strong></span> <span class='ocrx_word' id='word_1_670' title='bbox 2971 4447 3128 4507; x_wconf 86' lang='lat' dir='ltr'><strong>missi</strong></span> <span class='ocrx_word' id='word_1_671' title='bbox 3172 4446 3428 4513; x_wconf 87' lang='lat' dir='ltr'><strong>fuerant,</strong></span> <span class='ocrx_word' id='word_1_672' title='bbox 3486 4442 3655 4501; x_wconf 88' lang='lat' dir='ltr'><strong>ﬁnem</strong></span> 
     </span>
    </p>
   </div>
   <div class='ocr_carea' id='block_1_91' title="bbox 2055 4538 3653 4614">
    <p class='ocr_par' dir='ltr' id='par_1_91' title="bbox 2055 4538 3653 4614">
     <span class='ocr_line' id='line_1_91' title="bbox 2055 4538 3653 4614; baseline -0.009 -6"><span class='ocrx_word' id='word_1_673' title='bbox 2055 4551 2273 4608; x_wconf 91' lang='lat' dir='ltr'><strong>nullum</strong></span> <span class='ocrx_word' id='word_1_674' title='bbox 2299 4545 2587 4607; x_wconf 85' lang='lat' dir='ltr'><strong>asserendi</strong></span> <span class='ocrx_word' id='word_1_675' title='bbox 2607 4543 2905 4611; x_wconf 84' lang='lat' dir='ltr'><strong>faciebant,</strong></span> <span class='ocrx_word' id='word_1_676' title='bbox 2936 4541 3416 4614; x_wconf 81' lang='lat' dir='ltr'><strong>inexpugnabilem</strong></span> <span class='ocrx_word' id='word_1_677' title='bbox 3435 4540 3555 4597; x_wconf 86' lang='lat' dir='ltr'><strong>fore</strong></span> <span class='ocrx_word' id='word_1_678' title='bbox 3585 4538 3653 4595; x_wconf 91' lang='lat' dir='ltr'><strong>ﬁ-</strong></span> 
     </span>
    </p>
   </div>
   <div class='ocr_carea' id='block_1_92' title="bbox 332 4632 1939 4735">
    <p class='ocr_par' dir='ltr' id='par_1_92' title="bbox 332 4637 1939 4735">
     <span class='ocr_line' id='line_1_92' title="bbox 332 4637 1939 4735; baseline 0.006 -43"><span class='ocrx_word' id='word_1_679' title='bbox 332 4639 681 4735; x_wconf 78' lang='grc' dir='ltr'>ἐπαγγελὶας</span> <span class='ocrx_word' id='word_1_680' title='bbox 700 4641 803 4713; x_wconf 77' lang='grc' dir='ltr'><strong>τὴν</strong></span> <span class='ocrx_word' id='word_1_681' title='bbox 976 4637 1125 4735; x_wconf 48' lang='lat' dir='ltr'><strong>mea</strong></span> <span class='ocrx_word' id='word_1_682' title='bbox 1151 4660 1316 4716; x_wconf 87' lang='grc' dir='ltr'>φησιν</span> <span class='ocrx_word' id='word_1_683' title='bbox 1340 4660 1353 4673; x_wconf 89' lang='grc'><strong>·</strong></span> <span class='ocrx_word' id='word_1_684' title='bbox 1391 4662 1409 4695; x_wconf 81' lang='grc' dir='ltr'><strong>ι</strong></span> <span class='ocrx_word' id='word_1_685' title='bbox 1446 4644 1558 4698; x_wconf 80' lang='lat' dir='ltr'><strong>Kal</strong></span> <span class='ocrx_word' id='word_1_686' title='bbox 1598 4645 1939 4702; x_wconf 79' lang='grc' dir='ltr'>ἀναλαϐοῦσα</span> 
     </span>
    </p>
   </div>
   <div class='ocr_carea' id='block_1_93' title="bbox 2042 4632 3655 4735">
    <p class='ocr_par' dir='ltr' id='par_1_93' title="bbox 2048 4632 3655 4712">
     <span class='ocr_line' id='line_1_93' title="bbox 2048 4632 3655 4712; baseline -0.006 -13"><span class='ocrx_word' id='word_1_687' title='bbox 2048 4642 2140 4700; x_wconf 89' lang='lat' dir='ltr'><strong>liis</strong></span> <span class='ocrx_word' id='word_1_688' title='bbox 2158 4640 2325 4699; x_wconf 88' lang='lat' dir='ltr'><strong>Israel</strong></span> <span class='ocrx_word' id='word_1_689' title='bbox 2343 4637 2729 4712; x_wconf 88' lang='lat' dir='ltr'><strong>promissionis</strong></span> <span class='ocrx_word' id='word_1_690' title='bbox 2748 4644 2976 4693; x_wconf 88' lang='lat' dir='ltr'><strong>terram.</strong></span> <span class='ocrx_word' id='word_1_691' title='bbox 2995 4635 3208 4691; x_wconf 88' lang='lat' dir='ltr'><strong>Deinde</strong></span> <span class='ocrx_word' id='word_1_692' title='bbox 3225 4634 3407 4709; x_wconf 85' lang='lat' dir='ltr'><strong>inquit</strong></span> <span class='ocrx_word' id='word_1_693' title='bbox 3438 4652 3452 4688; x_wconf 91' lang='lat'><strong>:</strong></span> <span class='ocrx_word' id='word_1_694' title='bbox 3485 4652 3503 4686; x_wconf 78' lang='grc' dir='ltr'><strong>ι</strong></span> <span class='ocrx_word' id='word_1_695' title='bbox 3524 4632 3655 4695; x_wconf 87' lang='lat' dir='ltr'><strong>Ele-</strong></span> 
     </span>
    </p>
   </div>
   <div class='ocr_carea' id='block_1_94' title="bbox 333 4733 1950 4809">
    <p class='ocr_par' dir='ltr' id='par_1_94' title="bbox 333 4733 1950 4809">
     <span class='ocr_line' id='line_1_94' title="bbox 333 4733 1950 4809; baseline 0.006 -24"><span class='ocrx_word' id='word_1_696' title='bbox 333 4733 495 4786; x_wconf 78' lang='grc' dir='ltr'>πᾶσα</span> <span class='ocrx_word' id='word_1_697' title='bbox 525 4734 559 4804; x_wconf 83' lang='grc' dir='ltr'><strong>ἡ</strong></span> <span class='ocrx_word' id='word_1_698' title='bbox 591 4734 905 4807; x_wconf 82' lang='grc' dir='ltr'>συναγωγὴ,</span> <span class='ocrx_word' id='word_1_699' title='bbox 930 4733 1131 4791; x_wconf 79' lang='grc' dir='ltr'>δέδωκε</span> <span class='ocrx_word' id='word_1_700' title='bbox 1168 4737 1374 4809; x_wconf 85' lang='grc' dir='ltr'>φωνὴν,</span> <span class='ocrx_word' id='word_1_701' title='bbox 1402 4737 1496 4792; x_wconf 74' lang='grc' dir='ltr'>καὶ</span> <span class='ocrx_word' id='word_1_702' title='bbox 1525 4737 1742 4796; x_wconf 81' lang='grc' dir='ltr'>ἔκλαιεν</span> <span class='ocrx_word' id='word_1_703' title='bbox 1772 4742 1801 4795; x_wconf 85' lang='grc' dir='ltr'><em>ὁ</em></span> <span class='ocrx_word' id='word_1_704' title='bbox 1822 4741 1950 4808; x_wconf 82' lang='grc' dir='ltr'>λαὸς</span> 
     </span>
    </p>
   </div>
   <div class='ocr_carea' id='block_1_95' title="bbox 335 4825 1950 4907">
    <p class='ocr_par' dir='ltr' id='par_1_95' title="bbox 335 4825 1950 4907">
     <span class='ocr_line' id='line_1_95' title="bbox 335 4825 1950 4907; baseline 0.007 -29"><span class='ocrx_word' id='word_1_705' title='bbox 335 4825 472 4896; x_wconf 82' lang='grc' dir='ltr'>ὃλην</span> <span class='ocrx_word' id='word_1_706' title='bbox 499 4825 603 4895; x_wconf 80' lang='grc' dir='ltr'>τὴν</span> <span class='ocrx_word' id='word_1_707' title='bbox 632 4826 805 4880; x_wconf 86' lang='grc' dir='ltr'>νύκτα</span> <span class='ocrx_word' id='word_1_708' title='bbox 827 4827 1067 4899; x_wconf 84' lang='grc' dir='ltr'>ἐκείνην,</span> <span class='ocrx_word' id='word_1_709' title='bbox 1100 4829 1197 4883; x_wconf 73' lang='grc' dir='ltr'><strong>καὶ</strong></span> <span class='ocrx_word' id='word_1_710' title='bbox 1232 4828 1588 4901; x_wconf 82' lang='grc' dir='ltr'>διεγόγγυζον</span> <span class='ocrx_word' id='word_1_711' title='bbox 1620 4832 1716 4887; x_wconf 80' lang='grc' dir='ltr'><strong>ἐπὶ</strong></span> <span class='ocrx_word' id='word_1_712' title='bbox 1740 4832 1950 4907; x_wconf 86' lang='grc' dir='ltr'>Μωσῆν</span> 
     </span>
    </p>
   </div>
   <div class='ocr_carea' id='block_1_96' title="bbox 336 4913 1950 4996">
    <p class='ocr_par' dir='ltr' id='par_1_96' title="bbox 336 4913 1950 4996">
     <span class='ocr_line' id='line_1_96' title="bbox 336 4913 1950 4996; baseline 0.008 -30"><span class='ocrx_word' id='word_1_713' title='bbox 336 4914 438 4967; x_wconf 77' lang='grc' dir='ltr'><strong>καὶ</strong></span> <span class='ocrx_word' id='word_1_714' title='bbox 475 4913 693 4987; x_wconf 79' lang='grc' dir='ltr'>’Δαρὼν</span> <span class='ocrx_word' id='word_1_715' title='bbox 730 4914 934 4980; x_wconf 85' lang='grc' dir='ltr'>πάντες</span> <span class='ocrx_word' id='word_1_716' title='bbox 979 4917 1031 4970; x_wconf 83' lang='grc' dir='ltr'>οἱ</span> <span class='ocrx_word' id='word_1_717' title='bbox 1075 4918 1183 4972; x_wconf 77' lang='grc' dir='ltr'>υἱοὶ</span> <span class='ocrx_word' id='word_1_718' title='bbox 1239 4919 1491 4992; x_wconf 84' lang='grc' dir='ltr'>Ἰσραήλ·</span> <span class='ocrx_word' id='word_1_719' title='bbox 1531 4922 1625 4976; x_wconf 81' lang='grc' dir='ltr'><strong>καὶ</strong></span> <span class='ocrx_word' id='word_1_720' title='bbox 1654 4918 1775 4977; x_wconf 84' lang='grc' dir='ltr'>εἷπε</span> <span class='ocrx_word' id='word_1_721' title='bbox 1811 4925 1950 4996; x_wconf 77' lang='grc' dir='ltr'>πρὸς</span> 
     </span>
    </p>
   </div>
   <div class='ocr_carea' id='block_1_97' title="bbox 335 5006 1947 5089">
    <p class='ocr_par' dir='ltr' id='par_1_97' title="bbox 335 5006 1947 5089">
     <span class='ocr_line' id='line_1_97' title="bbox 335 5006 1947 5089; baseline 0.008 -31"><span class='ocrx_word' id='word_1_722' title='bbox 335 5006 547 5071; x_wconf 77' lang='grc' dir='ltr'>αὐτοὺς</span> <span class='ocrx_word' id='word_1_723' title='bbox 575 5008 730 5060; x_wconf 75' lang='grc' dir='ltr'>πᾶσα</span> <span class='ocrx_word' id='word_1_724' title='bbox 757 5007 790 5078; x_wconf 81' lang='grc' dir='ltr'><strong>ἡ</strong></span> <span class='ocrx_word' id='word_1_725' title='bbox 815 5010 1133 5082; x_wconf 65' lang='grc' dir='ltr'>συναγωγή*</span> <span class='ocrx_word' id='word_1_726' title='bbox 1167 5010 1401 5081; x_wconf 85' lang='grc' dir='ltr'>Ὄφελον</span> <span class='ocrx_word' id='word_1_727' title='bbox 1429 5013 1778 5086; x_wconf 87' lang='grc' dir='ltr'>ἀπεθάνομεν</span> <span class='ocrx_word' id='word_1_728' title='bbox 1796 5019 1854 5070; x_wconf 89' lang='grc' dir='ltr'><strong>ἐν</strong></span> <span class='ocrx_word' id='word_1_729' title='bbox 1878 5019 1947 5089; x_wconf 83' lang='grc' dir='ltr'>γῇ</span> 
     </span>
    </p>
   </div>
   <div class='ocr_carea' id='block_1_98' title="bbox 336 5096 1948 5176">
    <p class='ocr_par' dir='ltr' id='par_1_98' title="bbox 336 5096 1948 5176">
     <span class='ocr_line' id='line_1_98' title="bbox 336 5096 1948 5176; baseline 0.006 -27"><span class='ocrx_word' id='word_1_730' title='bbox 336 5096 649 5166; x_wconf 74' lang='grc' dir='ltr'>Αἰγύπτου,</span> <span class='ocrx_word' id='word_1_731' title='bbox 689 5096 724 5169; x_wconf 81' lang='grc' dir='ltr'>ἢ</span> <span class='ocrx_word' id='word_1_732' title='bbox 763 5099 821 5151; x_wconf 83' lang='grc' dir='ltr'><strong>ἐν</strong></span> <span class='ocrx_word' id='word_1_733' title='bbox 868 5099 937 5169; x_wconf 81' lang='grc' dir='ltr'>τῇ</span> <span class='ocrx_word' id='word_1_734' title='bbox 982 5099 1178 5172; x_wconf 84' lang='grc' dir='ltr'>ἐρήμῳ</span> <span class='ocrx_word' id='word_1_735' title='bbox 1208 5099 1406 5174; x_wconf 85' lang='grc' dir='ltr'>ταύτῃ,</span> <span class='ocrx_word' id='word_1_736' title='bbox 1463 5103 1513 5156; x_wconf 86' lang='grc' dir='ltr'>εἰ</span> <span class='ocrx_word' id='word_1_737' title='bbox 1568 5102 1948 5176; x_wconf 83' lang='grc' dir='ltr'>ἀπεθάνομεν·</span> 
     </span>
    </p>
   </div>
   <div class='ocr_carea' id='block_1_99' title="bbox 341 5190 1956 5268">
    <p class='ocr_par' dir='ltr' id='par_1_99' title="bbox 341 5190 1956 5268">
     <span class='ocr_line' id='line_1_99' title="bbox 341 5190 1956 5268; baseline 0.003 -24"><span class='ocrx_word' id='word_1_738' title='bbox 341 5190 442 5244; x_wconf 75' lang='grc' dir='ltr'>καὶ</span> <span class='ocrx_word' id='word_1_739' title='bbox 477 5190 572 5247; x_wconf 81' lang='grc' dir='ltr'><strong>ἵνα</strong></span> <span class='ocrx_word' id='word_1_740' title='bbox 596 5191 653 5245; x_wconf 89' lang='grc' dir='ltr'><strong>τί</strong></span> <span class='ocrx_word' id='word_1_741' title='bbox 677 5191 891 5264; x_wconf 81' lang='grc' dir='ltr'>Κύριος</span> <span class='ocrx_word' id='word_1_742' title='bbox 918 5192 1131 5262; x_wconf 75' lang='grc' dir='ltr'>εἰσάγει</span> <span class='ocrx_word' id='word_1_743' title='bbox 1176 5194 1328 5266; x_wconf 79' lang='grc' dir='ltr'>ἡμᾶς</span> <span class='ocrx_word' id='word_1_744' title='bbox 1357 5195 1438 5259; x_wconf 86' lang='grc' dir='ltr'><strong>είς</strong></span> <span class='ocrx_word' id='word_1_745' title='bbox 1472 5194 1571 5267; x_wconf 84' lang='grc' dir='ltr'>τὴν</span> <span class='ocrx_word' id='word_1_746' title='bbox 1611 5197 1715 5268; x_wconf 84' lang='grc' dir='ltr'><strong>γῆν</strong></span> <span class='ocrx_word' id='word_1_747' title='bbox 1748 5196 1956 5268; x_wconf 84' lang='grc' dir='ltr'>ταύτην</span> 
     </span>
    </p>
   </div>
   <div class='ocr_carea' id='block_1_100' title="bbox 349 5284 1956 5359">
    <p class='ocr_par' dir='ltr' id='par_1_100' title="bbox 349 5284 1956 5359">
     <span class='ocr_line' id='line_1_100' title="bbox 349 5284 1956 5359; baseline 0.003 -20"><span class='ocrx_word' id='word_1_748' title='bbox 349 5286 548 5339; x_wconf 83' lang='grc' dir='ltr'>πεσεῖν</span> <span class='ocrx_word' id='word_1_749' title='bbox 602 5286 663 5339; x_wconf 83' lang='grc' dir='ltr'><strong>ἐν</strong></span> <span class='ocrx_word' id='word_1_750' title='bbox 689 5284 771 5356; x_wconf 84' lang='grc' dir='ltr'>τῷ</span> <span class='ocrx_word' id='word_1_751' title='bbox 805 5284 1067 5357; x_wconf 84' lang='grc' dir='ltr'>πολέμῳ;</span> <span class='ocrx_word' id='word_1_752' title='bbox 1112 5285 1177 5339; x_wconf 84' lang='lat' dir='ltr'><strong>Al</strong></span> <span class='ocrx_word' id='word_1_753' title='bbox 1216 5289 1478 5355; x_wconf 83' lang='grc' dir='ltr'>γυναῖκες</span> <span class='ocrx_word' id='word_1_754' title='bbox 1523 5288 1687 5359; x_wconf 84' lang='grc' dir='ltr'>ἡμῶν</span> <span class='ocrx_word' id='word_1_755' title='bbox 1733 5289 1830 5342; x_wconf 73' lang='grc' dir='ltr'><strong>καὶ</strong></span> <span class='ocrx_word' id='word_1_756' title='bbox 1886 5289 1956 5344; x_wconf 77' lang='grc' dir='ltr'>τὰ</span> 
     </span>
    </p>
   </div>
   <div class='ocr_carea' id='block_1_101' title="bbox 345 5375 1955 5455">
    <p class='ocr_par' dir='ltr' id='par_1_101' title="bbox 345 5375 1955 5455">
     <span class='ocr_line' id='line_1_101' title="bbox 345 5375 1955 5455; baseline 0.003 -23"><span class='ocrx_word' id='word_1_757' title='bbox 345 5376 544 5432; x_wconf 85' lang='grc' dir='ltr'>παιδία</span> <span class='ocrx_word' id='word_1_758' title='bbox 573 5375 794 5433; x_wconf 72' lang='grc' dir='ltr'>ἔσονται</span> <span class='ocrx_word' id='word_1_759' title='bbox 820 5378 903 5442; x_wconf 87' lang='grc' dir='ltr'><strong>είς</strong></span> <span class='ocrx_word' id='word_1_760' title='bbox 923 5377 1266 5450; x_wconf 85' lang='grc' dir='ltr'>διαρπαγήν.</span> <span class='ocrx_word' id='word_1_761' title='bbox 1301 5378 1420 5435; x_wconf 84' lang='grc' dir='ltr'><strong>Νῦν</strong></span> <span class='ocrx_word' id='word_1_762' title='bbox 1447 5375 1542 5435; x_wconf 83' lang='grc' dir='ltr'><strong>οὖν</strong></span> <span class='ocrx_word' id='word_1_763' title='bbox 1579 5378 1787 5450; x_wconf 71' lang='grc' dir='ltr'>βέλτιον</span> <span class='ocrx_word' id='word_1_764' title='bbox 1821 5383 1955 5455; x_wconf 82' lang='grc' dir='ltr'>ἡμῖν</span> 
     </span>
    </p>
   </div>
   <div class='ocr_carea' id='block_1_102' title="bbox 346 5468 1955 5542">
    <p class='ocr_par' dir='ltr' id='par_1_102' title="bbox 346 5468 1955 5542">
     <span class='ocr_line' id='line_1_102' title="bbox 346 5468 1955 5542; baseline 0.003 -18"><span class='ocrx_word' id='word_1_765' title='bbox 346 5471 507 5525; x_wconf 78' lang='grc' dir='ltr'>ἐστιν</span> <span class='ocrx_word' id='word_1_766' title='bbox 536 5470 966 5542; x_wconf 82' lang='grc' dir='ltr'>ἀποστραφῆναι</span> <span class='ocrx_word' id='word_1_767' title='bbox 995 5472 1077 5536; x_wconf 72' lang='grc' dir='ltr'><strong>τίς</strong></span> <span class='ocrx_word' id='word_1_768' title='bbox 1113 5470 1412 5541; x_wconf 73' lang='grc' dir='ltr'>Αίγυπτον.</span> <span class='ocrx_word' id='word_1_769' title='bbox 1449 5473 1562 5527; x_wconf 82' lang='lat' dir='ltr'><strong>Kal</strong></span> <span class='ocrx_word' id='word_1_770' title='bbox 1593 5468 1749 5528; x_wconf 82' lang='grc' dir='ltr'>εἷπον</span> <span class='ocrx_word' id='word_1_771' title='bbox 1779 5476 1807 5529; x_wconf 86' lang='grc' dir='ltr'>ὁ</span> <span class='ocrx_word' id='word_1_772' title='bbox 1834 5474 1955 5529; x_wconf 76' lang='grc' dir='ltr'>ἐτε-</span> 
     </span>
    </p>
   </div>
   <div class='ocr_carea' id='block_1_103' title="bbox 259 5562 1954 5640">
    <p class='ocr_par' dir='ltr' id='par_1_103' title="bbox 259 5562 1954 5640">
     <span class='ocr_line' id='line_1_103' title="bbox 259 5562 1954 5640; baseline 0.006 -28"><span class='ocrx_word' id='word_1_773' title='bbox 259 5577 268 5584; x_wconf 92' lang='grc'>·</span> <span class='ocrx_word' id='word_1_774' title='bbox 349 5580 443 5636; x_wconf 80' lang='grc' dir='ltr'><strong>ρος</strong></span> <span class='ocrx_word' id='word_1_775' title='bbox 477 5562 560 5633; x_wconf 83' lang='grc' dir='ltr'>τῷ</span> <span class='ocrx_word' id='word_1_776' title='bbox 610 5562 810 5635; x_wconf 66' lang='grc' dir='ltr'>ἐτέρῳθ</span> <span class='ocrx_word' id='word_1_777' title='bbox 843 5562 1037 5634; x_wconf 79' lang='grc' dir='ltr'>Δῶμεν</span> <span class='ocrx_word' id='word_1_778' title='bbox 1083 5564 1354 5636; x_wconf 84' lang='grc' dir='ltr'>ἀρχηγὸν,</span> <span class='ocrx_word' id='word_1_779' title='bbox 1392 5564 1487 5620; x_wconf 75' lang='grc' dir='ltr'>καὶ</span> <span class='ocrx_word' id='word_1_780' title='bbox 1515 5565 1954 5640; x_wconf 69' lang='grc' dir='ltr'>άποστρέψωμεν</span> 
     </span>
    </p>
   </div>
   <div class='ocr_carea' id='block_1_104' title="bbox 414 5703 1010 5779">
    <p class='ocr_par' dir='ltr' id='par_1_104' title="bbox 414 5703 1010 5779">
     <span class='ocr_line' id='line_1_104' title="bbox 414 5703 1010 5779; baseline 0.005 -21"><span class='ocrx_word' id='word_1_781' title='bbox 414 5705 461 5736; x_wconf 83' lang='grc'><strong>⁷⁸</strong></span> <span class='ocrx_word' id='word_1_782' title='bbox 487 5703 653 5759; x_wconf 84' lang='lat' dir='ltr'><strong>Num.</strong></span> <span class='ocrx_word' id='word_1_783' title='bbox 680 5720 778 5770; x_wconf 64' lang='grc' dir='ltr'>χιι,</span> <span class='ocrx_word' id='word_1_784' title='bbox 801 5704 835 5759; x_wconf 81' lang='grc'><strong>5</strong></span> <span class='ocrx_word' id='word_1_785' title='bbox 859 5720 1010 5779; x_wconf 84' lang='lat' dir='ltr'><strong>seqq.</strong></span> 
     </span>
    </p>
   </div>
   <div class='ocr_carea' id='block_1_105' title="bbox 2055 4724 3654 4803">
    <p class='ocr_par' dir='ltr' id='par_1_105' title="bbox 2055 4724 3654 4803">
     <span class='ocr_line' id='line_1_105' title="bbox 2055 4724 3654 4803; baseline -0.008 -12"><span class='ocrx_word' id='word_1_786' title='bbox 2055 4749 2193 4791; x_wconf 90' lang='lat' dir='ltr'><strong>vans</strong></span> <span class='ocrx_word' id='word_1_787' title='bbox 2218 4733 2478 4790; x_wconf 88' lang='lat' dir='ltr'><strong>universa</strong></span> <span class='ocrx_word' id='word_1_788' title='bbox 2501 4729 2856 4803; x_wconf 85' lang='lat' dir='ltr'><strong>congregatio</strong></span> <span class='ocrx_word' id='word_1_789' title='bbox 2874 4727 3029 4784; x_wconf 88' lang='lat' dir='ltr'><strong>dedit</strong></span> <span class='ocrx_word' id='word_1_790' title='bbox 3052 4742 3267 4793; x_wconf 82' lang='lat' dir='ltr'><strong>vocem,</strong></span> <span class='ocrx_word' id='word_1_791' title='bbox 3289 4733 3349 4782; x_wconf 90' lang='lat' dir='ltr'><strong>et</strong></span> <span class='ocrx_word' id='word_1_792' title='bbox 3371 4724 3524 4782; x_wconf 80' lang='lat' dir='ltr'><strong>flevit</strong></span> <span class='ocrx_word' id='word_1_793' title='bbox 3552 4740 3654 4796; x_wconf 90' lang='lat' dir='ltr'><strong>po-</strong></span> 
     </span>
    </p>
   </div>
   <div class='ocr_carea' id='block_1_106' title="bbox 2055 4817 3657 4900">
    <p class='ocr_par' dir='ltr' id='par_1_106' title="bbox 2055 4817 3657 4900">
     <span class='ocr_line' id='line_1_106' title="bbox 2055 4817 3657 4900; baseline -0.007 -16"><span class='ocrx_word' id='word_1_794' title='bbox 2055 4827 2220 4900; x_wconf 91' lang='lat' dir='ltr'><strong>pulus</strong></span> <span class='ocrx_word' id='word_1_795' title='bbox 2241 4833 2356 4883; x_wconf 88' lang='lat' dir='ltr'><strong>tota</strong></span> <span class='ocrx_word' id='word_1_796' title='bbox 2386 4825 2480 4882; x_wconf 87' lang='lat' dir='ltr'><strong>illa</strong></span> <span class='ocrx_word' id='word_1_797' title='bbox 2507 4830 2673 4881; x_wconf 86' lang='lat' dir='ltr'><strong>nocte</strong></span> <span class='ocrx_word' id='word_1_798' title='bbox 2688 4840 2711 4889; x_wconf 65' lang='grc' dir='ltr'><strong>ις</strong></span> <span class='ocrx_word' id='word_1_799' title='bbox 2754 4830 2814 4879; x_wconf 84' lang='lat' dir='ltr'><strong>et</strong></span> <span class='ocrx_word' id='word_1_800' title='bbox 2849 4828 3340 4877; x_wconf 76' lang='lat' dir='ltr'><strong>murmuraverunt</strong></span> <span class='ocrx_word' id='word_1_801' title='bbox 3387 4817 3657 4873; x_wconf 86' lang='lat' dir='ltr'><strong>adversus</strong></span> 
     </span>
    </p>
   </div>
   <div class='ocr_carea' id='block_1_107' title="bbox 2055 4909 3658 4993">
    <p class='ocr_par' dir='ltr' id='par_1_107' title="bbox 2055 4909 3658 4993">
     <span class='ocr_line' id='line_1_107' title="bbox 2055 4909 3658 4993; baseline -0.008 -17"><span class='ocrx_word' id='word_1_802' title='bbox 2055 4921 2276 4993; x_wconf 88' lang='lat' dir='ltr'><strong>Moysen</strong></span> <span class='ocrx_word' id='word_1_803' title='bbox 2323 4926 2381 4974; x_wconf 88' lang='lat' dir='ltr'><strong>et</strong></span> <span class='ocrx_word' id='word_1_804' title='bbox 2405 4919 2586 4974; x_wconf 85' lang='lat' dir='ltr'><strong>Aaron</strong></span> <span class='ocrx_word' id='word_1_805' title='bbox 2615 4931 2811 4972; x_wconf 90' lang='lat' dir='ltr'><strong>omnes</strong></span> <span class='ocrx_word' id='word_1_806' title='bbox 2853 4913 2951 4970; x_wconf 89' lang='lat' dir='ltr'><strong>ﬁlii</strong></span> <span class='ocrx_word' id='word_1_807' title='bbox 2981 4914 3172 4979; x_wconf 86' lang='lat' dir='ltr'><strong>Israel,</strong></span> <span class='ocrx_word' id='word_1_808' title='bbox 3201 4919 3259 4968; x_wconf 92' lang='lat' dir='ltr'><strong>et</strong></span> <span class='ocrx_word' id='word_1_809' title='bbox 3283 4910 3425 4967; x_wconf 85' lang='lat' dir='ltr'><strong>dixit</strong></span> <span class='ocrx_word' id='word_1_810' title='bbox 3460 4909 3528 4966; x_wconf 92' lang='lat' dir='ltr'><strong>ad</strong></span> <span class='ocrx_word' id='word_1_811' title='bbox 3560 4924 3658 4966; x_wconf 90' lang='lat' dir='ltr'><strong>eos</strong></span> 
     </span>
    </p>
   </div>
   <div class='ocr_carea' id='block_1_108' title="bbox 2054 5002 3657 5084">
    <p class='ocr_par' dir='ltr' id='par_1_108' title="bbox 2054 5002 3657 5084">
     <span class='ocr_line' id='line_1_108' title="bbox 2054 5002 3657 5084; baseline -0.009 -14"><span class='ocrx_word' id='word_1_812' title='bbox 2054 5014 2316 5070; x_wconf 86' lang='lat' dir='ltr'><strong>universa</strong></span> <span class='ocrx_word' id='word_1_813' title='bbox 2339 5010 2690 5084; x_wconf 84' lang='lat' dir='ltr'><strong>congregatio</strong></span> <span class='ocrx_word' id='word_1_814' title='bbox 2716 5007 2958 5065; x_wconf 86' lang='lat' dir='ltr'><strong>ﬁliorum</strong></span> <span class='ocrx_word' id='word_1_815' title='bbox 2978 5008 3145 5064; x_wconf 88' lang='lat' dir='ltr'><strong>Israel</strong></span> <span class='ocrx_word' id='word_1_816' title='bbox 3170 5024 3183 5060; x_wconf 94' lang='lat'>:</span> <span class='ocrx_word' id='word_1_817' title='bbox 3205 5004 3428 5062; x_wconf 86' lang='lat' dir='ltr'><strong>Utinam</strong></span> <span class='ocrx_word' id='word_1_818' title='bbox 3449 5002 3657 5059; x_wconf 90' lang='lat' dir='ltr'><strong>mortui</strong></span> 
     </span>
    </p>
   </div>
   <div class='ocr_carea' id='block_1_109' title="bbox 2060 5095 3657 5176">
    <p class='ocr_par' dir='ltr' id='par_1_109' title="bbox 2060 5095 3657 5176">
     <span class='ocr_line' id='line_1_109' title="bbox 2060 5095 3657 5176; baseline -0.008 -12"><span class='ocrx_word' id='word_1_819' title='bbox 2060 5122 2310 5164; x_wconf 90' lang='lat' dir='ltr'><strong>essemus</strong></span> <span class='ocrx_word' id='word_1_820' title='bbox 2334 5106 2390 5161; x_wconf 87' lang='lat' dir='ltr'><strong>in</strong></span> <span class='ocrx_word' id='word_1_821' title='bbox 2415 5113 2560 5162; x_wconf 88' lang='lat' dir='ltr'><strong>terra</strong></span> <span class='ocrx_word' id='word_1_822' title='bbox 2592 5103 2831 5176; x_wconf 63' lang='lat' dir='ltr'><strong>Egypti,</strong></span> <span class='ocrx_word' id='word_1_823' title='bbox 2870 5108 2968 5158; x_wconf 81' lang='lat' dir='ltr'><strong>aut</strong></span> <span class='ocrx_word' id='word_1_824' title='bbox 3016 5100 3073 5155; x_wconf 90' lang='lat' dir='ltr'><strong>in</strong></span> <span class='ocrx_word' id='word_1_825' title='bbox 3115 5101 3220 5155; x_wconf 89' lang='lat' dir='ltr'><strong>hac</strong></span> <span class='ocrx_word' id='word_1_826' title='bbox 3264 5096 3562 5153; x_wconf 88' lang='lat' dir='ltr'><strong>solitudine</strong></span> <span class='ocrx_word' id='word_1_827' title='bbox 3610 5095 3657 5152; x_wconf 88' lang='lat' dir='ltr'><strong>si</strong></span> 
     </span>
    </p>
   </div>
   <div class='ocr_carea' id='block_1_110' title="bbox 2061 5192 3657 5260">
    <p class='ocr_par' dir='ltr' id='par_1_110' title="bbox 2061 5192 3657 5260">
     <span class='ocr_line' id='line_1_110' title="bbox 2061 5192 3657 5260; baseline -0.008 0"><span class='ocrx_word' id='word_1_828' title='bbox 2061 5203 2269 5260; x_wconf 89' lang='lat' dir='ltr'><strong>mortui</strong></span> <span class='ocrx_word' id='word_1_829' title='bbox 2290 5203 2571 5260; x_wconf 82' lang='lat' dir='ltr'><strong>essemus!</strong></span> <span class='ocrx_word' id='word_1_830' title='bbox 2596 5200 2666 5257; x_wconf 89' lang='lat' dir='ltr'><strong>Et</strong></span> <span class='ocrx_word' id='word_1_831' title='bbox 2684 5215 2785 5256; x_wconf 86' lang='lat' dir='ltr'><strong>cur</strong></span> <span class='ocrx_word' id='word_1_832' title='bbox 2811 5198 3080 5255; x_wconf 86' lang='lat' dir='ltr'><strong>Dominus</strong></span> <span class='ocrx_word' id='word_1_833' title='bbox 3100 5194 3315 5251; x_wconf 90' lang='lat' dir='ltr'><strong>inducit</strong></span> <span class='ocrx_word' id='word_1_834' title='bbox 3342 5208 3445 5249; x_wconf 92' lang='lat' dir='ltr'><strong>nos</strong></span> <span class='ocrx_word' id='word_1_835' title='bbox 3463 5192 3519 5248; x_wconf 90' lang='lat' dir='ltr'><strong>in</strong></span> <span class='ocrx_word' id='word_1_836' title='bbox 3543 5200 3657 5248; x_wconf 83' lang='lat' dir='ltr'><strong>ter—</strong></span> 
     </span>
    </p>
   </div>
   <div class='ocr_carea' id='block_1_111' title="bbox 2059 5287 3661 5362">
    <p class='ocr_par' dir='ltr' id='par_1_111' title="bbox 2059 5287 3661 5362">
     <span class='ocr_line' id='line_1_111' title="bbox 2059 5287 3661 5362; baseline -0.007 -11"><span class='ocrx_word' id='word_1_837' title='bbox 2059 5311 2176 5351; x_wconf 90' lang='lat' dir='ltr'><strong>ram</strong></span> <span class='ocrx_word' id='word_1_838' title='bbox 2215 5294 2379 5362; x_wconf 85' lang='lat' dir='ltr'><strong>hanc,</strong></span> <span class='ocrx_word' id='word_1_839' title='bbox 2409 5301 2473 5350; x_wconf 92' lang='lat' dir='ltr'><strong>ut</strong></span> <span class='ocrx_word' id='word_1_840' title='bbox 2493 5291 2759 5349; x_wconf 89' lang='lat' dir='ltr'><strong>cadamus</strong></span> <span class='ocrx_word' id='word_1_841' title='bbox 2781 5291 2840 5346; x_wconf 88' lang='lat' dir='ltr'><strong>in</strong></span> <span class='ocrx_word' id='word_1_842' title='bbox 2867 5287 3058 5345; x_wconf 81' lang='lat' dir='ltr'><strong>bello?</strong></span> <span class='ocrx_word' id='word_1_843' title='bbox 3093 5287 3306 5345; x_wconf 80' lang='lat' dir='ltr'><strong>Uxores</strong></span> <span class='ocrx_word' id='word_1_844' title='bbox 3351 5296 3556 5342; x_wconf 69' lang='lat' dir='ltr'><strong>nostrae</strong></span> <span class='ocrx_word' id='word_1_845' title='bbox 3603 5293 3661 5340; x_wconf 87' lang='lat' dir='ltr'><strong>et</strong></span> 
     </span>
    </p>
   </div>
   <div class='ocr_carea' id='block_1_112' title="bbox 2057 5368 3660 5457">
    <p class='ocr_par' dir='ltr' id='par_1_112' title="bbox 2057 5368 3660 5457">
     <span class='ocr_line' id='line_1_112' title="bbox 2057 5368 3660 5457; baseline -0.005 -15"><span class='ocrx_word' id='word_1_846' title='bbox 2057 5387 2220 5445; x_wconf 89' lang='lat' dir='ltr'><strong>liberi</strong></span> <span class='ocrx_word' id='word_1_847' title='bbox 2255 5386 2499 5444; x_wconf 88' lang='lat' dir='ltr'><strong>eruntin</strong></span> <span class='ocrx_word' id='word_1_848' title='bbox 2519 5384 2909 5457; x_wconf 87' lang='lat' dir='ltr'><strong>direptionem.</strong></span> <span class='ocrx_word' id='word_1_849' title='bbox 2934 5381 3094 5439; x_wconf 86' lang='lat' dir='ltr'><strong>Nunc</strong></span> <span class='ocrx_word' id='word_1_850' title='bbox 3127 5380 3286 5452; x_wconf 72' lang='lat'><strong>152</strong></span> <span class='ocrx_word' id='word_1_851' title='bbox 3325 5368 3496 5453; x_wconf 81' lang='lat' dir='ltr'><strong>igitur</strong></span> <span class='ocrx_word' id='word_1_852' title='bbox 3539 5395 3660 5435; x_wconf 81' lang='lat' dir='ltr'><strong>me-</strong></span> 
     </span>
    </p>
   </div>
   <div class='ocr_carea' id='block_1_113' title="bbox 2055 5473 3663 5549">
    <p class='ocr_par' dir='ltr' id='par_1_113' title="bbox 2055 5473 3663 5549">
     <span class='ocr_line' id='line_1_113' title="bbox 2055 5473 3663 5549; baseline -0.005 -14"><span class='ocrx_word' id='word_1_853' title='bbox 2055 5478 2166 5536; x_wconf 88' lang='lat' dir='ltr'><strong>lius</strong></span> <span class='ocrx_word' id='word_1_854' title='bbox 2187 5488 2274 5537; x_wconf 90' lang='lat' dir='ltr'><strong>est</strong></span> <span class='ocrx_word' id='word_1_855' title='bbox 2291 5479 2456 5537; x_wconf 91' lang='lat' dir='ltr'><strong>nobis</strong></span> <span class='ocrx_word' id='word_1_856' title='bbox 2489 5477 2694 5535; x_wconf 87' lang='lat' dir='ltr'><strong>reverti</strong></span> <span class='ocrx_word' id='word_1_857' title='bbox 2724 5476 2782 5535; x_wconf 91' lang='lat' dir='ltr'><strong>in</strong></span> <span class='ocrx_word' id='word_1_858' title='bbox 2802 5473 3120 5549; x_wconf 68' lang='lat' dir='ltr'><strong>Egyptum.</strong></span> <span class='ocrx_word' id='word_1_859' title='bbox 3142 5473 3215 5532; x_wconf 88' lang='lat' dir='ltr'><strong>Et</strong></span> <span class='ocrx_word' id='word_1_860' title='bbox 3239 5473 3504 5530; x_wconf 80' lang='lat' dir='ltr'><strong>dixerunt</strong></span> <span class='ocrx_word' id='word_1_861' title='bbox 3520 5474 3663 5529; x_wconf 88' lang='lat' dir='ltr'><strong>alter</strong></span> 
     </span>
    </p>
   </div>
   <div class='ocr_carea' id='block_1_114' title="bbox 2058 5566 3661 5639">
    <p class='ocr_par' dir='ltr' id='par_1_114' title="bbox 2058 5566 3661 5639">
     <span class='ocr_line' id='line_1_114' title="bbox 2058 5566 3661 5639; baseline -0.005 -14"><span class='ocrx_word' id='word_1_862' title='bbox 2058 5571 2126 5626; x_wconf 88' lang='lat' dir='ltr'><strong>ad</strong></span> <span class='ocrx_word' id='word_1_863' title='bbox 2144 5571 2380 5628; x_wconf 88' lang='lat' dir='ltr'><strong>alterum</strong></span> <span class='ocrx_word' id='word_1_864' title='bbox 2404 5589 2416 5625; x_wconf 91' lang='lat'>:</span> <span class='ocrx_word' id='word_1_865' title='bbox 2436 5568 2853 5627; x_wconf 85' lang='lat' dir='ltr'><strong>Constituamus</strong></span> <span class='ocrx_word' id='word_1_866' title='bbox 2883 5566 3218 5639; x_wconf 85' lang='lat' dir='ltr'><strong>principem,</strong></span> <span class='ocrx_word' id='word_1_867' title='bbox 3236 5573 3293 5621; x_wconf 92' lang='lat' dir='ltr'><strong>et</strong></span> <span class='ocrx_word' id='word_1_868' title='bbox 3316 5572 3661 5622; x_wconf 87' lang='lat' dir='ltr'><strong>revertamur</strong></span> 
     </span>
    </p>
   </div>
   <div class='ocr_carea' id='block_1_115' title="bbox 1089 5704 2422 5778">
    <p class='ocr_par' dir='ltr' id='par_1_115' title="bbox 1089 5704 2422 5778">
     <span class='ocr_line' id='line_1_115' title="bbox 1089 5704 2422 5778; baseline 0.001 -18"><span class='ocrx_word' id='word_1_869' title='bbox 1089 5705 1134 5740; x_wconf 67' lang='grc' dir='ltr'>τε</span> <span class='ocrx_word' id='word_1_870' title='bbox 1168 5704 1305 5761; x_wconf 89' lang='lat' dir='ltr'><strong>ibid.</strong></span> <span class='ocrx_word' id='word_1_871' title='bbox 1339 5704 1431 5761; x_wconf 55' lang='grc' dir='ltr'>τε.</span> <span class='ocrx_word' id='word_1_872' title='bbox 1506 5704 1551 5737; x_wconf 67' lang='grc' dir='ltr'><strong>κο</strong></span> <span class='ocrx_word' id='word_1_873' title='bbox 1582 5706 1716 5762; x_wconf 89' lang='lat' dir='ltr'><strong>ibid.</strong></span> <span class='ocrx_word' id='word_1_874' title='bbox 1750 5705 1814 5762; x_wconf 75' lang='lat' dir='ltr'><strong>si</strong></span> <span class='ocrx_word' id='word_1_875' title='bbox 1845 5720 2001 5778; x_wconf 86' lang='lat' dir='ltr'><strong>seqq.</strong></span> <span class='ocrx_word' id='word_1_876' title='bbox 2081 5708 2124 5741; x_wconf 74' lang='grc' dir='ltr'>οι</span> <span class='ocrx_word' id='word_1_877' title='bbox 2165 5708 2302 5765; x_wconf 86' lang='lat' dir='ltr'><strong>ibid.</strong></span> <span class='ocrx_word' id='word_1_878' title='bbox 2332 5709 2422 5764; x_wconf 69' lang='grc' dir='ltr'><strong>δι.</strong></span> 
     </span>
    </p>
   </div>
   <div class='ocr_carea' id='block_1_116' title="bbox 425 5842 1939 5924">
    <p class='ocr_par' dir='ltr' id='par_1_116' title="bbox 425 5843 1930 5924">
     <span class='ocr_line' id='line_1_116' title="bbox 425 5843 1930 5924; baseline 0.004 -25"><span class='ocrx_word' id='word_1_879' title='bbox 425 5843 507 5924; x_wconf 61' lang='grc' dir='ltr'><strong>(ξ)</strong></span> <span class='ocrx_word' id='word_1_880' title='bbox 541 5845 635 5924; x_wconf 65' lang='lat' dir='ltr'><strong>Sic</strong></span> <span class='ocrx_word' id='word_1_881' title='bbox 702 5845 879 5902; x_wconf 80' lang='lat' dir='ltr'><strong>codex</strong></span> <span class='ocrx_word' id='word_1_882' title='bbox 947 5846 1173 5915; x_wconf 86' lang='lat' dir='ltr'><strong>Sirleti;</strong></span> <span class='ocrx_word' id='word_1_883' title='bbox 1249 5857 1304 5904; x_wconf 86' lang='lat' dir='ltr'><strong>at</strong></span> <span class='ocrx_word' id='word_1_884' title='bbox 1340 5848 1463 5904; x_wconf 88' lang='lat' dir='ltr'><strong>cod.</strong></span> <span class='ocrx_word' id='word_1_885' title='bbox 1519 5848 1665 5918; x_wconf 59' lang='lat' dir='ltr'><strong>Vah,</strong></span> <span class='ocrx_word' id='word_1_886' title='bbox 1706 5847 1930 5905; x_wconf 78' lang='grc' dir='ltr'>ἐκείνων</span> 
     </span>
    </p>
   </div>
   <div class='ocr_carea' id='block_1_117' title="bbox 2042 5842 3664 5924">
    <p class='ocr_par' dir='ltr' id='par_1_117' title="bbox 2042 5842 3664 5924">
     <span class='ocr_line' id='line_1_117' title="bbox 2042 5842 3664 5924; baseline -0.007 -20"><span class='ocrx_word' id='word_1_887' title='bbox 2042 5849 2216 5916; x_wconf 48' lang='lat' dir='ltr'><strong>sliat;</strong></span> <span class='ocrx_word' id='word_1_888' title='bbox 2263 5850 2355 5907; x_wconf 68' lang='grc' dir='ltr'><strong>καὶ</strong></span> <span class='ocrx_word' id='word_1_889' title='bbox 2398 5848 2847 5924; x_wconf 67' lang='grc' dir='ltr'>ματαιολογίαις,</span> <span class='ocrx_word' id='word_1_890' title='bbox 2874 5846 3021 5920; x_wconf 83' lang='lat' dir='ltr'><strong>quod</strong></span> <span class='ocrx_word' id='word_1_891' title='bbox 3067 5842 3472 5917; x_wconf 75' lang='lat' dir='ltr'><strong>expositionem</strong></span> <span class='ocrx_word' id='word_1_892' title='bbox 3526 5845 3664 5911; x_wconf 75' lang='lat' dir='ltr'><strong>puto</strong></span> 
     </span>
    </p>
   </div>
   <div class='ocr_carea' id='block_1_118' title="bbox 348 5916 673 5988">
    <p class='ocr_par' dir='ltr' id='par_1_118' title="bbox 348 5916 673 5988">
     <span class='ocr_line' id='line_1_118' title="bbox 348 5916 673 5988; baseline 0.012 -20"><span class='ocrx_word' id='word_1_893' title='bbox 348 5932 406 5968; x_wconf 81' lang='grc' dir='ltr'><strong>τε</strong></span> <span class='ocrx_word' id='word_1_894' title='bbox 416 5916 673 5988; x_wconf 78' lang='grc' dir='ltr'>ρθρειῶν.</span> 
     </span>
    </p>
   </div>
  </div>
