4096 6436
317 409 423 469 δη

1040 409 1127 466 DE
1167 407 1615 467 ADORATIONE
1652 410 1720 467 IN
1765 409 2043 469 SPiRlTU
2090 414 2177 470 ET
2219 416 2594 473 VERU'ATE.
2639 415 2767 472 LIB.
2811 415 2873 470 V.

3516 419 3623 475 578

308 523 628 591 δπιεικείας
658 525 970 599 ἀρξάμενος
1007 526 1155 593 νοῦς,
1193 526 1388 591 ἱκανὸς
1418 528 1498 591 είς
1530 527 1591 580 τδ
1626 527 1921 599 δοκιμάζε-

2031 529 2259 599 iusmodi
2316 532 2483 589 rebus
2522 533 2880 588 mediocriter
2917 531 3125 588 versari
3180 533 3348 604 coepit
3382 534 3621 600 animus,

311 622 441 678 σθαι
468 622 572 675 καὶ
594 617 959 691 πειράζεσθαι
978 637 994 687 ;
1024 620 1120 675 καὶ
1143 622 1256 683 τοῖς
1278 619 1348 674 τά
1372 619 1513 693 ὀρθὰ
1530 619 1920 692 διαστρέφουσι

310 711 635 785 περιτυχὼν
683 713 713 768 ό
754 712 921 783 σοφίᾳ
958 712 1295 784 συνοικήσας
1338 712 1424 782 (l)
1471 712 1828 783 προσφάτως,
1858 713 1920 766 οὐ

312 805 794 878 διαστραφήσεται
822 804 1048 877 μᾶλλον,
1064 805 1238 877 ἧγουν
1253 804 1542 876 περιέσται
1555 805 1652 859 καὶ
1665 802 1923 877 διακρού-

319 913 466 952 σεται
488 896 563 951 τὰ
594 898 826 952 ἐκείνων
862 896 1061 969 βλάὃη,
1104 896 1359 970 βεϐηκὼς
1401 897 1498 953 καὶ
1526 897 1923 971 ἐρηρεισμένος

312 989 559 1063 διαρκῶς
581 988 741 1044 olim
772 989 913 1063 πρὸς
940 990 1159 1045 σύνεσιν
1179 1008 1210 1050 ’ρ

378 1167 601 1226 ΠΑΛΔ.
636 1171 877 1229 Ἔοικεν.

381 1261 555 1318 ΚΥΡ.
588 1263 1047 1337 Παροτρύνοντος
1067 1265 1123 1320 δέ
1145 1280 1314 1332 τινος,
1335 1266 1364 1321 ὁ
1388 1265 1487 1340 τὴν
1516 1267 1807 1339 πραότητα
1831 1284 1924 1340 με·

306 1352 507 1424 λιτῶν,
542 1356 594 1410 εί
631 1356 803 1429 μήπω
832 1374 921 1423 τις
958 1358 1043 1429 εἴη
1075 1358 1216 1431 πρὸς
1252 1358 1413 1413 τοῦτο
1437 1359 1919 1432 γεγυμνασμένος,

306 1448 371 1502 οὐ
397 1450 799 1521 κατοιχήσεται
833 1451 975 1524 πρὸς
1001 1450 1175 1525 ὀργὴν
1202 1451 1477 1520 εὐκόλωςό

384 1541 600 1597 ΠΑΛΔ.
635 1537 811 1614 Οἶμαί
838 1560 928 1613 γε.

382 1634 556 1690 ΚΥΡ.
607 1635 896 1709 Ἐντριὸὴς
920 1636 978 1691 δὲ
1010 1636 1177 1707 σοφὸς
1206 1637 1562 1711 διαμαχεῖται
1591 1641 1798 1712 σοφοῖς,
1827 1638 1925 1694 καὶ

310 1726 605 1798 ἀντεξάγει
629 1729 902 1795 νεανικῶς
936 1732 1059 1796 ταῖς
1105 1731 1337 1786 ἐκείνων
1371 1732 1732 1805 πανουργίαις
1762 1733 1834 1790 τά
1864 1733 1923 1802 ἐξ

307 1818 608 1891 ὀρθότητος
634 1820 918 1893 λογισμῶν
939 1839 956 1890 ;

378 1914 597 1968 ΠΑΛΔ.
648 1913 897 1987 Ἀληθές.
1097 1968 1113 1981 ,

379 2004 549 2061 ΚΥΡ.
580 2005 648 2062 Τί
667 2005 752 2074 δέ,
780 2008 811 2061 ὁ
848 2008 1118 2081 πραότητι
1147 2009 1534 2084 κατωρθωκὼς
1556 2011 1620 2067 οὐ
1651 2010 1924 2085 δυσχερὴς

307 2103 388 2165 είς
411 2099 611 2175 ὀργὰς,
641 2100 747 2157 κᾶν
775 2103 825 2155 εί
851 2102 989 2175 πρὸς
1021 2102 1182 2158 τοῦτο
1203 2103 1371 2160 αὐτὸν
1402 2104 1780 2177 παραθήγοιεν
1807 2102 1924 2157 ἐσθ’

307 2194 398 2248 ὅτε
425 2195 614 2263 τινέςς

382 2289 604 2345 ΜΛΔ.
635 2288 808 2361 Φημί.

380 2383 555 2438 ΚΥΡ.
607 2383 820 2456 Ὀρθῶς
856 2378 952 2439 οὖν
988 2384 1018 2437 ὁ
1045 2382 1211 2455 νόμος
1244 2382 1521 2454 ’καθάπερ
1552 2381 1612 2437 ὲν
1657 2382 1792 2436 εῖδει
1845 2382 1924 2454 τῷ

311 2476 576 2546 γυναικὸς
601 2476 1000 2550 ὃιαμορφὼσας
1030 2475 1267 2542 ἀστείως
1300 2477 1401 2547 τὴν
1428 2477 1544 2541 τοῖς
1588 2475 1767 2546 ἁγίοις
1799 2475 1926 2531 σύν-

309 2586 461 2625 οικον
491 2569 729 2643 ἀρετὴν,
764 2588 782 2621 ι
815 2565 947 2623 Ἐάν
977 2585 1064 2632 τις
1109 2567 1253 2641 λάϐῃ
1279 2571 1521 2637 γυναῖκα
1566 2569 1921 2642 προσφάτως,

311 2662 502 2733 φησιν,
529 2662 635 2717 οῦκ
657 2660 1004 2730 ἐξελεύσεται
1033 2662 1116 2724 είς
1145 2661 1409 2733 πόλεμον,
1441 2662 1538 2717 καὶ
1566 2662 1668 2716 οὐκ
1697 2660 1926 2735 ἐπιϐλη-

308 2755 544 2827 θήσεται
572 2754 731 2827 αὐτῷ
747 2754 904 2809 οὐδὲν
930 2755 1170 2827 πρᾶγμα
1192 2769 1208 2785 ’
1239 2752 1420 2819 ἀθῶος
1435 2753 1594 2809 ἔσται
1616 2755 1674 2809 ὲν
1689 2756 1758 2827 τῇ
1775 2755 1926 2827 οἰκίᾳ

308 2846 502 2903 αὑτοῦ.
580 2845 866 2902 Ἐνιαυτὸν
918 2845 1019 2902 ἕνα
1072 2846 1342 2919 εὐφρανεῖ
1397 2845 1499 2919 τὴν
1563 2848 1802 2917 γυναῖκα
1857 2846 1925 2919 ἣν

309 2942 497 2997 ἔλαϐε.
533 2961 553 2995 ι
594 2940 1122 3014 Καταφορτίξεσθαι
1149 2938 1260 3014 γάρ
1287 2939 1392 2995 οὐκ
1424 2941 1495 3014 ἐᾷ
1524 2940 1709 3004 πόνοις
1733 2956 1794 2994 τε
1828 2940 1926 2994 καὶ

306 3038 576 3109 διωγμοῖς
622 3035 719 3091 τὸν
764 3035 1053 3099 οἱονείπως
1082 3034 1391 3107 ἀρτιπαγῆ,
1435 3034 1534 3090 καὶ
1577 3037 1926 3107 νεαρωτέραν

309 3131 509 3203 ἔχοντα
534 3129 641 3201 τὴν
666 3131 749 3195 είς
773 3129 837 3184 τὸ
855 3126 1063 3199 ἀγαθὸν
1081 3126 1346 3199 σπουδὴν.
1369 3126 1621 3199 σχολαῖον
1645 3125 1705 3181 δὲ
1733 3124 1926 3199 ὥσπερ

309 3225 407 3280 καὶ
451 3225 544 3295 ἐφ’
600 3222 786 3296 ἐαυτῷ
831 3223 1088 3294 μένοντα,
1141 3222 1240 3277 καὶ
1284 3221 1628 3294 θαλπόμενον
1669 3222 1793 3284 ταῖς
1844 3221 1924 3284 είς
1952 3258 1995 3318 C

309 3318 520 3392 ἀρετὴν
567 3316 1039 3388 καταδεσμεϊσθαι
1090 3313 1525 3387 φιλοστοργίαις.
1572 3311 1832 3367 Τοιοῦτόν
1870 3329 1925 3365 τι

308 3411 676 3483 πεπραχότας
720 3410 1035 3483 εὑρήσομεν
1072 3410 1203 3474 τοὺς
1243 3408 1437 3477 ἁγίους
1466 3405 1829 3472 ἀποστόλους,
1878 3406 1927 3461 οἶ

307 3508 425 3570 τοῖς
458 3504 523 3571 ἐξ
553 3502 732 3559 ιθνῶν
765 3502 1184 3575 ἐπιστρέφουσι,
1218 3502 1313 3555 καὶ
1341 3500 1542 3556 νεωστῖ⁵
1563 3498 1929 3572 κεκλημένοις

308 3602 390 3664 είς
417 3598 728 3668 ἐπίγνωσιν
757 3596 922 3662 Θεοῦ,
961 3596 1153 3667 σαφῶς
1180 3595 1627 3651 ἐπιστέλλουσιν
1664 3614 1684 3647 ε
1737 3594 1929 3662 Ἔδοξε

310 3694 423 3767 γάρ
453 3693 538 3767 τῷ
569 3693 718 3764 ἁγίῳ
754 3690 1040 3765 Πνεύματι
1075 3692 1171 3747 καὶ
1206 3692 1360 3763 ἡμῖν,
1397 3689 1568 3763 μηδὲν
1611 3688 1773 3744 πλέον
1806 3690 1930 3743 ὲπι-

308 3786 561 3842 τίθεσθαι
592 3787 728 3858 ὑμῖν
752 3784 922 3857 βάρος
946 3826 962 3851 ,
1001 3783 1144 3857 πλὴν
1162 3781 1470 3855 ἀπέχεσθαι
1490 3783 1637 3855 ὑμᾶς
1669 3781 1930 3853 πορνείας

309 3882 409 3936 καὶ
442 3879 705 3945 πνικτοῦ,
742 3880 841 3934 καὶ
869 3878 1124 3951 αἵματος.
1153 3895 1172 3927 ι
1211 3876 1490 3949 Παρέντες
1522 3873 1631 3947 γὰρ
1652 3875 1930 3946 οίκονομι·

310 3973 426 4039 κῶς
452 3973 570 4028 τῶν
602 3971 962 4043 ὲντα).μάτων
1004 3971 1075 4027 τὰ
1121 3968 1528 4042 φορτικώτερα,
1555 3967 1715 4038 ὀλίγα
1740 3984 1802 4023 τε
1831 3968 1929 4022 καὶ

310 4067 600 4136 ἀναγκαῖα
612 4068 807 4138 τηρεῖν
836 4064 1118 4129 ἐκέλευον,
1145 4062 1256 4117 τῶν
1275 4060 1481 4136 ἀρτίως
1510 4059 1932 4133 είσκεκομισμέο

310 4172 422 4211 νων
443 4154 543 4211 ἐπὶ
563 4153 629 4209 τδ
653 4155 855 4228 χρῆναι
879 4153 1154 4208 θεοσεὸεῖν
1181 4152 1245 4207 τὸ
1264 4151 1581 4225 ἀτληπαθὲς
1605 4152 1708 4207 οὐκ
1731 4153 1931 4223 ἠγνοη-

313 4248 495 4314 κᾶτες.
528 4249 644 4303 Καὶ
687 4246 846 4317 γοῦν,
882 4246 1070 4318 ἀνίησι
1117 4247 1216 4318 μὲν
1262 4244 1393 4310 τοὺς
1430 4243 1710 4309 τοιούτους
1759 4246 1789 4298 ὁ
1818 4242 1929 4297 τῶν

310 4344 452 4399 ὅλων
481 4343 623 4407 θεὸς
650 4342 748 4396 καὶ
778 4341 954 4413 ὀργῆς
983 4339 1079 4394 καὶ
1127 4336 1493 4410 αίτιαμάτων,
1540 4335 1645 4392 κᾶν
1683 4336 1731 4390 εί
1770 4351 1932 4407 περι-

313 4439 547 4493 πέσοιεν
584 4433 990 4505 ὀλιγοψυχίαις,
1026 4433 1128 4505 τὴν
1167 4429 1415 4503 ἀσυνήθη
1449 4429 1560 4486 τῶν
1602 4429 1783 4485 πόνων
1813 4428 1930 4484 δια-

313 4530 637 4602 στείχοντες
670 4527 815 4583 ὁδόν.
845 4524 1251 4598 Είσπράττεται
1277 4523 1335 4578 δὲ
1377 4522 1520 4595 μετά
1547 4521 1710 4577 τοῦτο
1744 4520 1927 4586 δίκας,

2020 622 2257 679 idoneus
2299 625 2407 680 erit
2439 626 2539 696 qui
2578 627 2849 697 probetur
2882 642 2947 683 ac
2980 626 3265 683 tentetur?
3301 635 3358 681 et
3398 625 3493 697 qui
3533 642 3626 683 sa-

2020 717 2244 789 pientis
2267 716 2635 774 contubernio
2665 717 2748 774 uti
2773 728 3029 775 recenter
3061 718 3351 790 inceperit,
3380 720 3426 775 si
3449 718 3502 774 in
3524 734 3626 777 eos

2022 810 2304 876 inciderit,
2334 809 2434 881 qui
2471 816 2625 866 recta
2657 815 3005 881 pervertunt,
3049 825 3233 867 nonne
3269 818 3624 882 pervertetur

2021 903 2209 974 potius
2251 917 2419 974 quam
2450 902 2658 968 vincat,
2680 911 2739 958 et
2762 902 2984 958 illorum
3009 903 3314 972 perniciem
3356 901 3618 974 depellat,

2021 996 2228 1067 quippe
2259 1010 2386 1051 cum
2410 1010 2523 1050 non
2546 994 2682 1050 satis
2702 993 2886 1049 adhuc
2910 994 3126 1050 stabilis
3146 1009 3210 1050 ac
3248 992 3391 1049 ﬁxus
3432 994 3487 1048 in
3529 1007 3623 1049 sa-

2025 1088 2237 1159 pientia
2264 1087 2378 1144 sit?

2095 1179 2296 1236 PALL.
2319 1180 2769 1236 Consentaneum
2798 1178 3042 1235 videtur.

2095 1271 2256 1328 (ΝΒ.
2286 1273 2578 1339 Praeterea,
2604 1273 2700 1344 qui
2727 1270 3143 1329 mansuetudini
3172 1271 3379 1339 studet,
3418 1286 3624 1345 provo-

2022 1373 2185 1422 cante
2208 1366 2416 1437 aliquo,
2434 1366 2481 1423 si
2504 1366 2753 1423 nondum
2776 1367 2834 1421 in
2853 1381 2918 1421 ea
2942 1364 3149 1421 virtute
3171 1364 3245 1421 sit
3262 1366 3622 1433 exercitatus,

2023 1474 2210 1515 nonne
2229 1459 2393 1516 facile
2413 1460 2809 1516 succensebit?

2096 1550 2298 1606 PALL.
2321 1550 2403 1607 lta
2426 1550 2646 1622 opinor.

2094 1642 2256 1699 CYR.
2282 1644 2634 1701 Exercitatus
2665 1652 2853 1701 autem
2874 1645 3097 1717 sapiens
3123 1660 3253 1701 cum
3288 1642 3632 1715 sapientibus

2024 1733 2316 1805 pugnabit,
2338 1741 2396 1789 et
2417 1733 2641 1789 illorum
2664 1734 2882 1791 astutia:
2918 1741 3127 1791 rectam
3165 1727 3436 1789 rationem
3467 1729 3631 1787 forti-

2027 1836 2115 1884 ter
2137 1836 2402 1900 opponet.

1956 1895 2003 1955 B
2096 1895 2301 1977 PA—IJL.
2331 1921 2537 1977 Verum
2560 1920 2681 1977 est.‘

2096 2013 2257 2069 CYR.
2281 2011 2424 2080 Quid
2444 2027 2582 2068 vero
2601 2012 2718 2078 ille,
2745 2012 2842 2083 qui
2866 2008 3352 2068 mansuetudinem
3381 2016 3466 2066 est
3502 2022 3631 2080 per-

2026 2104 2169 2162 fecte
2190 2111 2545 2170 consecutus,
2565 2118 2751 2159 nonne
2779 2102 3002 2159 difficile
3029 2102 3403 2166 succensebit,
3439 2113 3633 2173 quam-

2025 2198 2112 2253 vis
2130 2211 2529 2268 nonnunquam
2554 2198 2624 2254 ab
2658 2195 2942 2267 aliquibus
2979 2195 3365 2267 provocetur?

2097 2291 2298 2349 PALL.
2318 2292 2538 2348 Fateor.

2097 2384 2259 2442 CYR.
2289 2384 2460 2441 Recte
2508 2384 2695 2455 itaque
2740 2383 2850 2447 lex,
2899 2396 3028 2437 cum
3066 2380 3351 2451 eleganter
3391 2376 3541 2432 velut
3576 2375 3633 2431 in

2027 2475 2283 2532 mulieris
2315 2474 2501 2547 specie
2541 2474 2805 2530 virtutem
2852 2478 3173 2528 sanctorum
3206 2469 3497 2540 conjugem
3533 2466 3634 2522 de-

2026 2571 2339 2643 pinxisset:
2379 2588 2397 2621 ι
2428 2567 2484 2625 Si
2509 2568 2655 2640 quis,
2684 2566 2886 2638 inquit,
2911 2580 3091 2637 nuper
3130 2578 3356 2620 uxorem
3399 2575 3634 2631 accepe-

2027 2663 2123 2730 rit,
2148 2678 2262 2718 non
2281 2660 2601 2733 egredietur
2625 2659 2696 2715 ad
2736 2659 2968 2725 bellum,
2992 2672 3177 2728 neque
3219 2655 3393 2710 ullum
3433 2667 3642 2708 munus

2027 2757 2080 2813 ei
2103 2756 2451 2828 imponetur:
2485 2752 2750 2810 immunis
2772 2752 2881 2809 erit
2902 2752 2958 2807 in
2977 2751 3146 2807 domo
3173 2765 3291 2805 sua.
3321 2748 3482 2803 Anno
3501 2761 3636 2812 uno,

2026 2847 2332 2903 laatilicabit
2351 2861 2584 2902 uxorem
2625 2860 2806 2911 suam,
2833 2859 3000 2916 quam
3038 2842 3312 2913 accepit“
3339 2859 3352 2894 :
3387 2859 3405 2893 ι
3433 2853 3640 2895 onera-

2028 2940 2075 2995 ri
2096 2954 2338 3012 namque
2357 2938 2648 2995 laboribus
2693 2951 2760 2993 ac
2807 2934 3295 3009 persecutionibus
3344 2949 3459 2988 non
3506 2946 3641 3002 per-

2027 3030 2200 3086 mittit
2222 3045 2372 3097 eum,
2406 3029 2503 3101 qui
2522 3044 2700 3101 nuper
2721 3028 2894 3084 veluti
2953 3032 3276 3097 compactus
3316 3032 3399 3080 est
3436 3030 3496 3079 et
3545 3037 3638 3078 re-

2029 3120 2266 3176 centiori
2294 3128 2380 3176 est
2397 3135 2528 3193 erga
2548 3119 2814 3175 virtutem
2833 3115 3058 3181 studio;
3092 3115 3191 3171 sed
3229 3122 3492 3185 tanquam
3536 3128 3639 3169 cu-

2030 3213 2110 3268 ris
2131 3228 2365 3269 vacuum
2383 3218 2550 3284 atque
2571 3211 2719 3284 apud
2744 3226 2804 3267 se
2844 3217 3162 3266 manentem
3205 3224 3271 3265 ac
3304 3207 3482 3263 fotum
3520 3207 3639 3263 vir-

2028 3303 2166 3360 tutis
2184 3303 2471 3360 amoribus
2499 3301 2819 3359 confirmari
2842 3300 2997 3357 sinit.
3037 3298 3322 3372 Ejusmodi
3353 3297 3638 3369 quidpiam

2027 3406 2251 3454 sanctos
2269 3395 2550 3469 apostolos
2567 3394 2763 3451 fecisse
2790 3393 3159 3465 reperiemus,
3190 3392 3285 3463 qui
3310 3392 3377 3447 ad
3407 3392 3641 3463 gentiles

2027 3506 2208 3562 nuper
2233 3502 2543 3546 conversos
2588 3493 2645 3541 et
2674 3486 2742 3542 ad
2764 3485 2865 3541 Dei
2907 3483 3250 3556 agnitionem
3278 3489 3508 3536 vocatos
3549 3495 3642 3535 sa-

2027 3582 2248 3654 pienter
2279 3579 2537 3636 scribunt
2570 3596 2584 3632 :
2617 3597 2635 3629 c
2666 3576 2863 3634 Visum
2886 3583 2974 3633 est
2996 3574 3149 3632 enim
3185 3571 3418 3644 Spiritui
3448 3580 3642 3627 sancto

2027 3681 2086 3730 et
2104 3671 2288 3738 nobis,
2310 3671 2452 3726 nihil
2476 3670 2619 3727 ultra
2654 3671 2942 3742 imponere
2980 3667 3142 3725 vobis
3181 3665 3389 3732 oneris,
3429 3664 3539 3720 nisi
3581 3674 3644 3721 ut

2029 3764 2361 3823 abstineatis
2398 3780 2550 3831 vosa
2586 3763 2980 3830 fornicatione,
3015 3770 3074 3819 et
3104 3750 3375 3817 su‘ll‘ocato
3418 3766 3477 3815 et
3511 3773 3641 3814 san-

2028 3858 2197 3931 guine
2214 3857 2283 3912 “7.
2329 3876 2347 3908 ι
2378 3855 2780 3912 Praetermissis
2799 3856 2952 3911 enim
2983 3851 3219 3925 sapienti
3239 3850 3646 3924 gubernatione

2028 3948 2308 4006 mandatis
2324 3947 2695 4021 gravioribus,
2732 3962 2911 4019 pauca
2936 3945 3188 4016 quaedam
3214 3959 3281 3999 ac
3325 3939 3644 3999 necessaria

2029 4057 2250 4099 servare
2279 4041 2611 4114 jusserunt,
2662 4054 2792 4095 cum
2825 4039 3047 4094 illorum
3086 4037 3182 4108 qui
3216 4035 3385 4107 paulo
3418 4041 3545 4089 ante
3573 4031 3645 4088 ad

2028 4135 2206 4191 Deum
2232 4133 2530 4190 colendum
2550 4130 2778 4188 adducti
2805 4138 3012 4195 essent,
3051 4128 3302 4184 infirmas
3340 4128 3396 4183 in
3432 4127 3649 4197 asperis

2030 4226 2201 4282 rebus
2230 4225 2537 4281 tolerandis
2559 4223 2709 4279 vires
2727 4238 2841 4278 non
2862 4222 3206 4295 ignorarent.
3261 4219 3424 4291 154
3451 4219 3645 4289 itaque

2030 4318 2347 4391 huiusmodi
2404 4317 2747 4384 hominibus,
2796 4317 2890 4373 ille
2946 4315 3333 4372 universorum
3373 4313 3541 4375 Deus,
3587 4320 3647 4369 et

2032 4412 2146 4468 iras
2162 4419 2220 4468 et
2242 4411 2435 4483 culpas
2473 4410 2742 4478 remittit,
2765 4409 2985 4465 tametsi
3020 4409 3076 4463 in
3112 4407 3298 4479 pusilli
3349 4406 3518 4463 animi
3557 4405 3645 4460 vi-

2032 4505 2172 4561 tium
2213 4504 2537 4571 inciderint,
2579 4503 2714 4560 dum
2746 4503 3027 4559 insuetam
3064 4501 3318 4557 laborum
3363 4500 3505 4555 viam
3555 4499 3646 4555 in-

314 4623 413 4678 καὶ
436 4593 721 4694 ῦποφέρει
747 4619 940 4674 λοιπὸν
973 4593 1091 4683 τοῖς
1118 4618 1179 4686 ἐξ
1206 4593 1389 4690 ὀργῆς
1406 4615 1731 4688 κινήμασιν,
1760 4613 1926 4669 ἀσθε-

2033 4599 2385 4673 grediuntur.
2412 4596 2523 4655 Sed
2551 4605 2744 4669 postea
2780 4595 2985 4668 repetit
3023 4609 3240 4667 pmnas,
3288 4600 3346 4648 et
3388 4593 3487 4649 ira:
3532 4608 3647 4649 suae

312 4684 689 4788 νοῦνταςμέν
720 4714 907 4769 οὐκέτι
939 4712 1030 4767 διὰ
1061 4711 1124 4766 τὸ
1337 4684 1396 4763 εν
1418 4684 1768 4774 τοῖςνπόνοις,
1800 4707 1928 4762 ἀνα-

2033 4689 2505 4749 commotionibus
2548 4689 2777 4762 subjicit
2807 4705 2907 4745 eos
2935 4689 3055 4760 qui,
3082 4701 3208 4743 cum
3253 4702 3366 4741 non
3409 4684 3647 4757 amplius

319 4778 630 4873 πίπτοντας
664 4808 724 4862 δὶ
754 4806 962 4879 μᾶλλον
987 4807 1069 4871 είς
1100 4805 1164 4860 τὸ
1198 4778 1298 4877 iisti
1344 4821 1406 4859 τε
1434 4804 1533 4859 καὶ
1562 4802 1795 4876 ἀτραχυ,
1835 4801 1928 4855 καὶ

2031 4783 2462 4841 desuetudinem
2484 4781 2742 4838 laborum
2775 4778 3145 4837 imbecillitati
3185 4793 3298 4834 sua:
3341 4784 3646 4849 pratexere

316 4869 653 4976 ἑτοιμότατά
691 4869 1151 4973 παραχεομὲνους
1177 4869 1258 4963 είς
1286 4896 1349 4951 τὸ
1376 4896 1586 4969 ἀπᾷδον
1615 4869 1823 4950 αὐτων.
1858 4894 1928 4948 Ἦ

2034 4878 2276 4950 possint,
2307 4875 2377 4932 ad
2420 4874 2717 4930 illecebras
2754 4873 2943 4946 potius
2975 4880 3140 4944 atque
3187 4869 3474 4926 mollitiem
3513 4883 3645 4941 pro-

316 4960 566 5069 ;dpobx
595 4960 973 5064 ἀνάντης
993 4960 1252 5065 ἡάρετὴ,
1276 4991 1374 5045 καὶ
1392 4960 1562 5053 ’.ιδ-είς
1592 4986 1764 5060 αὐτὴν
1794 4986 1928 5041 ἱέναι

2031 4971 2185 5045 jecti,
2206 4971 2576 5029 libentissime
2603 4986 2664 5027 se
2704 4969 2763 5025 in
2790 4966 3114 5025 vecordiam
3141 4979 3297 5019 suam
3324 4960 3641 5018 effundunt.

318 5052 521 5165 τραχὺ,
551 5088 650 5145 καὶ
686 5052 1119 5161 ίδρέῦνθνάγκίη
1283 5082 1583 5157 κατορθοῦν
1608 5052 1928 5157 ᾑρημένου

2036 5065 2123 5120 An
2160 5079 2296 5121 vero
2338 5080 2463 5121 non.
2499 5063 2674 5121 ardua
2712 5066 2800 5117 est
2843 5058 3043 5123 virtus,
3083 5064 3141 5112 et
3175 5069 3339 5127 asper
3384 5053 3451 5109 ad
3492 5052 3644 5107 illam

2041 5174 2331 5225 accessus,
2356 5173 2422 5214 ac
2459 5157 2661 5214 sudare
2707 5167 2939 5211 necesse
2972 5158 3058 5205 est
3088 5150 3183 5221 qui
3232 5148 3383 5204 illius
3418 5163 3645 5219 compos

390 5272 606 5327 nam.
640 5269 815 5343 οημε.

390 5366 561 5421 ΚΥΡ.
619 5363 763 5418 Ἀλλ’
791 5357 862 5436 ἣν
896 5379 1003 5417 που
1034 5363 1137 5417 οὐκ
1156 5361 1410 5427 ἀπεικὸς,
1453 5362 1656 5434 μᾶλλον
1689 5363 1770 5430 δὲ,
1829 5363 1930 5436 οὐχ

316 5458 469 5514 ὅσιόν
509 5475 569 5512 τε
599 5457 697 5513 καὶ
726 5456 963 5531 πρέπον,
988 5456 1117 5521 τοὺς
1138 5455 1238 5528 μὲν
1260 5454 1387 5528 ἄρτι
1410 5457 1546 5529 πρὸς
1569 5455 1731 5511 τοῦτο
1752 5457 1930 5529 ἠγμέ-

318 5570 467 5618 νους,
501 5549 982 5620 παιδαγωγεῖσθαι
1008 5550 1385 5622 συγγνὼμαις,
1417 5550 1753 5623 προθυμίαις
1775 5551 1932 5607 etiam

320 5649 444 5711 ταῖς
486 5646 633 5715 ἄγαν
676 5644 1128 5717 ἐρηρεισμένους,
1162 5645 1395 5709 ἁπαλοῖς
1429 5646 1487 5699 δὲ
1515 5646 1706 5718 ὥσπερ
1752 5647 1929 5714 ἰόντας

974 5802 1018 5832 ⁸⁷
1046 5800 1167 5859 Act.
1199 5819 1288 5866 xv,
1315 5801 1407 5863 28.
1450 5802 1538 5858 :29.

389 5924 475 5999 (l)
513 5922 607 5981 Sic
632 5922 759 5980 cod.
791 5922 953 5991 Vat;
989 5922 1198 5992 (πίοι-ἰ,
1232 5921 1481 5995 νικήσας.

387 5804 437 5837 ⁸⁸
467 5803 633 5861 Deut.
669 5820 814 5868 xxrv,
844 5801 896 5857 ὅ.

2042 5252 2164 5308 ﬁeri
2206 5252 2487 5310 voluerit?

2112 5346 2314 5404 PALL.
2336 5347 2559 5404 Fateor.

2110 5439 2270 5496 CYR.
2292 5440 2415 5496 Non
2445 5447 2530 5497 est
2561 5447 2749 5494 autem
2774 5434 3101 5498 absurdum,
3132 5432 3243 5489 imo
3270 5448 3405 5491 vero
3424 5446 3645 5504 aequum

2033 5541 2205 5605 atque
2224 5532 2586 5594 conveniens,
2615 5530 2711 5602 qui
2734 5546 2916 5601 nuper
2945 5537 3078 5585 sunt
3114 5527 3183 5584 ad
3221 5527 3329 5585 hoc
3363 5525 3643 5598 perducti,

2036 5641 2134 5684 eos
2170 5642 2297 5683 cum
2335 5624 2504 5682 animi
2550 5623 2833 5680 alacritate
2870 5620 3117 5677 nondum
3160 5619 3294 5676 satis
3332 5611 3643 5674 conﬁrmati
