4096 6442
501 493 608 549 379

1498 492 1553 547 s.
1598 492 1877 550 evntLu
1915 491 2387 548 ALEXANDBINI
2425 467 2745 551 Anchise

3670 494 3773 550 380

503 610 638 674 sint,
673 606 768 664 sed
804 605 973 662 vel-uti
1004 603 1210 662 teneris
1240 606 1425 663 adhuc
1443 607 1678 679 pedibus
1707 608 2008 675 ambulent,
2033 617 2087 664 et

2192 608 2340 673 ποσὶ,
2376 609 2469 663 καὶ
2495 607 2789 673 νοσοῦντας
2812 607 2893 662 ἐτι
2920 607 2984 661 τὸ
3007 607 3225 671 άναλκι,
3266 608 3449 672 πόνοις
3480 626 3542 663 τε
3562 609 3656 664 καὶ
3680 612 3774 681 φό-

504 694 879 753 imbecillitate
904 694 1180 761 laborent,
1205 695 1513 769 indulgenti
1533 698 1912 755 moderatione
1936 699 2081 772 regi;

503 794 805 857 contraque
839 786 992 841 illum
1029 787 1394 845 exercitatum
1429 790 1611 861 pinnis
1649 790 1725 864 (l)
1770 807 1835 848 ae
1874 800 2085 849 terrore

502 878 696 934 durius
712 877 1030 950 gubernari,
1045 894 1109 935 ac
1124 880 1294 935 veluti
1317 884 1647 947 necessitate
1666 884 1899 955 quadam
1919 884 1986 941 ad
2001 885 2083 943 la-

502 969 700 1025 borum
719 970 1043 1040 patientiam
1068 981 1126 1027 et
1140 971 1488 1042 obsequendi
1510 975 1828 1032 facilitatem
1861 976 2081 1032 adduci.

571 1059 771 1115 PALL.
798 1060 1015 1132 Optime
1047 1062 1415 1118 ratiocinaris.

570 1149 729 1206 CYR.
767 1150 960 1221 Neque
990 1166 1124 1207 vero
1150 1166 1215 1207 ea
1245 1168 1337 1208 res
1366 1154 1600 1211 obseura
1626 1165 1733 1223 est,
1767 1159 1815 1212 si
1869 1173 1993 1228 quae
2028 1159 2084 1213 in

500 1241 678 1313 ﬁgura
697 1242 892 1314 priscis
914 1243 1022 1299 illis
1049 1243 1182 1300 viris
1222 1246 1541 1303 acciderunt
1571 1249 1861 1321 diligenter
1887 1253 2083 1321 exqui-

500 1347 628 1389 rere
661 1334 920 1408 velimus.
959 1334 1051 1391 Sic
1081 1335 1229 1393 enim
1264 1337 1528 1408 scriptum
1558 1347 1678 1396 est:
1718 1360 1737 1394 ι
1761 1342 1964 1398 Eduxit
1989 1359 2087 1399 au-

503 1435 616 1482 tem
640 1426 853 1497 Moyses
872 1425 1015 1483 ﬁlios
1033 1428 1198 1483 Israel
1224 1429 1455 1495 demari
1490 1432 1703 1497 Rubro,
1722 1442 1779 1489 et
1807 1433 1964 1489 duxit
1987 1450 2084 1495 eos

502 1517 561 1571 in
585 1514 865 1570 desertum
896 1515 1002 1571 Sur
1027 1536 1037 1569 :
1064 1525 1118 1572 et
1143 1517 1564 1575 ambulaverunt
1586 1530 1703 1574 tres
1736 1519 1855 1585 dies
1890 1521 1949 1575 in
1984 1521 2084 1577 de-

503 1617 675 1675 serto,
704 1623 809 1665 nec
839 1609 1197 1665 inveniebant
1234 1625 1433 1681 aquam
1456 1611 1527 1667 ad
1555 1611 1879 1667 bibendum.
1902 1614 2083 1670 Vene-

503 1706 635 1769 runt
666 1710 851 1756 autem
895 1699 954 1755 in
990 1688 1367 1765 Merram,nee
1406 1711 1660 1772 poterant
1679 1703 1870 1759 bibere
1886 1720 2083 1776 aquam

501 1806 569 1845 ex
600 1790 1028 1856 Merra;amara
1071 1792 1218 1846 enim
1264 1798 1402 1847 erat.
1449 1792 1580 1847 Ideo
1625 1794 1841 1849 vocavit
1883 1810 2084 1852 nomen

499 1882 607 1939 loci
629 1884 797 1940 .illius
830 1884 1289 1940 Amaritudinem.
1331 1885 1404 1940 Et
1438 1888 1813 1953 .murmuravit
1847 1888 2084 1959 populus

2188 699 2304 764 σοις
2372 700 2888 773 σκληραγωγετσθαι
2942 700 3035 756 τὸν
3086 699 3334 772 ἐντριὸῆ,
3390 701 3649 774 καθάπερ
3713 704 3775 771 ἐξ

2186 792 2434 864 ἀνάγκης
2455 793 2557 867 ήδη
2579 811 2684 848 που
2710 793 3084 866 ἀποφέρεσθαι
3111 792 3296 850 λοιπὸν
3313 794 3394 860 εἰς
3423 794 3483 849 τὸ
3502 794 3775 869 τληπαθὲς

2187 885 2282 940 καὶ
2311 887 2528 958 εὐήνιον
2550 903 2568 946 1

2259 1067 2469 1121 HAAA.
2504 1067 2737 1139 ι’Δριστα
2765 1067 2971 1136 διανοῇ.

2258 1159 2426 1215 ΚΥΡ.
2471 1158 2584 1214 Καὶ
2612 1158 2674 1213 τὸ
2700 1157 2892 1231 χρῆμά
2929 1159 3077 1212 ἐστιν
3107 1157 3209 1211 οὐκ
3245 1157 3590 1230 άσυμφανὲς,
3630 1160 3681 1213 si
3707 1161 3782 1214 τὰ

2171 1251 2430 1315 -τυπικῶς
2457 1253 2572 1315 τοῖς
2605 1250 2860 1323 ἀρχαίοις
2882 1249 3267 1322 συμϐεϐηκότα
3297 1250 3782 1325 πολυπραγμονεῖν

2187 1343 2489 1416 ἐθέλοιμεν.
2525 1344 2841 1414 Γέγραπται
2865 1343 2977 1415 γὰρ
3022 1342 3154 1397 ὡδί·
3198 1363 3218 1396 ι
3260 1343 3454 1415 Ἐξῆρε
3483 1343 3541 1398 δὲ
3570 1346 3782 1416 Μωσῆς

2186 1436 2313 1500 τοὺς
2338 1435 2490 1499 υἱοὺς
2520 1434 2740 1506 Ἰσραὴλ
2758 1433 2867 1489 άπὸ
2889 1434 3166 1506 θαλάσσης
3203 1435 3497 1506 Ἐρυθράς,
3525 1437 3621 1490 καὶ
3636 1436 3781 1508 ἠγα-

2187 1544 2282 1598 γεν
2329 1528 2527 1593 αὐτοὺς
2568 1531 2649 1593 είς
2677 1528 2776 1599 τὴν
2825 1529 3035 1600 ἔρημον
3089 1529 3259 1599 Σούρ·
3305 1529 3401 1583 καὶ
3450 1529 3783 1601 ἐσωρεύοντο

2185 1624 2338 1693 τρεῖς
2367 1620 2586 1692 ἡμέρας
2623 1621 2682 1673 ἐν
2712 1622 2781 1690 τῇ
2815 1621 3027 1691 ἐρήμῳ,
3061 1619 3158 1673 καὶ
3188 1619 3289 1692 οὐχ
3311 1618 3577 1691 ηὕρισκον
3605 1621 3779 1694 ὕδωρ,

2187 1713 2329 1768 ὥστε
2350 1715 2515 1767 πιεῖν.
2541 1707 2748 1766 Ἦλθον
2772 1711 2829 1765 δὲ
2858 1713 2940 1775 εἰς
2971 1711 3224 1782 Μερῤᾶν,
3250 1712 3347 1765 καὶ
3381 1711 3482 1765 οὐκ
3512 1711 3784 1782 ἠδύναντο

2189 1808 2332 1860 πιεῖν
2364 1804 2509 1876 ὕδωρ
2538 1804 2604 1858 ἐκ
2645 1804 2909 1875 Μερῤᾶς·
2944 1801 3143 1874 πικρὸν
3188 1802 3299 1873 γὰρ
3331 1798 3420 1875 ἦν.
3477 1803 3575 1857 Διὰ
3616 1805 3786 1858 τοῦτο

2189 1896 2517 1967 ἐπωνόμασε
2548 1895 2613 1949 τδ
2630 1895 2802 1971 θνομα
2829 1893 2926 1948 τοῦ
2955 1892 3123 1946 τόπου
3147 1893 3382 1958 ἐκείνου,
3402 1894 3616 1966 Πικρία
3638 1913 3650 1926 ·
3683 1898 3786 1949 καὶ

500 1976 766 2033 adversus
794 1977 1037 2048 Moysen,
1063 1977 1350 2059 dicentes}:
1376 1976 1521 2047 Quid
1543 1978 1840 2035 bibemus?
1867 1978 2084 2036 Clama-

2187 1988 2540 2059 διεγόγγυζεν
2568 1989 2597 2040 ὁ
2619 1987 2749 2052 λαὸς
2779 1987 2918 2059 πρὸς
2963 1986 3195 2057 Μωσῆν,
3224 1987 3477 2056 λέγοντες
3496 2004 3507 2016 '
3526 1987 3605 2040 .Ti
3654 1990 3785 2042 πιό-

502 2068 578 2124 vit
595 2069 780 2139 itaque
805 2069 1017 2140 Moyses
1032 2070 1101 2124 ad
1122 2070 1440 2135 Dominum,
1462 2076 1519 2126 et
1534 2070 1773 2125 ostendit
1796 2070 1875 2126 illi
1894 2071 2082 2127 Domi-

498 2177 604 2218 nus
638 2163 869 2234 lignum,
894 2171 952 2219 et
974 2162 1168 2244 injecit
1190 2163 1333 2233 illud
1360 2165 1417 2219 in
1452 2179 1673 2234 aquam,
1705 2171 1763 2219 et
1784 2164 1963 2221 dulcis
1999 2163 2081 2220 fa-

495 2266 583 2313 eta
614 2263 700 2312 est
727 2272 869 2326 aqua
902 2257 968 2310 ⁸⁸.
991 2276 1009 2307 ι
1041 2256 1227 2328 Nuper
1251 2258 1399 2313 enim
1425 2273 1494 2312 ex
1525 2255 1908 2329 Egyptiorum
1934 2263 2085 2312 terra

495 2348 726 2421 profecti
750 2349 847 2404 ﬁlii
870 2349 1060 2415 Israel,
1089 2365 1215 2406 eum
1239 2349 1522 2409 servitutis
1549 2349 1720 2414 illius,
1745 2365 1854 2420 qua
1886 2349 1990 2407 sub
2015 2349 2085 2404 il-

494 2442 676 2498 lorum
719 2441 933 2498 ditione
971 2442 1387 2517 premebantur,
1426 2456 1592 2512 grave
1630 2442 1825 2513 jugum
1869 2448 1927 2498 et
1973 2456 2085 2497 non

494 2532 785 2589 ferendum
819 2533 1169 2605 abjecissent,
1204 2535 1274 2593 ad
1302 2534 1630 2605 promissam
1664 2535 1797 2593 olim
1835 2535 2087 2607 patribus

496 2634 719 2690 terram,
745 2625 859 2681 Deo
899 2634 1154 2692 vocante,
1193 2626 1584 2697 properabant.
1615 2624 1694 2683 Ae
1729 2626 1941 2697 primus
1979 2627 2087 2683 illis

493 2718 741 2773 occurrit
767 2718 926 2773 labor
949 2733 1017 2773 ex
1040 2732 1309 2789 aquarum
1339 2718 1545 2790 inopia,
1569 2735 1707 2789 quas
1743 2719 1836 2774 vix
1864 2719 2086 2781 tandem

494 2816 853 2879 posteaQuam
898 2809 993 2864 diu
1034 2809 1442 2874 laboraverant,
1491 2817 1856 2880 repererunt;
1905 2824 2085 2880 neque

498 2910 678 2956 tamen
724 2902 931 2957 earum’
967 2918 1103 2959 usus
1139 2902 1371 2958 vacabat
1415 2902 1684 2968 molestia,
1724 2911 1883 2959 erant
1937 2902 2087 2963 enim

493 3010 713 3060 amarae,
767 2995 912 3050 sicut
959 2995 1227 3067 scriptum
1270 3001 1390 3061 est;
1439 2995 1535 3051 sed
1579 2995 2086 3066 ligniadmistione

493 3084 686 3141 dulces
719 3100 784 3141 ae
809 3101 1007 3142 suaves
1039 3086 1197 3142 taetre
1234 3093 1384 3152 sunt,
1410 3102 1536 3142 cum
1559 3087 1722 3143 beato
1744 3086 1914 3159 Moysi
1940 3087 2083 3143 viam

492 3191 603 3246 qua
629 3177 684 3232 id
720 3177 907 3245 ﬁeret,
947 3178 1095 3234 Deus
1127 3177 1482 3235 ostendisset.
1529 3177 1668 3235 Cum
1711 3179 1861 3236 enim
1900 3177 2086 3234 divina

491 3271 583 3326 lex
610 3286 712 3327 nos
738 3271 936 3327 doceat
957 3288 988 3326 a
1010 3271 1569 3328 servitutevitiorum
1599 3278 1880 3328 extractos
1904 3271 2083 3327 Deum
2112 3313 2155 3372 ϐ

491 3363 741 3433 sequi,et
767 3378 836 3418 ex
859 3362 1171 3419 daemonum
1194 3362 1352 3434 155
1375 3363 1659 3418 dominatu
1680 3362 1960 3429 recedere,
1981 3363 2085 3419 sub

494 3455 864 3512 tentationum
886 3455 1072 3511 labore
1096 3454 1298 3511 sudare
1335 3471 1564 3512 necesse
1588 3465 1710 3524 est;
1744 3463 1801 3511 et
1838 3455 2083 3512 severio—

493 3546 574 3603 ris
593 3548 1009 3604 exercitationis
1027 3548 1314 3604 laboribus
1331 3549 1516 3604 earnis
1531 3547 1663 3604 vitia
1682 3548 2082 3616 consumendo,

493 3648 660 3712 atque
696 3640 940 3696 immites
962 3641 1085 3697 illos
1120 3647 1307 3697 motus
1340 3641 1434 3712 qui
1480 3656 1701 3712 semper
1745 3641 2086 3712 voluptatem

495 3740 765 3805 spectant,
792 3748 903 3789 non
926 3748 1088 3791 secus
1112 3750 1176 3790 ac
1203 3740 1400 3802 tetram
1423 3743 1482 3790 et
1513 3734 1811 3789 immanem
1843 3733 2087 3789 belluam

494 3824 588 3880 siti
616 3832 673 3879 et
696 3824 877 3880 inedia
900 3824 1407 3892 mansuefaeiendo,
1435 3825 1582 3880 illam
1616 3824 1797 3881 laudis
1824 3840 2087 3882 coronam

493 3917 746 3987 adipisci.
778 3916 1105 3973 Veientibus
1129 3916 1278 3972 enim
1300 3916 1655 3973 continentiae
1693 3916 1956 3972 virtutem
2000 3926 2087 3973 te-

493 4025 647 4078 nere,
679 4011 858 4082 prima
889 4010 1053 4066 nobis
1082 4025 1268 4082 pugna
1308 4009 1578 4066 adversus
1609 4024 1845 4066 carnem.
1867 4016 1926 4065 et
1967 4010 2089 4081 ejus

491 4100 627 4157 vitia
651 4100 933 4168 occurrit;
964 4114 1148 4171 neque
1173 4116 1419 4171 unquam
1441 4100 1549 4157 alla
1576 4100 1794 4158 ratione
1822 4100 2087 4156 virtutem

493 4192 765 4264 quispiam
810 4192 1062 4248 excolere
1102 4192 1327 4263 poterit.
1379 4191 1551 4263 [gitur
1602 4191 1728 4248 sitis
1779 4191 1913 4256 illa,
1962 4207 2087 4262 quae

494 4285 692 4356 priscis
710 4285 819 4341 illis
844 4284 1166 4341 hominibus
1187 4285 1244 4340 in
1270 4284 1493 4340 deserto
1513 4284 1765 4355 contigit,
1789 4282 2087 4339 severioris

494 4376 905 4432 exercitationis
930 4376 1183 4433 laborum
1208 4375 1383 4447 figura
1404 4374 1545 4441 fuit;
1587 4382 1646 4430 et
1688 4390 1813 4445 quae
1852 4374 1922 4429 ad
1958 4388 2086 4430 eor-

495 4483 599 4538 pus
625 4467 927 4537 pertinent,
968 4466 1125 4521 initia
1155 4472 1287 4521 sunt
1328 4465 1907 4521 exercitamentorum.
1945 4463 2087 4518 Illud

493 4558 642 4614 enim
666 4557 1073 4614 animadvertas
1107 4558 1289 4620 velim,
1316 4557 1442 4614 illos
1463 4572 1577 4635 non
1602 4557 1673 4612 ab
1702 4555 1864 4612 initio
1902 4554 2108 4630 statim.

494 4651 553 4705 in
579 4650 785 4706 bellum
813 4649 1316 4719 incidissezneque
1334 4649 1505 4715 enim,
1546 4649 1643 4719 qui
1682 4662 1862 4718 nuper
1892 4646 2090 4704 adver-

495 4757 592 4798 sus
619 4742 753 4796 vitia
774 4741 995 4797 fortiter
1023 4756 1083 4797 se
1126 4756 1319 4813 gerere
1344 4756 1409 4795 ac
1453 4740 1676 4795 virtutis
1713 4754 1944 4795 munera
1984 4756 2085 4797 ex-

495 4834 652 4905 sequi
680 4837 986 4906 emperunt,
1014 4833 1084 4890 ab
1109 4833 1179 4890 iis
1203 4832 1389 4889 statim
1421 4847 1604 4904 pugna
1641 4831 1943 4902 suscipitur
1984 4832 2086 4888 ad-

496 4941 690 4983 versus
738 4927 1084 4997 principatus
1121 4932 1179 4981 et
1220 4928 1551 4997 potestates,
1594 4931 1888 4995 propterea
1937 4923 2086 4995 quod

495 5016 591 5086 qui
614 5024 965 5082 exercentur,
997 5015 1180 5070 adhue
1224 5030 1423 5085 parum
1464 5015 1695 5080 strenui,
1728 5030 1908 5086 neque
1954 5015 2087 5070 satis

497 5107 794 5163 admodum
838 5107 984 5163 ﬁrmi
1040 5114 1200 5174 sunt;
1251 5106 1348 5162 sed
1400 5105 1457 5160 in
1502 5106 1782 5162 laboribus
1823 5107 2090 5162 adversus

497 5213 722 5254 carnem
764 5198 1039 5269 susceptis
1088 5207 1453 5264 exercentur;
1502 5200 1647 5270 quod
1692 5201 1839 5256 Deus
1882 5199 2089 5256 laboris

496 5292 829 5358 molestiam,
875 5307 1071 5348 eorum
1113 5293 1209 5364 qui
1247 5301 1548 5359 tentantur,
1574 5293 1767 5349 habitu
1807 5309 1873 5349 ac
1912 5293 2087 5350 facul-

501 5389 611 5438 tate
632 5384 913 5439 metiatur.
944 5383 1169 5455 Hocque
1197 5384 1334 5440 illud
1372 5391 1480 5452 est,
1505 5387 1704 5456 opinor
1734 5404 1747 5440 :
1792 5405 1810 5437 ι
1835 5385 2089 5441 Tentatio

499 5489 599 5530 vos
621 5489 735 5529 non
757 5475 1133 5546 apprehendat
1152 5478 1261 5535 nisi
1289 5479 1531 5534 humana
1555 5496 1568 5532 :
1596 5469 1775 5534 ﬁdelis
1796 5484 1881 5532 est
1903 5485 2087 5533 autem

2189 2079 2368 2149 μεθα;
2405 2078 2635 2151 Ἐϐόησε
2668 2078 2728 2132 δέ
2766 2080 2974 2150 Μωσῆς
3013 2079 3149 2152 πρὸς
3178 2077 3384 2151 Κύριον
3407 2097 3421 2111 ’
3453 2080 3549 2134 καὶ
3572 2078 3786 2145 ἔδειξεν

2186 2169 2337 2242 αύτῷ
2376 2169 2583 2241 Κύριος
2621 2169 2795 2236 ξύλον,
2830 2170 2927 2225 καλ⁵
2962 2169 3217 2225 ἐνὲὃαλεν
3243 2170 3377 2225 αὐτὸ
3413 2171 3493 2234 εἰς
3517 2172 3579 2224 τὸ
3606 2169 3784 2241 ὕδωρ,

2188 2266 2282 2319 καὶ
2312 2264 2621 2336 ἐγλυκάνθη
2653 2263 2716 2316 τὸ
2749 2262 2916 2335 ὕδωρ.
2949 2281 2969 2314 ι
3007 2264 3169 2334 Ἀρτι
3207 2262 3308 2332 μὲν
3329 2262 3439 2333 γάρ
3475 2263 3578 2333 τῆς
3601 2264 3749 2332 Δίγυ
3769 2293 3785 2303 -

2189 2357 2360 2412 πτίων
2403 2357 2736 2429 ἀπαίροντες
2765 2355 2871 2427 γῆς
2911 2356 2962 2410 οἱ
3003 2354 3062 2421 ἐξ
3112 2354 3357 2426 Ἰσραὴλ,
3418 2355 3508 2408 καὶ
3547 2355 3647 2425 τῆς
3680 2356 3786 2408 ὑπ’

2187 2448 2373 2513 αὐτοῖς
2400 2448 2625 2519 θητείας
2653 2448 2747 2502 τὸν
2775 2446 3020 2518 δυσαχθῆ
3059 2461 3118 2499 τε
3144 2446 3240 2500 καὶ
3274 2445 3504 2517 ἄτλητον
3538 2447 3779 2519 ἀπορρι-

2188 2541 2451 2605 πτοῦντες
2478 2540 2663 2610 ζυγὸν,
2709 2541 2793 2603 εἰς
2820 2539 2919 2610 τὴν
2949 2538 3117 2593 πάλαι
3154 2540 3270 2602 τοῖς
3297 2539 3569 2609 πατράσιν
3600 2540 3789 2611 ἐπηγ-

2188 2631 2463 2703 γελμένην
2484 2629 2654 2702 μεθορ
2663 2626 2918 2700 μίξεσθαι
2943 2629 3067 2700 γῆν,
3086 2627 3222 2682 Θεοῦ
3243 2627 3559 2693 καλοῦντος,
3576 2629 3787 2684 ἐσπού-

2186 2723 2369 2789 δαζον.
2401 2722 2625 2799 Πρῶτος
2647 2721 2705 2775 δέ
2724 2721 2914 2784 αὐτοῖς
2943 2720 3270 2784 ὑπαντιάζει
3305 2720 3488 2787 πόνος,
3514 2720 3624 2776 τῶν
3657 2721 3788 2777 ὑδά-

2187 2835 2295 2871 των
2333 2819 2366 2887 ή
2400 2817 2635 2883 σπάνις,
2670 2815 2709 2870 ἃ.
2754 2813 2929 2886 μόλις¹
2960 2813 3060 2885 μὲν
3102 2811 3191 2866 διὰ
3236 2812 3450 2885 μακροῦ
3505 2814 3784 2884 καμοῦσιν

2189 2910 2414 2983 εὑρέθη,
2452 2909 2594 2972 πλὴν
2612 2908 2718 2978 ρύκ
2747 2906 3137 2977 ἀταλαίπωρον
3171 2905 3365 2975 ἔχοντα
3404 2905 3503 2977 τὴν
3537 2907 3788 2963 ἀπόλαυ-

2190 3018 2296 3058 σινο
2329 3000 2504 3074 πικρὰ
2535 3001 2644 3071 γάρ
2671 2994 2760 3072 ἦν,
2798 2998 2942 3055 καθὰ
2973 2998 3281 3069 γέγραπται
3303 3037 3316 3051 .
3336 2998 3507 3052 Ξύλου
3546 2998 3603 3052 δὲ
3632 2998 3786 3069 μίξει

2191 3093 2629 3165 μετεσκευάζετο
2649 3091 2788 3164 πρὸς
2824 3091 2888 3145 τὸ
2919 3089 3018 3161 ἡδύ
3046 3107 3108 3144 τε
3139 3090 3235 3144 καὶ⁵
3269 3089 3467 3159 γλυκὺ,
3496 3089 3633 3143 Θεοῦ
3674 3108 3787 3144 παο

2192 3184 2559 3256 ραδεδειχόσος
2587 3182 2683 3239 τοῦ
2731 3182 3060 3255 πράγματος
3088 3178 3185 3252 τὴν
3219 3180 3337 3234 ὁδὸν
3377 3178 3458 3250 τῷ
3505 3179 3787 3251 θεσπεσίῳ

2187 3274 2386 3345 Μωσῇ.
2427 3273 2600 3346 Νόμῳ
2639 3273 2751 3345 γάρ
2797 3270 2926 3341 θείῳ
2973 3269 3489 3341 παιδαγωγούμενοι
3542 3270 3685 3343 πρὸς
3721 3272 3799 3325 rb

2187 3366 2299 3421 δεῖν
2329 3365 2551 3423 ἑλέσθαι
2601 3363 3025 3419 κατακολουθεῖν
3056 3361 3136 3434 τῷ
3181 3361 3325 3433 Θεῷ,
3363 3363 3464 3433 τῆς
3494 3365 3559 3417 ἐκ
3590 3363 3791 3418 παθῶν

2186 3457 2431 3522 δουλείας
2456 3454 2758 3523 ἐξέλκοντι,
2783 3455 2879 3511 καὶ
2910 3456 2976 3510 ἐκ
3004 3455 3103 3526 τῆς
3141 3454 3250 3510 τῶν
3282 3455 3577 3527 δαιμονίων
3607 3456 3792 3510 ἀπαλ-

2187 3547 2480 3603 λάττεσθαι
2499 3546 2835 3619 τυραννίδος,
2865 3544 3047 3616 ἱδροῦν
3078 3546 3295 3617 ἀνάγκη
3322 3546 3787 3617 πειραζομένους,

2188 3642 2281 3696 καὶ
2314 3639 2408 3695 τὸν
2444 3639 2545 3711 τῆς
2575 3638 2981 3710 εὐδοκιμήσεως
3000 3636 3317 3692 ἀναδεῖσθαι
3350 3637 3636 3706 στέφανον,
3669 3640 3796 3702 τοῖς

2188 3731 2249 3798 ἐξ
2274 3732 2561 3804 ἀσκήσεως
2619 3730 2806 3793 πόνοις
2844 3729 3259 3800 κατατήκοντας
3305 3727 3378 3782 τὰ
3421 3726 3646 3798 σαρκὸς,
3690 3729 3792 3782 καὶ

2187 3824 2377 3895 ὥσπερ
2417 3822 2555 3901 τινὰ.
2584 3821 2728 3893 θῆρα
2768 3820 2941 3877 δεινὸν
2976 3819 3505 3890 καταγοητεύοντας,
3537 3818 3684 3888 δίψει
3726 3837 3790 3873 τε

2187 3917 2284 3971 καὶ
2331 3915 2599 3980 ἀσιτίαις,
2635 3913 2699 3968 τὸ
2743 3912 2883 3980 πρὸς
2912 3913 3107 3985 ἡδονὴν
3140 3913 3228 3968 ἀεὶ
3258 3912 3457 3983 βλέπον
3486 3912 3792 3968 ὰτίθασσον

2189 4000 2416 4079 κίνημα.
2449 4005 2652 4079 Πρώτη
2679 4007 2790 4075 γάρ
2807 4008 2941 4077 ἡμῖν
2965 4007 2999 4075 ἡ
3025 4006 3197 4077 μάχη,
3219 4002 3519 4075 κατορθοῦν
3535 4002 3791 4059 ἐθέλουσι

2194 4102 2294 4172 τὴν
2322 4099 2673 4170 ἐγκράτειαν,
2720 4096 2859 4169 πρὸς
2891 4097 3073 4168 σάρκα
3106 4114 3167 4149 τε
3214 4097 3311 4150 καὶ
3340 4095 3410 4150 τά
3455 4096 3657 4167 αὐτῆς·
3690 4098 3793 4150 καὶ

2187 4191 2287 4245 οὐκ
2314 4190 2380 4246 ἂν
2403 4187 2557 4260 οἶμαί
2593 4206 2677 4253 τις
2708 4187 2911 4260 ἑτέρως
2950 4185 3264 4258 ἐκμελετῴη
3292 4186 3390 4257 τὴν
3412 4186 3636 4257 ἀρετήν.
3677 4186 3794 4240 Τύ-

2189 4301 2290 4348 πος
2309 4278 2404 4338 οῦν
2426 4284 2537 4355 ἄρα
2563 4280 2674 4337 τῶν
2696 4283 2755 4335 ἐν
2778 4280 3011 4351 ἀσκήσει
3037 4278 3239 4345 πόνων,
3272 4279 3306 4349 η
3333 4277 3461 4347 δίψα
3478 4279 3592 4340 τοῖς
3613 4277 3792 4333 πάλαι

2191 4395 2254 4430 συ
2262 4375 2447 4447 μὸἄσα
2466 4373 2607 4429 κατὰ
2622 4372 2719 4444 τὴν
2742 4370 2946 4444 ἔρημον
2961 4371 3086 4425 ’καὶ
3104 4370 3326 4442 ἀπαρχὴ
3346 4369 3790 4441 γυμνασμάτων,

2187 4474 2257 4528 τὰ
2295 4471 2606 4543 σωματικά.
2666 4468 2954 4539 Ἐπιτήρει
2987 4466 3097 4538 γὰρ
3131 4447 3282 4529 ὅπως
3325 4465 3425 4519 οὐκ
3474 4466 3532 4519 ἐν
3580 4465 3792 4537 ἀρχαῖς

2189 4565 2350 4630 εὐθὺς
2399 4562 2622 4634 πολέμῳ
2661 4559 3090 4634 προσϐάλλουσιν
3133 4559 3220 4628 (ού
3269 4557 3376 4630 γάρ
3419 4561 3534 4621 τοῖς
3574 4556 3793 4629 ἀρτίως

2123 4669 2166 4725 D
2195 4655 2647 4729 κατανδρίζεσθαι
2683 4653 2793 4709 τῶν
2844 4651 3033 4707 παθῶν
3089 4651 3182 4705 καὶ
3233 4648 3533 4721 κατορθοῦν
3578 4649 3794 4719 ἀρετὴν

2189 4747 2507 4821 ὴργμένοις,
2553 4744 2716 4809 εὐθὺς
2769 4745 2804 4815 ἡ
2845 4742 2991 4813 πάλη
3034 4740 3170 4814 πρὸς
3216 4739 3317 4804 τὰς
3365 4736 3540 4809 ἀρχάς
3583 4754 3645 4790 τε
3692 4739 3795 4792 καὶ

2192 4839 2464 4905 ἐξουσίας,
2495 4835 2584 4891 διὰ
2613 4834 2675 4890 τὸ
2698 4834 2808 4888 τῶν
2840 4832 3290 4906 δοκιμαζομένων
3322 4831 3547 4899 ἀγεννὲς
3575 4827 3656 4881 ἔτι
3690 4828 3800 4882 καὶ

2191 4929 2347 4985 οὔπω
2375 4928 2496 4982 λίαν
2518 4923 2804 4998 ἀσφαλὲς),
2828 4924 2963 4978 ἀλλὰ
2986 4925 3096 4986 τοῖς
3110 4921 3212 4993 τῆς
3241 4919 3441 4992 σαρκὸς
3461 4916 3789 4988 δοκιμάζον-

2201 5034 2291 5070 ται
2321 5014 2526 5079 πόνοις,
2545 5011 2972 5085 ἐπιμετροῦντος
2994 5008 3127 5065 Θεοῦ
3146 5011 3267 5073 ταῖς
3292 5007 3402 5062 τῶν
3426 5005 3798 5079 πειρωμένων

2193 5106 2345 5174 ἕξεσι
2376 5103 2472 5160 τοῦ
2510 5103 2676 5157 πόνου
2704 5101 2766 5156 τὸ
2808 5098 3094 5171 δυσαχθές.
3118 5097 3230 5152 Καὶ
3254 5095 3412 5151 τοῦτό
3456 5097 3603 5148 ἐστιν
3631 5089 3797 5166 οἶμαι

2197 5216 2300 5252 που
2333 5197 2396 5251 τὸ
2420 5238 2435 5265 ,
2476 5214 2497 5249 ι
2533 5194 2847 5267 Πειρασμὸς
2888 5192 3034 5263 ὑμᾶς
3079 5190 3178 5244 οὐκ
3210 5188 3456 5259 εἴληφεν,
3487 5186 3537 5239 εί
3570 5186 3647 5257 μὴ
3687 5182 3797 5238 ἀν-

2198 5287 2507 5361 θρώπινος·
2545 5284 2735 5349 πιστὸς
2776 5283 2855 5347 δὲ,
2887 5283 3074 5352 φησὶν,
3131 5282 3159 5333 ὁ
3191 5277 3346 5343 Θεὸς,
3390 5276 3450 5341 ὃς
3484 5276 3585 5329 οὐκ
3634 5273 3798 5328 ἐάσει

2199 5384 2346 5454 ὑμᾶς
2394 5377 2759 5452 πειρασθῆναι
2809 5376 2948 5449 ὑπὲρ
3001 5374 3031 5427 ὃ
3078 5371 3349 5438 δύνασθε,
3388 5368 3524 5424 ἀλλὰ
3569 5367 3802 5437 ποιήσει

2202 5474 2299 5527 σὺν
2342 5470 2420 5543 τῷ
2457 5467 2753 5542 πειρασμῷ
2820 5466 2916 5521 καὶ
2963 5464 3063 5536 τὴν
3109 5463 3335 5517 ἔκϐασιν
3385 5458 3480 5513 τοῦ
3528 5456 3803 5512 δύνασθαι

501 5566 668 5634 Deus,
697 5567 794 5637 qui
816 5583 928 5623 non
961 5569 1245 5639 permittet
1268 5585 1369 5625 vos
1394 5570 1597 5624 tentari
1620 5585 1787 5638 supra
1810 5583 1977 5637 quam
2000 5583 2087 5638 ρο⁴

2212 5564 2556 5632 ὑπενεγκεῖν.
2601 5580 2620 5613 ι
2653 5560 2892 5631 Πικροὺς
2921 5556 2979 5611 δὲ
3007 5557 3167 5619 ὄντας
3191 5555 3313 5608 λίαν
3335 5553 3461 5615 τοὺς
3489 5549 3631 5620 ὑπὲρ
3657 5547 3801 5618 ἀρε-

504 5658 678 5724 testis,
709 5659 803 5715 sed
830 5660 993 5717 faciet
1025 5677 1149 5717 cum
1202 5662 1507 5718 tentatione
1555 5662 1720 5717 etiam
1767 5660 1997 5723 exitum,
2038 5668 2087 5714 ut

2207 5657 2305 5729 τῆς
2340 5653 2595 5726 ἱδρῶτας,
2627 5653 2706 5715 εἰς
2733 5650 2794 5703 τὸ
2823 5648 2922 5720 ἡδύ
2971 5665 3030 5701 τε
3074 5647 3168 5701 καὶ
3200 5644 3374 5714 γλυκῦ
3425 5639 3802 5714 μεταπλάττει

574 5814 622 5847 ⁸⁸
652 5816 825 5873 Exod.
856 5832 944 5884 xv,
970 5817 1162 5874 22-25.

581 5937 656 6005 (ί)
693 5937 865 5997 I‘mnis
889 5940 1124 6007 reddidi,
1158 5941 1285 6008 quia
1316 5940 1395 5996 sic
1427 5947 1543 5995 erat
1575 5937 1630 5995 in
1654 5932 2165 6007 \'aticano(nows€;
2188 5933 2256 6005 ?),
2291 5948 2481 6007 quarm
2496 5932 2541 5989 is
2574 5932 2629 5989 in
2660 5929 2849 5988 codice
2887 5927 3067 5987 Sirleti
3096 5935 3240 5984 esset
3275 5923 3472 5987 πόνοις.
