4096 6478
393 547 498 606 '58l

1128 548 1219 605 DE
1257 546 1705 604 ADORATIONE
1745 546 1812 602 IN
1854 547 2125 603 SPIRITU
2166 548 2255 603 ET
2292 550 2669 605 VEIUTATE.
2712 549 2852 604 LIB.
2895 550 2960 605 ν.

3609 552 3715 610 3‘32

390 650 660 740 Xptﬂbc:
700 668 764 733 6;
795 652 1014 741 εἴρηται
1058 685 1119 722 τε
1167 669 1262 723 καὶ
1300 668 1416 722 ἐστι
1460 667 1615 733 ξύλον
1656 668 1822 741 ζωῆς.
1860 669 2007 738 Ἔφη

2118 669 2340 740 possitis
2363 670 2639 725 sustinere
2656 670 2720 723 ⁸³.
2757 688 2774 721 ι
2809 668 2950 725 Cum
2973 684 3107 725 vero
3138 684 3240 739 pro
3281 668 3486 725 virtute
3519 685 3713 726 susce—

389 763 451 818 ὃὲ
503 779 614 817 που
662 761 762 816 καὶ
814 762 980 826 αὐτὸς
1019 761 1078 817 ἐν
1118 761 1498 831 εύαγγελικοῖς
1534 761 1964 831 συγγράμμασιν
1987 776 2002 790 ο

404 875 422 906 ι
457 855 522 908 Εἰ
557 858 616 909 ἐν
659 854 742 927 τῷ
768 852 925 927 ὑγρῷ
966 851 1109 923 ξύλῳ
1141 853 1318 910 ταῦτα
1354 853 1613 923 ἔδρασαν,
1653 854 1712 906 ἐν
1751 851 1830 924 τῷ
1855 849 2005 922 ξηρῷ

398 949 449 1003 τί
480 949 825 1021 δράσουσιν;
865 968 885 1001 ι
919 949 1086 1022 ὑγρόν
1121 966 1179 1003 τε
1233 947 1329 1004 καὶ
1380 946 1608 1011 εὐανθὲς
1653 946 1849 1002 ἑαυτὸν
1890 948 2007 1000 ὀνο-

400 1037 597 1110 μάζων
632 1038 818 1106 ξύλον.
850 1038 1138 1095 Δείκνυται
1161 1039 1219 1093 δὲ
1244 1037 1324 1110 τῷ
1347 1037 1622 1110 θεσπεσίῳ
1642 1038 1819 1109 Μωσῇ
1852 1036 2005 1109 παρὰ

394 1131 540 1187 Θεοῦ
597 1131 759 1198 ξύλον
783 1172 797 1187 .
869 1132 1277 1187 Ἀποκαλύπτει
1333 1131 1443 1205 γὰρ
1477 1132 1638 1205 μόνος
1677 1131 1771 1185 τὸν
1814 1130 1943 1185 Υίὸν
1975 1132 2005 1184 6

398 1222 622 1296 Πατὴρ,
670 1220 801 1277 ἐπεὶ
847 1224 943 1278 καὶ
979 1224 1143 1295 μόνος
1187 1219 1331 1278 οῐδεν
1372 1222 1559 1278 αὐτόν.
1601 1242 1620 1276 ι
1675 1222 1866 1287 Οὐδεὶς
1896 1222 2006 1293 γὰρ

398 1312 514 1370 οἶδε
563 1316 653 1380 τίς
707 1319 863 1370 ἐστιν
904 1317 934 1369 6
986 1317 1137 1383 Υἱὸς,
1189 1319 1239 1371 εί
1281 1315 1357 1389 μὴ
1400 1314 1613 1387 Πατήρ.
1647 1332 1666 1367 ι
1704 1312 1918 1370 Οὐκοῦν
1949 1315 2007 1368 ἐν

400 1407 633 1481 Χριστῷ
679 1408 762 1480 τῷ
793 1410 894 1481 τῆς
925 1410 1072 1481 ζωῆς
1104 1409 1270 1481 ξύλῳ,
1311 1408 1522 1477 γλυκέα
1569 1407 1669 1479 μὲν
1707 1406 1778 1460 τά
1810 1405 2005 1477 πικρά,

402 1501 626 1572 φορητά
665 1502 726 1555 δὲ
758 1501 827 1556 τὰ
860 1501 1140 1568 δύσοιστα,
1184 1501 1278 1555 καὶ
1336 1502 1418 1564 είς
1465 1499 1610 1570 ζωὴν
1641 1499 1912 1569 ἀναγκαῖα
1942 1497 2010 1552 τὰ

401 1595 480 1659 ὡς
507 1597 570 1647 ἐν
601 1595 714 1668 ἰδίᾳ
742 1595 905 1665 φύσει
934 1594 1329 1665 καταφθείρειν
1366 1592 1618 1649 εἰωθότα.

2114 763 2197 835 pti
2222 763 2444 818 labores
2485 762 2658 817 amari
2688 762 2987 818 admodum
3025 762 3157 827 sint,
3194 777 3227 817 a
3258 759 3482 818 Christo
3517 779 3716 820 suaves

2113 871 2179 912 ac
2209 854 2401 911 dulces
2434 854 2764 918 redduntur,
2791 855 2889 924 qui
2928 867 2985 913 et
3034 855 3242 911 dicitur
3275 862 3333 910 et
3382 865 3468 911 est
3504 855 3713 928 lignum

2112 947 2261 1004 vitae.
2294 934 2387 1002 Ait
2424 952 2609 1001 autem
2641 946 2807 1001 etiam
2844 946 2961 1017 ipse
3010 946 3259 1018 profecto
3312 947 3367 1002 in
3409 947 3716 1019 Scripturis

2112 1040 2447 1111 evangelicis
2482 1057 2495 1094 :
2535 1061 2553 1092 ι
2585 1039 2643 1096 Si
2673 1038 2732 1095 in
2765 1039 2933 1095 viridi
2975 1040 3125 1112 ligno
3171 1043 3289 1098 hate
3342 1042 3613 1108 fecerunt,
3657 1042 3705 1099 in

2112 1132 2270 1189 arido
2319 1132 2456 1203 quid
2499 1132 2815 1189 facient"?
2857 1151 2875 1185 ι
2910 1147 2969 1189 se
2993 1133 3253 1190 videlicet
3286 1135 3462 1191 viride
3503 1135 3713 1207 lignum

2111 1239 2177 1279 ac
2225 1223 2433 1281 ﬂorens
2477 1224 2796 1296 appellavit.
2854 1223 3178 1282 Ostenditur
3228 1235 3496 1297 praeterea
3550 1227 3714 1284 beato

2112 1314 2283 1388 Moysi
2311 1317 2522 1388 lignum
2557 1333 2587 1373 a
2621 1317 2757 1373 Deo.
2786 1318 2948 1374 Solus
2989 1319 3139 1373 enim
3180 1319 3345 1374 Pater
3386 1320 3585 1375 Filium
3624 1336 3713 1375 rc—

2113 1408 2280 1475 velat,
2303 1409 2432 1480 quia
2461 1425 2589 1465 eum
2609 1410 2778 1466 etiam
2805 1411 2955 1466 solus
2975 1411 3149 1466 novit.
3204 1429 3222 1463 ι
3264 1411 3438 1467 Nemo
3475 1429 3714 1483 namque

2115 1502 2271 1558 novit
2299 1503 2425 1573 quis
2447 1512 2532 1561 est
2556 1504 2754 1571 Filius,
2784 1502 2889 1559 nisi
2914 1505 3076 1560 Pater
3094 1506 3161 1570 ",
3196 1525 3213 1557 ι
3246 1505 3417 1575 Igitur
3440 1521 3537 1576 per
3556 1506 3713 1562 Chri-

2118 1605 2287 1662 stum,
2327 1597 2455 1653 vitae
2488 1597 2719 1670 lignum,
2770 1597 2955 1653 dulcia
2995 1597 3137 1653 ﬁunt
3175 1614 3298 1669 quae
3334 1613 3523 1654 amara
3560 1609 3710 1663 sunt,

401 1702 456 1749 et
505 1693 822 1750 tolerabilia
855 1708 978 1765 quae
1014 1693 1245 1749 minime
1273 1692 1407 1748 ferri
1433 1700 1711 1764 poterant,
1735 1698 1793 1748 et
1829 1690 1900 1746 ad
1925 1690 2094 1747 vitam
2149 1692 2307 1749 utilia
2360 1708 2484 1764 quae
2537 1709 2607 1750 ex
2670 1710 2769 1750 sua
2801 1703 3000 1751 natura
3027 1694 3315 1751 interitum
3344 1694 3543 1752 all‘erre
3583 1709 3715 1751 con-

402 1791 731 1839 sueverant.

472 1875 692 1930 ΠΔΛΛ.
725 1875 862 1931 Τίνα
898 1877 1008 1951 φῂς
1032 1877 1266 1951 τρόπον;
1885 1934 1893 1942 ,

474 1965 650 2020 ΚΥΡ.
676 1967 854 2039 Εἴπερ
874 1969 1022 2022 ἐστὶν
1050 1967 1272 2041 ἀληθὲς,
1302 1968 1384 2022 ὅτι
1409 1966 1472 2022 τὸ
1501 1968 1600 2039 μὲν
1625 1965 1786 2038 σῶμα
1820 1964 2011 2036 πικροὶ

399 2060 526 2114 λίαν
581 2061 739 2126 ὄντες
786 2060 1255 2135 καταφθείρουσιν
1299 2062 1351 2114 ot
1389 2060 1564 2124 πόνοι,
1620 2058 1766 2129 ζωῆς
1820 2057 1878 2111 δὲ
1911 2057 2011 2126 τῆς

399 2153 632 2208 αίωνίου
667 2153 897 2225 μέτοχον
923 2151 1248 2208 ἀποτελοῦσι
1291 2151 1469 2224 ψυχὴν
1501 2150 1630 2224 (ἔφη
1670 2150 1733 2223 δή
1780 2168 1884 2204 που
1915 2150 2014 2203 καὶ

397 2245 427 2297 ὁ
464 2243 688 2309 Παῦλος
707 2258 722 2274 ·
763 2265 781 2297 ι
820 2244 994 2299 Ὅταν
1015 2243 1250 2309 ἀσθενῶ,
1283 2244 1407 2298 τότε
1429 2243 1657 2307 δυνατός
1680 2243 1817 2314 εἰμι.
1852 2261 1870 2293 ι
1893 2242 2002 2295 Καὶ

397 2336 571 2391 πάλιν
590 2352 606 2366 ·
633 2337 728 2390 «Et
755 2336 864 2410 γὰρ
888 2338 915 2391 6
932 2336 1039 2404 ἔξω
1066 2335 1225 2409 ἡμῶν
1242 2334 1530 2409 ἄνθρωπός
1550 2333 1855 2406 φθείρεται,
1888 2332 2007 2387 ἀλλ’

397 2429 428 2484 ὁ
461 2426 578 2481 ἔσω
607 2426 1003 2483 ἀνακαινοῦται
1029 2427 1215 2499 ἡμέρᾳ
1237 2427 1334 2481 καὶ
1360 2426 1546 2499 ἡμέρᾳ.
1586 2445 1606 2479 ›
1722 2425 1807 2489 τίς
1847 2425 1894 2478 δ’
1945 2425 2012 2479 ἂν

398 2518 584 2572 ’ἐλοιτό
622 2536 754 2573 ποτε
778 2519 906 2582 τοὺς
938 2511 1040 2575 ὧδε
1073 2518 1290 2590 δριμεῖς
1322 2518 1622 2587 ἀνατλῆναι
1666 2517 1884 2584 πόνους,
1936 2516 2011 2587 μὴ

401 2613 529 2684 οὐχὶ
558 2613 823 2684 γλυκεῖαν
847 2612 986 2685 ἔχων
1018 2606 1212 2668 ἐλπίδα
1252 2613 1350 2685 τὴν
1380 2615 1437 2667 ἐν
1465 2610 1724 2684 Χριστῷ;

477 2796 697 2850 ΠᾹΛΛ.
728 2794 919 2858 Οὐδεὶς
952 2794 1039 2858 ἂν,
1073 2787 1250 2864 οἶμαι,
1284 2789 1587 2854 παντελῶς.

476 2886 649 2941 ΚΥΡ.
684 2886 831 2959 Ὅρα
874 2886 939 2958 δὴ
967 2881 1064 2939 οὖν
1091 2885 1255 2957 (ἰέναι
1290 2883 1400 2955 γάρ
1434 2883 1498 2954 δὴ
1533 2882 1672 2955 πρὸς
1705 2881 2013 2954 ἀνάμνησιν

402 2979 519 3033 τῶν
555 2980 617 3033 ἐν
648 2979 850 3051 ἀρχαῖς
885 2979 1186 3048 ἀναγκαῖον
1208 2979 1363 3048 ἡμῖν,
1393 2969 1439 3031 ὢ
1464 2971 1767 3043 Παλλάδιε)
1802 2972 2017 3045 δεδιψη-

402 3073 544 3127 κότα
585 3071 689 3144 μὲν
730 3075 790 3128 ἐν
827 3073 1022 3145 ἐρήμῳ
1053 3070 1146 3125 τὸν
1193 3069 1435 3142 Ἰσραὴλ,
1472 3068 1569 3122 καὶ
1599 3065 1695 3122 τοῦ
1737 3066 2014 3134 πανσόφου

402 3166 661 3231 Μωσέως
691 3162 1207 3235 καταγογγύζοντα,
1244 3162 1462 3234 νηποινί
1488 3179 1552 3229 γε
1585 3161 1692 3233 μὴν
1736 3161 1817 3224 είς
1855 3157 2016 3212 τοῦτο

403 3262 654 3315 πεσόντα
686 3258 1088 3332 μικροψυχίας·
1121 3258 1183 3312 ού
1227 3256 1337 3329 γὰρ
1379 3254 1631 3310 ἐκτέτικε
1671 3254 1849 3317 δίκας.
1888 3251 2012 3306 οὐδὲ

404 3352 624 3424 ὑπέστη
651 3350 723 3406 τὰ
760 3352 822 3419 ἐξ
841 3351 1013 3425 ὀργῆς
1039 3393 1055 3418 ,
1087 3350 1266 3404 καίτοι
1296 3347 1546 3414 κολάζειν
1578 3345 1831 3410 εἰωθότος
1875 3343 2012 3398 Θεοῦ

404 3446 537 3511 τοὺς
589 3445 685 3499 ἐπὶ
738 3444 880 3517 τῷδε
923 3440 1436 3513 κατεγνωσμένους.
1482 3440 1748 3496 Ἑλεεῖται
1789 3437 1900 3509 γάρ
1955 3438 2014 3491 ἐν

403 3541 610 3611 ἀρχαῖς
635 3541 663 3593 6
693 3541 753 3593 ἐν
789 3538 1183 3609 γυμνάσμασιν
1222 3535 1305 3590 ἔτι
1342 3537 1457 3599 τοῖς
1496 3535 1640 3607 ὑπὲρ
1673 3533 1877 3606 ἀρετῆς
1902 3531 2014 3585 ἐσθ’

404 3634 497 3687 ὅτε
541 3632 636 3687 καὶ
690 3630 937 3685 πταίων·
995 3629 1387 3699 ἀσύγγνωστον
1420 3628 1477 3682 δὲ
1526 3626 1667 3698 μετά
1711 3624 1872 3679 τοῦτο
1918 3623 2016 3697 τὴν

405 3728 553 3795 ἄγαν
585 3723 707 3798 ἔχει
730 3724 1128 3798 μικροψυχίαν,
1153 3718 1252 3777 καὶ
1268 3722 1370 3794 τὴν
1390 3720 1649 3793 ἀχάλινον
1673 3719 2014 3791 ἀποδρομὴν,

402 3820 476 3889 ἣν
526 3817 594 3872 ἂν
638 3819 849 3871 ποιοῖτο
878 3816 1041 3887 τυχὸν
1090 3818 1175 3881 είς
1223 3810 1495 3878 ἐκτύπους
1536 3813 1861 3885 ἐπιθυμίας.
1904 3814 2017 3867 Καὶ

405 3910 544 3982 γοῦν
570 3914 632 3966 ἐν
680 3913 796 3976 τοῖς
836 3910 1120 3982 ’Δριθμοῖς
1154 3909 1423 3981 περὶτῶν
1469 3907 1602 3962 υἱῶν
1644 3906 1865 3980 Ἰσραὴλ
1912 3906 2014 3977 ἔφη

407 4024 516 4061 που
568 4004 736 4060 πάλιν
780 4004 843 4058 τὸ
892 4004 933 4057 Γ
942 4004 1138 4075 ράμμα
1174 4001 1235 4056 τὸ
1269 4001 1444 4075 ίερόν⁸
1482 4021 1501 4053 ι
1543 4001 1658 4054 Kal.
1710 4000 1914 4072 ἐξῆραν
1954 4000 2018 4052 ἐκ

404 4096 507 4152 τοῦ
544 4097 711 4169 ὅρους
736 4095 951 4169 Κυρίου
981 4094 1101 4150 ὁδὸν
1131 4092 1300 4168 τριῶν
1325 4093 1573 4165 ἡμερῶν,
1602 4092 1696 4146 καὶ
1723 4094 1757 4164 ἡ
1785 4090 2018 4155 κιϐωτὸς

405 4189 512 4261 τῆς
542 4187 818 4258 διαθήκης
862 4185 1074 4259 Κυρίου
1117 4184 1534 4257 προεπορεύετο
1563 4181 1809 4253 προτέρα
1836 4180 2018 4235 αὐτῶν

404 4282 534 4338 ὁδὸν
550 4279 724 4353 τριῶν
746 4279 973 4352 ἡμερῶν
985 4275 1444 4347 κατασκέψασθαι
1474 4274 1661 4338 αὐτοῖς
1684 4272 2014 4328 ἀνάπαυσιν.

406 4373 526 4429 Καὶ
558 4374 781 4444 ἐγένετο
824 4373 883 4426 ἐν
913 4370 993 4445 τῷ
1044 4369 1286 4441 ἐξαίρειν
1333 4368 1433 4440 τὴν
1474 4362 1731 4433 κιϐωτὸν,
1768 4366 1864 4420 καὶ
1896 4360 2019 4417 εἷπε

405 4467 623 4539 Μωσῆς
641 4483 665 4533 ⁸,
687 4465 1067 4538 Ἐξεγέρθητι,
1087 4463 1286 4536 Κύριε,
1318 4461 1415 4516 καὶ
1430 4457 2020 4532 διασκορπισθήτωσαν

2046 1874 2091 1932 Β
2199 1875 2399 1930 PALL.
2442 1876 2693 1943 Quonam
2744 1876 2948 1933 modo?

2186 1968 2346 2024 (ΠΒ.
2390 1969 2676 2041 Siquidem
2719 1985 2913 2026 verum
2949 1978 3055 2036 est,
3095 1969 3334 2036 labores,
3377 1985 3503 2026 cum
3542 1968 3713 2025 amari

2113 2058 2408 2116 admodum
2453 2061 2585 2127 sint,
2623 2077 2829 2134 corpus
2876 2062 3233 2127 interimere,
3287 2062 3527 2118 animam
3580 2078 3714 2118 vero

2112 2159 2332 2207 aeternae
2364 2151 2495 2207 vitae
2531 2150 2859 2224 participem
2884 2150 3121 2207 eﬂicere.
3159 2151 3349 2223 Itaque
3381 2151 3521 2206 dixit
3545 2151 3712 2206 etiam

2114 2242 2309 2298 beatus
2363 2243 2618 2299 Paulus:
2685 2261 2703 2295 ‹
2757 2240 2897 2299 Cum
2951 2242 3239 2311 infirmor,
3312 2251 3448 2298 tunc
3515 2251 3715 2314 potens

2113 2349 2238 2391 sum
2275 2337 2343 2389 ".
2389 2355 2406 2387 ›
2450 2336 2522 2391 Et
2557 2336 2759 2390 iterum
2800 2352 2814 2389 :
2862 2354 2881 2388 ι
2925 2335 3043 2391 Etsi
3081 2335 3231 2390 enim
3269 2334 3512 2391 exterior
3547 2335 3715 2391 homo

2113 2437 2305 2484 noster
2339 2428 2737 2500 corrumpitur,
2779 2428 2877 2484 sed
2914 2428 3149 2484 interior
3185 2437 3485 2485 renovatur
3517 2428 3587 2484 de
3624 2428 3714 2486 die

2114 2521 2173 2576 in
2211 2520 2358 2576 diem
2380 2522 2445 2575 ⁸³.
2494 2542 2512 2574 ι
2560 2519 2722 2591 156
2761 2518 2870 2575 Sed
2903 2520 3029 2591 quis
3064 2520 3288 2576 tandem
3326 2521 3463 2577 velit
3495 2522 3716 2578 labores

2116 2624 2228 2669 tam
2281 2613 2512 2669 acerbos
2564 2612 2833 2684 perferre,
2877 2612 2986 2669 nisi
3040 2613 3259 2670 dulcem
3309 2614 3510 2672 habeat
3563 2632 3714 2687 spem

2116 2708 2175 2763 in
2213 2708 2476 2765 Christo?

2188 2800 2384 2856 PALL.
2425 2802 2601 2857 Nemo
2639 2818 2886 2873 prorsus,
2929 2802 3146 2874 opinor.

2188 2893 2346 2949 CYR.
2388 2894 2527 2951 Vide
2566 2895 2737 2967 igitur
2776 2897 2915 2967 (jam
2970 2896 3142 2961 enim,
3181 2895 3412 2960 Palladi,
3450 2911 3515 2950 ea
3557 2909 3717 2966 repe~

2119 2994 2236 3041 tere
2273 3001 2502 3042 necesse
2537 2995 2624 3043 est
2661 3003 2786 3057 quae
2828 3004 2861 3044 a
2898 2987 3173 3059 principio
3211 2985 3489 3058 diximus)
3544 2987 3721 3044 Israe-

2118 3075 2228 3131 lem
2266 3076 2324 3131 in
2372 3077 2595 3133 deserto
2628 3077 2930 3146 sitientem,
2965 3087 3022 3134 et
3065 3078 3333 3135 adversus
3375 3079 3718 3149 sapientissi—

2121 3170 2273 3223 mum
2319 3169 2501 3223 virum
2549 3169 2776 3241 Moysen
2823 3178 3287 3236 murmurantem,
3331 3178 3390 3224 et
3436 3178 3618 3225 tamen
3664 3170 3719 3224 in

2122 3266 2332 3315 tantam
2375 3259 2544 3315 animi
2585 3259 2953 3332 abjectionem
2993 3260 3219 3331 impune
3260 3260 3505 3330 lapsum;
3536 3275 3720 3331 neque

2118 3351 2267 3407 enim
2307 3367 2499 3422 ptenas
2534 3352 2666 3418 luit,
2706 3368 2887 3423 neque
2915 3352 3117 3409 divina:
3152 3352 3249 3407 irae
3288 3352 3554 3408 ultionem
3593 3368 3718 3409 sus-

2121 3444 2322 3511 tinuit,
2363 3444 2617 3516 quamvis
2664 3444 2812 3501 Deus
2861 3445 2982 3516 ejus
3030 3443 3282 3500 criminis
3342 3460 3469 3501 reos
3521 3444 3720 3516 punire

2120 3537 2193 3592 sit
2233 3526 2451 3591 solitus.
2492 3534 2592 3591 Est
2622 3550 2863 3605 namque
2894 3534 3251 3591 miseratione
3286 3534 3485 3607 dignus
3512 3536 3581 3591 ab
3609 3536 3720 3593 ini-

2121 3629 2221 3694 tio,
2256 3629 2353 3700 qui
2384 3628 2441 3683 in
2469 3628 2871 3684 exercitatione
2898 3628 3081 3683 adhuc
3108 3643 3209 3699 pro
3232 3628 3436 3684 virtute
3465 3638 3720 3700 suscepta

2119 3719 2327 3776 labitur
2365 3734 2768 3790 nonnunquam
2806 3737 2817 3772 :
2851 3727 2908 3774 at
2955 3728 3147 3789 postea
3191 3718 3362 3774 nimia
3398 3718 3491 3774 illa
3544 3719 3723 3790 parvi—

2123 3821 2207 3866 tas
2235 3811 2427 3878 animi,
2464 3820 2521 3868 et
2557 3810 2863 3867 effrenatus
2908 3811 2978 3866 ad
3016 3810 3287 3867 absurdas
3321 3811 3721 3882 concupiscen-

2123 3905 2229 3961 tias
2273 3920 2472 3960 cursus
2522 3920 2723 3976 expers
2763 3911 2850 3961 est
2896 3904 3091 3960 veniae.
3130 3904 3321 3975 Itaque
3369 3904 3425 3958 in
3467 3904 3725 3960 Numeris

2122 3994 2190 4049 de
2231 3994 2360 4050 ﬁliis
2390 3994 2557 4049 Israel
2585 4002 2817 4050 narrant
2851 4008 3020 4050 sacrae
3041 3993 3302 4050 Litterae:
3334 4012 3353 4044 ι
3388 3994 3458 4050 Ει
3490 3993 3723 4064 profecti

2121 4097 2252 4142 sunt
2287 4102 2356 4142 ex
2392 4095 2582 4143 monte
2626 4085 2725 4141 Dei
2768 4086 2969 4142 itinere
3007 4086 3225 4141 dierum
3258 4086 3458 4151 trium;
3499 4095 3556 4141 et
3596 4102 3722 4142 arca

2121 4178 2439 4233 testamenti
2478 4177 2696 4233 Domini
2735 4177 2970 4249 praeibat
3012 4178 3136 4232 illos
3178 4178 3266 4233 via
3306 4177 3472 4232 trium
3503 4178 3723 4233 dierum

2120 4269 2189 4325 ad
2219 4269 2613 4340 explorandam
2647 4269 2784 4342 ipsis
2812 4270 3081 4340 requiem.
3112 4270 3181 4325 Et
3214 4269 3422 4326 factum
3450 4279 3557 4336 est,
3590 4270 3724 4326 dum

2121 4360 2432 4415 elevaretur
2475 4375 2624 4427 arca,
2665 4359 2805 4415 dixit
2840 4359 3058 4432 Moyses
3102 4377 3114 4413 :
3164 4360 3429 4432 Exsurge,
3468 4360 3721 4427 Domine,

2121 4458 2180 4505 et
2217 4449 2559 4520 dissipentur
2599 4449 2811 4506 inimici
2848 4450 2958 4518 tui;
2993 4448 3208 4521 fugiant
3235 4464 3429 4505 omnes
3462 4450 3559 4520 qui
3587 4449 3724 4506 ode-

405 4563 457 4615 οἱ
499 4532 692 4633 ἐχθροί
725 4532 848 4623 σου,
885 4532 1224 4630 -φυλίέτωσαν
1247 4554 1462 4619 πάντες
1507 4553 1559 4608 οἱ
1592 4550 1880 4625 μισοῦντές
1933 4567 2013 4606 σε.

2124 4550 2257 4596 runt
2284 4549 2358 4597 te.
2391 4541 2462 4597 Et
2491 4541 2622 4597 dum
2659 4532 3056 4613 deponeretur,
3089 4541 3229 4596 dixit
3253 4559 3266 4595 :
3288 4540 3584 4609 Converte,
3614 4542 3723 4598 Do-

405 4655 526 4713 Καὶ
558 4654 619 4708 ἐν
648 4656 719 4725 τῇ
750 4649 1100 4707 καταπαύσει
1127 4645 1302 4702 εἶπεν
1332 4646 1686 4717 Ἐπίστρεφε,
1706 4643 1904 4715 Κύριε,
1932 4660 2018 4714 χι-

408 4747 607 4812 λιάδας
644 4744 917 4818 μυριάδας
944 4744 1003 4796 ἐν
1030 4741 1109 4813 τῷ
1148 4739 1369 4812 Ἰσραήλ
1391 4755 1405 4769 '
1445 4737 1543 4793 καὶ
1580 4738 1613 4810 ή
1657 4736 1858 4807 νεφέλη
1893 4735 2020 4804 ἐγέ-

406 4857 539 4895 νετο
581 4837 890 4903 σκιάζουσα
939 4836 1028 4888 ἐπ’
1061 4835 1248 4897 αὐτοῖς
1283 4832 1521 4905 ἡμέρας,
1569 4832 1627 4884 ἐν
1658 4829 1741 4902 τῷ
1779 4828 2020 4901 ἐξαίρειν

408 4930 619 4996 αὐτοὺς
642 4932 708 4984 ἐκ
741 4929 842 5002 τῆς
876 4927 1235 4999 παρεμϐολῆς
1257 4944 1270 4956 °
1300 4924 1398 4982 καὶ
1423 4920 1494 4997 ἦν
1523 4927 1552 4978 6
1579 4924 1708 4988 λαὸς
1733 4923 2020 4994 γογγύζων

407 5023 633 5099 πονηρὰ
660 5023 846 5078 ἔναντι
888 5022 1096 5093 Κυρίου
1117 5037 1130 5051 ·
1156 5020 1251 5074 καὶ
1283 5020 1487 5091 ἢκουσε
1520 5018 1751 5090 Κύριος,
1783 5018 1878 5071 καὶ
1898 5016 2021 5071 ἐθυ-

412 5115 580 5192 μώθη
605 5115 772 5188 ὀργῇ,
807 5113 906 5169 καὶ
946 5112 1222 5184 ἐξεκαύθη
1256 5115 1314 5166 ἐν
1359 5112 1545 5175 αὐτοῖς
1576 5109 1690 5182 πῦρ
1721 5109 1877 5182 παρά
1904 5110 2020 5163 Κυ-

414 5212 564 5285 ρίου,
589 5211 688 5267 καῖ
732 5209 1017 5279 κατέφαγε
1066 5207 1234 5280 μέρος
1261 5223 1315 5260 τι
1351 5205 1453 5277 τῆς
1496 5197 1875 5279 παρεμϐολῆς.
1925 5201 2021 5257 καὶ

409 5302 723 5377 ἐκέκραξεν
757 5304 786 5356 6
821 5299 952 5365 λαὸς
978 5298 1116 5374 πρὸς
1163 5297 1393 5368 Μωσῆν.
1434 5295 1548 5350 Καὶ
1574 5293 1779 5365 ηὔξατο
1809 5293 2021 5363 Μωσῆς

410 5396 556 5470 πρὸς
588 5396 685 5451 τὸν
712 5394 944 5469 Κύριον,
977 5393 1073 5448 καὶ
1109 5388 1351 5446 ἐκόπασε
1395 5388 1458 5444 τὸ
1499 5388 1631 5460 πῦρ.
1666 5388 1781 5442 Καὶ
1810 5386 2017 5459 ἐκλήθη

407 5491 477 5546 τὸ
504 5490 683 5562 ὄνομα
710 5486 807 5542 τοῦ
834 5487 1005 5541 τόπου
1052 5484 1289 5551 ἐκείνου,
1330 5479 1751 5554 Ἐμειτυρισμός⁹
1796 5479 1880 5532 ὅτι
1925 5479 2017 5546 £5-

409 5581 629 5654 εκαύθη
646 5583 706 5636 ἐν
735 5580 924 5644 αὐτοῖς
940 5577 1053 5651 πῦρ
1080 5576 1234 5648 παρά
1261 5574 1494 5648 Κυρίου.
1522 5593 1542 5627 ›
1564 5574 1677 5628 Καὶ
1701 5572 1841 5646 μετά
1858 5570 2020 5627 τοῦτο

410 5675 609 5732 πάλιν·
647 5693 667 5727 ι
705 5673 821 5727 Kal.
859 5671 1160 5753 ἐξάραντες
1197 5670 1259 5736 ἐξ
1304 5670 1409 5740 Ὦρ
1428 5666 1522 5722 τοῦ
1553 5665 1716 5740 ὅρους
1762 5665 1881 5719 όδδν
1926 5666 2019 5720 ἐπὶ

410 5772 700 5826 θάλασσαν
738 5760 1033 5838 Ἐρυθρὰν,
1056 5761 1511 5836 περιεκύκλωσαν
1544 5761 1644 5832 τὴν
1669 5761 1772 5833 γῆν
1806 5758 2015 5830 Ἐδὼμ·

409 5864 513 5919 καὶ
554 5860 978 5932 ὼλιγοψύχησεν
1004 5860 1032 5913 6
1057 5857 1184 5923 λαὸς
1221 5860 1278 5913 ἐν
1307 5858 1373 5929 τῇ
1398 5854 1522 5927 ὁδῷ.
1550 5855 1658 5909 Καὶ
1684 5852 1969 5908 κατελάλει
1990 5853 2018 5907 ὁ

2124 4637 2295 4702 mine,
2322 4637 2475 4692 mille
2515 4636 2795 4709 myriadas
2834 4635 2893 4692 in
2927 4635 3115 4691 Israel.
3146 4635 3217 4690 Et
3254 4634 3431 4692 nubes
3471 4635 3725 4693 umbram

2124 4731 2362 4788 faciebat
2393 4746 2562 4803 super
2593 4731 2721 4788 illos
2746 4746 2847 4802 per
2877 4729 3048 4797 diem,
3077 4745 3204 4786 cum
3243 4728 3727 4801 proﬁciscerentur

2122 4842 2154 4881 e
2203 4825 2400 4882 castris
2454 4842 2468 4879 :
2517 4835 2575 4881 et
2620 4834 2741 4881 erat
2790 4825 3032 4897 populus
3081 4841 3440 4884 murmurans
3487 4826 3725 4897 pessime

2124 4924 2319 4972 contra
2339 4916 2656 4973 Dominum.
2691 4916 2762 4972 Et
2793 4917 3007 4973 audivit
3035 4917 3323 4982 Dominus,
3349 4926 3408 4973 et
3438 4917 3607 4974 iratus
3641 4925 3727 4975 est

2124 5008 2225 5075 ira,
2269 5016 2326 5065 et
2374 5024 2679 5065 succensus
2716 5018 2804 5066 est
2848 5009 2993 5081 ignis
3044 5009 3101 5064 in
3149 5025 3246 5065 eos
3290 5025 3321 5065 a
3361 5008 3626 5075 Domino;
3668 5019 3726 5064 et

2124 5101 2412 5157 devoravit
2444 5108 2659 5172 partem
2705 5101 3002 5171 quamdam
3041 5108 3374 5156 castrorum.
3410 5100 3479 5154 Et
3520 5099 3726 5155 clama-

2124 5195 2205 5251 vit
2239 5195 2478 5266 populus
2506 5194 2574 5250 ad
2603 5193 2847 5266 Moysen.
2877 5193 2947 5249 Et
2987 5192 3165 5248 oravit
3196 5192 3409 5263 Moyses
3436 5192 3503 5248 ad
3537 5193 3726 5248 Domi-

2123 5286 2280 5357 num,
2305 5298 2362 5347 et
2391 5289 2633 5346 cessavit
2671 5287 2845 5361 ignis;
2885 5297 2944 5344 et
2980 5295 3240 5342 vocatum
3271 5292 3358 5340 est
3387 5300 3588 5340 nomen
3619 5284 3725 5341 loci

2124 5383 2293 5449 illius,
2327 5383 2653 5455 Succensio,
2684 5381 2816 5452 quia
2846 5394 3148 5436 succensus
3177 5385 3264 5434 est
3301 5377 3359 5433 in
3398 5393 3495 5434 eos
3527 5377 3668 5450 ignis
3698 5395 3728 5434 a

2123 5478 2357 5534 Domino
2380 5478 2447 5532 ⁸⁵.
2486 5496 2504 5530 ι
2542 5476 2611 5532 Et
2653 5484 2779 5547 post
2810 5474 2927 5529 haec
2964 5487 3195 5528 rursus:
3232 5490 3249 5522 ι
3288 5471 3356 5527 Ει
3384 5469 3618 5542 profecti
3660 5487 3729 5526 ex

2122 5581 2312 5629 monte
2352 5569 2466 5627 Hor
2516 5585 2618 5640 per
2670 5567 2817 5623 viam
2867 5566 3038 5621 maris
3094 5564 3292 5631 Rubri,
3330 5563 3729 5620 circumierunt

2126 5674 2331 5721 terram
2380 5662 2585 5728 Edom;
2638 5668 2697 5717 et
2745 5659 3007 5731 fatigatus
3039 5667 3125 5714 est
3160 5659 3399 5729 populus
3437 5659 3490 5711 in
3521 5655 3630 5719 via,
3670 5661 3729 5708 et

2124 5757 2453 5815 detrahebat
2486 5756 2724 5827 populus
2768 5753 3035 5809 adversus
3069 5751 3243 5808 Deum
3269 5761 3326 5807 et
3353 5759 3540 5805 contra
3580 5746 3731 5816 Moy-

2123 5868 2243 5917 sen,
2284 5850 2534 5907 dicentes
2566 5866 2581 5905 :
2614 5848 2726 5906 Cur
2771 5846 3008 5904 eduxisti
3056 5860 3158 5901 nos
3198 5844 3265 5900 dc
3302 5854 3445 5901 terra
3479 5835 3724 5911 Egypti,

485 6045 588 6102 “‘I
636 6042 765 6101 Cor.
795 6061 849 6113 κ,
886 6044 967 6099 15.
1047 6044 1091 6076 ⁵ο
1118 6043 1255 6099 Luc.
1287 6056 1437 6111 χχιιι,
1473 6039 1561 6095 31.
1599 6039 1639 6072 9‘
1673 6036 1864 6095 Matth.
1905 6052 1978 6103 xi,
2011 6048 2013 6055 ‘

2179 6035 2222 6067 θ’
2251 6033 2296 6090 ll
2325 6032 2452 6092 Cor.
2490 6049 2585 6102 xu,
2616 6032 2667 6089 9.
2749 6029 2841 6086 “l
2879 6027 3006 6084 Cor.
3036 6042 3107 6093 iv,
3169 6026 3249 6080 16.
3314 6022 3359 6053 ⁵³
3400 6021 3564 6075 Num.
3608 6032 3721 6073 ut.
