4096 6434
407 460 517 520 383

1424 456 1485 512 S.
1523 450 1810 520 CHIILLI
1841 448 2321 508 ALEXANDRINI
2345 449 2670 506 ARCIIIEP.

3575 445 3678 502 585

415 589 477 635 ut
506 573 849 633 interﬁceres
880 588 980 629 nos
1014 569 1068 627 in
1097 570 1350 626 deserto?
1388 585 1568 641 neque
1606 568 1755 624 enim
1784 577 1870 623 est
1902 581 1999 637 pa-

2113 565 2233 629 λαδς
2259 563 2395 636 πρὸς
2431 562 2526 617 τόν
2555 562 2688 616 Θεδν
2718 560 2813 615 καὶ
2847 558 2990 615 κατά
3023 556 3218 629 Μωσῆ,
3248 555 3498 624 λέγοντες
3521 570 3536 586 ⁸
3565 555 3685 611 Ἵνα

414 669 523 735 nis,
555 681 734 738 neque
771 680 942 736 aqua;
971 675 1028 720 et
1076 663 1262 717 anima
1312 670 1497 716 nostra
1536 674 1731 730 perosa
1777 668 1862 714 est
1901 671 1999 728 pa-

419 773 546 814 nem
587 756 737 812 hunc
782 756 1021 810 inanem.
1060 753 1127 808 Et
1172 750 1400 807 immisit
1434 749 1698 805 Dominus
1733 748 1789 803 in
1822 762 2000 818 popu-

422 848 534 902 lum
563 855 849 915 serpentes
881 843 1215 907 mortiferos,
1245 852 1301 897 et
1334 839 1662 896 mordebant
1696 837 1997 910 populum;

420 950 477 996 et
518 938 858 993 moriebatur
902 936 1141 1008 populus
1187 935 1394 991 multus
1430 949 1462 989 e
1503 932 1631 987 ﬁliis
1675 932 1836 987 Israel
1868 931 1932 984 ".
1977 950 1994 981 ι

418 1028 586 1085 Vides
640 1029 827 1101 igitur,
868 1026 1332 1100 quemadmodum
1383 1025 1493 1097 igni
1542 1042 1606 1081 ac
1653 1023 2003 1096 serpentibus

420 1124 512 1179 ille
562 1132 879 1179 susurrator
932 1133 989 1179 et
1034 1130 1409 1177 murmurator
1456 1120 1692 1191 populus
1740 1132 1999 1174 consum-

419 1226 546 1286 ptus
578 1216 667 1271 sit.
710 1214 866 1285 157
906 1213 1338 1269 Proﬁciscuntur
1371 1212 1516 1268 enim
1557 1211 1636 1267 illi
1674 1210 1896 1281 quidem
1934 1225 2003 1264 ex

418 1317 605 1364 tuente
636 1305 759 1371 Dei,
794 1321 921 1361 eum
968 1305 1090 1360 illos
1131 1318 1255 1359 arca
1287 1302 1643 1374 pmeederet,
1678 1311 1735 1357 et
1768 1300 1877 1355 illis
1912 1316 2001 1355 re-

418 1399 603 1471 quiem
638 1406 930 1469 quaereret,
965 1395 1178 1468 Moyses
1207 1408 1425 1465 quoque
1459 1403 1661 1457 oraret,
1693 1407 1759 1447 ac
1801 1392 2001 1463 depre-

419 1502 661 1557 earctur,
701 1490 879 1545 nubes
928 1490 1092 1545 etiam
1140 1488 1263 1543 illos
1309 1496 1624 1558 contegeret
1656 1504 1670 1540 :
1706 1495 1761 1541 at
1794 1486 1873 1541 illi
1911 1500 2004 1555 pa-

419 1600 547 1641 nem
580 1583 648 1640 de
678 1582 819 1640 coelo
847 1582 1033 1638 datum
1063 1581 1278 1636 inanem
1308 1580 1663 1652 appellantes,
1700 1578 2001 1650 plurimum

420 1677 490 1733 de
527 1677 639 1733 Deo
685 1692 749 1732 ac
786 1674 966 1747 Moyse
1014 1673 1516 1744 conquerebantur.
1550 1671 1724 1740 Quam
1763 1671 1834 1727 ob
1867 1686 2001 1727 cau-

420 1785 537 1826 sam
570 1768 880 1826 necessario
909 1767 987 1822 illi
1019 1767 1241 1839 quidem
1274 1767 1414 1839 ignis
1446 1781 1586 1837 opus
1613 1765 1797 1821 ell'eeti
1840 1770 1999 1828 sunt.

419 1860 476 1916 hi
517 1862 851 1932 serpentium
887 1858 1161 1915 morsibus
1190 1857 1456 1914 continuo
1485 1856 1790 1929 perierunt.

490 2125 684 2181 PALL.
730 2125 838 2182 Sed
885 2125 1145 2196 quidnam
1189 2123 1245 2178 in
1286 2133 1524 2193 utroque
1555 2119 1849 2191 Scriptura.-
1882 2118 2005 2173 loco

419 2217 822 2273 observandum
849 2227 953 2281 est,
986 2216 1188 2287 quidve
1219 2225 1303 2271 est
1332 2229 1491 2269 mons
1519 2212 1655 2268 Dei?

486 2308 644 2364 CYR.
684 2308 924 2364 Montem
967 2308 1086 2373 Dei,
1122 2307 1339 2378 opinor,
1371 2305 1507 2361 dicit
1546 2304 1697 2368 Sina,
1739 2303 1795 2357 in
1838 2317 2003 2372 quem

417 2400 509 2455 Ille
541 2399 925 2455 universorum
957 2397 1153 2468 Opifex
1207 2396 1348 2469 ignis
1387 2395 1573 2467 specie
1604 2394 1909 2459 descendit,
1942 2408 2007 2448 ac

416 2494 568 2548 visus
599 2501 684 2547 est
716 2492 866 2546 omni
901 2490 1125 2562 populo,
1163 2490 1307 2545 sicut
1361 2489 1628 2559 scriptum
1682 2497 1786 2551 est,
1825 2487 2006 2559 leges-

416 2599 525 2654 que
576 2584 756 2640 sanxit
800 2598 986 2639 rerum
1039 2581 1424 2654 agendarum:
1469 2601 1486 2632 ι
1522 2580 1820 2637 Constituit
1858 2580 2008 2635 enim

420 2676 496 2731 ibi
529 2674 655 2730 ﬁliis
692 2674 856 2729 Israel
886 2671 1309 2743 iustiﬁcationes
1343 2685 1407 2725 ac
1436 2668 1641 2741 judicia
1671 2668 1737 2722 ’⁸.
1777 2687 1795 2719 ›
1831 2666 2007 2723 Carte-

420 2779 543 2820 rum
566 2764 659 2835 qui
690 2763 823 2818 olim
854 2762 946 2818 illa
978 2763 1181 2828 sanxit,
1206 2761 1462 2817 Christus
1491 2759 1615 2816 fuit.
1647 2760 1835 2830 Itaque
1861 2758 2010 2830 leges

422 2855 545 2912 illas
581 2870 680 2926 per
706 2853 926 2927 Moysen
957 2854 1130 2918 datas,
1162 2868 1261 2909 sua
1284 2851 1447 2907 verba
1480 2861 1655 2908 vocat.
1688 2849 1781 2907 Ait
1812 2851 1962 2906 enim
1991 2868 2005 2905 :

426 2966 447 2997 ‹
479 2946 675 3012 Amen,
701 2946 828 3002 dico
852 2946 1034 3010 vobis,
1063 2945 1241 3001 donec
1262 2954 1508 3001 transeat
1530 2943 1730 2999 caelum
1755 2952 1812 2999 et
1839 2951 2005 3010 terra,

422 3036 532 3093 iota
573 3052 764 3102 unum,
799 3046 896 3092 aut
940 3050 1086 3091 unus
1132 3049 1273 3105 apex
1316 3050 1428 3089 non
1473 3032 1778 3105 praeteribit
1806 3047 1838 3087 a
1867 3032 2005 3103 lege,

418 3126 598 3181 donec
647 3126 831 3183 omnia
884 3124 1035 3181 ﬁant.
1101 3123 1338 3189 C(elum,
1379 3134 1436 3181 et
1486 3134 1635 3181 terra
1674 3123 2005 3188 transibunt,

2101 651 2156 704 τί
2184 649 2456 722 ἐξήγαγες
2486 650 2636 721 ἡμᾶς
2666 651 2732 703 ἐκ
2777 648 2884 719 γῆς
2933 647 3232 717 Αἰγύπτου,
3280 645 3597 698 ἀποκτεῖναι
3626 646 3686 700 ὲν

2102 744 2168 813 τῇ
2218 742 2440 813 ὲρήμῳς
2469 742 2551 795 ὅτι
2586 742 2687 794 οὐκ
2738 738 2884 793 ἔστιν
2924 738 3110 810 ἄρτος,
3160 734 3282 790 οὐδὲ
3329 734 3504 805 ὕδωρ·
3554 735 3587 806 ή
3630 732 3687 789 δὲ

2101 833 2250 904 ψυχὴ
2285 832 2446 906 ἡμῶν
2481 830 2855 905 προσώχθισεν
2897 831 2957 884 έν
3001 828 3080 901 τῷ
3131 829 3282 899 ἄρτῳ
3332 825 3411 897 τῷ
3454 825 3690 897 διακένῳ

2102 924 2295 995 τούτῳ.
2331 924 2442 978 Καὶ
2472 922 2756 977 ἀπέστειλε
2782 921 2987 995 Κύριος
3007 921 3089 982 εἰς
3111 918 3205 972 τὸν
3236 918 3365 971 λαδν
3386 918 3513 983 τοὺς
3534 916 3691 987 ὄφεις

2103 1019 2229 1080 τοὺς
2261 1014 2653 1080 θανατοῦντας,
2680 1017 2773 1070 καὶ
2796 1014 3022 1069 ἔδακνον
3042 1012 3134 1067 τον
3152 1011 3304 1075 λαον,
3329 1011 3424 1064 καὶ
3450 1010 3693 1065 ἀπέθανε

2102 1108 2233 1173 λαὸς
2267 1107 2435 1171 πολὺς
2461 1107 2571 1161 τῶν
2602 1107 2735 1161 υίῶν
2773 1105 3011 1177 Ἰσραήλ.
3054 1123 3072 1155 ι
3120 1104 3284 1176 Ὀρᾷς
3324 1098 3418 1156 οὖν
3445 1102 3525 1155 ὅτι
3553 1101 3694 1172 πυρὶ

2105 1200 2201 1254 καὶ
2227 1198 2419 1269 ὄφεσιν
2448 1202 2477 1253 ὀ
2500 1198 2734 1269 ψίθυρός
2770 1213 2829 1251 τε
2856 1197 2952 1250 καὶ
2984 1195 3296 1265 γογγυστείς
3325 1192 3694 1262 δεδαπάνηται

2102 1293 2255 1358 λαός.
2295 1293 2359 1345 Ol
2389 1291 2620 1363 μὲνγὰρ
2656 1290 2965 1362 ἐξαίρουσιν
3011 1289 3077 1341 ἐκ
3114 1285 3209 1341 τοῦ
3250 1287 3414 1359 ὅρους
3460 1285 3693 1358 Κυρίου,

2103 1381 2548 1456 προϐιϐαζούσης
2578 1380 2759 1437 αύτῶν
2809 1383 2908 1453 τῆς
2944 1378 3206 1444 κιϐωτοῦ,
3237 1378 3333 1433 καὶ
3375 1376 3694 1450 προαναζηο

2103 1475 2305 1544 τούσης
2325 1473 2632 1529 ἀνάπαυσιν
2654 1489 2668 1502 ο
2692 1471 3063 1544 ὲπευχομένου
3091 1468 3149 1524 δὲ
3171 1471 3268 1524 καὶ
3297 1466 3697 1541 πρεσϐεύοντος

2103 1565 2200 1621 τοῦ
2232 1566 2516 1632 .Μωσέως,
2560 1565 2658 1619 καὶ
2700 1564 2809 1638 μὴν
2848 1563 2944 1618 καί
2989 1561 3223 1633 νεφέλης
3265 1559 3695 1629 ὲπισκιαζούσης

2104 1660 2308 1724 αὐτοῖς,
2340 1660 2391 1712 οἰ
2415 1657 2496 1721 δὲ,
2532 1658 2782 1712 διάκενον
2814 1652 3180 1726 ὀνομάζοντες
3211 1654 3303 1707 τὸν
3329 1652 3494 1719 άρτον
3518 1652 3612 1705 τὸν
3635 1652 3695 1720 ἐξ

2104 1749 2358 1823 ούρανοῦ,
2401 1750 2659 1821 πλείστην
2696 1749 2829 1820 ὅσην
2862 1747 3004 1802 κατά
3046 1763 3106 1801 τε
3135 1745 3231 1801 τοῦ
3270 1741 3406 1800 Θεοῦ
3434 1744 3529 1798 καὶ
3562 1744 3689 1798 Μω-

2109 1845 2246 1908 σέως
2270 1843 2553 1898 ἐποιοῦντο
2597 1842 2697 1916 τὴν
2726 1840 3025 1911 κατασοήν.
3070 1839 3173 1893 Διά
3195 1855 3277 1892 τοι
3310 1836 3491 1904 τοῦτο,
3525 1836 3699 1910 πυρδς

2037 1913 2077 1969 Β
2112 1939 2209 2009 μὲν
2235 1938 2395 2011 ἔργον
2412 1938 2609 1991 ἐκεῖνοι
2632 1913 2926 2005 γεγόνασιν
2950 1931 3297 2001 ἀναγκαίως,
3327 1932 3377 1985 οἰ
3403 1929 3460 1984 δὲ
3481 1928 3699 2002 πικρῶν

2105 2029 2282 2098 ὄφεων
2309 2028 2580 2100 δήγμασιν
2609 2024 2749 2098 άμελ
2767 2023 2846 2098 [λ]
2872 2025 2962 2096 ητὶ
2987 2021 3293 2077 διολώλασι.

2178 2120 2387 2175 ΠΛΛΛ.
2429 2119 2540 2173 Καὶ
2570 2118 2655 2182 τίς
2688 2118 2901 2187 γένοιτο
2958 2116 3123 2170 πάλιν
3152 2115 3212 2170 ὲν
3254 2116 3457 2186 άμφοίιν
3508 2114 3703 2184 ἐπιτή-

2108 2230 2300 2287 ρησις;
2330 2214 2424 2267 καὶ
2452 2210 2504 2265 τί
2530 2210 2591 2265 τὸ
2622 2210 2749 2282 δρος
2786 2211 2993 2281 Κυρίου
3019 2226 3033 2274 ;

2178 2306 2341 2359 ΚΥΡ.
2420 2306 2586 2375 Ὄρος
2641 2297 2794 2373 οἶμαί
2857 2318 2959 2355 που
3005 2300 3213 2372 Κυρίου
3263 2299 3397 2371 φησί
3438 2299 3499 2353 τὸ
3543 2298 3703 2363 Σινὰ,

2107 2398 2192 2469 ἐφ’
2221 2397 2250 2451 δ
2275 2395 2650 2468 καταϐέϐηκεν
2683 2396 2741 2450 ὲν
2771 2396 2902 2451 εἴδει
2934 2395 3148 2467 πυρὸςό
3180 2393 3399 2447 πάντων
3429 2393 3706 2462 Δημιουρ-

2107 2490 2222 2560 γδς,
2252 2487 2409 2560 ὤφθη
2440 2505 2500 2540 τε
2534 2489 2699 2542 παντί
2731 2489 2810 2559 τῷ
2836 2487 2973 2559 λαῷ,
3005 2486 3149 2540 κατά
3185 2484 3249 2539 τδ
3285 2482 3701 2555 γεγραμμένον,

2110 2581 2204 2634 καὶ
2249 2580 2375 2642 τοὺς
2406 2577 2499 2630 ἐπὶ
2529 2581 2644 2643 τοῖς
2695 2576 2990 2652 πρακτέοις
3044 2573 3547 2646 κατεχρησμιξὶδηοε
3610 2572 3701 2625 νόι

2113 2688 2279 2744 μουςο
2327 2694 2344 2725 ι
2386 2672 2580 2727 Ἐθετο
2622 2671 2733 2745 γὰρ
2772 2673 2891 2725 ἐκεῖ
2923 2673 3037 2735 τοῖς
3067 2670 3202 2732 υἱοῖς
3236 2665 3456 2739 Ἰσραὴλ
3476 2663 3705 2719 δικαιὼ-

2114 2782 2258 2836 ματα
2284 2766 2378 2819 καὶ
2415 2766 2648 2837 κρίσεις.
2688 2782 2708 2817 ι
2759 2764 2898 2817 Ἀλλ’
2929 2759 2997 2834 ἦν
3032 2763 3127 2816 καὶ
3157 2759 3323 2814 πάλαι
3360 2755 3706 2828 Θεσμοθετῶν

2124 2857 2309 2911 ἐκεῖνα
2348 2855 2604 2927 Χριστός.
2651 2854 2941 2927 Τοιγάρτοι
2984 2854 3081 2907 καὶ
3121 2851 3316 2919 λόγους
3379 2849 3542 2913 ἰδίους
3578 2849 3711 2913 τοὺς

2110 2950 2199 3005 διὰ
2236 2950 2479 3014 Μωσέως
2524 2949 2681 3004 καλεῖ
2704 2949 2922 3020 νόμους.
2954 2947 3098 3018 Ἔφη
3124 2945 3264 3017 γάρ’
3301 2963 3320 2996 ι
3363 2941 3535 3014 Ἀμὴν
3561 2942 3713 3011 λέγω

2112 3042 2262 3114 ύμῖν,
2292 3041 2399 3105 ἓως
2431 3041 2499 3096 ἂν
2539 3040 2785 3114 παρέλθῃ
2816 3041 2843 3094 ὁ
2873 3039 3100 3111 οὐρανὸς
3132 3038 3229 3092 καί
3251 3039 3285 3109 ἡ
3324 3036 3421 3108 γῆ,
3463 3036 3595 3090 ἰῶτα
3623 3036 3709 3099 ἓν,

2112 3128 2145 3199 ἦ
2181 3128 2278 3200 μία
2310 3128 2510 3199 κεραῐα
2541 3128 2602 3182 οὗ
2635 3127 2710 3200 μὴ
2741 3127 2988 3200 παρέλθῃ
3015 3128 3123 3181 ἀπὸ
3157 3125 3252 3181 τοῦ
3284 3128 3473 3198 νόμου,
3503 3127 3608 3189 ἓως
3638 3126 3715 3178 ἂν

421 3217 588 3272 verba
620 3227 806 3274 autem
837 3232 960 3271 mea
1003 3232 1115 3271 non
1158 3215 1478 3272 transibunt
1504 3216 1570 3270 ”.
1612 3235 1630 3268 ι
1665 3215 1779 3287 Age
1817 3215 2004 3287 igitur,

2114 3220 2293 3275 πάντα
2326 3221 2568 3293 γένηται.
2618 3221 2679 3275 '0
2712 3220 2944 3293 ούρανὺς
2980 3219 3076 3274 καὶ
3101 3222 3134 3290 ἡ
3156 3220 3243 3307 1γῆ
3287 3218 3715 3291 παρελεύσεται.

420 3309 665 3367 historia:
696 3309 1066 3366 crassitudine
1094 3309 1306 3375 relicta,
1343 3309 1712 3379 spiritualium
1746 3325 2007 3364 sensuum

420 3400 787 3457 subtilitatem
851 3401 1317 3471 contemplemur.
1366 3400 1560 3471 Igitur,
1614 3400 1709 3471 qui
1760 3401 1872 3471 jam
1917 3400 2013 3457 Dei

420 3498 648 3561 aspectu
701 3499 867 3559 atque
924 3489 1239 3561 cognitione
1297 3489 1505 3561 dignati
1564 3501 1712 3555 sunt,
1753 3490 2013 3561 Splendo-

425 3595 658 3650 remque
712 3580 913 3635 divinae
966 3591 1177 3637 natura:
1236 3583 1437 3638 mentis
1486 3583 1700 3645 oculis,
1752 3583 1905 3639 velut
1960 3584 2016 3638 in

424 3680 646 3735 monte,
706 3670 762 3724 id
804 3682 891 3727 est
936 3671 990 3725 in
1031 3687 1284 3743 suprema
1332 3673 1666 3745 sublimique
1718 3676 2014 3732 admodum

422 3760 773 3826 excellentia,
804 3775 1211 3833 conspexerunt
1257 3763 1404 3836 (nam
1455 3766 1545 3820 illa
1594 3768 1689 3822 Dei
1737 3767 1907 3839 gloria
1953 3784 2017 3824 ac

424 3864 624 3910 natura
680 3854 822 3911 ultra
873 3856 1057 3911 omnia
1101 3855 1255 3929 est),
1315 3855 1409 3927 qui
1460 3857 1698 3927 quodam
1746 3859 1911 3914 modo
1958 3875 2015 3915 se

427 3947 577 4017 ipsos
607 3945 827 4003 Christo
856 3963 957 4019 per
987 3947 1148 4004 ﬁdem
1184 3950 1577 4014 exhibuerunt,
1612 3959 1668 4006 et
1700 3951 1820 4022 ejus
1848 3950 2014 4006 verba

425 4037 743 4106 audierunt,
785 4049 949 4111 atque
990 4041 1365 4097 obedientiam
1415 4042 1647 4114 polliciti
1697 4052 1827 4099 sunt
1867 4042 2015 4116 (nam

426 4130 484 4186 id
523 4148 743 4203 quoque
782 4142 900 4191 tum
933 4133 1064 4192 fecit
1109 4136 1299 4202 Israel,
1336 4151 1461 4191 cum
1501 4135 1641 4192 dixit
1677 4154 1689 4191 :
1733 4155 1750 4187 ι
1795 4134 2012 4202 Omnia,

426 4235 770 4293 quzecunque
822 4222 962 4278 dixit
1008 4223 1273 4280 Dominus
1319 4224 1466 4280 Deus
1527 4232 1677 4288 tuus,
1724 4221 2011 4287 faciemus,

427 4324 481 4365 et.
530 4311 820 4369 audiemus
853 4313 900 4347 ⁹⁸
950 4314 1026 4385 ›);
1063 4314 1099 4369 ii
1128 4314 1315 4370 divina
1363 4314 1455 4370 illa
1490 4314 1859 4386 providentia,
1895 4330 2016 4384 qua:

415 4402 538 4476 lam
575 4402 893 4462 domesticis
935 4406 1224 4472 convenit,
1275 4406 1658 4478 perfruentur;
1707 4421 1887 4475 neque
1933 4405 2016 4459 di-

429 4500 569 4552 vinze
606 4512 735 4569 erga
769 4514 827 4553 se
861 4515 1029 4565 cura},
1080 4508 1354 4570 quatenus
1403 4498 1512 4553 illis
1554 4497 1622 4552 ad
1674 4497 1906 4552 salutem
1945 4497 2016 4551 sit

2117 3314 2165 3365 οἱ
2195 3312 2252 3366 δὲ
2290 3312 2440 3382 λόγοι
2472 3329 2574 3384 μου
2613 3312 2674 3366 οὐ
2714 3313 2790 3384 μὴ
2824 3305 3159 3383 παρέλθωσιέ
3189 3330 3209 3363 ι
3231 3312 3368 3382 Φέρε
3390 3310 3455 3383 δὴ
3484 3305 3580 3364 οὖν
3608 3312 3715 3381 τῆς

2121 3404 2361 3477 ἱστορίας
2387 3405 2449 3458 τὸ
2473 3404 2643 3475 πάχος
2666 3404 2919 3474 ἀφέντες,
2942 3403 3053 3457 τῶν
3080 3400 3467 3474 πνευματικῶν
3489 3400 3717 3456 ὲινοιῶν

2117 3493 2215 3565 τὴν
2266 3493 2557 3565 ἰσχνότητα
2598 3492 3055 3566 καταθρήσωμεν.
3106 3495 3169 3546 Ol
3200 3493 3309 3564 γάρ
3341 3509 3423 3545 τοι
3454 3490 3717 3561 θεοπτίας

2121 3584 2220 3655 μὲν
2250 3584 2351 3655 ἤδη
2389 3586 2485 3639 καὶ
2528 3585 2859 3654 θεογνωσίας
2894 3583 3223 3655 ἠξιωμένοι,
3276 3585 3371 3639 καὶ
3415 3583 3515 3652 τῆς
3544 3578 3719 3645 ’θείας

2118 3674 2334 3745 φύσεως
2363 3675 2463 3748 τὴν
2493 3675 2855 3749 λαμπρότητα
2902 3680 3015 3740 τοῖς
3057 3676 3432 3751 τῆςριανοίας
3472 3674 3715 3746 ὄμμασι.

2119 3768 2373 3841 καθάπερ
2406 3770 2463 3822 ἐν
2492 3768 2629 3841 ὄρει,
2657 3767 3000 3840 τεθεαμένοι,
3024 3771 3321 3832 τουτέστιν,
3343 3771 3401 3823 ὲν
3432 3767 3715 3838 ὑπερτάτη

2118 3857 2213 3910 καὶ
2249 3857 2598 3928 ἁνῳκισμένῃ
2628 3857 2748 3911 λίαν
2786 3860 3029 3929 ὑπεροχῇ
3068 3857 3295 3926 (παντὸς
3315 3857 3426 3929 γὰρ
3454 3856 3718 3908 ἐπέκεινα

2117 3947 2245 4015 δόξα
2275 3965 2333 4001 τε
2377 3948 2471 4002 καὶ
2502 3946 2663 4017 φύσις
2692 3948 2876 4019 Θεοῦ),
2921 3950 2969 4002 οἰ
3008 3951 3462 4022 παραστήσαντες
3487 3946 3718 4011 ἑαυτοὺς

2118 4041 2282 4097 οἰονεί
2314 4040 2401 4095 διὰ
2448 4040 2547 4111 τῆς
2587 4041 2823 4106 πίστεως
2871 4041 2949 4113 τῷ
2997 4042 3255 4114 Χριστῷ,
3303 4045 3400 4099 καὶ
3436 4044 3545 4098 τῶν
3584 4048 3718 4115 παρ’

2119 4133 2286 4191 αὑτοῦ
2323 4135 2610 4204 γεγονότες
2637 4136 2739 4189 ούκ
2772 4135 2995 4208 ἀνήκοοι
3029 4139 3313 4208 ῥημάτων,
3352 4137 3719 4208 ὑποσχόμενοί

2123 4245 2183 4282 τε
2208 4227 2307 4297 τὴν
2357 4226 2603 4296 ὑπακοὴν
2640 4224 2822 4298 (τοῦτο
2852 4228 2961 4299 γὰρ
2988 4228 3119 4299 ἕδρα
3171 4229 3262 4283 καὶ
3305 4226 3424 4281 τότε
3474 4227 3648 4297 λέγων
3686 4228 3720 4281 ό

2130 4318 2349 4390 Ἰσραήλ
2368 4335 2382 4348 ο
2414 4336 2433 4370 ι
2462 4318 2669 4379 Πάντα,
2688 4318 2787 4372 ὅσα
2807 4313 2928 4371 εἶπε
2950 4318 3153 4391 Κύριος
3167 4321 3195 4373 ό
3208 4319 3339 4383 Θεός
3356 4336 3471 4385 σου,
3491 4320 3719 4391 ποιήσοο

2120 4428 2219 4482 μεν
2252 4412 2347 4465 καὶ
2365 4409 2711 4482 ἀκουσόμεθα
2744 4431 2761 4464 ι
2796 4411 2814 4482 )
2863 4412 2963 4483 τῆς
3002 4413 3104 4484 ἤδη
3138 4411 3377 4484 γνησίως
3399 4410 3718 4485 πρεπούσης

2119 4503 2328 4572 φειδοῦς
2382 4503 2783 4570 ἀπολαύσουσι,
2836 4505 2932 4559 καί
2977 4504 3263 4576 μεθέξουσι
3308 4504 3588 4577 φροντίδος
3616 4503 3721 4575 τῆς

429 4586 582 4654 satis,
609 4600 862 4659 expertes
885 4600 1078 4656 erunt;
1109 4590 1287 4660 ipsum
1309 4587 1456 4644 enim
1482 4588 1763 4643 habebunt
1793 4587 2009 4651 ducem,

2125 4596 2456 4671 ἀποχρώσης
2501 4598 2582 4661 εἰς
2610 4597 2892 4669 σωτηρίαν
2925 4597 3135 4661 αὐτοῖς·
3165 4595 3328 4651 αὐτὸν
3365 4596 3475 4668 γάρ
3504 4595 3720 4661 ἕξουσιν

428 4690 487 4738 et
537 4691 1019 4754 propugnatorem,
1060 4698 1126 4737 ac
1163 4696 1583 4753 praecursorem,
1624 4680 1719 4749 qui
1770 4678 1879 4734 illis
1924 4695 2014 4733 re-

427 4771 615 4845 quiem
648 4774 915 4844 exploret.
967 4774 1183 4829 Primus
1229 4790 1469 4844 namque
1502 4772 1758 4829 Cbristus
1793 4781 2017 4842 propter

429 4880 533 4921 nos
562 4880 628 4920 ac
657 4880 756 4937 pro
792 4864 954 4922 nobis
989 4865 1204 4923 Satanae
1239 4866 1372 4921 olim
1412 4865 1609 4921 victori
1645 4880 1704 4919 se
1738 4863 2014 4936 opposuit,

428 4974 554 5014 cum
594 4959 865 5031 jejunavit
920 4977 985 5015 ac
1024 4969 1266 5016 tentatus
1307 4968 1392 5015 est
1441 4957 1498 5013 in
1540 4956 1781 5022 deserto,
1818 4965 1878 5012 ut
1918 4971 2019 5011 nos

430 5050 583 5106 illum
616 5053 845 5119 victum,
882 5062 939 5108 et
976 5053 1253 5123 abjectuni
1293 5061 1351 5108 et
1396 5052 1499 5107 sub
1541 5051 1746 5107 nostris
1782 5052 2019 5123 pedibus

431 5151 769 5211 prostratum
808 5143 1080 5207 videntes,
1124 5144 1370 5213 requiem
1422 5141 1773 5198 haberemus.
1825 5143 2016 5213 Itaque

430 5232 597 5288 etiam
631 5232 851 5288 dicebat
880 5251 892 5286 :
933 5254 952 5284 ‹
987 5234 1305 5288 Prcssuram
1342 5233 1617 5290 habebitis
1664 5234 1721 5289 in
1762 5233 1969 5289 mundo
2002 5251 2015 5288 :

439 5326 602 5396 158
646 5324 742 5380 sed
796 5325 1090 5390 confidite,
1143 5341 1246 5397 ego
1299 5327 1407 5383 vici
1464 5327 1734 5383 mundum
1769 5326 1834 5381 ”.
1876 5347 1894 5379 ι
1952 5327 2023 5381 Et

435 5415 633 5471 iterum
678 5433 691 5468 :
739 5435 757 5465 ‹
810 5416 953 5472 Ecce
1006 5417 1132 5473 dedi
1184 5418 1341 5475 vobis
1389 5428 1718 5489 potestatem
1773 5417 2021 5474 caleandi

435 5525 602 5580 super
651 5520 936 5580 serpentes
992 5521 1050 5568 et
1100 5513 1440 5585 scorpiones,
1476 5523 1532 5569 et
1585 5528 1752 5583 super
1800 5528 2020 5567 omnem

437 5609 765 5669 pmestatem
799 5599 1008 5657 inimici
1039 5603 1077 5657 ί.
1117 5621 1136 5655 ι
1175 5604 1395 5660 Primus
1437 5615 1663 5676 propter
1703 5620 1804 5659 nos
1833 5615 1889 5661 et
1918 5621 2021 5675 pro

507 5800 742 5928 ρῖξῗῐυιιι.
779 5817 884 5867 xm,
935 5804 955 5860 ἱ
989 5821 1139 5876 5οείίῖ-

447 5888 497 5933 κ.
535 5888 612 5928 ιυ.

1254 5807 1301 5836 ⁹⁶
1331 5803 1500 5861 Exod.
1537 5820 1623 5869 xv,
1648 5803 1738 5860 9.3.

1862 5984 1891 5991 η..

1792 5804 1862 5872 έετ
1892 5802 2081 5859 Matth.
2111 5817 2161 5869 v,
2195 5802 2272 5858 ιε.

2125 4694 2386 4764 ἡγεμόνα,
2422 4692 2801 4762 προασπιστήν
2829 4707 2887 4745 τε
2922 4690 3015 4743 καὶ
3046 4688 3450 4760 προόιόάζοντα
3479 4686 3613 4759 πρὶς
3658 4685 3723 4739 το

2124 4784 2578 4854 κατασκέψασθαι
2620 4783 2804 4847 αὐτοῖς
2841 4783 2940 4853 τὴν
2973 4781 3314 4835 ἀνάπαυσιν.
3351 4779 3572 4851 Πρῶτος
3609 4777 3725 4848 γὰρ

2123 4881 2151 4932 ὁ
2183 4878 2419 4949 Χριστὸς
2446 4876 2513 4929 δι’
2562 4877 2709 4948 ἡμᾶς
2743 4875 2840 4929 καὶ
2872 4873 3014 4946 ὑπὲρ
3044 4872 3203 4944 ἡμῶν
3235 4871 3427 4924 ἑαυτὸν
3456 4865 3723 4931 ἁντέταξδ

2124 4968 2202 5040 τῷ
2228 4966 2394 5022 πάλαι
2421 4966 2706 5036 νικήσαντι
2736 4964 2969 5033 Σατανᾷ,
2999 4956 3373 5031 νενηστευκὼς
3404 4974 3464 5010 τε
3490 4958 3583 5009 καὶ
3611 4971 3725 5008 πει·

2128 5058 2430 5133 ραζόμενος
2466 5060 2524 5111 ὲν
2552 5059 2619 5128 τῇ
2653 5057 2868 5128 ἐρήμῳ,
2904 5053 2971 5107 ἶν’
2996 5055 3156 5125 ἡμεῖς
3200 5051 3414 5121 Ξχωμεν
3452 5048 3551 5120 τὴν
3584 5047 3723 5100 ἀνά-

2128 5166 2352 5214 παυσιν,
2384 5147 2776 5218 νενικημένον,
2815 5147 2909 5201 καὶ
2943 5144 3293 5204 πεπτωκότα,
3325 5141 3421 5195 καὶ
3454 5142 3563 5204 τοῖς
3594 5140 3725 5193 ἑαυ-

2125 5241 2234 5295 τῶν
2279 5239 2437 5293 ποσὶν
2458 5239 2885 5311 ὑπεστρωμένον
2919 5236 3160 5308 ὁρῶντες
3212 5234 3395 5289 αὐτόν.
3433 5231 3727 5302 Τοιγάρτοι

2126 5333 2219 5387 καὶ
2250 5332 2425 5401 ἔλεγε*
2484 5351 2502 5382 ‹
2550 5330 2741 5401 ϐλίψιν
2784 5330 2938 5401 ἔχετε
2971 5332 3029 5383 ὲν
3060 5327 3139 5398 τῷ
3169 5326 3379 5395 κόσμῳ,
3424 5323 3559 5377 ἀλλὰ
3590 5322 3724 5393 θαρ-

2131 5426 2309 5478 σεῖτεο
2368 5422 2479 5490 ἐγὼ
2532 5421 2791 5492 νενίκηκα
2844 5421 2937 5473 τὸν
2997 5419 3227 5488 κόσμον.
3266 5434 3286 5468 ι
3346 5417 3459 5470 Καὶ
3518 5414 3719 5467 πάλινσ

2136 5534 2153 5564 ι
2209 5513 2340 5567 ’ἰδοὺ
2382 5513 2592 5566 δέδωκα
2641 5513 2769 5583 ὑμῖν
2811 5511 3061 5577 ἐξουσίαν
3093 5500 3284 5563 πατεῖν
3319 5507 3506 5562 ὲπάνω
3544 5505 3722 5573 ὄφεων

2127 5605 2218 5658 καὶ
2238 5603 2534 5677 σκορπίων,
2547 5605 2641 5659 καὶ
2656 5605 2745 5657 ἐπὶ
2764 5605 2942 5658 πᾶσαν
2959 5604 3059 5674 τὴν
3071 5597 3405 5671 δύναμιντοῦ
3435 5594 3682 5667 Ἐχθροῦ.
3698 5614 3715 5645 ι

2352 5804 2397 5835 ν’
2425 5801 2596 5859 lived.
2631 5818 2774 5865 xxw,
2817 5800 2869 5854 5.
2975 5800 3022 5832 9"
3055 5799 3328 5860 Joanxvr,
3367 5793 3453 5848 35.
3537 5795 3548 5825 ¹
3584 5793 3715 5848 Luc.
