4096 6436
282 284 410 340 εδδ

1028 276 1115 331 DE
1157 268 1605 331 ADORATION'E
1642 265 1715 323 IN
1767 259 2043 320 SPIRITU
2084 261 2173 317 ET
2212 263 2585 322 VERITATE.
2629 264 2758 320 LIB.
2801 265 2865 321 Υ.

3509 271 3617 329 536

296 403 536 471 Πρῶτος
587 402 698 475 γὰρ
753 400 822 454 δι’
869 399 1022 483 ῂμᾶς
1065 397 1160 451 καὶ
1217 394 1358 466 ὑπὲρ
1390 391 1548 465 ἡμῶν
1586 386 1665 460 τῷ
1697 384 1909 453 Θανάτῳ

2015 380 2177 438 nobis
2211 398 2337 438 eum
2372 394 2548 441 morte
2583 400 2931 456 congressus,
2971 384 3119 442 illius
3162 386 3387 458 quidem
3434 389 3611 462 impe-

301 493 656 570 προσϐαλὼν,
698 491 967 547 κατέλυσε
1011 488 1110 563 μὲν
1137 490 1198 543 τὸ
1247 486 1459 543 ἐκείνου
1516 483 1736 554 κράτος,
1775 493 1913 534 κατι

294 587 580 657 εσκέψατο
628 584 685 638 δὲ
726 584 863 654 ἡμῖν
895 580 995 654 τὴν
1044 580 1376 642 ἀνάπαυσιν,
1427 571 1786 634 ἀνακαινίσας
1832 569 1914 633 εἰς

294 673 641 749 ἀφθαρσίαν.
700 670 928 745 Πρῶτος
990 667 1240 740 εἰσῆλθεν
1285 668 1365 731 εἰς
1413 664 1509 718 τὸν
1557 660 1909 731 παράδεισον,

299 768 709 840 ὲκδυσωπήσας
738 763 839 837 μὲν
861 761 1052 835 ῶσπερ
1074 760 1175 831 τὴν
1204 756 1586 831 στρεφομένην
1611 750 1909 826 ῥομφαίαν,

307 860 627 932 ἀποστήσας
651 858 711 912 δὲ
746 855 907 927 ἡμῶν
937 853 1034 926 τὴν
1061 851 1418 923 ὲξείργουσαν
1446 847 1743 919 ἁμαρτίαν.
1791 843 1913 897 Ἐκ-

304 954 479 1009 τέτικε
517 951 633 1023 γάρ
663 950 828 1014 αὐτὸς
856 949 999 1021 ὑπὲρ
1028 945 1188 1019 ἡμῶν
1217 943 1286 1000 τὰ
1308 943 1674 1014 ὀφειλήματα,
1704 938 1799 992 καὶ
1831 934 1909 1008 τῷ

303 1045 537 1119 μώλωπι
564 1042 738 1100 αὐτοῦ
763 1044 926 1115 ἡμεῖς
957 1040 1213 1110 ίάοημεν,
1246 1036 1389 1091 κατά
1411 1035 1473 1089 τὸ
1496 1030 1908 1106 γεγραμμένον.

300 1140 530 1212 Πρῶτος
549 1137 663 1211 γάρ
696 1135 870 1206 ἀνέϐη
896 1134 1033 1207 πρὸς
1060 1131 1153 1186 τὸν
1180 1130 1400 1203 Πατέρα
1429 1127 1524 1183 καὶ
1549 1126 1704 1190 Θεον,
1731 1126 1912 1194 ὲγκαι-

294 1234 464 1300 νίζων
492 1234 636 1306 ἡμῖν
667 1232 769 1302 τὴν
795 1230 912 1285 ἀνω
944 1226 1194 1299 πορείαν,
1236 1224 1332 1278 καὶ
1363 1218 1779 1296 προετοιμάζων
1810 1217 1910 1282 τὰς

292 1328 408 1383 ἀνω
470 1324 668 1397 μονάς.
718 1321 1014 1393 Τοιγάρτοι
1066 1320 1163 1373 καὶ
1207 1315 1450 1387 ἔφασκε·
1498 1334 1516 1366 ι
1562 1311 1908 1384 Πορεύσομαι

294 1419 390 1474 καὶ
434 1416 725 1489 ἑτοιμάσω
771 1414 939 1468 τόπον
967 1412 1116 1485 ὑμῖν.
1152 1429 1170 1463 ι
1218 1404 1668 1482 Προανετυπυῦτο
1717 1403 1782 1475 δὴ
1816 1398 1908 1457 οὖν

292 1511 369 1578 ὼς
401 1510 461 1565 εν
495 1527 562 1580 γε
601 1511 671 1581 τῇ
700 1505 925 1578 κιϐωτῷ
952 1503 1191 1578 Χριστός
1213 1519 1227 1533 ·
1257 1497 1665 1556 κατεσκεύαστο
1703 1495 1812 1569 γὰρ
1839 1496 1908 1548 ἐκ

294 1604 472 1672 ξύλων
507 1604 777 1675 ἀσήπτων
808 1599 1018 1670 ἐκείνη,
1058 1598 1154 1652 καὶ
1184 1595 1276 1650 τδν
1311 1595 1455 1650 θεῖον
1487 1594 1546 1645 ἐν
1573 1592 1740 1662 ἑαυτῇ
1772 1606 1905 1644 κατ-

294 1698 544 1764 επύκαζε
569 1697 759 1769 νόμον,
782 1696 842 1759 ὃς
867 1695 984 1747 ἔστι
1008 1692 1179 1761 Λόγος
1203 1687 1361 1744 Θεοῦ.
1387 1687 1546 1751 Ἴδοις
1569 1685 1613 1738 δ’
1642 1683 1708 1738 ἂν
1733 1681 1907 1749 τούτῳ

296 1790 649 1866 προσεοικὸς,
679 1789 743 1844 τὸ
778 1788 875 1843 ἐπὶ
904 1784 1146 1859 Χριστοῦ
1181 1782 1502 1856 μυστήριον.
1538 1778 1671 1842 Θεὸς
1695 1775 1806 1847 γὰρ
1838 1769 1907 1846 ἦν

292 1892 321 1942 ὁ
347 1887 530 1957 ,λόγος
583 1886 644 1938 ἐν
676 1883 945 1956 ἀφθάρτῳ
974 1878 1090 1951 ναῷ
1115 1879 1213 1952 (ι),
1249 1875 1460 1931 Οὐκοῦν
1489 1867 1847 1945 προεϐάδιζεν
1870 1869 1904 1937 ἡ

295 1980 538 2045 κιόωτδς
560 1975 1026 2048 κατασκεψαμένη
1052 1976 1167 2037 τοῖς
1196 1970 1254 2038 ἐξ
1300 1966 1520 2041 Ἰσραὴλ
1539 1964 1638 2037 τὴν
1667 1961 1910 2017 ἀνάπαυ-

293 2091 401 2129 σιν.
451 2068 789 2143 Προὸαδίζει
830 2068 889 2123 δὲ
925 2066 1020 2121 καὶ
1049 2063 1209 2138 ἡμῶν
1247 2064 1276 2116 ὁ
1307 2060 1545 2134 Χριστὸς
1597 2056 1739 2112 κατὰ
1781 2055 1906 2119 τοὺς

291 2166 504 2241 ἀρτίως
552 2165 690 2236 ἡμῖν
742 2159 1068 2233 εἰρημένους
1105 2155 1381 2228 τρόπους·
1424 2152 1521 2206 καὶ
1569 2149 1708 2221 πρός
1748 2164 1813 2218 γε
1842 2146 1908 2215 δὴ

289 2240 472 2329 τούτῳ
505 2256 609 2329 τὴν
666 2254 892 2327 μεσίτου
926 2251 1119 2326 χρείαν
1152 2245 1511 2319 ἀποπληρῶν,
1554 2240 1908 2315 παράκλητος

290 2353 511 2421 γίνεται
558 2349 699 2423 πρὸς
744 2347 839 2403 τὸν
884 2344 1125 2417 Πατέρα,
1167 2344 1261 2399 καὶ
1292 2340 1521 2412 ίλασμὸς
1544 2337 1684 2409 ὑπὲρ
1721 2333 1904 2410 ἡμῶν,

292 2446 443 2502 καθά
493 2444 594 2501 καὶ
642 2442 811 2499 πάλαι
837 2441 1048 2513 Μωσῆς
1075 2456 1089 2470 ’
1121 2438 1179 2503 ὃς
1214 2439 1271 2491 ἐν
1303 2437 1402 2509 μὲν
1429 2432 1508 2506 τῷ
1540 2431 1779 2503 ἐξαίρειν
1808 2427 1908 2500 τὴν

294 2539 536 2594 κιϐωτὸν
582 2537 860 2608 ἔφασκεν
917 2553 935 2584 ι
986 2527 1357 2602 Ἐξεγέρθητι,
1404 2524 1611 2597 Κύριε,
1646 2522 1909 2593 διασκορ-

294 2633 661 2705 πισθήτωσαν
719 2630 768 2682 οί
807 2625 995 2700 ἐχθροί
1054 2641 1171 2689 σου,
1227 2618 1552 2693 φυγέτωσαν
1605 2616 1809 2679 πάντες
1857 2613 1908 2668 οί

298 2725 596 2799 μισοῦντές
653 2739 714 2776 σε
747 2738 762 2752 ο
806 2739 827 2772 ι
896 2722 953 2775 ὲν
995 2718 1052 2773 δὲ
1097 2715 1178 2787 τῷ
1222 2710 1567 2768 καταπαύειν
1605 2726 1619 2740 °
1670 2728 1688 2761 ι
1755 2706 1907 2761 Ἐπί-

295 2798 524 2890 στρεφε,
557 2812 759 2886 Κύριε,
794 2810 1042 2884 χιλιάδας
1074 2806 1342 2880 μυριάδας
1388 2804 1446 2858 ὲν
1488 2800 1564 2872 τῷ
1609 2798 1846 2872 Ἰσραήλ.
1884 2817 1903 2851 ι

296 2912 432 2966 Ὅτε
465 2908 580 2982 γάρ
607 2908 909 2979 ἐγήγερται
942 2903 1080 2974 πρὸς
1109 2899 1435 2971 ἐπικουρίαν
1482 2894 1639 2967 ἡμῶν
1677 2895 1705 2948 ὁ
1736 2895 1911 2948 Μονο-

296 3002 463 3076 γενὴς
511 3000 609 3055 καὶ
667 3001 699 3053 ό
742 2997 914 3053 πάλαι
964 2994 1141 3063 λέγων
1187 2992 1277 3047 διὰ
1309 2994 1409 3063 τῆς
1457 2989 1552 3045 τοῦ
1599 2986 1910 3050 Ψάλλοντος

2018 474 2161 530 rium
2211 475 2483 545 dissolvit,
2516 478 2680 533 nobis
2722 494 2856 534 vero
2894 479 3145 551 requiem
3185 480 3447 550 providit,
3485 498 3613 539 cum

2015 567 2083 623 ad
2123 568 2594 627 immortalitatem
2642 588 2744 628 nos
2793 583 3137 630 renovasset.
3173 573 3394 629 Primus
3427 573 3482 628 in
3512 590 3611 646 pa-

2015 658 2262 717 radisum
2293 662 2562 727 introivit,
2594 679 2719 718 cum
2755 663 2928 721 veluti
2956 663 3210 719 cohibuit
3242 663 3389 718 illam
3421 679 3609 720 versa-

2014 752 2169 808 tilem
2218 753 2575 824 romphznam,
2632 765 3033 827 peccatumque
3102 772 3133 812 a
3178 756 3342 811 nobis
3385 756 3610 822 avertit,

2014 845 2163 916 quod
2203 860 2304 901 nos
2344 845 2413 899 ab
2455 845 2707 917 ingressu
2760 847 3094 919 prohibebat
3126 866 3139 902 :
3179 849 3416 906 exsolvit
3460 849 3611 905 enim

2015 936 2132 1008 ipse
2164 953 2262 1008 pro
2322 937 2486 993 nobis
2533 936 2719 994 debita
2751 979 2766 1005 ,
2799 949 2856 996 et
2909 940 3083 995 livore
3126 942 3247 1012 ejus
3295 940 3472 997 sanati
3513 955 3609 995 su-

2013 1041 2138 1081 mus
2157 1029 2206 1091 ’,
2239 1026 2384 1081 sicut
2419 1027 2689 1098 scriptum
2717 1039 2821 1085 est.
2863 1029 3083 1086 Primus
3121 1031 3370 1088 ascendit
3400 1032 3470 1087 ad
3502 1030 3609 1087 Pa-

2012 1127 2155 1174 trem
2193 1127 2250 1174 et
2283 1118 2480 1183 Deum,
2510 1133 2634 1174 cum
2668 1134 2932 1191 superum
2971 1119 3125 1175 illum
3161 1121 3473 1194 ingressum
3503 1136 3610 1178 no-

2012 1209 2100 1266 bis
2128 1209 2389 1277 initiavit,
2422 1220 2479 1267 ct
2510 1225 2781 1282 supernas
2820 1211 2944 1267 illas
2980 1213 3298 1269 mansiones
3332 1230 3608 1287 praepara-

2010 1305 2111 1362 vit.
2139 1306 2330 1378 Itaque
2366 1307 2536 1362 etiam
2576 1305 2797 1362 dicebat
2828 1324 2841 1359 :
2885 1326 2903 1357 ι
2940 1306 3166 1372 Vadam,
3201 1316 3257 1362 et
3287 1309 3611 1378 przeparabo

2010 1399 2193 1455 locum
2217 1398 2377 1455 vobis
2398 1399 2436 1452 ³.
2476 1419 2493 1452 ι
2524 1397 2992 1470 Praetigurabatur
3017 1398 3187 1470 igitur
3213 1398 3268 1453 in
3297 1415 3425 1454 arca
3450 1398 3613 1455 Chri-

2011 1504 2130 1549 stus
2162 1510 2176 1546 :
2208 1501 2484 1549 exstructa
2516 1493 2665 1547 enim
2696 1501 2818 1547 erat
2853 1491 2947 1547 illa
2986 1507 3055 1546 ex
3095 1491 3258 1563 lignis
3291 1492 3610 1564 imputribi-

2009 1586 2176 1653 libus,
2213 1586 2566 1658 divinumque
2613 1587 2789 1658 legem
2848 1586 2905 1642 in
2962 1601 3020 1642 se
3070 1587 3311 1658 tegebat,
3352 1603 3475 1659 quae
3526 1599 3613 1643 est

2010 1679 2252 1735 Verbum
2298 1679 2416 1735 Dei.
2447 1678 2649 1735 Videre
2697 1689 2882 1735 autem
2932 1678 3064 1736 licet
3114 1679 3251 1735 illud
3295 1679 3352 1736 in
3389 1679 3614 1737 Chrisw

2009 1773 2356 1846 mysterium,
2393 1788 2519 1827 cum
2571 1772 2678 1829 hac
2718 1786 2940 1844 quoque
2983 1786 3045 1827 re
3086 1787 3415 1844 congruere.
3463 1772 3614 1829 Deus

2010 1866 2158 1923 enim
2178 1866 2420 1923 Verbum
2447 1875 2566 1924 erat
2590 1866 2654 1922 in
2681 1865 3094 1938 incorruptibili
3121 1867 3347 1938 temple.
3377 1865 3616 1923 Praeibat

2011 1960 2180 2032 igitur
2213 1975 2339 2017 arca
2381 1960 2674 2031 provisura
2730 1960 2860 2025 ﬁliis
2908 1961 3078 2017 Israel
3130 1960 3417 2033 requiem;
3456 1959 3613 2032 prteit

2010 2053 2179 2108 etiam
2207 2068 2309 2108 nos
2336 2041 2718 2119 Christus,iiis
2747 2052 2928 2108 modis
2956 2068 3099 2125 quos
3130 2052 3296 2109 modo
3325 2052 3567 2109 diximus
3596 2069 3611 2106 :

2010 2161 2075 2201 ac
2103 2155 2394 2217 propterea
2425 2145 2745 2202 mediatoris
2782 2161 2985 2201 munus
3022 2145 3279 2218 impleas,
3311 2146 3615 2202 advocatus

2013 2237 2071 2296 ﬁt
2100 2238 2245 2311 apud
2273 2239 2514 2303 Patrem,
2550 2254 2615 2294 ac
2651 2238 2971 2310 prepitiatio
2996 2254 3097 2310 pro
3118 2238 3283 2295 nobis
3309 2239 3364 2305 ⁶;
3396 2246 3456 2293 ιιι
3479 2237 3613 2293 olim

2010 2348 2231 2404 quoque
2268 2331 2501 2404 Moyses,
2528 2333 2646 2405 qui,
2673 2332 2805 2388 dum
2844 2332 3294 2405 proﬁcisceretur
3330 2350 3482 2399 arca,
3523 2328 3613 2384 di-

2010 2425 2217 2481 cehat;
2255 2444 2273 2475 ι
2318 2425 2585 2497 Exsurge,
2614 2425 2870 2492 Domine,
2899 2425 3241 2497 dissipentur
3269 2428 3479 2485 inimici
3507 2432 3609 2496 tui,

2011 2529 2070 2576 et
2112 2520 2322 2593 fugiant
2371 2535 2585 2587 omnes,
2632 2519 2727 2594 qui
2783 2519 3024 2575 oderunt
3070 2526 3121 2575 te
3148 2519 3188 2574 ⁸.
3224 2539 3241 2571 ι
3292 2519 3432 2576 Cum
3480 2536 3614 2578 vero

2011 2613 2429 2686 deponeretur:
2468 2633 2485 2664 ‹
2515 2612 2812 2679 Converte,
2854 2612 3108 2679 Domine,
3148 2612 3296 2670 mille
3337 2613 3614 2685 myriadas

2012 2707 2070 2764 in
2098 2706 2264 2763 Israel
2289 2706 2330 2760 ⁸.
2368 2725 2385 2758 ι
2417 2704 2555 2762 Cum
2595 2704 2744 2760 enim
2786 2704 3099 2760 exsurrexit
3125 2702 3192 2758 ad
3220 2718 3324 2760 nos
3349 2703 3616 2774 adjuvan-

2011 2801 2113 2857 dos
2146 2800 2237 2857 ille
2268 2799 2600 2873 Unigenitus
2650 2797 2745 2869 qui
2791 2797 2923 2853 olim
2965 2796 3258 2852 Psallentis
3294 2811 3429 2855 voce
3458 2795 3615 2853 dice-

2012 2894 2147 2955 bat:
2184 2914 2201 2946 ι
2231 2894 2466 2966 Propter
2489 2891 2772 2947 miseriam
2798 2889 3047 2963 inopum,
3073 2899 3129 2945 et
3165 2889 3432 2962 gemitum
3474 2904 3615 2960 pau-

2012 3004 2232 3062 perum,
2276 3003 2428 3043 nunc
2470 2999 2785 3055 exsurgam,
2838 2982 2973 3039 dicit
3014 2982 3283 3039 Dominus
3309 2983 3369 3051 ’ς
3412 3002 3431 3035 ι
3484 2990 3618 3038 tunc

298 3075 513 3169 φωνῆς·
552 3114 571 3147 ι
624 3091 760 3147 Ἀπὸ
809 3089 909 3160 τῆς
947 3084 1326 3158 ταλαιπωρίας
1379 3082 1490 3138 τῶν
1538 3079 1770 3152 πτωχῶν
1816 3079 1909 3133 καὶ

2012 3083 2336 3139 ceciderunt
2380 3080 2590 3143 hostes,
2619 3092 2685 3132 ac
2727 3076 3009 3148 fugerunt,
3038 3076 3133 3150 qui
3178 3075 3618 3132 adversabantur

297 3187 388 3245 τοῦ
419 3183 735 3257 στεναγμοῦ
768 3181 876 3237 τῶν
902 3181 1155 3252 πενήτων
1186 3178 1282 3232 νῦν
1328 3177 1728 3245 ἀναστήσομαι,
1757 3170 1906 3241 λέγει

297 3283 507 3356 Κύριος
528 3298 540 3309 ⁸
569 3300 588 3331 ι
621 3278 747 3333 τότε
765 3274 1119 3332 πεπτώκασιν
1143 3273 1193 3328 οἱ
1220 3271 1426 3344 ἐχθροὶ,
1455 3273 1548 3324 καὶ
1569 3266 1908 3338 πεφεύγασιν

295 3375 346 3429 oi
390 3371 801 3443 ἀνθεστηκότες
844 3366 941 3423 καὶ
992 3368 1059 3438 τῇ
1102 3364 1226 3438 θείᾳ
1262 3363 1388 3436 δόξῃ
1436 3362 1755 3434 μαχόμενοι.
1802 3361 1908 3414 Τε-

298 3467 648 3543 Θριάμσευκε
681 3464 795 3538 γὰρ
846 3465 906 3517 έν
950 3461 1029 3535 τῷ
1064 3458 1287 3533 σταυρῷ
1332 3457 1506 3530 ἀρχάς
1536 3473 1597 3510 τε
1629 3455 1725 3510 καὶ
1758 3454 1908 3522 ἐξου-

299 3562 452 3627 σίας-³
505 3560 605 3615 καὶ
643 3559 1005 3631 κατήργηκεν
1049 3552 1341 3610 ἀποθανὼν
1393 3551 1485 3606 τὸν
1520 3550 1759 3623 ⁸δὶρχοντα
1808 3546 1905 3602 τοῦ

298 3654 495 3719 αἰῶνος
538 3650 761 3715 τούτου,
799 3649 945 3706 κατά
972 3647 1035 3703 τὸ
1071 3645 1495 3720 γεγραμμένον·
1544 3641 1909 3706 καταπαύσας

297 3748 353 3802 δὲ
378 3747 599 3820 ῶσπερ,
632 3746 730 3801 καὶ
746 3745 827 3810 είς
847 3743 1004 3808 τέλος
1024 3739 1290 3811 ἐνεγκὼν,
1318 3738 1418 3811 τὴν
1449 3737 1577 3809 ὃλην
1597 3735 1910 3807 οἰκονομίαν

297 3840 387 3895 διὰ
418 3840 522 3912 τῆς
561 3839 922 3902 ἀναστάσεως
952 3838 1054 3909 τῆς
1094 3835 1158 3888 ἐκ
1191 3832 1402 3905 νεκρῶν
1428 3831 1523 3886 καὶ
1550 3829 1776 3903 πορείας
1808 3827 1910 3897 τῆς

299 3934 382 4000 εἰς
410 3933 476 3987 τὸ
510 3933 628 3989 ἀνω
674 3930 813 4003 πρὸς
842 3929 933 3983 τὴν
964 3926 1223 4000 Πατέρα,
1256 3927 1438 3980 πᾶσαν
1470 3921 1775 3995 ἐπέστρεψε
1810 3921 1911 3994 τὴν

299 4024 426 4099 γῆν,
460 4026 560 4080 καὶ
597 4023 777 4096 χιλίας
803 4020 1076 4095 μυριάδας
1111 4018 1240 4084 τοὺς
1268 4017 1440 4082 ἰδίους
1467 4018 1704 4071 ἐποιεῖτο
1741 4031 1911 4087 προσ-

299 4117 614 4191 κυνητάς·ι
645 4116 818 4170 Ὅταν
850 4113 982 4186 γὰρ,
1020 4112 1280 4182 ἔφασκεν,
1331 4108 1535 4181 ὖψωθῶ
1562 4110 1627 4162 ἐκ
1655 4108 1755 4179 τῆς
1781 4106 1911 4178 γῆς,

298 4213 519 4275 πάντας
546 4206 765 4264 ἑλκύσω
797 4209 937 4279 πρὸς
975 4204 1234 4278 ἐμαυτόν.
1289 4222 1308 4256 ›
1347 4201 1559 4257 Οὐκοῦν
1593 4203 1628 4274 ἡ
1665 4199 1912 4265 Μωσέως

297 4304 438 4377 εὐχὴ
480 4301 657 4365 τύπος
689 4300 755 4356 ἂν
788 4300 876 4370 εἴη
905 4299 1003 4370 τῆς
1044 4296 1322 4370 μεσιτείας
1362 4292 1624 4366 Χριστοῦ,
1658 4293 1801 4347 κατά
1848 4308 1913 4362 γε

297 4397 362 4451 τὸ
399 4397 597 4470 σχῆμα
639 4395 701 4449 τὸ
752 4393 1119 4466 ἀνθρώπινον,
1172 4388 1473 4462 εὐχομένου
1527 4404 1588 4441 τε
1634 4387 1727 4441 καὶ
1760 4386 1912 4453 ἐξαι-

2008 3184 2067 3233 et
2101 3175 2371 3231 adversus
2414 3173 2511 3229 Dei
2558 3171 2790 3245 gloriam
2839 3168 3181 3243 pugnabant.
3225 3168 3617 3240 Triumphavit

2008 3270 2159 3326 enim
2188 3269 2243 3325 in
2276 3284 2439 3324 cruce
2480 3267 2825 3339 principatus
2852 3273 2909 3320 et
2942 3270 3244 3336 potestates
3266 3262 3331 3327 ⁷”,
3360 3276 3424 3317 ac
3463 3276 3616 3315 mor-

2011 3369 2141 3417 tuus
2183 3358 2456 3415 destruxit
2488 3357 2797 3430 principem
2842 3352 3030 3410 szeculi
3065 3353 3252 3424 hujus,
3288 3349 3432 3406 sicut
3472 3351 3614 3406 scri-

2009 3464 2166 3528 ptum
2193 3460 2278 3511 est
2308 3471 2320 3508 :
2350 3468 2434 3518 ac,
2463 3451 2642 3523 posita
2669 3445 3079 3521 quodammodo
3113 3454 3171 3500 et
3203 3444 3269 3500 ad
3296 3443 3461 3500 ﬁnem
3489 3458 3615 3516 per-

2012 3550 2177 3606 ducta
2241 3556 2355 3604 tota
2408 3543 2827 3617 dispensatione
2872 3557 2974 3613 per
3022 3538 3489 3595 resurrectionem
3548 3552 3619 3592 ex

2012 3640 2269 3706 mortuis,
2298 3646 2354 3694 et
2391 3651 2683 3693 ascensum
2711 3634 2766 3689 in
2794 3634 2995 3696 caalum
3024 3630 3091 3688 ad
3119 3631 3360 3696 Patrem,
3387 3629 3618 3685 univer-

2013 3749 2132 3790 sam
2157 3742 2360 3788 terram
2388 3727 2687 3794 convertit,
2713 3733 2769 3782 et
2795 3724 2947 3783 mille
2973 3722 3254 3797 myriadas
3279 3736 3411 3779 suos
3432 3720 3621 3776 ell‘ecit

2013 3826 2334 3883 adoratores
2359 3842 2373 3879 :
2409 3823 2573 3880 «Cum
2587 3820 2791 3885 enim,»
2826 3817 3099 3883 dicebam
3127 3815 3401 3872 exaltatus
3417 3813 3620 3870 fueroa

2016 3926 2184 3987 terra,
2211 3932 2406 3974 omnes
2434 3915 2647 3971 traham
2675 3912 2745 3968 ad
2782 3927 2872 3968 me
2899 3910 3080 3983 ipsum
3105 3908 3147 3965 ".
3185 3927 3203 3959 ι
3255 3905 3416 3978 159
3448 3905 3622 3978 Igitur

2017 4012 2108 4067 illa
2136 4009 2309 4083 Moysi
2335 4006 2517 4065 oratio
2559 4019 2671 4060 non
2708 4001 2950 4059 absurde
2987 4000 3159 4072 ﬁgura
3194 3996 3621 4054 interventionis

2013 4105 2223 4163 Christi
2264 4102 2455 4168 fuerit,
2497 4114 2624 4158 cum
2671 4114 2741 4155 ex
2782 4097 3030 4152 humano
3078 4092 3271 4148 habitu
3317 4090 3481 4148 nobis
3530 4106 3622 4145 res

2015 4196 2466 4273 praeclarissimas
2501 4211 2533 4250 a
2572 4193 2688 4249 Deo
2727 4199 2786 4247 et
2820 4189 2982 4245 Patre
3007 4193 3127 4244 orat
3154 4201 3218 4242 ae
3247 4183 3510 4257 postulat.
3548 4184 3622 4242 Iit

2015 4300 2167 4359 enim
2201 4298 2400 4353 beatus
2435 4293 2680 4350 Joannes
2718 4288 2798 4344 ait
2831 4306 2844 4342 :
2896 4306 2915 4339 ι
2955 4286 3299 4342 Advocatum
3349 4282 3622 4339 habemus

2018 4392 2164 4466 apud
2191 4391 2434 4453 Patrem,
2460 4384 2649 4442 Iesum
2676 4380 2964 4438 Christum
3005 4379 3217 4451 justum
3243 4393 3259 4444 ;
3298 4384 3356 4432 et
3395 4375 3509 4448 ipse
3535 4383 3625 4430 est

299 4490 528 4555 τοῦντος
549 4491 687 4562 ἡμῖν
730 4487 801 4542 τά
822 4486 1086 4542 κάλλιστα
1110 4483 1263 4556 παρά
1282 4480 1377 4536 τοῦ
1399 4479 1535 4535 θεοῦ
1559 4480 1653 4534 καὶ
1674 4478 1908 4551 Πατρός.

2019 4480 2342 4556 propitiatio
2395 4494 2498 4550 pro
2550 4473 2794 4547 peccatis
2830 4472 3068 4538 nostris;
3104 4485 3218 4525 non
3264 4484 3366 4541 pro
3416 4466 3625 4532 nostris

310 4584 405 4649 Ὠς
432 4582 599 4654 γάρό
642 4580 934 4645 θεσπέσιος
977 4578 1233 4649 Ἰωάννης
1282 4574 1416 4647 φησί
1442 4592 1454 4604 ·
1497 4592 1517 4626 ι
1555 4571 1916 4645 Παράκλητον

300 4678 510 4751 ἔχομεν
562 4674 703 4748 πρὸς
748 4674 841 4729 τὸν
893 4671 1117 4744 Πατέρα
1160 4668 1371 4743 Ἰησοῦν
1399 4666 1638 4740 Χριστὸν
1680 4665 1913 4734 δίκαιον,

303 4773 402 4828 καὶ
431 4770 601 4836 αὐτὸς
629 4768 861 4842 ἱλασμός
885 4767 1003 4821 ἐστι
1024 4765 1153 4839 περὶ
1177 4766 1287 4819 τῶν
1312 4762 1599 4835 ἁμαρτιῶν
1633 4762 1667 4837 ἡ
1678 4761 1817 4834 μῶν,
1848 4761 1915 4816 οὐ

300 4867 438 4940 περὶ
489 4864 601 4921 τῶν
639 4863 929 4936 ἡμετέρων
966 4861 1024 4915 δὲ
1060 4860 1242 4933 μόνον,
1281 4857 1416 4912 ἀλλά
1461 4856 1558 4912 καὶ
1607 4857 1750 4929 ὑπὲρ
1790 4855 1914 4912 ὅλου

298 4960 400 5015 τοῦ
435 4960 672 5031 κόσμου.
714 4978 733 5011 ι
769 4956 883 5012 Καὶ
912 4954 1139 5026 προσέτι
1172 4951 1333 5009 πάλιν
1373 4950 1537 5006 αὐτὸν
1562 4948 1759 5022 ἔχομεν
1790 4966 1916 5004 σκε-

301 5055 548 5126 παστὴν,
578 5051 655 5115 ὡς
683 5052 740 5105 ἐν
782 5051 849 5122 τῇ
877 5047 1078 5120 νεφέλη
1106 5048 1175 5118 τῇ
1210 5041 1661 5116 κατασκιαζούσῃ
1689 5040 1914 5113 νοούμε-

301 5165 418 5203 νον.
466 5142 746 5199 ’Λκουέτω
794 5141 906 5214 γὰρ
953 5141 983 5194 ὀ
1023 5138 1205 5193 πίστει
1248 5138 1314 5208 τῇ
1348 5135 1430 5198 είς
1458 5133 1620 5188 αὑτὸν
1670 5132 1916 5188 δικαιού-

305 5241 587 5312 μενοςοί
646 5234 894 5308 Ἡμέρας
945 5233 1100 5304 ἣλιος
1142 5229 1203 5284 ού
1255 5228 1557 5300 συγκαύσει
1609 5244 1690 5290 σε,
1724 5224 1846 5280 οὐδὲ
1880 5225 1915 5296 ἡ

304 5333 515 5407 σελήνη
554 5330 655 5402 τὴν
692 5328 887 5383 νύκτα.
930 5346 949 5380 ν
997 5327 1274 5381 Φάσκουσι
1309 5322 1365 5377 δὲ
1419 5320 1512 5376 καί
1563 5336 1711 5382 τινες
1757 5319 1816 5371 ἐν
1845 5319 1914 5389 τῇ

300 5432 416 5488 τῶν
447 5429 662 5504 μισθῶν
690 5426 945 5499 διανομῇ,
970 5423 1112 5479 κατᾶ
1134 5421 1234 5494 τὴν
1269 5417 1636 5490 εύαγγελικὴν
1665 5414 1913 5489 παραϐο-

376 5591 402 5623 ³
432 5589 538 5645 Isa.
573 5604 683 5649 Lm,
718 5587 770 5641 ὅ.
878 5583 900 5615 ³
933 5582 1089 5638 Joan.
1139 5596 1248 5640 των,
1283 5579 1338 5633 2.
1415 5577 1436 5608 ‘
1477 5576 1496 5631 I
1528 5576 1798 5649 .Iaantn,
1825 5574 1876 5629 Ι.

2018 4584 2206 4633 autem
2256 4581 2495 4637 tantum,
2543 4568 2642 4626 sed
2694 4567 2863 4625 etiam
2911 4581 3014 4638 pro
3055 4564 3226 4620 totius
3271 4560 3512 4618 mundi"
3540 4599 3555 4615 .
3597 4578 3617 4616 ι

2019 4673 2291 4729 Praeterea
2338 4667 2522 4739 ipsum
2578 4663 2851 4721 habemus
2896 4668 3293 4733 protectorem,
3326 4663 3389 4714 ut
3432 4653 3526 4726 qui
3565 4654 3626 4724 in

2018 4764 2169 4821 nube
2210 4760 2577 4817 adumbrante
2617 4755 3000 4827 intelligatur:
3035 4751 3226 4810 audiat
3255 4751 3403 4806 enim
3451 4749 3498 4805 is
3528 4747 3625 4819 qui

2021 4853 2130 4909 tide
2169 4865 2335 4923 quam
2377 4849 2433 4905 in
2472 4848 2627 4903 illum
2665 4844 2836 4901 habet
2863 4842 3200 4915 iustiﬁcatur
3231 4859 3242 4894 :
3294 4860 3312 4891 ι
3340 4839 3445 4899 Per
3477 4837 3626 4896 diem

2021 4947 2103 5003 sol
2142 4961 2253 5002 non
2300 4951 2429 4999 uret
2465 4950 2540 5007 te,
2584 4954 2767 5010 neque
2806 4937 2938 4994 luna
2984 4950 3086 5007 per
3124 4943 3343 4992 noctem
3371 4931 3414 4988 '.
3453 4950 3472 4983 ι
3528 4929 3626 4985 Di-

2023 5048 2159 5099 cunt
2203 5037 2374 5095 etiam
2406 5034 2633 5107 quidam
2679 5031 2736 5086 in
2776 5022 2868 5085 ilia
2904 5026 3210 5086 secundum
3252 5022 3627 5093 evangelicam

2024 5131 2346 5206 paroholam
2383 5126 2782 5187 distributione
2827 5119 3124 5185 mercedis,
3174 5136 3193 5169 ι
3226 5116 3337 5171 Nos
3377 5112 3626 5184 portavi-

2026 5203 2152 5283 inus
2187 5223 2406 5297 pondus
2444 5221 2557 5277 diei
2583 5227 2642 5274 et
2667 5224 2866 5273 uastum
2899 5213 2941 5245 ¹⁰
2969 5230 2982 5266 :
3017 5231 3036 5263 ι
3072 5208 3485 5269 vehementem,
3517 5203 3626 5261 nisi

2024 5295 2208 5384 fallor,
2233 5326 2290 5372 et
2317 5329 2499 5370 acrem
2529 5310 2885 5367 ell‘eratarum
2909 5303 3276 5374 voluptatum,
3303 5305 3401 5352 aut
3431 5295 3628 5352 fortas-

2028 5412 2104 5471 sis
2136 5410 2303 5468 etiam
2343 5405 2715 5464 tentationum
2751 5401 2863 5457 vim
2901 5397 2971 5453 ad
3002 5393 3298 5459 urendum,
3326 5399 3523 5448 aestum
3566 5404 3630 5446 ac

1955 5574 1977 5605 ⁸
2022 5571 2185 5626 Num.
2220 5585 2276 5626 Χ.
2320 5566 2411 5620 55.
2491 5563 2512 5593 ⁸
2546 5561 2680 5615 ibid.
2715 5559 2804 5617 36.
2886 5559 2904 5591 ⁷
2936 5555 3080 5614 Psai.
3117 5569 3194 5621 τι,
3227 5553 3279 5610 6.
3361 5550 3622 5608 "Coloss.

308 5679 385 5727 ιι,
419 5662 505 5717 li).
562 5659 584 5691 '
613 5633 774 5714 ἐάσει.
809 5671 904 5719 xn,
929 5655 1018 5707 52.
1096 5655 1135 5685 ⁸·
1167 5651 1185 5705 ι
1215 5651 1374 5708 Joan.
1403 5665 1461 5712 ιι,
1496 5649 1544 5702 l.
1620 5650 1640 5680 ⁹
1681 5633 1824 5702 Psal.
1865 5661 1909 5701 c1

2018 5644 2071 5699 6.
2153 5640 2194 5672 ³⁸
2226 5637 2419 5694 Matth.
2453 5650 2542 5700 xx,
2577 5633 2658 5686 [2.

376 5804 461 5879 (ι)
490 5798 628 5858 Cod.
658 5797 808 5863 Vat...
842 5795 988 5860 οεῖος
1018 5793 1128 5868 γὰρ
1157 5788 1224 5865 ἦν
1264 5793 1292 5847 ό
1323 5789 1493 5860 Λόγος
1534 5790 1591 5844 ὲν
1625 5785 1905 5861 ἀιρυαρτξᾳ
1948 5782 2044 5840 καὶ
2077 5780 2195 5855 ἰδίῳ
2223 5778 2361 5852 ναῷ.
