4096 6472
315 256 436 319 389

1037 269 1130 323 DE
1168 264 1617 324 ADORATIONE
1650 263 1731 318 IN
1775 260 2049 318 SPIRITU
2091 261 2179 316 ET
2222 261 2599 318 VERITATE.
2643 263 2775 318 LIB.
2823 266 2885 320 V.

3536 271 3641 325 590

314 375 534 445 φεσθαι
561 376 768 447 λόγοις,
814 382 911 435 ἐπὶ
958 381 1207 454 φθαρτάς
1226 380 1426 453 ήδονάς
1466 379 1561 433 καὶ
1596 376 1939 449 ἀκαθάρτους

2045 375 2165 431 sine
2191 376 2350 446 culpa
2375 376 2508 442 frui,
2537 387 2595 433 et
2620 378 2895 449 supernis,
2922 383 2979 434 et
3005 378 3214 452 Spiritu
3239 388 3431 437 sancto
3465 381 3637 455 inspi-

317 463 702 537 φιλοσαρκίας
751 469 1008 541 ἀχάλινον
1075 470 1348 524 ποιεῖσθαι
1400 469 1501 540 τὴν
1552 466 1934 539 ἀποφοίτησιν.

321 555 539 630 ’Ὕϐρις
570 561 685 632 γὰρ
714 563 966 634 ἐναργῶς
1012 565 1091 629 εἰς
1121 565 1189 618 τά
1217 564 1429 634 ἀμείνω
1458 563 1555 619 καὶ
1584 562 1847 630 σώζοντα,
1878 563 1940 615 τὸ

317 650 658 706 ἀνθελέσθαι
695 654 767 708 τά
810 657 1049 729 πονηρὰ,
1096 657 1194 713 καὶ
1225 656 1317 711 νοῦ
1381 657 1563 728 ψῆφος
1601 655 1939 724 ἀνοσιωτάτη

316 743 383 797 τὺ
430 742 554 798 τῶν
608 746 886 820 οὐρανίων
919 749 1190 822 προτάξαι
1223 748 1295 805 τά
1343 749 1691 823 γεωδέστερα
1710 789 1726 815 ,
1761 748 1940 802 καίτοι

328 832 599 906 πλείστην
642 838 731 907 ἐφ’
771 839 990 905 ἑαυτοῖς
1029 840 1290 896 νοσοῦντα
1321 841 1420 914 τὴν
1458 840 1778 914 βδελυρίαν·
1844 840 1942 895 καὶ

333 925 503 997 ὀρθῶς
557 929 659 984 ἐπὶ
694 930 910 996 τούτοις
949 934 1235 1006 μονονουχὶ
1282 935 1379 990 καί¹
1422 933 1651 1007 δακρύει
1699 933 1877 1003 λέγων
1911 936 1940 988 ό

330 1020 628 1092 προφήτης
670 1022 934 1090 Ἡσαΐας·
963 1044 981 1078 ι
1013 1026 1169 1093 Οὐαὶ,
1196 1028 1254 1081 οῖ
1299 1025 1553 1097 λέγοντες
1594 1028 1656 1082 τὸ
1704 1028 1941 1100 πονηρὸν

324 1112 514 1180 καλὸν,
554 1114 656 1168 καὶ
680 1120 746 1170 το
775 1116 944 1172 καλὸν
981 1119 1255 1192 πονηρόν
1297 1121 1348 1174 οῖ
1372 1120 1625 1190 λέγοντες
1654 1119 1718 1174 τὸ
1763 1120 1937 1190 γλυκὺ

320 1205 555 1275 πικρὸν,
582 1207 688 1261 καὶ
714 1209 778 1263 τὸ
798 1210 1007 1283 πικρὸν
1033 1211 1238 1282 γλυκύο
1291 1214 1340 1266 οῖ
1388 1212 1635 1278 τιθέντες
1666 1213 1729 1267 τὸ
1750 1214 1939 1276 σκότος

323 1297 468 1366 φῶς,
502 1300 603 1353 καὶ
628 1300 694 1355 τὸ
722 1301 840 1371 φῶς
881 1306 1094 1370 σκότος.
1138 1325 1158 1359 ι
1194 1298 1471 1374 Τοιούτοις
1500 1309 1694 1372 κακοῖς
1721 1306 1939 1362 ὲναλόν-

322 1403 429 1453 τας
478 1391 799 1463 πταίσμασι
846 1396 976 1458 τοὺς
1028 1396 1090 1463 ἐξ
1148 1399 1366 1473 Ἰσραὴλ
1392 1400 1737 1474 εὑρήσομεν.
1783 1401 1940 1456 Μετά

324 1482 438 1551 γάρ
460 1500 551 1536 τοι
577 1483 681 1556 τὴν
706 1486 803 1540 ἐπὶ
829 1487 910 1559 τῷ
931 1489 1204 1560 γογγύσαι
1225 1492 1407 1564 δίκην,
1428 1494 1649 1563 γείτονα
1677 1494 1775 1549 καὶ
1799 1510 1941 1568 παρ-

324 1574 675 1659 εζευγμένην
736 1579 904 1645 εὐθὺς
957 1582 1058 1654 τὴν
1104 1584 1190 1653 ἐφ’
1242 1585 1416 1640 ἀπασι
1475 1588 1589 1650 τοῖς
1639 1586 1940 1658 αἰσχίστοις

324 1669 554 1724 ἐνόσουν
580 1670 898 1744 ἱπιθυμίαν.
926 1675 1330 1749 Περιπτύοντες
1354 1678 1464 1750 γάρ
1487 1678 1678 1752 ὥσπερ
1699 1682 1768 1735 τά
1786 1679 1940 1751 παρά

323 1760 423 1816 τοῦ
455 1763 624 1831 Θεοῦ,
660 1767 757 1820 καὶ
788 1769 906 1832 τοῖς
944 1769 1248 1842 οὐρανόθεν
1280 1771 1509 1841 ἀγαθοῖς
1540 1773 1773 1837 ἀνοσίως
1815 1774 1940 1827 ὲπι-

326 1856 750 1926 στυγνάζοντες,
800 1859 1159 1933 παρώτρυνον
1204 1863 1535 1933 -ἀναγκαίως
1578 1866 1666 1936 ἐφ’
1725 1866 1942 1931 ἑαυτοῖς

324 1949 420 2003 τὸν
450 1951 674 2022 κριτήν.
706 1951 1189 2026 Γέγραπταιάγάρ,
1226 1957 1309 2011 ὅτι
1349 1976 1368 2009 ι
1404 1957 1518 2012 Καὶ
1537 1961 1566 2012 ὁ
1594 1958 1888 2030 ὲπίμικτος
1912 1960 1941 2012 ὁ

324 2044 385 2096 ἐν
426 2043 643 2108 αὐτοῖς,
677 2044 1032 2119 ἐπεθύμησεν
1089 2048 1408 2121 ἐπιθυμίαν,
1462 2050 1558 2104 καί¹
1609 2050 1940 2116 καθίσαντες

323 2132 548 2189 ἔκλαιον
574 2137 767 2191 oi‘oio‘t
807 2138 1050 2211 Ἰσραὴλ,
1086 2138 1184 2194 καὶ
1217 2136 1398 2195 εἶπον·
1429 2142 1527 2207 Τίς
1554 2144 1703 2215 ἡμᾶς
1731 2142 1941 2217 ψωμιεῖ

321 2228 504 2299 κρέας
563 2228 954 2304 Ἑμνήσθημεν
1004 2235 1134 2299 τοὺς
1184 2233 1395 2307 ἰχθύας,
1441 2234 1535 2302 οὓς
1565 2236 1831 2309 ἡσθίομεν
1878 2237 1939 2292 ὲν

323 2323 600 2396 Αἰγύπτῳ
614 2324 849 2398 δωρεὰν,
875 2329 1118 2394 καὶτοὺς
1141 2329 1386 2396 σικύους,
1412 2331 1650 2395 καὶτοὺς
1667 2331 1935 2400 πέπονας,

322 2414 503 2469 καὶτὰ
528 2416 757 2487 πράσα,
781 2417 879 2472 καὶ
907 2417 980 2472 τά
1001 2419 1290 2492 κρόμμυα,
1318 2418 1503 2475 καὶτὰ
1531 2419 1939 2493 σκόροδα.Νυνὶ

322 2506 381 2561 δὲ
412 2508 446 2578 ἠ
472 2507 630 2582 ψυχὴ
657 2510 818 2581 ἡμῶν
838 2510 1166 2584 κατάξηρος.
1194 2512 1361 2569 Οὐδὲν
1382 2512 1522 2585 πλὴν
1545 2513 1629 2578 είς
1664 2511 1727 2566 τὺ
1757 2513 1937 2584 μάννα

322 2599 374 2651 οῖ
400 2599 684 2672 ὀφθαλμοὶ
704 2602 886 2674 ἡμῶν.
917 2604 1032 2659 Καὶ
1064 2604 1288 2676 ἤκουσε,
1313 2606 1467 2679 φησὶ,
1493 2605 1705 2677 Μωσῆς
1725 2604 1940 2660 κλαιόν-

324 2710 437 2748 των
452 2694 641 2748 αὐτῶν
663 2695 807 2749 κατά
824 2697 887 2768 δή
897 2714 1030 2766 μους
1050 2696 1252 2763 αὑτῶν,
1273 2697 1508 2753 ἕκαστον
1531 2698 1626 2752 ἐπὶ
1640 2698 1739 2771 τῆς
1764 2696 1938 2769 θύρας

324 2786 534 2842 αὐτοῦ’
598 2790 697 2843 καὶ
772 2789 1032 2864 ἐθυμώθη
1094 2791 1236 2864 ὀργῇ
1291 2791 1499 2864 Κύριος
1556 2791 1788 2862 σφόδρα,
1841 2789 1938 2844 καὶ

324 2880 510 2934 ἔναντι
542 2881 721 2953 Μωσῆ
763 2878 836 2952 ἦν
880 2883 1137 2955 πονηρόν.
1164 2902 1198 2936 -›
1238 2886 1309 2938 Ἢ
1341 2886 1443 2940 οὐκ
1477 2884 1629 2952 ἀξιον
1659 2879 1798 2938 εἶναι
1829 2882 1936 2954 φὴς

324 2972 501 3044 ὀργῆς
555 2991 617 3027 τε
665 2975 769 3045 τῆς
802 2974 975 3042 θείας,
1008 2978 1102 3031 καὶ
1156 2977 1561 3051 καταγνώσεως
1603 2977 1705 3049 τῆς
1754 2977 1831 3041 ὡς
1875 2974 1937 3041 ἐξ

325 3066 544 3138 ἀνδρῶν
570 3067 766 3136 ἁγίων,
793 3069 857 3123 τὸ
884 3069 1021 3141 πρὸς
1043 3069 1205 3124 τοῦτο
1230 3069 1554 3125 καθικέσθαι
1582 3066 1933 3141 μαλακισμοῦ

326 3160 421 3213 καὶ
450 3160 741 3231 λογισμῶν
785 3163 1081 3234 ἀνανδρίας
1118 3164 1247 3227 τοὺς
1276 3161 1378 3234 ἤδη
1418 3161 1934 3233 γεγυμνασμένους,

325 3250 404 3315 ὡς
428 3251 668 3321 νοσῆσαι
702 3252 805 3323 μὲν
839 3251 1098 3323 ἀκρατῶς
1144 3252 1208 3305 τὸ
1241 3251 1559 3307 ὑπονοστεῖν
1604 3251 1810 3307 ἐθέλειν
1857 3255 1939 3316 είς

327 3342 601 3407 ἐκτύπους
626 3342 805 3408 οὕτως
840 3343 1208 3418 ἀκαθαρσίας,
1243 3345 1338 3398 καὶ
1365 3342 1777 3414 παραλελύσθαι
1810 3361 1939 3398 τοσο

326 3434 487 3489 οὖτον
528 3435 612 3499 είς
648 3435 946 3508 ἀκρασίαν,
984 3435 1061 3500 ὡς
1119 3433 1504 3508 μειρακιωδῶς
1546 3435 1935 3509 ὀλοφύρεσθαι,

326 3527 426 3599 τὴν
476 3529 738 3601 δριμεῖαν
797 3529 990 3602 ὥσπερ
1041 3531 1104 3584 ού
1155 3529 1423 3601 φέροντας
1480 3529 1581 3601 τῆς
1641 3529 1940 3602 ἐπιθυμίας

328 3622 645 3695 προσϐολήν
662 3641 677 3691 ;

400 3801 616 3855 ΠΑΛΛ.
657 3794 734 3854 Εὖ
774 3800 973 3870 λέγεις.

403 3895 573 3949 ΚΥΡ.
631 3893 917 3959 Ἀλύοντος
956 3895 1013 3948 δὲ
1063 3894 1158 3948 τοῦ
1199 3895 1478 3964 πανσόφου
1526 3895 1794 3961 Μωσέως,
1840 3894 1939 3948 καὶ

324 3985 638 4056 δυσθυμίαν
672 3985 890 4057 ἔχοντος
918 3987 1019 4056 τὴν
1049 3987 1143 4040 ἐπὶ
1174 3987 1311 4057 si};ch
1334 3986 1537 4058 δεινὴν,
1566 3987 1661 4041 καὶ
1689 3987 1939 4055 ἀναφαν-

324 4078 418 4133 δὸν
468 4079 831 4150 κεκραγότος,
880 4078 957 4143 ὡς
990 4080 1091 4134 οὐκ
1122 4074 1186 4132 ἄν
1221 4096 1350 4132 ποτε
1398 4079 1560 4150 μόνος
1608 4077 1806 4150 ίσχύσῃ
1854 4078 1938 4132 δι-

325 4178 577 4244 ενεγκεῖν
604 4175 698 4227 τὸν
727 4172 902 4238 οὓτως
927 4173 1169 4237 εὐκόλως
1197 4173 1278 4236 είς
1305 4171 1636 4245 παραφορὰν
1666 4171 1763 4225 καὶ
1802 4170 1939 4223 ἀπό-

328 4286 525 4323 στασιν
560 4267 711 4321 ἰόντα
751 4267 903 4331 λαὸν,
938 4265 1320 4337 συλλήπτορας
1354 4264 1455 4336 μὲν
1479 4265 1576 4317 καὶ
1611 4263 1940 4335 ἐπαρωγοὺς

324 4362 429 4433 τῆς
475 4362 572 4415 ἐπὶ
618 4358 759 4431 τῷδε
794 4359 1080 4430 φροντίδος
1119 4357 1322 4429 ἄνδρας
1361 4354 1603 4421 ἀνέδειξε
1647 4355 1802 4418 Θεὸς,
1845 4353 1937 4408 τὸν

2047 468 2185 523 ratis
2219 469 2571 526 sermonibus
2605 470 2843 526 enutriri
2863 512 2877 537 ,
2903 471 2973 527 ad
3010 472 3249 528 caducas
3272 474 3458 543 potius
3482 477 3643 532 volu-

2046 566 2249 630 ptates,
2273 569 2330 616 et
2354 561 2599 632 impuras
2621 563 2807 619 carnis
2826 563 3160 634 cupiditates
3182 564 3448 623 effrenate
3469 566 3603 624 ferri
3627 587 3641 623 :

2046 666 2174 706 nam
2201 667 2292 707 res
2318 653 2543 709 vitiosas
2577 654 2857 725 praeferre,
2883 655 3173 712 manifesta
3200 667 3285 712 est
3309 659 3645 727 optimarum

2046 760 2112 801 ac
2133 745 2463 801 salutarium
2505 746 2740 818 injuria;
2766 757 2961 819 estque
2994 748 3087 805 ille
3119 749 3290 805 animi
3313 751 3559 809 calculus
3586 754 3646 811 in

2046 839 2245 909 primis
2278 839 2546 906 nefarius,
2577 856 2688 910 quo
2717 848 2959 908 terrena,
2986 844 3241 913 quamvis
3263 845 3556 901 maximam
3584 846 3645 903 in

2046 944 2106 985 se
2132 930 2535 1002 turpitudinem
2573 931 2911 998 contineant,
2948 934 3267 992 coelestibus
3290 946 3641 1007 anteponun-

2058 1031 2174 1089 tur;
2202 1038 2268 1079 ac
2290 1031 2443 1080 recte
2462 1024 2565 1079 hos
2582 1025 2985 1095 propemodum
3008 1026 3268 1099 lacrymis
3285 1031 3645 1100 prosequitur

2046 1116 2317 1188 propheta
2355 1117 2525 1173 Isaias
2564 1133 2692 1174 cum
2717 1117 2852 1175 dicit
2881 1135 2893 1172 :
2928 1118 3071 1186 «Vas,
3100 1121 3197 1191 qui
3223 1122 3415 1179 dicitis
3435 1122 3644 1179 malum

2047 1207 2276 1275 bonum,
2294 1217 2353 1265 et
2372 1210 2583 1266 bonum
2602 1210 2809 1265 malum
2828 1228 2843 1278 ;
2867 1210 2965 1281 qui
2987 1210 3172 1267 dicitis
3189 1212 3350 1270 dulce
3368 1228 3643 1281 amarum,

2048 1310 2106 1356 et
2124 1317 2375 1358 amarum
2400 1302 2598 1371 dulce;
2625 1302 2720 1375 qui
2743 1303 2952 1375 ponitis
2972 1303 3233 1360 tenebras
3255 1304 3457 1371 lucem,
3481 1313 3541 1362 et
3561 1308 3647 1361 lu-

2046 1408 2167 1449 cem
2207 1394 2468 1450 tenebras
2495 1394 2560 1449 “.
2594 1414 2613 1447 ι
2641 1394 2970 1468 Huiusmodi
2999 1395 3262 1466 gravibus
3297 1397 3475 1467 culpis
3501 1397 3643 1452 irre-

2047 1487 2179 1543 titos
2200 1487 2553 1565 inveniemus
2578 1487 2722 1544 tllios
2753 1488 2947 1544 Israel.
2974 1488 3273 1559 Postquam
3293 1488 3443 1544 enim
3471 1489 3641 1545 dedc«

2048 1588 2182 1637 runt
2218 1595 2334 1637 suae
2370 1581 2838 1638 murmurationis
2873 1596 3087 1652 pinnas,
3121 1581 3305 1637 vicino
3343 1582 3550 1648 statim,
3589 1588 3647 1637 et

2047 1674 2308 1746 adjuncto
2335 1675 2532 1731 morbo
2558 1675 3006 1747 turpissimarum
3036 1690 3223 1732 rerum
3243 1675 3644 1747 concupiscen-

1972 1753 2015 1814 Β
2045 1763 2120 1819 tia
2158 1763 2574 1821 laboraverunt.
2619 1767 2757 1823 Nam
2778 1807 2793 1832 ,
2833 1781 2960 1822 cum
2999 1767 3097 1821 Dei
3139 1781 3369 1823 munera
3404 1765 3645 1838 quodam

2043 1856 2210 1913 modo
2247 1865 2598 1928 respuerent,
2624 1867 2795 1931 atque
2819 1860 3065 1917 coelestia
3089 1860 3235 1917 dona
3255 1876 3369 1916 non
3394 1860 3515 1915 sine
3538 1860 3645 1915 im-

2042 1948 2249 2020 pietate
2271 1949 2503 2005 moleste
2530 1948 2766 2017 ferrent,
2796 1949 3116 2006 necessario
3137 1950 3436 2006 adversum
3470 1962 3529 2004 se
3550 1949 3646 2020 ju-

2042 2041 2222 2098 dicem
2268 2050 2711 2099 commoverunt.
2765 2045 2920 2115 161
2983 2043 3266 2115 Scriptum
3308 2051 3396 2099 est
3434 2043 3585 2099 enim
3625 2065 3641 2101 :

2050 2152 2069 2185 ι
2100 2134 2482 2200 Promiscuus,
2512 2135 2609 2206 qui
2649 2142 2774 2191 erat
2803 2135 2862 2190 in
2896 2135 3052 2206 ipsis,
3087 2135 3405 2205 concupivit
3436 2146 3653 2191 concu-r

2042 2227 2392 2299 piseentiam,
2417 2234 2476 2282 et
2508 2227 2768 2283 sedentes
2796 2226 3006 2283 ﬂebant
3044 2226 3144 2282 ﬂlii
3182 2227 3374 2294 Israel,
3401 2236 3458 2283 et
3490 2227 3645 2284 diec-

2041 2319 2175 2376 bant
2201 2338 2213 2374 :
2245 2318 2382 2389 Quis
2410 2335 2513 2375 nos
2551 2319 2763 2376 cibahit
2794 2319 3097 2376 carnibus?
3129 2319 3647 2376 Recordati'sumus

2039 2413 2299 2486 piscium,
2340 2428 2481 2484 quos
2523 2412 2953 2469 comedebamus
2983 2412 3041 2468 in
3082 2411 3313 2484 Egypto
3355 2411 3544 2484 gratis,
3588 2420 3647 2467 et

2041 2522 2424 2573 cucumerum,
2449 2513 2505 2562 et
2535 2522 2835 2578 peponum,
2858 2514 2915 2562 ει
2938 2520 3257 2577 porrorum,
3277 2514 3335 2562 Et
3361 2521 3642 2577 ceparum.

2040 2607 2098 2655 et
2125 2600 2417 2666 alliorum;
2453 2612 2604 2654 nunc
2630 2600 2766 2654 vero
2796 2598 2982 2653 anima
3009 2606 3200 2654 nostra
3227 2598 3383 2654 arida
3408 2605 3525 2665 est;
3556 2599 3644 2653 ni-

2041 2692 2121 2748 hil
2154 2693 2265 2749 nisi
2294 2693 2352 2748 in
2387 2706 2589 2748 manna
2616 2700 2749 2747 sunt
2771 2691 2919 2748 oculi
2954 2692 3154 2747 nostri.
3190 2691 3261 2746 Et
3295 2690 3527 2757 audivit,
3558 2694 3646 2746 in-

2042 2785 2184 2856 quit,
2215 2785 2430 2857 Moyses
2461 2783 2588 2840 illos
2624 2783 2822 2840 ﬂentes
2851 2800 2954 2855 per
2987 2784 3222 2855 populos
3254 2798 3404 2849 suos,
3440 2801 3646 2840 unum-

2041 2891 2319 2949 quemque
2354 2877 2411 2931 in
2437 2877 2608 2948 janua
2657 2891 2791 2942 sua;
2825 2882 2883 2940 et
2929 2876 3106 2932 iratus
3142 2885 3227 2932 est
3267 2877 3351 2932 ira
3380 2877 3651 2934 Dominus

2040 2969 2222 3034 valde,
2257 2977 2315 3025 et
2343 2984 2530 3025 coram
2561 2969 2744 3041 Moyse
2775 2969 2955 3025 visum
2989 2976 3075 3023 est
3120 2970 3326 3024 malum
3375 2969 3438 3024 ’⁸.
3493 2989 3511 3021 ι
3563 2970 3649 3026 An

2043 3061 2331 3133 indignum
2367 3061 2450 3116 ira
2483 3060 2671 3116 divina
2693 3061 2931 3125 crimen,
2967 3070 3025 3116 et
3052 3070 3368 3117 sanctorum
3397 3061 3648 3117 virorum

2039 3153 2254 3226 judicio
2308 3153 2538 3210 minime
2579 3152 2957 3209 damnandum
3005 3163 3199 3225 putas,
3237 3153 3492 3209 homines
3532 3156 3647 3226 jam

2043 3246 2374 3302 exercitatos
2396 3244 2467 3300 ad
2502 3259 2622 3301 eam
2650 3245 2939 3301 mollitiem
2965 3253 3023 3302 et
3054 3246 3328 3318 ignaviam
3355 3246 3647 3318 cogitatio-

2041 3353 2179 3394 num
2221 3337 2570 3409 pervenisse,
2613 3346 2677 3393 ut
2713 3338 3004 3409 impotenti
3043 3339 3346 3409 cupiditate
3374 3340 3646 3396 redeundi

2043 3430 2115 3488 ad
2162 3440 2273 3488 tam
2321 3432 2593 3489 absurdas
2627 3432 2974 3504 impuritates
3025 3432 3372 3501 laborarent;
3408 3442 3649 3491 ettanta

2044 3526 2473 3600 intemperantia
2510 3526 2766 3583 dissoluti
2803 3534 3010 3593 essent,
3055 3535 3118 3582 ut
3149 3527 3442 3598 pueriliter
3476 3527 3649 3584 deﬂe-

2044 3629 2170 3678 rent
2210 3620 2388 3678 veluti
2440 3635 2643 3677 acrem-
2670 3619 2825 3676 illum
2869 3621 3335 3692 concupiscentia:
3381 3619 3649 3691 impetum

2042 3731 2153 3771 non
2185 3715 2465 3771 ferentes?
2616 3730 2621 3735 '
2782 3738 2787 3747 -
2986 3730 2989 3735 ‘

2112 3806 2315 3863 PALL.
2349 3807 2519 3865 Recte
2545 3808 2644 3864 ais.

2111 3900 2270 3957 CYR.
2298 3900 2438 3957 Cum
2469 3916 2605 3957 vero
2628 3900 2842 3974 Moyses
2883 3910 3165 3969 mstuaret,
3187 3911 3245 3959 et
3269 3903 3374 3960 hac
3396 3903 3463 3960 de
3485 3919 3651 3964 causa

2042 3994 2287 4068 graviter
2334 3997 2534 4053 anxius
2581 4003 2757 4061 esset,
2806 4003 2971 4067 atque
3015 4005 3207 4067 aperte
3259 3996 3563 4062 clamaret,
3591 4011 3651 4051 se

2042 4104 2328 4160 nunquam
2355 4088 2623 4159 populum
2654 4089 2752 4160 qui
2782 4088 2921 4144 adeo
2959 4087 3120 4143 facile
3155 4087 3225 4143 ad
3249 4089 3567 4144 vecordiam
3595 4098 3652 4144 ct

2041 4180 2341 4253 apostasim
2378 4188 2678 4252 spectaret,
2722 4180 2904 4237 solum
2946 4195 3113 4250 posse
3167 4180 3466 4246 sustinere,
3500 4182 3651 4237 viros

2039 4290 2274 4331 numero
2307 4275 2678 4346 septuaginta,
2713 4274 2833 4344 ejus
2864 4289 3009 4330 curse
3042 4273 3225 4329 socios
3265 4280 3321 4328 et
3369 4273 3653 4344 adjutores

2040 4366 2209 4438 elegit
2235 4365 2404 4431 Deus,
2436 4381 2576 4437 quos
2617 4366 2785 4421 etiam
2816 4366 2994 4421 sancti
3045 4365 3285 4436 Spiritus
3321 4364 3468 4421 dono
3511 4365 3648 4420 insi-

325 4454 566 4529 ἀριθμὸν
616 4452 1011 4523 ἐϐδομήκοντα,
1048 4449 1144 4515 οὓς
1188 4450 1284 4503 καὶ
1335 4450 1403 4519 τῇ
1460 4446 1556 4501 τοῦ
1616 4447 1938 4517 Πνεύματος

2045 4458 2268 4531 gniores
2308 4457 2496 4513 eil'ccit
2536 4455 2962 4528 (prOp‘netarunt
2998 4455 3148 4511 enim
3184 4455 3241 4509 in
3275 4455 3517 4526 castris).
3549 4453 3651 4509 At-

324 4548 471 4602 δόσει
495 4545 965 4616 διαφανεστὲρους
991 4544 1180 4600 ἐτίθει·
1199 4548 1619 4617 προεφήτευσαν
1641 4541 1752 4613 γὰρ
1769 4545 1839 4595 εν
1871 4543 1937 4612 τῇ

324 4640 680 4713 παρεμϐολῇ.
715 4639 861 4711 Πρὸς
890 4638 949 4692 δέ
978 4655 1042 4708 γε
1065 4637 1272 4693 Μωσέα
1303 4636 1473 4709 φησί·
1510 4654 1528 4688 ι
1560 4635 1672 4690 Καὶ
1701 4634 1783 4706 τῷ
1824 4634 1941 4707 λαῷ

325 4737 500 4808 ἐρεῖς·
548 4730 875 4802 Ἀγνίσασθε
902 4733 982 4796 είς
1012 4730 1224 4804 αὔριον,
1255 4730 1351 4785 καὶ
1384 4729 1624 4800 φάγεσθε
1660 4731 1822 4801 κρέα,
1857 4729 1942 4784 ὅτι

326 4826 640 4883 ἐκλαύσατε
696 4826 947 4881 ἐναντίον
994 4825 1229 4897 Κυρίου,
1291 4823 1575 4893 λέγοντεςσ
1638 4823 1737 4888 Τίς
1791 4825 1942 4896 ἡμᾶς

324 4922 539 4994 ψωμιεῖ
590 4920 769 4993 κρέας
825 4921 910 4973 ὃτι
961 4918 1128 4973 καλὸν
1168 4919 1302 4990 ἡμῖν
1350 4919 1501 4973 ἐστιν
1548 4920 1608 4972 ὲν
1642 4917 1940 4989 Αίγύπτῳ·

328 5013 425 5067 καὶ
462 5010 633 5066 δώσει
682 5012 893 5082 Κύριος
945 5010 1076 5082 ύμῖν
1125 5010 1324 5079 φαγεῖν
1378 5008 1541 5080 κρέα,
1575 5008 1672 5062 καὶ
1699 5008 1945 5079 φάγεσθε

327 5107 492 5178 κρέα.
549 5106 665 5175 υύχ
712 5103 934 5177 ἡμέραν
989 5102 1120 5172 μίαν
1177 5100 1431 5172 φάγεσθε
1455 5100 1617 5172 κρέα,
1661 5100 1784 5154 οὐδὲ
1824 5100 1941 5166 δύο,

327 5202 453 5256 οὐδὲ
510 5199 679 5252 πέντε
728 5197 966 5269 ἡμέρας,
997 5196 1120 5250 οὐδὲ
1162 5196 1300 5250 δέκα
1326 5194 1564 5267 ἡμέρας,
1608 5195 1730 5250 οὐδὲ
1766 5198 1943 5250 εἴκοσι

328 5293 573 5365 ἡμέρας,
603 5291 710 5355 ἕως
747 5291 921 5362 μηνὸς
965 5288 1192 5361 ἡμερῶν
1224 5284 1490 5358 φάγέσοε,
1519 5288 1626 5353 ἕως
1653 5288 1720 5343 ἂν
1749 5288 1942 5362 ἐξέλθῃ

330 5390 398 5442 ὲκ
422 5387 538 5441 τῶν
567 5388 869 5458 μυκτήρων
900 5384 1078 5455 ὑμῶν,
1115 5384 1208 5439 καὶ
1236 5383 1389 5437 ἔσται
1421 5384 1551 5453 ὑμῖν
1580 5384 1661 5446 εἰς
1688 5383 1942 5456 χολέραν,

329 5483 414 5535 ὅτι
443 5478 793 5552 ἠπειθήσατε
826 5477 1036 5548 Κυρίῳ,
1063 5477 1137 5541 ὅς
1160 5480 1311 5531 ἐστιν
1336 5477 1394 5530 ὲν
1424 5477 1576 5543 ὑμῖν,
1613 5476 1709 5529 καὶ
1744 5477 1945 5530 ἐκλαύ-

333 5587 465 5626 σατε
494 5568 743 5624 ἐναντίον
774 5566 965 5635 αὑτοῦ,
997 5568 1250 5637 λέγοντες
1273 5585 1288 5600 ⁸
1330 5566 1491 5620 ἰνατί
1531 5568 1664 5639 ἡμῖν
1706 5567 1944 5634 ἐξελθεῖν

410 5757 454 5788 ¹³
487 5756 590 5811 lsa.
628 5771 680 5819 ν,
725 5753 815 5807 ‘20.
899 5752 940 5785 “
969 5753 1132 5807 Num.
1171 5766 1244 5812 xu,
1277 5749 1309 5802 ιι
1343 5761 1496 5815 seqq.

1582 5746 1626 5778 "
1661 5745 1796 5803 ibid.
1838 5745 2027 5802 l8-20.

2049 4567 2157 4623 que
2181 4551 2490 4624 ad.Moysen
2513 4550 2624 4605 ait:
2656 4568 2674 4600 ι
2702 4549 2771 4604 Et
2800 4549 3006 4620 populo
3026 4547 3196 4606 dices:
3216 4547 3651 4604 Sanctiﬁcamini

2048 4643 2108 4698 in
2132 4644 2462 4708 crastinum,
2486 4649 2543 4699 et
2566 4640 2869 4697 comedetis
2888 4654 3103 4708 carnes,
3131 4640 3397 4712 quoniam
3423 4639 3653 4695 ﬂevistis

2049 4745 2177 4792 ante
2220 4735 2538 4798 Dominum,
2576 4733 2828 4789 dicentes
2857 4732 3028 4800 :Quis
3057 4748 3170 4789 non
3211 4733 3419 4788 cibabit
3466 4733 3653 4788 carni-

2049 4829 2188 4885 bus?
2232 4827 2363 4900 quia
2400 4827 2612 4883 bonum
2654 4826 2819 4882 nobis
2858 4835 2945 4881 est
2972 4826 3030 4881 in
3072 4825 3309 4899 Egypto
3349 4842 3361 4879 :
3398 4835 3471 4881 'et
3497 4825 3654 4881 dabit

2050 4919 2320 4977 Dominus
2339 4920 2500 4975 vobis
2528 4935 2726 4975 carnes
2760 4918 2829 4973 ad
2859 4916 3284 4982 comedendum,
3315 4924 3372 4971 et
3396 4916 3655 4971 comede-

2053 5015 2126 5071 tis
2156 5028 2386 5080 carnes;
2432 5027 2546 5068 non
2586 5027 2700 5067 uno
2728 5011 2818 5067 die
2849 5009 3154 5066 comedetis
3201 5022 3431 5071 carnes,
3470 5021 3654 5076 neque

2052 5105 2291 5171 duobus,
2324 5120 2509 5176 neque
2540 5103 2788 5176 quinque
2831 5103 3049 5167 diebus,
3088 5112 3269 5170 neque
3299 5097 3493 5153 decem
3530 5096 3656 5151 die-

2049 5200 2176 5266 bus,
2218 5215 2400 5271 neque
2430 5198 2625 5272 viginti
2656 5197 2856 5254 diebus
2892 5213 2913 5250 τί
2936 5209 3111 5265 usque
3141 5192 3211 5249 ad
3237 5205 3485 5247 mensem
3531 5190 3652 5246 die-

2054 5310 2181 5350 rum
2227 5293 2553 5358 comedetis,
2585 5292 2764 5348 donec
2790 5295 2949 5345 exeat
2974 5302 3042 5344 ex
3081 5286 3312 5342 nar-ibus
3342 5284 3567 5348 vestris,
3596 5294 3655 5340 et

2054 5388 2127 5443 sit
2152 5386 2312 5443 vobis
2332 5386 2390 5440 in
2410 5387 2689 5444 choleram
2721 5425 2736 5451 ,
2768 5381 3032 5453 quoniam
3061 5378 3298 5435 rebelles
3328 5376 3511 5433 fuistis
3541 5377 3656 5433 Deo

2054 5479 2151 5550 qui
2196 5489 2281 5536 est
2329 5479 2387 5534 in
2432 5478 2612 5544 vobis,
2645 5485 2703 5533 et
2742 5473 2974 5532 ﬂevistis
3006 5487 3192 5530 coram
3234 5486 3322 5538 eo,
3368 5470 3653 5526 dicentes:

2054 5569 2197 5638 Quid
2226 5585 2366 5641 opus
2408 5580 2530 5626 erat
2560 5567 2723 5623 nobis
2754 5565 2907 5624 exire
2932 5582 3000 5622 ex
3030 5562 3264 5637 Egypto
3299 5561 3381 5616 l'?
3411 5581 3427 5614 ι
3457 5559 3653 5619 Gravi-

3113 5760 3127 5771 .
3217 5752 3225 5761 1

3231 5764 3539 5801 311-.)

2447 5799 2453 5809 '
2536 5794 2855 5834 ﬁgas-1.3..
2885 5801 2979 5834 -.Α
3022 5800 3141 5832 ταις.
3193 5794 3263 5833 si;
3289 5794 3491 5841 ιζηῖιτὶι..
3516 5794 3564 5828 ἰι
