4096 6464
433 336 532 394 391

1466 330 1528 387 S.
1566 328 1844 386 CYRILLI
1884 327 2361 386 ALEXANDRINI
2402 329 2720 387 ARClllEP.

3619 326 3723 382 592

441 466 526 510 ter
570 453 720 510 enim
762 452 980 509 ferebat
1033 451 1125 507 ille
1163 448 1505 519 Redemptor
1548 448 1807 504 lsraelem
1857 448 2031 518 ipsam

2144 449 2195 514 ἐξ
2221 449 2525 518 Δίγύπτου;
2550 469 2570 501 ›
2595 448 2814 503 Ἐλύπει
2841 447 2952 520 γὰρ
2975 447 3134 501 τοῦτο
3153 446 3272 501 λίαν
3298 446 3387 501 τὸν
3408 448 3723 519 Λυτρωτὴν,

440 563 661 619 quoque
693 548 1017 603 servitutem
1048 560 1160 600 non
1202 557 1419 607 curare,
1446 549 1503 596 et
1536 540 1756 613 ὥρῃ)ιί
1793 542 2032 606 labores,

442 640 689 695 carnium
726 646 782 693 et
806 638 1019 693 clerum
1050 635 1290 706 pessime
1310 632 1583 689 olentium
1612 631 1912 699 desiderio,
1937 648 2036 703 pro

441 728 619 786 nihilo
656 728 883 784 ducere.
912 727 1083 783 Nobis
1111 725 1248 797 ipsis
1275 741 1497 798 quoque
1539 739 1918 796 saepenumero
1945 740 2036 779 ar—

441 821 653 884 dentes,
694 831 865 889 atqac
903 834 1064 874 acres
1109 818 1423 889 voluptates
1456 816 1810 889 persuadent,
1858 816 2037 870 levem

441 915 637 978 putare
665 907 813 961 illam
846 907 950 961 sub
993 906 1199 962 diaboli
1227 907 1515 963 dominatu
1556 906 1906 971 servitutem,
1935 920 2038 960 ne-

440 1013 548 1070 que
588 997 993 1070 refugiendum,
1042 1015 1145 1071 pro
1188 1000 1649 1071 corruptibilibus
1691 998 2038 1070 terrenisque

440 1092 845 1165 cupiditatibus
868 1091 1082 1162 peccati
1103 1091 1319 1163 jugum.
1352 1092 1511 1162 162
1536 1090 1648 1147 Sed
1674 1099 1792 1147 tum
1817 1104 2038 1162 quoque

439 1183 715 1242 concessit
744 1183 1006 1240 carnibus
1050 1181 1202 1237 vesci
1244 1196 1357 1237 non
1399 1197 1541 1247 uno,
1585 1196 1769 1252 neque
1803 1180 2035 1248 decem,

440 1272 538 1330 sed
566 1274 789 1345 triginta
824 1272 1053 1339 diebus;
1083 1288 1194 1343 quo
1233 1271 1575 1344 signiﬁcatur
1600 1271 1800 1329 diviw
1828 1272 1886 1326 in
1916 1272 2040 1327 illos

442 1366 542 1421 ira;
580 1365 938 1422 diuturnitas.
997 1365 1276 1421 Permittit
1312 1364 1478 1420 etiam
1511 1379 1660 1420 nunc
1704 1365 1773 1421 iis
1802 1364 1905 1435 qui
1950 1364 2037 1418 in-

441 1464 815 1529 temperanter
833 1456 901 1512 ad
922 1456 1232 1514 mundanas
1250 1458 1561 1528 voluptates
1575 1457 1936 1522 deflexerunt,
1955 1463 2037 1522 ut,

442 1548 490 1604 si
533 1548 692 1614 liba,
718 1549 1044 1604 carnalibus
1062 1549 1488 1619 cupiditatibus,
1515 1558 1573 1604 et
1597 1549 1823 1620 quidem
1863 1551 2038 1605 inter-

443 1640 577 1694 dum
624 1639 859 1711 longiori
907 1648 1153 1712 tcmpore
1200 1640 1484 1695 fruantur.
1514 1640 1608 1696 Sic
1646 1640 1797 1697 enim
1835 1639 2040 1696 dicitur

443 1729 737 1785 tradidisse
772 1732 1043 1802 quosdam
1084 1731 1144 1786 in
1179 1731 1478 1802 reprobum
1511 1747 1756 1798 sensum,
1793 1741 1855 1787 ut
1890 1731 2039 1789 face-

2137 541 2200 595 τὸ
2256 542 2351 595 καὶ
2401 541 2575 611 αὐτῆς
2606 540 2850 606 δουλείας
2896 540 3162 612 ἀλογῆσαι
3208 538 3301 593 τὸν
3354 537 3592 611 Ἰσραὴλ,
3632 538 3729 593 καὶ

2138 634 2392 704 ἡγεῖσθαι
2417 634 2547 705 παρ’
2576 633 2728 687 οὐδὲν
2755 633 2884 696 τοὺς
2918 634 2976 686 ἐν
3009 630 3271 702 Αἰγύπτῳ
3300 632 3516 695 πόνους,
3549 628 3729 700 κρεῶν

2140 723 2235 776 καὶ
2271 722 2522 794 λαχάνων
2550 722 2714 776 ἕνεκα
2741 723 2851 776 τῶν
2879 721 3323 776 δυσωδεστάτων.
3355 723 3467 776 Καὶ
3488 722 3637 793 ἡμᾶς
3670 721 3730 773 δὲ

2138 813 2335 876 αὐτοὺς
2367 811 2572 885 θερμαὶ
2604 812 2700 866 καὶ
2747 811 2991 883 δριμεῖαι
3035 811 3297 875 πολλάκις
3342 808 3735 865 ἀναπείθουσιν

2141 905 2346 976 ἡδοναὶ,
2368 905 2468 977 τὴν
2488 905 2598 961 ὑπὸ
2620 903 2699 974 τῷ
2731 904 2965 976 διαϐόλῳ
2995 903 3238 958 δουλείαν
3269 902 3522 974 ἡγεῖσθαι
3555 919 3738 974 φορη-

2138 997 2259 1070 τὴν,
2301 998 2397 1053 καὶ
2446 995 2703 1069 φθαρτῶν
2745 996 2908 1051 ἕνεκα
2965 997 3060 1051 καὶ
3105 994 3491 1065 γεωδεστέρων
3536 996 3737 1049 ἐπιθυ-

2144 1089 2303 1161 μιῶν,
2334 1091 2448 1153 τοῖς
2476 1087 2576 1156 τῆς
2606 1088 2886 1160 ἁμαρτίας
2915 1086 3492 1158 ὲγκαταδεσμεύεσθαι
3517 1086 3730 1156 ζυγοῖς.

2154 1178 2294 1232 Ἀλλ’
2334 1178 2507 1233 ἐδίδου
2538 1178 2634 1233 καὶ
2660 1178 2784 1232 τότε
2814 1178 2874 1231 τὸ
2911 1180 3303 1250 σαρκοφαγεῖν,
3331 1179 3433 1234 οὐκ
3466 1179 3546 1243 εις
3574 1179 3733 1250 μίαν,

2140 1272 2265 1326 οὐδὲ
2299 1274 2377 1335 είς
2406 1270 2541 1325 δέκα
2579 1271 2762 1343 τυχὸν,
2795 1270 2913 1325 ἀλλ’
2949 1272 3037 1335 είς
3060 1271 3278 1343 ἡμέρας
3305 1270 3621 1344 τριάκοντα,
3660 1270 3735 1328 δι’

2140 1359 2201 1421 οὗ
2246 1363 2571 1435 σημαίνεται
2617 1365 2717 1435 τῆς
2768 1365 2855 1418 ἐπ’
2888 1364 3090 1428 αὐτοὺς
3120 1364 3290 1436 ὀργῆς
3317 1366 3351 1436 ή
3398 1365 3735 1436 παράτασις.

2155 1456 2370 1528 Ἐφίησι
2412 1456 2469 1510 δὲ
2504 1456 2599 1511 καὶ
2626 1456 2722 1513 νῦν
2753 1457 2868 1521 τοῖς
2902 1456 3149 1527 ἀσχέτως
3195 1455 3618 1513 ἁπονενευκόσιν
3649 1459 3738 1521 εἰς

2140 1543 2411 1615 κοσμικὰς
2450 1543 2665 1620 ἡδονὰς,
2705 1545 2765 1600 τὸ
2814 1546 2908 1600 καὶ
2943 1547 3252 1617 μετασχεῖν,
3290 1546 3339 1601 εί
3363 1545 3586 1609 ἕλοιντο,
3620 1546 3739 1600 τῶν

2144 1636 2443 1708 σαρκικῶν,
2474 1637 2568 1691 καὶ
2610 1639 2693 1701 εἰς
2718 1637 2946 1711 χρόνους
2994 1637 3110 1694 ἐσθ’
3140 1639 3231 1693 ὅτε
3255 1638 3525 1711 μακρούς.
3573 1637 3740 1693 Οὕτω

2142 1726 2252 1800 γὰρ
2297 1728 2518 1799 λέγεται
2560 1728 2896 1801 παραδοῦναί
2934 1747 3089 1794 τινας
3140 1732 3224 1795 είς
3265 1730 3527 1802 ἀδόκιμον
3579 1731 3735 1794 νοῦν,

446 1828 602 1886 rent,
651 1837 774 1891 quae
820 1838 933 1878 non
965 1824 1302 1879 conveniunt
1345 1825 1408 1879 ¹⁶.
1460 1824 1569 1880 Sed
1610 1825 1721 1880 illis
1746 1824 1908 1880 cibus
1943 1824 2039 1880 ille

2145 1823 2321 1876 ποιεῖν
2359 1821 2428 1875 τά
2459 1822 2536 1894 μὴ
2570 1821 2899 1895 καθήκοντα.
2945 1821 3086 1876 Ἀλλ’
3135 1822 3366 1887 ἐκείνοις
3397 1823 3622 1893 γέγονεν
3651 1826 3740 1887 εἰς

444 1927 642 1968 versus
666 1922 754 1969 est
778 1912 835 1969 in
859 1914 1139 1971 choleram
1167 1933 1183 1969 ι
1208 1924 1265 1971 et
1288 1916 1357 1972 iis
1396 1915 1528 1973 item
1558 1917 1655 1988 qui
1689 1918 1930 1974 carnalia
1951 1919 2039 1974 di-

444 2001 642 2073 ligunt,
675 2010 731 2059 et
765 2020 963 2060 manna
998 2006 1077 2061 illi
1119 2007 1417 2078 spirituali,
1464 2008 1570 2064 hoc
1603 2016 1708 2075 est,
1743 2004 1914 2065 verbo
1942 2011 2038 2066 Dei

446 2108 535 2148 res
556 2095 951 2165 corruptibiles
974 2105 1140 2167 atque
1172 2106 1421 2156 terrenas
1445 2100 1766 2171 praeferunt,
1795 2102 1852 2157 in
1887 2118 2040 2158 mor-

448 2182 518 2239 tis
560 2186 768 2240 exitum
812 2186 1031 2242 desinet
1074 2188 1166 2244 ille
1212 2200 1464 2256 conatus,
1498 2191 1714 2264 hocque
1756 2192 1892 2248 illud
1934 2202 2037 2259 est,

445 2273 643 2345 opinor
664 2292 711 2328 τι
736 2275 839 2342 Qui
859 2277 1095 2332 seminat
1118 2277 1173 2333 in
1194 2294 1440 2347 carnem,
1460 2279 1528 2337 de
1550 2296 1716 2337 carne
1734 2290 1905 2337 metet
1922 2297 2043 2338 cor-

445 2366 760 2437 ruptionem
797 2368 860 2421 ‘7.
895 2387 913 2419 ι
943 2368 1218 2426 Fortassis
1249 2381 1432 2427 autem
1462 2372 1532 2428 ab
1553 2374 1823 2445 ejusmodi
1846 2374 2041 2429 morbo

445 2453 537 2510 illa
584 2455 786 2511 levatio
827 2466 956 2512 est:
996 2479 1014 2510 ι
1068 2459 1278 2530 Spiritu
1315 2462 1631 2530 ambulate,
1665 2472 1721 2519 ct
1764 2465 2042 2522 desideria

444 2549 633 2604 carnis
660 2564 774 2604 non
806 2550 1106 2622 perficietis
1140 2571 1152 2606 :
1179 2569 1310 2609 caro
1338 2570 1575 2627 namque
1611 2557 1813 2613 militat
1837 2558 2040 2616 adver-

447 2655 543 2697 sus
561 2641 838 2712 spiritum,
863 2651 920 2698 et
941 2644 1170 2714 spiritus
1191 2646 1459 2705 adversus
1473 2665 1695 2707 carnem
1719 2670 1732 2705 :
1756 2652 1875 2709 bzcc
1893 2654 2040 2709 enim

448 2730 556 2787 sibi
592 2731 827 2790 invicem
862 2733 1224 2790 adversantur
1246 2738 1309 2794 ⁸⁸,
1344 2757 1363 2788 ›
1392 2738 1528 2793 Nam
1567 2740 1612 2794 si
1632 2740 1937 2798 voluissent
1963 2744 2042 2798 ls-

450 2823 659 2879 raelitae
687 2833 884 2895 putare
922 2826 996 2880 ad
1058 2828 1396 2899 voluptatem
1425 2830 1530 2886 sibi
1560 2831 1695 2887 satis
1732 2847 1853 2889 esse
1887 2836 2041 2904 quod

449 2928 649 2972 manna
673 2917 1030 2983 tribueretur,
1058 2920 1206 2989 quod
1232 2928 1317 2977 est
1341 2923 1501 2993 panis
1526 2924 1847 2994 angelorum
1879 2924 2042 2980 intel-

450 3005 696 3079 ligibilis,
725 3016 782 3067 ct
814 3008 986 3081 figura
1011 3011 1322 3067 dulcedinis
1348 3015 1488 3085 ejus,
1511 3030 1633 3084 qua:
1653 3032 1753 3087 per
1776 3015 2043 3087 Spiritum

451 3099 632 3165 datur,
667 3116 946 3171 nunquam
992 3103 1352 3174 perfecissent
1381 3105 1887 3177 concupiscentiam
1918 3123 2042 3163 car-

449 3190 557 3258 nis,
581 3207 759 3262 neque
783 3194 1194 3263 corruptionem
1215 3210 1286 3248 ex
1314 3194 1407 3250 illa
1444 3195 1805 3251 messuissent
1840 3196 1902 3250 ²⁹.
1930 3196 2043 3251 Νο-

453 3282 661 3338 tissima
701 3297 834 3338 vero
864 3283 1093 3339 fuerunt
1135 3285 1284 3341 illius
1322 3285 1510 3356 populi
1536 3294 1890 3343 monumenta
1924 3306 1936 3342 :
1968 3287 2045 3347 ibi

450 3390 709 3446 namque,
741 3375 941 3445 inquit,
979 3376 1318 3446 sepelierunt
1357 3379 1839 3449 concupiscentem
1861 3395 2043 3451 popu-

450 3464 588 3530 lum,
602 3464 756 3536 juxta
779 3463 914 3519 illud
942 3482 985 3519 :c
1014 3464 1192 3520 Erunt
1212 3464 1270 3520 in
1289 3465 1558 3522 visionem
1575 3467 1725 3521 omni
1740 3467 1893 3523 carni
1914 3467 1958 3498 ²⁰
1979 3485 1990 3520 :
2018 3486 2035 3518 ι

451 3562 510 3613 et
549 3553 645 3625 qui
679 3552 775 3608 illo
802 3553 947 3609 malo
989 3552 1220 3618 affectus
1250 3561 1355 3620 est,
1387 3553 1624 3626 populus
1651 3554 2045 3625 concupiscens

451 3650 539 3699 cst
568 3644 892 3715 appellatus,
917 3644 1072 3716 juxta
1095 3643 1253 3711 illud,
1277 3645 1499 3714 opinor,
1527 3645 1676 3715 quod
1711 3651 1797 3701 est
1820 3644 1889 3701 de
1916 3645 2046 3716 qui-

454 3736 687 3793 busdam
722 3736 930 3792 dictum
963 3755 975 3789 :
1012 3755 1030 3786 ι
1060 3735 1307 3803 Quorum
1331 3735 1506 3808 gloria
1527 3736 1584 3792 in
1607 3735 1931 3793 confusione
1959 3737 2045 3808 ip-

454 3842 644 3887 sorum
670 3829 712 3863 ¹¹
741 3846 754 3883 :
797 3847 817 3880 ι
846 3843 879 3883 a
903 3835 1132 3901 peccato
1171 3828 1320 3885 enim
1355 3827 1593 3884 deducta
1616 3835 1704 3885 est
1722 3844 1915 3885 eorum
1947 3845 2045 3902 ap-

453 3918 700 3992 pellatio,
719 3925 776 3973 et
796 3918 1002 3978 misero
1024 3916 1265 3990 quodam
1285 3917 1450 3974 modo
1470 3933 1637 3990 super
1655 3921 1889 3977 mortuis
1906 3936 2051 3977 sem.

2144 1909 2372 1983 χολέραν
2406 1912 2440 1983 ἡ
2470 1910 2696 1984 βρῶσις,
2731 1912 2827 1965 καὶ
2853 1913 2967 1975 τοῖς
2994 1909 3251 1980 ἀγαπῶσι
3276 1909 3347 1964 τά
3373 1909 3612 1982 σαρκικὰ
3637 1911 3741 1965 καὶ

2142 1998 2453 2072 προτιμῶσι
2484 1997 2580 2052 τοῦ
2595 1999 2783 2072 -μάννα
2809 1997 2904 2053 τοῦ
2938 1998 3153 2070 νοητοῦ,
3187 1999 3215 2053 ὃ
3242 1999 3543 2070 tamen:
3569 1998 3737 2064 Θεοῦ,

2146 2091 2215 2144 τὰ
2246 2090 2464 2163 φθαρτά
2495 2091 2591 2146 καὶ
2617 2090 2856 2161 ἐπίγεια,
2899 2090 3196 2165 καταλήξει
3246 2091 3383 2162 πρὸς
3409 2090 3637 2146 θάνατον
3673 2090 3742 2144 τὸ

2143 2181 2450 2255 ἐγχείρημα
2471 2197 2485 2212 ·
2521 2181 2617 2245 καὶ
2643 2181 2812 2249 ἔστιν,
2835 2176 3012 2253 οἶμαι,
3043 2181 3193 2237 τουτὶ
3219 2179 3301 2247 τὸ,
3340 2200 3361 2233 ι
3409 2180 3469 2234 '0
3494 2181 3742 2253 σπείρων

2143 2276 2224 2338 είς
2266 2275 2366 2345 τὴν
2415 2275 2615 2348 σάρκα,
2669 2274 2735 2328 ὲκ
2774 2273 2876 2345 τῆς
2921 2273 3123 2347 σαρκὸς
3175 2272 3382 2345 θερίσει
3429 2272 3659 2345 φθοράν.
3710 2291 3735 2325 ι

2156 2366 2500 2440 Ἀρῤωστίας
2528 2365 2585 2421 δὲ
2615 2365 2717 2435 τῆς
2742 2365 2958 2424 τοιᾶσδε
3008 2364 3173 2437 τυχὸν
3207 2368 3241 2438 ἡ
3276 2365 3429 2429 λύσις
3454 2383 3468 2398 ’
3503 2384 3525 2418 ι
3561 2363 3741 2422 ι]νεύ-

2147 2476 2277 2532 ματι
2307 2461 2686 2532 περιπατεῖτε,
2712 2459 2806 2513 καὶ
2834 2456 3134 2530 ἐπιθυμίαν
3162 2457 3367 2530 σαρκὸς
3387 2457 3450 2512 οὐ
3480 2457 3556 2530 μὴ
3583 2457 3744 2511 τελι-

2146 2569 2299 2624 σητε.
2331 2550 2700 2625 Στρατεύεται
2731 2551 2841 2622 γὰρ
2876 2552 2910 2624 ἡ
2938 2549 3078 2623 σὰρξ
3109 2550 3254 2605 κατά
3279 2549 3373 2606 τοῦ
3400 2547 3740 2621 πνεύματος,

2143 2644 2206 2699 τὸ
2261 2645 2319 2701 δὲ
2360 2644 2580 2717 πνεῦμα
2626 2644 2769 2699 κατά
2812 2643 2914 2715 τῆς
2962 2644 3162 2716 σαρκός
3185 2661 3199 2675 ·
3228 2644 3399 2700 ταῦτα
3432 2643 3542 2716 γὰρ
3585 2643 3742 2699 ἀντί-

2147 2754 2327 2792 κειται
2344 2736 2618 2810 ἀλλήλοις.
2636 2756 2654 2789 ι
2674 2737 2765 2802 Ὠς
2790 2736 2950 2809 εἰπερ
2966 2735 3347 2809 ἠϐουλήθησαν
3363 2737 3415 2791 οί
3431 2736 3491 2802 ἐξ
3519 2735 3746 2810 Ἰσραὴλ

2145 2827 2479 2899 ἀποχρῶσαν
2513 2828 2765 2900 ἡγεῖσθαι
2802 2827 3019 2900 τρυφὴν
3058 2829 3160 2901 τὴν
3203 2827 3300 2882 τοῦ
3356 2828 3531 2899 μάννα
3568 2844 3743 2900 χορη-

2144 2918 2292 2988 γίαν,
2327 2921 2355 2975 ὅ
2381 2920 2529 2973 ἐστιν
2564 2920 2725 2992 ἄρτος
2760 2921 3009 2990 ἀγγέλων
3038 2920 3251 2994 νοητὸς,
3276 2921 3373 2975 καὶ
3409 2919 3582 2986 τύπος
3608 2920 3747 2991 γλυ-

2146 3008 2379 3080 κύτητος
2426 3010 2525 3081 τῆς
2566 3010 2655 3065 διὰ
2704 3009 2799 3064 τοῦ
2842 3011 3180 3085 Πνεύματος,
3231 3012 3332 3069 οὐκ
3381 3012 3448 3068 ἂν
3483 3011 3745 3068 ἐτέλεσαν

2147 3096 2443 3169 ἐπιθυμίαν
2496 3098 2719 3166 σαρκὸς,
2763 3099 2874 3154 οὐδ’
2909 3099 2981 3156 ἂν
3030 3103 3089 3172 ἐξ
3127 3103 3298 3174 αὐτῆς
3334 3102 3590 3176 ἐθέρισαν
3632 3105 3738 3176 τὴν

2148 3189 2376 3262 φθοράν.
2418 3209 2438 3241 ι
2497 3191 2908 3264 Ἐπισημὸτατα
2938 3193 2996 3247 δὲ
3041 3192 3135 3250 τοῦ
3167 3194 3299 3248 λαοῦ
3338 3195 3407 3250 τὰ
3439 3196 3739 3268 μνήματα·

2146 3282 2264 3338 ἐκεῖ
2292 3281 2425 3354 γὰρ,
2470 3283 2656 3354 φησὶν,
2705 3282 2911 3355 ἔθαψαν
2943 3283 3033 3338 τὸν
3077 3284 3208 3340 λαὸν
3249 3286 3339 3341 τὸν
3369 3287 3741 3360 ἐπιθυμητὴν,

2147 3371 2294 3425 κατά
2322 3372 2383 3426 τὺ
2406 3416 2422 3440 ,
2472 3394 2490 3426 ι
2532 3373 2789 3430 Ἔσονται
2825 3377 2906 3439 είς
2952 3376 3144 3450 ὅρασιν
3194 3377 3343 3450 πάσῃ
3387 3380 3568 3451 σαρκί⁸
3596 3399 3615 3433 ι
3646 3382 3744 3437 καὶ

2145 3461 2274 3525 λαὸς
2305 3462 2652 3537 ἐπιθυμητὴς
2698 3467 2727 3519 ὁ
2779 3468 2964 3520 ἐκεῖνα
3010 3465 3202 3522 παθὼν
3230 3469 3571 3540 ὠνόμασται,
3618 3469 3741 3525 κατ’

2146 3556 2326 3612 έκεῖνο
2368 3551 2523 3629 οἶμαί
2576 3575 2679 3613 που
2724 3559 2786 3614 τὸ
2814 3560 2940 3632 περί
2985 3578 3144 3616 τινων
3173 3564 3479 3635 εἰρημένον·
3518 3583 3538 3616 ι
3564 3557 3664 3619 Ὧν
3707 3566 3743 3637 ἠ

2144 3649 2270 3716 δόξα
2300 3651 2359 3703 ὲν
2386 3652 2453 3722 τῇ
2483 3651 2717 3725 αἰσχύνῃ
2745 3652 2946 3706 αὐτῶν·
2980 3672 3000 3705 ι
3038 3653 3148 3708 ἀπὸ
3176 3653 3285 3726 γὰρ
3314 3655 3410 3725 τῆς
3444 3656 3739 3726 ἁμαρτίας,

2145 3742 2180 3812 ἡ
2206 3740 2427 3811 κλῆσις·
2452 3743 2549 3797 καὶ
2574 3743 2931 3817 ἀτελεύτητος
2950 3744 3295 3818 ἐπεγράφετο
3315 3748 3429 3810 τοῖς
3448 3746 3745 3803 τεθνεῶσιν

2148 3831 2385 3903 οἰκτρῶς
2421 3832 2450 3885 ὁ
2498 3832 2593 3887 ἐπὶ
2637 3835 2754 3897 ταῖς
2807 3833 3120 3907 ἀνανδρίαις
3165 3835 3505 3907 ὀνειδισμὸς,
3548 3838 3648 3891 καὶ
3682 3838 3745 3904 ἐξ

2152 3915 2227 3978 ὧν
2263 3923 2730 3994 κατεγινώσκοντο
2756 3926 2817 3981 τὸ
2836 3927 2998 4000 ὲπίση
3007 3945 3126 4000 μον.

455 4013 671 4084 piterna
702 4012 932 4086 ignavia:
962 4012 1340 4091 exprobratio,
1371 4020 1429 4073 et
1460 4029 1651 4075 earum
1683 4031 1868 4072 rerum
1925 4026 2079 4084 nata,
2110 4034 2179 4079 ex
2218 4020 2423 4091 quibus
2467 4020 2957 4090 oondemnabatur,
2997 4039 3100 4096 pro
3142 4024 3305 4086 titulo
3370 4026 3610 4098 quodam
3653 4027 3744 4084 in~

453 4108 680 4179 scripta.

523 4195 721 4252 PALL.
748 4196 830 4254 Ita
859 4205 970 4256 est.
1452 4252 1469 4267 ς

522 4288 680 4349 CYR.
723 4290 795 4346 lis
837 4291 1025 4361 igitur,
1069 4292 1162 4362 qui
1199 4309 1387 4351 revera
1413 4295 1671 4369 discipuli
1704 4314 1827 4355 esse
1849 4300 2044 4368 velint,

451 4395 802 4449 summopere
827 4380 1047 4438 vitanda
1068 4391 1154 4437 cst
1176 4384 1268 4439 illa
1289 4384 1345 4441 in
1366 4386 1656 4443 laboribus
1679 4388 2043 4459 impatientia,

2223 4206 2436 4262 nam.
2490 4208 2735 4280 amca.

2224 4298 2392 4355 ΚΥΡ.
2432 4300 2642 4355 οὐκοῦν
2681 4303 2764 4355 ὅτι
2810 4301 3075 4373 μάλιστα⁴
3103 4305 3474 4379 παραιτητέον
3520 4308 3635 4372 τοῖς
3677 4324 3745 4376 γε

2148 4391 2367 4464 ἀληθῶς
2416 4392 2736 4465 φιλομαθεῖν
2776 4396 3095 4467 ᾑρημένοις,
3130 4397 3193 4452 τό
3234 4414 3300 4468 γε
3327 4398 3640 4470 ἀτληπαθὲς
3683 4402 3747 4453 ἐν

451 4480 510 4527 et
526 4471 680 4527 iners
701 4474 1086 4541 murmuratio,
1110 4485 1168 4531 et
1192 4476 1406 4548 ingrata
1426 4478 1557 4534 vani
1582 4481 1858 4537 sermonis
1873 4484 2040 4554 jacta-

2150 4484 2357 4550 πόνοις,
2390 4486 2483 4541 καὶ
2508 4485 2822 4558 γογγυσμὸν
2851 4487 3081 4560 ἀδρανῆ,
3102 4490 3198 4543 καὶ
3223 4491 3515 4564 ἀχάριστον
3540 4493 3749 4548 εἰκαιο-

454 4562 553 4629 tio,
577 4569 655 4628 et,
695 4563 844 4634 quod
882 4565 1054 4637 magis
1088 4582 1253 4637 quam
1295 4574 1494 4625 caetera
1520 4569 1793 4627 nefarium
1820 4582 1927 4639 est,
1952 4590 2040 4630 ca-

454 4653 688 4680 .......a.....
740 4670 809 4680 ...Α
870 4656 1281 4680 ε----ε..-...-..ι-
1337 4667 1651 4680 ---_-.___.._-_
1699 4675 1750 4680 _-
1806 4677 1912 4680 ,μμ
1993 4663 2034 4680 ιι

2157 4575 2377 4647 μυθίαν,
2412 4577 2507 4636 καὶ
2539 4577 2601 4632 τό
2624 4594 2687 4647 γε
2716 4578 2824 4632 τῶν
2861 4578 3038 4634 ἄλλων
3067 4562 3427 4655 ἀνοσιώτερόν
3458 4601 3594 4648 πως,
3630 4583 3747 4638 τῶν

452 4653 691 4710 vendum
740 4670 812 4710 ne
869 4656 1288 4727 inquinamenta
1332 4667 1653 4729 expetamus
1692 4675 1758 4716 ea
1797 4677 1920 4732 quae
1974 4663 2040 4720 de

2151 4672 2218 4727 ὲκ
2246 4667 2581 4740 φαυλότητος
2608 4671 2703 4725 καὶ
2747 4670 3104 4744 φιλοσαρκίας
3135 4653 3385 4743 ἐφίεσθαι
3426 4674 3743 4748 μολυσμῶν.

452 4745 718 4816 nequitia,
752 4754 811 4801 et
839 4747 1023 4803 carnis
1043 4747 1441 4820 cupiditatibus
1466 4749 1909 4821 proﬁciscuntur.
1937 4753 2040 4824 Qui

2162 4760 2623 4835 Ἐπαμφοτερίζει
2655 4762 2764 4836 γὰρ
2792 4766 2822 4819 ὁ
2848 4765 3108 4834 τοιοῦτος,
3137 4769 3231 4823 καὶ⁵
3249 4768 3348 4841 τὴν
3379 4769 3481 4841 τῆς
3500 4745 3746 4835 διανοίας

450 4838 599 4893 enim
635 4837 716 4893 sic
739 4838 973 4896 affectus
1003 4848 1108 4906 est,
1146 4841 1366 4896 vacillat
1394 4841 1451 4896 in
1482 4850 1771 4916 utramque
1803 4855 2040 4917 partem,

2155 4854 2306 4924 ἰγνὺν
2322 4854 2667 4926 χωλεύουσαν
2684 4855 2797 4929 ἔχει
2821 4855 2921 4929 (l).
2954 4857 3270 4931 Γέγραπται
3284 4837 3414 4933 γὰρ,
3435 4837 3528 4917 ⁷ς’ζοτι
3559 4880 3578 4913 ι
3601 4863 3746 4921 Οὐαὶ

449 4936 507 4985 ct
546 4930 775 4987 rationis
807 4930 973 4987 tibias
1011 4931 1391 4988 claudicantes
1429 4933 1616 4994 habet.
1651 4935 1928 5009 Scriptum
1957 4948 2040 4998 cst

2150 4945 2403 5017 καρδίαις
2422 4945 2645 5014 δειλαῖς,
2685 4948 2784 5002 καὶ
2810 4951 2969 5021 χερσὶ
3011 4930 3394 5027 παρειμέναις,
3417 4955 3512 5009 καὶ
3555 4955 3745 5028 ἁμαρ-

450 5019 599 5076 cnim
628 5038 641 5074 :
674 5040 693 5072 ι
726 5022 818 5078 Vae
842 5022 1105 5079 cordibus
1133 5022 1360 5091 timidis,
1386 5034 1443 5082 et
1463 5027 1715 5088 manibus
1737 5030 2040 5101 dissolutis,

2147 5036 2308 5108 τωλῷ
2340 5037 2678 5096 ἐπιϐαίνοντι
2698 5041 2791 5096 ἐπὶ
2812 5019 2913 5097 δύο
2936 5019 3197 5115 τρίϐους..
3216 5065 3234 5099 ι
3264 5047 3473 5119 Χρῆναι
3502 5047 3559 5102 δὲ
3585 5019 3746 5120 οἶμαι

451 5118 509 5165 ct
529 5111 808 5181 peccatori
832 5112 1165 5185 ingredienti
1189 5128 1288 5185 per
1308 5114 1446 5172 duas
1464 5119 1689 5175 semitas
1714 5123 1790 5182 "1
1825 5142 1845 5174 ι
1872 5123 2040 5197 Opor-

2147 5127 2210 5181 τὸ
2238 5127 2512 5199 τληπαθὲς
2550 5131 2644 5185 καὶ
2690 5133 2752 5185 τὸ
2794 5111 3062 5207 καρτερὸν
3100 5138 3181 5200 είς
3214 5111 3494 5211 ὑπομονὴν
3537 5111 3746 5203 παντὸς

454 5211 532 5258 tct
554 5211 738 5259 autem
760 5220 881 5261 mea
901 5205 1124 5275 quidem
1152 5209 1448 5279 sententia,
1470 5211 1802 5284 patientiam
1831 5225 1889 5273 ct
1917 5233 2040 5273 sus-

2149 5218 2439 5285 ἀξιοῦντας
2490 5222 2652 5293 λόγου
2700 5205 3106 5299 διαμεμνῆσθαι
3156 5205 3406 5298 λέγοντος
3440 5205 3551 5284 ¹τοῦ
3604 5232 3747 5303 Χρι-

455 5298 664 5354 tinendi
702 5298 1052 5354 tolerantiam
1092 5300 1150 5356 in
1186 5302 1439 5360 maximis
1474 5306 1641 5362 rebus
1666 5319 2040 5375 numerantes,

2151 5313 2300 5367 στοῦ·
2339 5335 2357 5366 ι
2393 5314 2464 5369 Εἴ
2488 5334 2572 5380 τις
2597 5315 2739 5370 θέλει
2763 5317 2938 5372 ὀπίσω
2965 5298 3066 5390 μου
3100 5320 3296 5385 ἐλθεῖν,
3329 5298 3746 5395 ἀπαρνησάσθω

453 5387 773 5443 meminisse
796 5386 1002 5443 Christi
1041 5388 1277 5449 dicentis
1304 5411 1318 5448 :
1351 5413 1371 5447 ι
1408 5394 1465 5451 Si
1501 5398 1626 5467 quis
1658 5400 1776 5456 vult
1801 5407 1927 5469 post
1955 5416 2040 5457 me

2149 5406 2365 5473 ἑαυτὸν,
2386 5409 2478 5462 καὶ
2497 5408 2686 5481 ἀράτω
2700 5409 2793 5462 τὸν
2807 5411 3040 5482 σταυρὸν
3056 5413 3244 5480 αὐτοῦ,
3263 5414 3360 5471 καὶ
3374 5413 3742 5469 ἀκολουθείτω

526 5520 569 5552 ’θ
597 5520 837 5610 1591.13,}...
868 5522 1079 5610 28..”"
1111 5525 1286 5586 Galat.
1322 5546 1395 5596 γι,
1437 5530 1489 5586 8.
1568 5533 1613 5568 ⁸⁸
1649 5532 1827 5588 Galnt.
1864 5550 1915 5599 γ,
1949 5535 2034 5590 l6.

2144 5538 2159 5566 '
2194 5539 2357 5596 Num.
2396 5558 2457 5607 ιι,
2499 5544 2552 5610 ιι,
2580 5544 2633 5600 9.

526 5543 568 5552 -ν
598 5543 760 5575 num.
796 5543 837 5608 ι,
868 5543 957 5578 zu.
1038 5543 1073 5558 ·’
1111 5543 1286 5586 halat.
1322 5546 1395 5596 γι,
1437 5543 1489 5586 δ.
1568 5543 1613 5568 ³⁸
1649 5543 1827 5588 ualet.
1864 5550 1915 5599 γ,
1949 5543 2034 5590 lli.
2117 5543 2159 5568 "
2194 5543 2357 5596 Num.
2396 5558 2457 5607 ιι,
2499 5544 2552 5610 ιι,
2580 5544 2633 5600 9.
2739 5544 2787 5576 ’θ
2812 5543 2916 5601 Isa.
2976 5562 3117 5615 val,
3142 5548 3232 5603 2i.
3313 5551 3357 5584 ἰ
3381 5552 3621 5625 Philipp.
3653 5571 3736 5622 ιιι,

452 5589 542 5646 l9.
620 5591 1054 5660 "Ecclt.u,l5.

518 5707 1046 5811 $2.2..S‘£,E2d-..Y:E
1076 5717 1195 5773 Νοη
1218 5717 1755 5811 ιῑτξιέιιιξηέίειίφίις
1771 5731 1866 5811 ,εει
1884 5725 2039 5811 sive“

2144 5727 2445 5811 χψλανεζτε
2486 5733 2574 5811 ἐπέ
2603 5735 2945 5811 ἀμφοτέραις
2992 5742 3221 5811 ἰγνύαις.
3255 5744 3364 5801 Sed
3394 5746 3569 5805 codex
3612 5749 3732 5809 Sir.

447 5780 653 5855 legitur
692 5780 835 5841 libro
876 5786 945 5846 lll
970 5787 1200 5862 Regum,
1236 5804 1356 5864 cap.
1391 5805 1539 5849 XVIII.
1579 5791 1688 5857 ἕως
1720 5793 1848 5850 πότε
1877 5780 2034 5869 ὑμεῖς

2148 5780 2179 5796 ι,
2251 5780 2435 5783 κτηνη-
2488 5780 2562 5787 -η
2605 5780 2942 5811 vrri-"qu"!
2992 5780 3035 5811 θι
3057 5780 3221 5808 νυνι-9·
3255 5780 3364 5801 υευ
3394 5780 3530 5804 ιυυυ

2144 5797 2238 5857 leti
2283 5799 2524 5860 habebat
2554 5806 2726 5881 ίσχήν.
2757 5808 2919 5869 Certe
2947 5813 3113 5889 ἰσχίον
3144 5830 3274 5874 coxa
3312 5817 3535 5881 dicitur.
