  <div class='ocr_page' id='page_1' title='image "/cluster/home/n/w/nwhite01/storage/ocr_20150623/68:no.1/coo.31924054869742/204.png"; bbox 0 0 4096 6464; ppageno 0'>
   <div class='ocr_carea' id='block_1_1' title="bbox 367 369 485 426">
    <p class='ocr_par' dir='ltr' id='par_1_1' title="bbox 367 369 485 426">
     <span class='ocr_line' id='line_1_1' title="bbox 367 369 485 426; baseline 0.017 -2"><span class='ocrx_word' id='word_1_1' title='bbox 367 369 485 426; x_wconf 74' lang='lat'><strong>393</strong></span> 
     </span>
    </p>
   </div>
   <div class='ocr_carea' id='block_1_2' title="bbox 1124 360 2943 424">
    <p class='ocr_par' dir='ltr' id='par_1_2' title="bbox 1124 360 2943 424">
     <span class='ocr_line' id='line_1_2' title="bbox 1124 360 2943 424; baseline -0.002 -1"><span class='ocrx_word' id='word_1_2' title='bbox 1124 367 1214 423; x_wconf 89' lang='lat' dir='ltr'><strong>DE</strong></span> <span class='ocrx_word' id='word_1_3' title='bbox 1248 362 1700 423; x_wconf 75' lang='lat' dir='ltr'><strong>ADORATIONE</strong></span> <span class='ocrx_word' id='word_1_4' title='bbox 1734 361 1805 419; x_wconf 87' lang='lat' dir='ltr'><strong>IN</strong></span> <span class='ocrx_word' id='word_1_5' title='bbox 1846 361 2120 421; x_wconf 74' lang='lat' dir='ltr'><strong>SPIRITU</strong></span> <span class='ocrx_word' id='word_1_6' title='bbox 2159 360 2249 421; x_wconf 83' lang='lat' dir='ltr'><strong>ET</strong></span> <span class='ocrx_word' id='word_1_7' title='bbox 2289 365 2663 424; x_wconf 73' lang='lat' dir='ltr'><strong>VERITATE.</strong></span> <span class='ocrx_word' id='word_1_8' title='bbox 2704 366 2834 424; x_wconf 86' lang='lat' dir='ltr'><strong>LIB.</strong></span> <span class='ocrx_word' id='word_1_9' title='bbox 2878 367 2943 420; x_wconf 75' lang='grc' dir='ltr'>ν.</span> 
     </span>
    </p>
   </div>
   <div class='ocr_carea' id='block_1_3' title="bbox 3571 362 3676 419">
    <p class='ocr_par' dir='ltr' id='par_1_3' title="bbox 3571 362 3676 419">
     <span class='ocr_line' id='line_1_3' title="bbox 3571 362 3676 419; baseline -0.01 0"><span class='ocrx_word' id='word_1_10' title='bbox 3571 362 3676 419; x_wconf 64' lang='grc'><strong>594</strong></span> 
     </span>
    </p>
   </div>
   <div class='ocr_carea' id='block_1_4' title="bbox 372 472 1977 553">
    <p class='ocr_par' dir='ltr' id='par_1_4' title="bbox 372 472 1976 553">
     <span class='ocr_line' id='line_1_4' title="bbox 372 472 1976 553; baseline 0.009 -21"><span class='ocrx_word' id='word_1_11' title='bbox 372 500 494 553; x_wconf 72' lang='grc' dir='ltr'>μοι,</span> <span class='ocrx_word' id='word_1_12' title='bbox 530 500 553 534; x_wconf 71' lang='grc' dir='ltr'><strong>ο</strong></span> <span class='ocrx_word' id='word_1_13' title='bbox 586 483 888 551; x_wconf 76' lang='grc' dir='ltr'>τουτέστιν,</span> <span class='ocrx_word' id='word_1_14' title='bbox 912 480 981 534; x_wconf 72' lang='lat' dir='ltr'><strong>Et</strong></span> <span class='ocrx_word' id='word_1_15' title='bbox 1006 480 1070 551; x_wconf 82' lang='grc' dir='ltr'>δὴ</span> <span class='ocrx_word' id='word_1_16' title='bbox 1098 479 1345 549; x_wconf 77' lang='grc' dir='ltr'>βούλοιτό</span> <span class='ocrx_word' id='word_1_17' title='bbox 1367 496 1452 543; x_wconf 89' lang='grc' dir='ltr'><strong>τις</strong></span> <span class='ocrx_word' id='word_1_18' title='bbox 1480 477 1608 549; x_wconf 66' lang='grc' dir='ltr'>ἐμὸς</span> <span class='ocrx_word' id='word_1_19' title='bbox 1632 472 1771 530; x_wconf 70' lang='grc' dir='ltr'><strong>εἶναι</strong></span> <span class='ocrx_word' id='word_1_20' title='bbox 1802 476 1976 547; x_wconf 82' lang='grc' dir='ltr'>μαθη-</span> 
     </span>
    </p>
   </div>
   <div class='ocr_carea' id='block_1_5' title="bbox 2078 472 3677 553">
    <p class='ocr_par' dir='ltr' id='par_1_5' title="bbox 2079 474 3677 552">
     <span class='ocr_line' id='line_1_5' title="bbox 2079 474 3677 552; baseline -0.002 -20"><span class='ocrx_word' id='word_1_21' title='bbox 2079 478 2291 545; x_wconf 88' lang='lat' dir='ltr'><strong>venire,</strong></span> <span class='ocrx_word' id='word_1_22' title='bbox 2322 480 2479 552; x_wconf 79' lang='lat'><strong>163</strong></span> <span class='ocrx_word' id='word_1_23' title='bbox 2506 480 2742 551; x_wconf 77' lang='lat' dir='ltr'><strong>abneget</strong></span> <span class='ocrx_word' id='word_1_24' title='bbox 2770 477 3153 547; x_wconf 76' lang='lat' dir='ltr'><strong>semetipsum,</strong></span> <span class='ocrx_word' id='word_1_25' title='bbox 3188 484 3244 532; x_wconf 90' lang='lat' dir='ltr'><strong>et</strong></span> <span class='ocrx_word' id='word_1_26' title='bbox 3272 474 3429 530; x_wconf 87' lang='lat' dir='ltr'><strong>tollat</strong></span> <span class='ocrx_word' id='word_1_27' title='bbox 3452 488 3677 529; x_wconf 82' lang='lat' dir='ltr'><strong>crucem</strong></span> 
     </span>
    </p>
   </div>
   <div class='ocr_carea' id='block_1_6' title="bbox 368 568 1975 644">
    <p class='ocr_par' dir='ltr' id='par_1_6' title="bbox 368 568 1975 644">
     <span class='ocr_line' id='line_1_6' title="bbox 368 568 1975 644; baseline -0.003 -18"><span class='ocrx_word' id='word_1_28' title='bbox 368 574 497 644; x_wconf 78' lang='grc' dir='ltr'>τὴς.</span> <span class='ocrx_word' id='word_1_29' title='bbox 528 574 617 627; x_wconf 69' lang='grc' dir='ltr'>διὰ</span> <span class='ocrx_word' id='word_1_30' title='bbox 632 573 742 627; x_wconf 84' lang='grc' dir='ltr'><strong>τῶν</strong></span> <span class='ocrx_word' id='word_1_31' title='bbox 764 572 900 627; x_wconf 75' lang='grc' dir='ltr'>ἴσων</span> <span class='ocrx_word' id='word_1_32' title='bbox 920 573 1049 644; x_wconf 80' lang='grc' dir='ltr'>’ἐμοὶ</span> <span class='ocrx_word' id='word_1_33' title='bbox 1070 570 1219 644; x_wconf 79' lang='grc' dir='ltr'>παθη</span> <span class='ocrx_word' id='word_1_34' title='bbox 1228 573 1417 644; x_wconf 89' lang='grc' dir='ltr'>μάτων</span> <span class='ocrx_word' id='word_1_35' title='bbox 1438 571 1623 642; x_wconf 82' lang='grc' dir='ltr'>ήκέτω</span> <span class='ocrx_word' id='word_1_36' title='bbox 1651 568 1975 642; x_wconf 78' lang='grc' dir='ltr'><strong>προθύμως,</strong></span> 
     </span>
    </p>
   </div>
   <div class='ocr_carea' id='block_1_7' title="bbox 367 662 1976 737">
    <p class='ocr_par' dir='ltr' id='par_1_7' title="bbox 367 662 1976 737">
     <span class='ocr_line' id='line_1_7' title="bbox 367 662 1976 737; baseline -0.002 -18"><span class='ocrx_word' id='word_1_37' title='bbox 367 666 468 719; x_wconf 67' lang='grc' dir='ltr'>καὶ</span> <span class='ocrx_word' id='word_1_38' title='bbox 506 666 674 719; x_wconf 72' lang='grc' dir='ltr'>οἱονεὶ</span> <span class='ocrx_word' id='word_1_39' title='bbox 724 666 824 737; x_wconf 81' lang='grc' dir='ltr'><strong>τὴν</strong></span> <span class='ocrx_word' id='word_1_40' title='bbox 863 664 1035 737; x_wconf 82' lang='grc' dir='ltr'>αὐτὴν</span> <span class='ocrx_word' id='word_1_41' title='bbox 1079 665 1178 719; x_wconf 74' lang='grc' dir='ltr'><strong>ἴτω</strong></span> <span class='ocrx_word' id='word_1_42' title='bbox 1214 681 1275 718; x_wconf 88' lang='grc' dir='ltr'><strong>τε</strong></span> <span class='ocrx_word' id='word_1_43' title='bbox 1315 665 1411 718; x_wconf 72' lang='grc' dir='ltr'><strong>καὶ</strong></span> <span class='ocrx_word' id='word_1_44' title='bbox 1444 663 1715 733; x_wconf 82' lang='grc' dir='ltr'><strong>ἀγαπάτω</strong></span> <span class='ocrx_word' id='word_1_45' title='bbox 1756 662 1976 735; x_wconf 79' lang='grc' dir='ltr'>τρίϐονο</span> 
     </span>
    </p>
   </div>
   <div class='ocr_carea' id='block_1_8' title="bbox 370 752 1979 828">
    <p class='ocr_par' dir='ltr' id='par_1_8' title="bbox 370 752 1979 828">
     <span class='ocr_line' id='line_1_8' title="bbox 370 752 1979 828; baseline -0.001 -19"><span class='ocrx_word' id='word_1_46' title='bbox 370 756 860 811; x_wconf 81' lang='grc' dir='ltr'>συναναπαύσεται</span> <span class='ocrx_word' id='word_1_47' title='bbox 889 757 999 828; x_wconf 78' lang='grc' dir='ltr'><strong>γὰρ</strong></span> <span class='ocrx_word' id='word_1_48' title='bbox 1023 752 1181 820; x_wconf 77' lang='grc' dir='ltr'>οὗτος</span> <span class='ocrx_word' id='word_1_49' title='bbox 1208 756 1301 810; x_wconf 75' lang='grc' dir='ltr'><strong>καὶ</strong></span> <span class='ocrx_word' id='word_1_50' title='bbox 1327 756 1779 828; x_wconf 81' lang='grc' dir='ltr'>συνδιαιτήσεται.</span> <span class='ocrx_word' id='word_1_51' title='bbox 1808 754 1979 808; x_wconf 87' lang='grc' dir='ltr'>Τοῦτο</span> 
     </span>
    </p>
   </div>
   <div class='ocr_carea' id='block_1_9' title="bbox 371 846 1975 920">
    <p class='ocr_par' dir='ltr' id='par_1_9' title="bbox 371 846 1975 920">
     <span class='ocr_line' id='line_1_9' title="bbox 371 846 1975 920; baseline 0.001 -21"><span class='ocrx_word' id='word_1_52' title='bbox 371 848 425 900; x_wconf 77' lang='grc' dir='ltr'>δὲ</span> <span class='ocrx_word' id='word_1_53' title='bbox 467 850 609 918; x_wconf 79' lang='grc' dir='ltr'>ἡμῖν</span> <span class='ocrx_word' id='word_1_54' title='bbox 659 849 824 913; x_wconf 79' lang='grc' dir='ltr'>αὐτὸς</span> <span class='ocrx_word' id='word_1_55' title='bbox 872 846 1055 920; x_wconf 78' lang='grc' dir='ltr'><strong>ἐζήτεί</strong></span> <span class='ocrx_word' id='word_1_56' title='bbox 1098 847 1253 919; x_wconf 87' lang='grc' dir='ltr'><strong>παρά</strong></span> <span class='ocrx_word' id='word_1_57' title='bbox 1286 847 1381 901; x_wconf 86' lang='grc' dir='ltr'><strong>τοῦ</strong></span> <span class='ocrx_word' id='word_1_58' title='bbox 1425 846 1562 901; x_wconf 89' lang='grc' dir='ltr'>Θεοῦ</span> <span class='ocrx_word' id='word_1_59' title='bbox 1602 847 1697 901; x_wconf 82' lang='grc' dir='ltr'>καὶ</span> <span class='ocrx_word' id='word_1_60' title='bbox 1741 848 1975 919; x_wconf 81' lang='grc' dir='ltr'>Πατρὺς,</span> 
     </span>
    </p>
   </div>
   <div class='ocr_carea' id='block_1_10' title="bbox 373 939 1980 1012">
    <p class='ocr_par' dir='ltr' id='par_1_10' title="bbox 373 939 1980 1012">
     <span class='ocr_line' id='line_1_10' title="bbox 373 939 1980 1012; baseline 0 -19"><span class='ocrx_word' id='word_1_61' title='bbox 373 941 584 1007; x_wconf 76' lang='grc' dir='ltr'>λέγων·</span> <span class='ocrx_word' id='word_1_62' title='bbox 648 959 667 993; x_wconf 81' lang='grc' dir='ltr'><strong>ι</strong></span> <span class='ocrx_word' id='word_1_63' title='bbox 703 942 853 995; x_wconf 87' lang='grc' dir='ltr'>Θέλω</span> <span class='ocrx_word' id='word_1_64' title='bbox 904 941 993 994; x_wconf 75' lang='grc' dir='ltr'><strong>ἵνα</strong></span> <span class='ocrx_word' id='word_1_65' title='bbox 1039 942 1174 996; x_wconf 85' lang='grc' dir='ltr'>ὅπου</span> <span class='ocrx_word' id='word_1_66' title='bbox 1206 940 1325 1012; x_wconf 77' lang='grc' dir='ltr'>είμὶ</span> <span class='ocrx_word' id='word_1_67' title='bbox 1365 939 1498 1009; x_wconf 85' lang='grc' dir='ltr'>ἐγὼ,</span> <span class='ocrx_word' id='word_1_68' title='bbox 1539 940 1657 994; x_wconf 83' lang='grc' dir='ltr'>ἐκεῖ</span> <span class='ocrx_word' id='word_1_69' title='bbox 1696 940 1791 994; x_wconf 73' lang='grc' dir='ltr'><strong>καὶ</strong></span> <span class='ocrx_word' id='word_1_70' title='bbox 1822 941 1980 994; x_wconf 75' lang='grc' dir='ltr'>αὐτοὶ</span> 
     </span>
    </p>
   </div>
   <div class='ocr_carea' id='block_1_11' title="bbox 372 1024 1977 1106">
    <p class='ocr_par' dir='ltr' id='par_1_11' title="bbox 372 1024 1977 1106">
     <span class='ocr_line' id='line_1_11' title="bbox 372 1024 1977 1106; baseline -0.002 -20"><span class='ocrx_word' id='word_1_71' title='bbox 372 1034 496 1103; x_wconf 87' lang='grc' dir='ltr'>μετ’</span> <span class='ocrx_word' id='word_1_72' title='bbox 534 1033 674 1104; x_wconf 87' lang='grc' dir='ltr'>ἐμοῦ</span> <span class='ocrx_word' id='word_1_73' title='bbox 706 1028 831 1088; x_wconf 76' lang='grc' dir='ltr'>ὦσι.</span> <span class='ocrx_word' id='word_1_74' title='bbox 873 1051 891 1087; x_wconf 75' lang='grc' dir='ltr'><strong>ι</strong></span> <span class='ocrx_word' id='word_1_75' title='bbox 944 1034 1054 1088; x_wconf 73' lang='lat' dir='ltr'><strong>Kal.</strong></span> <span class='ocrx_word' id='word_1_76' title='bbox 1086 1034 1289 1106; x_wconf 78' lang='grc' dir='ltr'><strong>ἑτέρως</strong></span> <span class='ocrx_word' id='word_1_77' title='bbox 1337 1034 1396 1088; x_wconf 86' lang='grc' dir='ltr'>δὲ</span> <span class='ocrx_word' id='word_1_78' title='bbox 1430 1024 1699 1103; x_wconf 75' lang='grc' dir='ltr'>σύνεσμεν</span> <span class='ocrx_word' id='word_1_79' title='bbox 1730 1032 1808 1104; x_wconf 82' lang='grc' dir='ltr'>τῷ</span> <span class='ocrx_word' id='word_1_80' title='bbox 1839 1033 1977 1103; x_wconf 82' lang='grc' dir='ltr'>Χριο</span> 
     </span>
    </p>
   </div>
   <div class='ocr_carea' id='block_1_12' title="bbox 371 1124 1979 1199">
    <p class='ocr_par' dir='ltr' id='par_1_12' title="bbox 371 1124 1979 1199">
     <span class='ocr_line' id='line_1_12' title="bbox 371 1124 1979 1199; baseline -0.001 -20"><span class='ocrx_word' id='word_1_81' title='bbox 371 1125 510 1196; x_wconf 84' lang='grc' dir='ltr'>στῷ,</span> <span class='ocrx_word' id='word_1_82' title='bbox 570 1126 1007 1199; x_wconf 79' lang='grc' dir='ltr'><strong>περιπατοῦντες</strong></span> <span class='ocrx_word' id='word_1_83' title='bbox 1048 1125 1149 1196; x_wconf 79' lang='grc' dir='ltr'><strong>μὲν</strong></span> <span class='ocrx_word' id='word_1_84' title='bbox 1191 1126 1287 1178; x_wconf 83' lang='grc' dir='ltr'>ἐπὶ</span> <span class='ocrx_word' id='word_1_85' title='bbox 1323 1124 1450 1196; x_wconf 74' lang='grc' dir='ltr'>γῆς,</span> <span class='ocrx_word' id='word_1_86' title='bbox 1478 1125 1665 1179; x_wconf 79' lang='grc' dir='ltr'>οὐκέτι</span> <span class='ocrx_word' id='word_1_87' title='bbox 1698 1124 1756 1178; x_wconf 83' lang='grc' dir='ltr'><strong>δέ</strong></span> <span class='ocrx_word' id='word_1_88' title='bbox 1783 1142 1979 1196; x_wconf 86' lang='grc' dir='ltr'>σαρκι-</span> 
     </span>
    </p>
   </div>
   <div class='ocr_carea' id='block_1_13' title="bbox 368 1217 1981 1290">
    <p class='ocr_par' dir='ltr' id='par_1_13' title="bbox 368 1217 1981 1290">
     <span class='ocr_line' id='line_1_13' title="bbox 368 1217 1981 1290; baseline -0.002 -17"><span class='ocrx_word' id='word_1_89' title='bbox 368 1221 513 1284; x_wconf 80' lang='grc' dir='ltr'>κῶς,</span> <span class='ocrx_word' id='word_1_90' title='bbox 566 1220 708 1274; x_wconf 81' lang='grc' dir='ltr'><strong>ἀλλά</strong></span> <span class='ocrx_word' id='word_1_91' title='bbox 755 1219 1145 1290; x_wconf 79' lang='grc' dir='ltr'><strong>πνευματικῶς</strong></span> <span class='ocrx_word' id='word_1_92' title='bbox 1190 1218 1621 1287; x_wconf 79' lang='grc' dir='ltr'>πολιτευόμενοι,</span> <span class='ocrx_word' id='word_1_93' title='bbox 1668 1217 1763 1271; x_wconf 74' lang='grc' dir='ltr'><strong>καὶ</strong></span> <span class='ocrx_word' id='word_1_94' title='bbox 1810 1218 1981 1271; x_wconf 82' lang='grc' dir='ltr'>κατά-</span> 
     </span>
    </p>
   </div>
   <div class='ocr_carea' id='block_1_14' title="bbox 262 1305 1979 1381">
    <p class='ocr_par' dir='ltr' id='par_1_14' title="bbox 262 1305 1979 1381">
     <span class='ocr_line' id='line_1_14' title="bbox 262 1305 1979 1381; baseline -0.002 -18"><span class='ocrx_word' id='word_1_95' title='bbox 262 1308 263 1311; x_wconf 51' lang='grc'><em>“</em></span> <span class='ocrx_word' id='word_1_96' title='bbox 369 1310 527 1381; x_wconf 85' lang='grc' dir='ltr'>λυμα</span> <span class='ocrx_word' id='word_1_97' title='bbox 556 1310 654 1363; x_wconf 73' lang='grc' dir='ltr'><strong>καὶ</strong></span> <span class='ocrx_word' id='word_1_98' title='bbox 683 1310 991 1363; x_wconf 73' lang='grc' dir='ltr'><strong>ἀνάπαυσιν</strong></span> <span class='ocrx_word' id='word_1_99' title='bbox 1036 1308 1312 1362; x_wconf 84' lang='grc' dir='ltr'>ποιεῖσθαι</span> <span class='ocrx_word' id='word_1_100' title='bbox 1347 1307 1772 1372; x_wconf 78' lang='grc' dir='ltr'>σπουδάζοντες,</span> <span class='ocrx_word' id='word_1_101' title='bbox 1802 1305 1863 1360; x_wconf 84' lang='grc' dir='ltr'><strong>τὸ</strong></span> <span class='ocrx_word' id='word_1_102' title='bbox 1890 1307 1979 1361; x_wconf 85' lang='grc' dir='ltr'>δο-</span> 
     </span>
    </p>
   </div>
   <div class='ocr_carea' id='block_1_15' title="bbox 371 1400 1982 1473">
    <p class='ocr_par' dir='ltr' id='par_1_15' title="bbox 371 1400 1982 1473">
     <span class='ocr_line' id='line_1_15' title="bbox 371 1400 1982 1473; baseline -0.002 -16"><span class='ocrx_word' id='word_1_103' title='bbox 371 1403 508 1458; x_wconf 85' lang='grc' dir='ltr'>κοῦν</span> <span class='ocrx_word' id='word_1_104' title='bbox 537 1402 711 1473; x_wconf 79' lang='grc' dir='ltr'>αὐτῷ.</span> <span class='ocrx_word' id='word_1_105' title='bbox 764 1404 952 1473; x_wconf 81' lang='grc' dir='ltr'><strong>Ἔχεις</strong></span> <span class='ocrx_word' id='word_1_106' title='bbox 1006 1401 1394 1473; x_wconf 81' lang='grc' dir='ltr'>γεγραμμένον</span> <span class='ocrx_word' id='word_1_107' title='bbox 1427 1402 1487 1456; x_wconf 83' lang='grc' dir='ltr'><strong>ἐν</strong></span> <span class='ocrx_word' id='word_1_108' title='bbox 1528 1404 1644 1466; x_wconf 85' lang='grc' dir='ltr'>τοῖς</span> <span class='ocrx_word' id='word_1_109' title='bbox 1699 1400 1982 1473; x_wconf 79' lang='grc' dir='ltr'>Ἀριθμοτς</span> 
     </span>
    </p>
   </div>
   <div class='ocr_carea' id='block_1_16' title="bbox 371 1488 1978 1567">
    <p class='ocr_par' dir='ltr' id='par_1_16' title="bbox 371 1488 1978 1567">
     <span class='ocr_line' id='line_1_16' title="bbox 371 1488 1978 1567; baseline -0.001 -19"><span class='ocrx_word' id='word_1_110' title='bbox 371 1496 471 1549; x_wconf 81' lang='grc' dir='ltr'><strong>τὸν</strong></span> <span class='ocrx_word' id='word_1_111' title='bbox 500 1496 596 1548; x_wconf 75' lang='grc' dir='ltr'><strong>ἐπὶ</strong></span> <span class='ocrx_word' id='word_1_112' title='bbox 616 1495 755 1567; x_wconf 81' lang='grc' dir='ltr'>τῷδε</span> <span class='ocrx_word' id='word_1_113' title='bbox 775 1494 975 1548; x_wconf 86' lang='grc' dir='ltr'>τύπον·</span> <span class='ocrx_word' id='word_1_114' title='bbox 1003 1514 1021 1547; x_wconf 81' lang='grc' dir='ltr'><strong>ι</strong></span> <span class='ocrx_word' id='word_1_115' title='bbox 1050 1496 1160 1548; x_wconf 74' lang='grc' dir='ltr'>Καὶ</span> <span class='ocrx_word' id='word_1_116' title='bbox 1182 1497 1249 1565; x_wconf 84' lang='grc' dir='ltr'>τῇ</span> <span class='ocrx_word' id='word_1_117' title='bbox 1285 1495 1490 1567; x_wconf 74' lang='grc' dir='ltr'>ἡμέρᾳ,</span> <span class='ocrx_word' id='word_1_118' title='bbox 1526 1514 1546 1547; x_wconf 74' lang='grc' dir='ltr'><strong>ι</strong></span> <span class='ocrx_word' id='word_1_119' title='bbox 1574 1494 1762 1565; x_wconf 75' lang='grc' dir='ltr'>φησὶν,</span> <span class='ocrx_word' id='word_1_120' title='bbox 1803 1513 1821 1544; x_wconf 75' lang='grc' dir='ltr'><strong>ι</strong></span> <span class='ocrx_word' id='word_1_121' title='bbox 1859 1495 1917 1546; x_wconf 89' lang='grc' dir='ltr'><strong>ἐν</strong></span> 
     </span>
    </p>
   </div>
   <div class='ocr_carea' id='block_1_17' title="bbox 372 1585 1979 1661">
    <p class='ocr_par' dir='ltr' id='par_1_17' title="bbox 372 1585 1979 1661">
     <span class='ocr_line' id='line_1_17' title="bbox 372 1585 1979 1661; baseline -0.002 -21"><span class='ocrx_word' id='word_1_122' title='bbox 372 1589 586 1661; x_wconf 77' lang='grc' dir='ltr'>ἐστάθη</span> <span class='ocrx_word' id='word_1_123' title='bbox 635 1591 670 1659; x_wconf 82' lang='grc' dir='ltr'><strong>ἡ</strong></span> <span class='ocrx_word' id='word_1_124' title='bbox 710 1588 907 1659; x_wconf 85' lang='grc' dir='ltr'>σκηνὴ,</span> <span class='ocrx_word' id='word_1_125' title='bbox 946 1587 1216 1658; x_wconf 63' lang='grc' dir='ltr'>ἐκάλυψεν</span> <span class='ocrx_word' id='word_1_126' title='bbox 1266 1590 1300 1660; x_wconf 76' lang='grc' dir='ltr'><strong>ἡ</strong></span> <span class='ocrx_word' id='word_1_127' title='bbox 1343 1587 1542 1659; x_wconf 82' lang='grc' dir='ltr'>νεφέλη</span> <span class='ocrx_word' id='word_1_128' title='bbox 1593 1585 1693 1658; x_wconf 78' lang='grc' dir='ltr'>τὴν</span> <span class='ocrx_word' id='word_1_129' title='bbox 1750 1586 1979 1657; x_wconf 85' lang='grc' dir='ltr'>σκηνὴν,</span> 
     </span>
    </p>
   </div>
   <div class='ocr_carea' id='block_1_18' title="bbox 370 1673 1980 1752">
    <p class='ocr_par' dir='ltr' id='par_1_18' title="bbox 370 1673 1980 1752">
     <span class='ocr_line' id='line_1_18' title="bbox 370 1673 1980 1752; baseline -0.001 -18"><span class='ocrx_word' id='word_1_130' title='bbox 370 1682 466 1734; x_wconf 83' lang='grc' dir='ltr'><strong>τὸν</strong></span> <span class='ocrx_word' id='word_1_131' title='bbox 490 1676 644 1734; x_wconf 87' lang='grc' dir='ltr'>οἷκον</span> <span class='ocrx_word' id='word_1_132' title='bbox 674 1678 772 1733; x_wconf 89' lang='grc' dir='ltr'><strong>τοῦ</strong></span> <span class='ocrx_word' id='word_1_133' title='bbox 808 1679 1137 1752; x_wconf 78' lang='grc' dir='ltr'>μαρτυρίου.</span> <span class='ocrx_word' id='word_1_134' title='bbox 1171 1679 1284 1735; x_wconf 75' lang='grc' dir='ltr'><strong>Καὶ</strong></span> <span class='ocrx_word' id='word_1_135' title='bbox 1312 1680 1376 1733; x_wconf 87' lang='grc' dir='ltr'><strong>τὸ</strong></span> <span class='ocrx_word' id='word_1_136' title='bbox 1407 1679 1648 1751; x_wconf 78' lang='grc' dir='ltr'>ἑσπέρας</span> <span class='ocrx_word' id='word_1_137' title='bbox 1667 1673 1736 1751; x_wconf 79' lang='grc' dir='ltr'>ἦν</span> <span class='ocrx_word' id='word_1_138' title='bbox 1762 1679 1856 1732; x_wconf 72' lang='grc' dir='ltr'>ἐπὶ</span> <span class='ocrx_word' id='word_1_139' title='bbox 1880 1677 1980 1747; x_wconf 72' lang='grc' dir='ltr'>τῆς</span> 
     </span>
    </p>
   </div>
   <div class='ocr_carea' id='block_1_19' title="bbox 379 1769 1976 1845">
    <p class='ocr_par' dir='ltr' id='par_1_19' title="bbox 379 1769 1976 1845">
     <span class='ocr_line' id='line_1_19' title="bbox 379 1769 1976 1845; baseline -0.002 -18"><span class='ocrx_word' id='word_1_140' title='bbox 379 1774 593 1845; x_wconf 78' lang='grc' dir='ltr'>σκηνῆς</span> <span class='ocrx_word' id='word_1_141' title='bbox 623 1773 700 1837; x_wconf 84' lang='grc' dir='ltr'>ὡς</span> <span class='ocrx_word' id='word_1_142' title='bbox 724 1769 866 1837; x_wconf 81' lang='grc' dir='ltr'>εἶδος</span> <span class='ocrx_word' id='word_1_143' title='bbox 889 1772 1061 1844; x_wconf 82' lang='grc' dir='ltr'>πυρὸς</span> <span class='ocrx_word' id='word_1_144' title='bbox 1089 1772 1195 1836; x_wconf 76' lang='grc' dir='ltr'><strong>ἓως</strong></span> <span class='ocrx_word' id='word_1_145' title='bbox 1219 1772 1365 1844; x_wconf 80' lang='grc' dir='ltr'>πρωϊ</span> <span class='ocrx_word' id='word_1_146' title='bbox 1385 1788 1399 1803; x_wconf 71' lang='grc'><strong><em>⁸</em></strong></span> <span class='ocrx_word' id='word_1_147' title='bbox 1430 1770 1605 1836; x_wconf 75' lang='grc' dir='ltr'>οὕτως</span> <span class='ocrx_word' id='word_1_148' title='bbox 1627 1770 1835 1841; x_wconf 87' lang='grc' dir='ltr'>ἐγίνετο</span> <span class='ocrx_word' id='word_1_149' title='bbox 1862 1772 1976 1825; x_wconf 77' lang='grc' dir='ltr'>δια-</span> 
     </span>
    </p>
   </div>
   <div class='ocr_carea' id='block_1_20' title="bbox 372 1849 2052 1938">
    <p class='ocr_par' dir='ltr' id='par_1_20' title="bbox 372 1849 2052 1938">
     <span class='ocr_line' id='line_1_20' title="bbox 372 1849 2052 1938; baseline -0.002 -17"><span class='ocrx_word' id='word_1_150' title='bbox 372 1868 622 1930; x_wconf 74' lang='grc' dir='ltr'>παντός·</span> <span class='ocrx_word' id='word_1_151' title='bbox 672 1869 708 1938; x_wconf 77' lang='grc' dir='ltr'><strong>ὴ</strong></span> <span class='ocrx_word' id='word_1_152' title='bbox 756 1865 958 1936; x_wconf 83' lang='grc' dir='ltr'>νεφέλη</span> <span class='ocrx_word' id='word_1_153' title='bbox 1004 1866 1314 1921; x_wconf 80' lang='grc' dir='ltr'>ἐκάλυπτεν</span> <span class='ocrx_word' id='word_1_154' title='bbox 1362 1864 1534 1936; x_wconf 80' lang='grc' dir='ltr'>αὐτὴν</span> <span class='ocrx_word' id='word_1_155' title='bbox 1591 1864 1825 1937; x_wconf 72' lang='grc' dir='ltr'>ἡμέρας,</span> <span class='ocrx_word' id='word_1_156' title='bbox 1883 1865 1978 1917; x_wconf 70' lang='grc' dir='ltr'>καὶ</span> <span class='ocrx_word' id='word_1_157' title='bbox 2009 1849 2052 1906; x_wconf 79' lang='grc' dir='ltr'><strong>Β</strong></span> 
     </span>
    </p>
   </div>
   <div class='ocr_carea' id='block_1_21' title="bbox 372 1956 1975 2031">
    <p class='ocr_par' dir='ltr' id='par_1_21' title="bbox 372 1956 1975 2031">
     <span class='ocr_line' id='line_1_21' title="bbox 372 1956 1975 2031; baseline -0.002 -18"><span class='ocrx_word' id='word_1_158' title='bbox 372 1956 521 2024; x_wconf 79' lang='grc' dir='ltr'>εῐδος</span> <span class='ocrx_word' id='word_1_159' title='bbox 554 1960 730 2031; x_wconf 77' lang='grc' dir='ltr'>πυρὸς</span> <span class='ocrx_word' id='word_1_160' title='bbox 761 1960 862 2030; x_wconf 82' lang='grc' dir='ltr'>τὴν</span> <span class='ocrx_word' id='word_1_161' title='bbox 906 1959 1098 2013; x_wconf 84' lang='grc' dir='ltr'>νύκτα.</span> <span class='ocrx_word' id='word_1_162' title='bbox 1148 1958 1259 2025; x_wconf 69' lang='grc' dir='ltr'>Καὶ</span> <span class='ocrx_word' id='word_1_163' title='bbox 1286 1958 1450 2031; x_wconf 79' lang='grc' dir='ltr'>ἡνίκα</span> <span class='ocrx_word' id='word_1_164' title='bbox 1486 1958 1655 2028; x_wconf 80' lang='grc' dir='ltr'>ἀνέϐη</span> <span class='ocrx_word' id='word_1_165' title='bbox 1687 1959 1720 2030; x_wconf 80' lang='grc' dir='ltr'>ὴ</span> <span class='ocrx_word' id='word_1_166' title='bbox 1775 1956 1975 2028; x_wconf 77' lang='grc' dir='ltr'>νεφέλη</span> 
     </span>
    </p>
   </div>
   <div class='ocr_carea' id='block_1_22' title="bbox 371 2049 1973 2123">
    <p class='ocr_par' dir='ltr' id='par_1_22' title="bbox 371 2049 1973 2123">
     <span class='ocr_line' id='line_1_22' title="bbox 371 2049 1973 2123; baseline -0.002 -18"><span class='ocrx_word' id='word_1_167' title='bbox 371 2050 487 2106; x_wconf 67' lang='grc' dir='ltr'>ἀπὶ</span> <span class='ocrx_word' id='word_1_168' title='bbox 512 2052 615 2123; x_wconf 82' lang='grc' dir='ltr'>τῆς</span> <span class='ocrx_word' id='word_1_169' title='bbox 642 2052 870 2123; x_wconf 82' lang='grc' dir='ltr'>σκηνῆς,</span> <span class='ocrx_word' id='word_1_170' title='bbox 899 2051 1037 2122; x_wconf 86' lang='grc' dir='ltr'>μετὰ</span> <span class='ocrx_word' id='word_1_171' title='bbox 1063 2049 1239 2105; x_wconf 90' lang='grc' dir='ltr'>ταῦτα</span> <span class='ocrx_word' id='word_1_172' title='bbox 1262 2050 1483 2120; x_wconf 78' lang='grc' dir='ltr'>ἀπῆραν</span> <span class='ocrx_word' id='word_1_173' title='bbox 1508 2049 1558 2103; x_wconf 79' lang='grc' dir='ltr'>οἱ</span> <span class='ocrx_word' id='word_1_174' title='bbox 1578 2050 1686 2103; x_wconf 71' lang='grc' dir='ltr'>υίοὶ</span> <span class='ocrx_word' id='word_1_175' title='bbox 1722 2049 1941 2120; x_wconf 82' lang='grc' dir='ltr'>Ἰσραήλ</span> <span class='ocrx_word' id='word_1_176' title='bbox 1961 2066 1973 2079; x_wconf 89' lang='grc'><strong>·</strong></span> 
     </span>
    </p>
   </div>
   <div class='ocr_carea' id='block_1_23' title="bbox 370 2139 1977 2215">
    <p class='ocr_par' dir='ltr' id='par_1_23' title="bbox 370 2139 1977 2215">
     <span class='ocr_line' id='line_1_23' title="bbox 370 2139 1977 2215; baseline -0.002 -16"><span class='ocrx_word' id='word_1_177' title='bbox 370 2144 471 2199; x_wconf 71' lang='grc' dir='ltr'>καὶ</span> <span class='ocrx_word' id='word_1_178' title='bbox 502 2145 563 2197; x_wconf 85' lang='grc' dir='ltr'><strong>ἐν</strong></span> <span class='ocrx_word' id='word_1_179' title='bbox 588 2142 665 2215; x_wconf 82' lang='grc' dir='ltr'><strong>τῷ</strong></span> <span class='ocrx_word' id='word_1_180' title='bbox 713 2144 866 2215; x_wconf 83' lang='grc' dir='ltr'>τόπῳ</span> <span class='ocrx_word' id='word_1_181' title='bbox 890 2139 951 2197; x_wconf 78' lang='grc' dir='ltr'><strong>οὗ</strong></span> <span class='ocrx_word' id='word_1_182' title='bbox 996 2143 1062 2197; x_wconf 85' lang='grc' dir='ltr'>ἂν</span> <span class='ocrx_word' id='word_1_183' title='bbox 1091 2142 1221 2214; x_wconf 82' lang='grc' dir='ltr'>ἔστη</span> <span class='ocrx_word' id='word_1_184' title='bbox 1268 2143 1302 2213; x_wconf 85' lang='grc' dir='ltr'>ὴ</span> <span class='ocrx_word' id='word_1_185' title='bbox 1348 2141 1582 2212; x_wconf 81' lang='grc' dir='ltr'>νεφέλη,</span> <span class='ocrx_word' id='word_1_186' title='bbox 1620 2142 1739 2195; x_wconf 85' lang='grc' dir='ltr'>ἐκεῖ</span> <span class='ocrx_word' id='word_1_187' title='bbox 1772 2159 1977 2214; x_wconf 84' lang='grc' dir='ltr'>παρεν-</span> 
     </span>
    </p>
   </div>
   <div class='ocr_carea' id='block_1_24' title="bbox 370 2235 1977 2309">
    <p class='ocr_par' dir='ltr' id='par_1_24' title="bbox 370 2235 1977 2309">
     <span class='ocr_line' id='line_1_24' title="bbox 370 2235 1977 2309; baseline -0.002 -17"><span class='ocrx_word' id='word_1_188' title='bbox 370 2239 574 2292; x_wconf 81' lang='grc' dir='ltr'>έϐαλον</span> <span class='ocrx_word' id='word_1_189' title='bbox 622 2240 671 2292; x_wconf 77' lang='grc' dir='ltr'><strong>οἱ</strong></span> <span class='ocrx_word' id='word_1_190' title='bbox 703 2238 808 2291; x_wconf 80' lang='grc' dir='ltr'>υίοὶ</span> <span class='ocrx_word' id='word_1_191' title='bbox 880 2237 1132 2309; x_wconf 79' lang='grc' dir='ltr'>ἰσραὴλο</span> <span class='ocrx_word' id='word_1_192' title='bbox 1186 2236 1274 2290; x_wconf 76' lang='grc' dir='ltr'>διὰ</span> <span class='ocrx_word' id='word_1_193' title='bbox 1309 2235 1734 2307; x_wconf 83' lang='grc' dir='ltr'>προστάγματος</span> <span class='ocrx_word' id='word_1_194' title='bbox 1768 2236 1977 2306; x_wconf 80' lang='grc' dir='ltr'>Κυρίου</span> 
     </span>
    </p>
   </div>
   <div class='ocr_carea' id='block_1_25' title="bbox 369 2328 1976 2403">
    <p class='ocr_par' dir='ltr' id='par_1_25' title="bbox 369 2328 1976 2403">
     <span class='ocr_line' id='line_1_25' title="bbox 369 2328 1976 2403; baseline -0.001 -18"><span class='ocrx_word' id='word_1_195' title='bbox 369 2330 828 2402; x_wconf 82' lang='grc' dir='ltr'>παρεμϐαλοῦσιν</span> <span class='ocrx_word' id='word_1_196' title='bbox 845 2331 895 2384; x_wconf 79' lang='grc' dir='ltr'>οἱ</span> <span class='ocrx_word' id='word_1_197' title='bbox 916 2330 1028 2383; x_wconf 72' lang='grc' dir='ltr'>υἱοὶ</span> <span class='ocrx_word' id='word_1_198' title='bbox 1062 2329 1301 2403; x_wconf 83' lang='grc' dir='ltr'>Ἰσραὴλ,</span> <span class='ocrx_word' id='word_1_199' title='bbox 1325 2330 1420 2383; x_wconf 77' lang='grc' dir='ltr'><strong>καὶ</strong></span> <span class='ocrx_word' id='word_1_200' title='bbox 1439 2329 1528 2383; x_wconf 82' lang='grc' dir='ltr'>διὰ</span> <span class='ocrx_word' id='word_1_201' title='bbox 1552 2328 1976 2401; x_wconf 82' lang='grc' dir='ltr'>προστάγματος</span> 
     </span>
    </p>
   </div>
   <div class='ocr_carea' id='block_1_26' title="bbox 370 2418 1977 2496">
    <p class='ocr_par' dir='ltr' id='par_1_26' title="bbox 370 2418 1977 2496">
     <span class='ocr_line' id='line_1_26' title="bbox 370 2418 1977 2496; baseline -0.002 -18"><span class='ocrx_word' id='word_1_202' title='bbox 370 2425 590 2496; x_wconf 83' lang='grc' dir='ltr'>Κυρίου</span> <span class='ocrx_word' id='word_1_203' title='bbox 632 2424 932 2496; x_wconf 79' lang='grc' dir='ltr'>ἀπαροῦσι.</span> <span class='ocrx_word' id='word_1_204' title='bbox 972 2423 1162 2487; x_wconf 88' lang='grc' dir='ltr'>Πάσας</span> <span class='ocrx_word' id='word_1_205' title='bbox 1194 2422 1293 2487; x_wconf 83' lang='grc' dir='ltr'>τὰς</span> <span class='ocrx_word' id='word_1_206' title='bbox 1322 2422 1538 2495; x_wconf 80' lang='grc' dir='ltr'>ἡμέρας</span> <span class='ocrx_word' id='word_1_207' title='bbox 1562 2425 1619 2477; x_wconf 84' lang='grc' dir='ltr'><strong>ἐν</strong></span> <span class='ocrx_word' id='word_1_208' title='bbox 1638 2418 1726 2487; x_wconf 77' lang='grc' dir='ltr'><strong>αἷς</strong></span> <span class='ocrx_word' id='word_1_209' title='bbox 1762 2421 1977 2486; x_wconf 77' lang='grc' dir='ltr'>σκιάζει</span> 
     </span>
    </p>
   </div>
   <div class='ocr_carea' id='block_1_27' title="bbox 367 2514 1977 2589">
    <p class='ocr_par' dir='ltr' id='par_1_27' title="bbox 367 2514 1977 2589">
     <span class='ocr_line' id='line_1_27' title="bbox 367 2514 1977 2589; baseline -0.001 -20"><span class='ocrx_word' id='word_1_210' title='bbox 367 2520 405 2587; x_wconf 82' lang='grc' dir='ltr'><strong>ἠ</strong></span> <span class='ocrx_word' id='word_1_211' title='bbox 458 2516 666 2589; x_wconf 78' lang='grc' dir='ltr'>νεφέλη</span> <span class='ocrx_word' id='word_1_212' title='bbox 704 2517 802 2571; x_wconf 79' lang='grc' dir='ltr'>ἐπὶ</span> <span class='ocrx_word' id='word_1_213' title='bbox 847 2516 948 2587; x_wconf 80' lang='grc' dir='ltr'>τῆς</span> <span class='ocrx_word' id='word_1_214' title='bbox 988 2517 1217 2587; x_wconf 83' lang='grc' dir='ltr'>σκηνῆς,</span> <span class='ocrx_word' id='word_1_215' title='bbox 1264 2514 1718 2587; x_wconf 84' lang='grc' dir='ltr'>παρεμϐαλοῦσιν</span> <span class='ocrx_word' id='word_1_216' title='bbox 1771 2516 1821 2569; x_wconf 90' lang='grc' dir='ltr'>οἱ</span> <span class='ocrx_word' id='word_1_217' title='bbox 1869 2515 1977 2567; x_wconf 69' lang='grc' dir='ltr'>υἱοὶ</span> 
     </span>
    </p>
   </div>
   <div class='ocr_carea' id='block_1_28' title="bbox 384 2608 1977 2683">
    <p class='ocr_par' dir='ltr' id='par_1_28' title="bbox 384 2608 1977 2683">
     <span class='ocr_line' id='line_1_28' title="bbox 384 2608 1977 2683; baseline -0.002 -20"><span class='ocrx_word' id='word_1_218' title='bbox 384 2610 641 2683; x_wconf 79' lang='grc' dir='ltr'>Ἲσραήλ’</span> <span class='ocrx_word' id='word_1_219' title='bbox 666 2610 762 2664; x_wconf 81' lang='grc' dir='ltr'><strong>καὶ</strong></span> <span class='ocrx_word' id='word_1_220' title='bbox 789 2611 918 2664; x_wconf 83' lang='grc' dir='ltr'>ὅταν</span> <span class='ocrx_word' id='word_1_221' title='bbox 941 2609 1238 2680; x_wconf 78' lang='grc' dir='ltr'>ἐφέλκηται</span> <span class='ocrx_word' id='word_1_222' title='bbox 1258 2610 1292 2681; x_wconf 80' lang='grc' dir='ltr'>ἡ</span> <span class='ocrx_word' id='word_1_223' title='bbox 1312 2608 1509 2680; x_wconf 80' lang='grc' dir='ltr'>νεφέλη</span> <span class='ocrx_word' id='word_1_224' title='bbox 1539 2609 1631 2663; x_wconf 72' lang='grc' dir='ltr'>ἐπὶ</span> <span class='ocrx_word' id='word_1_225' title='bbox 1649 2611 1747 2681; x_wconf 79' lang='grc' dir='ltr'>τῆς</span> <span class='ocrx_word' id='word_1_226' title='bbox 1772 2609 1977 2679; x_wconf 84' lang='grc' dir='ltr'>σκηνῆς</span> 
     </span>
    </p>
   </div>
   <div class='ocr_carea' id='block_1_29' title="bbox 368 2701 1975 2776">
    <p class='ocr_par' dir='ltr' id='par_1_29' title="bbox 368 2701 1975 2776">
     <span class='ocr_line' id='line_1_29' title="bbox 368 2701 1975 2776; baseline -0.001 -20"><span class='ocrx_word' id='word_1_227' title='bbox 368 2703 597 2774; x_wconf 78' lang='grc' dir='ltr'>ἡμέρας</span> <span class='ocrx_word' id='word_1_228' title='bbox 627 2702 869 2767; x_wconf 80' lang='grc' dir='ltr'>πλείους,</span> <span class='ocrx_word' id='word_1_229' title='bbox 901 2703 997 2756; x_wconf 68' lang='grc' dir='ltr'>καὶ</span> <span class='ocrx_word' id='word_1_230' title='bbox 1020 2701 1353 2772; x_wconf 80' lang='grc' dir='ltr'>φυλάξονται</span> <span class='ocrx_word' id='word_1_231' title='bbox 1394 2704 1444 2757; x_wconf 81' lang='grc' dir='ltr'>οἱ</span> <span class='ocrx_word' id='word_1_232' title='bbox 1484 2703 1590 2757; x_wconf 77' lang='grc' dir='ltr'>υἱοὶ</span> <span class='ocrx_word' id='word_1_233' title='bbox 1631 2702 1851 2775; x_wconf 84' lang='grc' dir='ltr'>Ἰσραὴλ</span> <span class='ocrx_word' id='word_1_234' title='bbox 1875 2702 1975 2776; x_wconf 79' lang='grc' dir='ltr'>τὴν</span> 
     </span>
    </p>
   </div>
   <div class='ocr_carea' id='block_1_30' title="bbox 368 2794 1976 2868">
    <p class='ocr_par' dir='ltr' id='par_1_30' title="bbox 368 2794 1976 2868">
     <span class='ocr_line' id='line_1_30' title="bbox 368 2794 1976 2868; baseline 0.001 -21"><span class='ocrx_word' id='word_1_235' title='bbox 368 2795 628 2867; x_wconf 80' lang='grc' dir='ltr'>φυλακὴν</span> <span class='ocrx_word' id='word_1_236' title='bbox 650 2794 741 2848; x_wconf 90' lang='grc' dir='ltr'><strong>τοῦ</strong></span> <span class='ocrx_word' id='word_1_237' title='bbox 764 2794 923 2864; x_wconf 88' lang='grc' dir='ltr'>Θεοῦ,</span> <span class='ocrx_word' id='word_1_238' title='bbox 941 2796 1037 2849; x_wconf 74' lang='grc' dir='ltr'>καὶ</span> <span class='ocrx_word' id='word_1_239' title='bbox 1068 2796 1128 2850; x_wconf 83' lang='grc' dir='ltr'><strong>ού</strong></span> <span class='ocrx_word' id='word_1_240' title='bbox 1157 2797 1233 2868; x_wconf 84' lang='grc' dir='ltr'>μὴ</span> <span class='ocrx_word' id='word_1_241' title='bbox 1253 2795 1514 2868; x_wconf 73' lang='grc' dir='ltr'>ἐξάρωσιο</span> <span class='ocrx_word' id='word_1_242' title='bbox 1544 2795 1642 2851; x_wconf 73' lang='grc' dir='ltr'><strong>καὶ</strong></span> <span class='ocrx_word' id='word_1_243' title='bbox 1666 2795 1817 2850; x_wconf 77' lang='grc' dir='ltr'>ἔσται</span> <span class='ocrx_word' id='word_1_244' title='bbox 1845 2798 1976 2851; x_wconf 84' lang='grc' dir='ltr'>ὅταν</span> 
     </span>
    </p>
   </div>
   <div class='ocr_carea' id='block_1_31' title="bbox 371 2870 1977 2963">
    <p class='ocr_par' dir='ltr' id='par_1_31' title="bbox 371 2870 1977 2963">
     <span class='ocr_line' id='line_1_31' title="bbox 371 2870 1977 2963; baseline 0.002 -21"><span class='ocrx_word' id='word_1_245' title='bbox 371 2889 632 2961; x_wconf 80' lang='grc' dir='ltr'>σκεπὰζῃ</span> <span class='ocrx_word' id='word_1_246' title='bbox 651 2891 684 2960; x_wconf 84' lang='grc' dir='ltr'>ἡ</span> <span class='ocrx_word' id='word_1_247' title='bbox 701 2889 903 2962; x_wconf 88' lang='grc' dir='ltr'>νεφέλη</span> <span class='ocrx_word' id='word_1_248' title='bbox 924 2890 1141 2962; x_wconf 82' lang='grc' dir='ltr'>ἡμέρας</span> <span class='ocrx_word' id='word_1_249' title='bbox 1161 2870 1384 2962; x_wconf 79' lang='grc' dir='ltr'>ἀριθμῷ</span> <span class='ocrx_word' id='word_1_250' title='bbox 1405 2891 1499 2945; x_wconf 68' lang='grc' dir='ltr'>ἐπὶ</span> <span class='ocrx_word' id='word_1_251' title='bbox 1521 2890 1618 2962; x_wconf 83' lang='grc' dir='ltr'>τῆς</span> <span class='ocrx_word' id='word_1_252' title='bbox 1640 2891 1865 2963; x_wconf 84' lang='grc' dir='ltr'>σκηνῆς,</span> <span class='ocrx_word' id='word_1_253' title='bbox 1888 2891 1977 2945; x_wconf 83' lang='grc' dir='ltr'><strong>διά</strong></span> 
     </span>
    </p>
   </div>
   <div class='ocr_carea' id='block_1_32' title="bbox 370 2978 1975 3052">
    <p class='ocr_par' dir='ltr' id='par_1_32' title="bbox 370 2978 1975 3052">
     <span class='ocr_line' id='line_1_32' title="bbox 370 2978 1975 3052; baseline 0 -19"><span class='ocrx_word' id='word_1_254' title='bbox 370 2982 563 3051; x_wconf 71' lang='grc' dir='ltr'>φωνῆς</span> <span class='ocrx_word' id='word_1_255' title='bbox 592 2979 801 3052; x_wconf 77' lang='grc' dir='ltr'>Κυρίου</span> <span class='ocrx_word' id='word_1_256' title='bbox 832 2978 1274 3052; x_wconf 84' lang='grc' dir='ltr'>παρεμϐαλοῦσι,</span> <span class='ocrx_word' id='word_1_257' title='bbox 1300 2980 1396 3035; x_wconf 83' lang='grc' dir='ltr'>καὶ</span> <span class='ocrx_word' id='word_1_258' title='bbox 1426 2979 1516 3034; x_wconf 86' lang='grc' dir='ltr'><strong>διά</strong></span> <span class='ocrx_word' id='word_1_259' title='bbox 1551 2980 1975 3052; x_wconf 87' lang='grc' dir='ltr'>προστάγματος</span> 
     </span>
    </p>
   </div>
   <div class='ocr_carea' id='block_1_33' title="bbox 369 3072 1973 3146">
    <p class='ocr_par' dir='ltr' id='par_1_33' title="bbox 369 3072 1973 3146">
     <span class='ocr_line' id='line_1_33' title="bbox 369 3072 1973 3146; baseline -0.001 -20"><span class='ocrx_word' id='word_1_260' title='bbox 369 3074 585 3144; x_wconf 80' lang='grc' dir='ltr'>Κυρίου</span> <span class='ocrx_word' id='word_1_261' title='bbox 623 3072 936 3144; x_wconf 65' lang='grc' dir='ltr'>ἀποροῦσιν</span> <span class='ocrx_word' id='word_1_262' title='bbox 968 3074 1065 3127; x_wconf 74' lang='grc' dir='ltr'><strong>καὶ</strong></span> <span class='ocrx_word' id='word_1_263' title='bbox 1100 3073 1257 3127; x_wconf 74' lang='grc' dir='ltr'>ἔσται</span> <span class='ocrx_word' id='word_1_264' title='bbox 1280 3075 1409 3128; x_wconf 84' lang='grc' dir='ltr'>ὅταν</span> <span class='ocrx_word' id='word_1_265' title='bbox 1435 3072 1660 3144; x_wconf 76' lang='grc' dir='ltr'>γένηται</span> <span class='ocrx_word' id='word_1_266' title='bbox 1698 3075 1733 3145; x_wconf 80' lang='grc' dir='ltr'><strong>ἡ</strong></span> <span class='ocrx_word' id='word_1_267' title='bbox 1768 3072 1973 3146; x_wconf 77' lang='grc' dir='ltr'>νεφέλη</span> 
     </span>
    </p>
   </div>
   <div class='ocr_carea' id='block_1_34' title="bbox 369 3162 2043 3266">
    <p class='ocr_par' dir='ltr' id='par_1_34' title="bbox 369 3162 2043 3266">
     <span class='ocr_line' id='line_1_34' title="bbox 369 3162 2043 3266; baseline 0 -48"><span class='ocrx_word' id='word_1_268' title='bbox 369 3166 466 3235; x_wconf 81' lang='grc' dir='ltr'>ἀφ’</span> <span class='ocrx_word' id='word_1_269' title='bbox 502 3165 747 3237; x_wconf 81' lang='grc' dir='ltr'>ἑσπέρας</span> <span class='ocrx_word' id='word_1_270' title='bbox 770 3165 885 3229; x_wconf 64' lang='grc' dir='ltr'>’ἕως</span> <span class='ocrx_word' id='word_1_271' title='bbox 906 3164 1073 3237; x_wconf 74' lang='grc' dir='ltr'>πρωῒ,</span> <span class='ocrx_word' id='word_1_272' title='bbox 1102 3166 1196 3220; x_wconf 80' lang='grc' dir='ltr'><strong>καὶ</strong></span> <span class='ocrx_word' id='word_1_273' title='bbox 1226 3164 1403 3237; x_wconf 79' lang='grc' dir='ltr'>ἀναϐῇ</span> <span class='ocrx_word' id='word_1_274' title='bbox 1436 3168 1470 3237; x_wconf 76' lang='grc' dir='ltr'><strong>ἡ</strong></span> <span class='ocrx_word' id='word_1_275' title='bbox 1496 3165 1696 3235; x_wconf 82' lang='grc' dir='ltr'>νεφέλη</span> <span class='ocrx_word' id='word_1_276' title='bbox 1718 3164 1780 3219; x_wconf 80' lang='grc' dir='ltr'><strong>τὸ</strong></span> <span class='ocrx_word' id='word_1_277' title='bbox 1802 3162 1970 3237; x_wconf 77' lang='grc' dir='ltr'>πρωῒ,</span> <span class='ocrx_word' id='word_1_278' title='bbox 1998 3205 2043 3266; x_wconf 72' lang='lat' dir='ltr'>c</span> 
     </span>
    </p>
   </div>
   <div class='ocr_carea' id='block_1_35' title="bbox 369 3256 1972 3331">
    <p class='ocr_par' dir='ltr' id='par_1_35' title="bbox 369 3256 1972 3331">
     <span class='ocr_line' id='line_1_35' title="bbox 369 3256 1972 3331; baseline -0.002 -19"><span class='ocrx_word' id='word_1_279' title='bbox 369 3258 468 3312; x_wconf 72' lang='grc' dir='ltr'><strong>καλ</strong></span> <span class='ocrx_word' id='word_1_280' title='bbox 498 3258 809 3330; x_wconf 85' lang='grc' dir='ltr'>ἀπαροῦσιν</span> <span class='ocrx_word' id='word_1_281' title='bbox 826 3258 1047 3330; x_wconf 78' lang='grc' dir='ltr'>ἡμέρας</span> <span class='ocrx_word' id='word_1_282' title='bbox 1070 3258 1102 3330; x_wconf 82' lang='grc' dir='ltr'>ἢ</span> <span class='ocrx_word' id='word_1_283' title='bbox 1125 3258 1343 3327; x_wconf 83' lang='grc' dir='ltr'>νυκτὸς,</span> <span class='ocrx_word' id='word_1_284' title='bbox 1371 3258 1468 3312; x_wconf 78' lang='grc' dir='ltr'><strong>καὶ</strong></span> <span class='ocrx_word' id='word_1_285' title='bbox 1490 3257 1663 3331; x_wconf 76' lang='grc' dir='ltr'>ἀναϐῇ</span> <span class='ocrx_word' id='word_1_286' title='bbox 1689 3258 1723 3330; x_wconf 74' lang='grc' dir='ltr'>ἡ</span> <span class='ocrx_word' id='word_1_287' title='bbox 1750 3256 1972 3327; x_wconf 79' lang='grc' dir='ltr'>νεφέλη,</span> 
     </span>
    </p>
   </div>
   <div class='ocr_carea' id='block_1_36' title="bbox 370 3348 1975 3424">
    <p class='ocr_par' dir='ltr' id='par_1_36' title="bbox 370 3348 1975 3424">
     <span class='ocr_line' id='line_1_36' title="bbox 370 3348 1975 3424; baseline 0 -21"><span class='ocrx_word' id='word_1_288' title='bbox 370 3350 685 3421; x_wconf 80' lang='grc' dir='ltr'>ἁπαροῦσιν</span> <span class='ocrx_word' id='word_1_289' title='bbox 724 3350 977 3423; x_wconf 72' lang='grc' dir='ltr'>ἡμέρας,</span> <span class='ocrx_word' id='word_1_290' title='bbox 1024 3352 1058 3423; x_wconf 81' lang='grc' dir='ltr'>ἢ</span> <span class='ocrx_word' id='word_1_291' title='bbox 1105 3350 1276 3422; x_wconf 85' lang='grc' dir='ltr'>μηνὸς</span> <span class='ocrx_word' id='word_1_292' title='bbox 1324 3350 1537 3424; x_wconf 76' lang='grc' dir='ltr'>ἡμέρας</span> <span class='ocrx_word' id='word_1_293' title='bbox 1572 3348 1975 3420; x_wconf 80' lang='grc' dir='ltr'>πλεοναζούσης</span> 
     </span>
    </p>
   </div>
   <div class='ocr_carea' id='block_1_37' title="bbox 367 3441 1977 3516">
    <p class='ocr_par' dir='ltr' id='par_1_37' title="bbox 367 3441 1977 3516">
     <span class='ocr_line' id='line_1_37' title="bbox 367 3441 1977 3516; baseline -0.001 -20"><span class='ocrx_word' id='word_1_294' title='bbox 367 3443 473 3513; x_wconf 79' lang='grc' dir='ltr'><strong>τῆς</strong></span> <span class='ocrx_word' id='word_1_295' title='bbox 519 3442 756 3512; x_wconf 84' lang='grc' dir='ltr'>νεφέλης</span> <span class='ocrx_word' id='word_1_296' title='bbox 798 3442 1135 3515; x_wconf 79' lang='grc' dir='ltr'>σκιαζούσης</span> <span class='ocrx_word' id='word_1_297' title='bbox 1172 3443 1260 3513; x_wconf 85' lang='grc' dir='ltr'>ἐπ’</span> <span class='ocrx_word' id='word_1_298' title='bbox 1305 3443 1498 3516; x_wconf 82' lang='grc' dir='ltr'>αὐτῆς,</span> <span class='ocrx_word' id='word_1_299' title='bbox 1524 3441 1977 3515; x_wconf 86' lang='grc' dir='ltr'>παρεμϐαλοῦσιν</span> 
     </span>
    </p>
   </div>
   <div class='ocr_carea' id='block_1_38' title="bbox 368 3534 1977 3610">
    <p class='ocr_par' dir='ltr' id='par_1_38' title="bbox 368 3534 1977 3610">
     <span class='ocr_line' id='line_1_38' title="bbox 368 3534 1977 3610; baseline 0.001 -22"><span class='ocrx_word' id='word_1_300' title='bbox 368 3536 421 3588; x_wconf 84' lang='lat' dir='ltr'><strong>ol</strong></span> <span class='ocrx_word' id='word_1_301' title='bbox 447 3536 556 3587; x_wconf 73' lang='grc' dir='ltr'>υἱοὶ</span> <span class='ocrx_word' id='word_1_302' title='bbox 579 3534 796 3607; x_wconf 78' lang='grc' dir='ltr'>Ἰσραὴλ</span> <span class='ocrx_word' id='word_1_303' title='bbox 796 3575 822 3610; x_wconf 52' lang='grc' dir='ltr'><em>ρ</em></span> <span class='ocrx_word' id='word_1_304' title='bbox 842 3535 937 3589; x_wconf 77' lang='grc' dir='ltr'><strong>καὶ</strong></span> <span class='ocrx_word' id='word_1_305' title='bbox 957 3536 1018 3588; x_wconf 87' lang='grc' dir='ltr'><strong>ού</strong></span> <span class='ocrx_word' id='word_1_306' title='bbox 1046 3535 1123 3607; x_wconf 80' lang='grc' dir='ltr'>μὴ</span> <span class='ocrx_word' id='word_1_307' title='bbox 1143 3534 1565 3607; x_wconf 82' lang='grc' dir='ltr'>ἀπαροῦσιν,ὅτι</span> <span class='ocrx_word' id='word_1_308' title='bbox 1588 3537 1677 3591; x_wconf 82' lang='grc' dir='ltr'><strong>διά</strong></span> <span class='ocrx_word' id='word_1_309' title='bbox 1701 3537 1977 3608; x_wconf 83' lang='grc' dir='ltr'>προστάγ-</span> 
     </span>
    </p>
   </div>
   <div class='ocr_carea' id='block_1_39' title="bbox 372 3627 1975 3701">
    <p class='ocr_par' dir='ltr' id='par_1_39' title="bbox 372 3627 1975 3701">
     <span class='ocr_line' id='line_1_39' title="bbox 372 3627 1975 3701; baseline 0.003 -22"><span class='ocrx_word' id='word_1_310' title='bbox 372 3643 549 3697; x_wconf 86' lang='grc' dir='ltr'>ματος</span> <span class='ocrx_word' id='word_1_311' title='bbox 596 3628 806 3698; x_wconf 84' lang='grc' dir='ltr'>Κυρίου</span> <span class='ocrx_word' id='word_1_312' title='bbox 850 3627 1150 3699; x_wconf 90' lang='grc' dir='ltr'>ἀπαροῦσι.</span> <span class='ocrx_word' id='word_1_313' title='bbox 1180 3630 1294 3701; x_wconf 84' lang='grc' dir='ltr'><strong>Τὴν</strong></span> <span class='ocrx_word' id='word_1_314' title='bbox 1322 3629 1569 3701; x_wconf 82' lang='grc' dir='ltr'>φυλακὴν</span> <span class='ocrx_word' id='word_1_315' title='bbox 1598 3631 1807 3701; x_wconf 84' lang='grc' dir='ltr'>Κυρίου</span> <span class='ocrx_word' id='word_1_316' title='bbox 1842 3632 1975 3700; x_wconf 85' lang='grc' dir='ltr'>ἐφυ-</span> 
     </span>
    </p>
   </div>
   <div class='ocr_carea' id='block_1_40' title="bbox 369 3718 1971 3795">
    <p class='ocr_par' dir='ltr' id='par_1_40' title="bbox 369 3718 1971 3795">
     <span class='ocr_line' id='line_1_40' title="bbox 369 3718 1971 3795; baseline 0.003 -24"><span class='ocrx_word' id='word_1_317' title='bbox 369 3718 610 3785; x_wconf 82' lang='grc' dir='ltr'>λάξαντο</span> <span class='ocrx_word' id='word_1_318' title='bbox 636 3719 725 3773; x_wconf 85' lang='grc' dir='ltr'><strong>διά</strong></span> <span class='ocrx_word' id='word_1_319' title='bbox 756 3719 1185 3792; x_wconf 87' lang='grc' dir='ltr'>προστάγματος</span> <span class='ocrx_word' id='word_1_320' title='bbox 1208 3722 1417 3794; x_wconf 82' lang='grc' dir='ltr'>Κυρίου</span> <span class='ocrx_word' id='word_1_321' title='bbox 1451 3722 1509 3775; x_wconf 88' lang='grc' dir='ltr'><strong>ἐν</strong></span> <span class='ocrx_word' id='word_1_322' title='bbox 1537 3721 1683 3793; x_wconf 77' lang='grc' dir='ltr'>χειρὶ</span> <span class='ocrx_word' id='word_1_323' title='bbox 1714 3724 1911 3795; x_wconf 61' lang='lat' dir='ltr'><strong>Monii.</strong></span> <span class='ocrx_word' id='word_1_324' title='bbox 1948 3740 1971 3776; x_wconf 70' lang='grc' dir='ltr'><strong>ι</strong></span> 
     </span>
    </p>
   </div>
   <div class='ocr_carea' id='block_1_41' title="bbox 386 3812 1975 3888">
    <p class='ocr_par' dir='ltr' id='par_1_41' title="bbox 386 3812 1975 3888">
     <span class='ocr_line' id='line_1_41' title="bbox 386 3812 1975 3888; baseline 0.003 -23"><span class='ocrx_word' id='word_1_325' title='bbox 386 3813 806 3883; x_wconf 77' lang='grc' dir='ltr'>Ἑγηγερμένης</span> <span class='ocrx_word' id='word_1_326' title='bbox 837 3812 979 3867; x_wconf 76' lang='grc' dir='ltr'>κατὰ</span> <span class='ocrx_word' id='word_1_327' title='bbox 1010 3815 1109 3885; x_wconf 82' lang='grc' dir='ltr'>τὴν</span> <span class='ocrx_word' id='word_1_328' title='bbox 1150 3814 1357 3886; x_wconf 82' lang='grc' dir='ltr'>ἔρημον</span> <span class='ocrx_word' id='word_1_329' title='bbox 1406 3816 1509 3885; x_wconf 84' lang='grc' dir='ltr'><strong>τῆς</strong></span> <span class='ocrx_word' id='word_1_330' title='bbox 1542 3814 1706 3885; x_wconf 88' lang='grc' dir='ltr'>ἀγίας</span> <span class='ocrx_word' id='word_1_331' title='bbox 1740 3814 1975 3888; x_wconf 80' lang='grc' dir='ltr'>σκηνῆς,</span> 
     </span>
    </p>
   </div>
   <div class='ocr_carea' id='block_1_42' title="bbox 371 3904 1976 3980">
    <p class='ocr_par' dir='ltr' id='par_1_42' title="bbox 371 3904 1976 3980">
     <span class='ocr_line' id='line_1_42' title="bbox 371 3904 1976 3980; baseline 0.005 -25"><span class='ocrx_word' id='word_1_332' title='bbox 371 3904 807 3976; x_wconf 83' lang='grc' dir='ltr'>πεπληρωκέναι</span> <span class='ocrx_word' id='word_1_333' title='bbox 853 3907 989 3974; x_wconf 78' lang='grc' dir='ltr'>φησὶ</span> <span class='ocrx_word' id='word_1_334' title='bbox 1052 3904 1152 3980; x_wconf 69' lang='grc' dir='ltr'><strong>τὴν</strong></span> <span class='ocrx_word' id='word_1_335' title='bbox 1191 3907 1421 3978; x_wconf 82' lang='grc' dir='ltr'>νεφέλην</span> <span class='ocrx_word' id='word_1_336' title='bbox 1448 3907 1649 3979; x_wconf 76' lang='grc' dir='ltr'>αὑτήν·</span> <span class='ocrx_word' id='word_1_337' title='bbox 1694 3904 1813 3963; x_wconf 81' lang='grc' dir='ltr'>εἶτα</span> <span class='ocrx_word' id='word_1_338' title='bbox 1849 3926 1976 3963; x_wconf 88' lang='grc' dir='ltr'>συν-</span> 
     </span>
    </p>
   </div>
   <div class='ocr_carea' id='block_1_43' title="bbox 371 3995 1979 4072">
    <p class='ocr_par' dir='ltr' id='par_1_43' title="bbox 371 3995 1979 4072">
     <span class='ocr_line' id='line_1_43' title="bbox 371 3995 1979 4072; baseline 0.002 -22"><span class='ocrx_word' id='word_1_339' title='bbox 371 3995 636 4067; x_wconf 79' lang='grc' dir='ltr'>απαῐρειν</span> <span class='ocrx_word' id='word_1_340' title='bbox 666 3996 763 4049; x_wconf 72' lang='grc' dir='ltr'>καὶ</span> <span class='ocrx_word' id='word_1_341' title='bbox 801 3997 1198 4065; x_wconf 83' lang='grc' dir='ltr'>συγκαταλύειν</span> <span class='ocrx_word' id='word_1_342' title='bbox 1227 3999 1364 4072; x_wconf 76' lang='grc' dir='ltr'>αὐτῇ</span> <span class='ocrx_word' id='word_1_343' title='bbox 1391 3998 1729 4071; x_wconf 82' lang='grc' dir='ltr'>προστέταχε</span> <span class='ocrx_word' id='word_1_344' title='bbox 1757 4002 1884 4064; x_wconf 80' lang='grc' dir='ltr'>τοὺς</span> <span class='ocrx_word' id='word_1_345' title='bbox 1918 4000 1979 4067; x_wconf 77' lang='grc' dir='ltr'><strong>ἐξ</strong></span> 
     </span>
    </p>
   </div>
   <div class='ocr_carea' id='block_1_44' title="bbox 385 4086 1978 4163">
    <p class='ocr_par' dir='ltr' id='par_1_44' title="bbox 385 4086 1978 4163">
     <span class='ocr_line' id='line_1_44' title="bbox 385 4086 1978 4163; baseline 0.004 -26"><span class='ocrx_word' id='word_1_346' title='bbox 385 4086 631 4157; x_wconf 77' lang='grc' dir='ltr'>Ἰσραὴλ,</span> <span class='ocrx_word' id='word_1_347' title='bbox 662 4086 777 4141; x_wconf 82' lang='grc' dir='ltr'>ἄνω</span> <span class='ocrx_word' id='word_1_348' title='bbox 819 4104 881 4140; x_wconf 87' lang='grc' dir='ltr'><strong>τε</strong></span> <span class='ocrx_word' id='word_1_349' title='bbox 920 4088 1013 4141; x_wconf 77' lang='grc' dir='ltr'><strong>καὶ</strong></span> <span class='ocrx_word' id='word_1_350' title='bbox 1065 4089 1219 4143; x_wconf 90' lang='grc' dir='ltr'>κάτω</span> <span class='ocrx_word' id='word_1_351' title='bbox 1267 4089 1406 4160; x_wconf 85' lang='grc' dir='ltr'><strong>μετά</strong></span> <span class='ocrx_word' id='word_1_352' title='bbox 1439 4090 1643 4161; x_wconf 81' lang='grc' dir='ltr'>πολλῆς</span> <span class='ocrx_word' id='word_1_353' title='bbox 1689 4090 1978 4163; x_wconf 88' lang='grc' dir='ltr'>ἀκριϐείας</span> 
     </span>
    </p>
   </div>
   <div class='ocr_carea' id='block_1_45' title="bbox 370 4178 1977 4254">
    <p class='ocr_par' dir='ltr' id='par_1_45' title="bbox 370 4178 1977 4254">
     <span class='ocr_line' id='line_1_45' title="bbox 370 4178 1977 4254; baseline 0.004 -23"><span class='ocrx_word' id='word_1_354' title='bbox 370 4178 475 4250; x_wconf 75' lang='grc' dir='ltr'>τὴν</span> <span class='ocrx_word' id='word_1_355' title='bbox 506 4178 621 4232; x_wconf 85' lang='grc' dir='ltr'><strong>τῶν</strong></span> <span class='ocrx_word' id='word_1_356' title='bbox 646 4179 943 4251; x_wconf 84' lang='grc' dir='ltr'>ἀπάρσεων</span> <span class='ocrx_word' id='word_1_357' title='bbox 972 4181 1297 4252; x_wconf 80' lang='grc' dir='ltr'>ἐπιτήρησιν</span> <span class='ocrx_word' id='word_1_358' title='bbox 1320 4181 1593 4237; x_wconf 83' lang='grc' dir='ltr'>ποιεῖσθαι</span> <span class='ocrx_word' id='word_1_359' title='bbox 1622 4183 1977 4254; x_wconf 82' lang='grc' dir='ltr'>παρεγγυῶν,</span> 
     </span>
    </p>
   </div>
   <div class='ocr_carea' id='block_1_46' title="bbox 372 4272 1979 4349">
    <p class='ocr_par' dir='ltr' id='par_1_46' title="bbox 372 4272 1979 4349">
     <span class='ocr_line' id='line_1_46' title="bbox 372 4272 1979 4349; baseline 0.003 -25"><span class='ocrx_word' id='word_1_360' title='bbox 372 4273 472 4325; x_wconf 81' lang='grc' dir='ltr'><strong>καὶ</strong></span> <span class='ocrx_word' id='word_1_361' title='bbox 507 4272 790 4343; x_wconf 80' lang='grc' dir='ltr'>ἐπισφαλῆ</span> <span class='ocrx_word' id='word_1_362' title='bbox 818 4274 919 4345; x_wconf 83' lang='grc' dir='ltr'>τὴν</span> <span class='ocrx_word' id='word_1_363' title='bbox 951 4274 1267 4346; x_wconf 84' lang='grc' dir='ltr'>παράϐασιν</span> <span class='ocrx_word' id='word_1_364' title='bbox 1299 4277 1413 4340; x_wconf 86' lang='grc' dir='ltr'>τοῖς</span> <span class='ocrx_word' id='word_1_365' title='bbox 1442 4274 1686 4330; x_wconf 78' lang='grc' dir='ltr'>ἐθέλουσι</span> <span class='ocrx_word' id='word_1_366' title='bbox 1711 4276 1979 4349; x_wconf 79' lang='grc' dir='ltr'>ῥᾳθυμεῖν</span> 
     </span>
    </p>
   </div>
   <div class='ocr_carea' id='block_1_47' title="bbox 371 4361 1974 4438">
    <p class='ocr_par' dir='ltr' id='par_1_47' title="bbox 371 4361 1974 4438">
     <span class='ocr_line' id='line_1_47' title="bbox 371 4361 1974 4438; baseline 0.004 -23"><span class='ocrx_word' id='word_1_367' title='bbox 371 4361 483 4415; x_wconf 73' lang='grc' dir='ltr'>ἁπΰ</span> <span class='ocrx_word' id='word_1_368' title='bbox 512 4378 577 4431; x_wconf 91' lang='grc' dir='ltr'><strong>γε</strong></span> <span class='ocrx_word' id='word_1_369' title='bbox 602 4362 795 4416; x_wconf 89' lang='grc' dir='ltr'>τούτου</span> <span class='ocrx_word' id='word_1_370' title='bbox 838 4364 1076 4429; x_wconf 87' lang='grc' dir='ltr'>δεικνύς.</span> <span class='ocrx_word' id='word_1_371' title='bbox 1123 4364 1285 4419; x_wconf 86' lang='grc' dir='ltr'>Ἀλλά</span> <span class='ocrx_word' id='word_1_372' title='bbox 1314 4365 1474 4420; x_wconf 70' lang='grc' dir='ltr'>ταυτὶ</span> <span class='ocrx_word' id='word_1_373' title='bbox 1508 4366 1609 4437; x_wconf 74' lang='grc' dir='ltr'><strong>μὲν</strong></span> <span class='ocrx_word' id='word_1_374' title='bbox 1658 4365 1974 4438; x_wconf 81' lang='grc' dir='ltr'>ῐστορικῶς.</span> 
     </span>
    </p>
   </div>
   <div class='ocr_carea' id='block_1_48' title="bbox 372 4453 1975 4529">
    <p class='ocr_par' dir='ltr' id='par_1_48' title="bbox 372 4453 1975 4529">
     <span class='ocr_line' id='line_1_48' title="bbox 372 4453 1975 4529; baseline 0.004 -23"><span class='ocrx_word' id='word_1_375' title='bbox 372 4453 691 4525; x_wconf 83' lang='grc' dir='ltr'>Θεωρῶμεν</span> <span class='ocrx_word' id='word_1_376' title='bbox 713 4454 771 4508; x_wconf 84' lang='grc' dir='ltr'><strong>δέ</strong></span> <span class='ocrx_word' id='word_1_377' title='bbox 789 4454 894 4526; x_wconf 71' lang='grc' dir='ltr'>ἢδη</span> <span class='ocrx_word' id='word_1_378' title='bbox 914 4455 1487 4528; x_wconf 80' lang='grc' dir='ltr'>πνευματικῶς.”Αμα</span> <span class='ocrx_word' id='word_1_379' title='bbox 1514 4474 1574 4510; x_wconf 89' lang='grc' dir='ltr'><strong>τε</strong></span> <span class='ocrx_word' id='word_1_380' title='bbox 1596 4456 1708 4529; x_wconf 79' lang='grc' dir='ltr'><strong>γάρ</strong></span> <span class='ocrx_word' id='word_1_381' title='bbox 1736 4458 1975 4529; x_wconf 80' lang='grc' dir='ltr'>ἐγήγερ-</span> 
     </span>
    </p>
   </div>
   <div class='ocr_carea' id='block_1_49' title="bbox 2081 567 3680 641">
    <p class='ocr_par' dir='ltr' id='par_1_49' title="bbox 2081 567 3680 641">
     <span class='ocr_line' id='line_1_49' title="bbox 2081 567 3680 641; baseline -0.002 -18"><span class='ocrx_word' id='word_1_382' title='bbox 2081 584 2260 635; x_wconf 91' lang='lat' dir='ltr'><strong>suam,</strong></span> <span class='ocrx_word' id='word_1_383' title='bbox 2290 578 2347 624; x_wconf 90' lang='lat' dir='ltr'><strong>et</strong></span> <span class='ocrx_word' id='word_1_384' title='bbox 2369 580 2632 641; x_wconf 77' lang='lat' dir='ltr'><strong>sequatur</strong></span> <span class='ocrx_word' id='word_1_385' title='bbox 2656 588 2743 628; x_wconf 89' lang='lat' dir='ltr'><strong>me</strong></span> <span class='ocrx_word' id='word_1_386' title='bbox 2771 573 2846 638; x_wconf 67' lang='lat'><strong>&#39;3;</strong></span> <span class='ocrx_word' id='word_1_387' title='bbox 2882 590 2900 624; x_wconf 70' lang='grc' dir='ltr'><strong>ι</strong></span> <span class='ocrx_word' id='word_1_388' title='bbox 2936 570 3042 625; x_wconf 93' lang='lat' dir='ltr'><strong>hoc</strong></span> <span class='ocrx_word' id='word_1_389' title='bbox 3072 576 3178 635; x_wconf 91' lang='lat' dir='ltr'><strong>est,</strong></span> <span class='ocrx_word' id='word_1_390' title='bbox 3206 567 3263 624; x_wconf 89' lang='lat' dir='ltr'><strong>Si</strong></span> <span class='ocrx_word' id='word_1_391' title='bbox 3290 568 3416 639; x_wconf 87' lang='lat' dir='ltr'><strong>quis</strong></span> <span class='ocrx_word' id='word_1_392' title='bbox 3435 567 3680 622; x_wconf 86' lang='lat' dir='ltr'><strong>voluerit</strong></span> 
     </span>
    </p>
   </div>
   <div class='ocr_carea' id='block_1_50' title="bbox 2081 651 3679 732">
    <p class='ocr_par' dir='ltr' id='par_1_50' title="bbox 2081 651 3679 732">
     <span class='ocr_line' id='line_1_50' title="bbox 2081 651 3679 732; baseline -0.003 -17"><span class='ocrx_word' id='word_1_393' title='bbox 2081 651 2255 716; x_wconf 81' lang='lat' dir='ltr'><strong>meus</strong></span> <span class='ocrx_word' id='word_1_394' title='bbox 2277 676 2398 716; x_wconf 89' lang='lat' dir='ltr'><strong>esse</strong></span> <span class='ocrx_word' id='word_1_395' title='bbox 2424 661 2748 732; x_wconf 86' lang='lat' dir='ltr'><strong>discipulus,</strong></span> <span class='ocrx_word' id='word_1_396' title='bbox 2787 660 3044 717; x_wconf 91' lang='lat' dir='ltr'><strong>eumdem</strong></span> <span class='ocrx_word' id='word_1_397' title='bbox 3074 674 3301 715; x_wconf 87' lang='lat' dir='ltr'><strong>cursum</strong></span> <span class='ocrx_word' id='word_1_398' title='bbox 3335 657 3679 729; x_wconf 82' lang='lat' dir='ltr'><strong>passionum,</strong></span> 
     </span>
    </p>
   </div>
   <div class='ocr_carea' id='block_1_51' title="bbox 2082 749 3679 825">
    <p class='ocr_par' dir='ltr' id='par_1_51' title="bbox 2082 749 3679 825">
     <span class='ocr_line' id='line_1_51' title="bbox 2082 749 3679 825; baseline -0.003 -17"><span class='ocrx_word' id='word_1_399' title='bbox 2082 770 2249 825; x_wconf 83' lang='lat' dir='ltr'><strong>quem</strong></span> <span class='ocrx_word' id='word_1_400' title='bbox 2291 769 2393 825; x_wconf 90' lang='lat' dir='ltr'><strong>ego</strong></span> <span class='ocrx_word' id='word_1_401' title='bbox 2420 754 2593 819; x_wconf 90' lang='lat' dir='ltr'><strong>tenui,</strong></span> <span class='ocrx_word' id='word_1_402' title='bbox 2622 753 2881 809; x_wconf 82' lang='lat' dir='ltr'><strong>alacriter</strong></span> <span class='ocrx_word' id='word_1_403' title='bbox 2903 759 3189 823; x_wconf 81' lang='lat' dir='ltr'><strong>sequatur,</strong></span> <span class='ocrx_word' id='word_1_404' title='bbox 3218 767 3283 806; x_wconf 91' lang='lat' dir='ltr'><strong>ac</strong></span> <span class='ocrx_word' id='word_1_405' title='bbox 3312 749 3485 806; x_wconf 89' lang='lat' dir='ltr'><strong>veluti</strong></span> <span class='ocrx_word' id='word_1_406' title='bbox 3523 764 3679 805; x_wconf 84' lang='lat' dir='ltr'><strong>eam-</strong></span> 
     </span>
    </p>
   </div>
   <div class='ocr_carea' id='block_1_52' title="bbox 2081 842 3678 917">
    <p class='ocr_par' dir='ltr' id='par_1_52' title="bbox 2081 842 3678 917">
     <span class='ocr_line' id='line_1_52' title="bbox 2081 842 3678 917; baseline -0.003 -16"><span class='ocrx_word' id='word_1_407' title='bbox 2081 846 2208 901; x_wconf 87' lang='lat' dir='ltr'><strong>dem</strong></span> <span class='ocrx_word' id='word_1_408' title='bbox 2254 845 2399 901; x_wconf 90' lang='lat' dir='ltr'><strong>viam</strong></span> <span class='ocrx_word' id='word_1_409' title='bbox 2437 844 2781 917; x_wconf 71' lang='lat' dir='ltr'><strong>ingrediatur</strong></span> <span class='ocrx_word' id='word_1_410' title='bbox 2814 852 2872 901; x_wconf 89' lang='lat' dir='ltr'><strong>et</strong></span> <span class='ocrx_word' id='word_1_411' title='bbox 2898 844 3131 916; x_wconf 84' lang='lat' dir='ltr'><strong>diligat:</strong></span> <span class='ocrx_word' id='word_1_412' title='bbox 3185 842 3234 900; x_wconf 89' lang='lat' dir='ltr'><strong>is</strong></span> <span class='ocrx_word' id='word_1_413' title='bbox 3270 842 3417 899; x_wconf 87' lang='lat' dir='ltr'><strong>enim</strong></span> <span class='ocrx_word' id='word_1_414' title='bbox 3460 856 3678 897; x_wconf 85' lang='lat' dir='ltr'><strong>mecum</strong></span> 
     </span>
    </p>
   </div>
   <div class='ocr_carea' id='block_1_53' title="bbox 2083 936 3681 1009">
    <p class='ocr_par' dir='ltr' id='par_1_53' title="bbox 2083 936 3681 1009">
     <span class='ocr_line' id='line_1_53' title="bbox 2083 936 3681 1009; baseline -0.004 -16"><span class='ocrx_word' id='word_1_415' title='bbox 2083 955 2193 993; x_wconf 87' lang='lat' dir='ltr'><strong>una</strong></span> <span class='ocrx_word' id='word_1_416' title='bbox 2214 939 2526 1009; x_wconf 87' lang='lat' dir='ltr'><strong>requiescet</strong></span> <span class='ocrx_word' id='word_1_417' title='bbox 2548 944 2604 992; x_wconf 92' lang='lat' dir='ltr'><strong>et</strong></span> <span class='ocrx_word' id='word_1_418' title='bbox 2627 937 2792 992; x_wconf 88' lang='lat' dir='ltr'><strong>simul</strong></span> <span class='ocrx_word' id='word_1_419' title='bbox 2814 937 3127 993; x_wconf 83' lang='lat' dir='ltr'><strong>versabitur</strong></span> <span class='ocrx_word' id='word_1_420' title='bbox 3152 954 3164 990; x_wconf 90' lang='lat'><strong>:</strong></span> <span class='ocrx_word' id='word_1_421' title='bbox 3191 936 3300 991; x_wconf 93' lang='lat' dir='ltr'><strong>hoc</strong></span> <span class='ocrx_word' id='word_1_422' title='bbox 3321 950 3557 1005; x_wconf 81' lang='lat' dir='ltr'><strong>namque</strong></span> <span class='ocrx_word' id='word_1_423' title='bbox 3580 949 3681 987; x_wconf 88' lang='lat' dir='ltr'><strong>no-</strong></span> 
     </span>
    </p>
   </div>
   <div class='ocr_carea' id='block_1_54' title="bbox 2082 1026 3678 1101">
    <p class='ocr_par' dir='ltr' id='par_1_54' title="bbox 2082 1026 3678 1101">
     <span class='ocr_line' id='line_1_54' title="bbox 2082 1026 3678 1101; baseline -0.002 -17"><span class='ocrx_word' id='word_1_424' title='bbox 2082 1030 2171 1085; x_wconf 87' lang='lat' dir='ltr'><strong>bis</strong></span> <span class='ocrx_word' id='word_1_425' title='bbox 2194 1030 2308 1100; x_wconf 86' lang='lat' dir='ltr'><strong>ipse</strong></span> <span class='ocrx_word' id='word_1_426' title='bbox 2328 1029 2607 1101; x_wconf 85' lang='lat' dir='ltr'><strong>petebata</strong></span> <span class='ocrx_word' id='word_1_427' title='bbox 2631 1029 2743 1084; x_wconf 89' lang='lat' dir='ltr'><strong>Deo</strong></span> <span class='ocrx_word' id='word_1_428' title='bbox 2782 1035 2839 1084; x_wconf 88' lang='lat' dir='ltr'><strong>et</strong></span> <span class='ocrx_word' id='word_1_429' title='bbox 2876 1029 3058 1095; x_wconf 89' lang='lat' dir='ltr'><strong>Patre,</strong></span> <span class='ocrx_word' id='word_1_430' title='bbox 3084 1042 3211 1083; x_wconf 91' lang='lat' dir='ltr'><strong>cum</strong></span> <span class='ocrx_word' id='word_1_431' title='bbox 3234 1028 3444 1084; x_wconf 89' lang='lat' dir='ltr'><strong>diceret</strong></span> <span class='ocrx_word' id='word_1_432' title='bbox 3472 1043 3519 1080; x_wconf 74' lang='grc' dir='ltr'>ει</span> <span class='ocrx_word' id='word_1_433' title='bbox 3541 1026 3678 1081; x_wconf 79' lang='lat' dir='ltr'><strong>V&#39;olo</strong></span> 
     </span>
    </p>
   </div>
   <div class='ocr_carea' id='block_1_55' title="bbox 2082 1116 3681 1195">
    <p class='ocr_par' dir='ltr' id='par_1_55' title="bbox 2082 1116 3681 1195">
     <span class='ocr_line' id='line_1_55' title="bbox 2082 1116 3681 1195; baseline -0.004 -17"><span class='ocrx_word' id='word_1_434' title='bbox 2082 1131 2165 1188; x_wconf 84' lang='lat' dir='ltr'><strong>ut,</strong></span> <span class='ocrx_word' id='word_1_435' title='bbox 2186 1123 2288 1177; x_wconf 88' lang='lat' dir='ltr'><strong>ubi</strong></span> <span class='ocrx_word' id='word_1_436' title='bbox 2318 1137 2438 1178; x_wconf 88' lang='lat' dir='ltr'><strong>sum</strong></span> <span class='ocrx_word' id='word_1_437' title='bbox 2463 1139 2585 1195; x_wconf 85' lang='lat' dir='ltr'><strong>ego,</strong></span> <span class='ocrx_word' id='word_1_438' title='bbox 2612 1124 2690 1179; x_wconf 89' lang='lat' dir='ltr'><strong>ibi</strong></span> <span class='ocrx_word' id='word_1_439' title='bbox 2712 1122 2876 1179; x_wconf 88' lang='lat' dir='ltr'><strong>etiam</strong></span> <span class='ocrx_word' id='word_1_440' title='bbox 2907 1120 3011 1193; x_wconf 90' lang='lat' dir='ltr'><strong>ipsi</strong></span> <span class='ocrx_word' id='word_1_441' title='bbox 3038 1137 3253 1177; x_wconf 91' lang='lat' dir='ltr'><strong>mecum</strong></span> <span class='ocrx_word' id='word_1_442' title='bbox 3277 1120 3390 1176; x_wconf 85' lang='lat' dir='ltr'><strong>sint</strong></span> <span class='ocrx_word' id='word_1_443' title='bbox 3414 1120 3481 1175; x_wconf 72' lang='lat'><strong>&quot;.</strong></span> <span class='ocrx_word' id='word_1_444' title='bbox 3516 1139 3533 1172; x_wconf 71' lang='grc' dir='ltr'><strong>ι</strong></span> <span class='ocrx_word' id='word_1_445' title='bbox 3565 1116 3681 1174; x_wconf 55' lang='lat' dir='ltr'><strong>Ali.</strong></span> 
     </span>
    </p>
   </div>
   <div class='ocr_carea' id='block_1_56' title="bbox 2082 1216 3681 1287">
    <p class='ocr_par' dir='ltr' id='par_1_56' title="bbox 2082 1216 3681 1287">
     <span class='ocr_line' id='line_1_56' title="bbox 2082 1216 3681 1287; baseline -0.001 -17"><span class='ocrx_word' id='word_1_446' title='bbox 2082 1224 2169 1271; x_wconf 91' lang='lat' dir='ltr'><strong>ter</strong></span> <span class='ocrx_word' id='word_1_447' title='bbox 2190 1233 2411 1287; x_wconf 89' lang='lat' dir='ltr'><strong>quoque</strong></span> <span class='ocrx_word' id='word_1_448' title='bbox 2434 1217 2598 1273; x_wconf 90' lang='lat' dir='ltr'><strong>simul</strong></span> <span class='ocrx_word' id='word_1_449' title='bbox 2628 1233 2754 1273; x_wconf 92' lang='lat' dir='ltr'><strong>cum</strong></span> <span class='ocrx_word' id='word_1_450' title='bbox 2783 1216 3007 1274; x_wconf 87' lang='lat' dir='ltr'><strong>Christo</strong></span> <span class='ocrx_word' id='word_1_451' title='bbox 3033 1231 3244 1282; x_wconf 87' lang='lat' dir='ltr'><strong>sumus,</strong></span> <span class='ocrx_word' id='word_1_452' title='bbox 3276 1230 3403 1271; x_wconf 87' lang='lat' dir='ltr'><strong>cum</strong></span> <span class='ocrx_word' id='word_1_453' title='bbox 3430 1216 3681 1271; x_wconf 80' lang='lat' dir='ltr'><strong>ambula-</strong></span> 
     </span>
    </p>
   </div>
   <div class='ocr_carea' id='block_1_57' title="bbox 2082 1308 3675 1381">
    <p class='ocr_par' dir='ltr' id='par_1_57' title="bbox 2082 1308 3675 1381">
     <span class='ocr_line' id='line_1_57' title="bbox 2082 1308 3675 1381; baseline -0.002 -17"><span class='ocrx_word' id='word_1_454' title='bbox 2082 1326 2207 1365; x_wconf 85' lang='lat' dir='ltr'><strong>mus</strong></span> <span class='ocrx_word' id='word_1_455' title='bbox 2241 1309 2467 1380; x_wconf 88' lang='lat' dir='ltr'><strong>quidem</strong></span> <span class='ocrx_word' id='word_1_456' title='bbox 2510 1325 2678 1381; x_wconf 90' lang='lat' dir='ltr'><strong>supcr</strong></span> <span class='ocrx_word' id='word_1_457' title='bbox 2715 1317 2944 1373; x_wconf 87' lang='lat' dir='ltr'><strong>terram,</strong></span> <span class='ocrx_word' id='word_1_458' title='bbox 2978 1323 3088 1362; x_wconf 88' lang='lat' dir='ltr'><strong>non</strong></span> <span class='ocrx_word' id='word_1_459' title='bbox 3132 1316 3317 1362; x_wconf 85' lang='lat' dir='ltr'><strong>tamen</strong></span> <span class='ocrx_word' id='word_1_460' title='bbox 3356 1308 3675 1373; x_wconf 70' lang='lat' dir='ltr'><strong>carnaliter,</strong></span> 
     </span>
    </p>
   </div>
   <div class='ocr_carea' id='block_1_58' title="bbox 2082 1401 3678 1474">
    <p class='ocr_par' dir='ltr' id='par_1_58' title="bbox 2082 1401 3678 1474">
     <span class='ocr_line' id='line_1_58' title="bbox 2082 1401 3678 1474; baseline -0.002 -15"><span class='ocrx_word' id='word_1_461' title='bbox 2082 1404 2180 1459; x_wconf 91' lang='lat' dir='ltr'><strong>sed</strong></span> <span class='ocrx_word' id='word_1_462' title='bbox 2213 1403 2579 1474; x_wconf 89' lang='lat' dir='ltr'><strong>spiritualiter</strong></span> <span class='ocrx_word' id='word_1_463' title='bbox 2602 1418 3001 1460; x_wconf 84' lang='lat' dir='ltr'><strong>conversamur</strong></span> <span class='ocrx_word' id='word_1_464' title='bbox 3026 1419 3038 1455; x_wconf 88' lang='lat'><strong>:</strong></span> <span class='ocrx_word' id='word_1_465' title='bbox 3066 1408 3143 1467; x_wconf 90' lang='lat' dir='ltr'><strong>et,</strong></span> <span class='ocrx_word' id='word_1_466' title='bbox 3170 1401 3319 1472; x_wconf 90' lang='lat' dir='ltr'><strong>quod</strong></span> <span class='ocrx_word' id='word_1_467' title='bbox 3357 1401 3408 1458; x_wconf 89' lang='lat' dir='ltr'><strong>ei</strong></span> <span class='ocrx_word' id='word_1_468' title='bbox 3447 1401 3678 1472; x_wconf 85' lang='lat' dir='ltr'><strong>placue-</strong></span> 
     </span>
    </p>
   </div>
   <div class='ocr_carea' id='block_1_59' title="bbox 2081 1492 3675 1568">
    <p class='ocr_par' dir='ltr' id='par_1_59' title="bbox 2081 1492 3675 1568">
     <span class='ocr_line' id='line_1_59' title="bbox 2081 1492 3675 1568; baseline -0.003 -17"><span class='ocrx_word' id='word_1_469' title='bbox 2081 1496 2175 1562; x_wconf 86' lang='lat' dir='ltr'><strong>rit,</strong></span> <span class='ocrx_word' id='word_1_470' title='bbox 2200 1496 2256 1552; x_wconf 88' lang='lat' dir='ltr'><strong>id</strong></span> <span class='ocrx_word' id='word_1_471' title='bbox 2298 1512 2401 1568; x_wconf 90' lang='lat' dir='ltr'><strong>pro</strong></span> <span class='ocrx_word' id='word_1_472' title='bbox 2433 1496 2741 1551; x_wconf 87' lang='lat' dir='ltr'><strong>diversorio</strong></span> <span class='ocrx_word' id='word_1_473' title='bbox 2782 1511 2847 1552; x_wconf 89' lang='lat' dir='ltr'><strong>ac</strong></span> <span class='ocrx_word' id='word_1_474' title='bbox 2886 1495 3079 1566; x_wconf 82' lang='lat' dir='ltr'><strong>requie</strong></span> <span class='ocrx_word' id='word_1_475' title='bbox 3122 1492 3332 1552; x_wconf 79' lang='lat' dir='ltr'><strong>habere</strong></span> <span class='ocrx_word' id='word_1_476' title='bbox 3368 1494 3675 1551; x_wconf 84' lang='lat' dir='ltr'><strong>studemus.</strong></span> 
     </span>
    </p>
   </div>
   <div class='ocr_carea' id='block_1_60' title="bbox 2083 1586 3681 1661">
    <p class='ocr_par' dir='ltr' id='par_1_60' title="bbox 2083 1586 3681 1661">
     <span class='ocr_line' id='line_1_60' title="bbox 2083 1586 3681 1661; baseline -0.003 -17"><span class='ocrx_word' id='word_1_477' title='bbox 2083 1587 2266 1646; x_wconf 82' lang='lat' dir='ltr'><strong>Habes</strong></span> <span class='ocrx_word' id='word_1_478' title='bbox 2286 1590 2346 1645; x_wconf 91' lang='lat' dir='ltr'><strong>in</strong></span> <span class='ocrx_word' id='word_1_479' title='bbox 2370 1587 2628 1647; x_wconf 86' lang='lat' dir='ltr'><strong>Numeris</strong></span> <span class='ocrx_word' id='word_1_480' title='bbox 2651 1590 2915 1661; x_wconf 84' lang='lat' dir='ltr'><strong>scriptam</strong></span> <span class='ocrx_word' id='word_1_481' title='bbox 2945 1589 3111 1661; x_wconf 81' lang='lat' dir='ltr'><strong>hujus</strong></span> <span class='ocrx_word' id='word_1_482' title='bbox 3135 1589 3215 1644; x_wconf 90' lang='lat' dir='ltr'><strong>rei</strong></span> <span class='ocrx_word' id='word_1_483' title='bbox 3250 1587 3482 1660; x_wconf 79' lang='lat' dir='ltr'><strong>ﬁguram</strong></span> <span class='ocrx_word' id='word_1_484' title='bbox 3510 1604 3525 1640; x_wconf 90' lang='lat'><strong>:</strong></span> <span class='ocrx_word' id='word_1_485' title='bbox 3559 1605 3577 1638; x_wconf 83' lang='lat'><strong>(</strong></span> <span class='ocrx_word' id='word_1_486' title='bbox 3610 1586 3681 1641; x_wconf 88' lang='lat' dir='ltr'><strong>Et</strong></span> 
     </span>
    </p>
   </div>
   <div class='ocr_carea' id='block_1_61' title="bbox 2084 1676 3683 1752">
    <p class='ocr_par' dir='ltr' id='par_1_61' title="bbox 2084 1676 3683 1752">
     <span class='ocr_line' id='line_1_61' title="bbox 2084 1676 3683 1752; baseline -0.002 -19"><span class='ocrx_word' id='word_1_487' title='bbox 2084 1677 2197 1745; x_wconf 90' lang='lat' dir='ltr'><strong>die,</strong></span> <span class='ocrx_word' id='word_1_488' title='bbox 2226 1699 2245 1731; x_wconf 73' lang='grc' dir='ltr'><strong>ι</strong></span> <span class='ocrx_word' id='word_1_489' title='bbox 2270 1680 2472 1751; x_wconf 90' lang='lat' dir='ltr'><strong>inquit,</strong></span> <span class='ocrx_word' id='word_1_490' title='bbox 2494 1700 2512 1733; x_wconf 80' lang='grc' dir='ltr'><strong>ι</strong></span> <span class='ocrx_word' id='word_1_491' title='bbox 2540 1696 2648 1752; x_wconf 88' lang='lat' dir='ltr'><strong>qua</strong></span> <span class='ocrx_word' id='word_1_492' title='bbox 2669 1688 2938 1737; x_wconf 89' lang='lat' dir='ltr'><strong>statutum</strong></span> <span class='ocrx_word' id='word_1_493' title='bbox 2965 1688 3051 1736; x_wconf 89' lang='lat' dir='ltr'><strong>est</strong></span> <span class='ocrx_word' id='word_1_494' title='bbox 3073 1680 3519 1744; x_wconf 84' lang='lat' dir='ltr'><strong>tabernaculum,</strong></span> <span class='ocrx_word' id='word_1_495' title='bbox 3546 1676 3683 1732; x_wconf 82' lang='lat' dir='ltr'><strong>texit</strong></span> 
     </span>
    </p>
   </div>
   <div class='ocr_carea' id='block_1_62' title="bbox 2084 1773 3680 1845">
    <p class='ocr_par' dir='ltr' id='par_1_62' title="bbox 2084 1773 3680 1845">
     <span class='ocr_line' id='line_1_62' title="bbox 2084 1773 3680 1845; baseline -0.001 -15"><span class='ocrx_word' id='word_1_496' title='bbox 2084 1773 2264 1830; x_wconf 88' lang='lat' dir='ltr'><strong>nubes</strong></span> <span class='ocrx_word' id='word_1_497' title='bbox 2289 1774 2730 1840; x_wconf 86' lang='lat' dir='ltr'><strong>tabernaculum,</strong></span> <span class='ocrx_word' id='word_1_498' title='bbox 2756 1774 2983 1829; x_wconf 89' lang='lat' dir='ltr'><strong>domum</strong></span> <span class='ocrx_word' id='word_1_499' title='bbox 3011 1774 3344 1842; x_wconf 82' lang='lat' dir='ltr'><strong>teStimonii;</strong></span> <span class='ocrx_word' id='word_1_500' title='bbox 3375 1782 3433 1829; x_wconf 88' lang='lat' dir='ltr'><strong>et</strong></span> <span class='ocrx_word' id='word_1_501' title='bbox 3463 1774 3680 1845; x_wconf 80' lang='lat' dir='ltr'><strong>vesperi</strong></span> 
     </span>
    </p>
   </div>
   <div class='ocr_carea' id='block_1_63' title="bbox 2080 1866 3686 1938">
    <p class='ocr_par' dir='ltr' id='par_1_63' title="bbox 2080 1866 3686 1938">
     <span class='ocr_line' id='line_1_63' title="bbox 2080 1866 3686 1938; baseline -0.002 -15"><span class='ocrx_word' id='word_1_502' title='bbox 2080 1874 2203 1923; x_wconf 92' lang='lat' dir='ltr'><strong>erat</strong></span> <span class='ocrx_word' id='word_1_503' title='bbox 2235 1882 2403 1938; x_wconf 82' lang='lat' dir='ltr'><strong>super</strong></span> <span class='ocrx_word' id='word_1_504' title='bbox 2424 1867 2851 1923; x_wconf 88' lang='lat' dir='ltr'><strong>tabernaculum</strong></span> <span class='ocrx_word' id='word_1_505' title='bbox 2888 1866 3042 1922; x_wconf 84' lang='lat' dir='ltr'><strong>velut</strong></span> <span class='ocrx_word' id='word_1_506' title='bbox 3075 1866 3292 1938; x_wconf 85' lang='lat' dir='ltr'><strong>species</strong></span> <span class='ocrx_word' id='word_1_507' title='bbox 3331 1866 3476 1938; x_wconf 80' lang='lat' dir='ltr'><strong>ignis</strong></span> <span class='ocrx_word' id='word_1_508' title='bbox 3506 1881 3686 1936; x_wconf 88' lang='lat' dir='ltr'><strong>usque</strong></span> 
     </span>
    </p>
   </div>
   <div class='ocr_carea' id='block_1_64' title="bbox 2080 1956 3683 2029">
    <p class='ocr_par' dir='ltr' id='par_1_64' title="bbox 2080 1956 3683 2029">
     <span class='ocr_line' id='line_1_64' title="bbox 2080 1956 3683 2029; baseline 0.001 -17"><span class='ocrx_word' id='word_1_509' title='bbox 2080 1972 2242 2012; x_wconf 88' lang='lat' dir='ltr'><strong>mane</strong></span> <span class='ocrx_word' id='word_1_510' title='bbox 2270 1975 2282 2010; x_wconf 93' lang='lat'><strong>:</strong></span> <span class='ocrx_word' id='word_1_511' title='bbox 2310 1957 2386 2013; x_wconf 90' lang='lat' dir='ltr'><strong>ita</strong></span> <span class='ocrx_word' id='word_1_512' title='bbox 2412 1956 2580 2012; x_wconf 83' lang='lat' dir='ltr'><strong>ﬁebat</strong></span> <span class='ocrx_word' id='word_1_513' title='bbox 2600 1973 2842 2029; x_wconf 85' lang='lat' dir='ltr'><strong>semper,</strong></span> <span class='ocrx_word' id='word_1_514' title='bbox 2872 1958 3049 2014; x_wconf 86' lang='lat' dir='ltr'><strong>nubes</strong></span> <span class='ocrx_word' id='word_1_515' title='bbox 3076 1958 3296 2029; x_wconf 83' lang='lat' dir='ltr'><strong>tegebat</strong></span> <span class='ocrx_word' id='word_1_516' title='bbox 3319 1956 3457 2012; x_wconf 91' lang='lat' dir='ltr'><strong>illud</strong></span> <span class='ocrx_word' id='word_1_517' title='bbox 3480 1956 3593 2023; x_wconf 90' lang='lat' dir='ltr'><strong>die,</strong></span> <span class='ocrx_word' id='word_1_518' title='bbox 3624 1966 3683 2013; x_wconf 91' lang='lat' dir='ltr'><strong>et</strong></span> 
     </span>
    </p>
   </div>
   <div class='ocr_carea' id='block_1_65' title="bbox 2079 2046 3679 2125">
    <p class='ocr_par' dir='ltr' id='par_1_65' title="bbox 2079 2046 3679 2125">
     <span class='ocr_line' id='line_1_65' title="bbox 2079 2046 3679 2125; baseline -0.003 -16"><span class='ocrx_word' id='word_1_519' title='bbox 2079 2046 2297 2125; x_wconf 79' lang='lat' dir='ltr'><strong>species</strong></span> <span class='ocrx_word' id='word_1_520' title='bbox 2312 2048 2464 2123; x_wconf 87' lang='lat' dir='ltr'><strong>ignis</strong></span> <span class='ocrx_word' id='word_1_521' title='bbox 2484 2058 2677 2119; x_wconf 89' lang='lat' dir='ltr'><strong>nocte;</strong></span> <span class='ocrx_word' id='word_1_522' title='bbox 2712 2058 2921 2107; x_wconf 92' lang='lat' dir='ltr'><strong>etcum</strong></span> <span class='ocrx_word' id='word_1_523' title='bbox 2960 2050 3304 2108; x_wconf 85' lang='lat' dir='ltr'><strong>ascendisset</strong></span> <span class='ocrx_word' id='word_1_524' title='bbox 3328 2049 3507 2106; x_wconf 85' lang='lat' dir='ltr'><strong>nubes</strong></span> <span class='ocrx_word' id='word_1_525' title='bbox 3529 2065 3560 2105; x_wconf 92' lang='lat' dir='ltr'><strong>a</strong></span> <span class='ocrx_word' id='word_1_526' title='bbox 3593 2058 3679 2104; x_wconf 85' lang='lat' dir='ltr'><strong>ta-</strong></span> 
     </span>
    </p>
   </div>
   <div class='ocr_carea' id='block_1_66' title="bbox 2078 2141 3681 2219">
    <p class='ocr_par' dir='ltr' id='par_1_66' title="bbox 2078 2141 3681 2219">
     <span class='ocr_line' id='line_1_66' title="bbox 2078 2141 3681 2219; baseline -0.006 -14"><span class='ocrx_word' id='word_1_527' title='bbox 2078 2149 2398 2214; x_wconf 89' lang='lat' dir='ltr'><strong>bernaculo,</strong></span> <span class='ocrx_word' id='word_1_528' title='bbox 2416 2154 2607 2219; x_wconf 90' lang='lat' dir='ltr'><strong>postea</strong></span> <span class='ocrx_word' id='word_1_529' title='bbox 2645 2144 3043 2217; x_wconf 84' lang='lat' dir='ltr'><strong>promovebant</strong></span> <span class='ocrx_word' id='word_1_530' title='bbox 3059 2143 3155 2199; x_wconf 80' lang='lat' dir='ltr'><strong>filii</strong></span> <span class='ocrx_word' id='word_1_531' title='bbox 3179 2142 3378 2208; x_wconf 82' lang='lat' dir='ltr'><strong>Israel;</strong></span> <span class='ocrx_word' id='word_1_532' title='bbox 3397 2149 3453 2197; x_wconf 92' lang='lat' dir='ltr'><strong>et</strong></span> <span class='ocrx_word' id='word_1_533' title='bbox 3475 2141 3530 2196; x_wconf 91' lang='lat' dir='ltr'><strong>in</strong></span> <span class='ocrx_word' id='word_1_534' title='bbox 3556 2141 3681 2196; x_wconf 83' lang='lat' dir='ltr'><strong>loco</strong></span> 
     </span>
    </p>
   </div>
   <div class='ocr_carea' id='block_1_67' title="bbox 2079 2234 3677 2305">
    <p class='ocr_par' dir='ltr' id='par_1_67' title="bbox 2079 2234 3677 2305">
     <span class='ocr_line' id='line_1_67' title="bbox 2079 2234 3677 2305; baseline -0.005 -7"><span class='ocrx_word' id='word_1_535' title='bbox 2079 2241 2174 2298; x_wconf 92' lang='lat' dir='ltr'><strong>ubi</strong></span> <span class='ocrx_word' id='word_1_536' title='bbox 2197 2248 2427 2297; x_wconf 86' lang='lat' dir='ltr'><strong>steterat</strong></span> <span class='ocrx_word' id='word_1_537' title='bbox 2448 2240 2646 2305; x_wconf 88' lang='lat' dir='ltr'><strong>nubes,</strong></span> <span class='ocrx_word' id='word_1_538' title='bbox 2669 2238 2747 2294; x_wconf 89' lang='lat' dir='ltr'><strong>ibi</strong></span> <span class='ocrx_word' id='word_1_539' title='bbox 2775 2246 2956 2296; x_wconf 90' lang='lat' dir='ltr'><strong>castra</strong></span> <span class='ocrx_word' id='word_1_540' title='bbox 2980 2236 3329 2293; x_wconf 87' lang='lat' dir='ltr'><strong>collocabant</strong></span> <span class='ocrx_word' id='word_1_541' title='bbox 3353 2234 3452 2290; x_wconf 85' lang='lat' dir='ltr'><strong>lilii</strong></span> <span class='ocrx_word' id='word_1_542' title='bbox 3469 2234 3637 2291; x_wconf 88' lang='lat' dir='ltr'><strong>Israel</strong></span> <span class='ocrx_word' id='word_1_543' title='bbox 3661 2251 3677 2290; x_wconf 91' lang='lat'><strong>:</strong></span> 
     </span>
    </p>
   </div>
   <div class='ocr_carea' id='block_1_68' title="bbox 2077 2326 3677 2406">
    <p class='ocr_par' dir='ltr' id='par_1_68' title="bbox 2077 2326 3677 2406">
     <span class='ocr_line' id='line_1_68' title="bbox 2077 2326 3677 2406; baseline -0.005 -17"><span class='ocrx_word' id='word_1_544' title='bbox 2077 2350 2179 2406; x_wconf 88' lang='lat' dir='ltr'><strong>per</strong></span> <span class='ocrx_word' id='word_1_545' title='bbox 2197 2342 2532 2405; x_wconf 64' lang='lat' dir='ltr'><strong>praeceptum</strong></span> <span class='ocrx_word' id='word_1_546' title='bbox 2550 2331 2770 2387; x_wconf 87' lang='lat' dir='ltr'><strong>Domini</strong></span> <span class='ocrx_word' id='word_1_547' title='bbox 2793 2338 2971 2386; x_wconf 83' lang='lat' dir='ltr'><strong>castra</strong></span> <span class='ocrx_word' id='word_1_548' title='bbox 2989 2328 3343 2385; x_wconf 87' lang='lat' dir='ltr'><strong>collocabunt</strong></span> <span class='ocrx_word' id='word_1_549' title='bbox 3360 2326 3458 2382; x_wconf 83' lang='lat' dir='ltr'><strong>ﬁlii</strong></span> <span class='ocrx_word' id='word_1_550' title='bbox 3485 2326 3677 2392; x_wconf 79' lang='lat' dir='ltr'><strong>Israel,</strong></span> 
     </span>
    </p>
   </div>
   <div class='ocr_carea' id='block_1_69' title="bbox 2076 2418 3675 2494">
    <p class='ocr_par' dir='ltr' id='par_1_69' title="bbox 2076 2418 3675 2494">
     <span class='ocr_line' id='line_1_69' title="bbox 2076 2418 3675 2494; baseline -0.003 -16"><span class='ocrx_word' id='word_1_551' title='bbox 2076 2431 2134 2478; x_wconf 92' lang='lat' dir='ltr'><strong>et</strong></span> <span class='ocrx_word' id='word_1_552' title='bbox 2153 2439 2253 2494; x_wconf 88' lang='lat' dir='ltr'><strong>per</strong></span> <span class='ocrx_word' id='word_1_553' title='bbox 2271 2431 2609 2494; x_wconf 59' lang='lat' dir='ltr'><strong>praeceptum</strong></span> <span class='ocrx_word' id='word_1_554' title='bbox 2629 2422 2847 2477; x_wconf 90' lang='lat' dir='ltr'><strong>Domini</strong></span> <span class='ocrx_word' id='word_1_555' title='bbox 2864 2419 3294 2492; x_wconf 76' lang='lat' dir='ltr'><strong>promovebant.</strong></span> <span class='ocrx_word' id='word_1_556' title='bbox 3313 2418 3519 2475; x_wconf 87' lang='lat' dir='ltr'><strong>Omnes</strong></span> <span class='ocrx_word' id='word_1_557' title='bbox 3534 2418 3675 2483; x_wconf 89' lang='lat' dir='ltr'><strong>dies,</strong></span> 
     </span>
    </p>
   </div>
   <div class='ocr_carea' id='block_1_70' title="bbox 2079 2511 3675 2585">
    <p class='ocr_par' dir='ltr' id='par_1_70' title="bbox 2079 2511 3675 2585">
     <span class='ocr_line' id='line_1_70' title="bbox 2079 2511 3675 2585; baseline -0.001 -16"><span class='ocrx_word' id='word_1_558' title='bbox 2079 2513 2137 2569; x_wconf 89' lang='lat' dir='ltr'><strong>in</strong></span> <span class='ocrx_word' id='word_1_559' title='bbox 2162 2514 2365 2585; x_wconf 89' lang='lat' dir='ltr'><strong>quibus</strong></span> <span class='ocrx_word' id='word_1_560' title='bbox 2402 2514 2700 2570; x_wconf 86' lang='lat' dir='ltr'><strong>obumbrat</strong></span> <span class='ocrx_word' id='word_1_561' title='bbox 2739 2513 2921 2569; x_wconf 88' lang='lat' dir='ltr'><strong>nubes</strong></span> <span class='ocrx_word' id='word_1_562' title='bbox 2962 2528 3127 2583; x_wconf 89' lang='lat' dir='ltr'><strong>supra</strong></span> <span class='ocrx_word' id='word_1_563' title='bbox 3166 2511 3583 2568; x_wconf 80' lang='lat' dir='ltr'><strong>tabernaculum</strong></span> <span class='ocrx_word' id='word_1_564' title='bbox 3619 2513 3675 2568; x_wconf 91' lang='lat' dir='ltr'><strong>in</strong></span> 
     </span>
    </p>
   </div>
   <div class='ocr_carea' id='block_1_71' title="bbox 2078 2604 3679 2676">
    <p class='ocr_par' dir='ltr' id='par_1_71' title="bbox 2078 2604 3679 2676">
     <span class='ocr_line' id='line_1_71' title="bbox 2078 2604 3679 2676; baseline -0.001 -13"><span class='ocrx_word' id='word_1_565' title='bbox 2078 2608 2277 2663; x_wconf 90' lang='lat' dir='ltr'><strong>castris</strong></span> <span class='ocrx_word' id='word_1_566' title='bbox 2300 2616 2467 2663; x_wconf 90' lang='lat' dir='ltr'><strong>erunt</strong></span> <span class='ocrx_word' id='word_1_567' title='bbox 2490 2606 2586 2663; x_wconf 85' lang='lat' dir='ltr'><strong>ﬁlii</strong></span> <span class='ocrx_word' id='word_1_568' title='bbox 2619 2607 2818 2673; x_wconf 87' lang='lat' dir='ltr'><strong>Israel;</strong></span> <span class='ocrx_word' id='word_1_569' title='bbox 2857 2614 2935 2672; x_wconf 91' lang='lat' dir='ltr'><strong>et,</strong></span> <span class='ocrx_word' id='word_1_570' title='bbox 2969 2621 3096 2662; x_wconf 88' lang='lat' dir='ltr'><strong>cum</strong></span> <span class='ocrx_word' id='word_1_571' title='bbox 3134 2604 3461 2676; x_wconf 81' lang='lat' dir='ltr'><strong>produxerit</strong></span> <span class='ocrx_word' id='word_1_572' title='bbox 3496 2605 3679 2663; x_wconf 79' lang='lat' dir='ltr'><strong>nubes</strong></span> 
     </span>
    </p>
   </div>
   <div class='ocr_carea' id='block_1_72' title="bbox 2077 2696 3676 2771">
    <p class='ocr_par' dir='ltr' id='par_1_72' title="bbox 2077 2696 3676 2771">
     <span class='ocr_line' id='line_1_72' title="bbox 2077 2696 3676 2771; baseline -0.002 -15"><span class='ocrx_word' id='word_1_573' title='bbox 2077 2715 2245 2771; x_wconf 89' lang='lat' dir='ltr'><strong>supra</strong></span> <span class='ocrx_word' id='word_1_574' title='bbox 2271 2700 2686 2757; x_wconf 88' lang='lat' dir='ltr'><strong>tabernaculum</strong></span> <span class='ocrx_word' id='word_1_575' title='bbox 2715 2699 2834 2755; x_wconf 90' lang='lat' dir='ltr'><strong>dies</strong></span> <span class='ocrx_word' id='word_1_576' title='bbox 2856 2699 3067 2770; x_wconf 87' lang='lat' dir='ltr'><strong>plures,</strong></span> <span class='ocrx_word' id='word_1_577' title='bbox 3103 2696 3421 2753; x_wconf 88' lang='lat' dir='ltr'><strong>custodient</strong></span> <span class='ocrx_word' id='word_1_578' title='bbox 3455 2697 3555 2753; x_wconf 84' lang='lat' dir='ltr'><strong>ﬁlii</strong></span> <span class='ocrx_word' id='word_1_579' title='bbox 3594 2697 3676 2753; x_wconf 92' lang='lat' dir='ltr'><strong>Is-</strong></span> 
     </span>
    </p>
   </div>
   <div class='ocr_carea' id='block_1_73' title="bbox 2077 2789 3675 2861">
    <p class='ocr_par' dir='ltr' id='par_1_73' title="bbox 2077 2789 3675 2861">
     <span class='ocr_line' id='line_1_73' title="bbox 2077 2789 3675 2861; baseline -0.002 -15"><span class='ocrx_word' id='word_1_580' title='bbox 2077 2791 2193 2846; x_wconf 88' lang='lat' dir='ltr'><strong>rael</strong></span> <span class='ocrx_word' id='word_1_581' title='bbox 2233 2791 2543 2847; x_wconf 88' lang='lat' dir='ltr'><strong>custodiam</strong></span> <span class='ocrx_word' id='word_1_582' title='bbox 2582 2791 2703 2854; x_wconf 92' lang='lat' dir='ltr'><strong>Dei,</strong></span> <span class='ocrx_word' id='word_1_583' title='bbox 2743 2799 2799 2845; x_wconf 90' lang='lat' dir='ltr'><strong>et</strong></span> <span class='ocrx_word' id='word_1_584' title='bbox 2832 2806 2942 2845; x_wconf 86' lang='lat' dir='ltr'><strong>non</strong></span> <span class='ocrx_word' id='word_1_585' title='bbox 2980 2789 3433 2861; x_wconf 72' lang='lat' dir='ltr'><strong>promovebant:</strong></span> <span class='ocrx_word' id='word_1_586' title='bbox 3465 2796 3523 2845; x_wconf 92' lang='lat' dir='ltr'><strong>et</strong></span> <span class='ocrx_word' id='word_1_587' title='bbox 3543 2789 3675 2856; x_wconf 88' lang='lat' dir='ltr'><strong>erit,</strong></span> 
     </span>
    </p>
   </div>
   <div class='ocr_carea' id='block_1_74' title="bbox 2076 2880 3673 2953">
    <p class='ocr_par' dir='ltr' id='par_1_74' title="bbox 2076 2880 3673 2953">
     <span class='ocr_line' id='line_1_74' title="bbox 2076 2880 3673 2953; baseline -0.003 -13"><span class='ocrx_word' id='word_1_588' title='bbox 2076 2899 2204 2940; x_wconf 91' lang='lat' dir='ltr'><strong>cum</strong></span> <span class='ocrx_word' id='word_1_589' title='bbox 2228 2885 2429 2940; x_wconf 79' lang='lat' dir='ltr'><strong>texerit</strong></span> <span class='ocrx_word' id='word_1_590' title='bbox 2449 2884 2627 2939; x_wconf 88' lang='lat' dir='ltr'><strong>nubes</strong></span> <span class='ocrx_word' id='word_1_591' title='bbox 2647 2884 2765 2939; x_wconf 85' lang='lat' dir='ltr'><strong>dies</strong></span> <span class='ocrx_word' id='word_1_592' title='bbox 2786 2898 3021 2939; x_wconf 87' lang='lat' dir='ltr'><strong>numero</strong></span> <span class='ocrx_word' id='word_1_593' title='bbox 3041 2897 3207 2953; x_wconf 85' lang='lat' dir='ltr'><strong>super</strong></span> <span class='ocrx_word' id='word_1_594' title='bbox 3218 2880 3673 2947; x_wconf 84' lang='lat' dir='ltr'><strong>tabernaculum,</strong></span> 
     </span>
    </p>
   </div>
   <div class='ocr_carea' id='block_1_75' title="bbox 2076 2975 3675 3050">
    <p class='ocr_par' dir='ltr' id='par_1_75' title="bbox 2076 2975 3675 3050">
     <span class='ocr_line' id='line_1_75' title="bbox 2076 2975 3675 3050; baseline -0.001 -18"><span class='ocrx_word' id='word_1_595' title='bbox 2076 2994 2178 3050; x_wconf 88' lang='lat' dir='ltr'><strong>per</strong></span> <span class='ocrx_word' id='word_1_596' title='bbox 2216 2992 2411 3034; x_wconf 85' lang='lat' dir='ltr'><strong>vocem</strong></span> <span class='ocrx_word' id='word_1_597' title='bbox 2448 2976 2670 3033; x_wconf 87' lang='lat' dir='ltr'><strong>Domini</strong></span> <span class='ocrx_word' id='word_1_598' title='bbox 2698 2976 2755 3031; x_wconf 93' lang='lat' dir='ltr'><strong>in</strong></span> <span class='ocrx_word' id='word_1_599' title='bbox 2783 2975 2978 3031; x_wconf 83' lang='lat' dir='ltr'><strong>castris</strong></span> <span class='ocrx_word' id='word_1_600' title='bbox 3005 2983 3190 3041; x_wconf 88' lang='lat' dir='ltr'><strong>erunt,</strong></span> <span class='ocrx_word' id='word_1_601' title='bbox 3232 2982 3290 3029; x_wconf 90' lang='lat' dir='ltr'><strong>et</strong></span> <span class='ocrx_word' id='word_1_602' title='bbox 3325 2988 3427 3045; x_wconf 90' lang='lat' dir='ltr'><strong>per</strong></span> <span class='ocrx_word' id='word_1_603' title='bbox 3461 2989 3675 3045; x_wconf 57' lang='lat' dir='ltr'><strong>praece-</strong></span> 
     </span>
    </p>
   </div>
   <div class='ocr_carea' id='block_1_76' title="bbox 2075 3066 3675 3142">
    <p class='ocr_par' dir='ltr' id='par_1_76' title="bbox 2075 3066 3675 3142">
     <span class='ocr_line' id='line_1_76' title="bbox 2075 3066 3675 3142; baseline -0.003 -16"><span class='ocrx_word' id='word_1_604' title='bbox 2075 3078 2233 3142; x_wconf 85' lang='lat' dir='ltr'><strong>ptum</strong></span> <span class='ocrx_word' id='word_1_605' title='bbox 2256 3068 2473 3125; x_wconf 90' lang='lat' dir='ltr'><strong>Domini</strong></span> <span class='ocrx_word' id='word_1_606' title='bbox 2497 3068 2908 3140; x_wconf 89' lang='lat' dir='ltr'><strong>promovebunt</strong></span> <span class='ocrx_word' id='word_1_607' title='bbox 2932 3085 2947 3121; x_wconf 91' lang='lat'>:</span> <span class='ocrx_word' id='word_1_608' title='bbox 2978 3074 3036 3123; x_wconf 90' lang='lat' dir='ltr'><strong>et</strong></span> <span class='ocrx_word' id='word_1_609' title='bbox 3066 3067 3192 3131; x_wconf 90' lang='lat' dir='ltr'><strong>erit,</strong></span> <span class='ocrx_word' id='word_1_610' title='bbox 3218 3080 3348 3121; x_wconf 83' lang='lat' dir='ltr'><strong>cum</strong></span> <span class='ocrx_word' id='word_1_611' title='bbox 3372 3066 3545 3132; x_wconf 78' lang='lat' dir='ltr'><strong>fuerit</strong></span> <span class='ocrx_word' id='word_1_612' title='bbox 3566 3082 3675 3121; x_wconf 87' lang='lat' dir='ltr'><strong>nu-</strong></span> 
     </span>
    </p>
   </div>
   <div class='ocr_carea' id='block_1_77' title="bbox 2076 3156 3673 3231">
    <p class='ocr_par' dir='ltr' id='par_1_77' title="bbox 2076 3156 3673 3231">
     <span class='ocr_line' id='line_1_77' title="bbox 2076 3156 3673 3231; baseline -0.003 -15"><span class='ocrx_word' id='word_1_613' title='bbox 2076 3159 2177 3216; x_wconf 90' lang='lat' dir='ltr'><strong>bes</strong></span> <span class='ocrx_word' id='word_1_614' title='bbox 2198 3176 2229 3216; x_wconf 86' lang='lat' dir='ltr'><strong>a</strong></span> <span class='ocrx_word' id='word_1_615' title='bbox 2245 3170 2475 3231; x_wconf 85' lang='lat' dir='ltr'><strong>vespere</strong></span> <span class='ocrx_word' id='word_1_616' title='bbox 2493 3174 2667 3230; x_wconf 92' lang='lat' dir='ltr'><strong>usque</strong></span> <span class='ocrx_word' id='word_1_617' title='bbox 2683 3175 2865 3224; x_wconf 89' lang='lat' dir='ltr'><strong>mane,</strong></span> <span class='ocrx_word' id='word_1_618' title='bbox 2887 3166 2944 3213; x_wconf 89' lang='lat' dir='ltr'><strong>et</strong></span> <span class='ocrx_word' id='word_1_619' title='bbox 2960 3156 3273 3213; x_wconf 87' lang='lat' dir='ltr'><strong>ascenderit</strong></span> <span class='ocrx_word' id='word_1_620' title='bbox 3291 3157 3468 3213; x_wconf 87' lang='lat' dir='ltr'><strong>nubes</strong></span> <span class='ocrx_word' id='word_1_621' title='bbox 3488 3172 3673 3223; x_wconf 85' lang='lat' dir='ltr'><strong>mane,</strong></span> 
     </span>
    </p>
   </div>
   <div class='ocr_carea' id='block_1_78' title="bbox 2077 3247 3673 3323">
    <p class='ocr_par' dir='ltr' id='par_1_78' title="bbox 2077 3247 3673 3323">
     <span class='ocr_line' id='line_1_78' title="bbox 2077 3247 3673 3323; baseline -0.002 -16"><span class='ocrx_word' id='word_1_622' title='bbox 2077 3259 2136 3307; x_wconf 90' lang='lat' dir='ltr'><strong>et</strong></span> <span class='ocrx_word' id='word_1_623' title='bbox 2169 3250 2577 3323; x_wconf 90' lang='lat' dir='ltr'><strong>promovebunt</strong></span> <span class='ocrx_word' id='word_1_624' title='bbox 2598 3250 2709 3315; x_wconf 91' lang='lat' dir='ltr'><strong>die,</strong></span> <span class='ocrx_word' id='word_1_625' title='bbox 2734 3251 2822 3305; x_wconf 85' lang='lat' dir='ltr'><strong>vel</strong></span> <span class='ocrx_word' id='word_1_626' title='bbox 2845 3256 3029 3313; x_wconf 88' lang='lat' dir='ltr'><strong>nocte,</strong></span> <span class='ocrx_word' id='word_1_627' title='bbox 3055 3255 3111 3304; x_wconf 89' lang='lat' dir='ltr'><strong>et</strong></span> <span class='ocrx_word' id='word_1_628' title='bbox 3138 3247 3452 3303; x_wconf 85' lang='lat' dir='ltr'><strong>ascenderit</strong></span> <span class='ocrx_word' id='word_1_629' title='bbox 3473 3248 3673 3313; x_wconf 89' lang='lat' dir='ltr'><strong>nubes,</strong></span> 
     </span>
    </p>
   </div>
   <div class='ocr_carea' id='block_1_79' title="bbox 2076 3342 3674 3419">
    <p class='ocr_par' dir='ltr' id='par_1_79' title="bbox 2076 3342 3674 3419">
     <span class='ocr_line' id='line_1_79' title="bbox 2076 3342 3674 3419; baseline -0.002 -18"><span class='ocrx_word' id='word_1_630' title='bbox 2076 3346 2487 3419; x_wconf 88' lang='lat' dir='ltr'><strong>promovebunt</strong></span> <span class='ocrx_word' id='word_1_631' title='bbox 2517 3347 2628 3411; x_wconf 83' lang='lat' dir='ltr'><strong>die,</strong></span> <span class='ocrx_word' id='word_1_632' title='bbox 2661 3347 2751 3401; x_wconf 85' lang='lat' dir='ltr'><strong>vel</strong></span> <span class='ocrx_word' id='word_1_633' title='bbox 2774 3360 2965 3401; x_wconf 85' lang='lat' dir='ltr'><strong>mense</strong></span> <span class='ocrx_word' id='word_1_634' title='bbox 2994 3343 3116 3400; x_wconf 88' lang='lat' dir='ltr'><strong>dies</strong></span> <span class='ocrx_word' id='word_1_635' title='bbox 3143 3342 3466 3399; x_wconf 83' lang='lat' dir='ltr'><strong>abundante</strong></span> <span class='ocrx_word' id='word_1_636' title='bbox 3504 3343 3674 3409; x_wconf 84' lang='lat' dir='ltr'><strong>nube,</strong></span> 
     </span>
    </p>
   </div>
   <div class='ocr_carea' id='block_1_80' title="bbox 2075 3435 3673 3512">
    <p class='ocr_par' dir='ltr' id='par_1_80' title="bbox 2075 3435 3673 3512">
     <span class='ocr_line' id='line_1_80' title="bbox 2075 3435 3673 3512; baseline -0.005 -13"><span class='ocrx_word' id='word_1_637' title='bbox 2075 3450 2134 3499; x_wconf 92' lang='lat' dir='ltr'><strong>et</strong></span> <span class='ocrx_word' id='word_1_638' title='bbox 2158 3440 2520 3498; x_wconf 87' lang='lat' dir='ltr'><strong>adumbrante</strong></span> <span class='ocrx_word' id='word_1_639' title='bbox 2552 3456 2719 3512; x_wconf 87' lang='lat' dir='ltr'><strong>super</strong></span> <span class='ocrx_word' id='word_1_640' title='bbox 2746 3438 2901 3506; x_wconf 89' lang='lat' dir='ltr'><strong>illud,</strong></span> <span class='ocrx_word' id='word_1_641' title='bbox 2930 3438 2992 3494; x_wconf 86' lang='lat' dir='ltr'><strong>in</strong></span> <span class='ocrx_word' id='word_1_642' title='bbox 3020 3436 3227 3494; x_wconf 79' lang='lat' dir='ltr'><strong>castris</strong></span> <span class='ocrx_word' id='word_1_643' title='bbox 3259 3443 3427 3493; x_wconf 89' lang='lat' dir='ltr'><strong>erunt</strong></span> <span class='ocrx_word' id='word_1_644' title='bbox 3455 3435 3554 3492; x_wconf 83' lang='lat' dir='ltr'><strong>ﬁlii</strong></span> <span class='ocrx_word' id='word_1_645' title='bbox 3592 3437 3673 3491; x_wconf 87' lang='lat' dir='ltr'><strong>ls-</strong></span> 
     </span>
    </p>
   </div>
   <div class='ocr_carea' id='block_1_81' title="bbox 2077 3532 3675 3607">
    <p class='ocr_par' dir='ltr' id='par_1_81' title="bbox 2077 3532 3675 3607">
     <span class='ocr_line' id='line_1_81' title="bbox 2077 3532 3675 3607; baseline -0.004 -16"><span class='ocrx_word' id='word_1_646' title='bbox 2077 3535 2211 3600; x_wconf 87' lang='lat' dir='ltr'><strong>rael,</strong></span> <span class='ocrx_word' id='word_1_647' title='bbox 2239 3541 2297 3590; x_wconf 84' lang='lat' dir='ltr'><strong>et</strong></span> <span class='ocrx_word' id='word_1_648' title='bbox 2316 3549 2427 3590; x_wconf 91' lang='lat' dir='ltr'><strong>non</strong></span> <span class='ocrx_word' id='word_1_649' title='bbox 2455 3533 2892 3607; x_wconf 54' lang='lat' dir='ltr'><strong>promovebun‘t;</strong></span> <span class='ocrx_word' id='word_1_650' title='bbox 2918 3532 3179 3604; x_wconf 88' lang='lat' dir='ltr'><strong>quoniam</strong></span> <span class='ocrx_word' id='word_1_651' title='bbox 3211 3546 3311 3603; x_wconf 87' lang='lat' dir='ltr'><strong>per</strong></span> <span class='ocrx_word' id='word_1_652' title='bbox 3334 3539 3675 3602; x_wconf 67' lang='lat' dir='ltr'><strong>praeceptum</strong></span> 
     </span>
    </p>
   </div>
   <div class='ocr_carea' id='block_1_82' title="bbox 2076 3623 3675 3698">
    <p class='ocr_par' dir='ltr' id='par_1_82' title="bbox 2076 3623 3675 3698">
     <span class='ocr_line' id='line_1_82' title="bbox 2076 3623 3675 3698; baseline -0.001 -16"><span class='ocrx_word' id='word_1_653' title='bbox 2076 3626 2296 3683; x_wconf 84' lang='lat' dir='ltr'><strong>Domini</strong></span> <span class='ocrx_word' id='word_1_654' title='bbox 2327 3627 2762 3698; x_wconf 76' lang='lat' dir='ltr'><strong>promovebunt‘,</strong></span> <span class='ocrx_word' id='word_1_655' title='bbox 2797 3625 3104 3682; x_wconf 87' lang='lat' dir='ltr'><strong>custodiam</strong></span> <span class='ocrx_word' id='word_1_656' title='bbox 3141 3623 3359 3680; x_wconf 85' lang='lat' dir='ltr'><strong>Domini</strong></span> <span class='ocrx_word' id='word_1_657' title='bbox 3394 3624 3675 3680; x_wconf 85' lang='lat' dir='ltr'><strong>custodie-</strong></span> 
     </span>
    </p>
   </div>
   <div class='ocr_carea' id='block_1_83' title="bbox 2076 3715 3669 3790">
    <p class='ocr_par' dir='ltr' id='par_1_83' title="bbox 2076 3715 3669 3790">
     <span class='ocr_line' id='line_1_83' title="bbox 2076 3715 3669 3790; baseline -0.003 -16"><span class='ocrx_word' id='word_1_658' title='bbox 2076 3727 2211 3774; x_wconf 90' lang='lat' dir='ltr'><strong>runt</strong></span> <span class='ocrx_word' id='word_1_659' title='bbox 2255 3734 2355 3790; x_wconf 87' lang='lat' dir='ltr'><strong>per</strong></span> <span class='ocrx_word' id='word_1_660' title='bbox 2392 3727 2728 3790; x_wconf 61' lang='lat' dir='ltr'><strong>praeceptum</strong></span> <span class='ocrx_word' id='word_1_661' title='bbox 2762 3717 2981 3773; x_wconf 87' lang='lat' dir='ltr'><strong>Domini</strong></span> <span class='ocrx_word' id='word_1_662' title='bbox 3021 3716 3083 3771; x_wconf 92' lang='lat' dir='ltr'><strong>in</strong></span> <span class='ocrx_word' id='word_1_663' title='bbox 3124 3732 3292 3771; x_wconf 89' lang='lat' dir='ltr'><strong>manu</strong></span> <span class='ocrx_word' id='word_1_664' title='bbox 3332 3715 3503 3789; x_wconf 75' lang='lat' dir='ltr'><strong>Moysi</strong></span> <span class='ocrx_word' id='word_1_665' title='bbox 3546 3716 3615 3771; x_wconf 79' lang='lat'><strong>&quot;.</strong></span> <span class='ocrx_word' id='word_1_666' title='bbox 3650 3736 3669 3768; x_wconf 75' lang='grc' dir='ltr'><strong>ι</strong></span> 
     </span>
    </p>
   </div>
   <div class='ocr_carea' id='block_1_84' title="bbox 2076 3807 3694 3872">
    <p class='ocr_par' dir='ltr' id='par_1_84' title="bbox 2076 3807 3694 3872">
     <span class='ocr_line' id='line_1_84' title="bbox 2076 3807 3694 3872; baseline -0.002 -5"><span class='ocrx_word' id='word_1_667' title='bbox 2076 3809 2278 3867; x_wconf 83' lang='lat' dir='ltr'><strong>Erecto</strong></span> <span class='ocrx_word' id='word_1_668' title='bbox 2317 3818 2507 3866; x_wconf 92' lang='lat' dir='ltr'><strong>sancto</strong></span> <span class='ocrx_word' id='word_1_669' title='bbox 2558 3809 2916 3865; x_wconf 90' lang='lat' dir='ltr'><strong>tabernaculo</strong></span> <span class='ocrx_word' id='word_1_670' title='bbox 2962 3809 3023 3863; x_wconf 90' lang='lat' dir='ltr'><strong>in</strong></span> <span class='ocrx_word' id='word_1_671' title='bbox 3056 3807 3300 3872; x_wconf 86' lang='lat' dir='ltr'><strong>deserto,</strong></span> <span class='ocrx_word' id='word_1_672' title='bbox 3348 3807 3557 3864; x_wconf 89' lang='lat' dir='ltr'><strong>nubem</strong></span> <span class='ocrx_word' id='word_1_673' title='bbox 3600 3808 3694 3864; x_wconf 89' lang='lat' dir='ltr'><strong>ait-</strong></span> 
     </span>
    </p>
   </div>
   <div class='ocr_carea' id='block_1_85' title="bbox 2078 3899 3676 3974">
    <p class='ocr_par' dir='ltr' id='par_1_85' title="bbox 2078 3899 3676 3974">
     <span class='ocr_line' id='line_1_85' title="bbox 2078 3899 3676 3974; baseline -0.002 -16"><span class='ocrx_word' id='word_1_674' title='bbox 2078 3902 2216 3958; x_wconf 89' lang='lat' dir='ltr'><strong>illud</strong></span> <span class='ocrx_word' id='word_1_675' title='bbox 2263 3902 2614 3974; x_wconf 89' lang='lat' dir='ltr'><strong>implevisse;</strong></span> <span class='ocrx_word' id='word_1_676' title='bbox 2677 3901 2882 3958; x_wconf 88' lang='lat' dir='ltr'><strong>deinde</strong></span> <span class='ocrx_word' id='word_1_677' title='bbox 2934 3900 3098 3959; x_wconf 91' lang='lat' dir='ltr'><strong>simul</strong></span> <span class='ocrx_word' id='word_1_678' title='bbox 3164 3915 3293 3956; x_wconf 91' lang='lat' dir='ltr'><strong>cum</strong></span> <span class='ocrx_word' id='word_1_679' title='bbox 3347 3899 3446 3955; x_wconf 89' lang='lat' dir='ltr'><strong>illo</strong></span> <span class='ocrx_word' id='word_1_680' title='bbox 3505 3899 3676 3971; x_wconf 82' lang='lat' dir='ltr'><strong>proli-</strong></span> 
     </span>
    </p>
   </div>
   <div class='ocr_carea' id='block_1_86' title="bbox 2078 3991 3676 4064">
    <p class='ocr_par' dir='ltr' id='par_1_86' title="bbox 2078 3991 3676 4064">
     <span class='ocr_line' id='line_1_86' title="bbox 2078 3991 3676 4064; baseline -0.001 -17"><span class='ocrx_word' id='word_1_681' title='bbox 2078 3992 2233 4058; x_wconf 89' lang='lat' dir='ltr'><strong>cisci,</strong></span> <span class='ocrx_word' id='word_1_682' title='bbox 2264 3993 2541 4064; x_wconf 85' lang='lat' dir='ltr'><strong>simulque</strong></span> <span class='ocrx_word' id='word_1_683' title='bbox 2585 3993 2782 4048; x_wconf 83' lang='lat' dir='ltr'><strong>sistere</strong></span> <span class='ocrx_word' id='word_1_684' title='bbox 2826 3991 2968 4048; x_wconf 77' lang='lat' dir='ltr'><strong>ﬁiios</strong></span> <span class='ocrx_word' id='word_1_685' title='bbox 2998 3991 3165 4047; x_wconf 81' lang='lat' dir='ltr'><strong>lsrael</strong></span> <span class='ocrx_word' id='word_1_686' title='bbox 3203 3991 3435 4062; x_wconf 75' lang='lat' dir='ltr'><strong>iussisse</strong></span> <span class='ocrx_word' id='word_1_687' title='bbox 3476 3991 3676 4055; x_wconf 89' lang='lat' dir='ltr'><strong>Deum,</strong></span> 
     </span>
    </p>
   </div>
   <div class='ocr_carea' id='block_1_87' title="bbox 2079 4082 3671 4155">
    <p class='ocr_par' dir='ltr' id='par_1_87' title="bbox 2079 4082 3671 4155">
     <span class='ocr_line' id='line_1_87' title="bbox 2079 4082 3671 4155; baseline -0.001 -14"><span class='ocrx_word' id='word_1_688' title='bbox 2079 4084 2384 4142; x_wconf 88' lang='lat' dir='ltr'><strong>identidem</strong></span> <span class='ocrx_word' id='word_1_689' title='bbox 2417 4085 2829 4141; x_wconf 88' lang='lat' dir='ltr'><strong>accuratissime</strong></span> <span class='ocrx_word' id='word_1_690' title='bbox 2854 4082 3262 4155; x_wconf 76' lang='lat' dir='ltr'><strong>profectionum</strong></span> <span class='ocrx_word' id='word_1_691' title='bbox 3295 4092 3542 4155; x_wconf 88' lang='lat' dir='ltr'><strong>tempora</strong></span> <span class='ocrx_word' id='word_1_692' title='bbox 3573 4084 3671 4140; x_wconf 53' lang='lat' dir='ltr'><strong>ob.</strong></span> 
     </span>
    </p>
   </div>
   <div class='ocr_carea' id='block_1_88' title="bbox 2077 4174 3678 4250">
    <p class='ocr_par' dir='ltr' id='par_1_88' title="bbox 2077 4174 3678 4250">
     <span class='ocr_line' id='line_1_88' title="bbox 2077 4174 3678 4250; baseline -0.002 -13"><span class='ocrx_word' id='word_1_693' title='bbox 2077 4194 2301 4237; x_wconf 83' lang='lat' dir='ltr'><strong>servare</strong></span> <span class='ocrx_word' id='word_1_694' title='bbox 2345 4179 2757 4250; x_wconf 64' lang='lat' dir='ltr'><strong>praecipientem</strong></span> <span class='ocrx_word' id='word_1_695' title='bbox 2810 4194 2823 4231; x_wconf 87' lang='lat'><strong>:</strong></span> <span class='ocrx_word' id='word_1_696' title='bbox 2865 4191 2976 4248; x_wconf 92' lang='lat' dir='ltr'><strong>quo</strong></span> <span class='ocrx_word' id='word_1_697' title='bbox 3028 4176 3169 4246; x_wconf 89' lang='lat' dir='ltr'><strong>ipso,</strong></span> <span class='ocrx_word' id='word_1_698' title='bbox 3209 4174 3278 4231; x_wconf 87' lang='lat' dir='ltr'><strong>iis</strong></span> <span class='ocrx_word' id='word_1_699' title='bbox 3314 4177 3409 4247; x_wconf 91' lang='lat' dir='ltr'><strong>qui</strong></span> <span class='ocrx_word' id='word_1_700' title='bbox 3456 4177 3678 4234; x_wconf 85' lang='lat' dir='ltr'><strong>desides</strong></span> 
     </span>
    </p>
   </div>
   <div class='ocr_carea' id='block_1_89' title="bbox 2077 4269 3680 4347">
    <p class='ocr_par' dir='ltr' id='par_1_89' title="bbox 2077 4269 3680 4347">
     <span class='ocr_line' id='line_1_89' title="bbox 2077 4269 3680 4347; baseline 0 -21"><span class='ocrx_word' id='word_1_701' title='bbox 2077 4285 2200 4327; x_wconf 88' lang='lat' dir='ltr'><strong>esse</strong></span> <span class='ocrx_word' id='word_1_702' title='bbox 2216 4271 2439 4347; x_wconf 82' lang='lat' dir='ltr'><strong>vellent,</strong></span> <span class='ocrx_word' id='word_1_703' title='bbox 2460 4270 2725 4325; x_wconf 82' lang='lat' dir='ltr'><strong>indicavit</strong></span> <span class='ocrx_word' id='word_1_704' title='bbox 2736 4269 3111 4341; x_wconf 80' lang='lat' dir='ltr'><strong>periculosam</strong></span> <span class='ocrx_word' id='word_1_705' title='bbox 3128 4284 3250 4325; x_wconf 85' lang='lat' dir='ltr'><strong>esse</strong></span> <span class='ocrx_word' id='word_1_706' title='bbox 3266 4270 3387 4341; x_wconf 86' lang='lat' dir='ltr'><strong>ejus</strong></span> <span class='ocrx_word' id='word_1_707' title='bbox 3403 4270 3483 4325; x_wconf 88' lang='lat' dir='ltr'><strong>rei</strong></span> <span class='ocrx_word' id='word_1_708' title='bbox 3497 4278 3680 4327; x_wconf 82' lang='lat' dir='ltr'><strong>trans-</strong></span> 
     </span>
    </p>
   </div>
   <div class='ocr_carea' id='block_1_90' title="bbox 2078 4360 3676 4439">
    <p class='ocr_par' dir='ltr' id='par_1_90' title="bbox 2078 4360 3676 4439">
     <span class='ocr_line' id='line_1_90' title="bbox 2078 4360 3676 4439; baseline 0 -20"><span class='ocrx_word' id='word_1_709' title='bbox 2078 4365 2439 4439; x_wconf 87' lang='lat' dir='ltr'><strong>gressionem.</strong></span> <span class='ocrx_word' id='word_1_710' title='bbox 2474 4360 2636 4437; x_wconf 61' lang='grc'><strong>164</strong></span> <span class='ocrx_word' id='word_1_711' title='bbox 2662 4363 2838 4434; x_wconf 79' lang='lat' dir='ltr'><strong>Atque</strong></span> <span class='ocrx_word' id='word_1_712' title='bbox 2875 4363 2993 4418; x_wconf 75' lang='lat' dir='ltr'><strong>lucc</strong></span> <span class='ocrx_word' id='word_1_713' title='bbox 3020 4362 3284 4433; x_wconf 88' lang='lat' dir='ltr'><strong>quidem,</strong></span> <span class='ocrx_word' id='word_1_714' title='bbox 3316 4363 3465 4433; x_wconf 85' lang='lat' dir='ltr'><strong>quod</strong></span> <span class='ocrx_word' id='word_1_715' title='bbox 3495 4363 3563 4418; x_wconf 91' lang='lat' dir='ltr'><strong>ad</strong></span> <span class='ocrx_word' id='word_1_716' title='bbox 3588 4364 3676 4419; x_wconf 84' lang='lat' dir='ltr'><strong>hi-</strong></span> 
     </span>
    </p>
   </div>
   <div class='ocr_carea' id='block_1_91' title="bbox 2078 4455 3676 4529">
    <p class='ocr_par' dir='ltr' id='par_1_91' title="bbox 2078 4455 3676 4529">
     <span class='ocr_line' id='line_1_91' title="bbox 2078 4455 3676 4529; baseline -0.002 -14"><span class='ocrx_word' id='word_1_717' title='bbox 2078 4458 2307 4515; x_wconf 89' lang='lat' dir='ltr'><strong>storiam</strong></span> <span class='ocrx_word' id='word_1_718' title='bbox 2345 4457 2609 4529; x_wconf 87' lang='lat' dir='ltr'><strong>pertinet,</strong></span> <span class='ocrx_word' id='word_1_719' title='bbox 2643 4456 2789 4512; x_wconf 88' lang='lat' dir='ltr'><strong>dicta</strong></span> <span class='ocrx_word' id='word_1_720' title='bbox 2825 4455 2955 4511; x_wconf 90' lang='lat' dir='ltr'><strong>sint.</strong></span> <span class='ocrx_word' id='word_1_721' title='bbox 2985 4456 3104 4511; x_wconf 72' lang='lat' dir='ltr'><strong>iam</strong></span> <span class='ocrx_word' id='word_1_722' title='bbox 3151 4470 3287 4511; x_wconf 83' lang='lat' dir='ltr'><strong>vero</strong></span> <span class='ocrx_word' id='word_1_723' title='bbox 3317 4455 3469 4511; x_wconf 87' lang='lat' dir='ltr'><strong>idem</strong></span> <span class='ocrx_word' id='word_1_724' title='bbox 3508 4457 3676 4528; x_wconf 83' lang='lat' dir='ltr'><strong>spiri-</strong></span> 
     </span>
    </p>
   </div>
   <div class='ocr_carea' id='block_1_92' title="bbox 370 4538 1977 4624">
    <p class='ocr_par' dir='ltr' id='par_1_92' title="bbox 370 4546 1970 4624">
     <span class='ocr_line' id='line_1_92' title="bbox 370 4546 1970 4624; baseline 0.004 -25"><span class='ocrx_word' id='word_1_725' title='bbox 370 4563 461 4599; x_wconf 86' lang='grc' dir='ltr'><strong>ται</strong></span> <span class='ocrx_word' id='word_1_726' title='bbox 493 4547 592 4600; x_wconf 72' lang='grc' dir='ltr'><strong>καὶ</strong></span> <span class='ocrx_word' id='word_1_727' title='bbox 626 4546 901 4601; x_wconf 79' lang='grc' dir='ltr'>ἀνέτειλεν</span> <span class='ocrx_word' id='word_1_728' title='bbox 936 4548 1027 4600; x_wconf 81' lang='grc' dir='ltr'><strong>ἐπὶ</strong></span> <span class='ocrx_word' id='word_1_729' title='bbox 1062 4548 1164 4619; x_wconf 84' lang='grc' dir='ltr'>τῆς</span> <span class='ocrx_word' id='word_1_730' title='bbox 1192 4548 1296 4620; x_wconf 85' lang='grc' dir='ltr'><strong>γῆς</strong></span> <span class='ocrx_word' id='word_1_731' title='bbox 1325 4551 1358 4621; x_wconf 81' lang='grc' dir='ltr'>ἡ</span> <span class='ocrx_word' id='word_1_732' title='bbox 1393 4549 1736 4624; x_wconf 80' lang='grc' dir='ltr'>ἀληθεστάτη</span> <span class='ocrx_word' id='word_1_733' title='bbox 1773 4550 1970 4623; x_wconf 83' lang='grc' dir='ltr'>σκηνὴ,</span> 
     </span>
    </p>
   </div>
   <div class='ocr_carea' id='block_1_93' title="bbox 2078 4538 3676 4624">
    <p class='ocr_par' dir='ltr' id='par_1_93' title="bbox 2078 4538 3676 4621">
     <span class='ocr_line' id='line_1_93' title="bbox 2078 4538 3676 4621; baseline -0.002 -14"><span class='ocrx_word' id='word_1_734' title='bbox 2078 4551 2305 4607; x_wconf 89' lang='lat' dir='ltr'><strong>tualiter</strong></span> <span class='ocrx_word' id='word_1_735' title='bbox 2333 4550 2792 4621; x_wconf 86' lang='lat' dir='ltr'><strong>contemplemur.</strong></span> <span class='ocrx_word' id='word_1_736' title='bbox 2829 4538 3005 4604; x_wconf 80' lang='lat' dir='ltr'><strong>Simul</strong></span> <span class='ocrx_word' id='word_1_737' title='bbox 3042 4547 3190 4603; x_wconf 89' lang='lat' dir='ltr'><strong>enim</strong></span> <span class='ocrx_word' id='word_1_738' title='bbox 3231 4557 3398 4619; x_wconf 88' lang='lat' dir='ltr'><strong>atque</strong></span> <span class='ocrx_word' id='word_1_739' title='bbox 3426 4557 3676 4605; x_wconf 89' lang='lat' dir='ltr'><strong>erectum</strong></span> 
     </span>
    </p>
   </div>
   <div class='ocr_carea' id='block_1_94' title="bbox 369 4639 1971 4715">
    <p class='ocr_par' dir='ltr' id='par_1_94' title="bbox 369 4639 1971 4715">
     <span class='ocr_line' id='line_1_94' title="bbox 369 4639 1971 4715; baseline 0.004 -24"><span class='ocrx_word' id='word_1_740' title='bbox 369 4639 655 4692; x_wconf 85' lang='grc' dir='ltr'>τουτέστιν</span> <span class='ocrx_word' id='word_1_741' title='bbox 689 4641 723 4711; x_wconf 80' lang='grc' dir='ltr'><strong>η</strong></span> <span class='ocrx_word' id='word_1_742' title='bbox 765 4639 1084 4711; x_wconf 84' lang='grc' dir='ltr'>Ἐκκλησία,</span> <span class='ocrx_word' id='word_1_743' title='bbox 1129 4642 1486 4714; x_wconf 81' lang='grc' dir='ltr'>πεπλήρωται</span> <span class='ocrx_word' id='word_1_744' title='bbox 1520 4642 1623 4713; x_wconf 84' lang='grc' dir='ltr'>τῆς</span> <span class='ocrx_word' id='word_1_745' title='bbox 1675 4642 1835 4715; x_wconf 79' lang='grc' dir='ltr'>δόξης</span> <span class='ocrx_word' id='word_1_746' title='bbox 1877 4642 1971 4698; x_wconf 89' lang='grc' dir='ltr'><strong>τοῦ</strong></span> 
     </span>
    </p>
   </div>
   <div class='ocr_carea' id='block_1_95' title="bbox 370 4730 1975 4809">
    <p class='ocr_par' dir='ltr' id='par_1_95' title="bbox 370 4730 1975 4809">
     <span class='ocr_line' id='line_1_95' title="bbox 370 4730 1975 4809; baseline 0.003 -24"><span class='ocrx_word' id='word_1_747' title='bbox 370 4730 652 4804; x_wconf 77' lang='grc' dir='ltr'>Χριστοῦ’</span> <span class='ocrx_word' id='word_1_748' title='bbox 689 4732 752 4784; x_wconf 78' lang='grc' dir='ltr'><strong>τὸ</strong></span> <span class='ocrx_word' id='word_1_749' title='bbox 800 4732 911 4803; x_wconf 83' lang='grc' dir='ltr'>γὰρ</span> <span class='ocrx_word' id='word_1_750' title='bbox 953 4732 1331 4788; x_wconf 89' lang='grc' dir='ltr'>καλύπτεσθαι</span> <span class='ocrx_word' id='word_1_751' title='bbox 1369 4737 1435 4807; x_wconf 76' lang='grc' dir='ltr'>τῇ</span> <span class='ocrx_word' id='word_1_752' title='bbox 1487 4734 1686 4806; x_wconf 86' lang='grc' dir='ltr'>νεφέλῃ</span> <span class='ocrx_word' id='word_1_753' title='bbox 1728 4735 1826 4807; x_wconf 81' lang='grc' dir='ltr'>τὴν</span> <span class='ocrx_word' id='word_1_754' title='bbox 1874 4738 1975 4809; x_wconf 85' lang='grc' dir='ltr'>ἀρ-</span> 
     </span>
    </p>
   </div>
   <div class='ocr_carea' id='block_1_96' title="bbox 370 4820 1973 4898">
    <p class='ocr_par' dir='ltr' id='par_1_96' title="bbox 370 4820 1973 4898">
     <span class='ocr_line' id='line_1_96' title="bbox 370 4820 1973 4898; baseline 0.003 -22"><span class='ocrx_word' id='word_1_755' title='bbox 370 4823 539 4893; x_wconf 82' lang='grc' dir='ltr'>χαίαν</span> <span class='ocrx_word' id='word_1_756' title='bbox 591 4822 833 4894; x_wconf 78' lang='grc' dir='ltr'>σκηνὴν,</span> <span class='ocrx_word' id='word_1_757' title='bbox 866 4824 965 4894; x_wconf 81' lang='grc' dir='ltr'>οὐχ</span> <span class='ocrx_word' id='word_1_758' title='bbox 1011 4823 1220 4894; x_wconf 77' lang='grc' dir='ltr'>ἕτερον,</span> <span class='ocrx_word' id='word_1_759' title='bbox 1270 4820 1423 4895; x_wconf 81' lang='grc' dir='ltr'>οἶμαί</span> <span class='ocrx_word' id='word_1_760' title='bbox 1456 4842 1580 4892; x_wconf 91' lang='grc' dir='ltr'>που,</span> <span class='ocrx_word' id='word_1_761' title='bbox 1628 4825 1780 4898; x_wconf 87' lang='grc' dir='ltr'>παρά</span> <span class='ocrx_word' id='word_1_762' title='bbox 1814 4826 1973 4882; x_wconf 84' lang='grc' dir='ltr'>τοῦτο</span> 
     </span>
    </p>
   </div>
   <div class='ocr_carea' id='block_1_97' title="bbox 369 4916 1972 4991">
    <p class='ocr_par' dir='ltr' id='par_1_97' title="bbox 369 4916 1972 4991">
     <span class='ocr_line' id='line_1_97' title="bbox 369 4916 1972 4991; baseline 0.003 -20"><span class='ocrx_word' id='word_1_763' title='bbox 369 4916 544 4986; x_wconf 84' lang='grc' dir='ltr'>δηλοῖ.</span> <span class='ocrx_word' id='word_1_764' title='bbox 578 4916 767 4988; x_wconf 88' lang='grc' dir='ltr'>Πεπλή</span> <span class='ocrx_word' id='word_1_765' title='bbox 779 4933 923 4989; x_wconf 90' lang='grc' dir='ltr'>ρωκε</span> <span class='ocrx_word' id='word_1_766' title='bbox 952 4916 1131 4973; x_wconf 87' lang='grc' dir='ltr'>τοίνυν</span> <span class='ocrx_word' id='word_1_767' title='bbox 1159 4919 1259 4988; x_wconf 80' lang='grc' dir='ltr'>τῆς</span> <span class='ocrx_word' id='word_1_768' title='bbox 1291 4919 1488 4973; x_wconf 85' lang='grc' dir='ltr'>ἐαυτοῦ</span> <span class='ocrx_word' id='word_1_769' title='bbox 1517 4920 1676 4991; x_wconf 80' lang='grc' dir='ltr'>δόξης</span> <span class='ocrx_word' id='word_1_770' title='bbox 1706 4921 1803 4991; x_wconf 80' lang='grc' dir='ltr'>τὴν</span> <span class='ocrx_word' id='word_1_771' title='bbox 1850 4921 1972 4976; x_wconf 84' lang='grc' dir='ltr'><strong>Ἐκ-</strong></span> 
     </span>
    </p>
   </div>
   <div class='ocr_carea' id='block_1_98' title="bbox 375 5009 1973 5085">
    <p class='ocr_par' dir='ltr' id='par_1_98' title="bbox 375 5009 1973 5085">
     <span class='ocr_line' id='line_1_98' title="bbox 375 5009 1973 5085; baseline 0.004 -24"><span class='ocrx_word' id='word_1_772' title='bbox 375 5009 607 5081; x_wconf 75' lang='grc' dir='ltr'>κλησίαν</span> <span class='ocrx_word' id='word_1_773' title='bbox 655 5010 684 5062; x_wconf 83' lang='grc' dir='ltr'><strong>ὁ</strong></span> <span class='ocrx_word' id='word_1_774' title='bbox 738 5009 995 5079; x_wconf 76' lang='grc' dir='ltr'>Χριστὸς,</span> <span class='ocrx_word' id='word_1_775' title='bbox 1054 5010 1151 5065; x_wconf 77' lang='grc' dir='ltr'><strong>καὶ</strong></span> <span class='ocrx_word' id='word_1_776' title='bbox 1207 5012 1321 5076; x_wconf 85' lang='grc' dir='ltr'>τοῖς</span> <span class='ocrx_word' id='word_1_777' title='bbox 1376 5011 1476 5083; x_wconf 83' lang='grc' dir='ltr'>μὲν</span> <span class='ocrx_word' id='word_1_778' title='bbox 1508 5012 1566 5064; x_wconf 91' lang='grc' dir='ltr'><strong>ἐν</strong></span> <span class='ocrx_word' id='word_1_779' title='bbox 1621 5011 1834 5085; x_wconf 78' lang='grc' dir='ltr'>ἀμαθίᾳ</span> <span class='ocrx_word' id='word_1_780' title='bbox 1875 5014 1973 5067; x_wconf 60' lang='grc' dir='ltr'><strong>καῖ⁹</strong></span> 
     </span>
    </p>
   </div>
   <div class='ocr_carea' id='block_1_99' title="bbox 376 5100 1969 5177">
    <p class='ocr_par' dir='ltr' id='par_1_99' title="bbox 376 5100 1969 5177">
     <span class='ocr_line' id='line_1_99' title="bbox 376 5100 1969 5177; baseline 0.003 -23"><span class='ocrx_word' id='word_1_781' title='bbox 376 5102 575 5173; x_wconf 73' lang='grc' dir='ltr'>πλάνῃ,</span> <span class='ocrx_word' id='word_1_782' title='bbox 635 5100 893 5172; x_wconf 86' lang='grc' dir='ltr'>καθάπερ</span> <span class='ocrx_word' id='word_1_783' title='bbox 928 5103 986 5155; x_wconf 83' lang='grc' dir='ltr'><strong>ἐν</strong></span> <span class='ocrx_word' id='word_1_784' title='bbox 1040 5101 1200 5157; x_wconf 66' lang='grc' dir='ltr'>νυκτὶ</span> <span class='ocrx_word' id='word_1_785' title='bbox 1246 5102 1341 5157; x_wconf 71' lang='grc' dir='ltr'><strong>καὶ</strong></span> <span class='ocrx_word' id='word_1_786' title='bbox 1395 5104 1574 5175; x_wconf 85' lang='grc' dir='ltr'>σκδτῳ</span> <span class='ocrx_word' id='word_1_787' title='bbox 1608 5103 1969 5177; x_wconf 87' lang='grc' dir='ltr'>διατρίϐουσι,</span> 
     </span>
    </p>
   </div>
   <div class='ocr_carea' id='block_1_100' title="bbox 374 5195 1972 5270">
    <p class='ocr_par' dir='ltr' id='par_1_100' title="bbox 374 5195 1972 5270">
     <span class='ocr_line' id='line_1_100' title="bbox 374 5195 1972 5270; baseline 0.004 -23"><span class='ocrx_word' id='word_1_788' title='bbox 374 5196 545 5266; x_wconf 81' lang='grc' dir='ltr'>πυρὸς</span> <span class='ocrx_word' id='word_1_789' title='bbox 576 5195 894 5267; x_wconf 81' lang='grc' dir='ltr'>ἀναλάμπει</span> <span class='ocrx_word' id='word_1_790' title='bbox 940 5196 1121 5268; x_wconf 87' lang='grc' dir='ltr'>δίκην,</span> <span class='ocrx_word' id='word_1_791' title='bbox 1161 5197 1257 5251; x_wconf 81' lang='grc' dir='ltr'><strong>τὸν</strong></span> <span class='ocrx_word' id='word_1_792' title='bbox 1283 5198 1474 5269; x_wconf 76' lang='grc' dir='ltr'>νοητὸν</span> <span class='ocrx_word' id='word_1_793' title='bbox 1520 5197 1763 5270; x_wconf 87' lang='grc' dir='ltr'>δηλονότι</span> <span class='ocrx_word' id='word_1_794' title='bbox 1801 5216 1972 5270; x_wconf 85' lang='grc' dir='ltr'>φωτι-</span> 
     </span>
    </p>
   </div>
   <div class='ocr_carea' id='block_1_101' title="bbox 373 5276 1970 5360">
    <p class='ocr_par' dir='ltr' id='par_1_101' title="bbox 373 5276 1970 5360">
     <span class='ocr_line' id='line_1_101' title="bbox 373 5276 1970 5360; baseline 0.004 -22"><span class='ocrx_word' id='word_1_795' title='bbox 373 5286 511 5356; x_wconf 79' lang='grc' dir='ltr'>σμὸν</span> <span class='ocrx_word' id='word_1_796' title='bbox 564 5276 907 5351; x_wconf 74' lang='grc' dir='ltr'>ἐνιεὶς,’τοῐς</span> <span class='ocrx_word' id='word_1_797' title='bbox 957 5304 1021 5357; x_wconf 85' lang='grc' dir='ltr'><strong>γε</strong></span> <span class='ocrx_word' id='word_1_798' title='bbox 1059 5287 1168 5359; x_wconf 85' lang='grc' dir='ltr'><strong>μὴν</strong></span> <span class='ocrx_word' id='word_1_799' title='bbox 1216 5288 1319 5360; x_wconf 72' lang='grc' dir='ltr'>ἢδη</span> <span class='ocrx_word' id='word_1_800' title='bbox 1371 5289 1833 5360; x_wconf 75' lang='grc' dir='ltr'>πεφωτισμένοις,</span> <span class='ocrx_word' id='word_1_801' title='bbox 1875 5291 1970 5344; x_wconf 76' lang='grc' dir='ltr'><strong>καὶ</strong></span> 
     </span>
    </p>
   </div>
   <div class='ocr_carea' id='block_1_102' title="bbox 368 5378 1969 5454">
    <p class='ocr_par' dir='ltr' id='par_1_102' title="bbox 368 5378 1969 5454">
     <span class='ocr_line' id='line_1_102' title="bbox 368 5378 1969 5454; baseline 0.001 -23"><span class='ocrx_word' id='word_1_802' title='bbox 368 5378 591 5450; x_wconf 73' lang='grc' dir='ltr'>ἡμέραν</span> <span class='ocrx_word' id='word_1_803' title='bbox 634 5378 855 5449; x_wconf 72' lang='grc' dir='ltr'>ἔχουσιν</span> <span class='ocrx_word' id='word_1_804' title='bbox 903 5379 962 5433; x_wconf 79' lang='grc' dir='ltr'><strong>ἐν</strong></span> <span class='ocrx_word' id='word_1_805' title='bbox 1011 5380 1210 5451; x_wconf 76' lang='grc' dir='ltr'>καρδίᾳ</span> <span class='ocrx_word' id='word_1_806' title='bbox 1264 5382 1365 5454; x_wconf 78' lang='grc' dir='ltr'>τὴν</span> <span class='ocrx_word' id='word_1_807' title='bbox 1424 5380 1644 5454; x_wconf 79' lang='grc' dir='ltr'>νοητὴν,</span> <span class='ocrx_word' id='word_1_808' title='bbox 1681 5382 1782 5454; x_wconf 78' lang='grc' dir='ltr'><strong>τὴν</strong></span> <span class='ocrx_word' id='word_1_809' title='bbox 1838 5384 1969 5453; x_wconf 85' lang='grc' dir='ltr'>παρ’</span> 
     </span>
    </p>
   </div>
   <div class='ocr_carea' id='block_1_103' title="bbox 366 5470 1969 5546">
    <p class='ocr_par' dir='ltr' id='par_1_103' title="bbox 366 5470 1969 5546">
     <span class='ocr_line' id='line_1_103' title="bbox 366 5470 1969 5546; baseline 0.003 -23"><span class='ocrx_word' id='word_1_810' title='bbox 366 5470 565 5523; x_wconf 83' lang='grc' dir='ltr'>ἑαυτοῦ</span> <span class='ocrx_word' id='word_1_811' title='bbox 619 5471 780 5524; x_wconf 87' lang='grc' dir='ltr'>σκιάν</span> <span class='ocrx_word' id='word_1_812' title='bbox 821 5488 881 5524; x_wconf 86' lang='grc' dir='ltr'><strong>τε</strong></span> <span class='ocrx_word' id='word_1_813' title='bbox 932 5473 1028 5527; x_wconf 73' lang='grc' dir='ltr'><strong>καὶ</strong></span> <span class='ocrx_word' id='word_1_814' title='bbox 1057 5473 1271 5545; x_wconf 84' lang='grc' dir='ltr'>σκέπην</span> <span class='ocrx_word' id='word_1_815' title='bbox 1303 5472 1679 5546; x_wconf 86' lang='grc' dir='ltr'>δωρούμενος,</span> <span class='ocrx_word' id='word_1_816' title='bbox 1716 5470 1811 5531; x_wconf 65' lang='grc' dir='ltr'><strong>καὶ</strong></span> <span class='ocrx_word' id='word_1_817' title='bbox 1847 5475 1969 5546; x_wconf 85' lang='grc' dir='ltr'>δρό-</span> 
     </span>
    </p>
   </div>
   <div class='ocr_carea' id='block_1_104' title="bbox 368 5565 1965 5641">
    <p class='ocr_par' dir='ltr' id='par_1_104' title="bbox 368 5565 1965 5641">
     <span class='ocr_line' id='line_1_104' title="bbox 368 5565 1965 5641; baseline 0.004 -24"><span class='ocrx_word' id='word_1_818' title='bbox 368 5581 486 5627; x_wconf 86' lang='grc' dir='ltr'>σοις</span> <span class='ocrx_word' id='word_1_819' title='bbox 534 5565 736 5629; x_wconf 72' lang='grc' dir='ltr'>αύτοὺς</span> <span class='ocrx_word' id='word_1_820' title='bbox 779 5568 1161 5621; x_wconf 88' lang='grc' dir='ltr'>καταπιαίνων</span> <span class='ocrx_word' id='word_1_821' title='bbox 1220 5574 1641 5641; x_wconf 82' lang='grc' dir='ltr'>πνευματικαῖς,</span> <span class='ocrx_word' id='word_1_822' title='bbox 1692 5570 1965 5637; x_wconf 82' lang='grc' dir='ltr'>τουτέστι,</span> 
     </span>
    </p>
   </div>
   <div class='ocr_carea' id='block_1_105' title="bbox 362 5655 1962 5735">
    <p class='ocr_par' dir='ltr' id='par_1_105' title="bbox 362 5655 1962 5735">
     <span class='ocr_line' id='line_1_105' title="bbox 362 5655 1962 5735; baseline 0.005 -25"><span class='ocrx_word' id='word_1_823' title='bbox 362 5659 491 5721; x_wconf 82' lang='grc' dir='ltr'>ταῖς</span> <span class='ocrx_word' id='word_1_824' title='bbox 520 5655 730 5711; x_wconf 85' lang='grc' dir='ltr'>ἄνωθέν</span> <span class='ocrx_word' id='word_1_825' title='bbox 758 5674 818 5710; x_wconf 89' lang='grc' dir='ltr'><strong>τε</strong></span> <span class='ocrx_word' id='word_1_826' title='bbox 848 5659 945 5712; x_wconf 62' lang='grc' dir='ltr'><strong>καὶ</strong></span> <span class='ocrx_word' id='word_1_827' title='bbox 975 5659 1065 5713; x_wconf 73' lang='grc' dir='ltr'><strong>διὰ</strong></span> <span class='ocrx_word' id='word_1_828' title='bbox 1091 5660 1186 5714; x_wconf 89' lang='grc' dir='ltr'><strong>τοῦ</strong></span> <span class='ocrx_word' id='word_1_829' title='bbox 1211 5662 1350 5715; x_wconf 83' lang='grc' dir='ltr'>Πνεύ</span> <span class='ocrx_word' id='word_1_830' title='bbox 1361 5680 1530 5733; x_wconf 87' lang='grc' dir='ltr'>ματος</span> <span class='ocrx_word' id='word_1_831' title='bbox 1561 5664 1962 5735; x_wconf 80' lang='grc' dir='ltr'>παρακλήσεσι.</span> 
     </span>
    </p>
   </div>
   <div class='ocr_carea' id='block_1_106' title="bbox 2079 4642 3678 4715">
    <p class='ocr_par' dir='ltr' id='par_1_106' title="bbox 2079 4642 3678 4715">
     <span class='ocr_line' id='line_1_106' title="bbox 2079 4642 3678 4715; baseline -0.003 -13"><span class='ocrx_word' id='word_1_832' title='bbox 2079 4654 2186 4711; x_wconf 87' lang='lat' dir='ltr'><strong>est,</strong></span> <span class='ocrx_word' id='word_1_833' title='bbox 2227 4653 2285 4702; x_wconf 93' lang='lat' dir='ltr'><strong>et</strong></span> <span class='ocrx_word' id='word_1_834' title='bbox 2314 4652 2569 4701; x_wconf 77' lang='lat' dir='ltr'><strong>exortum</strong></span> <span class='ocrx_word' id='word_1_835' title='bbox 2597 4659 2764 4715; x_wconf 90' lang='lat' dir='ltr'><strong>super</strong></span> <span class='ocrx_word' id='word_1_836' title='bbox 2793 4651 2999 4699; x_wconf 90' lang='lat' dir='ltr'><strong>terram</strong></span> <span class='ocrx_word' id='word_1_837' title='bbox 3040 4642 3179 4698; x_wconf 89' lang='lat' dir='ltr'><strong>illud</strong></span> <span class='ocrx_word' id='word_1_838' title='bbox 3208 4643 3563 4699; x_wconf 85' lang='lat' dir='ltr'><strong>verissimum</strong></span> <span class='ocrx_word' id='word_1_839' title='bbox 3591 4654 3678 4698; x_wconf 92' lang='lat' dir='ltr'><strong>ta-</strong></span> 
     </span>
    </p>
   </div>
   <div class='ocr_carea' id='block_1_107' title="bbox 2079 4736 3676 4808">
    <p class='ocr_par' dir='ltr' id='par_1_107' title="bbox 2079 4736 3676 4808">
     <span class='ocr_line' id='line_1_107' title="bbox 2079 4736 3676 4808; baseline -0.001 -15"><span class='ocrx_word' id='word_1_840' title='bbox 2079 4738 2440 4794; x_wconf 87' lang='lat' dir='ltr'><strong>bernaculum</strong></span> <span class='ocrx_word' id='word_1_841' title='bbox 2462 4779 2475 4803; x_wconf 91' lang='lat'><strong>,</strong></span> <span class='ocrx_word' id='word_1_842' title='bbox 2510 4736 2565 4793; x_wconf 91' lang='lat' dir='ltr'><strong>id</strong></span> <span class='ocrx_word' id='word_1_843' title='bbox 2596 4745 2679 4793; x_wconf 85' lang='lat' dir='ltr'><strong>est</strong></span> <span class='ocrx_word' id='word_1_844' title='bbox 2698 4778 2712 4801; x_wconf 87' lang='lat'><strong>,</strong></span> <span class='ocrx_word' id='word_1_845' title='bbox 2744 4736 2990 4793; x_wconf 87' lang='lat' dir='ltr'><strong>Ecclesia</strong></span> <span class='ocrx_word' id='word_1_846' title='bbox 3011 4777 3025 4802; x_wconf 90' lang='lat'><strong>,</strong></span> <span class='ocrx_word' id='word_1_847' title='bbox 3056 4736 3330 4807; x_wconf 89' lang='lat' dir='ltr'><strong>repletum</strong></span> <span class='ocrx_word' id='word_1_848' title='bbox 3374 4745 3460 4792; x_wconf 86' lang='lat' dir='ltr'><strong>est</strong></span> <span class='ocrx_word' id='word_1_849' title='bbox 3503 4736 3676 4808; x_wconf 80' lang='lat' dir='ltr'><strong>gloria</strong></span> 
     </span>
    </p>
   </div>
   <div class='ocr_carea' id='block_1_108' title="bbox 2078 4826 3679 4898">
    <p class='ocr_par' dir='ltr' id='par_1_108' title="bbox 2078 4826 3679 4898">
     <span class='ocr_line' id='line_1_108' title="bbox 2078 4826 3679 4898; baseline -0.002 -14"><span class='ocrx_word' id='word_1_850' title='bbox 2078 4828 2320 4885; x_wconf 88' lang='lat' dir='ltr'><strong>Christi:</strong></span> <span class='ocrx_word' id='word_1_851' title='bbox 2350 4844 2499 4893; x_wconf 88' lang='lat' dir='ltr'><strong>nam,</strong></span> <span class='ocrx_word' id='word_1_852' title='bbox 2525 4828 2670 4898; x_wconf 88' lang='lat' dir='ltr'><strong>quod</strong></span> <span class='ocrx_word' id='word_1_853' title='bbox 2702 4834 2860 4882; x_wconf 89' lang='lat' dir='ltr'><strong>vetus</strong></span> <span class='ocrx_word' id='word_1_854' title='bbox 2884 4826 3018 4881; x_wconf 90' lang='lat' dir='ltr'><strong>illud</strong></span> <span class='ocrx_word' id='word_1_855' title='bbox 3057 4826 3478 4881; x_wconf 81' lang='lat' dir='ltr'><strong>tabernaculum</strong></span> <span class='ocrx_word' id='word_1_856' title='bbox 3515 4842 3679 4897; x_wconf 88' lang='lat' dir='ltr'><strong>oper-</strong></span> 
     </span>
    </p>
   </div>
   <div class='ocr_carea' id='block_1_109' title="bbox 2079 4919 3676 4986">
    <p class='ocr_par' dir='ltr' id='par_1_109' title="bbox 2079 4919 3676 4986">
     <span class='ocr_line' id='line_1_109' title="bbox 2079 4919 3676 4986; baseline -0.001 -9"><span class='ocrx_word' id='word_1_857' title='bbox 2079 4931 2197 4977; x_wconf 88' lang='lat' dir='ltr'><strong>tum</strong></span> <span class='ocrx_word' id='word_1_858' title='bbox 2229 4929 2314 4977; x_wconf 88' lang='lat' dir='ltr'><strong>est</strong></span> <span class='ocrx_word' id='word_1_859' title='bbox 2346 4922 2517 4986; x_wconf 89' lang='lat' dir='ltr'><strong>nube,</strong></span> <span class='ocrx_word' id='word_1_860' title='bbox 2560 4921 2699 4976; x_wconf 91' lang='lat' dir='ltr'><strong>nihil</strong></span> <span class='ocrx_word' id='word_1_861' title='bbox 2727 4921 2898 4986; x_wconf 89' lang='lat' dir='ltr'><strong>aliud,</strong></span> <span class='ocrx_word' id='word_1_862' title='bbox 2937 4936 3059 4975; x_wconf 84' lang='lat' dir='ltr'><strong>mea</strong></span> <span class='ocrx_word' id='word_1_863' title='bbox 3094 4920 3390 4985; x_wconf 86' lang='lat' dir='ltr'><strong>sententia,</strong></span> <span class='ocrx_word' id='word_1_864' title='bbox 3428 4919 3535 4975; x_wconf 91' lang='lat' dir='ltr'><strong>nisi</strong></span> <span class='ocrx_word' id='word_1_865' title='bbox 3567 4921 3676 4975; x_wconf 91' lang='lat' dir='ltr'><strong>hoc</strong></span> 
     </span>
    </p>
   </div>
   <div class='ocr_carea' id='block_1_110' title="bbox 2079 5012 3680 5085">
    <p class='ocr_par' dir='ltr' id='par_1_110' title="bbox 2079 5012 3680 5085">
     <span class='ocr_line' id='line_1_110' title="bbox 2079 5012 3680 5085; baseline -0.001 -16"><span class='ocrx_word' id='word_1_866' title='bbox 2079 5012 2369 5084; x_wconf 85' lang='lat' dir='ltr'><strong>signiﬁcat.</strong></span> <span class='ocrx_word' id='word_1_867' title='bbox 2405 5012 2515 5068; x_wconf 89' lang='lat' dir='ltr'><strong>Sua</strong></span> <span class='ocrx_word' id='word_1_868' title='bbox 2540 5013 2706 5085; x_wconf 89' lang='lat' dir='ltr'><strong>igitur</strong></span> <span class='ocrx_word' id='word_1_869' title='bbox 2728 5014 2901 5085; x_wconf 86' lang='lat' dir='ltr'><strong>gloria</strong></span> <span class='ocrx_word' id='word_1_870' title='bbox 2926 5012 3181 5069; x_wconf 88' lang='lat' dir='ltr'><strong>Christus</strong></span> <span class='ocrx_word' id='word_1_871' title='bbox 3208 5013 3457 5083; x_wconf 85' lang='lat' dir='ltr'><strong>implevit</strong></span> <span class='ocrx_word' id='word_1_872' title='bbox 3485 5012 3680 5067; x_wconf 77' lang='lat' dir='ltr'><strong>Eccle—</strong></span> 
     </span>
    </p>
   </div>
   <div class='ocr_carea' id='block_1_111' title="bbox 2076 5105 3671 5176">
    <p class='ocr_par' dir='ltr' id='par_1_111' title="bbox 2076 5105 3671 5176">
     <span class='ocr_line' id='line_1_111' title="bbox 2076 5105 3671 5176; baseline -0.002 -15"><span class='ocrx_word' id='word_1_873' title='bbox 2076 5106 2247 5173; x_wconf 52' lang='lat' dir='ltr'><strong>si‘am;</strong></span> <span class='ocrx_word' id='word_1_874' title='bbox 2275 5114 2331 5161; x_wconf 89' lang='lat' dir='ltr'><strong>et</strong></span> <span class='ocrx_word' id='word_1_875' title='bbox 2358 5106 2425 5162; x_wconf 91' lang='lat' dir='ltr'><strong>iis</strong></span> <span class='ocrx_word' id='word_1_876' title='bbox 2448 5106 2673 5176; x_wconf 89' lang='lat' dir='ltr'><strong>quidem</strong></span> <span class='ocrx_word' id='word_1_877' title='bbox 2723 5105 2817 5176; x_wconf 90' lang='lat' dir='ltr'><strong>qui</strong></span> <span class='ocrx_word' id='word_1_878' title='bbox 2852 5105 2908 5160; x_wconf 91' lang='lat' dir='ltr'><strong>in</strong></span> <span class='ocrx_word' id='word_1_879' title='bbox 2942 5105 3159 5161; x_wconf 89' lang='lat' dir='ltr'><strong>inscitia</strong></span> <span class='ocrx_word' id='word_1_880' title='bbox 3198 5114 3254 5159; x_wconf 90' lang='lat' dir='ltr'><strong>ct</strong></span> <span class='ocrx_word' id='word_1_881' title='bbox 3296 5119 3509 5168; x_wconf 88' lang='lat' dir='ltr'><strong>errore,</strong></span> <span class='ocrx_word' id='word_1_882' title='bbox 3546 5111 3671 5159; x_wconf 89' lang='lat' dir='ltr'><strong>tan-</strong></span> 
     </span>
    </p>
   </div>
   <div class='ocr_carea' id='block_1_112' title="bbox 2077 5196 3674 5269">
    <p class='ocr_par' dir='ltr' id='par_1_112' title="bbox 2077 5196 3674 5269">
     <span class='ocr_line' id='line_1_112' title="bbox 2077 5196 3674 5269; baseline 0 -17"><span class='ocrx_word' id='word_1_883' title='bbox 2077 5214 2243 5269; x_wconf 90' lang='lat' dir='ltr'><strong>quam</strong></span> <span class='ocrx_word' id='word_1_884' title='bbox 2287 5198 2344 5252; x_wconf 89' lang='lat' dir='ltr'><strong>in</strong></span> <span class='ocrx_word' id='word_1_885' title='bbox 2385 5206 2548 5254; x_wconf 87' lang='lat' dir='ltr'><strong>nocte</strong></span> <span class='ocrx_word' id='word_1_886' title='bbox 2578 5214 2645 5253; x_wconf 90' lang='lat' dir='ltr'><strong>ac</strong></span> <span class='ocrx_word' id='word_1_887' title='bbox 2689 5198 2936 5253; x_wconf 86' lang='lat' dir='ltr'><strong>tenebris</strong></span> <span class='ocrx_word' id='word_1_888' title='bbox 2969 5205 3282 5261; x_wconf 84' lang='lat' dir='ltr'><strong>versantur,</strong></span> <span class='ocrx_word' id='word_1_889' title='bbox 3328 5196 3468 5268; x_wconf 88' lang='lat' dir='ltr'><strong>ignis</strong></span> <span class='ocrx_word' id='word_1_890' title='bbox 3499 5197 3674 5252; x_wconf 90' lang='lat' dir='ltr'><strong>instar</strong></span> 
     </span>
    </p>
   </div>
   <div class='ocr_carea' id='block_1_113' title="bbox 2077 5280 3675 5363">
    <p class='ocr_par' dir='ltr' id='par_1_113' title="bbox 2077 5280 3675 5363">
     <span class='ocr_line' id='line_1_113' title="bbox 2077 5280 3675 5363; baseline -0.001 -16"><span class='ocrx_word' id='word_1_891' title='bbox 2077 5289 2322 5362; x_wconf 80' lang='lat' dir='ltr'><strong>effulget,</strong></span> <span class='ocrx_word' id='word_1_892' title='bbox 2348 5292 2691 5363; x_wconf 89' lang='lat' dir='ltr'><strong>spiritualem</strong></span> <span class='ocrx_word' id='word_1_893' title='bbox 2715 5291 2978 5347; x_wconf 90' lang='lat' dir='ltr'><strong>nimirum</strong></span> <span class='ocrx_word' id='word_1_894' title='bbox 3012 5280 3436 5346; x_wconf 87' lang='lat' dir='ltr'><strong>illustrationem</strong></span> <span class='ocrx_word' id='word_1_895' title='bbox 3468 5292 3675 5346; x_wconf 87' lang='lat' dir='ltr'><strong>immit-</strong></span> 
     </span>
    </p>
   </div>
   <div class='ocr_carea' id='block_1_114' title="bbox 2075 5384 3672 5458">
    <p class='ocr_par' dir='ltr' id='par_1_114' title="bbox 2075 5384 3672 5458">
     <span class='ocr_line' id='line_1_114' title="bbox 2075 5384 3672 5458; baseline 0.001 -20"><span class='ocrx_word' id='word_1_896' title='bbox 2075 5392 2230 5449; x_wconf 91' lang='lat' dir='ltr'><strong>tens;</strong></span> <span class='ocrx_word' id='word_1_897' title='bbox 2258 5385 2532 5442; x_wconf 79' lang='lat' dir='ltr'><strong>iis&#39;autem</strong></span> <span class='ocrx_word' id='word_1_898' title='bbox 2556 5385 2655 5455; x_wconf 83' lang='lat' dir='ltr'><strong>qui</strong></span> <span class='ocrx_word' id='word_1_899' title='bbox 2677 5387 2790 5458; x_wconf 86' lang='lat' dir='ltr'><strong>jam</strong></span> <span class='ocrx_word' id='word_1_900' title='bbox 2840 5384 3137 5439; x_wconf 88' lang='lat' dir='ltr'><strong>illuminati</strong></span> <span class='ocrx_word' id='word_1_901' title='bbox 3164 5392 3311 5448; x_wconf 88' lang='lat' dir='ltr'><strong>sunt,</strong></span> <span class='ocrx_word' id='word_1_902' title='bbox 3342 5395 3399 5440; x_wconf 91' lang='lat' dir='ltr'><strong>et</strong></span> <span class='ocrx_word' id='word_1_903' title='bbox 3433 5401 3672 5456; x_wconf 89' lang='lat' dir='ltr'><strong>quorum</strong></span> 
     </span>
    </p>
   </div>
   <div class='ocr_carea' id='block_1_115' title="bbox 2074 5476 3672 5550">
    <p class='ocr_par' dir='ltr' id='par_1_115' title="bbox 2074 5476 3672 5550">
     <span class='ocr_line' id='line_1_115' title="bbox 2074 5476 3672 5550; baseline 0.003 -20"><span class='ocrx_word' id='word_1_904' title='bbox 2074 5476 2129 5530; x_wconf 91' lang='lat' dir='ltr'><strong>in</strong></span> <span class='ocrx_word' id='word_1_905' title='bbox 2159 5476 2326 5532; x_wconf 91' lang='lat' dir='ltr'><strong>corde</strong></span> <span class='ocrx_word' id='word_1_906' title='bbox 2353 5477 2657 5548; x_wconf 90' lang='lat' dir='ltr'><strong>spiritualis</strong></span> <span class='ocrx_word' id='word_1_907' title='bbox 2689 5478 2868 5533; x_wconf 84' lang='lat' dir='ltr'><strong>illuxit</strong></span> <span class='ocrx_word' id='word_1_908' title='bbox 2909 5477 3049 5542; x_wconf 91' lang='lat' dir='ltr'><strong>dies,</strong></span> <span class='ocrx_word' id='word_1_909' title='bbox 3084 5493 3115 5532; x_wconf 88' lang='lat' dir='ltr'><strong>a</strong></span> <span class='ocrx_word' id='word_1_910' title='bbox 3149 5492 3209 5533; x_wconf 91' lang='lat' dir='ltr'><strong>se</strong></span> <span class='ocrx_word' id='word_1_911' title='bbox 3251 5478 3513 5534; x_wconf 24' lang='lat' dir='ltr'><strong>umbram.</strong></span> <span class='ocrx_word' id='word_1_912' title='bbox 3539 5496 3672 5550; x_wconf 88' lang='lat' dir='ltr'><strong>pro-</strong></span> 
     </span>
    </p>
   </div>
   <div class='ocr_carea' id='block_1_116' title="bbox 2070 5569 3670 5643">
    <p class='ocr_par' dir='ltr' id='par_1_116' title="bbox 2070 5569 3670 5643">
     <span class='ocr_line' id='line_1_116' title="bbox 2070 5569 3670 5643; baseline 0.003 -20"><span class='ocrx_word' id='word_1_913' title='bbox 2070 5569 2478 5641; x_wconf 88' lang='lat' dir='ltr'><strong>tectionemque</strong></span> <span class='ocrx_word' id='word_1_914' title='bbox 2501 5571 2753 5643; x_wconf 87' lang='lat' dir='ltr'><strong>largitur,</strong></span> <span class='ocrx_word' id='word_1_915' title='bbox 2780 5588 2843 5628; x_wconf 91' lang='lat' dir='ltr'><strong>ac</strong></span> <span class='ocrx_word' id='word_1_916' title='bbox 2871 5571 3147 5642; x_wconf 89' lang='lat' dir='ltr'><strong>spirituali</strong></span> <span class='ocrx_word' id='word_1_917' title='bbox 3175 5587 3325 5638; x_wconf 90' lang='lat' dir='ltr'><strong>rore,</strong></span> <span class='ocrx_word' id='word_1_918' title='bbox 3356 5573 3409 5628; x_wconf 92' lang='lat' dir='ltr'><strong>id</strong></span> <span class='ocrx_word' id='word_1_919' title='bbox 3437 5582 3543 5637; x_wconf 84' lang='lat' dir='ltr'><strong>est,</strong></span> <span class='ocrx_word' id='word_1_920' title='bbox 3572 5588 3670 5627; x_wconf 87' lang='lat' dir='ltr'><strong>su-</strong></span> 
     </span>
    </p>
   </div>
   <div class='ocr_carea' id='block_1_117' title="bbox 2070 5661 3670 5735">
    <p class='ocr_par' dir='ltr' id='par_1_117' title="bbox 2070 5661 3670 5735">
     <span class='ocr_line' id='line_1_117' title="bbox 2070 5661 3670 5735; baseline 0.001 -18"><span class='ocrx_word' id='word_1_921' title='bbox 2070 5661 2260 5734; x_wconf 91' lang='lat' dir='ltr'><strong>pernis</strong></span> <span class='ocrx_word' id='word_1_922' title='bbox 2304 5671 2360 5718; x_wconf 91' lang='lat' dir='ltr'><strong>et</strong></span> <span class='ocrx_word' id='word_1_923' title='bbox 2421 5679 2521 5735; x_wconf 88' lang='lat' dir='ltr'><strong>per</strong></span> <span class='ocrx_word' id='word_1_924' title='bbox 2564 5662 2833 5735; x_wconf 88' lang='lat' dir='ltr'><strong>Spiritum</strong></span> <span class='ocrx_word' id='word_1_925' title='bbox 2878 5664 3147 5720; x_wconf 87' lang='lat' dir='ltr'><strong>adhibitis</strong></span> <span class='ocrx_word' id='word_1_926' title='bbox 3193 5665 3670 5721; x_wconf 83' lang='lat' dir='ltr'><strong>consolationibus</strong></span> 
     </span>
    </p>
   </div>
   <div class='ocr_carea' id='block_1_118' title="bbox 437 5838 2137 5911">
    <p class='ocr_par' dir='ltr' id='par_1_118' title="bbox 437 5838 2137 5911">
     <span class='ocr_line' id='line_1_118' title="bbox 437 5838 2137 5911; baseline 0.004 -16"><span class='ocrx_word' id='word_1_927' title='bbox 437 5838 486 5869; x_wconf 82' lang='lat'><strong>&quot;</strong></span> <span class='ocrx_word' id='word_1_928' title='bbox 507 5838 835 5909; x_wconf 73' lang='lat' dir='ltr'><strong>Matth.xv1,</strong></span> <span class='ocrx_word' id='word_1_929' title='bbox 855 5843 944 5897; x_wconf 71' lang='grc'><strong>24.</strong></span> <span class='ocrx_word' id='word_1_930' title='bbox 1012 5841 1229 5897; x_wconf 70' lang='lat' dir='ltr'><strong>“Joan.</strong></span> <span class='ocrx_word' id='word_1_931' title='bbox 1259 5857 1385 5905; x_wconf 83' lang='lat' dir='ltr'><strong>xvn,</strong></span> <span class='ocrx_word' id='word_1_932' title='bbox 1414 5842 1503 5897; x_wconf 64' lang='lat'><strong>21.</strong></span> <span class='ocrx_word' id='word_1_933' title='bbox 1570 5845 1613 5875; x_wconf 72' lang='grc'><em>³⁵</em></span> <span class='ocrx_word' id='word_1_934' title='bbox 1637 5840 1798 5899; x_wconf 72' lang='lat' dir='ltr'><strong>Num.</strong></span> <span class='ocrx_word' id='word_1_935' title='bbox 1831 5860 1904 5911; x_wconf 79' lang='lat' dir='ltr'><strong>ix,</strong></span> <span class='ocrx_word' id='word_1_936' title='bbox 1936 5844 2137 5901; x_wconf 43' lang='lat'><strong>15-23..</strong></span> 
     </span>
    </p>
   </div>
   <div class='ocr_carea' id='block_1_119' title="bbox 694 5936 1436 5998">
    <p class='ocr_par' dir='ltr' id='par_1_119' title="bbox 694 5936 1436 5998">
     <span class='ocr_line' id='line_1_119' title="bbox 694 5936 1436 5998; baseline 0.001 -2"><span class='ocrx_word' id='word_1_937' title='bbox 694 5936 967 5998; x_wconf 80' lang='lat' dir='ltr'><strong>PATROL.</strong></span> <span class='ocrx_word' id='word_1_938' title='bbox 1017 5937 1130 5998; x_wconf 85' lang='lat' dir='ltr'><strong>Gn.</strong></span> <span class='ocrx_word' id='word_1_939' title='bbox 1179 5937 1436 5997; x_wconf 80' lang='lat' dir='ltr'><strong>LXVIII.</strong></span> 
     </span>
    </p>
   </div>
   <div class='ocr_carea' id='block_1_120' title="bbox 3182 5902 3263 6003">
    <p class='ocr_par' dir='ltr' id='par_1_120' title="bbox 3182 5902 3263 6003">
     <span class='ocr_line' id='line_1_120' title="bbox 3182 5902 3263 6003; baseline -0.037 0"><span class='ocrx_word' id='word_1_940' title='bbox 3182 5902 3263 6003; x_wconf 28' lang='lat'><strong>‘13</strong></span> 
     </span>
    </p>
   </div>
  </div>
