4104 6446
428 284 538 365 395

1476 285 1847 379 είεγῐιιηι
1888 290 2361 351 ALEXANDRINI
2397 297 2718 358 ABCIIIEP.

3601 321 3708 383 396
3730 367 3745 377 .

427 372 553 460 illos
582 403 885 474 impingnat
917 422 929 458 :
958 404 1063 491 hoc
1089 402 1235 458 enim
1277 410 1380 467 est,
1407 378 1555 472 quod
1581 413 1843 475 tanquam
1878 406 1987 478 igni

2093 410 2431 510 ,T-o-Stoqa'tp
2481 416 2597 510 ἐστι
2642 420 2702 472 τὸ
2744 421 2819 485 ὡς
2855 424 2912 477 ἐν
2959 425 3091 482 εἴδει
3143 428 3241 501 μὲν
3281 434 3452 506 πυρὸς
3477 436 3706 510 δρᾶσθαι

427 498 609 569 specie
635 497 854 555 videtur
886 511 982 569 per
1002 482 1259 559 noctem,
1284 495 1450 553 nubis
1489 506 1670 552 autem
1700 500 1882 569 specie
1914 516 2015 571 per

425 587 596 643 diem.
617 586 753 643 Nam
776 585 959 645 adhuc
994 583 1185 656 pueris
1214 584 1579 643 illustratione
1618 595 1781 658 atque
1805 589 2012 645 illumi-

344 680 349 683 ’
427 680 649 736 natione
681 694 821 751 opus
842 687 981 745 erat,
1006 692 1128 749 qua:
1151 676 1274 733 illos
1296 677 1364 733 ad
1389 675 1485 734 Dei
1517 679 1887 750 cognitionem
1913 681 2011 736 ad-

427 773 695 829 duceret:
747 771 785 828 ii
826 787 961 828 vero
999 770 1092 843 qui
1121 785 1287 845 supra
1314 769 1414 829 hos
1449 778 1629 836 erant,
1651 772 1874 842 jamque
1910 788 2011 842 per

428 864 590 921 ﬁdem
630 863 906 929 illustrati,
948 864 1289 934 protectione
1349 870 1514 932 atque
1549 861 1755 919 auxilio
1796 860 2010 932 indige-

426 956 578 1022 bant,
642 963 705 1010 ut
756 964 951 1015 aestum
1010 954 1300 1026 praesentis
1357 955 1483 1010 vita:
1524 969 1587 1009 ac
1626 954 1842 1025 pondus
1897 954 2007 1008 diei

423 1050 668 1121 perferre
697 1048 916 1107 fortiter
942 1054 1169 1119 possent
1194 1065 1207 1101 :
1235 1062 1363 1103 nam
1395 1067 1412 1098 ι
1443 1046 1647 1103 Omnes
1689 1050 1782 1120 qui
1817 1050 2009 1104 volunt

421 1145 510 1213 pie
528 1143 717 1199 vivere
745 1142 801 1197 in
833 1141 1077 1206 Christo,
1112 1140 1552 1210 persecutionem
1579 1142 1858 1212 patientur
1881 1144 1945 1197 “.
1982 1162 1997 1194 ι

420 1236 614 1299 Porro,
631 1233 951 1290 discedente
975 1233 1144 1299 nube,
1168 1231 1582 1288 tabernaculum
1605 1248 1823 1305 quoque
1844 1233 2006 1291 simul

421 1323 818 1393 proﬁciscitur;
844 1331 901 1378 et
930 1338 1038 1378 una
1064 1336 1190 1377 cum
1215 1320 1309 1377 illo
1339 1321 1486 1378 idem
1513 1322 1789 1379 faciebant
1810 1323 1905 1379 ﬁlii
1930 1324 2007 1379 ls-

418 1421 530 1479 rael
581 1439 593 1474 :
636 1419 920 1477 Christum
974 1419 1124 1474 enim
1178 1418 1386 1491 ubique
1434 1417 1684 1490 sequitur
1724 1418 2003 1486 Ecclesia,

418 1520 717 1582 sanctaque
755 1510 848 1566 illa
875 1510 1172 1566 multitudo
1194 1510 1560 1576 credentium,
1599 1509 1668 1565 ab
1692 1524 1759 1566 eo
1786 1508 1880 1585 qui
1905 1526 2004 1565 vo-

415 1613 504 1659 cat
530 1603 586 1658 in
613 1602 867 1669 salutem,
895 1618 1177 1674 nunquam
1200 1602 1552 1675 disiungitur.

485 1691 683 1750 PALL.
718 1694 992 1762 Quidnam
1026 1711 1160 1751 vero
1187 1694 1585 1768 profectionem
1620 1701 1888 1761 nostram,
1914 1705 1999 1750 at-

2121 502 2222 598 την
2251 504 2443 598 νύκτα,
2481 509 2539 560 ὲν
2563 509 2620 563 δὲ
2670 512 2800 566 εῖδει
2840 517 3092 590 νεφέλης,
3124 522 3226 593 τὴν
3263 502 3523 598 ἡμέραν..
3557 532 3701 595 Ἔδει

2121 595 2250 695 γὰρ,
2283 597 2533 695 εδειιτοῖς
2574 601 2674 673 μὲν
2708 604 2788 658 ἔτι
2824 610 3039 679 νηπίοις
3073 595 3355 687 φωτισμοῦ
3380 595 3480 673 καὶ
3508 620 3696 695 ἐλλάμο

2118 687 2297 755 ψεως,
2349 690 2449 761 τῆς
2500 693 2881 768 ἀποφερούσης
2933 702 3013 767 είς
3059 703 3422 775 θεογνωσίανο
3480 715 3591 777 τοῖς
3641 687 3704 769 δὲ

2118 779 2325 837 τούτων
2350 784 2609 858 ἀνωτέρω
2656 789 2748 842 καὶ
2795 789 3305 869 λελαμπρυσμένοις
3332 801 3421 856 διὰ
3461 804 3560 876 τῆς
3611 804 3699 859 πί-

2122 889 2317 965 στεως,
2354 876 2566 949 σκέπης
2603 880 2697 933 καὶ
2731 882 3072 956 ἐπικουρίας,
3101 888 3176 953 ὡς
3201 889 3267 944 ἂν
3300 890 3546 953 δύναιντο
3580 909 3688 965 γεν

2117 964 2282 1030 ναίως
2307 966 2604 1037 διενεγκεῖν
2624 970 2720 1026 τοῦ
2749 974 3015 1047 παρόντος
3040 977 3157 1048 βίου
3188 979 3280 1041 τὸν
3308 982 3568 1040 καύσωνα
3596 964 3702 1041 καὶ

2116 1054 2215 1145 τῆς
2252 1058 2465 1129 ἡμέρας
2511 1062 2571 1117 τὸ
2618 1062 2824 1135 βάρος·
2889 1085 2908 1118 ι
2951 1069 3161 1135 Πάντες
3208 1072 3318 1145 γὰρ
3367 1077 3418 1128 οἱ
3453 1075 3702 1144 θέλοντες

2117 1142 2216 1216 ζῇν
2241 1148 2484 1239 εύσεΰῶς
2518 1153 2575 1205 ἐν
2596 1154 2837 1226 Χριστῷ,
2862 1142 3301 1231 διωχθήσονται.⁷
3330 1182 3349 1216 ι
3402 1142 3692 1239 Ἀπαιρούξ

2118 1252 2216 1305 σης
2363 1239 2464 1330 τῆς
2513 1244 2761 1317 νεφέλης,
2796 1249 3122 1322 συναπαίρει
3164 1253 3260 1307 καὶ
3294 1255 3328 1326 ἡ
3357 1237 3700 1330 σκηνὴίκαὶ

2115 1328 2494 1402 καταλυούσης
2541 1337 2994 1409 συγκαθίσταται,
3049 1343 3143 1397 καὶ
3192 1346 3290 1400 σὺν
3341 1328 3479 1420 αὐτῇ
3519 1328 3701 1405 τοῦτο

2114 1417 2282 1513 ἔδρων
2315 1422 2363 1513 oi
2396 1422 2457 1491 ἐξ
2493 1424 2728 1499 Ἰσραήλ·
2767 1429 2958 1491 ἕπεται
3004 1433 3113 1505 γὰρ
3146 1436 3179 1508 η
3231 1417 3527 1513 Ἐκκλησία
3554 1460 3695 1497 παν·

2112 1506 2255 1604 ταχῇ
2293 1511 2371 1604 τῷ
2399 1514 2643 1588 Χριστῷ,
2691 1520 2783 1574 καὶ
2809 1523 2842 1594 ή
2873 1522 2980 1577 τῶν
3010 1506 3374 1583 πιστευόντων
3400 1506 3532 1599 ἀγία
3559 1532 3698 1604 πλη-

2112 1597 2209 1665 θὺς
2236 1602 2329 1656 τοῦ
2358 1605 2652 1673 καλοῦντος
2678 1612 2757 1683 εἰς
2786 1613 3061 1684 σωτηρίαν
3090 1616 3191 1670 οὐκ
3219 1597 3664 1691 ἁπονοσφίζεταιξ

2183 1693 2392 1769 ΠΛΛΛ,
2453 1699 2562 1757 Καὶ
2616 1699 2700 1773 τίς
2753 1702 2819 1757 ἃν
2865 1708 3036 1765 νοοῖτο
3092 1709 3253 1780 τυχὸν
3286 1711 3322 1783 ἦ
3360 1730 3420 1767 τε
3453 1712 3693 1787 ἄπαρσις

413 1805 521 1859 que
570 1789 788 1847 itineris
830 1789 1216 1853 cessationem,
1258 1797 1540 1860 prmeunte
1588 1803 1654 1845 ac
1692 1788 1988 1847 deducentt

2103 1787 2264 1859 ἡμῶν
2295 1791 2389 1849 καὶ
2417 1792 2450 1862 ἠ
2480 1792 2796 1860 κατάλυσις,
2850 1794 3281 1868 προϐιθάζοντός
3304 1820 3362 1857 τε
3393 1806 3489 1861 καὶ
3522 1786 3693 1879 ἡγου-

410 1881 654 1947 Christo,
679 1881 1012 1939 intellecturi
1036 1881 1261 1937 sumus?

482 1972 647 2039 CYB.
669 1973 891 2030 Nullum
916 1982 1001 2030 est
1025 1973 1170 2031 inter
1194 1973 1312 2029 haec
1339 1971 1641 2043 Scriptura:
1661 1973 1854 2040 verba,
1880 1988 2001 2028 mea

410 2064 636 2136 quidem
677 2066 970 2130 sententia,
1010 2065 1344 2134 discrimen;
1370 2080 1494 2123 cum
1520 2073 1632 2122 tam
1654 2065 1762 2120 hoc
1799 2064 1999 2137 ipsum,

409 2159 572 2215 simul
596 2171 722 2214 cum
756 2158 905 2214 nube
930 2157 1225 2229 proﬁcisci,
1266 2172 1433 2230 quam
1479 2156 1635 2225 illud,
1662 2157 1828 2213 simul
1865 2173 2000 2212 con-

406 2252 623 2315 sistere,
671 2249 901 2322 ﬁguram
945 2250 1112 2306 veluti
1165 2250 1462 2322 quamdam
1502 2250 1758 2309 ostendat
1798 2257 2001 2307 nostrae

406 2343 723 2409 voluntatis,
750 2357 861 2414 qua
878 2357 1006 2399 cum
1029 2343 1281 2399 Decesse
1304 2343 1578 2414 cupimus.
1596 2342 1825 2409 Tamen,
1852 2350 1914 2398 ut
1930 2340 2000 2396 ad

405 2433 850 2506 intelligentiam,
894 2446 1060 2502 quam
1100 2432 1338 2489 maxime
1364 2431 1486 2489 ﬁeri
1512 2431 1717 2503 poterit
1740 2432 1998 2489 subtilem

401 2525 648 2583 animum
674 2525 1037 2596 appellamus,
1062 2522 1197 2577 illud
1215 2522 1487 2588 dicemus,
1513 2523 1750 2594 primam
1775 2524 1996 2594 quidem

402 2619 801 2692 profectionem
829 2633 973 2685 esse,
1005 2633 1115 2688 qua
1148 2617 1219 2672 ab
1262 2615 1588 2673 inﬁdelitate
1622 2616 1691 2674 ad
1733 2616 1919 2685 ﬁdem,
1942 2630 1998 2676 et

402 2714 474 2770 ab
497 2711 807 2784 ignorantia
840 2710 908 2767 ad
930 2709 1328 2781 cognitionem,
1379 2718 1437 2764 et
1474 2709 1546 2765 ab
1588 2708 1808 2769 inscitia
1849 2711 1997 2767 illius

402 2801 497 2872 qui
536 2809 734 2859 natura
761 2815 1001 2870 vereque
1030 2800 1177 2856 Deus
1209 2808 1316 2865 est,
1341 2798 1410 2854 ad
1447 2799 1653 2855 claram
1687 2800 1809 2871 ejus
1847 2801 1995 2857 noti-

404 2894 558 2957 tiam,
583 2892 680 2963 qui
707 2890 1091 2948 universarum
1129 2904 1316 2946 rerum
1342 2897 1399 2944 et
1420 2887 1685 2951 Dominus
1713 2896 1770 2944 et
1790 2887 1993 2949 Condi-

403 2990 491 3035 tor
525 2987 630 3045 est,
674 2977 1096 3049 proficiscimur.
1142 2977 1415 3033 Profectio
1458 2985 1642 3034 autem
1688 2985 1815 3048 post
1853 2978 1996 3037 hanc

400 3071 567 3128 modo
610 3070 814 3127 dictam
852 3069 1096 3127 secunda
1130 3078 1238 3135 est,
1265 3085 1441 3141 eaque
1485 3070 1759 3140 perutilis,
1790 3086 1914 3127 cum
1961 3088 1992 3131 a

2109 1879 2273 1949 μένου
2304 1882 2543 1952 Χριστοῦ
2562 1901 2577 1952 ;

2176 1973 2340 2067 ΙΫΥΡ.
2369 1974 2777 2067 ΔἈδιαφορήσει
2830 1980 2930 2050 μέν
2987 2000 3103 2052 πως
3156 1984 3214 2047 εν
3254 2002 3316 2056 γε
3357 1988 3422 2067 δὴ
3479 1990 3693 2058 τούτοις

2103 2064 2236 2134 ἡμῖν
2286 2067 2315 2118 ό
2368 2064 2543 2136 λόγος,
2599 2069 2769 2123 τύπον
2823 2070 3013 2144 ὥσπερ
3068 2075 3188 2130 τινά
3241 2064 3690 2146 καταδεικνύντος

2103 2157 2234 2227 ἡμῖν
2260 2156 2354 2211 τοῦ
2398 2158 2574 2217 θέλειν
2614 2157 2754 2214 εἶναι
2784 2164 2925 2234 μετά
2961 2165 3094 2219 Θεοῦ
3127 2168 3221 2222 τοῦ
3248 2187 3306 2225 τε
3331 2175 3693 2246 συναπαίρειν

2101 2246 2194 2299 καὶ
2230 2249 2697 2316 συγκαθίστασθαι
2730 2257 2795 2326 τῇ
2819 2255 3039 2330 νεφέλῃ·
3072 2258 3213 2330 πλὴν
3244 2264 3323 2327 εἰς
3356 2267 3565 2333 ἐννοίας
3611 2267 3691 2334 ὡς

2101 2336 2179 2389 ἔνι
2214 2338 2416 2405 λεπτὰς
2452 2341 2543 2395 τὸν
2568 2342 2690 2397 νοῦν
2712 2344 2964 2414 ἐνιέντες,
3011 2350 3169 2404 πάλιν
3203 2353 3381 2408 ἐκεῖνο
3424 2356 3679 2430 ἐροῦμεν,

2099 2430 2180 2484 ὅτι
2236 2429 2425 2504 πρώτη
2462 2433 2564 2504 μὲν
2597 2434 2841 2509 ἄπαρσις
2872 2442 2904 2510 ἠ
2951 2439 3314 2511 ἐξπάπιστίας
3350 2448 3431 2512 είς
3460 2429 3686 2518 πίστιν,

2099 2521 2193 2575 καὶ
2226 2521 2286 2588 ἐξ
2306 2522 2528 2591 ἀγνοίας
2559 2527 2640 2592 είς
2678 2527 2897 2595 γνῶσιν,
2931 2534 3023 2586 καὶ
3052 2534 3118 2587 ὲκ
3142 2535 3237 2589 τοῦ
3250 2527 3346 2610 ’μὴ
3373 2539 3572 2594 εἰδέναι
3598 2543 3690 2610 τίς

2095 2617 2124 2666 ό
2159 2613 2319 2683 φύσει
2353 2631 2413 2668 τε
2443 2617 2540 2673 καὶ
2575 2618 2799 2692 ἀληθῶς
2838 2622 2998 2693 Θεὸς,
3041 2625 3134 2679 ἐπὶ
3186 2629 3246 2682 τὸ
3268 2630 3465 2686 εἰδέναι
3498 2635 3687 2704 σαφῶς

2095 2706 2186 2759 τὸν
2238 2707 2348 2761 τῶν
2397 2708 2534 2763 ὅλων
2587 2713 2864 2785 Δεσπότην
2904 2718 2995 2772 καὶ
3025 2718 3284 2867 Ποιητὲν.
3320 2724 3591 2798 ’Δπαρσις
3623 2724 3685 2780 δὲ

2095 2797 2285 2867 ὥσπερ
2341 2802 2461 2867 μετ’
2505 2802 2723 2867 ἐκείνην
2772 2806 2999 2867 δευτέρα
3049 2811 3145 2866 καὶ
3232 2814 3506 2867 meeum.
3537 2819 3571 2867 ἡ
3615 2818 3685 2867 ἐκ

2093 2797 2285 2889 ὥσπερ
2341 2802 2461 2889 μετ’
2505 2802 2723 2876 ἐκείνην
2772 2806 2999 2879 δευτέρα
3049 2811 3145 2866 καὶ
3200 2797 3507 2889 έπωφελὴς,
3537 2819 3573 2889 η
3615 2818 3685 2873 ἐκ

2095 2885 2430 2978 φαυλότητός
2458 2906 2517 2943 τε
2548 2892 2642 2947 καὶ
2658 2893 2978 2964 ἀσελγείας,
3006 2900 3100 2953 ἐπὶ
3129 2901 3188 2955 τὸ
3217 2901 3393 2958 θέλειν
3429 2885 3532 2978 ἤδη

2093 2976 2161 3032 τά
2196 2979 2406 3055 ἀμείνω
2436 2980 2571 3055 δρᾷν
2600 3003 2659 3040 τε
2702 2988 2798 3042 καὶ
2847 2994 3084 3061 φρονεῖν,
3133 2993 3305 3069 Τρίτη
3359 2996 3417 3051 δὲ
3451 2976 3684 3072 ταύτης

2096 3072 2511 3144 προφερεστέρα
2560 3075 2658 3132 καὶ
2686 3078 2743 3131 ὲν
2776 3080 2997 3156 εὐκλείᾳ
3028 3084 3255 3156 μείζονι,
3289 3089 3321 3160 ἠ
3372 3090 3437 3143 ὲκ
3464 3088 3560 3144 τοῦ
3592 3092 3680 3145 ὲν-

400 3162 646 3233 ncquitia
674 3169 839 3232 atque
862 3161 1285 3233 intemperantia
1306 3176 1375 3217 eo
1394 3159 1694 3228 tendimus,
1717 3172 1779 3223 ut
1793 3164 1906 3235 jam
1927 3164 1988 3218 li-

2093 3163 2246 3230 δεοῦς
2287 3164 2380 3219 ἐπὶ
2429 3166 2491 3222 τὸ
2526 3169 2731 3241 ἀρτίως
2770 3171 2914 3245 ἕχον,
2964 3178 3285 3250 πρακτικῶς
3308 3157 3389 3234 ⁷τε
3421 3182 3539 3254 ἀμα
3579 3183 3680 3238 καὶ

396 3261 519 3310 ceat
538 3254 769 3311 meliora
784 3264 902 3311 tum
925 3253 1155 3320 sentire,
1174 3262 1292 3309 tum
1312 3254 1514 3310 facere.
1534 3255 1692 3331 165
1709 3255 1823 3312 Hac
1847 3272 1988 3329 pra:-

397 3344 633 3420 stantior
657 3353 743 3401 est
764 3344 929 3403 tertia
952 3353 1009 3402 et
1041 3344 1352 3417 gloriosior,
1378 3360 1504 3401 cum
1528 3362 1597 3402 ex
1617 3362 1684 3402 eo
1707 3355 1852 3405 statu
1899 3348 1987 3403 cui

397 3436 606 3508 aliquid
648 3436 814 3504 desit,
854 3435 925 3492 ad
964 3435 1360 3508 perfectionem
1408 3436 1680 3494 factorum
1727 3438 1889 3494 simul
1933 3448 1989 3510 et

396 3529 713 3599 dogmatuin
750 3527 1068 3584 transimus.
1096 3526 1295 3584 Annon
1341 3529 1605 3600 paulatim
1629 3529 1698 3586 ad
1721 3546 1986 3603 augmen-

398 3630 513 3685 tum
536 3620 685 3689 quod
709 3619 766 3675 in
784 3618 1005 3675 Christo
1028 3620 1374 3692 intelligitur,
1394 3622 1694 3687 tendimus,
1712 3638 1837 3681 cum
1860 3638 1986 3693 pro-

394 3713 613 3767 ﬁcimus
647 3710 704 3767 in
729 3712 907 3767 virum
934 3712 1258 3783 perfectum,
1286 3722 1341 3769 et
1372 3713 1724 3771 ascendimus
1744 3714 1801 3770 in
1825 3730 1982 3770 men-

392 3817 578 3856 suram
623 3801 802 3857 astatis
842 3801 1205 3873 plenitudinis
1243 3804 1365 3875 ejus
1387 3804 1466 3858 ‘7?
1488 3803 1667 3876 Atque
1704 3805 1811 3861 hoc
1847 3805 1981 3861 illud

389 3900 475 3961 est
508 3891 762 3959 fortasse,
787 3892 935 3964 quod
977 3893 1127 3949 beati
1168 3893 1324 3950 Pauli
1360 3909 1495 3950 voce
1536 3895 1698 3950 nobis
1740 3896 1978 3962 canitur,

397 4003 417 4036 ‹
445 3984 652 4040 Eorum
678 3999 801 4055 quat
845 3995 998 4042 retro
1039 3994 1188 4050 sunt,
1227 3986 1465 4051 oblitus,
1491 3987 1548 4042 in
1586 4003 1652 4044 ea
1674 4004 1808 4047 vero
1859 4006 1980 4060 quis

388 4085 516 4132 ante
552 4084 710 4143 sunt,
751 4085 1038 4151 extentus,
1081 4077 1151 4132 ad
1191 4077 1526 4135 destinatum
1549 4095 1875 4153 persequor,
1907 4082 1976 4136 ad

388 4169 640 4226 bravium
678 4183 934 4240 superna:
958 4169 1264 4226 vocationis
1295 4171 1360 4224 ’⁸.
1400 4191 1417 4223 ι
1446 4169 1582 4247 Cum
1622 4171 1788 4244 igitur
1812 4173 1976 4246 spiri-

386 4260 608 4317 tualiter
634 4274 702 4314 ex
728 4258 1038 4329 ignorantia
1069 4259 1139 4316 ad
1161 4261 1552 4332 cognitionem,
1578 4278 1645 4318 ex
1669 4263 1884 4319 inscitia
1908 4264 1975 4319 ad

386 4351 695 4414 scientiam,
719 4364 784 4404 ex
818 4350 1141 4407 inﬁdelitate
1162 4351 1233 4407 ad
1266 4351 1429 4407 ﬁdem
1460 4352 1885 4423 proﬁciscimur,
1913 4370 1976 4427 ac

385 4456 605 4513 semper
624 4442 685 4496 in
706 4442 1005 4500 virtutibus
1028 4444 1366 4515 proﬁcimus,
1392 4460 1576 4501 nonne
1609 4445 1666 4501 in
1698 4445 1878 4509 locum
1907 4462 1975 4500 ex

2092 3255 2461 3345 δογματικῶς.
2495 3260 2565 3314 Ἢ
2595 3261 2714 3334 οὐχὶ
2747 3264 2892 3320 κατά
2917 3266 3092 3340 βραχὺ
3120 3268 3255 3341 πρὸς
3294 3269 3524 3343 αὔξησιν
3550 3271 3680 3345 ῐμεν

2080 3344 2188 3435 ,τὴν
2228 3347 2289 3401 ὲν
2336 3349 2558 3423 Χριστῷ
2612 3357 2932 3429 νοουμένην,
2985 3344 3392 3431 προκόπτοντες
3447 3364 3545 3435 μὲν
3577 3344 3676 3430 είς

2088 3433 2259 3528 ἄνδρα
2282 3435 2504 3528 τέλειον,
2538 3441 2984 3515 ἀναθρώσκοντες
3009 3448 3067 3502 δὲ
3098 3450 3192 3504 καὶ
3218 3453 3296 3515 είς
3324 3433 3523 3526 μέτρον
3556 3455 3675 3528 ηλι-

2088 3524 2213 3591 κίας
2236 3527 2331 3581 τοῦ
2375 3529 2747 3604 πληρώματος
2779 3538 2980 3607 αὐτοῦ;
3025 3542 3196 3596 Τοῦτο
3242 3543 3381 3616 τάχα
3416 3524 3518 3599 πού
3553 3524 3674 3601 ἐστ-ι

2089 3617 2147 3670 τὸ
2198 3617 2287 3672 διά
2340 3622 2525 3693 φωνῆς
2573 3623 2668 3679 τοῦ
2717 3626 3006 3684 θεσπεσίου
3062 3632 3276 3688 Παύλου
3329 3635 3670 3709 ὑμνούμενον

2085 3710 2254 3782 ἡμῖν’
2295 3732 2314 3766 ι
2350 3714 2474 3771 Τῶν
2512 3718 2610 3787 μὲν
2659 3718 2836 3775 ὀπίσω
2887 3724 3403 3800 ἐπιλανθανόμενος,
3457 3734 3570 3796 τοῖς
3610 3730 3670 3786 δὲ

2083 3803 2392 3878 ἔμπροσθεν
2432 3808 2901 3882 ἐπεκτεινόμενος,
2937 3816 3078 3870 κατὰ
3123 3818 3325 3872 σκοπὸν
3366 3802 3545 3875 διώκω
3587 3824 3669 3887 είς

2082 3896 2141 3950 τὸ
2160 3896 2413 3969 βραϐεῖον
2433 3901 2534 3972 τῆς
2554 3901 2667 3957 ἄνω
2688 3903 2950 3976 κλήσεως.
2967 3926 2984 3960 ι
3008 3910 3361 3981 Ἀπαίροντες
3388 3911 3444 3965 δὲ
3461 3914 3669 3984 νοητῶς

2082 3988 2141 4057 ἐξ
2171 3989 2394 4058 ἀγνοίας
2427 3994 2506 4059 εἰς
2528 3993 2846 4064 ἐπίγνωσιν,
2883 3995 2944 4069 ἐξ
2968 4000 3210 4072 ἀμαθίας
3232 4005 3314 4069 είς
3344 4003 3579 4069 σύνεσιν,
3606 4006 3666 4073 ἐξ

2080 4082 2341 4152 ἀπιστίας
2389 4085 2470 4154 είς
2506 4085 2709 4153 πίστιν,
2751 4089 2846 4143 καὶ
2874 4091 2962 4144 ἀεὶ
2999 4095 3401 4165 προκόπτοντες
3439 4097 3497 4151 ὲν
3533 4099 3667 4169 ἀρε-

2078 4174 2219 4239 ταῖς,
2256 4169 2345 4245 ἆρ’
2379 4174 2500 4246 οὐχὶ
2546 4177 2710 4232 τόπον
2757 4182 2823 4234 ὲκ
2870 4181 3037 4237 τόπου
3068 4182 3534 4257 μεθορμιζόμεθα,
3569 4189 3666 4242 καὶ

2077 4265 2143 4318 ὲκ
2182 4264 2476 4333 διαθέσεως
2524 4270 2691 4340 ἤγουν
2722 4270 2889 4340 ἕξεως
2932 4278 3030 4348 τῆς
3070 4279 3285 4334 τοιᾶσδε
3339 4279 3521 4351 τυχὸν,
3578 4282 3663 4346 εἰς

2075 4354 2176 4429 τὴν
2212 4358 2422 4437 τοιάνδε
2452 4356 2517 4414 αὖ
2550 4361 2939 4437 μεθιστάμενοι
2974 4369 3373 4443 προσεοίκαμεν
3405 4373 3505 4444 ἤδη
3543 4389 3661 4440 πως

2076 4451 2190 4515 τοῖς
2222 4449 2471 4506 εἰωθόσιν
2497 4454 2828 4527 ὀδοιπορεῖν;

386 4535 507 4591 loco
529 4533 923 4606 demigramus,
948 4544 1006 4591 et
1025 4550 1094 4590 ex
1134 4544 1286 4592 certa
1310 4535 1545 4606 quadam
1601 4534 1892 4595 affectione
1943 4543 2041 4589 aut
2079 4536 2270 4595 habitu
2311 4532 2385 4596 in
2408 4541 2575 4598 alium
2617 4561 2719 4601 nos
2753 4547 3165 4618 transferentes,
3216 4553 3284 4615 iis
3314 4555 3409 4625 qui
3441 4555 3544 4609 iter
3574 4554 3659 4610 fa—

387 4630 569 4697 ciunt,
609 4645 794 4687 nonne
841 4629 1321 4715 quam,similli_mi
1365 4629 1774 4699 quodammodo
1823 4629 2116 4691 videmur?

452 4725 650 4783 PALL.
690 4725 940 4798 Intelligo
962 4725 1111 4797 quod
1145 4725 1305 4782 dicis.

451 4818 610 4874 CYR.
650 4818 817 4889 Atqui
863 4834 1049 4888 neque
1092 4824 1155 4872 ut
1199 4833 1232 4872 a
1280 4817 1528 4886 nequitia
1564 4813 1969 4895 proﬁciscatur,

380 4926 559 4981 neque
591 4926 725 4966 vero
760 4918 823 4967 ut
870 4910 941 4965 ad
983 4909 1216 4964 meliora
1264 4909 1570 4981 perveniat,
1604 4918 1661 4965 et
1697 4909 1967 4980 quodam-

379 5001 543 5058 modo
593 5002 853 5069 divertat,
903 5000 1166 5073 consequi
1220 5001 1426 5074 poterit
1474 5002 1796 5075 quisquam,
1861 5005 1966 5060 nisi

374 5093 597 5150 Christo
619 5094 822 5150 comite
840 5107 909 5148 ac
932 5092 1094 5147 duce.
1133 5093 1322 5164 itaque
1348 5095 1556 5150 sanctis
1589 5094 1696 5151 illis
1717 5095 1961 5168 discipu-
1986 5118 1995 5123 ·

373 5185 444 5240 lts
480 5183 740 5242 dicebat:
780 5204 800 5235 ι
837 5183 970 5239 Sine
1020 5199 1109 5240 me
1159 5184 1299 5241 nihil
1345 5187 1576 5257 potestis
1608 5187 1791 5245 facere
1827 5190 1892 5242 ”.
1936 5208 1956 5241 ι

373 5278 545 5349 Igitur
576 5293 645 5333 ex
674 5292 743 5333 eo
765 5274 915 5346 quod
952 5284 1040 5331 est
1079 5275 1242 5332 simul
1279 5276 1575 5351 proﬁcisci,
1603 5277 1753 5335 nube
1782 5278 1955 5350 proﬁ-

373 5371 635 5435 ciscente,
679 5369 953 5438 simulque
988 5382 1119 5427 cum
1163 5368 1481 5439 quiescente
1512 5370 1821 5445 quiescere,
1850 5370 1957 5428 hoc

373 5463 646 5529 declarari
693 5476 793 5531 per
833 5461 1066 5532 aenigma
1099 5460 1336 5525 videtur,
1362 5477 1470 5519 una
1503 5477 1628 5523 cum
1664 5458 1776 5519 Deo
1808 5475 1952 5527 esse,

371 5562 429 5619 et
450 5550 636 5606 omnia
660 5568 784 5621 eum
808 5554 904 5613 illo
932 5554 1130 5609 facere.
1173 5554 1584 5619 Verumtamen,
1620 5554 1826 5623 inquit,
1850 5568 1949 5624 per

1996 4729 2043 4785 D
2100 4802 2109 4807 μ
2141 4729 2352 4786 ΠΑΛΛ.
2391 4733 2622 4804 Συνίημι
2649 4734 2680 4788 ὃ
2709 4738 2835 4809 φής.

2142 4821 2303 4875 ΚΥΡ.
2351 4821 2492 4881 Ἀλλ’
2525 4824 2649 4883 οὔτε
2674 4828 2771 4900 τὴν
2794 4830 2859 4884 ἐκ
2891 4831 3223 4905 φαυλότητος
3245 4835 3501 4910 ἄπαρσιν.
3528 4839 3657 4896 οὔτε

2072 4911 2181 4983 μὴν
2213 4913 2274 4967 τὸ
2306 4913 2645 4983 ἐφικνεῖσθαι
2683 4918 2843 4989 τυχὸν
2875 4921 2970 4979 καὶ
3002 4923 3424 4992 ἐγκαταυλίσθαι
3454 4928 3658 5000 τρόπον

2063 5000 2187 5056 τινά
2220 5004 2333 5066 τοῖς
2377 5003 2659 5074 ἀμείνοσι,
2694 5009 3040 5081 κατορθῶσαί
3086 5030 3169 5078 τις
3202 5015 3269 5073 ἂν
3300 5015 3536 5090 δυνηθῇ,
3575 5020 3656 5092 μὴ

2063 5092 2185 5163 οὐχὶ
2214 5093 2464 5161 συνόντος
2497 5114 2557 5151 τε
2598 5099 2692 5153 καὶ
2723 5100 3030 5172 ἡγουμένου
3060 5104 3323 5178 Χριστοῦ.
3360 5107 3653 5181 Τοιγάρτοι

2065 5186 2295 5250 καὶτοῖς
2334 5187 2508 5257 ἁγίοις
2548 5189 2755 5259 ἔφασκε
2796 5192 3099 5264 μαθηταῖς·
3135 5215 3153 5249 ι
3190 5197 3375 5269 Χωρὶς
3411 5199 3548 5270 ἐμοῦ
3586 5207 3653 5260 οὐ

2064 5277 2293 5332 δύνασθε
2328 5284 2507 5336 ποιεῖν
2551 5282 2723 5351 οὐδέν.
2771 5304 2788 5338 ι
2824 5285 3036 5343 Οὐκοῦν
3080 5288 3141 5343 τὸ
3191 5293 3427 5347 συνεῖναί
3474 5310 3533 5353 τε
3573 5291 3653 5364 ’.ᾧ

2063 5371 2206 5443 Θεῷ,
2235 5374 2328 5428 καὶ
2365 5374 2463 5428 σὺν
2496 5375 2647 5448 αὐτῷ
2681 5377 2856 5437 πάντα
2897 5380 3061 5452 δρᾷν,
3088 5383 3416 5454 ὑποφήνειεν
3460 5384 3527 5439 ἂν
3561 5388 3650 5439 αξ-

2062 5465 2416 5536 νιγματωδῶς
2443 5467 2565 5520 τότε
2598 5472 2954 5543 συναπαίρειν
2985 5473 3296 5547 ἀπαιρούσῃ
3329 5479 3394 5549 τῇ
3427 5478 3648 5552 νεφέλῃ,

2061 5557 2152 5608 καὶ
2187 5556 2471 5631 ἡρεμούσῃ
2507 5563 2853 5633 συνηρεμεῖν.
2892 5565 3059 5638 Πλὴν,
3101 5566 3190 5622 διά
3224 5570 3679 5641 προστάγματος,

445 5733 526 5787 ³⁸1
553 5731 694 5789 Tim.
720 5750 776 5789 ιιι
796 5735 902 5801 ,ίί
979 5738 1021 5768 ’⁷
1049 5736 1249 5805 pres.
1286 5754 1356 5800 tv,
1382 5739 1608 5806 passim.
1687 5739 1731 5769 ⁸⁸
1757 5738 1988 5810 Ριιίίίρρ

2093 5782 2104 5805 ,
2142 5741 2220 5794 l5.
2300 5742 2343 5774 ⁹ί’
2367 5743 2526 5801 Joan.
2556 5762 2646 5815 xv,
2676 5748 2728 5803 5.
