4104 6432
434 327 547 385 597

1194 321 1284 379 DE
1331 317 1776 378 ADORATIONE
1818 316 1887 373 IN
1931 313 2203 373 SPIRITU
2247 314 2335 371 ET
2370 313 2742 372 VERITATE.
2789 313 2916 373 LIB.
2958 316 3024 372 ν.

3636 322 3747 383 593

437 446 672 519 Κυρίου,
694 446 885 518 φησὶν,
920 443 1217 517 ἀπαροῦσι’
1252 444 1347 498 καὶ
1376 442 1560 505 τοῦτο,
1593 438 1769 514 οἶμαι,
1794 441 1945 513 δηλοῖ
1991 439 2050 493 τὸ

2161 448 2491 510 praeceptum
2530 440 2749 495 Domini
2792 439 3203 511 promovebant
3241 440 3285 473 ³⁸
3314 459 3326 494 :
3355 442 3567 506 ethoc,
3624 460 3750 501 mea

433 540 539 595 καὶ
567 539 733 608 λόγου
758 537 972 593 δεῖσθαι
1009 537 1106 591 τοῦ
1141 536 1583 609 παροτρύνοντος
1610 538 1691 599 είς
1721 533 1914 603 ἀλκὴν,
1951 533 2046 588 καὶ
2090 584 2091 587 η

431 632 523 696 είς
541 629 645 702 τὴν
668 632 779 694 τοῖς
803 629 986 700 ἁγίοις
997 627 1324 701 ’πρέπουσαν
1348 628 1652 699 εὐκοσμίαν
1671 627 1797 692 τοὺς
1817 624 2048 682 ἔπεσθαι

426 724 552 779 δεῖν
575 723 862 795 οἰομένους
893 723 951 778 tv
976 721 1221 795 Χριστίξν
1250 741 1268 775 ι
1286 721 1474 776 Πάντα
1487 723 1620 792 γὰρ,
1643 720 2048 793 φησὶνςεὺσχη-

435 817 627 887 μόνως
654 814 751 868 καὶ
776 814 922 868 κατὰ
957 813 1114 881 τάξιν
1141 813 1400 883 γινέσθω.
1440 832 1460 865 ι
1499 811 1684 878 Τύπος
1715 811 1774 867 δὲ
1812 812 1921 885 ἄρα
1955 811 2051 865 xal

432 909 604 965 τοῦδε
632 907 698 979 δὴ
727 907 914 970 πάλιν,
950 906 1013 960 τὸ
1037 904 1239 978 ἐφεξῆς
1282 906 1695 978 γεγραμμένον.
1744 906 1890 976 Ἔφη
1939 904 2051 974 γὰρ

433 994 547 1055 ὧδε
584 1000 720 1064 Θεὸς
754 999 894 1070 πρὸς
939 999 1032 1053 τὸν
1078 999 1411 1071 ἱεροφάντην
1450 997 1693 1053 Μωσιαθ
1746 1014 1765 1048 ι
1818 996 2052 1068 Ποίησον

438 1091 662 1163 σεαυτῷ
689 1090 786 1147 δύο
815 1091 1126 1161 σάλπιγγας
1152 1091 1373 1155 ὲλατὰς.
1399 1091 1651 1163 ἀργυρᾶς
1680 1092 1928 1163 ποιήσεις
1954 1091 2053 1144 αὐ-

432 1186 579 1250 τὰς,
610 1183 710 1238 καὶ
742 1183 960 1241 ἔσονταί
991 1200 1076 1236 σοι
1112 1183 1407 1244 ἀνακαλεῖν
1436 1184 1537 1255 τὴν
1576 1182 1923 1254 συναγωγὴν,
1960 1184 2054 1237 καὶ

434 1280 689 1353 ἐξαίρειν
733 1278 835 1342 τὰς
876 1277 1254 1349 παρεμϐολάς.
1288 1278 1398 1331 Kal
1449 1278 1699 1341 σαλπιεῖς
1730 1280 1790 1332 tv
1821 1279 2051 1344 αὑταῖς,

438 1374 543 1428 καὶ
571 1370 982 1443 συναχθήσεται
1026 1371 1180 1425 πᾶσα
1210 1371 1244 1440 ή
1291 1370 1586 1441 συναγωγὴ
1621 1371 1718 1423 ἐπὶ
1749 1370 1847 1441 τὴν
1882 1368 2054 1442 θύραν

437 1464 546 1534 τῆς
569 1463 783 1534 σκηνῆς
804 1461 901 1516 τοῦ
926 1460 1254 1533 μαρτυρίου.
1292 1459 1420 1514 Ἐὰν
1438 1460 1498 1514 δὲ
1515 1461 1573 1512 ἐν
1597 1461 1697 1531 μιᾷ
1724 1460 2051 1523 σαλπίσωσι,

439 1555 761 1613 ἐλεύσονται
818 1552 955 1624 πρὸς
1016 1552 1077 1605 σὲ
1137 1553 1341 1615 πάντες
1395 1553 1446 1605 οἱ
1505 1552 1767 1623 ἄρχοντες
1819 1550 2056 1623 ἀρχηγοὶ

452 1648 701 1722 Ἰσραήλ.
731 1646 839 1702 Καὶ
871 1646 1153 1703 σαλπιεῖτε
1189 1646 1470 1718 σημασίαν
1489 1686 1505 1709 ,
1537 1644 1634 1701 καὶ
1676 1643 1965 1717 ὲξαροῦσιν
1999 1645 2057 1703 at

443 1740 802 1813 παρεμϐολαὶ
832 1741 892 1795 αἱ
922 1738 1412 1812 παρεμϐάλλουσαι
1447 1736 1714 1801 ἀνατολάς
1733 1755 1747 1768 ο
1788 1738 1885 1792 καὶ
1922 1738 2054 1795 σαλ-

2152 532 2449 598 sententia,
2476 532 2769 604 signiﬁcat,
2801 532 2896 605 qui
2930 532 3215 590 Christum
3240 536 3398 605 sequi
3431 537 3747 603 statuerint,

2150 639 2250 680 eos
2277 626 2444 681 etiam
2477 641 2756 693 sermone,
2787 627 2881 699 qui
2923 626 2993 683 ad
3027 626 3414 683 fortitudinem
3438 636 3614 700 atque
3644 628 3749 684 ho-

2152 726 2443 785 nestatem,
2477 735 2600 791 qua:
2624 728 2844 777 sanctos
2866 720 3048 787 decet,
3078 722 3425 789 exhortetur,
3454 722 3705 794 indigere
3732 740 3747 777 :

2152 812 2230 867 ait
2262 812 2449 868 enim:
2495 832 2513 865 ι
2556 812 2753 869 Omnia
2793 814 3023 871 honeste
3054 825 3112 871 et
3151 816 3457 872 secundum
3494 816 3751 871 ordinem

2154 908 2290 962 ﬁant
2316 907 2381 961 ⁸⁸.
2416 924 2435 958 ι
2479 905 2614 978 Ejus
2649 906 2782 962 item
2828 907 2908 962 rei
2940 908 3113 981 ﬁgura
3151 917 3237 965 est
3270 908 3326 964 id
3372 910 3521 980 quod
3550 924 3751 965 conse-

2153 1009 2394 1071 quenter
2436 1000 2705 1071 scriptum
2752 1000 3020 1072 legimus;
3060 999 3141 1057 sic
3183 1001 3333 1058 enim
3386 1002 3568 1073 inquit
3603 1001 3756 1058 Deus

2153 1091 2224 1145 ad
2255 1089 2477 1163 Hoysen
2507 1105 2795 1145 sacrorum
2826 1090 3231 1162 interpretem:
3270 1111 3289 1143 r
3324 1090 3435 1149 Fac
3473 1092 3575 1148 tibi
3613 1092 3756 1147 duas

2156 1184 2319 1239 tubas
2351 1182 2619 1249 ductiles;
2657 1191 2947 1253 argenteas
2993 1182 3162 1238 facies
3207 1198 3322 1247 eas,
3357 1190 3413 1237 et
3447 1191 3616 1238 erunt
3648 1180 3753 1236 tibi

2165 1278 2233 1332 ad
2259 1276 2673 1331 convocandam
2703 1290 3057 1348 synagogam,
3080 1284 3135 1329 et
3164 1275 3231 1330 ad
3256 1284 3435 1331 castra
3457 1273 3751 1331 movenda.

2156 1371 2226 1427 Et
2266 1386 2433 1427 canes
2469 1372 2525 1425 in
2566 1370 2699 1435 illis,
2730 1378 2788 1424 et
2813 1368 3245 1442 congregabitur
3272 1369 3452 1425 omnis
3482 1384 3754 1443 synagoga

2156 1463 2227 1517 ad
2270 1460 2871 1532 portamgtabernaculi
2916 1459 3243 1515 testimonii.
3272 1458 3435 1527 Quod
3470 1458 3607 1515 siin
3645 1474 3757 1514 una

2156 1553 2487 1618 cecinerim,
2532 1554 2759 1608 venient
2807 1552 2876 1609 ad
2928 1560 2982 1607 te
3025 1568 3221 1608 omnes
3266 1552 3551 1625 principes
3585 1552 3760 1610 duces

2154 1644 2325 1702 Israel
2358 1663 2371 1699 :
2400 1653 2458 1701 et
2486 1645 2699 1701 canetis
2719 1645 2936 1717 signum
2958 1645 3290 1711 secundum,
3322 1653 3378 1701 et
3398 1645 3759 1717 proficiscen-

2158 1745 2253 1793 tur
2291 1747 2475 1794 castra
2519 1755 2642 1810 quae
2690 1738 3051 1795 tetenderunt
3089 1738 3158 1795 ad
3201 1739 3472 1795 orientem
3503 1757 3516 1794 :
3547 1747 3605 1795 et
3661 1755 3758 1795 ca-

443 1837 627 1891 πιεῖτε
660 1834 944 1906 σημασίαν
980 1832 1277 1905 δευτέραν,
1308 1830 1406 1896 καὶ
1430 1830 1720 1901 ὲξαροῦσιν
1746 1832 1804 1886 αί
1837 1848 2055 1904 παρεμ-

2161 1832 2307 1886 netis
2342 1831 2560 1903 signum
2598 1832 2857 1897 alterum,
2885 1842 2942 1888 et
2967 1832 3376 1912 promovebunt
3410 1842 3589 1889 castra
3636 1847 3759 1904 qua:

442 1930 610 1984 ϐολαὶ
641 1930 701 1984 al
729 1927 1222 2000 παρεμϐάλλουσαι
1249 1924 1396 1980 λίϐα.
1431 1925 1542 1979 Kal
1565 1923 1847 1981 σαλπιεῖτε
1875 1942 2055 1997 σημα-

444 2022 575 2075 σξαν
605 2021 823 2093 τρίτην,
855 2018 951 2073 καὶ
977 2016 1270 2089 ὲξαροῠσιν
1295 2018 1351 2070 al
1380 2014 1730 2088 παρεμὼλαὶ
1756 2018 1814 2071 αἱ
1842 2032 2057 2088 παρεμ-

442 2115 749 2170 ϐάλλουσαι
783 2112 938 2185 παρὰ
977 2110 1279 2167 θάλασσαν.
1314 2109 1427 2163 Kal
1464 2109 1743 2164 σαλπιεῖτε
1777 2110 2057 2182 σημασίαν

441 2202 743 2276 τετάρτην,
780 2204 878 2258 καὶ
915 2202 1208 2276 ἑξαροῦσιν
1254 2202 1314 2255 al
1360 2200 1710 2271 παρεμϐολαὶ
1740 2202 1797 2254 al.
1841 2218 2057 2274 παρεμ-

438 2285 747 2361 ϐάλλουσαι
776 2297 914 2369 πρὸς
962 2296 1197 2369 βορῤᾶνο
1228 2294 1479 2368 σημασίᾳ
1513 2294 1832 2350 σαλπιοῦσιν
1879 2298 1937 2349 tv
1987 2299 2054 2369 τῇ

442 2393 674 2465 ἑξάρσει
695 2390 899 2457 αὐτῶν,
926 2390 1024 2451 καὶ
1042 2388 1175 2444 ὅταν
1196 2387 1554 2459 συναγᾶγητε
1577 2389 1678 2460 τὴν
1705 2382 2055 2461 συναγωγὴν,

442 2485 772 2551 νσαλπιεῖτε,
806 2484 905 2539 καὶ
944 2483 1008 2537 οὐ
1045 2480 1315 2555 σημασίᾳ.
1358 2481 1469 2537 Kal
1503 2482 1554 2536 οί
1595 2483 1703 2536 υἱοὶ
1746 2481 1962 2552 Ἀαρὼν
2006 2484 2058 2537 οἱ

438 2582 622 2653 ἱερεῖς
666 2577 959 2633 σαλπιοῦσι
991 2578 1114 2642 ταῖς
1153 2575 1416 2646 σάλπιγξι
1437 2589 1453 2605 ·
1490 2575 1587 2630 καὶ
1621 2574 1777 2630 ἔσται
1815 2576 1945 2648 ὑμῖν
1972 2573 2061 2629 νό-

440 2690 626 2747 μιμον
652 2671 872 2727 αίώνιον
905 2673 987 2735 είς
1017 2670 1118 2735 τὰς
1142 2668 1338 2740 γενεὰς
1365 2669 1546 2743 ὑμῶν.
1569 2688 1590 2725 ι

526 2764 743 2821 ΠΛΛΔ.
779 2762 845 2816 Τί
884 2761 950 2835 δὴ
973 2756 1069 2817 οὖν
1098 2760 1210 2833 ἄρα
1238 2761 1421 2833 φαμὲν
1457 2762 1558 2832 τὴν
1591 2760 1703 2817 τῶν
1738 2760 2060 2832 σαλπίγγων

444 2853 594 2913 εἶναι
624 2855 817 2921 δυάδα,
841 2854 1059 2919 καὶτὰς
1079 2854 1191 2908 τῶν
1222 2848 1512 2926 σημασιῶν
1538 2855 1825 2929 διαφορὰς,
1862 2855 2061 2921 ἐλατὰς

438 2949 508 3003 ὑὲ
532 2947 654 3003 ἀνθ’
685 2948 835 3011 ὅτου,
866 2945 962 3001 καὶ
994 2944 1054 3010 ἐξ
1082 2944 1329 3017 ἀργύρου
1362 2944 1474 3001 δεῖν
1509 2944 1786 3001 ποιεῖσθαι
1828 2946 2060 3017 προστὲ-

439 3058 587 3114 τιαχε
606 3059 622 3105 ς

526 3135 696 3191 ΚΥΡ,
725 3132 836 3192 Δύο
864 3132 964 3205 μὲν
1006 3127 1102 3186 οὖν
1143 3131 1200 3185 αῖ
1238 3132 1572 3201 σάλπιγγεςο
1604 3131 1827 3187 διπλοῦν
1867 3132 1978 3205 γὰρ
2003 3135 2062 3187 tv

2152 1923 2517 1979 tetenderunt
2546 1924 2613 1979 ad
2640 1933 2925 1980 austrum:
2948 1933 3006 1981 et
3029 1924 3242 1981 canetis
3264 1925 3483 1997 signum
3508 1924 3757 1993 tertium,

2157 2025 2216 2073 et
2246 2018 2655 2088 promovebunt
2695 2026 2877 2074 castra
2918 2034 3041 2090 qua
3071 2010 3429 2075 tetenderunt
3471 2019 3539 2075 ad
3572 2034 3756 2088 mare;

2164 2110 2327 2181 166
2348 2117 2406 2165 et
2442 2109 2654 2165 canetis
2687 2109 2905 2181 signum
2950 2118 3232 2181 quartum,
3260 2117 3318 2166 et
3348 2110 3763 2182 promovebunt

2159 2192 2343 2259 castra
2392 2216 2516 2274 quae
2564 2203 2921 2259 tetenderunt
2966 2202 3035 2258 ad
3074 2202 3391 2275 aquilonem
3429 2221 3443 2258 :
3480 2203 3635 2276 signa
3664 2218 3763 2260 ea-

2160 2307 2295 2353 nent
2327 2297 2384 2353 in
2429 2296 2777 2368 promotione
2820 2311 3059 2352 eorum:
3087 2304 3164 2362 et,
3195 2294 3419 2373 quando
3456 2310 3761 2369 congrega-

2161 2387 2295 2443 hitis
2320 2403 2672 2461 synagogam,
2716 2388 2850 2467 tuba
2877 2395 3090 2444 canens
3127 2386 3375 2461 quidem,
3400 2388 3496 2444 sed
3530 2405 3644 2445 non
3678 2390 3759 2445 si-

2156 2494 2351 2551 gnum.
2383 2481 2455 2536 Et
2503 2480 2600 2536 ﬁlii
2648 2480 2832 2536 Aaron
2880 2479 3199 2537 sacerdotes
3243 2491 3443 2537 canent
3475 2482 3667 2541 tubis:
3703 2493 3764 2542 et

2160 2574 2269 2630 erit
2296 2574 2457 2630 vobis
2494 2574 2806 2648 legitimum
2847 2573 3249 2646 sempiternum
3280 2575 3339 2631 in
3377 2577 3763 2649 generationes

2161 2673 2378 2723 vestras
2404 2666 2472 2722 η.
2504 2686 2524 2720 ι

2233 2758 2434 2814 PALL.
2476 2757 2621 2828 Quid
2665 2759 3000 2837 igitur'illud
3036 2761 3296 2818 tubarum
3326 2777 3427 2834 par
3457 2779 3579 2821 esse
3620 2765 3764 2823 dici-

2161 2852 2331 2909 nus?
2359 2852 2563 2931 quidve
2600 2853 2887 2925 signorum
2929 2853 3310 2911 dill‘erenlias?
3342 2856 3577 2915 ductiles
3616 2875 3766 2933 pra:-

2154 2953 2337 3011 terea,
2364 2955 2420 3001 et
2440 2962 2508 3002 ex
2528 2956 2760 3023 argento
2783 2962 2892 3019 qua
2922 2948 2990 3004 de
3014 2963 3181 3004 causa
3212 2948 3329 3007 ﬁeri
3350 2951 3552 3021 jussit?

2233 3128 2393 3187 (ΠΒ.
2436 3130 2573 3187 Duae
2608 3131 2833 3203 quidem
2858 3103 3045 3190 tubae':
3086 3134 3290 3207 duplex
3316 3146 3401 3192 est
3428 3137 3482 3193 in
3514 3131 3769 3211 etclesiis

448 3227 783 3299 ἐκκλησίαις
818 3225 882 3281 τὸ
919 3228 1019 3297 τῆς
1063 3223 1469 3297 παρακλήσεως
1504 3223 1800 3297 κήρυγμα*
1848 3223 1909 3278 tv
1960 3222 2059 3297 μὲν

2165 3236 2342 3293 genus
2372 3220 2443 3278 ad
2479 3221 2814 3278 hortandum
2856 3225 3288 3293 accommodatae
3330 3229 3765 3302 predioationis,

450 3324 569 3394 γὰρ
595 3323 677 3386 είς
699 3320 971 3393 ὀρθότητα
1000 3320 1099 3392 τὴν
1125 3317 1470 3390 δογματικὴν
1503 3317 1776 3390 ἀποφέρει
1801 3319 1931 3382 τοὺς
1960 3334 2062 3372 πε-

451 3414 844 3479 πιστευκότας,
875 3411 1089 3467 καὶτὸν
1111 3410 1220 3466 τῶν
1246 3410 1702 3483 διεστραμμένων
1727 3411 2063 3483 κατακιὸδη-

440 3509 604 3565 ιλεύει
631 3496 825 3578 λόγον)
855 3505 1044 3569 ὁποῖός
1073 3522 1158 3569 τις
1181 3500 1249 3576 ἦν
1274 3506 1303 3559 ό
1334 3505 1444 3558 τῶν
1474 3503 1794 3559 κωλυόντων
1839 3508 2061 3577 γαμεῖν,

439 3604 551 3659 καὶ
582 3598 926 3673 ἀσυμφύλως
955 3596 1310 3667 δεδιδαχότων
1346 3596 1647 3667 ἀπέχεσθαι
1670 3596 2000 3669 βρωμάτων,
2027 3596 2065 3651 ἃ

446 3696 482 3749 ὁ
511 3693 648 3756 θεὸς
678 3692 901 3747 ἔκτισεν
939 3691 1020 3753 είς
1057 3687 1362 3760 μετάληψιν
1401 3691 1515 3752 τοῖς
1552 3692 1782 3753 πιστοῖς.
1817 3688 2066 3747 Καταλοο

451 3785 726 3857 γισαίμην
763 3783 808 3837 δ’
849 3781 917 3861 αν
965 3783 1024 3836 tv
1056 3780 1269 3844 τούτοις
1312 3779 1409 3833 καὶ
1454 3780 1582 3844 τοὺς
1621 3778 1732 3834 τῶν
1792 3779 2065 3834 Ἰουδαίων

450 3876 805 3950 καθηγητὰς,
841 3873 894 3929 οἳ
934 3872 999 3927 τὸ
1049 3871 1128 3945 τῷ
1171 3871 1305 3943 θείῳ
1356 3872 1509 3943 νόμῳ
1551 3872 1921 3944 τετιμημένον
1968 3872 2065 3926 καὶ

452 3969 653 4027 δοκοῦν
695 3968 957 4041 μεθέντες
1010 3965 1089 4030 ὡς
1133 3964 1335 4029 ἕωλον,
1391 3964 1488 4018 καὶ
1528 3964 1725 4033 -όλίγου
1780 3964 2065 4029 παντελῶς

452 4063 738 4131 ἀξιοῦντες
767 4060 965 4129 λόγου,
1003 4059 1125 4119 ταῖς
1155 4055 1311 4128 παρὰ
1357 4055 1509 4124 σφῶν
1547 4043 1942 4121 διδασκαλίαις
1967 4048 2065 4111 xal

454 4152 826 4228 ἀνθρωπίνοις
856 4147 1162 4219 ὲντάλμασι
1205 4144 1745 4217 προσανακεκλίσθαι
1785 4146 1898 4200 δεῖν
1937 4147 2066 4211 τοὺς

452 4241 893 4312 παιδευομένους
940 4237 1214 4300 ἐκέλευον.
1260 4236 1369 4290 Kal
1400 4235 1585 4307 ἕτεροι
1629 4234 1689 4290 δέ
1723 4252 1869 4300 τινες
1899 4251 2063 4307 περι-

448 4332 755 4407 τέμνεσθαι
777 4330 906 4393 τοὺς
930 4328 990 4381 tv
1011 4327 1193 4380 πίστει
1204 4324 1661 4395 δεδικαιωμένοεδς
1672 4322 2066 4391 ᾁσυνετοῦντες

454 4427 772 4488 ἐδίδασκον,
806 4421 900 4476 ἵνα
943 4421 1003 4473 tv
1037 4421 1101 4491 τῇ
1152 4417 1415 4489 ἀλλοτρία
1469 4416 1638 4487 σαρκὶ
1691 4417 2064 4487 καυχήσονται

452 4521 602 4577 κατὰ
646 4518 710 4573 τδ
765 4512 1180 4588 γεγραμμένον.
1221 4510 1364 4566 Ἀλλ’
1404 4509 1626 4579 ἐλέγετο
1662 4508 1795 4582 περὶ
1840 4507 2022 4563 αὐτῶν
2042 4526 2058 4542 ο

2165 3328 2408 3386 quorum
2440 3315 2681 3370 alterum
2720 3314 2792 3371 ad
2836 3325 2988 3372 recta
3019 3316 3277 3390 dogmata
3314 3319 3607 3383 credentes
3634 3339 3767 3396 per-

2165 3404 2341 3471 ducit,
2372 3421 2437 3461 ac
2479 3421 2872 3477 perversorum
2920 3407 3212 3464 hominum
3259 3426 3573 3483 sermonem
3615 3416 3770 3475 velut

2167 3497 2545 3553 adulteratum
2592 3508 2780 3567 notat;
2829 3501 3011 3571 qualis
3052 3517 3237 3559 sermo
3274 3518 3466 3569 eorum
3499 3516 3618 3563 erat
3671 3511 3770 3583 qui

2166 3591 2545 3663 prohibebant
2567 3592 2799 3658 nubere,
2828 3603 2885 3649 et
2918 3593 3318 3652 absurdissime
3345 3596 3621 3655 docebant
3642 3601 3772 3658 abs-

2166 3684 2348 3740 tinere
2390 3700 2424 3740 a
2456 3685 2620 3751 cibis,
2649 3700 2792 3759 quos
2811 3686 2957 3744 Deus
2982 3689 3214 3767 creavit,
3244 3689 3312 3753 ad
3350 3693 3770 3771 percipiendum

2167 3778 2428 3835 ﬁdelibus
2458 3780 2546 3835 ”:
2579 3780 2634 3835 in
2678 3780 2767 3837 his
2812 3783 3190 3838 recensuerim
3237 3784 3405 3842 etiam
3447 3786 3772 3849 Judmorum

2166 3872 2459 3939 doctores;
2508 3872 2604 3943 qui
2642 3871 2698 3928 id
2742 3872 2893 3944 quod
2928 3883 3051 3931 erat
3090 3876 3278 3933 divina
3311 3878 3431 3955 lege
3472 3881 3772 3955 probatum

2166 3970 2334 4033 atque
2365 3962 2661 4027 sancitum,
2691 3970 2956 4037 tanquam
2996 3966 3211 4023 scilicet
3246 3967 3560 4027 obsoletum
3598 3982 3769 4040 esset,

2167 4055 2516 4126 abjicientes,
2562 4070 2747 4125 neque
2791 4056 2905 4111 ullo
2954 4072 3191 4115 numero
3229 4059 3519 4132 habentes,
3559 4063 3615 4119 in
3653 4067 3773 4125 suis

2167 4145 2457 4209 doctrinis,
2489 4145 2856 4216 humanisque
2894 4147 3172 4204 mandatis
3193 4148 3498 4222 discipulos
3541 4156 3769 4227 acquie-

2162 4235 2637 4321 scerejubebant.
2669 4236 2777 4291 Alii
2823 4253 3049 4321 quoque
3094 4242 3348 4309 nonnulli
3389 4260 3487 4301 eos
3522 4247 3769 4305 circum-

2167 4330 2300 4396 cidi,
2329 4330 2424 4401 qui
2466 4330 2574 4387 ﬁde
2616 4331 2901 4403 iustiﬁcati
2944 4320 3153 4401 essent,
3183 4337 3351 4397 stulte
3384 4338 3678 4411 docebant,
3710 4354 3773 4403 ut

2166 4422 2225 4475 in
2262 4421 2450 4477 aliena
2492 4437 2658 4499 carne
2703 4424 3096 4495 gloriarentur,
3124 4434 3186 4482 ut
3211 4429 3479 4501 scriptum
3518 4441 3624 4488 est.
3663 4434 3774 4494 Sed

2168 4513 2239 4571 de
2281 4514 2391 4571 illis
2428 4515 2641 4572 dictum
2671 4526 2757 4573 est
2786 4535 2801 4572 :
2848 4537 2867 4570 ι
2896 4518 3055 4575 Foris
3082 4536 3269 4589 canes,
3295 4521 3433 4583 foris
3468 4526 3599 4582 mali
3635 4544 3774 4601 ope-

450 4635 480 4669 τ
512 4611 664 4679 Ἕξω
682 4579 812 4673 τοὺς
832 4579 1026 4671 κυναςψ,
1051 4604 1158 4671 ἔξω
1180 4604 1307 4669 τοὺς
1336 4603 1543 4666 κακοὺς
1564 4579 1826 4673 ἐργάτας.
1856 4620 1879 4654 ι
1909 4600 2059 4656 ’Ἐτε-

2166 4610 2301 4665 rarii
2326 4610 2392 4665 “.
2428 4630 2446 4662 ι
2478 4613 2729 4667 Alterum
2756 4627 2893 4668 vero
2918 4629 3093 4685 genus
3116 4613 3189 4669 ad
3217 4630 3437 4679 morum
3467 4579 3775 4677 correctrio-

446 4723 550 4780 ρον
578 4705 636 4758 δὲ
661 4702 801 4776 πρὸς
829 4698 1028 4771 ἠθικὴν
1058 4695 1439 4768 ἐπανόρθωσιν
1470 4693 1689 4763 ξεναγεῖ
1708 4733 1722 4758 ,
1751 4693 1849 4748 καὶ
1873 4692 1974 4765 τῆς
2004 4694 2063 4755 ὲν

454 4795 684 4871 Χριστῷ
716 4794 995 4857 πολιτείας
1023 4788 1449 4852 καταλευκαίνει
1482 4786 1585 4860 τὴν
1608 4786 1752 4841 ὀδόν.
1798 4787 2067 4859 Ἀργυραῖ

440 4895 511 4951 δὲ
547 4894 605 4947 al
638 4889 966 4958 σάλπιγγες·
1004 4887 1107 4958 τὴν
1156 4885 1246 4943 ἔπ’
1280 4885 1488 4955 ἀμφοῖν
1532 4884 1648 4936 τοῖν
1694 4880 1879 4949 λόγοιν
1924 4879 2065 4951 λαμρ

452 4986 729 5058 πρότητα,
779 4972 877 5035 x'al
905 4980 969 5037 τὸ
1000 4980 1143 5048 ἄγαν
1181 4973 1620 5047 είλικρινὶς·ὼς
1649 4973 1710 5027 tv
1754 4970 1864 5043 ίδίᾳ
1902 4969 2064 5041 φύσει

453 5080 551 5151 τῆς
582 5077 720 5149 ὕλης
752 5075 884 5147 ὑμῖν
914 5069 1326 5144 ὑποφαινούσης
1356 5068 1611 5132 ἀστείως.
1653 5066 1742 5125 Ἐν
1766 5064 1828 5119 δέ
1851 5080 1917 5134 γε
1938 5065 2062 5129 ταῖς

455 5168 750 5239 σάλπιγξιν
769 5209 784 5233 ,
826 5162 1243 5229 ἀνακαλείσθω,
1276 5161 1446 5232 φησὶν
1469 5200 1485 5225 ,
1534 5159 1630 5213 ἐπὶ
1655 5157 1758 5229 τὴν
1792 5156 2001 5230 σκηνὴν
2031 5157 2062 5209 ὁ

450 5263 604 5327 λαός.
651 5259 997 5334 Κηρύγμασι
1034 5256 1146 5330 γὰρ
1176 5257 1307 5319 τοὺς
1333 5258 1393 5309 tv
1423 5253 1650 5324 σκηναῖς
1674 5249 1865 5324 ὥσπερ
1898 5249 2062 5314 ίδίαις

455 5356 859 5428 συναγείρομεν
905 5354 987 5419 είς
1034 5349 1362 5423 ὲκκλησίας·
1410 5347 1927 5421 συνδεδραμηκότας
1976 5345 2057 5409 δὲ,

451 5451 555 5504 καὶ
583 5448 848 5521 ἀπαίρειν
882 5444 1253 5515 ἀναπείθομεν
1289 5445 1354 5497 ὲκ
1385 5440 1496 5496 τῶν
1543 5440 1837 5511 αἰσχιόνων
1869 5438 1963 5495 ἐπὶ
1990 5437 2061 5492 τὰ

451 5544 744 5616 πρέποντα
764 5543 881 5605 τοῖς
908 5539 1289 5613 ἡγιασμένοις,
1310 5536 1406 5589 καὶ
1429 5536 1595 5589 οἱονεὶ
1626 5531 2059 5605 μεθορμίζεσθαι

366 5653 371 5657 '
451 5636 596 5710 πρὸς
628 5636 694 5689 τὸ
734 5633 941 5703 ἀγαθὸν
988 5634 1054 5686 ἐκ
1101 5630 1439 5701 φαυλότητος
1475 5623 1534 5682 εὖ
1588 5627 1735 5698 μάλα
1787 5642 2061 5698 μεταπαι-

2167 4710 2297 4759 nem
2330 4703 2507 4782 ducit,
2534 4709 2591 4760 et
2623 4704 2773 4761 illius
2808 4704 2865 4761 in
2888 4704 3118 4762 Christo
3157 4711 3597 4768 conversationis
3625 4713 3774 4771 viam

2167 4790 2432 4847 declarat.
2464 4791 2755 4865 Argentea:
2787 4802 2918 4850 sunt
2949 4809 3118 4866 porro
3157 4795 3303 4851 tubae
3340 4814 3354 4850 :
3393 4797 3448 4852 in
3488 4813 3600 4871 quo
3637 4803 3837 4872 pro-‘~

2165 4886 2288 4955 pria
2322 4885 2531 4941 metalli
2566 4894 2767 4941 natura
2795 4885 3216 4957 prmdicationis
3250 4888 3541 4965 utriusque
3582 4890 3772 4963 splen-

2166 4978 2360 5033 dorem
2383 4993 2770 5050 summamque
2791 4978 3171 5053 sinceritatem
3194 4980 3481 5053 eleganter
3504 4984 3770 5042 ostendit.

2170 5067 2346 5125 Tubis
2382 5085 2518 5126 vero
2555 5078 2841 5136 evocetur,
2872 5069 3072 5142 inquit,
3100 5068 3169 5126 ad
3208 5072 3630 5128 tabernaculum
3665 5091 3771 5155 po-

2166 5162 2353 5232 pulus.
2390 5162 2791 5241 Praedicatione
2829 5163 2979 5231 enim
3012 5179 3110 5219 eos
3136 5163 3233 5241 qui
3261 5164 3410 5220 velut
3458 5164 3512 5241 in
3538 5167 3773 5247 privatis

2168 5254 2546 5311 tabernaculis
2596 5255 2837 5328 degunt,
2884 5255 2952 5311 ad
2999 5256 3265 5312 ecclesias
3315 5272 3717 5331 congregamus
3755 5280 3770 5317 :

2167 5364 2330 5420 quos,
2355 5348 2453 5405 ubi
2481 5349 2867 5417 convenerint,
2899 5350 3066 5407 etiam
3104 5349 3418 5433 hortamur,
3445 5362 3505 5409 ut
3531 5368 3563 5410 a
3587 5354 3774 5413 minus

2169 5441 2402 5499 honeste
2435 5442 2597 5499 factis
2619 5444 2692 5500 ad
2724 5459 2790 5501 ea
2840 5460 2963 5523 quae
2991 5443 3365 5507 sanctiﬁcatos
3396 5445 3650 5523 homines
3674 5447 3773 5503 de-

2164 5543 2313 5601 cent,
2348 5535 2793 5607 proﬁciscantur,
2828 5522 2995 5608 atque
3039 5546 3101 5593 ut
3134 5553 3165 5593 a
3202 5537 3448 5613 nequitia
3485 5522 3555 5613 ad
3596 5538 3776 5605 bonos

2165 5642 2354 5684 mores
2383 5628 2795 5700 quodammodo
2826 5629 3159 5702 demigrent,
3187 5631 3451 5703 praeclare
3483 5630 3769 5688 docemus.

526 5834 761 5892 “Num.
787 5847 862 5899 Ix,
890 5828 942 5883 8.
1023 5826 1066 5859 ³¹
1094 5823 1264 5882 lCor.
1298 5838 1408 5890 xiv,
1435 5821 1522 5877 40.
1603 5822 1646 5853 ³¹
1672 5820 1835 5877 Num.
1863 5838 1918 5890 ι,
1944 5820 1971 5875 1
1999 5835 2058 5876 se

2238 5817 2282 5848 ³⁸
2317 5816 2339 5871 1
2371 5815 2513 5871 Tim.
2544 5830 2617 5882 tv,
2643 5815 2698 5871 5.
2803 5815 2850 5847 ³³⁸
2872 5813 3050 5887 Apoc.
3080 5832 3213 5885 xx",
3246 5817 3342 5885 15;
3374 5815 3574 5888 Philip.
3601 5832 3680 5885 tu,
