4104 6468
330 326 434 384 399

1355 319 1410 374 S.
1454 318 1726 374 CYRIIJJ
1769 318 2237 377 ALEXANDRINI
2279 321 2593 378 ARCHIEP.

3494 325 3596 380 £00

330 448 412 504 An
467 461 601 502 vero
662 443 848 516 negari
909 447 1089 512 potest
1153 439 1286 509 quin
1331 438 1650 508 praedicatio
1697 438 1913 494 facilem

2028 440 2262 512 Ξεύομεν.
2297 443 2369 496 Ἤ
2403 444 2524 514 οὐχὶ
2569 443 2726 513 λόγος
2767 445 2846 508 είς
2890 443 3163 516 ὀρθότητα
3194 443 3295 516 τὴν
3336 443 3597 515 δογματι-

329 541 833 612 obsequentcmque
859 538 1156 600 hominem,
1182 543 1239 589 et
1269 535 1420 590 illius
1455 533 1510 588 in
1535 533 1758 590 Christo
1788 536 1915 592 vitae

329 649 523 687 verum
549 641 866 694 amatorem,
893 628 959 682 ad
986 636 1190 682 rectam
1217 626 1534 697 dogmatum
1575 628 1913 683 sententiam

331 741 395 781 ac
421 741 634 781 morum
659 721 1056 779 correctionem
1087 719 1388 790 perducat?

402 815 599 871 PALL.
643 814 720 869 Ita
751 813 946 868 fateor.

403 905 560 960 CYR.
602 903 774 974 Igitur
824 902 945 956 dua:
985 908 1117 956 sunt
1145 900 1331 965 .tubae,
1371 917 1494 972 quae
1539 903 1803 973 populum
1845 903 1914 959 ad

333 993 748 1049 tabernaculum
785 1001 1010 1064 cogunt.
1041 991 1148 1048 Sed
1187 993 1232 1046 si
1278 1008 1385 1046 una
1421 993 1551 1046 tuba
1589 994 1913 1062 cecinerint,

332 1083 536 1153 inquit,
563 1083 794 1137 venient
821 1083 978 1154 167
1015 1082 1084 1136 ad
1129 1091 1182 1137 te
1224 1097 1416 1137 omnes
1441 1083 1719 1154 principes
1747 1079 1916 1141 duces

333 1177 569 1230 filiorum
597 1174 786 1229 Israel.
813 1174 990 1244 Egent
1014 1173 1184 1237 enim,
1212 1181 1274 1228 ut
1298 1174 1514 1244 opinor,
1540 1175 1915 1232 admonitione

324 1276 503 1336 atque
570 1267 956 1322 exhortatione
1016 1265 1094 1320 illi
1153 1280 1374 1336 quoque
1437 1266 1532 1337 qui
1589 1266 1915 1338 perfectiore

333 1369 461 1414 sunt
485 1357 676 1413 habitu
705 1376 719 1411 :
748 1357 844 1413 sed
883 1373 995 1413 non
1033 1365 1203 1422 tanta,
1249 1366 1510 1428 quantam
1542 1360 1774 1429 requirit
1809 1375 1914 1415 cae-

337 1461 453 1504 tera
476 1448 809 1506 multitudo:
837 1448 908 1504 ob
931 1463 1161 1519 eamque
1185 1463 1300 1503 rem
1325 1449 1460 1504 alios
1481 1449 1704 1520 quidem
1726 1465 1918 1507 omnes

338 1541 462 1595 dum
484 1540 573 1594 vix
596 1548 902 1595 convocant
927 1539 1093 1604 tubas,
1121 1540 1216 1596 sed
1258 1540 1490 1595 eximios
1519 1556 1656 1608 una;
1684 1541 1916 1612 sapienti

336 1646 572 1702 namque
595 1646 768 1702 pauca
795 1639 926 1686 sunt
951 1631 1084 1686 satis
1112 1648 1123 1684 :
1151 1641 1207 1686 et
1230 1631 1571 1686 occasionem
1606 1631 1650 1686 si
1689 1645 1918 1703 accepe-

337 1725 428 1788 rit,
457 1723 680 1794 adjiciet
701 1723 992 1793 reliquum,
1017 1724 1172 1793 juxta
1195 1723 1329 1778 illud
1356 1740 1367 1774 :
1406 1741 1424 1774 ‹
1458 1724 1533 1778 Da
1557 1725 1787 1795 sapienti
1821 1740 1916 1782 oc-

336 1815 638 1880 casionem,
669 1823 727 1868 et
770 1813 1069 1884 sapientior
1113 1814 1250 1879 erit;
1297 1823 1490 1868 notum
1540 1813 1626 1869 fac
1665 1815 1833 1886 justo,
1858 1823 1918 1870 et

329 1908 557 1979 adjiciet
596 1907 846 1978 accipere
871 1908 934 1960 ³⁸.
969 1927 986 1958 ι
1019 1905 1228 1962 Deinde
1252 1907 1417 1977 jussit
1469 1914 1531 1962 ut
1565 1914 1801 1977 quatuor
1825 1907 1921 1962 da-

339 2008 532 2055 rentur
579 2000 860 2070 signorum
904 1997 1250 2062 diﬂ'erentim,
1277 1998 1479 2069 quibus
1520 2005 1699 2054 castra
1729 2015 1919 2055 move-

337 2100 552 2157 rentur,
576 2106 641 2146 ac
663 2090 1147 2162 proficiscerentur
1191 2089 1285 2160 qui
1324 2089 1399 2145 ad
1431 2090 1717 2162 orientem
1745 2100 1803 2146 et
1830 2107 1922 2166 oc-

339 2186 645 2249 cidentem,
691 2183 1002 2254 aquilonem
1045 2192 1102 2237 et
1147 2190 1398 2238 austrum
1443 2191 1660 2238 essent'
1691 2199 1790 2254 per
1817 2167 1922 2240 hoc

343 2278 508 2345 igitur
539 2276 777 2330 arbitror
815 2281 1052 2345 quatuor
1079 2273 1508 2345 Evangeliorum
1546 2275 1720 2330 libros
1750 2276 1922 2347 signi-

343 2369 637 2438 ﬁcari,.per
660 2381 800 2437 quos
822 2366 1140 2437 dogmatum
1176 2365 1342 2421 simul
1387 2380 1452 2421 ac
1496 2381 1711 2421 morum
1747 2368 1924 2422 scicn-

339 2461 416 2514 tia
455 2461 750 2515 universus
786 2456 939 2513 orbis
963 2457 1250 2512 imbuitur.
1276 2456 1356 2513 Ac
1377 2457 1426 2512 si
1457 2457 1610 2512 aliud
1641 2458 1924 2529 quidpiam

339 2549 761 2622 excogitandum
789 2548 1194 2619 dicendumque
1219 2549 1311 2615 sit,
1341 2548 1481 2604 nihil
1511 2551 1921 2617 cunctabimus;

297 2662 309 2674 ·
341 2653 398 2700 et
425 2642 637 2698 inertiae
668 2656 734 2696 ac
771 2640 949 2696 labori
977 2640 1233 2695 utilitatis
1258 2640 1757 2696 considerationem
1782 2658 1925 2712 prae-

341 2731 605 2786 feremus.
629 2729 842 2784 Nostrze
866 2728 1032 2802 igitur
1053 2728 1464 2800 prazdicationis
1480 2739 1717 2801 quatuor
1734 2731 1928 2790 discri-

340 2821 492 2876 mina
537 2819 900 2890 reperiemus,
946 2835 1047 2890 per
1088 2835 1211 2891 qua:
1253 2820 1548 2878 universus
1588 2823 1740 2880 orbis
1785 2825 1928 2896 opti-

348 2926 511 2977 mam,
541 2926 606 2967 ac
630 2926 820 2966 revera
852 2911 1294 2981 probatissimam
1325 2913 1453 2968 vitae
1484 2914 1750 2971 rationem
1777 2923 1928 2972 tene-

347 3003 455 3067 bit;
479 3017 649 3056 unum
673 3016 738 3056 ac
761 3000 1020 3071 primum,
1039 3017 1160 3072 .quo
1186 3003 1252 3058 ad
1279 3003 1529 3060 veritatis
1557 3005 1925 3078 cognitionem

2019 534 2119 605 κὴν
2145 535 2238 588 καὶ
2259 535 2340 599 είς
2369 535 2516 605 ἠθῶν
2542 535 2917 607 ἐπανόρθωσιν
2943 535 3210 607 ἀποφέρει
3235 535 3336 590 τὸν
3381 536 3596 606 ἐπιεικῆ

2019 625 2111 679 καὶ
2139 623 2283 697 ζωῆς
2314 626 2411 698 τῆς
2445 627 2502 680 ἐν
2540 625 2762 697 Χριστῷ
2794 626 3017 697 γνήσιον
3045 627 3316 699 ἐραστήνς

2087 804 2298 858 ΠΑΛΛ.
2325 802 2487 857 Οὕτω
2514 804 2675 874 φημί.

2088 894 2250 948 ΚΥΡ.
2284 894 2493 948 Οὐκοῦν
2519 895 2613 948 δύο
2650 883 2747 964 μὲν
2775 895 2832 946 αί
2873 894 3193 962 σάλπιγγες,
3229 895 3285 947 αῖ
3313 893 3603 962 συλλέγου-

2018 1003 2109 1041 σαι
2147 985 2238 1040 τὸν
2275 986 2403 1042 λαὸν
2445 988 2535 1040 ἐπὶ
2565 987 2662 1058 τὴν
2710 989 2935 1058 σκηνήν.
2987 986 3113 1040 Ἐάν
3161 987 3216 1040 δὲ
3265 988 3362 1058 μιᾷ
3409 986 3603 1040 σαλπί-

2019 1095 2188 1143 σωσι,
2238 1079 2408 1150 φησὶ,
2464 1078 2922 1150 προσελεύσονται
2983 1078 3122 1149 πρὸς
3177 1079 3236 1132 σὲ
3297 1080 3500 1143 πάντες
3550 1078 3602 1132 οἱ

2016 1166 2278 1237 ἄρχοντες
2311 1167 2546 1238 ἀρχηγοὶ
2593 1167 2725 1220 υἱῶν
2768 1167 3009 1238 Ἰσραήλ.
3041 1169 3160 1220 Δεῖν
3195 1169 3292 1239 μὲν
3323 1167 3432 1238 γὰρ
3470 1168 3602 1222 ὑπο-

2016 1259 2280 1328 λαμϐάνω
2319 1260 2717 1330 παρακλήσεώς
2755 1278 2812 1313 τε
2863 1261 2956 1314 καὶ
2989 1262 3338 1333 προτροπῆς,
3371 1263 3602 1325 καὶτοῖς

2017 1353 2116 1424 τὴν
2142 1353 2256 1420 ἕξιν
2277 1354 2630 1424 τελειοτέροις
2652 1393 2666 1416 ,
2713 1353 2851 1423 πλὴν
2877 1354 2938 1406 ού
2958 1353 3226 1422 τοσαύτης
3257 1355 3502 1425 ὅσησπερ
3533 1354 3603 1406 ἂν

2017 1447 2189 1500 δέοιτο
2209 1448 2304 1501 καὶ
2337 1448 2369 1518 ή
2398 1446 2507 1499 τῶν
2545 1446 2745 1516 ἐτέρων
2777 1443 3012 1516 πληθύς·
3036 1444 3124 1498 διὰ
3158 1445 3310 1498 τοῦτο
3344 1447 3468 1510 τοὺς
3502 1445 3603 1516 μὲν

2019 1539 2211 1603 ἀλλους
2261 1539 2508 1601 ἅπαντας
2550 1537 2644 1591 δύο
2693 1536 2848 1606 μόλις
2890 1536 3224 1590 ἀνακαλοῦσι
3277 1536 3601 1606 σάλπιγγες,

2023 1633 2120 1704 μία
2163 1631 2219 1685 δὲ
2264 1631 2391 1695 τοὺς
2436 1630 2874 1700 ἐξειλεγμένους·
2918 1629 3078 1701 ἀρκεῖ
3133 1629 3242 1701 γὰρ
3293 1630 3482 1698 ὀλίγον
3522 1630 3604 1702 τῷ

2023 1723 2192 1794 σοφῷ,
2227 1723 2321 1778 καὶ
2357 1723 2610 1794 ἀφορμὴν
2639 1723 2688 1776 εί
2726 1721 2903 1788 λάϐοι,
2944 1722 3245 1793 προσθήσει
3291 1723 3353 1776 τὸ
3392 1723 3600 1789 λεῖπον,

2023 1817 2166 1872 κατὰ
2202 1816 2262 1872 τὸ
2289 1834 2304 1847 ·
2357 1834 2378 1868 ι
2419 1817 2574 1870 Δίδου
2622 1815 2772 1887 σοφῷ
2815 1815 3104 1888 ἀφορμὴν,
3157 1816 3252 1870 καὶ
3295 1815 3604 1890 σοφώτερος

2021 1911 2193 1965 ἔσται·
2217 1909 2451 1981 γνώριζε
2471 1908 2684 1980 δικαίῳ,
2716 1909 2810 1963 καὶ
2829 1908 3131 1980 προσθήσει
3155 1908 3250 1962 τοῦ
3271 1908 3538 1979 δέχεσθαι.
3575 1927 3595 1960 ι

2021 1999 2154 2057 Εἶτα
2189 2001 2527 2076 προστέταχε
2557 2001 2830 2071 τέσσαρας
2865 1999 3135 2054 ποιεῖσθαι
3165 1999 3452 2071 σημασιῶν
3487 2000 3603 2053 δια-

2021 2095 2194 2168 φορὰς
2215 2134 2230 2159 ,
2258 2092 2402 2147 ὥστε
2432 2093 2499 2146 δι’
2531 2090 2710 2144 αὐτῶν
2731 2088 3128 2158 ἀναζευγνύναι
3147 2107 3207 2142 τε
3228 2089 3323 2143 καὶ
3347 2088 3604 2159 ἀπαίρειν

2020 2187 2146 2250 τούς
2178 2204 2238 2240 τε
2283 2185 2419 2257 πρὸς
2447 2184 2529 2254 ήῶ
2563 2183 2656 2237 καὶ
2705 2182 2848 2246 λίϐα,
2894 2180 3066 2252 βορρᾶ
3100 2181 3193 2234 καὶ
3234 2181 3418 2234 νότον·
3449 2177 3604 2252 οἶμαι

2021 2273 2114 2331 οὖν
2149 2276 2246 2341 τὰς
2273 2275 2550 2347 τέσσαρας
2583 2275 2719 2345 ἡμῖν
2759 2273 2866 2326 τῶν
2900 2271 3249 2342 Εὐαγγελίων
3281 2273 3604 2343 συγγραφὰς

2021 2368 2109 2422 διά
2139 2367 2329 2422 τούτου
2364 2365 2747 2436 σημαίνεσθαι,
2779 2364 2846 2418 δι’
2876 2358 2950 2418 ὧν
2981 2365 3010 2418 6
3058 2363 3282 2434 σύμπας
3326 2365 3606 2433 παιδαγω-

2023 2463 2200 2528 γεῖται
2230 2459 2434 2530 κόσμος
2467 2457 2602 2528 πρὸς
2638 2455 2977 2527 δογματικήν
3017 2473 3077 2508 τε
3105 2455 3221 2526 ἅμα
3269 2455 3364 2509 καὶ
3408 2455 3605 2526 ἠθικὴν

2025 2551 2358 2620 ἐπιστήμην.
2408 2549 2469 2600 Εἰ
2499 2547 2555 2600 δὲ
2596 2547 2658 2618 δή
2686 2564 2738 2600 τι
2773 2547 2876 2618 χρὴ
2911 2547 3004 2602 καὶ
3034 2546 3220 2618 ἓτερον
3256 2545 3608 2611 ἐπινοοῦντας

2025 2642 2224 2709 λέγειν,
2270 2641 2679 2711 κατοκνήσομεν
2710 2640 2996 2710 οὐδαμῶς,
3044 2637 3212 2694 ῢπνου
3252 2639 3345 2693 καὶ
3382 2639 3608 2711 ἱδρῶτος

2025 2734 2310 2806 κρείττονα
2337 2733 2436 2804 τὴν
2481 2730 2574 2784 τοῦ
2621 2730 2891 2803 χρησίμου
2926 2731 3244 2801 ποιούμενοι
3280 2730 3473 2803 θήραν.
3501 2731 3609 2785 Λό-

2026 2842 2122 2894 γου
2165 2823 2453 2894 τοιγαροῦν
2484 2820 2578 2875 τοῦ
2627 2823 2758 2891 παρ’
2809 2824 2945 2892 ἡμῖν
2995 2821 3266 2893 τέσσαρας
3303 2823 3611 2894 εὑρήσομεν

2026 2916 2124 2980 τάς
2157 2913 2452 2984 διαφορὰς,
2483 2913 2549 2966 δι’
2576 2906 2650 2968 ὧν
2684 2914 2716 2983 ἡ
2752 2912 3019 2984 σύμπασα
3052 2913 3124 2984 γῆ
3172 2912 3264 2966 τὸν
3299 2913 3520 2985 ἄριστόν
3549 2927 3610 2965 τε

2027 3008 2121 3062 καὶ
2147 3005 2430 3075 εὐδόκιμον
2465 3003 2681 3070 ἀληθῶς
2709 3001 3047 3073 κατορθώσει
3077 3002 3219 3073 βίον·
3258 3003 3355 3074 μία
3390 3003 3488 3075 μὲν
3517 2999 3613 3058 οὖν

343 3109 410 3148 ac
448 3092 675 3158 luminis
731 3091 900 3146 divini
951 3095 1360 3164 susceptionem
1399 3111 1596 3152 vocare
1633 3101 1925 3156 consuevi-

2032 3100 2148 3152 ἐστι
2173 3099 2268 3152 καὶ
2296 3095 2509 3170 πρώτη,
2541 3095 2608 3149 δι’
2633 3090 2700 3168 ἦς
2737 3095 2872 3167 πρὸς
2897 3095 3194 3164 ἐπίγνωσιν
3223 3095 3478 3166 ἀληθείας
3514 3097 3613 3150 καὶ

349 3203 469 3242 mus
533 3200 630 3240 eos
683 3185 775 3257 qui
811 3194 1078 3240 creaturae
1121 3186 1305 3256 potius
1331 3203 1496 3257 quam
1529 3188 1776 3246 Creatori
1813 3208 1931 3248 ser-

347 3280 537 3344 viunt,
578 3294 642 3333 ac
685 3278 850 3334 stulte
893 3279 1040 3350 ligno
1081 3278 1276 3333 dicunt
1311 3297 1324 3333 :
1361 3280 1522 3335 Pater
1549 3297 1707 3338 meus
1743 3299 1802 3338 es
1836 3292 1891 3340 tu
1915 3326 1928 3352 ,

348 3379 402 3425 et
446 3369 614 3443 lapidi
657 3387 668 3422 :
706 3369 790 3425 Tu
807 3385 894 3424 me
940 3369 1180 3440 genuisti
1217 3371 1283 3436 ³⁸,
1331 3381 1394 3425 ιιι
1430 3373 1712 3444 propbeue
1747 3377 1933 3432 verbis

353 3473 492 3519 utar.
531 3462 605 3518 Iis
647 3471 830 3518 autem
871 3462 966 3533 qui
1005 3462 1118 3534 jam
1164 3463 1538 3532 crediderunt,
1576 3467 1682 3531 tria
1721 3469 1932 3540 reliqua

351 3554 758 3626 praedicationis
814 3569 1012 3626 genera
1065 3564 1188 3625 apte
1239 3557 1600 3624 convenient;
1657 3558 1931 3629 siquidem

349 3649 514 3703 etiam
557 3647 659 3701 tria
697 3661 817 3702 esse
856 3647 982 3702 vitae
1013 3663 1077 3702 ac
1111 3649 1558 3706 conversationis
1583 3668 1780 3723 genera
1810 3653 1930 3710 Sal-

347 3745 508 3792 .vator
554 3736 770 3802 docuit;
814 3736 954 3792 dixit
999 3737 1169 3804 enim,
1208 3739 1356 3810 jacta
1397 3740 1489 3796 illa
1522 3742 1577 3797 in
1603 3749 1808 3799 terram
1835 3745 1934 3799 bo-

353 3845 478 3884 nam
517 3829 726 3884 semina
757 3828 953 3884 fecisse
995 3829 1256 3896 fructum,
1289 3847 1462 3887 unum
1498 3833 1719 3904 quidem
1749 3843 1933 3890 cente-

351 3921 574 3985 simum,
615 3919 849 3975 alterum
887 3936 1018 3976 vero
1060 3923 1481 3993 sexagesimum,
1515 3925 1738 4008 tertium
1779 3926 1932 3982 deni-

353 4027 458 4082 que
501 4011 838 4066 tricesimum
870 4012 934 4066 ".
980 4013 1185 4068 Horum
1223 4014 1390 4086 igitur
1426 4016 1725 4088 unicuique
1757 4034 1932 4090 genus

340 4099 482 4156 'itcm
524 4111 608 4156 est
652 4101 924 4173 quoddam
970 4105 1239 4160 sermonis
1283 4107 1518 4163 maxime
1555 4111 1924 4168 conveniens:

354 4211 532 4265 neque
575 4196 723 4250 enim
777 4204 925 4251 recte
973 4196 1285 4264 fecerimus,
1329 4198 1374 4253 si
1421 4199 1680 4271 legitimis
1719 4203 1927 4274 nuptiis

354 4286 698 4358 conjunetos,
725 4285 796 4340 ob
820 4301 1053 4357 eamque
1093 4303 1210 4343 rem
1234 4288 1347 4345 Deo
1380 4305 1444 4346 ac
1468 4291 1676 4348 mundo
1698 4292 1925 4363 divisos,

353 4387 408 4430 et
469 4392 564 4432 cos
610 4377 740 4432 item
798 4378 891 4449 qui
933 4379 1442 4450 prtestantissimam
1496 4398 1563 4438 ac
1615 4384 1928 4456 religiosam

355 4469 545 4534 vitam,
575 4479 669 4524 aut
709 4479 893 4540 aptam
939 4472 1263 4526 sacerdotali
1300 4474 1516 4529 muneri
1548 4485 1932 4545 susceperunt,
1967 4461 2009 4514 D

357 4559 550 4612 iisdem
577 4561 928 4615 sermonibus
959 4561 1111 4616 nullo
1143 4562 1460 4618 discrimine
1477 4563 1751 4634 juvandos
1773 4573 1936 4634 puta-

357 4651 622 4715 verimus,
653 4650 750 4704 sed
789 4650 896 4705 illis
931 4652 1156 4720 quidem
1195 4653 1483 4708 dicemus:
1519 4670 1537 4704 ι
1566 4652 1835 4724 Alligatus
1876 4669 1938 4709 es

357 4742 556 4796 uxori?
597 4741 710 4795 noli
752 4757 999 4812 quaerere
1056 4745 1416 4810 solutionem;
1480 4743 1694 4799 solutus
1749 4760 1811 4800 es
1867 4745 1937 4800 ab

358 4836 562 4889 uxore?
585 4834 694 4888 noli
720 4850 966 4905 quaerere
991 4851 1219 4902 uxorem
1246 4837 1322 4902 ";
1349 4855 1366 4886 ι
1389 4842 1445 4889 et
1470 4849 1812 4907 quaecunque
1830 4838 1937 4893 alia

358 4926 709 4981 matrimonio
746 4927 955 4999 junctis
1001 4934 1056 4982 et
1098 4927 1306 4982 sentire
1342 4929 1601 4983 convenit
1633 4936 1689 4984 et
1729 4929 1931 4986 facere.

353 5018 649 5090 Religiosis
676 5027 882 5082 autem,
914 5027 970 5073 et
994 5019 1088 5089 qui
1121 5017 1414 5072 severioris
1436 5018 1560 5074 vitae
1585 5021 1950 5090 asperitatem

353 5097 596 5165 tolerare
638 5110 1005 5172 decreverint,
1039 5128 1056 5159 ι
1089 5107 1409 5164 Mortiﬁcate
1451 5111 1696 5167 membra
1731 5121 1933 5179 vestra,

360 5215 483 5268 qua:
522 5207 651 5253 sunt
691 5215 854 5270 super
893 5208 1098 5254 terram
1125 5237 1142 5263 ,
1203 5196 1652 5268 fornicationem,
1698 5201 1937 5258 immun-

360 5290 572 5355 ditiam,
627 5290 937 5355 libidinem,
1001 5288 1503 5360 concupiscentiam
1563 5296 1762 5350 malam
1787 5297 1850 5350 ”.
1906 5315 1924 5348 ι

352 5374 525 5454 ’168
544 5383 612 5435 Ει
634 5382 822 5444 illud,¢
847 5380 964 5434 Non
993 5389 1123 5435 sunt
1144 5382 1427 5455 condignae
1451 5387 1736 5456 passiones
1768 5388 1935 5460 hujus

363 5473 624 5542 temporis
655 5462 723 5526 ad
773 5473 1016 5537 futuram
1053 5472 1302 5543 gloriam,
1331 5493 1454 5548 quas
1498 5480 1834 5535 revelabitur
1874 5481 1931 5534 in

355 5559 522 5620 "nobis
551 5563 616 5618 ⁸⁸⁸.
655 5581 673 5614 ι
708 5561 780 5618 lis
827 5561 1065 5632 denique
1101 5567 1194 5636 qui
1236 5567 1304 5623 ad
1335 5571 1705 5627 sacerdotium
1754 5574 1933 5628 vocati

449 5691 779 5768 "API'WLIX,
803 5693 856 5748 9.
934 5694 979 5725 ³⁸
1001 5695 1158 5768 Rom.
1185 5715 1224 5766 ι,
1249 5701 1310 5768 7;
1335 5701 1446 5758 Jer.
1475 5717 1534 5768 ιι,
1559 5702 1648 5756 27.

367 5772 458 5825 vn,
485 5760 556 5846 8.
602 5762 646 5793 ⁸ο
672 5762 827 5818 Rom.
861 5779 977 5829 vni,
1005 5765 1092 5820 18.

1763 5703 1808 5737 ³“¹
1832 5703 2022 5760 Matth.
2052 5721 2164 5771 χιιι,
2190 5703 2279 5758 25.
2360 5703 2404 5736 ³⁸
2429 5702 2449 5758 l
2474 5701 2602 5758 Cor.
2628 5718 2725 5768 vu,
2750 5701 2839 5756 27.

2035 3194 2116 3256 είς
2149 3191 2416 3262 ἀνάληψιν
2454 3189 2598 3242 θείου
2641 3189 2818 3259 φωτὸς
2846 3188 3032 3242 καλεῖν
3071 3187 3353 3258 εἰθίσμεθα
3389 3189 3515 3252 τοὺς
3545 3191 3612 3260 τῇ

2035 3285 2212 3340 κτίσει
2245 3284 2394 3355 παρὰ
2417 3282 2509 3336 τὸν
2542 3282 2781 3352 κτίστην
2812 3280 3262 3352 λελατρευκότας,
3303 3281 3398 3335 καὶ
3427 3280 3616 3349 λέγον-

2034 3395 2132 3442 τας
2176 3375 2404 3448 ἀμαθῶς
2461 3373 2540 3444 τῷ
2597 3373 2772 3444 ξύλῳ·
2801 3374 2992 3444 Πατήρ
3033 3388 3136 3443 μου
3188 3370 3238 3426 εί
3271 3372 3358 3435 σὺ,
3412 3373 3508 3426 καὶ
3537 3372 3616 3442 τῷ

2034 3469 2206 3540 λίθῳ·
2253 3469 2324 3522 Σὺ
2359 3466 2656 3537 ἐγέννησάς
2717 3482 2819 3535 με,
2870 3463 3011 3518 κατά
3042 3465 3140 3534 τὴν
3191 3463 3284 3518 τοῦ
3333 3467 3613 3538 προφήτου

2035 3561 2241 3631 φωνήν.
2286 3560 2412 3620 Τοῖς
2459 3575 2522 3627 γε
2567 3559 2674 3628 μὴν
2714 3557 2816 3627 ήδη
2865 3557 3319 3620 πεπιστευκόσιν,
3366 3557 3424 3609 αἱ
3465 3559 3618 3628 τρεῖς

2033 3652 2220 3723 ἕτεραι
2267 3650 2364 3703 τοῦ
2415 3648 2574 3717 λόγου
2626 3649 2881 3718 διαφοραὶ
2935 3647 3194 3718 πρέποιεν
3234 3647 3300 3701 ἂν
3351 3648 3610 3710 είκότως·

2033 3744 2154 3796 ἐπεί
2179 3760 2260 3796 τοι
2289 3743 2384 3795 καὶ
2416 3743 2563 3812 τρεῖς
2594 3735 2736 3794 εἶναι
2770 3739 2884 3810 βίου
2917 3739 3013 3793 καὶ
3044 3738 3319 3802 πολιτείας
3349 3739 3616 3810 διαφορὰς

2033 3835 2309 3888 ἐδίδασκεν
2349 3836 2377 3887 6
2405 3834 2631 3904 Σωτήρ·
2667 3831 2771 3902 ἐφη
2816 3833 2923 3902 γὰρ
2961 3832 3064 3895 ὅτι,
3090 3831 3158 3884 τά
3202 3830 3616 3902 καταδληθέντα

2031 3928 2142 3982 τῶν
2171 3927 2501 4000 σπερμάτων
2531 3925 2624 3978 ἐπὶ
2647 3924 2744 3995 τὴν
2777 3923 2948 3995 καλὴν
2975 3927 3078 3994 γῆν
3128 3924 3352 3994 ἐποίησε
3376 3923 3612 3993 καρπὸν,

2030 4021 2060 4074 6
2085 4019 2184 4090 μὲν
2217 4017 2431 4083 ἐκατίν,
2459 4018 2488 4070 6
2509 4015 2563 4069 δὲ
2589 4015 2878 4084 ἐξήκοντα,
2907 4016 2936 4068 6
2969 4013 3027 4067 δὲ
3055 4013 3372 4085 τριάκοντα.
3403 4012 3616 4067 Οὐκοῦν

2031 4111 2147 4166 ἐστί
2172 4129 2256 4174 τις
2280 4109 2495 4181 ἑκάστῳ
2523 4108 2632 4162 τῶν
2659 4106 2919 4161 τοιούτων
2938 4146 2953 4171 ,
2983 4108 3012 4160 6
3037 4106 3186 4176 αὐτῷ
3216 4106 3449 4176 μάλιστα
3482 4105 3616 4178 πρέ-

2034 4221 2152 4259 πων
2181 4203 2339 4272 λόγος
2363 4215 2378 4230 ·
2404 4201 2465 4254 οὐ
2490 4201 2599 4272 γάρ
2630 4217 2715 4252 πω
2742 4197 2974 4270 δρῶντες
3003 4197 3200 4269 ὀρθῶς,
3228 4201 3354 4260 τοὺς
3385 4195 3503 4267 Θεῷ
3523 4199 3617 4251 καὶ

2031 4297 2224 4369 κόσμῳ
2247 4293 2685 4366 μεμερισμένους
2700 4329 2715 4355 ,
2744 4289 2835 4343 διὰ
2853 4289 2914 4343 τὸ
2934 4292 3076 4342 κατά
3097 4289 3260 4360 νόμον
3285 4287 3616 4358 ὑπεζεῠχθαι

2035 4389 2234 4460 γάμοις
2254 4429 2268 4450 ,
2300 4388 2396 4441 καὶ
2433 4386 2559 4448 τοὺς
2587 4384 2678 4438 τὸν
2713 4381 3046 4453 πανάριστόν
3077 4399 3138 4434 τε
3179 4382 3273 4435 καὶ
3318 4381 3615 4452 ἀσκητικὸν

2038 4477 2467 4548 ἐπανελομένους
2499 4474 2643 4543 βίον,
2673 4473 2841 4544 ἤγουν
2868 4472 2959 4526 τὸν
2996 4471 3265 4545 ἱερωσύνῃ
3302 4472 3614 4544 πρέποντα,

2035 4572 2149 4633 τοῖς
2166 4569 2301 4630 ῐσοις
2318 4567 2648 4637 ἀφυλάκτοις
2660 4564 3016 4635 ὼφελήσομεν
3035 4563 3234 4632 λόγοις,
3258 4561 3372 4615 ἀλλ’
3391 4561 3616 4625 ἐκείνοις

2043 4661 2140 4731 μὲν
2177 4658 2443 4732 ἐροῦμεν·
2492 4677 2512 4710 ι
2563 4656 2786 4710 Δέδεσαι
2827 4654 3085 4724 γυναικί;
3127 4654 3200 4724 μὴ
3241 4653 3393 4725 ζήτει
3430 4653 3612 4706 λύσιν·

2039 4753 2260 4807 λέλυσαι
2292 4751 2400 4805 άπὸ
2428 4749 2722 4819 γυναικός;
2759 4747 2833 4818 μὴ
2859 4747 3010 4817 ζήτει
3037 4749 3302 4823 γυναῖκα·
3342 4765 3360 4797 ι
3404 4746 3497 4798 καὶ
3516 4745 3618 4799 ὅσα

2036 4847 2150 4908 τοῖς
2181 4841 2554 4914 γεγαμηκόσιν
2587 4838 2814 4911 ἁρμόζει
2848 4839 3066 4907 φρονεῖν
3097 4853 3155 4890 τε
3187 4838 3282 4890 καὶ
3313 4837 3464 4907 δρᾷν.
3492 4837 3620 4900 Τοῖς

2038 4952 2103 5004 γε
2149 4935 2258 5006 μὴν
2283 4935 2606 5002 ἀσκητικοῖς
2642 4931 2738 4985 καὶ
2771 4930 3056 5001 καρτερεῖν
3101 4928 3392 4998 ἐγνωκόσι·
3447 4945 3466 4978 ι
3516 4929 3620 4980 Ns-

2038 5025 2291 5098 κρώσατε
2325 5023 2396 5077 τὰ
2422 5023 2563 5093 μέλη
2593 5021 2749 5093 ὑμῶν
2791 5020 2860 5075 τὰ
2900 5020 2994 5074 ἐπὶ
3021 5019 3124 5090 τῆς
3165 5019 3304 5088 γῆς,
3341 5019 3618 5092 πορνείαν,

2040 5116 2402 5188 ἀκαθαρσίαν,
2425 5114 2617 5180 πάθος,
2637 5111 2930 5184 ἐπιθυμίαν
2951 5113 3149 5182 κακήν.
3172 5131 3190 5164 ι
3220 5111 3326 5164 Καὶ
3347 5111 3428 5176 τὸ,
3460 5129 3477 5160 ι
3507 5113 3623 5162 υῷκ

2039 5209 2165 5275 ἄξια
2188 5208 2256 5263 τά
2289 5207 2591 5278 παθήματα
2616 5206 2712 5259 τοῦ
2738 5204 2834 5258 νῦν
2868 5203 3063 5273 καιροῦ
3095 5202 3230 5273 πρὸς
3267 5203 3366 5273 τὴν
3397 5201 3624 5271 μέλλου-

2041 5317 2138 5355 σαν
2177 5298 2336 5364 δόξαν
2381 5295 2834 5366 ἀποκαλυφθῆναι
2873 5295 2954 5357 είς
2997 5295 3164 5364 ἡμᾶς.
3205 5312 3222 5344 ι
3261 5294 3385 5356 Τοῖς
3430 5292 3489 5346 δὲ
3527 5309 3620 5345 κε-

2039 5392 2332 5462 κλημένοις
2361 5391 2440 5454 είς
2471 5389 2793 5460 ἱερωσύνην·
2838 5406 2856 5438 ι
2893 5386 3067 5456 Χείλη
3107 5385 3296 5456 ἱερέως
3329 5383 3625 5452 φυλάξεται

2037 5483 2276 5552 γνῶσιν,
2321 5481 2416 5535 καὶ
2459 5481 2622 5551 νόμον
2667 5479 3062 5550 ἐκζητήσουσιν
3111 5479 3176 5530 ἐκ
3217 5476 3482 5545 στόματος
3526 5476 3626 5528 αὐ-

2036 5573 2154 5636 τοῦ,
2191 5591 2207 5624 ι
2244 5571 2339 5625 καὶ
2375 5571 2474 5624 ὅσα
2517 5569 2769 5640 Τιμοθέῳ
2798 5569 3087 5639 παρεγγυᾷ
3117 5567 3346 5638 γράφων
3382 5566 3412 5619 6
3445 5564 3626 5636 σοφώ-

2938 5702 2981 5733 ³⁹
3005 5700 3215 5757 Coloss.
3262 5715 3341 5765 ιιι,
3367 5700 3427 5769 5;
3461 5700 3621 5756 Rom.
