4104 6498
485 429 604 489 m

1253 444 1337 500 DE
1373 443 1818 505 ADOR‘ATIOXE
1859 451 1925 505 IN
1967 449 2239 506 SPIRITU
2282 451 2368 505 ΕΤ
2414 448 2785 505 ΥΕιὶΙἝὲίΤΕι
2833 446 2960 501 LIB.
3003 445 3067 501 ν.

3691 442 3792 499 tua
3817 521 3821 524 ι

484 563 656 612 emo;
699 549 932 616 Παῦλος.
972 548 1120 626 ’Ἃρά
1150 573 1241 627 μοι
1288 558 1382 613 τοῦ
1415 561 1720 632 πρέποντος
1752 563 1975 635 ἐξέρπει
2019 563 2090 618 τὰ

2194 561 2436 627 fuerint,
2487 581 2504 613 ι
2553 561 2724 617 Labia
2768 557 3076 618 sacerdotis
3122 554 3436 612 custodierit
3483 553 3789 618 scientiam,

482 640 835 784 :l‘fjeYﬁpﬁta,
872 647 968 701 καὶ
1017 645 1360 723 ἀποφέρεταί
1397 671 1487 708 ποι
1537 655 1674 726 πρὸς
1716 656 1778 709 τὸ
1824 656 1925 710 οὐκ
1971 657 2094 728 ἔχον

531 751 552 782 ο
598 751 713 784 ωςε
964 774 981 783 -

519 751 674 802 ⁸τοιος
699 751 713 800 ;
964 774 981 783 -

2202 662 2260 712 et
2281 656 2457 726 legem
2489 657 2784 726 exquirent
2824 654 2893 709 de
2931 668 3030 709 ore
3072 653 3193 724 ejus
3214 651 3289 717 ιι¹;
3321 670 3337 701 ι
3368 656 3423 705 ct
3452 664 3787 721 quarcunquc

2202 749 2270 805 ad
2323 749 2678 804 Timotheum
2733 748 2985 803 scribens
3027 746 3186 819 jubet
3228 744 3315 799 vir
3358 741 3797 814 sapientissimus

481 824 717 883 Paulus.
758 831 900 886 Num
952 833 1120 906 igitur
1168 837 1273 906 lare,
1321 858 1460 912 quas
1535 859 1566 898 e
1615 845 1919 915 Scripturis
1967 845 2126 902 attuli
2195 848 2568 913 narrationes,
2611 848 2680 902 ab
2747 861 2817 901 co
2867 844 3016 916 quod
3069 843 3266 899 deccat
3299 840 3578 906 aberrant,
3623 847 3680 894 et
3728 853 3797 892 eo

480 918 902 991 detorquentur
936 927 1085 996 quod
1117 929 1345 988 minime
1377 941 1589 990 rectum
1622 935 1728 989 sit?

557 1020 775 1075 IlAAA.
809 1022 1052 1080 ’Ήκιστά
1083 1044 1166 1096 γε.

560 1109 728 1165 ΚΥΡ.
799 1113 1084 1188 Ἐπιτήρει
1144 1118 1203 1174 δὲ
1269 1122 1353 1176 ὅτι
1418 1121 1604 1194 μόνοις
1662 1124 1930 1194 ἀπονέμει
1980 1127 2095 1188 τοῖς

484 1201 744 1270 ἱερᾶσθαι
804 1203 1064 1275 λαχοῦσι,
1119 1209 1182 1264 τὸ
1237 1212 1542 1284 κεχρῆσθαι
1592 1217 1717 1278 ταῖς
1766 1214 2090 1284 σάλπιγξιν)

2276 1031 2475 1088 PALL.
2518 1027 2741 1084 Minime
2771 1040 2921 1080 vero.

2273 1123 2431 1180 CYR.
2474 1120 2613 1176 lllud
2641 1127 2825 1175 autem
2866 1116 3272 1172 animadvertas
3304 1112 3490 1178 velim,
3523 1109 3695 1165 Deum
3729 1108 3796 1164 iis

2202 1219 2471 1288 duntaxat
2527 1214 2624 1287 qui
2692 1213 3008 1269 sacerdotes
3056 1210 3220 1266 electi
3266 1215 3485 1272 essent,
3534 1205 3794 1260 tubarum

485 1291 791 1359 ἀνατιθεὶς,
821 1292 979 1369 οἶμαί
1014 1316 1142 1364 που,
1177 1305 1291 1366 τοῖς
1315 1302 1425 1357 τῶν
1467 1302 1612 1362 λαῶν
1645 1304 1965 1372 παιδευταῖς
1997 1306 2090 1361 καὶ

2201 1327 2364 1367 usum
2401 1309 2689 1374 tribuere;_
2721 1305 2870 1378 quod
2912 1303 3101 1375 populi
3138 1302 3348 1358 scilicet
3384 1298 3706 1356 doctoribus
3739 1303 3796 1351 et

482 1386 844 1456 ἡγιασμένοις
871 1392 952 1455 είς
991 1393 1314 1466 ἱερωσύνην,
1340 1396 1435 1450 τὸν
1468 1400 1962 1470 μυσταγωγοῦντα,
1995 1403 2090 1456 καὶ

2201 1401 2585 1459 sacerdotibus
2629 1397 2965 1456 consecratis
2998 1394 3260 1465 assignet,
3297 1401 3358 1449 ut
3401 1392 3617 1463 opinor,
3649 1406 3792 1460 pra:-

489 1478 600 1579 pl'jv
642 1481 739 1579 καῖ
781 1484 1084 1579 είς-ἔφεσιν
1122 1488 1327 1560 ἀρετῆς
1357 1490 1728 1563 ὲπαλείφοντα
1763 1494 1942 1563 λόγον.
1991 1495 2090 1550 Διά

2197 1495 2555 1557 dicationem,
2583 1507 2706 1562 quae
2747 1490 2815 1545 de
2864 1486 3141 1561 mysteriis
3173 1485 3389 1550 doceat,
3418 1493 3475 1538 et
3509 1482 3578 1536 ad
3613 1480 3792 1535 virtu-

444 1589 460 1667 ὲ
488 1570 648 1624 τοῦτο
837 1570 1016 1646 οἶμαι,
1048 1580 1185 1652 πρὸς
1219 1583 1320 1652 μὲν
1351 1584 1556 1638 Μωσέα
1584 1585 1750 1656 φησί·
1794 1606 1812 1638 ι
1857 1587 2090 1659 Ποίησον

2195 1595 2307 1642 tem
2347 1583 2709 1656 expetendam
2757 1581 3029 1637 instituat.
3072 1578 3262 1649 itaque
3297 1576 3366 1631 ob
3395 1591 3520 1631 eam
3547 1590 3790 1639 causam,

441 1663 458 1763 ἑ
487 1663 706 1763 σεαυτῷ
723 1665 830 1763 ’δύο
853 1667 1189 1763 σάλπιγγας.
1227 1691 1250 1724 ι
1275 1673 1446 1747 Νόμῳ
1469 1676 1527 1729 δὲ
1553 1675 1742 1750 ὥσπερ
1771 1697 2090 1752 κατασφρα-

2195 1687 2257 1734 nt
2281 1695 2383 1751 ego
2414 1678 2696 1743 existimo,
2744 1675 2882 1732 dicit
2921 1673 3093 1746 Moysi
3129 1690 3141 1726 :
3182 1692 3198 1722 ι
3233 1671 3340 1727 Fac
3380 1669 3479 1724 tibi
3518 1667 3657 1723 duas
3701 1676 3790 1720 tu-

483 1754 660 1861 :{Kujv
687 1757 750 1810 τὸ
776 1760 995 1861 χρῆμαξ
1029 1781 1049 1815 ι
1085 1764 1197 1817 Καὶ
1220 1765 1272 1818 οἱ
1299 1767 1405 1820 υἱοὶ
1450 1769 1682 1841 Ἀαρὼν,
1718 1791 1740 1823 ι
1775 1775 1961 1844 φησὶν,
1990 1793 2007 1825 ι
2041 1776 2090 1828 οἱ

2194 1768 2294 1824 bas
2325 1769 2390 1822 δ’.
2429 1787 2445 1818 ι
2495 1767 2742 1838 Eamque
2787 1781 2903 1821 rem
2930 1762 3101 1818 veluti
3133 1763 3251 1833 lege
3282 1758 3634 1822 conﬁrmans,
3669 1775 3687 1809 ι
3724 1755 3794 1811 Et

489 1847 694 1915 ἱερεῖς,
732 1849 1022 1906 σαλπιοῦσι
1052 1855 1170 1918 ταῖς
1200 1854 1496 1926 σάλπιγξι·
1528 1861 1624 1914 καὶ
1659 1861 1814 1917 ἔσται
1840 1864 1970 1935 ὑμῖν
2003 1863 2088 1918 νό-

2194 1856 2312 1921 filii,
2330 1877 2347 1908 ι
2383 1856 2584 1929 inquit,
2620 1876 2636 1908 ι
2655 1855 2838 1912 Aaron
2861 1853 3180 1910 sacerdotes
3197 1857 3397 1906 canent
3416 1849 3593 1916 tubis;
3615 1847 3794 1904 eterit

487 1954 661 2008 μιμον
694 1941 916 1998 αἰώνιον
945 1946 1025 2008 εἰς
1054 1944 1152 2010 τὰς
1180 1950 1376 2016 γενεὰς
1402 1951 1576 2019 ὑμῶν.
1619 1973 1636 2005 ι

559 2125 774 2182 ΠΔΛΛ.
819 2127 1032 2182 Οὐκοῦν
1068 2129 1180 2183 τῶν
1213 2131 1508 2202 σημασίῶν
1538 2134 1668 2200 τοὺς
1697 2137 1964 2208 τρόπους,
2010 2139 2090 2202 είς

482 2219 579 2274 τὸν
609 2221 830 2292 ἑκάστῳ
862 2221 972 2274 τῶν
1003 2221 1276 2276 εἰωθότων
1317 2225 1629 2297 εὐδοκιμεῖν
1659 2229 1876 2283 ἐοικότα
1908 2230 2088 2300 λόγον,

483 2313 936 2383 παραδεξόμεθα.
987 2315 1421 2388 Συναπαροῦμεν
1469 2318 1525 2372 δὲ
1566 2318 1710 2374 οὕτω
1742 2321 1836 2375 καὶ
1882 2340 2090 2392 συγκα-

484 2404 799 2477 ταλύσομεν
859 2408 927 2478 τῇ
991 2407 1227 2480 νεφέλῃ,
1290 2411 1574 2477 τουτέστι,
1641 2414 2090 2488 συμϐαδιούμεθα

485 2497 718 2568 ωητῶς,
755 2497 858 2552 καὶ.
883 2500 1418 2573 συναναπαυσόμεθα
1449 2500 1528 2574 τῷ
1558 2504 1804 2576 Χριστῷ.

559 2761 727 2816 ΚΥΡ.
763 2759 837 2818 Εὖ
875 2763 1076 2834 λέγεις.
1119 2767 1287 2823 Τουτὶ
1323 2768 1434 2842 γὰρ
1465 2771 1614 2841 ἡμᾶς
1644 2771 1929 2827 ἀναπείσει
1956 2790 2091 2846 φροο

485 2855 623 2918 νεῖν,
651 2855 746 2909 καὶ
762 2857 1044 2928 προφήτου
1064 2857 1221 2926 λόγος
1243 2859 1382 2931 ἔχων
1408 2861 1527 2915 ὡδί”
1551 2883 1566 2913 ι
1584 2862 1694 2916 Καὶ
1713 2861 1830 2928 νῦν,
1850 2865 2088 2937 Ἰσραὴλ,

483 2947 538 3000 τί
576 2947 781 3020 Κύριος
805 2951 833 3003 ό
857 2950 990 3014 Θεὸς
1017 2953 1269 3023 ἐπιζητεί
1298 2953 1451 3026 παρὰ
1479 2955 1596 3015 σοῦ,
1618 2954 1733 3008 ἀλλ’
1765 2955 1798 3027 ἢ
1829 2955 1890 3008 τὸ
1915 2960 2091 3014 ποιεῖν

485 3042 686 3110 κρῖμα,
718 3041 814 3094 καὶ
847 3041 1071 3114 ἀγαπᾷν
1103 3043 1254 3108 ἔλεος
1274 3083 1287 3106 ,
1321 3047 1416 3099 καὶ
1445 3045 1662 3118 ἕτοιμον
1695 3041 1834 3101 εἶναι
1863 3048 1958 3103 τοῦ
1992 3066 2091 3104 πο-

486 3132 746 3203 ρεύεσθαι
777 3135 916 3205 μετά
947 3135 1155 3207 Κυρίου
1185 3135 1320 3191 Θεοῦ
1354 3154 1486 3204 σου;
1531 3158 1549 3188 ι
1889 3153 1892 3156 ’

557 3324 774 3377 ΠΑΛΛ.
828 3323 964 3378 Ἀλλ’
993 3325 1076 3378 ὅτι
1106 3325 1205 3394 μὲν
1232 3324 1425 3397 χρῆμα
1469 3326 1656 3391 καλὸν,
1691 3329 1788 3383 καὶ
1828 3329 1920 3384 τοῦ
1955 3347 2092 3385 παν-

482 3413 578 3478 τὸς
623 3415 795 3480 ἀξιον,
830 3417 926 3470 καὶ
955 3417 1054 3488 τὴν
1085 3419 1173 3471 ἐπ’
1203 3418 1426 3491 ἀνδρείᾳ
1465 3418 1626 3485 δόξαν
1656 3422 2087 3489 καταπλουτοῦν,

480 3507 546 3561 τὸ
577 3509 910 3580 πορεύεσθαι
948 3511 1088 3582 μετὰ
1134 3511 1341 3583 Κυρίου
1387 3511 1525 3566 Θεοῦ
1569 3531 1687 3576 σου,
1730 3513 1850 3578 πῶς
1892 3517 1992 3569 οὐκ
2026 3516 2092 3570 ἂν

482 3599 702 3667 γένοιτο
733 3600 936 3672 σαφές;
967 3603 1032 3656 Τί
1062 3602 1106 3656 δ’
1136 3602 1203 3658 ἂν
1244 3603 1329 3677 εἴη
1363 3605 1524 3662 πάλιν
1558 3607 1645 3672 τὸ,
1671 3605 1903 3680 ἐτοιμονί
1927 3603 2090 3677 εἶναι,

482 3691 729 3764 φράσαις
756 3693 822 3746 ἂν
853 3693 1093 3748 ἐθέλοντί
1120 3712 1233 3767 μοι.

557 3785 726 3841 ΚΥΡ.
772 3787 899 3851 Πῶς
939 3788 1049 3861 γὰρ
1082 3786 1180 3856 οὖ;
1210 3788 1304 3844 τοῦ
1333 3789 1444 3860 γὰρ
1478 3794 1698 3863 φρονεῖν
1727 3809 1788 3846 τε
1822 3793 1920 3846 καὶ
1958 3791 2093 3866 δρᾷν

482 3879 806 3947 ἐπείγεσθαι
836 3882 905 3935 τὰ
931 3881 1090 3948 Θεοῦ,
1122 3883 1274 3956 παρά
1301 3887 1466 3951 πόδας
1505 3887 1638 3959 ἡμῖν
1665 3888 1959 3961 κειμένου,
1997 3890 2094 3945 καὶ

483 3971 851 4042 ἀπείργοντος
872 3975 1110 4041 οὐδενὸς,
1136 3975 1261 4030 οὔτε
1293 3977 1401 4050 μὴν
1423 3979 1776 4046 ἀνθέλκοντος
1804 3983 1883 4046 είς
1913 3982 2096 4036 ἀδόκι-

487 4075 592 4130 μον
627 4058 773 4125 νοῦν,
807 4061 986 4126 τοῦτο,
1015 4061 1192 4136 οἶμαι,
1222 4065 1338 4122 ἔστι
1371 4068 1430 4123 τὸ
1464 4068 1680 4143 ἕτοιμον
1703 4067 1843 4125 εἶναι
1873 4071 1969 4126 τοῦ
1997 4091 2093 4127 πο·

486 4147 752 4220 ρεύεσθαι
793 4151 934 4224 μετά
969 4154 1126 4209 Θεοῦ.

559 4331 775 4387 ΠΑΛΛ.
831 4333 997 4398 Τίνας
1026 4334 1082 4389 δὲ
1115 4335 1253 4400 ὅλως
1292 4331 1431 4390 εἷναί
1469 4355 1652 4410 φαμεν
1691 4341 1820 4403 τοὺς
1866 4339 2094 4395 ἀκολου-

486 4421 603 4476 θεῖν
626 4422 707 4494 τῷ
733 4422 855 4495 Θεῷ
879 4423 1184 4495 ἐθέλοντας,
1220 4428 1295 4500 μὴ
1329 4429 1436 4500 μὴν
1461 4428 1542 4483 ἔτι
1567 4431 1662 4485 καὶ
1692 4432 1750 4500 ἐξ
1774 4432 1903 4504 ὅλης
1931 4433 2094 4489 τοῦτο

483 4515 622 4586 δρᾷν
653 4516 943 4588 ἐλομένους
967 4518 1168 4591 ψυχῆς,
1199 4520 1530 4586 ὀκλάζοντας
1548 4523 1612 4577 ’δὲ
1642 4523 1781 4595 πρὸς
1807 4525 1868 4578 τὸ
1892 4525 2090 4583 ἄναλκι

485 4609 585 4661 καὶ
615 4609 1090 4680 παραιτουμένους
1124 4610 1200 4683 (Ι)
1223 4611 1286 4665 τὸ
1319 4615 1622 4686 καρτερόν;

561 4699 729 4755 ΚΥΡ.
763 4700 926 4766 Τοὺς,
955 4702 1012 4755 οῖ
1031 4719 1094 4770 γε
1124 4702 1340 4774 βραδεῖς
1361 4707 1421 4759 τέ
1441 4708 1569 4772 εἰσι,
1601 4709 1697 4764 καὶ
1727 4710 1880 4781 μόλις
1915 4712 2092 4779 ἱέντας

490 4791 592 4863 μὲν
615 4792 710 4845 ἐπὶ
734 4792 796 4846 τὸ
827 4797 1046 4865 φρονεῖν
1074 4795 1282 4850 ἐθέλειν
1307 4797 1374 4852 τὰ
1404 4799 1491 4869 ἐφ’
1515 4795 1595 4865 οἷς
1623 4802 1691 4856 ἂν
1719 4803 1903 4876 ἥδοιτο
1935 4806 2088 4874 Θεὸς,

485 4884 548 4937 οὐ
584 4883 691 4957 μὴν
731 4883 812 4938 ἔτι
841 4887 937 4940 καὶ
959 4887 1353 4959 ἀντεχομένους
1383 4891 1665 4966 ὁλοκλήρῳ
1695 4895 1908 4970 διανοίᾳ
1937 4898 2096 4952 πολιδ

485 4981 640 5044 τείας
670 4980 1048 5055 ἁγιοπρεποῦς
1067 5025 1080 5048 ,
1106 4982 1157 5036 οἳ
1190 4986 1383 5056 μοῖραν
1413 4986 1514 5056 μὲν
1541 4987 1734 5062 ὥσπερ
1772 4990 1962 5062 ὀλίγην
1991 4993 2091 5064 τῆς

487 5072 718 5144 ἐνούσης
749 5074 935 5138 αὐτοῖς
956 5074 1194 5146 σπουδῆς
1214 5093 1274 5129 τε
1299 5078 1396 5130 καὶ
1411 5078 1723 5150 προθυμίας
1751 5081 2088 5153 ἀπονέμουσι

465 5168 555 5236 ,τῇ
593 5166 676 5229 είς
702 5166 839 5220 Θεὸν
877 5167 1091 5240 ἀγάπῃ,
1124 5167 1186 5220 τὸ
1211 5167 1268 5221 δέ
1300 5185 1365 5238 γε
1386 5167 1570 5225 λοιπὸν
1593 5172 1740 5226 ἅπαν
1765 5175 2089 5230 ἀσωτότατά

483 5276 547 5312 τε
580 5259 677 5312 καὶ
716 5260 975 5331 προαλῶς
1023 5261 1268 5333 δαπανᾷν
1296 5263 1571 5332 ἐγνώκασι
1597 5268 1708 5330 τοῖς
1735 5268 1793 5320 ἐν
1823 5268 1958 5339 τῷδε
1987 5269 2088 5342 βίῳ

484 5354 939 5422 περισπασμοῖς,
995 5354 1090 5407 καὶ
1143 5353 1428 5425 ἀνονήτοις
1481 5355 1671 5426 ἱδρῶσι
1727 5357 1821 5410 καὶ
1869 5362 2089 5430 πικροῖς

485 5441 923 5513 φροντίσμασιν,
953 5436 1029 5498 ὧν
1061 5445 1141 5508 είς
1175 5443 1348 5499 τύπον
1375 5445 1442 5499 ἂν
1471 5441 1582 5502 εἷεν
1624 5449 1673 5500 oi
1710 5449 1776 5502 ἐκ
1829 5448 2088 5520 Ῥουὸείμ

483 5547 546 5583 τε
573 5531 669 5584 καὶ
696 5531 806 5586 Γάδ
823 5549 837 5562 ο
871 5532 1186 5606 γέγραπται
1211 5533 1321 5606 γὰρ
1349 5533 1514 5588 πάλιν
1547 5535 1606 5588 ἐν
1629 5536 1742 5598 τοῖς
1781 5535 2084 5608 Ἀριθμοῖς’

489 5639 511 5672 ι
554 5623 667 5676 Καὶ
700 5622 917 5694 κτηνῶν
960 5623 1168 5696 πλῆθος
1209 5619 1280 5695 ἦν
1323 5627 1440 5690 τοῖς
1504 5627 1642 5691 υίοῖς
1683 5627 1941 5699 Ῥουόεὶμ
1990 5628 2086 5683 καὶ

564 5779 608 5811 ’⁸
639 5780 871 5835 Malach.
901 5797 959 5846 ιι,
992 5782 1044 5835 7.
1126 5782 1169 5814 δ’
1199 5781 1365 5836 Num.
1394 5798 1446 5847 χ,
1471 5781 1525 5835 2.

566 5893 648 5966 (i)
689 5894 826 5951 Cod.
870 5895 1016 5959 νίκη
1056 5895 1534 5968 παρωθουμένους,
1563 5895 1896 5966 repellentes.

2190 1948 2351 2005 vobis
2388 1948 2698 2021 legitimum
2744 1946 3147 2019 sempiternum
3178 1943 3232 1999 in
3273 1940 3659 2016 generationes
3693 1953 3790 1994 ve-

2191 2050 2337 2096 stras
2366 2041 2430 2096 ".
2464 2060 2482 2092 ι

2262 2133 2461 2189 PALL.
2503 2133 2677 2206 igitur
2725 2132 3012 2204 signorum
3058 2128 3276 2199 modos,
3306 2142 3620 2185 sermonem
3665 2125 3791 2182 uni-

2191 2226 2392 2296 cuique
2437 2226 2605 2281 statui
2645 2225 2786 2281 bene
2827 2240 2892 2281 ac
2923 2222 3276 2280 laudabiliter
3306 2219 3633 2283 viventium,
3663 2226 3791 2288 apte

2190 2329 2247 2375 et
2285 2319 2699 2374 accommodate
2743 2317 3054 2373 exhibitum
3105 2314 3459 2386 accipiemus.
3502 2312 3582 2366 Ita
3626 2309 3790 2366 simul

2190 2427 2412 2482 quoque
2467 2427 2593 2467 cum
2650 2411 2799 2466 nube
2855 2407 3336 2481 promovebimus,
3392 2405 3670 2473 simulque
3720 2402 3791 2456 ab

2193 2502 2389 2558 itinere
2449 2501 2830 2565 cessabimus,
2873 2501 2980 2555 hoc
3035 2508 3141 2562 est,
3183 2497 3350 2552 simul
3403 2511 3529 2551 cum
3567 2494 3791 2550 Christo

2190 2592 2553 2667 spiritualiter
2587 2593 3012 2658 ambulabimus,
3049 2590 3323 2661 simulque
3355 2587 3789 2659 requiescemus.

2262 2777 2422 2834 CYR.
2465 2777 2634 2834 Recte
2672 2777 2774 2832 ais.
2821 2775 2914 2831 Sic
2957 2788 3196 2844 namque
3246 2770 3456 2827 sentire
3494 2769 3794 2841 persuadet

2190 2869 2480 2942 propheta:
2500 2884 2721 2940 quoque
2741 2867 2972 2931 dictum,
2997 2864 3147 2936 quod
3170 2863 3251 2919 sic
3273 2863 3442 2918 habet
3462 2880 3474 2916 :
3491 2882 3508 2914 ι
3531 2863 3600 2917 Ει
3619 2878 3789 2927 nunc,

2191 2963 2382 3028 Israel,
2421 2962 2556 3034 quid
2600 2961 2869 3016 Dominus
2916 2959 3064 3014 Deus
3101 2955 3345 3026 exquirit
3378 2970 3408 3010 a
3443 2963 3517 3015 te,
3550 2953 3659 3009 nisi
3707 2953 3789 3007 fa-

2190 3067 2320 3108 cere
2345 3051 2638 3123 judicium,
2666 3057 2724 3105 et
2756 3049 2987 3119 diligere
3022 3043 3485 3106 misericordiam,
3511 3051 3568 3097 et
3601 3056 3789 3114 prom-

2192 3154 2350 3216 ptum
2416 3159 2538 3200 esse
2603 3141 2670 3198 ad
2733 3139 3130 3196 ambulandum
3197 3152 3324 3193 cum
3386 3135 3619 3191 Domino
3677 3135 3792 3190 Deo

2115 3224 2158 3282 C
2195 3245 2288 3290 tuo
2321 3235 2412 3288 M?
2444 3253 2462 3286 ι

2264 3327 2462 3383 PALL.
2509 3326 2675 3397 Atqui
2723 3341 2841 3381 rem
2881 3323 3104 3394 quidem
3151 3336 3272 3377 esse
3319 3318 3609 3374 manifeste
3652 3333 3793 3389 prm—

2193 3420 2397 3475 claram
2450 3435 2520 3475 ac
2557 3417 2781 3490 plurimi
2831 3415 3161 3478 faciendam,
3189 3423 3245 3469 et
3283 3428 3408 3483 quae
3449 3409 3793 3466 fortitudinis

2193 3511 2511 3582 opinionem
2557 3511 2836 3574 conciliet,
2881 3508 3166 3563 ambulare
3213 3522 3339 3561 eum
3382 3503 3612 3559 Domino
3654 3504 3790 3566 Deo,

2194 3604 2321 3675 quis
2348 3604 2543 3675 neget?
2586 3602 2695 3659 Sed
2745 3610 2925 3656 tamen
2968 3599 3104 3655 illud
3145 3613 3338 3653 rursus
3375 3589 3792 3668 mihi'explices

2193 3697 2380 3762 velim,
2413 3695 2677 3767 quidnam
2703 3694 2775 3750 sit
2803 3701 3122 3765 promptum
3151 3705 3292 3746 esse;

2264 3790 2423 3846 CYR.
2462 3789 2682 3846 Faciam
2722 3804 2858 3844 vero
2886 3805 2899 3840 :
2929 3803 3027 3842 cur
3067 3785 3216 3840 enim
3263 3783 3504 3854 negem?
3545 3779 3599 3836 Si
3643 3779 3790 3836 enim

2195 3882 2252 3938 in
2281 3891 2544 3953 promptu
2588 3881 2661 3936 sit
2701 3879 2863 3935 nobis
2897 3879 3160 3949 positum,
3196 3885 3258 3955 u_t
3285 3891 3407 3946 qua:
3440 3873 3537 3929 Dei
3572 3881 3701 3929 sunt
3737 3881 3794 3928 et

2196 3977 2520 4041 sentiamus,
2555 3983 2611 4030 et
2641 3974 2900 4030 celeriter
2923 3971 3209 4035 faciamus,
3239 3969 3490 4039 nihilque
3517 3968 3589 4022 sit
3642 3965 3792 4037 quod

2194 4069 2492 4142 prohibeat
2521 4075 2616 4123 aut
2646 4067 2930 4138 pertrahat
2956 4065 3024 4144 in
3064 4063 3364 4133 reprobum
3407 4076 3654 4122 sensum,
3687 4059 3794 4113 hoc

2195 4161 2332 4216 illud
2377 4168 2482 4224 est,
2529 4174 2652 4214 mea
2700 4156 2924 4228 quidem
2963 4153 3257 4218 sententia,
3306 4156 3624 4222 promptum
3670 4165 3792 4207 esse

2195 4253 2263 4310 ad
2291 4251 2682 4308 ambulandum
2713 4265 2838 4305 cum
2867 4249 2998 4302 Deo.

2265 4342 2465 4399 PALL.
2499 4341 2646 4409 Quos
2669 4355 2800 4395 vero
2827 4337 3055 4393 omnino
3088 4334 3326 4391 dicimus
3351 4348 3448 4390 eos
3496 4333 3592 4404 qui
3616 4333 3792 4388 Deum

2195 4434 2353 4504 sequi
2397 4431 2626 4503 cupiant
2649 4429 2894 4501 quidem,
2927 4442 3037 4482 non
3067 4433 3248 4480 tamen
3279 4423 3333 4479 id
3361 4439 3428 4479 ex
3463 4431 3578 4478 toto
3607 4422 3792 4477 animo

2195 4527 2370 4581 velint
2391 4524 2629 4590 eiiicere,
2654 4523 2751 4580 sed
2775 4539 2888 4594 pra:
2908 4521 3122 4594 ignavia
3146 4519 3531 4586 succumbant,
3554 4524 3612 4574 et
3639 4533 3792 4588 aspe-

2195 4634 2381 4676 rarum
2407 4633 2592 4673 rerum
2623 4615 2974 4672 tolerantiam
3001 4612 3403 4684 deprecentur?

2263 4711 2421 4768 CYR.
2460 4709 2587 4778 Qui,
2619 4724 2746 4764 eum
2793 4707 3066 4762 tardiores
3108 4706 3239 4770 sint,
3269 4713 3341 4759 et.
3372 4705 3461 4759 vix
3506 4719 3572 4759 eo
3617 4715 3792 4771 usque

2194 4803 2621 4875 progrediantur
2641 4807 2700 4855 ut
2726 4816 2792 4855 ea
2822 4815 3014 4869 sapere
3035 4797 3208 4852 velint
3247 4812 3371 4866 quae
3413 4797 3524 4851 Deo
3549 4795 3788 4865 placent,

2200 4893 2363 4964 169
2411 4907 2524 4948 non
2579 4899 2764 4946 tamen
2816 4891 3030 4961 integro
3080 4898 3302 4959 totoque
3356 4887 3540 4941 animo
3588 4893 3791 4941 sancta;

2195 4983 2605 5039 eonversationi
2665 4983 3071 5044 adhaarescunt,
3105 4979 3198 5049 qui
3253 4978 3339 5034 sui
3401 4976 3570 5032 studii
3626 4984 3792 5046 atque.

2197 5075 2499 5131 alacritatis
2518 5075 2770 5146 exiguam
2793 5081 3005 5145 partem
3026 5072 3227 5127 divinae
3241 5069 3496 5125 charitati
3515 5069 3789 5135 tribuunt,

2197 5167 2473 5238 reliquum
2516 5182 2650 5221 vero
2687 5181 2851 5220 omne
2899 5165 3114 5235 perdite
3157 5172 3213 5217 et
3262 5162 3694 5230 intemperanter
3733 5161 3790 5215 in

2196 5257 2365 5330 hujus
2403 5257 2530 5313 vita:
2566 5255 3022 5312 distractionibus
3063 5252 3460 5323 laboribusque
3500 5251 3791 5308 inutilibus

2197 5349 2524 5423 acerbisque
2570 5349 2721 5406 curis
2761 5363 3090 5404 consumere
3133 5340 3447 5402 statuerunt
3496 5363 3508 5398 :
3551 5361 3789 5416 quorum

2199 5443 2429 5515 figuram
2470 5457 2583 5499 non
2629 5439 2868 5496 absurde
2930 5445 3122 5494 tenent
3158 5436 3256 5492 ﬁlii
3295 5437 3493 5492 Ruben
3531 5445 3588 5491 et
3623 5435 3737 5492 Gad
3769 5450 3787 5489 :

2195 5534 2462 5606 scriptum
2491 5540 2577 5589 est
2613 5533 2761 5588 enim
2789 5531 2921 5587 item
2950 5531 3005 5586 in
3039 5528 3296 5586 Numeris
3324 5547 3336 5582 :
3371 5548 3388 5580 ι
3422 5529 3489 5584 Ει
3525 5542 3788 5599 pecorum

2195 5627 2493 5684 multitudo
2527 5634 2650 5685 erat
2683 5625 2812 5683 ﬁliis
2843 5624 3044 5682 Ruben
3068 5621 3277 5682 ctﬁliis
3301 5621 3438 5690 Gad,
3492 5618 3766 5682 multitucl

1626 5781 1670 5814 ιε
1696 5782 1863 5846 lbid.,
1906 5783 1957 5839 8.
2033 5782 2082 5817 ιι
2109 5783 2285 5867 Μίειι.
2306 5799 2379 5852 Vl,
2408 5782 2463 5840 s.
