4104 6436
315 396 423 461 £05

1346 418 1404 472 S.
1449 416 1727 473 CYRILLI
1767 413 2246 473 ALEXANDIIINI
2285 415 2605 475 ARCHIEI‘.

3506 415 3619 484 tot}

314 526 536 597 copiosa
563 528 739 584 valde.
768 531 835 585 Iit
858 530 1120 586 viderunt
1142 534 1418 604 regionem
1443 534 1624 603 Jazer,
1647 543 1705 592 et
1729 534 1902 607 regio-

2016 538 2129 599 τοῖς
2157 536 2292 600 υἱοῖς
2331 536 2474 603 ras,
2511 537 2717 608 πλῆθος
2755 539 2891 594 πολὺ
2923 539 3152 614 σφόδρα.
3197 543 3309 597 Καὶ
3350 527 3489 597 εἶδον
3516 546 3617 617 τὴν

314 631 439 671 nem
462 618 663 675 Galaad
688 639 702 688 ;
728 628 783 676 et
805 632 924 677 erat
946 624 1120 689 locus,
1138 623 1294 680 locus
1312 627 1641 696 pecoribus;
1665 636 1722 683 et
1748 642 1906 683 acce-

313 709 509 766 dentes
539 712 636 767 ﬁlii
664 715 861 770 Ruben
899 726 956 772 et
980 716 1076 773 ﬁlii
1099 717 1237 785 Gad,
1266 718 1527 775 dixerunt
1570 720 1639 776 ad
1660 721 1904 794 MoySen,

314 808 369 854 et
408 801 635 859 Eleazar
657 796 1021 875 sacerdotem,
1052 822 1111 867 et
1156 812 1225 867 ad
1270 813 1553 886 principes
1585 812 1903 889 Synagogze,

313 896 564 954 dicentes
592 916 613 952 :.
646 899 901 967 Ataroth,
936 913 999 959 et
1016 905 1229 970 Debon,
1265 915 1323 963 et
1349 907 1529 973 Iazer,
1559 918 1615 965 et
1642 908 1902 976 Nambra,

309 996 367 1042 et
407 988 611 1057 Sebon,
647 1000 705 1048 et
760 994 961 1061 Eleale,
1016 1006 1075 1054 et
1113 998 1368 1068 Sabama,
1393 1011 1451 1058 et
1476 990 1646 1072 Nave,
1678 1013 1736 1062 et
1757 1005 1905 1062 Bean

314 1087 482 1147 terra,
512 1098 679 1153 quam
699 1084 851 1141 dedit
884 1088 1151 1147 Dominus
1189 1106 1377 1147 coram
1401 1093 1530 1151 ﬁliis
1559 1096 1748 1164 Israel,
1779 1109 1905 1170 apta

309 1179 394 1228 est
416 1176 713 1245 pecoribus
740 1180 1064 1251 pascendis;
1089 1189 1149 1239 et
1175 1186 1351 1242 servis
1380 1188 1490 1244 tuis
1517 1201 1646 1246 sunt
1680 1206 1901 1262 pecora.

308 1265 378 1347 Et
405 1266 667 1326 dixerunt
693 1290 706 1326 :
738 1270 793 1329 Si
821 1273 1136 1332 invenimus
1156 1279 1390 1349 gratiam
1420 1296 1607 1338 coram
1640 1293 1713 1352 te,
1741 1285 1906 1341 detur

308 1344 426 1414 haec
442 1366 590 1416 terra
610 1362 787 1419 servis
808 1366 922 1421 tuis
935 1365 992 1421 in
1012 1369 1501 1438 possessionem,et
1521 1388 1591 1428 ne
1611 1376 1908 1433 transferas

307 1462 411 1504 nos
440 1456 596 1507 trans
628 1452 947 1511 Iordanem.
1004 1457 1074 1513 Et
1101 1457 1242 1515 dixit
1278 1459 1490 1534 Moyses
1532 1462 1661 1519 ﬁliis
1700 1467 1814 1522 Gad
1849 1477 1907 1523 et

308 1537 437 1595 ﬁliis
487 1540 684 1598 Ruben
722 1561 735 1597 :
770 1543 990 1601 Fratres
1028 1549 1203 1603 vestri
1246 1549 1405 1605 ibunt
1455 1551 1524 1607 ad
1572 1553 1802 1620 bellum,
1849 1565 1907 1611 et

308 1644 416 1687 vos
438 1631 706 1689 sedebitis
748 1634 878 1691 hic?
917 1636 985 1692 Et
1018 1653 1118 1695 cur
1154 1644 1475 1711 pervertitis
1513 1655 1728 1703 mentes
1767 1646 1907 1703 filio-

308 1739 432 1778 rum
469 1725 656 1793 lsrael,
691 1735 751 1782 ut
779 1744 892 1784 non
936 1738 1220 1813 transeant
1251 1734 1306 1790 in
1335 1744 1545 1792 terram
1588 1753 1752 1810 quam
1794 1742 1902 1798 Do-

308 1814 493 1873 minus
520 1814 666 1875 Deus
695 1820 790 1877 dat
825 1822 961 1894 ipsis
990 1823 1080 1880 "?
1112 1845 1130 1879 ι
1175 1827 1406 1897 Deinde,
1444 1833 1772 1902 exprobrata
1796 1835 1907 1893 illis

306 1919 601 1978 parentum
644 1917 1025 1984 contumacia,
1060 1918 1119 1975 et
1166 1918 1235 1976 iis
1278 1924 1726 1983 commemoratis
1782 1944 1907 1999 qua:

305 2016 373 2055 ea
391 2000 460 2058 de
482 2018 646 2061 causa
664 2006 799 2077 ipsis
823 2020 1161 2068 evenerant:
1184 2032 1204 2066 ι
1228 2014 1433 2071 Mortui
1456 2032 1694 2090 namque
1717 2025 1898 2086 sunt,i

305 2088 509 2165 inquit,
538 2116 557 2149 ι
589 2097 646 2154 in
671 2096 916 2169 deserto,
959 2122 977 2155 ι
1008 2096 1133 2159 cum
1161 2107 1549 2177 promisSionis
1579 2114 1805 2178 terram,
1844 2122 1907 2168 ut

303 2185 380 2241 ita
422 2186 622 2256 dicam,
668 2206 740 2246 ne
781 2194 1129 2264 aspexissent
1176 2197 1421 2268 quidem.
1460 2200 1632 2257 Infert
1660 2202 1902 2259 iterum:

312 2298 329 2327 ι
360 2277 429 2334 Et
468 2295 599 2336 ecce
645 2283 969 2341 surrexistis
1014 2303 1117 2358 pro
1154 2288 1411 2360 patribus
1439 2295 1661 2358 vestris,
1689 2297 1907 2367 conspi-

303 2371 447 2428 ratio
509 2372 798 2433 hominum
853 2388 1249 2449 peccatorum,
1310 2383 1668 2457 utadjiciatis
1722 2388 1906 2445 adhuc

301 2460 371 2516 ad
403 2462 543 2520 iram
573 2466 971 2540 indignationis
994 2471 1212 2528 Domini
1245 2475 1516 2533 adversus
1554 2478 1745 2545 Israel,
1776 2481 1905 2552 quia

301 2559 633 2615 avertemini
665 2560 736 2616 ab
769 2561 912 2633 ipso,
955 2573 1017 2619 ut
1061 2564 1336 2637 adjiciatis
1384 2566 1588 2634 adhuc,
1637 2580 1699 2627 ut
1739 2573 1902 2631 dere-

302 2645 583 2718 linquatis
614 2649 796 2721 ipsum
829 2653 884 2707 in
917 2652 1161 2722 deserto,
1196 2664 1254 2711 et
1284 2660 1530 2729 peccetis
1578 2661 1633 2717 in
1678 2664 1903 2721 univer-

302 2754 430 2794 sam
469 2744 952 2816 congregationem
1004 2742 1173 2805 hanc.’
1210 2749 1279 2805 Et
1317 2765 1674 2810 accesserunt
1717 2755 1785 2813 ad
1822 2758 1903 2830 ip-

301 2847 425 2888 sum
457 2842 516 2890 et
547 2834 808 2893 dixerunt
836 2854 861 2895 :,
889 2839 1088 2898 Caulas
1132 2843 1319 2899 ovium
1361 2844 1761 2906 aediﬁcabimus
1796 2866 1900 2907 no-

302 2923 403 2981 bis.
431 2925 525 2983 hic
558 2929 859 3000 pecoribus
905 2934 1134 3001 nostris,
1173 2945 1231 2991 et
1272 2937 1443 2996 urbes
1494 2941 1902 3013 impedimentis

301 3019 528 3087 nostris,
567 3029 626 3077 et
665 3038 769 3080 nos
804 3026 1003 3081 armati
1048 3028 1104 3083 in
1144 3029 1329 3102 primo
1365 3032 1560 3090 ordine
1593 3043 1722 3091 ante
1758 3034 1901 3092 ﬁlios

301 3109 489 3178 Israel,
516 3128 810 3186 quousque
852 3117 1224 3189 perducamus
1261 3122 1410 3194 ipsos
1443 3123 1497 3179 in
1531 3124 1712 3181 locum
1747 3126 1898 3198 ipso-

1937 1890 1981 1946 Β

2014 626 2201 699 χώραν
2234 628 2438 700 Ἰαζὴρ,
2460 631 2553 684 καὶ
2570 633 2672 703 τὴν
2695 630 2879 704 χώραν
2902 633 3136 700 Γαλαὰδ,
3161 637 3256 690 και
3280 632 3349 708 ἦν
3372 639 3402 692 δ
3425 640 3611 704 τόπος,

2012 719 2178 782 τόπος
2199 721 2444 791 κτήνεσι.
2469 721 2579 777 Καὶ
2610 723 2997 795 προσελθόντες
3021 728 3072 779 οἱ
3093 728 3199 781 υἱοὶ
3226 728 3482 800 Ῥουόεὶμ
3517 733 3613 784 καὶ

2012 813 2063 864 οἱ
2088 812 2195 867 υἱοὶ
2221 814 2349 880 Γάδ,
2371 807 2528 870 εἷπον
2557 817 2698 889 πρὸς
2723 818 2932 888 Μωσῆν
2958 820 3050 873 καὶ
3077 820 3215 892 πρὸς
3243 822 3507 894 Ἐλεάζαρ
3524 823 3618 878 τόν

2014 903 2200 976 ἱερέα,
2232 907 2329 960 καὶ
2361 906 2500 979 πρὸς
2541 909 2669 973 τοὺς
2713 910 2985 981 ἄρχοντας
3027 913 3131 984 τῆς
3155 915 3499 988 Συναγωγῆς
3528 918 3620 974 λέ-

2012 1014 2223 1065 γοντες·
2298 998 2583 1072 Ἀταρὼθ,
2642 1002 2738 1056 καὶ
2788 1002 3000 1058 Δαισὼν
3070 1007 3167 1060 καὶ
3238 1007 3459 1082 Ἰαζὴρ,
3522 1011 3620 1064 καὶ

2009 1090 2251 1163 Ναμρά,
2284 1091 2379 1145 καὶ
2430 1093 2709 1161 Ἔσεόὼνι,
2750 1098 2846 1150 καὶ
2904 1086 3135 1170 Ἐλεάλὴ
3159 1140 3173 1165 ,
3232 1102 3329 1155 καὶ
3368 1103 3616 1172 Σεϐαμά,

2010 1182 2106 1237 καὶ
2131 1182 2349 1243 Ναδαὺ,
2380 1182 2474 1237 καὶ
2502 1183 2672 1238 Βαιάν
2705 1184 2805 1256 τὴν
2826 1188 2951 1258 γῆν;
2991 1188 3060 1258 ἢν
3090 1189 3379 1261 παρέδωκε
3408 1191 3620 1262 Κύριος

2009 1266 2247 1327 ἐνώπιον
2272 1274 2383 1329 τῶν
2414 1277 2548 1331 υἱῶν
2580 1276 2799 1351 Ἰσραὴλ
2819 1320 2834 1346 ,
2863 1279 2933 1350 γῆ
2964 1282 3335 1353 κτηνοτρόφος
3357 1283 3494 1348 ἐστὶ,
3520 1286 3617 1338 καὶ

2008 1365 2122 1427 τοῖς
2146 1365 2303 1418 παισί
2335 1382 2432 1419 σου
2460 1367 2635 1439 κτήνη
2669 1368 2927 1441 ὑπάρχει.
2956 1371 3071 1425 Καὶ
3108 1362 3296 1442 ἔλεγον
3319 1389 3333 1406 ο
3366 1374 3429 1428 Ei
3459 1374 3619 1446 εὖρορ

2015 1466 2115 1524 μεν
2160 1455 2322 1525 χάριν
2370 1453 2603 1509 ἐνώπιόν
2645 1468 2765 1522 σου,
2796 1458 3006 1531 δοθήτω
3037 1462 3072 1532 ή
3108 1462 3188 1535 γῆ
3229 1461 3371 1532 αὕτη
3400 1466 3514 1529 τοῖς
3545 1467 3618 1518 ci-

2011 1546 2198 1610 κέταις
2226 1563 2323 1600 σου
2362 1549 2421 1601 ὲν
2459 1548 2791 1619 κατασχέσει
2814 1593 2829 1618 ,
2871 1553 2968 1605 καὶ
2995 1552 3071 1626 μὴ
3101 1553 3427 1628 succisam;
3465 1558 3618 1628 ἡμᾶς

2010 1637 2105 1692 τδν
2149 1639 2443 1711 Ἰορδάνην.
2486 1640 2599 1695 Καὶ
2642 1637 2765 1695 εἷπε
2799 1638 3009 1715 Μωσῆς
3038 1646 3154 1710 τοῖς
3191 1646 3329 1711 υἱοῖς
3373 1647 3480 1702 Γὰδ
3519 1649 3618 1704 καὶ

2008 1734 2125 1796 τοῖς
2165 1733 2305 1797 υἱοῖς
2353 1732 2648 1805 Ῥουσεὶμο
2689 1735 2752 1788 Οἱ
2786 1728 3006 1804 ἀδελφοὶ
3049 1737 3207 1809 ὑμῶν
3247 1739 3617 1810 πορεύωνται

2009 1827 2092 1890 είς
2140 1824 2231 1879 τὸν
2267 1825 2542 1897 πόλεμον,
2570 1826 2666 1879 καὶ
2700 1827 2860 1897 ὑμεῖς
2904 1828 3203 1884 καθίσεσθε
3252 1831 3459 1900 aurci");
3495 1830 3616 1889 Καὶ

2010 1919 2101 1973 ἵνα
2142 1918 2198 1972 τί
2242 1917 2602 1988 διαστρέφετε
2629 1917 2730 1981 τὰς
2757 1919 3000 1984 διανοίας
3033 1922 3146 1974 τῶν
3189 1920 3323 1977 υἱῶν
3371 1923 3613 1996 Ἰσραὴλ.
3730 1914 3735 1918 ’

2013 2007 2090 2081 μὴ
2132 2007 2385 2093 διαϐῆναι
2428 2011 2510 2072 εἱς
2540 2008 2641 2080 τὴν
2683 2012 2790 2081 γῆν
2830 2011 2898 2079 ἡν
2942 2010 3150 2093 Κύριος
3179 2014 3209 2066 ὁ
3237 2012 3371 2077 Θεὸς
3398 2014 3615 2069 δίδωσιν

2010 2101 2225 2169 αὐτοῖς
2260 2120 2278 2153 ι
2313 2086 2448 2155 Εῐτα
2477 2101 2617 2173 πρὸς
2644 2101 2859 2167 τούτοις
2886 2090 3255 2169 κατονειδίσας
3285 2106 3471 2170 αὐτοῖς
3500 2107 3611 2160 τῶν

2011 2196 2269 2267 πατέρων
2312 2194 2414 2267 τὴν
2464 2195 2787 2262 ἀπείθειαν,
2836 2198 2931 2251 καὶ
2976 2196 3047 2251 τὰ
3084 2198 3318 2264 ἐκείνοις
3363 2200 3615 2256 ἐντεῦθεν

2010 2287 2435 2360 συμϐεϐηκότα·
2478 2307 2498 2341 ι
2535 2289 2971 2361 Τετελευτήκασι
3000 2290 3111 2362 γὰρ
3136 2292 3196 2345 ὲν
3231 2294 3296 2365 τῇ
3332 2293 3547 2366 ἐρήμῳ,
3585 2312 3606 2346 ι

2007 2383 2194 2454 φησίν,
2224 2382 2354 2449 οὐδ’,
2373 2381 2497 2437 ὅσον
2522 2385 2724 2450 εἰπεῖν,
2750 2382 3077 2454 τεθεαμένοι
3112 2385 3276 2456 μόνον
3307 2386 3406 2458 τῆς
3437 2388 3614 2458 ἑπαγ-

2006 2474 2193 2544 γελίας
2218 2475 2318 2547 τὴν
2345 2476 2466 2548 γῆν.
2507 2468 2792 2549 Ἑπιφέρει
2813 2475 2995 2531 πάλιν·
3027 2496 3047 2530 ι
3080 2474 3190 2533 Καὶ
3218 2479 3329 2534 ἱδοὺ
3348 2478 3615 2552 ἀνέπητε

2004 2569 2127 2624 ἀντὶ
2184 2570 2295 2623 τῶν
2344 2569 2600 2642 πατέρων
2652 2569 2844 2641 ὑμῶν,
2906 2569 3239 2642 σύστρεμμα
3300 2571 3614 2645 ἀνθρώπων

2005 2660 2375 2733 ἁμαρτωλῶν,
2408 2659 2728 2733 προσθεῖναι
2754 2660 2835 2714 ἔτι
2857 2661 2951 2715 ἐπὶ
2987 2661 3081 2715 τὸν
3111 2660 3282 2733 θυμὸν
3310 2662 3412 2733 τῆς
3440 2663 3615 2734 ὀργῆς

2003 2754 2214 2828 Κυρίου
2247 2754 2342 2809 ἐπὶ
2388 2752 2630 2829 Ἰσραὴλ,
2670 2753 2753 2808 ὅτι
2796 2754 3295 2828 ἀποστραφήσεσθε
3320 2756 3418 2810 ἀπ’
3444 2755 3612 2811 αὐτοῦ

2004 2843 2323 2921 προσθεῖναι
2361 2844 2443 2902 έτι
2478 2847 2806 2903 καταλιπεῖν
2837 2848 3003 2903 αὐτὸν
3045 2850 3103 2902 ὲν
3136 2850 3202 2920 τῇ
3244 2849 3471 2921 ἐρήμῳ,
3517 2850 3614 2903 καὶ

2000 2924 2309 3013 ἀνομήσετε
2332 2942 2414 3005 εἱς
2439 2939 2569 3013 ὅλην
2589 2940 2688 3010 τὴν
2712 2940 3036 3013 συναγωγὴν
3056 2941 3281 3012 ταύτην.
3304 2942 3415 2995 Καὶ
3443 2958 3617 3013 προσ-

2002 3028 2168 3102 ῆλθον
2217 3029 2368 3102 αὐτῷ
2419 3031 2517 3086 καὶ
2553 3029 2740 3100 ἔλεγον
2761 3045 2777 3061 '
2824 3029 3117 3098 Ἐπαύλεις
3152 3031 3441 3105 προϐάτων
3467 3033 3614 3086 οἰκο-

1998 3120 2314 3194 δομήσομεν
2348 3113 2451 3176 ὧδε
2492 3123 2610 3186 τοῖς
2643 3123 2903 3193 κτήνεσιν
2937 3122 3119 3194 ἡμῶν,
3148 3124 3245 3178 καὶ
3280 3123 3465 3188 πόλεις
3488 3125 3615 3188 ταῖς

301 3216 427 3257 rum
462 3220 475 3256 :
509 3212 571 3260 et
625 3215 797 3263 erunt.
851 3208 1250 3280 impedimenta
1308 3223 1497 3271 nostra
1551 3217 1608 3272 in
1665 3218 1900 3276 urbibus

2007 3214 2343 3279 ἀποσκευαῖς
2372 3212 2531 3287 ήμῶν
2553 3230 2566 3243 ⁸
2598 3213 2696 3269 καὶ
2736 3216 2900 3286 ἡμεῖς
2930 3215 3354 3287 ἑνοπλισάμενοι
3395 3234 3613 3288 προφυ-

301 3295 536 3353 muralis
580 3306 807 3369 propter
848 3298 1195 3359 habitatores
1235 3311 1431 3373 terrae;
1478 3322 1661 3378 neque
1711 3324 1900 3365 rever-

301 3392 486 3442 temur
519 3387 588 3444 ad
613 3388 811 3446 domos
853 3401 1093 3460 nostras,
1131 3411 1421 3468 quousque
1455 3398 1775 3456 dividantur
1803 3401 1900 3458 ﬁlii

299 3476 481 3534 Israel
512 3482 899 3556 unusquisque
931 3484 990 3541 in
1028 3487 1437 3558 possessionem
1489 3507 1668 3557 suam,
1703 3503 1759 3549 et
1792 3502 1901 3551 nOll

300 3570 542 3640 amplius
577 3573 989 3643 possidebimus
1036 3576 1185 3634 inter
1220 3594 1318 3634 eos
1350 3595 1383 3634 a
1420 3585 1573 3636 trans
1602 3581 1901 3640 Iordanem

301 3669 361 3717 et
397 3662 577 3729 ultra;
630 3662 762 3734 quia
810 3665 1126 3738 recepimus
1167 3670 1548 3739 possessiones
1588 3685 1808 3730 nostras
1847 3674 1902 3730 in

300 3752 425 3809 loco
457 3761 610 3811 trans
653 3756 951 3814 Iordanem
991 3761 1048 3816 in
1093 3762 1312 3836 oriente
1345 3763 1412 3817 ".
1446 3783 1464 3816 ι
1498 3764 1764 3839 Intelligis
1801 3783 1903 3839 pe-

305 3861 499 3903 corum
553 3849 715 3922 170
757 3851 1089 3910 alendorum
1146 3862 1203 3912 et
1256 3857 1669 3928 posscssionum
1725 3875 1901 3924 cura,

303 3954 601 4013 amorsque
645 3958 777 4016 erga
827 3960 1031 4003 uxores
1073 3962 1142 4004 ac
1191 3948 1399 4006 liberos
1448 3954 1706 4009 detentos
1752 3955 1903 4026 ejus-

301 4031 451 4087 modi
478 4033 739 4093 homines
759 4038 914 4094 nullo
940 4039 1105 4095 modo
1123 4056 1353 4112 prorsus
1381 4044 1710 4102 transituros
1734 4036 1903 4104 fuisse

301 4125 621 4197 Iordanem,
660 4139 824 4202 atque
874 4132 1015 4188 adeo
1067 4150 1137 4190 ne
1188 4135 1461 4209 attingere
1507 4138 1732 4210 quidem
1785 4156 1904 4197 om-

301 4216 438 4273 nino
471 4220 640 4277 ullam
681 4221 814 4279 belli
856 4240 922 4281 ac
957 4241 1154 4297 pugnas
1182 4236 1396 4298 partem
1429 4245 1685 4300 ausuros,
1721 4249 1903 4305 neque

302 4325 432 4367 cum
468 4313 594 4370 aliis
635 4314 693 4371 in
733 4319 1181 4376 communionem
1217 4321 1406 4393 gloriae
1444 4339 1510 4379 ac
1552 4332 1900 4395 speratorum

301 4402 580 4460 bonorum
625 4407 820 4465 venire
864 4418 1185 4479 curaturos;
1235 4428 1361 4469 cum
1404 4416 1747 4488 praecipuum
1792 4417 1903 4472 illis

301 4506 359 4553 et
385 4500 689 4569 optandum
717 4502 776 4557 in
810 4504 1007 4574 primis
1030 4506 1351 4576 videretur,
1383 4509 1459 4565 ibi
1494 4525 1806 4578 remanere,
1832 4528 1902 4568 ne

2005 3305 2180 3378 λακὴν
2214 3307 2471 3380 πρότεροι
2502 3305 2613 3362 τῶν
2649 3308 2783 3362 υἱῶν
2827 3308 3046 3382 Ἰσραὴλ
3074 3309 3182 3375 ἕως
3207 3308 3274 3365 ἂν
3311 3310 3614 3382 ἀγάγωμεν

2004 3400 2202 3467 αὐτοὺς
2235 3401 2316 3466 εἱς
2342 3400 2435 3456 τὸν
2465 3396 2680 3457 ἑαυτῶν
2707 3402 2873 3457 τόπον
2891 3421 2905 3434 ·
2938 3403 3035 3456 καὶ⁵
3063 3403 3386 3475 κατοικήσει
3415 3404 3450 3476 ὴ
3476 3404 3615 3457 ἀπο-

2008 3494 2176 3568 σκευὴ
2205 3494 2365 3567 ἡμῶν
2398 3497 2458 3550 ἐν
2499 3496 2621 3561 ταῖς
2649 3495 2840 3551 πόλεσι
2875 3496 3316 3568 τετειχισμέναις
3353 3495 3442 3551 διὰ
3481 3495 3612 3583 τοὺς

2006 3584 2402 3652 κατοικοῦντας
2429 3582 2530 3658 τὴν
2559 3586 2693 3659 γῆνο
2722 3587 2786 3640 οὐ
2817 3587 2893 3659 μὴ
2924 3587 3373 3659 ἀποστρσφῶμεν
3401 3588 3483 3651 εἰς
3511 3582 3613 3651 τὰς

2004 3678 2184 3743 οίκίας
2215 3678 2397 3752 ἡμῶν,
2425 3678 2532 3742 ἕως
2554 3678 2622 3733 ἂν
2652 3677 3136 3752 καταμερισθῶσιν
3167 3682 3216 3734 οἱ
3245 3680 3352 3735 υἱοὶ
3394 3678 3612 3750 Ἰσραὴλ

2005 3770 2235 3837 ἕκαστος
2266 3770 2347 3836 είς
2370 3771 2471 3844 τὴν
2499 3771 2868 3845 κληρονομίαν
2898 3772 3085 3831 αὐτοῦ.
3119 3773 3230 3829 Καὶ
3266 3774 3450 3828 οὐκέτι
3475 3772 3611 3844 κλη-

2008 3862 2385 3937 ρονομήσομεν
2424 3865 2483 3917 ὲν
2525 3863 2710 3929 αὐτοῖς
2736 3862 2846 3919 ἀπδ
2873 3864 2969 3918 τοῦ
2996 3864 3172 3938 πέραν
3192 3866 3287 3919 τοῦ
3337 3865 3609 3937 Ἰορδάνου

2006 3957 2100 4010 καὶ
2142 3956 2425 4018 ἐπέκεινα,
2465 3952 2550 4011 δτι
2591 3956 2871 4030 ἀπέχομεν
2902 3959 3029 4023 τοὺς
3072 3957 3313 4030 κλήρους
3355 3956 3516 4030 ἡμῶν
3550 3957 3610 4011 ὲν

2005 4047 2083 4122 τῷ
2132 4043 2308 4122 πέραν
2338 4049 2434 4104 τοῦ
2478 4047 2747 4123 Ἰορδάνου
2790 4051 2848 4107 ὲν
2881 4050 3187 4116 ἀνατολαῖς.
3232 4069 3252 4103 ι
3289 4050 3487 4123 Συνίης
3524 4052 3610 4105 δτι

2005 4145 2401 4218 κτηνοτροφίας
2435 4145 2601 4199 ἕνεκα
2638 4146 2736 4199 καὶ
2765 4147 3017 4218 κτήσεων
3042 4187 3057 4213 ,
3097 4147 3194 4201 καὶ
3258 4148 3358 4219 τῆς
3398 4149 3480 4211 εἱς
3512 4164 3613 4215 γυ-

2004 4238 2200 4302 ναῖκάς
2229 4254 2289 4291 τε
2318 4238 2413 4293 καὶ
2434 4237 2630 4302 παῖδας
2655 4237 2899 4309 ἀγάπης,
2933 4238 3044 4292 οὐδ’
3071 4237 3138 4293 ἂν
3162 4238 3303 4325 ὅλως
3327 4238 3610 4313 παρῆλθον

2004 4335 2054 4386 οἱ
2103 4332 2297 4386 τοιοίδε
2344 4331 2438 4387 τὸν
2507 4331 2807 4406 Ἰορδάνην,
2858 4332 2972 4386 ἀλλ’
3018 4331 3126 4387 οὐδ’
3177 4332 3245 4388 ἂν
3289 4334 3413 4389 ὅσον
3470 4334 3609 4398 ὅλως

2005 4428 2310 4499 ἀποθήγειν
2365 4427 2659 4500 ἠνέσχοντο
2710 4426 2953 4501 πολέμου
2998 4428 3093 4482 καὶ
3129 4427 3344 4502 μάχης,
3384 4429 3495 4484 οὐδ’
3540 4429 3608 4483 ἂν

2006 4520 2257 4585 εὐκλείας
2309 4523 2424 4584 τοῖς
2469 4519 2652 4584 ἀλλοις
2702 4518 3116 4594 συμμετασχεῖν
3156 4519 3470 4592 ἠθέλησαν,
3517 4520 3609 4574 καὶ

303 4590 509 4662 injecto
551 4592 800 4663 quidem,
848 4603 911 4651 ut
954 4597 1032 4654 ita
1070 4598 1272 4667 dicam,
1308 4602 1364 4657 in
1409 4601 1669 4661 Iordanis
1692 4602 1901 4660 ﬂuenta

2007 4612 2114 4667 τῶν
2143 4614 2230 4666 ἐπ’
2263 4613 2478 4666 ὲλπίσιν
2512 4590 2786 4683 ἀγαθῶν(
2804 4590 3031 4682 ἀριστον
3056 4612 3113 4666 δὲ
3144 4590 3241 4667 καὶ
3272 4590 3607 4667 πολύευκτον

301 4686 444 4756 pede
480 4704 497 4741 :
525 4686 624 4744 sed
647 4690 1021 4761 exprobrante
1047 4692 1252 4767 Moyse,
1283 4694 1642 4767 divinamque
1675 4697 1814 4754 iram
1843 4706 1903 4756 ut

300 4778 762 4850 pertimescerent
784 4800 851 4842 ac
871 4783 1257 4855 formidarent,
1278 4787 1635 4859 admonente,
1653 4792 1747 4847 vix
1775 4801 1899 4849 tan-

297 4871 427 4926 dem
473 4875 810 4945 pollicentur
851 4893 912 4934 se
955 4895 1067 4935 una
1109 4894 1238 4935 cum
1289 4881 1506 4937 caeteris
1566 4885 1901 4942 transituros

299 4978 424 5022 csse
467 4967 795 5036 Iordanem,
826 4977 995 5042 atque
1044 4986 1174 5026 cum
1223 4972 1335 5028 illis
1382 4973 1604 5032 labores
1646 4977 1704 5037 in
1753 4978 1899 5035 bello

300 5066 467 5130 atque
509 5077 697 5136 pugna
743 5064 1284 5132 communicaturos;
1325 5082 1439 5123 non
1476 5076 1662 5126 tamen
1699 5087 1763 5128 ea
1802 5084 1899 5145 Spe

302 5157 566 5225 tanquam
607 5156 909 5226 participes
939 5157 1353 5228 possessionum
1396 5173 1505 5217 una
1549 5161 1723 5219 futuri
1763 5165 1897 5232 sint,

300 5245 450 5314 quod
510 5246 922 5316 possessionem
975 5254 1129 5303 tnns
1178 5247 1476 5306 Iordanem
1534 5255 1893 5325 recepissent.

300 5334 514 5391 Horum
544 5335 858 5407 persimiles
885 5346 1015 5394 sunt
1044 5341 1326 5408 nonnulli,
1348 5342 1465 5414 qui,
1495 5360 1619 5402 cum
1648 5358 1895 5417 presen-

300 5428 375 5483 tis
404 5428 532 5483 viae
563 5428 713 5484 curis
751 5428 989 5485 districti
1018 5430 1149 5497 sint,
1182 5439 1471 5506 totumque
1500 5450 1599 5492 cor
1629 5436 1699 5493 iis
1728 5440 1907 5497 rebus.

303 5512 587 5590 sabiendis
645 5537 770 5593 quae
815 5531 947 5578 sunt
1020 5540 1188 5596 super
1234 5534 1440 5583 terram
1488 5530 1896 5600 quodammodo

206 5672 213 5683 ί
302 5613 636 5682 dedicarint,
661 5614 718 5670 in
744 5615 912 5673 rebus
945 5619 1275 5677 necessariis
1301 5621 1394 5677 vix
1419 5622 1673 5695 exiguam
1704 5642 1894 5684 curam

377 5774 420 5805 “
444 5772 607 5829 Num.
635 5791 801 5841 xxx",
828 5776 851 5830 1
882 5792 1037 5850 seqq.
1102 5779 1149 5810 "
1172 5779 1337 5848 Ibid.,
1381 5780 1575 5839 M-I-9.

380 5915 457 5988 (l)
481 5912 616 5972 Cod.
655 5915 801 5985 γει,
835 5919 927 5973 καὶ
949 5919 1219 5992 ὀρρωδίαν
1251 5919 1605 5985 ἐπιτιθέντος.

2008 4704 2184 4758 ἐδόκει
2216 4705 2277 4759 τὸ
2311 4705 2492 4776 μένειν
2511 4705 2733 4770 αὐτοὺς,
2767 4705 2914 4777 μηδ’,
2943 4707 3069 4760 ὅσον
3100 4706 3297 4768 εἰπεῖν,
3329 4707 3443 4768 τοῖς
3472 4706 3610 4776 Ἰορ-

2007 4797 2168 4852 δάνου
2192 4798 2437 4869 ¹νάμασιν
2469 4798 2725 4863 ὲνθέντας
2746 4798 2839 4854 τὸν
2864 4799 3000 4853 πόδα
3020 4815 3034 4831 ·
3066 4798 3526 4865 κατονειδίζοντος
3550 4797 3608 4852 δὲ

2006 4889 2102 4943 τοῦ
2137 4882 2383 4955 Μωσέως
2416 4890 2510 4945 καὶ
2536 4890 2797 4964 ὀρρωδεῖν
2827 4891 3214 4955 ἀναπείθοντος
3245 4892 3346 4962 (ί),
3380 4882 3609 4945 ὗποὸλέ-

2007 4983 2209 5038 πεσθαί
2238 5000 2298 5037 τε
2317 4983 2418 5056 τὴν
2445 4983 2598 5039 θείαν
2628 4984 2822 5058 ὀργὴν,
2857 4984 3251 5056 ὑπισχνοῦνται
3284 4984 3439 5056 μόλις
3468 4999 3607 5054 συμ-

2006 5075 2445 5149 παρελεύσεσθαι
2493 5078 2592 5148 μὲν
2629 5079 2747 5143 τοῖς
2793 5077 2974 5143 ἀλλοις
3017 5077 3112 5133 τὸν
3161 5078 3466 5150 Ἰορδάνην,
3511 5077 3606 5130 καὶ

2008 5172 2420 5241 συμμετασχεῖν
2467 5169 2713 5242 ἱδρώτων
2754 5172 2940 5236 αὐτοῖς
2982 5171 3092 5226 τῶν
3134 5172 3194 5226 έν
3242 5171 3467 5243 πολέμῳ
3509 5171 3605 5224 καὶ
3672 5253 3677 5257 .

2008 5263 2235 5333 μάχαις·
2262 5263 2325 5317 οὐ
2357 5262 2468 5335 μὴν
2496 5264 2581 5318 ὅτι
2621 5264 2719 5319 καὶ
2746 5264 3184 5337 ωμμεριοῦνταί
3214 5281 3383 5335 φασι,
3423 5263 3514 5318 διὰ
3542 5263 3606 5317 τὸ

2002 5354 2232 5426 ἀπέχειν
2274 5354 2308 5427 ἢ
2361 5355 2622 5427 ἀποσχεῖν
2668 5356 2762 5410 τὸν
2803 5357 3030 5428 κλῆρον,
3069 5358 3130 5411 ὲν
3173 5355 3253 5427 τῷ
3297 5356 3473 5427 πέραν
3507 5352 3601 5408 τοῦ

2018 5445 2306 5518 Ἰορδάνου.
2348 5447 2596 5503 Τοιοῦτοί
2632 5460 2780 5514 τινες
2810 5448 2902 5503 τὸν
2931 5449 3135 5522 τρόπον
3181 5448 3340 5513 εἱσὶν,
3383 5447 3457 5505 oi,
3479 5449 3604 5511 ταῖς

2003 5537 2099 5593 τοῦ
2155 5538 2427 5611 παρόντος
2478 5539 2595 5611 βίου
2640 5542 2938 5614 μερίμναις
2990 5540 3442 5612 κατεσφιγμένοι.
3488 5538 3606 5593 Καὶ

2001 5630 2133 5704 ὅλην
2161 5630 2262 5703 μὲν
2282 5630 2475 5707 ὥσπερ
2501 5633 2873 5708 ἀπονέμοντες
2901 5634 3000 5708 τὴν
3028 5635 3259 5708 καρδίαν
3280 5633 3359 5706 τῷ
3382 5634 3603 5707 φρονεῖν
