4104 6450
391 435 510 493 ωδ

1157 436 1246 490 DE
1289 432 1735 490 ADORATlO-NE
1778 433 1843 488 ΙΝ
1888 434 2159 494 SPllilTU
2198 435 2286 491 ΕΤ
2331 433 2698 491 νΕιιιτΑΤΕ.
2745 433 2872 488 LIB.
2917 432 2979 487 ν.

3607 421 3716 482 4οῢ

393 550 621 604 ἑλέσθαι
645 548 718 603 τὰ
756 549 848 604 ἐπὶ
887 549 987 621 τῆς
1027 552 1152 622 γῆς,
1185 552 1342 621 ὀλίγα
1387 552 1443 605 δὲ
1494 554 1646 624 μόλις
1687 557 1796 609 τῶν
1835 557 2007 626 ἀναγ-

2131 557 2410 620 mllocant,
2445 566 2503 611 et
2538 565 2603 611 ea
2642 571 2765 626 quae
2808 537 2903 610 Dei
2948 558 3097 615 sunt,
3131 553 3275 604 inter
3305 549 3450 604 seria
3487 546 3713 601 minime

393 645 581 697 καίων
611 643 1024 716 φροντίζοντες,
1061 646 1158 701 καὶ
1194 647 1297 700 οὐκ
1337 649 1396 700 ἐν
1437 648 1644 719 σπουδῇ
1689 649 2005 719 ποιούμενοι

390 736 465 789 τὰ
483 736 645 791 Θεοῦ.
679 756 697 788 ι
735 737 929 791 Πολλοὶ
948 738 1078 811 γὰρ,
1093 757 1111 791 ι
1131 741 1288 811 φησὶ,
1315 757 1332 791 ι
1354 740 1566 812 κλητοὶ,
1589 740 1834 811 ὀλίγοιδέ
1855 742 2008 796 ἐκλε-

394 830 544 883 κτοί.
592 848 612 882 ο
650 832 714 884 Oi
743 831 926 885 τοίνυν
956 833 1242 898 τελοῦντες
1275 834 1375 906 μὲν
1412 837 1469 888 ἐν
1498 837 1614 900 τοῖς
1649 835 2010 908 κεκλημένοις

395 923 492 976 διά
519 939 584 992 γε
615 922 715 995 τὴν
747 923 954 990 πίστιν,
979 925 1042 978 οὐ
1073 925 1182 998 μὴν
1241 925 1325 981 ἔτι
1354 930 1468 992 τοῖς
1493 924 1896 1002 ἐξειλεγμένοις
1926 931 2013 983 ἐν·

397 1030 435 1066 α
446 1013 685 1085 ρίθμιοι,
719 1015 809 1070 διὰ
834 1017 897 1070 τὸ
924 1017 1174 1072 ἀνεῖσθαι
1209 1018 1348 1090 πρὸς
1373 1017 1438 1072 τὸ
1467 1020 1590 1090 ἡδὺ,
1640 1019 1863 1092 βραδεῖς
1893 1020 2005 1073 ἐσθ’

397 1106 492 1160 ὅτε
527 1107 624 1161 καὶ
664 1107 894 1181 ὀκνηροί
925 1108 1048 1164 λίαν
1079 1109 1208 1175 εἰσὶ,
1242 1111 1336 1165 καὶ
1366 1113 1496 1184 περὶ
1533 1115 1706 1184 αὐτὴν
1734 1115 1880 1185 τάχα
1909 1133 2014 1168 που

397 1200 507 1270 τὴν
539 1197 634 1253 τοῦ
663 1199 820 1269 ἁγίου
852 1198 1232 1273 βαπτίσματος
1266 1203 1450 1274 χάριν·
1481 1207 1930 1279 καταπεφρίκασι
1958 1205 2017 1261 δὲ

399 1295 467 1350 τὸ
507 1294 652 1366 ὑπὲρ
681 1294 938 1359 εὐκλείας
973 1295 1111 1349 Θεοῦ
1148 1299 1244 1350 καὶ
1282 1297 1554 1366 ὠφελείας
1589 1299 1690 1370 τῆς
1735 1299 1888 1367 σφῶν
1917 1299 2016 1352 αὑο

404 1387 539 1448 τῶν,
578 1389 711 1454 τοὺς
750 1389 930 1458 ἁγίοις
963 1389 1278 1462 πρέποντας
1322 1391 1623 1462 ἀνατλῆναι
1661 1393 1879 1456 πόνους,
1924 1391 2018 1446 καὶ

409 1478 813 1535 συνδιώκεσθαι
852 1483 967 1544 τοῖς
994 1481 1262 1552 γνησίοις,
1297 1486 1347 1537 ει
1380 1483 1477 1539 καὶ
1511 1485 1649 1556 πρὸς
1691 1484 1853 1539 τοῦτο
1891 1484 2018 1554 ἄγοι

406 1572 638 1644 καιρόςο
671 1576 1137 1642 κατονειδίζοντος
1178 1575 1235 1630 δὲ
1265 1577 1468 1643 αὐτοὺς
1507 1579 1676 1649 νόμου
1717 1577 1814 1633 τοῦ
1846 1577 2017 1645 θείου,

409 1665 510 1716 καὶ
543 1666 967 1739 καταπτοούσης
997 1667 1111 1722 ἐσθ’
1144 1669 1235 1722 ὅτε
1265 1670 1364 1741 τῆς
1418 1670 1572 1736 Θείας
1612 1671 1816 1743 ὀργῆς,
1849 1671 2020 1725 ἵενται

414 1757 518 1828 μὲν
549 1758 806 1830 ὀκνηρῶς
848 1761 942 1814 ἐπὶ
975 1761 1036 1815 τὸ
1083 1762 1353 1833 σωτήριον
1388 1761 1697 1833 βάπτισμα,
1732 1765 1829 1816 καὶ
1875 1781 2021 1833 συμ-

414 1851 713 1922 μετέχουσι
744 1854 924 1907 πόνων
954 1856 1066 1918 τοῖς
1101 1853 1506 1925 ἐξειλεγμένους
1528 1895 1543 1921 ,
1588 1856 1620 1927 ἢ
1657 1855 2022 1929 μετριώτερον

2111 659 2426 705 numerant.
2467 669 2484 700 ι
2527 648 2681 704 Multi
2723 655 2963 716 namque
2991 652 3122 699 sunt
3147 641 3350 707 vocati,
3378 639 3540 711 pauci
3581 644 3716 692 vero

2109 743 2274 798 electi
2300 742 2366 798 ".
2409 763 2427 794 ι
2469 742 2574 810 Qui
2617 742 2806 813 igitur,
2853 739 2999 810 quod
3042 737 3111 792 ad
3164 735 3330 790 [idem
3370 733 3592 805 attinet,
3627 731 3722 785 in-'

2115 843 2199 888 ter
2245 842 2474 889 vocatos
2515 841 2839 898 censentur,
2887 845 3072 901 neque
3119 837 3304 884 tamen
3352 826 3522 881 etiam
3569 824 3722 879 inter

2113 927 2323 982 electos
2365 934 2758 990 nume-rantur,
2799 921 2948 996 quod
2990 924 3104 979 sint
3142 921 3210 976 ad
3244 920 3586 990 voluptatem
3625 931 3720 971 re-

2114 1020 2434 1086 missiores;
2465 1020 2503 1074 ii
2537 1033 2938 1088 nonnunquam
2983 1017 3068 1072 vel
3111 1013 3178 1070 ad
3204 1017 3380 1086 ipsam
3404 1010 3582 1067 sancti
3617 1009 3722 1064 ba-

2116 1112 2397 1182 ptismatis
2433 1112 2668 1184 gratiam
2721 1111 2861 1166 tardi
2908 1117 3038 1166 sunt
3081 1123 3144 1163 ac
3179 1106 3324 1178 pigri
3365 1102 3665 1159 admodum
3703 1117 3718 1154 :
3829 1174 3832 1175 ν

2119 1205 2352 1260 horrent
2396 1212 2585 1260 autem
2632 1213 2735 1276 pro
2783 1204 2881 1259 Dei
2930 1202 3139 1275 gloria,
3189 1213 3415 1270 suaeque
3465 1193 3724 1252 utilitatis

2119 1312 2284 1354 causa
2314 1298 2538 1355 labores
2570 1299 2809 1356 tolerare
2859 1298 2954 1369 qui
2999 1304 3221 1352 sanctos
3261 1294 3483 1356 decent,
3511 1297 3569 1344 et
3611 1301 3724 1342 una

2120 1404 2247 1447 cum
2287 1391 2436 1448 veris
2477 1392 2574 1447 Dei
2618 1393 2798 1448 servis
2828 1391 3272 1463 persecutionem
3301 1385 3437 1458 pati,
3469 1381 3728 1454 quamvis

2124 1491 2344 1554 tempus
2373 1484 2428 1539 id
2453 1483 2716 1557 etilagitet
2742 1503 2755 1538 :
2785 1481 2905 1550 sed,
2930 1477 3302 1554 exprobrante
3328 1478 3438 1533 illis
3455 1476 3553 1531 Dei
3580 1474 3724 1545 lege,

2122 1584 2291 1647 atque
2331 1575 2523 1632 divina
2567 1589 2968 1648 nonnunquam
3010 1574 3094 1629 ira
3137 1585 3234 1627 eos
3277 1569 3616 1631 deterrente,
3655 1562 3726 1618 ad

2123 1669 2365 1724 salutare
2402 1668 2674 1739 baptisma
2717 1675 2943 1740 gravate
2980 1667 3233 1731 veniunt,
3259 1671 3319 1718 et
3341 1661 3563 1717 labores
3599 1672 3728 1713 cum

2123 1759 2318 1816 electis
2358 1761 2718 1831 participant,
2751 1760 2838 1815 vel
2869 1773 2978 1814 una
3017 1773 3144 1813 cum
3185 1753 3402 1811 caneris
3440 1748 3728 1806 remissius

2121 1855 2445 1927 jejunando,
2480 1857 2564 1910 vel
2607 1854 2777 1909 simul
2824 1853 3005 1908 zelum
3049 1847 3385 1906 assumendo
3424 1842 3728 1905 interdum,

413 1943 905 2015 συννηστεύοντες,
940 1946 973 2015 ἢ
1012 1946 1107 2000 καὶ
1133 1946 1500 2017 συζηλοῦντες
1537 1948 1614 2018 (l)
1635 1947 1748 2001 ἐσθ’
1782 1949 1874 2002 ὅτε
1907 1950 2014 2002 τῶν

2131 1961 2247 2002 eum
2289 1957 2685 2020 oppugnantur
2710 1945 2983 2001 Ecclesiae
3015 1962 3027 1998 :
3061 1958 3176 1998 non
3207 1951 3392 1996 tamen
3418 1938 3586 1995 etiam
3613 1935 3729 1991 ani-

410 2037 849 2110 πολεμουμένων
895 2039 1258 2111 Ἑκκλησιῶν,
1291 2040 1352 2093 οὐ
1387 2042 1494 2111 μὴν
1526 2039 1607 2094 ἔτι
1630 2042 1726 2095 καὶ
1747 2059 2027 2114 καταφρο-

413 2134 528 2184 νεῖν
559 2133 671 2185 τῶν
705 2133 766 2185 ἐν
799 2131 991 2203 κόσμῳ
1019 2133 1334 2206 πειθόμενοι
1358 2174 1373 2198 ,
1405 2134 1522 2187 ἀλλ’
1544 2133 1735 2207 ὥσπερ
1765 2135 1896 2189 ι’διον
1931 2131 2028 2189 καὶ

406 2225 798 2296 ἐκνεμηθέντα
840 2226 1028 2289 αὐτοῖς
1069 2227 1497 2291 ὑπονοστοῦντες
1531 2226 1764 2299 κλῆρον,
1801 2229 1902 2294 τὰς
1932 2222 2029 2282 ξπι

411 2321 537 2384 τοῖς
592 2319 863 2387 ἐπιγείοις
917 2318 1114 2389 ἡδονάς
1166 2336 1227 2372 τε
1286 2321 1382 2374 καὶ
1433 2319 1678 2391 τέρψεις.
1729 2320 1829 2374 Διά
1870 2319 2030 2375 τοῦτο

414 2410 662 2478 ἔφασκεν
688 2410 718 2461 ὁ
751 2408 993 2480 Χριστὸς
1023 2412 1140 2474 τοῖς
1167 2411 1268 2480 τῆς
1298 2411 1592 2482 ὀρθότητος
1627 2414 1906 2484 ἐρασταῖς,
1937 2414 2031 2467 κοίι

415 2501 669 2554 εὐσεϐεῖν
693 2502 776 2554 ὅτι
801 2501 1038 2572 μάλιστα
1059 2502 1502 2556 διεσπουδακόσι·
1545 2524 1564 2556 ι
1589 2503 1917 2574 Προσέχετε,
1953 2505 2028 2576 μή

419 2609 557 2647 ποτε
599 2592 946 2664 βαρυνθῶσιν
977 2594 1133 2664 ὑμῶν
1166 2596 1221 2647 αἱ
1265 2594 1485 2667 καρδίαι
1519 2594 1767 2666 φροντίσι
1799 2597 1894 2648 καὶ
1937 2613 2034 2667 με·

423 2689 650 2758 ρεμναις
695 2685 1003 2757 βιωτικαῖς.
1045 2706 1062 2738 ι
1100 2689 1174 2742 Ἢ
1203 2689 1304 2744 οὐκ
1335 2687 1631 2760 ἐπιζήμιον
1669 2685 1810 2743 εἶναι
1842 2689 1946 2762 φὴς
1972 2691 2034 2745 τὺ

419 2782 641 2853 χρῆμα.
671 2775 718 2835 ὦ
745 2783 881 2847 τᾶν;

497 2876 716 2931 ΠΑΛΛ.
753 2874 923 2946 Φημὶ;
960 2874 1079 2939 πῶς
1116 2875 1225 2947 γὰρ
1253 2873 1355 2941 of»;

499 2969 668 3022 ΚΥΡ.
716 2969 933 3022 Λεπτὸν
963 2968 1020 3021 δέ
1057 2971 1171 3033 τοῖς
1206 2969 1619 3040 γεγραμμένοις
1660 2971 1751 3024 τὸν
1787 2971 1886 3042 τῆς
1913 2970 2036 3024 δια-

421 3061 581 3125 νοίας
610 3060 895 3131 ὀφθαλμὸν
940 3059 1134 3129 ἐνιεὶς,
1164 3059 1624 3133 καταθαυμάσαις
1659 3058 1720 3118 εὖ
1745 3061 1904 3136 ,μάλα
1936 3063 2037 3133 τῆς

423 3154 643 3218 εἰκόνος
670 3153 732 3208 τὸ
760 3153 981 3218 κάλλος.

502 3248 716 3300 ΠΑΛΛ.
751 3247 888 3300 Τίνα
910 3246 1114 3318 τρόπον
1135 3264 1150 3313 ;

502 3341 674 3395 ΚΥΡ.
715 3338 782 3394 Οἱ
823 3339 1224 3412 κτηνοτροφίας
1259 3341 1422 3394 ἕνεκα
1463 3340 1670 3394 παίδων
1697 3349 1769 3396 τε
1799 3341 1893 3395 καὶ
1939 3356 2039 3410 γυ-

428 3433 660 3498 ναικῶν,
697 3431 982 3488 ἐπαύλεὼν
1012 3451 1072 3487 τε
1118 3434 1214 3488 καὶ
1267 3434 1743 3506 οἰκοδομημάτων,
1803 3435 1896 3488 τὸν
1948 3436 2042 3488 ἐπὶ

428 3529 548 3590 τοῖς
582 3525 832 3598 ἀρίστοις
859 3515 1023 3579 bks/av
1055 3519 1480 3598 είοδεδεγμένοι,
1520 3509 1774 3598 ⁷ἰθθουϐείμ
1796 3513 1916 3580 ἐστι
1949 3528 2042 3580 καὶ
2071 3592 2073 3596 η

429 3619 565 3672 NB.

509 3712 726 3766 ΠΛΛΛ.
763 3711 876 3765 Καὶ
915 3711 966 3764 τί
999 3709 1065 3781 δὴ
1093 3711 1253 3764 τοῦτό
1287 3713 1466 3777 ἐστιν;

514 3803 678 3856 ΚΥΡ.
719 3803 777 3857 '0
814 3803 914 3874 μὲν
941 3803 1052 3874 γὶρ
1078 3799 1147 3874 ἦν
1194 3804 1538 3874 πρωτότοκος
1576 3804 1636 3872 ἐξ
1686 3801 1902 3870 Ἰακὼϐ,
1939 3803 2046 3858 δδέ

437 3893 782 3966 θεραπαίνης
813 3893 980 3964 ἐξέφυ
1009 3897 1111 3967 τῆς
1145 3894 1376 3964 Ζελφᾶς.

516 3990 730 4042 ΠΑΛΛ.
778 3987 1026 4059 Ἀληθές.

519 4082 682 4137 ΚΥΡ.
724 4081 937 4136 Οὐκοῦν
973 4083 1312 4154 πρωτότοκοι
1359 4083 1458 4153 μὲν
1490 4081 1577 4136 διὰ
1622 4082 1720 4154 τὴν
1758 4085 1964 4147 πίστιν,
2001 4086 2049 4137 οἱ

439 4175 822 4248 κεκλημένοι,
871 4174 967 4229 καὶ
1020 4173 1224 4246 κλῆρον
1282 4174 1540 4247 λαχόντες
1581 4174 1736 4246 παρά
1775 4174 1904 4247 Θεῷ
1958 4176 2050 4230 τὸν

440 4268 753 4340 ἐξαίρετον,
775 4268 907 4322 ὅσον
935 4263 1076 4340 ἧκεν
1109 4271 1190 4333 είς
1215 4267 1316 4340 τὴν
1345 4267 1531 4338 χάριν,
1573 4268 1638 4321 οὐ
1676 4267 2051 4341 φιλελεύθεροι

441 4363 526 4425 δὲ,
557 4363 649 4416 διά
687 4379 749 4432 γε
794 4362 894 4434 τὴν
940 4366 1020 4426 εἰς
1051 4362 1121 4416 τὰ
1153 4364 1352 4433 αἰσχίω
1398 4363 1574 4434 ῥοπήν
1598 4379 1613 4394 ·
1651 4361 1953 4434 ἐκκλησίαν
1994 4363 2052 4416 δὲ

443 4456 818 4526 πρωτοτόκων
851 4456 1366 4528 ἀπογεγραμμένων
1401 4458 1458 4508 ἐν
1504 4455 1786 4525 οὐρανοῖς,
1814 4455 1952 4523 τοὺς⁸
1991 4456 2052 4510 ἐν

443 4547 636 4601 πίστει
679 4545 1178 4617 δεδικαιωμένους,
1209 4543 1607 4614 διακεκλῆσθαί
1650 4563 1850 4616 φαμεν.
1912 4541 2052 4599 Ἀλλ’

2130 2051 2282 2097 mum
2329 2044 2623 2107 inducunt,
2672 2050 2733 2097 ut
2773 2055 2898 2112 qua:
2941 2041 2996 2095 in
3042 2038 3253 2094 mundo
3293 2042 3425 2091 sunt
3478 2040 3732 2088 contem-

2130 2144 2293 2200 nant;
2339 2135 2436 2189 sed
2486 2135 2555 2189 ad
2603 2142 2954 2189 terrenarum
2999 2143 3187 2186 rerum
3220 2129 3536 2202 voluptates
3567 2133 3734 2193 atque

2131 2227 2556 2293 oblectationes,
2584 2227 2756 2283 veluti
2800 2224 2869 2282 ad
2911 2225 3240 2281 attributam
3277 2221 3385 2277 sibi
3421 2216 3734 2291 possessio-
3843 2239 3850 2246 -

2133 2337 2282 2386 nem,
2325 2321 2561 2378 redeunt
2597 2340 2610 2374 :
2650 2321 2888 2391 ideoque
2931 2327 3098 2375 rectae
3135 2313 3427 2372 sententiae
3465 2309 3732 2367 amatori-

2133 2416 2260 2481 bus,
2284 2426 2341 2471 et
2363 2417 2586 2487 pietatis
2625 2415 2870 2471 colendae
2904 2411 3169 2469 studiosis
3199 2408 3421 2464 dicebat
3442 2405 3732 2462 Christus:

2144 2530 2161 2561 ι
2208 2509 2512 2573 Attendite,
2557 2524 2628 2563 ne
2669 2507 2812 2562 forte
2836 2513 3135 2577 graventur
3159 2501 3327 2556 corda
3361 2505 3545 2554 vestra
3586 2494 3738 2550 curis

2136 2609 2193 2656 et
2225 2601 2701 2657 sollicitudinibus
2732 2597 3094 2655 saecularibus
3119 2595 3186 2649 ⁸⁸.
3222 2613 3239 2646 ι
3289 2593 3373 2648 An
3415 2604 3568 2654 vero,
3610 2588 3739 2647 Pal-

2137 2690 2270 2756 ladi,
2299 2706 2410 2746 non
2438 2707 2563 2748 eam
2589 2705 2706 2746 rem
2733 2688 3106 2761 perniciosam
3133 2701 3257 2742 esse
3282 2681 3512 2739 fateris?

2210 2870 2411 2925 PALL.
2453 2869 2660 2938 Quidni
2688 2869 2896 2926 fatear?

2208 2963 2368 3020 CYB.
2410 2963 2599 3036 Atqui,
2669 2963 2716 3018 si
2757 2964 2818 3018 in
2863 2977 2929 3018 ea
2971 2977 3098 3033 quae
3159 2960 3366 3031 scripta
3410 2966 3540 3012 sunt
3583 2969 3742 3010 acres

2140 3056 2314 3112 aaimi
2351 3056 2548 3112 oculOs
2595 3055 2922 3126 conjeceris,
2955 3049 3160 3110 mirum
3209 3053 3266 3108 in
3309 3051 3536 3107 modum
3576 3049 3742 3120 hujus

2143 3149 2400 3220 imaginis
2422 3149 2900 3220 pulchritudinem
2930 3145 3320 3205 admiraberis.

2213 3239 2412 3297 PALL.
2459 3241 2614 3312 171
2649 3239 2900 3309 Quonam
2934 3239 3132 3296 modo?

2213 3331 2370 3393 CIR.
2394 3327 2504 3405 Qui
2529 3349 2792 3408 pecorum
2824 3333 3152 3390 alendorum
3204 3345 3391 3396 causa,
3413 3328 3743 3383 liberorum-

2143 3445 2252 3498 que
2277 3439 2334 3485 et
2368 3442 2625 3492 uxorum,
2674 3439 2891 3480 necnon
2949 3422 3236 3478 caularum
3281 3429 3338 3475 et
3376 3417 3743 3474 aediﬁciorum

2145 3521 2350 3585 studio,
2379 3519 2556 3594 ignavi
2582 3515 2650 3574 ad
2680 3531 2769 3573 res
2794 3506 3088 3588 praeclaras
3111 3506 3240 3572 iacti
3269 3523 3419 3580 sunt,
3444 3512 3645 3568 Ruben
3689 3520 3742 3568 et

2071 3597 2078 3618 ²
2143 3609 2261 3669 Cad
2291 3612 2538 3669 luerunt.

2221 3707 2420 3764 PALL.
2457 3707 2601 3774 Quid
2624 3722 2756 3762 vero
2783 3703 2918 3760 illud
2946 3703 3076 3759 est?

2220 3800 2378 3857 CYR.
2408 3797 2508 3857 Hic
2535 3802 2693 3856 enim
2720 3808 2841 3856 erat
2861 3815 2929 3855 cx
2952 3796 3125 3854 Iacob
3151 3795 3571 3867 primogenitus,
3609 3787 3748 3849 alter

2149 3907 2216 3945 ex
2247 3891 2446 3946 ancilla
2474 3891 2680 3962 Zelpha
2703 3889 2911 3945 editus.

2223 3983 2422 4038 PALL.
2442 3983 2649 4039 Verum
2674 3991 2778 4038 cst.

2222 4077 2379 4132 CYll.
2437 4077 2613 4147 Igitur
2659 4073 2839 4130 vocati
2888 4071 3143 4142 homines
3196 4078 3322 4125 sunt
3379 4069 3456 4123 illi
3525 4068 3749 4139 quidem

2117 4175 2378 4240 'propter
2410 4164 2576 4221 ﬁdem
2628 4162 3009 4236 primugeniti,
3060 4158 3555 4230 hmrcditatcmque
3605 4158 3750 4228 apud

2153 4251 2352 4324 Deum,
2379 4255 2528 4329 quod
2549 4256 2616 4311 ad
2645 4255 2881 4328 gratiam
2911 4253 3180 4325 pertinet,
3219 4250 3481 4306 eximiam
3528 4249 3708 4304 sortiti
3737 4267 3753 4316 ;

2155 4351 2250 4407 sed
2276 4359 2456 4406 tamen
2474 4357 2702 4422 propter
2729 4361 3064 4419 propensam
3089 4344 3157 4399 ad
3199 4360 3288 4398 res
3329 4357 3526 4414 parum
3569 4341 3752 4399 hone-

2157 4453 2270 4500 stas
2290 4444 2656 4509 voluntatem,
2686 4435 2798 4496 non
2844 4447 2975 4494 sunt
3017 4436 3298 4492 libertatis
3322 4442 3630 4490 amatores:
3658 4448 3755 4490 eos

2157 4541 2325 4608 porro
2350 4536 2444 4606 qui
2474 4531 2581 4590 fide
2603 4533 2889 4606 justiﬁcati
2919 4533 3055 4598 sint,
3098 4529 3391 4586 ecclesiam
3416 4527 3756 4600 primogeni-
3840 4559 3854 4580 .

443 4641 510 4693 οὐ
554 4638 939 4709 φιλελεύθερος
976 4639 1004 4690 ὁ
1046 4637 1392 4708 πρωτότοκος
1417 4677 1431 4703 ,
1468 4638 1722 4701 κοινωνὸς
1758 4638 1816 4690 δὲ
1853 4638 2035 4708 utinm

2162 4643 2342 4686 torum
2367 4627 2779 4697 descriptorum
2826 4627 2882 4680 in
2923 4625 3080 4680 caelis
3102 4622 3409 4694 appellatos
3449 4638 3572 4678 esse
3617 4621 3756 4676 dici-

445 4734 546 4785 καὶ
582 4731 924 4804 συνεραστὴς
944 4732 1058 4794 τοῖς
1082 4729 1142 4784 τὸ
1158 4729 1256 4801 τῆς
1284 4727 1531 4793 δουλείας
1553 4724 1741 4800 αῖσχος
1757 4730 1817 4784 οὐ
1845 4747 2053 4800 πεφευ-

443 4825 629 4895 γόσιν.

527 5011 734 5066 ΠΑΑΛ.
773 5008 1011 5079 ’Δριστα
1041 5006 1199 5078 ἔφης.

2158 4737 2284 4778 mus
2307 4721 2372 4774 δ’.
2401 4719 2608 4775 Verum
2659 4718 2706 4774 is
2755 4718 3165 4790 primogenitus
3206 4717 3436 4772 minime
3485 4713 3758 4769 libertatis

2159 4823 2372 4870 amator
2399 4812 2526 4878 fuit,
2556 4812 2653 4868 sed
2679 4828 2866 4868 comes
2891 4811 3080 4884 potius
3103 4827 3166 4867 ac
3187 4811 3396 4866 sodalis
3417 4823 3612 4865 eorum
3662 4805 3759 4876 qui

2160 4906 2449 4962 servitutis
2473 4906 2718 4962 dedecus
2732 4922 2843 4960 non
2869 4905 3205 4977 ell'ugerunt.

2234 4999 2434 5057 PALL.
2464 5001 2734 5056 Praeclare
2759 4999 2917 5054 dicis.

528 5105 694 5159 ΚΥΡ.
739 5103 880 5158 Ἀλλ’
911 5103 1012 5173 ἠδη
1035 5119 1150 5173 ,μου
1182 5101 1319 5172 πρὸς
1355 5099 1526 5171 ἀκτὴν
1554 5099 1725 5164 ἰόντος
1745 5098 1841 5154 τοῦ
1872 5100 2032 5168 λόγου

2233 5094 2393 5150 CYR.
2427 5093 2534 5152 Sed
2563 5093 2698 5148 mihi
2735 5093 2870 5163 jam,
2899 5089 3034 5145 dum
3081 5087 3264 5142 oratio
3318 5081 3468 5139 subit
3493 5079 3674 5144 littus,
3697 5092 3769 5135 ac

447 5203 550 5256 καὶ
584 5197 749 5252 οἱονεί
781 5215 886 5252 που
916 5195 1026 5249 τῶν
1062 5194 1385 5265 πεισμάτων
1413 5193 1740 5264 ποιουμένου
1774 5192 1874 5256 τὰς
1904 5195 2034 5248 ὲκὸο

2165 5188 2336 5242 veluti
2363 5184 2789 5256 rudentesjacit,
2816 5181 3178 5252 repetendum
3203 5187 3369 5248 atque
3392 5188 3593 5229 rursus
3613 5186 3765 5228 com-

444 5297 572 5360 λὰς,
629 5293 843 5346 ἔπεισιν
890 5291 1070 5344 εἰπεῖν
1121 5288 1216 5342 καὶ
1253 5287 1708 5358 προσαναμνῆσαι
1754 5287 1936 5352 πάλιν,
1977 5288 2035 5341 ὅτ

2159 5279 2597 5336 memorandum
2637 5277 2879 5341 videtur,
2935 5282 3194 5345 Oportere
3217 5287 3281 5327 ea
3321 5267 3507 5325 omnia
3547 5265 3764 5321 fortiter

445 5387 558 5461 χρὴ
589 5387 729 5459 πρὸς
759 5386 870 5439 πᾶν
908 5382 1089 5438 ὁτιοῦν
1125 5380 1473 5453 ἀνδρίζεσθαι
1512 5380 1589 5450 (2)
1619 5379 1728 5433 τῶν
1757 5379 2035 5436 τελούντωε

2169 5373 2393 5445 aggredi
2445 5388 2583 5444 quae
2598 5377 2732 5428 sunt
2758 5368 2936 5433 utilia,
2963 5365 3384 5438 putandumque
3408 5362 3630 5418 labores
3664 5375 3765 5415 cx—

445 5455 778 5551 eigvbv-ch,
819 5479 916 5533 καὶ
957 5465 1261 5548 γύμνασμα
1295 5475 1377 5539 είς
1407 5475 1610 5546 ἀρετὴν
1644 5471 1897 5544 ἡγεῖσθαι
1930 5477 2035 5528 τοὺ.

2155 5465 2554 5522 ercitationem
2596 5479 2720 5521 esse
2757 5462 3003 5527 virtutis,
3031 5474 3211 5529 neque
3237 5457 3401 5514 aliter
3439 5455 3768 5512 existiman-

449 5548 678 5634 πόνους,
705 5569 1014 5624 διακεῖσθαι
1039 5567 1097 5620 δὲ
1113 5566 1218 5636 οὐχ
1245 5564 1449 5635 ἑτέρως
1478 5563 1511 5634 ἢ
1534 5563 1615 5616 ὃτι
1643 5560 1776 5624 Θεὸς
1807 5561 1836 5614 ό
1869 5558 2035 5623 σώζω

2163 5559 2329 5626 dum,
2356 5575 2523 5630 quam
2544 5559 2720 5614 Deum
2743 5571 2886 5620 esse,
2905 5554 3000 5625 qui
3025 5551 3260 5608 salutem
3287 5555 3532 5622 praestat,
3556 5548 3770 5616 quique

535 5734 580 5765 ⁸⁷
608 5732 804 5788 Matth.
831 5747 961 5793 nn,
995 5729 1080 5783 Μ.
1128 5727 1171 5758 ⁸⁸
1193 5727 1326 5780 Luc.
1357 5741 1466 5787 χιιι,
1496 5724 1582 5779 5-4.
1629 5723 1671 5753 ‘9
1707 5721 1874 5776 llcbr.
1921 5736 2034 5781 xui,
2065 5719 2152 5772 2'5.

541 5875 620 5930 (Η
658 5874 752 5927 Sic.
790 5871 912 5926 cod.
955 5871 1099 5934 \'at.;
1132 5865 1320 5922 Sirleti
1356 5879 1511 5936 vero,
1542 5860 1922 5936 συζητοῦντες.
2113 5926 2123 5936 .

443 5995 446 5998 .
545 5948 622 6017 ti)
677 5943 813 6000 (iud.
869 5932 1095 6014 νεαρ,
1151 5935 1583 6010 ἀπαρτίζεσθαι,
1635 5932 1924 6005 perfectum
1972 5945 2028 5986 se

2131 5932 2423 5980 "structu-nt
2448 5938 2577 5976 esse.
