4104 6450
393 412 493 469 807

1424 402 1483 463 S.
1527 405 1805 464 CYRJLLI
1844 406 2321 465 ALEXANDRINI
2357 409 2677 469 ARCHIEP.

3565 416 3673 474 408

392 523 760 592 adversarios,
797 521 931 581 licet
974 522 1150 578 multo
1195 518 1502 593 majoribus
1544 520 1761 577 viribus
1818 536 1980 591 quam

2089 523 2226 589 ἐστὶ,
2261 525 2357 579 καὶ
2392 524 2453 579 τὸ
2486 526 2775 581 καταθλεῖν
2801 525 3062 583 δύνασθαι
3104 527 3212 582 τῶν
3260 524 3699 601 ἀνθεστηκότων

394 627 596 676 nostrae
617 618 746 683 sint,
776 617 1010 681 irruant,
1036 620 1098 669 ut
1120 612 1343 669 vincere
1389 612 1688 684 possimus,
1718 611 1975 685 largitur.

393 712 527 768 Nam
553 708 701 766 haud
728 707 1002 763 inutiliter
1028 704 1312 771 insudare,
1348 719 1476 760 cum
1503 720 1606 775 pro
1638 704 1852 761 virtute
1893 713 1978 761 to-

394 804 653 868 leramus,
702 799 926 857 docebit
966 798 1201 871 Moyses,
1224 797 1321 870 qui
1375 798 1512 853 dicit
1546 798 1601 853 in
1632 799 1979 855 Deuterono-

392 895 537 951 mio:
567 896 673 950 cEt
688 891 1071 949 recordaberis
1113 890 1285 948 totius
1323 888 1446 958 vim,
1491 906 1591 961 per
1614 905 1779 962 quam
1823 890 1982 947 duxit

394 995 449 1042 te
474 986 740 1043 Dominus
764 985 909 1040 Deus
936 990 1065 1039 tuus
1099 984 1157 1039 in
1190 982 1445 1050 deserto;
1502 989 1565 1037 ut
1610 982 1878 1055 aﬂligeret
1902 991 1983 1049 te,

392 1088 447 1136 et
470 1088 708 1137 tentaret
726 1088 802 1147 te,
830 1087 888 1135 et
911 1079 1131 1151 cognita
1154 1078 1363 1134 faceret
1417 1092 1541 1149 qua:
1561 1085 1692 1132 sunt
1725 1077 1783 1132 in
1813 1078 1981 1135 corde

382 1185 509 1240 tuo,
534 1173 581 1229 si
614 1171 942 1228 observabis
965 1170 1223 1227 mandata
1243 1171 1389 1242 ejus,
1425 1185 1496 1226 an
1528 1170 1719 1227 non“.
1742 1188 1760 1221 ι
1788 1168 1979 1241 Neque

391 1281 525 1321 vero
546 1266 639 1323 ille
665 1265 799 1321 sinit
840 1280 943 1321 nos
981 1264 1179 1336 ignava
1199 1262 1498 1319 formidine
1542 1262 1824 1329 laborare,
1851 1277 1987 1319 cum.

392 1371 549 1411 suam
595 1357 744 1412 illam
788 1358 1129 1428 protegentis
1167 1372 1393 1412 manum
1436 1355 1755 1426 aspicimus.
1789 1355 1981 1426 Itaque

392 1466 590 1508 rursus
605 1452 673 1508 ad
700 1452 850 1508 hunc
882 1451 1108 1507 modum
1127 1452 1351 1509 scribit:
1403 1471 1422 1505 ι
1444 1450 1501 1508 Si
1528 1466 1660 1507 vero
1687 1450 1898 1506 dixeris
1923 1451 1981 1506 in

394 1551 579 1599 mente
607 1551 724 1610 tua,
746 1544 919 1616 Major
952 1551 1041 1601 est
1066 1558 1302 1599 numero
1340 1558 1474 1615 gens
1498 1542 1617 1598 haec
1650 1557 1817 1613 quam
1840 1557 1982 1612 ego;

391 1637 671 1705 quomodo
720 1646 916 1708 potero
963 1636 1333 1693 exterminare
1385 1635 1546 1691 illos?
1598 1650 1712 1689 non
1759 1634 1984 1690 timebis

392 1726 547 1783 illos:
563 1729 831 1784 memoria
846 1744 1062 1785 memor
1083 1728 1196 1785 eris
1216 1742 1410 1784 eorum
1438 1724 1687 1781 omnium
1714 1740 1837 1795 quae
1853 1724 1984 1781 fecit

392 1819 664 1876 Dominus
686 1821 835 1877 Deus
855 1829 991 1877 tuus
1007 1820 1305 1887 Pharaoni,
1318 1826 1375 1875 et
1402 1817 1666 1874 omnibus
1685 1816 1976 1891 Egyptiis:

2081 613 2459 687 δωρούμενος,
2492 616 2596 672 κᾶν
2631 620 2679 672 εί
2726 618 2863 673 πολὺ
2915 618 3159 690 μείζοσιν
3210 620 3394 692 ἢταῖς
3447 622 3506 676 ὲν
3538 624 3672 693 ἡμῖν

2080 707 2455 782 ἀντιφέροιντο
2485 710 2699 775 ἀλκαῖς.
2741 710 2866 764 Ὅτι
2896 711 3005 783 γὰρ
3033 713 3134 766 οὐκ
3171 713 3426 783 ἀνόνητον
3473 715 3675 784 ἱδρῶτα

2082 803 2519 874 καταστάζομεν,
2546 803 2675 868 τοὺς
2702 803 2844 876 ὑπὲρ
2874 804 3078 875 ἀρετῆς
3098 805 3430 869 ἀνατλάντες
3454 806 3672 872 πόνους,

2080 892 2283 960 διδάξει
2333 893 2507 964 λέγων
2560 896 2617 949 ὲν
2649 895 2729 967 τῷ
2762 896 3174 968 Δευτερονομίῳ
3206 899 3447 968 Μωσῆς’
3504 916 3523 949 ι
3564 899 3675 951 Καὶ

2086 983 2377 1058 mna-em
2423 989 2602 1042 πᾶσαν
2636 988 2736 1061 τὴν
2778 988 2931 1054 ὁδὸν,
2973 990 3042 1060 ἢν
3075 989 3252 1061 ἢγαγέ
3300 1007 3361 1042 σε
3394 990 3601 1061 Κύριος
3644 990 3676 1043 ὁ

2082 1077 2216 1142 Θεός
2238 1095 2330 1131 σου
2349 1081 2407 1133 ὲν
2434 1082 2503 1151 τῇ
2526 1082 2740 1153 ἐρήμῳ,
2762 1081 2911 1146 ὅπως
2926 1081 2993 1135 ἂν
3016 1080 3244 1152 κακώσῃ
3270 1097 3329 1134 σε
3362 1082 3458 1135 καὶ
3487 1081 3677 1134 ἐκπει-

2084 1172 2226 1244 ράσῃ
2251 1189 2331 1239 σε,
2363 1173 2456 1227 καὶ
2484 1173 2795 1247 διαγνωσθῇ
2826 1173 2896 1229 τὰ
2924 1177 2983 1231 ὲν
3008 1179 3072 1249 τῇ
3111 1174 3308 1246 καρδίᾳ
3344 1190 3460 1238 σου,
3488 1175 3539 1225 εἰ
3573 1191 3675 1243 φυ-

2081 1264 2219 1336 λάξῃ
2241 1265 2337 1329 τὰς
2365 1265 2588 1331 smn;
2620 1267 2807 1335 αὑτοῦ,
2836 1268 2870 1341 ἢ
2904 1268 2990 1325 οὗ.
3025 1287 3049 1321 ›
3075 1269 3271 1323 Νοσεῖν
3296 1268 3353 1322 δὲ
3382 1267 3481 1338 τὴν
3511 1266 3677 1320 ἄναν-

2081 1357 2207 1429 δρον
2245 1357 2345 1411 οὐκ
2382 1358 2447 1429 ἐᾷ
2478 1358 2704 1425 δειλίαν,
2739 1359 3255 1431 ἀνασκοπουμένους
3299 1353 3358 1412 εὖ
3389 1356 3534 1428 μάλα
3576 1355 3679 1427 τὴν

2080 1447 2181 1502 τοῦ
2225 1448 2664 1519 προασπίζοντος
2711 1453 2890 1522 χεῖρα.
2940 1451 3148 1523 Γράφει
3196 1449 3255 1504 δὲ
3310 1448 3453 1502 οὕτω
3486 1447 3677 1501 πάλινο

2090 1559 2108 1595 ι
2133 1541 2260 1595 Ἐὰν
2282 1540 2341 1594 δὲ
2373 1540 2542 1612 λέγῃς
2574 1542 2632 1595 ὲν
2662 1544 2727 1614 τῇ
2759 1542 2969 1613 διανοίᾳ
3001 1560 3116 1606 σου,
3144 1544 3225 1596 ὅτι
3252 1540 3396 1594 Πολὺ
3420 1543 3483 1593 τὸ
3520 1539 3677 1604 ἔθνος

2081 1632 2260 1698 τοῦτο,
2292 1633 2326 1705 ἢ
2360 1632 2490 1704 ἐγὼ,
2521 1634 2638 1697 πῶς
2688 1634 2988 1705 δυνήσομαι
3019 1633 3398 1707 ἐξολοθρεῦσαι
3434 1630 3674 1700 αὑτού;;

2082 1728 2145 1781 οὐ
2176 1727 2462 1799 φοὸηθήσῃ
2515 1727 2733 1792 αὐτούς’
2766 1728 2930 1800 μνείᾳ
2962 1727 3253 1799 μνησθήσῃ
3297 1727 3398 1781 ὃσα
3447 1724 3677 1796 ἐποίησε

2084 1820 2291 1891 Κύριος
2318 1822 2346 1873 ὁ
2376 1820 2511 1885 Θεός
2548 1838 2645 1874 σου
2692 1820 2772 1892 τῷ
2818 1820 3041 1893 Φαραὼ,
3074 1823 3170 1875 καὶ
3199 1822 3334 1875 πᾶσι
3363 1824 3475 1885 τοῖς
3504 1823 3675 1889 Αἰγυ-

394 1910 759 1968 tentationum
809 1911 1057 1968 omnium
1101 1928 1240 1984 quas
1272 1912 1538 1968 viderunt
1576 1912 1727 1967 oeuli
1760 1912 1862 1978 tui,
1904 1911 1980 1967 si-

2086 1915 2267 1978 πτίοις
2283 1916 2413 1978 τοὺς
2432 1914 2777 1985 πειρασμοὺς
2792 1914 2919 1977 τοὺς
2939 1913 3234 1985 μεγάλους,
3249 1912 3343 1978 οὓς
3365 1912 3675 1986 ἑωράκασιν

393 2020 630 2075 gnorum
672 2004 1164 2078 prodigiorumque
1215 2019 1544 2077 magnorum
1605 2005 1863 2071 illorum;
1922 2012 1981 2060 et

394 2111 595 2175 manus
614 2098 763 2154 illius
788 2098 1050 2169 potentis,
1075 2106 1133 2153 et
1164 2096 1381 2153 brachii
1404 2097 1631 2164 excelsi,
1671 2105 1734 2154 ut
1770 2097 1982 2154 eduxe-

389 2189 466 2243 rit
504 2198 555 2244 te
579 2188 847 2245 Dominus
870 2191 1018 2247 Deus
1033 2198 1162 2247 tuus
1180 2209 1205 2259 ;.
1227 2191 1310 2248 sic
1338 2190 1505 2248 faciet
1544 2190 1812 2247 Dominus
1836 2190 1984 2246 Deus

389 2291 579 2339 noster
610 2283 881 2339 omnibus
899 2284 1159 2355 gentibus
1181 2302 1320 2356 quas
1348 2296 1408 2341 tu
1436 2286 1599 2341 times
1617 2302 1647 2340 a
1682 2284 1821 2341 facie
1840 2285 1985 2356 ipsa-

387 2390 510 2430 rum
534 2375 600 2427 “.
624 2395 640 2425 ›

475 2533 522 2567 ⁸⁸
549 2534 707 2589 Deut.
736 2549 849 2597 vm,
875 2533 928 2587 2.
1029 2534 1071 2564 ⁸¹
1099 2533 1261 2586 Deut.
1286 2548 1380 2598 vn,
1409 2532 1472 2585 l7
1502 2548 1657 2604 seqq.

2084 2007 2135 2059 οί
2164 2005 2438 2077 ὀφθαλμοί
2467 2023 2562 2059 σου
2587 2022 2602 2037 ·
2641 2004 2713 2058 τὰ
2746 2006 2971 2077 σημεῖα,
3005 2004 3101 2057 καὶ
3132 2003 3201 2057 τὰ
3233 2003 3440 2075 τέρατα
3483 2002 3553 2057 τὰ
3581 2019 3687 2074 με·

2080 2098 2226 2168 γάλα
2253 2100 2471 2160 ἐκεῖνα,
2506 2097 2607 2169 τὴν
2645 2098 2807 2168 χεῖρα
2831 2097 2929 2168 τὴν
2954 2095 3246 2172 κραταιὰν,
3282 2097 3378 2150 καὶ¹
3416 2096 3507 2149 τὸν
3540 2094 3675 2167 βρα-

2080 2191 2236 2263 χίονα
2256 2190 2346 2244 τὸν
2372 2190 2577 2262 ὑψηλόν
2600 2209 2614 2222 ’
2636 2189 2713 2253 ὡς
2734 2189 2972 2260 ἐξήγαγέ
2997 2206 3055 2241 σε
3086 2188 3291 2260 Κύριος
3317 2189 3345 2241 ὁ
3371 2188 3503 2252 Θεὸς
3536 2204 3631 2241 σου
3654 2202 3675 2219 “

2079 2282 2257 2347 οὕτως
2275 2284 2493 2355 ποιήσει
2521 2283 2726 2354 Κύριος
2753 2287 2782 2337 ὁ
2809 2282 2939 2345 Θεὸς
2967 2285 3000 2353 ή
3011 2282 3126 2354 μῶν
3152 2283 3287 2336 πᾶσι
3306 2283 3420 2345 τοῖς
3440 2280 3674 2346 ἔθνεσιν,

2081 2374 2178 2439 οὓς
2206 2377 2272 2431 σὺ
2306 2375 2453 2447 φοϐῇ
2481 2378 2591 2429 ἀπὸ
2617 2374 2921 2448 προσώπου.
2948 2372 3150 2429 αὐτῶν.
3176 2392 3203 2427 ι

991 2964 1393 3097 ΠΕΡΙ
1472 2965 1818 3095 ΤΗΣ
1892 2966 2106 3096 ΕΝ
2187 2955 3077 3097 ΠΝΕΥΜΑΤΙ

1652 3236 1854 3326 ΚΑΙ
1924 3223 2428 3359 ΑΛΗΘΕΙᾼ

816 3458 2053 3585 ΠΡΟΣΚΥΝΗΣΕΩΣ
2133 3465 2414 3581 ΚΑΙ
2504 3455 3260 3580 ΛΑΤΡΕΙΑΣ

1531 3711 1972 3803 ΛΟΓΟΣ
2063 3714 2541 3804 ΕΚΤΟΣ.

494 4137 703 4255 ,ΒΕ
781 4134 1721 4255 ADOBATIONE
1821 4131 2010 4251 ET
2116 4128 2603 4253 CULTU
2710 4135 2857 4251 IN
2973 4131 3557 4251 SPIR‘ITU

1568 4402 1740 4508 ET
1831 4396 2503 4508 VERITATE

1528 4649 1902 4734 LIBER
2004 4646 2525 4729 SEXTUS.

394 4981 553 5060 1'72
577 4979 643 5037 Ei
671 4982 763 5054 qui
812 4982 1403 5060 secundumunaturant
1441 4977 1582 5060 Deus
1614 4988 1711 5060 est,
1738 4978 1837 5060 soli
1877 4995 1969 5033 nos

2083 4977 2222 5060 Ὅτι,
2236 4974 2355 5043 χρὴ
2390 4973 2515 5060 Θεᾷ)
2541 4970 2625 5060 FG)
2656 4972 2805 5051 κατὰ
2854 4972 3046 5060 ξούριις
3060 4969 3237 5060 βὶιέίξς
3276 4968 3679 5060 προσκεῖσθαι

462 5050 736 5124 adimere
758 5063 1021 5124 oportere,
1039 5060 1088 5106 et
1104 5050 1262 5106 illum
1287 5066 1353 5105 ea:
1386 5057 1499 5104 tota
1536 5052 1721 5106 anima
1765 5058 1974 5122 totoque

465 5123 619 5178 corde
643 5122 888 5195 diligere.

462 5236 535 5289 De
575 5235 890 5294 Christiana
922 5233 1145 5305 quidem
1169 5231 1495 5292 fortitudine
1527 5236 1838 5309 roboreque
1867 5239 1977 5309 spi-

386 5329 572 5384 rituali
603 5329 813 5384 dictum
834 5337 919 5385 est
949 5343 983 5382 a
1008 5327 1192 5394 nobis,
1247 5335 1307 5382 ut
1350 5328 1589 5397 videtur,
1616 5330 1846 5398 Palladi,
1884 5346 1977 5386 sa-

389 5423 490 5489 tis;
532 5421 737 5491 quibus
755 5436 893 5476 vero
915 5420 973 5475 in
1011 5419 1180 5475 rebus
1202 5419 1319 5477 haec
1340 5436 1371 5477 a
1394 5422 1555 5479 nobis
1576 5424 1823 5495 ιιι-ωειδτὶ
1848 5437 1977 5493 pos-

385 5514 518 5579 sint,
545 5527 763 5579 rursus,
790 5519 851 5567 ut
881 5512 1143 5582 arbitror,
1167 5513 1595 5587 circumspicere
1617 5531 1844 5572 necesse
1866 5522 1972 5571 est.

461 5686 659 5745 PALL.
688 5689 859 5745 Recte
885 5688 1046 5747 dicis.

455 5780 615 5838 ΟΥΕ.
659 5780 772 5855 Age
814 5783 1003 5856 igitur,
1049 5783 1253 5841 mentis
1308 5784 1500 5841 oculos
1539 5784 1971 5858 circumquaque

378 5884 694 5947 vict-scmus,
720 5874 897 5948 iisque
929 5876 983 5932 in
1001 5884 1315 5934 accuratam
1345 5877 1628 5935 actionum
1650 5889 1970 5938 nostrarum

2139 5039 2351 5116 party;
2384 5044 2487 5099 καὶ
2522 5042 2766 5113 ἀγαπᾷν
2806 5039 2993 5099 αὐτὸν
3020 5042 3090 5109 ἐξ
3122 5039 3281 5111 *ὅλης
3317 5039 3527 5112 ψυχῆς
3576 5039 3679 5095 καί

2152 5116 2423 5185 καρδίας.

2152 5234 2317 5288 ΚΥΡ.
2338 5231 2615 5304 Ἀνδρείας
2641 5230 2741 5300 μὲν
2758 5226 2852 5285 οὖν
2870 5228 2997 5302 πέρι
3018 5229 3117 5301 τῆς
3133 5231 3191 5282 ὲν
3206 5227 3249 5282 Χ
3261 5226 3428 5301 ριστῷ
3444 5224 3677 5296 νοουμέ-

2074 5343 2197 5398 νης,
2222 5329 2317 5379 καὶ
2342 5323 2725 5395 πνευματικῆς
2752 5323 2811 5376 εὐ
2822 5322 3068 5386 σθενείας
3099 5320 3383 5396 ἀποχρῶν,
3419 5320 3573 5389 ἡμῖν,
3597 5316 3677 5381 ὡς

2076 5418 2274 5484 ἔοικεν,
2295 5418 2657 5487 ὲκπεποίηται
2688 5416 2844 5485 λόγος
2866 5454 2882 5479 ,
2912 5409 2958 5469 ὦ
2979 5414 3245 5469 Παλλάδιε
3265 5434 3276 5444 ο
3297 5414 3365 5467 τὰ
3401 5412 3457 5465 δὲ
3486 5412 3569 5481 ἐφ’
3592 5407 3677 5473 οἷς

2078 5511 2147 5566 ἂν
2178 5511 2392 5581 γένοιτο
2416 5510 2576 5563 ταυτὶ
2609 5509 2747 5581 πρὸς
2783 5512 2816 5581 ἡ
2826 5509 2965 5581 μῶν,
2995 5508 3313 5581 περιαθρεῖν
3334 5506 3636 5575 ἀναγκαῖον
3654 5542 3673 5569 ,

2079 5604 2333 5675 καθάπερ
2364 5595 2601 5675 ἐγῷμαι,
2632 5603 2815 5658 πάλιν.

2151 5697 2359 5751 ΠΑΛΛ.
2400 5693 2473 5750 Εὖ
2506 5696 2705 5761 λέγεις.

2148 5789 2314 5844 ΚΥΡ.
2347 5790 2484 5861 Φέρε
2516 5789 2581 5862 δὴ
2610 5786 2727 5857 οὖν,
2761 5789 2863 5861 τῆς
2899 5787 3144 5852 διανοίας
3172 5787 3266 5842 τὸν
3294 5784 3575 5857 ὀφθαλμὸν
3609 5784 3670 5838 ὲν

2077 5880 2263 5953 κύκλῳ
2300 5879 2775 5953 περιελίττοντες,
2820 5881 2915 5937 καὶ
2961 5881 3047 5948 εἰς
3087 5878 3297 5953 ἀκριϐῆ
3333 5874 3690 5963 κατάσκεψιν.
