4104 6428
288 443 396 505 ιοο

1029 444 1122 503 DE
1159 443 1610 504 ADOBATIONE
1650 444 1724 501 IN
1762 437 2035 500 SPIRITD
2080 439 2168 498 ET
2210 438 2582 499 VERl’l’ATE.
2624 440 2755 497 LIB.
2798 437 2886 496 Ἧι

3500 430 3608 490 410

288 572 394 626 τῶν
421 571 557 627 καθ’*
587 569 740 644 ἡμᾶς
774 567 950 636 ἱέντες
988 570 1364 643 πραγμάτων,
1396 564 1804 640 ἀνασκοπῶμεν
1834 558 1894 619 εὖ

2028 564 2520 620 :onsiderationem
2572 562 2796 635 injectis
2824 601 2838 628 ,
2901 558 3201 630 diligenter
3249 552 3607 626 aspiciamus,

291 666 454 739 μάλα,
486 663 583 720 διά
617 663 781 730 ποίας
815 664 988 729 ἰόντες
1023 663 1242 737 τρίϐου,
1264 664 1516 738 λαμπροί
1537 681 1600 719 τε
1631 659 1895 732 ἐσόμεθα,

288 761 377 816 καὶ
400 760 505 830 τὴν
543 760 632 829 ἐφ’
678 758 858 814 ἅπασι
898 760 1015 823 τοῖς
1044 758 1464 832 ἐπαινουμένοις
1494 752 1585 813 οἶά
1616 772 1743 812 τινα
1771 753 1899 808 στέ-

296 869 452 925 φονον
488 850 885 925 ἀναδησόμεθα
913 851 1114 923 ψῆφον.
1154 853 1234 908 Ἦ
1273 853 1339 908 οὐ
1378 852 1525 908 δοκῶ
1560 868 1646 907 σοι
1677 850 1901 924 φρονεῖν

294 944 415 1022 ὀρθά
436 986 454 1012 ,
477 944 545 1000 τὺ
575 944 642 1000 ἐν
667 961 732 1015 γε
756 943 981 1009 τούτοις
997 945 1335 1019 φιλοκρινεῖν
1365 944 1646 1020 ᾑρημένος
1668 959 1686 1012 ;

353 1130 575 1184 ΠΔΛΛ.
633 1129 965 1185 Παντάπασι
1016 1128 1118 1201 μὲν
1151 1122 1270 1185 οὖν.
1331 1126 1509 1200 Φαίην
1535 1126 1650 1199 γὰρ
1698 1125 1768 1182 ἂν
1806 1124 1904 1180 καὶ

288 1223 451 1288 αὐτὸς
504 1222 623 1292 ἐγὼ
665 1221 973 1295 προκλήσει
1005 1224 1075 1294 τῇ
1108 1221 1253 1294 πρὸς
1295 1218 1906 1295 ἀνδρίανπροκαταθή-

286 1316 481 1386 γεσθαι
520 1315 657 1379 δεῖν.
682 1315 905 1371 ἑλέσθαι
940 1332 1001 1370 τε
1028 1316 1100 1372 τά
1125 1316 1194 1371 δι’
1232 1309 1309 1370 ὧν
1340 1315 1408 1371 ἄν
1439 1332 1526 1380 τις
1557 1313 1738 1368 ἔσοιτο
1765 1311 1907 1383 λαμ-

287 1413 447 1482 πρδῖο
482 1410 582 1464 καὶ
599 1410 701 1482 τῆς
731 1410 1039 1483 ἀμωμήτου
1064 1407 1213 1481 ζωῆς
1243 1408 1460 1482 ἔρχοιτο
1486 1407 1608 1464 κατ’
1639 1407 1794 1464 εὐθύ.
1857 1437 1861 1442 ε

359 1592 532 1645 ΚΥΡ.
558 1589 774 1646 Οὐκοῦν
796 1589 901 1663 ήδη
933 1588 1208 1661 λέγωμεν,
1237 1587 1314 1653 ὡς
1343 1586 1566 1661 ἀπάσης
1598 1588 1700 1661 μὲν
1726 1588 1909 1655 οἰκίας

288 1683 550 1754 ἔρεισμα,
583 1683 826 1756 κρηπίς·
856 1681 993 1747 νεὼς
1021 1682 1079 1738 δὲ
1104 1681 1321 1755 τρόπις,
1354 1682 1523 1754 ἀρχή·
1555 1680 1659 1737 τοῦ
1682 1681 1740 1737 δὲ
1771 1700 1909 1737 κατ-

288 1777 491 1851 ορθοῦν
530 1778 841 1851 ᾑρημένου,
872 1776 1127 1849 θεμέλιος
1147 1777 1217 1832 ἂν
1236 1775 1450 1844 γένοιτο
1471 1776 1568 1830 καὶ
1588 1774 1910 1848 ὑποϐάθρας

2003 674 2173 731 quam
2200 657 2587 729 ingredientes
2620 657 2788 723 viam,
2820 653 2957 710 clari
2991 666 3135 719 esse,
3166 656 3225 706 et
3278 647 3373 704 illa
3393 660 3498 718 pro
3521 660 3614 702 rs-

2003 759 2094 807 cte
2139 749 2484 819 honesteque
2534 745 2698 803 factis
2746 743 3152 818 approbatione
3200 739 3356 796 velut
3400 750 3608 793 corona

2003 843 2245 916 quadam
2272 842 2461 898 ornari
2482 840 2784 913 possimus.
2819 839 2903 895 An
2959 836 3060 893 tibi
3108 849 3306 908 parum
3339 839 3491 887 recte
3516 845 3612 885 sa-

2006 951 2137 1009 pere
2179 934 2392 1004 videor,
2427 934 2587 1006 173
2613 932 2709 1005 qui
2753 932 2811 987 in
2847 931 2936 987 his
2970 930 3141 986 rebus
3185 925 3320 1000 quid
3366 924 3610 997 proban-

2005 1030 2140 1086 dum
2160 1029 2234 1086 sit
2253 1021 2560 1106 decernere
2588 1025 2805 1082 velim?

2078 1122 2279 1179 PALL.
2310 1123 2552 1179 Prorsus
2578 1117 2890 1176 rectissime
2911 1134 2936 1170 ι·
2955 1131 3098 1171 ηοῐηι
3124 1115 3295 1171 etiam
3337 1112 3465 1184 ipse
3494 1124 3609 1165 non

2007 1218 2329 1291 negaverim
2348 1217 2510 1289 prius
2528 1211 2599 1271 ad
2644 1211 3040 1270 fortitudinem
3079 1209 3300 1265 incitari
3331 1215 3609 1279 oportere,

2008 1323 2178 1386 atque
2200 1313 2279 1373 ita
2307 1327 2374 1369 ea
2396 1324 2520 1367 esse
2536 1304 2947 1379 amplectenda,
2972 1319 3074 1375 per
3110 1318 3234 1375 qua:
3256 1302 3441 1356 clarus
3464 1314 3610 1365 esse,

2008 1415 2273 1479 rectaque
2294 1404 2365 1462 ad
2396 1404 2569 1460 vitam
2617 1402 2780 1473 culpa
2810 1405 3093 1455 carentem
3118 1393 3416 1468 pervenire
3456 1392 3612 1463 quis-

2008 1517 2120 1575 que
2135 1499 2331 1573 possit.

2079 1593 2243 1654 (ΠΒ.
2265 1592 2390 1651 Jam
2428 1591 2601 1665 igitur
2619 1588 2928 1647 ordiamur.
2947 1583 3145 1641 Totius
3169 1579 3393 1653 quidem
3418 1575 3617 1632 domus

2012 1687 2249 1745 firmitas
2271 1693 2357 1742 est
2382 1683 2843 1748 fundamentum;
2885 1677 3046 1735 navis
3074 1689 3213 1731 vero
3258 1671 3483 1730 initium
3528 1683 3619 1723 ca-

2012 1782 2173 1849 rina;
2204 1780 2329 1853 ejus
2365 1785 2554 1834 autem
2602 1774 2699 1847 qui
2756 1772 2985 1829 virtutis
3028 1783 3234 1825 munus
3267 1762 3497 1835 exsequi
3519 1776 3619 1817 ve-

288 1873 460 1944 ἁρχὴ,
496 1872 601 1943 τῆς
629 1869 894 1942 ἀληθείας
916 1872 949 1944 ἡ
970 1869 1196 1941 γνῶσις,
1228 1869 1322 1925 καὶ
1340 1869 1369 1922 ὁ
1388 1869 1519 1941 περὶ
1547 1868 1786 1934 πίστεως
1808 1870 1909 1941 τῆς

2028 1878 2096 1943 .it,
2129 1874 2575 1940 fundamentum,
2604 1885 2670 1927 ac
2715 1868 2866 1925 basis
2903 1873 2961 1922 et
2991 1863 3235 1926 initium,
3265 1872 3351 1916 est
3372 1855 3621 1930 cognitio

289 1968 371 2031 είς
398 1965 539 2020 Θεὸν
563 1966 659 2020 τὸν
686 1965 785 2019 ἕνα
813 1965 911 2019 καὶ
940 1963 1104 2034 φύσει
1122 1965 1221 2019 καὶ
1242 1962 1498 2036 ἀληθινὸν
1520 1962 1912 2036 ἀκιὸδήλευτος

2028 1968 2372 2035 reritatis,ac
2394 1966 2463 2022 de
2483 1964 2592 2021 ﬁde
2616 1964 2673 2019 in
2689 1977 2817 2019 eum
2836 1960 2933 2033 qui
2949 1974 3096 2015 unus
3112 1973 3178 2014 ac
3197 1963 3397 2011 natura
3414 1960 3471 2009 et
3484 1966 3619 2007 vere

287 2057 485 2129 λόγος’
529 2078 551 2113 ι
605 2058 735 2130 Ἐἀν
761 2057 874 2130 γὰρ
905 2057 982 2131 μὴ
1021 2057 1354 2131 πιστεύσητε
1375 2097 1392 2125 ,
1432 2056 1541 2114 οὐδ’
1568 2056 1635 2112 οὗ
1660 2056 1736 2130 μὴ
1782 2072 1912 2111 συν-

287 2155 408 2226 ῆτε,
451 2172 470 2206 ι
503 2153 644 2226 φησὶ
672 2153 734 2208 τὸ
754 2153 1002 2226 Γράμμα
1046 2152 1109 2207 τὸ
1136 2152 1308 2225 ίερόν.
1349 2152 1646 2217 Συνιέντας
1677 2151 1735 2205 δὲ
1757 2147 1919 2219 οὔπω⁸

286 2247 402 2301 τῶν
451 2245 781 2315 ἀναγκαίων
815 2246 972 2302 οὐδὲν
1004 2246 1315 2319 ἀπρακτεῖν
1342 2244 1582 2317 ἀνάγκη,
1624 2243 1689 2298 τὸ
1715 2260 1913 2317 κατορ-

290 2339 423 2395 θοῦν
462 2340 569 2395 οὐκ
626 2339 858 2405 εἰδότας.
908 2341 983 2394 Ἣ
1030 2340 1135 2394 οὐκ
1177 2339 1248 2394 ἂν
1287 2339 1591 2408 ἀναγκαῖον
1635 2333 1780 2392 εἶναι
1806 2337 1916 2409 φὴς

293 2434 441 2508 πρὸς
483 2435 850 2509 εὐδοκίμησιν
878 2438 1033 2509 ἡμῖν,
1064 2434 1167 2507 τὴν
1201 2435 1295 2490 ἐπὶ
1325 2435 1494 2490 παντὶ
1522 2432 1600 2506 τῷ
1648 2432 1917 2506 πρακτέῳ

290 2527 609 2600 διάσκεψιν,
645 2530 696 2584 εί
733 2531 794 2583 ὲν
832 2529 982 2603 λόγῳ
1009 2527 1362 2601 πεποιήμεθα
1386 2526 1445 2582 τὸ
1468 2526 1604 2600 δρᾷν
1630 2525 1832 2597 ὀρθῶς,
1864 2525 1904 2584 ἃ

290 2624 429 2699 ὲρᾷν
457 2624 764 2694 ἀναγκαῖον
783 2640 803 2691 ;
1030 2654 1033 2657 λ

364 2804 586 2860 ΠΔΛΔ.
626 2803 802 2876 Φημί.

364 2896 539 2951 ΚΥΡ.
581 2894 800 2968 Τροφὸς
824 2888 922 2951 οὖν
960 2892 1073 2967 ἀρα
1114 2894 1411 2963 συνέσεως,
1446 2893 1663 2959 πίστις.
1689 2889 1920 2957 Σύνεσις

288 2988 352 3044 δὲ
368 3030 388 3058 ,
418 2989 535 3043 τῶν
585 2987 885 3061 πρακτέων
931 2989 1068 3061 ἡμῖν
1105 2990 1343 3043 ποιεῖται
1372 2989 1473 3061 τὴν
1506 2987 1767 3062 βάσανον.
1803 2985 1922 3040 Καὶ

290 3083 431 3155 γοῦν
461 3084 554 3138 ὅτε
571 3084 691 3147 τοῖς
706 3080 770 3148 ἐξ
805 3081 1028 3155 Ἰσραὴλ
1053 3085 1083 3137 ὁ
1106 3081 1220 3138 τῶν
1240 3082 1380 3137 ὅλων
1400 3080 1537 3147 Θεὸς
1563 3077 1921 3150 παιδαγωγὸν

291 3176 494 3249 ὥσπερ
529 3175 658 3231 τινὰ
682 3217 696 3240 ,
739 3176 840 3231 καὶ
887 3174 1154 3248 ίθυντῆρᾳ
1187 3174 1373 3245 σοφὸν,
1412 3174 1508 3229 τὸν
1537 3172 1630 3228 διά
1670 3170 1922 3235 Μωσέως

290 3271 577 3344 δπέστησε
600 3269 792 3343 νόμον,
837 3269 1163 3343 ύποὸάθραν
1189 3268 1383 3343 ὥσπερ
1413 3267 1537 3324 τινὰ
1575 3267 1675 3322 καὶ
1710 3264 1925 3321 ἀκατά-

294 3383 522 3422 σειστον
551 3365 755 3439 ἀρχὴν,
800 3363 904 3436 τὴν
949 3363 1105 3436 παρὰ
1133 3363 1235 3437 τῆς
1272 3364 1404 3436 μιᾶς
1440 3378 1503 3417 τε
1541 3359 1640 3416 καὶ
1685 3357 1923 3429 ἀληθοῦς

292 3459 573 3531 Θεότητος
598 3454 1047 3529 προκατεδάλετο
1075 3452 1309 3525 γνῶσιν*
1344 3452 1421 3527 μὴ
1451 3452 1564 3524 γὰρ
1586 3450 1654 3508 ἂν
1681 3449 1923 3523 ἰσχύσειν

292 3554 503 3618 αὐτοὺς
536 3550 902 3622 ὑπελάμϐανε
939 3548 1043 3620 τῆς
1083 3547 1413 3620 ἀδιασλήτου
1443 3546 1541 3601 καὶ
1577 3541 1924 3618 ἀκραιφνοῦς

294 3645 601 3718 ἑφικέσθαι
632 3644 805 3716 ζωῆς,
835 3643 1010 3717 ἤγουν
1039 3638 1121 3714 τῷ
1149 3639 1266 3697 τῶν
1305 3638 1619 3696 καλλίστων
1645 3637 1922 3710 εἰσηγητῇ

294 3738 828 3814 καταρυθμεζεσθαι
854 3737 1033 3810 νόμῳ,
1060 3737 1158 3792 κα)⁵
1195 3736 1447 3792 ὑπείκειν
1478 3734 1744 3799 ἐντολαῖς,
1776 3735 1825 3787 εἰ
1851 3731 1928 3805 μὴ

295 3835 568 3908 καθάπερ
596 3830 1082 3905 προανατείχισμα
1100 3828 1202 3902 τὴν
1231 3828 1327 3883 ἐπὶ
1344 3826 1467 3902 Θεῷ
1496 3827 1686 3882 πίστιν
1710 3826 1929 3891 ἑλόντες

298 3931 385 3996 είς
407 3929 564 3998 νοῦν,
582 3926 967 3999 ἀντιφέροιντο
993 3921 1265 3994 γενναίως
1281 3923 1406 3987 ταῖς
1430 3922 1512 3987 είς
1529 3919 1805 3994 ρᾳθυμίαν
1829 3918 1932 3973 αὐ-
2033 3925 2047 3980 i

297 4022 433 4087 τοὺς
463 4017 797 4083 ἀκονούσαις
821 4017 1061 4090 ἡδοναῖς.
1094 4015 1244 4071 Ἔδει
1273 4013 1341 4087 δὴ
1371 4008 1487 4081 οὖν,
1509 4012 1640 4076 ἔδει,
1672 4010 1931 4084 καθάπερ
2034 4016 2050 4073 i

298 4114 432 4169 τινὰ
460 4112 713 4185 ψυχικὴν
749 4109 1102 4184 ἀρρωστίαν,
1141 4105 1555 4182 προαποθέσθαι
1596 4107 1726 4172 τοὺς
1755 4105 1926 4161 πάλαι

300 4209 408 4280 τὴν
439 4204 720 4261 πολύθεον
772 4204 1069 4277 πλάνησιν,
1116 4202 1306 4257 πίστει
1345 4217 1411 4256 τε
1455 4202 1525 4273 τῇ
1562 4200 1645 4265 εις
1673 4198 1811 4255 Θεὸν
1839 4199 1932 4254 τὸν

304 4302 406 4356 ἕνα
435 4299 610 4373 φύσει
643 4298 741 4354 καὶ
768 4295 990 4370 ἀληθῶς
1028 4293 1354 4369 ἐρηρεῖσθαι
1386 4292 1575 4359 καλῶς
1600 4308 1617 4325 °
1644 4292 1934 4365 τοιγάρτοι

306 4395 405 4449 καὶ
435 4392 660 4465 πρῶτος
679 4390 869 4456 αὐτοῖς
889 4387 1286 4463 προανὲλαμψε
1327 4385 1525 4460 νόμος·
1565 4405 1586 4440 ι
1628 4385 1776 4457 Ἐγὼ
1814 4387 1934 4458 είμι

305 4485 524 4560 Κύριος
551 4485 583 4538 ὁ
613 4483 749 4550 θεός
781 4499 901 4549 σου,
951 4484 1105 4546 ὅστις
1135 4479 1411 4554 ἐξήγαγον
1445 4495 1506 4533 σε
1536 4479 1603 4533 ὲκ
1634 4479 1738 4551 γῆς
1765 4475 1936 4547 Αίγύ-

308 4598 451 4634 πτου
486 4572 548 4647 ἐξ
581 4576 736 4632 οἴκου
782 4574 1053 4640 δουλείας.
1084 4574 1202 4629 Οὐκ
1237 4572 1457 4628 ἔσονταί
1487 4588 1572 4626 σοι
1608 4570 1725 4626 θεοὶ
1752 4570 1935 4642 ἕτεροι

2016 2063 2166 2120 Deus
2188 2070 2296 2130 est,
2332 2060 2554 2117 sincera
2581 2056 2904 2130 praedicatio
2927 2071 2947 2108 :
2987 2073 3005 2104 ι
3028 2053 3147 2109 Nisi
3179 2049 3330 2106 enim
3363 2045 3620 2105 credide-

2017 2155 2166 2221 ritis,
2194 2169 2308 2210 non
2336 2150 2666 2225 intelligetis
2690 2150 2760 2217 ⁸³,
2797 2167 2816 2201 ι
2877 2146 3064 2225 inquit
3107 2158 3266 2200 sacra
3308 2139 3621 2213 Scriptura.

2017 2248 2177 2318 Quod
2209 2248 2257 2305 si
2284 2246 2425 2313 nihil
2461 2220 2549 2302 ex.
2579 2243 2650 2300 iis
2694 2257 2819 2314 quae
2875 2220 3191 2296 necessaria
3238 2243 3369 2291 sunt
3399 2231 3623 2288 intelle-

2016 2342 2286 2409 xerimus,
2316 2353 2535 2395 cessare
2578 2336 2648 2392 ab
2684 2348 2856 2406 opere
2912 2344 3143 2387 necesse
3175 2334 3282 2395 est,
3310 2340 3438 2382 cum
3471 2329 3623 2378 recte

2018 2435 2204 2492 facere
2252 2433 2590 2488 nesciamus.
2638 2426 2724 2483 An
2755 2440 2914 2490 vero,
2939 2424 2985 2479 si
3032 2420 3173 2494 quid
3213 2433 3339 2476 esse
3364 2423 3627 2489 putamus

2018 2545 2085 2586 ea
2117 2534 2269 2584 recte
2292 2525 2498 2591 facere,
2528 2537 2652 2594 quae
2686 2519 2870 2576 facere
2897 2530 3127 2573 necesse
3156 2521 3263 2579 est,
3286 2527 3400 2566 non
3427 2524 3626 2565 ncces-

2020 2620 2232 2678 sarium
2262 2632 2385 2674 esse
2401 2613 2617 2682 fateris,
2646 2612 2715 2669 ad
2747 2610 2971 2667 laudem
3023 2604 3450 2678 assequendam,
3477 2602 3628 2657 illam

2021 2716 2092 2773 de
2121 2712 2386 2770 omnibus
2408 2709 2581 2766 rebus
2601 2706 2835 2782 agendis
2884 2698 3347 2777 inquisitionem?

2090 2805 2294 2865 PALL.
2334 2804 2553 2861 Fateor.

2091 2900 2255 2960 (ΠΒ.
2284 2899 2385 2956 Est
2409 2898 2582 2971 igitur
2606 2893 2746 2950 ﬁdes
2772 2888 3157 2965 intelligentia
3198 2885 3412 2944 nutrix.
3459 2881 3634 2940 Intel-

2020 2994 2254 3069 ligentia
2278 3006 2416 3049 vero
2438 3006 2529 3047 res
2551 3005 2584 3046 a
2607 2987 2774 3043 nobis
2817 2984 3059 3058 agendas
3082 2980 3384 3040 examinat.
3413 2977 3629 3049 Itaque,

2024 3104 2154 3147 cum
2205 3083 2477 3144 Israelitis
2524 3082 2618 3139 ille
2674 3080 3066 3137 universorum
3118 3074 3268 3130 Deus
3311 3072 3493 3143 lrgem
3530 3083 3635 3139 per

2024 3183 2252 3256 Moysen
2274 3179 2483 3245 datam,
2508 3175 2684 3233 veluti
2710 3172 3069 3246 paedagogum
3090 3165 3389 3240 quemdam
3413 3161 3635 3233 sapien-

1952 3297 1999 3358 α
2031 3286 2258 3348 temque
2283 3282 2562 3330 rectorem
2591 3267 2874 3340 apposuit,
2920 3274 3185 3333 tanquam
3220 3259 3410 3314 basem
3433 3270 3635 3327 quam-

2026 3371 2156 3428 dam
2177 3347 2244 3425 et
2265 3366 2488 3423 ﬁrmum
2542 3363 2789 3426 initium,
2825 3358 2996 3415 unius
3034 3367 3289 3424 veniaque
3319 3347 3636 3406 Divinitatis

2027 3462 2406 3538 cognitionem
2443 3454 2798 3532 praestruxit;
2825 3465 3008 3521 neque
3033 3446 3182 3504 enim
3207 3441 3439 3516 putabat
3472 3453 3639 3510 posse

2028 3533 2156 3614 illos
2205 3554 2276 3611 ad
2341 3552 2513 3609 vitam
2551 3549 2907 3605 innocentem
2948 3552 3257 3614 puramque
3299 3533 3639 3607 pertingere,

2029 3655 2127 3706 aut
2155 3663 2187 3704 a
2216 3647 2359 3718 lege,
2386 3659 2510 3715 qum
2536 3640 2605 3697 ad
2638 3654 2730 3695 res
2755 3634 3049 3708 praeclaras
3068 3627 3421 3690 hortabatur,
3443 3635 3641 3679 eorum

2031 3752 2220 3794 mores
2239 3711 2523 3805 componi,
2573 3737 2632 3787 et
2676 3727 2843 3784 facile
2898 3719 3181 3779 mandatis
3222 3714 3479 3786 obsequi,
3529 3711 3642 3773 nisi

2032 3832 2185 3888 illam
2212 3830 2270 3885 in
2291 3829 2468 3885 Deum
2511 3824 2676 3881 [idem
2726 3820 2916 3877 animo
2943 3813 3340 3885 suscepissent,
3364 3824 3475 3881 quo
3512 3822 3644 3879 per-

2033 4199 2211 4259 veluti
2237 4198 2496 4256 morbum
2539 4192 2837 4265 quemdam
2881 4186 3053 4244 animi
3102 4185 3448 4257 deponerent
3486 4194 3645 4236 erro-

2036 4310 2176 4362 rem,
2200 4288 2312 4365 quo
2361 4286 2667 4344 multitudo
2720 4284 2955 4340 deorum
2997 4279 3305 4346 colebatur,
3342 4283 3401 4331 et
3439 4272 3547 4329 ﬁde
3587 4273 3665 4351 in;

2035 4398 2167 4441 eum
2216 4380 2315 4454 qui
2343 4393 2493 4435 unus
2517 4386 2576 4433 et
2608 4382 2813 4432 natura
2851 4382 2910 4430 et
2931 4386 3064 4429 vere
3099 4371 3250 4426 Deus
3299 4375 3410 4433 est,
3433 4365 3648 4437 optime

2037 4475 2546 4540 conﬁrmarentur;
2594 4469 2835 4540 ideoque
2872 4466 3010 4538 ipsis
3051 4464 3146 4520 illa
3175 4461 3355 4536 prima
3383 4460 3475 4517 lex
3499 4473 3649 4531 prte-

2045 4569 2242 4627 fulsit:
2276 4567 2428 4640 «Ego
2457 4579 2583 4622 sum
2610 4552 2887 4620 Dominus
2915 4561 3064 4617 Deus
3086 4565 3237 4625 tuus,
3272 4555 3369 4628 qui
3399 4552 3566 4611 eduxi
3592 4560 3650 4610 te

310 4671 459 4742 πλὴν
492 4643 657 4742 ἐμοῦ.
684 4669 761 4723 Οὐ
787 4670 1041 4740 ποιήσεις
1063 4665 1284 4738 σεαυτῷ
1310 4664 1557 4733 εἴδωλον,
1585 4664 1711 4719 οὐδὲ
1730 4665 1923 4731 παντὸς

2042 4663 2112 4720 de
2147 4671 2295 4719 terra
2322 4658 2566 4733 (Egypti,
2593 4656 2663 4713 de
2686 4655 2855 4712 domo
2878 4651 3188 4709 servitutis.
3221 4648 3343 4706 Non
3357 4653 3523 4705 erunt
3548 4643 3650 4701 tibi

316 4762 580 4834 ὁμοίωμα
605 4760 713 4815 ὅσα
744 4760 804 4815 ὲν
832 4760 912 4832 τῷ
935 4746 1157 4832 ούρανῷ
1179 4758 1316 4825 ἀνω,
1350 4757 1448 4812 καὶ
1472 4758 1531 4811 ὲν
1552 4757 1620 4829 τῇ
1659 4759 1730 4829 γῇ
1763 4756 1939 4822 κάτω,

312 4856 414 4911 καὶ
452 4856 559 4909 ὃσα
587 4856 645 4909 εν
685 4854 805 4918 τοῖς
837 4852 1029 4939 ὓδρισιν
1061 4852 1322 4907 ὑποκάτω
1350 4850 1452 4925 τῆς
1486 4850 1593 4922 γῆς
1616 4892 1633 4918 ,
1664 4853 1726 4905 οὐ
1762 4866 1941 4923 προσ-

315 4949 586 5019 κυνήσεις
613 4946 825 5013 αὐτοῖς,
861 4945 971 5000 οὐδ’
1002 4945 1064 4999 οὐ
1099 4944 1176 5016 μὴ
1206 4942 1517 5015 λατρεύσῃς
1548 4944 1752 5009 αὐτοῖς.
1797 4944 1943 5015 Ἐγὼ

313 5042 431 5113 γάρ
459 5042 582 5112 είμι
610 5038 821 5111 Κύριος
849 5039 879 5091 ὁ
923 5036 1059 5102 Θεύς
1085 5053 1181 5090 σου
1208 5074 1224 5101 ,
1254 5035 1285 5089 δ
1313 5034 1449 5099 Θεὸς
1489 5035 1764 5109 ζηλωτὴς,
1800 5037 1944 5091 ἀπο-

314 5134 500 5199 διδοὺς
537 5130 826 5204 ἁμαρτίας
853 5129 1115 5198 πατέρων
1151 5127 1245 5182 ἐπὶ
1283 5127 1454 5182 τέκνα
1480 5127 1589 5188 ἕως
1620 5128 1817 5201 τρίτης
1842 5130 1941 5184 καὶ

314 5227 598 5299 τετάρτης
643 5224 844 5295 γενεᾶς
871 5224 988 5287 τοῖς
1025 5220 1250 5294 μισοῦσί
1297 5236 1404 5293 με’
1434 5222 1532 5276 καὶ
1567 5220 1740 5276 ποιῶν
1786 5222 1941 5287 ἔλεος

315 5325 399 5386 είς
432 5318 689 5393 χιλιάδας
730 5318 848 5381 τοῖς
888 5313 1151 5386 ἀγαπῶσι
1204 5331 1307 5387 με,
1347 5313 1446 5367 καὶ
1479 5311 1820 5383 φυλάσσουσι
1870 5314 1942 5369 τὰ

316 5410 738 5486 προστάγματα
766 5425 895 5482 μου.
935 5425 956 5460 ι
998 5406 1150 5462 Ἔδει
1175 5405 1311 5480 γὰρ,
1346 5405 1455 5461 ἔδει
1491 5405 1754 5479 σκληροῖς
1776 5423 1945 5462 κατα·

318 5505 616 5561 πτοεῖσθαι
640 5504 902 5575 δείμασι,
934 5502 1061 5566 τοὺς
1091 5499 1408 5573 ἀνεξίτητον
1448 5500 1744 5573 μέλλοντας
1772 5503 1945 5556 ποιεῖ-

321 5598 452 5653 σθαι
482 5598 590 5669 τὴν
617 5594 868 5667 ὲντολήνυ
895 5592 1189 5665 τοιγάρτοι
1211 5590 1306 5645 καὶ
1332 5590 1585 5666 ζηλωτὴν
1614 5593 1810 5649 ἑαυτὸν
1833 5594 1946 5649 ὀνο.

322 5693 496 5765 page:
534 5689 675 5745 Θεὸν
699 5730 715 5754 ,
744 5687 844 5744 καὶ
884 5685 1167 5760 ἁμαρτίας
1196 5685 1454 5758 πατέρων
1482 5685 1801 5741 ἐπιτιθέντα
1830 5689 1949 5754 τοῖς

320 5785 387 5853 ιε
411 5784 624 5848 αὐτῶν,
651 5782 707 5838 εί
723 5799 789 5852 γε
823 5780 948 5837 κατ’
986 5781 1235 5843 ἐκείνους
1261 5776 1471 5833 ἕλοιντο
1495 5777 1670 5851 βιοῦν,
1692 5778 1786 5836 καί
1811 5798 1946 5854 προ-

401 5973 581 6032 "15a.
608 5987 707 6040 vn,
731 5969 785 6028 9.
884 5969 931 6004 ⁸³
954 5967 1127 6027 Exod.
1154 5984 1245 6037 xx,
1268 5965 1303 6022 2
1324 5980 1482 6037 seqq.

2042 4759 2121 4815 dii
2152 4757 2246 4813 alii
2280 4764 2486 4829 praeter
2514 4769 2604 4810 me
2633 4770 2646 4806 :
2682 4766 2795 4807 non
2835 4748 3008 4804 facies
3031 4747 3133 4803 tibi
3156 4744 3263 4817 ipsi
3287 4742 3521 4809 idolum,
3546 4755 3651 4795 ne-

2046 4868 2156 4924 que
2184 4851 2359 4925 ullius
2390 4847 2475 4903 rei
2502 4846 2886 4912 simulacrum,
2911 4853 3255 4914 quascunque
3269 4837 3326 4893 in
3352 4835 3493 4892 coelo
3521 4839 3653 4889 sunt

2047 4926 2291 5010 sursum,
2323 4953 2381 4999 et
2417 4954 2768 5013 quaecunque
2804 4937 2863 4992 in
2911 4944 3060 4991 terra
3104 4932 3391 4996 deorsum,
3419 4935 3476 4984 et
3502 4941 3653 4997 qua:-

2049 5052 2271 5109 cunque
2287 5037 2346 5091 in
2368 5034 2529 5106 aquis
2559 5032 2665 5089 sub
2686 5039 2866 5086 terra:
2917 5043 3029 5083 non
3057 5022 3321 5080 adorabis
3354 5036 3440 5087 ea,
3465 5030 3652 5088 neque

2050 5133 2268 5190 servies
2290 5130 2422 5187 illis.
2457 5129 2573 5201 Ego
2608 5126 2761 5184 enim
2804 5139 2928 5182 sum
2981 5119 3252 5176 Dominus
3302 5115 3451 5171 Deus
3499 5120 3650 5178 tuus,

2050 5227 2199 5282 Deus
2224 5223 2450 5291 zelotes,
2479 5219 2724 5277 reddens
2762 5222 2989 5287 peccata
3019 5218 3242 5284 patrum
3284 5208 3340 5263 in
3372 5205 3537 5274 filios,
3562 5221 3651 5261 us-

2052 5334 2160 5391 que
2189 5316 2260 5373 ad
2288 5316 2512 5373 tertiam
2566 5319 2626 5369 et
2666 5315 2922 5382 quartam
2964 5304 3405 5380 generationem,
3458 5299 3527 5355 iis
3556 5297 3654 5371 qui

2050 5413 2295 5469 oderunt
2320 5425 2431 5476 me,
2462 5404 2625 5479 174
2640 5411 2698 5461 et
2718 5395 3386 5459 faeiensmisericordiam
3404 5394 3460 5450 in
3478 5392 3653 5449 millia

2053 5504 2126 5561 iis
2175 5502 2274 5576 qui
2310 5501 2555 5573 diligunt
2575 5511 2686 5565 me,
2712 5501 2770 5550 et
2795 5498 3022 5550 servant
3063 5495 3342 5563 praecepta
3372 5501 3498 5543 mea
3528 5484 3648 5539 ⁸³.)

2051 5595 2358 5670 Oportebat
2405 5592 2558 5650 enim
2605 5596 2669 5646 ut
2693 5587 2851 5645 duris
2902 5583 3211 5642 terroribus
3240 5596 3659 5639 commoveren-

2054 5668 2166 5757 tur,
2184 5685 2282 5759 qui
2308 5681 2571 5741 mandato
2595 5678 2811 5736 aditum
2846 5671 3177 5748 pmclusuri
3198 5677 3390 5738 erant;
3419 5668 3656 5736 ideoque

2052 5793 2110 5841 et
2149 5781 2388 5839 zelotem
2412 5791 2474 5836 se
2494 5775 2674 5834 Deum
2716 5768 2975 5845 appellat,
3005 5774 3064 5826 et
3085 5771 3314 5841 peccata
3356 5768 3656 5839 parentum
