4104 6488
477 449 576 504 Nl

1551 490 1563 502 .
1605 447 1884 505 CYI-llLLl
1919 449 2390 505 ALEXANDRINI
2428 450 2755 507 ARCIIIEP.

3651 444 3748 510 ΗΞ

480 570 674 625 liberis
697 570 981 642 imponere
1015 585 1075 627 se
1106 571 1270 638 dicit;
1309 570 1353 627 si
1383 578 1564 627 tamen
1599 573 1855 629 similiter
1903 584 2068 644 atque

2178 575 2406 641 γονικοῖς
2438 571 2771 642 ἁμιλλᾶσθαι
2797 572 3158 643 πταίσμασιντ
3188 567 3263 624 Οὐ
3291 569 3411 642 γάρ’
3430 569 3532 623 πού
3552 582 3767 642 φαμεν,

482 663 560 716 illi
600 663 807 730 vivere,
828 671 884 718 et
917 678 1045 717 cum
1074 662 1268 733 patriis
1290 672 1503 718 certare
1524 665 1702 736 culpis
1740 666 1931 722 velint.
1954 667 2062 721 Ne-

480 769 589 824 que
641 754 788 808 enim
834 753 1072 809 dicimus
1102 754 1160 810 in
1206 770 1316 810 eos
1376 754 1473 826 (ιυί
1499 756 1638 812 nihil
1706 758 2061 828 deliquerint,

481 856 705 915 peccata
728 854 1022 916 parentum
1045 846 1388 914 redundare;
1445 863 1570 903 cum
1624 848 1847 906 disertis
1881 850 2067 907 verbis

444 990 449 993 ,
480 943 714 991 testetur
737 937 943 991 Deuszc
975 938 1097 993 Non
1116 938 1426 994 morientur
1443 947 1632 1009 patres
1657 955 1759 1011 pro
1785 939 1932 1009 filiis,
1962 956 2065 998 ne-

480 1044 588 1097 que
620 1018 713 1082 ﬁlii
736 1022 836 1099 pro
859 1030 1113 1099 patribus
1139 1049 1152 1083 :
1188 1030 1569 1102 unusquisque
1601 1032 1659 1086 in
1708 1047 1810 1087 suo
1840 1040 2066 1102 peccato

481 1122 752 1178 morietur
784 1124 852 1179 “.
875 1145 894 1176 ι
927 1125 1059 1193 Sed,
1103 1126 1149 1181 si
1180 1139 1475 1197 parentum
1529 1130 1863 1186 sententiam
1904 1129 2068 1186 liberi

480 1224 806 1284 sequantur,
838 1232 904 1272 ac
927 1218 1121 1289 patria:
1163 1219 1462 1291 impietatis
1502 1220 1711 1278 fuerint
1739 1222 2064 1287 imitatores,

478 1308 735 1377 pervenit
754 1309 978 1365 interim
996 1311 1066 1368 ad
1091 1312 1240 1383 ipsos
1267 1329 1488 1384 quoque
1509 1314 1605 1368 Dei
1624 1314 1944 1387 indignatio.
1966 1318 2067 1381 Ac,

481 1400 529 1453 si
555 1399 774 1455 eveniat
797 1416 866 1456 ex
895 1402 1068 1473 ipsius
1088 1403 1253 1459 insita
1278 1405 1640 1476 benignitate,
1688 1413 1754 1460 ut
1778 1407 1943 1471 Deus,
1972 1404 2070 1475 qui

479 1501 566 1547 est
603 1508 771 1563 super
811 1497 1017 1563 omnia,
1064 1497 1262 1566 primis
1301 1498 1412 1552 illis
1449 1498 1697 1552 remittat
1718 1511 1911 1569 pugnas
1956 1516 1969 1552 :
2012 1505 2070 1553 at

479 1591 633 1638 certe
672 1585 931 1642 secundis
983 1589 1227 1655 tandem,
1266 1596 1363 1644 aut
1385 1590 1563 1645 tertiis
1596 1590 1974 1647 commeritum
2000 1590 2070 1645 ab

483 1675 641 1731 initio
678 1677 921 1733 debitam
949 1680 1117 1750 impio
1158 1682 1345 1752 generi
1391 1680 1558 1738 infert
1587 1683 1745 1738 iram.
1794 1683 2073 1755 Compulit

483 1764 655 1835 igitur
684 1782 781 1822 eos
810 1768 877 1823 ad
903 1769 1179 1838 timorem,
1213 1787 1341 1826 cum
1387 1788 1446 1827 se
1492 1773 1726 1828 zelotem
1771 1774 1947 1829 Deum
1971 1789 2072 1847 ap-

482 1857 748 1927 pellavit:
782 1860 891 1914 alia
920 1876 1140 1932 quoque
1174 1861 1392 1919 ratione
1436 1863 1663 1919 eosdem
1703 1864 1761 1919 in
1789 1864 1896 1921 ﬁde
1936 1882 2073 1922 con-

2169 666 2246 731 ὼς
2271 669 2386 730 τοῖς
2409 682 2473 735 γε
2500 666 2638 730 ὅλως
2667 665 2825 720 οὐδὲν
2854 664 3390 737 πεπλημμεληκόσιν
3414 667 3471 721 at
3502 666 3610 719 τῶν
3647 678 3758 721 πα-

2165 759 2341 828 τέρων
2364 760 2916 830 ὲγκατασκὴπτουσιν
2966 758 3259 829 ἁμαρτίαι,
3291 756 3386 812 καί
3418 772 3500 812 τοι
3525 758 3761 831 διαρῤὴ-

2166 850 2263 922 δην
2299 850 2743 923 ἀνακεκραγότος
2771 849 2912 905 Θεοῦ
2934 867 2950 886 ο
2994 868 3013 903 ι
3070 850 3186 904 Οὐκ
3217 850 3616 905 ἀποθανοῦνται
3654 863 3765 907 πα-

2165 942 2324 1014 τέρες
2353 942 2495 1014 ὑπὲρ
2520 944 2753 1010 τέκνων,
2789 941 2913 997 οὐδὲ
2949 943 3121 997 τέκνα
3150 943 3290 1013 ὑπὲρ
3316 941 3591 1012 πατέρων,
3631 942 3767 996 ἔκα-

2170 1052 2294 1100 στος
2327 1039 2396 1108 τῇ
2424 1035 2618 1091 ἑαυτοῦ
2652 1036 2900 1109 ἁμαρτίᾳ
2928 1035 3301 1091 ἀποθανεῖται.
3342 1053 3361 1088 ι
3404 1034 3545 1089 Ἀλλ’
3568 1036 3616 1088 εί
3640 1036 3768 1098 ταῖς

2167 1125 2277 1182 τῶν
2309 1124 2565 1198 πατέρων
2585 1126 2804 1182 ἕποιντο
2830 1126 3079 1199 γνώμαις
3112 1127 3163 1181 οί
3190 1126 3251 1193 ἐξ
3278 1126 3483 1192 αὐτῶν,
3510 1125 3609 1182 καὶ
3633 1143 3771 1195 προ-

2167 1217 2395 1289 γονικῆς
2428 1218 2750 1285 δυσσεϐείας
2768 1218 2978 1274 ἔσοιντο
3005 1219 3266 1292 ζηλωταὶ,
3303 1218 3624 1290 παρατείνει
3655 1235 3771 1271 που

2168 1309 2312 1381 τάχα
2341 1310 2439 1364 καὶ
2465 1311 2547 1375 είς
2572 1311 2772 1375 αὐτοὺς
2794 1312 2825 1365 ὁ
2851 1310 3042 1382 θυμός.
3070 1309 3190 1364 Κᾶν
3219 1311 3268 1363 εί
3301 1309 3512 1379 γένοιτό
3548 1325 3671 1372 πως
3704 1306 3772 1373 ἐξ

2170 1404 2414 1477 ἐμφύτου
2475 1404 2888 1477 φιλανθρωπίας
2941 1404 3150 1459 ἀνεῖναι
3199 1404 3314 1467 τοῖς
3372 1401 3611 1475 πρώτοις
3668 1400 3771 1455 τὸν

2173 1494 2317 1566 ὑπὲρ
2361 1493 2541 1549 πάντα
2567 1493 2721 1561 Θεὸν,
2769 1494 2830 1548 τὸ
2861 1492 3189 1559 κολάζεσθαι
3222 1493 3358 1561 δεῖν,
3395 1492 3512 1547 ἀλλ’
3546 1488 3639 1546 οὖν
3663 1492 3772 1563 ὀψὲ

2171 1590 2284 1652 τοῖς
2321 1586 2596 1660 δευτέροις
2618 1587 2787 1658 ἡγουν
2810 1589 2924 1651 τοῖς
2953 1586 3162 1657 τρίτοις
3191 1585 3390 1654 ἐπάγει
3417 1584 3519 1657 τὴν
3560 1585 3619 1638 ὲν
3658 1586 3772 1657 ἀρ-

2171 1683 2295 1753 χαῖς
2325 1680 2403 1752 τῷ
2443 1680 2654 1753 βεϐήλῳ
2677 1679 2827 1750 γένει
2854 1677 3174 1751 πρέπουσάν
3194 1694 3255 1732 τε
3287 1678 3384 1731 καὶ
3406 1677 3776 1749 ὀφειλομένην

2172 1774 2365 1846 ὀργήν.
2393 1772 2690 1828 Κατεσόϐει
2713 1770 2892 1826 τοίνυν
2917 1771 2996 1834 είς
3017 1771 3077 1824 τὸ
3104 1770 3390 1841 φοϐεῖσθαι
3414 1767 3492 1840 (1)
3509 1769 3640 1835 δεῖν,
3670 1769 3778 1840 ζη-

2175 1866 2355 1935 λωτὴν
2400 1865 2595 1919 ἑαυτὸν
2622 1863 2906 1935 ὀνομάζων
2947 1862 3081 1916 Θεόν
3100 1878 3113 1891 ·
3143 1861 3393 1915 ἐϐεϐαίου
3416 1876 3481 1930 γε
3520 1859 3627 1933 μὴν
3674 1862 3780 1914 καὶ

486 1948 742 2019 linmavit,
776 1953 1087 2023 pollicendo
1131 1954 1411 2009 facturum
1460 1971 1520 2011 se
1550 1957 1986 2012 misericordiam
2017 1958 2075 2013 in

2178 1958 2381 2030 ἑτέρως
2409 1958 2491 2022 είς
2521 1956 2704 2011 πίστιν
2734 1957 2933 2019 αὐτοὺς
2959 1998 2974 2021 ,
3008 1956 3185 2009 ποιεῖν
3220 1953 3483 2047 Denisi;
3516 1954 3776 2047 χιλιάδας

484 2039 656 2096 millia
692 2040 759 2096 iis
785 2042 879 2111 qui
913 2058 972 2097 se
999 2043 1310 2113 diligerent.
1342 2045 1443 2101 llis
1488 2045 1731 2101 vicinum
1757 2057 2078 2118 cognatum-

482 2146 590 2199 que
634 2133 965 2189 mandatum.
997 2130 1231 2206 adjecit;
1284 2136 1363 2190 ait
1404 2136 1587 2192 enim:
1641 2138 1798 2193 «Non
1839 2139 2077 2210 accipies

481 2235 680 2277 nomen
713 2224 929 2278 Domini
955 2226 1051 2279 Dei
1089 2226 1169 2280 tui
1208 2226 1261 2280 in
1289 2243 1535 2294 vanum;
1565 2244 1677 2283 non
1702 2230 1850 2285 enim
1883 2231 2077 2287 inson-

480 2318 591 2365 tem
616 2312 845 2368 habebit
865 2314 1133 2371 Dominus
1188 2333 1316 2372 eum
1366 2320 1461 2389 qui
1489 2320 1690 2390 accipit
1727 2302 1929 2377 nomen
1956 2323 2078 2394 ejus

481 2401 539 2457 in
558 2419 763 2459 vanum
792 2406 858 2460 ⁸⁵.
884 2426 902 2458 ι
942 2408 1059 2463 lloc
1089 2411 1343 2464 nonnulli
1384 2411 1682 2479 faciebant,
1709 2412 1875 2484 lignis
1907 2430 1972 2468 ac
1994 2414 2075 2469 la-

480 2495 705 2566 pidibus
744 2498 840 2552 Dei
879 2501 1305 2570 appellationem
1336 2501 1675 2570 tribuendo;
1707 2513 1764 2560 et
1798 2504 1933 2560 illud
1980 2520 2080 2561 no-

480 2602 629 2654 men,
662 2590 811 2659 quod
838 2600 927 2647 est
952 2607 1123 2663 super
1158 2609 1327 2650 omne
1383 2611 1612 2662 nomen,
1650 2598 1818 2653 stulte
1873 2598 1942 2653 ad
1977 2599 2080 2653 hu-

481 2697 658 2736 manae
677 2697 872 2737 manus
897 2683 1192 2739 artiﬁcium
1251 2694 1420 2757 atque
1448 2703 1672 2759 operam
1718 2689 2031 2761 dejiciendo
2060 2708 2075 2757 ;

481 2772 551 2827 de
571 2773 774 2842 quibus
809 2773 949 2829 dixit
970 2775 1114 2832 Deus
1143 2793 1244 2848 per
1265 2778 1418 2854 Isaia:
1449 2794 1644 2836 vocem
1671 2798 1684 2835 :
1726 2801 1745 2832 ι
1776 2782 2077 2853 Postquam

481 2864 648 2936 elegit
677 2864 832 2921 faber
860 2867 1094 2939 lignum,
1125 2871 1583 2927 constituitillud
1612 2872 1670 2927 in
1696 2888 1980 2942 mensura,
2022 2883 2080 2930 et

482 2954 692 3026 glutine
716 2959 1027 3030 composuit
1055 2960 1189 3016 illud
1229 2970 1291 3017 ut
1314 2962 1554 3018 formam
1582 2963 1709 3031 viri,
1745 2971 1802 3021 et
1852 2973 1913 3019 ut
1957 2964 2082 3036 pul-

482 3045 857 3104 chritudinem
891 3052 1154 3121 hominis,
1209 3063 1272 3110 ut
1298 3062 1571 3113 statueret
1622 3057 1759 3112 illud
1782 3058 1838 3113 in
1876 3057 2076 3127 domo;

482 3140 693 3195 excidit
730 3142 944 3214 lignum
969 3160 1001 3200 a
1041 3147 1200 3213 silva,
1232 3148 1383 3219 quod
1417 3149 1994 3220 plantavitDominus,
2022 3158 2081 3207 et

2177 2042 2609 2121 ὐπισχνούμενος
2653 2050 2768 2110 τοῖς
2800 2046 3090 2115 ἀγαπῶσιν
3128 2045 3312 2099 αὐτόν.
3360 2042 3680 2116 Προσετίθει
3713 2038 3781 2095 δὲ

2174 2141 2387 2206 τούτοις
2419 2139 2640 2209 γείτὸνά
2675 2154 2735 2192 τε
2763 2139 2856 2192 καὶ
2900 2137 3139 2208 ἀδελφὴν
3176 2136 3402 2206 ἐντολήν
3423 2152 3435 2164 ·
3479 2154 3499 2185 ι
3545 2134 3621 2187 Οὐ
3659 2133 3778 2204 γὰρ

2176 2231 2322 2303 λήψῃ
2341 2272 2356 2297 ,
2391 2231 2550 2301 φησὶ,
2581 2229 2643 2283 τὸ
2669 2229 2843 2301 ὃνομα
2880 2228 3086 2300 Κυρίου
3120 2226 3216 2311 τοῦ
3244 2224 3382 2280 Θεοῦ
3413 2243 3507 2279 σου
3534 2218 3631 2278 ἐπὶ
3665 2240 3782 2294 μα-

2176 2326 2318 2396 ταίῳ
2340 2340 2354 2353 ·
2388 2324 2450 2378 ού
2480 2323 2590 2394 γάρ
2622 2322 2697 2395 μὴ
2732 2321 3012 2394 καθαρίσῃ
3052 2320 3261 2393 Κύριος
3288 2319 3382 2373 τὸν
3422 2317 3782 2388 λαμϐάνοντα

2177 2418 2239 2472 τὸ
2266 2417 2437 2489 δνομα
2457 2414 2621 2470 αὐτοῦ
2646 2415 2743 2473 ἐπὶ
2773 2413 3040 2486 ματαίῳ.»
3080 2411 3252 2466 Τοῦτό
3283 2422 3428 2474 τινες
3456 2408 3652 2480 ἔδρων,
3680 2405 3783 2473 ξύ-

2178 2509 2295 2573 λοις
2323 2526 2385 2563 τε
2416 2509 2512 2563 καὶ
2550 2507 2721 2570 λίθοις
2746 2506 2846 2577 τὴν
2883 2505 2980 2559 τοῦ
3006 2503 3144 2559 Θεοῦ
3173 2503 3366 2574 κλῆσιν
3396 2501 3737 2563 άνάπτοντες
3756 2540 3774 2565 ,

2179 2601 2274 2654 καὶ
2301 2600 2394 2654 τὸν
2431 2598 2574 2670 ὑπὲρ
2597 2598 2705 2651 πᾶν
2729 2598 2901 2669 δνομα
2932 2593 3395 2665 κατακομίζοντες
3422 2592 3652 2664 ἀμαθῶς
3690 2592 3782 2656 είς

2179 2694 2532 2767 ἀνθρωπίνης
2575 2691 2759 2764 χειρὸς
2789 2688 3165 2760 φιλοτέχνημα
3192 2704 3254 2741 τε
3286 2687 3380 2741 καὶ
3407 2686 3586 2740 πόνον.
3622 2686 3778 2756 Ἔφη

2172 2787 2237 2840 δέ
2267 2803 2371 2841 που
2395 2786 2523 2858 περὶ
2546 2784 2726 2839 αὐτῶν
2747 2783 2835 2837 διὰ
2859 2781 3045 2852 φωνῆς
3073 2780 3300 2834 Ἡσαΐου
3324 2779 3461 2843 Θεός
3478 2797 3490 2808 ·
3523 2798 3541 2830 ι
3582 2778 3778 2832 Ἐκλε-

2182 2878 2418 2950 ξάμενος
2452 2877 2664 2931 τέκτων
2693 2873 2850 2940 ξύλον
2869 2915 2883 2939 ,
2910 2872 3140 2944 ἔστησεν
3167 2871 3301 2926 αὐτὸ
3334 2872 3392 2924 ὲν
3424 2870 3609 2942 μέτρῳ
3630 2910 3644 2934 ,
3676 2869 3782 2925 καὶ

2180 2972 2241 3027 ὲν
2289 2971 2454 3042 κόλλῃ
2498 2966 2837 3042 ἓρῤύθμισεν
2881 2963 3035 3033 αὐτὸ,
3090 2963 3186 3018 καὶ
3227 2961 3484 3032 ἐποίησεν
3524 2960 3663 3016 αὐτὸ
3694 2960 3780 3024 ὡς

2185 3063 2402 3138 μορφὴν
2432 3060 2651 3132 ἀνδρὸς,
2685 3059 2783 3114 καὶ
2809 3057 2887 3122 ὡς
2911 3054 3226 3128 ὡραιότητα
3245 3051 3537 3124 ἀνθρώπου
3571 3052 3778 3123 στῆσαι

2178 3156 2317 3212 αὐτὸ
2336 3157 2396 3210 ὲν
2424 3154 2559 3225 οῖκὶρ
2579 3171 2595 3186 ο
2620 3150 2784 3221 ἔκοψε
2813 3148 2969 3216 ξύλον
2997 3150 3064 3202 ὲκ
3083 3143 3179 3200 τοῦ
3204 3142 3414 3216 δρυμοῦ
3440 3143 3473 3197 δ
3500 3142 3778 3213 ἐφύτευσε

483 3232 663 3289 imber
688 3237 859 3304 auxit,
893 3247 955 3294 ut
977 3238 1050 3296 sit
1082 3241 1402 3299 hominibus
1428 3244 1485 3300 in
1509 3245 1991 3314 combustionem;
2023 3257 2075 3303 et

2183 3250 2392 3322 Κύριος
2415 3287 2430 3312 ,
2479 3246 2577 3301 καὶ
2603 3242 2759 3306 ὑετὸς
2810 3242 3110 3313 ὲμήκυνεν,
3141 3236 3231 3340 ἵνα
3272 3231 3661 3340 ᾔ’ά¹νθρώποις
3688 3235 3782 3336 είς

484 3328 766 3400 accipiens
799 3332 870 3387 ab
912 3332 1007 3390 illo
1036 3335 1337 3392 calefactus
1364 3345 1451 3393 est
1476 3354 1490 3391 :
1540 3346 1600 3393 et
1627 3338 1958 3395 accedentes
1980 3354 2076 3395 co-

480 3432 683 3479 xerunt
712 3440 883 3497 panes
913 3442 1082 3499 super
1106 3429 1279 3500 ipsis.
1317 3429 1385 3485 de
1420 3430 1635 3502 reliquo
1667 3447 1802 3488 vero
1828 3432 2082 3488 fecerunt

482 3513 638 3579 deos,
655 3525 710 3572 et
745 3517 978 3574 adorant
1037 3521 1161 3576 illos
1196 3522 1261 3577 ⁵ο.
1296 3542 1314 3574 ›
1353 3522 1422 3578 Et
1448 3532 1572 3594 post
1616 3524 1761 3580 alia:
1815 3545 1834 3577 ι
1859 3524 2077 3598 Cogno-

483 3608 622 3663 scite
678 3608 806 3677 quia
849 3610 991 3665 cinis
1038 3620 1125 3668 est
1166 3628 1262 3667 cor
1295 3628 1514 3681 eorum,
1550 3622 1608 3669 et
1652 3624 1841 3671 errant
1861 3617 1929 3671 ".
1961 3635 1980 3669 ι
2010 3616 2079 3673 Hi

484 3696 765 3768 accipiunt
797 3716 998 3757 nomen
1024 3703 1244 3770 Domini
1287 3706 1343 3759 in
1370 3721 1598 3761 vanum.
1654 3700 1953 3776 Caeterum,
1981 3708 2077 3779 qni

480 3791 595 3861 jam
633 3807 664 3846 e
708 3792 914 3849 diaboli
959 3788 1174 3866 laqueis
1191 3796 1467 3864 exierunt,
1490 3813 1554 3854 ac
1577 3799 1751 3855 Deum
1773 3815 1967 3856 verum
1987 3816 2080 3856 co-

486 3890 820 3951 gnoverunt,
853 3876 1013 3956 175
1036 3900 1133 3941 eos
1161 3902 1363 3943 censeo
1388 3903 1497 3943 non
1527 3889 1730 3945 debere
1756 3890 1826 3946 ad
1864 3890 2079 3962 ineptas

491 3970 890 4044 intelligentias
940 3975 1307 4033 claudicando
1344 3977 1474 4044 labi,
1531 3994 1711 4049 neque
1766 3978 1821 4033 in
1870 3979 1973 4034 hac
2019 3994 2078 4034 re

486 4062 815 4134 degenerem
863 4081 1090 4122 sensum
1125 4069 1294 4124 stulte
1327 4072 1642 4142 complecti,
1686 4070 1741 4126 in
1795 4087 1919 4127 eam
1953 4071 2076 4143 opi—

483 4157 708 4237 nionem
738 4158 1027 4227 adductos,
1060 4170 1122 4217 ut
1140 4161 1279 4217 alios
1297 4172 1598 4234 agnoscant
1620 4160 1774 4232 deos,
1802 4172 1899 4220 aut
1927 4172 2079 4220 certe

486 4248 831 4305 arbitrentur
885 4253 1114 4309 omnino
1164 4256 1434 4326 quosdam
1482 4274 1625 4323 esse,
1673 4266 1877 4329 praeter
1947 4273 2077 4313 eum

486 4341 583 4411 qui
654 4358 800 4398 unus
837 4352 894 4399 ct
925 4361 1094 4402 verus
1130 4348 1222 4403 sit.
1279 4348 1437 4403 (Etsi
1490 4349 1638 4404 enim
1690 4349 1948 4405 dicantur
1998 4349 2076 4404 dii

486 4435 761 4504 nonnulli,
810 4454 875 4493 ac
907 4439 1137 4507 domini,
1176 4450 1233 4498 et
1262 4443 1321 4498 in
1361 4442 1523 4509 coelo,
1563 4450 1619 4498 et
1663 4443 1721 4498 in
1754 4451 1902 4498 terra
1937 4461 1950 4496 :
1983 4443 2079 4499 sed

486 4526 650 4582 nobis
706 4544 849 4583 unus
878 4531 1042 4600 Deus,
1076 4533 1240 4589 Pater
1263 4550 1484 4604 nempe,
1514 4550 1582 4589 ex
1605 4548 1716 4604 quo
1762 4534 1969 4601 omnia,
2023 4542 2081 4590 et

2187 3338 2406 3403 καῦσιν,
2440 3336 2536 3391 καὶ
2564 3332 2744 3389 λαϐὼν
2784 3330 2880 3386 ἀπ’
2917 3328 3109 3394 αὐτοῦ,
3141 3323 3484 3398 ὲθερμάνθη,
3513 3324 3608 3377 καὶ
3636 3322 3744 3377 καύ
3768 3352 3787 3362 ο

2186 3447 2378 3494 σαντες
2412 3426 2618 3498 mea
2660 3423 2863 3496 ἄρτους
2887 3422 2975 3475 ἐπ’
3018 3417 3201 3474 αὐτῶν
3220 3435 3233 3448 ·
3265 3415 3331 3472 τὸ
3353 3414 3411 3468 δὲ
3445 3414 3632 3470 λοιπὸν
3660 3416 3785 3486 clp-

2184 3523 2430 3593 γάσαντο
2457 3520 2538 3582 είς
2558 3518 2745 3582 θεοὺς,
2771 3514 2866 3569 καὶ
2907 3509 3308 3584 προσκυνοῦσιν
3348 3510 3555 3572 αὐτοῖς.
3603 3525 3624 3559 ι
3664 3508 3784 3562 Καὶ

2189 3614 2309 3687 μεθ’
2330 3614 2495 3684 lupa
2518 3627 2534 3644 ’
2558 3630 2580 3663 ι
2606 3606 2813 3673 Γνῶτε,
2840 3606 2924 3660 δτι
3169 3603 3204 3674 ἡ
3235 3601 3429 3672 καρδία
3450 3599 3652 3667 αὐτῶν,
3677 3600 3782 3653 καὶ

2185 3703 2519 3760 πλανῶνται.
2575 3718 2593 3752 ι
2646 3692 2808 3754 Οὗτοι
2842 3692 3182 3766 λαμϐάνουσι
3231 3690 3294 3744 τὸ
3355 3689 3529 3760 ὄνομα
3566 3688 3785 3759 Κυρίου

2183 3798 2278 3852 ἐπὶ
2309 3792 2548 3867 ματαίῳ.
2605 3788 2746 3844 Ἀλλ’
2780 3782 2938 3859 οἶμαι
2973 3784 3083 3837 δεῖν
3116 3781 3244 3844 τοὺς
3274 3780 3329 3835 οῖ
3353 3797 3418 3851 γε
3458 3780 3644 3834 λοιπὸν
3670 3778 3786 3843 ἔξω

2184 3906 2244 3944 τε
2277 3888 2464 3957 πάγης
2500 3881 2756 3953 γεγόνασι
2796 3875 3112 3947 δωϐολικῆς
3136 3914 3151 3941 ,
3179 3873 3274 3928 καὶ
3311 3871 3447 3927 Θεὸν
3496 3869 3783 3941 ἐγνώκασι

2183 3980 2275 4033 τὸν
2303 3974 2581 4049 ἀληθινὸν,
2612 3970 2688 4044 μὴ
2716 3971 2796 4035 εὶς
2844 3965 3063 4040 ψυχρὰς
3090 3963 3344 4029 ὀκλάζειν
3374 3962 3605 4026 ἐννοίας,
3638 3964 3783 4033 μήτε

2184 4073 2295 4143 μὴν
2335 4069 2397 4122 τὸ
2436 4066 2663 4136 ἀγεννὲς
2696 4063 2753 4117 ἐν
2791 4078 2855 4131 γε
2893 4060 2959 4131 δὴ
2998 4058 3174 4130 τούτῳ
3220 4058 3389 4129 τιμᾷν
3439 4055 3736 4126 φληνάφως
3757 4093 3779 4118 ,

2182 4158 2609 4232 ἁνθελκομένους
2623 4157 2703 4220 είς
2724 4153 2787 4208 τὸ
2806 4153 2915 4207 δεῖν
2935 4151 3159 4223 ἑτέρους
3189 4149 3389 4204 ειδέναι
3406 4147 3583 4211 θεοὺς,
3607 4147 3781 4219 ἡγουν

2182 4252 2391 4309 οἴεσθαί
2422 4267 2575 4314 τινας
2606 4245 2876 4319 ὑπάρχειν
2901 4242 3040 4307 ὅλως
3077 4240 3231 4312 παρὰ
3263 4239 3356 4295 τὸν
3385 4238 3483 4293 ἕνα
3516 4239 3613 4293 καὶ
3636 4236 3778 4309 άλη-

2184 4346 2328 4410 θῶς.
2364 4365 2383 4398 ι
2437 4344 2502 4397 El
2531 4342 2640 4412 γὰρ
2668 4339 2763 4393 καὶ
2813 4334 3057 4406 λέγοιντό
3089 4350 3236 4396 τινες
3262 4331 3381 4386 θεοὶ
3422 4332 3520 4386 καί
3550 4329 3778 4401 κύριοι,

2181 4438 2239 4492 ἔν
2264 4454 2325 4491 τε
2356 4433 2434 4507 τῷ
2469 4429 2704 4504 οὐρανῷ,
2748 4425 2844 4483 καλ
2876 4426 2969 4480 ἐπὶ
3000 4424 3125 4495 γῆς,
3150 4423 3266 4478 ἀλλ’
3290 4423 3426 4493 ἡμῖν
3455 4418 3537 4485 εἷς
3559 4419 3717 4484 Θεὸς,
3748 4420 3783 4472 ὁ

2183 4530 2398 4602 Πατὴρ,
2431 4527 2491 4595 ἐξ
2519 4517 2580 4579 οὗ
2615 4523 2684 4577 τὰ
2710 4522 2889 4577 πάντα
2926 4519 3024 4573 καὶ
3044 4518 3208 4590 ἡμεῖς
3240 4517 3321 4579 είς
3343 4515 3509 4569 αὐτόν
3533 4530 3547 4545 θ
3573 4511 3673 4566 καὶ
3694 4507 3786 4576 εἷς

486 4621 666 4681 nosin
688 4622 870 4690 illum;
912 4633 968 4679 et
990 4641 1137 4680 unus
1171 4626 1441 4680 Dominus
1476 4626 1639 4682 Jesus
1676 4625 1956 4692 Christus,
1980 4642 2075 4697 per

2185 4623 2385 4695 Κύριος
2422 4616 2629 4691 Ἰησοῦς
2658 4614 2915 4688 Χριστὸς,
2947 4610 3014 4664 δι’
3042 4604 3103 4665 οὗ
3130 4607 3212 4697 ¹τὰ
3239 4608 3419 4697 πάντα
3443 4650 3458 4675 ,
3491 4605 3587 4661 καὶ
3611 4606 3785 4677 ἡμεῖς

484 4725 651 4780 quem
690 4714 893 4781 omnia,
921 4726 977 4772 et
1005 4732 1109 4771 nos
1159 4732 1260 4787 per
1302 4717 1513 4787 ipsum;
1555 4723 1614 4772 et
1661 4732 1806 4772 unus
1837 4716 2080 4787 Spiritus

486 4811 733 4872 sanctus,
775 4806 832 4861 in
870 4822 981 4877 quo
1011 4806 1221 4873 omnia,
1262 4814 1320 4862 et
1366 4822 1469 4862 nos
1516 4807 1573 4862 in
1600 4806 1721 4877 ipso
1739 4807 1805 4863 ⁸³.
1837 4827 1856 4860 ι
1885 4808 2078 4881 Neque

485 4895 635 4949 enim
669 4895 978 4954 divinitatis
1011 4905 1267 4954 naturam
1302 4897 1356 4953 in
1404 4900 1583 4956 solum
1616 4917 1789 4956 unum
1818 4894 1993 4958 Deum
2021 4912 2079 4960 et

485 4988 703 5044 Patrem
725 4990 954 5047 Judaice
978 4993 1408 5059 contrahemus;
1481 4993 1581 5049 sed
1621 4994 1773 5050 illam
1807 4995 2082 5066 quodam-

486 5080 652 5135 modo
697 5082 978 5137 dilatando
1024 5082 1081 5137 in
1133 5094 1379 5141 sanctam
1435 5087 2076 5161 consubstantialemque

486 5170 834 5241 Trinitatem,
883 5183 1048 5244 atque
1082 5183 1197 5230 tum
1222 5192 1584 5247 personarum
1639 5181 1929 5252 qualitate,
1958 5190 2074 5237 tum

487 5262 797 5335 bypostasis
818 5266 1160 5337 proprietate
1182 5269 1596 5343 distinguendo,
1616 5274 1688 5329 in
1721 5289 1897 5329 unum
1946 5290 2074 5329 rur-

487 5369 581 5411 sus
638 5355 812 5410 Deum
867 5359 1279 5429 contrahemus,
1328 5372 1554 5434 propter
1598 5364 1849 5421 eamdem
1905 5364 2076 5419 trium

487 5446 882 5517 substantiam;
918 5451 1095 5523 etipsi
1124 5454 1452 5519 serviemus,
1482 5457 1778 5529 ipsumque
1809 5457 2076 5513 adorabi-

486 5552 629 5606 mus,
659 5539 965 5599 invocando
997 5544 1213 5602 Patrem
1241 5555 1298 5603 et
1330 5547 1531 5603 Filium
1559 5565 1625 5605 ac
1650 5550 1919 5621 Spiritum
1947 5565 2079 5606 san-

487 5636 659 5686 ctum.
703 5650 722 5684 ι
744 5633 866 5690 Non
889 5636 1038 5692 enim
1076 5650 1259 5708 erunt,
1289 5661 1306 5691 ι
1345 5641 1544 5711 inquit,
1578 5662 1597 5693 ι
1639 5641 1718 5697 dii
1753 5631 1847 5697 alii
1878 5651 2080 5713 praeter

2181 4716 2250 4773 δι’
2274 4691 2444 4770 αὐτοῦ
2470 4727 2483 4741 ο
2524 4711 2619 4765 καὶ
2635 4708 2693 4762 ἓν
2730 4705 2960 4777 Πνεῦμα
2976 4691 3162 4773 άγιον,
3188 4701 3249 4754 ὲν
3271 4693 3317 4770 ᾧ
3338 4699 3411 4755 τά
3443 4699 3648 4764 πάντα,
3679 4698 3785 4753 καὶ

2182 4811 2347 4882 ἡμεῖς
2374 4809 2434 4861 ὲν
2465 4801 2634 4874 αὐτῷ.
2673 4820 2692 4852 ι
2730 4800 2973 4853 Ἤκιστα
2998 4797 3099 4869 μὲν
3128 4793 3240 4866 γὰρ
3270 4793 3372 4865 τὴν
3396 4793 3495 4861 τῆς
3519 4791 3785 4862 θεότητος

2182 4902 2348 4974 φύσιν
2372 4895 2741 4967 συστελοῦμεν
2774 4889 3099 4955 Ἰουδαϊκῶς,
3120 4889 3207 4952 τίς
3228 4886 3386 4958 μόνον
3407 4884 3505 4940 τὸν
3528 4883 3628 4938 ἕνα
3644 4883 3785 4939 Θεὸν

2182 4995 2281 5050 καὶ
2325 4982 3032 5059 Πατέρα,’κατευρύνοντες
3066 4980 3128 5036 δὲ
3177 4979 3370 5051 ὥσπερ
3410 4978 3496 5041 εις
3523 4977 3689 5047 ἁγίαν
3722 4993 3785 5030 τε

2188 5083 2281 5140 καὶ
2315 5078 2603 5154 ὁμοούσιον
2628 5075 2838 5149 Τριάδα
2861 5090 2875 5104 ·
2911 5073 3137 5144 καὶμὴν
3162 5072 3259 5126 καὶ
3282 5068 3594 5142 προσώπων
3629 5067 3789 5122 ποιό-

2184 5193 2331 5248 τητι,
2386 5173 2483 5228 καὶ
2529 5169 2886 5232 ὑποστάσεως
2940 5166 3167 5234 ἰδιότητι
3219 5161 3648 5224 διαστέλλοντες,
3700 5161 3788 5223 εἰς

2182 5273 2280 5326 ἕνα
2315 5269 2381 5340 δὴ
2421 5264 2586 5321 πάλιν
2631 5258 2997 5330 συστελοῦμεν
3030 5256 3185 5321 Θεὸν,
3212 5255 3303 5310 διὰ
3347 5255 3410 5308 τὸ
3453 5254 3555 5325 τῆς
3589 5253 3786 5316 οὐσίας

2180 5361 2396 5423 ταυτὸν,
2417 5358 2512 5412 καὶ⁵
2532 5352 2684 5424 αὐτῷ
2703 5349 3100 5423 λατρεύσομεν,
3124 5347 3274 5418 αύτῷ
3296 5344 3782 5419 προσκυνήσομεν.

2181 5449 2601 5520 ἐπικαλούμενοι
2623 5445 2715 5499 τὸν
2730 5443 2956 5515 Πατέρα
2976 5440 3175 5496 καὶτὸν
3197 5439 3326 5493 Υίὸν
3348 5438 3445 5492 καὶ
3464 5437 3527 5491 τὸ
3549 5435 3780 5503 Πνεῦμα

2180 5546 2243 5601 τὸ
2261 5543 2439 5612 ἅγιον.
2462 5562 2482 5594 ι
2505 5540 2582 5594 υύ
2603 5538 2713 5609 γὰρ
2742 5535 2979 5597 ἔσονται,
3008 5552 3027 5585 ι
3058 5533 3214 5604 φησὶ,
3235 5550 3254 5583 ι
3289 5530 3404 5584 θεοὶ
3426 5529 3607 5601 ἕτεροι
3638 5528 3783 5599 πλὴν

2192 5637 2350 5710 ὲμοῦο
2395 5654 2413 5686 ι
2456 5632 2553 5688 καὶ
2579 5631 2741 5685 πάλιν
2766 5646 2782 5662 ο
2821 5648 2840 5681 ι
2884 5627 3091 5699 Κύριον
3120 5625 3213 5679 τὸν
3242 5623 3375 5678 Θεόν
3408 5639 3503 5677 σου
3537 5638 3784 5695 προσκο-

557 5817 605 5849 ”
628 5818 788 5874 Deut.
817 5834 960 5884 xxrv,
1000 5820 1085 5879 16.
1164 5824 1211 5856 ⁸⁵
1237 5822 1409 5878 Exod.
1438 5839 1527 5889 xx,
1551 5825 1604 5877 '7.
1682 5826 1729 5857 υ
1760 5824 1863 5877 lsa.
1890 5837 2031 5887 μιν,
2061 5818 2128 5875 12
2151 5834 2306 5889 seqq.
2377 5818 2420 5849 ⁵⁷
2442 5813 2607 5879 lbid.,
2640 5812 2729 5867 ‘20.
2808 5810 2854 5842 “
2892 5808 2913 5864 Ι
2938 5808 3066 5865 Cor.
3095 5821 3210 5871 vm,
3236 5805 3291 5870 5,
3319 5802 3375 5859 6.

562 5929 643 6008 (1)
679 5934 770 5993 Sic
794 5936 915 5994 cod.
942 5936 1061 5994 Vat.
1090 5953 1104 6007 ;
1138 5935 1327 5993 Sirlcti
1356 5943 1560 6005 autem,
1596 5936 1674 6001 εἰς
1697 5936 1757 5991 τὸ
1778 5934 2073 6008 ἐρηρεῖσθα

2186 5930 2565 6001 dﬁrmitatcm,
2593 5942 2708 5985 non
2738 5923 2899 5980 ntalc.

2383 6084 2411 6133 κ
