  <div class='ocr_page' id='page_1' title='image "/cluster/home/n/w/nwhite01/storage/ocr_20150623/68:no.1/coo.31924054869742/215.png"; bbox 0 0 4104 6458; ppageno 0'>
   <div class='ocr_carea' id='block_1_1' title="bbox 567 430 672 486">
    <p class='ocr_par' dir='ltr' id='par_1_1' title="bbox 567 430 672 486">
     <span class='ocr_line' id='line_1_1' title="bbox 567 430 672 486; baseline 0 -1"><span class='ocrx_word' id='word_1_1' title='bbox 567 430 672 486; x_wconf 72' lang='grc' dir='ltr'>ιίιό</span> 
     </span>
    </p>
   </div>
   <div class='ocr_carea' id='block_1_2' title="bbox 1615 423 2866 486">
    <p class='ocr_par' dir='ltr' id='par_1_2' title="bbox 1615 423 2866 486">
     <span class='ocr_line' id='line_1_2' title="bbox 1615 423 2866 486; baseline -0.003 -2"><span class='ocrx_word' id='word_1_2' title='bbox 1615 428 1670 485; x_wconf 83' lang='lat' dir='ltr'>S.</span> <span class='ocrx_word' id='word_1_3' title='bbox 1713 427 1992 486; x_wconf 76' lang='lat' dir='ltr'><strong>CYRILLI</strong></span> <span class='ocrx_word' id='word_1_4' title='bbox 2032 423 2506 483; x_wconf 72' lang='lat' dir='ltr'><strong>ALEXANDRINI</strong></span> <span class='ocrx_word' id='word_1_5' title='bbox 2545 423 2866 482; x_wconf 75' lang='lat' dir='ltr'><strong>ARCHIEP;</strong></span> 
     </span>
    </p>
   </div>
   <div class='ocr_carea' id='block_1_3' title="bbox 3763 424 3864 481">
    <p class='ocr_par' dir='ltr' id='par_1_3' title="bbox 3763 424 3864 481">
     <span class='ocr_line' id='line_1_3' title="bbox 3763 424 3864 481; baseline 0.01 -1"><span class='ocrx_word' id='word_1_6' title='bbox 3763 424 3864 481; x_wconf 68' lang='grc' dir='ltr'><strong>μϐ</strong></span> 
     </span>
    </p>
   </div>
   <div class='ocr_carea' id='block_1_4' title="bbox 565 537 2154 616">
    <p class='ocr_par' dir='ltr' id='par_1_4' title="bbox 565 542 2154 616">
     <span class='ocr_line' id='line_1_4' title="bbox 565 542 2154 616; baseline -0.004 -14"><span class='ocrx_word' id='word_1_7' title='bbox 565 547 702 602; x_wconf 89' lang='lat' dir='ltr'><strong>ritui</strong></span> <span class='ocrx_word' id='word_1_8' title='bbox 736 543 925 616; x_wconf 67' lang='lat' dir='ltr'><strong>gratie</strong></span> <span class='ocrx_word' id='word_1_9' title='bbox 959 546 1352 601; x_wconf 69' lang='lat' dir='ltr'><strong>contumeliam</strong></span> <span class='ocrx_word' id='word_1_10' title='bbox 1392 545 1658 613; x_wconf 82' lang='lat' dir='ltr'><strong>facerent,</strong></span> <span class='ocrx_word' id='word_1_11' title='bbox 1716 547 1772 600; x_wconf 90' lang='lat' dir='ltr'><strong>in</strong></span> <span class='ocrx_word' id='word_1_12' title='bbox 1801 561 1911 616; x_wconf 92' lang='lat' dir='ltr'><strong>quo</strong></span> <span class='ocrx_word' id='word_1_13' title='bbox 1951 542 2154 600; x_wconf 85' lang='lat' dir='ltr'><strong>sancti-</strong></span> 
     </span>
    </p>
   </div>
   <div class='ocr_carea' id='block_1_5' title="bbox 2257 537 3868 616">
    <p class='ocr_par' dir='ltr' id='par_1_5' title="bbox 2264 537 3868 612">
     <span class='ocr_line' id='line_1_5' title="bbox 2264 537 3868 612; baseline 0.001 -17"><span class='ocrx_word' id='word_1_14' title='bbox 2264 541 2644 612; x_wconf 83' lang='grc' dir='ltr'>ἡγιάσθησαν,</span> <span class='ocrx_word' id='word_1_15' title='bbox 2681 541 2775 594; x_wconf 75' lang='grc' dir='ltr'><strong>καὶ</strong></span> <span class='ocrx_word' id='word_1_16' title='bbox 2803 539 3059 609; x_wconf 82' lang='grc' dir='ltr'>γεγόνασι</span> <span class='ocrx_word' id='word_1_17' title='bbox 3105 539 3204 609; x_wconf 72' lang='grc' dir='ltr'>τῆς</span> <span class='ocrx_word' id='word_1_18' title='bbox 3245 539 3394 602; x_wconf 82' lang='grc' dir='ltr'>θείας</span> <span class='ocrx_word' id='word_1_19' title='bbox 3423 537 3636 606; x_wconf 72' lang='grc' dir='ltr'>ςὺσεως</span> <span class='ocrx_word' id='word_1_20' title='bbox 3671 552 3868 596; x_wconf 81' lang='grc' dir='ltr'>κοινω-</span> 
     </span>
    </p>
   </div>
   <div class='ocr_carea' id='block_1_6' title="bbox 566 628 2151 709">
    <p class='ocr_par' dir='ltr' id='par_1_6' title="bbox 566 628 2151 709">
     <span class='ocr_line' id='line_1_6' title="bbox 566 628 2151 709; baseline -0.001 -17"><span class='ocrx_word' id='word_1_21' title='bbox 566 638 738 702; x_wconf 79' lang='lat' dir='ltr'><strong>iicati,</strong></span> <span class='ocrx_word' id='word_1_22' title='bbox 771 628 1083 708; x_wconf 67' lang='lat' dir='ltr'><strong>divinaeque</strong></span> <span class='ocrx_word' id='word_1_23' title='bbox 1109 648 1324 694; x_wconf 73' lang='lat' dir='ltr'><strong>naturae</strong></span> <span class='ocrx_word' id='word_1_24' title='bbox 1370 640 1673 709; x_wconf 75' lang='lat' dir='ltr'><strong>participes</strong></span> <span class='ocrx_word' id='word_1_25' title='bbox 1713 639 1844 694; x_wconf 82' lang='lat' dir='ltr'><strong>facti</strong></span> <span class='ocrx_word' id='word_1_26' title='bbox 1903 645 2062 692; x_wconf 89' lang='lat' dir='ltr'><strong>erant</strong></span> <span class='ocrx_word' id='word_1_27' title='bbox 2085 637 2151 690; x_wconf 79' lang='grc'><strong>⁸⁸.</strong></span> 
     </span>
    </p>
   </div>
   <div class='ocr_carea' id='block_1_7' title="bbox 571 730 2156 804">
    <p class='ocr_par' dir='ltr' id='par_1_7' title="bbox 571 730 2156 804">
     <span class='ocr_line' id='line_1_7' title="bbox 571 730 2156 804; baseline -0.001 -17"><span class='ocrx_word' id='word_1_28' title='bbox 571 732 796 787; x_wconf 76' lang='lat' dir='ltr'><strong>Utenim</strong></span> <span class='ocrx_word' id='word_1_29' title='bbox 826 731 1081 800; x_wconf 76' lang='lat' dir='ltr'><strong>militem,</strong></span> <span class='ocrx_word' id='word_1_30' title='bbox 1115 733 1209 802; x_wconf 89' lang='lat' dir='ltr'><strong>qui</strong></span> <span class='ocrx_word' id='word_1_31' title='bbox 1239 733 1492 804; x_wconf 76' lang='lat' dir='ltr'><strong>clypeum</strong></span> <span class='ocrx_word' id='word_1_32' title='bbox 1519 733 1805 803; x_wconf 83' lang='lat' dir='ltr'><strong>abjecerit,</strong></span> <span class='ocrx_word' id='word_1_33' title='bbox 1837 747 1902 786; x_wconf 88' lang='lat' dir='ltr'><strong>ac</strong></span> <span class='ocrx_word' id='word_1_34' title='bbox 1923 730 1990 786; x_wconf 91' lang='lat' dir='ltr'><strong>de</strong></span> <span class='ocrx_word' id='word_1_35' title='bbox 2013 745 2156 800; x_wconf 68' lang='lat' dir='ltr'><strong>pras-</strong></span> 
     </span>
    </p>
   </div>
   <div class='ocr_carea' id='block_1_8' title="bbox 567 821 2156 896">
    <p class='ocr_par' dir='ltr' id='par_1_8' title="bbox 567 821 2156 896">
     <span class='ocr_line' id='line_1_8' title="bbox 567 821 2156 896; baseline -0.001 -18"><span class='ocrx_word' id='word_1_36' title='bbox 567 825 641 878; x_wconf 87' lang='lat' dir='ltr'><strong>lio</strong></span> <span class='ocrx_word' id='word_1_37' title='bbox 681 824 905 893; x_wconf 83' lang='lat' dir='ltr'><strong>fugerit,</strong></span> <span class='ocrx_word' id='word_1_38' title='bbox 951 824 1210 880; x_wconf 88' lang='lat' dir='ltr'><strong>secundis</strong></span> <span class='ocrx_word' id='word_1_39' title='bbox 1270 824 1524 896; x_wconf 82' lang='lat' dir='ltr'><strong>insigniri</strong></span> <span class='ocrx_word' id='word_1_40' title='bbox 1581 821 2000 879; x_wconf 82' lang='lat' dir='ltr'><strong>characteribus</strong></span> <span class='ocrx_word' id='word_1_41' title='bbox 2044 837 2156 876; x_wconf 87' lang='lat' dir='ltr'><strong>non</strong></span> 
     </span>
    </p>
   </div>
   <div class='ocr_carea' id='block_1_9' title="bbox 566 913 2152 986">
    <p class='ocr_par' dir='ltr' id='par_1_9' title="bbox 566 913 2152 986">
     <span class='ocr_line' id='line_1_9' title="bbox 566 913 2152 986; baseline 0 -19"><span class='ocrx_word' id='word_1_42' title='bbox 566 922 821 983; x_wconf 80' lang='lat' dir='ltr'><strong>oportet;</strong></span> <span class='ocrx_word' id='word_1_43' title='bbox 865 913 963 969; x_wconf 88' lang='lat' dir='ltr'><strong>sed</strong></span> <span class='ocrx_word' id='word_1_44' title='bbox 998 917 1110 985; x_wconf 87' lang='lat' dir='ltr'><strong>jam</strong></span> <span class='ocrx_word' id='word_1_45' title='bbox 1140 915 1348 985; x_wconf 91' lang='lat' dir='ltr'><strong>puniri,</strong></span> <span class='ocrx_word' id='word_1_46' title='bbox 1379 925 1441 970; x_wconf 82' lang='lat' dir='ltr'><strong>et</strong></span> <span class='ocrx_word' id='word_1_47' title='bbox 1473 916 1705 986; x_wconf 64' lang='lat' dir='ltr'><strong>ignaviae</strong></span> <span class='ocrx_word' id='word_1_48' title='bbox 1735 930 1928 984; x_wconf 71' lang='lat' dir='ltr'><strong>pmnas</strong></span> <span class='ocrx_word' id='word_1_49' title='bbox 1967 915 2152 968; x_wconf 89' lang='lat' dir='ltr'><strong>luere:</strong></span> 
     </span>
    </p>
   </div>
   <div class='ocr_carea' id='block_1_10' title="bbox 549 1003 2157 1077">
    <p class='ocr_par' dir='ltr' id='par_1_10' title="bbox 549 1003 2157 1077">
     <span class='ocr_line' id='line_1_10' title="bbox 549 1003 2157 1077; baseline 0.002 -20"><span class='ocrx_word' id='word_1_50' title='bbox 549 1003 635 1057; x_wconf 53' lang='lat' dir='ltr'><strong>&#39;ad</strong></span> <span class='ocrx_word' id='word_1_51' title='bbox 662 1005 921 1060; x_wconf 90' lang='lat' dir='ltr'><strong>eumdem</strong></span> <span class='ocrx_word' id='word_1_52' title='bbox 955 1006 1201 1070; x_wconf 90' lang='lat' dir='ltr'><strong>modum,</strong></span> <span class='ocrx_word' id='word_1_53' title='bbox 1241 1009 1337 1077; x_wconf 85' lang='lat' dir='ltr'><strong>qui</strong></span> <span class='ocrx_word' id='word_1_54' title='bbox 1373 1008 1429 1061; x_wconf 84' lang='lat' dir='ltr'><strong>in</strong></span> <span class='ocrx_word' id='word_1_55' title='bbox 1470 1006 1610 1061; x_wconf 89' lang='lat' dir='ltr'><strong>adeo</strong></span> <span class='ocrx_word' id='word_1_56' title='bbox 1658 1015 1944 1077; x_wconf 79' lang='lat' dir='ltr'><strong>augustam</strong></span> <span class='ocrx_word' id='word_1_57' title='bbox 1989 1015 2157 1076; x_wconf 90' lang='lat' dir='ltr'><strong>atque</strong></span> 
     </span>
    </p>
   </div>
   <div class='ocr_carea' id='block_1_11' title="bbox 568 1095 2172 1170">
    <p class='ocr_par' dir='ltr' id='par_1_11' title="bbox 568 1095 2172 1170">
     <span class='ocr_line' id='line_1_11' title="bbox 568 1095 2172 1170; baseline 0.001 -21"><span class='ocrx_word' id='word_1_58' title='bbox 568 1095 958 1152; x_wconf 79' lang='lat' dir='ltr'><strong>admirabilem</strong></span> <span class='ocrx_word' id='word_1_59' title='bbox 980 1101 1215 1169; x_wconf 79' lang='lat' dir='ltr'><strong>gratiam</strong></span> <span class='ocrx_word' id='word_1_60' title='bbox 1249 1098 1435 1170; x_wconf 89' lang='lat' dir='ltr'><strong>injurii</strong></span> <span class='ocrx_word' id='word_1_61' title='bbox 1475 1098 1702 1165; x_wconf 83' lang='lat' dir='ltr'><strong>fuerint,</strong></span> <span class='ocrx_word' id='word_1_62' title='bbox 1735 1113 1832 1152; x_wconf 90' lang='lat' dir='ltr'><strong>eos</strong></span> <span class='ocrx_word' id='word_1_63' title='bbox 1860 1114 1972 1152; x_wconf 92' lang='lat' dir='ltr'><strong>non</strong></span> <span class='ocrx_word' id='word_1_64' title='bbox 2010 1096 2172 1151; x_wconf 79' lang='lat' dir='ltr'><strong>dono&#39;</strong></span> 
     </span>
    </p>
   </div>
   <div class='ocr_carea' id='block_1_12' title="bbox 568 1189 2160 1261">
    <p class='ocr_par' dir='ltr' id='par_1_12' title="bbox 568 1189 2160 1261">
     <span class='ocr_line' id='line_1_12' title="bbox 568 1189 2160 1261; baseline 0.001 -19"><span class='ocrx_word' id='word_1_65' title='bbox 568 1189 812 1243; x_wconf 88' lang='lat' dir='ltr'><strong>secundo</strong></span> <span class='ocrx_word' id='word_1_66' title='bbox 855 1189 1103 1260; x_wconf 77' lang='lat' dir='ltr'><strong>Spiritus</strong></span> <span class='ocrx_word' id='word_1_67' title='bbox 1133 1192 1340 1257; x_wconf 85' lang='lat' dir='ltr'><strong>ornari,</strong></span> <span class='ocrx_word' id='word_1_68' title='bbox 1376 1205 1503 1246; x_wconf 91' lang='lat' dir='ltr'><strong>cum</strong></span> <span class='ocrx_word' id='word_1_69' title='bbox 1543 1191 1697 1261; x_wconf 87' lang='lat' dir='ltr'><strong>prius</strong></span> <span class='ocrx_word' id='word_1_70' title='bbox 1720 1190 1855 1245; x_wconf 83' lang='lat' dir='ltr'><strong>illud</strong></span> <span class='ocrx_word' id='word_1_71' title='bbox 1883 1189 2160 1260; x_wconf 89' lang='lat' dir='ltr'><strong>improba-</strong></span> 
     </span>
    </p>
   </div>
   <div class='ocr_carea' id='block_1_13' title="bbox 567 1279 2160 1354">
    <p class='ocr_par' dir='ltr' id='par_1_13' title="bbox 567 1279 2160 1354">
     <span class='ocr_line' id='line_1_13' title="bbox 567 1279 2160 1354; baseline 0.001 -22"><span class='ocrx_word' id='word_1_72' title='bbox 567 1279 772 1343; x_wconf 75' lang='lat' dir='ltr'><strong>verint,</strong></span> <span class='ocrx_word' id='word_1_73' title='bbox 810 1281 912 1334; x_wconf 86' lang='lat' dir='ltr'><strong>sed</strong></span> <span class='ocrx_word' id='word_1_74' title='bbox 947 1281 1128 1351; x_wconf 76' lang='lat' dir='ltr'><strong>pcenis</strong></span> <span class='ocrx_word' id='word_1_75' title='bbox 1177 1282 1376 1354; x_wconf 88' lang='lat' dir='ltr'><strong>subjici</strong></span> <span class='ocrx_word' id='word_1_76' title='bbox 1425 1281 1604 1337; x_wconf 84' lang='lat' dir='ltr'><strong>decet.</strong></span> <span class='ocrx_word' id='word_1_77' title='bbox 1659 1281 1794 1336; x_wconf 88' lang='lat' dir='ltr'><strong>Nam</strong></span> <span class='ocrx_word' id='word_1_78' title='bbox 1828 1281 1995 1336; x_wconf 91' lang='lat' dir='ltr'><strong>semel</strong></span> <span class='ocrx_word' id='word_1_79' title='bbox 2035 1280 2160 1334; x_wconf 89' lang='lat' dir='ltr'><strong>illu-</strong></span> 
     </span>
    </p>
   </div>
   <div class='ocr_carea' id='block_1_14' title="bbox 569 1373 2158 1444">
    <p class='ocr_par' dir='ltr' id='par_1_14' title="bbox 569 1373 2158 1444">
     <span class='ocr_line' id='line_1_14' title="bbox 569 1373 2158 1444; baseline -0.001 -18"><span class='ocrx_word' id='word_1_80' title='bbox 569 1373 794 1427; x_wconf 79' lang='lat' dir='ltr'><strong>minatis</strong></span> <span class='ocrx_word' id='word_1_81' title='bbox 841 1389 961 1428; x_wconf 88' lang='lat' dir='ltr'><strong>eam</strong></span> <span class='ocrx_word' id='word_1_82' title='bbox 1032 1375 1398 1439; x_wconf 87' lang='lat' dir='ltr'><strong>sententiam,</strong></span> <span class='ocrx_word' id='word_1_83' title='bbox 1467 1390 1702 1444; x_wconf 86' lang='lat' dir='ltr'><strong>eamque</strong></span> <span class='ocrx_word' id='word_1_84' title='bbox 1759 1373 2158 1444; x_wconf 83' lang='lat' dir='ltr'><strong>cogitationum</strong></span> 
     </span>
    </p>
   </div>
   <div class='ocr_carea' id='block_1_15' title="bbox 569 1461 2158 1536">
    <p class='ocr_par' dir='ltr' id='par_1_15' title="bbox 569 1461 2158 1536">
     <span class='ocr_line' id='line_1_15' title="bbox 569 1461 2158 1536; baseline 0.003 -21"><span class='ocrx_word' id='word_1_85' title='bbox 569 1461 885 1519; x_wconf 82' lang='lat' dir='ltr'><strong>firmitatem</strong></span> <span class='ocrx_word' id='word_1_86' title='bbox 911 1481 1031 1520; x_wconf 90' lang='lat' dir='ltr'><strong>esse</strong></span> <span class='ocrx_word' id='word_1_87' title='bbox 1083 1466 1491 1533; x_wconf 88' lang='lat' dir='ltr'><strong>assumendam,</strong></span> <span class='ocrx_word' id='word_1_88' title='bbox 1527 1475 1588 1520; x_wconf 92' lang='lat' dir='ltr'><strong>ut</strong></span> <span class='ocrx_word' id='word_1_89' title='bbox 1634 1482 1806 1520; x_wconf 89' lang='lat' dir='ltr'><strong>unum</strong></span> <span class='ocrx_word' id='word_1_90' title='bbox 1838 1465 2035 1530; x_wconf 89' lang='lat' dir='ltr'><strong>sciant,</strong></span> <span class='ocrx_word' id='word_1_91' title='bbox 2062 1465 2158 1536; x_wconf 91' lang='lat' dir='ltr'><strong>qui</strong></span> 
     </span>
    </p>
   </div>
   <div class='ocr_carea' id='block_1_16' title="bbox 565 1557 2158 1629">
    <p class='ocr_par' dir='ltr' id='par_1_16' title="bbox 565 1557 2158 1629">
     <span class='ocr_line' id='line_1_16' title="bbox 565 1557 2158 1629; baseline 0.003 -19"><span class='ocrx_word' id='word_1_92' title='bbox 565 1564 768 1610; x_wconf 86' lang='lat' dir='ltr'><strong>natura</strong></span> <span class='ocrx_word' id='word_1_93' title='bbox 797 1557 869 1611; x_wconf 89' lang='lat' dir='ltr'><strong>sit</strong></span> <span class='ocrx_word' id='word_1_94' title='bbox 913 1559 1079 1626; x_wconf 92' lang='lat' dir='ltr'><strong>Deus,</strong></span> <span class='ocrx_word' id='word_1_95' title='bbox 1129 1565 1187 1614; x_wconf 89' lang='lat' dir='ltr'><strong>et</strong></span> <span class='ocrx_word' id='word_1_96' title='bbox 1242 1559 1366 1614; x_wconf 86' lang='lat' dir='ltr'><strong>illos</strong></span> <span class='ocrx_word' id='word_1_97' title='bbox 1395 1568 1755 1615; x_wconf 87' lang='lat' dir='ltr'><strong>exsecrentur</strong></span> <span class='ocrx_word' id='word_1_98' title='bbox 1805 1559 1907 1629; x_wconf 89' lang='lat' dir='ltr'><strong>qui</strong></span> <span class='ocrx_word' id='word_1_99' title='bbox 1956 1567 2158 1628; x_wconf 70' lang='lat' dir='ltr'><strong>praeter</strong></span> 
     </span>
    </p>
   </div>
   <div class='ocr_carea' id='block_1_17' title="bbox 570 1646 2158 1720">
    <p class='ocr_par' dir='ltr' id='par_1_17' title="bbox 570 1646 2158 1720">
     <span class='ocr_line' id='line_1_17' title="bbox 570 1646 2158 1720; baseline 0.004 -22"><span class='ocrx_word' id='word_1_100' title='bbox 570 1650 678 1700; x_wconf 85' lang='lat' dir='ltr'><strong>hoc</strong></span> <span class='ocrx_word' id='word_1_101' title='bbox 708 1646 859 1700; x_wconf 88' lang='lat' dir='ltr'><strong>aliud</strong></span> <span class='ocrx_word' id='word_1_102' title='bbox 893 1647 1175 1718; x_wconf 89' lang='lat' dir='ltr'><strong>quidpiam</strong></span> <span class='ocrx_word' id='word_1_103' title='bbox 1212 1649 1448 1704; x_wconf 88' lang='lat' dir='ltr'><strong>suadent</strong></span> <span class='ocrx_word' id='word_1_104' title='bbox 1472 1667 1484 1702; x_wconf 89' lang='lat'>:</span> <span class='ocrx_word' id='word_1_105' title='bbox 1505 1649 1920 1719; x_wconf 88' lang='lat' dir='ltr'><strong>optandumque</strong></span> <span class='ocrx_word' id='word_1_106' title='bbox 1961 1650 2017 1703; x_wconf 91' lang='lat' dir='ltr'><strong>in</strong></span> <span class='ocrx_word' id='word_1_107' title='bbox 2039 1649 2158 1720; x_wconf 90' lang='lat' dir='ltr'><strong>pri-</strong></span> 
     </span>
    </p>
   </div>
   <div class='ocr_carea' id='block_1_18' title="bbox 570 1739 2152 1813">
    <p class='ocr_par' dir='ltr' id='par_1_18' title="bbox 570 1739 2152 1813">
     <span class='ocr_line' id='line_1_18' title="bbox 570 1739 2152 1813; baseline 0.005 -22"><span class='ocrx_word' id='word_1_108' title='bbox 570 1739 678 1793; x_wconf 88' lang='lat' dir='ltr'><strong>mis</strong></span> <span class='ocrx_word' id='word_1_109' title='bbox 703 1739 910 1795; x_wconf 90' lang='lat' dir='ltr'><strong>ducant</strong></span> <span class='ocrx_word' id='word_1_110' title='bbox 938 1741 994 1794; x_wconf 84' lang='lat' dir='ltr'><strong>in</strong></span> <span class='ocrx_word' id='word_1_111' title='bbox 1012 1741 1158 1795; x_wconf 85' lang='lat' dir='ltr'><strong>idola</strong></span> <span class='ocrx_word' id='word_1_112' title='bbox 1199 1741 1432 1809; x_wconf 90' lang='lat' dir='ltr'><strong>insilire,</strong></span> <span class='ocrx_word' id='word_1_113' title='bbox 1469 1757 1535 1798; x_wconf 89' lang='lat' dir='ltr'><strong>ac</strong></span> <span class='ocrx_word' id='word_1_114' title='bbox 1569 1744 1772 1813; x_wconf 89' lang='lat' dir='ltr'><strong>templa</strong></span> <span class='ocrx_word' id='word_1_115' title='bbox 1812 1743 2152 1812; x_wconf 89' lang='lat' dir='ltr'><strong>disturbare,</strong></span> 
     </span>
    </p>
   </div>
   <div class='ocr_carea' id='block_1_19' title="bbox 567 1831 2157 1907">
    <p class='ocr_par' dir='ltr' id='par_1_19' title="bbox 567 1831 2157 1907">
     <span class='ocr_line' id='line_1_19' title="bbox 567 1831 2157 1907; baseline 0.003 -21"><span class='ocrx_word' id='word_1_116' title='bbox 567 1840 626 1887; x_wconf 81' lang='lat' dir='ltr'><strong>et</strong></span> <span class='ocrx_word' id='word_1_117' title='bbox 652 1831 940 1902; x_wconf 83' lang='lat' dir='ltr'><strong>gentilium</strong></span> <span class='ocrx_word' id='word_1_118' title='bbox 972 1835 1208 1890; x_wconf 79' lang='lat' dir='ltr'><strong>numina</strong></span> <span class='ocrx_word' id='word_1_119' title='bbox 1255 1835 1393 1889; x_wconf 89' lang='lat' dir='ltr'><strong>nihil</strong></span> <span class='ocrx_word' id='word_1_120' title='bbox 1421 1850 1541 1890; x_wconf 87' lang='lat' dir='ltr'><strong>esse</strong></span> <span class='ocrx_word' id='word_1_121' title='bbox 1569 1844 1814 1906; x_wconf 76' lang='lat' dir='ltr'><strong>putent;</strong></span> <span class='ocrx_word' id='word_1_122' title='bbox 1842 1836 1899 1891; x_wconf 89' lang='lat' dir='ltr'><strong>id</strong></span> <span class='ocrx_word' id='word_1_123' title='bbox 1934 1851 2157 1907; x_wconf 84' lang='lat' dir='ltr'><strong>quoque</strong></span> 
     </span>
    </p>
   </div>
   <div class='ocr_carea' id='block_1_20' title="bbox 567 1925 2158 2000">
    <p class='ocr_par' dir='ltr' id='par_1_20' title="bbox 567 1925 2158 2000">
     <span class='ocr_line' id='line_1_20' title="bbox 567 1925 2158 2000; baseline 0.004 -23"><span class='ocrx_word' id='word_1_124' title='bbox 567 1925 775 1980; x_wconf 67' lang='lat' dir='ltr'><strong>veteris</strong></span> <span class='ocrx_word' id='word_1_125' title='bbox 797 1925 934 1996; x_wconf 80' lang='lat' dir='ltr'><strong>legis</strong></span> <span class='ocrx_word' id='word_1_126' title='bbox 961 1927 1001 1995; x_wconf 84' lang='grc' dir='ltr'><strong>ι</strong></span> <span class='ocrx_word' id='word_1_127' title='bbox 1015 1928 1124 1997; x_wconf 81' lang='grc'><strong>77</strong></span> <span class='ocrx_word' id='word_1_128' title='bbox 1147 1928 1302 1985; x_wconf 88' lang='lat' dir='ltr'><strong>locus</strong></span> <span class='ocrx_word' id='word_1_129' title='bbox 1319 1928 1543 1984; x_wconf 88' lang='lat' dir='ltr'><strong>docebit</strong></span> <span class='ocrx_word' id='word_1_130' title='bbox 1566 1947 1582 1982; x_wconf 85' lang='lat'><strong>:</strong></span> <span class='ocrx_word' id='word_1_131' title='bbox 1607 1929 1879 2000; x_wconf 84' lang='lat' dir='ltr'><strong>scriptum</strong></span> <span class='ocrx_word' id='word_1_132' title='bbox 1903 1938 1988 1984; x_wconf 91' lang='lat' dir='ltr'><strong>est</strong></span> <span class='ocrx_word' id='word_1_133' title='bbox 2007 1929 2158 1984; x_wconf 89' lang='lat' dir='ltr'><strong>enim</strong></span> 
     </span>
    </p>
   </div>
   <div class='ocr_carea' id='block_1_21' title="bbox 567 2013 2160 2095">
    <p class='ocr_par' dir='ltr' id='par_1_21' title="bbox 567 2013 2160 2095">
     <span class='ocr_line' id='line_1_21' title="bbox 567 2013 2160 2095; baseline 0.006 -25"><span class='ocrx_word' id='word_1_134' title='bbox 567 2013 625 2070; x_wconf 86' lang='lat' dir='ltr'><strong>in</strong></span> <span class='ocrx_word' id='word_1_135' title='bbox 653 2016 914 2073; x_wconf 85' lang='lat' dir='ltr'><strong>Numeris</strong></span> <span class='ocrx_word' id='word_1_136' title='bbox 945 2037 958 2072; x_wconf 92' lang='lat'><strong>:</strong></span> <span class='ocrx_word' id='word_1_137' title='bbox 993 2018 1107 2074; x_wconf 57' lang='lat' dir='ltr'><strong>«Et</strong></span> <span class='ocrx_word' id='word_1_138' title='bbox 1138 2019 1360 2076; x_wconf 86' lang='lat' dir='ltr'><strong>locutus</strong></span> <span class='ocrx_word' id='word_1_139' title='bbox 1391 2029 1477 2076; x_wconf 89' lang='lat' dir='ltr'><strong>est</strong></span> <span class='ocrx_word' id='word_1_140' title='bbox 1518 2021 1796 2078; x_wconf 89' lang='lat' dir='ltr'><strong>Dominus</strong></span> <span class='ocrx_word' id='word_1_141' title='bbox 1829 2022 1898 2076; x_wconf 88' lang='lat' dir='ltr'><strong>ad</strong></span> <span class='ocrx_word' id='word_1_142' title='bbox 1935 2021 2160 2095; x_wconf 85' lang='lat' dir='ltr'><strong>Moysen</strong></span> 
     </span>
    </p>
   </div>
   <div class='ocr_carea' id='block_1_22' title="bbox 567 2104 2160 2182">
    <p class='ocr_par' dir='ltr' id='par_1_22' title="bbox 567 2104 2160 2182">
     <span class='ocr_line' id='line_1_22' title="bbox 567 2104 2160 2182; baseline 0.005 -21"><span class='ocrx_word' id='word_1_143' title='bbox 567 2104 624 2160; x_wconf 83' lang='lat' dir='ltr'><strong>in</strong></span> <span class='ocrx_word' id='word_1_144' title='bbox 651 2109 897 2163; x_wconf 87' lang='lat' dir='ltr'><strong>occiduis</strong></span> <span class='ocrx_word' id='word_1_145' title='bbox 917 2109 1169 2179; x_wconf 85' lang='lat' dir='ltr'><strong>partibus</strong></span> <span class='ocrx_word' id='word_1_146' title='bbox 1221 2111 1380 2166; x_wconf 82' lang='lat' dir='ltr'><strong>Moab</strong></span> <span class='ocrx_word' id='word_1_147' title='bbox 1407 2126 1580 2182; x_wconf 90' lang='lat' dir='ltr'><strong>prope</strong></span> <span class='ocrx_word' id='word_1_148' title='bbox 1610 2111 1909 2167; x_wconf 81' lang='lat' dir='ltr'><strong>Jordanem</strong></span> <span class='ocrx_word' id='word_1_149' title='bbox 1963 2123 2160 2170; x_wconf 88' lang='lat' dir='ltr'><strong>contra</strong></span> 
     </span>
    </p>
   </div>
   <div class='ocr_carea' id='block_1_23' title="bbox 564 2194 2159 2270">
    <p class='ocr_par' dir='ltr' id='par_1_23' title="bbox 564 2194 2159 2270">
     <span class='ocr_line' id='line_1_23' title="bbox 564 2194 2159 2270; baseline 0.005 -19"><span class='ocrx_word' id='word_1_150' title='bbox 564 2194 1061 2264; x_wconf 81' lang='lat' dir='ltr'><strong>Jericho,dicens:</strong></span> <span class='ocrx_word' id='word_1_151' title='bbox 1095 2199 1347 2270; x_wconf 86' lang='lat' dir='ltr'><strong>Loquere</strong></span> <span class='ocrx_word' id='word_1_152' title='bbox 1376 2201 1504 2257; x_wconf 84' lang='lat' dir='ltr'><strong>ﬁliis</strong></span> <span class='ocrx_word' id='word_1_153' title='bbox 1554 2202 1744 2268; x_wconf 83' lang='lat' dir='ltr'><strong>Israel,</strong></span> <span class='ocrx_word' id='word_1_154' title='bbox 1802 2211 1859 2257; x_wconf 90' lang='lat' dir='ltr'><strong>et</strong></span> <span class='ocrx_word' id='word_1_155' title='bbox 1891 2203 2045 2259; x_wconf 92' lang='lat' dir='ltr'><strong>dices</strong></span> <span class='ocrx_word' id='word_1_156' title='bbox 2089 2204 2159 2259; x_wconf 87' lang='lat' dir='ltr'><strong>ad</strong></span> 
     </span>
    </p>
   </div>
   <div class='ocr_carea' id='block_1_24' title="bbox 563 2289 2156 2364">
    <p class='ocr_par' dir='ltr' id='par_1_24' title="bbox 563 2289 2156 2364">
     <span class='ocr_line' id='line_1_24' title="bbox 563 2289 2156 2364; baseline 0.006 -22"><span class='ocrx_word' id='word_1_157' title='bbox 563 2301 696 2343; x_wconf 88' lang='lat' dir='ltr'><strong>eos:</strong></span> <span class='ocrx_word' id='word_1_158' title='bbox 726 2289 836 2344; x_wconf 82' lang='lat' dir='ltr'><strong>Vos</strong></span> <span class='ocrx_word' id='word_1_159' title='bbox 884 2291 1198 2347; x_wconf 88' lang='lat' dir='ltr'><strong>transibitis</strong></span> <span class='ocrx_word' id='word_1_160' title='bbox 1227 2291 1527 2348; x_wconf 71' lang='lat' dir='ltr'><strong>Iordanem</strong></span> <span class='ocrx_word' id='word_1_161' title='bbox 1561 2294 1617 2348; x_wconf 90' lang='lat' dir='ltr'><strong>in</strong></span> <span class='ocrx_word' id='word_1_162' title='bbox 1643 2303 1844 2350; x_wconf 87' lang='lat' dir='ltr'><strong>terram</strong></span> <span class='ocrx_word' id='word_1_163' title='bbox 1871 2294 2156 2364; x_wconf 86' lang='lat' dir='ltr'><strong>Chanaan,</strong></span> 
     </span>
    </p>
   </div>
   <div class='ocr_carea' id='block_1_25' title="bbox 561 2382 2160 2452">
    <p class='ocr_par' dir='ltr' id='par_1_25' title="bbox 561 2382 2160 2452">
     <span class='ocr_line' id='line_1_25' title="bbox 561 2382 2160 2452; baseline 0.006 -16"><span class='ocrx_word' id='word_1_164' title='bbox 561 2391 621 2436; x_wconf 86' lang='lat' dir='ltr'><strong>et</strong></span> <span class='ocrx_word' id='word_1_165' title='bbox 650 2382 894 2452; x_wconf 90' lang='lat' dir='ltr'><strong>perdetis</strong></span> <span class='ocrx_word' id='word_1_166' title='bbox 929 2400 1122 2440; x_wconf 91' lang='lat' dir='ltr'><strong>omnes</strong></span> <span class='ocrx_word' id='word_1_167' title='bbox 1152 2385 1470 2443; x_wconf 86' lang='lat' dir='ltr'><strong>habitantes</strong></span> <span class='ocrx_word' id='word_1_168' title='bbox 1505 2389 1562 2442; x_wconf 90' lang='lat' dir='ltr'><strong>in</strong></span> <span class='ocrx_word' id='word_1_169' title='bbox 1610 2396 1756 2444; x_wconf 85' lang='lat' dir='ltr'><strong>terra</strong></span> <span class='ocrx_word' id='word_1_170' title='bbox 1805 2397 1933 2444; x_wconf 83' lang='lat' dir='ltr'><strong>ante</strong></span> <span class='ocrx_word' id='word_1_171' title='bbox 1963 2389 2160 2446; x_wconf 82' lang='lat' dir='ltr'><strong>faciem</strong></span> 
     </span>
    </p>
   </div>
   <div class='ocr_carea' id='block_1_26' title="bbox 561 2474 2159 2547">
    <p class='ocr_par' dir='ltr' id='par_1_26' title="bbox 561 2474 2159 2547">
     <span class='ocr_line' id='line_1_26' title="bbox 561 2474 2159 2547; baseline 0.006 -21"><span class='ocrx_word' id='word_1_172' title='bbox 561 2480 829 2541; x_wconf 77' lang='lat' dir='ltr'><strong>vestram,</strong></span> <span class='ocrx_word' id='word_1_173' title='bbox 879 2481 937 2528; x_wconf 90' lang='lat' dir='ltr'><strong>et</strong></span> <span class='ocrx_word' id='word_1_174' title='bbox 989 2474 1254 2531; x_wconf 80' lang='lat' dir='ltr'><strong>auferetis</strong></span> <span class='ocrx_word' id='word_1_175' title='bbox 1279 2478 1535 2547; x_wconf 87' lang='lat' dir='ltr'><strong>speculas</strong></span> <span class='ocrx_word' id='word_1_176' title='bbox 1581 2493 1798 2544; x_wconf 88' lang='lat' dir='ltr'><strong>eorum,</strong></span> <span class='ocrx_word' id='word_1_177' title='bbox 1857 2487 1915 2534; x_wconf 86' lang='lat' dir='ltr'><strong>et</strong></span> <span class='ocrx_word' id='word_1_178' title='bbox 1974 2481 2159 2536; x_wconf 86' lang='lat' dir='ltr'><strong>omnia</strong></span> 
     </span>
    </p>
   </div>
   <div class='ocr_carea' id='block_1_27' title="bbox 565 2563 2158 2637">
    <p class='ocr_par' dir='ltr' id='par_1_27' title="bbox 565 2563 2158 2637">
     <span class='ocr_line' id='line_1_27' title="bbox 565 2563 2158 2637; baseline 0.006 -18"><span class='ocrx_word' id='word_1_179' title='bbox 565 2563 713 2620; x_wconf 88' lang='lat' dir='ltr'><strong>idola</strong></span> <span class='ocrx_word' id='word_1_180' title='bbox 739 2581 935 2620; x_wconf 91' lang='lat' dir='ltr'><strong>eorum</strong></span> <span class='ocrx_word' id='word_1_181' title='bbox 969 2566 1207 2622; x_wconf 84' lang='lat' dir='ltr'><strong>conﬂata</strong></span> <span class='ocrx_word' id='word_1_182' title='bbox 1249 2568 1577 2637; x_wconf 82' lang='lat' dir='ltr'><strong>destructis,</strong></span> <span class='ocrx_word' id='word_1_183' title='bbox 1633 2579 1690 2626; x_wconf 92' lang='lat' dir='ltr'><strong>et</strong></span> <span class='ocrx_word' id='word_1_184' title='bbox 1741 2587 1934 2626; x_wconf 84' lang='lat' dir='ltr'><strong>omnes</strong></span> <span class='ocrx_word' id='word_1_185' title='bbox 1967 2573 2158 2629; x_wconf 90' lang='lat' dir='ltr'><strong>titulos</strong></span> 
     </span>
    </p>
   </div>
   <div class='ocr_carea' id='block_1_28' title="bbox 561 2657 2163 2736">
    <p class='ocr_par' dir='ltr' id='par_1_28' title="bbox 561 2657 2163 2736">
     <span class='ocr_line' id='line_1_28' title="bbox 561 2657 2163 2736; baseline 0.007 -24"><span class='ocrx_word' id='word_1_186' title='bbox 561 2671 757 2712; x_wconf 87' lang='lat' dir='ltr'><strong>eorum</strong></span> <span class='ocrx_word' id='word_1_187' title='bbox 786 2657 1052 2715; x_wconf 85' lang='lat' dir='ltr'><strong>auferetis</strong></span> <span class='ocrx_word' id='word_1_188' title='bbox 1077 2660 1142 2715; x_wconf 76' lang='grc'><strong>⁸⁷.</strong></span> <span class='ocrx_word' id='word_1_189' title='bbox 1174 2680 1192 2712; x_wconf 72' lang='grc' dir='ltr'><strong>ι</strong></span> <span class='ocrx_word' id='word_1_190' title='bbox 1225 2661 1492 2733; x_wconf 80' lang='lat' dir='ltr'><strong>lntelligis</strong></span> <span class='ocrx_word' id='word_1_191' title='bbox 1517 2663 1704 2734; x_wconf 82' lang='lat' dir='ltr'><strong>igitur,</strong></span> <span class='ocrx_word' id='word_1_192' title='bbox 1732 2665 1800 2719; x_wconf 90' lang='lat' dir='ltr'><strong>iis</strong></span> <span class='ocrx_word' id='word_1_193' title='bbox 1833 2666 1929 2736; x_wconf 89' lang='lat' dir='ltr'><strong>qui</strong></span> <span class='ocrx_word' id='word_1_194' title='bbox 1966 2665 2163 2723; x_wconf 83' lang='lat' dir='ltr'><strong>Jorda—</strong></span> 
     </span>
    </p>
   </div>
   <div class='ocr_carea' id='block_1_29' title="bbox 563 2751 2159 2823">
    <p class='ocr_par' dir='ltr' id='par_1_29' title="bbox 563 2751 2159 2823">
     <span class='ocr_line' id='line_1_29' title="bbox 563 2751 2159 2823; baseline 0.007 -19"><span class='ocrx_word' id='word_1_195' title='bbox 563 2762 694 2804; x_wconf 84' lang='lat' dir='ltr'><strong>nem</strong></span> <span class='ocrx_word' id='word_1_196' title='bbox 725 2751 1050 2807; x_wconf 89' lang='lat' dir='ltr'><strong>transierint</strong></span> <span class='ocrx_word' id='word_1_197' title='bbox 1108 2767 1248 2823; x_wconf 91' lang='lat' dir='ltr'><strong>opus</strong></span> <span class='ocrx_word' id='word_1_198' title='bbox 1293 2769 1414 2810; x_wconf 87' lang='lat' dir='ltr'><strong>esse</strong></span> <span class='ocrx_word' id='word_1_199' title='bbox 1435 2763 1496 2810; x_wconf 89' lang='lat' dir='ltr'><strong>ut</strong></span> <span class='ocrx_word' id='word_1_200' title='bbox 1537 2771 1662 2811; x_wconf 87' lang='lat' dir='ltr'><strong>aras</strong></span> <span class='ocrx_word' id='word_1_201' title='bbox 1683 2764 1740 2812; x_wconf 90' lang='lat' dir='ltr'><strong>et</strong></span> <span class='ocrx_word' id='word_1_202' title='bbox 1793 2757 1947 2813; x_wconf 87' lang='lat' dir='ltr'><strong>lucos</strong></span> <span class='ocrx_word' id='word_1_203' title='bbox 1974 2775 2005 2813; x_wconf 91' lang='lat' dir='ltr'><strong>c</strong></span> <span class='ocrx_word' id='word_1_204' title='bbox 2038 2774 2159 2815; x_wconf 88' lang='lat' dir='ltr'><strong>me-</strong></span> 
     </span>
    </p>
   </div>
   <div class='ocr_carea' id='block_1_30' title="bbox 563 2838 2160 2914">
    <p class='ocr_par' dir='ltr' id='par_1_30' title="bbox 563 2838 2160 2914">
     <span class='ocr_line' id='line_1_30' title="bbox 563 2838 2160 2914; baseline 0.01 -21"><span class='ocrx_word' id='word_1_205' title='bbox 563 2838 660 2894; x_wconf 86' lang='lat' dir='ltr'><strong>dio</strong></span> <span class='ocrx_word' id='word_1_206' title='bbox 690 2841 903 2908; x_wconf 84' lang='lat' dir='ltr'><strong>tollant,</strong></span> <span class='ocrx_word' id='word_1_207' title='bbox 942 2857 1149 2914; x_wconf 90' lang='lat' dir='ltr'><strong>eosque</strong></span> <span class='ocrx_word' id='word_1_208' title='bbox 1183 2846 1304 2901; x_wconf 91' lang='lat' dir='ltr'><strong>sine</strong></span> <span class='ocrx_word' id='word_1_209' title='bbox 1335 2848 1687 2904; x_wconf 86' lang='lat' dir='ltr'><strong>cunctatione</strong></span> <span class='ocrx_word' id='word_1_210' title='bbox 1711 2865 1969 2906; x_wconf 87' lang='lat' dir='ltr'><strong>unacum</strong></span> <span class='ocrx_word' id='word_1_211' title='bbox 1994 2851 2160 2909; x_wconf 83' lang='lat' dir='ltr'><strong>idolis</strong></span> 
     </span>
    </p>
   </div>
   <div class='ocr_carea' id='block_1_31' title="bbox 563 2932 2163 3016">
    <p class='ocr_par' dir='ltr' id='par_1_31' title="bbox 563 2932 2163 3016">
     <span class='ocr_line' id='line_1_31' title="bbox 563 2932 2163 3016; baseline 0.009 -30"><span class='ocrx_word' id='word_1_212' title='bbox 563 2946 632 2986; x_wconf 79' lang='lat' dir='ltr'><strong>ac</strong></span> <span class='ocrx_word' id='word_1_213' title='bbox 655 2932 832 2988; x_wconf 88' lang='lat' dir='ltr'><strong>titulis</strong></span> <span class='ocrx_word' id='word_1_214' title='bbox 858 2933 1212 2992; x_wconf 85' lang='lat' dir='ltr'><strong>disturbent?</strong></span> <span class='ocrx_word' id='word_1_215' title='bbox 1235 2937 1371 2994; x_wconf 85' lang='lat' dir='ltr'><strong>Nam</strong></span> <span class='ocrx_word' id='word_1_216' title='bbox 1400 2939 1718 3010; x_wconf 89' lang='lat' dir='ltr'><strong>hujusmodi</strong></span> <span class='ocrx_word' id='word_1_217' title='bbox 1742 2944 1994 3013; x_wconf 85' lang='lat' dir='ltr'><strong>pestibus</strong></span> <span class='ocrx_word' id='word_1_218' title='bbox 2034 2960 2163 3016; x_wconf 90' lang='lat' dir='ltr'><strong>par-</strong></span> 
     </span>
    </p>
   </div>
   <div class='ocr_carea' id='block_1_32' title="bbox 547 3027 2162 3095">
    <p class='ocr_par' dir='ltr' id='par_1_32' title="bbox 547 3027 2162 3095">
     <span class='ocr_line' id='line_1_32' title="bbox 547 3027 2162 3095; baseline 0.007 -13"><span class='ocrx_word' id='word_1_219' title='bbox 547 3039 713 3094; x_wconf 40' lang='lat' dir='ltr'><strong>,cere,</strong></span> <span class='ocrx_word' id='word_1_220' title='bbox 747 3027 1102 3084; x_wconf 83' lang='lat' dir='ltr'><strong>manifestum</strong></span> <span class='ocrx_word' id='word_1_221' title='bbox 1127 3037 1213 3085; x_wconf 91' lang='lat' dir='ltr'><strong>est</strong></span> <span class='ocrx_word' id='word_1_222' title='bbox 1260 3031 1529 3087; x_wconf 91' lang='lat' dir='ltr'><strong>indicium</strong></span> <span class='ocrx_word' id='word_1_223' title='bbox 1577 3048 1690 3089; x_wconf 91' lang='lat' dir='ltr'><strong>non</strong></span> <span class='ocrx_word' id='word_1_224' title='bbox 1735 3035 1869 3091; x_wconf 81' lang='lat' dir='ltr'><strong>satis</strong></span> <span class='ocrx_word' id='word_1_225' title='bbox 1909 3052 2013 3092; x_wconf 89' lang='lat' dir='ltr'><strong>nos</strong></span> <span class='ocrx_word' id='word_1_226' title='bbox 2036 3053 2162 3095; x_wconf 82' lang='lat' dir='ltr'><strong>esse</strong></span> 
     </span>
    </p>
   </div>
   <div class='ocr_carea' id='block_1_33' title="bbox 562 3120 2157 3200">
    <p class='ocr_par' dir='ltr' id='par_1_33' title="bbox 562 3120 2157 3200">
     <span class='ocr_line' id='line_1_33' title="bbox 562 3120 2157 3200; baseline 0.009 -26"><span class='ocrx_word' id='word_1_227' title='bbox 562 3120 937 3188; x_wconf 79' lang='lat' dir='ltr'><strong>confirmatos,</strong></span> <span class='ocrx_word' id='word_1_228' title='bbox 962 3139 1143 3194; x_wconf 88' lang='lat' dir='ltr'><strong>neque</strong></span> <span class='ocrx_word' id='word_1_229' title='bbox 1170 3140 1268 3181; x_wconf 94' lang='lat' dir='ltr'><strong>cor</strong></span> <span class='ocrx_word' id='word_1_230' title='bbox 1291 3125 1544 3182; x_wconf 90' lang='lat' dir='ltr'><strong>criminis</strong></span> <span class='ocrx_word' id='word_1_231' title='bbox 1589 3143 1791 3200; x_wconf 80' lang='lat' dir='ltr'><strong>expers</strong></span> <span class='ocrx_word' id='word_1_232' title='bbox 1816 3130 1929 3186; x_wconf 89' lang='lat' dir='ltr'><strong>Deo</strong></span> <span class='ocrx_word' id='word_1_233' title='bbox 1959 3145 2157 3188; x_wconf 88' lang='lat' dir='ltr'><strong>conse-</strong></span> 
     </span>
    </p>
   </div>
   <div class='ocr_carea' id='block_1_34' title="bbox 561 3216 2154 3292">
    <p class='ocr_par' dir='ltr' id='par_1_34' title="bbox 561 3216 2154 3292">
     <span class='ocr_line' id='line_1_34' title="bbox 561 3216 2154 3292; baseline 0.006 -24"><span class='ocrx_word' id='word_1_234' title='bbox 561 3227 768 3280; x_wconf 80' lang='lat' dir='ltr'><strong>crasse,</strong></span> <span class='ocrx_word' id='word_1_235' title='bbox 821 3224 1014 3286; x_wconf 89' lang='lat' dir='ltr'><strong>aperte</strong></span> <span class='ocrx_word' id='word_1_236' title='bbox 1049 3216 1118 3272; x_wconf 90' lang='lat' dir='ltr'><strong>de</strong></span> <span class='ocrx_word' id='word_1_237' title='bbox 1147 3218 1332 3289; x_wconf 91' lang='lat' dir='ltr'><strong>impiis</strong></span> <span class='ocrx_word' id='word_1_238' title='bbox 1373 3228 1539 3291; x_wconf 86' lang='lat' dir='ltr'><strong>atque</strong></span> <span class='ocrx_word' id='word_1_239' title='bbox 1583 3223 1863 3292; x_wconf 88' lang='lat' dir='ltr'><strong>perversis</strong></span> <span class='ocrx_word' id='word_1_240' title='bbox 1907 3223 2154 3280; x_wconf 83' lang='lat' dir='ltr'><strong>dicenti:</strong></span> 
     </span>
    </p>
   </div>
   <div class='ocr_carea' id='block_1_35' title="bbox 2260 628 3867 702">
    <p class='ocr_par' dir='ltr' id='par_1_35' title="bbox 2260 628 3867 702">
     <span class='ocr_line' id='line_1_35' title="bbox 2260 628 3867 702; baseline 0.001 -20"><span class='ocrx_word' id='word_1_241' title='bbox 2260 631 2361 684; x_wconf 93' lang='grc' dir='ltr'>νοί.</span> <span class='ocrx_word' id='word_1_242' title='bbox 2401 631 2613 702; x_wconf 81' lang='grc' dir='ltr'>Ὥσπερ</span> <span class='ocrx_word' id='word_1_243' title='bbox 2646 631 2756 700; x_wconf 76' lang='grc' dir='ltr'><strong>γάρ</strong></span> <span class='ocrx_word' id='word_1_244' title='bbox 2803 628 3145 702; x_wconf 83' lang='grc' dir='ltr'><strong>στρατιώτην</strong></span> <span class='ocrx_word' id='word_1_245' title='bbox 3185 629 3275 682; x_wconf 76' lang='grc' dir='ltr'><strong>τὸν</strong></span> <span class='ocrx_word' id='word_1_246' title='bbox 3313 628 3618 698; x_wconf 68' lang='grc' dir='ltr'>ῥιψάσπιδά</span> <span class='ocrx_word' id='word_1_247' title='bbox 3665 648 3723 682; x_wconf 88' lang='grc' dir='ltr'><strong>τε</strong></span> <span class='ocrx_word' id='word_1_248' title='bbox 3767 633 3867 684; x_wconf 71' lang='grc' dir='ltr'><strong>καὶ</strong></span> 
     </span>
    </p>
   </div>
   <div class='ocr_carea' id='block_1_36' title="bbox 2261 720 3868 793">
    <p class='ocr_par' dir='ltr' id='par_1_36' title="bbox 2261 720 3868 793">
     <span class='ocr_line' id='line_1_36' title="bbox 2261 720 3868 793; baseline 0 -18"><span class='ocrx_word' id='word_1_249' title='bbox 2261 722 2665 792; x_wconf 85' lang='grc' dir='ltr'>φυγοπόλεμον,</span> <span class='ocrx_word' id='word_1_250' title='bbox 2719 723 2779 774; x_wconf 85' lang='grc' dir='ltr'><strong>οὐ</strong></span> <span class='ocrx_word' id='word_1_251' title='bbox 2843 722 3116 790; x_wconf 77' lang='grc' dir='ltr'>δευτέροις</span> <span class='ocrx_word' id='word_1_252' title='bbox 3165 720 3431 791; x_wconf 83' lang='grc' dir='ltr'>τιμᾶσθαι</span> <span class='ocrx_word' id='word_1_253' title='bbox 3486 723 3868 793; x_wconf 82' lang='grc' dir='ltr'>σημάντροις,</span> 
     </span>
    </p>
   </div>
   <div class='ocr_carea' id='block_1_37' title="bbox 2260 813 3871 886">
    <p class='ocr_par' dir='ltr' id='par_1_37' title="bbox 2260 813 3871 886">
     <span class='ocr_line' id='line_1_37' title="bbox 2260 813 3871 886; baseline -0.001 -19"><span class='ocrx_word' id='word_1_254' title='bbox 2260 814 2374 868; x_wconf 84' lang='grc' dir='ltr'>ἀλλ’</span> <span class='ocrx_word' id='word_1_255' title='bbox 2411 815 2514 886; x_wconf 79' lang='grc' dir='ltr'><strong>ήδη</strong></span> <span class='ocrx_word' id='word_1_256' title='bbox 2556 813 2883 878; x_wconf 76' lang='grc' dir='ltr'>κολάζεσθαι</span> <span class='ocrx_word' id='word_1_257' title='bbox 2924 813 3066 883; x_wconf 75' lang='grc' dir='ltr'>χρὴ,</span> <span class='ocrx_word' id='word_1_258' title='bbox 3104 813 3200 866; x_wconf 70' lang='grc' dir='ltr'><strong>καὶ</strong></span> <span class='ocrx_word' id='word_1_259' title='bbox 3228 813 3328 884; x_wconf 83' lang='grc' dir='ltr'><strong>τῆς</strong></span> <span class='ocrx_word' id='word_1_260' title='bbox 3364 813 3689 884; x_wconf 83' lang='grc' dir='ltr'>άνανδρείας</span> <span class='ocrx_word' id='word_1_261' title='bbox 3723 816 3871 868; x_wconf 80' lang='grc' dir='ltr'>ἀπο-</span> 
     </span>
    </p>
   </div>
   <div class='ocr_carea' id='block_1_38' title="bbox 2259 900 3869 978">
    <p class='ocr_par' dir='ltr' id='par_1_38' title="bbox 2259 900 3869 978">
     <span class='ocr_line' id='line_1_38' title="bbox 2259 900 3869 978; baseline 0.002 -18"><span class='ocrx_word' id='word_1_262' title='bbox 2259 907 2499 961; x_wconf 86' lang='grc' dir='ltr'>τιννύναι</span> <span class='ocrx_word' id='word_1_263' title='bbox 2531 907 2743 975; x_wconf 66' lang='grc' dir='ltr'>λόγους</span> <span class='ocrx_word' id='word_1_264' title='bbox 2779 905 2870 960; x_wconf 84' lang='grc' dir='ltr'><strong>τὸν</strong></span> <span class='ocrx_word' id='word_1_265' title='bbox 2909 906 3104 970; x_wconf 75' lang='grc' dir='ltr'>αὑτὸν,</span> <span class='ocrx_word' id='word_1_266' title='bbox 3127 900 3302 976; x_wconf 79' lang='grc' dir='ltr'>οἶμαι,</span> <span class='ocrx_word' id='word_1_267' title='bbox 3333 907 3598 978; x_wconf 83' lang='grc' dir='ltr'>προσήκει</span> <span class='ocrx_word' id='word_1_268' title='bbox 3631 908 3869 978; x_wconf 77' lang='grc' dir='ltr'>τρόπον,</span> 
     </span>
    </p>
   </div>
   <div class='ocr_carea' id='block_1_39' title="bbox 2258 997 3873 1070">
    <p class='ocr_par' dir='ltr' id='par_1_39' title="bbox 2258 997 3873 1070">
     <span class='ocr_line' id='line_1_39' title="bbox 2258 997 3873 1070; baseline 0.001 -19"><span class='ocrx_word' id='word_1_269' title='bbox 2258 1000 2386 1062; x_wconf 76' lang='grc' dir='ltr'>τοὺς</span> <span class='ocrx_word' id='word_1_270' title='bbox 2416 997 2559 1052; x_wconf 76' lang='grc' dir='ltr'>οὕτω</span> <span class='ocrx_word' id='word_1_271' title='bbox 2594 999 2802 1070; x_wconf 77' lang='grc' dir='ltr'>σεπτήν</span> <span class='ocrx_word' id='word_1_272' title='bbox 2829 1015 2888 1051; x_wconf 89' lang='grc' dir='ltr'><strong>τε</strong></span> <span class='ocrx_word' id='word_1_273' title='bbox 2912 997 3006 1051; x_wconf 69' lang='grc' dir='ltr'><strong>καὶ</strong></span> <span class='ocrx_word' id='word_1_274' title='bbox 3040 997 3371 1066; x_wconf 79' lang='grc' dir='ltr'>ὰξιάγαστον</span> <span class='ocrx_word' id='word_1_275' title='bbox 3404 999 3873 1070; x_wconf 76' lang='grc' dir='ltr'>περιυϐρίζοντας</span> 
     </span>
    </p>
   </div>
   <div class='ocr_carea' id='block_1_40' title="bbox 2259 1089 3870 1164">
    <p class='ocr_par' dir='ltr' id='par_1_40' title="bbox 2259 1089 3870 1164">
     <span class='ocr_line' id='line_1_40' title="bbox 2259 1089 3870 1164; baseline 0 -18"><span class='ocrx_word' id='word_1_276' title='bbox 2259 1093 2441 1164; x_wconf 83' lang='grc' dir='ltr'><strong>χάριν,</strong></span> <span class='ocrx_word' id='word_1_277' title='bbox 2479 1093 2541 1146; x_wconf 84' lang='grc' dir='ltr'><strong>οὐ</strong></span> <span class='ocrx_word' id='word_1_278' title='bbox 2587 1092 2681 1146; x_wconf 92' lang='grc' dir='ltr'><strong>τοῦ</strong></span> <span class='ocrx_word' id='word_1_279' title='bbox 2714 1091 2972 1164; x_wconf 86' lang='grc' dir='ltr'>δευτέρου</span> <span class='ocrx_word' id='word_1_280' title='bbox 3007 1089 3275 1161; x_wconf 83' lang='grc' dir='ltr'>τιμᾶσθαι</span> <span class='ocrx_word' id='word_1_281' title='bbox 3316 1089 3637 1161; x_wconf 86' lang='grc' dir='ltr'>Πνεύματος</span> <span class='ocrx_word' id='word_1_282' title='bbox 3674 1093 3824 1146; x_wconf 81' lang='grc' dir='ltr'>δόσει</span> <span class='ocrx_word' id='word_1_283' title='bbox 3855 1133 3870 1157; x_wconf 88' lang='grc'><strong>,</strong></span> 
     </span>
    </p>
   </div>
   <div class='ocr_carea' id='block_1_41' title="bbox 2260 1181 3871 1257">
    <p class='ocr_par' dir='ltr' id='par_1_41' title="bbox 2260 1181 3871 1257">
     <span class='ocr_line' id='line_1_41' title="bbox 2260 1181 3871 1257; baseline 0.001 -19"><span class='ocrx_word' id='word_1_284' title='bbox 2260 1187 2360 1256; x_wconf 74' lang='grc' dir='ltr'><strong>τῆς</strong></span> <span class='ocrx_word' id='word_1_285' title='bbox 2387 1183 2614 1257; x_wconf 80' lang='grc' dir='ltr'><strong>πρώτης</strong></span> <span class='ocrx_word' id='word_1_286' title='bbox 2662 1184 3060 1256; x_wconf 86' lang='grc' dir='ltr'>ἀθετουμένης,</span> <span class='ocrx_word' id='word_1_287' title='bbox 3095 1181 3212 1236; x_wconf 82' lang='grc' dir='ltr'>ἀλλ’</span> <span class='ocrx_word' id='word_1_288' title='bbox 3245 1183 3346 1255; x_wconf 77' lang='grc' dir='ltr'><strong>ήδη</strong></span> <span class='ocrx_word' id='word_1_289' title='bbox 3391 1187 3604 1249; x_wconf 84' lang='grc' dir='ltr'><strong>ποιναῖς</strong></span> <span class='ocrx_word' id='word_1_290' title='bbox 3634 1185 3871 1240; x_wconf 82' lang='grc' dir='ltr'>ὑποκεῖ-</span> 
     </span>
    </p>
   </div>
   <div class='ocr_carea' id='block_1_42' title="bbox 2263 1275 3874 1348">
    <p class='ocr_par' dir='ltr' id='par_1_42' title="bbox 2263 1275 3874 1348">
     <span class='ocr_line' id='line_1_42' title="bbox 2263 1275 3874 1348; baseline 0.001 -18"><span class='ocrx_word' id='word_1_291' title='bbox 2263 1277 2388 1331; x_wconf 90' lang='grc' dir='ltr'>σθαι</span> <span class='ocrx_word' id='word_1_292' title='bbox 2413 1278 2634 1348; x_wconf 87' lang='grc' dir='ltr'><strong>πρέπει.</strong></span> <span class='ocrx_word' id='word_1_293' title='bbox 2668 1277 2790 1330; x_wconf 88' lang='grc' dir='ltr'>Ὅτι</span> <span class='ocrx_word' id='word_1_294' title='bbox 2816 1276 2926 1348; x_wconf 85' lang='grc' dir='ltr'>γὰρ</span> <span class='ocrx_word' id='word_1_295' title='bbox 2967 1278 3093 1339; x_wconf 85' lang='grc' dir='ltr'>τοὺς</span> <span class='ocrx_word' id='word_1_296' title='bbox 3121 1275 3269 1342; x_wconf 74' lang='grc' dir='ltr'>ἅπαξ</span> <span class='ocrx_word' id='word_1_297' title='bbox 3294 1278 3750 1348; x_wconf 80' lang='grc' dir='ltr'>πεφωτισμένους</span> <span class='ocrx_word' id='word_1_298' title='bbox 3784 1281 3874 1342; x_wconf 80' lang='grc' dir='ltr'><strong>είς</strong></span> 
     </span>
    </p>
   </div>
   <div class='ocr_carea' id='block_1_43' title="bbox 2260 1369 3876 1442">
    <p class='ocr_par' dir='ltr' id='par_1_43' title="bbox 2260 1369 3876 1442">
     <span class='ocr_line' id='line_1_43' title="bbox 2260 1369 3876 1442; baseline 0.001 -19"><span class='ocrx_word' id='word_1_299' title='bbox 2260 1369 2419 1424; x_wconf 86' lang='grc' dir='ltr'>τοῦτο</span> <span class='ocrx_word' id='word_1_300' title='bbox 2460 1370 2606 1425; x_wconf 87' lang='grc' dir='ltr'>ίέναι.</span> <span class='ocrx_word' id='word_1_301' title='bbox 2635 1371 2906 1442; x_wconf 82' lang='grc' dir='ltr'>προσήκει</span> <span class='ocrx_word' id='word_1_302' title='bbox 2948 1369 3177 1441; x_wconf 79' lang='grc' dir='ltr'>γνώμης</span> <span class='ocrx_word' id='word_1_303' title='bbox 3206 1409 3221 1433; x_wconf 86' lang='grc'><strong>,</strong></span> <span class='ocrx_word' id='word_1_304' title='bbox 3254 1371 3350 1422; x_wconf 71' lang='grc' dir='ltr'>καὶ</span> <span class='ocrx_word' id='word_1_305' title='bbox 3390 1370 3739 1441; x_wconf 82' lang='grc' dir='ltr'>ὲδραιότητος</span> <span class='ocrx_word' id='word_1_306' title='bbox 3774 1370 3876 1425; x_wconf 85' lang='grc' dir='ltr'>λο-</span> 
     </span>
    </p>
   </div>
   <div class='ocr_carea' id='block_1_44' title="bbox 2261 1458 3874 1533">
    <p class='ocr_par' dir='ltr' id='par_1_44' title="bbox 2261 1458 3874 1533">
     <span class='ocr_line' id='line_1_44' title="bbox 2261 1458 3874 1533; baseline 0 -19"><span class='ocrx_word' id='word_1_307' title='bbox 2261 1459 2500 1531; x_wconf 87' lang='grc' dir='ltr'>γισμῶν,</span> <span class='ocrx_word' id='word_1_308' title='bbox 2529 1460 2606 1525; x_wconf 84' lang='grc' dir='ltr'>ὡς</span> <span class='ocrx_word' id='word_1_309' title='bbox 2634 1461 2837 1514; x_wconf 77' lang='grc' dir='ltr'>εἰδέναι</span> <span class='ocrx_word' id='word_1_310' title='bbox 2875 1460 2974 1532; x_wconf 78' lang='grc' dir='ltr'><strong>μὲν</strong></span> <span class='ocrx_word' id='word_1_311' title='bbox 2997 1460 3094 1514; x_wconf 71' lang='grc' dir='ltr'><strong>ἕνα</strong></span> <span class='ocrx_word' id='word_1_312' title='bbox 3121 1459 3213 1512; x_wconf 86' lang='grc' dir='ltr'>τὸν</span> <span class='ocrx_word' id='word_1_313' title='bbox 3243 1458 3405 1528; x_wconf 84' lang='grc' dir='ltr'>φύσει</span> <span class='ocrx_word' id='word_1_314' title='bbox 3434 1460 3591 1524; x_wconf 84' lang='grc' dir='ltr'>Θεὸν,</span> <span class='ocrx_word' id='word_1_315' title='bbox 3620 1477 3874 1533; x_wconf 80' lang='grc' dir='ltr'>καταμυ-</span> 
     </span>
    </p>
   </div>
   <div class='ocr_carea' id='block_1_45' title="bbox 2263 1550 3866 1624">
    <p class='ocr_par' dir='ltr' id='par_1_45' title="bbox 2263 1550 3866 1624">
     <span class='ocr_line' id='line_1_45' title="bbox 2263 1550 3866 1624; baseline 0.001 -18"><span class='ocrx_word' id='word_1_316' title='bbox 2263 1552 2556 1608; x_wconf 85' lang='grc' dir='ltr'>σάττεσθαι</span> <span class='ocrx_word' id='word_1_317' title='bbox 2575 1553 2632 1606; x_wconf 78' lang='grc' dir='ltr'>δὲ</span> <span class='ocrx_word' id='word_1_318' title='bbox 2651 1554 2778 1617; x_wconf 80' lang='grc' dir='ltr'>τοὺς</span> <span class='ocrx_word' id='word_1_319' title='bbox 2790 1551 2975 1623; x_wconf 74' lang='grc' dir='ltr'>ἕτερόν</span> <span class='ocrx_word' id='word_1_320' title='bbox 2991 1570 3042 1605; x_wconf 93' lang='grc' dir='ltr'><strong>τι</strong></span> <span class='ocrx_word' id='word_1_321' title='bbox 3059 1550 3210 1623; x_wconf 85' lang='grc' dir='ltr'>παρὰ</span> <span class='ocrx_word' id='word_1_322' title='bbox 3227 1550 3386 1605; x_wconf 86' lang='grc' dir='ltr'>τοῦτο</span> <span class='ocrx_word' id='word_1_323' title='bbox 3407 1552 3866 1624; x_wconf 82' lang='grc' dir='ltr'>εἰσηγουμένους,</span> 
     </span>
    </p>
   </div>
   <div class='ocr_carea' id='block_1_46' title="bbox 2262 1643 3870 1716">
    <p class='ocr_par' dir='ltr' id='par_1_46' title="bbox 2262 1643 3870 1716">
     <span class='ocr_line' id='line_1_46' title="bbox 2262 1643 3870 1716; baseline 0 -16"><span class='ocrx_word' id='word_1_324' title='bbox 2262 1647 2355 1700; x_wconf 79' lang='grc' dir='ltr'><strong>καὶ</strong></span> <span class='ocrx_word' id='word_1_325' title='bbox 2389 1645 2831 1716; x_wconf 83' lang='grc' dir='ltr'>έπιθυμημάτων</span> <span class='ocrx_word' id='word_1_326' title='bbox 2867 1643 3141 1697; x_wconf 87' lang='grc' dir='ltr'>ποιεῖσθαι</span> <span class='ocrx_word' id='word_1_327' title='bbox 3177 1643 3487 1708; x_wconf 83' lang='grc' dir='ltr'>κάλλιστον,</span> <span class='ocrx_word' id='word_1_328' title='bbox 3524 1646 3586 1700; x_wconf 82' lang='grc' dir='ltr'><strong><em>τὸ</em></strong></span> <span class='ocrx_word' id='word_1_329' title='bbox 3617 1647 3870 1716; x_wconf 79' lang='grc' dir='ltr'>ἐπιθρώ-</span> 
     </span>
    </p>
   </div>
   <div class='ocr_carea' id='block_1_47' title="bbox 2264 1737 3872 1810">
    <p class='ocr_par' dir='ltr' id='par_1_47' title="bbox 2264 1737 3872 1810">
     <span class='ocr_line' id='line_1_47' title="bbox 2264 1737 3872 1810; baseline 0.001 -19"><span class='ocrx_word' id='word_1_330' title='bbox 2264 1757 2416 1793; x_wconf 81' lang='grc' dir='ltr'>σκειν</span> <span class='ocrx_word' id='word_1_331' title='bbox 2443 1738 2707 1803; x_wconf 81' lang='grc' dir='ltr'>εἰδώλοις,</span> <span class='ocrx_word' id='word_1_332' title='bbox 2739 1739 2834 1792; x_wconf 61' lang='grc' dir='ltr'><strong>καλ⁵</strong></span> <span class='ocrx_word' id='word_1_333' title='bbox 2857 1737 3168 1791; x_wconf 74' lang='grc' dir='ltr'>κατασείειν</span> <span class='ocrx_word' id='word_1_334' title='bbox 3191 1738 3375 1802; x_wconf 82' lang='grc' dir='ltr'>ναοὺς,</span> <span class='ocrx_word' id='word_1_335' title='bbox 3407 1741 3502 1793; x_wconf 66' lang='grc' dir='ltr'><strong>καὶ</strong></span> <span class='ocrx_word' id='word_1_336' title='bbox 3531 1740 3684 1793; x_wconf 80' lang='grc' dir='ltr'>οὐδὲν</span> <span class='ocrx_word' id='word_1_337' title='bbox 3708 1743 3872 1810; x_wconf 84' lang='grc' dir='ltr'>ἠγεῖ-</span> 
     </span>
    </p>
   </div>
   <div class='ocr_carea' id='block_1_48' title="bbox 2264 1828 3873 1901">
    <p class='ocr_par' dir='ltr' id='par_1_48' title="bbox 2264 1828 3873 1901">
     <span class='ocr_line' id='line_1_48' title="bbox 2264 1828 3873 1901; baseline 0 -17"><span class='ocrx_word' id='word_1_338' title='bbox 2264 1831 2390 1884; x_wconf 84' lang='grc' dir='ltr'>σθαι</span> <span class='ocrx_word' id='word_1_339' title='bbox 2422 1831 2491 1885; x_wconf 75' lang='grc' dir='ltr'>τὰ</span> <span class='ocrx_word' id='word_1_340' title='bbox 2532 1830 2803 1901; x_wconf 86' lang='grc' dir='ltr'>Ἑλλήνων</span> <span class='ocrx_word' id='word_1_341' title='bbox 2839 1829 3162 1900; x_wconf 78' lang='grc' dir='ltr'>σεϐάσματα</span> <span class='ocrx_word' id='word_1_342' title='bbox 3183 1869 3197 1895; x_wconf 96' lang='grc'><strong>,</strong></span> <span class='ocrx_word' id='word_1_343' title='bbox 3229 1828 3323 1882; x_wconf 76' lang='grc' dir='ltr'><strong>καὶ</strong></span> <span class='ocrx_word' id='word_1_344' title='bbox 3352 1829 3578 1899; x_wconf 81' lang='grc' dir='ltr'>ἀρχαῖος</span> <span class='ocrx_word' id='word_1_345' title='bbox 3604 1831 3752 1900; x_wconf 76' lang='grc' dir='ltr'>ἡμᾶς</span> <span class='ocrx_word' id='word_1_346' title='bbox 3786 1831 3873 1884; x_wconf 81' lang='grc' dir='ltr'>δι·-</span> 
     </span>
    </p>
   </div>
   <div class='ocr_carea' id='block_1_49' title="bbox 2192 1910 3872 1992">
    <p class='ocr_par' dir='ltr' id='par_1_49' title="bbox 2192 1910 3872 1992">
     <span class='ocr_line' id='line_1_49' title="bbox 2192 1910 3872 1992; baseline -0.001 -16"><span class='ocrx_word' id='word_1_347' title='bbox 2192 1910 2234 1966; x_wconf 79' lang='lat' dir='ltr'><strong>B</strong></span> <span class='ocrx_word' id='word_1_348' title='bbox 2262 1921 2410 1989; x_wconf 82' lang='grc' dir='ltr'>δάξει</span> <span class='ocrx_word' id='word_1_349' title='bbox 2435 1921 2615 1991; x_wconf 87' lang='grc' dir='ltr'>λόγος.</span> <span class='ocrx_word' id='word_1_350' title='bbox 2644 1921 2965 1992; x_wconf 78' lang='grc' dir='ltr'>Γέγραπται</span> <span class='ocrx_word' id='word_1_351' title='bbox 2991 1919 3099 1990; x_wconf 91' lang='grc' dir='ltr'>γὰρ</span> <span class='ocrx_word' id='word_1_352' title='bbox 3120 1921 3178 1972; x_wconf 87' lang='grc' dir='ltr'>ὲν</span> <span class='ocrx_word' id='word_1_353' title='bbox 3203 1921 3313 1982; x_wconf 82' lang='grc' dir='ltr'>τοῖς</span> <span class='ocrx_word' id='word_1_354' title='bbox 3357 1919 3662 1990; x_wconf 75' lang='grc' dir='ltr'>Ἀριθμοῖς’</span> <span class='ocrx_word' id='word_1_355' title='bbox 3700 1941 3717 1971; x_wconf 78' lang='grc' dir='ltr'><strong>ι</strong></span> <span class='ocrx_word' id='word_1_356' title='bbox 3751 1921 3872 1974; x_wconf 72' lang='grc' dir='ltr'><strong>Καὶ</strong></span> 
     </span>
    </p>
   </div>
   <div class='ocr_carea' id='block_1_50' title="bbox 2264 2011 3870 2086">
    <p class='ocr_par' dir='ltr' id='par_1_50' title="bbox 2264 2011 3870 2086">
     <span class='ocr_line' id='line_1_50' title="bbox 2264 2011 3870 2086; baseline 0 -19"><span class='ocrx_word' id='word_1_357' title='bbox 2264 2014 2497 2086; x_wconf 80' lang='grc' dir='ltr'>ὲλάλησε</span> <span class='ocrx_word' id='word_1_358' title='bbox 2551 2015 2766 2086; x_wconf 78' lang='grc' dir='ltr'>Κύριος</span> <span class='ocrx_word' id='word_1_359' title='bbox 2811 2013 2945 2083; x_wconf 75' lang='grc' dir='ltr'>πρὸς</span> <span class='ocrx_word' id='word_1_360' title='bbox 3003 2011 3211 2082; x_wconf 86' lang='grc' dir='ltr'>Μωσῆν</span> <span class='ocrx_word' id='word_1_361' title='bbox 3265 2012 3368 2064; x_wconf 76' lang='grc' dir='ltr'>ἐπὶ.</span> <span class='ocrx_word' id='word_1_362' title='bbox 3407 2011 3628 2083; x_wconf 82' lang='grc' dir='ltr'>δυσμῶν</span> <span class='ocrx_word' id='word_1_363' title='bbox 3685 2012 3870 2067; x_wconf 70' lang='grc' dir='ltr'><strong>Μωὰὸ</strong></span> 
     </span>
    </p>
   </div>
   <div class='ocr_carea' id='block_1_51' title="bbox 2263 2103 3871 2179">
    <p class='ocr_par' dir='ltr' id='par_1_51' title="bbox 2263 2103 3871 2179">
     <span class='ocr_line' id='line_1_51' title="bbox 2263 2103 3871 2179; baseline -0.001 -18"><span class='ocrx_word' id='word_1_364' title='bbox 2263 2107 2420 2179; x_wconf 74' lang='grc' dir='ltr'>παρὰ</span> <span class='ocrx_word' id='word_1_365' title='bbox 2446 2108 2538 2161; x_wconf 76' lang='grc' dir='ltr'><strong>τὸν</strong></span> <span class='ocrx_word' id='word_1_366' title='bbox 2585 2107 2862 2178; x_wconf 83' lang='grc' dir='ltr'>Ἰορδάνην</span> <span class='ocrx_word' id='word_1_367' title='bbox 2897 2105 3052 2159; x_wconf 82' lang='grc' dir='ltr'>κατὰ.</span> <span class='ocrx_word' id='word_1_368' title='bbox 3088 2103 3327 2174; x_wconf 77' lang='grc' dir='ltr'>Ἰεριχὼ,</span> <span class='ocrx_word' id='word_1_369' title='bbox 3366 2105 3540 2172; x_wconf 86' lang='grc' dir='ltr'>λέγων</span> <span class='ocrx_word' id='word_1_370' title='bbox 3567 2120 3581 2134; x_wconf 84' lang='lat'><strong><em>°</em></strong></span> <span class='ocrx_word' id='word_1_371' title='bbox 3614 2104 3871 2176; x_wconf 83' lang='grc' dir='ltr'>Λάλησον</span> 
     </span>
    </p>
   </div>
   <div class='ocr_carea' id='block_1_52' title="bbox 2260 2195 3866 2268">
    <p class='ocr_par' dir='ltr' id='par_1_52' title="bbox 2260 2195 3866 2268">
     <span class='ocr_line' id='line_1_52' title="bbox 2260 2195 3866 2268; baseline -0.002 -15"><span class='ocrx_word' id='word_1_372' title='bbox 2260 2203 2376 2263; x_wconf 86' lang='grc' dir='ltr'>τοῖς</span> <span class='ocrx_word' id='word_1_373' title='bbox 2405 2200 2542 2262; x_wconf 81' lang='grc' dir='ltr'>υἱοῖς</span> <span class='ocrx_word' id='word_1_374' title='bbox 2584 2197 2838 2268; x_wconf 76' lang='grc' dir='ltr'>Ἰσραὴλ,</span> <span class='ocrx_word' id='word_1_375' title='bbox 2889 2196 2983 2249; x_wconf 75' lang='grc' dir='ltr'><strong>καὶ</strong></span> <span class='ocrx_word' id='word_1_376' title='bbox 3015 2197 3162 2268; x_wconf 75' lang='grc' dir='ltr'>ἐρεῖς</span> <span class='ocrx_word' id='word_1_377' title='bbox 3207 2195 3344 2266; x_wconf 78' lang='grc' dir='ltr'>πρὸς</span> <span class='ocrx_word' id='word_1_378' title='bbox 3379 2195 3605 2260; x_wconf 73' lang='grc' dir='ltr'>αὐτούς·</span> <span class='ocrx_word' id='word_1_379' title='bbox 3671 2197 3866 2267; x_wconf 81' lang='grc' dir='ltr'>Ὑμεῖς</span> 
     </span>
    </p>
   </div>
   <div class='ocr_carea' id='block_1_53' title="bbox 2261 2288 3865 2363">
    <p class='ocr_par' dir='ltr' id='par_1_53' title="bbox 2261 2288 3865 2363">
     <span class='ocr_line' id='line_1_53' title="bbox 2261 2288 3865 2363; baseline -0.003 -15"><span class='ocrx_word' id='word_1_380' title='bbox 2261 2292 2564 2348; x_wconf 77' lang='grc' dir='ltr'>διαϐαίνετε</span> <span class='ocrx_word' id='word_1_381' title='bbox 2609 2291 2699 2344; x_wconf 70' lang='grc' dir='ltr'><strong>τὸν</strong></span> <span class='ocrx_word' id='word_1_382' title='bbox 2742 2291 3016 2363; x_wconf 83' lang='grc' dir='ltr'>Ἰορδάνην</span> <span class='ocrx_word' id='word_1_383' title='bbox 3061 2291 3144 2354; x_wconf 88' lang='grc' dir='ltr'>εἰς</span> <span class='ocrx_word' id='word_1_384' title='bbox 3172 2289 3274 2360; x_wconf 84' lang='grc' dir='ltr'>γῆν</span> <span class='ocrx_word' id='word_1_385' title='bbox 3310 2288 3554 2351; x_wconf 79' lang='grc' dir='ltr'>Χαναὰν.</span> <span class='ocrx_word' id='word_1_386' title='bbox 3598 2290 3695 2344; x_wconf 77' lang='grc' dir='ltr'><strong>καὶ</strong></span> <span class='ocrx_word' id='word_1_387' title='bbox 3752 2293 3865 2343; x_wconf 79' lang='grc' dir='ltr'><strong>ἁπ-</strong></span> 
     </span>
    </p>
   </div>
   <div class='ocr_carea' id='block_1_54' title="bbox 2264 2381 3862 2456">
    <p class='ocr_par' dir='ltr' id='par_1_54' title="bbox 2264 2381 3862 2456">
     <span class='ocr_line' id='line_1_54' title="bbox 2264 2381 3862 2456; baseline 0 -18"><span class='ocrx_word' id='word_1_388' title='bbox 2264 2386 2444 2438; x_wconf 89' lang='grc' dir='ltr'>ολεῖτε</span> <span class='ocrx_word' id='word_1_389' title='bbox 2473 2384 2682 2448; x_wconf 86' lang='grc' dir='ltr'>πάντας</span> <span class='ocrx_word' id='word_1_390' title='bbox 2708 2385 2836 2446; x_wconf 80' lang='grc' dir='ltr'>τοὺς</span> <span class='ocrx_word' id='word_1_391' title='bbox 2861 2381 3247 2446; x_wconf 82' lang='grc' dir='ltr'>κατοικοῦντας</span> <span class='ocrx_word' id='word_1_392' title='bbox 3281 2383 3339 2435; x_wconf 85' lang='grc' dir='ltr'>ὲν</span> <span class='ocrx_word' id='word_1_393' title='bbox 3369 2386 3434 2454; x_wconf 82' lang='grc' dir='ltr'>τῇ</span> <span class='ocrx_word' id='word_1_394' title='bbox 3464 2386 3535 2454; x_wconf 82' lang='grc' dir='ltr'>γῇ</span> <span class='ocrx_word' id='word_1_395' title='bbox 3559 2383 3668 2454; x_wconf 85' lang='grc' dir='ltr'>πρό</span> <span class='ocrx_word' id='word_1_396' title='bbox 3688 2401 3862 2456; x_wconf 75' lang='grc' dir='ltr'>προσο</span> 
     </span>
    </p>
   </div>
   <div class='ocr_carea' id='block_1_55' title="bbox 2259 2474 3863 2546">
    <p class='ocr_par' dir='ltr' id='par_1_55' title="bbox 2259 2474 3863 2546">
     <span class='ocr_line' id='line_1_55' title="bbox 2259 2474 3863 2546; baseline 0.001 -17"><span class='ocrx_word' id='word_1_397' title='bbox 2259 2475 2411 2529; x_wconf 87' lang='grc' dir='ltr'>ὡπου</span> <span class='ocrx_word' id='word_1_398' title='bbox 2445 2475 2624 2546; x_wconf 81' lang='grc' dir='ltr'>ὑμῶν.</span> <span class='ocrx_word' id='word_1_399' title='bbox 2679 2477 2793 2528; x_wconf 82' lang='grc' dir='ltr'><strong>Καὶ</strong></span> <span class='ocrx_word' id='word_1_400' title='bbox 2846 2474 3095 2546; x_wconf 80' lang='grc' dir='ltr'>ὲξαρεῖτε</span> <span class='ocrx_word' id='word_1_401' title='bbox 3131 2474 3228 2538; x_wconf 86' lang='grc' dir='ltr'>τὰς</span> <span class='ocrx_word' id='word_1_402' title='bbox 3265 2475 3500 2539; x_wconf 81' lang='grc' dir='ltr'>σκοπιὰς</span> <span class='ocrx_word' id='word_1_403' title='bbox 3525 2475 3727 2541; x_wconf 79' lang='grc' dir='ltr'>αὐτῶν,</span> <span class='ocrx_word' id='word_1_404' title='bbox 3766 2477 3863 2530; x_wconf 81' lang='grc' dir='ltr'>καὶ</span> 
     </span>
    </p>
   </div>
   <div class='ocr_carea' id='block_1_56' title="bbox 2263 2551 3860 2638">
    <p class='ocr_par' dir='ltr' id='par_1_56' title="bbox 2263 2551 3860 2638">
     <span class='ocr_line' id='line_1_56' title="bbox 2263 2551 3860 2638; baseline -0.001 -16"><span class='ocrx_word' id='word_1_405' title='bbox 2263 2567 2446 2624; x_wconf 85' lang='grc' dir='ltr'>πάντα</span> <span class='ocrx_word' id='word_1_406' title='bbox 2478 2567 2547 2622; x_wconf 82' lang='grc' dir='ltr'>τὰ</span> <span class='ocrx_word' id='word_1_407' title='bbox 2591 2567 2791 2621; x_wconf 79' lang='grc' dir='ltr'>εἴδωλα</span> <span class='ocrx_word' id='word_1_408' title='bbox 2818 2566 2888 2620; x_wconf 85' lang='grc' dir='ltr'><strong>τά</strong></span> <span class='ocrx_word' id='word_1_409' title='bbox 2918 2565 3167 2638; x_wconf 77' lang='grc' dir='ltr'>χωνευτά</span> <span class='ocrx_word' id='word_1_410' title='bbox 3199 2566 3379 2620; x_wconf 82' lang='grc' dir='ltr'>αὐτῶν</span> <span class='ocrx_word' id='word_1_411' title='bbox 3409 2551 3661 2621; x_wconf 82' lang='grc' dir='ltr'>άπολείτε</span> <span class='ocrx_word' id='word_1_412' title='bbox 3695 2569 3860 2634; x_wconf 79' lang='grc' dir='ltr'>αὐτὰ,</span> 
     </span>
    </p>
   </div>
   <div class='ocr_carea' id='block_1_57' title="bbox 2263 2658 3868 2732">
    <p class='ocr_par' dir='ltr' id='par_1_57' title="bbox 2263 2658 3868 2732">
     <span class='ocr_line' id='line_1_57' title="bbox 2263 2658 3868 2732; baseline 0.001 -17"><span class='ocrx_word' id='word_1_413' title='bbox 2263 2661 2360 2715; x_wconf 70' lang='lat' dir='ltr'><strong>atal.</strong></span> <span class='ocrx_word' id='word_1_414' title='bbox 2395 2661 2577 2724; x_wconf 87' lang='grc' dir='ltr'>πάσας</span> <span class='ocrx_word' id='word_1_415' title='bbox 2608 2658 2709 2724; x_wconf 85' lang='grc' dir='ltr'>τὰς</span> <span class='ocrx_word' id='word_1_416' title='bbox 2746 2658 2948 2730; x_wconf 80' lang='grc' dir='ltr'>στήλας</span> <span class='ocrx_word' id='word_1_417' title='bbox 2977 2658 3159 2712; x_wconf 82' lang='grc' dir='ltr'>αὐτῶν</span> <span class='ocrx_word' id='word_1_418' title='bbox 3187 2659 3459 2732; x_wconf 82' lang='grc' dir='ltr'>ὲξαρεῖτε.</span> <span class='ocrx_word' id='word_1_419' title='bbox 3499 2678 3518 2711; x_wconf 71' lang='grc' dir='ltr'><strong>ι</strong></span> <span class='ocrx_word' id='word_1_420' title='bbox 3552 2661 3751 2732; x_wconf 91' lang='grc' dir='ltr'>Συνίης</span> <span class='ocrx_word' id='word_1_421' title='bbox 3777 2663 3868 2720; x_wconf 85' lang='grc' dir='ltr'>ὅτι</span> 
     </span>
    </p>
   </div>
   <div class='ocr_carea' id='block_1_58' title="bbox 2262 2751 3856 2822">
    <p class='ocr_par' dir='ltr' id='par_1_58' title="bbox 2262 2751 3856 2822">
     <span class='ocr_line' id='line_1_58' title="bbox 2262 2751 3856 2822; baseline -0.002 -15"><span class='ocrx_word' id='word_1_422' title='bbox 2262 2754 2390 2816; x_wconf 77' lang='grc' dir='ltr'>τοὺς</span> <span class='ocrx_word' id='word_1_423' title='bbox 2416 2751 2789 2822; x_wconf 81' lang='grc' dir='ltr'>παρελθόντας</span> <span class='ocrx_word' id='word_1_424' title='bbox 2805 2751 2897 2804; x_wconf 83' lang='grc' dir='ltr'><strong>τὸν</strong></span> <span class='ocrx_word' id='word_1_425' title='bbox 2937 2751 3233 2822; x_wconf 80' lang='grc' dir='ltr'>Ἰορδάνην,</span> <span class='ocrx_word' id='word_1_426' title='bbox 3279 2751 3345 2804; x_wconf 78' lang='grc' dir='ltr'>ἐκ</span> <span class='ocrx_word' id='word_1_427' title='bbox 3380 2751 3548 2820; x_wconf 87' lang='grc' dir='ltr'>μέσου</span> <span class='ocrx_word' id='word_1_428' title='bbox 3583 2751 3856 2805; x_wconf 75' lang='grc' dir='ltr'>ποιεῖσθαι</span> 
     </span>
    </p>
   </div>
   <div class='ocr_carea' id='block_1_59' title="bbox 2263 2843 3855 2917">
    <p class='ocr_par' dir='ltr' id='par_1_59' title="bbox 2263 2843 3855 2917">
     <span class='ocr_line' id='line_1_59' title="bbox 2263 2843 3855 2917; baseline -0.004 -12"><span class='ocrx_word' id='word_1_429' title='bbox 2263 2846 2370 2917; x_wconf 75' lang='grc' dir='ltr'><strong>χρὴ</strong></span> <span class='ocrx_word' id='word_1_430' title='bbox 2424 2845 2640 2916; x_wconf 70' lang='grc' dir='ltr'>βωμοὺς</span> <span class='ocrx_word' id='word_1_431' title='bbox 2691 2844 2784 2898; x_wconf 77' lang='grc' dir='ltr'>καὶ</span> <span class='ocrx_word' id='word_1_432' title='bbox 2829 2843 3032 2914; x_wconf 85' lang='grc' dir='ltr'>τεμένη</span> <span class='ocrx_word' id='word_1_433' title='bbox 3065 2883 3080 2909; x_wconf 93' lang='grc'><strong>,</strong></span> <span class='ocrx_word' id='word_1_434' title='bbox 3118 2844 3215 2897; x_wconf 70' lang='grc' dir='ltr'><strong>καὶ</strong></span> <span class='ocrx_word' id='word_1_435' title='bbox 3267 2845 3454 2908; x_wconf 82' lang='grc' dir='ltr'>αὐτοῖς</span> <span class='ocrx_word' id='word_1_436' title='bbox 3487 2843 3729 2908; x_wconf 76' lang='grc' dir='ltr'>εἰδώλοις</span> <span class='ocrx_word' id='word_1_437' title='bbox 3762 2845 3855 2898; x_wconf 63' lang='grc' dir='ltr'>καὶ</span> 
     </span>
    </p>
   </div>
   <div class='ocr_carea' id='block_1_60' title="bbox 2265 2933 3858 3006">
    <p class='ocr_par' dir='ltr' id='par_1_60' title="bbox 2265 2933 3858 3006">
     <span class='ocr_line' id='line_1_60' title="bbox 2265 2933 3858 3006; baseline -0.001 -17"><span class='ocrx_word' id='word_1_438' title='bbox 2265 2935 2496 3005; x_wconf 74' lang='grc' dir='ltr'>στήλαις</span> <span class='ocrx_word' id='word_1_439' title='bbox 2529 2934 2927 3006; x_wconf 82' lang='grc' dir='ltr'>άναμοχλεύειν</span> <span class='ocrx_word' id='word_1_440' title='bbox 2955 2934 3221 3006; x_wconf 86' lang='grc' dir='ltr'>άμελητί;</span> <span class='ocrx_word' id='word_1_441' title='bbox 3265 2935 3341 2998; x_wconf 84' lang='grc' dir='ltr'>ὡς</span> <span class='ocrx_word' id='word_1_442' title='bbox 3364 2935 3435 2990; x_wconf 85' lang='grc' dir='ltr'>τό.</span> <span class='ocrx_word' id='word_1_443' title='bbox 3458 2952 3518 3003; x_wconf 88' lang='grc' dir='ltr'><strong>γε</strong></span> <span class='ocrx_word' id='word_1_444' title='bbox 3550 2933 3858 3004; x_wconf 78' lang='grc' dir='ltr'>φειδὼ-τοῖς</span> 
     </span>
    </p>
   </div>
   <div class='ocr_carea' id='block_1_61' title="bbox 2262 3027 3858 3099">
    <p class='ocr_par' dir='ltr' id='par_1_61' title="bbox 2262 3027 3858 3099">
     <span class='ocr_line' id='line_1_61' title="bbox 2262 3027 3858 3099; baseline 0 -17"><span class='ocrx_word' id='word_1_445' title='bbox 2262 3027 2527 3092; x_wconf 83' lang='grc' dir='ltr'>τοιούτοις</span> <span class='ocrx_word' id='word_1_446' title='bbox 2545 3027 2708 3099; x_wconf 83' lang='grc' dir='ltr'>τυχὸν</span> <span class='ocrx_word' id='word_1_447' title='bbox 2736 3027 3032 3099; x_wconf 83' lang='grc' dir='ltr'>ἀπονέμειν</span> <span class='ocrx_word' id='word_1_448' title='bbox 3065 3029 3256 3092; x_wconf 84' lang='grc' dir='ltr'>κακοῖς</span> <span class='ocrx_word' id='word_1_449' title='bbox 3290 3028 3522 3099; x_wconf 79' lang='grc' dir='ltr'>μήνυσις</span> <span class='ocrx_word' id='word_1_450' title='bbox 3548 3027 3615 3082; x_wconf 80' lang='grc' dir='ltr'>ἄν</span> <span class='ocrx_word' id='word_1_451' title='bbox 3643 3028 3858 3095; x_wconf 81' lang='grc' dir='ltr'>γένοιτο</span> 
     </span>
    </p>
   </div>
   <div class='ocr_carea' id='block_1_62' title="bbox 2264 3119 3856 3192">
    <p class='ocr_par' dir='ltr' id='par_1_62' title="bbox 2264 3119 3856 3192">
     <span class='ocr_line' id='line_1_62' title="bbox 2264 3119 3856 3192; baseline 0.001 -19"><span class='ocrx_word' id='word_1_452' title='bbox 2264 3119 2465 3191; x_wconf 72' lang='grc' dir='ltr'>σαφὴς,</span> <span class='ocrx_word' id='word_1_453' title='bbox 2491 3119 2586 3174; x_wconf 91' lang='grc' dir='ltr'><strong>τοῦ</strong></span> <span class='ocrx_word' id='word_1_454' title='bbox 2623 3119 3044 3192; x_wconf 74' lang='grc' dir='ltr'>μὴέρηρεῖσθαι</span> <span class='ocrx_word' id='word_1_455' title='bbox 3077 3119 3282 3184; x_wconf 86' lang='grc' dir='ltr'>καλῶς,</span> <span class='ocrx_word' id='word_1_456' title='bbox 3313 3121 3452 3192; x_wconf 83' lang='grc' dir='ltr'>μήτε</span> <span class='ocrx_word' id='word_1_457' title='bbox 3477 3119 3585 3192; x_wconf 82' lang='grc' dir='ltr'>μὴν</span> <span class='ocrx_word' id='word_1_458' title='bbox 3617 3121 3856 3174; x_wconf 81' lang='grc' dir='ltr'>ἀκαται-</span> 
     </span>
    </p>
   </div>
   <div class='ocr_carea' id='block_1_63' title="bbox 2261 3213 3864 3285">
    <p class='ocr_par' dir='ltr' id='par_1_63' title="bbox 2261 3213 3864 3285">
     <span class='ocr_line' id='line_1_63' title="bbox 2261 3213 3864 3285; baseline -0.001 -19"><span class='ocrx_word' id='word_1_459' title='bbox 2261 3213 2445 3267; x_wconf 84' lang='grc' dir='ltr'>τίατον</span> <span class='ocrx_word' id='word_1_460' title='bbox 2465 3213 2543 3285; x_wconf 84' lang='grc' dir='ltr'><strong>τῷ</strong></span> <span class='ocrx_word' id='word_1_461' title='bbox 2571 3213 2692 3284; x_wconf 88' lang='grc' dir='ltr'><strong>Θεῷ</strong></span> <span class='ocrx_word' id='word_1_462' title='bbox 2719 3213 2816 3284; x_wconf 81' lang='grc' dir='ltr'><strong>τὴν</strong></span> <span class='ocrx_word' id='word_1_463' title='bbox 2847 3214 3076 3285; x_wconf 81' lang='grc' dir='ltr'>καρδίαν</span> <span class='ocrx_word' id='word_1_464' title='bbox 3102 3213 3388 3284; x_wconf 83' lang='grc' dir='ltr'>ἁφιεροῦν,</span> <span class='ocrx_word' id='word_1_465' title='bbox 3437 3214 3617 3268; x_wconf 88' lang='grc' dir='ltr'>καίτοι</span> <span class='ocrx_word' id='word_1_466' title='bbox 3642 3214 3864 3282; x_wconf 89' lang='grc' dir='ltr'>λέγοντι</span> 
     </span>
    </p>
   </div>
   <div class='ocr_carea' id='block_1_64' title="bbox 568 3287 2154 3385">
    <p class='ocr_par' dir='ltr' id='par_1_64' title="bbox 568 3305 2151 3385">
     <span class='ocr_line' id='line_1_64' title="bbox 568 3305 2151 3385; baseline 0.009 -27"><span class='ocrx_word' id='word_1_467' title='bbox 568 3305 718 3360; x_wconf 72' lang='lat' dir='ltr'><strong>«Non</strong></span> <span class='ocrx_word' id='word_1_468' title='bbox 750 3307 1010 3364; x_wconf 87' lang='lat' dir='ltr'><strong>adorabis</strong></span> <span class='ocrx_word' id='word_1_469' title='bbox 1043 3309 1178 3366; x_wconf 90' lang='lat' dir='ltr'><strong>deos</strong></span> <span class='ocrx_word' id='word_1_470' title='bbox 1205 3311 1474 3382; x_wconf 89' lang='lat' dir='ltr'><strong>ipsorum,</strong></span> <span class='ocrx_word' id='word_1_471' title='bbox 1506 3329 1687 3385; x_wconf 87' lang='lat' dir='ltr'><strong>neque</strong></span> <span class='ocrx_word' id='word_1_472' title='bbox 1714 3315 1865 3371; x_wconf 90' lang='lat' dir='ltr'><strong>coles</strong></span> <span class='ocrx_word' id='word_1_473' title='bbox 1890 3331 2018 3382; x_wconf 81' lang='lat' dir='ltr'><strong>eos;</strong></span> <span class='ocrx_word' id='word_1_474' title='bbox 2041 3332 2151 3372; x_wconf 83' lang='lat' dir='ltr'><strong>non</strong></span> 
     </span>
    </p>
   </div>
   <div class='ocr_carea' id='block_1_65' title="bbox 2257 3287 3841 3385">
    <p class='ocr_par' dir='ltr' id='par_1_65' title="bbox 2262 3303 3841 3377">
     <span class='ocr_line' id='line_1_65' title="bbox 2262 3303 3841 3377; baseline -0.001 -18"><span class='ocrx_word' id='word_1_475' title='bbox 2262 3305 2452 3375; x_wconf 83' lang='grc' dir='ltr'>σαφῶς</span> <span class='ocrx_word' id='word_1_476' title='bbox 2482 3307 2611 3377; x_wconf 77' lang='grc' dir='ltr'>περὶ</span> <span class='ocrx_word' id='word_1_477' title='bbox 2640 3305 2749 3358; x_wconf 83' lang='grc' dir='ltr'><strong>τῶν</strong></span> <span class='ocrx_word' id='word_1_478' title='bbox 2785 3305 2961 3360; x_wconf 81' lang='grc' dir='ltr'>ἀθέων</span> <span class='ocrx_word' id='word_1_479' title='bbox 2991 3305 3087 3358; x_wconf 76' lang='grc' dir='ltr'><strong>καὶ</strong></span> <span class='ocrx_word' id='word_1_480' title='bbox 3125 3303 3381 3377; x_wconf 78' lang='grc' dir='ltr'>πονηρῶν</span> <span class='ocrx_word' id='word_1_481' title='bbox 3405 3321 3418 3335; x_wconf 88' lang='grc'><strong>·</strong></span> <span class='ocrx_word' id='word_1_482' title='bbox 3452 3323 3482 3357; x_wconf 53' lang='grc' dir='ltr'><strong>«μ</strong></span> <span class='ocrx_word' id='word_1_483' title='bbox 3507 3305 3582 3359; x_wconf 83' lang='grc' dir='ltr'><strong>Οὐ</strong></span> <span class='ocrx_word' id='word_1_484' title='bbox 3609 3322 3841 3376; x_wconf 82' lang='grc' dir='ltr'>προσκυ-</span> 
     </span>
    </p>
   </div>
   <div class='ocr_carea' id='block_1_66' title="bbox 559 3395 2150 3476">
    <p class='ocr_par' dir='ltr' id='par_1_66' title="bbox 559 3395 2150 3476">
     <span class='ocr_line' id='line_1_66' title="bbox 559 3395 2150 3476; baseline 0.008 -25"><span class='ocrx_word' id='word_1_485' title='bbox 559 3395 730 3453; x_wconf 88' lang='lat' dir='ltr'><strong>facies</strong></span> <span class='ocrx_word' id='word_1_486' title='bbox 757 3400 913 3469; x_wconf 81' lang='lat' dir='ltr'><strong>juxta</strong></span> <span class='ocrx_word' id='word_1_487' title='bbox 933 3416 1102 3471; x_wconf 86' lang='lat' dir='ltr'><strong>opera</strong></span> <span class='ocrx_word' id='word_1_488' title='bbox 1135 3417 1352 3467; x_wconf 91' lang='lat' dir='ltr'><strong>eorum,</strong></span> <span class='ocrx_word' id='word_1_489' title='bbox 1387 3403 1482 3460; x_wconf 90' lang='lat' dir='ltr'><strong>sed</strong></span> <span class='ocrx_word' id='word_1_490' title='bbox 1507 3403 1848 3462; x_wconf 84' lang='lat' dir='ltr'><strong>destruendo</strong></span> <span class='ocrx_word' id='word_1_491' title='bbox 1877 3407 2150 3476; x_wconf 68' lang='lat' dir='ltr'><strong>destrues,</strong></span> 
     </span>
    </p>
   </div>
   <div class='ocr_carea' id='block_1_67' title="bbox 560 3490 2156 3564">
    <p class='ocr_par' dir='ltr' id='par_1_67' title="bbox 560 3490 2156 3564">
     <span class='ocr_line' id='line_1_67' title="bbox 560 3490 2156 3564; baseline 0.008 -22"><span class='ocrx_word' id='word_1_492' title='bbox 560 3496 620 3542; x_wconf 90' lang='lat' dir='ltr'><strong>et</strong></span> <span class='ocrx_word' id='word_1_493' title='bbox 642 3490 984 3545; x_wconf 87' lang='lat' dir='ltr'><strong>conterendo</strong></span> <span class='ocrx_word' id='word_1_494' title='bbox 1033 3499 1295 3549; x_wconf 88' lang='lat' dir='ltr'><strong>conteres</strong></span> <span class='ocrx_word' id='word_1_495' title='bbox 1336 3494 1530 3550; x_wconf 90' lang='lat' dir='ltr'><strong>titulos</strong></span> <span class='ocrx_word' id='word_1_496' title='bbox 1586 3511 1802 3564; x_wconf 90' lang='lat' dir='ltr'><strong>eorum,</strong></span> <span class='ocrx_word' id='word_1_497' title='bbox 1843 3506 1901 3553; x_wconf 88' lang='lat' dir='ltr'><strong>et</strong></span> <span class='ocrx_word' id='word_1_498' title='bbox 1948 3499 2156 3555; x_wconf 75' lang='lat' dir='ltr'><strong>servies</strong></span> 
     </span>
    </p>
   </div>
   <div class='ocr_carea' id='block_1_68' title="bbox 560 3581 2156 3662">
    <p class='ocr_par' dir='ltr' id='par_1_68' title="bbox 560 3581 2156 3662">
     <span class='ocr_line' id='line_1_68' title="bbox 560 3581 2156 3662; baseline 0.009 -26"><span class='ocrx_word' id='word_1_499' title='bbox 560 3581 796 3638; x_wconf 89' lang='lat' dir='ltr'><strong>Domino</strong></span> <span class='ocrx_word' id='word_1_500' title='bbox 848 3584 960 3640; x_wconf 90' lang='lat' dir='ltr'><strong>Deo</strong></span> <span class='ocrx_word' id='word_1_501' title='bbox 989 3593 1120 3651; x_wconf 88' lang='lat' dir='ltr'><strong>tuo;</strong></span> <span class='ocrx_word' id='word_1_502' title='bbox 1174 3594 1230 3642; x_wconf 91' lang='lat' dir='ltr'><strong>et</strong></span> <span class='ocrx_word' id='word_1_503' title='bbox 1279 3587 1606 3644; x_wconf 90' lang='lat' dir='ltr'><strong>benedicam</strong></span> <span class='ocrx_word' id='word_1_504' title='bbox 1647 3605 1846 3662; x_wconf 82' lang='lat' dir='ltr'><strong>panem</strong></span> <span class='ocrx_word' id='word_1_505' title='bbox 1895 3601 2156 3658; x_wconf 87' lang='lat' dir='ltr'><strong>tuum,et</strong></span> 
     </span>
    </p>
   </div>
   <div class='ocr_carea' id='block_1_69' title="bbox 560 3671 2156 3756">
    <p class='ocr_par' dir='ltr' id='par_1_69' title="bbox 560 3671 2156 3756">
     <span class='ocr_line' id='line_1_69' title="bbox 560 3671 2156 3756; baseline 0.009 -31"><span class='ocrx_word' id='word_1_506' title='bbox 560 3671 756 3726; x_wconf 83' lang='lat' dir='ltr'><strong>vinum</strong></span> <span class='ocrx_word' id='word_1_507' title='bbox 783 3681 962 3756; x_wconf 77' lang='lat' dir='ltr'><strong>tuum,</strong></span> <span class='ocrx_word' id='word_1_508' title='bbox 991 3685 1048 3731; x_wconf 90' lang='lat' dir='ltr'><strong>et</strong></span> <span class='ocrx_word' id='word_1_509' title='bbox 1069 3692 1269 3747; x_wconf 86' lang='lat' dir='ltr'><strong>aquam</strong></span> <span class='ocrx_word' id='word_1_510' title='bbox 1312 3687 1487 3745; x_wconf 84' lang='lat' dir='ltr'><strong>tuam,</strong></span> <span class='ocrx_word' id='word_1_511' title='bbox 1524 3688 1580 3735; x_wconf 90' lang='lat' dir='ltr'><strong>et</strong></span> <span class='ocrx_word' id='word_1_512' title='bbox 1601 3688 1845 3735; x_wconf 85' lang='lat' dir='ltr'><strong>avertam</strong></span> <span class='ocrx_word' id='word_1_513' title='bbox 1864 3682 2156 3739; x_wconf 80' lang='lat' dir='ltr'><strong>inﬁrmita-</strong></span> 
     </span>
    </p>
   </div>
   <div class='ocr_carea' id='block_1_70' title="bbox 563 3766 2151 3847">
    <p class='ocr_par' dir='ltr' id='par_1_70' title="bbox 563 3766 2151 3847">
     <span class='ocr_line' id='line_1_70' title="bbox 563 3766 2151 3847; baseline 0.01 -29"><span class='ocrx_word' id='word_1_514' title='bbox 563 3771 674 3819; x_wconf 86' lang='lat' dir='ltr'><strong>tem</strong></span> <span class='ocrx_word' id='word_1_515' title='bbox 709 3781 740 3821; x_wconf 90' lang='lat' dir='ltr'><strong>a</strong></span> <span class='ocrx_word' id='word_1_516' title='bbox 780 3766 973 3834; x_wconf 89' lang='lat' dir='ltr'><strong>vobis;</strong></span> <span class='ocrx_word' id='word_1_517' title='bbox 1023 3784 1134 3824; x_wconf 90' lang='lat' dir='ltr'><strong>non</strong></span> <span class='ocrx_word' id='word_1_518' title='bbox 1168 3771 1276 3825; x_wconf 90' lang='lat' dir='ltr'><strong>erit</strong></span> <span class='ocrx_word' id='word_1_519' title='bbox 1317 3770 1611 3829; x_wconf 87' lang='lat' dir='ltr'><strong>infecunda</strong></span> <span class='ocrx_word' id='word_1_520' title='bbox 1639 3791 1821 3847; x_wconf 89' lang='lat' dir='ltr'><strong>neque</strong></span> <span class='ocrx_word' id='word_1_521' title='bbox 1865 3779 2072 3834; x_wconf 89' lang='lat' dir='ltr'><strong>sterilis</strong></span> <span class='ocrx_word' id='word_1_522' title='bbox 2099 3779 2151 3833; x_wconf 93' lang='lat' dir='ltr'><strong>in</strong></span> 
     </span>
    </p>
   </div>
   <div class='ocr_carea' id='block_1_71' title="bbox 562 3860 2146 3937">
    <p class='ocr_par' dir='ltr' id='par_1_71' title="bbox 562 3860 2146 3937">
     <span class='ocr_line' id='line_1_71' title="bbox 562 3860 2146 3937; baseline 0.008 -28"><span class='ocrx_word' id='word_1_523' title='bbox 562 3861 709 3910; x_wconf 88' lang='lat' dir='ltr'><strong>terra</strong></span> <span class='ocrx_word' id='word_1_524' title='bbox 737 3864 850 3925; x_wconf 91' lang='lat' dir='ltr'><strong>tua,</strong></span> <span class='ocrx_word' id='word_1_525' title='bbox 887 3874 1186 3915; x_wconf 90' lang='lat' dir='ltr'><strong>numerum</strong></span> <span class='ocrx_word' id='word_1_526' title='bbox 1233 3860 1454 3917; x_wconf 91' lang='lat' dir='ltr'><strong>dierum</strong></span> <span class='ocrx_word' id='word_1_527' title='bbox 1498 3872 1720 3920; x_wconf 90' lang='lat' dir='ltr'><strong>tuorum</strong></span> <span class='ocrx_word' id='word_1_528' title='bbox 1768 3868 2003 3937; x_wconf 85' lang='lat' dir='ltr'><strong>explebo</strong></span> <span class='ocrx_word' id='word_1_529' title='bbox 2029 3870 2094 3924; x_wconf 82' lang='grc'><strong>⁸⁸.</strong></span> <span class='ocrx_word' id='word_1_530' title='bbox 2129 3889 2146 3921; x_wconf 70' lang='grc' dir='ltr'><strong>ι</strong></span> 
     </span>
    </p>
   </div>
   <div class='ocr_carea' id='block_1_72' title="bbox 558 3947 2153 4027">
    <p class='ocr_par' dir='ltr' id='par_1_72' title="bbox 558 3947 2153 4027">
     <span class='ocr_line' id='line_1_72' title="bbox 558 3947 2153 4027; baseline 0.009 -24"><span class='ocrx_word' id='word_1_531' title='bbox 558 3947 750 4019; x_wconf 80' lang='lat' dir='ltr'><strong>Neque</strong></span> <span class='ocrx_word' id='word_1_532' title='bbox 793 3951 944 4006; x_wconf 89' lang='lat' dir='ltr'><strong>enim</strong></span> <span class='ocrx_word' id='word_1_533' title='bbox 976 3960 1061 4008; x_wconf 90' lang='lat' dir='ltr'><strong>est</strong></span> <span class='ocrx_word' id='word_1_534' title='bbox 1081 3951 1404 4022; x_wconf 90' lang='lat' dir='ltr'><strong>obscurum,</strong></span> <span class='ocrx_word' id='word_1_535' title='bbox 1447 3957 1583 4027; x_wconf 92' lang='lat' dir='ltr'><strong>quin</strong></span> <span class='ocrx_word' id='word_1_536' title='bbox 1635 3957 1960 4015; x_wconf 85' lang='lat' dir='ltr'><strong>hominibus</strong></span> <span class='ocrx_word' id='word_1_537' title='bbox 2002 3961 2153 4018; x_wconf 88' lang='lat' dir='ltr'><strong>bene</strong></span> 
     </span>
    </p>
   </div>
   <div class='ocr_carea' id='block_1_73' title="bbox 559 4043 2153 4121">
    <p class='ocr_par' dir='ltr' id='par_1_73' title="bbox 559 4043 2153 4121">
     <span class='ocr_line' id='line_1_73' title="bbox 559 4043 2153 4121; baseline 0.008 -22"><span class='ocrx_word' id='word_1_538' title='bbox 559 4043 924 4111; x_wconf 85' lang='lat' dir='ltr'><strong>conﬁrmatis,</strong></span> <span class='ocrx_word' id='word_1_539' title='bbox 959 4054 1016 4102; x_wconf 91' lang='lat' dir='ltr'><strong>et</strong></span> <span class='ocrx_word' id='word_1_540' title='bbox 1049 4062 1117 4102; x_wconf 77' lang='lat' dir='ltr'><strong>ex</strong></span> <span class='ocrx_word' id='word_1_541' title='bbox 1157 4048 1370 4121; x_wconf 84' lang='lat' dir='ltr'><strong>integra</strong></span> <span class='ocrx_word' id='word_1_542' title='bbox 1393 4058 1579 4108; x_wconf 87' lang='lat' dir='ltr'><strong>mente</strong></span> <span class='ocrx_word' id='word_1_543' title='bbox 1620 4051 2010 4111; x_wconf 81' lang='lat' dir='ltr'><strong>universorum</strong></span> <span class='ocrx_word' id='word_1_544' title='bbox 2038 4055 2153 4111; x_wconf 89' lang='lat' dir='ltr'><strong>Deo</strong></span> 
     </span>
    </p>
   </div>
   <div class='ocr_carea' id='block_1_74' title="bbox 558 4135 2152 4220">
    <p class='ocr_par' dir='ltr' id='par_1_74' title="bbox 558 4135 2152 4220">
     <span class='ocr_line' id='line_1_74' title="bbox 558 4135 2152 4220; baseline 0.008 -30"><span class='ocrx_word' id='word_1_545' title='bbox 558 4135 784 4203; x_wconf 88' lang='lat' dir='ltr'><strong>deditis,</strong></span> <span class='ocrx_word' id='word_1_546' title='bbox 821 4145 990 4210; x_wconf 87' lang='lat' dir='ltr'><strong>atque</strong></span> <span class='ocrx_word' id='word_1_547' title='bbox 1040 4139 1163 4212; x_wconf 87' lang='lat' dir='ltr'><strong>ejus</strong></span> <span class='ocrx_word' id='word_1_548' title='bbox 1200 4141 1284 4196; x_wconf 89' lang='lat' dir='ltr'><strong>rei</strong></span> <span class='ocrx_word' id='word_1_549' title='bbox 1325 4143 1702 4201; x_wconf 87' lang='lat' dir='ltr'><strong>certissimum</strong></span> <span class='ocrx_word' id='word_1_550' title='bbox 1762 4155 2152 4220; x_wconf 83' lang='lat' dir='ltr'><strong>argumentum</strong></span> 
     </span>
    </p>
   </div>
   <div class='ocr_carea' id='block_1_75' title="bbox 558 4230 2152 4308">
    <p class='ocr_par' dir='ltr' id='par_1_75' title="bbox 558 4230 2152 4308">
     <span class='ocr_line' id='line_1_75' title="bbox 558 4230 2152 4308; baseline 0.007 -24"><span class='ocrx_word' id='word_1_551' title='bbox 558 4230 808 4301; x_wconf 85' lang='lat' dir='ltr'><strong>praebere</strong></span> <span class='ocrx_word' id='word_1_552' title='bbox 844 4232 1218 4300; x_wconf 88' lang='lat' dir='ltr'><strong>studentibus.</strong></span> <span class='ocrx_word' id='word_1_553' title='bbox 1256 4235 1518 4307; x_wconf 88' lang='lat' dir='ltr'><strong>idipsum,</strong></span> <span class='ocrx_word' id='word_1_554' title='bbox 1553 4239 1702 4308; x_wconf 91' lang='lat' dir='ltr'><strong>quod</strong></span> <span class='ocrx_word' id='word_1_555' title='bbox 1743 4254 1868 4296; x_wconf 89' lang='lat' dir='ltr'><strong>aras</strong></span> <span class='ocrx_word' id='word_1_556' title='bbox 1900 4247 1957 4294; x_wconf 89' lang='lat' dir='ltr'><strong>et</strong></span> <span class='ocrx_word' id='word_1_557' title='bbox 2015 4240 2152 4295; x_wconf 91' lang='lat' dir='ltr'><strong>titu-</strong></span> 
     </span>
    </p>
   </div>
   <div class='ocr_carea' id='block_1_76' title="bbox 556 4320 2155 4401">
    <p class='ocr_par' dir='ltr' id='par_1_76' title="bbox 556 4320 2155 4401">
     <span class='ocr_line' id='line_1_76' title="bbox 556 4320 2155 4401; baseline 0.008 -25"><span class='ocrx_word' id='word_1_558' title='bbox 556 4320 662 4389; x_wconf 89' lang='lat' dir='ltr'><strong>los,</strong></span> <span class='ocrx_word' id='word_1_559' title='bbox 694 4330 751 4377; x_wconf 91' lang='lat' dir='ltr'><strong>et</strong></span> <span class='ocrx_word' id='word_1_560' title='bbox 782 4323 996 4380; x_wconf 85' lang='lat' dir='ltr'><strong>ludicra</strong></span> <span class='ocrx_word' id='word_1_561' title='bbox 1020 4324 1310 4382; x_wconf 90' lang='lat' dir='ltr'><strong>hominum</strong></span> <span class='ocrx_word' id='word_1_562' title='bbox 1345 4339 1530 4385; x_wconf 89' lang='lat' dir='ltr'><strong>mente</strong></span> <span class='ocrx_word' id='word_1_563' title='bbox 1563 4339 1960 4401; x_wconf 90' lang='lat' dir='ltr'><strong>corruptorum</strong></span> <span class='ocrx_word' id='word_1_564' title='bbox 1993 4346 2155 4389; x_wconf 84' lang='lat' dir='ltr'><strong>ever-</strong></span> 
     </span>
    </p>
   </div>
   <div class='ocr_carea' id='block_1_77' title="bbox 556 4415 1802 4484">
    <p class='ocr_par' dir='ltr' id='par_1_77' title="bbox 556 4415 1802 4484">
     <span class='ocr_line' id='line_1_77' title="bbox 556 4415 1802 4484; baseline 0.006 -14"><span class='ocrx_word' id='word_1_565' title='bbox 556 4420 705 4484; x_wconf 80' lang='lat' dir='ltr'><strong>tunt,</strong></span> <span class='ocrx_word' id='word_1_566' title='bbox 737 4415 926 4472; x_wconf 85' lang='lat' dir='ltr'><strong>divina</strong></span> <span class='ocrx_word' id='word_1_567' title='bbox 961 4418 1034 4473; x_wconf 87' lang='lat' dir='ltr'><strong>sit</strong></span> <span class='ocrx_word' id='word_1_568' title='bbox 1056 4419 1168 4476; x_wconf 91' lang='lat' dir='ltr'><strong>illis</strong></span> <span class='ocrx_word' id='word_1_569' title='bbox 1190 4421 1335 4483; x_wconf 83' lang='lat' dir='ltr'><strong>dona</strong></span> <span class='ocrx_word' id='word_1_570' title='bbox 1352 4423 1802 4483; x_wconf 89' lang='lat' dir='ltr'><strong>conciliaturum.</strong></span> 
     </span>
    </p>
   </div>
   <div class='ocr_carea' id='block_1_78' title="bbox 625 4693 1194 4754">
    <p class='ocr_par' dir='ltr' id='par_1_78' title="bbox 625 4693 1194 4754">
     <span class='ocr_line' id='line_1_78' title="bbox 625 4693 1194 4754; baseline 0.011 -6"><span class='ocrx_word' id='word_1_571' title='bbox 625 4693 822 4750; x_wconf 85' lang='lat' dir='ltr'><strong>PALL.</strong></span> <span class='ocrx_word' id='word_1_572' title='bbox 853 4697 1058 4752; x_wconf 83' lang='lat' dir='ltr'><strong>Verum</strong></span> <span class='ocrx_word' id='word_1_573' title='bbox 1091 4707 1194 4754; x_wconf 90' lang='lat' dir='ltr'><strong>est.</strong></span> 
     </span>
    </p>
   </div>
   <div class='ocr_carea' id='block_1_79' title="bbox 624 4785 2145 4855">
    <p class='ocr_par' dir='ltr' id='par_1_79' title="bbox 624 4785 2145 4855">
     <span class='ocr_line' id='line_1_79' title="bbox 624 4785 2145 4855; baseline 0.008 -14"><span class='ocrx_word' id='word_1_574' title='bbox 624 4785 782 4842; x_wconf 85' lang='lat' dir='ltr'><strong>CYR.</strong></span> <span class='ocrx_word' id='word_1_575' title='bbox 804 4788 963 4855; x_wconf 86' lang='lat' dir='ltr'><strong>Nam,</strong></span> <span class='ocrx_word' id='word_1_576' title='bbox 985 4794 1032 4845; x_wconf 90' lang='lat' dir='ltr'><strong>si</strong></span> <span class='ocrx_word' id='word_1_577' title='bbox 1055 4805 1222 4846; x_wconf 85' lang='lat' dir='ltr'><strong>manu</strong></span> <span class='ocrx_word' id='word_1_578' title='bbox 1245 4789 1512 4846; x_wconf 86' lang='lat' dir='ltr'><strong>fabricata</strong></span> <span class='ocrx_word' id='word_1_579' title='bbox 1543 4790 1836 4847; x_wconf 85' lang='lat' dir='ltr'><strong>simulacra</strong></span> <span class='ocrx_word' id='word_1_580' title='bbox 1854 4792 2145 4853; x_wconf 78' lang='lat' dir='ltr'><strong>destruxe-</strong></span> 
     </span>
    </p>
   </div>
   <div class='ocr_carea' id='block_1_80' title="bbox 555 4876 2142 4958">
    <p class='ocr_par' dir='ltr' id='par_1_80' title="bbox 555 4876 2142 4958">
     <span class='ocr_line' id='line_1_80' title="bbox 555 4876 2142 4958; baseline 0.006 -24"><span class='ocrx_word' id='word_1_581' title='bbox 555 4876 654 4945; x_wconf 84' lang='lat' dir='ltr'><strong>ris,</strong></span> <span class='ocrx_word' id='word_1_582' title='bbox 689 4879 890 4950; x_wconf 90' lang='lat' dir='ltr'><strong>inquit,</strong></span> <span class='ocrx_word' id='word_1_583' title='bbox 920 4897 985 4936; x_wconf 91' lang='lat' dir='ltr'><strong>ac</strong></span> <span class='ocrx_word' id='word_1_584' title='bbox 1007 4881 1121 4937; x_wconf 92' lang='lat' dir='ltr'><strong>Deo</strong></span> <span class='ocrx_word' id='word_1_585' title='bbox 1142 4880 1402 4936; x_wconf 86' lang='lat' dir='ltr'><strong>servieris</strong></span> <span class='ocrx_word' id='word_1_586' title='bbox 1423 4896 1609 4936; x_wconf 91' lang='lat' dir='ltr'><strong>mores</strong></span> <span class='ocrx_word' id='word_1_587' title='bbox 1631 4881 1848 4938; x_wconf 92' lang='lat' dir='ltr'><strong>illorum</strong></span> <span class='ocrx_word' id='word_1_588' title='bbox 1892 4901 2142 4958; x_wconf 90' lang='lat' dir='ltr'><strong>perosus,</strong></span> 
     </span>
    </p>
   </div>
   <div class='ocr_carea' id='block_1_81' title="bbox 561 4968 2147 5050">
    <p class='ocr_par' dir='ltr' id='par_1_81' title="bbox 561 4968 2147 5050">
     <span class='ocr_line' id='line_1_81' title="bbox 561 4968 2147 5050; baseline 0.009 -28"><span class='ocrx_word' id='word_1_589' title='bbox 561 4988 582 5022; x_wconf 84' lang='grc'><strong><em>‹</em></strong></span> <span class='ocrx_word' id='word_1_590' title='bbox 603 4968 931 5027; x_wconf 90' lang='lat' dir='ltr'><strong>Benedicam</strong></span> <span class='ocrx_word' id='word_1_591' title='bbox 953 4986 1152 5042; x_wconf 88' lang='lat' dir='ltr'><strong>panem</strong></span> <span class='ocrx_word' id='word_1_592' title='bbox 1176 4979 1355 5037; x_wconf 90' lang='lat' dir='ltr'><strong>tuum,</strong></span> <span class='ocrx_word' id='word_1_593' title='bbox 1377 4980 1434 5026; x_wconf 91' lang='lat' dir='ltr'><strong>et</strong></span> <span class='ocrx_word' id='word_1_594' title='bbox 1453 4972 1643 5026; x_wconf 84' lang='lat' dir='ltr'><strong>vinum</strong></span> <span class='ocrx_word' id='word_1_595' title='bbox 1667 4980 1845 5041; x_wconf 92' lang='lat' dir='ltr'><strong>tuum,</strong></span> <span class='ocrx_word' id='word_1_596' title='bbox 1871 4984 1927 5032; x_wconf 90' lang='lat' dir='ltr'><strong>et</strong></span> <span class='ocrx_word' id='word_1_597' title='bbox 1949 4994 2147 5050; x_wconf 89' lang='lat' dir='ltr'><strong>aquam</strong></span> 
     </span>
    </p>
   </div>
   <div class='ocr_carea' id='block_1_82' title="bbox 553 5063 2147 5137">
    <p class='ocr_par' dir='ltr' id='par_1_82' title="bbox 553 5063 2147 5137">
     <span class='ocr_line' id='line_1_82' title="bbox 553 5063 2147 5137; baseline 0.007 -21"><span class='ocrx_word' id='word_1_598' title='bbox 553 5069 727 5117; x_wconf 85' lang='lat' dir='ltr'><strong>tuam.</strong></span> <span class='ocrx_word' id='word_1_599' title='bbox 771 5081 789 5115; x_wconf 74' lang='grc' dir='ltr'><strong>ι</strong></span> <span class='ocrx_word' id='word_1_600' title='bbox 821 5063 1082 5135; x_wconf 84' lang='lat' dir='ltr'><strong>Mysticns</strong></span> <span class='ocrx_word' id='word_1_601' title='bbox 1114 5063 1208 5118; x_wconf 90' lang='lat' dir='ltr'><strong>hic</strong></span> <span class='ocrx_word' id='word_1_602' title='bbox 1236 5079 1420 5119; x_wconf 88' lang='lat' dir='ltr'><strong>sermo</strong></span> <span class='ocrx_word' id='word_1_603' title='bbox 1443 5072 1530 5120; x_wconf 81' lang='lat' dir='ltr'><strong>est</strong></span> <span class='ocrx_word' id='word_1_604' title='bbox 1550 5073 1713 5136; x_wconf 88' lang='lat' dir='ltr'><strong>atque</strong></span> <span class='ocrx_word' id='word_1_605' title='bbox 1739 5067 1994 5137; x_wconf 88' lang='lat' dir='ltr'><strong>abditus;</strong></span> <span class='ocrx_word' id='word_1_606' title='bbox 2017 5087 2147 5127; x_wconf 88' lang='lat' dir='ltr'><strong>nam</strong></span> 
     </span>
    </p>
   </div>
   <div class='ocr_carea' id='block_1_83' title="bbox 551 5151 2150 5228">
    <p class='ocr_par' dir='ltr' id='par_1_83' title="bbox 551 5151 2150 5228">
     <span class='ocr_line' id='line_1_83' title="bbox 551 5151 2150 5228; baseline 0.006 -22"><span class='ocrx_word' id='word_1_607' title='bbox 551 5153 788 5208; x_wconf 87' lang='lat' dir='ltr'><strong>sinceris</strong></span> <span class='ocrx_word' id='word_1_608' title='bbox 803 5153 900 5208; x_wconf 89' lang='lat' dir='ltr'><strong>Dei</strong></span> <span class='ocrx_word' id='word_1_609' title='bbox 914 5152 1232 5208; x_wconf 86' lang='lat' dir='ltr'><strong>cultoribus</strong></span> <span class='ocrx_word' id='word_1_610' title='bbox 1255 5151 1346 5208; x_wconf 87' lang='lat' dir='ltr'><strong>illa</strong></span> <span class='ocrx_word' id='word_1_611' title='bbox 1365 5153 1571 5210; x_wconf 90' lang='lat' dir='ltr'><strong>Christi</strong></span> <span class='ocrx_word' id='word_1_612' title='bbox 1589 5157 1980 5228; x_wconf 84' lang='lat' dir='ltr'><strong>mysteriorum</strong></span> <span class='ocrx_word' id='word_1_613' title='bbox 1997 5175 2150 5215; x_wconf 88' lang='lat' dir='ltr'><strong>com-</strong></span> 
     </span>
    </p>
   </div>
   <div class='ocr_carea' id='block_1_84' title="bbox 550 5242 2147 5320">
    <p class='ocr_par' dir='ltr' id='par_1_84' title="bbox 550 5242 2147 5320">
     <span class='ocr_line' id='line_1_84' title="bbox 550 5242 2147 5320; baseline 0.006 -24"><span class='ocrx_word' id='word_1_614' title='bbox 550 5242 876 5306; x_wconf 88' lang='lat' dir='ltr'><strong>municatio,</strong></span> <span class='ocrx_word' id='word_1_615' title='bbox 911 5250 968 5296; x_wconf 91' lang='lat' dir='ltr'><strong>et</strong></span> <span class='ocrx_word' id='word_1_616' title='bbox 1007 5242 1183 5298; x_wconf 90' lang='lat' dir='ltr'><strong>sancti</strong></span> <span class='ocrx_word' id='word_1_617' title='bbox 1220 5243 1566 5315; x_wconf 86' lang='lat' dir='ltr'><strong>baptismatis</strong></span> <span class='ocrx_word' id='word_1_618' title='bbox 1589 5247 1761 5318; x_wconf 86' lang='lat' dir='ltr'><strong>gratia</strong></span> <span class='ocrx_word' id='word_1_619' title='bbox 1785 5248 1857 5306; x_wconf 81' lang='lat' dir='ltr'><strong>ad</strong></span> <span class='ocrx_word' id='word_1_620' title='bbox 1881 5249 2147 5320; x_wconf 88' lang='lat' dir='ltr'><strong>spiritua-</strong></span> 
     </span>
    </p>
   </div>
   <div class='ocr_carea' id='block_1_85' title="bbox 549 5334 2143 5412">
    <p class='ocr_par' dir='ltr' id='par_1_85' title="bbox 549 5334 2143 5412">
     <span class='ocr_line' id='line_1_85' title="bbox 549 5334 2143 5412; baseline 0.004 -20"><span class='ocrx_word' id='word_1_621' title='bbox 549 5334 658 5392; x_wconf 89' lang='lat' dir='ltr'><strong>lem</strong></span> <span class='ocrx_word' id='word_1_622' title='bbox 683 5334 1131 5391; x_wconf 91' lang='lat' dir='ltr'><strong>benedictionem</strong></span> <span class='ocrx_word' id='word_1_623' title='bbox 1155 5336 1330 5404; x_wconf 89' lang='lat' dir='ltr'><strong>valet;</strong></span> <span class='ocrx_word' id='word_1_624' title='bbox 1351 5337 1420 5394; x_wconf 89' lang='lat' dir='ltr'><strong>iis</strong></span> <span class='ocrx_word' id='word_1_625' title='bbox 1456 5347 1640 5395; x_wconf 88' lang='lat' dir='ltr'><strong>autem</strong></span> <span class='ocrx_word' id='word_1_626' title='bbox 1664 5340 1760 5411; x_wconf 92' lang='lat' dir='ltr'><strong>qui</strong></span> <span class='ocrx_word' id='word_1_627' title='bbox 1785 5341 1992 5412; x_wconf 89' lang='lat' dir='ltr'><strong>duplici</strong></span> <span class='ocrx_word' id='word_1_628' title='bbox 2012 5352 2143 5399; x_wconf 86' lang='lat' dir='ltr'><strong>sunt</strong></span> 
     </span>
    </p>
   </div>
   <div class='ocr_carea' id='block_1_86' title="bbox 520 5426 2140 5538">
    <p class='ocr_par' dir='ltr' id='par_1_86' title="bbox 520 5426 2140 5538">
     <span class='ocr_line' id='line_1_86' title="bbox 520 5426 2140 5538; baseline 0.006 -54"><span class='ocrx_word' id='word_1_629' title='bbox 520 5427 736 5538; x_wconf 61' lang='lat' dir='ltr'><strong>,ldhuc</strong></span> <span class='ocrx_word' id='word_1_630' title='bbox 759 5426 966 5492; x_wconf 88' lang='lat' dir='ltr'><strong>animo,</strong></span> <span class='ocrx_word' id='word_1_631' title='bbox 996 5435 1054 5483; x_wconf 90' lang='lat' dir='ltr'><strong>et</strong></span> <span class='ocrx_word' id='word_1_632' title='bbox 1091 5427 1160 5483; x_wconf 90' lang='lat' dir='ltr'><strong>ad</strong></span> <span class='ocrx_word' id='word_1_633' title='bbox 1203 5428 1568 5487; x_wconf 88' lang='lat' dir='ltr'><strong>defectionem</strong></span> <span class='ocrx_word' id='word_1_634' title='bbox 1611 5439 1668 5488; x_wconf 90' lang='lat' dir='ltr'><strong>et</strong></span> <span class='ocrx_word' id='word_1_635' title='bbox 1701 5435 1980 5504; x_wconf 85' lang='lat' dir='ltr'><strong>apostasin</strong></span> <span class='ocrx_word' id='word_1_636' title='bbox 2013 5451 2140 5506; x_wconf 87' lang='lat' dir='ltr'><strong>spe-</strong></span> 
     </span>
    </p>
   </div>
   <div class='ocr_carea' id='block_1_87' title="bbox 520 5518 2139 5608">
    <p class='ocr_par' dir='ltr' id='par_1_87' title="bbox 520 5518 2139 5608">
     <span class='ocr_line' id='line_1_87' title="bbox 520 5518 2139 5608; baseline 0.006 -34"><span class='ocrx_word' id='word_1_637' title='bbox 520 5518 736 5608; x_wconf 54' lang='lat' dir='ltr'><strong>,‘ctant,</strong></span> <span class='ocrx_word' id='word_1_638' title='bbox 779 5518 863 5573; x_wconf 88' lang='lat' dir='ltr'><strong>ira</strong></span> <span class='ocrx_word' id='word_1_639' title='bbox 917 5526 975 5574; x_wconf 90' lang='lat' dir='ltr'><strong>et</strong></span> <span class='ocrx_word' id='word_1_640' title='bbox 1013 5521 1421 5589; x_wconf 85' lang='lat' dir='ltr'><strong>condemnatio,</strong></span> <span class='ocrx_word' id='word_1_641' title='bbox 1458 5531 1516 5579; x_wconf 89' lang='lat' dir='ltr'><strong>et</strong></span> <span class='ocrx_word' id='word_1_642' title='bbox 1571 5525 1846 5581; x_wconf 88' lang='lat' dir='ltr'><strong>malorum</strong></span> <span class='ocrx_word' id='word_1_643' title='bbox 1890 5527 2139 5583; x_wconf 88' lang='lat' dir='ltr'><strong>omnium</strong></span> 
     </span>
    </p>
   </div>
   <div class='ocr_carea' id='block_1_88' title="bbox 524 5610 2138 5690">
    <p class='ocr_par' dir='ltr' id='par_1_88' title="bbox 524 5610 2138 5690">
     <span class='ocr_line' id='line_1_88' title="bbox 524 5610 2138 5690; baseline 0.007 -24"><span class='ocrx_word' id='word_1_644' title='bbox 524 5610 806 5667; x_wconf 86' lang='lat' dir='ltr'><strong>&#39;cumulus</strong></span> <span class='ocrx_word' id='word_1_645' title='bbox 842 5617 931 5665; x_wconf 88' lang='lat' dir='ltr'><strong>est</strong></span> <span class='ocrx_word' id='word_1_646' title='bbox 968 5612 1119 5670; x_wconf 90' lang='lat' dir='ltr'><strong>illius</strong></span> <span class='ocrx_word' id='word_1_647' title='bbox 1151 5614 1456 5685; x_wconf 89' lang='lat' dir='ltr'><strong>spiritualis</strong></span> <span class='ocrx_word' id='word_1_648' title='bbox 1487 5616 1895 5674; x_wconf 89' lang='lat' dir='ltr'><strong>benedictionis</strong></span> <span class='ocrx_word' id='word_1_649' title='bbox 1943 5632 2138 5690; x_wconf 89' lang='lat' dir='ltr'><strong>perce-</strong></span> 
     </span>
    </p>
   </div>
   <div class='ocr_carea' id='block_1_89' title="bbox 617 5735 1115 5835">
    <p class='ocr_par' dir='ltr' id='par_1_89' title="bbox 617 5735 1115 5835">
     <span class='ocr_line' id='line_1_89' title="bbox 617 5735 1115 5835; baseline 0.01 -15"><span class='ocrx_word' id='word_1_650' title='bbox 617 5763 664 5796; x_wconf 76' lang='grc' dir='ltr'><strong>οσ</strong></span> <span class='ocrx_word' id='word_1_651' title='bbox 688 5761 858 5822; x_wconf 86' lang='lat' dir='ltr'><strong>llebr.</strong></span> <span class='ocrx_word' id='word_1_652' title='bbox 884 5782 938 5835; x_wconf 75' lang='grc' dir='ltr'><strong>ι,</strong></span> <span class='ocrx_word' id='word_1_653' title='bbox 961 5766 1052 5824; x_wconf 72' lang='lat'><strong>29.</strong></span> <span class='ocrx_word' id='word_1_654' title='bbox 1111 5735 1115 5740; x_wconf 69' lang='grc'><em>’</em></span> 
     </span>
    </p>
   </div>
   <div class='ocr_carea' id='block_1_90' title="bbox 626 5879 2031 5963">
    <p class='ocr_par' dir='ltr' id='par_1_90' title="bbox 626 5879 2031 5963">
     <span class='ocr_line' id='line_1_90' title="bbox 626 5879 2031 5963; baseline 0.009 -29"><span class='ocrx_word' id='word_1_655' title='bbox 626 5879 705 5952; x_wconf 80' lang='grc'><strong>(1)</strong></span> <span class='ocrx_word' id='word_1_656' title='bbox 739 5881 824 5940; x_wconf 80' lang='grc' dir='ltr'><strong>ΑΙ.</strong></span> <span class='ocrx_word' id='word_1_657' title='bbox 853 5885 964 5941; x_wconf 82' lang='lat' dir='ltr'><strong>Kal</strong></span> <span class='ocrx_word' id='word_1_658' title='bbox 993 5885 1103 5960; x_wconf 83' lang='grc' dir='ltr'>γὰρ</span> <span class='ocrx_word' id='word_1_659' title='bbox 1127 5887 1226 5958; x_wconf 80' lang='grc' dir='ltr'><strong>οὐχ</strong></span> <span class='ocrx_word' id='word_1_660' title='bbox 1253 5881 1418 5960; x_wconf 80' lang='grc' dir='ltr'>ἦττόν</span> <span class='ocrx_word' id='word_1_661' title='bbox 1444 5905 1496 5942; x_wconf 89' lang='grc' dir='ltr'><strong>τι</strong></span> <span class='ocrx_word' id='word_1_662' title='bbox 1520 5906 1568 5944; x_wconf 91' lang='grc' dir='ltr'><strong>τ.</strong></span> <span class='ocrx_word' id='word_1_663' title='bbox 1600 5889 1648 5945; x_wconf 90' lang='grc' dir='ltr'>δ.</span> <span class='ocrx_word' id='word_1_664' title='bbox 1680 5908 1728 5946; x_wconf 90' lang='grc' dir='ltr'>τ.</span> <span class='ocrx_word' id='word_1_665' title='bbox 1761 5908 1818 5963; x_wconf 91' lang='grc' dir='ltr'>μ.</span> <span class='ocrx_word' id='word_1_666' title='bbox 1859 5890 2031 5946; x_wconf 70' lang='grc' dir='ltr'>ἔσται.</span> 
     </span>
    </p>
   </div>
   <div class='ocr_carea' id='block_1_91' title="bbox 2259 3397 3855 3471">
    <p class='ocr_par' dir='ltr' id='par_1_91' title="bbox 2259 3397 3855 3471">
     <span class='ocr_line' id='line_1_91' title="bbox 2259 3397 3855 3471; baseline 0.001 -18"><span class='ocrx_word' id='word_1_667' title='bbox 2259 3401 2446 3470; x_wconf 82' lang='grc' dir='ltr'>νὴσεις</span> <span class='ocrx_word' id='word_1_668' title='bbox 2476 3401 2587 3464; x_wconf 83' lang='grc' dir='ltr'>τοῖς</span> <span class='ocrx_word' id='word_1_669' title='bbox 2620 3399 2763 3464; x_wconf 85' lang='grc' dir='ltr'>θεοῖς</span> <span class='ocrx_word' id='word_1_670' title='bbox 2789 3398 2992 3464; x_wconf 77' lang='grc' dir='ltr'>αὐτῶν,</span> <span class='ocrx_word' id='word_1_671' title='bbox 3029 3398 3136 3453; x_wconf 81' lang='grc' dir='ltr'>οὐδ’</span> <span class='ocrx_word' id='word_1_672' title='bbox 3171 3399 3232 3452; x_wconf 85' lang='grc' dir='ltr'>οὐ</span> <span class='ocrx_word' id='word_1_673' title='bbox 3263 3397 3338 3470; x_wconf 82' lang='grc' dir='ltr'>μὴ</span> <span class='ocrx_word' id='word_1_674' title='bbox 3364 3397 3672 3471; x_wconf 83' lang='grc' dir='ltr'>λατρεύσῃς</span> <span class='ocrx_word' id='word_1_675' title='bbox 3711 3397 3855 3455; x_wconf 74' lang='grc' dir='ltr'>κατὰ</span> 
     </span>
    </p>
   </div>
   <div class='ocr_carea' id='block_1_92' title="bbox 2256 3492 3852 3568">
    <p class='ocr_par' dir='ltr' id='par_1_92' title="bbox 2256 3492 3852 3568">
     <span class='ocr_line' id='line_1_92' title="bbox 2256 3492 3852 3568; baseline 0.004 -22"><span class='ocrx_word' id='word_1_676' title='bbox 2256 3493 2324 3547; x_wconf 84' lang='grc' dir='ltr'>τὰ</span> <span class='ocrx_word' id='word_1_677' title='bbox 2351 3492 2488 3564; x_wconf 78' lang='grc' dir='ltr'>ἔργα</span> <span class='ocrx_word' id='word_1_678' title='bbox 2518 3493 2722 3559; x_wconf 74' lang='grc' dir='ltr'>αὐτῶν,</span> <span class='ocrx_word' id='word_1_679' title='bbox 2751 3492 2888 3547; x_wconf 77' lang='grc' dir='ltr'>ἀλλὰ</span> <span class='ocrx_word' id='word_1_680' title='bbox 2920 3495 3247 3568; x_wconf 82' lang='grc' dir='ltr'>καθαιρέσει</span> <span class='ocrx_word' id='word_1_681' title='bbox 3271 3497 3526 3561; x_wconf 87' lang='grc' dir='ltr'>καθελεῖς</span> <span class='ocrx_word' id='word_1_682' title='bbox 3544 3539 3560 3564; x_wconf 94' lang='grc'><strong>,</strong></span> <span class='ocrx_word' id='word_1_683' title='bbox 3598 3499 3696 3552; x_wconf 75' lang='grc' dir='ltr'><strong>καὶ</strong></span> <span class='ocrx_word' id='word_1_684' title='bbox 3725 3515 3852 3553; x_wconf 89' lang='grc' dir='ltr'>συν-</span> 
     </span>
    </p>
   </div>
   <div class='ocr_carea' id='block_1_93' title="bbox 2257 3584 3853 3663">
    <p class='ocr_par' dir='ltr' id='par_1_93' title="bbox 2257 3584 3853 3663">
     <span class='ocr_line' id='line_1_93' title="bbox 2257 3584 3853 3663; baseline 0.006 -27"><span class='ocrx_word' id='word_1_685' title='bbox 2257 3585 2459 3655; x_wconf 78' lang='grc' dir='ltr'>τρίὸων</span> <span class='ocrx_word' id='word_1_686' title='bbox 2489 3584 2800 3657; x_wconf 78' lang='grc' dir='ltr'>συντρίψεις</span> <span class='ocrx_word' id='word_1_687' title='bbox 2825 3586 2925 3650; x_wconf 82' lang='grc' dir='ltr'>τὰς</span> <span class='ocrx_word' id='word_1_688' title='bbox 2955 3587 3156 3661; x_wconf 80' lang='grc' dir='ltr'>στήλας</span> <span class='ocrx_word' id='word_1_689' title='bbox 3181 3589 3384 3655; x_wconf 79' lang='grc' dir='ltr'>αῢτῶν.</span> <span class='ocrx_word' id='word_1_690' title='bbox 3410 3591 3506 3645; x_wconf 80' lang='grc' dir='ltr'>καὶ</span> <span class='ocrx_word' id='word_1_691' title='bbox 3535 3591 3853 3663; x_wconf 81' lang='grc' dir='ltr'>λατρεύσεις</span> 
     </span>
    </p>
   </div>
   <div class='ocr_carea' id='block_1_94' title="bbox 2257 3678 3936 3757">
    <p class='ocr_par' dir='ltr' id='par_1_94' title="bbox 2257 3678 3936 3757">
     <span class='ocr_line' id='line_1_94' title="bbox 2257 3678 3936 3757; baseline 0.005 -25"><span class='ocrx_word' id='word_1_692' title='bbox 2257 3678 2451 3749; x_wconf 80' lang='grc' dir='ltr'>Κυρίῳ</span> <span class='ocrx_word' id='word_1_693' title='bbox 2483 3679 2562 3750; x_wconf 83' lang='grc' dir='ltr'><strong>τῷ</strong></span> <span class='ocrx_word' id='word_1_694' title='bbox 2591 3679 2709 3752; x_wconf 84' lang='grc' dir='ltr'><strong>Θεῷ</strong></span> <span class='ocrx_word' id='word_1_695' title='bbox 2757 3694 2852 3734; x_wconf 89' lang='grc' dir='ltr'><strong>σου</strong></span> <span class='ocrx_word' id='word_1_696' title='bbox 2879 3723 2893 3745; x_wconf 94' lang='grc'><strong>,</strong></span> <span class='ocrx_word' id='word_1_697' title='bbox 2942 3683 3036 3736; x_wconf 83' lang='grc' dir='ltr'>καὶ</span> <span class='ocrx_word' id='word_1_698' title='bbox 3081 3683 3366 3754; x_wconf 79' lang='grc' dir='ltr'>εὐλογήσω</span> <span class='ocrx_word' id='word_1_699' title='bbox 3405 3684 3496 3738; x_wconf 75' lang='grc' dir='ltr'><strong>τὸν</strong></span> <span class='ocrx_word' id='word_1_700' title='bbox 3527 3685 3692 3757; x_wconf 68' lang='grc' dir='ltr'>ἄρτον</span> <span class='ocrx_word' id='word_1_701' title='bbox 3732 3703 3851 3753; x_wconf 91' lang='grc' dir='ltr'>σου,</span> <span class='ocrx_word' id='word_1_702' title='bbox 3923 3714 3936 3720; x_wconf 81' lang='grc'><strong>-</strong></span> 
     </span>
    </p>
   </div>
   <div class='ocr_carea' id='block_1_95' title="bbox 2257 3767 3855 3848">
    <p class='ocr_par' dir='ltr' id='par_1_95' title="bbox 2257 3767 3855 3848">
     <span class='ocr_line' id='line_1_95' title="bbox 2257 3767 3855 3848; baseline 0.004 -24"><span class='ocrx_word' id='word_1_703' title='bbox 2257 3771 2356 3824; x_wconf 68' lang='grc' dir='ltr'>καὶ</span> <span class='ocrx_word' id='word_1_704' title='bbox 2382 3772 2474 3825; x_wconf 74' lang='grc' dir='ltr'><strong>τὸν</strong></span> <span class='ocrx_word' id='word_1_705' title='bbox 2507 3767 2648 3827; x_wconf 72' lang='grc' dir='ltr'>οἶνόν</span> <span class='ocrx_word' id='word_1_706' title='bbox 2684 3789 2777 3826; x_wconf 92' lang='grc' dir='ltr'><strong>σου</strong></span> <span class='ocrx_word' id='word_1_707' title='bbox 2806 3813 2820 3838; x_wconf 92' lang='grc'><strong>,</strong></span> <span class='ocrx_word' id='word_1_708' title='bbox 2847 3774 2941 3827; x_wconf 73' lang='grc' dir='ltr'>καὶ</span> <span class='ocrx_word' id='word_1_709' title='bbox 2968 3773 3028 3827; x_wconf 80' lang='grc' dir='ltr'><strong>τὸ</strong></span> <span class='ocrx_word' id='word_1_710' title='bbox 3060 3774 3204 3846; x_wconf 75' lang='grc' dir='ltr'>ὕδωρ</span> <span class='ocrx_word' id='word_1_711' title='bbox 3239 3792 3331 3828; x_wconf 93' lang='grc' dir='ltr'><strong>σου</strong></span> <span class='ocrx_word' id='word_1_712' title='bbox 3357 3791 3372 3806; x_wconf 78' lang='grc' dir='ltr'><strong>ο</strong></span> <span class='ocrx_word' id='word_1_713' title='bbox 3406 3777 3501 3830; x_wconf 74' lang='grc' dir='ltr'>καὶ</span> <span class='ocrx_word' id='word_1_714' title='bbox 3522 3777 3855 3848; x_wconf 60' lang='grc' dir='ltr'>άποστρέᾲω</span> 
     </span>
    </p>
   </div>
   <div class='ocr_carea' id='block_1_96' title="bbox 2260 3865 3852 3942">
    <p class='ocr_par' dir='ltr' id='par_1_96' title="bbox 2260 3865 3852 3942">
     <span class='ocr_line' id='line_1_96' title="bbox 2260 3865 3852 3942; baseline 0.003 -22"><span class='ocrx_word' id='word_1_715' title='bbox 2260 3865 2537 3936; x_wconf 77' lang='grc' dir='ltr'>μαλακίαν</span> <span class='ocrx_word' id='word_1_716' title='bbox 2569 3867 2664 3936; x_wconf 79' lang='grc' dir='ltr'><strong>ἀφ’</strong></span> <span class='ocrx_word' id='word_1_717' title='bbox 2719 3866 2876 3939; x_wconf 82' lang='grc' dir='ltr'>ὑμῶν</span> <span class='ocrx_word' id='word_1_718' title='bbox 2896 3884 2909 3899; x_wconf 75' lang='grc' dir='ltr'><strong>ο</strong></span> <span class='ocrx_word' id='word_1_719' title='bbox 2943 3867 3046 3921; x_wconf 81' lang='grc' dir='ltr'><strong>οὐκ</strong></span> <span class='ocrx_word' id='word_1_720' title='bbox 3080 3867 3234 3921; x_wconf 74' lang='grc' dir='ltr'>ἔσται</span> <span class='ocrx_word' id='word_1_721' title='bbox 3273 3867 3488 3938; x_wconf 78' lang='grc' dir='ltr'>ἄγονος,</span> <span class='ocrx_word' id='word_1_722' title='bbox 3513 3869 3635 3924; x_wconf 77' lang='grc' dir='ltr'>οὐδὲ</span> <span class='ocrx_word' id='word_1_723' title='bbox 3664 3873 3852 3942; x_wconf 76' lang='grc' dir='ltr'>στεῖρα</span> 
     </span>
    </p>
   </div>
   <div class='ocr_carea' id='block_1_97' title="bbox 2257 3959 3851 4035">
    <p class='ocr_par' dir='ltr' id='par_1_97' title="bbox 2257 3959 3851 4035">
     <span class='ocr_line' id='line_1_97' title="bbox 2257 3959 3851 4035; baseline 0.003 -23"><span class='ocrx_word' id='word_1_724' title='bbox 2257 3959 2351 4013; x_wconf 80' lang='grc' dir='ltr'>ἐπὶ</span> <span class='ocrx_word' id='word_1_725' title='bbox 2384 3960 2485 4031; x_wconf 80' lang='grc' dir='ltr'>τῆς</span> <span class='ocrx_word' id='word_1_726' title='bbox 2531 3961 2633 4031; x_wconf 81' lang='grc' dir='ltr'>γῆς</span> <span class='ocrx_word' id='word_1_727' title='bbox 2684 3978 2818 4026; x_wconf 91' lang='grc' dir='ltr'>σου,</span> <span class='ocrx_word' id='word_1_728' title='bbox 2875 3959 2967 4014; x_wconf 83' lang='grc' dir='ltr'><strong>τὸν</strong></span> <span class='ocrx_word' id='word_1_729' title='bbox 3014 3960 3253 4032; x_wconf 84' lang='grc' dir='ltr'>ἀριθμὸν</span> <span class='ocrx_word' id='word_1_730' title='bbox 3312 3961 3422 4016; x_wconf 85' lang='grc' dir='ltr'><strong>τῶν</strong></span> <span class='ocrx_word' id='word_1_731' title='bbox 3473 3962 3697 4035; x_wconf 81' lang='grc' dir='ltr'>ἡμερῶν</span> <span class='ocrx_word' id='word_1_732' title='bbox 3754 3981 3851 4018; x_wconf 87' lang='grc' dir='ltr'><strong>σου</strong></span> 
     </span>
    </p>
   </div>
   <div class='ocr_carea' id='block_1_98' title="bbox 2257 4053 3851 4127">
    <p class='ocr_par' dir='ltr' id='par_1_98' title="bbox 2257 4053 3851 4127">
     <span class='ocr_line' id='line_1_98' title="bbox 2257 4053 3851 4127; baseline 0.003 -21"><span class='ocrx_word' id='word_1_733' title='bbox 2257 4053 2666 4126; x_wconf 84' lang='grc' dir='ltr'>ἀναπληρώσω.</span> <span class='ocrx_word' id='word_1_734' title='bbox 2714 4073 2733 4106; x_wconf 69' lang='grc' dir='ltr'><strong>ι</strong></span> <span class='ocrx_word' id='word_1_735' title='bbox 2773 4056 2931 4108; x_wconf 86' lang='grc' dir='ltr'>Ἔστι</span> <span class='ocrx_word' id='word_1_736' title='bbox 2960 4055 3070 4126; x_wconf 79' lang='grc' dir='ltr'>γὰρ</span> <span class='ocrx_word' id='word_1_737' title='bbox 3103 4055 3205 4108; x_wconf 82' lang='grc' dir='ltr'><strong>οὐκ</strong></span> <span class='ocrx_word' id='word_1_738' title='bbox 3237 4057 3583 4127; x_wconf 80' lang='grc' dir='ltr'>ἀσυμφανὲς,</span> <span class='ocrx_word' id='word_1_739' title='bbox 3617 4058 3693 4122; x_wconf 84' lang='grc' dir='ltr'>ὡς</span> <span class='ocrx_word' id='word_1_740' title='bbox 3734 4060 3851 4121; x_wconf 86' lang='grc' dir='ltr'>τοῖς</span> 
     </span>
    </p>
   </div>
   <div class='ocr_carea' id='block_1_99' title="bbox 2255 4144 3851 4219">
    <p class='ocr_par' dir='ltr' id='par_1_99' title="bbox 2255 4144 3851 4219">
     <span class='ocr_line' id='line_1_99' title="bbox 2255 4144 3851 4219; baseline 0.003 -21"><span class='ocrx_word' id='word_1_741' title='bbox 2255 4144 2398 4213; x_wconf 78' lang='grc' dir='ltr'>ἄγαν</span> <span class='ocrx_word' id='word_1_742' title='bbox 2436 4145 2854 4218; x_wconf 77' lang='grc' dir='ltr'>ἐρηρεισμένοις</span> <span class='ocrx_word' id='word_1_743' title='bbox 2900 4146 2994 4200; x_wconf 71' lang='grc' dir='ltr'>καὶ</span> <span class='ocrx_word' id='word_1_744' title='bbox 3023 4146 3083 4210; x_wconf 82' lang='grc' dir='ltr'><strong>ὲξ</strong></span> <span class='ocrx_word' id='word_1_745' title='bbox 3116 4146 3302 4215; x_wconf 84' lang='grc' dir='ltr'>ὑγιοῦς</span> <span class='ocrx_word' id='word_1_746' title='bbox 3343 4147 3582 4213; x_wconf 83' lang='grc' dir='ltr'>διανοίας</span> <span class='ocrx_word' id='word_1_747' title='bbox 3615 4147 3691 4219; x_wconf 92' lang='grc' dir='ltr'><strong>τῷ</strong></span> <span class='ocrx_word' id='word_1_748' title='bbox 3740 4148 3851 4202; x_wconf 82' lang='grc' dir='ltr'><strong>τῶν</strong></span> 
     </span>
    </p>
   </div>
   <div class='ocr_carea' id='block_1_100' title="bbox 2255 4235 3848 4312">
    <p class='ocr_par' dir='ltr' id='par_1_100' title="bbox 2255 4235 3848 4312">
     <span class='ocr_line' id='line_1_100' title="bbox 2255 4235 3848 4312; baseline 0.001 -22"><span class='ocrx_word' id='word_1_749' title='bbox 2255 4235 2394 4290; x_wconf 76' lang='grc' dir='ltr'>ὅλων</span> <span class='ocrx_word' id='word_1_750' title='bbox 2448 4236 2567 4309; x_wconf 85' lang='grc' dir='ltr'><strong>Θεῷ</strong></span> <span class='ocrx_word' id='word_1_751' title='bbox 2615 4238 3035 4310; x_wconf 85' lang='grc' dir='ltr'>προσκειμένοις</span> <span class='ocrx_word' id='word_1_752' title='bbox 3067 4277 3082 4302; x_wconf 95' lang='grc'><strong>,</strong></span> <span class='ocrx_word' id='word_1_753' title='bbox 3128 4239 3404 4306; x_wconf 82' lang='grc' dir='ltr'>ἀπόδειξίν</span> <span class='ocrx_word' id='word_1_754' title='bbox 3453 4257 3514 4294; x_wconf 88' lang='grc' dir='ltr'><strong>τε</strong></span> <span class='ocrx_word' id='word_1_755' title='bbox 3558 4239 3653 4292; x_wconf 84' lang='grc' dir='ltr'><strong>τοῦ</strong></span> <span class='ocrx_word' id='word_1_756' title='bbox 3704 4240 3848 4312; x_wconf 80' lang='grc' dir='ltr'>πρά-</span> 
     </span>
    </p>
   </div>
   <div class='ocr_carea' id='block_1_101' title="bbox 2257 4329 3849 4402">
    <p class='ocr_par' dir='ltr' id='par_1_101' title="bbox 2257 4329 3849 4402">
     <span class='ocr_line' id='line_1_101' title="bbox 2257 4329 3849 4402; baseline 0.001 -19"><span class='ocrx_word' id='word_1_757' title='bbox 2257 4346 2467 4401; x_wconf 88' lang='grc' dir='ltr'>γματος</span> <span class='ocrx_word' id='word_1_758' title='bbox 2501 4330 2706 4401; x_wconf 76' lang='grc' dir='ltr'>ἐναργῆ</span> <span class='ocrx_word' id='word_1_759' title='bbox 2757 4329 3032 4384; x_wconf 84' lang='grc' dir='ltr'>ποιεῖσθαι</span> <span class='ocrx_word' id='word_1_760' title='bbox 3085 4329 3492 4402; x_wconf 85' lang='grc' dir='ltr'>μεμελετηκόσι</span> <span class='ocrx_word' id='word_1_761' title='bbox 3521 4371 3535 4396; x_wconf 90' lang='grc'><strong>,</strong></span> <span class='ocrx_word' id='word_1_762' title='bbox 3565 4331 3628 4385; x_wconf 83' lang='grc' dir='ltr'>τὸ</span> <span class='ocrx_word' id='word_1_763' title='bbox 3671 4349 3849 4386; x_wconf 80' lang='grc' dir='ltr'>κατα-</span> 
     </span>
    </p>
   </div>
   <div class='ocr_carea' id='block_1_102' title="bbox 2257 4421 3843 4496">
    <p class='ocr_par' dir='ltr' id='par_1_102' title="bbox 2257 4421 3843 4496">
     <span class='ocr_line' id='line_1_102' title="bbox 2257 4421 3843 4496; baseline 0 -20"><span class='ocrx_word' id='word_1_764' title='bbox 2257 4423 2426 4477; x_wconf 88' lang='grc' dir='ltr'>σείειν</span> <span class='ocrx_word' id='word_1_765' title='bbox 2455 4421 2677 4494; x_wconf 85' lang='grc' dir='ltr'>βωμούς</span> <span class='ocrx_word' id='word_1_766' title='bbox 2721 4439 2781 4475; x_wconf 86' lang='grc' dir='ltr'><strong>τε</strong></span> <span class='ocrx_word' id='word_1_767' title='bbox 2813 4422 2909 4476; x_wconf 77' lang='grc' dir='ltr'><strong>καὶ</strong></span> <span class='ocrx_word' id='word_1_768' title='bbox 2947 4422 3174 4494; x_wconf 85' lang='grc' dir='ltr'>στήλας,</span> <span class='ocrx_word' id='word_1_769' title='bbox 3211 4422 3306 4477; x_wconf 82' lang='grc' dir='ltr'>καὶ</span> <span class='ocrx_word' id='word_1_770' title='bbox 3331 4423 3638 4495; x_wconf 82' lang='grc' dir='ltr'>ἀνθρώπων</span> <span class='ocrx_word' id='word_1_771' title='bbox 3677 4423 3843 4496; x_wconf 83' lang='grc' dir='ltr'>ἀθύρ-</span> 
     </span>
    </p>
   </div>
   <div class='ocr_carea' id='block_1_103' title="bbox 2259 4509 3847 4589">
    <p class='ocr_par' dir='ltr' id='par_1_103' title="bbox 2259 4509 3847 4589">
     <span class='ocr_line' id='line_1_103' title="bbox 2259 4509 3847 4589; baseline 0.003 -23"><span class='ocrx_word' id='word_1_772' title='bbox 2259 4531 2406 4584; x_wconf 83' lang='grc' dir='ltr'>ματα</span> <span class='ocrx_word' id='word_1_773' title='bbox 2438 4512 2918 4585; x_wconf 81' lang='grc' dir='ltr'>παρεφθαρμένων</span> <span class='ocrx_word' id='word_1_774' title='bbox 2949 4512 3040 4568; x_wconf 81' lang='grc' dir='ltr'>τὸν</span> <span class='ocrx_word' id='word_1_775' title='bbox 3074 4513 3236 4581; x_wconf 83' lang='grc' dir='ltr'>νοῦν,</span> <span class='ocrx_word' id='word_1_776' title='bbox 3287 4509 3449 4570; x_wconf 80' lang='grc' dir='ltr'>θείων</span> <span class='ocrx_word' id='word_1_777' title='bbox 3500 4514 3655 4570; x_wconf 78' lang='grc' dir='ltr'>ἔσται</span> <span class='ocrx_word' id='word_1_778' title='bbox 3692 4534 3847 4589; x_wconf 88' lang='grc' dir='ltr'>χαρι-</span> 
     </span>
    </p>
   </div>
   <div class='ocr_carea' id='block_1_104' title="bbox 2258 4603 2805 4677">
    <p class='ocr_par' dir='ltr' id='par_1_104' title="bbox 2258 4603 2805 4677">
     <span class='ocr_line' id='line_1_104' title="bbox 2258 4603 2805 4677; baseline 0.004 -19"><span class='ocrx_word' id='word_1_779' title='bbox 2258 4605 2486 4676; x_wconf 84' lang='grc' dir='ltr'>σμάτων</span> <span class='ocrx_word' id='word_1_780' title='bbox 2519 4603 2805 4677; x_wconf 80' lang='grc' dir='ltr'>πρόξενον.</span> 
     </span>
    </p>
   </div>
   <div class='ocr_carea' id='block_1_105' title="bbox 2326 4696 2834 4768">
    <p class='ocr_par' dir='ltr' id='par_1_105' title="bbox 2326 4696 2834 4768">
     <span class='ocr_line' id='line_1_105' title="bbox 2326 4696 2834 4768; baseline 0.004 -18"><span class='ocrx_word' id='word_1_781' title='bbox 2326 4696 2538 4752; x_wconf 79' lang='grc' dir='ltr'><strong>ΠΑΛΛ.</strong></span> <span class='ocrx_word' id='word_1_782' title='bbox 2587 4696 2834 4768; x_wconf 80' lang='grc' dir='ltr'>Ἀληθές.</span> 
     </span>
    </p>
   </div>
   <div class='ocr_carea' id='block_1_106' title="bbox 2325 4789 3827 4864">
    <p class='ocr_par' dir='ltr' id='par_1_106' title="bbox 2325 4789 3827 4864">
     <span class='ocr_line' id='line_1_106' title="bbox 2325 4789 3827 4864; baseline 0.003 -21"><span class='ocrx_word' id='word_1_783' title='bbox 2325 4790 2493 4844; x_wconf 78' lang='grc' dir='ltr'><strong>ΚΥΡ.</strong></span> <span class='ocrx_word' id='word_1_784' title='bbox 2533 4790 2598 4843; x_wconf 72' lang='lat' dir='ltr'><strong>Et</strong></span> <span class='ocrx_word' id='word_1_785' title='bbox 2645 4789 2756 4862; x_wconf 85' lang='grc' dir='ltr'>γὰρ</span> <span class='ocrx_word' id='word_1_786' title='bbox 2787 4791 2851 4862; x_wconf 83' lang='grc' dir='ltr'>δὴ</span> <span class='ocrx_word' id='word_1_787' title='bbox 2893 4790 3130 4863; x_wconf 83' lang='grc' dir='ltr'>καθέλῃς</span> <span class='ocrx_word' id='word_1_788' title='bbox 3161 4793 3228 4846; x_wconf 84' lang='grc' dir='ltr'>τὰ</span> <span class='ocrx_word' id='word_1_789' title='bbox 3272 4792 3650 4864; x_wconf 77' lang='grc' dir='ltr'>χειροποιητὰ,</span> <span class='ocrx_word' id='word_1_790' title='bbox 3691 4793 3827 4864; x_wconf 79' lang='grc' dir='ltr'>φησὶ</span> 
     </span>
    </p>
   </div>
   <div class='ocr_carea' id='block_1_107' title="bbox 2252 4881 3818 4958">
    <p class='ocr_par' dir='ltr' id='par_1_107' title="bbox 2252 4881 3818 4958">
     <span class='ocr_line' id='line_1_107' title="bbox 2252 4881 3818 4958; baseline 0.001 -22"><span class='ocrx_word' id='word_1_791' title='bbox 2252 4881 2611 4956; x_wconf 83' lang='grc' dir='ltr'>λατρεύσειάς</span> <span class='ocrx_word' id='word_1_792' title='bbox 2649 4899 2710 4936; x_wconf 90' lang='grc' dir='ltr'><strong>τε</strong></span> <span class='ocrx_word' id='word_1_793' title='bbox 2747 4883 2890 4954; x_wconf 87' lang='grc' dir='ltr'>Θεῷ,</span> <span class='ocrx_word' id='word_1_794' title='bbox 2925 4883 2996 4938; x_wconf 76' lang='grc' dir='ltr'><strong>τὰ</strong></span> <span class='ocrx_word' id='word_1_795' title='bbox 3037 4888 3167 4957; x_wconf 81' lang='grc' dir='ltr'>παρ’</span> <span class='ocrx_word' id='word_1_796' title='bbox 3209 4887 3438 4950; x_wconf 79' lang='grc' dir='ltr'>ἐκείνοις</span> <span class='ocrx_word' id='word_1_797' title='bbox 3461 4886 3557 4957; x_wconf 77' lang='grc' dir='ltr'>ἔθη</span> <span class='ocrx_word' id='word_1_798' title='bbox 3609 4903 3818 4958; x_wconf 85' lang='grc' dir='ltr'>μεμιση</span> 
     </span>
    </p>
   </div>
   <div class='ocr_carea' id='block_1_108' title="bbox 2253 4972 3846 5047">
    <p class='ocr_par' dir='ltr' id='par_1_108' title="bbox 2253 4972 3846 5047">
     <span class='ocr_line' id='line_1_108' title="bbox 2253 4972 3846 5047; baseline 0.003 -18"><span class='ocrx_word' id='word_1_799' title='bbox 2253 4972 2386 5042; x_wconf 89' lang='grc' dir='ltr'>κὼς,</span> <span class='ocrx_word' id='word_1_800' title='bbox 2422 4993 2441 5026; x_wconf 74' lang='grc' dir='ltr'><strong>ι</strong></span> <span class='ocrx_word' id='word_1_801' title='bbox 2485 4974 2784 5047; x_wconf 82' lang='grc' dir='ltr'>Εὑλογήσω</span> <span class='ocrx_word' id='word_1_802' title='bbox 2829 4977 2922 5032; x_wconf 84' lang='grc' dir='ltr'><strong>τὸν</strong></span> <span class='ocrx_word' id='word_1_803' title='bbox 2953 4977 3118 5046; x_wconf 78' lang='grc' dir='ltr'>ἄρτον</span> <span class='ocrx_word' id='word_1_804' title='bbox 3160 4996 3274 5044; x_wconf 92' lang='grc' dir='ltr'>σου,</span> <span class='ocrx_word' id='word_1_805' title='bbox 3311 4979 3406 5033; x_wconf 80' lang='grc' dir='ltr'>καὶ</span> <span class='ocrx_word' id='word_1_806' title='bbox 3433 4979 3525 5033; x_wconf 84' lang='grc' dir='ltr'><strong>τὸν</strong></span> <span class='ocrx_word' id='word_1_807' title='bbox 3554 4975 3697 5033; x_wconf 76' lang='grc' dir='ltr'>οἶνόν</span> <span class='ocrx_word' id='word_1_808' title='bbox 3730 4995 3846 5034; x_wconf 89' lang='grc' dir='ltr'>σου.</span> 
     </span>
    </p>
   </div>
   <div class='ocr_carea' id='block_1_109' title="bbox 2250 5066 3856 5140">
    <p class='ocr_par' dir='ltr' id='par_1_109' title="bbox 2250 5066 3856 5140">
     <span class='ocr_line' id='line_1_109' title="bbox 2250 5066 3856 5140; baseline 0.002 -20"><span class='ocrx_word' id='word_1_809' title='bbox 2250 5067 2346 5121; x_wconf 70' lang='grc' dir='ltr'><strong>καὶ</strong></span> <span class='ocrx_word' id='word_1_810' title='bbox 2377 5066 2440 5121; x_wconf 79' lang='grc' dir='ltr'>τὺ</span> <span class='ocrx_word' id='word_1_811' title='bbox 2472 5066 2616 5138; x_wconf 77' lang='grc' dir='ltr'>ὕδωρ</span> <span class='ocrx_word' id='word_1_812' title='bbox 2657 5087 2772 5124; x_wconf 92' lang='grc' dir='ltr'>σου.</span> <span class='ocrx_word' id='word_1_813' title='bbox 2818 5087 2836 5121; x_wconf 74' lang='grc' dir='ltr'><strong>ι</strong></span> <span class='ocrx_word' id='word_1_814' title='bbox 2891 5070 3170 5135; x_wconf 83' lang='grc' dir='ltr'>Μυστικὸς</span> <span class='ocrx_word' id='word_1_815' title='bbox 3222 5072 3251 5125; x_wconf 85' lang='grc' dir='ltr'>ὁ</span> <span class='ocrx_word' id='word_1_816' title='bbox 3293 5071 3454 5139; x_wconf 86' lang='grc' dir='ltr'>λόγος</span> <span class='ocrx_word' id='word_1_817' title='bbox 3506 5072 3603 5125; x_wconf 78' lang='grc' dir='ltr'>καὶ</span> <span class='ocrx_word' id='word_1_818' title='bbox 3654 5070 3856 5140; x_wconf 80' lang='grc' dir='ltr'>βαθύςο</span> 
     </span>
    </p>
   </div>
   <div class='ocr_carea' id='block_1_110' title="bbox 2249 5157 3851 5233">
    <p class='ocr_par' dir='ltr' id='par_1_110' title="bbox 2249 5157 3851 5233">
     <span class='ocr_line' id='line_1_110' title="bbox 2249 5157 3851 5233; baseline 0.004 -23"><span class='ocrx_word' id='word_1_819' title='bbox 2249 5158 2363 5221; x_wconf 88' lang='grc' dir='ltr'>τοῖς</span> <span class='ocrx_word' id='word_1_820' title='bbox 2395 5158 2504 5230; x_wconf 85' lang='grc' dir='ltr'>γὰρ</span> <span class='ocrx_word' id='word_1_821' title='bbox 2552 5157 2671 5230; x_wconf 86' lang='grc' dir='ltr'>Θεῷ</span> <span class='ocrx_word' id='word_1_822' title='bbox 2700 5160 2967 5230; x_wconf 85' lang='grc' dir='ltr'>γνησίοις,</span> <span class='ocrx_word' id='word_1_823' title='bbox 3018 5162 3156 5233; x_wconf 84' lang='grc' dir='ltr'>πρὸς</span> <span class='ocrx_word' id='word_1_824' title='bbox 3193 5163 3444 5232; x_wconf 81' lang='grc' dir='ltr'>εὐλογίας</span> <span class='ocrx_word' id='word_1_825' title='bbox 3491 5163 3646 5216; x_wconf 78' lang='grc' dir='ltr'>ἔσται</span> <span class='ocrx_word' id='word_1_826' title='bbox 3683 5180 3851 5216; x_wconf 82' lang='grc' dir='ltr'>πνευ-</span> 
     </span>
    </p>
   </div>
   <div class='ocr_carea' id='block_1_111' title="bbox 2252 5252 3852 5327">
    <p class='ocr_par' dir='ltr' id='par_1_111' title="bbox 2252 5252 3852 5327">
     <span class='ocr_line' id='line_1_111' title="bbox 2252 5252 3852 5327; baseline 0.003 -24"><span class='ocrx_word' id='word_1_827' title='bbox 2252 5253 2512 5321; x_wconf 84' lang='grc' dir='ltr'>ματικῆς.</span> <span class='ocrx_word' id='word_1_828' title='bbox 2543 5252 2652 5305; x_wconf 85' lang='grc' dir='ltr'><strong>τῶν</strong></span> <span class='ocrx_word' id='word_1_829' title='bbox 2677 5252 2770 5305; x_wconf 90' lang='grc' dir='ltr'><strong>τοῦ</strong></span> <span class='ocrx_word' id='word_1_830' title='bbox 2801 5253 3039 5325; x_wconf 88' lang='grc' dir='ltr'>Χριστοῦ</span> <span class='ocrx_word' id='word_1_831' title='bbox 3073 5256 3447 5327; x_wconf 84' lang='grc' dir='ltr'>μυστηρίωνή</span> <span class='ocrx_word' id='word_1_832' title='bbox 3477 5254 3718 5326; x_wconf 83' lang='grc' dir='ltr'>μέθεξις,</span> <span class='ocrx_word' id='word_1_833' title='bbox 3755 5256 3852 5310; x_wconf 75' lang='grc' dir='ltr'><strong>καὶ</strong></span> 
     </span>
    </p>
   </div>
   <div class='ocr_carea' id='block_1_112' title="bbox 2249 5343 3898 5419">
    <p class='ocr_par' dir='ltr' id='par_1_112' title="bbox 2249 5343 3898 5419">
     <span class='ocr_line' id='line_1_112' title="bbox 2249 5343 3898 5419; baseline 0.002 -23"><span class='ocrx_word' id='word_1_834' title='bbox 2249 5343 2284 5413; x_wconf 85' lang='grc' dir='ltr'>ἠ</span> <span class='ocrx_word' id='word_1_835' title='bbox 2313 5343 2402 5397; x_wconf 85' lang='grc' dir='ltr'>διὰ</span> <span class='ocrx_word' id='word_1_836' title='bbox 2430 5343 2526 5397; x_wconf 92' lang='grc' dir='ltr'><strong>τοῦ</strong></span> <span class='ocrx_word' id='word_1_837' title='bbox 2559 5343 2713 5413; x_wconf 83' lang='grc' dir='ltr'>ἁγίου</span> <span class='ocrx_word' id='word_1_838' title='bbox 2747 5345 3128 5417; x_wconf 87' lang='grc' dir='ltr'>βαπτίσματος</span> <span class='ocrx_word' id='word_1_839' title='bbox 3163 5348 3344 5418; x_wconf 87' lang='grc' dir='ltr'>χάρις.</span> <span class='ocrx_word' id='word_1_840' title='bbox 3379 5349 3504 5411; x_wconf 89' lang='grc' dir='ltr'>Τοῖς</span> <span class='ocrx_word' id='word_1_841' title='bbox 3536 5364 3601 5416; x_wconf 92' lang='grc' dir='ltr'><strong>γε</strong></span> <span class='ocrx_word' id='word_1_842' title='bbox 3632 5349 3738 5419; x_wconf 85' lang='grc' dir='ltr'><strong>μὴν</strong></span> <span class='ocrx_word' id='word_1_843' title='bbox 3771 5348 3850 5401; x_wconf 77' lang='grc' dir='ltr'>δι·</span> <span class='ocrx_word' id='word_1_844' title='bbox 3894 5359 3898 5364; x_wconf 87' lang='grc'><em>’</em></span> 
     </span>
    </p>
   </div>
   <div class='ocr_carea' id='block_1_113' title="bbox 2247 5435 3851 5514">
    <p class='ocr_par' dir='ltr' id='par_1_113' title="bbox 2247 5435 3851 5514">
     <span class='ocr_line' id='line_1_113' title="bbox 2247 5435 3851 5514; baseline 0.003 -25"><span class='ocrx_word' id='word_1_845' title='bbox 2247 5435 2514 5508; x_wconf 80' lang='grc' dir='ltr'>ψυχοῦσιν</span> <span class='ocrx_word' id='word_1_846' title='bbox 2548 5438 2660 5502; x_wconf 78' lang='grc' dir='ltr'>ἔτι,</span> <span class='ocrx_word' id='word_1_847' title='bbox 2702 5441 3088 5512; x_wconf 84' lang='grc' dir='ltr'>κεκινημένοις</span> <span class='ocrx_word' id='word_1_848' title='bbox 3127 5444 3207 5505; x_wconf 84' lang='grc' dir='ltr'><strong>είς</strong></span> <span class='ocrx_word' id='word_1_849' title='bbox 3233 5443 3557 5504; x_wconf 83' lang='grc' dir='ltr'>ἀπόστασιν,</span> <span class='ocrx_word' id='word_1_850' title='bbox 3587 5441 3728 5514; x_wconf 79' lang='grc' dir='ltr'><strong>ὀργή</strong></span> <span class='ocrx_word' id='word_1_851' title='bbox 3754 5441 3851 5495; x_wconf 75' lang='grc' dir='ltr'>καὶ</span> 
     </span>
    </p>
   </div>
   <div class='ocr_carea' id='block_1_114' title="bbox 2246 5530 3848 5605">
    <p class='ocr_par' dir='ltr' id='par_1_114' title="bbox 2246 5530 3848 5605">
     <span class='ocr_line' id='line_1_114' title="bbox 2246 5530 3848 5605; baseline 0 -19"><span class='ocrx_word' id='word_1_852' title='bbox 2246 5530 2592 5602; x_wconf 83' lang='grc' dir='ltr'>κατάκριμα·</span> <span class='ocrx_word' id='word_1_853' title='bbox 2631 5533 2725 5587; x_wconf 72' lang='grc' dir='ltr'>καὶ</span> <span class='ocrx_word' id='word_1_854' title='bbox 2763 5533 2817 5585; x_wconf 90' lang='grc' dir='ltr'><strong>τί</strong></span> <span class='ocrx_word' id='word_1_855' title='bbox 2844 5534 2954 5605; x_wconf 87' lang='grc' dir='ltr'>γὰρ</span> <span class='ocrx_word' id='word_1_856' title='bbox 2986 5534 3108 5604; x_wconf 72' lang='grc' dir='ltr'>οὐχὶ</span> <span class='ocrx_word' id='word_1_857' title='bbox 3135 5533 3245 5587; x_wconf 82' lang='grc' dir='ltr'><strong>τῶν</strong></span> <span class='ocrx_word' id='word_1_858' title='bbox 3277 5533 3488 5600; x_wconf 85' lang='grc' dir='ltr'>δεινῶν,</span> <span class='ocrx_word' id='word_1_859' title='bbox 3519 5534 3582 5586; x_wconf 82' lang='grc' dir='ltr'><strong>τὸ</strong></span> <span class='ocrx_word' id='word_1_860' title='bbox 3612 5533 3848 5604; x_wconf 81' lang='grc' dir='ltr'>μεταλα-</span> 
     </span>
    </p>
   </div>
   <div class='ocr_carea' id='block_1_115' title="bbox 2247 5623 3850 5700">
    <p class='ocr_par' dir='ltr' id='par_1_115' title="bbox 2247 5623 3850 5700">
     <span class='ocr_line' id='line_1_115' title="bbox 2247 5623 3850 5700; baseline 0.002 -24"><span class='ocrx_word' id='word_1_861' title='bbox 2247 5625 2363 5693; x_wconf 80' lang='grc' dir='ltr'>χεῑν</span> <span class='ocrx_word' id='word_1_862' title='bbox 2378 5624 2494 5678; x_wconf 87' lang='grc' dir='ltr'>ὲστι</span> <span class='ocrx_word' id='word_1_863' title='bbox 2512 5623 2590 5698; x_wconf 77' lang='grc'><strong>(1)</strong></span> <span class='ocrx_word' id='word_1_864' title='bbox 2621 5625 2721 5697; x_wconf 82' lang='grc' dir='ltr'>τῆς</span> <span class='ocrx_word' id='word_1_865' title='bbox 2737 5625 2989 5696; x_wconf 81' lang='grc' dir='ltr'>εὐλογίας</span> <span class='ocrx_word' id='word_1_866' title='bbox 3006 5627 3106 5698; x_wconf 83' lang='grc' dir='ltr'>τῆς</span> <span class='ocrx_word' id='word_1_867' title='bbox 3127 5626 3505 5700; x_wconf 79' lang='grc' dir='ltr'>πνευματικῆς</span> <span class='ocrx_word' id='word_1_868' title='bbox 3524 5645 3538 5696; x_wconf 91' lang='grc'><strong>;</strong></span> <span class='ocrx_word' id='word_1_869' title='bbox 3555 5625 3850 5696; x_wconf 70' lang='grc' dir='ltr'>καὶτοῦτο,</span> 
     </span>
    </p>
   </div>
   <div class='ocr_carea' id='block_1_116' title="bbox 1151 5769 2467 5847">
    <p class='ocr_par' dir='ltr' id='par_1_116' title="bbox 1151 5769 2467 5847">
     <span class='ocr_line' id='line_1_116' title="bbox 1151 5769 2467 5847; baseline 0.009 -23"><span class='ocrx_word' id='word_1_870' title='bbox 1151 5779 1198 5812; x_wconf 75' lang='grc' dir='ltr'><strong>στ</strong></span> <span class='ocrx_word' id='word_1_871' title='bbox 1228 5769 1392 5826; x_wconf 86' lang='lat' dir='ltr'><strong>Num.</strong></span> <span class='ocrx_word' id='word_1_872' title='bbox 1421 5787 1572 5839; x_wconf 72' lang='grc' dir='ltr'>χχιιι,</span> <span class='ocrx_word' id='word_1_873' title='bbox 1598 5771 1784 5830; x_wconf 78' lang='grc'><strong>50-52.</strong></span> <span class='ocrx_word' id='word_1_874' title='bbox 1863 5774 1908 5806; x_wconf 79' lang='grc'><strong>⁸⁸</strong></span> <span class='ocrx_word' id='word_1_875' title='bbox 1933 5775 2112 5832; x_wconf 83' lang='lat' dir='ltr'><strong>Exod:</strong></span> <span class='ocrx_word' id='word_1_876' title='bbox 2141 5770 2257 5847; x_wconf 74' lang='lat' dir='ltr'><strong>xm,</strong></span> <span class='ocrx_word' id='word_1_877' title='bbox 2277 5778 2467 5837; x_wconf 68' lang='lat'><strong>24—26.</strong></span> 
     </span>
    </p>
   </div>
  </div>
