4104 6434
231 281 322 334 H7

939 280 1028 335 DE
1065 279 1512 338 ADORATIONE
1547 283 1615 340 IN
1657 283 1929 340 SPIRITU
1967 285 2056 340 ET
2101 287 2469 345 VERITATE.
2513 291 2644 348 LIB.
2685 293 2774 350 Vl.

3421 303 3528 359 418

225 391 388 468 οἶμαι,
433 398 608 464 ἔστιν,
654 397 682 452 ὃ
730 396 826 451 καὶ
858 398 886 450 ό
935 398 1097 468 σοφὸς
1129 398 1234 470 ἔφη
1278 399 1526 468 Παῦλος,
1575 401 1656 456 ὅτι
1699 422 1731 462 ι,
1768 401 1808 456 Ἰ.

1925 403 2049 472 .ptio
2077 423 2088 457 :
2117 404 2280 476 idque
2309 407 2444 464 illud
2472 417 2576 476 est,
2603 418 2845 483 ut'puto,
2868 410 3017 484 quod
3038 413 3260 485 sapiens
3279 415 3366 470 vir
3385 415 3529 472 Pau-

225 490 412 545 ἐσθίων
467 493 565 546 καὶ
618 491 789 545 πίνων
826 490 890 543 τὸ
936 491 1096 562 σῶμα
1131 492 1228 545 καὶ
1271 487 1414 564 αἷμα
1449 493 1545 546 τοῦ
1583 493 1821 566 Χριστοῦ

224 580 470 646 ἀναξίως,
501 581 831 654 κατάκριμα
860 581 1038 654 ἑαυτῷ
1067 582 1240 636 ἐσθίει
1282 584 1377 637 καὶ
1409 585 1548 649 πίει,
1593 585 1667 658 μὴ
1707 586 1824 640 δια-

223 673 411 744 κρίνων
435 673 502 727 τὸ
530 674 694 745 σῶμα
715 674 945 746 Κυρίου.
973 674 1327 746 Δοκιμαζέτω
1357 675 1471 740 δὲ,›
1513 678 1700 749 φησὶν,
1748 698 1765 729 ι
1794 681 1823 733 ὁ

222 766 501 837 ἄνθρωπος
545 767 763 832 ἑαυτὸν,
788 767 884 820 καὶ
905 767 1026 820 τότε
1049 769 1112 820 ὲκ
1133 767 1228 820 τοῦ
1255 769 1422 838 ἄρτου
1452 770 1702 836 ἐσθιέτω,
1727 771 1824 824 καὶ

229 860 285 912 ὲκ
305 856 391 911 τοῦ
443 859 723 929 ποτηρίου
761 859 990 912 πινέτω·
1022 879 1045 911 ο
1090 860 1287 914 Ἔσται
1327 860 1509 914 τοίνυν
1543 861 1684 933 πρὸς
1727 862 1820 916 εὑ-

232 951 410 1018 λογίας,
455 951 621 1020 φησὶ,
653 950 764 1005 τῶν
793 953 965 1020 ἁγίων
1017 953 1336 1024 μυστηρίων
1371 955 1403 1024 ἡ
1433 938 1676 1022 μέθεξις,
1707 958 1823 1020 τοῖς

229 1061 276 1112 γε
314 1043 388 1106 ὡς
437 1026 672 1115 ἀληθῶς
703 1045 1146 1115 φιλοθεωτάτοις.
1197 1047 1308 1098 Καὶ
1339 1027 1821 1120 ἀπαλλαγήσονται

223 1137 266 1189 δὲ
324 1136 721 1207 μαλακισμοιλ
781 1138 1050 1201 τουτέστι,
1103 1137 1200 1190 τοῦ
1255 1143 1432 1193 νοσεῖν
1486 1141 1722 1212 ἑτοίμως
1759 1143 1820 1196 τὸ

211 1228 411 1282 ἀδικεῖν
450 1229 726 1298 πεφυκὸς,
749 1230 844 1283 καὶ
871 1230 1214 1301 ἀποκομίζον
1242 1233 1321 1295 εἰς
1341 1232 1636 1306 ἀνανδρίαν
1657 1252 1670 1265 ο
1702 1234 1816 1288 ἀλλ’

210 1320 320 1372 οὐδὲ
352 1321 559 1390 ἄγονος
579 1320 757 1382 ἔσται,
791 1321 980 1393 φησὶν,
1011 1322 1071 1375 ὲν
1098 1322 1304 1386 αὑτοῖς,
1333 1324 1454 1377 οὑδὲ
1475 1327 1684 1397 στεῖρα.
1717 1327 1756 1378 Γ
1760 1344 1817 1380 ο-

211 1413 494 1484 νιμωτάτη
517 1414 632 1485 γὰρ
657 1415 808 1468 πᾶσα
844 1414 1095 1487 θεοφιλὴς
1121 1417 1216 1470 καὶ
1235 1416 1357 1470 ὁσία
1371 1417 1542 1489 ψυχὴ,
1563 1419 1660 1474 καὶ
1685 1437 1820 1493 καρο

211 1509 324 1569 ποῖς
367 1506 560 1575 ἁγίοις
603 1510 945 1580 κατάκομος,
979 1511 1124 1582 φημὶ
1165 1511 1222 1564 δὲ
1273 1511 1334 1582 δὴ
1375 1513 1561 1581 πάλιν,
1615 1517 1730 1579 τοῖς
1761 1515 1818 1583 ἐξ

208 1598 409 1668 ἀρετῆς
447 1599 595 1669 αύχή
606 1617 794 1669 μασιν..

271 1691 494 1745 ΠΛΛΛ.
538 1683 676 1744 Ὧδε
718 1693 855 1764 ἔχει.

1928 496 2014 551 lus
2045 495 2184 552 dixit
2210 517 2222 553 :
2267 519 2284 551 ι
2325 499 2430 568 Qui
2453 503 2751 560 manducat
2773 512 2830 560 et
2851 494 3224 563 bibit‘Christi
3249 523 3452 579 corpus
3474 519 3530 562 et

1927 587 2251 657 sanguinem
2272 588 2520 662 indigne,
2540 592 2815 662 judicium
2840 595 2945 650 sibi
2966 596 3266 653 manducat
3285 607 3341 653 et
3360 597 3524 663 bibit,

1927 693 2036 731 non
2061 677 2604 751 dijudicanscorpt's.
2624 682 3078 751 Probetautem,»
3101 685 3302 756 inquit,
3317 706 3334 737 ι
3357 686 3531 746 ιιοηιο,

1925 785 1984 824 se
2009 771 2220 841 ipsum;
2249 781 2306 827 et
2329 782 2464 828 tunc
2486 774 2554 830 de
2585 790 2726 845 pane
2755 777 2849 831 illo
2873 777 3020 844 edat,
3051 787 3107 833 et
3132 778 3200 833 de
3231 778 3403 834 calice
3434 778 3523 833 bi-

1898 862 2017 918 bat
2055 864 2118 918 ‘9.
2157 884 2175 916 ι
2207 864 2280 920 Iis
2310 864 2480 936 igitur
2515 867 2763 936 quivere
2799 869 2897 923 Dei
2934 880 3063 925 sunt
3082 879 3392 938 amatores,
3421 887 3523 943 pro

1924 954 2331 1023 benedictione,
2364 957 2564 1028 inquit,
2595 960 2758 1030 178
2784 962 2891 1015 erit
2919 962 3011 1017 illa
3037 972 3355 1018 sanctorum
3399 976 3520 1036 my-

1924 1049 2222 1104 steriorum
2253 1050 2709 1118 communicatio;
2742 1060 2799 1106 et
2839 1053 2909 1108 ab
2953 1054 3271 1111 inﬁrmitate
3313 1057 3520 1112 libera-

1924 1141 2154 1208 buntur,
2189 1142 2244 1198 id
2269 1151 2374 1209 est,
2410 1158 2481 1198 ne
2509 1143 2683 1198 libere
2707 1145 2758 1198 ei
2784 1145 2978 1201 morbo
3012 1149 3394 1213 succumbant,
3423 1152 3519 1220 qui

1922 1236 2094 1301 laadit,
2121 1244 2176 1290 et
2198 1236 2265 1290 ad
2291 1236 2565 1307 ignaviam
2591 1237 2848 1304 abducit;
2885 1255 3064 1310 neque
3089 1241 3404 1308 infecunda,
3435 1243 3522 1298 in-

1923 1327 2063 1397 quit,
2083 1327 2190 1381 erit
2215 1326 2269 1380 in
2295 1327 2424 1392 illis,
2444 1343 2624 1398 neque
2641 1328 2847 1385 sterilis
2867 1348 2878 1383 :
2899 1329 3290 1388 fecundissima
3314 1336 3520 1406 quippe

1922 1427 2007 1472 est
2036 1418 2215 1474 omnis
2238 1418 2334 1474 Dei
2365 1434 2556 1474 amans
2585 1427 2640 1474 et
2681 1429 2870 1477 sancta
2911 1424 3114 1488 anima,
3157 1433 3213 1480 et
3246 1425 3522 1483 fructibus

1921 1511 2148 1577 sanctis,
2173 1511 2368 1582 gloria,
2401 1511 2662 1585 inquam,
2685 1514 2956 1570 virtutum
2982 1524 3196 1572 ornata.

1989 1691 2191 1746 PALL.
2221 1692 2312 1748 Sic
2337 1708 2394 1748 se
2418 1709 2509 1750 res
2532 1694 2719 1750 habet.

273 1783 447 1839 KYP.
494 1785 940 1839 Εὑκατάσειστον
987 1787 1043 1840 δὲ
1091 1787 1190 1858 τὴν
1239 1789 1469 1860 καρδίαν
1525 1790 1670 1862 ἔχειν
1718 1793 1808 1846 οὐκ

1993 1782 2150 1839 CYR.
2181 1782 2320 1850 Quia
2352 1801 2487 1841 vero
2518 1787 2772 1843 mutabili
2810 1789 2978 1844 corde
3007 1805 3111 1846 nos
3140 1807 3262 1846 esse
3292 1791 3520 1849 minime

205 1877 328 1942 ἑῶν,
363 1879 707 1951 εὐμηχανῶς
755 1881 1042 1953 ἐπιτρέπει
1090 1883 1226 1952 πρὸς
1257 1883 1319 1937 τὸ
1348 1885 1459 1938 δεῖν
1493 1885 1710 1942 ἑλέσθαι
1751 1889 1815 1942 τὸ

206 1968 442 2041 βεϐηκὸς
473 1974 556 2034 είς
589 1973 794 2034 πίστιν,
828 1974 922 2026 καὶ
953 1976 1035 2038 εἰς
1066 1975 1350 2030 εὐσέϐειαν
1379 1977 1652 2046 ἀσφαλές·
1684 1981 1816 2033 ποτὲ

207 2064 300 2133 μὲν
347 2064 465 2135 γὰρ
512 2064 804 2135 λογισμοῖς
845 2067 960 2130 τοῖς
1007 2067 1341 2138 καθήκουσιν
1400 2072 1814 2140 μεταπαιδεύων

202 2159 288 2211 ἐπὶ
317 2159 379 2212 τὸ
424 2159 682 2229 ἄμεινον,
730 2160 1170 2225 ἀποσπουδάζειν
1221 2159 1457 2228 κελεύει,
1514 2162 1714 2233 μᾶλλον
1757 2165 1814 2218 δὲ

206 2249 661 2322 ἀτωστρέφεσθαι
714 2250 1018 2317 παντελῶς,
1044 2252 1121 2317 ὡς
1165 2251 1386 2324 ὀλέθρου
1437 2253 1720 2323 πρόξενον,
1753 2256 1814 2309 τὸ

204 2342 351 2396 θύειν
379 2341 632 2407 εἰδώλοις
658 2342 695 2413 ἦ
742 2347 1095 2415 προσκυνεῖν,
1133 2344 1388 2415 διαϐολῆς
1427 2346 1528 2418 τῆς
1554 2348 1809 2418 ὲσχάτης,

205 2440 406 2510 μᾶλλον
432 2439 495 2492 δὲ
517 2438 845 2503 δυσσεϐείας
870 2439 969 2508 τῆς
996 2441 1262 2494 ἀνωτάτω
1286 2441 1504 2506 δεικνὺς
1525 2442 1814 2498 ἀνάπλεων

203 2533 297 2602 τήν
333 2532 556 2585 τοιάνδε
588 2531 766 2586 νόσον·
797 2531 928 2585 ποτὲ
955 2532 1012 2586 δὲ
1044 2532 1139 2586 κα)⁸
1163 2531 1362 2602 φόϐον,
1400 2535 1492 2588 τὸν
1523 2535 1617 2589 τοῦ
1648 2537 1814 2591 κολά-

204 2624 391 2689 ζεσθαι
441 2625 616 2694 λέγω,
660 2625 1010 2694 παιδαγωγὸν
1045 2625 1236 2696 ὥσπερ
1278 2627 1405 2680 τινὰ
1436 2631 1532 2681 καὶ
1567 2633 1813 2697 γενναῖον

204 2721 328 2790 ﬁgis
361 2720 681 2790 ἐπιστήσας
721 2719 963 2788 φύλακα,
997 2721 1320 2791 περιτρέπει
1354 2722 1696 2793 πανταχόθεν
1719 2725 1812 2778 ἐπὶ

205 2814 258 2865 τὸ
310 2813 559 2885 ἀρέσκον
610 2811 780 2884 αὐτῷ.
830 2814 942 2866 Kal.
993 2813 1125 2883 γοῦν
1175 2815 1232 2869 ὲν
1272 2812 1350 2885 τῷ
1402 2817 1812 2889 Δευτερονομίῳ

206 2905 366 2974 φησὶν
406 2907 438 2959 ὁ
483 2903 762 2975 μακάριος
801 2905 1013 2976 Μωσῆς
1038 2921 1051 2934 ·
1089 2925 1108 2958 ι
1149 2907 1262 2960 Καὶ
1309 2906 1485 2961 ταῦτα
1537 2909 1606 2964 τὰ
1641 2927 1812 2982 προσ-

206 3001 458 3068 τάγματα
496 2998 594 3052 καὶ
639 2997 712 3051 τὰ
758 2998 1026 3070 κρίματα,
1057 2997 1418 3070 ἂφυλάξεσθε
1461 3002 1556 3057 τοῦ
1584 3004 1810 3073 ποιῆσαι

1918 1871 2146 1942 patitur,
2183 1872 2480 1932 artificiose
2510 1875 2580 1930 ad
2619 1877 2979 1933 stabilitatem
3019 1879 3147 1936 fidei
3188 1882 3520 1954 pietatisque

1917 1962 2235 2020 ﬁrmitatem
2278 1968 2716 2037 amplectendam
2761 1970 3034 2026 convertit
3073 1989 3086 2026 :
3118 1985 3520 2045 nonnunquam

1916 2055 2068 2110 enim
2103 2058 2566 2114 convenientibus
2606 2060 2918 2116 rationibus
2941 2061 3009 2116 ad
3047 2062 3103 2117 id
3146 2064 3295 2133 quod
3323 2065 3522 2122 melius

1915 2156 2003 2203 est
2053 2149 2368 2217 traducens,
2395 2151 2672 2208 idolorum
2699 2153 3036 2210 sacriﬁcium
3063 2156 3520 2214 adorationemve

1916 2246 2215 2318 negligere,
2241 2247 2352 2303 imo
2373 2263 2506 2304 vero
2529 2249 2778 2306 aversari
2801 2265 3054 2321 prorsus,
3078 2258 3144 2305 ru-t
3171 2251 3366 2306 mortis
3386 2267 3520 2306 con-

1916 2340 2242 2396 ciliatricem
2263 2341 2453 2413 jubet;
2479 2343 2753 2413 ejusmodi
2780 2343 3033 2399 morbum
3063 2344 3376 2415 gravissimi
3401 2343 3517 2400 cri-

1915 2433 2102 2498 minis,
2127 2434 2239 2489 imo
2262 2451 2396 2490 vero
2421 2445 2682 2492 extrema:
2707 2436 3006 2507 impietatis
3031 2437 3253 2507 plenum
3276 2452 3398 2492 esse
3421 2437 3520 2493 de-

1915 2533 2228 2583 monstrans
2268 2545 2281 2581 2
2318 2543 2717 2599 nonnunquam
2756 2544 2890 2584 vero
2915 2537 3146 2594 metum,
3190 2544 3388 2598 poena,
3426 2529 3518 2585 in-

1914 2630 2102 2685 quam,
2127 2615 2504 2684 formidinem,
2541 2617 2712 2672 veluti
2748 2617 3104 2689 paedagogum
3139 2618 3400 2688 aliquem,
3429 2629 3517 2674 at-

1914 2724 2021 2778 que
2068 2725 2324 2766 severum
2367 2711 2677 2777 custodem,
2723 2709 2889 2767 nobis
2926 2726 3232 2781 opponens,
3269 2711 3518 2782 undique
3576 2737 3578 2739 >

1914 2803 1982 2859 ad
2024 2804 2078 2859 id
2117 2806 2266 2876 quod
2294 2806 2401 2862 sibi
2447 2807 2626 2878 placet
2667 2803 2912 2862 adducit.
2940 2805 3131 2875 Itaque
3161 2805 3218 2859 in
3244 2805 3516 2860 Deutero-

1912 2899 2101 2954 nomio
2154 2899 2335 2971 inquit
2362 2901 2558 2956 beatus
2597 2899 2854 2972 Moyses:
2893 2919 2912 2952 ι
2944 2899 3014 2956 Ει
3054 2899 3171 2954 haec
3195 2906 3329 2954 sunt
3367 2914 3516 2970 prae-

1914 2999 2072 3062 cepta
2095 3000 2153 3047 et
2171 2993 2382 3064 judicia
2416 3007 2540 3063 qum
2581 2991 2900 3057 servabitis,
2929 2999 2992 3046 ut
3016 2991 3231 3047 faciatis
3284 2990 3338 3044 in
3368 3000 3518 3047 terra

208 3093 292 3146 ἐπὶ
325 3093 429 3162 τῆς
482 3095 615 3164 γῆς,
667 3093 734 3164 ἦν
764 3092 968 3165 Κύριος
1003 3097 1032 3147 ὀ
1057 3092 1191 3157 Θεὸς
1216 3091 1326 3147 τῶν
1368 3094 1622 3166 πατέρων
1653 3095 1808 3166 ὑμῶν

1914 3099 2080 3155 quam
2106 3085 2375 3140 Dominus
2399 3085 2547 3140 Deus
2570 3092 2792 3155 patrum
2815 3091 3129 3139 vestrorum
3156 3083 3250 3138 dat
3273 3082 3431 3139 vobis
3458 3085 3515 3139 in

207 3185 410 3240 δίδωσιν
448 3186 586 3255 ὑμῖν
615 3186 674 3238 ὲν
704 3184 897 3257 κλήρῳ
924 3185 1105 3250 πάσας
1129 3187 1228 3249 τὰς
1256 3187 1493 3256 ἡμέρας,
1540 3187 1607 3251 ἃς
1651 3187 1809 3258 ὑμεῖς

204 3277 326 3348 ζῆτε
362 3279 461 3332 ἐπὶ
501 3279 610 3349 τῆς
646 3279 770 3350 γῆς.
838 3278 1113 3351 Ἀπωλείᾳ
1141 3279 1395 3333 ἀπολεῖτε
1426 3280 1635 3344 πάντας
1679 3281 1809 3345 τοὺς

203 3371 415 3436 τόπους,
446 3373 510 3424 ὲν
553 3366 640 3434 οἷς
695 3371 1038 3443 ἐλάτρευσαν
1086 3373 1204 3425 ἐκεῖ
1252 3372 1320 3425 τά
1356 3371 1486 3443 ἔθνη
1525 3375 1638 3437 τοῖς
1665 3372 1808 3437 θεοῖς

202 3464 398 3528 αὐτῶν,
427 3461 528 3528 οὓς
557 3463 722 3534 ὑμεῖς
743 3464 1132 3535 κληρονομεῖτε
1157 3464 1355 3528 αὐτοὺς
1385 3464 1480 3518 ἐπὶ
1503 3465 1612 3519 τῶν
1635 3464 1808 3538 ὀρέων

201 3555 302 3610 τῶν
337 3555 595 3628 ὑψηλῶν,
637 3556 734 3610 κα)⁵
765 3555 861 3609 ἐπὶ
894 3555 1002 3610 τῶν
1030 3555 1212 3620 θινῶν,
1250 3557 1345 3610 καὶ
1376 3558 1640 3612 ὑποκάτω
1692 3557 1809 3612 δέν-

200 3644 319 3716 δρου
348 3645 575 3710 δασέος.
628 3647 743 3701 Καὶ
777 3647 1165 3718 κατασκάψετε
1195 3648 1322 3712 τοὺς
1356 3648 1574 3720 βωμοὺς
1605 3649 1804 3716 αὐτῶν,

202 3738 287 3791 καὶ
320 3739 663 3812 συντρίψετε
699 3739 801 3804 τὰς
841 3740 1045 3812 στήλας
1079 3739 1284 3805 αὐτῶν,
1318 3740 1508 3795 καὶτὰ
1539 3741 1677 3814 ἄλση
1704 3743 1806 3797 αὑ-

193 3830 299 3884 τῶν
342 3833 644 3904 ἐκκόψετε,
692 3834 790 3887 καὶ
820 3835 889 3907 τὰ
919 3833 1134 3902 γλυπτὰ
1166 3833 1276 3887 τῶν
1312 3832 1452 3887 θεῶν
1481 3834 1664 3889 αὐτῶν
1700 3852 1804 3889 κα-

193 3924 510 3979 τακαύσετε
537 3927 697 3997 πυρὶ,
727 3927 822 3980 καὶ
848 3927 1105 3981 ἀπολεῖτε
1128 3927 1190 3980 τὸ
1209 3927 1382 3999 δνομα
1403 3927 1585 3980 αὐτῶν
1619 3929 1684 3981 ὲκ
1709 3929 1804 3982 τοῦ

191 4016 360 4070 τόπου
395 4018 639 4072 ἐκείνου.
673 4037 693 4070 ›
723 4021 788 4073 Οἱ
811 4019 910 4089 μὲν
955 4018 1226 4090 Ἐλλήνων
1258 4020 1413 4089 σοφοὶ
1437 4021 1533 4074 καὶ
1557 4020 1802 4089 λογάδες,

190 4111 418 4180 ποιηταὶ
463 4111 525 4164 δὲ
569 4111 830 4182 μάλιστα,
859 4111 1114 4184 ὀρειάδας
1141 4110 1294 4175 τινὰς
1327 4113 1421 4167 xal
1449 4111 1804 4184 ἁμαδρυάδας

188 4202 528 4274 ὀνομάζουσι
569 4205 813 4276 νύμφας,
867 4207 987 4278 ἤτοι
1036 4205 1318 4276 δαίμονας.
1371 4205 1495 4259 Είσὶ
1521 4187 1578 4259 δὲ
1625 4206 1675 4258 οἳ
1709 4207 1804 4260 καὶ

187 4298 300 4360 τοῖς
355 4296 508 4350 κατά
559 4296 728 4350 τόπον
785 4296 1048 4368 ὑψῶμασι
1082 4298 1212 4361 τοὺς
1244 4295 1396 4367 παρὰ
1448 4297 1602 4366 σφίσι
1634 4299 1802 4368 τιμᾷν

188 4387 466 4458 ᾑρημένοι
496 4387 680 4452 θεοὺς,
712 4387 931 4459 βωμοὺς
958 4389 1204 4452 ἱστάντες
1231 4389 1290 4441 ὲν
1311 4387 1484 4458 ὄρεσι,
1521 4387 1802 4458 βουθυτεῖν

1913 3179 2339 3250 possessionem,
2385 3177 2645 3232 omnibus
2689 3177 2891 3233 diebus
2940 3176 3145 3247 quibus
3189 3191 3288 3231 vos
3328 3175 3516 3230 vivitis

1910 3287 2080 3343 super
2126 3281 2352 3327 terram.
2384 3271 2705 3327 Perditione
2747 3269 2994 3341 perdetis
3039 3269 3224 3324 omnia
3263 3269 3404 3334 loca,
3446 3269 3513 3324 in

1909 3364 2116 3434 quibus
2144 3363 2458 3418 servierunt
2488 3369 2680 3434 gentes
2720 3361 2828 3417 diis
2867 3376 3083 3426 eorum,
3114 3377 3236 3431 quae
3258 3375 3357 3415 vos
3379 3376 3512 3431 pos-

1909 3455 2182 3522 sidebitis,
2209 3456 2264 3511 in
2297 3456 2581 3512 montibus
2601 3455 2858 3522 excelsis,
2883 3464 2940 3511 et
2963 3454 3018 3508 in
3045 3454 3298 3518 collibus,
3327 3460 3384 3508 et
3404 3452 3512 3510 sub

1909 3548 2109 3604 arbore
2133 3563 2305 3620 opaca
2337 3566 2350 3603 :
2373 3556 2431 3604 et
2453 3548 2718 3605 evertetis
2743 3564 2869 3604 aras
2889 3561 3105 3611 eorum,
3130 3553 3188 3600 et
3209 3545 3515 3601 conteretis

1909 3639 2102 3695 titulos
2143 3655 2360 3706 eorum,
2403 3648 2460 3695 et
2497 3642 2654 3696 lucos
2683 3656 2880 3696 eorum
2921 3638 3240 3704 succidetis,
3277 3645 3336 3693 et
3361 3639 3512 3694 soul-

1908 3735 2066 3806 ptilia
2107 3733 2339 3789 deorum
2382 3749 2576 3790 eorum
2609 3732 2950 3789 comburetis
2990 3731 3127 3804 igni,
3167 3739 3224 3786 et
3266 3730 3514 3801 perdetis

1907 3840 2112 3880 nomen
2149 3837 2344 3880 eorum
2380 3839 2449 3880 ex
2478 3824 2601 3880 loco
2625 3825 2722 3880 illo
2759 3825 2826 3879 7°.
2860 3843 2879 3876 ι
2925 3822 3242 3880 Graecorum
3285 3822 3513 3892 quidem

1907 3915 2187 3985 sapientes
2208 3923 2265 3970 et
2296 3915 2485 3970 eximii
2510 3915 2657 3970 inter
2691 3922 2942 3980 caeteros,
2973 3921 3150 3984 poetae
3169 3927 3302 3968 vero
3330 3913 3511 3968 maxi-

1907 4023 2028 4072 me,
2083 4006 2318 4062 oreadas
2369 4008 2637 4078 quasdam
2677 4014 2734 4062 et
2775 4005 3178 4077 hamadryadas
3216 4005 3509 4077 nymphas,

1906 4099 2185 4156 daemones
2207 4099 2487 4165 videlicet,
2514 4100 2811 4171 appellant.
2838 4099 3013 4154 Erant
3037 4097 3206 4154 etiam
3231 4097 3350 4168 qui,
3380 4113 3510 4153 cum

1903 4192 2042 4248 locis
2063 4191 2394 4247 editioribus
2425 4207 2556 4246 suos
2588 4191 2722 4246 deos
2745 4189 3000 4247 venerari
3021 4190 3246 4254 vellent,
3278 4188 3391 4244 aris
3414 4204 3513 4244 ex-

1903 4284 2133 4340 structis
2183 4284 2240 4338 in
2283 4283 2588 4349 montibus,
2631 4283 2803 4338 boves
2843 4282 3134 4337 immolare
3169 4281 3506 4348 studebant;

1902 4385 1960 4432 et
1999 4391 2126 4432 cum
2162 4376 2310 4431 circa
2343 4375 2705 4431 formosiores
2743 4375 2974 4431 arbores
3005 4382 3216 4429 statuas
3241 4382 3297 4430 et
3328 4374 3503 4429 simu-

189 4479 553 4544 ἐσπούδαζον,
579 4480 675 4533 καὶ
701 4483 814 4546 τοῖς
841 4481 950 4534 τῶν
976 4480 1208 4552 δένδρων
1230 4480 1616 4553 εύφυεστέροις
1645 4500 1799 4555 περι·

1911 4467 2052 4524 lacra
2099 4466 2415 4521 daemonum
2477 4465 2926 4531 constituissent,
2981 4463 3181 4520 ovibus
3229 4463 3508 4519 caedendis

191 4569 519 4641 ιδρύσαντες
559 4571 657 4642 ἕλη
693 4573 788 4626 καὶ
817 4572 1111 4642 δαιμονίων
1149 4573 1468 4644 ίνδάλματα,
1517 4573 1799 4645 μηλοσφα-

185 4663 336 4730 γίαις
367 4665 700 4736 ἐκέχρηντο.
743 4664 881 4718 Ἀλλ’
901 4661 968 4736 ἦν
989 4665 1288 4734 ἀναγκαῖον
1316 4666 1798 4737 κατορῤωδοῦντας

191 4757 339 4810 οὐδὲν
384 4760 522 4821 τοὺς
569 4758 676 4811 ὑπὸ
703 4757 823 4828 Θεῷ
850 4757 1146 4827 γεγονότας
1186 4756 1265 4828 τῷ
1296 4759 1416 4812 κατ’
1449 4757 1709 4830 ἀλήθειάν
1735 4777 1796 4813 τε

195 4845 278 4896 καὶ
303 4845 499 4914 φύσει,
524 4845 595 4898 τά
618 4845 726 4897 τῶν
757 4845 1126 4915 πλανωμένων
1150 4847 1460 4900 κατασείειν
1477 4847 1793 4920 ἀθύρματα,

195 4937 277 4987 καὶ
326 4936 445 4989 τῶν
498 4938 632 5006 παρ’
669 4936 901 5000 ἐκείνοις
943 4937 1085 4991 ἐθῶν
1124 4937 1201 5000 ὼς
1252 4938 1525 4993 ἀπωτάτω
1575 4944 1796 5014 χωρεῖν.

195 5025 490 5099 Τοιγάρτοι
527 5027 664 5100 φησὶ
718 5028 913 5082 πάλινο
967 5047 986 5080 ι
1042 5027 1169 5082 Ἐὰν
1200 5027 1258 5082 δὲ
1291 5029 1654 5106 ὲξολοθρεύσῃ
1687 5033 1801 5088 Κύ-

197 5135 299 5186 ριος
350 5124 383 5175 ό
436 5121 577 5185 Θεός
622 5138 716 5174 σου
754 5120 824 5174 τὰ
855 5119 1006 5191 ἔθνη,
1062 5121 1142 5183 είς
1180 5117 1274 5184 οὓς
1311 5122 1376 5174 σὺ
1411 5121 1653 5194 πορεύσῃ
1684 5124 1802 5177 ἐκεῖ

197 5214 276 5267 τοῦ
313 5214 745 5287 κληρονομῆσαι
797 5211 894 5285 τὴν
944 5212 1048 5284 γῆν
1091 5212 1295 5278 αὐτῶν,
1349 5213 1458 5266 ἀπὸ
1504 5214 1799 5284 προσώπου

199 5319 303 5372 σου,
333 5308 435 5359 καὶ
479 5303 1052 5376 κατακληρονομήσῃς
1080 5303 1300 5368 αὐτοὺς,
1342 5305 1436 5357 καὶ
1464 5307 1800 5378 κατοικήσῃς

198 5395 241 5448 ὲν
296 5399 373 5469 τῇ
438 5398 513 5466 γῇ
559 5395 765 5456 αὐτῶν,
812 5394 1049 5466 πρόσεχε
1101 5392 1328 5462 σαυτῷ,¹
1356 5393 1432 5464 μὴ
1472 5394 1791 5470 ὲκζητήσῃς

199 5486 642 5557 ἐπακολουθῆσαι
685 5489 873 5550 αὐτοῖς
923 5486 1064 5558 μετὰ
1109 5485 1169 5539 τὸ
1214 5485 1661 5559 ὲξολοθρευθῆναι
1695 5492 1800 5545 αὐ-

197 5581 311 5645 τοὺς
368 5580 486 5635 ἀπὸ
532 5579 836 5651 προσώπου
887 5593 1012 5637 σου,
1063 5577 1124 5630 οὑ
1184 5575 1258 5646 μὴ
1311 5576 1621 5649 ὲκζητήσῃς
1670 5582 1799 5646 τοὺς

197 5667 344 5737 θεοὺς
370 5672 584 5738 αὐτῶν,
611 5671 811 5740 λέγων,
846 5668 971 5732 Πῶς
999 5667 1298 5722 ποιοῦσιτά
1321 5667 1450 5740 ἔθνη
1481 5670 1654 5726 ταῦτα
1681 5676 1794 5739 τοῖς

252 5795 353 5852 "1
380 5795 516 5854 Cor.
546 5811 624 5864 χι,
649 5795 740 5861 27,
775 5794 868 5850 ‘28.
947 5794 994 5826 "°
1033 5794 1195 5850 Deut.
1237 5809 1334 5859 xu,
1362 5791 1478 5848 l-5.

1906 4575 2134 4631 operam
2159 4559 2384 4614 dabant.
2420 4557 2529 4613 Sed
2564 4573 2790 4614 necesse
2826 4566 2947 4613 erat
2975 4565 3058 4623 ut,
3100 4555 3152 4612 ei
3185 4556 3506 4626 quinatura

1905 4660 1962 4707 et
2000 4668 2132 4708 vere
2173 4652 2321 4708 Deus
2356 4659 2460 4717 est,
2491 4652 2724 4724 subjecti
2753 4652 3029 4717 homines,
3053 4649 3194 4705 nihil
3238 4649 3506 4720 pertime-

1901 4754 2140 4812 scentes,
2169 4747 2476 4802 errantium
2520 4745 2807 4801 hominum
2840 4745 3054 4801 ludicra
3078 4743 3503 4809 demolirentur,

1898 4849 1956 4897 et
1978 4841 2047 4896 ab
2083 4841 2302 4897 illorum
2334 4840 2582 4896 moribus
2608 4840 2927 4912 longissime
2961 4839 3306 4896 recederent.
3344 4837 3502 4892 Ideo-

1900 4950 2010 5004 que
2045 4949 2242 4989 rursus
2278 4933 2454 4988 dicit:
2493 4952 2510 4985 ι
2545 4932 2684 4988 Cum
2713 4931 2876 5002 179
2903 4928 3360 4987 exterminaverit
3392 4930 3504 4984 Do-

1901 5026 2086 5081 minus
2107 5026 2254 5080 Deus
2283 5036 2412 5080 tuus
2433 5032 2624 5096 gentes
2670 5038 2808 5093 quas
2835 5031 2891 5076 tu
2917 5019 3268 5093 ingredieris,
3297 5026 3356 5072 ut
3379 5034 3507 5087 pos-

1901 5118 2084 5174 sideas
2116 5125 2340 5183 terram,
2374 5134 2405 5172 a
2437 5117 2576 5173 facie
2602 5125 2716 5181 tua,
2742 5123 2796 5169 et
2828 5115 3144 5185 possederis
3166 5131 3283 5181 eos,
3313 5125 3367 5171 et
3402 5117 3502 5173 ha-

1901 5213 2166 5268 bitaveris
2189 5213 2244 5266 in
2269 5220 2416 5267 terra
2440 5211 2708 5282 ipsorum,
2733 5225 2865 5265 cave
2891 5208 2988 5264 tibi
3019 5209 3146 5280 ipsi,
3171 5226 3240 5263 ne
3279 5210 3505 5267 studeas

1906 5305 2065 5376 sequi
2089 5320 2203 5370 cos,
2230 5313 2520 5376 postquam
2544 5303 2892 5360 exterminati
2914 5302 3121 5358 fuerint
3139 5319 3170 5359 a
3199 5303 3338 5360 facie
3377 5313 3500 5372 tua;

1905 5413 2015 5452 non
2047 5395 2304 5466 exquires
2337 5397 2471 5452 deos
2493 5394 2922 5461 eorum,dicens
2947 5413 2960 5448 :
2983 5393 3271 5460 Quomodo
3295 5394 3506 5452 faciunt

1903 5497 2094 5561 gentes
2139 5488 2224 5544 hae
2273 5488 2380 5544 diis
2420 5489 2556 5553 suis,
2609 5489 2688 5544 sic
2731 5497 2787 5545 et
2837 5504 2940 5561 ego
2986 5487 3221 5554 faciam;
3267 5504 3378 5544 non
3423 5489 3504 5546 sic

1900 5578 2071 5634 facies
2100 5579 2333 5633 Domino
2363 5579 2476 5633 Deo
2503 5587 2599 5634 tuo
2630 5598 2641 5633 :
2669 5580 3117 5635 abominationes
3158 5581 3306 5635 enim
3363 5596 3503 5651 quas

1898 5672 2168 5730 Dominus
2209 5673 2345 5740 odit,
2380 5672 2632 5730 fecerunt
2664 5673 2775 5731 diis
2814 5676 2960 5742 suis;
2990 5689 3118 5731 nam
3157 5673 3324 5730 etiam
3361 5671 3506 5731 ﬁlios
