4104 6440
596 268 701 325 419

1640 269 1695 324 S.
1738 267 2522 328 CYlllLLl=ALEXANDRINI
2558 275 2877 337 ARCHIEP.

3772 294 3870 350 420

597 404 729 453 suos
761 399 820 453 ει
858 384 1002 455 ﬁlias
1045 405 1176 451 suas
1214 389 1546 461 comburunt
1584 392 1696 461 igni
1739 392 1850 448 diis
1884 392 2002 449 suis
2042 395 2110 447 τί.
2161 412 2168 445 ι

2289 394 2429 459 θεοῖς
2474 399 2677 466 αὐτῶν,
2709 406 2922 476 ποιήσω
2951 409 3048 461 καὶ
3072 407 3201 476 ἐγιίν
3232 406 3294 462 οὐ
3328 410 3564 483 ποιήσῃς
3590 409 3734 466 οὕτω
3766 412 3873 467 Κυ-

595 481 745 537 Bene
780 482 1038 552 prohibet
1074 482 1302 541 cumino
1354 482 1635 553 legislatnr
1683 500 1753 541 ne
1779 486 2078 541 errantium
2107 488 2184 542 ri-

598 580 687 629 tus
710 572 1026 639 imitentur,
1051 581 1109 631 et
1132 572 1202 631 ab
1227 573 1394 645 impia
1420 574 1513 630 illa
1540 575 1845 643 liberorum
1866 578 2014 634 caede
2036 594 2187 635 recc-

594 663 728 720 dere
749 665 942 736 jubet,
973 665 1205 735 illosque
1244 666 1530 737 sanguinis
1556 667 1808 738 cupidos,
1839 677 1896 725 et
1931 670 2053 725 falsi
2081 686 2185 726 no-

594 758 760 814 minis
825 758 960 814 deos
1029 766 1383 828 corruptores
1450 774 1517 814 ac
1578 760 1886 830 perditores
1956 762 2184 819 humani

592 850 812 920 generis
853 866 974 905 esse
1016 851 1283 923 coarguit,
1309 852 1403 921 qui
1427 852 1736 918 teterrime,
1762 869 1874 924 prae
1917 869 2013 913 sua
2055 857 2183 912 libi-

588 940 744 1007 dine,
767 941 886 1012 ipsa
908 958 1130 1013 quoque
1153 943 1481 1005 necessaria:
1500 943 1897 1001 benevolentia:
1909 948 2033 1018 jura
2054 964 2187 1005 con-

591 1043 841 1089 temnant
883 1053 898 1089 :
941 1054 962 1086 ‹
1010 1034 1413 1095 Creavit‘enim
1446 1037 1629 1092 omnia
1661 1038 1836 1104 Deus,
1876 1049 1938 1094 ut
1976 1050 2180 1107 essent,

591 1131 649 1178 et
669 1125 937 1187 salutares
959 1134 1090 1180 sunt
1111 1125 1493 1196 generationes
1514 1126 1732 1193 mundi,
1755 1136 1812 1183 et
1845 1142 1954 1184 non
1983 1133 2068 1185 est
2094 1130 2182 1185 in-

589 1214 838 1273 ferorum
862 1231 1095 1287 regnum
1121 1217 1178 1272 in
1217 1224 1384 1272 terra.
1412 1217 1623 1273 Invidia
1647 1233 1779 1275 vero
1801 1220 2008 1276 diaboli
2032 1238 2185 1279 mors

590 1306 841 1363 introivit
862 1309 919 1362 in
940 1296 1206 1363 mundum
1226 1310 1246 1340 ⁷
1252 1312 1293 1363 ¹.
1327 1328 1344 1361 ι
1373 1310 1453 1364 Ac
1474 1310 1660 1366 divina
1679 1312 1903 1382 quidem
1928 1315 2183 1371 voluntas

586 1400 788 1457 evertit
818 1409 1075 1467 mortem,
1114 1402 1516 1473 interitumque
1557 1402 1814 1471 destruit,
1856 1414 1913 1461 et
1954 1422 2019 1461 ea
2060 1424 2183 1478 quae

586 1501 738 1555 sunt,
764 1493 948 1563 perire
988 1510 1098 1549 non
1139 1495 1381 1565 patitur;
1421 1496 1630 1555 creavit
1668 1498 1839 1564 enim,
1870 1508 1931 1554 ut
1972 1509 2177 1566 essent,

589 1583 795 1648 omnia,
821 1584 966 1639 sicut
992 1585 1258 1655 scriptum
1292 1592 1377 1639 est
1407 1602 1420 1638 :
1449 1585 1545 1654 qui
1583 1602 1715 1642 vero
1747 1588 2056 1645 daemonum
2079 1607 2178 1647 cu-

588 1673 815 1745 piditate
843 1685 1100 1745 tanquam
1125 1676 1336 1731 retibus
1359 1675 1425 1729 ad
1448 1691 1694 1733 errorem
1728 1664 1989 1749 pertracti
2027 1692 2174 1747 sunt,

586 1782 781 1822 eorum
820 1765 1124 1833 interitum,
1165 1768 1281 1838 qui,
1325 1776 1385 1823 ut
1411 1768 1682 1836 viverent,
1716 1783 1844 1827 sunt
1875 1774 2043 1842 editi;
2075 1793 2171 1831 eo-
2202 1762 2207 1763 ί

586 1873 821 1927 rumque
860 1866 1135 1923 mortem,
1163 1860 1277 1930 qui,
1320 1870 1381 1914 ut
1412 1870 1618 1928 essent,
1647 1864 1817 1918 creati
1841 1875 1992 1931 sunt,
2021 1869 2172 1923 velut

585 1949 937 2006 condimenta
978 1952 1228 2022 quaedam
1282 1961 1338 2009 ct
1387 1956 1771 2012 odoratissima
1821 1958 2175 2031 thymiamata

585 2040 798 2096 Satanae
825 2042 1084 2098 offerunt.
1116 2044 1495 2102 Pulcherrime
1534 2048 1702 2119 igitur
1735 2049 1954 2106 illorum
1993 2068 2176 2110 mores

580 2134 920 2202 gravissimis
953 2135 1283 2191 criminibus
1317 2152 1438 2193 esse
1484 2140 1677 2208 plenos
1706 2142 1971 2209 ostendit,
2005 2145 2177 2204 viola-

580 2227 739 2296 rique
775 2228 919 2298 apud
951 2243 1047 2283 eos
1087 2237 1364 2296 naturam,
1396 2233 1764 2305 optabilisque
1798 2251 1928 2308 erga
1967 2237 2173 2294 liberos

574 2318 783 2373 amoris
822 2321 947 2390 jura
980 2321 1328 2388 conculcari;
1362 2332 1425 2379 ut
1458 2325 1773 2382 auditorum
1804 2328 2049 2383 animum
2083 2329 2171 2385 in-

577 2425 841 2480 genuum,
870 2420 928 2467 et
956 2413 1220 2473 vitiorum
1244 2414 1552 2483 inimicum,
1576 2419 1647 2473 ad
1673 2434 1736 2485 ea
1768 2421 2167 2490 amplectenda,

574 2500 907 2572 fortiterque
942 2504 1278 2574 arripienda,
1318 2523 1441 2576 qua:
1476 2507 1593 2579 ipse
1631 2509 1798 2565 vellet
1841 2523 1907 2565 ac
1929 2509 2168 2582 juberet,

569 2591 857 2661 aptissime
881 2593 1201 2650 transferat.
1227 2597 1407 2667 Atque
1430 2598 1550 2654 haec
1573 2599 1646 2655 ad
1671 2599 1890 2657 illorum
1921 2602 2170 2675 impieta-

577 2692 688 2738 tem
706 2684 1060 2740 evertendam
1088 2686 1220 2743 olim
1249 2682 1430 2745 edicta
1463 2699 1611 2746 sunt.
1639 2691 1910 2763 Supremo
1938 2704 2167 2766 praeter-

568 2786 638 2827 ca
677 2775 948 2845 supplicio
997 2777 1198 2844 sanxit,
1221 2779 1266 2835 si
1298 2780 1426 2850 quis
1459 2781 1838 2841 confirmatum
1885 2785 2163 2843 hominem

566 2872 630 2919 et
654 2866 750 2936 qui
780 2867 1032 2924 veritatis
1059 2871 1429 2941 cognitionem
1468 2874 1558 2945 pie
1591 2877 1943 2947 suscepisset,
1964 2894 1999 2934 a
2036 2895 2166 2935 sen-

570 2956 745 3011 tentia
786 2956 1064 3015 deducere
1116 2969 1399 3019 tentasset.
1448 2964 1543 3022 Sic
1587 2968 1736 3023 enim
1793 2985 1986 3026 rursus
2022 2972 2101 3026 ait
2144 2988 2161 3029 :

2290 485 2390 556 ρίῳ
2419 486 2498 558 τῷ
2530 488 2646 560 Θεῷ
2677 508 2768 545 σου
2790 510 2803 523 ·
2834 494 2905 548 τὰ
2927 495 3037 567 γὰρ
3067 496 3431 569 βδελύγματα,
3473 501 3509 556 ἃ
3528 501 3730 572 Κύριος
3755 505 3872 576 ἐμί-

2288 594 2474 648 σησεν,
2506 582 2768 653 ἐποίησαν
2796 590 2908 650 τοῖς
2934 586 3077 653 θεοῖς
3104 589 3303 657 αὐτῶν,
3336 591 3419 646 ὅτι
3447 595 3543 646 καὶ
3566 595 3695 658 τοὺς
3722 597 3874 663 υἱοὺς

2287 669 2467 725 αὐτῶν
2500 672 2597 730 καὶ
2627 674 2726 740 τάς
2771 676 3080 751 θυγατέρας
3129 681 3308 737 αὐτῶν
3367 685 3759 743 κατακαίουσιν
3812 691 3875 743 ὲν

2288 762 2424 832 πυρὶ
2473 767 2588 828 τοῖς
2622 764 2765 831 θεοῖς
2805 768 3007 848 αὐτῶν.
3055 790 3075 824 ι
3109 768 3184 828 Εὖ
3220 792 3284 842 γε
3337 777 3366 830 ό
3415 778 3713 851 νομοθέτης
3740 782 3877 837 ἀπο-

2288 850 2487 920 φάσκει
2516 855 2793 920 παντελῶς
2833 857 2945 912 τῶν
2975 860 3344 933 πλανωμένων
3366 864 3465 939 τὴν
3496 850 3751 943 μίμησιν,
3779 872 3875 926 καλ

2284 942 2590 1018 ἀποφοιτᾷν
2616 942 2674 1000 εὖ
2707 949 2853 1018 μάλα
2884 951 3096 1006 κελεύει
3116 955 3215 1024 τῆς
3243 942 3505 1026 ἀνηλεοῦς
3529 959 3639 1013 τῶν
3664 961 3863 1015 τέκνω·

2287 1033 2522 1104 σφαγῆς.
2557 1035 2796 1107 Φθόρους
2817 1039 2872 1092 δὲ
2897 1041 2989 1093 καὶ
3013 1040 3301 1112 λυμεῶνας
3327 1044 3426 1116 τῆς
3454 1046 3879 1127 ἀνθρωπότητος

2283 1123 2412 1187 τοὺς
2440 1126 2801 1198 φιλαιμάτους
2824 1147 2885 1184 τε
2912 1132 3004 1185 καὶ
3031 1133 3279 1202 ψευδωνύ
3288 1153 3424 1206 μους
3452 1137 3665 1209 ἐλέγχει
3692 1123 3875 1207 θεοὺς,

2285 1214 2383 1268 καὶ
2412 1216 2608 1280 αὐτοὺς
2642 1220 2852 1291 ἀγρίως
2879 1224 3007 1286 τοὺς
3029 1223 3128 1307 τῆς
3155 1226 3460 1295 ἀναγκαίας
3489 1231 3874 1307 φιλοστοργίας

2284 1305 2650 1375 ἀτιμάζοντας
2668 1309 2890 1377 νόμους,
2908 1312 2996 1366 διά
3016 1329 3078 1381 γε
3098 1305 3159 1368 ire
3186 1316 3337 1385 σφίσι
3360 1317 3574 1373 δοκοῦν·
3603 1340 3622 1373 ι
3644 1305 3874 1377 Ἔκτισε

2287 1396 2387 1465 μὲν
2440 1397 2549 1469 γὰρ
2598 1401 2677 1462 είς
2724 1400 2786 1453 τὸ
2824 1397 2971 1456 εἶναι
3029 1405 3098 1459 τά
3135 1407 3318 1461 ’πάντα
3351 1409 3505 1477 Θεὸς,
3544 1411 3640 1465 καὶ
3691 1416 3874 1486 σωτή-

2285 1502 2391 1561 ριοι
2421 1490 2479 1541 αἱ
2507 1491 2755 1557 γενέσεις
2774 1494 2866 1547 τοῦ
2908 1498 3137 1568 κόσμου,
3181 1500 3275 1552 καὶ
3308 1502 3408 1554 οὐκ
3434 1502 3582 1557 ἔστιν
3615 1505 3742 1577 ᾅδου
3769 1506 3874 1577 βα-

2284 1580 2480 1635 σίλειον
2514 1584 2607 1638 ἐπὶ
2632 1586 2756 1657 γῆς.
2789 1587 2973 1660 Φθόνῳ
2995 1589 3066 1658 ξδὲ
3103 1591 3355 1646 διαόόλου
3388 1593 3619 1661 θάνατος
3650 1600 3730 1662 είς
3773 1601 3872 1654 τὸν

2282 1675 2487 1746 κόσμον
2509 1678 2777 1751 εἰσῆλθεν.
2810 1700 2831 1732 ι
2860 1682 2969 1736 Καὶ
2993 1685 3027 1752 ἡ
3058 1684 3155 1754 μὲν
3185 1685 3304 1739 θεία
3329 1687 3548 1760 θέλησις
3567 1692 3871 1763 ἀνατρέπει

2282 1766 2532 1836 θάνατον,
2563 1772 2657 1825 καὶ
2697 1773 2959 1827 καταλύει
2990 1775 3196 1847 φθοράν
3216 1794 3230 1809 ·
3273 1779 3453 1833 καὶτὸ
3485 1782 3584 1835 οὐκ
3615 1778 3754 1838 εἶναι
3792 1787 3871 1841 τὰ

2279 1858 2409 1913 ὄντα
2446 1860 2547 1931 (ll,
2586 1866 2764 1933 μισεῖ·
2816 1864 3002 1921 ἔκτισε
3035 1868 3145 1940 γὰρ
3175 1870 3256 1934 είς
3285 1870 3347 1924 τὸ
3389 1867 3530 1927 εἶναι
3563 1874 3630 1929 τὰ
3663 1877 3862 1942 πάντα,

2281 1952 2423 2006 καθά
2456 1953 2783 2025 γέγραπται.
2820 1957 2886 2010 Ol
2928 1958 2985 2011 δὲ
3038 1962 3158 2024 ταῖς
3191 1961 3298 2016 τῶν
3326 1963 3621 2035 δαιμονίων
3668 1967 3867 2021 πλεον-

2280 2044 2451 2109 εξίαις
2481 2047 2941 2118 σεσαγηνευμένοι
2971 2050 3108 2122 πρὸς
3137 2051 3425 2124 πλάνησιν,
3457 2057 3708 2131 καθάπερ
3732 2061 3865 2132 ἡδύ-

2282 2155 2484 2208 σματα,
2507 2140 2602 2193 καὶ
2622 2139 2828 2208 τῶνζότι
2848 2142 3082 2212 μάλιστα
3098 2146 3350 2216 χρηστῶν
3370 2149 3461 2201 καὶ
3481 2149 3864 2222 εὐοσμοτάτων

2279 2229 2661 2301 θυμιαμάτων,
2718 2234 3147 2305 προσκομίζουσι
3203 2237 3282 2307 τῷ
3332 2239 3551 2311 Σατανᾷ
3608 2242 3718 2296 τῶν
3765 2245 3862 2299 ἐπὶ

2277 2321 2389 2394 ζωῇ
2423 2323 2723 2392 γεγονότων
2754 2324 2846 2379 τὸν
2881 2326 3124 2397 ὄλεθρον,
3154 2329 3251 2382 καὶ
3276 2329 3385 2386 τῶν
3413 2334 3751 2404 ὲκτισμένων
3777 2338 3861 2402 είς

2273 2413 2335 2468 τὸ
2361 2409 2521 2478 εἶναι,
2554 2415 2646 2470 τὸν
2678 2416 2924 2473 θάνατον.
2951 2417 3310 2488 Εὐφυέστατα
3336 2424 3535 2490 τοίνυν,
3565 2427 3666 2497 τῆς
3691 2429 3858 2500 ἰσχά-

2271 2520 2372 2577 της
2400 2507 2572 2573 δεῖξαι
2611 2507 2868 2580 διαϐολῆς
2912 2511 2979 2565 τὰ
3007 2515 3139 2585 παρ’
3167 2516 3399 2582 ἐκείνοις
3429 2516 3651 2590 ἔμπλεω
3692 2520 3859 2592 ἠθου-

2270 2597 2407 2670 λήθη
2452 2598 2548 2659 καὶ
2585 2597 2747 2669 φύσιν
2787 2600 3173 2674 ἀδικουμένην,
3229 2606 3324 2660 καὶ
3366 2607 3466 2678 τῆς
3515 2608 3855 2665 πολυεύκτου

2271 2689 2616 2761 φιλοπαιδίας
2664 2693 3085 2766 πεπατημένους
3127 2694 3388 2768 θεσμοὺς,
3435 2701 3752 2770 μετασοόὦν
3791 2702 3852 2760 εὖ

2273 2784 2418 2856 μάλα
2452 2786 2544 2842 τὸν
2580 2786 2773 2858 εὐγενῆ
2811 2789 2906 2843 καὶ
2940 2791 3238 2861 μισόκακον
3275 2792 3401 2847 νοῦν
3430 2795 3539 2848 τῶν
3563 2796 3855 2869 ἀκροωμέ-

2269 2894 2376 2932 νων
2421 2879 2519 2935 tul.
2554 2881 2617 2934 τὸ
2662 2882 2860 2954 χρῆναι
2897 2884 3066 2955 τιμᾷν
3111 2885 3206 2939 καὶ
3263 2885 3584 2967 ἀνθελέσθαι
3635 2876 3854 2961 γοργῶς

2274 2968 2420 3043 ἀπερ
2467 2970 2534 3025 ἂν
2576 2971 2743 3037 αὐτὸς
2792 2971 3034 3044 βούλοιτό
3076 2992 3137 3029 τε
3171 2974 3266 3031 καὶ
3318 2976 3488 3047 λέγοι.
3535 2980 3647 3033 Καὶ
3688 2984 3853 3037 ταυτὶ

579 3066 597 3098 ι
628 3046 783 3115 Quod
807 3050 851 3104 si
877 3054 1184 3108 surrexerit
1205 3055 1261 3109 in
1284 3057 1471 3112 medio
1494 3058 1574 3117 tui
1594 3060 1885 3131 propheta,
1911 3065 1998 3120 vel
2020 3080 2165 3120 som-

2270 3061 2392 3132 μὲν,
2441 3064 2522 3127 είς
2556 3064 2870 3138 ἀνατροπὴν
2906 3066 3009 3138 τῆς
3060 3070 3193 3140 παρ’
3239 3046 3468 3133 ἐκείνοις
3500 3071 3850 3143 ἀνοσιότητος

566 3139 731 3195 nians
746 3143 1106 3209 somnium,et
1126 3145 1342 3203 dederit
1360 3149 1459 3204 tibi
1477 3150 1693 3223 signum
1713 3161 1809 3208 aut
1827 3155 2159 3228 prodigium,

558 3240 625 3286 et
643 3234 858 3289 venerit
885 3234 1105 3306 signum
1138 3246 1235 3292 aut
1258 3242 1571 3313 prodigium
1619 3245 1767 3314 quod
1794 3246 2012 3303 locutus
2042 3250 2161 3306 fue-

566 3323 644 3379 rit
670 3324 739 3381 ad
765 3333 841 3392 te,
873 3326 1095 3384 dicens:
1122 3330 1347 3395 Eamus,
1377 3342 1434 3387 et
1465 3336 1774 3393 serviamus
1799 3339 1908 3395 diis
1943 3340 2159 3407 alienis,

566 3416 733 3486 180
764 3434 904 3488 quos
931 3436 1042 3475 non
1083 3423 1353 3479 novistis:
1393 3442 1506 3482 non
1546 3428 1786 3486 audietis
1823 3433 1993 3488 verba
2030 3450 2159 3505 pro-

561 3508 746 3577 pheta:
769 3509 938 3576 illius,
966 3520 1061 3566 aut
1084 3515 1205 3585 ejus
1227 3517 1321 3585 qui
1370 3519 1669 3575 somniavit
1699 3522 2008 3590 somnium;
2032 3525 2160 3595 quia

566 3604 742 3652 tentat
765 3614 863 3654 vos
890 3600 1159 3659 Dominus
1184 3605 1327 3661 Deus
1361 3616 1565 3673 vester,
1597 3617 1658 3663 ut
1706 3612 1843 3665 sciat
1867 3627 1935 3666 an
1969 3612 2161 3686 diliga-

559 3687 638 3744 tis
676 3689 968 3746 Dominum
1002 3694 1174 3753 Deum
1206 3706 1452 3754 vestrum
1497 3717 1566 3757 ex
1588 3710 1703 3757 toto
1736 3704 1903 3760 corde
1950 3715 2156 3772 vestro,

562 3785 621 3835 ct
654 3794 721 3832 ex
757 3787 868 3836 tota
897 3783 1080 3839 anima
1103 3794 1288 3842 vestra
1322 3798 1495 3859 :‘post
1524 3790 1819 3847 Dominum
1846 3795 2020 3850 Deum
2058 3813 2156 3853 ve-

560 3877 742 3925 suum
768 3874 1140 3943 ambulabitis,
1166 3887 1225 3935 et
1248 3879 1428 3949 ipsum
1468 3883 1759 3950 timebitis,
1802 3892 1860 3940 et
1901 3888 2184 3945 mandata

556 3963 682 4031 ejus
715 3968 1061 4035 custodietis,
1088 3979 1146 4031 et
1168 3988 1360 4029 vocem
1385 3976 1505 4046 ejus
1532 3977 1797 4044 audietis,
1838 3989 1894 4035 et
1916 3981 1997 4037 illi
2034 3999 2153 4039 seu»

560 4053 725 4110 vietis
745 4096 759 4121 ,
786 4065 843 4111 et
865 4057 944 4112 illi
979 4060 1363 4131 adhaerebitis;
1392 4074 1448 4120 et
1480 4067 1749 4138 propheta
1777 4071 1892 4138 ille,
1920 4074 2010 4129 vel
2059 4075 2153 4145 qui

557 4148 836 4203 somnium
859 4152 1174 4221 somniavit,
1201 4158 1472 4214 morietur
1496 4178 1511 4214 :
1536 4159 1758 4219 locutus
1786 4175 1873 4222 est
1916 4168 2065 4222 enim
2093 4180 2154 4225 ut

452 4248 453 4251 ‘
558 4240 859 4325 abduceret
886 4251 936 4299 te
963 4261 995 4301 a
1025 4246 1261 4303 Domino
1281 4246 1395 4305 Deo
1426 4260 1520 4306 tuo
1545 4255 1611 4308 ".
1646 4274 1665 4306 ι
1693 4255 1866 4323 Quam
1896 4260 2043 4331 justa
2069 4272 2153 4317 est

559 4320 677 4388 haec
702 4335 810 4401 lex,
834 4349 897 4391 ac
927 4338 1040 4393 Deo
1060 4342 1424 4399 conveniens!
1452 4343 1586 4400 Nam
1607 4348 1654 4402 si
1680 4364 1973 4419 corporum
2006 4356 2151 4409 occi-

2266 3154 2641 3224 ὲνομοθετεῖτο
2668 3155 2855 3211 πάλαι.
2881 3157 3176 3230 Καθορίζει
3195 3159 3253 3215 δὲ
3281 3159 3510 3216 θάνατον
3547 3163 3641 3217 τοῦ
3686 3181 3847 3235 μετα-

2264 3246 2473 3302 πείθειν
2508 3248 2782 3315 ἐθέλοντος
2805 3250 2899 3305 τδν
2920 3253 3018 3325 ὲρη
3029 3252 3328 3326 ρεισμένον,
3354 3256 3564 3326 καὶτῆς
3592 3256 3849 3328 ἀληθείας

2261 3339 2361 3411 τὴν
2401 3340 2602 3409 γνῶσιν
2640 3340 2905 3411 φιλοθέως
2930 3346 3353 3418 είσδεδεγμὲνον.
3395 3350 3540 3419 Ἔφη
3567 3349 3678 3422 γὰρ
3703 3349 3848 3405 οὕτω

2262 3431 2424 3484 πάλιν
2443 3447 2456 3461 ’
2495 3450 2514 3483 ι
2560 3432 2686 3486 Ἐἀν
2710 3434 2766 3488 δὲ
2792 3435 2999 3507 ἀναστῇ
3027 3436 3084 3489 ὲν
3115 3438 3197 3491 σοὶ
3227 3440 3512 3511 προφήτης
3537 3440 3567 3510 ἢ
3594 3441 3848 3495 ἐνυπνια-

2262 3522 2487 3593 ζόμενος
2521 3525 2584 3578 τὸ
2604 3526 2875 3592 ἐνύπνιον,
2907 3529 3000 3581 καὶ
3022 3529 3097 3600 δῷ
3120 3547 3202 3582 σοι
3227 3533 3452 3600 σημεῖον
3474 3531 3506 3602 ἢ
3535 3533 3718 3603 τέρας,
3753 3532 3847 3585 καὶ

2260 3612 2389 3688 ἔλθῃ
2415 3614 2477 3671 τὴ
2509 3619 2733 3688 σημεῖον
2781 3618 2814 3691 ἢ
2842 3620 2904 3673 τὸ
2938 3621 3121 3693 τέρας,
3157 3623 3186 3675 ὃ
3216 3622 3444 3693 ὲλάλησε
3480 3623 3613 3697 πρὸς
3645 3624 3727 3686 σε,
3751 3623 3844 3679 λέ-

2260 3721 2372 3774 γων
2388 3722 2402 3737 ’
2435 3709 2798 3780 Πορευθῶμεν
2826 3711 2922 3765 καὶ
2940 3711 3328 3785 λατρεύσωμεν
3353 3716 3494 3778 Θεοῖς
3517 3715 3727 3787 ἑτέροις
3748 3716 3844 3782 οὓς

2256 3800 2359 3852 οὐκ
2386 3800 2584 3868 οἴδατε,
2616 3802 2716 3856 οὐκ
2753 3803 3053 3858 ἀκούσεσθε
3090 3807 3197 3859 τῶν
3232 3807 3405 3875 λόγων
3434 3807 3525 3860 τοῦ
3558 3810 3842 3879 προφήτου

2259 3894 2466 3947 ἐκείνου
2508 3893 2541 3964 ἢ
2591 3894 2686 3948 τοῦ
2736 3895 3195 3966 ὲνυπνιαζομένου
3233 3898 3293 3951 τὸ
3339 3896 3589 3954 ὲνῦἳτνιον
3637 3903 3840 3965 ἐκεῖνο,

2256 3983 2337 4037 ὅτι
2368 3983 2616 4053 πειράζει
2650 3984 2855 4056 Κύριος
2880 3988 2909 4039 ὁ
2939 3985 3072 4051 Θεός
3103 4004 3198 4040 σου
3232 3989 3377 4059 ὑμᾶς
3406 3974 3501 4044 τὀῦ
3537 3991 3756 4056 είδένονι,
3790 3995 3843 4047 εἰ

2256 4078 2510 4144 ἀγαπᾶτε
2551 4077 2643 4132 τὸν
2674 4078 2807 4132 Θεὸν
2851 4078 3005 4151 ὑμῶν
3029 4078 3089 4145 ἐξ
3120 4081 3248 4153 ὅλης
3277 4081 3377 4152 τῆς
3406 4084 3630 4155 καρδίας
3660 4086 3840 4156 ὑμῶν,

2256 4171 2347 4223 καὶ
2376 4169 2435 4237 ἑξ
2450 4171 2580 4240 ὅλης
2603 4173 2703 4238 τῆς
2722 4170 2902 4241 ψυχῆς
2928 4171 3113 4243 ὑμῶν’
3146 4173 3321 4226 ὀπίσω
3350 4175 3559 4246 Κυρίου
3583 4176 3677 4230 τοῦ
3702 4176 3842 4232 Θεοῦ

2255 4261 2283 4312 ὑ
2294 4259 2408 4329 μῶν
2439 4260 2790 4332 πορεύσεσθε,
2819 4262 2911 4314 καὶ
2940 4261 3134 4315 τοῦτον
3168 4263 3542 4337 φοσηθήσεσθε
3561 4306 3575 4327 ,
3610 4267 3707 4320 καὶ
3742 4269 3843 4332 τάς

2255 4351 2472 4415 ἐντολὰς
2495 4351 2663 4405 αὐτοῦ
2679 4352 3002 4421 φυλάξεσθε,
3034 4355 3130 4409 καὶ
3157 4356 3260 4427 τῆς
3281 4358 3465 4429 φωνῆς
3484 4357 3651 4437 αὐτοῦ
3674 4361 3844 4414 ἀκού-

557 4426 778 4482 soribus
812 4430 1038 4486 omnino
1076 4434 1215 4487 mori
1258 4450 1485 4492 necesse
1517 4446 1604 4493 est
1639 4442 1946 4496 secundum
1973 4444 2152 4516 leges,

2270 4445 2440 4506 ςεσθε,
2483 4446 2579 4499 καὶ
2614 4446 2763 4516 αὐτῷ
2801 4446 3136 4512 δουλεῦσετε,
3182 4449 3275 4503 καὶ
3318 4426 3466 4521 αὐτῷ
3512 4434 3831 4525 ’προστεθή-

552 4519 834 4587 quomodo
850 4536 958 4577 non
969 4524 1345 4593 aequissimum
1365 4536 1450 4583 est
1476 4528 1693 4583 utidem
1717 4531 2013 4591 discrimen
2030 4538 2160 4592 sub-

550 4618 665 4675 eat,
682 4611 777 4680 qui
793 4613 979 4668 animo
994 4617 1369 4684 perniciosum
1386 4634 1632 4676 errorem
1652 4623 1942 4691 invexerit,
1961 4634 2017 4682 et
2030 4644 2155 4684 eum

547 4702 674 4772 qui,
700 4704 856 4774 juxta
880 4705 1187 4763 Salvatoris
1207 4709 1379 4779 ipsius
1397 4726 1612 4777 vocem,
1638 4728 1868 4784 corpore
1890 4728 2157 4788 praestan-

553 4794 663 4849 tior
678 4802 781 4861 est,
802 4796 857 4851 in
872 4798 1204 4873 perditionis
1224 4800 1412 4855 foveas
1437 4803 1770 4874 conjecerit?
1786 4807 2157 4868 Justissimum

2259 4535 2439 4590 σεσθε.
2502 4535 2613 4590 Καὶ
2668 4537 2697 4588 ὁ
2753 4537 3040 4610 προφήτης
3096 4539 3303 4603 ἐκεῖνος
3355 4539 3449 4611 ῆό
3494 4541 3556 4594 τὸ
3585 4541 3841 4599 ἐνύπνιον

2256 4626 2712 4698 ἑνυπνιαζόμενος
2764 4630 3002 4697 ἐκεῖνος,
3030 4630 3412 4686 ἀποθανεῖται·
3447 4635 3678 4707 ἑλάλησε
3728 4641 3839 4710 γὰρ

2253 4719 2635 4791 ἀποπλανῆσαί
2686 4738 2745 4774 σε
2785 4722 2892 4776 ἀπὸ
2939 4723 3145 4795 Κυρίου
3188 4727 3286 4781 τοῦ
3315 4727 3450 4782 Θεοῦ
3500 4745 3617 4783 σου.
3681 4749 3700 4782 ι
3749 4733 3842 4795 Ὦς

2255 4813 2402 4877 ὅσιός
2427 4830 2486 4866 τε
2533 4814 2628 4866 καὶ
2655 4812 2775 4885 Θεῷ
2816 4815 3042 4886 πρέπων
3083 4818 3113 4870 ό
3142 4819 3339 4890 νόμοςῖ
3373 4821 3437 4874 Εἰ
3470 4822 3575 4893 γάρ
3611 4840 3690 4876 τοι
3723 4826 3839 4888 τοῖς

553 4887 724 4958 igitur
746 4888 961 4958 putavit
986 4889 1134 4946 Deus
1175 4899 1238 4945 ut
1258 4900 1509 4947 extremo
1539 4897 1807 4967 supplicio
1826 4901 2007 4958 lueret
2029 4919 2149 4975 pte-

2270 4907 2352 4961 ’ῶν
2403 4904 2672 4975 σωμάτων
2711 4910 2998 4974 φονευταῖς
3040 4887 3217 4981 πάντη
3270 4928 3329 4963 τε
3377 4887 3491 4965 καὶ-
3519 4887 3739 4979 πάντως
3776 4887 3840 4968 τδ

553 4994 655 5034 nas
675 4979 939 5050 deceptor
972 4987 1029 5034 et
1051 4981 1344 5051 impostor;
1368 4985 1729 5059 eamdemque
1753 4991 2008 5051 similiter
2026 5013 2149 5068 pm-

553 5085 681 5124 nam
704 5070 968 5157 adversus
986 5086 1082 5127 eos
1104 5073 1411 5140 constituit,
1438 5077 1532 5147 qui
1570 5078 1748 5137 levem
1776 5085 2150 5158 mobilemqne

550 5160 799 5215 animum
817 5161 1085 5231 ejusmodi
1102 5162 1421 5222 hominibus
1435 5167 1837 5228 adhibuissent.
1850 5173 1951 5230 Cui
1968 5176 2138 5245 enim,

2243 4998 2562 5054 ὲκτεθνάναι
2598 4998 2708 5053 δεῖν
2748 4999 2941 5069 ἕψεται
2992 5001 3137 5055 κατά
3174 5003 3402 5074 νόμους,
3446 5003 3563 5068 πῶς
3604 5005 3671 5061 ὃν
3715 5006 3841 5077 οὐχὶ

2260 5088 2663 5144 κινδυνεύσειεν
2717 5090 2943 5155 είκότως
2997 5093 3027 5146 ό
3071 5092 3219 5166 ψυχῇ
3281 5093 3383 5166 τὴν
3418 5094 3663 5167 ὀλέθριον
3710 5097 3842 5151 ἑπι-

2251 5181 2433 5253 φέρων
2484 5180 2769 5252 πλάνησιν,
2819 5183 2914 5237 καὶ
2963 5182 3177 5257 βόθροις
3214 5185 3313 5257 τῆς
3358 5186 3634 5251 ἀπωλείας
3671 5187 3842 5249 ἐνιεὶς

554 5251 754 5322 inquit,
777 5250 1021 5322 effugere
1046 5254 1267 5320 licebat,
1288 5256 1357 5312 ad
1379 5260 1670 5316 veritatem
1689 5262 1933 5334 vigilanti
1957 5266 2142 5322 animo

2270 5273 2348 5342 τὴν
2395 5272 2604 5345 ἀμείνω
2652 5273 2921 5343 σώματος,
2943 5275 3086 5330 κατὰ
3124 5275 3225 5348 τὴν
3256 5276 3421 5332 αὐτοῦ
3454 5278 3547 5331 τοῦ
3579 5279 3839 5351 Σωτῆρος

554 5342 894 5412 respicienti,
932 5344 980 5400 is
1024 5360 1186 5417 quam
1220 5348 1291 5403 ob
1331 5365 1551 5407 causam
1597 5364 1793 5424 sponte
1837 5355 1904 5410 ad
1952 5357 2143 5425 perni-

551 5431 693 5487 ciem
736 5433 969 5506 ret‘ugit?
997 5458 1016 5490 ι
1050 5438 1207 5507 Quod
1245 5442 1290 5497 si
1318 5443 1578 5500 inventus
1619 5445 1787 5501 fuerit
1826 5448 1881 5501 in
1913 5464 2018 5502 una
2046 5466 2143 5504 ur-

2252 5361 2470 5433 φωνήν;
2522 5361 2734 5434 Χρῆναι
2773 5363 2872 5437 μὲν
2913 5363 2976 5435 δὴ
3010 5364 3112 5436 τὴν
3139 5365 3224 5435 ἐφ’
3269 5367 3463 5439 αἵματι
3496 5366 3840 5439 πράττεσθαι

2251 5453 2428 5525 δίκην,
2463 5454 2556 5508 τὸν
2588 5455 2881 5531 ἀπατεῶνα
2907 5458 3001 5511 καὶ
3033 5456 3362 5532 βωμολόχον,
3398 5459 3634 5513 ἐδικαίου
3661 5458 3837 5525 Θεός·

626 5591 665 5621 ’³
700 5593 857 5648 Deut.
885 5611 977 5660 xu,
1002 5597 1091 5654 29.
1159 5600 1203 5631 τ’
1231 5599 1357 5670 Sap.
1395 5617 1433 5665 ι,
1462 5601 1559 5667 ll;
1588 5617 1645 5665 ιι,
1670 5600 1775 5660 24.
1841 5602 1887 5633 ⁷³
1909 5603 2073 5663 Deut.
2092 5620 2207 5670 xm,
2230 5606 2348 5662 1—5.

626 5734 700 5801 (Ι)
754 5734 845 5789 δίο.
880 5738 1047 5793 codex
1112 5738 1443 5805 Vaticanus;
1483 5738 1665 5825 ‘codcx
1716 5739 1900 5825 Sirlctj
1929 5779 1944 5807 ,
1980 5740 2239 5812 ὀνόματα.
