4104 6456
305 296 405 353 491

1067 299 1155 356 DE
1192 299 1637 359 ADORATIONE
1680 302 1747 358 IN
1784 274 2053 362 SPIRITU
2094 307 2183 383 ET
2220 307 2592 365 \‘ERITATE.
2636 305 2764 362 LIB.
2807 306 2895 362 VI.

3501 309 3609 369 2‘2?

301 417 504 488 ποινὴν
544 416 604 469 δε
644 416 741 487 τὴν
769 416 894 486 ἴσην
941 434 1083 471 κατα
1099 418 1383 489 ξηιρίζεται
1417 423 1510 476 καὶ
1538 420 1626 474 τὸν
1656 420 1891 493 εὐπαρά·

2009 423 2161 479 bium
2194 432 2431 492 tuarum,
2461 441 2599 496 quas
2619 424 2888 480 Dominus
2913 423 3060 479 Deus
3100 434 3228 480 tuus
3254 424 3346 482 dat
3376 426 3496 494 tibi,
3518 429 3610 484 vir

299 505 481 577 φορόν
513 523 577 560 τε
623 506 719 560 καὶ
764 505 1005 578 ἐλαφρὸν
1051 509 1486 564 ὑποτεθεικότων
1522 514 1632 575 τοῖς
1680 511 1907 565 τοιοῖσδε

298 598 451 654 νοῦν.
509 598 663 666 Ἑξὸν
710 598 820 671 γὰρ
853 600 1094 665 εὐκόλως
1137 601 1442 674 διαδράναι,
1475 603 1662 675 φησὶν,
1705 602 1907 675 ἀνανή-

248 705 258 729 ι
300 708 477 762 φοντα
515 692 660 762 πρὸς
711 691 774 745 τὸ
816 691 1040 765 ἀληθὲς,
1100 693 1407 748 ἐθελούσιον
1455 694 1572 748 ἀνθ’
1629 695 1752 748 ὅτου
1807 694 1907 764 τὴν

302 784 376 850 εἷς
397 802 471 855 γε
523 785 590 839 τὺ
638 784 860 840 ἀδικοῦν
896 785 1214 858 ἀποδρομὴν
1247 787 1577 860 ἐποιήσατο;
1619 806 1637 839 ι
1690 787 1818 841 Ἐὰν
1849 787 1907 841 δὲ

310 879 503 953 εὑρεθῇ
530 880 595 934 ἐν
636 881 721 941 σοὶ
752 881 810 934 ἐν
836 882 936 953 μιᾷ
967 879 1078 935 τῶν
1116 880 1328 936 πόλεών
1373 898 1490 949 σου,
1522 873 1598 936 ὧν
1629 879 1832 954 Κύριος
1879 882 1908 934 ό

309 973 428 1038 Θεός
461 990 566 1026 σου
597 972 786 1027 δίδωσί
839 990 947 1034 σοι,
980 973 1180 1045 ἀνὴρῆ
1217 972 1375 1045 γυνὴ,
1408 974 1555 1037 ὅστις
1585 973 1811 1055 ποιήσεις
1847 973 1908 1026 τὸ

304 1067 546 1140 πονηρὸν
576 1066 829 1129 ἐναντίον
881 1065 1093 1138 Κυρίου
1126 1065 1221 1119 τοῦ
1266 1065 1404 1121 Θεοῦ
1448 1084 1564 1132 σου,
1615 1056 1907 1138 παρελθεῖν

294 1160 393 1230 τὴν
443 1159 728 1233 διαθήκην
782 1159 972 1224 αὑτοῦ,
1037 1160 1133 1213 καὶ
1180 1158 1512 1224 ἀπελθόντες
1564 1158 1906 1231 λατρεύσωσι

294 1251 442 1316 Θεοῖς
464 1252 705 1325 ἑτέροις,
745 1254 841 1313 καὶ
868 1252 1327 1325 προσκυνήσωσιν
1355 1251 1561 1318 αὐτοῖς,
1602 1251 1679 1322 τῷ
1702 1250 1839 1323 ήλίῳ
1870 1250 1904 1323 ἢ

294 1349 364 1417 τῇ
404 1345 635 1419 σελήνῃ,
660 1345 695 1416 ἢ
729 1346 890 1407 παντὶ
924 1343 1032 1398 τῶν
1065 1345 1128 1397 ἐκ
1153 1343 1250 1398 τοῦ
1287 1345 1494 1415 κόσμου
1518 1343 1612 1398 τοῦ
1652 1343 1902 1417 οὐρανοῦ,

296 1437 332 1490 ἀ
366 1438 430 1491 οὐ
470 1436 783 1509 προσέταξέ
818 1455 923 1501 σοι,
962 1436 1055 1490 καὶ
1094 1436 1194 1490 οὐκ
1234 1435 1511 1508 ἀνηγγέλη
1546 1454 1660 1500 σοι,
1690 1437 1785 1489 καί⁸
1809 1437 1904 1489 ἐκο

298 1528 538 1600 ζητήσει
579 1528 813 1599 σςόδρα,
856 1528 953 1582 καὶ
1000 1529 1107 1582 ἰδοὺ
1154 1509 1353 1599 ἀληθὲς
1391 1526 1585 1596 γέγονε
1636 1528 1696 1581 τὸ
1731 1527 1903 1600 ῥῆμα,

295 1621 603 1692 γεγένηται
640 1620 703 1674 τὺ
733 1620 1012 1695 βδέλυγμα
1037 1618 1193 1673 τοῦτο
1221 1620 1280 1673 ἐν
1308 1620 1548 1691 Ἰσραήλ·
1579 1619 1672 1674 καὶ
1697 1617 1907 1686 ἐξάξεις

292 1713 391 1765 τὸν
450 1712 751 1787 ἄνθρωπον
794 1714 1023 1779 ἐκεῖνον,
1059 1713 1091 1784 ἢ
1131 1712 1233 1784 τὴν
1256 1714 1496 1782 γυναῖκα
1548 1712 1789 1784 ἐκείνην,
1828 1711 1906 1765 οἴ-

2009 523 2106 569 aut
2138 517 2337 570 mulier
2393 532 2515 587 quae
2541 515 2707 571 faciat
2733 515 2937 570 malum
2976 514 3031 569 in
3057 524 3353 585 conspectu
3386 517 3609 574 Domini
3656 536 3661 543 '

2010 607 2113 673 tui,
2137 615 2199 662 ut
2222 608 2698 678 transgrediantur
2718 617 2938 678 paetum
2958 606 3096 677 ejus,
3121 615 3177 661 et
3197 606 3464 664 abeuntes
3484 624 3608 665 ser-

2008 701 2215 756 vierint
2237 700 2345 756 diis
2372 700 2587 766 alienis,
2621 709 2677 755 et
2707 700 3060 756 adoraverint
3082 700 3227 767 illos,
3252 701 3425 757 solem
3445 702 3607 760 vide-

2008 796 2157 859 licet,
2182 801 2279 850 aut
2302 794 2513 857 lunam,
2549 798 2644 846 aut
2667 792 2920 861 quemvis
2951 793 3123 847 alium
3158 800 3417 847 ornatum
3455 794 3604 860 caeli,

2008 903 2132 958 qum
2169 902 2280 941 non
2306 885 2545 956 prmeepi
2575 884 2699 950 tibi,
2739 900 2920 955 neque
2956 886 3280 942 annuntiata
3307 894 3437 941 sunt
3462 887 3604 944 tibi:

2005 988 2064 1034 et
2088 977 2448 1050 investigabis
2473 976 2796 1048 diligenter;
2823 985 2878 1031 et
2912 991 3042 1033 ecce
3066 994 3263 1033 verum
3294 977 3498 1034 factum
3520 986 3606 1035 est

2006 1073 2262 1139 verbum,
2285 1080 2343 1126 et
2366 1071 2509 1126 facta
2544 1078 2631 1125 est
2651 1069 2988 1124 abominatio
3010 1070 3128 1126 haec
3150 1071 3209 1126 in
3230 1072 3396 1127 Israel
3423 1091 3437 1126 :
3462 1072 3603 1129 edu-

2008 1180 2099 1221 ces
2119 1167 2402 1222 hominem
2425 1165 2601 1229 illum,
2623 1163 2711 1219 vel
2735 1162 3026 1218 mulierem
3048 1164 3216 1230 illam,
3235 1166 3330 1236 qui
3351 1166 3606 1223 fecerunt

2008 1273 2127 1313 rem
2152 1258 2293 1314 hanc
2314 1257 2536 1321 malam,
2558 1263 2615 1311 et
2636 1254 2954 1324 lapidabitis
2971 1269 3068 1310 eos
3089 1255 3386 1326 lapidibus,
3411 1267 3468 1313 et
3487 1274 3606 1314 mo-

2007 1351 2224 1407 rientur
2265 1369 2278 1405 :
2322 1349 2379 1405 in
2406 1348 2626 1404 duobus
2653 1347 2908 1413 testibus,
2935 1346 3023 1402 vel
3062 1347 3118 1401 in
3156 1349 3337 1407 tribus
3368 1351 3605 1407 testibus

2009 1441 2399 1513 morietur,qui
2424 1440 2666 1495 moritur
2683 1456 2697 1506 ;
2716 1454 2827 1494 non
2846 1439 3119 1495 morietur
3142 1440 3201 1494 in
3212 1456 3324 1494 uno
3347 1448 3487 1496 teste
3514 1461 3527 1495 :
3547 1453 3606 1498 et

2007 1548 2258 1599 manus,»
2290 1532 2525 1603 inquit,¢
2554 1528 2779 1585 testium
2804 1529 2912 1584 erit
2934 1544 3102 1600 super
3127 1529 3307 1600 ipsum
3331 1530 3387 1584 in
3411 1531 3607 1600 primis

2002 1627 2076 1682 ad
2116 1622 2559 1681 interﬁciendum
2602 1636 2753 1691 eum,
2794 1628 2851 1675 et
2892 1636 3088 1675 manus
3130 1620 3299 1679 totius
3333 1622 3521 1692 populi
3547 1621 3607 1676 in

2006 1718 2271 1774 extremis
2299 1735 2310 1771 :
2339 1725 2396 1771 et
2425 1714 2701 1770 auferetis
2722 1712 2927 1767 malum
2966 1728 2995 1767 a
3021 1712 3181 1768 vobis
3203 1713 3339 1784 ipsis
3362 1713 3427 1770 ⁷⁸.
3462 1732 3481 1765 ι
3506 1713 3607 1769 Dei

293 1822 448 1870 τινες
482 1805 754 1877 ἐποίησαν
778 1805 839 1859 τὸ
865 1808 1098 1876 πρᾶγμα
1126 1805 1186 1858 τὸ
1207 1805 1444 1876 πονηρὸν
1476 1802 1654 1875 τοῦτο,
1697 1804 1792 1858 καὶ
1823 1804 1891 1858 λι-

2004 1825 2243 1883 namque
2276 1810 2429 1866 cultu
2455 1808 2658 1863 violato
2689 1805 3073 1861 misericordia
3106 1805 3469 1871 commoveri,
3497 1805 3606 1860 mi-

294 1897 637 1970 θοδολήσετε
687 1897 891 1961 αὐτοὺς
953 1900 1010 1951 ἐν
1062 1895 1253 1965 λίθοις,
1309 1898 1404 1950 καὶ
1456 1896 1901 1968 τελευτήσουσιν’

292 1989 391 2043 ἐπὶ
422 1989 552 2042 δυσὶ
587 1988 858 2061 μάρτυσιν
888 1988 921 2060 ἢ
955 1988 1046 2041 ἐπὶ
1074 1989 1222 2059 τρισὶ
1253 1986 1524 2059 μάρτυσιν
1550 1985 1905 2041 ἀποθανεῖται

288 2081 320 2135 ὁ
353 2080 765 2151 ἀποθνήσκων·
803 2080 907 2133 οὐκ
967 2078 1318 2133 ἀποθανεῖται
1362 2078 1448 2148 ἐφ’
1497 2079 1579 2132 ἐνὶ
1635 2079 1901 2151 μάρτυρι’

289 2174 391 2227 καὶ
427 2173 464 2241 ἡ
516 2173 644 2244 χεὶρ
674 2172 787 2227 τῶν
821 2171 1119 2244 μαρτύρων
1148 2170 1303 2225 ἔσται
1342 2172 1431 2226 ἐπ’
1477 2172 1627 2244 αὐτῷ
1661 2173 1721 2226 ἐν
1753 2171 1905 2244 πρώ-

286 2283 408 2328 τοις
453 2264 774 2319 θανατῶσαι
805 2265 991 2332 αὒτὺν,
1026 2266 1122 2318 καὶ
1168 2266 1201 2336 ή
1232 2265 1354 2337 χεὶρ
1385 2264 1480 2319 τοῦ
1515 2265 1718 2329 παντὸς
1769 2264 1902 2319 λαοῦ

289 2360 384 2415 ἐπ’
420 2359 713 2429 ἐσχάτων·
751 2360 848 2423 καὶ
882 2359 1100 2430 ἐξαρεῖς
1121 2360 1213 2415 τὸν
1242 2359 1478 2437 πονηρὸν
1526 2359 1584 2426 ἐξ
1614 2346 1771 2430 ὑμῶν
1804 2358 1903 2412 αὐ-

286 2448 420 2503 τῶν·
469 2468 490 2499 ι
529 2448 668 2502 Θεοῦ
700 2449 813 2521 γὰρ
846 2449 1177 2521 ἠδικημένου
1213 2451 1342 2520 περὶ
1372 2448 1431 2502 τὸ
1462 2448 1592 2503 ἴδιον
1626 2449 1899 2520 σέϐασμα,

286 2540 351 2594 τὸ
382 2540 760 2617 ἐποικτείρειν
793 2541 895 2595 οὐκ
932 2541 1197 2611 ἀσφαλές.
1251 2539 1579 2614 Ἑπιξήμιον
1610 2541 1668 2596 δὲ
1701 2541 1900 2613 κομιδῆ

284 2630 351 2685 τὸ
381 2632 459 2704 μὴ
497 2633 558 2686 ὲν
606 2629 789 2704 καιρῷ
833 2633 1232 2705 μαλακίζεσθαι
1265 2634 1404 2706 πρὸς
1456 2633 1751 2707 ἀνάνδρους
1779 2634 1901 2704 φιλ-

288 2723 556 2795 αλληλίας
577 2738 593 2754 ⁸
640 2725 738 2779 καὶ
774 2726 954 2793 τοῦτο,
994 2722 1169 2798 οἶμαι,
1199 2725 1347 2780 ἐστιν
1372 2727 1510 2798 ὅπερ
1532 2725 1635 2798 ἔφη
1658 2726 1897 2798 Κύριος·

2005 1904 2155 1961 nime
2186 1913 2364 1961 tutum
2400 1912 2512 1967 cst;
2553 1899 2650 1956 sed
2678 1898 2735 1952 in
2760 1898 2957 1967 primis
2991 1898 3363 1969 periculosum
3390 1898 3606 1969 impor-

2006 2003 2142 2051 tuno
2161 2003 2405 2065 tempore
2422 1994 2491 2049 ad
2508 2004 2714 2049 mutuae
2727 1991 3127 2046 benevolentia:
3144 1991 3417 2061 ignaviam
3433 1989 3607 2045 emol-

2005 2089 2093 2144 liri
2124 2107 2136 2142 :
2164 2088 2332 2159 idque
2352 2088 2486 2143 illud
2511 2098 2616 2154 est,
2638 2089 2859 2159 opinor,
2879 2084 3029 2155 quod
3049 2085 3127 2140 ait
3150 2082 3470 2139 Christuszr
3498 2080 3603 2149 Qui

2005 2191 2150 2237 amat
2172 2190 2381 2252 patrem
2407 2190 2503 2236 aut
2525 2190 2757 2237 matrem
2784 2180 2908 2252 plus
2934 2194 3100 2250 quam
3134 2192 3243 2242 me,
3267 2192 3379 2232 non
3404 2186 3489 2232 est
3513 2193 3604 2233 me

2005 2274 2206 2346 dignus
2222 2276 2287 2329 ⁷⁸.
2312 2294 2329 2326 ι
2356 2272 2547 2331 Valeat
2565 2275 2793 2330 enimeo
2817 2283 3066 2344 tempore
3082 2271 3305 2342 pietatis
3328 2270 3601 2341 ιειιεχ,

2002 2368 2228 2423 recedat
2271 2369 2539 2424 naturalis
2582 2370 2787 2424 ameris
2831 2369 2937 2434 vis,
2993 2375 3050 2423 et
3093 2381 3157 2421 ea
3202 2365 3387 2421 omnia
3441 2380 3601 2435 quee-

2000 2474 2220 2531 cunque
2242 2460 2311 2515 ad
2339 2461 2627 2516 hominum
2652 2461 3008 2516 dilectionem
3040 2465 3312 2530 spectant,
3337 2465 3415 2523 et,
3441 2466 3503 2511 ut
3525 2458 3602 2514 ita

2001 2548 2272 2615 dicamus,
2295 2551 2389 2622 pia
2410 2550 2617 2608 duritia
2634 2552 2848 2610 colatur
2862 2552 3028 2607 Deus.
3049 2551 3132 2606 An
3155 2565 3287 2606 vero
3310 2564 3423 2604 non
3444 2548 3599 2619 pium

1998 2653 2119 2693 esse
2149 2653 2366 2705 censes,
2391 2640 2485 2711 qui
2511 2641 2717 2696 nullam
2755 2656 2981 2697 causam
3015 2640 3203 2697 dicere
3241 2639 3455 2711 possint
3500 2653 3603 2693 cur

1999 2729 2324 2795 defecerint,
2348 2742 2406 2789 et
2443 2734 2501 2788 in
2542 2734 2821 2804 apostasia
2856 2734 2995 2805 lapsi
3032 2734 3164 2799 sint,
3207 2748 3306 2788 eos
3327 2732 3448 2788 sine
3486 2732 3600 2787 ulla

290 2835 311 2868 ι
365 2816 425 2870 Ὁ
456 2818 700 2889 ἀγαπῶν
729 2817 942 2891 πατέρα
973 2819 1005 2891 ἢ
1042 2819 1255 2891 μητέρα
1291 2817 1434 2892 ὑπὲρ
1460 2818 1582 2891 ἐμὲ,
1631 2819 1735 2874 οὐκ
1774 2818 1891 2872 ἔστι

1994 2821 2355 2879 miseratione
2380 2823 2600 2894 puniri;
2627 2825 2833 2896 quippe
2873 2826 2968 2896 qui
3009 2825 3161 2881 illam
3205 2840 3373 2897 supra
3413 2825 3599 2880 omnia

289 2924 392 2979 μου
425 2909 606 2976 ἄξιος.
649 2928 667 2962 ι
719 2911 961 2982 Ἐρῤἐτω
982 2909 1093 2984 γὰρ
1123 2912 1219 2965 καὶ
1246 2912 1369 2965 τότε
1415 2910 1579 2982 νόμος
1611 2910 1891 2983 φιλοστορ-

1997 2914 2227 2986 gloriam
2253 2915 2559 2985 oﬂ‘endant,
2605 2933 2847 2988 eumque
2890 2926 3101 2974 temere
3139 2918 3340 2991 injuria
3379 2916 3600 2973 allicere

284 2999 431 3068 γίας,
485 3002 584 3055 καὶ
631 3003 872 3073 φυσικῆς
922 3002 1146 3075 ἀγάπης
1207 3002 1441 3075 οἰχέσθω
1497 3001 1752 3075 δύναμις,
1802 3004 1891 3057 καὶ

1997 3021 2111 3061 non
2151 3016 2476 3074 vereantur,
2518 3008 2607 3064 cui
2632 3024 2853 3078 aequum
2894 3016 3017 3064 erat
3056 3007 3377 3065 stabilitatis
3411 3007 3598 3063 studio

286 3094 391 3146 πᾶν
439 3093 627 3147 ὁτιοῦν
658 3093 773 3147 τῶν
823 3096 1071 3164 ἡκόντων
1105 3096 1188 3159 εἰς
1216 3093 1654 3166 φιλανθρωπίαν,
1690 3095 1786 3150 καὶ
1826 3094 1891 3149 Iv‘

1996 3094 2243 3152 laetitiam
2269 3099 2508 3155 afferre?

282 3182 457 3250 οὕτως
490 3187 766 3257 εἴπωμεν,
791 3186 861 3239 δι’
888 3183 1148 3248 εὐσεϐοῦς
1180 3185 1552 3259 σκληρότητος
1586 3184 1978 3257 θεραπευέσθω
2013 3186 2169 3251 Θεός.
2206 3188 2278 3241 Ἦ
2343 3190 2454 3262 γὰρ
2507 3190 2610 3263 οὐχ
2671 3190 2823 3245 ὅσιον
2862 3182 3004 3245 εἶναι
3039 3187 3164 3262 φής,
3234 3190 3365 3253 τοὺς
3416 3190 3594 3262 ἀπροι-

285 3281 554 3350 φάσιστω
607 3278 835 3349 ἔχοντας
877 3277 977 3350 τὴν
1021 3280 1348 3343 ἀπόστασιν,
1398 3277 1727 3342 κολάζεσθαι
1776 3277 1887 3331 δεῖν
1926 3278 2476 3351 ἀφιλοικτειρμόνως,
2510 3281 2588 3347 ὡς
2624 3283 2724 3357 τὴν
2750 3273 3045 3337 ’ἐπέκεινα
3085 3281 3304 3336 πάντων
3351 3282 3595 3336 καταλυο

282 3374 525 3440 ποῦντας
572 3373 756 3441 δόξαν,
788 3374 883 3430 καὶ
920 3374 1164 3445 ὑϐρίζειν
1212 3374 1543 3445 ἀφυλάκτως
1588 3375 1649 3428 οὐ
1680 3373 2176 3445 παραιτουμένους,
2204 3376 2263 3430 ὃν
2284 3372 2353 3449 ἦν
2404 3376 2468 3449 δή
2500 3394 2605 3432 που
2658 3381 2908 3451 κρεῖττον
2937 3380 3059 3442 ταῖς
3121 3377 3200 3441 είς
3265 3375 3595 3448 ἑδραιότητα

280 3469 716 3541 κατευτρραίνειν
752 3468 1012 3533 σπουδαῖς
1033 3485 1047 3533 ;

347 3563 569 3618 ΠΑΛΛ.
616 3563 826 3625 Ὅσιον,
863 3564 981 3627 πῶς
1010 3564 1120 3635 γὰρ
1149 3560 1246 3631 οὖ;

348 3653 520 3710 ΚΥΡ.
566 3656 942 3727 Μεμνήσομαι
988 3656 1047 3709 δὲ
1079 3655 1382 3719 διειπόντος
1428 3653 1595 3710 αὑτοῦ
1638 3658 1751 3721 τοῖς
1786 3657 1888 3727 ἀρ·

275 3747 594 3818 χαιοτέροις
617 3763 630 3776 ο
672 3766 692 3799 ι
728 3747 797 3801 Τί
843 3747 1078 3819 εὖροσαν
1119 3749 1169 3800 οί
1200 3747 1437 3819 πατέρες
1482 3746 1636 3819 ὑμῶν
1671 3749 1729 3801 ἐν
1763 3748 1889 3820 ἐμοὶ

276 3837 693 3912 πλημμέλημα,
728 3838 812 3892 ὅτι
852 3838 1177 3909 ἀπέστησαν
1204 3839 1297 3891 ἀπ’
1333 3837 1467 3908 ἐμοῦ
1518 3837 1759 3910 μακρὰν,
1790 3838 1888 3892 καὶ

274 3930 662 4001 ἐπορεύθησαν
699 3930 876 3985 ὀπίσω
911 3929 1025 3984 τῶν
1071 3931 1340 4002 ματαίων,
1394 3930 1490 3984 καὶ
1536 3929 1886 4002 ἐματαιώθη-

274 4039 406 4089 σαν;
444 4042 466 4076 ι
507 4022 928 4099 Κατατεθηπὼς
957 4025 1015 4078 δὲ
1056 4024 1249 4094 ὥσπερ
1298 4026 1382 4077 ἐπ’
1415 4025 1680 4095 ἀκράτοις
1736 4025 1884 4094 ἀμα-

275 4115 417 4180 θίαις
467 4115 603 4179 τοὺς
651 4113 714 4180 ἐξ
763 4116 1002 4188 Ἰσραὴλ,
1037 4110 1138 4170 ὧδέ
1177 4115 1252 4187 πή
1287 4133 1485 4187 φησιν·
1523 4134 1543 4168 ι
1590 4113 1813 4187 Ἐξέστη
1856 4117 1886 4169 ό

273 4207 507 4278 οὐρανὸς
540 4206 638 4260 ἐπὶ
666 4208 867 4278 τούτῳ,
891 4209 987 4262 καὶ
1013 4207 1235 4280 ἔφριξεν
1260 4207 1354 4260 ἐπὶ⁸
1377 4205 1562 4260 πλεῖον
1594 4207 1628 4277 ἡ
1655 4206 1726 4278 γῆ
1753 4207 1885 4277 σφό-

270 4299 391 4371 δρα,
425 4299 589 4368 λέγει
637 4298 848 4371 Κύριος
869 4317 882 4331 ·
916 4301 1001 4355 ὅτι
1027 4301 1122 4355 δύο
1156 4299 1372 4373 πονηρά
1412 4298 1672 4371 ἐποίησεν
1702 4300 1731 4352 ό
1756 4299 1882 4363 λαός

274 4406 395 4463 μου.
447 4392 587 4464 Ἐμὲ
628 4393 960 4462 ἐγκατέλιπε
1018 4393 1200 4466 πηγὴν
1253 4392 1447 4456 ὕδατος
1504 4391 1727 4457 ζῶντος,
1786 4392 1882 4445 καὶ

270 4478 494 4552 ὤρυξαν
524 4483 746 4547 ἑαυτοῖς
784 4481 1024 4547 λάκκους
1075 4481 1595 4555 συντετριμμένους,
1628 4481 1764 4552 οἳρὺ
1787 4482 1879 4535 δυ-

267 4574 532 4644 νήσονται
580 4572 729 4646 ὕδωρ
779 4576 1047 4647 συνέχειν.
1085 4595 1105 4627 ι
1164 4574 1460 4640 Εὐϐουλίας
1498 4574 1608 4646 γὰρ
1659 4575 1881 4645 ἀπάσης

266 4664 626 4741 ἀφαμαρτεῖν
666 4665 915 4740 οίηθείην
964 4668 1033 4722 ἂν
1078 4667 1278 4738 ἔγωγε,
1317 4667 1411 4721 καὶ
1455 4666 1602 4738 μάλα
1648 4667 1880 4729 εἰκότως

265 4757 416 4821 τοὺς,
450 4759 508 4811 οῖ
532 4775 601 4827 γε
641 4759 743 4831 τῆς
772 4761 851 4824 είς
879 4760 1014 4814 Θεὸν
1064 4759 1473 4829 ἀποφοιτῶντες
1498 4758 1777 4830 λατρείας,
1811 4761 1876 4830 τῇ

265 4847 445 4901 κτίσει
493 4849 829 4921 λατρεύουσι
871 4850 1028 4923 παρά
1072 4852 1165 4905 τὸν
1199 4851 1442 4922 Κτίστην
1477 4850 1571 4904 καὶ
1612 4851 1872 4920 Ποιητὴν,

1911 3567 1957 3628 c
2057 3561 2257 3617 PALL.
2285 3559 2524 3615 Prorsus
2559 3556 2712 3629 pium
2742 3576 2754 3612 :
2786 3557 3023 3629 quidni?

2067 3655 2226 3711 ΟΥΕ.
2271 3651 2732 3708 Commemorabo
2774 3660 2958 3706 autem
2998 3650 3121 3721 ejus
3159 3647 3353 3723 verba,
3393 3647 3595 3719 priscis

1990 3746 2102 3803 illis
2127 3744 2449 3825 hominibus
2489 3742 2728 3798 dicentis
2758 3760 2770 3795 :
2807 3761 2826 3793 ι
2866 3740 3011 3808 Quid
3055 3740 3397 3795 invenerunt
3421 3741 3478 3793 in
3501 3754 3593 3795 me

1988 3849 2174 3911 patres
2196 3839 2368 3895 vestri
2394 3837 2606 3903 delicti,
2632 3836 2763 3907 quia
2785 3841 3136 3890 recesserunt
3156 3833 3318 3903 longe
3344 3848 3374 3886 a
3400 3847 3510 3896 me,
3535 3839 3593 3888 et

1988 3932 2248 3987 abierunt
2266 3938 2392 4002 post
2412 3930 2709 3992 vanitates,
2734 3935 2791 3981 et
2811 3924 2939 3981 vani
2966 3920 3096 3980 facti
3120 3932 3251 3979 sunt
3273 3923 3352 3976 '°?
3379 3943 3396 3974 ι
3425 3922 3592 3978 Cum-

1987 4038 2097 4093 que
2129 4022 2369 4078 ﬁliorum
2403 4020 2571 4075 Israel
2599 4017 2772 4073 veluti
2794 4031 3004 4073 meram
3030 4014 3320 4070 stultitiam
3345 4013 3590 4068 demira-

1988 4125 2164 4181 retur,
2199 4115 2311 4171 ait:
2349 4134 2367 4166 ι
2399 4112 2698 4182 Obstupuit
2724 4110 2924 4166 cmlum
2952 4123 3118 4179 super
3144 4107 3270 4171 hoc,
3297 4114 3354 4160 et
3391 4106 3587 4161 inhorc

1988 4205 2100 4260 ruit
2140 4214 2288 4261 terra
2314 4212 2466 4258 extra
2509 4201 2757 4265 modum,
2793 4199 2930 4255 dicit
2964 4197 3262 4264 Dominus;
3303 4196 3430 4267 quia
3474 4197 3589 4252 duo

1984 4298 2126 4352 mala
2149 4296 2279 4352 fecit
2303 4296 2542 4367 populus
2564 4309 2739 4350 meus:
2765 4310 2852 4350 me
2876 4292 3174 4363 dereliquit
3199 4291 3405 4346 fontem
3430 4306 3588 4360 aquae

1984 4391 2143 4455 vivae,
2168 4398 2225 4444 et
2247 4389 2510 4445 foderunt
2533 4388 2637 4443 sibi
2673 4389 2830 4443 lacus
2865 4386 3161 4450 contritas,
3188 4383 3284 4455 qui
3316 4398 3425 4437 non
3453 4398 3588 4453 pos~

1982 4490 2116 4536 sunt
2141 4494 2339 4551 aquam
2367 4481 2655 4535 continere
2680 4480 2744 4532 "'.
2779 4498 2797 4530 ι
2828 4478 2937 4533 Eos
2962 4478 3111 4533 enim
3149 4476 3219 4531 ab
3256 4474 3408 4529 omni
3435 4483 3588 4529 recto

1982 4563 2214 4630 consilio
2236 4574 2519 4639 aberrare,
2547 4571 2696 4627 haud
2722 4571 2961 4627 absurde
2987 4568 3322 4633 censuerim,
3349 4567 3444 4637 qui
3467 4566 3584 4622 dis-

1983 4665 2251 4721 cedentes
2296 4681 2326 4721 a
2370 4665 2469 4721 Dei
2522 4665 2707 4731 cultu,
2768 4671 3041 4721 creaturae
3091 4661 3345 4717 serviunt
3399 4660 3586 4730 potius

1980 4774 2146 4829 quam
2186 4758 2436 4816 Creatori
2479 4766 2645 4829 atque
2683 4756 3005 4822 Conditori;
3034 4762 3129 4809 aut
3170 4752 3240 4808 ad
3278 4752 3584 4823 turpiorem

1978 4851 2163 4906 adhuc
2183 4866 2433 4907 errorem
2457 4851 2687 4921 delapsi,
2714 4851 2951 4906 adorant
2973 4865 3141 4920 opera
3167 4862 3429 4904 manuum
3457 4862 3584 4903 sua-

263 4940 439 5003 ἧγουν
477 4938 562 4994 ἐτι
612 4941 752 5015 πρὸς
799 4943 998 5014 αἰσχίω
1041 4943 1531 5016 καταθρώσκουτες
1578 4942 1868 5012 πλάνησιν,

1993 4960 2098 4999 ἰιιῐι
2126 4961 2140 4998 :
2167 4958 2294 4999 cum
2318 4951 2467 4999 esset
2487 4943 2770 5018 perfacile,
2791 4944 2835 4997 si
2857 4951 3009 4997 recte
3033 4955 3228 5011 sapere
3250 4938 3579 5001 voluissent,

264 5032 645 5105 προσκυνοῦσι
673 5037 789 5102 τοῖς
813 5034 999 5110 ἔργοις
1033 5035 1141 5090 τῶν
1170 5036 1373 5108 χειρῶν
1419 5035 1629 5088 αὐτῶν·
1663 5035 1758 5088 καί
1788 5051 1871 5087 τοι

261 5122 327 5198 ἦν
376 5128 650 5194 εὐκόλως,
680 5130 842 5200 εῖπερ
887 5130 1093 5185 ἐλοιντο
1124 5133 1342 5201 φρονεῖν
1371 5128 1568 5201 ὀρθῶς,
1599 5128 1700 5199 τῆς
1730 5128 1872 5198 ὑπὲρ

264 5220 449 5274 πάντα
495 5221 595 5274 καὶ
629 5222 872 5294 ἀρρήτου
919 5222 1137 5293 φύσεως
1162 5221 1605 5277 καταθεάσασθαι
1643 5219 1703 5274 τὸ
1737 5220 1873 5274 κήλ-

262 5310 350 5375 λος
379 5311 497 5366 ἀπὸ
535 5313 771 5378 κτίσεως
814 5314 1046 5386 κόσμου,
1081 5316 1177 5369 καὶ
1212 5316 1274 5367 ἐκ
1305 5314 1406 5384 τῆς
1433 5311 1543 5366 τῶν
1564 5311 1870 5381 γεγονότων

261 5402 576 5474 εὐρυθμίας
618 5404 714 5458 τὸν
745 5406 1042 5478 ταξίαρχον
1071 5408 1167 5461 καὶ
1196 5406 1443 5477 ἡγεμόνα
1479 5405 1575 5458 καὶ
1601 5402 1866 5473 δημιουρ-

260 5495 352 5567 γρν
374 5495 541 5549 τοῦδε
561 5496 658 5550 τοῦ
682 5498 883 5564 παντὸς
910 5502 1134 5554 ἐννοεῖν.
1173 5498 1335 5552 Ἀλλά
1361 5498 1460 5575 τὴν
1485 5496 1628 5551 οὕτω
1657 5496 1864 5568 σεπτήν

260 5605 314 5642 τε
349 5590 447 5643 καὶ
476 5592 816 5666 ἀξιάγαστον
861 5593 1089 5666 γνώμην
1131 5593 1548 5656 διαπτύσαντες,
1582 5589 1725 5652 τινὲς
1754 5587 1864 5641 τῶν

298 5744 375 5808 ’⁷⁸
400 5773 936 5843 Βριιῐ.χιίι,ἓερ‹ι(ι.
1012 5773 1057 5804 ⁷⁸
1084 5770 1336 5834 δίοψις,
1369 5770 1457 5822 57.
1536 5769 1582 5799 ⁷⁸
1608 5767 1723 5821 .Ier.
1749 5782 1809 5828 ιι,
1837 5766 1891 5820 5.

1974 5051 2205 5092 summae
2241 5036 2394 5093 illius
2417 5045 2473 5092 et
2509 5036 2810 5092 ineﬂ'abilis
2850 5044 3065 5090 naturae
3103 5030 3580 5105 pulchritudinem

1973 5130 2357 5201 contemplari,
2387 5146 2568 5201 neque
2612 5130 2791 5184 solum
2829 5144 2897 5184 ex
2939 5136 3194 5183 creatura
3237 5123 3449 5189 mundi,
3477 5122 3577 5179 sed

1971 5222 2141 5276 etiam
2208 5236 2278 5276 ex
2317 5237 2508 5279 rerum
2575 5236 2698 5292 quae
2741 5220 2978 5276 condita:
3018 5225 3149 5273 sunt
3200 5215 3580 5273 concinnitate

1971 5314 2281 5386 principem
2307 5330 2373 5370 ac
2405 5314 2604 5370 ducem
2637 5323 2694 5369 et
2717 5313 2969 5384 Opiﬁcem
3008 5311 3173 5381 hujus
3196 5308 3578 5366 universitatis

1970 5405 2302 5478 intelligere.
2352 5405 2459 5462 Sed
2496 5406 2747 5461 nonnulli
2793 5420 2825 5460 e
2868 5403 3067 5474 priscis
3107 5402 3217 5457 illis
3254 5401 3578 5459 hominibus

1970 5499 2263 5554 consilium
2283 5499 2422 5555 adeo
2440 5498 2856 5571 suspiciendum
2881 5506 2937 5554 et
2957 5496 3286 5553 admirabile
3308 5511 3577 5569 respuen-

1971 5598 2072 5651 tes,
2099 5606 2287 5653 aurea,
2311 5600 2374 5644 ut
2393 5601 2481 5645 est
2500 5589 2643 5660 apud
2661 5588 2882 5647 Graecos
2906 5597 3119 5659 poetas,
3145 5603 3243 5659 pro
3264 5588 3425 5645 :ereis
3447 5602 3577 5657 pcr-

1970 5767 2013 5798 "
2061 5748 2229 5837 una”
2258 5766 2343 5831 ιι,
2375 5764 2471 5819 13.
