4104 6446
499 250 606 307 5:33
1526 241 1581 296 S.
1623 239 1900 298 CYR‘ILLI
1939 242 2090 302 ΑιΕῒ

2194 237 2419 305 ἿΒΜΝῘ
2460 238 2783 304 ΑΒΟΙΙΙἙΡ.
3677 251 3772 310 4'21

500 373 874 420 mutaverunt.
905 363 1107 432 Quare,
1136 362 1348 433 abiecta
1385 359 1504 424 Dei,
1533 358 1626 429 qui
1654 357 1958 414 secundum
1987 374 2084 413 na-

2194 359 2586 432 ἀρχαιοτέρων,
2617 360 2824 432 χρύτεα
2853 357 3121 431 χαλκείων
3141 359 3463 432 ἠλλάξαντο,
3492 366 3636 420 κατὰ
3656 373 3778 436 τοὺς

502 465 680 510 turam
725 465 829 518 est,
871 455 1192 509 adoratione
1234 449 1522 522 pueriliter
1562 464 1815 503 conversr
1857 457 1986 501 sunt
2024 447 2090 502 ad

2196 453 2326 523 παρ’
2351 452 2576 523 Ἕλλησι
2607 451 2835 523 ποιητάς
2872 451 3050 524 (1).Τὸ
3074 454 3184 525 γάρ
3203 471 3287 508 τοι
3306 455 3502 526 χρῆναι
3530 441 3818 526 μεθέντες¹

503 547 755 602 inutilem
779 557 834 601 et
858 561 1059 599 vanum
1086 545 1359 598 idolorum
1387 543 1615 596 cultum.
1644 541 1830 611 Itaque
1855 539 2095 596 dedecus

504 639 622 692 risu
660 638 884 707 dignum
923 650 1023 689 suo
1050 634 1215 704 capiti
1259 639 1633 703 asperserunt,
1663 647 1872 701 suaque
1900 641 2094 701 sponte

502 729 726 799 superni
748 729 940 782 auxilii
969 725 1382 780 destitutionem
1409 723 1645 793 amplexi
1683 733 1829 777 sunt.
1856 724 2093 794 Ideoque

501 825 639 878 dixit
663 825 806 878 Deus
836 842 880 875 εί
917 823 985 877 Ut
1006 821 1246 875 dedecus
1266 819 1406 873 furis
1428 834 1552 872 cum
1576 817 1955 888 deprehensus
1979 817 2095 871 fue-

501 917 592 977 rit,
623 916 701 968 sic
736 915 1070 968 erubescent
1107 912 1204 966 filii
1235 911 1423 974 Israel,
1454 909 1580 979 ipsi,
1609 918 1668 964 et
1694 923 1848 979 reges
1874 924 2089 973 eorum,

499 1016 556 1062 et
580 1008 857 1078 principes
898 1008 1167 1076 ipsorum,
1211 1012 1267 1059 et
1305 1002 1619 1058 sacerdotes
1644 1015 1858 1064 eorum,
1883 1008 1938 1055 et
1962 1017 2092 1070 pro-

500 1101 682 1170 phetae
707 1115 930 1154 eorum:
963 1099 1112 1169 ligno
1137 1097 1398 1151 dixerunt
1431 1112 1443 1147 :
1473 1096 1634 1150 Pater
1659 1109 1816 1148 meus
1838 1109 1898 1148 es
1924 1103 2011 1159 tu;
2039 1102 2094 1148 et

499 1192 696 1261 lapidi:
725 1192 805 1245 Tu
833 1190 1070 1262 genuisti
1097 1204 1204 1243 me.
1231 1189 1301 1242 Et
1322 1194 1612 1243 verterunt
1635 1186 1703 1241 ad
1727 1202 1815 1241 me
1843 1195 2012 1256 terga,
2038 1195 2094 1241 et

499 1300 609 1337 non
635 1284 802 1338 facies
828 1299 987 1348 suas;
1041 1290 1098 1336 et
1125 1282 1181 1335 in
1207 1288 1450 1350 tempore
1475 1280 1746 1334 malorum
1776 1277 1933 1349 182
1961 1294 2092 1333 suo-

499 1391 625 1429 rum
653 1375 840 1428 dicent
864 1393 875 1427 :
899 1373 1094 1444 Surge,
1121 1381 1176 1427 et
1199 1373 1346 1427 salva
1369 1389 1489 1427 nos.
1517 1372 1587 1426 Et
1616 1355 1708 1427 ubi
1735 1381 1864 1426 sunt
1889 1372 1964 1426 dii
1991 1372 2090 1437 tui,

499 1483 639 1536 quos
679 1467 859 1521 fecisti
904 1467 1004 1520 tibi
1047 1467 1187 1536 ipsi?
1214 1465 1269 1520 Si
1299 1473 1523 1536 surgent
1548 1472 1603 1519 et
1643 1461 1931 1519 salvabunt
1956 1471 2008 1518 te
2036 1464 2093 1518 in

500 1569 747 1631 tempore
787 1559 1100 1614 atllictionis
1128 1559 1271 1612 tuae?
1304 1561 1435 1627 quia
1467 1558 1622 1628 juxta
1660 1570 1953 1609 numerum
1993 1571 2091 1608 ur-

499 1651 653 1706 bium
683 1659 902 1703 tuarum
936 1655 1096 1702 erant
1120 1647 1196 1701 dii
1223 1648 1324 1712 tui,
1350 1646 1516 1711 Juda;
1542 1646 1771 1716 etjuxta
1794 1661 2090 1699 numerum

2194 544 2315 616 Θεῷ
2345 545 2424 616 τῷ
2450 545 2592 600 κατὰ
2621 545 2784 614 φύσιν
2817 549 3167 616 προσκυνεῖν,
3210 549 3592 620 μειρακιωδῶς
3620 553 3784 624 ὲτράκ

2195 651 2359 688 ποντο
2399 633 2535 706 πρὸς
2578 635 2835 706 ἀνόνητον
2883 635 3318 709 εἰκαιολατρείαν
3354 639 3461 708 (εγ
3516 639 3784 711 αἰσχύνην

2193 728 2288 780 καὶ
2339 727 2552 795 γέλωτα
2591 727 2692 797 τῆς
2739 725 2947 780 ἑαυτῶν
2981 729 3342 798 καταχέοντες
3373 729 3620 799 κεφαλῆς
3689 732 3787 786 καὶ

2193 819 2516 890 ἐπικουρίας
2560 818 2662 888 τῆς
2711 818 2916 874 ἄνωθεν
2983 819 3316 890 αὐτόκλητον
3364 821 3632 892 ᾑρημένοι
3687 819 3788 890 τὴν

2193 914 2534 969 ἀπόπτωσιν.
2593 914 2705 967 Καὶ
2756 914 2886 983 γοῦν
2943 913 3050 986 ἔφη
3105 909 3270 977 Θεός·
3324 931 3343 966 ι
3409 915 3496 978 Ὠς
3549 914 3785 986 αἰσχύνη

2194 1005 2432 1059 κλέπτου
2478 1006 2608 1060 ὅταν
2657 1003 2792 1078 ἁλῷ,
2851 1005 3023 1069 οὕτως
3066 1003 3518 1076 αἱσχυνθήσονται
3567 1006 3616 1057 οἱ
3675 1005 3786 1056 υἱοὶ

2208 1099 2422 1170 Ἰσραὴλ
2452 1098 2627 1163 αὐτοὶ,
2652 1099 2746 1152 καὶ
2767 1100 2814 1152 οἱ
2846 1097 3084 1168 βασιλεῖς
3110 1097 3312 1164 αὐτῶν,
3331 1097 3421 1150 καὶ
3441 1098 3490 1150 οἱ
3519 1097 3787 1167 ἄρχοντες

2194 1190 2395 1254 αὐτῶν,
2421 1191 2516 1244 καὶ
2543 1191 2593 1242 οἱ
2625 1192 2788 1260 ἱερεῖς
2819 1189 3018 1253 αὐτῶν,
3049 1188 3142 1242 καὶ
3171 1190 3218 1240 οἱ
3255 1190 3535 1258 προφῆται
3561 1187 3748 1239 αὐτῶν
3768 1203 3787 1218 ο

2191 1279 2269 1351 τῷ
2300 1279 2441 1349 ξύλῳ
2473 1273 2653 1346 εἶπαν,
2687 1280 2770 1331 ὅτι
2806 1279 2995 1349 Πατήρ
3029 1295 3132 1348 μου
3181 1271 3232 1330 εἷ
3258 1278 3346 1342 σὺ,
3381 1278 3473 1330 καὶ
3501 1275 3579 1346 τῷ
3613 1275 3786 1346 λίθῳ’

2195 1373 2268 1426 Σὺ
2316 1371 2615 1442 ὲγέννησὰς
2646 1388 2734 1442 με.
2766 1371 2876 1424 Καὶ
2923 1369 3192 1441 ἔστρεψαν
3232 1367 3320 1421 ἐπ’
3349 1367 3449 1439 ἐμὲ
3488 1368 3654 1432 νῶτα,
3686 1369 3789 1422 καὶ

2193 1466 2254 1518 οὐ
2297 1466 2564 1536 πρόσωπα
2611 1463 2831 1517 αὐτῶν·
2876 1463 2968 1518 καὶ
3014 1464 3072 1516 ὲν
3107 1461 3184 1532 τῷ
3231 1461 3407 1533 καιρῷ
3445 1460 3556 1514 τῶν
3593 1461 3788 1514 κακῶν

2194 1557 2372 1610 αὐτῶν
2415 1556 2660 1627 ἐροῦσιν’
2719 1553 2952 1608 Ἀνᾶστα
2979 1553 3074 1606 καὶ
3115 1553 3289 1606 σῶσον
3339 1553 3505 1624 ἡμᾶς.
3538 1553 3647 1605 Kac
3673 1551 3785 1605 ποῦ

2195 1649 2331 1702 εἰσὶν
2362 1649 2411 1701 οἱ
2453 1647 2562 1700 Θεοί
2595 1665 2711 1712 σου,
2749 1645 2843 1710 οὓς
2881 1643 3145 1716 ἐποίησας
3193 1643 3408 1716 σαντῷς
3445 1644 3509 1697 Ei
3542 1644 3788 1714 ἀναστή-

497 1744 712 1798 viarum
737 1741 1061 1804 Jerusalem,
1091 1739 1475 1796 sacrificabant
1497 1739 1644 1793 Baal.
1666 1737 1778 1794 Cur
1795 1738 2088 1808 loquimini

2194 1759 2376 1796 σονται
2417 1740 2511 1794 καὶ
2557 1738 2792 1794 σώσουσι
2844 1755 2904 1792 σε
2934 1739 2991 1793 ὲν
3031 1736 3108 1808 τῷ
3138 1736 3316 1809 καιρῷ
3345 1737 3445 1808 τῆς
3471 1736 3782 1800 κακώσεὼς

499 1838 566 1892 ad
590 1837 708 1891 me?
731 1834 932 1890 Omnes
950 1849 1048 1888 vos
1071 1832 1235 1902 impie
1257 1831 1468 1902 egistis,
1489 1839 1545 1886 et
1566 1845 1757 1886 omnes
1777 1846 1876 1885 vos
1899 1829 2088 1901 inique

498 1929 708 1984 fecistis
745 1927 800 1981 in
824 1943 932 1991 me,
960 1926 1099 1980 dicit
1121 1925 1390 2010 Dominus
1413 1923 1476 1976 ⁷⁸.
1510 1941 1528 1974 ι

2197 1851 2329 1900 σονς
2380 1835 2462 1888 ὅτι
2494 1832 2638 1888 κατὰ
2675 1832 2908 1906 ἀριθμὸν
2938 1833 3048 1888 τῶν
3090 1831 3296 1885 πόλεών
3350 1849 3444 1885 σου
3483 1826 3620 1902 ἦσαν
3665 1830 3788 1883 Θεοί

2196 1942 2316 1988 σου,
2367 1923 2558 1989 Ἰούδα,
2598 1923 2691 1978 καὶ⁴
2736 1923 2879 1978 κατὰ
2923 1922 3156 1995 ἀριθμὸν
3198 1922 3388 1975 διόδων
3437 1923 3536 1992 τῆς
3579 1921 3788 1991 Ἰερου-

501 2024 714 2094 σαλὴμ,
771 2023 926 2076 ἔθυον
979 2020 1058 2092 τῷ
1104 2019 1275 2073 Βαάλ.
1325 2017 1489 2072 Ἰνατί
1548 2017 1768 2071 λαλεῖτε
1817 2019 1954 2091 προς
2000 2035 2099 2088 με;
2131 2018 2338 2084 Πάντες
2363 2020 2522 2091 ὑμεῖς
2550 2021 2864 2091 ⁴Ιλινομήσατε
2889 2019 2970 2082 ἐἰς
2988 2019 3110 2090 ἐμὲ,
3135 2015 3284 2085 λέγει
3315 2016 3537 2088 Κύριος.
3573 2035 3591 2066 ι

569 2113 766 2168 PALL.
791 2112 966 2167 Grave
992 2127 1183 2167 revera
1211 2111 1444 2175 crimen,
1472 2109 1694 2182 Cyrillc.

563 2205 722 2259 CYR.
763 2205 870 2258 Sed
904 2213 994 2258 est
1033 2203 1256 2274 aliquis,
1282 2210 1344 2256 ut
1385 2203 1605 2274 opinor,
1631 2217 2028 2273 nonnunquam
2051 2217 2086 2258 e

495 2305 689 2352 nostro
713 2312 933 2366 quoque
959 2286 1195 2350 numero
1217 2295 1399 2349 adhuc
1425 2311 1536 2349 non
1560 2293 1857 2349 admodum
1882 2293 2087 2349 conﬁr-

497 2399 705 2452 matus,
750 2389 845 2458 qui
890 2388 1132 2442 fucatam
1174 2403 1242 2442 ac
1282 2387 1592 2442 simulatam
1636 2402 1766 2457 erga
1803 2385 2087 2442 Christum

496 2475 822 2529 charitatem
868 2482 1130 2540 sectetur,
1178 2484 1236 2530 et
1276 2476 1396 2530 ovis
1436 2475 1841 2544 quodammodo
1887 2477 2088 2546 pellem

497 2568 604 2622 sibi
629 2567 1116 2637 circumposuerit,
1145 2581 1342 2638 nempe
1384 2575 1446 2621 ut
1479 2566 1546 2620 ad
1583 2568 1819 2636 speciem
1845 2583 1964 2623 esse
1990 2571 2087 2624 Dei

497 2667 712 2714 amator
735 2659 1012 2724 videatur,
1043 2675 1167 2714 cum
1210 2667 1356 2713 terra
1397 2659 1491 2723 sit,
1520 2667 1574 2714 ct
1601 2659 1858 2714 immanis
1883 2659 2085 2726 bellua,

498 2752 771 2821 malignus
811 2753 942 2805 item
983 2767 1048 2806 ac
1074 2752 1292 2818 varius;
1319 2753 1457 2806 adeo
1501 2761 1559 2805 ut
1597 2751 1744 2805 domi
1774 2752 1996 2822 quidem
2025 2770 2090 2810 ac

497 2840 569 2895 de
607 2849 790 2906 nocte,
834 2842 1089 2905 latenter,
1135 2841 1381 2912 inquam,
1420 2841 1817 2896 daemoniorum
1858 2843 2089 2898 cultura:

2267 2115 2480 2170 ΠΑΛΛ.
2523 2113 2701 2166 Δεινόν
2733 2129 2795 2182 γε
2814 2112 2889 2176 ὡς
2919 2111 3134 2183 ἀληθῶς
3159 2110 3218 2164 τὸ
3241 2111 3452 2181 χρῆμα,
3478 2103 3523 2162 ὧ
3547 2111 3665 2162 τᾶν.

2262 2203 2428 2258 ΚΥΡ.
2480 2203 2618 2256 Ἀλλ’
2667 2203 2694 2255 6
2731 2202 2829 2273 μέν
2860 2218 2940 2264 τις
2979 2199 3090 2254 ἔσθ’
3129 2200 3216 2254 ὅτε
3246 2199 3356 2253 τῶν
3383 2197 3680 2252 τελούντων
3719 2199 3788 2251 ἐν

2190 2294 2344 2364 ἡμῖν,
2381 2292 2771 2364 ἐρηρεισμένος
2813 2291 2871 2346 δὲ
2915 2290 3068 2344 οὔπω
3105 2290 3248 2354 λίαν,
3305 2288 3686 2342 κατὰπλαστον
3717 2287 3787 2341 δι

2191 2387 2286 2442 καὶ
2339 2385 2502 2458 νόθην
2538 2386 2638 2457 τὴν
2675 2388 2755 2450 εἰς
2792 2384 3030 2457 Χριστὸν
3074 2381 3433 2454 ἐπιτηδεύσας
3473 2382 3784 2450 ἀγάπησιν,

2192 2481 2289 2533 καὶ
2315 2473 2428 2543 οἷος
2469 2477 2659 2548 ὥσπερ
2705 2477 2900 2532 κώδιον
2945 2475 3125 2548 ἑαυτῷ
3163 2473 3462 2548 περιτιθεὶς
3505 2474 3568 2528 τὸ
3598 2473 3786 2526 δοκεῖν

2191 2568 2330 2624 εἶναι
2378 2569 2651 2643 Θεοφιλὴς,
2695 2568 2890 2641 πικρὸν
2938 2568 3033 2622 καὶ
3089 2568 3301 2622 ἀνόσιον
3354 2565 3507 2620 ἔσται
3561 2564 3780 2635 θηρίον,

2191 2663 2418 2734 κέρκωψ
2463 2681 2524 2716 τε
2553 2664 2648 2716 καὶ
2684 2661 3136 2732 ἀλλοπρόσαλλος,
3175 2660 3251 2723 ὡς
3275 2661 3414 2714 οῐκοι
3455 2657 3550 2712 καὶ
3595 2656 3781 2722 νυκτὶ,

2191 2757 2334 2828 φημὶ
2363 2757 2427 2826 δὴ
2452 2756 2512 2811 τὸ
2540 2755 3008 2826 λεληθότως,ταῖς
3043 2755 3152 2807 τῶν
3187 2752 3479 2823 δαιμονίων
3517 2751 3786 2820 προσκεῖ-

2192 2851 2316 2904 σθαι
2353 2849 2650 2920 λατρείαις,
2698 2846 2906 2900 οῐεσθαι
2950 2846 3008 2900 δέ
3052 2863 3152 2899 που
3200 2844 3342 2900 κατὰ
3388 2843 3448 2898 τὸ
3477 2843 3640 2906 εἰκὸς,
3681 2842 3786 2894 καὶ

498 2931 572 2985 sit
595 2931 848 2998 deditus;
878 2931 1024 2985 idem
1053 2938 1257 2996 tamen,
1286 2941 1347 2987 ut
1371 2932 1670 2987 verisimile
1703 2941 1821 2998 est,
1850 2943 2006 3004 putet
2029 2952 2087 2990 se

2194 2941 2356 2995 αὑτὸν
2377 2939 2637 2994 δύνασθαι
2665 2938 2949 3008 διαδράναι
2977 2936 3132 3000 Θεὸν,
3164 2935 3260 2989 καὶ
3289 2933 3379 2988 τὸν
3411 2935 3509 3003 τῆς
3534 2930 3784 3005 ἀρρήτου

498 3023 660 3095 posse
685 3025 855 3078 Deum
883 3040 1104 3094 quoque
1129 3024 1310 3095 ipsum
1347 3024 1612 3095 effugere,
1640 3034 1698 3080 et
1720 3027 1868 3080 illam
1894 3027 2089 3082 ineffa-

499 3117 626 3170 bilis
665 3117 812 3170 illius
853 3123 1063 3170 naturae
1104 3117 1524 3188 intelligentiam
1551 3119 1760 3174 fallere.
1785 3119 1967 3175 Facile
1988 3137 2090 3175 au-

499 3216 609 3263 tem
649 3208 865 3264 ostendi
903 3215 1106 3278 potest,
1133 3207 1227 3277 qui
1269 3208 1357 3262 ita'
1388 3210 1610 3273 sentiat,
1636 3215 1762 3264 eum
1803 3211 2091 3281 gentilium

498 3316 719 3370 quoque
756 3299 990 3356 stultitia
1024 3299 1270 3369 turpiora
1311 3300 1571 3370 cogitare.
1598 3301 1734 3355 Nam
1775 3301 2092 3357 Graecorum

498 3393 846 3461 sapientibus
871 3392 974 3455 sol,
1001 3392 1095 3462 qui
1123 3391 1380 3446 conditus
1397 3407 1462 3446 ac
1485 3392 1660 3448 factus
1675 3402 1778 3457 est,
1795 3394 2088 3460 luminare,

499 3483 744 3553 inquam,
772 3483 910 3537 illud
947 3499 1226 3553 magnum,
1253 3493 1309 3538 et
1333 3483 1401 3537 ad
1429 3484 1534 3538 hoc
1560 3485 1738 3554 ipsum
1767 3501 1798 3538 a
1821 3486 1933 3540 Deo
1955 3502 2090 3541 con-

499 3576 698 3640 ditum,
723 3577 849 3646 jure
891 3574 1101 3644 optimo
1136 3576 1322 3630 omnia
1350 3577 1602 3646 aspicere
1631 3583 1686 3630 et
1712 3577 1895 3632 omnia
1921 3593 2088 3633 exau-

499 3666 622 3720 dire
647 3666 979 3720 videbatur:
1006 3667 1275 3737 putabant
1295 3668 1466 3734 enim,
1493 3667 1638 3737 quod
1663 3683 1764 3738 pro
1787 3668 1898 3722 Deo
1922 3669 2094 3724 susci-

500 3766 748 3827 peretur,
777 3758 830 3812 id
863 3758 1066 3813 divina:
1099 3766 1309 3815 natura:
1345 3759 1776 3830 proprietatibus
1798 3759 2090 3830 praeditum

499 3865 622 3904 esse
645 3859 902 3920 oportere
931 3867 944 3904 :
968 3858 1052 3906 est
1071 3859 1256 3906 autem
1277 3867 1505 3907 summa:
1526 3861 1735 3908 natura:
1757 3853 2088 3924 proprietas,

499 3940 684 3994 omnia
727 3941 871 3996 scire
909 3948 1074 4012 atque
1116 3943 1448 4012 perspicere.
1489 3942 1597 3998 Sed
1636 3943 1715 3998 illi
1750 3944 1974 4014 quidem
2016 3946 2091 4000 ita

499 4028 815 4082 sentiebant
839 4045 851 4081 :
877 4027 946 4082 ad
970 4043 1072 4084 nos
1093 4045 1226 4085 vero
1249 4030 1393 4084 Deus
1413 4030 1543 4084 olim
1567 4031 1868 4086 clamabat:
1899 4052 1916 4083 ‹
1947 4033 2091 4087 Deus

499 4119 880 4189 propinquans
919 4134 1020 4191 ego
1063 4135 1206 4185 sum,
1235 4119 1676 4188 dicitDominus,
1703 4130 1762 4178 et
1799 4139 1909 4177 non
1946 4123 2092 4178 Deus

499 4213 568 4266 de
600 4213 759 4282 longe
799 4230 812 4266 :
849 4221 906 4267 et
945 4229 978 4267 a
1019 4229 1106 4268 me
1129 4213 1500 4268 abscondetur
1540 4215 1750 4285 aliquid
1775 4216 1859 4268 τί
1890 4235 1906 4267 ι
1940 4217 2088 4278 Nihil

2195 3031 2411 3100 φύσεως
2437 3027 2910 3100 παραλογίσασθαι
2934 3026 3079 3081 νοῦν.
3119 3025 3366 3095 Ἕκδείξῃ
3393 3023 3437 3076 δ’
3471 3022 3534 3076 ἄν
3567 3039 3650 3085 τις
3682 3023 3787 3074 καὶ

2192 3117 2314 3172 λίαν
2351 3118 2612 3187 ἀμογητὶ,
2644 3116 2737 3169 τὸν
2783 3110 2894 3185 ᾧγε
2923 3115 3084 3169 ταυτὶ
3128 3113 3362 3184 πάρεστι
3408 3113 3643 3183 φρονεῖν,
3677 3111 3784 3180 τῆς

2204 3210 2472 3281 Ἐλλήνων
2508 3207 2834 3279 ἀδελτηρίας
2867 3207 2936 3260 τὰ
2975 3205 3176 3276 αἰσχίω
3202 3203 3622 3276 βεϐουλημένον.
3651 3203 3785 3268 Τοῖς

2196 3304 2295 3373 μὲν
2334 3301 2442 3372 γὰρ
2475 3301 2603 3372 παρ’
2653 3300 2880 3371 Ἕλλησι
2925 3302 3108 3368 σοφοῖς
3142 3299 3358 3353 κτιστὸν
3391 3299 3486 3352 καὶ
3519 3299 3789 3368 γεννητὸν

2192 3395 2341 3460 ὄντα,
2374 3393 2529 3447 πάντ’
2564 3393 2766 3464 ὲφορᾷν
2791 3393 2884 3444 καὶ
2915 3392 3071 3446 πάντ’
3095 3390 3409 3455 ἐπακούειν,
3434 3389 3609 3461 ὀρθῶς
3633 3389 3787 3459 ἔχειν

2192 3487 2369 3540 ἐδόκει
2409 3486 2500 3539 τὸν
2548 3485 2701 3556 ἥλιον
2736 3485 2834 3555 (5),
2873 3484 2966 3538 τὸν
3007 3483 3272 3556 φωστῆρα
3315 3482 3406 3539 τὸν
3453 3482 3641 3554 μέγαν,
3683 3482 3789 3536 καὶ

2192 3579 2280 3631 ἐπ’
2320 3578 2471 3649 αῦτῷ
2507 3577 2572 3650 δὴ
2607 3578 2783 3648 τούτῳ
2827 3577 3198 3650 πεποιημένον
3228 3575 3381 3649 παρὰ
3405 3575 3570 3629 Θεοῦ·
3607 3575 3787 3646 ᾤοντο

2191 3670 2302 3742 γὰρ
2341 3671 2450 3724 δεῖν
2493 3667 2554 3724 τὸ
2582 3672 2639 3730 ὲν
2671 3669 2805 3724 Θεοῦ
2839 3671 2992 3737 τάξει
3039 3669 3508 3743 παρειλημμένον,
3542 3671 3653 3732 τοῖς
3676 3668 3788 3738 τῆς

2195 3763 2346 3825 θείας
2384 3761 2600 3830 φύσεως
2633 3762 3030 3816 καταπλουτεῖν
3074 3761 3397 3834 ἀξιώμασιν.
3444 3761 3686 3832 Ἀξίωμα
3716 3761 3787 3816 δὲ

2193 3855 2291 3924 τῆς
2316 3855 2577 3908 ἀνωτάτω
2602 3854 2837 3924 φύσεως,
2867 3854 2936 3908 τὰ
2960 3855 3138 3909 πάντα
3167 3853 3364 3908 εἰδέναι
3393 3855 3485 3908 καὶ
3509 3853 3782 3925 καθορᾷν.

2206 3944 2345 3999 Ἀλλ’
2377 3946 2573 3998 ἐκεῖνοι
2601 3944 2700 4016 μὲν
2739 3947 2797 3999 ὲν
2825 3945 3067 4009 τούτοις·
3098 3946 3231 4016 ἡμῖν
3261 3945 3318 3999 δὲ
3351 3945 3482 4009 Θεὸς
3506 3945 3788 4016 ἐπεφώνει

2193 4037 2388 4093 πάλαι·
2425 4057 2443 4090 ‹
2479 4037 2610 4101 Θεὸς
2650 4036 2881 4107 ὲγγίζων
2918 4037 3028 4107 ἐγώ
3065 4039 3206 4109 εἰμι,
3243 4037 3390 4107 λέγει
3424 4038 3649 4108 Κύριος,
3683 4039 3789 4093 καὶ

2192 4131 2313 4200 οὐχ).
2341 4129 2473 4194 Θεὸς
2505 4130 2817 4202 πόρρωθεν·
2857 4131 2932 4201 μὴ
2963 4130 3057 4184 ἀπ’
3093 4130 3226 4201 ἐμοῦ
3259 4129 3597 4201 κρυϐήσεταῖ
3619 4148 3708 4196 τι;
3749 4153 3775 4182 ο

2193 4221 2362 4276 Λάθοι
2399 4221 2508 4292 γὰρ
2551 4220 2702 4274 οὐδὲν
2746 4221 2837 4274 τόν
2886 4237 2950 4289 γε
2985 4220 3199 4291 ἀληθῶς
3245 4219 3404 4290 φύσει
3452 4220 3604 4273 Θεόν.
3664 4220 3787 4274 Καὶ

497 4299 648 4357 enim
686 4303 857 4358 latere
886 4312 1069 4374 potest
1107 4320 1233 4358 eum
1298 4307 1392 4375 qui
1434 4315 1630 4361 natura
1671 4322 1907 4377 vereque
1946 4308 2090 4363 Deus

2199 4313 2629 4384 μυσταγωγείτω
2649 4315 2679 4366 6
2704 4313 2974 4385 μακάριος
2996 4311 3162 4365 Δαϐἰδ
3185 4311 3359 4382 λέγων
3377 4329 3391 4342 ·
3417 4331 3436 4365 ι
3468 4311 3662 4365 Σύνετε
3683 4306 3780 4378 δὴ,

498 4403 604 4450 est.
646 4395 813 4464 quue
855 4397 1077 4451 divinus
1102 4396 1272 4452 David
1301 4413 1400 4453 nos
1425 4397 1646 4453 docebit
1681 4398 1872 4454 dicens
1899 4417 1911 4452 :
1946 4418 1963 4449 ‹
1996 4400 2113 4454 ln-'

502 4487 754 4556 telligite,
783 4487 1110 4557 insipientes
1137 4489 1192 4543 in
1233 4489 1458 4559 populo,
1485 4498 1542 4543 et
1584 4489 1759 4552 stulti,
1791 4489 2088 4557 aliquando

502 4580 676 4647 sapite
694 4597 708 4632 :
728 4579 820 4649 qui
836 4579 1106 4650 plantavit
1129 4597 1342 4646 aurem,
1367 4596 1477 4635 non
1494 4580 1713 4634 audiet?
1735 4588 1790 4633 et
1813 4579 1906 4649 qui
1932 4579 2091 4634 tinxit

502 4671 746 4735 oculum,
776 4687 886 4726 non
911 4673 1221 4728 considerat
1241 4673 1321 4725 ὀἳ
1354 4691 1372 4724 ι
1400 4671 1668 4726 Dicebant
1694 4671 1843 4726 enim
1876 4671 2089 4727 scilicet

503 4762 755 4816 nonnulli
783 4779 894 4833 pra:
924 4764 1160 4818 stultitia
1187 4781 1200 4816 :
1235 4781 1253 4814 ‹
1282 4762 1404 4817 Non
1439 4760 1649 4815 videbit
1674 4761 1956 4826 Dominus,
1987 4777 2088 4816 ne—

503 4870 612 4924 que
656 4855 929 4929 intelliget
970 4858 1116 4912 Deus
1153 4855 1325 4912 Jacob
1351 4855 1418 4908 ⁸⁸.
1453 4873 1471 4905 ι
1521 4854 1719 4908 Annon
1745 4854 2090 4926 desipientia:

501 4962 730 5004 summae
756 4959 842 5005 est
863 4951 1071 5015 dicere,
1098 4948 1324 5017 minime
1350 4961 1478 5000 eum
1503 4946 1663 5010 scire,
1690 4946 1784 5016 qui
1819 4948 2088 5018 cognitio-

502 5040 590 5093 nis
634 5042 872 5098 tributor
895 5042 996 5105 sit;
1026 5057 1091 5096 ac
1130 5047 1325 5110 putare
1365 5055 1492 5094 eum
1518 5054 1627 5094 non
1669 5039 1949 5105 exaudire,
1993 5041 2089 5112 qui

503 5129 651 5186 hunc
675 5148 896 5188 sensum
922 5133 1088 5187 rebus
1114 5147 1146 5186 a
1170 5146 1228 5186 se
1261 5130 1498 5185 conditis
1525 5131 1772 5188 dederit?

571 5313 618 5343 "
639 5312 751 5367 Jer.
783 5329 841 5376 ιι,
873 5309 1062 5364 26—29.
1126 5310 1170 5342 ⁷⁸
1201 5309 1313 5364 Jer.
1351 5325 1503 5377 xxnl,
1531 5311 1618 5364 23.

573 5452 646 5520 (Ι)
677 5451 948 5504 llomcrus
977 5449 1135 5506 Iliad.
1164 5452 1217 5518 ς’
1252 5472 1264 5506 :

575 5521 814 5584 Χρύσεα
840 5522 1157 5590 χαλκείων,
1184 5525 1524 5593 ἑκατόμϐοι’
1549 5527 1928 5581 ἐννεαϐοίων.

589 5610 642 5688 2)
663 5609 799 5688 Qud.
827 5612 969 5688 V_at.,
995 5613 1454 5688 εἰδωλολατρείαν.
1476 5615 1741 5687 Superius
1762 5617 1905 5672 idem
1927 5618 2072 5686 cod.,

501 5679 666 5735 ἕωλον
693 5679 966 5752 λατρείαν.

2195 4407 2426 4475 ἄφρονες
2463 4405 2522 4458 ὲν
2557 4403 2633 4476 τῷ
2655 4404 2788 4476 λαῷ,
2835 4405 2928 4458 καὶ
2961 4403 3154 4475 μωροί,
3193 4403 3326 4457 ποτὲ
3360 4404 3706 4474 φρονήσατε’
3746 4403 3785 4454 ὁ

2194 4496 2469 4566 φυτεύσας
2491 4497 2551 4568 τὸ
2577 4495 2692 4562 οῦς,
2729 4496 2829 4550 οὐκ
2855 4494 3106 4563 ἀκούσει;
3150 4495 3242 4549 καὶ
3265 4496 3296 4546 6
3336 4495 3546 4558 πλάσας
3573 4493 3785 4563 ὀφθαλ-

2197 4588 2352 4658 μοὺς,
2370 4588 2490 4658 οὐχὶ
2510 4589 2791 4652 κατανοεῖς
2820 4605 2838 4637 ι
2859 4587 3157 4655 "Ezpaaxov,
3175 4581 3348 4658 οἶμαι,
3367 4586 3507 4648 τινὲς
3531 4586 3592 4650 ἐξ
3611 4587 3787 4640 ἀσυν-

2193 4679 2346 4744 εσίας
2365 4696 2378 4711 ·
2417 4698 2436 4732 ‹
2478 4679 2591 4732 Οὐκ
2625 4678 2812 4748 ὄψεται
2841 4677 3047 4748 Κύριος
3067 4719 3082 4745 ,
3115 4677 3222 4730 οὐδ’
3248 4678 3308 4730 οὐ
3333 4677 3554 4748 συνήσει
3578 4679 3607 4730 6
3641 4677 3785 4742 Θεὸς

2204 4772 2418 4828 Ἰακώϐ.
2463 4791 2482 4825 ο
2523 4773 2595 4825 Ἣ
2641 4771 2742 4825 οὐκ
2787 4771 2993 4842 ἠλίθιον
3032 4768 3250 4843 κομιδῇ,
3289 4770 3352 4823 τὸ
3392 4771 3529 4842 μήτε
3575 4769 3782 4825 εἰδέναι

2189 4865 2370 4936 λέγειν
2395 4867 2487 4920 τὸν
2516 4865 2616 4935 τῆς
2654 4863 2908 4934 γνώσεως
2945 4864 3203 4935 χορηγὸν,
3253 4865 3391 4936 μήτε
3420 4862 3527 4936 μὴν
3557 4863 3784 4918 ὲπαίειν

2189 4954 2427 5019 οἴεσθαι,
2466 4954 2558 5008 τὸν
2590 4957 2703 5019 τοῖς
2747 4952 2877 5026 παρ’
2913 4953 3078 5008 αὑτοῦ
3105 4953 3355 5040 γεχονόσι
3383 4952 3445 5010 τὸ
3476 4951 3670 5026 χρῆμα
3701 4954 3785 5008 διο

2187 5049 2348 5103 δόντα
2369 5066 2385 5116 ;

1695 5311 1740 5344 ⁸ο
1775 5312 1915 5367 Psal.
1942 5330 2090 5379 xcnt,
2115 5313 2168 5380 8,
2210 5315 2263 5370 9.
2341 5316 2384 5348 ⁸¹
2422 5317 2588 5382 lbid.,
2620 5318 2672 5372 7.

2255 5459 2330 5530 (ὅ)
2370 5459 2667 5534 Homerum
2721 5462 2993 5534 intelligit,
3018 5464 3110 5534 qui
3165 5462 3365 5518 Iliados
3409 5463 3576 5518 tertio
3626 5462 3770 5534 Aga-

2183 5545 2529 5585 memnonem
2559 5532 2613 5585 in
2645 5531 2852 5588 laedere
2877 5531 3057 5589 Solem
3085 5536 3426 5591 invocantem
3448 5536 3572 5590 fecit
3610 5553 3624 5588 :

2198 5620 2427 5689 Ἠέλιός
2451 5622 2501 5680 θ’
2526 5623 2594 5691 ὃς
2627 5625 2799 5682 πάντ’
2826 5629 3046 5698 ἐφιφᾷς
3080 5630 3176 5684 καὶ
3222 5630 3394 5686 πάντ’
3424 5632 3767 5700 ἐπακούεις.
