4104 6432
314 320 441 381 435

395 439 621 497 IIAAA.
674 437 965 493 Ἀπίθανον
1000 436 1300 501 παντελῶς.

395 534 576 588 ΚΥΡ.
619 530 1037 604 Προσκυνητέον
1067 524 1161 584 οῦν
1190 530 1302 602 ἄρα
1338 529 1487 601 μόνῳ
1519 543 1578 582 τε
1606 528 1701 582 καὶ
1723 527 1939 600 ὀλοτρό-

318 641 448 688 πως
498 622 693 695 Κυρίῳ
737 621 819 693 τῷ
879 620 1021 692 Θεῷ,
1074 621 1219 675 κατὰ
1247 620 1349 684 τὰς
1378 621 1417 673 Γ
1422 619 1632 693 ραφὰς,
1673 620 1844 690 ἑτέρῳ
1882 617 1939 672 δὲ

317 718 463 789 παρ’
499 716 669 771 αὐτὸν
689 714 889 769 οὐδενί.
925 713 1244 785 Γέγραπται
1274 712 1405 786 γὰρ,
1430 712 1513 766 ὃτι
1552 731 1570 765 ι
1597 712 1812 776 Τέλειος
1840 710 1938 784 ἔσῃ

320 810 581 865 ἐναντίον
609 808 820 881 Κυρίου
850 808 948 863 τοῦ
974 806 1113 861 Θεοῦ
1150 825 1268 862 σου.
1313 826 1332 858 ι
1369 806 1659 877 Τελειότης
1691 804 1751 859 δὲ
1780 822 1941 859 πνευ-

330 904 565 977 ματικὴ,
608 903 672 958 τὸ
711 902 1000 975 ἱδρυμένον
1041 903 1100 956 ὲν
1137 901 1351 977 πίστει,
1388 900 1482 955 καὶ
1510 898 1815 973 ἀμώμητον
1859 901 1940 966 είς

322 995 617 1069 λατρείαν,
653 995 751 1049 καὶ¹
797 994 901 1064 τῆς
948 993 1029 1058 είς
1068 992 1203 1047 Θεὺν
1247 993 1472 1063 ἀγάπης
1519 992 1582 1046 τὸ
1615 991 1941 1065 ἀδιάϐλητον

320 1088 554 1153 κάλλος.

394 1182 623 1238 ΠΔΛΔ.
660 1180 821 1235 Οῦτω
856 1198 930 1252 φη
940 1178 1020 1251 μί.

393 1275 573 1331 ΚΥΡ.
620 1270 753 1348 Ἆρ’
800 1271 930 1342 οὖν,
967 1269 1012 1329 ὦ
1055 1273 1366 1341 Παλλάδιε,
1412 1274 1543 1339 τοὺς
1592 1273 1795 1346 ἥκιστα
1838 1273 1938 1344 μὲν

320 1369 477 1435 θεοῖς
508 1369 756 1441 ἑτέροις,
804 1369 973 1441 ήγουν
1014 1369 1082 1440 τῇ
1135 1368 1313 1423 κτίσει
1350 1368 1507 1441 παρά
1538 1367 1630 1423 τὸν
1657 1367 1941 1422 Κτίσαντα
1983 1391 1988 1396 ν

319 1463 670 1534 προσκυνεῖν
704 1461 1022 1533 ἑλομένουςο
1065 1460 1431 1533 πειθομένους
1479 1459 1557 1532 (1)
1603 1460 1663 1515 δὲ
1704 1460 1807 1515 οὐκ
1839 1454 1939 1515 οἶδ’

318 1557 480 1619 ὅπως
528 1557 654 1619 ταῖς
701 1554 813 1608 τῶν
861 1552 1400 1625 εἰδωλολατρούντων
1450 1551 1935 1624 ψευδομαντείαις,

322 1645 533 1718 μώμου
563 1647 661 1700 καὶ
699 1645 879 1710 αίτίας
908 1644 1334 1717 ἀπαλλάξομενς
1375 1645 1409 1716 ἢ
1440 1642 1551 1698 τῶν
1586 1644 1669 1706 είς
1700 1644 1941 1698 ἀπόστα-

321 1756 414 1794 σιν
456 1739 833 1812 ἐγκλημάτων
879 1739 1201 1811 ἐλευθέρους
1247 1737 1570 1808 ἀποφαίνειν
1603 1739 1718 1801 τοῖς
1760 1753 1824 1806 γε
1863 1737 1940 1803 ὡς

318 1835 551 1907 ἀληθῶς
580 1835 830 1906 γνησίοις
857 1835 1099 1908 ἀσφαλές
1118 1850 1133 1902 ;

399 2017 623 2071 ΠΑΛΛ.
653 2015 949 2088 Οὐδαμῶς.

398 2107 588 2176 ΚΥΡη
645 2108 1096 2180 Ἀστρογοητεῖαι
1150 2106 1209 2161 δὲ
1275 2108 1371 2162 καὶ
1432 2106 1786 2182 κληδονισμοὶ
1846 2105 1943 2161 καὶ

314 2200 798 2272 ψευδομαντεῖαι,
829 2202 926 2255 καὶ
965 2198 1347 2273 δαιμονιώδεις
1386 2198 1751 2271 φενακισμοὶ,
1801 2196 1941 2271 πρέ-

317 2312 489 2349 ποιεν
515 2293 608 2361 ἂν,
638 2289 796 2366 οἶμαί
825 2311 953 2360 που,
991 2294 1177 2366 μόνοις
1190 2310 1252 2347 τε
1278 2293 1374 2348 καὶ
1399 2293 1544 2365 τάχα
1558 2295 1670 2358 τοῖς
1694 2291 1943 2348 ἐκτοπώ-

316 2404 467 2441 τατα
537 2384 1059 2458 προτεθυμήμένοις
1113 2384 1213 2457 τήν
1263 2383 1438 2439 ἀκλεᾶ
1504 2387 1603 2440 καὶ
1662 2369 1943 2459 ἐπάρατον

317 2479 787 2552 είδωλολατρείαν
820 2477 1213 2544 είσοικίξεσθαι
1245 2478 1388 2533 κατὰ
1407 2477 1556 2537 νοῦν.

396 2572 620 2627 ΙΙΔΛΛ.
678 2568 890 2643 Ὀρθῶς
936 2570 1095 2644 ἔφης.
1162 2572 1406 2626 Ἐπείτοι
1459 2574 1557 2627 καὶ⁸
1607 2574 1751 2640 θεῖος
1806 2578 1941 2649 ἡμῖν

320 2666 629 2739 παρεγγυᾷ
675 2664 874 2734 λόγος,
928 2664 1030 2736 τὴν
1078 2662 1161 2729 εἷς
1209 2681 1274 2734 γε
1322 2663 1550 2730 τούτους
1600 2667 1943 2740 αἰσχρότητα

319 2756 860 2830 καταμυσὸπτεσθαι
905 2756 1040 2813 δεῖν.
1098 2757 1259 2831 Ἔχει
1302 2758 1360 2813 δὲ
1403 2757 1600 2825 οὕτως’
1657 2779 1676 2814 ι
1720 2760 1849 2817 Ἐὰν
1879 2761 1938 2817 δὲ

318 2854 583 2928 εἰσέλθῃς
612 2855 694 2920 είς
722 2852 824 2926 τὴν
858 2853 996 2925 γῆν,
1032 2852 1101 2925 ἢν
1153 2852 1362 2925 Κύριος
1383 2853 1414 2907 ὁ
1444 2851 1581 2918 Θεός
1630 2871 1724 2908 σου
1754 2853 1941 2910 δίδωσί

321 2967 432 3015 σοι,
482 2949 546 3003 οὐ
599 2947 833 3022 μαθήσῃ
882 2947 1061 3001 ποιεῖν
1111 2946 1257 3001 κατὰ
1304 2946 1375 3001 τὰ
1423 2946 1774 3020 βδελύγματα
1830 2949 1940 3005 τῶν

319 3042 501 3099 ἰθνῶν
518 3041 771 3097 ἐκείνων·
801 3040 904 3113 οὐχ
923 3040 1289 3114 εὑρεθήσεται
1320 3042 1379 3095 ὲν
1410 3040 1494 3094 σοὶ
1523 3039 1940 3115 περικαθαίρων

318 3137 416 3191 τὸν
458 3134 583 3189 υἱὸν
630 3133 803 3191 αὐτοῦ
852 3134 951 3189 καὶ
995 3133 1096 3205 τὴν
1130 3132 1414 3207 θυγατέρα
1453 3133 1621 3188 αὐτοῦ
1670 3135 1730 3189 ἐν
1780 3135 1937 3205 πυρὶ,

323 3230 745 3303 μαντευόμενος
805 3227 1098 3301 μαντείαν,
1154 3230 1253 3283 καὶ
1301 3204 1789 3302 κληδονιζόμενος,
1841 3204 1939 3283 καὶ
1966 3204 2008 3263 C

317 3323 746 3395 οἰωνιζόμενος,
797 3322 1130 3396 φαρμακδς,
1167 3322 1386 3395 ἐπᾴδων
1433 3320 1726 3394 ἐπαοιδήν,
1764 3322 1938 3391 ἐγγα-

320 3416 677 3490 στρίμυθος,
731 3415 830 3470 καὶ
872 3414 1319 3487 τερατοσκόπος,
1372 3413 1468 3467 καὶ
1537 3411 1764 3482 ἐρωτῶν
1810 3413 1940 3479 τοὺς

319 3511 582 3585 νεκρούς·
609 3509 729 3564 ἔστι
765 3508 878 3580 γὰρ
905 3507 1186 3580 βδέλυγμα
1214 3506 1410 3579 Κυρίῳ
1447 3504 1528 3579 τῷ
1554 3505 1678 3578 Θεῷ
1703 3524 1798 3562 σου
1829 3509 1939 3573 πᾶς

318 3607 502 3664 ποιῶν
542 3605 748 3661 ταῦτα.
792 3622 813 3657 ι
862 3602 974 3657 Καὶ
1022 3601 1141 3674 μεθ’
1167 3600 1332 3675 ἕτερα
1363 3601 1531 3657 πάλιν
1575 3600 1730 3674 φησί·
1773 3620 1792 3654 ι
1832 3600 1939 3655 Τέ-

320 3700 466 3765 λειος
490 3698 594 3771 ἔσῃ
617 3696 804 3751 ἔναντι
825 3695 1037 3768 Κυρίου
1061 3692 1155 3748 τοῦ
1177 3692 1315 3747 Θεοῦ
1344 3710 1463 3748 σου*
1488 3692 1557 3747 τὰ
1582 3692 1711 3766 ἔθνη
1738 3694 1936 3762 ταῦτα,

319 3793 416 3859 οὓς
442 3795 513 3848 σὺ
536 3788 1122 3863 κατακληρονομήσεις
1147 3785 1370 3851 αὐτοὺς,
1390 3780 1541 3840 οὗτοι
1560 3784 1939 3859 κληδονισμῶν

320 3889 419 3943 καὶ
442 3884 725 3959 μαντειῶν
741 3880 1090 3940 ἀκούσονταιο
1117 3879 1203 3934 σοὶ
1226 3879 1285 3934 δὲ
1303 3878 1406 3951 οὐχ
1430 3878 1605 3943 οὕτως
1618 3877 1792 3934 ἔδωκε
1825 3870 1940 3934 Κύέ

324 3998 443 4055 ριος
471 3982 504 4034 ὁ
541 3978 683 4043 Θεός
717 3994 833 4031 σου.
881 3976 1181 4048 Προφήτην
1215 3973 1281 4027 ὲκ
1314 3971 1425 4026 τῶν
1454 3970 1701 4042 ἀδελφῶν
1735 3987 1830 4025 σου
1862 3971 1940 4038 ὡς

320 4075 424 4147 ἐμὲ
452 4073 761 4144 ἀναστήσει
788 4069 997 4141 Κύριος
1027 4070 1057 4124 ὁ
1090 4067 1227 4133 Θεός
1253 4082 1372 4122 σουο
1413 4064 1607 4140 [αὐτοῦ
1636 4064 1939 4120 ἀκούσεσθε

321 4167 467 4223 κατὰ
495 4164 684 4219 πάντα
705 4164 807 4218 ὅσα
833 4161 1020 4235 ᾐτήσω
1048 4160 1201 4233 παρά
1244 4159 1454 4234 Κυρίου
1503 4158 1599 4213 τοῦ
1647 4158 1785 4214 Θεοῦ
1817 4158 1936 4232 σου]

321 4261 381 4315 ὲν
418 4257 633 4330 Χωρὴσ
654 4259 724 4330 τῇ
747 4257 934 4329 ήμέρᾳ
961 4255 1062 4326 τῆς
1097 4240 1418 4324 ἐκκλησίας.
1453 4270 1472 4305 ι

393 4354 571 4407 ΚΥΡ.
605 4346 776 4418 Εὖγε,
813 4343 860 4404 ὢ
890 4348 1137 4421 φιλότης.
1177 4344 1455 4418 Ἐψόμεθα
1490 4345 1604 4419 γὰρ
1633 4345 1755 4418 οὐχὶ
1777 4362 1941 4419 τερα-

324 4450 629 4513 τοσκόποις
661 4463 723 4499 τε
764 4446 861 4499 καὶ
901 4444 1336 4518 νεκρομάντεσιν
1356 4485 1372 4511 ,
1409 4441 1525 4497 ἀλλ’
1550 4441 1674 4496 οὐδὲ
1708 4442 1939 4513 πτήσεις

1069 320 1159 378 DE
1197 318 1652 378 ADORATIONE
1688 320 1753 376 ΙΝ
1790 319 2066 379 SPlRlTU
2106 321 2194 376 ET
2235 320 2608 378 VERITATE.
2650 320 2781 376 LIB.
2824 318 2910 375 VI.

1964 441 2012 499 Α
2111 435 2310 493 PALL.
2346 436 2666 492 Absurdum
2693 436 2942 492 omnino.

3538 322 3644 379 426

2112 526 2271 584 CYR.
2315 527 2413 583 Ille
2453 528 2622 600 igitur
2651 528 2803 584 solus
2842 537 3009 598 atque
3054 523 3235 580 modis
3263 523 3524 581 omnibus
3560 534 3646 581 est

2041 619 2359 677 adorandus
2395 621 2663 677 Dominus
2704 622 2886 686 Deus,
2934 628 2997 675 ut
3037 618 3341 692 Scriptum
3383 617 3644 688 tradunt;

2042 713 2186 769 alius
2207 729 2341 770 vero
2365 723 2566 784 praeter
2592 714 2772 786 ipsum
2796 714 3004 770 nullus.
3035 712 3316 785 Scriptum
3343 719 3430 769 est
3453 711 3604 767 enim
3630 729 3643 765 :

2050 824 2068 856 ι
2090 804 2377 861 Perfectus
2390 805 2504 860 eris
2522 814 2650 861 ante
2668 806 2963 863 Dominum
2975 806 3149 861 Deum
3171 815 3326 861 tuum
3344 804 3409 859 ³⁸.
3436 823 3454 855 ι
3485 803 3647 875 183

2042 898 2214 954 Porro
2249 898 2557 971 spiritualis
2582 898 2852 970 perfectio
2877 907 2963 955 est
2989 897 3222 953 ﬁrmitas
3247 896 3398 964 ﬁdei,
3426 905 3484 952 et
3505 896 3649 951 inte-

2041 1005 2139 1061 ger
2162 990 2366 1057 cultus,
2395 997 2453 1045 et
2494 989 3005 1062 irreprehensibilis
3048 988 3107 1045 in
3142 989 3319 1045 Deum
3356 986 3649 1045 charitatis

2042 1083 2425 1154 pulchritudo.

2114 1174 2317 1232 PALL.
2353 1175 2447 1232 Sic
2472 1175 2674 1231 sentio.

2111 1268 2271 1326 CYR.
2297 1270 2442 1325 Num
2468 1269 2657 1341 igitur,
2682 1266 2913 1333 Palladi,
2940 1267 3036 1338 qui
3062 1266 3292 1323 minime
3316 1266 3396 1322 illi
3420 1265 3648 1338 quidem

2042 1361 2180 1419 deos
2208 1362 2419 1418 alienos
2443 1371 2539 1418 aut
2561 1370 2713 1418 certe
2737 1369 3050 1418 creaturam
3076 1359 3263 1432 potius
3287 1375 3452 1432 quam
3476 1356 3649 1416 Crea-

2044 1462 2222 1509 torem
2265 1452 2499 1530 adorare
2542 1453 2600 1509 in
2639 1452 2885 1509 animum
2926 1449 3280 1518 induxerint;
3319 1449 3418 1506 sed
3456 1448 3647 1515 iidem,

2041 1546 2233 1602 nescio
2255 1562 2366 1618 qua
2392 1548 2606 1603 ratione
2636 1553 2843 1612 tamen,
2868 1544 3023 1601 falsis
3054 1543 3203 1601 idola
3224 1543 3527 1600 colentium
3549 1557 3649 1597 va-

2043 1640 2252 1697 ticiniis
2274 1639 2441 1697 ﬁdem
2465 1640 2693 1707 habent,
2718 1656 2816 1697 eos
2838 1638 3274 1712 reprehensione
3296 1644 3463 1709 atque
3485 1635 3651 1708 culpa

2041 1750 2240 1792 vacare
2281 1734 2571 1791 dicemus?
2620 1743 2719 1792 aut
2753 1735 2978 1792 eosdem
3021 1734 3373 1792 desertorum
3416 1731 3652 1788 crimine

1968 1819 2015 1880 Β
2044 1830 2252 1887 liberos
2289 1829 2670 1902 pronuntiare,
2697 1830 2768 1888 iis
2808 1837 2993 1886 tutum
3028 1844 3152 1886 esse
3177 1827 3519 1900 putabimus,
3554 1827 3651 1900 qui

2047 1940 2176 1981 vere
2209 1924 2536 1997 sincereque
2562 1924 2662 1981 Dei
2689 1933 2967 1980 amatores
2987 1923 3136 1980 sint?

2118 2017 2317 2074 PALL.
2343 2019 2590 2075 Minime.

2116 2112 2275 2171 CYll.
2299 2115 2590 2171 Astrorum
2611 2130 2834 2187 quoque
2857 2113 3213 2188 praestigiosae
3235 2111 3655 2169 observationes

2043 2212 2101 2261 et
2120 2205 2326 2273 omina,
2352 2216 2409 2262 et
2434 2206 2585 2262 falsae
2609 2206 3004 2273 divinationes,
3029 2212 3087 2261 et
3115 2203 3468 2261 daemoniaca:
3490 2200 3654 2258 decc-

2042 2298 2285 2372 ptiones,
2332 2299 2443 2355 illis
2479 2300 2633 2366 solis,
2661 2306 2724 2356 ut
2750 2300 2974 2371 opinor,
3028 2298 3392 2365 conveniunt,
3445 2297 3655 2369 quibus

2043 2391 2444 2449 absurdissime
2483 2393 2666 2464 placet
2707 2392 3005 2466 ignobilem
3052 2399 3220 2464 atque
3250 2390 3652 2448 exsecrabilem

2044 2486 2319 2542 idolorum
2352 2486 2565 2542 cultum
2606 2486 2665 2542 in
2692 2485 2943 2542 animum
2977 2484 3291 2543 admittere.

2115 2578 2315 2635 PALL.
2351 2578 2523 2635 Recte
2549 2578 2710 2635 dicis.
2752 2579 2890 2635 Nam
2935 2578 3163 2634 divinus
3203 2592 3427 2650 quoque
3468 2592 3656 2634 sermo

2043 2671 2207 2728 nobis
2229 2672 2484 2744 praecipit
2518 2671 2794 2744 ejusmodi
2823 2688 3010 2729 rerum
3036 2670 3282 2727 dedecus
3310 2685 3377 2727 ac
3408 2669 3654 2741 turpitu-

2042 2764 2231 2822 dinem
2268 2765 2599 2822 abominari.
2627 2765 2720 2823 Sic
2742 2774 2929 2822 autem
2958 2766 3128 2822 habet
3156 2784 3169 2820 :
3202 2785 3220 2819 ι
3252 2763 3391 2822 Cum
3417 2779 3553 2821 vero
3573 2763 3657 2820 in-

2042 2873 2268 2930 gressus
2294 2858 2469 2915 fueris
2497 2858 2555 2914 in
2586 2867 2790 2915 terram
2838 2874 3003 2930 quam
3048 2858 3318 2915 Dominus
3348 2859 3498 2915 Deus
3525 2865 3657 2915 tuus

2042 2952 2139 3011 dat
2167 2953 2288 3020 tibi,
2316 2969 2430 3009 non
2452 2953 2635 3010 disces
2656 2953 2841 3011 facere
2861 2955 3019 3027 juxta
3044 2953 3490 3010 abominationes
3518 2970 3657 3026 gen-

2044 3044 2183 3100 tium
2228 3045 2447 3101 illarum
2478 3064 2490 3100 :
2521 3061 2633 3101 non
2658 3046 2977 3103 invenietur
3009 3047 3068 3102 in
3094 3055 3148 3103 te
3189 3047 3434 3104 lustrans
3476 3046 3655 3104 ﬁlium

2044 3153 2229 3205 suum,
2263 3147 2361 3193 aut
2385 3139 2554 3194 ﬁliam
2592 3130 2749 3196 suam
2786 3140 2846 3195 in
2874 3140 3023 3213 igne,
3059 3139 3318 3197 divinans
3352 3141 3655 3200 divinatio-

2042 3247 2193 3300 nem,
2236 3240 2297 3288 et
2331 3233 2609 3300 ominans,
2655 3240 2713 3289 et
2746 3249 3047 3306 augurans,
3100 3233 3403 3303 veneﬁcus,
3456 3235 3655 3293 incan

2042 3334 2167 3384 tans
2224 3327 2659 3385 incantationem
2685 3369 2700 3395 ,
2759 3328 3066 3401 Pythonem
3125 3328 3363 3396 habens,
3415 3338 3473 3386 et
3518 3347 3624 3403 por

2043 3428 2324 3477 tentorum
2367 3423 2672 3494 inspector,
2722 3429 2781 3478 et
2822 3421 3173 3494 interrogans
3218 3431 3470 3480 mortuos
3511 3450 3515 3455 ~
3568 3432 3658 3481 est

2040 3515 2192 3572 enim
2219 3516 2564 3573 abominatio
2605 3517 2842 3573 Domino
2866 3517 2983 3572 Deo
3028 3524 3127 3572 tuo
3167 3515 3351 3572 omnis
3387 3516 3486 3588 qui
3523 3516 3657 3575 facit

2043 3609 2174 3665 talia
2196 3609 2265 3664 ⁸³.
2300 3629 2319 3662 ι
2354 3609 2424 3665 Ει
2446 3618 2573 3681 post
2614 3609 2722 3665 alia
2764 3624 2962 3665 rursus
3002 3608 3083 3664 ait
3120 3627 3134 3664 :
3173 3627 3191 3661 ι
3221 3608 3509 3667 Perfectus
3541 3609 3658 3667 eris

2042 3720 2229 3761 coram
2250 3705 2489 3762 Domino
2508 3706 2623 3762 Deo
2651 3713 2747 3762 tuo
2775 3724 2788 3761 :
2825 3715 3018 3779 gentes
3047 3705 3134 3762 hae
3163 3700 3303 3778 quas
3325 3715 3385 3762 tu
3406 3707 3659 3779 posside-

2042 3796 2150 3864 bis,
2182 3797 2268 3854 hae
2286 3797 2475 3855 omina
2495 3807 2553 3855 et
2574 3799 2948 3857 divinationes
2968 3799 3198 3857 audient
3221 3819 3235 3855 :
3258 3800 3362 3858 tibi
3382 3817 3521 3859 vero
3542 3816 3654 3859 non

2042 3887 2125 3944 sic
2152 3886 2310 3946 dedit
2345 3889 2615 3946 Dominus
2637 3891 2787 3948 Deus
2818 3898 2978 3960 tuus;
3003 3891 3334 3965 prophetam
3366 3907 3437 3948 ex
3466 3891 3657 3950 fratri-

2042 3980 2149 4039 bus
2171 3982 2301 4049 tuis,
2325 3990 2389 4038 ut
2408 3998 2519 4050 me,
2541 3983 3091 4040 excitabitDominus
3112 3985 3259 4040 Deus
3276 3991 3436 4052 tuus;
3468 3983 3654 4055 ipsum

2042 4075 2302 4144 audietis,
2325 4077 2483 4149 juxta
2519 4076 2709 4157 omnia
2736 4091 3085 4148 quaecunque
3127 4076 3340 4148 petiisti
3363 4076 3655 4137 a_Domino

2044 4169 2158 4226 Deo
2182 4178 2278 4226 tuo
2304 4169 2363 4225 in
2386 4169 2596 4238 Horeb,
2623 4169 2683 4225 in
2708 4169 2799 4226 die
2825 4171 3269 4243 congregationis
3295 4171 3361 4225 “.
3411 4191 3431 4224 ι

2113 4352 2273 4411 CYR.
2306 4353 2577 4410 Praeclare
2624 4353 2729 4420 ais,
2776 4352 2985 4410 Palladi
3014 4371 3027 4408 :
3052 4367 3235 4425 neque
3266 4352 3415 4409 enim
3453 4358 3653 4425 seque-

2045 4462 2172 4502 mur
2192 4453 2583 4518 portentorum
2614 4446 2984 4518 conjectores,
3013 4452 3071 4502 et
3100 4445 3497 4502 necromantiae
3523 4460 3659 4517 ope-

312 4543 432 4599 τῶν
459 4539 710 4608 οἰωνῶν,
733 4537 811 4603 ὠς
838 4538 1039 4610 ἀληθές
1058 4555 1112 4591 τι
1142 4535 1339 4609 χρῆμα
1362 4534 1807 4608 παραδεξόμεθα,
1834 4533 1938 4589 κᾶν

2047 4555 2166 4595 ram
2207 4539 2406 4596 dantes
2449 4555 2461 4593 :
2486 4540 2602 4612 jam
2642 4554 2778 4595 vero
2812 4554 2997 4611 neque
3022 4540 3242 4595 volatus
3283 4539 3502 4606 avium,
3533 4545 3657 4595 tan-

323 4647 373 4698 ει
400 4636 664 4708 φέροιντο
694 4631 835 4705 πρὸς
878 4629 1089 4698 δεξιὸν,
1132 4628 1233 4683 εἴτ’
1260 4625 1359 4683 οὖν
1387 4631 1469 4693 είς
1502 4625 1785 4700 εὐώνυμον
1822 4625 1900 4699 (2)
1921 4642 1936 4657 ’

314 4731 427 4785 κᾶν
480 4729 532 4782 εί
580 4726 722 4800 πρὸς
768 4725 1010 4797 ἑσπέραν
1051 4738 1112 4778 τε
1137 4725 1232 4779 καὶ
1268 4723 1404 4795 πρὸς
1429 4720 1534 4794 ήῶ’
1573 4720 1788 4795 μωρίας
1829 4720 1942 4794 γὰρ

290 4878 305 4902 κ
328 4826 486 4881 ταυτὶ
512 4822 620 4895 τῆς
657 4821 923 4894 ἐσχάτης.
976 4819 1256 4889 Ἠγεμόνα
1287 4817 1345 4871 δὲ
1372 4818 1467 4871 τοῦ
1502 4815 1707 4882 παντὸς
1750 4814 1940 4870 ποιού-

324 4935 481 4990 μενοι
515 4916 613 4970 τδν
647 4913 890 4988 Χριστὸν
919 4913 1010 4967 τὸν
1034 4911 1103 4966 δι’
1135 4912 1285 4984 ήμᾶς
1307 4909 1433 4966 καθ’
1454 4910 1606 4983 ἡμᾶς
1626 4911 1937 4982 προφήτην,

328 5010 460 5081 παρ’
509 5006 681 5061 αὐτοῦ
730 5004 1021 5077 ληψόμεθα
1067 5001 1176 5058 τῶν
1211 5002 1532 5073 ἀναγκαίων
1572 5002 1672 5075 τὴν
1713 5003 1936 5073 γνῶσιν,

310 5102 420 5157 καὶ
444 5099 603 5172 αὐτῷ
636 5096 1140 5172 προσεδρεύσομεν,
1167 5094 1430 5168 οἰμώζειν
1465 5094 1655 5166 μακρά
1677 5097 1799 5160 ταῖς
1829 5096 1940 5151 τῶν

304 5193 633 5265 δαιμονίων
666 5190 1059 5263 ψευδοεπείαις
1096 5189 1192 5244 καὶ
1237 5187 1298 5242 τὸ
1339 5187 1617 5261 ἐρρῶσθαι
1660 5187 1937 5257 λέγοντες.

323 5288 495 5358 tum,»
521 5285 635 5358 γὰρ
660 5283 855 5356 ὥσπερ
880 5283 945 5338 τὸ
974 5282 1174 5355 χρῆναι
1205 5280 1495 5347 ζωοποιεῖν
1521 5281 1616 5336 καὶ
1641 5280 1942 5352 κατάρχειν

312 5379 433 5434 τῶν
464 5380 611 5435 ὅλων
633 5421 649 5449 ,
680 5377 933 5451 φυσικῶς
964 5394 1025 5432 τε
1057 5376 1153 5432 καὶ
1189 5374 1375 5439 ίδικῶς
1415 5373 1766 5429 ἀνακείσεται
1801 5374 1940 5447 Θεῷο

394 5521 444 5555 ³⁸
467 5520 638 5578 Deut.
664 5535 822 5585 xvm,
848 5518 939 5574 15.
1019 5517 1068 5550 ⁸³
1114 5514 1256 5572 ibid.
1281 5513 1458 5587 ί9-12.
1538 5512 1581 5546 ⁸⁸
1608 5511 1762 5613 ‘ihid.
1807 5511 1997 5569 15-15.

397 5639 479 5709 (1)
515 5637 657 5696 Cod.
689 5638 841 5709 vat,
877 5632 1364 5709 προσκειμένουςιὲ
1813 5678 1840 5709 __

395 5701 493 5785 ('23,
514 5701 1219 5785 Ve_rba_thmeri_la_tenter
1249 5702 1461 5785 indicat
1495 5711 1784 5785 quaesunt
1806 5701 1945 5759 Ilia—

317 5772 416 5841 dos
444 5772 520 5848 Μ,
549 5782 648 5838 ubi
674 5780 880 5838 Hector
910 5778 980 5835 ad
1013 5775 1465 5848 Polydamantem
1497 5772 1676 5848 inquit
1700 5792 1714 5827 :

328 5845 515 5925 Τῶν-η’
537 5853 591 5910 δ’
622 5850 892 5907 οιτινοῖσι
933 5845 1463 5916 τανυπτερύγεσσι
1499 5845 1768 5912 κελεύεις

658 5950 932 6035 Pgt'mOL.
982 5947 1101 6009 Gn.
1134 5943 1419 6020 LXVIII.

2048 4647 2217 4702 quam
2235 4646 2432 4687 verum
2450 4630 2662 4702 aliquid
2678 4631 3066 4702 polliceantur,
3084 4631 3445 4704 accipiemus,
3464 4647 3661 4703 quam-

2047 4723 2135 4779 vis
2175 4723 2527 4779 dextrorsum
2584 4722 2837 4779 ferantur
2880 4729 2979 4778 aut
3023 4722 3429 4790 sinistrorsum,
3463 4731 3561 4779 aut
3588 4723 3659 4779 ad

2048 4832 2308 4873 occasum
2331 4816 2420 4873 vel
2457 4815 2526 4872 ad
2570 4824 2757 4872 ortum
2801 4815 2936 4873 solis
2961 4834 2973 4870 :
3000 4824 3133 4873 sunt
3154 4817 3306 4871 enim
3332 4815 3453 4872 haec
3472 4825 3659 4891 extre-

2049 4923 2153 4964 ma:
2205 4902 2521 4964 dementiae.
2571 4908 2781 4964 Ducem
2829 4923 2965 4964 vero
3009 4907 3082 4964 ad
3127 4907 3317 4964 omnia
3359 4922 3662 4979 sequemur

2048 5000 2358 5068 Christum,
2390 5002 2547 5059 illum
2576 5011 2807 5075 propter
2846 5017 2950 5076 nps
2983 5002 3226 5059 similem
3261 5000 3427 5057 nobis
3449 5000 3660 5055 factum

2048 5103 2106 5151 et
2138 5096 2497 5167 prophetam;
2529 5096 2601 5152 ab
2628 5096 2750 5167 ipso
2778 5094 3119 5166 accipiemus
3166 5108 3357 5150 rerum
3397 5107 3661 5149 necessa-

2050 5188 2261 5245 riarum
2302 5189 2698 5262 cognitionem,
2735 5189 2955 5261 ipsique
2984 5187 3376 5254 assidebimus,
3400 5202 3486 5244 ac
3523 5185 3663 5243 falsa

2051 5260 2457 5339 daemoniorum
2494 5281 2721 5339 oracula
2760 5260 3090 5354 abjiciemus
3117 5287 3175 5336 et
3213 5260 3694 5338 contemnemusf

2056 5374 2221 5448 184
2248 5375 2320 5433 Ut
2361 5376 2514 5433 enim
2555 5375 2735 5455 rebus
2761 5374 3040 5431 universis
3060 5383 3120 5431 et
3140 5373 3313 5432 vitam
3334 5373 3583 5431 tribuere
3604 5379 3666 5436 et

2053 5634 2395 5699 Πείθεσθαι,
2421 5632 2543 5689 τῶν
2570 5633 2700 5689 οὔτι
2720 5629 3129 5701 μετατρέπομ’,
3144 5627 3274 5685 οὐδ’
3309 5625 3561 5701 ἀλεγίζω

2046 5705 2174 5759 Εἶτ’
2196 5705 2296 5760 ἐπὶ
2335 5704 2483 5768 δέξΰ
2515 5704 2649 5760 ἴωσι
2683 5699 2835 5773 πξρὸς
2860 5699 2949 5771 ἠῶ
2976 5703 3033 5773 ζ’
3060 5699 3273 5769 ἠέλιόν
3292 5717 3379 5773 τε,

2057 5776 2182 5833 Εἵτ’
2209 5777 2302 5832 ἐπ’
2319 5776 2605 5847 ἀριστερὰ
2625 5775 2718 5829 τοί
2723 5770 2786 5847 γε
2805 5770 2942 5830 ποτὶ
2964 5770 3146 5843 ζόφον
3164 5772 3476 5843 ἠερόεντα.

3184 5929 3257 5996 14
