4104 6488
513 351 618 408 127

1518 343 1572 399 S.
1605 343 1878 401 CYRILL‘I
1917 342 2385 399 ALEXANDRINI
2427 343 2744 407 ARCHIEP.

3663 359 3768 416 ηε

509 485 690 532 ortum
716 472 868 538 dare,
902 469 1203 526 secundum
1235 475 1485 522 naturam
1513 481 1574 521 ac
1603 468 1824 536 proprie
1857 467 1958 521 soli
1980 467 2067 520 Det

2195 468 2283 521 τὸν
2315 469 2506 532 αὐτὸν,
2533 465 2719 540 οἶμαι,
2752 474 2950 544 τρόπον
2971 515 2983 539 ,
3023 475 3114 529 καὶ
3141 471 3202 530 τὸ
3227 478 3444 534 πάντων
3486 478 3631 552 ἔχειν
3664 484 3765 555 τὴν

508 563 864 622 tribuendum
887 570 1002 618 est:
1033 561 1133 625 sic,
1159 567 1220 613 ut
1246 560 1462 629 opinor,
1487 559 1734 612 omnium
1756 573 1974 628 quoque
2006 575 2090 614 re-

2193 561 2411 630 γνῶσιν.
2449 564 2607 619 ’Ίδιον
2641 566 2942 638 δέπφύσεως
2986 570 3085 640 τῆς
3119 572 3308 638 αὑτοῦ,
3337 573 3398 626 τὸ
3427 574 3626 629 ειδέναι
3665 593 3766 631 σα-

509 674 630 714 rum
675 655 1040 727 cognitionem
1087 651 1292 707 habere
1335 659 1460 706 :est
1507 659 1692 705 autem
1729 652 1849 722 ejus
1881 660 2067 706 natura

2193 653 2308 724 φῶς
2360 655 2430 709 τά
2485 659 2758 728 ἐσόμενα,
2825 662 2919 716 καὶ
2980 663 3402 736 συνειλεγμένην
3469 666 3659 740 ὥσπερ
3709 670 3769 723 ἐν

508 751 793 823 proprium
822 763 910 803 res
933 745 1144 801 futuras
1167 744 1454 800 manifeste
1480 745 1646 810 scire,
1675 753 1732 799 et
1753 760 1937 800 rerum
1961 745 2087 798 uni-

506 857 792 900 versarum
839 838 1226 911 cognitionem,
1255 838 1313 892 in
1353 853 1410 894 se
1454 839 1574 907 ipso
1599 836 1769 892 veluti
1804 836 2086 892 collectam

504 946 711 994 tenere.
743 935 823 990 An
867 933 967 988 tibi
996 947 1189 1003 parum
1230 931 1508 1001 sapienter
1537 943 1601 984 ac
1634 945 1762 985 vere
1790 929 1976 986 dicere
2007 931 2088 985 vi-

502 1027 732 1084 demur?

562 1113 767 1168 PALL.
792 1112 916 1166 lmo
943 1125 1080 1166 vero
1105 1111 1362 1164 maxime.

566 1206 725 1262 CYR.
762 1205 820 1260 ln
849 1205 1030 1275 ipsum
1059 1202 1227 1274 igitur
1251 1203 1622 1272 peccabimus,
1648 1211 1704 1257 et
1727 1201 1795 1256 ad
1821 1201 1968 1258 illius
1994 1218 2085 1258 su-

491 1312 702 1367 premae
729 1296 916 1367 gloriae
947 1295 1204 1367 injuriam
1234 1301 1487 1350 nostrum
1522 1294 1731 1350 crimen
1759 1294 2080 1365 pertinebit,

492 1389 540 1442 si
576 1387 806 1443 nefariis
852 1394 908 1442 et
957 1386 1192 1457 impuris
1239 1386 1527 1456 spiritibus
1562 1385 1742 1441 inesse
1792 1384 2084 1440 credemus

477 1496 558 1535 ea
613 1480 815 1550 quibus
844 1479 935 1534 ille
967 1477 1280 1545 decoratur,
1308 1486 1364 1534 et
1390 1477 1685 1534 admodum
1713 1477 1944 1550 insignis
1975 1487 2077 1534 est.

487 1573 611 1627 ‘Jam
637 1571 786 1625 enim
812 1569 950 1627 adeo
984 1570 1150 1626 stulte
1190 1571 1558 1626 sentientibus
1587 1570 1779 1625 licebit
1820 1569 1957 1625 illud
1984 1586 2079 1625 su-

494 1662 696 1732 spicari
723 1679 736 1715 :
763 1661 930 1716 vitam
973 1675 1193 1731 quoque
1231 1661 1483 1716 tribuere
1514 1675 1696 1731 posse,
1739 1669 1905 1732 atque
1942 1660 2081 1716 adeo

462 1753 836 1828 ,conditorem
860 1769 980 1810 esse
1001 1754 1279 1818 Satanam,
1311 1753 1357 1808 si
1383 1769 1505 1824 qua:
1539 1753 1786 1819 omnium
1809 1760 2078 1823 praestan-

481 1847 700 1902 tissima
726 1854 873 1913 sunt,
897 1855 954 1901 et
983 1846 1205 1917 proprie
1229 1845 1326 1901 Dei
1350 1852 1561 1900 natura:
1585 1845 1930 1911 tribuuntur,
1963 1859 2077 1900 non

487 1936 664 1990 solum
695 1935 798 2005 ipsi
833 1933 1218 1999 concedemus,
1249 1950 1440 1990 verum
1474 1935 1640 1990 etiam
1681 1943 1877 1990 natura
1913 1935 2078 1990 insita

481 2043 609 2084 esse
646 2028 893 2084 dicemus
921 2045 934 2081 :
962 2027 1252 2098 proprium
1295 2035 1381 2083 est
1421 2043 1587 2100 porro
1617 2035 1783 2098 atque
1813 2027 2076 2100 eximium

485 2135 712 2175 summae
739 2119 885 2173 illius
906 2125 1116 2174 naturae
1141 2118 1350 2174 bonum
1377 2119 1618 2190 cognitio
1647 2134 1832 2174 rerum
1861 2118 2075 2174 futura-

396 2240 401 2246 -
483 2224 626 2265 rum.
659 2209 741 2264 An
766 2225 956 2265 verum
981 2226 1094 2265 non
1118 2218 1204 2265 est
1225 2209 1373 2280 quod
1398 2210 1556 2265 dico?
1965 2225 1971 2236 ί

551 2300 750 2357 PALL.
781 2301 851 2356 Et
883 2301 1106 2372 quidem
1139 2302 1375 2356 maxime
1403 2319 1415 2355 :
1442 2301 1519 2355 ait
1555 2303 1703 2357 enim
1743 2302 2075 2372 quibusdam

483 2407 580 2461 per
619 2391 772 2446 Isaiae
799 2407 1015 2458 vocem,
1041 2392 1136 2462 qui
1163 2408 1226 2448 ea
1269 2409 1392 2463 qua:
1420 2393 1519 2448 Dei
1547 2401 1697 2458 sunt,
1743 2393 1811 2449 ad
1851 2402 2073 2450 creatu-

472 2496 596 2535 ram
621 2475 930 2536 deferrent:
967 2499 986 2531 ι
1019 2481 1349 2536 Mementote
1375 2481 1594 2548 horum,
1617 2490 1674 2536 et
1696 2482 2070 2552 ingemiscite;

470 2572 861 2641 paenitentiam
902 2570 1069 2641 agite,
1110 2571 1205 2641 qui
1233 2571 1462 2637 erratis;
1500 2580 1557 2626 et
1593 2571 1769 2627 redite
1802 2571 1990 2638 corde,
2017 2579 2074 2628 et

467 2671 813 2718 mementote
846 2663 1098 2732 priorum
1136 2678 1167 2717 a
1208 2662 1430 2727 saeculo,
1459 2662 1586 2732 quia
1612 2677 1713 2734 ego
1753 2677 1874 2717 sum
1902 2664 2068 2729 Deus,

463 2753 536 2810 Aet‘
561 2771 670 2810 non
707 2763 791 2810 est
817 2755 961 2810 alius
987 2764 1186 2825 praeter
1215 2770 1324 2821 me,
1349 2755 1687 2810 annuntians
1707 2755 1860 2826 prius
1884 2762 2069 2812 extre-

481 2863 588 2911 ma,
615 2854 911 2917 antequam
949 2845 1080 2901 fiant
1106 2854 1161 2901 et
1184 2845 1347 2900 simul
1372 2846 1642 2916 completa
1670 2845 1802 2911 sint,
1830 2852 1887 2901 et
1909 2845 2022 2900 dixi
2053 2863 2066 2899 :

470 2937 651 2993 Omne
697 2937 990 2993 consilium
1027 2952 1213 2992 meum
1253 2936 1451 3002 stabit;
1493 2944 1552 2990 et
1605 2935 1789 2990 omnia
1815 2951 1937 3006 qua:
1968 2934 2066 2989 de-

470 3028 628 3084 crevi
663 3027 862 3084 faciam
895 3028 963 3082 ”.
995 3047 1015 3080 ι
1046 3027 1118 3084 Ut
1154 3028 1303 3082 enim
1330 3027 1648 3083 ostenderet
1685 3043 1795 3081 non
1831 3041 1952 3082 esse
1984 3026 2065 3081 al-

467 3129 658 3176 terum
699 3127 900 3192 praeter
925 3135 984 3176 se
1006 3128 1203 3175 natura
1240 3134 1304 3174 ac
1330 3133 1461 3174 vere
1494 3119 1688 3184 Deum,
1716 3117 2066 3174 auditoribus
2093 3155 2135 3214 ϐ

466 3213 609 3269 illud
649 3221 910 3285 tanquam
947 3212 1216 3269 indicium
1259 3211 1465 3277 attulit,
1508 3226 1707 3282 nempe
1732 3210 2060 3266 annuntiare

471 3325 530 3365 se
553 3323 714 3380 posse
737 3317 1004 3375 extrema,
1035 3308 1356 3379 priusquam
1385 3305 1598 3360 fierent.

537 3401 697 3458 (ΠΒ.
725 3401 994 3457 Praeclare
1031 3399 1132 3465 ais,
1163 3397 1392 3454 Palladi.
1426 3397 1534 3456 Sed
1564 3397 1751 3462 velim,
1790 3406 1849 3453 ut
1878 3396 2060 3452 adhuc

457 3495 762 3567 diligenter
791 3492 1082 3549 veritatem
1104 3490 1480 3562 dispiciamus,
1519 3499 1684 3561 atque
1715 3489 1848 3544 illud
1873 3487 2056 3544 consi-

455 3589 749 3652 Ideremus,
767 3600 876 3656 qua
893 3584 1128 3648 ratione,
1148 3584 1193 3640 si
1210 3582 1435 3639 omnino
1467 3584 1612 3638 inter
1649 3598 1746 3639 eos
1770 3597 2058 3637 censemur

450 3678 562 3748 -qui
596 3685 744 3733 recte
785 3685 842 3732 et
871 3676 1186 3748 evangelice
1219 3676 1406 3732 vivere
1436 3675 1648 3739 volunt,
1675 3673 1934 3728 falsarum
1967 3671 2053 3726 di-

454 3770 809 3825 winationum
835 3766 1236 3823 assentationes
1268 3781 1592 3838 sequamur;
1630 3771 1686 3818 et
1714 3778 1840 3818 cum
1871 3762 1943 3817 ita
1976 3761 2052 3817 si-

459 3876 589 3916 mus
624 3858 855 3937 intenti,
907 3865 1168 3930 tanquam
1220 3858 1294 3914 ab
1359 3857 1468 3912 illis
1521 3851 1730 3925 aliquid
1780 3868 1911 3908 vere
1964 3852 2050 3908 di-

461 3962 654 4019 catur,
706 3950 984 4022 quomodo
1032 3964 1144 4006 non
1185 3949 1488 4006 Salvatoris
1534 3946 1707 4001 nostri
1749 3960 1939 4000 vocem
1981 3943 2052 4002 de

461 4044 750 4101 mendacio
785 4042 1236 4100 condemnemus.
1267 4039 1418 4096 Dixit
1442 4037 1590 4095 enim
1621 4037 1867 4109 profecto
1890 4050 2047 4092 arro-

455 4136 717 4207 gantibus
738 4135 1101 4206 superbisque
1133 4130 1340 4188 ludatis
1367 4147 1380 4184 :
1410 4147 1428 4181 ι
1457 4127 1568 4184 Vos
1591 4144 1658 4184 ex
1687 4135 1840 4200 patre
1865 4134 2048 4184 vestro

455 4225 678 4281 diabolo
698 4225 850 4289 estis,
877 4231 933 4279 et
954 4220 1231 4279 desideria
1249 4220 1424 4291 patris
1443 4220 1611 4275 vestri
1639 4219 1806 4275 vultis
1831 4219 2042 4286 facere;

452 4317 548 4372 ille
573 4314 846 4371 homicida
873 4313 977 4370 fuit
998 4311 1069 4367 ab
1091 4311 1270 4377 initio,
1302 4317 1358 4367 et
1387 4311 1442 4365 in
1472 4310 1702 4366 veritate
1724 4326 1837 4366 non
1861 4311 2040 4377 stetit;

2192 747 2370 819 ἑαυτῷ
2396 750 2502 821 τὴν
2519 751 2627 806 τῶν
2653 752 2790 808 ὅλων
2818 756 3021 826 εἴδησιν
3053 757 3214 828 ἔχειν.
3255 761 3326 812 Ἢ
3354 759 3475 830 οὑχὶ
3517 762 3678 831 σοφός
3704 779 3764 815 τε

2190 842 2283 895 καὶ
2304 842 2542 913 ἀτρεκὴς
2567 844 2596 896 ὁ
2616 843 2708 898 ἐπὶ
2732 844 2866 916 τῷδε
2889 845 3072 916 λόγος;

2255 1105 2468 1159 ΠΑΛΛ.
2513 1105 2665 1160 Πάνυ
2692 1107 2788 1177 μὲν
2809 1102 2922 1162 οὖν.

2256 1196 2420 1250 ΚΥΡ.
2456 1198 2550 1260 Et;
2581 1197 2744 1252 αὑτὸν
2777 1193 2869 1254 οὖν
2899 1199 3006 1270 ἄρα
3037 1201 3526 1275 πλημμελήσομεν,
3551 1207 3646 1262 καὶ
3681 1209 3766 1276 είς

2182 1286 2283 1358 τὴν
2324 1288 2586 1344 ἀνωτάτω
2617 1289 2774 1354 δόξαν
2823 1292 2855 1362 ἠ
2900 1289 3118 1364 γραφὴ,
3166 1296 3214 1348 εί
3268 1295 3518 1367 βεϐήλοις
3561 1316 3621 1353 τε
3667 1302 3765 1356 καὶ

2182 1379 2517 1450 ἀκαθάρτοις
2575 1381 2880 1454 πνεύμασιν
2928 1385 3129 1440 ἐνεῖναι
3171 1387 3539 1460 πιστεύσομεν
3582 1392 3650 1446 τὰ
3692 1392 3765 1447 δι’

2182 1461 2258 1527 ὧν
2293 1471 2455 1536 αὐτὸς
2501 1473 2957 1529 κατακαλλύνοιτό
2997 1493 3058 1530 τε
3109 1477 3203 1531 καὶ
3243 1478 3477 1552 ὑπάρχει
3510 1481 3628 1536 λίαν
3662 1486 3762 1538 ἐκ-

2181 1563 2417 1634 πρεπής.
2480 1564 2623 1635 Ὥρα
2689 1566 2790 1638 ἤδη
2854 1569 3232 1641 διακειμένους
3297 1573 3394 1628 ὡδὶ
3462 1575 3761 1648 φληνάφως

2181 1653 2424 1708 ὑπονοεῖν
2471 1655 2566 1708 καὶ
2609 1655 2893 1718 ζωοποιεῖν
2940 1656 3234 1725 δύνασθαι,
3283 1662 3376 1716 καὶ
3416 1664 3481 1735 δὴ
3529 1666 3621 1719 καὶ
3664 1667 3762 1740 δη-

2184 1745 2442 1818 μιουργὸν
2471 1747 2736 1820 ὑπάρχειν
2766 1749 2860 1804 τὸν
2893 1752 3161 1820 Σατανᾶν,
3189 1754 3237 1806 εί
3259 1754 3327 1808 τὰ
3362 1758 3580 1811 πάντων
3613 1759 3760 1824 ἐξαί-

2185 1853 2314 1906 ρετα
2363 1837 2459 1891 καὶ
2510 1837 2692 1902 ίδικῶς
2753 1840 3091 1912 ἀνακείμενα
3133 1846 3198 1915 τῇ
3246 1845 3341 1900 τοῦ
3389 1846 3526 1903 Θεοῦ
3571 1850 3755 1920 φύσει,

2187 1927 2526 1999 χαριούμεθά
2565 1947 2625 1983 τε
2677 1930 2857 2002 αὐτῷ,
2901 1934 2995 1986 καὶ
3046 1939 3497 2007 προσπεφυκέναι
3551 1945 3753 2014 φαμέν

2177 2019 2306 2074 ἴδιον
2344 2022 2401 2076 δὲ
2427 2022 2523 2077 καὶ
2555 2023 2832 2096 ἐξαίρετον
2863 2027 3067 2096 ἀγαθὸν
3086 2031 3186 2102 τῆς
3215 2032 3482 2088 ἀνωτάτω
3510 2036 3753 2105 φύσεως,

2172 2113 2284 2167 τῶν
2319 2114 2594 2184 ἐσομένων
2630 2116 2662 2186 ἡ
2695 2116 2915 2184 γνῶσις.
2953 2119 3023 2173 Ἦ
3047 2120 3148 2175 οὑκ
3186 2122 3384 2195 ἀληθὲς
3411 2125 3439 2178 ὅ
3473 2143 3644 2198 φημι;

2244 2286 2456 2342 ΠΔΛΛ.
2499 2287 2612 2342 Καὶ
2640 2289 2807 2360 μάλα.
2839 2291 2977 2362 Φησὶ
3022 2293 3130 2366 γὰρ
3156 2295 3246 2350 διὰ
3283 2299 3467 2370 φωνῆς
3504 2300 3752 2365 Ἡσαΐου,

2172 2379 2311 2451 πρός
2354 2396 2506 2444 τινας
2560 2380 2914 2446 ἀνατιθέντας
2968 2387 3034 2456 τῇ
3091 2386 3267 2442 κτίσει
3314 2390 3386 2444 τὰ
3437 2391 3530 2446 τοῦ
3588 2394 3752 2450 Θεοῦο

2178 2490 2196 2523 ι
2227 2471 2518 2542 Μνήσθητε
2545 2472 2741 2542 ταῦτα,
2791 2476 2885 2529 καὶ
2915 2478 3226 2545 στενάξατε·
3261 2487 3657 2558 μετανοήσατε,
3693 2491 3748 2542 οἱ

2171 2563 2605 2633 πεπλανημένοι,
2627 2565 2992 2637 ἐπιστρέψατε
3012 2570 3079 2640 τῇ
3105 2570 3322 2643 καρδίᾳ,
3351 2574 3444 2627 καὶ
3471 2577 3752 2649 μνήσθητε

2171 2654 2416 2726 πρότερα
2455 2655 2564 2709 ἀπὸ
2609 2655 2704 2710 τοῦ
2740 2657 2965 2724 αἰῶνος,
3009 2659 3236 2731 ὅτιέγὼ
3287 2665 3402 2734 εἰμι
3450 2665 3608 2734 Θεὸς,
3653 2669 3752 2723 ml.

2169 2746 2270 2800 οὑκ
2313 2745 2460 2801 ἔστιν
2498 2745 2580 2800 ἔτι
2623 2746 2762 2820 πλὴν
2802 2749 2936 2820 ἐμοῦ
2980 2750 3330 2820 ἀναγγέλλων
3376 2755 3638 2828 πρότερον
3680 2758 3751 2812 τὰ

2169 2838 2395 2911 ἔσχατα,
2434 2840 2564 2911 πρὶν
2591 2841 2730 2896 αὑτά
2762 2841 3045 2911 γενέσθαι,
3078 2845 3174 2898 καὶ
3202 2844 3320 2916 ἅμα
3362 2849 3746 2922 συνετελέσθη,

2169 2933 2263 2986 καὶ
2303 2931 2453 2988 εἶπα·
2497 2934 2656 2990 Πᾶσά
2703 2952 2804 3006 μου
2847 2937 2880 3008 ἡ
2928 2935 3094 3010 βουλὴ
3122 2939 3402 3010 στήσεται,
3439 2943 3533 2998 καὶ
3567 2945 3748 3000 πάντα

2168 3023 2269 3078 ὅσα
2318 3025 2710 3098 βεϐούλευμαι,
2760 3029 2989 3101 ποιήσω.
3031 3051 3051 3084 ι
3100 3031 3352 3103 Μὴνυσιν
3398 3033 3503 3107 γὰρ
3552 3035 3747 3109 ὥσπερ

2169 3115 2263 3170 τοῦ
2297 3117 2373 3190 μὴ
2417 3117 2605 3191 ἕτερον
2654 3116 2793 3174 εἷναί
2840 3137 2965 3175 τινα
2995 3121 3125 3194 παρ’
3155 3123 3318 3178 αὐτὸν
3358 3124 3518 3194 φύσει
3545 3144 3605 3180 τε
3649 3130 3747 3183 καὶ

2168 3207 2387 3280 ἀληθῶς
2417 3209 2551 3264 Θεὸν
2577 3211 2689 3273 τοῖς
2716 3211 3088 3283 ἀκροωμένοις
3118 3213 3283 3268 ἐτίθει
3303 3215 3364 3268 τὸ
3390 3215 3744 3286 ἀναγγέλλειν

2166 3299 2430 3355 δύνασθαι
2458 3300 2528 3354 τὰ
2557 3299 2760 3372 ἔσχατα
2796 3301 2928 3373 πρὶν
2962 3302 3100 3357 αὑτὰ
3120 3304 3414 3374 γενέσθαι.Δ

2235 3393 2404 3448 ΚΥΡ.
2445 3388 2518 3447 Εὖ
2559 3410 2658 3462 γε,
2697 3387 2742 3448 ὧ
2783 3394 3072 3450 Παλλάδιε.
3118 3397 3421 3470 Βουλοίμην
3459 3399 3504 3453 δ’
3553 3401 3619 3455 ἂν
3660 3400 3749 3458 ἔτι

2165 3483 2602 3556 περιαθροῦντας
2632 3480 2690 3539 εὖ
2733 3485 2880 3556 μάλα
2904 3487 2966 3542 τὸ
2997 3487 3214 3559 ἀληθὲς,
3248 3490 3343 3544 καὶ
3374 3492 3493 3555 τόδε
3524 3494 3747 3549 διασκο-

2165 3578 2306 3630 πεῖν⁹
2331 3575 2453 3630 τίνα
2500 3576 2699 3648 τρόπον
2730 3576 2809 3632 ἔτι
2829 3617 2844 3644 ,
2885 3580 2933 3633 εί
2981 3579 3227 3651 τελοῖμεν
3267 3582 3405 3648 ὅλως
3438 3582 3494 3638 ἐν
3528 3601 3592 3654 γε
3623 3589 3744 3652 τοῖς

2163 3668 2405 3724 ἐθέλουσι
2445 3668 2594 3740 βιοῦν
2630 3669 2804 3742 ὀρθῶς
2827 3689 2888 3725 τε
2911 3672 3006 3726 καὶ
3034 3673 3406 3744 εὑαγγελικῶς
3426 3717 3441 3741 ,
3473 3679 3594 3743 ταῖς
3633 3678 3746 3732 τῶν

2161 3761 2599 3833 ψευδομαντειῶν
2627 3761 2889 3827 θωπείαις
2933 3763 3176 3836 ἑψόμεθα
3213 3766 3308 3820 καὶ
3345 3767 3408 3838 δὴ
3451 3769 3544 3822 καὶ
3570 3786 3744 3841 προσ.

2158 3854 2477 3925 εσχηκότες,
2509 3855 2586 3920 ὡς
2629 3854 2716 3925 εἴη
2759 3873 2844 3921 τις
2885 3856 3044 3926 λόγος
3069 3859 3098 3912 ὁ
3129 3861 3256 3930 παρ’
3286 3859 3466 3916 αὑτῶν
3507 3861 3740 3934 ἀληθὴς,

2155 3945 2278 4018 οὑχὶ
2310 3949 2410 4017 τῆς
2453 3946 2549 4002 τοῦ
2599 3947 2854 4020 Σωτῆρος
2900 3948 3264 4022 καθοριοῦμεν
3295 3954 3479 4024 φωνῆς
3515 3953 3576 4007 τὸ
3621 3954 3743 4008 δια-

2155 4038 2445 4110 ψεύδεσθαι
2474 4040 2604 4095 δεῖν.
2642 4040 2790 4112 Ἔφη
2827 4041 2937 4113 γάρ
2967 4059 3069 4095 που
3100 4042 3194 4096 καὶ
3228 4043 3365 4115 πρὸς
3388 4044 3514 4109 τοὺς
3548 4045 3744 4110 ἀλαζό-

2155 4148 2254 4195 νας
2279 4131 2375 4185 καὶ
2401 4130 2665 4204 ὑϐριστὰς
2700 4132 3008 4198 Ἰουδαίους·
3038 4152 3058 4186 ι
3101 4133 3289 4206 Ὑμεῖς
3316 4136 3381 4191 ἐκ
3412 4136 3507 4192 τοῦ
3529 4137 3738 4210 πατρὸς

2154 4223 2309 4294 ὑμῶν
2357 4223 2450 4278 τοῦ
2493 4223 2743 4279 διαϐόλου
2795 4225 2919 4279 ἐστέ
2948 4266 2962 4292 ,
3016 4225 3112 4282 καὶ
3161 4227 3262 4292 τὰς
3302 4229 3595 4301 ἐπιθυμίας
3640 4231 3736 4286 τοῦ

2155 4313 2360 4385 πατρὸς
2387 4313 2542 4385 ὑμῶν
2585 4314 2771 4369 θέλετε
2816 4318 3008 4371 ποιεῖν’
3043 4319 3251 4384 ἐκεῖνος
3289 4319 3739 4392 ἀνθρωποκτόνος

459 4408 620 4480 185
659 4407 792 4479 quia
829 4422 941 4462 non
976 4411 1062 4462 est
1097 4404 1305 4460 veritas
1345 4404 1402 4458 in
1444 4403 1562 4474 ipso
1589 4421 1603 4458 :
1629 4418 1756 4459 cum
1794 4403 2043 4474 loquitur

2171 4400 2219 4476 iv
2249 4405 2345 4458 ἀπ’
2394 4405 2590 4478 ἀρχῆς,
2625 4406 2720 4460 καὶ
2750 4408 2808 4460 ἐν
2851 4410 2916 4478 τῇ
2965 4408 3193 4482 ἀληθείᾳ
3227 4410 3323 4481 οὑχ
3366 4411 3616 4482 ἕστηκεν,
3651 4413 3736 4468 ὅτι

455 4499 822 4566 mendacium,
848 4514 917 4556 ex
956 4495 1196 4568 propriis
1237 4495 1511 4565 loquitur;
1548 4495 1675 4564 quia
1701 4494 1935 4549 mendax
1959 4503 2042 4550 est

2171 4494 2252 4548 δύκ
2294 4493 2442 4549 ἐστιν
2489 4495 2716 4568 ἀλήθεια
2765 4496 2823 4551 ἐν
2855 4497 3022 4569 αὐτῷ’
3055 4499 3182 4554 ὅταν
3229 4500 3384 4554 λαλεῖ
3418 4501 3480 4556 τὺ
3515 4502 3735 4573 ψεῦδος,

455 4593 592 4662 ipse,
617 4599 674 4648 et
710 4599 866 4663 pater
897 4592 1018 4662 ejus
1049 4588 1114 4643 ⁸⁸.
1150 4607 1168 4639 ι
1200 4586 1488 4654 Quomodo
1522 4586 1714 4658 igitur,
1750 4587 1847 4657 qui
1886 4601 2043 4642 men-

2171 4603 2218 4639 :x
2249 4585 2358 4640 τῶν
2386 4585 2532 4640 ἰδίων
2558 4585 2740 4652 λαλεῖ.
2772 4588 2853 4641 ὅτι
2895 4587 3137 4662 ψευστής
3172 4592 3320 4648 ἐστιν
3363 4592 3546 4659 αὑτὸς,
3584 4595 3678 4648 καὶ
3707 4595 3736 4648 ὁ

451 4684 557 4739 dax
576 4691 682 4750 est,
706 4699 875 4739 verax
897 4681 1006 4738 erit
1028 4678 1310 4750 unquam?
1333 4685 1427 4733 aut
1459 4677 1738 4748 quomodo
1758 4691 1870 4732 non
1893 4678 2044 4733 omni

2171 4672 2332 4747 πατὴρ
2355 4673 2546 4732 αὑτοῦ.
2587 4693 2606 4728 ι
2633 4675 2770 4731 Τίνα
2800 4677 2865 4749 δὴ
2894 4673 2987 4733 οὑν
3017 4678 3171 4733 ἔσται
3195 4681 3400 4752 τρόπον
3431 4683 3733 4756 νημερτὴς,

449 4791 519 4830 ex
534 4783 689 4846 parte
705 4773 961 4838 mendax,
981 4771 1076 4843 qui
1095 4770 1151 4826 in
1163 4768 1396 4825 veritate
1411 4783 1522 4824 non
1539 4767 1726 4828 stetit?
1738 4767 1932 4824 Nonne
1945 4767 2046 4839 igi-

2171 4766 2424 4838 Ρευστήικ
2455 4766 2573 4831 πῶς
2608 4766 2664 4821 δὲ
2696 4768 2818 4840 οὖχὶ
2857 4769 3034 4841 πάντη
3087 4788 3144 4825 τε
3175 4773 3270 4826 καὶ
3296 4773 3514 4838 πάντως
3544 4773 3734 4846 ἀμαρ-

443 4877 541 4920 tur
573 4868 709 4938 jam,
749 4863 980 4930 Palladi,
1010 4862 1186 4920 cuivis
1225 4859 1579 4917 manifestum
1601 4860 1728 4927 erit,
1762 4861 1806 4917 si
1835 4859 2041 4917 ἀπωθ-

2171 4859 2372 4930 τοεπὴς,
2419 4859 2448 4912 ὁ
2493 4859 2568 4930 μὴ
2618 4859 2866 4932 ἑστηκὼς
2914 4862 2973 4916 ἐν
3020 4865 3090 4934 τῇ
3138 4863 3403 4937 ἀληθείας
3457 4859 3586 4935 ’Ἆρ’
3638 4863 3734 4920 οὖν

442 4959 670 5014 :niorum
715 4958 949 5014 vocibus
992 4955 1283 5012 veritatem
1337 4953 1666 5020 tribuemus,
1718 4953 1837 5013 fore
1880 4964 1941 5012 ut
1969 4957 2038 5012 de

2177 4950 2404 5022 ναργές,
2453 4944 2498 5004 ὧ
2536 4949 2836 5022 Παλλάδιε,
2884 4954 3047 5008 παντί
3097 4972 3202 5009 που
3235 4955 3454 5023 λοιπὸν,
3496 4957 3578 5012 ὅτι
3611 4961 3733 5023 ταῖς

444 5049 737 5105 mendacio
759 5047 1042 5106 Christum
1063 5045 1519 5112 condemnemus,
1549 5051 1608 5100 et
1633 5047 1858 5101 mentiri
1883 5047 2034 5103 veri-

2177 5039 2253 5096 ῶν
2315 5040 2608 5112 δαιμονίων
2669 5047 2878 5113 φωναῖς
2946 5046 3008 5098 τὸ
3063 5045 3266 5118 ἀληθὲς
3334 5048 3728 5120 ἀπονέμοντες,

441 5149 617 5197 tatem
652 5138 940 5197 dicamus?

2171 5132 2648 5206 ιαταψηφιούμεθα
2680 5134 2775 5188 τοῦ
2809 5136 3050 5207 Χριστοῦ
3078 5137 3179 5209 τὴν
3207 5137 3608 5212 ψευδομυθίαν,
3636 5141 3732 5194 καὶ

2138 5223 2460 5294 ψευδοεπεῖν
2491 5224 2726 5295 ἐροῦμεν
2753 5223 2852 5294 τὴν
2878 5224 3140 5296 ἀλήθειαν
3165 5243 3178 5294 ;

514 5314 712 5372 PALL.
748 5311 905 5368 llaud
929 5311 1089 5385 longe
1110 5311 1405 5368 aberimus.

2214 5316 2421 5368 ΠΑΛΛ.
2453 5313 2872 5386 Κινδυνεύομεν.

515 5406 673 5461 CYR.
698 5402 1010 5470 Quinetiam
1044 5405 1191 5474 (nam
1227 5404 1360 5458 illud
1387 5420 1604 5474 quoque
1646 5405 1713 5460 iis
1736 5420 1858 5475 quae
1887 5404 2033 5461 dicta

2215 5405 2381 5459 ΚΥΡ.
2411 5404 2622 5469 ”Αλλως
2663 5422 2722 5458 τε
2745 5445 2760 5470 ,
2794 5403 3090 5478 προσθείην
3124 5407 3234 5479 γὰρ
3265 5410 3377 5472 τοῖς
3411 5408 3730 5480 εἰρημένοις

446 5503 577 5553 sunt
635 5495 948 5568 adjiciam),
987 5511 1018 5568 a
1057 5495 1275 5552 Christo
1321 5495 1636 5560 didicimus,
1687 5497 2032 5567 impurorum

2171 5498 2236 5553 παὶ
2283 5498 2434 5552 τόδε·
2487 5496 2846 5570 δεδιδάγμεθα
2897 5497 3050 5570 παρὰ
3099 5499 3378 5571 Χριστοῦ,
3432 5501 3560 5564 τοὺς
3614 5501 3727 5554 τῶν

444 5587 740 5656 spirituum
765 5587 933 5643 verba
961 5602 1069 5642 non
1102 5587 1414 5653 admittere,
1438 5603 1506 5642 ne
1539 5587 1584 5643 si
1609 5588 1780 5644 velint
1809 5587 2031 5659 quidem

2171 5589 2468 5662 ,xaedpmv
2499 5591 2826 5662 πνευμάτων
2860 5589 2934 5662 μὴ
2987 5589 3312 5663 προσίεσθαι
3356 5591 3585 5662 λόγους,
3617 5591 3726 5648 κᾶν

521 5760 571 5790 ⁸⁵
611 5760 717 5816 lsa.
763 5775 902 5827 XLVI,
949 5759 1100 5814 8-10.
1185 5760 1231 5791 ⁸⁸
1259 5745 1418 5815 Ιοίηι.
1467 5773 1580 5824 vm,
1609 5757 1676 5812 Η
