4104 6436
420 256 535 330 ἐει

1454 270 1510 324 S.
1549 268 1835 326 CYRILLI
1875 268 2347 330 AL'EXANDRINI
2385 275 2703 336 ARCHIEP.

3609 285 3719 343 ‘52

434 391 699 446 ditionem
747 387 940 445 abibit.
976 384 1166 456 Neque
1202 384 1351 440 enim
1379 383 1663 455 Scriptura
1709 384 1780 438 iis
1813 384 1909 454 qui
1961 398 2011 438 Cl

2131 387 2287 458 λόγος
2316 390 2377 445 ού
2404 394 2517 457 τοῖς
2545 393 2611 448 ἐκ
2643 392 2800 461 Θεοῦ,
2831 394 2907 468 μὴ
2940 395 3172 466 γένοιτο,
3204 400 3607 471 πραττομένοις
3648 402 3719 459 τά

432 486 546 540 Deo
565 483 747 539 futura
781 482 1116 554 praedicunt,
1144 494 1336 551 poenas
1356 477 1666 544 constituit,
1710 476 1855 532 absit
1883 494 1896 530 :
1924 492 2023 532 ex-

433 576 669 649 cipiatur
696 574 843 631 enim
870 589 901 628 a
928 588 1090 644 poena
1128 570 1221 626 ille
1257 576 1576 626 sanctorum
1620 566 2020 639 prophetarum

432 669 570 725 ordo
596 687 609 723 :
639 669 735 725 sed
756 668 825 723 iis
848 667 943 737 qui
967 666 1081 731 illa,
1104 671 1367 734 tanquam
1391 676 1458 718 ex
1473 662 1587 718 Deo
1607 661 1740 727 sint,
1770 659 2017 732 ﬁngunt;

429 762 578 836 quod
618 757 952 832 praedicendi
1003 771 1207 811 munus
1262 769 1333 809 ne
1375 752 1667 809 mendacio
1693 752 1922 823 quidem
1952 750 2019 805 li-

2131 479 2209 545 ὼς
2228 481 2394 536 Θεοῦο
2424 484 2508 538 ὅτι
2554 486 2690 556 μηδὲ
2722 486 2952 558 ψεύδους
2990 488 3284 563 ἐλευθέραν
3307 491 3590 548 ἐποιοῦντο
3615 494 3718 566 τὴν

2131 579 2554 646 προαγόρευσιν.
2598 578 2822 651 Ἐπειδὴ
2851 580 2909 635 δὲ
2953 580 3056 636 ούκ
3095 581 3154 649 ἐξ
3194 580 3455 655 ἀληθείας
3479 583 3715 651 ἑλόντες.

2128 662 2379 722 λαλοῦσιν
2424 667 2460 723 ἃ
2496 670 2563 723 ἂν
2600 669 2908 740 βούλοιντο,
2937 674 3033 728 καὶ
3056 673 3120 728 τὸ
3146 673 3291 729 κατά
3321 676 3465 745 σφᾶς
3493 676 3715 743 αὐτοὺς,

2132 754 2394 829 ταύτῃτοι
2425 757 2884 833 διημαρτήκασιν.

428 856 622 910 berum
662 852 882 908 faciant.
933 850 1146 920 Itaque,
1192 846 1342 918 quia,
1391 860 1519 901 cum
1554 860 1587 901 a
1613 844 1851 900 veritate
1898 856 2010 897 non
2048 848 2388 917 acceperint,
2421 850 2727 922 loquuntur
2777 868 2901 924 quae
2956 854 3150 910 volunt
3187 872 3255 913 ex
3294 874 3354 915 se
3394 859 3549 932 ipsis,
3589 860 3716 917 ideo

561 953 674 1002 ant.

561 963 674 1002 ant.

426 963 694 1096 Ρθῗδῗὶῐλῐλ.
746 1039 889 1095 Num
925 1020 1094 1110 igitur
1142 1036 1200 1091 in
1244 1035 1352 1091 hoc
1405 1034 1796 1107 dignoscemus
1831 1038 2020 1086 utrum

425 1134 572 1189 Deus
605 1134 698 1199 sit,
727 1133 821 1203 qui
858 1144 1123 1202 responsa
1157 1128 1397 1194 dederit,
1447 1144 1519 1183 an
1567 1127 1648 1182 illi
1686 1142 1755 1181 ex
1797 1138 1857 1179 se
1887 1123 2021 1195 ipsis

424 1228 723 1298 loquantur
742 1226 765 1278 ?

494 1318 655 1374 CYR.
683 1318 753 1372 Et
776 1313 1276 1387 quidem‘maxime
1306 1332 1318 1367 :
1354 1327 1483 1368 nam
1508 1310 1566 1367 id
1604 1326 1825 1382 quoque
1855 1310 2018 1366 nobis

424 1409 612 1465 divina
638 1408 726 1463 lex
748 1407 858 1479 jam
895 1405 1276 1478 persuadebit.
1312 1403 1403 1461 Sic
1426 1403 1574 1460 enim
1609 1403 1749 1458 dixit
1782 1404 1929 1459 Deus
1957 1403 2015 1458 in

424 1500 851 1557 Deuteronomio
874 1516 890 1556 :
918 1519 937 1551 ι
962 1498 1120 1566 Quod
1143 1499 1188 1554 si
1205 1498 1408 1555 dixerit
1428 1497 1701 1569 quispiam
1724 1496 1779 1551 in
1801 1496 1968 1553 corde
1999 1514 2010 1550 :

421 1593 712 1662 Quomodo
732 1576 1129 1665 cognoscemus
1169 1592 1402 1647 verbum
1430 1590 1579 1661 quod
1614 1590 1883 1645 Dominus
1903 1605 2013 1644 non

336 1666 345 1679 Χ
422 1693 510 1743 est
543 1686 794 1741 locutus?
818 1698 1159 1756 quaecunque
1182 1684 1403 1740 locutus
1430 1682 1599 1737 fuerit
1625 1681 1718 1736 ille
1742 1681 2013 1752 propheta

2196 1030 2408 1084 HAAA.
2445 1025 2572 1103 Ἆρ’
2603 1028 2720 1097 οὖν,
2753 1033 2811 1087 ἐν
2859 1031 2996 1105 τῷδε
3039 1034 3450 1104 διαγνωσόείεθα
3506 1039 3715 1111 πότερα

2122 1121 2256 1186 Θεὸς
2282 1125 2311 1197 ό
2334 1125 2722 1196 χρησμοδοτῶν
2767 1128 2938 1194 ἐστιν,
2967 1128 3136 1199 ἤγουν
3159 1129 3355 1185 ἐκεῖνοι
3384 1130 3606 1187 λαλοῦσι
3641 1132 3713 1188 τὰ

2123 1215 2274 1286 σφῶν
2306 1217 2518 1284 αὐτῶν;

2192 1308 2359 1364 ΚΥΡ.
2396 1312 2509 1365 Καὶ
2537 1314 2684 1384 μάλα
2708 1333 2721 1347 ο
2755 1316 2900 1386 θεῖος
2933 1319 3044 1392 γὰρ
3068 1319 3165 1375 καὶ
3191 1320 3339 1392 ἡμᾶς
3377 1320 3515 1392 πρὸς
3552 1319 3713 1377 τοῦτο

2123 1401 2286 1467 εὐθὺς
2330 1405 2616 1461 ἀναπείσει
2678 1409 2863 1481 νόμος.
2921 1412 3069 1485 Ἔφη
3122 1413 3231 1485 γάρ
3273 1412 3417 1468 οὕτω
3467 1414 3600 1479 Θεὸς
3652 1417 3713 1469 ὲν

2126 1495 2563 1571 Δευτερονομίῳ⁸
2612 1520 2632 1554 ι
2678 1502 2805 1557 Ἐὰν
2849 1504 2907 1558 δὲ
2945 1504 3080 1577 λέγῃ
3103 1523 3187 1570 τις
3230 1508 3289 1562 ὲν
3328 1507 3547 1578 καρδίᾳκ
3580 1507 3710 1572 Πῶς

2121 1587 2450 1659 γνωσόμεθα
2497 1590 2557 1644 τὸ
2607 1594 2792 1666 ῥῆμα,
2834 1597 2868 1651 ὃ
2914 1598 3017 1652 οὐκ
3047 1598 3280 1670 ὲλάλησε
3328 1598 3566 1671 Κύριος;
3604 1601 3709 1654 ὅσα

2123 1678 2219 1732 ἐὰν
2261 1678 2472 1754 λαλήσῃ
2517 1685 2545 1738 ὁ
2600 1689 2892 1762 προφήτης
2937 1692 3145 1755 ἐκεῖνος
3207 1693 3304 1747 ἐπὶ
3353 1692 3433 1765 τῷ
3480 1692 3708 1762 ὀνόματι

424 1780 487 1834 in
513 1778 738 1834 nomine
755 1777 991 1843 Domini,
1020 1777 1074 1833 id
1099 1785 1283 1832 autem
1309 1791 1415 1832 nec
1443 1773 1650 1830 factum
1686 1773 1877 1839 fuerit,
1910 1788 2011 1829 ne-

2117 1769 2355 1843 Κυρίου,
2406 1774 2503 1828 xu).
2553 1755 2896 1853 pﬁ'yé-v-‘qtat
2938 1782 3000 1837 τὸ
3056 1784 3211 1856 ῥῆμα
3253 1784 3283 1838 ὃ
3326 1755 3429 1841 οὐκ
3475 1755 3707 1858 ὲλόιλησε

420 1882 529 1938 que
557 1867 850 1939 contigerit
886 1868 993 1923 hoc
1023 1867 1281 1932 verbum,
1316 1862 1466 1937 quod
1509 1881 1621 1920 non
1668 1871 1757 1920 est
1795 1864 2015 1920 locutus

420 1960 720 2027 Dominus,
772 1960 830 2015 in
868 1961 1151 2031 impietate
1189 1960 1410 2015 locutus
1441 1965 1529 2014 est
1565 1957 1657 2012 ille
1697 1956 2010 2028 propheta:

415 2067 527 2107 non
590 2052 942 2108 abstinebitis
996 2053 1066 2108 ab
1110 2051 1296 2107 illo".
1330 2070 1349 2103 ι
1391 2049 1660 2122 lntelligis
1708 2065 1777 2105 ex
1826 2064 2013 2104 rerum

414 2143 805 2213 praedictarum
838 2142 1198 2200 frustratione
1225 2142 1601 2199 certissimum
1627 2147 2014 2212 argumentum

413 2235 558 2291 sumi
584 2276 599 2302 ,
636 2236 784 2308 quod
823 2251 936 2292 non
966 2252 1035 2292 ex
1066 2236 1183 2291 Deo
1215 2234 1504 2307 quidpiam
1533 2233 1861 2305 praedictum
1892 2233 1966 2287 sit
1994 2250 2007 2285 :

409 2327 661 2384 veritatis
707 2329 856 2383 enim
883 2329 1059 2385 amica
1099 2337 1186 2384 est
1210 2327 1437 2383 veritas.
1482 2325 1810 2399 Hujusmodi
1843 2324 2010 2396 quid-

410 2421 536 2477 dam
568 2421 737 2477 etiam
764 2438 866 2493 per
891 2421 1147 2478 Jeremiae
1170 2435 1366 2477 vocem
1394 2419 1474 2475 ait
1499 2437 1512 2473 :
1544 2439 1564 2471 ι
1606 2420 1754 2474 Deus
1777 2418 2010 2490 propin-

409 2528 589 2584 quans
612 2529 715 2586 ego
733 2529 880 2579 sum,
904 2513 1041 2569 dicit
1056 2513 1343 2578 Dominus,
1368 2520 1425 2569 et
1441 2526 1555 2569 non
1568 2512 1716 2567 Deus
1731 2511 1799 2567 de
1813 2512 2006 2582 longe;

409 2607 456 2661 si
479 2605 855 2662 abscondetur
879 2606 1048 2662 homo
1084 2606 1143 2660 in
1172 2605 1432 2671 occultis,
1460 2613 1517 2661 et
1555 2619 1659 2675 ego
1678 2618 1791 2659 non
1808 2602 2009 2658 videbo

406 2714 536 2754 eum
550 2700 574 2752 ?
601 2699 764 2771 187
777 2698 974 2755 Nonne
989 2701 1191 2756 caelum
1212 2707 1268 2755 et
1281 2706 1484 2754 terram
1502 2712 1603 2769 ego
1622 2695 1859 2767 impleo?
1873 2694 2010 2750 dicit

407 2792 693 2847 Dominus.
748 2789 953 2847 Audivi
1003 2805 1128 2862 quae
1160 2789 1466 2860 loquuntur
1509 2786 1795 2859 propheta:
1821 2825 1836 2851 ,
1885 2800 2009 2855 qua:

408 2884 745 2955 pr0phetant
794 2883 852 2938 in
898 2883 1125 2939 nomine
1149 2898 1275 2939 meo
1311 2882 1449 2939 falsa
1478 2884 1546 2935 θ’.
1584 2900 1604 2933 ›
1645 2879 1875 2944 Deinde,
1911 2893 2006 2934 ac-

284 3043 295 3052 _
407 2974 693 3031 cusatione
746 2974 901 3046 gravi
938 2973 1156 3030 divinas
1192 2973 1344 3045 leges
1400 2967 1875 3028 contemnentium
1913 2966 2002 3022 in-

408 3069 658 3140 teriecta,
699 3083 822 3139 quae
859 3066 1248 3139 praedictiones
1279 3083 1347 3122 ex
1372 3066 1485 3121 Deo
1507 3063 1639 3129 sint,
1671 3077 1864 3134 quaeve
1890 3076 2004 3117 non
2033 3100 2078 3163 Ο

406 3162 537 3226 sint,
567 3169 829 3231 tanquam
855 3160 1082 3217 evidens
1104 3159 1372 3215 indicium
1396 3157 1577 3221 affert,
1601 3155 1775 3226 ipsam
1804 3167 2004 3223 nempe

409 3255 712 3309 veritatem.
747 3253 838 3308 Ait
878 3253 1030 3308 enim
1064 3252 1268 3309 iterum
1309 3269 1322 3305 :
1364 3248 1735 3319 «Propheta,
1790 3245 1850 3300 in
1893 3260 2004 3316 quo

403 3357 491 3403 est
522 3347 821 3413 somnium,
870 3353 928 3401 et
983 3346 1039 3400 in
1069 3360 1179 3415 quo
1219 3350 1305 3400 est
1349 3358 1534 3399 sermo
1580 3355 1780 3405 meus,
1812 3344 2004 3393 narret

405 3440 639 3497 verbum
665 3454 850 3494 meum
872 3439 930 3494 in
952 3438 1189 3493 veritate
1216 3436 1281 3489 ”.
1321 3455 1339 3487 ι
1380 3434 1539 3501 Nam,
1572 3433 1620 3488 si
1653 3430 1787 3504 quid
1822 3429 2001 3485 visum

407 3532 643 3589 fuerit-a
672 3532 907 3589 veritate
945 3531 1258 3600 discrepare
1284 3568 1299 3594 ,
1336 3526 1473 3582 illud
1502 3526 1684 3596 ipsum
1731 3522 2000 3578 continuo

406 3641 567 3681 suum
612 3632 899 3696 parentem
932 3632 1097 3694 atque
1151 3600 1434 3677 auctorem
1496 3633 1621 3674 esse
1672 3614 2000 3672 mendacem

408 3716 604 3786 prodet
628 3758 643 3783 ,
679 3724 737 3772 et
761 3732 793 3771 a
818 3732 919 3772 suo
944 3715 1118 3771 corde
1162 3715 1502 3786 loquentem,
1531 3726 1643 3766 non
1668 3726 1737 3765 ex
1761 3724 1858 3765 ore
1892 3708 1999 3765 Do-

407 3809 564 3884 mini,
590 3809 733 3865 sicut
753 3808 1021 3879 scriptum
1047 3816 1150 3864 est.

472 3900 670 3956 PALL.
730 3901 986 3957 Placetne
1046 3900 1304 3981 aliquid,
1332 3899 1482 3971 quod
1542 3895 1859 3952 necessario
1924 3894 1996 3949 sit

2117 1867 2342 1940 Κύριος,
2364 1871 2422 1925 ἐν
2445 1870 2673 1942 ἀσεϐείᾳ
2700 1871 2964 1945 ἐλάλησεν
2988 1874 3016 1928 ὀ
3054 1874 3365 1947 προφήτης,
3387 1877 3490 1932 οὐκ
3514 1877 3707 1946 ἀφέξε-

2060 1996 2079 2021 ,
2119 1961 2211 2016 σθε
2243 1963 2341 2016 ἀπ’
2364 1962 2549 2019 αὑτοῦ.
2584 1982 2604 2015 ι
2627 1962 2873 2028 Ἀκούεις
2901 1965 2983 2019 ὅτι
3006 1965 3108 2032 τὰς
3133 1968 3192 2021 ὲν
3222 1970 3337 2031 τοῖς
3361 1985 3707 2041 προηγορευ-

2119 2055 2301 2126 μένοις
2335 2056 2662 2124 ἀποτεύξεις
2712 2056 2990 2123 ἀπόδειξιν
3027 2059 3251 2117 ἔσεσθαί
3296 2078 3464 2132 φησιν
3496 2062 3705 2136 ἐναργῆ

2113 2146 2209 2200 τοῦ
2246 2146 2322 2220 μὴ
2368 2149 2433 2201 ὲκ
2477 2148 2616 2202 Θεοῦ
2677 2151 3224 2222 κεχρησμοδοτῆσθαί
3272 2169 3362 2220 τι;
3411 2153 3558 2222 φιλεῖ
3595 2153 3706 2225 γὰρ

2113 2239 2377 2311 ἀλήθειαν
2438 2242 2471 2309 ἡ
2525 2240 2776 2311 ἀλήθεια.
2831 2241 3086 2297 Τοιοῦτόν
3147 2242 3204 2296 τί
3263 2260 3400 2317 φησι
3468 2243 3558 2299 διὰ
3605 2245 3706 2318 τῆς

2130 2332 2393 2405 Ἰερεμίου
2428 2333 2635 2403 φωνῆς·
2676 2352 2697 2386 ι
2749 2332 2883 2398 Θεὸς
2923 2333 3159 2404 ὲγγίζων
3202 2335 3314 2406 ἐγώ
3361 2337 3513 2409 είμι,
3554 2337 3706 2407 λέγει

2112 2424 2347 2497 Κύριος,
2377 2426 2473 2479 καὶ
2509 2426 2634 2497 οὐχὶ
2657 2424 2792 2490 Θεὸς
2820 2425 3128 2498 πόρρωθεν*
3160 2430 3211 2483 εί
3241 2430 3577 2503 κρυϐήσεται
3606 2430 3705 2486 ἀν·-

2113 2517 2331 2590 θρωπος
2373 2520 2431 2573 ὲν
2479 2518 2801 2590 κρυφαίοις,
2833 2522 2930 2575 καὶ
2959 2520 3073 2591 ἐγὼ
3114 2523 3217 2577 οὐκ
3256 2522 3461 2595 ὄψομαι
3498 2524 3704 2591 αὐτόν;

2110 2606 2204 2679 Μὴ
2228 2608 2351 2679 οὐχὶ
2369 2607 2462 2662 τὸν
2481 2608 2723 2680 οὐρανὸν
2754 2610 2850 2664 καὶ
2893 2609 2993 2682 τὴν
3023 2610 3128 2683 γῆν
3158 2610 3270 2681 ἐγὼ
3295 2612 3527 2685 πληρῶ;
3555 2613 3705 2683 λέγει

2111 2701 2338 2773 Κύριος.
2381 2701 2643 2755 Ἤκουσα
2691 2701 2728 2757 ἀ
2772 2702 3027 2758 λαλοῦσιν
3061 2704 3112 2759 οί
3152 2704 3467 2777 προφῆται,
3501 2704 3537 2760 ἃ
3569 2721 3706 2776 προ-

2110 2793 2439 2866 φητεύουσιν
2468 2795 2518 2848 οἱ
2550 2795 2829 2868 προφῆται
2860 2797 2922 2851 ὲν
2950 2796 3031 2870 τῷ
3056 2797 3285 2870 ὀνόματί
3316 2815 3422 2870 μου
3450 2798 3646 2872 ψευδῆ.
3678 2818 3698 2851 ι

2112 2878 2247 2939 Εἶτα
2286 2884 2376 2940 διὰ
2427 2886 2596 2957 μέσου
2632 2887 2760 2951 τοὺς
2789 2886 2901 2943 τῶν
2932 2887 3093 2944 θείων
3128 2888 3309 2961 νόμων
3352 2892 3702 2964 καταφρονή-

2112 2994 2315 3044 σαντας
2368 2981 2836 3054 ἐπαιτιασάμενος
2905 2984 2966 3038 ού
3027 2985 3273 3057 μικρῶς,
3335 2985 3542 3058 ιναργῆ
3601 2985 3703 3057 τὴν

2110 3071 2390 3138 ἀπόδειξιν
2421 3073 2530 3128 τῶν
2551 3090 2612 3128 τε
2644 3076 2712 3129 ὲκ
2741 3071 2881 3129 Θεοῦ
2907 3076 3004 3130 καὶ
3046 3076 3123 3148 μὴ
3147 3077 3386 3146 ,γδίδωσι
3432 3078 3531 3150 τὴν
3565 3078 3699 3148 ἁλή-

2114 3167 2286 3224 θειαν.
2324 3168 2472 3239 Ἔφη
2517 3168 2626 3240 γὰρ
2668 3167 2865 3223 πάλινο
2907 3187 2927 3220 ι
2981 3169 3041 3223 '0
3073 3171 3400 3243 προφήτης,
3456 3172 3516 3226 ὲν
3560 3163 3606 3240 ᾧ
3638 3171 3701 3225 τὸ

2113 3258 2363 3312 ἐνύπνιον
2396 3259 2564 3313 αὑτοῦ
2586 3300 2601 3325 ,
2629 3263 2724 3313 καὶ
2755 3263 2814 3315 ἐν
2856 3253 2902 3329 ᾧ
2942 3261 3171 3334 ὀηλόγος
3203 3279 3305 3335 μου
3333 3261 3472 3337 πρὸς
3510 3262 3696 3328 αὐτὸν,

2108 3352 2464 3425 διηγησάσθω
2492 3354 2585 3409 τὸν
2607 3353 2765 3424 λόγον
2792 3371 2895 3426 μου
2917 3356 3005 3410 ἐπ’
3031 3354 3318 3426 ἀληθείας.
3361 3375 3380 3408 ι
3423 3356 3512 3421 Ὡς
3537 3357 3701 3431 εἴπερ

2109 3462 2160 3499 τι
2197 3445 2444 3515 φαίνοιτο
2476 3446 2579 3517 τῆς
2614 3445 2878 3517 ἀληθείας
2915 3448 3271 3521 ἡμαρτηκὸς,
3305 3447 3595 3515 ὲκδείξειεν
3631 3449 3702 3506 ἂν

2108 3537 2242 3591 αὐτὸ
2291 3538 2454 3602 εὐθὺς
2485 3537 2757 3611 ψευδοεπῆ
2802 3539 2895 3595 τὸν
2921 3541 3258 3614 γεννήτορα,
3312 3543 3410 3597 καὶ
3439 3542 3551 3598 ἀπὸ
3596 3544 3700 3614 τῆς

2108 3630 2303 3686 ἑαυτοῦ
2355 3631 2625 3688 λαλοῦντα
2675 3633 2941 3707 καρδίας,
2980 3634 3084 3690 οὐκ
3123 3635 3232 3691 ἀπὸ
3267 3634 3537 3708 στόματος
3581 3637 3698 3692 Κυ-

2108 3720 2226 3793 ρίου
2246 3764 2260 3789 ,
2292 3722 2439 3778 καθά
2469 3724 2803 3798 γέγραπται.

2176 3902 2386 3959 ΠΑΛΛ.
2435 3903 2624 3959 Βούλει
2669 3923 2722 3960 τι
2765 3905 2951 3979 θῶμεν
2984 3906 3097 3962 τῶν
3127 3908 3447 3978 ἀναγκαίων
3482 3908 3564 3973 είς
3595 3907 3697 3980 βά-

297 4859 304 4866 -
399 4826 564 4882 modo
593 4837 846 4883 sanetum
887 4826 1223 4892 Samuelem,
1264 4826 1520 4897 quamvis
1538 4825 1653 4897 jam
1683 4834 1985 4890 mortuum,

407 3994 783 4065 quaerendum,
812 4009 1222 4065 proponamus;
1259 4009 1330 4047 an
1350 3992 1407 4047 id
1446 3991 1675 4046 missum
1692 3987 1990 4053 faciamus,

405 4102 468 4142 ac
489 4087 671 4157 potius
691 4101 983 4158 pergamus
999 4102 1110 4158 quo
1130 4101 1231 4142 nos
1250 4094 1344 4141 tua
1363 4085 1585 4140 duxerit
1600 4084 1777 4141 oratio
1796 4082 1819 4135 ?

472 4179 629 4235 CYR.
660 4180 850 4251 Atqui,
871 4180 1103 4246 Palladi,
1126 4195 1250 4251 qua:
1269 4179 1338 4235 ad
1360 4179 1656 4236 utilitatem
1678 4180 1991 4236 necessaria

2171 4188 2338 4243 ΚΥΡ.
2387 4188 2498 4244 Καὶ
2535 4187 2677 4261 μὴν,
2708 4182 2754 4244 ὦ
2789 4189 3080 4257 Παλλάδιε,
3115 4190 3225 4245 τῶν
3254 4170 3573 4260 ἀναγκαίων
3606 4190 3693 4255 είς

402 4283 551 4338 sum,
572 4272 766 4329 nonin
790 4274 1035 4331 minimis
1047 4273 1304 4329 ducimus
1328 4291 1340 4326 :
1366 4273 1552 4344 itaque
1575 4272 1949 4328 minuslibere
1972 4311 1988 4335 ,

2114 4281 2287 4354 5νησιν
2318 4280 2378 4335 οὐ
2409 4278 2618 4353 βραχὺς
2651 4284 2788 4354 ἡμῖν
2813 4284 2842 4337 ό
2871 4282 3050 4352 λόγος⁸
3082 4282 3160 4348 ὡς
3190 4282 3254 4338 τό
3282 4300 3367 4338 τοι
3399 4281 3476 4356 μὴ
3521 4284 3694 4354 φάναι

402 4367 598 4438 siquid
620 4367 872 4423 videatur
894 4366 1167 4438 proferre,
1191 4367 1447 4438 equidem
1471 4362 1990 4439 reprehendendum

2114 4372 2159 4426 τὸ
2200 4373 2393 4429 δοκοῦν
2437 4374 2743 4448 ἐλευθέρως
2788 4376 3226 4449 ὲπαιτιασαίμην
3274 4376 3378 4445 ἂν,
3413 4377 3508 4432 καὶ
3544 4376 3696 4448 μάλα

403 4468 621 4530 putem;
648 4459 811 4529 idque
827 4460 951 4531 jure
965 4461 1194 4530 optimo.
1219 4458 1591 4527 Quamobrem
1612 4456 1754 4512 nihil
1774 4454 1993 4509 veritus

2114 4464 2344 4531 εἰκότως⁹
2381 4464 2559 4539 φράζε
2588 4466 2653 4538 δὴ
2675 4461 3030 4540 οὖνιδκνήσας
3052 4468 3225 4525 οὐδέν.
3251 4498 3262 4509 -

401 4553 513 4616 die,
538 4553 584 4608 si
604 4552 739 4623 quid
773 4554 932 4607 velis.

383 4678 388 4687 ι
473 4644 668 4699 ΡΑιι.
693 4644 749 4700 Si
773 4660 879 4700 non
902 4645 970 4700 ab
991 4660 1087 4701 ore
1127 4644 1346 4699 Domini
1371 4645 1676 4713 loquuntur
1710 4640 1988 4705 nonnulli,

2168 4645 2382 4700 IIAAA.
2408 4646 2472 4699 Εί
2504 4646 2580 4719 μὴ
2607 4645 2718 4700 ἀπὸ
2748 4646 3015 4716 στόματος
3037 4647 3244 4718 Κυρίου
3269 4644 3494 4701 λαλοῦσί
3515 4663 3691 4715 τινες,

399 4735 492 4790 sed
530 4745 804 4800 eructant,
843 4746 906 4792 ut
932 4736 1034 4799 ais,
1059 4735 1127 4789 de
1156 4734 1323 4790 corde
1344 4749 1485 4800 suo;
1523 4746 1768 4803 quonam
1817 4731 1987 4802 igitur

2114 4737 2416 4808 ἐρεύγονται
2447 4736 2537 4803 δὲ,
2575 4738 2651 4802 ὠς
2702 4737 2843 4809 φὴς,
2875 4740 2946 4796 τὰ
2991 4739 3104 4794 ἀπὸ
3148 4738 3415 4811 καρδίας,
3462 4739 3587 4794 τίνα
3622 4739 3691 4812 δὴ

2099 4829 2301 4901 τρόπον
2330 4829 2425 4883 καί
2472 4845 2557 4883 τοι
2598 4829 2874 4886 τεθνεῶτα
2913 4830 3006 4885 τὸν
3039 4830 3196 4902 ἅγιον
3228 4829 3482 4903 Σαμουὴλ
3521 4831 3555 4902 ἡ
3594 4832 3692 4901 ὲγο

398 4917 722 4988 ΙὟιΙιοηὶεειι
769 4916 861 4972 illa
895 4916 1099 4971 mulier
1160 4916 1228 4971 ad
1268 4915 1400 4971 Saul
1451 4915 1732 4987 produxit,
1771 4916 1867 4987 qui
1907 4916 1986 4971 illi

2114 4921 2475 4993 γαστρίμυοος
2530 4922 2716 4995 ἐκείνη
2766 4923 2907 4997 γυνὴ
2958 4924 3304 4997 παρεκόμισε
3351 4922 3431 4995 τῷ
3483 4922 3686 4990 Σαοὺλ,

2106 4017 2295 4067 σανον,
2314 3984 2363 4073 Δἢ
2391 4000 2661 4073 παρέντες
2697 4001 2869 4075 ἴωμεν
2889 4042 2905 4069 ,
2929 3996 3077 4079 ᾗπερ
3104 4003 3171 4058 ἂν
3197 4002 3227 4057 ὂ
3255 4002 3349 4069 σὸς
3380 4004 3529 4075 ἡμᾶς
3552 4002 3692 4059 ἀπο-

2102 4094 2309 4167 κομίσῐι
2342 4092 2533 4164 λόγοςς
3728 4107 3737 4111 '

400 5024 584 5066 rerum
626 5009 939 5065 futurarum
974 5009 1183 5065 exitum
1220 5009 1553 5079 exponeret?
1592 5008 1719 5065 Haec
1736 5010 1886 5066 enim
1910 5009 1991 5065 sic

2114 5012 2158 5066 τὸ
2204 5013 2315 5066 τῶν
2354 5013 2632 5085 ἐσομένων
2678 5015 2827 5087 αὐτῷ
2875 5015 3245 5088 σαφηνιοῦντα
3284 5015 3497 5088 πέρας
3528 5018 3691 5073 ταυτὶ

399 5116 519 5156 esse
539 5112 711 5173 gesta,
733 5116 913 5171 neque
932 5100 1092 5157 aliter
1113 5101 1403 5166 accidisse,
1429 5102 1654 5173 quidam
1676 5113 1889 5174 putant.

2114 5100 2204 5173 γὰρ
2238 5094 2341 5156 ὧδε
2390 5102 2709 5175 πεπρᾶχθαι
2730 5144 2745 5172 ,
2778 5105 2875 5159 καὶ
2906 5106 3006 5178 οὐχ
3054 5105 3258 5177 ἑτέρως
3289 5104 3437 5177 ἔχειν
3480 5104 3689 5162 οἴονταί

2093 5211 2257 5259 τινες.

447 5277 621 5332 CYR.
637 5278 781 5333 Num
805 5289 863 5334 tu
884 5294 1105 5350 quoque
1121 5296 1233 5337 non
1253 5281 1329 5339 ita
1349 5299 1406 5339 se
1427 5300 1541 5339 rem
1564 5284 1770 5341 habere
1791 5295 1953 5359 putas
1969 5327 1982 5351 ,

399 5368 454 5421 in
477 5381 655 5438 eoque
677 5368 1178 5429 rectinsexistimas
1197 5391 1210 5428 :
1229 5390 1299 5429 an
1317 5374 1547 5432 ridicule
1568 5377 1703 5450 justi
1727 5379 1834 5433 viri
1861 5379 1983 5433 ani-

2114 5381 2252 5436 ῖοῦτο
2300 5383 2561 5454 ἄμεινον,
2606 5385 2777 5455 ἡγουν
2823 5386 3124 5457 φληνάφως
3178 5389 3279 5461 τὴν
3330 5388 3425 5444 τοῦ
3469 5388 3687 5446 δικαίου

400 5470 547 5511 mam
591 5472 797 5514 revera
843 5472 1089 5518 coactam
1151 5481 1273 5523 esse
1326 5466 1506 5537 dicis,
1542 5481 1599 5526 et
1656 5471 1982 5528 muliercula

2114 5474 2270 5546 μυχὴν
2301 5474 2656 5532 ὲκϐεόιάσθαι
2685 5478 2792 5551 φὴς
2824 5479 2967 5536 κατὰ
2990 5480 3053 5535 τὸ
3080 5479 3301 5554 ἀληθὲς,
3335 5481 3431 5538 καὶ
3453 5482 3683 5553 γυναίου

398 5559 627 5606 vocante
651 5555 903 5610 venisse?

2114 5565 2386 5632 ιαλοῦντος
2411 5565 2627 5641 ὲλθεῖν;
2938 5574 2949 5579 “
2990 5574 3013 5578 ”
3054 5573 3103 5579 ’⁷
3280 5573 3295 5579 ’

485 5734 533 5768 ’³
565 5735 729 5804 Deut.
772 5755 926 5799 xvtn.
954 5739 1048 5801 2!,
1082 5740 1172 5796 92.
1254 5743 1298 5775 ⁹¹
1319 5742 1435 5798 Jer.
1459 5758 1619 5811 nm,
1645 5743 1839 5804 25-95.
1917 5748 1964 5782 ”
1994 5748 2129 5805 ibid.
2157 5750 2246 5805 εδ.

2158 5288 2329 5343 ΚΥΡ.
2374 5291 2489 5345 Ofe:
2536 5290 2595 5345 δὲ
2647 5291 2811 5357 αὐτὸς
2853 5292 2953 5365 οὐχ
2996 5285 3102 5349 ὧδε
3147 5293 3331 5366 ἔχειν,
3375 5298 3472 5352 καὶ
3512 5298 3689 5368 λογιεῖ
3792 5357 3805 5363 ,
