4104 6452
356 474 474 536 «153

1103 481 1196 540 DE
1231 478 1684 550 ADORATIONE
1718 484 1787 551 ΙΝ
1829 483 2101 541 SPIRITU
2144 483 2232 538 ET
2274 483 2644 539 VERITATE.
2688 482 2819 537 LIB.
2862 478 2954 540 Vl.

3563 482 3670 541 431

434 591 650 649 ΠΔΛΛ.
697 571 815 648 ὁδί
847 571 915 648 a'v
960 594 1145 668 ἔχοιμι
1195 597 1384 668 σαφῶς
1432 598 1631 653 εἰπεῖν.
1683 595 1969 662 Ὲνδείξειε

2150 594 2348 651 PALL.
2385 591 2673 665 'Equidem
2717 601 3071 667 compertum
3118 609 3228 649 non
3288 592 3471 650 habeo
3541 594 3676 664 quid

357 685 407 740 δ’
427 683 522 755 ἄν,
557 681 719 758 οῐμαί
745 704 872 755 που,
901 688 964 744 τὸ
992 688 1215 762 ἀληθὲς,
1243 692 1278 764 ἠ
1303 690 1563 763 βάσανος.

434 864 610 921 ΚΥΡ.
654 860 731 922 Εὖ
778 866 938 941 ἔφης.
986 866 1200 923 υύκοῦν
1247 869 1429 924 ἐκεῖνο
1477 866 1572 923 καὶ
1620 867 1728 939 πρό
1768 884 1835 937 γε
1864 866 1976 921 τῶν

358 958 554 1015 ἄλλων
603 961 1182 1034 πολυπραγμονεῖσθαι)
1223 961 1399 1029 τέως,
1434 962 1670 1033 πότερον
1716 961 1808 1017 διὰ
1839 959 1976 1015 Θεοῦ

357 1053 962 1127 πολυπραγμονοῦνται
990 1056 1083 1111 καὶ
1110 1056 1497 1129 τερατεύονται
1528 1055 1628 1110 καὶ
1664 1054 1977 1127 ἀπο-περαί-

357 1162 525 1203 νουσι
564 1149 747 1215 ταυτὶ,
779 1150 951 1223 ἤγουν
979 1148 1071 1205 διά
1110 1150 1370 1224 πονηρῶν
1403 1150 1737 1223 πνευμάτων
1766 1143 1849 1215 οἷς
1883 1165 1980 1222 με·

358 1235 501 1310 λέτη
532 1238 599 1292 τὸ
636 1239 1005 1313 ἐπιτήδευμα.

440 1333 663 1390 ΠΑΛΛ.
712 1333 824 1389 Καὶ
869 1334 954 1400 τίς
986 1334 1054 1391 ἂν
1080 1337 1161 1403 είς
1208 1337 1371 1392 τοῦτο
1420 1337 1703 1411 λογισμῶν
1747 1339 1983 1406 ἀτοπίας

362 1421 631 1491 ἀφίκοιτο
658 1423 747 1489 ἀν,
775 1422 853 1489 ὡς
881 1425 1092 1480 οίεσθαι
1122 1426 1211 1481 διά
1240 1426 1380 1482 Θεοῦ
1401 1428 1798 1500 τερατεύεσθαι
1822 1431 1982 1486 ταυτὶ

363 1515 762 1587 νεκρομάντας
792 1534 854 1572 τε
885 1519 979 1573 καὶ
1016 1519 1501 1594 ἐγγαστριμύθους
1532 1522 1630 1577 καὶ
1657 1523 1980 1593 ἐπαοιδούς;

364 1609 843 1682 Διαμεμνήσομαι
895 1610 1005 1685 γὰρ
1056 1612 1154 1666 τοῦ
1208 1612 1376 1685 νόμου
1400 1654 1415 1681 ,
1468 1615 1672 1681 παντὸς
1724 1616 1982 1689 ἑλομένου

364 1701 537 1756 τοῦτο
577 1703 714 1776 δρᾷν
760 1705 956 1778 ποινὴν
996 1704 1385 1779 καθορίζοντος
1414 1708 1811 1782 τὴνέσχάτην.
1848 1706 1986 1766 Εἶτα

365 1795 500 1861 πῶς
525 1797 631 1853 οὐκ
655 1797 1017 1870 ἀπόπληκτον
1053 1799 1260 1855 ἐννοεῖν
1283 1843 1299 1870 ,
1327 1800 1420 1855 τὸν
1448 1800 1669 1875 θανάτῳ
1696 1804 1985 1861 καταδεδι-

366 1890 679 1961 κασμένον,
716 1889 819 1945 οὐκ
867 1890 1098 1964 ἀπᾴδειν
1131 1891 1291 1964 Θεῷ;
1327 1894 1404 1948 Ού
1429 1894 1540 1968 γάρ
1583 1913 1672 1950 πω
1704 1897 1817 1962 τοῖς
1854 1899 1987 1953 ἐαυ-

365 1981 475 2038 τοῦ
502 1983 862 2056 διαμαχεῖται
894 1984 1102 2057 νόμοις.

443 2075 619 2132 ΚΥΡ.
647 2077 888 2151 Ἀριστα
915 2077 1125 2153 διανοῇ.
1159 2079 1270 2146 Τάς
1322 2081 1382 2136 δὲ
1423 2082 1534 2139 τῶν
1576 2083 1753 2154 ἀγίων
1802 2085 1985 2158 ψυχὰς

368 2166 657 2237 σωμάτων
713 2167 1148 2241 ἀπηλλαγμένας
1213 2173 1593 2246 παρερρίφθαι
1645 2176 1944 2249 νομιοῦμεν
1969 2216 1985 2242 ,

368 2258 472 2311 καὶ
500 2256 665 2327 λόγου
703 2258 806 2331 μὲν
837 2257 1125 2327 ἀξιοῦσθαι
1158 2262 1412 2335 μηδενὸς,
1443 2265 1603 2336 ἥκειν
1636 2265 1693 2321 δὲ
1720 2267 1819 2340 ήδη
1851 2269 1989 2341 πρὸς

370 2349 543 2405 τοῦτο
576 2351 983 2424 ταλαιπωρίας,
1002 2352 1089 2439 ib;
1111 2356 1209 2409 καὶ
1236 2359 1499 2429 πονηροῖς
1529 2359 1626 2414 καὶ
1651 2357 1989 2433 ἀκαθάρτοις

371 2444 713 2501 ὑποκεῖσθαι
773 2445 1090 2520 πνεύμασι,
1143 2450 1240 2506 καὶ
1292 2449 1636 2524 ἀνεθελήτως
1668 2453 1988 2510 ἀκολουθεῖν

373 2538 817 2612 περιτρέπουσιν
860 2538 1104 2607 εὐκόλως
1127 2536 1292 2615 οἷπερ
1315 2540 1382 2597 ἂν
1411 2541 1620 2599 ἕλοιντο
1649 2545 1833 2618 τυχόν.
1860 2545 1991 2601 Καί-

370 2647 460 2685 τοι
495 2630 559 2685 τὸ
601 2632 707 2702 τῆς
742 2631 1177 2704 ’Δποκαλύψεως
1220 2633 1430 2706 βιϐλίον
1469 2637 1604 2709 ἡμῖν
1649 2638 1924 2704 συντιθεὶς
1961 2638 1992 2692 ὁ

374 2724 547 2795 σοφὸς
596 2724 883 2799 Ἰωάννης,
919 2726 948 2780 δ
976 2726 1074 2782 καὶ
1095 2729 1225 2793 ταῖς
1252 2729 1362 2786 τῶν
1390 2731 1661 2805 Πατέρων
1695 2732 1991 2806 τετίμηται

370 2817 609 2890 ψήφοις.
648 2819 752 2884 τὰς
799 2817 912 2874 τῶν
961 2819 1137 2891 ἁγίων
1183 2821 1364 2895 ψυχὰς
1414 2825 1508 2879 ὑπ’
1554 2825 1687 2880 αὐτὸ
1738 2826 1799 2879 τὸ
1846 2825 1992 2880 θεῖον

372 2910 682 2967 τεθεᾶσθαι
713 2912 1110 2986 θυσιαστήριον
1130 2955 1147 2980 ,
1170 2914 1548 2971 διεϐεϐαιοῦτο
1578 2915 1764 2987 σαφῶς
1784 2958 1797 2972 .
1825 2919 1891 2972 Et
1934 2918 1992 2972 δὲ

378 3002 478 3061 Jul
513 3003 576 3072 ἐξ
626 3003 814 3058 αὐτῶν
849 3004 1076 3060 ἕλκουσι
1120 3005 1231 3060 τῶν
1274 3007 1390 3062 ἀνω
1436 3008 1648 3079 μονῶν,
1683 3009 1780 3064 καὶ
1806 3010 1993 3065 τόπων

375 3094 559 3160 αὐτὰς
628 3093 742 3150 τῶν
810 3097 1128 3168 ίερωτάτων
1182 3099 1651 3171 κατακομίζουσιν
1724 3100 1993 3172 ἀφειδῶς,

382 3175 756 3260 ἀπείργοντος
782 3188 1000 3255 οὐδενὸς
1022 3230 1037 3256 ,
1065 3188 1300 3262 βάσιμος
1340 3191 1439 3262 μὲν
1464 3190 1638 3247 ἅπασι
1659 3195 1773 3258 τοῖς
1804 3192 1997 3265 δαιμο-

376 3282 518 3346 νίοις
540 3283 570 3336 ό
595 3281 865 3352 οὐρανὸς.
901 3282 1222 3353 ἀνοίγνυται
1256 3282 1314 3337 δὲ
1341 3282 1484 3337 κατά
1522 3283 1765 3348 τδείκδς
1808 3285 1995 3350 αὐτοῖς

378 3376 479 3430 καὶ
524 3377 561 3448 ἡ
608 3371 710 3429 τοῦ
741 3375 1079 3449 παραδείσου
1114 3374 1284 3448 πύλη·
1319 3378 1647 3449 παραχωρεῖ
1671 3377 1750 3443 δὲ,
1783 3377 1861 3441 ὡς
1885 3377 1993 3431 ἐοι-

379 3487 518 3535 κεν,
547 3469 650 3525 καὶ
695 3470 729 3541 ἡ
760 3468 990 3541 φλογίνη
1027 3469 1309 3542 ῥομφαία,
1342 3470 1438 3525 καὶ
1477 3470 1600 3542 οὐχὶ
1638 3470 1741 3542 τῆς
1781 3471 1992 3526 εἰσόδου

377 3562 480 3616 καὶ
510 3561 699 3629 ἐξόδου
726 3562 889 3633 μόνον
917 3563 1123 3627 αὐτοῖς·
1155 3562 1273 3617 ἀλλ’
1310 3564 1360 3616 εἰ
1391 3561 1669 3634 βούλοιντό
1700 3581 1857 3629 τινας
1897 3565 1995 3619 καὶ

374 3655 490 3710 τῶν
522 3655 662 3711 εἴσω
696 3655 1005 3727 γεγονότων
1033 3656 1354 3729 ἐκκομίζειν
1384 3657 1455 3712 ἐκ
1490 3657 1830 3730 παρρησίας·
1873 3654 1996 3713 εἶτα

376 3748 504 3820 οὐχὶ
546 3749 617 3822 δὴ
663 3748 827 3804 τοῦτό
880 3748 1030 3816 ἐστι,
1064 3748 1165 3821 τὴν
1214 3751 1273 3804 ἐν
1319 3749 1545 3823 Χριστῷ
1580 3750 1864 3824 διασύρειν
1894 3750 1986 3805 ἐλ-

376 3843 540 3908 πίδα,
575 3842 678 3897 καὶ⁵
696 3841 1013 3915 τρισάθλιον
1036 3842 1375 3913 ὑποφαίνειν.
1388 3843 1498 3900 τῶν
1520 3843 1995 3918 τεθαυμασμένων

377 3935 477 3989 τὸν
514 3935 669 4007 βίον;
860 4006 865 4011 _

452 4029 673 4084 IIAAA.
713 4030 959 4086 Ἔοικεν.
1956 4084 1959 4085 ν

450 4121 629 4178 ΚΥΡ.
663 4123 778 4176 Καὶ
823 4122 932 4196 μὴν
964 4124 1070 4179 οὐκ
1098 4124 1447 4198 ἀσυμφανές.
1482 4124 1607 4191 Πῶς
1643 4124 1701 4179 δὲ
1728 4120 1798 4199 ἦν
1837 4124 1997 4199 ἀμει-

379 4230 476 4268 νον
519 4212 603 4284 τῷ
655 4211 951 4287 θαυμασίῳ
1002 4215 1235 4288 Παύλῳ,
1285 4215 1349 4270 τὸ
1398 4215 1702 4283 ἀναλῦσαι,
1750 4216 1847 4270 καὶ
1898 4217 1997 4271 σὺν

380 4305 617 4380 Χριστῷ
646 4299 822 4374 εἷναι;
865 4308 930 4362 El
962 4307 1087 4383 γάρ.
1119 4308 1185 4382 δὴ
1228 4309 1524 4381 μέλλοιμεν
1572 4309 1685 4363 τῶν
1734 4308 1997 4379 ἐπιγείων

376 4401 865 4471 ἀποφοιτήσαντες
885 4441 900 4468 ,
956 4401 1053 4456 καὶ
1103 4402 1204 4457 σὺν
1236 4402 1463 4476 Χριστῷ
1507 4405 1797 4473 γεγονότες
1817 4445 1832 4471 ,
1872 4405 1991 4468 τοῖς

378 4491 796 4564 ἀντικειμένοις
840 4491 1172 4549 ὑποκεῖσθαι
1214 4492 1531 4565 πνεύμασι,
1556 4494 1863 4551 κεκένωται
1896 4495 1998 4567 μὲν

376 4585 417 4657 ﬂ
448 4585 642 4649 πίστις
662 4624 680 4650 ,
711 4584 859 4640 κατά
897 4584 960 4640 τὸ
1002 4574 1400 4659 γεγραμμένον
1419 4627 1434 4654 ,
1475 4587 1539 4641 τὸ
1565 4587 1622 4642 δέ
1652 4588 1910 4660 ἐνδημεῖν
1937 4589 1996 4642 ὲν

2081 687 2296 753 dicam;
2344 687 2461 753 sed,
2490 688 2594 742 nisi
2636 687 2814 753 fallor,
2856 687 2991 758 quid
3020 703 3213 742 verum
3247 687 3340 753 sit,
3372 687 3680 743 declarabit

2080 779 2390 851 inquisitio.
3166 830 3171 835 .

2148 872 2308 930 (ΠΒ.
2346 873 2519 929 Recte
2542 872 2702 929 dicis.
2722 872 2895 944 Igitur
2917 874 3052 928 illud
3081 884 3209 930 ante
3248 874 3354 930 alia
3387 872 3683 944 diligenter
3710 942 3715 952 ν

2084 966 2311 1023 interim
2340 965 2762 1037 investigemus,
2796 976 2984 1034 utrum
3001 966 3101 1022 Dei
3131 982 3365 1023 munere
3395 968 3516 1021 haec
3548 981 3683 1037 por-

2082 1070 2234 1120 tenta
2276 1060 2446 1117 edant
2497 1069 2663 1130 atque
2705 1057 2964 1125 efficiant,
3015 1061 3111 1131 qui
3159 1061 3479 1134 hujnsmodi
3518 1060 3687 1116 rebus

2084 1153 2329 1221 student,
2372 1168 2445 1208 an
2481 1151 2757 1208 malorum
2798 1152 3095 1223 spirituum
3127 1169 3312 1225 opera.

2155 1330 2355 1387 PALL.
2391 1329 2527 1398 Quis
2547 1344 2681 1384 vero
2701 1327 2772 1384 ad
2804 1337 2914 1384 tam
2938 1328 3155 1400 ineptas
3177 1328 3539 1400 cogitationes
3559 1344 3689 1401 per-

2084 1421 2292 1487 veniat,
2331 1432 2393 1477 ut
2427 1421 2733 1477 arbitretur
2755 1420 2861 1475 Dei
2890 1435 3060 1491 opera
3093 1430 3353 1491 portenta
3370 1421 3490 1477 haec
3524 1422 3691 1477 edere

2086 1526 2498 1583 necromantas,
2553 1525 2610 1573 et
2649 1517 2943 1589 pythones,
2984 1527 3041 1573 et
3079 1515 3503 1572 incantatores?
3553 1515 3691 1571 Nam

2087 1622 2280 1666 contra
2295 1610 2747 1666 commemorabo
2772 1610 2954 1683 legem
2983 1626 3111 1681 qum
3134 1608 3468 1681 supplicium
3507 1618 3694 1665 extre-

2091 1720 2243 1760 mum
2285 1703 2556 1772 decernit,
2602 1704 2860 1776 quisquis
2898 1705 3017 1760 haec
3074 1703 3258 1760 facere
3297 1718 3467 1757 ausus
3503 1702 3693 1759 fuerit.

2087 1800 2257 1872 Atqui
2281 1798 2561 1871 quomodo
2581 1814 2695 1854 non
2718 1798 3001 1854 dementia
3030 1797 3102 1854 sit
3134 1798 3379 1869 cogitare
3428 1811 3555 1851 eum
3599 1796 3694 1868 qui

2090 1891 2289 1963 capitis
2337 1889 2764 1956 condemnetur,
2809 1890 2925 1945 Deo
2970 1903 3081 1944 non
3131 1887 3464 1959 displicere?
3505 1886 3697 1958 Neque

2016 1977 2060 2035 Β
2088 1985 2241 2041 enim
2269 1984 2363 2040 ille
2400 1999 2527 2040 cum
2549 1983 2666 2040 suis
2713 1982 2931 2055 legibus
2953 1997 3201 2055 pugnare
3233 1980 3545 2038 censendus
3591 1991 3695 2036 est.

2153 2078 2319 2148 188
2331 2076 2417 2133 CY
2426 2077 2492 2132 Β.
2505 2074 2727 2149 Optime
2746 2075 3114 2133 ratiocinaris.
3128 2075 3157 2132 J
3160 2090 3248 2130 am
3263 2090 3397 2130 vero
3407 2073 3516 2130 isto
3534 2073 3700 2129 modo

2095 2179 2419 2227 sanctorum
2434 2170 2684 2225 virorum
2706 2168 2940 2235 animas,
2962 2182 3088 2239 quae
3111 2182 3142 2224 e
3161 2165 3697 2237 corporibusexces—

2090 2262 2307 2328 serunt,
2338 2269 2687 2331 contemptas
2719 2274 2844 2315 esse
2876 2258 3219 2330 putabimus,
3244 2272 3427 2328 neque
3459 2256 3571 2311 ullo
3597 2271 3701 2310 nu-

2091 2369 2246 2410 mero
2264 2353 2482 2419 haberi,
2512 2362 2681 2425 atque
2732 2351 2872 2408 adeo
2893 2351 2951 2405 in
2974 2366 3071 2406 eas
3095 2350 3350 2406 miserias
3379 2348 3697 2421 pervenire,

2093 2460 2155 2507 ut
2180 2449 2349 2506 etiam
2374 2462 2618 2519 nequam
2661 2445 2952 2519 spiritibus
2974 2445 3241 2517 subjecta:
3277 2446 3410 2512 sint,
3431 2453 3489 2500 et
3515 2442 3702 2500 invitm

2094 2552 2402 2614 sequantur
2430 2557 2550 2609 eos,
2581 2556 2919 2614 quocunque
2965 2539 3046 2595 illi
3079 2538 3381 2604 voluerint,
3408 2537 3566 2593 nullo
3599 2552 3701 2594 ne-

2093 2635 2244 2708 gotio
2294 2634 2779 2691 circumferentes.
2825 2632 2996 2704 Atqui
3042 2632 3288 2688 Joannes
3325 2631 3417 2686 ille
3456 2629 3698 2701 sapiens,

2095 2728 2191 2799 qui
2234 2724 2601 2800 Apocalypsis
2644 2724 2898 2782 libellum
2941 2722 3298 2795 conscripsit,
3331 2721 3432 2793 qui
3473 2722 3699 2777 Patrum

2091 2820 2307 2892 judicio
2351 2818 2753 2890 comprobatus
2799 2824 2906 2885 est,
2958 2823 3283 2873 sanctorum
3333 2814 3549 2870 animas
3595 2813 3701 2869 sub

2097 2915 2219 2986 ipso
2240 2914 2338 2971 Dei
2365 2914 2611 2972 altarise
2652 2912 3030 2985 conspexisse,
3079 2918 3274 2983 aperte
3314 2909 3698 2967 confirmat".

2096 3005 2264 3074 Quod
2301 3007 2348 3062 si
2371 3022 2468 3063 eas
2492 3021 2560 3061 ex
2605 3006 2717 3062 illis
2746 3019 2971 3077 quoque
3016 3003 3278 3076 supernis
3318 3000 3706 3059 mansionibus

2097 3102 2348 3168 trahunt,
2376 3108 2433 3157 et
2455 3100 2524 3156 de
2549 3098 2945 3169 sacratissimis
2989 3096 3132 3154 locis
3171 3095 3434 3153 deferunt
3479 3110 3701 3160 secure,

2098 3195 2325 3251 nemine
2366 3193 2724 3266 prohibente,
2753 3192 3001 3263 primum
3054 3189 3317 3245 omnibus
3343 3188 3572 3259 quidem
3595 3187 3706 3244 da:-

2101 3286 2305 3342 moniis
2331 3296 2420 3343 est
2445 3286 2503 3341 in
2527 3286 2731 3342 ccelum
2756 3299 3036 3350 accessus,
3062 3282 3264 3339 deinde
3287 3281 3490 3338 iisdem
3525 3287 3701 3353 patet,

2101 3388 2164 3435 ut
2198 3394 2548 3451 consequens
2572 3385 2678 3445 est,
2722 3376 2967 3450 paradisi
3006 3377 3207 3448 ianua:
3234 3375 3384 3432 cedit
3433 3383 3705 3447 prazterea

2097 3470 2349 3528 ﬂammea
2374 3471 2468 3527 illa
2504 3471 2828 3542 rhomphaea
2842 3487 2863 3524 τ
2886 3468 2969 3525 εἰε
2984 3467 3140 3525 enim
3161 3470 3428 3539 consequi
3453 3465 3700 3531 videtur,

2098 3581 2285 3637 neque
2331 3566 2645 3638 ingressum
2671 3560 2839 3635 atque
2879 3562 3094 3618 eritum
3119 3560 3231 3616 illis
3269 3559 3438 3616 modo
3462 3557 3706 3615 liberum

2098 3658 2346 3729 praebet;
2395 3657 2496 3714 sed
2529 3657 2663 3713 licet
2703 3656 2799 3713 eis.
2831 3655 3020 3721 etiam,
3058 3654 3107 3709 si
3129 3653 3323 3719 libeat,
3371 3652 3591 3735 aliquos
3638 3667 3708 3708 eo

2099 3751 2381 3824 ingressos
2405 3750 2649 3807 educere
2678 3768 2691 3804 :
2718 3763 2907 3805 nonne
2936 3762 3071 3820 ergo
3094 3747 3203 3803 hoc
3221 3755 3331 3813 est,
3357 3760 3513 3818 spem
3539 3760 3706 3817 quam

2099 3846 2159 3902 in
2184 3846 2410 3903 Christo
2430 3845 2725 3909 habemus,
2766 3840 3048 3899 irridere?
3082 3850 3141 3898 et
3182 3839 3556 3897 miserrimam
3581 3855 3706 3897 esse
3800 3848 3815 3860 '

2100 3939 2400 3996 ostendere
2416 3937 2832 3995 admirabilium
2859 3936 3109 3993 virorum
3135 3934 3351 3990 vitam?

2173 4030 2375 4087 PALL.
2401 4031 2481 4110 Ita
2506 4030 2751 4087 videtur.

2172 4122 2334 4180 CYR.
2366 4124 2473 4180 Sed
2503 4125 2651 4180 idem
2681 4123 2912 4180 minime
2956 4124 3262 4180 obscurum
3285 4129 3389 4180 est.
3415 4121 3708 4190 Quomodo

2099 4225 2285 4274 autem
2312 4217 2510 4275 melius
2533 4227 2654 4275 erat
2672 4219 2836 4275 beato
2881 4219 3055 4275 Paulo
3085 4217 3312 4284 resolvi,
3346 4225 3404 4273 et
3426 4232 3550 4273 esse
3576 4232 3706 4273 cum

2103 4309 2331 4368 Christo
2356 4309 2403 4341 ”
2426 4308 2450 4363 ?
2473 4309 2635 4375 Nam,
2681 4309 2726 4365 si
2773 4317 2965 4381 postea
3009 4325 3175 4381 quam
3201 4324 3233 4364 e
3270 4308 3510 4364 terrenis
3538 4307 3710 4363 rebus

2100 4400 2534 4467 excesserimus,
2558 4410 2615 4457 et
2639 4416 2767 4456 cum
2793 4400 3020 4457 Christo
3047 4400 3341 4465 fuerimus,
3367 4397 3709 4454 adversariis
3758 4396 3763 4401 ’

2102 4495 2395 4567 spiritibus
2418 4493 2751 4565 subjiciendi
2791 4508 3006 4558 sumus,
3036 4491 3318 4547 exinanita
3349 4497 3434 4546 est
3464 4488 3621 4555 fides,
3646 4496 3711 4544 ut

2104 4587 2373 4658 scriptum
2421 4593 2507 4643 est
2526 4586 2615 4653 °°;
2665 4600 2730 4642 ac
2770 4584 2986 4640 versari
3015 4584 3073 4639 in
3105 4598 3364 4656 corpore,
3391 4596 3561 4654 quam
3580 4595 3709 4637 esse

380 4677 629 4751 σώματι,
658 4677 754 4733 τοῦ
771 4681 1012 4733 συνεῖναι
1035 4676 1282 4752 Χριστῷ,
1307 4678 1416 4743 πᾶς
1434 4696 1522 4744 τις
1550 4673 1667 4748 οὖν,
1693 4674 1871 4753 οἶμαι,
1900 4681 1990 4737 καὶ

2100 4696 2229 4738 cum
2254 4678 2499 4745 Christo,
2522 4677 2727 4751 quivis,
2756 4678 2977 4750 opinor,
3000 4677 3166 4750 longe
3186 4675 3550 4748 praestantius
3583 4687 3711 4730 esse

376 4770 744 4842 ἀσυγκρίτως
773 4771 1079 4842 διενεγκεῖν
1121 4771 1509 4845 ἐπιψηφιεῖται
1538 4771 1729 4828 λοιπὸν
1750 4814 1765 4838 ,
1811 4774 1995 4830 καὶτὸ

377 4863 478 4917 ἐπὶ
512 4861 713 4917 τούτου
747 4863 1231 4936 δυσανεκτότερονο
1261 4864 1342 4919 ἐτι
1380 4864 1479 4936 μὲν
1507 4864 1619 4937 γάρ
1647 4867 1705 4921 ἐν
1737 4865 1877 4937 τῷδε
1914 4865 1995 4938 τῷ

378 4955 486 5029 βίῳ
538 4955 863 5028 ποιούμενοι
891 4955 994 5020 τὰς
1013 4956 1300 5029 διατριϐὰς
1319 4957 1490 5030 ,οὐχὶ
1528 4960 1645 5022 τοῖς
1677 4958 1774 5012 τοῦ
1802 4958 1992 5013 διαϐό-

376 5046 476 5103 λου
537 5047 851 5120 θελήμασιν
893 5046 1318 5121 ὑπεζεύγμεθα,
1360 5048 1647 5122 πατοῦμεν
1699 5049 1758 5104 δὲ
1804 5051 1995 5106 ἐπάνω

378 5138 566 5207 όφεων
611 5139 711 5193 καὶ
765 5138 1049 5212 σκορπίων
1092 5140 1296 5212 μᾶλλον
1317 5181 1332 5208 ,
1381 5141 1479 5196 καὶ
1509 5143 1613 5196 ἐπὶ
1646 5142 1834 5196 πᾶσαν
1889 5142 1992 5216 τὴν

374 5230 622 5303 δύναμιν
648 5229 746 5285 τοῦ
777 5230 978 5304 ἐχθροῦ
1002 5272 1018 5297 ,
1049 5231 1195 5286 κατά
1226 5232 1327 5305 τὴν
1355 5232 1452 5287 τοῦ
1485 5233 1744 5305 Σωτῆρος
1776 5236 1985 5307 φωνήν.

376 5320 522 5380 Εἶτα.
561 5324 664 5379 σὺν
694 5322 924 5396 Χριστῷ
963 5326 1276 5395 γεγονότες,
1310 5326 1430 5391 πῶς
1469 5327 1528 5381 ἐν
1580 5327 1825 5400 χείροσιν
1874 5329 1996 5383 ἐσό-

380 5416 571 5489 μεθα;
600 5416 724 5481 πῶς
745 5417 806 5471 δέ
837 5417 1003 5481 αὐτὸς
1031 5416 1291 5489 ἀληθεύει
1321 5417 1519 5487 λέγων’
1560 5436 1578 5471 ι
1626 5418 1709 5473 Τὰ
1742 5418 1997 5492 πρόϐατα

374 5514 451 5570 τὰ
497 5512 615 5585 ἐμὰ
657 5512 761 5584 τῆς
806 5514 993 5585 φωνῆς
1048 5530 1150 5583 μου
1196 5512 1495 5582 ἀκούουσι,
1531 5512 1690 5583 κάγὼ
1737 5513 1995 5585 γινώσκω

378 5604 550 5669 αὐτὰ,
575 5604 674 5659 καὶ
692 5600 1193 5675 ἀκολουθοῦσειμοι,
1228 5604 1385 5675 κάγὼ
1414 5604 1611 5676 δίδωμι
1634 5606 1831 5670 αὐτοῖς
1847 5604 1994 5677 ζωὴν

378 5700 632 5761 αἰώνιον,
681 5698 780 5753 καὶ
822 5697 886 5752 οὐ
937 5697 1013 5771 μὴ
1062 5698 1373 5753 ἀπόλωνται
1418 5698 1499 5763 εἰς
1533 5698 1627 5754 τὸν
1669 5698 1868 5767 αἰῶνα,
1900 5701 1996 5755 καὶ

378 5791 484 5862 οὐχ
514 5789 762 5863 ἁρπάσει
801 5790 885 5854 τις
917 5788 1059 5845 αὐτὰ
1087 5790 1154 5844 ἐκ
1181 5789 1290 5844 τῶν
1328 5789 1533 5862 χειρῶν
1577 5806 1703 5863 μου’
1732 5793 1762 5846 ό
1797 5792 1994 5865 Πατήρ

457 5972 505 6005 ’³
529 5972 702 6046 Apoc.
742 5988 818 6039 v1,
845 5972 899 6027 9.
977 5973 1021 6007 ’⁸
1047 5971 1247 6042 Philip.
1279 5989 1314 6037 ι,
1358 5973 1450 6029 25.

2100 4773 2334 4845 posthac
2379 4771 2691 4845 iudicabit;
2734 4782 2810 4839 et,
2857 4770 3018 4842 quod
3065 4770 3172 4825 hoc
3198 4770 3321 4841 ipso
3369 4781 3592 4840 quoque
3636 4765 3712 4823 sit

2099 4866 2286 4921 minus
2320 4864 2637 4931 ferendum,
2683 4864 2751 4930 si,
2781 4878 2907 4920 cum
2937 4862 3121 4919 adhuc
3148 4862 3203 4916 in
3226 4861 3330 4918 hac
3355 4861 3468 4916 vita
3515 4874 3703 4915 versa-

2099 4972 2248 5024 mur,
2287 4958 2524 5030 subjecti
2550 4957 2780 5013 minime
2810 4971 3004 5013 sumus
3028 4955 3235 5011 diaboli
3276 4953 3706 5025 cupiditatibus,

2100 5048 2197 5104 sed
2225 5049 2505 5106 calcamus
2526 5050 2715 5121 potius
2766 5065 2935 5121 super
2957 5056 3245 5119 serpentes
3275 5056 3331 5103 et
3356 5047 3704 5119 scorpiones,

2098 5150 2156 5197 et
2179 5156 2348 5213 super
2369 5157 2591 5199 omnem
2606 5150 2941 5214 potestatem
2967 5142 3200 5206 inimici,
3219 5142 3375 5214 juxta
3401 5140 3709 5198 Salvatori‘s

2094 5237 2271 5291 nostri
2301 5251 2494 5293 vocem
2529 5236 2597 5287 ³⁷.
2628 5235 2796 5308 Ergo,
2840 5237 2935 5292 ubi
2956 5253 3083 5293 cum
3130 5236 3356 5293 Christo
3405 5235 3706 5304 fuerimus,

2095 5327 2579 5400 quomodbpejore
2603 5312 2925 5383 conditione
2950 5327 3126 5383 futuri
3153 5326 3393 5383 sumus?
3416 5327 3697 5398 quomodo

2096 5420 2265 5475 etiam
2290 5436 2463 5476 verax
2483 5419 2591 5476 erit
2618 5418 2757 5490 ipse,
2782 5433 2910 5475 cum
2934 5418 3113 5474 dicit:
3144 5437 3162 5471 ι
3185 5418 3328 5474 Oves
3351 5433 3489 5475 mere
3513 5433 3706 5474 vocem
3738 5420 3744 5429 ‘

2096 5530 2285 5570 meam.
2308 5514 2575 5580 audiunt;
2614 5521 2671 5568 et
2692 5528 2795 5585 ego
2834 5528 3108 5584 cognosco
3152 5528 3276 5578 eas,
3303 5522 3359 5568 ct
3396 5522 3709 5585 sequuntur

2101 5621 2191 5661 me
2212 5623 2235 5672 ς
2255 5614 2314 5661 et
2354 5605 2524 5661 vitam
2567 5613 2835 5661 aeternam
2871 5604 2943 5659 do
2972 5604 3089 5670 eis;
3120 5613 3177 5660 et
3209 5620 3321 5659 non
3359 5606 3620 5676 peribunt
3648 5605 3706 5660 in

2103 5706 2395 5763 mternum,
2414 5705 2471 5753 et
2492 5712 2603 5751 non
2627 5695 2805 5767 rapiet
2825 5710 2920 5752 eas
2943 5695 3236 5767 quisquam
3261 5696 3329 5752 de
3354 5713 3518 5752 manu
3543 5711 3700 5751 mea:

2106 5791 2270 5847 Pater
2297 5806 2476 5859 meus,
2513 5791 2607 5863 qui
2638 5790 2793 5848 dedit
2817 5791 2975 5860 mihi,
3013 5791 3272 5851 omnibus
3306 5793 3482 5865 major
3507 5798 3621 5857 est;
3646 5796 3705 5846 et

1529 5974 1574 6007 ⁹⁶
1600 5975 1757 6031 Rom.
1798 5990 1869 6041 Iv,
1904 5974 1988 6029 ll.
2066 5976 2108 6007 9’
2136 5974 2271 6030 Luc.
2305 5991 2357 6041 Χ,
2408 5974 2488 6028 l‘J.
