4104 6480
431 419 540 474 157

1175 422 1265 477 DE
1303 421 1750 478 ADORATIONE
1791 422 1855 477 ΙΝ
1893 422 2166 479 SPIRITU
2205 423 2294 478 ET
2339 426 2707 482 VERITATE.
2754 429 2883 485 LIB.
2928 432 3020 489 Vl.

3633 439 3738 495 ισε

422 537 576 606 γῆν,
615 538 708 591 καὶ
755 539 1167 611 προσεκύνησεν
1213 540 1384 612 αὐτῷ.
1422 541 1534 595 Καὶ
1581 539 1702 596 εἰπε
1749 541 2017 614 Σαμουήλί

2138 545 2382 612 somnia;
2409 555 2465 600 et
2495 563 2645 602 nunc
2688 549 2876 605 vocavi
2936 559 3008 618 te,
3052 561 3114 606 ut
3169 551 3382 611 indices
3421 553 3557 611 mihi
3594 558 3726 628 quid

375 631 615 689 ,.'Iva.':£
698 632 1142 703 παρηνιῦχλησάς
1219 651 1310 705 μοι
1378 634 1647 707 ἀναϐῆναί
1731 653 1849 706 μες

420 719 557 777 εἷπε
616 723 812 778 Σαούλ·
863 725 1128 796 Θλίὸομαι
1195 729 1440 801 σφόδρα,
1493 731 1588 784 καὶ
1643 731 1693 783 οί
1745 729 2035 800 ἀλλόφυλοι

381 810 779 888 ’,πολεμοῦσιν
830 819 888 872 ἐν
939 820 1098 888 ἐμοὶ,
1146 821 1242 875 καὶ
1295 824 1324 876 ό
1371 821 1506 887 Θεὸς
1565 821 1878 894 ἀφέστηκεν
1937 822 2034 877 ἀπ’

421 909 612 980 ἐμοῦ,
657 912 754 966 καὶ
808 913 910 967 οὐκ
950 914 1233 986 ὲπακήκοέ
1294 930 1396 986 μου
1453 914 1574 982 ἔτι,
1631 915 1726 969 καὶ
1776 916 1835 969 ἐν
1886 913 2034 985 χειρὶ

419 1003 542 1056 τῶν
605 1006 945 1078 προφητῶν,
996 1008 1090 1060 καὶ
1133 1009 1192 1061 ἐν
1239 1009 1354 1071 τοῖς
1417 1007 1725 1072 ἐνυπνίοις·
1779 1007 1876 1062 καὶ
1935 1005 2033 1062 νῦν

409 1069 691 1180 ῗκέκληκά
734 1069 864 1164 σε,
931 1069 1203 1171 γνωρίσαι
1277 1069 1418 1171 μοι,
1483 1099 1538 1154 τί
1623 1069 1857 1172 ποιήσω.
1922 1099 2031 1152 Καὶ

410 1181 557 1243 ἐἶπε
601 1191 893 1263 Σαμουήλ’
950 1193 1112 1247 Ἰνατί
1176 1195 1465 1266 ἐπερωτᾷς
1523 1211 1629 1266 με,
1681 1194 1777 1248 καὶ
1824 1191 2031 1261 Κύριος

420 1282 754 1354 ἀφέστηκεν
800 1284 910 1338 ἀπὸ
969 1286 1102 1351 σοῦ,
1149 1285 1245 1340 καὶ
1294 1285 1487 1355 γέγονε
1539 1283 1681 1356 μετά
1739 1283 1832 1338 τοῦ
1890 1284 2028 1356 πλη-

422 1375 548 1428 σίον
594 1391 721 1443 σου;
774 1377 872 1430 καὶ
923 1377 1200 1448 πεποίηκε
1247 1377 1454 1450 Κύριός
1499 1395 1620 1440 σοι,
1669 1375 1855 1442 καθὼς
1904 1377 2029 1432 ἐλιιὶ⁹

417 1470 562 1540 λησε
605 1469 815 1541 Κύριος
869 1471 930 1522 ἐν
984 1469 1129 1540 χειρί
1169 1486 1296 1541 μουο
1351 1470 1446 1525 καὶ
1493 1471 1777 1543 διαῤῥήξει
1820 1471 2026 1543 Κύριος

419 1567 528 1636 τὴν
565 1563 850 1636 βασιλείαν
894 1582 988 1617 σου
1031 1565 1096 1617 ἐκ
1135 1564 1319 1635 χειρός
1347 1580 1472 1629 σου,
1509 1564 1606 1617 καὶ
1647 1562 1811 1616 δώσει
1851 1563 2026 1634 αὐτὴν

417 1656 504 1728 τῷ
529 1656 764 1729 πλησίον
790 1674 885 1710 σου
919 1656 999 1727 τῷ
1036 1655 1227 1710 Δαϐίδ·
1263 1655 1400 1710 διότι
1439 1655 1540 1709 οὐκ
1566 1656 1809 1726 ἥκουσας
1837 1655 2024 1725 φωνῆς

416 1749 674 1823 Κυρίου,
710 1750 807 1802 καὶ
849 1749 951 1803 οὐκ
991 1747 1320 1820 ἐπληρωσας
1362 1747 1532 1818 θυμὸν
1553 1747 1725 1819 ὀργῆς
1767 1745 1934 1801 αὐτοῦ
1966 1747 2022 1801 ἐν

430 1844 715 1916 Ἀμαλὴκ,
743 1844 834 1898 διά
857 1842 1019 1897 τοῦτο
1056 1843 1120 1896 τδ
1149 1842 1305 1914 ῥῆμα
1346 1841 1571 1915 ἐποίησε
1603 1841 1810 1913 Κύριός
1840 1858 1923 1894 σοι
1962 1841 2021 1894 ἐν

416 1940 487 2008 τῇ
518 1937 708 2009 ἡμέρᾳ
735 1936 930 2009 ταύτῃ·
957 1935 1053 1990 καὶ
1083 1932 1403 2006 παραδώσει
1434 1933 1642 2006 Κύριος
1669 1934 1762 1988 τὸν
1802 1931 1985 2006 Ἰσραὴ

416 2031 567 2103 μετὰ
597 2029 695 2084 σοῦ
737 2031 818 2094 είς
848 2032 1037 2102 χεῖρας
1077 2025 1424 2096 ἀλλοφύλων,
1461 2026 1557 2080 καὶ
1589 2023 1781 2096 αὔριον
1807 2025 1896 2089 σὺ,
1923 2025 2018 2078 καὶ

411 2127 464 2178 οἱ
495 2124 608 2178 υἱοί
637 2141 732 2178 σου
765 2123 906 2195 μετά
930 2122 1025 2176 σοῦ
1058 2119 1374 2185 πεσοῦνται,
1408 2118 1505 2174 καὶ
1531 2119 1632 2191 τὴν
1662 2118 2019 2191 παρεμϐολὴν

425 2215 654 2289 Ἰσραὴλ
680 2214 843 2270 δώσει
875 2215 1080 2288 Κύριος
1105 2215 1186 2279 είς
1220 2214 1411 2284 χεῖρας
1449 2211 1784 2281 ἀλλοφύλων.
1819 2228 1838 2264 t
1869 2207 2019 2282 τΑρά

411 2329 502 2365 σοι
547 2309 737 2364 λοιπὸν
770 2308 1040 2362 ἐνδοιάσαι
1087 2306 1269 2378 Θέμις,
1304 2306 1386 2360 ὅτι
1425 2304 1548 2368 ταῖς
1579 2301 1774 2360 ἐαυτοῦ
1812 2303 2016 2375 ψήφοις

410 2400 878 2472 κατεγνωσμένος
914 2399 1214 2471 ἐκτέτηκεν
1242 2399 1320 2472 (1)
1347 2400 1376 2453 ό
1411 2397 1619 2463 Σαούλ;
1657 2396 1878 2469 Ἐπειδὴ
1907 2397 2017 2468 γάρ

408 2495 608 2550 ἐδεδίει
642 2494 755 2548 τῶν
798 2493 1180 2566 ἡθροισμένων
1214 2493 1302 2562 ἐφ’
1343 2489 1526 2562 ἐαυτῷ
1569 2490 1632 2544 τὸ
1667 2489 1895 2553 ἀσθενὲς
1936 2491 2017 2554 εἰς

411 2588 636 2659 μάχην,
694 2585 990 2658 μανθάνειν
1037 2585 1193 2656 ἠξίου
1245 2585 1314 2638 τὰ
1365 2584 1605 2656 ἐσόμενοι
1657 2580 1812 2652 παρὰ
1855 2580 2013 2635 Θεοῦ.

407 2679 839 2752 Σεσιωπηκότος
872 2679 951 2744 δέ,
981 2678 1075 2733 καὶ
1100 2675 1582 2740 ἀποκαλύπτοντος
1614 2675 1790 2739 οὐδὲν,
1818 2673 2020 2746 τρέπε-

405 2793 504 2831 ται
532 2773 675 2846 πρὸς
712 2773 775 2827 τὸ
795 2773 986 2826 λυπεῖν
1027 2772 1118 2826 τὸν
1157 2771 1372 2842 σιωπᾷν
1401 2767 1700 2841 ᾑρημένον.
1742 2767 2016 2836 Ἀφικνεῖ-

404 2886 503 2920 ται
541 2867 603 2921 δὲ
647 2865 789 2937 πρὸς
844 2865 1312 2936 νεκυομαντείαν,
1356 2862 1538 2918 καίτοι
1590 2861 1718 2923 τοὺς
1758 2857 2011 2928 γνώστας

406 2960 465 3012 δέ
501 2976 652 3030 φημι
684 2959 814 3022 τοὺς
862 2958 1148 3030 οἰομένους
1198 2957 1401 3012 ειδέναι
1447 2955 1519 3010 τά
1570 2954 1828 3025 ἐσόμενα.
1868 2949 2020 3015 ,Εἶτά

406 3066 607 3121 φησιν’
645 3069 665 3102 ι
715 3050 985 3119 Ἀνάγαγέ
1013 3067 1104 3121 μοι
1148 3049 1240 3104 τὸν
1285 3047 1571 3120 Σαμουὴλ,
1617 3065 1634 3099 ι
1669 3046 1769 3117 οὐχ
1810 3044 1887 3108 ὡς
1917 3045 2017 3115 τῆς

403 3144 632 3215 ἐπῳδῆς
657 3144 778 3216 ἦτοι
807 3145 908 3213 τῆς
938 3144 1130 3214 μάγων
1156 3143 1372 3213 τέχνης,
1403 3142 1506 3211 τὴν
1529 3139 1625 3194 τοῦ
1653 3139 1810 3209 ἁγίου
1835 3137 2015 3209 ψυχὴν

402 3239 782 3309 παρενεγκεῖν
801 3235 1131 3306 δυναμένης,
1169 3235 1284 3289 ἀλλ’
1307 3234 1384 3297 ὼς
1408 3232 1497 3286 ἀεὶ
1528 3231 1638 3284 τῶν
1675 3227 2013 3320 μαντευομέ-
2041 3261 2082 3320 C

400 3347 517 3384 νων
564 3331 633 3400 τῇ
678 3328 858 3398 τοιᾷδε
892 3326 1256 3398 κεχρημένων
1297 3327 1474 3397 φωνῇ’
1514 3321 1800 3392 ἐπυθόμην
1831 3319 1888 3372 δὲ
1927 3318 2010 3372 ὅτι

401 3423 594 3492 λόγοις
635 3422 780 3476 τισὶν
810 3422 1143 3492 ἀπορρήτοις
1187 3415 1689 3488 καταγοητεύοντες
1720 3414 1790 3468 τὰ
1821 3409 2010 3482 δαιμό-

400 3531 520 3579 νια,
554 3515 649 3570 καὶ
679 3513 836 3569 ’ύδατι
878 3513 1298 3583 κατεπᾴδοντες,
1336 3510 1532 3565 εἴδωλα
1566 3509 1661 3563 καὶ
1700 3505 1884 3570 σκιὰς,
1916 3503 2012 3557 καὶ

397 3610 482 3674 ὡς
526 3610 588 3663 ἐν
637 3607 894 3679 ἐσόπτρῳ
940 3607 1160 3681 μορφὰς
1204 3601 1584 3660 καταθεῶνταί
1631 3615 1825 3665 τινων,
1864 3595 2008 3666 τάχα

399 3719 512 3755 που
558 3699 670 3753 τῶν
714 3699 1008 3771 δαιμονίων
1066 3696 1605 3768 κατα-πλαττομένων
1659 3690 1894 3754 ἀστείως
1941 3686 2012 3740 τά

398 3793 518 3846 τῶν
566 3792 882 3863 λεγομένων
932 3790 1354 3862 ἀνακομιεῖσθαι
1402 3791 1681 3861 σχήματα.
1719 3785 1832 3840 Καὶ
1875 3783 2009 3850 γοῦν

399 3883 510 3956 ἔφη
541 3883 644 3954 μὲν
666 3885 726 3938 ἐν
755 3884 956 3955 ἀρχαῖς
976 3881 1036 3936 τὺ
1063 3881 1306 3951 γύναιον·
1341 3880 1484 3952 Ὁρῶ
1509 3881 1667 3944 θεοὺς
1689 3875 2012 3934 ἀναϐαίνον-

399 3993 506 4039 τας
533 3976 602 4028 ἐκ
625 3974 724 4045 τῆς
748 3973 876 4044 γῆς.
909 3970 1046 4030 Εἶτα
1072 3973 1174 4046 μὲν
1202 3973 1381 4026 τοῦτο·
1421 3991 1440 4025 ι
1473 3973 1586 4026 Καὶ
1608 3967 1736 4034 εἶδε,
1771 3988 1790 4022 ι
1819 3968 2016 4041 φησὶν,

405 4091 424 4123 ι
456 4073 494 4144 ἠ
521 4073 662 4144 γυνὴ
691 4072 784 4127 τὸν
818 4071 1096 4144 Σαμουὴλ.
1128 4089 1142 4122 ι
1172 4070 1496 4125 Χαλεπδνδὲ
1529 4070 1704 4134 οὐδὲν,
1731 4069 1789 4122 ἐν
1817 4065 1919 4138 ἴσῳ
1947 4083 2008 4119 τε

399 4164 502 4216 καὶ
556 4163 732 4236 ὁμοίῳ
786 4165 1029 4235 σχήματι
1077 4163 1172 4217 τοῦ
1224 4161 1498 4234 μακαρίου
1539 4159 1795 4233 Σαμουὴλ
1847 4157 2007 4212 σκιὰν

1989 1903 2096 1987 λΒ

1925 635 2037 689 Καὶ
2138 636 2356 692 faciam.
2399 638 2468 694 Et
2510 639 2651 694 dixit
2695 641 2916 700 Samuel
2955 662 2974 698 ε.
3013 643 3126 700 Cur
3166 645 3473 718 interrogas
3520 649 3651 705 me?
3679 661 3736 707 et

2138 729 2403 785 Dominus
2425 733 2654 787 recessit
2683 749 2715 787 a
2755 744 2829 801 te,
2847 744 2903 792 et
2936 737 3074 794 abiit
3099 737 3167 792 ad
3199 739 3510 808 proximum
3539 750 3693 796 tuum
3718 759 3732 795 :

2136 829 2192 876 et
2235 821 2366 878 fecit
2403 823 2503 878 tibi
2543 825 2828 884 Dominus‘
2875 830 3018 886 sicut
3067 832 3288 889 locutus
3339 843 3424 890 est
3470 835 3525 889 in
3568 851 3732 890 manu

2135 929 2290 981 mea;
2319 924 2376 970 et
2401 915 2680 974 discindet
2699 919 2967 978 Dominus
2990 939 3221 994 regnum
3259 925 3327 980 de
3354 941 3520 981 manu
3547 924 3660 991 tua,
3678 935 3735 980 et

2135 1005 2289 1062 dabit
2352 1008 2486 1064 illud
2523 1011 2777 1080 proximo
2824 1021 2917 1068 tuo
2957 1015 3162 1084 David;
3217 1017 3349 1088 quia
3373 1035 3483 1074 non
3529 1018 3729 1074 audisti

2133 1113 2324 1155 vocem
2365 1101 2602 1167 Domini,
2643 1109 2838 1158 etnon
2882 1103 3123 1175 implesti
3163 1107 3301 1163 iram
3334 1109 3732 1181 indignationis

2132 1191 2252 1262 ejus
2290 1192 2349 1247 in
2387 1193 2611 1249 Amalec
2659 1212 2672 1249 :
2726 1207 2955 1268 propter
3011 1197 3118 1254 hoc
3169 1201 3403 1255 verbum
3451 1200 3583 1257 fecit
3630 1201 3727 1256 tibi

2131 1284 2399 1340 Dominus
2422 1285 2477 1340 in
2505 1286 2594 1342 die
2610 1287 2736 1353 hac,
2765 1296 2824 1343 et
2849 1288 3030 1344 tradet
3059 1291 3323 1346 Dominus
3352 1293 3516 1347 Israel
3547 1300 3728 1348 tecum

2130 1375 2188 1429 in
2210 1392 2408 1432 manus
2430 1377 2835 1451 allophylorum
2874 1400 2885 1434 :
2923 1388 2980 1436 et
3004 1398 3127 1438 cras
3156 1391 3211 1436 tu
3247 1393 3305 1439 et
3342 1384 3440 1438 lilii
3489 1385 3577 1439 tui
3643 1394 3727 1440 tc-

2128 1483 2254 1524 cum
2283 1470 2500 1537 cadent,
2537 1481 2598 1526 et
2626 1483 2808 1530 castra
2845 1474 3018 1530 Israel
3042 1474 3200 1530 dabit
3221 1477 3490 1531 Dominus
3529 1477 3584 1531 in
3609 1493 3719 1531 ma-

2126 1576 2234 1615 nus
2263 1562 2663 1635 allophyIOrum
2692 1565 2727 1618 ¹.
2756 1585 2772 1616 ι
2802 1566 2947 1621 Num
3001 1566 3171 1638 igitur
3201 1568 3434 1638 posthac
3467 1567 3725 1623 dubitare

2125 1660 2336 1729 poteris
2380 1661 2515 1730 quin
2547 1661 2798 1718 Saulsua
2823 1665 3097 1721 sententia
3135 1665 3536 1721 condemnatus
3575 1675 3724 1720 exta:

2126 1750 2519 1819 huerit?Nam,
2552 1769 2679 1809 cum
2703 1771 2896 1811 eorum
2929 1756 3081 1812 vires
3125 1756 3192 1812 ad
3230 1756 3607 1829 pugnandum,
3632 1755 3724 1824 qui

2124 1843 2418 1900 adversum
2475 1861 2535 1901 se
2597 1849 2913 1919 congregati
2964 1847 3221 1914 fuerant,
3275 1848 3726 1919 pertimesceret.

2123 1937 2377 2006 quaesivit
2400 1954 2432 1993 a
2458 1939 2571 1994 Deo
2609 1939 2826 1996 discere
2852 1941 2986 2012 quid
3011 1952 3346 1998 eventurum
3384 1949 3534 1997 esset
3577 1959 3590 1994 :
3631 1941 3726 1996 illo

2120 2038 2304 2086 autem
2336 2039 2570 2098 tacente,
2597 2031 2666 2086 ad
2699 2033 2819 2104 ejus
2838 2033 3128 2101 oﬂ'ensam,
3159 2034 3254 2105 qui
3289 2043 3470 2091 tacere
3521 2042 3721 2090 statue-

2120 2132 2226 2190 rat,
2250 2125 2616 2180 convertitur.
2665 2125 2855 2197 Itaque
2883 2127 2954 2182 ad
2994 2127 3285 2183 mulierem
3331 2125 3725 2183 necromantia.-

2119 2231 2343 2288 operam
2369 2217 2592 2272 dantem
2615 2218 2833 2290 pergit;
2869 2219 3186 2291 cognitores
3210 2227 3396 2275 autem
3438 2217 3584 2283 dico,
3627 2217 3722 2288 qui

2119 2325 2178 2366 se
2232 2309 2556 2366 existimant
2593 2311 2780 2368 futura
2836 2328 3196 2385 cognoscere.
3234 2311 3446 2369 Deinde
3485 2310 3668 2382 inquit
3707 2329 3719 2364 :

2127 2423 2146 2457 ί
2179 2403 2366 2458 Excita
2395 2403 2532 2458 mihi
2557 2403 2871 2460 Samuelem
2892 2445 2907 2469 ,
2934 2423 2952 2457 ι
2981 2419 3092 2460 non
3131 2403 3281 2474 quod
3319 2418 3386 2458 ea
3409 2402 3496 2457 vis
3518 2401 3720 2456 carmi-

2119 2510 2254 2550 num
2276 2495 2363 2549 vel
2399 2495 2624 2566 magicae
2657 2497 2794 2551 artis
2831 2502 2980 2552 esset
3012 2505 3075 2550 ut
3131 2494 3310 2551 sancti
3335 2493 3444 2549 viri
3481 2492 3722 2548 animam

2118 2605 2353 2646 evocare
2378 2595 2582 2660 posset,
2611 2585 2709 2643 sed
2747 2585 2896 2657 quod
2920 2600 3141 2656 semper
3167 2583 3486 2639 divinantes
3522 2581 3720 2652 hujus-

2119 2683 2270 2738 modi
2329 2697 2464 2739 voce
2492 2687 2742 2735 utantur.
2769 2676 2973 2733 Audivi
2996 2684 3304 2732 autemeos
3341 2673 3576 2729 occultis
3594 2671 3722 2742 qui—

2133 2775 2369 2831 busdam
2401 2774 2592 2831 verbis
2641 2772 2854 2828 illicere
2891 2770 3202 2835 daemonia;
3241 2777 3317 2834 et,
3344 2783 3486 2838 aqua
3528 2766 3720 2822 incan-

2123 2869 2312 2935 tanda,
2341 2868 2638 2924 simulacra
2660 2875 2717 2921 et
2741 2865 2985 2928 umbras,
3011 2871 3071 2919 et
3111 2871 3370 2932 tanquam
3397 2859 3453 2914 in
3494 2858 3722 2929 specula

2123 2958 2330 3016 formas
2361 2959 2628 3031 quasdam
2649 2955 2984 3027 conspicari,
3018 2953 3310 3009 daemoniis
3333 2951 3597 3007 videlicet
3617 2966 3712 3005 eo-

2118 3071 2243 3111 rum
2277 3055 2481 3128 figuras
2514 3062 2639 3126 apte
2677 3051 3035 3123 fingentibus,
3067 3049 3161 3119 qui
3186 3044 3714 3103 evocari-dicuntur.

2115 3148 2304 3219 Itaque
2326 3147 2480 3218 191
2497 3146 2636 3202 dixit
2651 3144 2893 3216 primum
2913 3143 3004 3197 illa
3030 3141 3231 3195 mulier
3252 3157 3265 3192 :
3285 3135 3614 3193 Videodeos
3630 3151 3717 3190 as-

2115 3242 2418 3298 cendentes
2433 3248 2632 3296 eterra
2651 3241 2672 3270 '
2687 3255 2702 3306 ;
2718 3237 2947 3293 deinde:
2977 3256 2993 3286 ι
3016 3235 3085 3289 Ει
3099 3233 3258 3298 vidit,
3284 3252 3303 3284 ›
3323 3231 3526 3302 inquit,
3555 3249 3574 3280 ι
3593 3243 3720 3285 mlh

2116 3332 2220 3386 lier
2239 3330 2554 3387 Samuelem
2569 3328 2609 3382 ³.
2637 3349 2654 3379 ι
2679 3327 2827 3384 Nihil
2844 3341 2978 3381 vero
2993 3321 3525 3396 prohibetumbram
3537 3320 3713 3375 visam

2116 3422 2288 3477 fuisse
2332 3431 2498 3491 atque
2538 3415 3224 3488 simulacrum-persimili»
3253 3414 3418 3471 beato
3469 3413 3712 3470 Samueti
3793 3411 3799 3415 “

2118 3515 2291 3587 figura
2314 3515 2715 3570 daemoniorum
2741 3529 2908 3584 opera
2933 3509 3310 3567 effermatum.
3335 3508 3494 3577 Quod
3519 3507 3566 3562 si
3589 3506 3715 3578 quis

2117 3614 2275 3678 putet
2298 3615 2584 3662 evocatam
2623 3622 2817 3661 revera
2850 3605 3020 3660 fuisse
3058 3603 3345 3675 prophetae
3369 3602 3632 3667 animam,
3659 3609 3716 3656 et

2120 3699 2372 3755 mulieris
2393 3699 2584 3754 verbis
2621 3697 2882 3752 tribuerit
2906 3696 3236 3762 veritatem;
3263 3709 3419 3778 ergo,
3450 3693 3582 3765 quia
3624 3707 3716 3748 ea-

2116 3790 2244 3848 dem
2268 3790 2410 3847 dixit
2430 3791 2565 3848 deos
2593 3806 2624 3846 e
2658 3797 2808 3846 terra
2841 3788 3206 3845 ascendentes
3248 3802 3308 3842 se
3333 3786 3560 3850 vidisse,
3603 3800 3713 3838 non

2119 3883 2405 3941 divinandi
2455 3881 2851 3938 consuetudini
2913 3880 3195 3937 condonet
3227 3879 3555 3942 falsitatem;
3616 3875 3711 3932 sed

2091 3974 2310 4032 revera
2348 3976 2484 4032 deos
2519 3992 2641 4032 esse
2684 3983 2844 4046 putet
2878 3975 3148 4046 quosdam
3173 3972 3448 4045 ejusmodi
3475 3970 3710 4035 ordinis,

2114 4068 2208 4138 qui
2227 4068 2498 4124 exsistant
2519 4083 2548 4123 c
2571 4078 2714 4123 terra
2734 4083 2889 4134 ;cum
2902 4068 2995 4122 ille
3011 4065 3429 4137 quilsecundum
3453 4070 3584 4119 natu
3596 4079 3712 4120 ram
3752 4127 3768 4140 ,

2113 4159 2261 4214 Deus
2282 4168 2388 4224 est,
2415 4175 2562 4215 unus
2587 4158 2662 4214 sit
2683 4175 2748 4213 ac
2773 4159 2958 4214 solus..

397 4257 642 4329 ὀφθῆναι
701 4259 800 4314 καὶ
845 4259 1095 4324 εἴδωλον,
1155 4260 1222 4313 ἐκ
1268 4256 1658 4328 δαιμονιώδους
1707 4253 1994 4327 ἐνεργείας
2039 4253 2503 4325 μεμορφωμένον.
2579 4254 2754 4325 Εἴπερ
2797 4249 2894 4306 οὖν
2935 4250 3105 4305 οἴοιτό
3143 4267 3230 4315 τις
3292 4249 3707 4320 ἀνακεκλῆσθαι

397 4353 547 4407 κατά
581 4353 640 4406 τὸ
675 4353 876 4424 ἀληθὲς
914 4352 1014 4424 τὴν
1047 4351 1141 4406 τοῦ
1210 4352 1494 4421 προφήτου
1534 4349 1734 4421 ψυχὴν,
1783 4347 1878 4402 καὶ
1918 4348 2032 4408 τοῖς
2068 4344 2165 4398 τοῦ
2209 4347 2436 4414 γυναίου
2485 4347 2668 4415 λόγοις
2712 4345 3095 4417 ἐπιψηφιεῖται
3135 4343 3198 4396 τὸ
3262 4342 3487 4414 ἀληθὲς,
3517 4341 3707 4411 ἐπειδὴ

397 4447 502 4502 καὶ
547 4446 706 4511 θεοὺς
737 4445 1130 4508 ἀναϐαίνοντας
1196 4443 1304 4498 ἀπὸ
1361 4444 1463 4514 τῆς
1524 4442 1631 4512 γῆς
1669 4440 1961 4495 τεθεᾶσθαί
1990 4457 2178 4512 φησιν,
2221 4440 2316 4494 καὶ
2346 4440 2462 4502 τοῖς
2494 4438 2595 4508 τῆς
2625 4437 2888 4508 μαντείας
2915 4435 3062 4489 ἔθεσι
3098 4434 3407 4506 χαριζέσθω
3445 4435 3508 4488 τὺ
3570 4431 3708 4504 ψεῦ-

395 4542 512 4604 δος,
539 4539 658 4592 ἀλλ’
687 4538 886 4593 οἰέσθω
909 4538 1054 4593 κατά
1079 4537 1340 4609 ἀλήθειαν
1373 4536 1467 4590 καὶ
1491 4535 1647 4599 θεοὺς
1674 4529 1814 4589 εἷναί
1837 4551 1990 4598 τινας
2025 4533 2128 4604 τῆς
2165 4529 2425 4602 τοιαύτης
2463 4529 2674 4595 τάξεως
2708 4531 2836 4594 τοὺς
2866 4527 3208 4600 ἀνασχόντας
3239 4527 3350 4583 ἀπὸ
3408 4527 3512 4598 τῆς
3578 4527 3706 4607 γῆς,

397 4634 587 4689 καίτοι
614 4631 752 4686 Θεοῦ
803 4631 946 4686 κατά
995 4630 1161 4700 φύσιν
1197 4632 1351 4693 δντος
1409 4629 1528 4694 ἐνὸς
1558 4646 1618 4682 τε
1667 4628 1764 4682 καὶ
1813 4627 2012 4700 μόνου..

476 4731 691 4784 ΠΑΔΛ.
722 4729 902 4798 Ἔφης
935 4726 1033 4798 μὲν
1061 4725 1261 4797 ὀρθῶς.
1279 4727 1428 4798 Ἑρεί
1451 4724 1510 4780 δὲ
1537 4722 1652 4790 οὖν,
1685 4721 1865 4798 οἶμαι,
1892 4722 1998 4787 τὶς,

2180 4717 2381 4773 PALL.
2423 4717 2519 4771 Est
2543 4714 2769 4787 quidem
2823 4730 2852 4770 a
2880 4721 2933 4770 te
2965 4721 3116 4771 recte
3152 4714 3386 4771 dictum.
3431 4716 3706 4772 Caeterum

397 4823 600 4878 Καίτοι
701 4820 1001 4891 λελάληκεν
1083 4818 1262 4890 ἀληθῆ
1347 4816 1838 4887 φιλοπευστοῦντος
1905 4813 2002 4869 τοῦ

395 4913 580 4967 Σαοὺλ
631 4913 890 4983 ἐσόμενα.
959 4911 1034 4964 Ού
1104 4909 1299 4981 μικρὸς
1346 4909 1405 4962 δέ
1453 4909 1586 4979 ἡμῖν
1635 4907 2005 4977 δεδαπάνηται

396 5005 563 5073 λόγος
596 5005 924 5076 ἀπελέγχων
963 5005 1046 5058 ὅτι
1090 5005 1192 5056 οὐκ
1218 5004 1288 5056 ,ἐν
1323 5001 1658 5074 ἀκαθάρτοις
1692 4999 2004 5070 πνεύμασιν

395 5099 432 5168 ἡ
460 5097 716 5169 ἀλήθεια.

477 5275 648 5328 ΚΥΡ.
685 5275 761 5328 Οὐ
806 5275 916 5348 γὰρ
961 5269 1076 5330 οὖν.
1144 5274 1516 5347 ’Λνάρμοστον
1554 5273 1662 5344 γὰρ
1717 5272 1908 5344 χρῆμά
1953 5289 2005 5325 τι

400 5368 504 5422 καὶ
526 5368 843 5438 ἀωμφυές,
879 5368 997 5439 φῶς
1025 5369 1122 5422 καὶ
1151 5368 1365 5433 σκότος,
1399 5366 1634 5439 Χριστὸς
1661 5367 1757 5418 καὶ
1790 5365 2002 5419 Βελιάλ·

397 5464 521 5526 τοῖς
552 5478 617 5529 γε
647 5461 755 5534 μὴν
794 5462 1196 5536 παροτρύνουσι
1228 5463 1324 5516 καὶ⁸
1366 5461 1702 5516 καταλυπεῖν
1728 5460 2003 5524 εἰωθόσιν,

399 5551 791 5607 ἀποκαλύπτει
834 5554 1001 5619 Θεὸς,
1045 5556 1140 5609 καὶ¹
1164 5555 1230 5608 δι’
1258 5548 1333 5609 ὧν
1360 5555 1564 5625 ἥκιστα
1607 5551 1715 5624 χρὴ
1748 5551 1862 5605 ἔσθ’
1894 5553 2002 5616 ὅτε,

400 5645 476 5696 τά
502 5643 778 5713 ἐσόμενα,
817 5644 1160 5715 ἐνηχούντων
1189 5643 1335 5698 κατὰ
1366 5644 1427 5697 τὸ
1461 5643 1606 5706 εἰκὸς
1635 5642 1810 5711 ἁγίων
1842 5642 2008 5710 ἀγγέ-

479 5779 494 5808 ¹
525 5779 544 5832 l
570 5780 706 5839 Reg.
746 5796 932 5844 xxvm,
969 5779 1118 5835 ’5-19.
1196 5782 1214 5812 ²
1237 5778 1258 5833 Ι
1284 5779 1417 5850 Reg.
1448 5793 1633 5842 xxvm,
1663 5778 1746 5831 l5.

2111 4810 2260 4866 dicet
2303 4809 2537 4864 fortasse
2585 4807 2860 4879 quispiam
2897 4825 2911 4862 :
2944 4807 3112 4879 Atqui
3160 4824 3292 4864 vera
3343 4808 3504 4875 dixit,
3544 4810 3708 4866 Saule

2110 4917 2235 4973 qua:
2262 4901 2450 4956 futura
2474 4909 2660 4956 essent
2701 4900 3038 4956 sciscitante.
3063 4899 3186 4956 Non
3209 4908 3293 4958 est
3315 4908 3502 4956 autem
3540 4919 3570 4956 a
3610 4919 3708 4957 no-

2112 4995 2200 5051 bis
2223 4995 2419 5066 exigua
2443 4994 2715 5050 orationis
2738 5009 2866 5064 pars
2890 4993 2946 5048 in
2978 5007 3047 5048 eo
3073 5000 3400 5063 consumpta
3425 5001 3486 5048 ut
3509 4995 3718 5063 proha-
3754 4996 3766 5013 '

2113 5103 2302 5143 remus
2373 5102 2485 5143 non
2545 5087 2730 5143 inesse
2774 5087 2828 5140 in
2877 5085 3114 5156 impuris
3161 5085 3453 5155 spiritibus
3503 5087 3708 5141 verita-

2114 5185 2248 5235 tem.
3514 5227 3518 5234 .

2182 5273 2343 5329 CYR.
2390 5272 2534 5338 Non,
2579 5272 2824 5343 inquam.
2852 5271 3044 5343 Neque
3067 5272 3218 5328 enim
3257 5272 3703 5343 componiatque

2109 5365 2488 5437 coagmentari
2516 5364 2678 5420 simul
2704 5372 2940 5434 possunt
2964 5365 3058 5419 lux
3075 5373 3136 5421 et
3159 5365 3423 5432 tenebrae,
3449 5365 3706 5422 Christus

2109 5468 2168 5515 et
2196 5460 2364 5514 Belial
2392 5476 2406 5513 :
2433 5473 2626 5515 verum
2655 5458 3006 5514 irritantibus
3029 5475 3105 5515 ac-
3124 5475 3267 5531 sazpe
3293 5459 3706 5516 offendentibus

2113 5553 2324 5607 revelat
2350 5551 2537 5606 futura
2561 5551 2729 5616 Dens,
2757 5551 3034 5608 interdum
3061 5552 3227 5608 etiam
3250 5567 3350 5623 per
3372 5569 3512 5623 quos
3538 5551 3702 5606 mini-

2115 5660 2202 5699 me
2229 5644 2512 5710 convenit,
2556 5642 2944 5700 insonanlibus
2973 5644 3222 5700 humano
3253 5644 3440 5699 animo
3499 5641 3708 5698 sanctis

1827 5777 1846 5808 ³
1872 5777 2009 5831 ibid.
2050 5779 2134 5831 l2.

476 5893 557 5966 (Ι)
612 5894 747 5949 Cod.
815 5895 955 5961 νου,
991 5895 1368 5965 ἐκτετίμηκεν.
1419 5896 1588 5951 Paulo
1642 5895 1780 5951 infra
1834 5897 2008 5952 utitur

2122 5897 2218 5950 rho
2250 5897 2532 5957 τήκεσθαι.
