4104 6446
433 415 534 474 ιὸθ

431 527 644 601 angelis
680 539 744 579 ea
768 537 909 593 quae,
952 519 996 575 si
1024 519 1060 572 ii
1102 516 1399 572 didicerint
1439 517 1535 586 qui
1580 518 1800 571 curiose
1827 516 2019 572 scisci-

434 630 640 684 tantur,
693 614 990 673 admodum
1027 611 1411 676 intabescent;
1464 624 1639 678 eaque
1679 609 2019 678 praenotione

433 713 603 769 veluti
622 707 951 782 quibusdam
971 705 1066 759 irae
1087 718 1150 758 ac
1164 717 1458 773 pcenarum
1483 701 1590 755 sibi
1609 701 2019 756 imminentium

434 803 694 876 primitiis
727 799 1150 870 torquebantur.
1200 795 1260 850 In
1288 794 1510 849 'sanctis
1545 794 1694 848 enim
1736 793 2020 864 prophetis

434 897 697 960 insident,
746 893 938 962 eisque
1000 887 1485 944 communicantur
1539 885 1864 955 plerumque
1909 900 2019 941 non

435 988 612 1043 tristia
659 986 860 1050 solum,
903 990 961 1038 et
996 981 1200 1052 quibus
1239 992 1475 1034 maerere
1497 984 1554 1032 et
1578 978 1634 1031 in
1659 978 1812 1032 luctu
1836 978 2020 1048 jacere

432 1077 707 1148 quispiam
748 1074 954 1146 possit;
998 1070 1094 1126 sed
1127 1071 1296 1124 etiam
1344 1082 1686 1138 quacunque
1740 1067 2020 1122 nonnullis

435 1169 638 1224 laetitia:
658 1175 714 1222 et
730 1162 1064 1238 iucunditati
1091 1161 1276 1216 futura
1303 1167 1433 1215 sunt
1463 1177 1475 1212 :
1506 1157 1690 1228 impiis
1727 1168 1911 1214 autem
1956 1175 2020 1213 ae

435 1261 661 1316 nefariis
685 1257 1088 1314 divinationum
1107 1252 1369 1309 studiosis
1399 1252 1544 1306 Deus
1574 1251 1715 1305 mala
1737 1267 1860 1321 quae
1885 1252 2020 1322 ipsis

434 1358 699 1407 eventura
723 1358 852 1404 sunt
877 1347 1072 1417 aperit.

506 1439 705 1496 PALL.
751 1437 1039 1505 Quomodo
1079 1444 1282 1499 autem,
1334 1439 1428 1487 aut
1454 1431 1600 1486 unde
1638 1431 1752 1485 hazc
1797 1431 2018 1502 probari

437 1533 737 1604 poterunt?

503 1625 662 1681 CYR.
717 1622 800 1678 Ab
822 1622 958 1692 ipsis
979 1620 1206 1675 Litteris
1255 1620 1614 1684 saeris;nam
1663 1633 1785 1688 quae
1825 1617 2021 1687 priscis

437 1717 546 1771 illis
586 1715 904 1770 hominibus
933 1711 1284 1776 acciderunt,
1324 1711 1528 1780 scripta
1583 1718 1710 1764 sunt
1747 1718 1806 1764 ut
1849 1708 2021 1780 ﬁgura

436 1810 599 1866 nobis
613 1817 818 1872 essent,
843 1815 900 1862 et
923 1805 1118 1860 modus
1129 1819 1238 1874 quo
1259 1803 1486 1874 mystice
1512 1802 1910 1856 imbueremur.
1935 1801 2020 1855 An

1464 405 1518 460 S.
1561 405 1835 461 CYRILLI
1878 407 2351 464 ALEXANDRINI
2392 407 2705 462 ARCHIEP.

3597 411 3700 468 4.ίο

2125 520 2231 572 λων
2281 520 2360 582 εἰς
2403 517 2744 590 ἀνθρώπινον
2796 517 2956 581 νοῦν,
3007 518 3150 589 ειπερ
3192 517 3257 573 ἂν
3297 520 3346 572 εἰ
3389 520 3611 591 μάθοιεν
3651 529 3702 579 οἱ

2124 611 2499 680 φιλοπευστεῖν
2541 609 2842 681 ᾑρημένοι,
2894 611 3369 680 καταταχήσονται
3423 612 3576 680 λίαν,
3607 617 3704 670 καὶ

2121 701 2375 774 ἀπαρχὴν
2403 703 2594 773 ὥσπερ
2614 700 2735 754 τινὰ
2762 699 2864 770 τῆς
2896 700 3078 769 σφίσιν
3113 701 3510 773 ἐπηρτημένης
3536 705 3708 776 ὀργῆς

2121 811 2178 847 τε
2202 795 2296 847 καὶ
2320 793 2477 862 δίκης
2506 792 2840 864 ὑπομένουσι
2866 792 2966 862 τὴν
2997 792 3330 863 πρόγνωσιν.
3372 792 3574 861 Ἀγίοις
3607 795 3710 864 μὲν

2121 886 2230 957 γὰρ
2283 886 2593 956 προφήταις
2658 883 3103 948 ἐπαναπαύεται,
3159 885 3254 937 καὶ
3318 883 3710 938 ἀνακοινοῦται

2122 977 2410 1043 πολλάκις,
2432 976 2552 1047 ούχί.
2585 975 2650 1048 δὴ
2683 975 2819 1047 μόνοι
2845 975 2914 1028 τά
2945 974 3266 1046 σκυθρωπὰ,
3295 976 3391 1028 καὶ
3409 970 3608 1048 οἷσπερ
3643 978 3711 1030 ἄν

2119 1085 2206 1131 τις
2254 1069 2658 1137 ὲπιστυγνάσας
2698 1067 2917 1122 καθίσει
2963 1065 3251 1137 δακρύων,
3279 1065 3416 1119 ἀλλὰ
3463 1068 3556 1120 καὶ
3605 1070 3711 1121 ὅσα

2121 1160 2258 1230 πρὸς
2296 1159 2560 1230 εὐθυμίας
2601 1159 2694 1212 καὶ
2741 1157 3045 1230 εὐημερίας
3079 1157 3232 1211 ἐσται
3274 1157 3438 1210 τισίν·
3471 1157 3714 1222 ἀνοσίοις

2120 1249 2178 1303 δὲ
2206 1251 2300 1303 καὶ
2343 1250 2720 1318 ὲναγεστάτοις
2754 1249 3143 1320 φιλομάντεσι,
3181 1247 3251 1300 τὰ
3296 1249 3478 1317 σφίσιν
3519 1250 3711 1314 αὐτοῖς

2121 1343 2354 1414 ἐσόμενα
2382 1341 2768 1395 διεκκαλύπτει
2802 1342 2969 1395 κακά.

2192 1435 2402 1487 ΠΑΛΛ.
2433 1435 2543 1488 Καὶ
2565 1434 2648 1497 τίς
2679 1435 2710 1504 ἢ
2748 1433 2912 1486 πόθεν
2946 1433 3011 1486 ἂν
3037 1432 3248 1502 γένοιτο
3273 1431 3478 1486 τούτων
3502 1435 3635 1504 ἡμῖν
3673 1435 3709 1504 ἠ

2122 1527 2304 1592 πίστις
2328 1546 2343 1595 ;

2193 1620 2359 1674 ΚΥΡ.
2409 1620 2544 1674 Ἀπό
2576 1637 2640 1688 γε
2675 1619 2784 1673 τῶν
2812 1619 2972 1690 ἱερῶν
2998 1620 3367 1691 Γραμμάτων·
3392 1619 3561 1684 τύπος
3598 1619 3714 1691 γὰρ

2120 1713 2255 1783 ἡμῖν
2302 1713 2399 1766 καὶ
2441 1711 2836 1782 μυσταγωγίας
2875 1713 3163 1782 ἀνεγράφη
3212 1712 3444 1783 τρόπος,
3485 1713 3554 1765 τὰ
3597 1714 3714 1775 τοῖς

2122 1804 2500 1875 ἀρχαιοτέροις
2541 1803 2949 1874 συμϐεϐηκότα.
2993 1803 3061 1856 Ἦ
3097 1802 3206 1874 γὰρ
3251 1804 3354 1856 οὐκ
3398 1797 3585 1870 οἶσθα,
3627 1803 3713 1857 ὅτι

439 1909 656 1971 ignoras
678 1899 839 1954 Balac
870 1897 1045 1952 ﬁlium
1086 1896 1321 1964 Sephor,
1364 1895 1519 1948 illum
1560 1893 1922 1948 Moabitarum
1965 1899 2022 1947 et

2131 1897 2309 1951 Βαλὰκ
2347 1899 2374 1950 6
2401 1896 2496 1950 τοῦ
2527 1895 2788 1966 Σεπφὼρ,
2835 1897 2864 1949 6
2903 1894 3214 1950 Μωαϐιτῶν
3243 1895 3333 1948 καὶ
3357 1894 3714 1965 Μαδιηναίων

438 1993 859 2049 Madianitarum
909 1999 1222 2062 tyrannum,
1262 2002 1390 2042 eum
1436 1987 1636 2042 fortem
1677 1995 1732 2041 et
1767 1986 2028 2042 invictam

439 2085 659 2141 lsraelis
711 2081 1130 2138 multitudinem
1184 2079 1621 2150 pertimesceret,
1668 2093 1732 2132 ae
1766 2077 1922 2134 brevi
1970 2092 2028 2133 se

436 2191 564 2232 cum
616 2174 832 2231 caeteris
885 2171 1143 2245 gentibus
1192 2169 1355 2225 simul
1393 2169 1698 2240 periturum
1745 2168 2028 2224 existima-

438 2274 539 2332 ret,
582 2265 836 2322 mercede
862 2274 1020 2335 pacta
1043 2263 1369 2318 conduxisse
1392 2262 1643 2318 Balaam?
1674 2281 1692 2312 ι
1720 2261 1878 2326 Veni,
1901 2280 1918 2311 ι
1941 2261 2029 2314 in-

433 2358 574 2428 quit,
619 2377 637 2409 c
665 2365 721 2413 et
743 2357 976 2412 maledic
1002 2355 1209 2411 lsraeli.
1235 2354 1484 2424 Cumque
1507 2354 1786 2409 venissent
1806 2352 1986 2407 nuntii
2014 2371 2026 2404 :

435 2449 821 2514 Diversamini,
847 2469 864 2501 ›
893 2447 1090 2518 inquit,
1119 2467 1135 2499 ‹
1159 2447 1248 2502 hic
1264 2455 1425 2501 nocte
1445 2447 1578 2512 hac;
1607 2455 1664 2500 et
1689 2444 2032 2514 respondebo

436 2543 594 2598 vobis
618 2543 886 2612 quidquid
909 2542 1107 2596 dixerit
1124 2541 1389 2596 Dominus
1411 2539 1476 2595 ad
1498 2556 1583 2595 me
1601 2540 1640 2593 ⁸.
1656 2560 1672 2590 ι
1701 2538 2034 2609 192ου111-

436 2648 544 2703 que
579 2634 776 2704 frigida
807 2642 864 2689 et
902 2649 932 2688 a
964 2632 1247 2689 daemoniis
1283 2631 1526 2686 immissa
1577 2631 1790 2686 somnia
1825 2644 2035 2700 quaere-

437 2736 542 2793 ret,
567 2736 623 2783 et
645 2745 766 2798 quae
781 2744 846 2783 ex
873 2727 1208 2782 carminibus
1228 2735 1283 2780 et
1299 2725 1522 2796 magicis
1554 2725 1764 2778 artibus
1780 2725 1885 2779 sibi
1906 2739 2036 2779 eon-

436 2820 647 2887 tingere
671 2819 938 2882 solebant,
1001 2825 1297 2888 separaret,
1346 2815 1636 2870 Dominum
1677 2815 1813 2870 dixit
1847 2830 2034 2870 secum

435 2898 752 2965 locuturum
779 2929 792 2964 :
819 2911 991 2965 Deum
1015 2909 1162 2964 enim
1186 2924 1245 2964 se
1285 2907 1476 2963 audire
1501 2908 1808 2964 simulabat.
1835 2907 2037 2975 Quam-

436 3001 522 3056 vis
544 3011 726 3057 autem
756 3016 926 3057 sacra:
951 2999 1176 3056 Litterae
1201 2999 1481 3055 consuetis
1499 2999 1904 3054 incantatorum
1936 3017 2034 3056 vo-

437 3095 595 3150 cibus
624 3103 869 3159 utantur,
904 3110 1015 3149 non
1047 3101 1229 3149 tamen
1277 3093 1557 3163 sapienter
1586 3094 2033 3150 existimabimus

437 3202 563 3240 eum
593 3186 688 3257 qui
721 3196 918 3242 natura
968 3196 1026 3241 et
1071 3202 1204 3242 vere
1235 3187 1382 3241 Deus
1415 3195 1519 3251 est,
1552 3187 1703 3241 velut
1737 3202 1804 3241 ex
1848 3185 2033 3240 chari-

2128 1990 2413 2061 τύραννος,
2440 1988 2536 2060 τὴν
2567 1986 3012 2058 ἀκαταγὼνιστόν
3045 2004 3104 2040 τε
3139 1987 3233 2040 καὶ
3269 1985 3573 2056 ἄθραυστον
3614 1985 3712 2038 τοῦ

2143 2082 2359 2155 Ἰσραὴλ
2385 2080 2811 2153 κατορῤωδήσας
2840 2079 3081 2151 πληθὺν,
3107 2079 3203 2133 καὶ
3240 2077 3440 2130 αὐτίκα
3466 2077 3530 2148 δὴ
3565 2077 3717 2148 μάλα

2130 2176 2244 2238 τοῖς
2274 2174 2482 2245 ἑτέροις
2507 2173 2685 2227 ἔθνεσι
2711 2170 3119 2225 συνδιόλλυσθαι
3147 2167 3549 2232 πεπιστευκὼς,
3580 2187 3717 2223 κατ-

2133 2265 2422 2337 εμισθοῦτο
2445 2265 2537 2319 τὸν
2561 2265 2792 2336 Βαλαάμ
2817 2282 2830 2329 ;
2857 2283 2876 2315 ι
2898 2262 3069 2332 Δεῦρο
3095 2263 3178 2333 δὴ,
3200 2282 3218 2314 ι
3239 2262 3436 2331 λέγων,
3458 2281 3476 2313 ι
3496 2263 3600 2316 ὲπά
3612 2279 3715 2332 ρα-

2135 2358 2224 2411 σαί
2249 2377 2338 2432 μοι
2370 2358 2462 2412 τὸν
2497 2358 2729 2429 Ἰσραήλ.
2749 2355 2966 2426 Ἐπειδὴ
2987 2354 3043 2407 δὲ
3065 2348 3199 2425 ἧκον
3223 2355 3272 2407 οἰ
3302 2352 3578 2422 πρέσϐεις
3601 2353 3717 2406 Κα-

2132 2453 2401 2508 ταλύσατε
2431 2452 2617 2517 αὑτοῦ,
2648 2470 2665 2503 ι
2694 2448 2855 2521 φησὶ,
2892 2469 2910 2500 ι
2932 2451 3029 2520 τὴν
3051 2437 3221 2502 νύκτα
3244 2490 3258 2514 ,
3288 2448 3383 2502 καὶ
3406 2447 3717 2519 ἀποκριθή-

2136 2564 2301 2618 σομαι
2330 2547 2458 2618 ύμῖν
2485 2547 2718 2616 πρᾶγμα
2755 2543 2783 2596 ὃ
2805 2543 2901 2597 ἐὰν
2931 2542 3144 2614 λαλήσῃ
3171 2541 3375 2610 Κύριος
3407 2542 3543 2613 πρός
3571 2559 3661 2612 με.
3693 2561 3712 2594 ι

2148 2638 2453 2710 Ὀνειράτια
2486 2637 2541 2690 δὲ
2570 2635 2754 2708 ψυχρὰ
2786 2635 2882 2689 καὶ
2912 2634 3243 2706 δαιμονιώδη
3277 2633 3455 2704 ζητῶν
3476 2677 3491 2701 ,
3525 2635 3620 2687 καὶ
3653 2634 3715 2700 ἐξ

2137 2732 2350 2803 ἐπῳδῆς
2372 2731 2511 2802 τάχα
2538 2747 2640 2783 που
2671 2730 2764 2782 καὶ
2792 2728 3132 2800 μαγγανείας
3162 2726 3310 2798 αὐτῷ
3345 2727 3718 2798 συμϐαίνοντα

2137 2821 2478 2894 προσδοκῶν,
2521 2821 2728 2892 Κύριον
2775 2819 2879 2889 ἔφη
2914 2819 3168 2889 λαλήσειν
3203 2817 3371 2889 αὐτῷ·
3410 2817 3719 2872 θεοκλυτεῖν

2137 2918 2245 2985 γὰρ
2306 2914 2631 2985 ἐσκήπτετο.
2681 2912 2823 2966 Ἀλλ’
2877 2913 2927 2964 εἰ
2985 2913 3079 2964 καὶ
3122 2912 3245 2974 ταῖς
3299 2909 3556 2982 συνήθεσι
3608 2908 3718 2962 τῶν

2137 3008 2349 3078 γοήτων
2377 3009 2581 3077 φωναῖς
2620 3005 2680 3058 τὸ
2711 3004 2953 3076 Γράμμα
2981 3003 3181 3075 χρῆται
3213 3003 3274 3056 τὸ
3309 3001 3452 3074 ἱερὸν
3471 3047 3485 3070 ,
3514 3003 3614 3056 οὐκ
3642 3001 3708 3055 ἂν

2136 3096 2454 3167 οἰηθείημεν
2503 3095 2678 3167 ὀρθῶς
2723 3093 3079 3167 φρονοῦντες,
3124 3093 3258 3148 Θεὸν
3293 3094 3385 3148 τὸν
3421 3094 3580 3163 φύσει
3623 3095 3719 3147 καὶ

2139 3186 2358 3256 ἀληθῶς
2384 3187 2504 3250 ταῖς
2531 3185 2772 3256 βεϐήλων
2805 3184 3004 3238 ἐνιέναι
3020 3184 3218 3255 ψυχαῖς
3248 3183 3323 3247 ὠς
3345 3182 3402 3250 ἐξ
3418 3183 3640 3253 ἀγάπης
3655 3184 3717 3236 τὸ

439 3285 548 3331 tate
574 3276 928 3348 profanorum
953 3276 1241 3331 hominum
1273 3276 1472 3331 animis
1503 3277 1800 3330 immittere
1825 3277 2025 3330 verita-

2131 3277 2459 3350 ἀληθὲς,καὶ
2483 3277 2637 3348 ἀνδρὶ
2670 3275 2904 3349 μυσαρῷ
2931 3277 3026 3330 καὶ
3053 3277 3212 3346 γόητι
3241 3275 3719 3348 καὶείδωλολάτρῃ

438 3375 570 3432 tem,
613 3375 669 3422 et
714 3383 841 3422 cum
868 3368 1093 3422 homine
1148 3367 1599 3432 sceleratissimo,
1645 3376 1702 3422 et
1746 3382 1925 3437 mago,
1971 3376 2025 3422 et

439 3459 602 3514 idolis
617 3458 805 3514 dedito
829 3459 1502 3529 colloqui.Verumtamen,
1529 3480 1546 3511 ι
1571 3460 1753 3525 Venit,
1783 3479 1800 3511 ι
1825 3459 2022 3530 inquit,

447 3571 464 3599 ι
504 3551 651 3605 Deus
675 3552 742 3605 ad
767 3551 1008 3616 Balaam,
1048 3559 1106 3606 et
1134 3551 1274 3606 dixit
1314 3553 1390 3606 illi
1424 3594 1434 3605 .
1469 3551 1612 3618 Quid
1642 3552 1894 3606 homines
1933 3552 2024 3606 isti

437 3657 609 3712 penes
634 3650 687 3699 te
709 3644 769 3697 ’ἰ
797 3663 816 3695 ι
847 3643 1034 3714 quue
1055 3660 1273 3700 causam
1320 3646 1588 3701 adventus
1633 3660 1826 3700 eorum
1853 3661 2024 3714 expo-

439 3746 608 3790 nente
637 3753 650 3788 :
684 3755 702 3786 ι
735 3735 900 3801 Dixit,
927 3755 944 3787 ι
970 3735 1166 3806 inquit,
1188 3756 1206 3789 ‹
1236 3738 1501 3793 Dominus
1525 3737 1742 3791 Balaam
1776 3756 1786 3789 :
1814 3737 1893 3792 Ne
1932 3751 2026 3791 eas

440 3839 567 3878 cum
592 3823 721 3889 illis,
749 3840 930 3895 neque
955 3826 1250 3883 maledicas
1273 3829 1476 3898 p0pulo
1505 3846 1516 3879 :
1547 3834 1632 3882 est
1668 3827 1817 3882 enim
1855 3827 2025 3881 bene-

441 3915 679 3971 dictus'.
714 3935 732 3968 ι
762 3916 902 3972 Ecce
923 3917 1034 3988 jam
1059 3927 1244 3989 aperte
1295 3919 1490 3973 beatus
1527 3919 1755 3988 angelus
1795 3935 1863 3975 ex
1895 3935 2023 3988 per-

442 4000 574 4061 sona
605 4008 700 4062 Dei
729 4007 1079 4079 deeeptorem
1125 4011 1277 4065 illum
1322 4018 1485 4078 atque
1542 4021 1862 4081 nugatorem
1903 4027 2022 4066 ma-

442 4115 571 4166 gum
595 4100 816 4165 avertit,
869 4117 939 4155 ne
963 4102 1292 4157 maledicere
1316 4101 1516 4158 audeat
1537 4102 1614 4156 illi
1647 4104 1740 4172 qui
1769 4104 1840 4158 sit
1864 4119 1892 4157 a
1911 4103 2024 4157 Deo

445 4189 786 4257 benedictus,
813 4207 990 4262 neque
1009 4193 1210 4247 divinis
1233 4191 1473 4248 decretis
1513 4201 1752 4264 opponat
1795 4193 2024 4248 humani

445 4280 784 4351 infelicisque
811 4283 1026 4338 consilii
1052 4291 1363 4338 commenta
1393 4301 1403 4335 :
1446 4300 1554 4338 non
1583 4284 1730 4354 quod
1779 4285 1868 4339 illa
1910 4299 2024 4338 ma-

442 4373 667 4429 ledictio
697 4373 913 4431 ofﬁcere
948 4374 1156 4444 aliquid
1189 4385 1406 4444 posset;
1461 4377 1558 4432 sed
1606 4387 1666 4432 ut
1717 4385 1906 4446 aperte
1961 4391 2023 4431 ac

445 4464 756 4531 manifeste,
785 4468 880 4536 qui
905 4467 960 4520 in
996 4466 1310 4537 huiusmodi
1359 4483 1512 4537 spem
1548 4468 1712 4521 stulte
1753 4467 2025 4520 adductus

441 4563 610 4620 esset,
656 4571 755 4625 per
787 4556 941 4610 illum
981 4571 1201 4625 quoque
1257 4557 1459 4610 certior
1520 4555 1697 4621 fieret,
1741 4571 2024 4624 nunquam

2135 3370 2478 3442 προσλαλεῖν.
2511 3371 2678 3443 Πλὴν,
2715 3389 2734 3422 ι
2769 3365 2964 3433 τΗλθε,
3005 3388 3022 3419 ι
3053 3370 3239 3439 φησὶν,
3276 3388 3294 3421 ι
3326 3371 3355 3422 6
3386 3368 3520 3432 Θεὸς
3572 3368 3712 3440 πρὸς

2135 3463 2385 3534 Βαλαὰμ,
2411 3464 2506 3518 καὶ
2531 3461 2682 3518 εἶπεν
2714 3463 2882 3534 αὐτῷ’
2913 3463 2979 3516 Τί
3006 3465 3055 3517 οἰ
3086 3463 3360 3536 ἄνθρωποι
3392 3457 3534 3517 οὗτοι
3569 3463 3719 3534 παρά

2136 3556 2246 3618 σοί;
2276 3575 2293 3607 ι
2321 3555 2430 3608 Τοῦ
2464 3555 2522 3608 δὲ
2551 3556 2650 3624 τῆς
2681 3554 2919 3624 ἀφίξεως
2942 3554 3038 3626 τὴν
3069 3555 3251 3608 αἰτίαν
3280 3553 3714 3622 ἀπηγγελκότος,

2144 3667 2162 3698 ι
2199 3641 2357 3712 Εἷπε,
2396 3666 2414 3698 ι
2458 3646 2644 3718 φησὶν,
2676 3665 2694 3697 ι
2733 3649 2761 3700 6
2787 3646 2919 3710 Θεὸς
2941 3646 3078 3718 πρὸς
3097 3646 3346 3715 Βαλαάμ·
3378 3645 3451 3698 Οῦ
3477 3645 3718 3716 πορεύσῃ

2136 3741 2252 3811 μετ’
2290 3739 2491 3802 αὐτῶν,
2532 3739 2640 3792 οὐδ’
2669 3739 2728 3792 οὐ
2765 3737 2839 3810 μὴ
2861 3739 3146 3810 καταράσῃ
3173 3738 3264 3792 τὸν
3284 3738 3432 3791 λαόνο
3467 3737 3714 3808 ἔστιγὰρ

2135 3831 2332 3904 εύλογη
2343 3833 2522 3903 μένος.
2542 3851 2560 3884 ι
2581 3833 2712 3886 Ἰδοὺ
2731 3832 2796 3904 δὴ
2815 3831 3002 3901 σαφῶς
3023 3833 3086 3884 ὲκ
3112 3830 3404 3902 προσώπου
3440 3830 3535 3884 τοῦ
3553 3827 3713 3894 Θεοῦ,

2131 3927 2159 3978 6
2191 3927 2461 3996 μακάριος
2507 3925 2739 3993 ἄγγελος
2777 3924 2870 3978 τὸν
2913 3923 3208 3977 ἀπατεῶνα
3245 3923 3338 3976 καὶ
3363 3922 3713 3993 εἰκαιόμυθον

2132 4015 2435 4087 ἀποτρέπει
2493 4014 2669 4084 γόητα
2711 4013 2804 4066 τὸν
2853 4013 3219 4083 εύλογημένον
3267 4012 3420 4083 παρὰ
3464 4011 3583 4081 Θεῷ
3638 4012 3714 4081 μὴ

2131 4106 2443 4178 ἐπαρᾶσθαι
2498 4106 2718 4176 ζητεῖν,
2775 4106 2910 4178 μηδὲ
2960 4108 3082 4169 ταῖς
3130 4103 3339 4158 ἀνωθεν
3397 4101 3716 4171 ἀντεξάγειν

2131 4201 2336 4270 ψήφοις
2389 4199 2456 4252 τὰ
2502 4199 2562 4265 ἐξ
2611 4197 2964 4272 ἀνθρωπίνης
3029 4195 3352 4258 δυσϐουλίας
3411 4195 3714 4266 εύρὲματα,

2131 4289 2230 4359 ούχ
2257 4288 2333 4352 ὡς
2364 4288 2464 4359 τῆς
2505 4289 2645 4359 ἀρᾶς
2678 4287 2969 4358 ἰσχυούσης
3003 4287 3228 4350 ἀδικεῖν,
3267 4285 3381 4338 ἀλλ’
3411 4285 3498 4337 ἵνα
3529 4283 3716 4353 σαφῶς

2131 4398 2189 4434 τε
2217 4381 2314 4433 καὶ
2358 4378 2608 4451 ἐναργῶς
2653 4381 2681 4433 6
2721 4381 2821 4452 τὴν
2867 4379 3123 4451 τοιαύτην
3158 4378 3352 4432 ἐλπίδα
3388 4377 3717 4449 παραλόγως

2133 4472 2566 4544 εἰσδεδεγμένος,
2599 4471 3014 4544 πληροφοροῖτο,
3043 4471 3132 4526 καὶ
3171 4471 3234 4524 δι’
3269 4471 3456 4534 αὑτοῦ,
3479 4467 3555 4533 ὡς
3603 4469 3705 4521 οὐκ

2133 4565 2200 4620 ἂν
2240 4565 2450 4635 γένοιτὸ
2477 4583 2606 4619 ποτε
2638 4565 2960 4628 Μωαϐίταις
2986 4564 3018 4635 ἢ
3045 4563 3402 4634 Μαδιηναίοις
3432 4559 3712 4630 ἁλώσιμος

442 4647 559 4702 fore
593 4647 995 4711 ut_aMoabitis
1028 4647 1112 4701 vel
1138 4647 1450 4701 Madianitis
1474 4647 1638 4700 Israel
1681 4662 2025 4717 expugnare-

2134 4658 2161 4710 6
2223 4634 2475 4729 Ἰσραὴλ,
2529 4656 2962 4729 προασπίζοντος
3010 4634 3083 4709 τε
3138 4657 3232 4709 καὶ
3282 4651 3718 4725 ύπεραθλοῦντος

443 4749 552 4804 tur,
587 4740 675 4795 cui
717 4749 996 4810 protector
1022 4751 1168 4796 esset
1224 4756 1285 4794 ac
1331 4748 1703 4808 propugnator
1741 4741 1906 4806 Deus,
1931 4741 2024 4810 qui

444 4832 713 4902 populum
736 4833 1088 4887 benedictum
1115 4833 1330 4902 sibique
1368 4831 1615 4885 deditum
1655 4847 1752 4886 sua
1777 4832 2026 4904 benigni-

414 4929 554 5002 \tate
577 4921 836 4976 muniret.
863 4921 1041 4991 Atque
1077 4921 1194 4976 ὴωο
1217 4921 1440 4991 quidem
1484 4920 1677 4976 beatus
1717 4924 1944 4994 angelus
1970 4933 2025 4980 et

422 5009 603 5080 dixit,
628 5014 883 5070 etfacere
906 5015 1186 5085 praecepit.
1209 5014 1338 5078 Sed,
1362 5024 1715 5084 posteaquam
1735 5019 2022 5086 promissis

446 5107 774 5161 muneribus
797 5105 866 5160 ad
889 5105 1144 5161 eumdem
1169 5105 1256 5160 illc
1283 5115 1435 5162 vates
1473 5108 1686 5164 illectus
1735 5117 1837 5174 est,
1878 5111 2025 5180 quod

443 5198 677 5254 fortasse
705 5199 759 5254 id
788 5214 918 5254 vere
968 5213 1026 5252 se
1059 5199 1441 5268 praestiturum
1492 5203 1835 5273 opinaretur,
1877 5204 2027 5260 abire

445 5291 668 5359 quidem
695 5289 948 5361 permisit
982 5292 1207 5360 angelus
1233 5311 1247 5360 ;
1273 5294 1366 5349 sed
1414 5295 1468 5349 in
1495 5297 1676 5352 media
1703 5307 2029 5368 conspectus

447 5387 533 5432 est
584 5381 674 5434 via
697 5379 926 5449 fulgenti
972 5381 1152 5451 gladio
1199 5401 1210 5434 :
1262 5385 1316 5438 in
1343 5401 1452 5455 quo
1501 5387 1789 5442 manifeste
1839 5387 2028 5442 docuit

445 5485 595 5536 cum,
635 5472 680 5525 si
709 5471 1034 5530 maledicere
1078 5474 1242 5530 vellet
1279 5477 1345 5531 iis
1383 5479 1478 5548 qui
1517 5478 1795 5535 benedicti
1842 5489 2032 5544 erant,

446 5560 651 5614 bellum
677 5571 733 5618 et
753 5560 1016 5620 adversus
1038 5565 1229 5632 Deum,
1265 5574 1320 5622 et
1356 5569 1622 5624 adversus
1645 5569 1868 5639 angelos
1903 5585 2024 5624 sus—

447 5659 759 5721 cepturum.
779 5654 1133 5727 Posteaquam
1156 5675 1287 5714 vero
1306 5660 1372 5714 ad
1391 5661 1738 5716 ‘zlladianitam
1753 5661 2024 5732 pervenit,

514 5829 549 5919 l‘
577 5831 736 5889 Num.
781 5853 910 5905 xm,
939 5835 1056 5892 6-8.
1138 5841 1156 5872 ⁵
1182 5839 1317 5893 ibid.
1348 5839 1398 5894 9.
1478 5838 1497 5868 ⁸
1522 5837 1658 5894 ibid.
1691 5838 1773 5893 l2.

2134 4749 2291 4817 Θεοῦ,
2327 4751 2421 4802 καὶ
2457 4753 2576 4814 ταῖς
2608 4749 2920 4819 εὐμενείαις
2959 4749 3392 4819 ἀνατειχίζοντος
3433 4747 3526 4799 τὸν
3566 4743 3718 4814 αὐτῷ

2134 4841 2530 4915 προσκείμενον
2581 4841 2676 4893 καὶ
2718 4837 3081 4909 εύλογηθέντα
3145 4837 3292 4891 λαόν.
3343 4835 3504 4888 Ἀλλά
3555 4834 3718 4886 ταυτὶ

2137 4932 2236 5000 μὲν
2269 4932 2296 4982 6
2339 4929 2628 4994 θεσπέσιος
2667 4930 2899 5000 ἄγγελος
2939 4930 3043 5001 ἔφη
3089 4947 3149 4982 τε
3185 4928 3280 4982 καὶ
3323 4927 3456 4999 δρᾷν
3505 4925 3716 4979 ἐνετέλ-

2132 5020 2275 5071 λετο’
2310 5017 2496 5090 ἐπειδὴ
2536 5019 2593 5072 δὲ
2620 5023 2740 5084 ταῖς
2760 5019 2870 5072 τῶν
2898 5019 3087 5090 δώρων
3119 5017 3477 5088 ὑποσχέσεσιν
3501 5013 3597 5067 ἐπὶ
3638 5013 3719 5082 τῷ

2133 5111 2333 5181 χρῆναι
2369 5110 2605 5180 βαδίζειν
2650 5112 2677 5164 6
2711 5112 2901 5182 μάντις
2927 5112 3258 5177 ὲδελεάζετο,
3308 5109 3449 5179 τάχα
3485 5125 3588 5160 που
3619 5107 3715 5160 καὶ

2133 5203 2349 5274 ἀληθῶς
2401 5203 2643 5274 ἰσχύσειν
2691 5204 3046 5275 ὑπειληφὼς,
3087 5205 3222 5258 ἰέναι
3273 5203 3370 5273 μὲν
3418 5201 3639 5270 ἐφίησιν
3687 5200 3715 5251 6

2135 5295 2400 5365 μακάριος
2433 5295 2698 5363 ἄγγελος,
2738 5295 2880 5350 κατά
2923 5296 3096 5366 μέσην
3137 5295 3194 5348 δὲ
3253 5293 3410 5363 ὤφθη
3439 5292 3539 5362 τὴν
3575 5290 3712 5354 ὁδὸν»

2137 5387 2632 5460 συναστραπτούσῃ
2681 5387 2928 5459 ῥομφαίᾳ
2953 5427 2968 5452 ,
3003 5386 3272 5440 διδάσκων
3309 5381 3555 5454 ἐναργῶς
3583 5380 3658 5443 ὡς
3687 5381 3715 5432 ὁ

2133 5481 2367 5551 πόλεμος
2390 5479 2537 5550 αύτῷ
2565 5479 2703 5550 πρός
2752 5495 2812 5531 τε
2839 5478 2968 5532 Θεὸν
3001 5477 3096 5530 καὶ
3120 5475 3403 5544 ἀγγέλους,
3429 5473 3478 5525 εἰ
3508 5471 3718 5541 ἐπαρᾶ-

2136 5573 2258 5626 σθαι
2293 5573 2534 5643 βούλοιτο
2559 5574 2686 5636 τοὺς
2713 5572 3132 5643 εῦλογημένους.
3182 5568 3403 5639 Ἐπειδὴ
3428 5568 3486 5620 δὲ
3517 5567 3716 5634 ἀφῖκτο

2134 5665 2270 5736 πρὸς
2332 5666 2422 5721 τὸν
2481 5666 2848 5738 Μαδιηναῖον,
2902 5664 3119 5737 βωμοὺς
3179 5663 3276 5734 μὲν
3331 5660 3561 5731 ἀνίστη,
3616 5657 3711 5711 καὶ
