4104 6432
252 429 354 490 ιη

980 424 1070 480 DE
1108 421 1558 479 ADORATIONE
1593 420 1664 477 ΙΝ
1703 416 1977 477 SPlRlTU
2018 417 2109 473 ET
2151 417 2523 475 VEBlTATE.
2557 414 2694 473 LIB.
2735 414 2825 472 Vl.

3463 392 3571 469 1542

255 547 553 623 βουθυτεῖν
595 543 839 601 ἐκέλευς’
891 543 1181 614 προφήτης
1224 541 1283 596 δὲ
1327 536 1398 613 ἦν
1451 538 1654 603 εὐθὺς,
1697 538 1797 609 οὐχ
1840 538 1902 597 δ,

2008 553 2097 592 ras
2118 536 2412 603 exstruxit,
2445 545 2502 591 et
2523 535 2697 591 boves
2719 532 3011 591 immolare
3046 530 3236 604 jussit,
3276 530 3574 601 propheta—
3657 518 3667 533 ’

257 639 545 713 συνήθης,
582 636 680 693 καὶ
715 634 1092 708 ψευδηγόρος,
1123 632 1262 688 ἀλλὰ
1305 631 1427 704 θείᾳ
1454 647 1516 685 τε
1551 630 1647 684 καὶ
1690 631 1869 701 ἀπορο

262 738 411 811 ρήτῳ
460 731 701 805 δυνάμει
757 728 1138 803 παρετρέπετο
1187 726 1321 799 παρ’
1371 724 1566 779 ὲλπίδα
1625 723 1766 795 πρὸς
1809 720 1872 775 τὸ

266 827 535 885 δναντίον.
595 825 879 897 Ἐπηρᾶτο
929 822 1029 895 μὲν
1066 821 1177 893 γάρ
1211 818 1502 892 οὐδαμῶς,
1548 815 1774 890 ηὐλόγει
1813 814 1873 868 δὲ

278 923 472 996 μᾶλλον
512 921 612 975 τὸν
650 919 873 991 Ἰσραὴλ
893 958 908 983 ,
940 918 1037 973 καὶ
1062 918 1293 989 πικραῖς
1325 913 1505 985 ἐνίησι
1552 911 1754 975 λύπαις
1781 907 1873 963 τὸν

270 1016 475 1072 Βαλάκ.
501 1015 829 1087 Γέγραπται
858 1013 915 1067 δὲ
945 1010 1143 1076 οὕτως’
1175 1012 1259 1065 ὅτι
1295 1029 1315 1063 ι
1365 1005 1658 1079 Ἐθυμώθη
1687 1002 1877 1059 Βαλὰκ

266 1109 355 1163 καὶ
390 1106 777 1178 συνεκρότησε
805 1107 927 1170 ταῖς
970 1104 1162 1177 χερσὶν
1191 1101 1381 1168 αὑτοῦ,
1408 1100 1505 1156 καὶ
1534 1094 1658 1153 εἷπε
1687 1095 1878 1150 Βαλὰκ

262 1197 402 1270 πρὸς
490 1195 751 1267 Βαλαάμ³
828 1193 1267 1267 Καταράσασθαι
1327 1191 1419 1246 τδν
1491 1188 1688 1262 ἐχθρόν
1772 1201 1877 1257 μου

260 1290 522 1363 κέκληκά
570 1307 665 1354 σε,
714 1290 812 1343 καὶ
868 1287 979 1342 ἰδοὺ
1036 1284 1283 1354 εὐλογῶν
1344 1282 1658 1356 ηὐλόγησας
1702 1278 1878 1352 τούτῳ

262 1385 464 1456 τρίτῳ.
501 1384 617 1438 Καὶ
643 1379 767 1437 εἶπε
798 1380 1032 1452 Βαλαὰμ
1064 1372 1204 1451 πρὸς
1231 1378 1437 1432 Βαλὰκ·
1476 1376 1612 1446 Οὐχὶ
1640 1374 1735 1428 καὶ
1763 1374 1880 1437 τοῖς

262 1477 534 1547 ἀγγέλοις
588 1491 685 1528 σου
723 1466 808 1535 οἷς
852 1469 1181 1534 ἀπέστειλας
1214 1469 1353 1539 πρός
1395 1485 1463 1541 με
1501 1466 1766 1538 ἐλάλησα,
1792 1464 1881 1519 λέ-

264 1585 404 1644 γων’
487 1569 620 1624 Ἐάν
672 1584 763 1640 μοι
813 1565 891 1637 δῷ
924 1563 1111 1619 Βαλὰκ
1166 1563 1351 1634 πλήρη
1393 1561 1486 1616 τὸν
1521 1555 1677 1614 οἷκον
1710 1556 1879 1613 αὑτοῦ

264 1665 544 1740 ἀργυρίου
580 1662 680 1718 καὶ
707 1659 938 1734 χρυσίου
961 1700 976 1724 ,
1024 1659 1087 1712 οὐ
1125 1657 1433 1729 δυνήσομαι
1462 1652 1782 1723 παραϐῆναι
1819 1650 1882 1704 τὸ

267 1760 431 1833 ῥῆμα
485 1755 699 1827 Κυρίου
746 1753 974 1824 ποιῆσαι
1025 1750 1160 1804 αὐτὸ
1205 1748 1371 1804 καλὸν
1413 1743 1721 1817 ἢπονηρδν
1749 1741 1881 1813 παρ’

268 1832 509 1914 suntcf»;
543 1849 649 1902 ὅσα
689 1844 758 1899 ἂν
802 1841 933 1915 εἴπῃ
977 1857 1069 1912 μοι
1119 1839 1275 1903 Θεὸς,
1305 1836 1480 1891 ταῦτα
1512 1834 1644 1908 ἐρῶ.
1686 1851 1704 1885 ι
1740 1832 1881 1886 Σύνο

268 1942 405 2017 ηθες
442 1941 551 2014 μὲν
597 1932 694 1994 οὖν
747 1938 865 2001 τοῖς
919 1932 1357 2007 ψευδομάντεσι,
1411 1929 1507 1983 καὶ
1538 1930 1661 1989 ταῖς
1713 1925 1887 1989 οὕτως

270 2015 594 2105 ἀπατηλαῖς
661 2026 975 2101 κεχρῆσθαι
1046 2025 1292 2094 φωναῖς,
1351 2016 1751 2088 σκεπτομένοις
1804 2015 1887 2069 ὅτι

273 2130 461 2199 πάντη
498 2143 563 2181 τε
597 2124 697 2179 καὶ
741 2122 965 2184 πάντως
1005 2121 1119 2182 τοῖς
1149 2116 1537 2188 φιλοπευστεῖν
1586 2110 1887 2174 ἐθέλουσιν,

273 2219 466 2293 ἐροῦσι
498 2217 561 2272 τὸ
600 2213 826 2288 ἀληθές.
860 2212 1026 2276 Σύνες
1057 2210 1114 2265 δὲ
1146 2210 1230 2263 ὅτι
1261 2207 1323 2262 τὸ
1372 2205 1539 2277 φάναι
1567 2202 1630 2257 τὸ
1658 2201 1890 2273 ἀτρεκὲς

275 2313 568 2385 ἀλλότριον
602 2309 705 2380 τῆς
735 2304 990 2362 ὲπαοιδοῦ
1028 2320 1090 2357 τε
1135 2301 1232 2357 καὶ
1258 2299 1439 2372 μάγου
1469 2296 1686 2368 τέχνης·
1718 2309 1893 2365 προσ-

276 2407 500 2477 γένοιτο
546 2403 594 2458 δ’
648 2403 716 2458 ἂν
748 2398 865 2454 ἐσθ’
910 2399 1003 2454 ὅτε
1048 2392 1202 2464 παρά
1231 2392 1369 2447 Θεοῦ
1418 2390 1515 2444 ἐπὶ
1537 2387 1619 2460 τῷ
1657 2386 1757 2451 τάς
1781 2385 1893 2439 τῶν

282 2499 535 2571 βεϐήλων
568 2494 772 2566 ψυχάς,
801 2494 870 2565 τῇ
901 2489 1010 2545 τῶν
1038 2486 1318 2560 ἐσομένων
1349 2479 1751 2557 προαγορεύσει
1784 2477 1915 2532 δει-’

281 2595 388 2659 νῶς
419 2584 925 2659 κατακομίζοντος.

350 2681 572 2737 ΠΑΛΛ.
611 2676 907 2748 Πείθομαι.

351 2775 529 2832 ΚΥΡ.
568 2773 696 2827 Ὀτι
731 2769 843 2842 γάρ
881 2766 1161 2839 μεμίσηκε
1200 2762 1299 2818 καὶ
1333 2757 1606 2828 παραλύει
1635 2754 1768 2819 Θεὸς
1796 2753 1898 2818 τὰς

280 2867 544 2929 τοιαύτας
584 2865 753 2936 ἧτουν
781 2860 1041 2933 γοητείας
1072 2857 1165 2912 καὶ
1191 2851 1595 2924 εἰκαιομυθίας,
1626 2848 1798 2917 σαφὲς
1830 2846 1897 2901 ἂν

284 2962 504 3032 γένοιτο
554 2957 821 3025 λέγοντος
861 2950 1057 3006 αὑτοῦ·
1100 2967 1121 3001 ι
1158 2948 1302 3016 Ἐγὼ
1353 2944 1560 3016 Κύριος
1611 2944 1640 2996 ὁ
1685 2940 1846 3003 Θεός·
1870 2956 1892 2991 ι

284 3055 379 3109 καὶ
412 3048 654 3123 προσέτι
708 3043 952 3106 τούτοιςο
994 3040 1134 3103 «Τίς
1168 3038 1357 3109 ἕτερος
1397 3032 1745 3089 διασκεδάσει
1798 3047 1898 3101 ση-

288 3150 416 3220 μεῖα
444 3137 921 3214 ἐγγαστριμύθων
946 3135 1043 3189 καὶ
1074 3133 1174 3197 τὰς
1217 3127 1479 3204 μαντείας
1513 3126 1624 3181 ἀπὸ
1645 3123 1896 3197 καρδίας,

1975 643 2083 700 que
2103 629 2216 700 jam
2239 626 2417 683 factus
2445 633 2550 692 est,
2576 641 2690 681 non
2710 623 2891 696 qualis
2912 632 3042 679 ante
3091 621 3326 689 solebat,
3373 622 3571 687 lalsus,

1975 723 2075 780 sed
2096 723 2151 778 vi
2175 722 2362 777 divina
2376 729 2433 777 et
2456 719 2722 776 ineffabili
2747 727 2950 790 praeter
2974 733 3127 788 spem
3153 716 3210 772 in
3228 717 3573 772 contrarium

1975 824 2062 874 est
2085 831 2406 874 conversus.
2452 814 2575 870 Non
2627 813 2777 868 enim
2811 811 3120 878 maledixit,
3168 809 3266 866 sed
3288 793 3578 865 benedixit

1976 911 2163 983 potius
2185 909 2394 976 Israeli,
2422 917 2479 963 et
2505 906 2563 962 in
2590 905 2820 961 acerbos
2862 905 3083 960 dolores
3106 903 3346 974 conjecit
3392 902 3574 959 Balac.
3605 952 3616 983 ί

1980 1003 2073 1059 Sic
2115 1017 2355 1073 namque
2392 1001 2662 1071 scriptum
2686 1007 2808 1054 est:
2852 1016 2871 1048 ι
2918 967 3256 1068 Indignatus
3282 1006 3368 1052 est
3417 967 3612 1049 B‘alacl

1979 1094 2249 1150 adversus
2270 1093 2511 1157 Balaam,
2530 1101 2586 1147 et
2609 1088 2904 1161 complosit
2928 1103 3124 1143 manus
3152 1104 3302 1154 suas,
3329 1096 3388 1142 et
3439 1086 3581 1141 dixit

1978 1187 2141 1244 Balac
2163 1187 2230 1243 ad
2254 1186 2515 1242 Balaam:
2545 1185 2617 1241 Ut
2643 1182 3007 1239 malediceres
3058 1182 3284 1236 inimico
3324 1197 3449 1237 meo
3488 1196 3582 1236 vo—

1981 1281 2101 1337 cavi
2126 1287 2445 1347 te;eteece
2461 1277 2799 1333 benedicens
2842 1274 3179 1330 benedixisti
3218 1289 3347 1328 eum
3390 1274 3577 1328 tertio.

1980 1376 2050 1432 Et
2065 1374 2205 1431 dixit
2230 1373 2448 1429 Balaam
2475 1371 2544 1427 ad
2569 1370 2731 1426 Balac
2756 1387 2769 1424 :
2793 1369 2989 1424 Nonne
3012 1368 3181 1423 etiam
3207 1366 3421 1421 nuntiis
3448 1366 3579 1430 tuis,

1982 1485 2125 1541 quos
2180 1467 2380 1523 misisti
2418 1465 2493 1527 ad,
2534 1481 2646 1531 me,
2673 1466 2895 1520 locutus
2919 1477 3041 1517 sum
3069 1460 3263 1516 dicens
3300 1476 3314 1512 :
3350 1459 3407 1513 Si
3446 1456 3584 1511 mihi

1989 1556 2147 1634 193
2166 1561 2388 1618 dederit
2408 1559 2573 1615 Balac
2597 1558 2819 1629 plenam
2843 1556 3072 1611 domum
3097 1568 3255 1609 suam
3281 1559 3511 1623 argento
3529 1557 3587 1605 et

1985 1672 2145 1721 auro,
2185 1659 2506 1724 nonpolero
2532 1648 2816 1722 praeterire
2867 1646 3099 1703 verbum
3144 1644 3384 1709 Domini,
3426 1651 3487 1698 ut
3510 1640 3590 1697 fa-

1986 1748 2127 1803 ciam
2151 1744 2254 1816 ipsi
2279 1743 2489 1799 bonum
2513 1749 2611 1796 aut
2647 1738 2856 1795 malum
2889 1755 2920 1793 a
2945 1754 3032 1793 me
3059 1737 3220 1808 ipso?
3243 1749 3589 1807 quaecunque

1989 1838 2194 1894 dixerit
2243 1834 2382 1891 mihi
2426 1834 2596 1900 Deus,
2637 1832 2757 1888 haec
2810 1831 3056 1886 dicam".
3100 1849 3119 1880 ›
3166 1827 3593 1885 Consueverunt

1991 1933 2143 1989 enim
2181 1930 2303 1986 falsi
2339 1927 2682 1984 divinatores
2709 1926 2778 1980 iis
2801 1939 3025 1996 quoque
3048 1922 3342 1978 fallacibus
3371 1920 3451 1976 uti
3489 1935 3591 1975 vo-

1989 2027 2167 2091 cibus,
2209 2041 2272 2080 ac
2298 2022 2561 2078 simulare
2593 2035 2653 2075 se
2680 2016 3096 2074 sciscitantibus
3124 2031 3319 2071 verum
3362 2012 3592 2068 omnino

1990 2134 2378 2193 responsuros.
2438 2117 2532 2173 Sic
2581 2116 2748 2187 igitur
2800 2113 3024 2178 habeto,
3050 2127 3244 2167 verum
3270 2108 3445 2179 loqui,
3470 2121 3594 2163 esse

1990 2217 2060 2273 ab
2080 2217 2490 2271 incantatorum
2535 2221 2592 2269 et
2608 2224 2896 2282 magorum
2913 2217 3031 2263 arte
3048 2219 3281 2277 prorsus
3304 2202 3583 2257 alienum:

1995 2310 2114 2367 ﬁeri
2140 2318 2329 2365 autem
2371 2305 2653 2362 interdum
2677 2314 2792 2359 uta
2826 2303 2940 2357 Deo
2971 2299 3180 2355 veritas
3236 2296 3592 2366 adiungatur,

1994 2411 2057 2459 ut
2076 2401 2421 2459 nefariorum
2463 2397 2751 2454 hominum
2793 2394 2963 2451 animi
2996 2390 3358 2465 praedictione
3407 2399 3596 2442 rerum

1993 2497 2309 2554 futurarum
2332 2495 2695 2551 vehementer
2722 2497 2982 2561 aestuent.

2069 2678 2269 2735 PALL.
2290 2675 2599 2733 Assentior.

2068 2771 2228 2828 CYR.
2256 2771 2391 2825 Nam
2431 2769 2616 2827 odisse
2652 2765 2826 2821 Deum
2862 2757 3183 2830 huiusmodi
3219 2757 3337 2812 sive
3360 2753 3603 2825 magicas

1999 2864 2349 2936 disciplinas,
2376 2861 2493 2917 sive
2518 2866 2727 2914 temere
2760 2854 2911 2910 fusas
2931 2866 3117 2915 voces,
3156 2861 3361 2918 easque
3399 2841 3603 2899 dissol-

1999 2975 2155 3025 vere,
2199 2958 2413 3027 liquere
2450 2952 2658 3024 poterit
2701 2964 2771 3006 ex
2808 2948 2930 3019 ejus
2974 2943 3183 3008 verbis,
3227 2955 3355 2997 cum
3402 2937 3543 2992 dicit
3586 2952 3602 2991 :

2009 3074 2027 3106 ι
2068 3053 2183 3124 Ego
2216 3049 2487 3105 Dominus
2528 3046 2675 3100 Deus
2712 3044 2768 3108 ἰς
2815 3061 2833 3093 ι
2872 3048 2932 3095 et
2980 3036 3047 3093 ad
3099 3036 3219 3091 haec
3262 3040 3527 3103 praeterea
3587 3044 3602 3082 :

2011 3166 2029 3197 ι
2059 3119 2196 3212 Quis
2217 3141 2360 3197 alius
2383 3136 2677 3207 dissipabit
2712 3134 2867 3204 signa
2915 3128 3243 3201 pythonum,
3286 3131 3344 3178 et
3386 3119 3605 3175 divina-

283 3214 667 3311 ἀποστρέφων
692 3232 994 3306 φρονίμους
1016 3229 1097 3292 εἰς
1122 3227 1191 3280 τά
1211 3224 1409 3287 ὀπίσω,
1448 3214 1545 3276 καὶ
1566 3221 1668 3282 τὴν
1703 3217 1901 3290 βουλὴν

2006 3238 2186 3294 tiones
2209 3234 2278 3290 de
2302 3231 2489 3296 corde,
2517 3234 2850 3285 convertens
2866 3220 3171 3294 prudentes
3197 3224 3530 3275 retrorsum,
3549 3216 3610 3265 et

284 3335 473 3392 αὐτῶν
523 3327 821 3403 μωρεύων,
863 3324 960 3379 καὶ
1001 3319 1166 3376 ίστῶν
1220 3319 1443 3391 ῥήματα
1498 3314 1690 3376 παιδὸς
1734 3308 1901 3365 αὐτοῦ

2008 3327 2306 3387 consilium
2348 3337 2546 3380 eorum
2591 3320 2822 3375 stultum
2880 3311 3131 3369 faciens?
3185 3318 3243 3365 et
3273 3304 3611 3362 conﬁrmans

285 3431 385 3486 καὶ
440 3427 547 3499 τὴν
607 3420 807 3497 βουλὴν
853 3418 963 3472 τῶν
1002 3414 1257 3485 ἀγγέλων
1305 3406 1474 3466 αὑτοῦ
1522 3404 1807 3478 ἀληθεύων
1834 3422 1848 3471 ;
1878 3422 1896 3455 ι

286 3496 585 3585 Μαντείας
610 3496 720 3591 μὲν
753 3516 865 3588 γὰρ
909 3510 1011 3577 τὰς
1041 3510 1152 3565 ἀπὸ
1196 3506 1451 3580 καρδίας,
1482 3502 1686 3564 ἑώλους
1718 3515 1778 3552 τε
1810 3496 1907 3551 καὶ

287 3615 625 3691 ψευδοεπεῑς
678 3609 1011 3680 ἀποφαίνειο
1067 3602 1165 3658 τοῦ
1212 3618 1278 3673 γε
1338 3599 1446 3671 μὴν
1506 3596 1638 3651 ἰδίου
1695 3590 1904 3655 παιδὸς,

289 3684 554 3766 τουτέστι
588 3702 855 3779 Χριστοῦ,
888 3701 1071 3756 πάντα
1109 3696 1210 3769 μὲν
1259 3694 1446 3762 ἵστησι
1497 3691 1656 3758 λόγον
1677 3703 1691 3719 ⁸
1717 3686 1818 3759 τὴν
1852 3684 1908 3737 δὲ

294 3802 503 3875 βουλὴν
552 3775 667 3853 τῶν
719 3794 968 3864 ἀγγέλων
1012 3787 1205 3852 αὐτοῦ,
1247 3784 1550 3849 τουτέστιν,
1580 3781 1617 3835 ἃ
1673 3779 1741 3833 ἂν
1780 3775 1908 3850 βού-

294 3874 480 3950 λοιντο
511 3891 725 3954 λαλεῖν,
777 3888 828 3941 οἱ
874 3886 975 3957 τῆς
1025 3885 1112 3938 ἐπ’
1157 3879 1323 3937 αὐτοῦ
1375 3878 1614 3940 πίστεως
1644 3874 1909 3946 κήρυκες,

294 3987 481 4041 ταῦτα
510 3983 571 4038 δὲ
599 3981 781 4035 πάντα
811 3976 1072 4049 ἀληθείας
1102 3973 1327 4046 ἔμπλεω
1355 3968 1612 4031 δεικνύει,
1660 3964 1913 4037 σημείοις

298 4098 360 4134 τε
391 4079 494 4133 καὶ
542 4074 743 4148 τέρασι
791 4067 1271 4150 προσμαρτυρῶν.ι
1298 4064 1394 4118 καὶ
1433 4065 1555 4125 ταῖς
1589 4058 1784 4121 ἄλλαις
1814 4053 1911 4108 τοῦ

308 4170 646 4242 Πνεύματος
675 4164 1008 4238 ἐνεργείαις.
1045 4162 1193 4231 Ἔφη
1223 4158 1281 4212 δέ
1316 4174 1421 4210 που
1440 4153 1633 4221 πάλιν,
1663 4165 1913 4205 κατονει-

301 4240 475 4332 eccm
497 4262 619 4318 τισὶ
665 4260 737 4316 τὰ
792 4257 929 4313 Θεοῦ
960 4256 1114 4328 νόμῳ
1153 4246 1660 4321 κεκιϐδηλευμένα·
1702 4263 1720 4295 ι
1750 4240 1915 4313 Στῆθι

302 4361 492 4416 τοίνυν
521 4360 582 4412 ὲν
614 4356 736 4420 ταῖς
769 4350 1048 4414 ἐπαοιδαῖς
1094 4364 1213 4413 σου,
1250 4344 1348 4399 καὶ
1389 4345 1455 4413 τῇ
1487 4338 1657 4411 πολλῇ
1690 4352 1917 4407 φαρμα-

304 4455 435 4526 κείᾳ.
482 4468 606 4514 σου,
641 4448 679 4504 ἃ
716 4445 1022 4520 ἐμάνθανες
1049 4443 1116 4495 ὲκ
1155 4435 1411 4509 νεότητός
1467 4450 1586 4494 σου,
1617 4433 1667 4484 εἰ
1711 4428 1918 4499 δυνήσῃ

306 4520 703 4616 ὡφέληθῆναν
742 4536 1083 4598 κεκοπίακας
1113 4535 1173 4586 ὲν
1203 4532 1323 4594 ταῖς
1370 4526 1586 4599 βουλαῖς
1635 4540 1751 4587 σου,
1792 4520 1922 4591 στή-

2008 3425 2179 3482 verba
2216 3422 2376 3494 pueri
2420 3420 2532 3484 sui,
2559 3426 2617 3473 et
2653 3414 2985 3473 sententiam
3020 3408 3345 3465 nuntiorum
3380 3417 3609 3459 suorum

2010 3532 2197 3573 veram
2227 3512 2597 3585 comprobans
2618 3509 2684 3562 9?
2716 3529 2733 3560 ι
2765 3505 3144 3563 Divinationes
3168 3500 3319 3555 enim
3343 3497 3411 3553 de
3442 3494 3613 3551 corde

2006 3613 2244 3684 iactatas
2266 3623 2437 3662 vanas
2476 3622 2541 3661 ac
2555 3602 2851 3658 mendaces
2874 3593 3269 3660 ostendit;sed
3305 3590 3464 3663 pueri
3502 3589 3611 3653 sui,

2012 3702 2071 3758 id
2093 3710 2198 3765 est,
2222 3698 2454 3763 Christi,
2480 3695 2663 3751 omnia
2701 3692 2870 3748 verba
2907 3687 3199 3745 conﬁrmat
3232 3700 3245 3736 :
3283 3678 3615 3737 sententiam

2013 3812 2181 3869 porro
2206 3794 2532 3851 nuntiorum
2557 3802 2808 3851 suorum,
2851 3783 2904 3839 id
2930 3790 3116 3838 autem
3138 3786 3243 3841 est,
3273 3784 3617 3846 quaecunque

2014 3890 2294 3947 voluerint
2327 3885 2480 3957 loqui
2523 3882 2671 3946 ﬁdei,
2699 3895 2823 3950 qua:
2847 3878 2904 3931 in
2940 3890 3069 3931 eum
3108 3871 3367 3932 habelur,
3388 3879 3618 3936 xpraaco-

2014 3999 2135 4048 nes,
2170 3982 2291 4037 haec
2325 3978 2554 4034 omnino
2593 3971 2845 4030 veritatis
2889 3984 3011 4023 esse
3043 3966 3207 4037 plena
3238 3962 3616 4019 demonstrat,

2017 4041 2280 4130 cumillis
2302 4068 2477 4139 signis
2509 4074 2676 4134 atque
2710 4056 2982 4132 prodigiis
3033 4058 3353 4116 altestetur,
3398 4054 3455 4099 et
3494 4041 3621 4095 aliis

2019 4163 2260 4236 Spiritus
2296 4159 2469 4216 sancti
2521 4152 2955 4227 operationibus.
3004 4146 3154 4203 Dixit
3184 4141 3351 4225 etiam
3403 4150 3618 4195 rursus,

2019 4231 2148 4315 cum
2188 4253 2523 4327 quibusdam
2560 4250 2702 4304 facta
2755 4261 2878 4316 qure
2911 4241 3012 4296 Dei
3051 4239 3171 4308 lege
3207 4231 3620 4303 improbantur,

2020 4323 2380 4423 exprobraret
2411 4365 2425 4401 :
2459 4365 2477 4397 ί
2519 4344 2612 4400 Sta
2640 4341 2804 4412 igitur
2826 4338 2880 4392 in
2918 4328 3389 4390 incantationibus
3414 4323 3542 4385 tuis,
3567 4329 3625 4375 et

2024 4445 2082 4501 in
2114 4442 2307 4499 multis
2335 4436 2621 4495 veneﬁciis
2660 4433 2792 4495 tuis,
2843 4443 2967 4501 quae
2987 4421 3232 4481 didicisti
3269 4420 3615 4490 ajuveutute

2027 4547 2120 4594 tua
2143 4553 2163 4605 ;
2184 4536 2230 4592 si
2266 4531 2476 4605 poteris
2511 4527 2695 4601 juvari
2725 4544 2742 4593 ;
2785 4520 3049 4581 laborasti
3079 4518 3139 4581 in
3183 4511 3428 4571 consiliis
3472 4508 3579 4563 tuis
3609 4524 3624 4560 :

309 4656 499 4695 τωσαν
531 4636 632 4691 καὶ
669 4629 1003 4688 σωσάτωσάν
1033 4645 1093 4682 σε
1117 4628 1167 4680 οἱ
1195 4621 1516 4695 ἀστρολόγοι
1543 4616 1637 4672 τοῦ
1664 4613 1896 4686 ούρανοῦ

2029 4599 2177 4689 stent
2198 4599 2496 4684 et-salvent
2515 4599 2571 4677 te
2618 4617 2879 4687 astrologi
2911 4612 3058 4677 coeli,
3108 4608 3205 4680 qui
3238 4599 3626 4671 contemplan—

310 4733 363 4787 οἱ
420 4728 669 4802 ὁρῶντες
706 4725 835 4786 τοὺς
871 4719 1127 4790 ἀστέρας,
1169 4709 1652 4783 ἀναγγειλάτωσάν
1701 4723 1785 4760 σοι
1817 4706 1845 4758 ὃ
1868 4721 1920 4758 τι

316 4827 510 4901 μέλλει
552 4824 650 4878 ἐπὶ
701 4819 762 4874 σὲ
819 4815 1139 4890 ἔρχεσθαι.»
1192 4813 1360 4886 Ὁρᾷς
1418 4803 1514 4862 οὖν
1558 4804 1634 4869 ὡς
1684 4802 1922 4873 γέλωτος

313 4896 480 4984 ἀξίαν
530 4914 630 4969 καὶ
681 4908 936 4979 ἀνωφελῆ
989 4902 1271 4965 παντελῶς
1290 4901 1390 4972 τὴν
1421 4898 1700 4969 ἐπάρατον
1726 4896 1924 4965 ἀστρο-

315 5008 584 5080 γοητείαν
636 5002 936 5072 ἀπελέγχει
973 4998 1126 5063 Θεὸς.
1167 4996 1292 5051 Ὅτι
1339 4994 1397 5048 δὲ
1427 4991 1592 5046 πάλιν
1624 4989 1830 5060 πρέποι
1860 4987 1926 5040 ἂν

316 5079 470 5172 αὐτῷ
503 5100 601 5154 καὶ
635 5097 783 5170 μόνῳ
823 5094 886 5148 τὸ
918 5090 1213 5164 νημερτὲς,
1265 5086 1363 5142 καὶ
1392 5086 1453 5140 τὸ
1474 5086 1693 5155 ἕτοιμον
1733 5082 1815 5146 εἰς
1843 5079 1931 5133 λό-

316 5209 455 5265 γους
491 5194 625 5255 τοὺς
659 5189 791 5262 περὶ
831 5186 941 5241 τῶν
973 5182 1194 5238 ἔσεσθαι
1228 5177 1702 5252 προσδοκωμένων
1745 5174 1928 5229 ἀπλα-

317 5287 454 5353 νῶς,
494 5285 664 5341 ἄκουε
697 5281 954 5351 λέγοντος
978 5276 1066 5331 διὰ
1091 5274 1279 5346 φωνῆς
1316 5273 1546 5328 Ἡσαΐου
1568 5287 1583 5303 ο
1623 5290 1640 5321 ι
1669 5266 1933 5339 Μνήσθη-

318 5402 383 5439 τε
411 5380 616 5447 ταῦτα,
650 5377 748 5432 καὶ
771 5372 1066 5439 στενάξετε
1090 5388 1104 5403 ·
1137 5369 1534 5443 μετανοήσατε,
1567 5367 1617 5421 οἱ
1647 5363 1933 5434 πεπλανη-

325 5478 512 5549 μένοι,
561 5469 938 5547 ὲπιστρέιίίατε
978 5469 1048 5540 τῇ
1104 5466 1327 5539 καρδίᾳ,
1387 5466 1484 5520 καὶ
1549 5459 1826 5534 μνήσθητε
1863 5457 1935 5513 τὰ

324 5571 578 5640 πρότερα
608 5563 833 5620 ἀπὸτοῦ
858 5561 1061 5625 αἰῶνος
1080 5577 1095 5592 ο
1123 5561 1209 5614 ὅτι
1237 5556 1348 5627 ἐγώ
1382 5559 1499 5627 εἰμι
1533 5554 1687 5620 Θεὸς,
1716 5551 1808 5607 καὶ
1831 5552 1936 5606 οὐκ

325 5664 482 5719 εστιν
519 5658 665 5730 πλὴν
712 5652 883 5727 ἐμοῦο
920 5650 1272 5722 ἀναγγέλλων
1313 5647 1577 5721 πρότερον
1611 5646 1680 5701 τὰ
1729 5643 1938 5714 ἔσχατα

329 5761 465 5829 πρὶν
494 5751 641 5812 αὺτά
660 5747 942 5821 γενέσθαι,
976 5747 1069 5801 καὶ
1092 5745 1209 5817 ἅμα
1237 5739 1619 5812 συνετελέσθηᾲ
1648 5740 1757 5795 Καὶ
1780 5733 1934 5793 εἶπα·

2031 4733 2121 4781 tur
2146 4720 2371 4785 stellas;
2403 4714 2737 4772 annuntient
2777 4708 2880 4763 tibi
2932 4704 3070 4777 quid
3114 4706 3413 4756 venturum
3455 4692 3527 4782 sit
3572 4690 3627 4743 in

2034 4827 2086 4875 te
2119 4817 2182 4870 ¹⁰.
2232 4834 2250 4866 ›
2274 4812 2445 4868 Vides
2471 4809 2638 4880 igitur
2677 4800 2957 4876 quomodo
2989 4798 3104 4852 risu
3142 4793 3363 4863 dignam
3394 4795 3450 4842 ct
3471 4778 3631 4880 pror-

2030 4919 2126 4960 sus
2158 4900 2434 4961 inutilem,
2485 4871 2635 4950 illam
2665 4871 3069 4946 eisecrabilem
3116 4896 3183 4937 ex
3211 4885 3492 4932 astrorum
3532 4871 3630 4923 ob-

2030 4994 2345 5053 servatione
2369 4986 2768 5044 divinationem
2798 4976 3047 5049 coarguit
3086 4972 3252 5026 Deus.
3282 4965 3392 5037 Ipsi
3417 4976 3547 5017 vero
3574 4968 3632 5013 et

2031 5087 2259 5160 quidem
2282 5082 2387 5140 soli
2414 5076 2715 5139 convenire
2756 5073 3069 5133 veritatem,
3113 5078 3222 5135 qua
3255 5057 3633 5132 praedicuntur

2033 5198 2100 5240 ea
2145 5195 2269 5251 ίιιιεε
2306 5185 2458 5234 001⁸ιο
2497 5179 2769 5231 eventura
2807 5170 3124 5238 sperantur,
3165 5173 3234 5214 8X
3287 5168 3353 5210 eo
3395 5162 3633 5222 agnosce

2035 5270 2184 5344 quod
2231 5285 2331 5340 per
2368 5267 2521 5323 Isaia“:
2556 5276 2751 5318 vocem
2805 5257 3051 5329 loquitur
3102 5270 3115 5306 :
3166 5269 3184 5303 ι
3238 5238 3634 5303 Recordamini

2036 5339 2258 5430 borum,
2289 5371 2346 5420 et
2369 5358 2748 5433 ingemiscite;
2788 5348 3173 5425 paenitentiam
3217 5344 3383 5416 agite,
3422 5339 3517 5411 qui
3541 5353 3637 5393 er-

2037 5459 2208 5525 ratis;
2235 5450 2626 5513 convertimini
2663 5446 2855 5511 corde,
2887 5452 2943 5499 et
2982 5434 3356 5498 recordamini
3387 5432 3638 5504 priorum

2039 5568 2071 5608 a
2093 5551 2315 5615 sreculo,
2340 5547 2472 5619 quia
2499 5541 2662 5615 194
2680 5556 2783 5612 ego
2811 5554 2934 5595 sum
2956 5537 3124 5599 Deus,
3154 5541 3210 5588 et
3244 5545 3356 5585 non
3380 5534 3464 5583 est
3501 5537 3643 5595 pra:-
3733 5570 3748 5582 ,

2042 5654 2126 5703 ter
2173 5660 2300 5710 me;
2335 5641 2431 5712 qui
2483 5635 2752 5694 annuntio
2794 5632 2952 5704 prius
2989 5624 3289 5684 novissima
3344 5627 3639 5688 antequam

2045 5738 2201 5803 ﬁant,
2243 5707 2301 5791 et
2339 5707 2503 5791 simul
2541 5734 2922 5788 consummata
2971 5721 3102 5779 sint.
3141 5718 3212 5774 Et
3249 5712 3363 5771 dixi
3413 5729 3427 5766 :
3467 5707 3642 5764 Omne

413 5934 797 6001 ’Num.xxxv,
839 5932 1016 5988 10-15.
1083 5897 1527 5993 .‘lsa.xuv,21.
1608 5924 1909 5983 omnes.
1993 5922 2161 5977 “'Isa.
2191 5934 2352 5984 mu,
2386 5913 2580 5983 12,15.
