4104 6452
539 442 651 497 445

1581 436 1636 493 S.
1679 438 1957 495 CYRILLI
1995 434 2466 492 ALEXANDIHM
2501 436 2819 486 AltUllllLl’.

3724 440 3822 488 4411

538 568 722 611 meum
762 552 1052 608 consilium
1103 550 1306 617 stabit;
1359 558 1413 605 et
1444 551 1627 606 omnia
1669 568 2014 623 quaacunque
2048 550 2113 605 de

2244 543 2405 598 Πᾶσά
2443 561 2548 615 μου
2582 544 2615 615 ἡ
2645 543 2809 615 βουλὴ
2839 544 3113 613 στήσεται,
3147 544 3242 597 καὶ
3273 544 3453 599 πάντα
3490 546 3594 600 ὅσα
3638 546 3820 617 βούλο-

538 646 710 710 crevi,
746 644 940 699 faciam
968 643 1030 697 ".
1074 662 1093 695 ι
1149 642 1263 698 Soli
1306 641 1476 714 igitur
1517 644 1650 709 Deo,
1701 646 1795 716 qui
1844 652 1931 701 est
1970 660 2133 715 supra

537 737 742 801 omnia,
769 752 799 791 a
827 735 991 791 nobis
1014 743 1100 792 est
1143 735 1536 801 tribuendum,
1579 735 1763 792 futura
1806 750 1922 794 tum
1971 738 2134 808 plane

536 829 698 893 scire,
728 839 842 884 tum
870 842 1001 882 vero
1036 842 1196 897 posse
1223 835 1376 882 certe
1419 827 1763 898 praedicere;
1798 845 1957 900 nugte
2000 841 2134 882 vero

541 920 730 976 futiles
774 928 831 975 et
850 918 1025 975 aniles
1064 918 1298 984 fabellae,
1334 912 1567 975 fallaciae
1605 935 1826 991 quoque
1886 919 1950 974 a'c
1991 933 2133 989 pra:-

535 1012 711 1082 stigiae
744 1020 894 1078 sunt,
926 1028 1048 1083 quae
1085 1011 1154 1067 ab
1177 1012 1303 1066 aliis
1345 1010 1773 1082 proficiscuntur
1821 1031 1833 1065 ε
1874 1011 1972 1082 qui
2006 1010 2133 1066 cum

535 1104 649 1159 sint
695 1112 881 1159 mente
918 1113 1202 1175 corrupta,
1242 1104 1311 1158 de
1354 1093 1522 1160 corde
1568 1120 1670 1160 suo
1708 1104 2033 1175 loquuntur,
2072 1110 2136 1158 ut

533 1196 805 1266 scriptum
845 1204 931 1251 est
952 1237 967 1262 ,
995 1205 1050 1251 et
1065 1212 1132 1252 ex
1154 1195 1393 1251 falsitate
1408 1197 1664 1267 paranda:
1679 1194 1928 1267 pecunia:
1969 1211 2132 1251 occa-

533 1289 748 1344 sionem
782 1297 1059 1359 quaerunt.

603 1380 807 1435 PALL.
850 1381 1057 1435 Verum
1096 1387 1200 1435 est.
1232 1378 1326 1435 Sic
1366 1379 1517 1435 enim
1550 1395 1609 1436 se
1650 1395 1741 1435 res
1764 1379 1937 1437 habet
1970 1395 2130 1452 pror-

534 1488 650 1529 SUS.

601 1564 760 1620 CYR.
798 1563 882 1619 Ab
906 1563 1009 1618 hac
1048 1564 1215 1634 igitur
1239 1579 1457 1634 quoque
1492 1578 1551 1618 re
1589 1561 2031 1629 abstinebimus;
2074 1571 2132 1619 et

528 1654 724 1710 relicta
750 1670 1012 1725 perversa
1042 1655 1149 1719 via,
1180 1670 1280 1724 per
1308 1664 1512 1709 rectam
1540 1654 1896 1722 incedemus;
1925 1671 1989 1710 ac
2014 1655 2129 1710 Deo

530 1760 753 1816 semper
775 1747 971 1802 eodem
998 1746 1161 1802 modo
1186 1746 1512 1812 innitemur,
1536 1754 1926 1803 etsanctorum
1952 1748 2128 1802 homi-

526 1853 663 1892 num
692 1838 924 1894 vocibus
947 1837 1240 1893 veritatem
1270 1837 1600 1894 tribuemus.

596 1930 796 1986 PALL.
824 1931 893 1986 Et
914 1931 1138 2001 quidem
1169 1932 1427 1987 maxime.

598 2021 757 2077 CYR.
785 2021 928 2089 Quid
949 2023 1099 2078 ?non
1128 2022 1263 2077 illud
1291 2038 1514 2093 quoque
1540 2032 1809 2094 praeterea
1835 2040 2125 2081 exsecran-

524 2112 657 2167 dum
686 2112 1027 2183 putabimus,
1058 2121 1388 2184 partemque
1413 2130 1535 2170 esse
1559 2115 1809 2172 dicemus
1834 2118 2124 2188 gentilium

522 2200 856 2275 impietatis,
908 2206 1020 2276 igni
1067 2216 1124 2261 et
1149 2221 1293 2277 aqua
1342 2206 1576 2278 purgari
1621 2209 1863 2275 scilicet,
1905 2217 1963 2265 et
2000 2209 2125 2265 aliis

521 2298 854 2370 quibusdam
889 2299 1163 2371 ejusmodi
1199 2300 1223 2354 ?

588 2388 789 2444 PALL.
828 2389 1062 2445 Maxime
1127 2406 1281 2446 vero.
1331 2392 1523 2463 Itaque
1573 2392 1761 2448 divina
1814 2394 1902 2449 lex
1938 2394 2119 2450 dixit:

529 2497 547 2529 ι
578 2478 699 2533 Non
735 2478 1055 2534 invenietur
1106 2479 1164 2534 in
1219 2487 1273 2536 te
1318 2496 1563 2554 purgans
1599 2482 1774 2539 ﬁlium
1819 2500 1983 2540 suum
2026 2493 2123 2542 aut

520 2567 689 2625 ﬁliam
717 2585 876 2625 suam
908 2571 1021 2642 igni
1049 2572 1114 2626 ¹².
1150 2592 1168 2624 ι

591 2742 748 2801 CYR.
776 2747 950 2814 Quam
978 2759 1127 2807 recte
1152 2751 1239 2807 lex
1262 2752 1425 2809 nobis
1457 2754 1562 2810 ista
1589 2759 2003 2827 pronuntiavit,
2040 2771 2116 2827 et,

520 2851 591 2890 ne
621 2835 835 2903 fierent,
874 2841 1191 2911 prohibuit!
1238 2845 1498 2900 Estenim
1527 2863 1591 2902 ea
1634 2865 1744 2916 res,
1798 2860 1858 2906 ut
1897 2853 2115 2923 opinor,

521 2929 853 2987 temeritatis
891 2933 1075 3002 plena,
1116 2944 1174 2990 et
1215 2937 1448 2994 rationis
1487 2941 1709 3011 optimae
1742 2957 1811 2999 ac
1852 2945 2120 3016 sapientis

520 3036 721 3090 expers
752 3041 764 3075 :
790 3039 957 3093 quam
982 3025 1132 3081 enim
1165 3027 1461 3085 utilitatem
1490 3032 1693 3088 all‘erre
1741 3034 1903 3091 nobis
1943 3038 2119 3107 possit

518 3110 663 3182 ignis
681 3116 922 3170 natura?
943 3119 1222 3187 quomodo
1241 3122 1409 3176 etiam
1429 3122 1577 3179 faces
1605 3124 1661 3180 in
1683 3126 1876 3181 orbem
1899 3128 2117 3199 agitata:

518 3220 645 3259 eum
673 3207 768 3277 qui
813 3211 1079 3278 peccarit,
1108 3211 1390 3269 liberare?
1412 3214 1561 3271 Eris
1580 3217 1828 3288 quidem,
1857 3230 1952 3276 aut
1975 3221 2115 3277 alte-

516 3292 637 3348 rius
664 3295 936 3366 ejusmodi
976 3301 1223 3357 materiae
1262 3305 1458 3361 sordes
1504 3310 1766 3379 excoquit
1799 3310 1884 3366 vis
1926 3311 2112 3384 ignis;

517 3381 720 3435 mentis
735 3390 921 3439 autem
943 3393 1036 3440 aut
1069 3389 1266 3446 anima:
1288 3392 1663 3463 impuritatem
1687 3413 1928 3469 quonam
1953 3381 2118 3457 modo

518 3475 840 3529 consumat?
863 3475 1057 3533 Nonne
1080 3479 1248 3551 igitur
1289 3483 1408 3539 haec
1438 3486 1672 3544 ridicula
1698 3499 1847 3558 sunt,
1870 3499 1925 3547 et
1947 3508 2119 3549 vana-

519 3577 643 3617 rum
677 3567 1077 3638 cogitationum
1106 3578 1464 3632 commenta?

586 3652 785 3711 PALL.
818 3658 900 3713 Ita
926 3676 1175 3731 prorsus.

588 3744 747 3802 CYR.
795 3749 1188 3812 Libentissime
1227 3764 1413 3814 autem
1468 3759 1536 3815 iis
1581 3762 1674 3832 qui
1714 3762 1861 3820 inter
1893 3765 2115 3825 Graecos

515 3839 719 3910 egregii
748 3840 1044 3912 habentur,
1074 3848 1282 3919 quique
1304 3849 1621 3922 hujusmodi
1655 3856 1835 3927 turpia
1860 3858 2113 3916 instituta

515 3938 572 3984 et
598 3930 950 4001 invenerunt,
992 3944 1049 3992 et
1072 3938 1197 3994 aliis
1238 3941 1609 4011 tradiderunt,
1653 3948 1911 4018 equidem
1953 3952 2112 4009 dixe-

514 4018 618 4072 rim
648 4038 660 4073 :
686 4020 843 4087 Quod
870 4033 1114 4081 vestrum
1140 4036 1225 4084 est
1241 4031 1588 4110 consilium?
1624 4052 1742 4105 vos,
1784 4049 2112 4110 praestantes

518 4110 619 4165 viri
641 4129 705 4168 ac
734 4116 1010 4186 sapientes
1032 4104 1249 4191 appello
1270 4165 1284 4191 ,
1321 4140 1448 4181 cum
1490 4127 1711 4202 Tityum
1730 4104 1920 4199 illum,
1940 4151 2108 4205 quem

513 4211 700 4259 ortum
734 4223 803 4262 ex
841 4216 990 4266 terra
1025 4212 1242 4283 dicitis,
1280 4217 1426 4288 apud
1464 4220 1671 4279 inferos
1711 4227 2017 4296 torquetis,
2053 4236 2112 4283 et

514 4297 762 4355 vultures
777 4302 1073 4372 adhibetis,
1097 4308 1193 4378 qui
1220 4316 1479 4384 tanquam
1510 4317 1756 4374 convivae
1774 4319 1963 4390 jecore
2006 4336 2108 4391 pa—

514 4400 760 4457 scantur,
794 4395 941 4463 quod
966 4398 1221 4456 mulieris
1243 4406 1483 4474 speciem
1511 4408 1835 4476 admiratus,
1859 4410 2109 4468 libidinis

514 4482 708 4538 morbo
733 4485 1034 4545 laborarit?
1060 4491 1290 4550 Tantalo
1320 4508 1503 4555 autem
1531 4500 1769 4571 lapidem
1812 4503 2105 4560 imminere

2244 654 2364 707 μαι,
2401 638 2635 708 ποιήσω.
2659 655 2677 688 ι
2716 637 2880 707 Μόνῳ
2909 635 2975 707 δὴ
2998 633 3092 691 οὖν
3124 637 3472 693 ἀνακείσεται
3506 640 3642 710 πρὸς
3669 641 3826 712 ἡμῶν

2238 728 2318 800 τῷ
2358 728 2575 783 πάντων
2619 728 2880 782 ἐπέκεινα
2931 727 3073 799 Θεῷ,
3118 727 3180 782 τὸ
3231 729 3484 784 διειδέναι
3524 748 3585 785 τε
3618 733 3825 801 σαφῶς,

2238 820 2336 875 καὶ
2389 820 2785 892 προαγορεύειν
2839 821 3094 886 ἀπλανῶς
3123 821 3382 876 δύνασθαι
3433 822 3505 876 τὰ
3556 824 3825 894 ἐσόμενα·

2240 911 2391 967 ὖθλοι
2412 912 2469 965 δὲ
2497 912 2672 976 ἄλλως
2700 912 2796 966 καὶ
2838 912 3060 984 γραώδη
3096 913 3363 986 μυθάρια,
3400 915 3737 986 βωμολοχίαι
3768 935 3826 972 τε

2236 1006 2332 1059 καὶ
2360 1005 2708 1077 φενακισμοὶ,
2754 1006 2825 1059 τὰ
2868 1006 2999 1078 παρ’
3025 1005 3250 1079 ἐτέρων,
3293 1008 3343 1061 οἳ
3375 1006 3468 1061 τὸν
3510 1007 3636 1062 νοῦν
3680 1027 3828 1080 παρ-

2236 1096 2528 1168 εφθορότες
2578 1098 2649 1151 τὰ
2688 1096 2796 1151 ἀπὸ
2837 1097 3064 1169 καρδίας
3095 1096 3275 1152 αὐτῶν
3318 1097 3564 1166 λαλοῦσι,
3592 1099 3738 1153 κατά
3770 1100 3829 1153 τὺ

2234 1190 2644 1261 γεγραμμένον,
2673 1192 2767 1244 καὶ
2799 1190 3202 1263 ἀργυρολογίας
3243 1191 3508 1265 ἀφορμὴν
3538 1191 3826 1247 ποιοῦνται

2234 1281 2294 1335 τὸ
2319 1280 2535 1351 ψεῦδος.

2304 1375 2513 1429 ΠΛΛΛ.
2567 1374 2810 1447 Ἀληθές.
2848 1376 3004 1447 Ἔχει
3034 1375 3143 1447 γάρ
3186 1369 3312 1440 ὧδε,
3339 1376 3434 1430 καὶ
3467 1378 3566 1448 οὐχ
3588 1379 3817 1450 ἐτέρως.

2303 1545 2468 1602 ΚΥΡ.
2521 1548 2858 1619 Ἀφεξόμεθα
2917 1549 2982 1622 δὴ
3031 1545 3124 1606 οὖν
3162 1552 3256 1606 καὶ
3298 1552 3474 1616 τοῦδε,
3516 1556 3610 1608 καὶ
3657 1552 3823 1627 οἶμον

2233 1639 2461 1709 ἀφέντες
2507 1640 2605 1711 τὴν
2659 1642 3125 1715 διεστραμμένην,
3176 1636 3519 1719 βαδιούμεθα
3564 1649 3666 1720 τὴν
3728 1653 3818 1705 ἐπ’

2231 1729 2380 1795 εὐθὺ,
2415 1731 2535 1802 Θεῷ
2571 1734 2923 1804 μονοτρόπως
2958 1738 3368 1808 προσκείμενοι,
3415 1740 3514 1793 καὶ
3558 1745 3678 1806 ταῖς
3708 1742 3826 1797 τῶν

2236 1825 2410 1894 ἁγίων
2440 1828 2647 1894 φωναῖς
2675 1825 3138 1900 ἐπιψηφιζόμενοι
3168 1829 3265 1902 τὴν
3289 1831 3574 1904 ἀλήθειαν.

2156 1903 2203 1965 Β
2306 1916 2517 1969 ΠΑΛΛ.
2559 1916 2671 1970 Καὶ
2706 1917 2870 1985 μάλα.

2307 2007 2474 2062 ΚΥΡ.
2517 2008 2583 2061 Τί
2637 2009 2694 2062 δέ
2746 2009 2868 2081 οὐχὶ
2901 2010 3123 2065 κάκεῖνο
3168 2011 3306 2084 πρὸς
3361 2013 3574 2079 τούτοις
3610 2018 3827 2089 ἡγησό-

2230 2097 2372 2169 μεθα
2417 2099 2714 2170 στυγητὸν,
2764 2101 2957 2173 μοῖράν
2994 2120 3053 2155 τε
3084 2097 3221 2158 εἶναί
3266 2121 3449 2177 φαμεν
3489 2107 3820 2181 Ἑλληνικῆς

2235 2186 2554 2259 ἀθεότητος,
2586 2190 2653 2243 τό
2691 2207 2752 2244 τε
2807 2190 3299 2264 περικαθαίρεσθαι
3327 2195 3502 2265 φιλεῖν
3538 2198 3683 2269 τάχα
3717 2217 3827 2253 που

2226 2281 2360 2351 πυρὶ
2393 2282 2487 2334 καὶ
2514 2280 2689 2346 ὕδατι,
2720 2282 2815 2338 καὶ
2855 2283 3065 2356 ἑτέροις
3092 2285 3206 2340 τισὶ
3233 2287 3497 2353 τοιούτοις
3540 2289 3807 2362 τρόποις;

2298 2373 2507 2427 ΠΑΛΛ.
2579 2375 2692 2429 Καὶ
2749 2374 2990 2446 μάλιστά
3046 2394 3130 2447 γε.
3184 2379 3479 2452 Τοιγάρτοι
3528 2383 3624 2436 καὶ
3674 2383 3827 2439 θεῖον

2225 2463 2328 2536 ἐφη
2376 2465 2759 2539 χρησμῴδημα
2798 2468 3017 2539 σαφῶς·
3056 2490 3073 2521 ι
3101 2469 3216 2542 Οὐχ
3245 2472 3601 2545 εὑρεθήσεται
3646 2478 3708 2530 ἐν
3740 2478 3829 2531 σοὶ

2224 2557 2632 2630 περικαθαίρων
2664 2560 2755 2614 τὸν
2790 2561 2906 2615 υἱὸν
2932 2563 3098 2618 αὑτοῦ
3137 2564 3170 2636 ἢ
3203 2565 3303 2638 τὴν
3343 2566 3618 2641 θυγατέρα
3647 2570 3827 2626 αὐτοῦ

2231 2652 2290 2704 ἐν
2318 2650 2470 2724 πυρί.
2500 2669 2518 2702 ι

2299 2742 2467 2798 ΚΥΡ.
2518 2742 2603 2808 Ὠς
2635 2740 2695 2798 εὖ
2717 2761 2781 2815 γε
2821 2747 2954 2818 ἡμῖν
2986 2751 3015 2801 ό
3051 2748 3215 2821 νόμος
3243 2753 3587 2825 προσεφώνει
3627 2763 3815 2825 ταυτὶ,

2223 2836 2318 2890 καὶ
2364 2837 2618 2908 ἀπέφησε
2670 2839 2733 2893 τὸ
2760 2840 2934 2914 δρᾷνί
2972 2842 3327 2919 Είκαιότητος
3374 2850 3485 2923 γάρ
3543 2849 3705 2926 οἶμαι
3758 2860 3829 2913 τὸ

2220 2929 2407 3001 χρῆμα
2461 2931 2679 3002 μεστὸν,
2733 2934 2825 2987 καὶ
2864 2934 3125 3007 λογισμοῦ
3174 2939 3486 3013 τητώμενον
3527 2945 3624 3000 τοῦ
3682 2967 3820 3004 παν-

2220 3016 2444 3088 αρίστου
2475 3023 2572 3074 καὶ
2619 3021 2783 3090 σοφοῦ
2805 3038 2819 3054 ·
2848 3022 3030 3096 ὀνήσει
3053 3028 3157 3100 γάρ
3186 3031 3327 3085 κατά
3363 3033 3483 3087 τίνα
3508 3035 3574 3108 δὴ
3613 3041 3826 3107 τρόπον

2224 3108 2257 3179 ὴ
2489 3111 2638 3181 ἡμᾶς
2667 3113 2862 3181 φύσις;
2893 3118 2987 3170 καὶ
3011 3119 3169 3190 δᾷδες
3212 3124 3281 3177 ’ἐν
3313 3125 3498 3199 κύκλῳ
3525 3132 3819 3202 περιθέου-

2223 3214 2312 3253 σαι
2339 3199 2456 3266 πῶς
2483 3201 2552 3257 ἂν
2586 3204 2850 3270 ἐξέλοιντο
2903 3208 2994 3262 τὸν
3029 3212 3429 3286 ἡμαρτηκότας
3468 3199 3690 3277 Χαλκοῦ
3714 3227 3823 3295 μὲν

2228 3293 2339 3365 γὰρ
2394 3295 2563 3388 ᾕγουν
2632 3298 2827 3371 ἐτέρας
2882 3301 3141 3374 τοιαύτης
3187 3306 3330 3372 τινὸς
3383 3308 3537 3383 ὕλης,
3589 3293 3819 3388 ἐκτήκει

2224 3385 2315 3480 τὸν
2350 3386 2521 3459 ῥύπον
2570 3390 2603 3461 ἡ
2645 3392 2814 3463 πυρὸς
2861 3392 3015 3467 βολὴ.
3061 3397 3175 3451 Νοῦ
3215 3400 3271 3454 δὲ
3318 3403 3413 3457 καὶ
3448 3405 3626 3477 ψυχῆς
3658 3385 3821 3480 esse-

2217 3477 2401 3545 λωσιν,
2418 3481 2541 3535 τίνα
2569 3482 2770 3554 τρόπον
2795 3485 3014 3556 ἀφανιεῖ
3031 3505 3044 3555 ;
3064 3485 3135 3543 *Α
3146 3493 3192 3563 ρ’
3214 3488 3328 3562 οὖν,
3347 3496 3408 3550 ού
3425 3477 3667 3566 γέλωτος
3701 3477 3807 3575 ήδη

2216 3571 2395 3636 ταυτὶ,
2430 3573 2525 3627 καλ⁸
2561 3574 2855 3646 φληνάφων
2887 3580 3106 3637 ἐννοιῶν
3125 3582 3407 3657 εύρέματα
3435 3605 3450 3654 ;

2288 3667 2495 3721 ΠΑΛΛ.
2539 3670 2864 3725 Παντάπασι
2894 3674 2993 3745 μὲν
3016 3670 3129 3732 οὖν.

2285 3757 2452 3812 ΚΥΡ.
2494 3759 2665 3831 Φαίην
2694 3761 2739 3815 δ’
2771 3762 2838 3817 ἂν
2867 3765 2945 3829 ὡς
2974 3767 3172 3838 ἥδιστα
3192 3771 3307 3835 τοῖς
3346 3772 3620 3846 Ἑλλήνων
3649 3777 3814 3849 λογά-

2217 3865 2320 3914 σιν,
2355 3849 2407 3904 οῖ
2445 3850 2555 3905 τῶν
2582 3852 2838 3909 τοιούτων
2873 3856 3118 3931 αίσχρῶν
3151 3863 3607 3935 ἐπιτηδευμάτων
3640 3872 3810 3944 εύρε-
3854 3870 3857 3871 ν

2212 3945 2304 3998 ταὶ
2329 3945 2610 4037 γεγόνασι,
2642 3949 2737 4003 καὶ
2774 3952 2887 4015 τοῖς
2931 3950 3112 4017 ἄλλοις
3146 3956 3442 4028 εἰσηγηταί
3463 3975 3478 3991 ο
3506 3960 3573 4014 Τί
3598 3962 3664 4036 δὴ
3689 3963 3805 4037 ἄρα

2212 4033 2467 4106 δρῶντες,
2493 4031 2538 4091 ὧ
2558 4042 2795 4107 γενναῖοι
2833 4041 2930 4096 καὶ
2966 4046 3142 4113 σοφοὶ,
3175 4045 3268 4101 τὸν
3305 4049 3405 4120 μὲν
3432 4050 3628 4108 Τιτυὸν
3652 4031 3809 4110 ἐκεῖ-

2211 4144 2321 4193 νον,
2347 4128 2407 4183 ὃν
2435 4131 2667 4200 ἐκφύναι
2689 4133 2877 4204 λέγετε
2897 4135 3023 4206 γῆς,
3046 4138 3126 4201 είς
3153 4138 3282 4211 ᾅδου
3309 4142 3591 4209 κολάζετε,
3623 4132 3807 4215 γύπας

2212 4221 2362 4294 αὐτῷ
2395 4227 2774 4297 περιιστάντες
2831 4227 2942 4283 τῶν
2986 4231 3212 4301 ἠπάτων
3265 4232 3617 4307 δαιτυμόνας,
3650 4240 3806 4313 ὥραν

2208 4312 2290 4367 ὅτι
2318 4316 2542 4385 γυναίου
2580 4318 2946 4391 τεθαυμακὼς
2969 4323 3298 4397 ἠρῤώστησε
3329 4329 3429 4399 τὴν
3463 4312 3801 4405 ἐπιθυμίαν;

2210 4406 2471 4480 Ταντάλῳ
2521 4409 2578 4463 δὲ
2623 4409 2769 4465 λίθον
2814 4413 3157 4486 ἐπηρτῆσθαι
3212 4435 3373 4488 φατε,
3406 4424 3502 4476 καὶ
3543 4424 3798 4502 γλώττης

2208 4497 2370 4551 αὐτὸν
2413 4499 2712 4555 ἀκολάστου
2766 4502 3193 4575 εἰσπράττεσθαι
3242 4508 3399 4574 δίκας
3443 4497 3803 4586 μυθολογεῖτε

512 4573 717 4642 dicitis,
762 4594 999 4652 eumque
1032 4584 1456 4657 intemperantis
1491 4591 1694 4662 linguae
1718 4608 1911 4663 poenas
1946 4596 2099 4663 dare,

2218 4593 2319 4654 τοῖς
2346 4591 2525 4659 νέοις;
2554 4593 2754 4648 κύκλου
2786 4594 2844 4649 δὲ
2881 4573 3123 4670 μακραῖς
3155 4601 3251 4655 καὶ
3282 4573 3617 4676 ἀεικινήτοις
3646 4573 3801 4682 περι-

509 4665 699 4734 pueris
723 4669 973 4730 fabulose
998 4676 1253 4732 traditis?
1283 4680 1441 4751 195
1468 4690 1601 4738 rotae
1631 4700 1852 4755 quoque
1879 4685 2101 4743 diutur-

508 4757 597 4813 nis
627 4775 691 4815 ac
714 4772 984 4832 perpetuo
1000 4765 1355 4824 circumactis
1367 4774 1834 4832 conversionibus
1848 4777 2098 4837 Ixionem

508 4851 766 4922 alligatis,
795 4864 852 4909 et
879 4855 936 4909 in
961 4872 1026 4911 ea
1050 4872 1243 4927 poenas
1269 4859 1423 4915 luere
1446 4861 1633 4921 dicitis
1670 4866 1902 4925 fallaciae
1951 4871 2101 4930 illius

506 4958 630 5012 quae
661 4947 861 5001 vestris
886 4947 993 5004 diis
1017 4949 1248 5006 minime
1278 4952 1561 5024 displicuit
1588 4975 1601 5012 :
1635 4975 1736 5017 vos
1770 4961 1922 5034 ipsos
1961 4982 2097 5024 vero

507 5047 572 5087 ac
593 5042 824 5091 caeteros
846 5039 1100 5106 quamvis
1114 5042 1456 5111 gravissimis
1492 5054 1548 5102 tu
1559 5051 1939 5127 rpissimisque
1974 5074 2096 5115 ma—

506 5125 578 5181 lis
600 5130 921 5195 teneamini,
945 5131 1058 5203 igni
1079 5149 1145 5189 ac
1165 5137 1335 5193 ramis
1371 5140 1637 5211 liberatis,
1669 5154 1731 5202 ut
1759 5125 1865 5220 ipsi
1900 5152 2094 5221 opina-

507 5218 645 5272 mini
670 5236 686 5286 ;
710 5226 768 5275 et
782 5220 1171 5290 perditissimis
1195 5228 1515 5290 hominibus
1537 5218 1833 5296 criminum
1856 5218 2094 5300 ablutio-

506 5320 632 5360 nem
661 5309 1004 5367 conceditis?
1027 5315 1187 5390 Tityo
1209 5335 1363 5387 vero,
1412 5339 1599 5393 quaeso
1624 5334 1702 5396 te,
1742 5336 1801 5385 et
1845 5330 1916 5385 iis
1954 5347 2093 5402 quos

509 5397 676 5453 modo
705 5400 1006 5472 nominavi,
1032 5407 1176 5480 ignis
1198 5415 1430 5482 penuria
1447 5415 1677 5474 fortasse
1701 5420 1840 5476 adeo
1865 5422 2094 5480 acerbas

506 5504 700 5583 poenas
722 5491 1023 5564 imposuit?
1051 5499 1215 5574 Atqui
1247 5506 1339 5562 ille
1360 5518 1544 5565 vestra
1570 5512 1831 5583 opinione
1862 5514 2096 5573 furacis-

508 5582 701 5649 simus,
732 5588 827 5656 qui
852 5589 1029 5661 ignem
1053 5595 1120 5650 ad
1164 5597 1418 5656 homines
1446 5582 1663 5670 detulit,
1702 5606 2091 5664 Prometheum

507 5670 652 5738 dieo,
692 5675 736 5730 si
780 5677 921 5735 ullus
959 5684 1187 5739 omnino
1227 5687 1394 5742 etiam
1444 5689 1537 5745 ille
1571 5689 1694 5757 fuit,
1735 5693 1879 5765 ignis
1931 5711 2091 5752 usum

475 5820 487 5936 ἱ
591 5850 631 5881 “
659 5850 762 5909 Isa.
800 5871 980 5916 xxxvi.
1010 5858 1164 5913 8-10.
1246 5863 1287 5897 “
1314 5862 1476 5919 Deut.
1508 5882 1655 5935 tum,
1688 5867 1769 5921 10.

2212 4686 2491 4756 στροφαῖς,
2527 4685 2622 4740 τὸν
2666 4686 2858 4753 Ἰξίονα
2899 4690 3325 4762 καταδήσαντες,
3353 4697 3543 4770 ποινὴν
3563 4701 3801 4776 ἀνατλῆ-

2209 4794 2296 4832 ναι
2326 4777 2420 4829 ἐπὶ
2478 4776 2617 4848 τῷδέ
2655 4796 2813 4847 φατε,
2838 4783 2954 4846 τοῖς
2987 4782 3044 4849 ἐξ
3075 4784 3293 4859 ἀπάτης
3330 4788 3487 4858 ὑμῶν
3542 4792 3646 4848 οὐκ
3680 4798 3795 4850 ἀπ-

2207 4868 2446 4940 ᾴδουσαν
2491 4869 2653 4937 θεοῖς,
2690 4872 2833 4940 σφᾶς
2876 4873 2936 4927 δέ
2963 4875 3162 4942 αὐτοὺς
3210 4881 3305 4934 καὶ
3352 4882 3580 4954 ἑτέρους
3621 4889 3800 4941 καίτοι

2209 4961 2405 5027 δεινοῖς
2441 4962 2537 5015 καὶ
2569 4964 2977 5031 ἐκτοπωτάτοις
2995 4968 3286 5035 ἐναλόντας
3308 4977 3522 5040 κακοῖς,
3542 4979 3679 5050 πυρὶ
3701 4983 3796 5032 καὶ

2205 5050 2419 5116 θαλλοῖς
2468 5052 2867 5121 ἀπαλλάττετε,
2896 5057 3149 5132 καθάπερ
3178 5062 3358 5118 οἴεσθέ
3389 5083 3513 5134 που,
3544 5069 3641 5122 καὶ
3681 5071 3794 5122 τῶν

2205 5141 2572 5214 ἐγκλημάτων
2604 5146 2893 5219 χαρίζεσθε
2928 5150 3029 5221 τὴν
3064 5153 3341 5225 ἀπόνιψιν,
3388 5158 3482 5212 καί
3526 5177 3611 5214 τοι
3649 5162 3793 5231 ἀγαν

2200 5235 2693 5307 κατεγνωσμένοις.
2724 5237 2904 5311 Τιτυῷ
2923 5240 3000 5310 δὲ,
3027 5243 3150 5297 εἰπέ
3178 5262 3289 5316 μοι,
3320 5249 3415 5302 καὶ
3444 5252 3557 5313 τοῖς
3582 5251 3791 5323 ἀρτίως

2195 5324 2626 5399 ὠνομασμένοις,
2652 5328 2713 5382 τὸ
2738 5330 2809 5401 ἐν,
2825 5332 3003 5405 ἐνδείᾳ
3022 5335 3163 5407 τάχα
3183 5355 3285 5392 που
3311 5340 3564 5409 γενέσθαι
3590 5347 3785 5418 πυρὸς,

2197 5417 2442 5489 σκληρὰν
2496 5420 2592 5474 καὶ
2632 5422 2970 5496 ἀδιεξίτητον
3008 5428 3226 5484 ἐπίθετε
3264 5431 3458 5505 δίκην;
3503 5435 3617 5490 Καὶ
3675 5417 3785 5509 μὴν

2192 5510 2221 5564 ὅ
2251 5527 2314 5580 γε
2355 5510 2478 5565 καθ’
2501 5512 2648 5584 ὑμᾶς
2670 5515 3065 5585 κλεπτίστατος
3106 5522 3201 5576 καὶ
3253 5526 3426 5598 πυρὸς
3470 5527 3782 5599 ἀνθρώποις

2194 5604 2571 5677 διακομιστὴς,
2609 5606 2701 5662 τὸν
2738 5610 3035 5683 Προμηθέα
3088 5613 3253 5685 λέγω,
3286 5618 3341 5671 εί
3366 5619 3452 5683 τίς
3497 5636 3605 5692 περ
3643 5622 3782 5685 ὅλως

2199 5697 2452 5762 κάκεῖνος
2474 5694 2567 5771 ἦν,
2598 5700 2697 5774 τὴν
2724 5703 2896 5775 πυρὸς
2930 5705 3179 5770 ἐπλούτει
3211 5709 3427 5783 χρῆσιν,
3458 5715 3555 5768 καὶ
3581 5713 3690 5787 πρό
3715 5729 3777 5782 γε
