4104 6436
316 284 433 345 N9

1064 285 1153 340 ma
1192 282 1641 341 ADORATIONE
1678 281 1747 339 IN
1791 280 2065 339 smmru
2105 281 2196 338 ET
2238 279 2610 340 vannus.
2655 283 2785 342 LIB.
2825 264 2914 343 v12

3527 285 3634 345 450

391 402 566 459 ΚΥΡ.
611 381 764 458 Πάνυ
802 401 903 473 μὲν
935 396 1051 454 οὖν.
1098 400 1415 470 Ἀθεότητος
1459 400 1571 473 γάρ
1616 400 1678 454 τὸ
1725 401 1915 472 χρῆμα

2093 400 2254 457 CYR.
2304 402 2540 459 Maxime
2562 419 2717 461 vero.
2763 404 2865 460 Est
2892 402 3043 459 enim
3083 417 3150 459 ea
3198 417 3291 459 res
3333 402 3634 476 impietatis

314 497 551 571 μεστόν.
658 495 999 561 Συντάξαιτο
1026 495 1085 549 δὲ
1109 495 1323 559 τούτοις
1352 495 1447 549 καὶ
1478 493 1841 568 ὲπαριθμοῖτο
1861 497 1928 552 ἂν

310 588 576 653 εἰκότως,
618 586 681 640 τὸ
718 585 931 642 οἴεσθαι
959 584 1032 640 τὰ
1072 584 1392 658 ἀνθρώπινα
1418 587 1533 649 τοῖς
1562 585 1765 656 ἐτέρων
1782 585 1930 640 διοι-

311 679 547 735 κεῖσθαι
581 677 877 749 νεύμασιν,
910 677 1006 732 καὶ
1039 676 1148 731 τῶν
1197 675 1324 731 καθ’
1359 677 1511 748 ἡμᾶς
1542 675 1786 745 ἀνῆφθαι
1824 676 1927 748 τὴν

313 770 579 839 ἐξουσίαν
620 770 723 842 οὐχ
758 771 910 841 ἡμᾶς
951 768 1172 834 αὐτοὺς,
1214 767 1330 822 ἀλλ’
1363 765 1458 833 οὓς
1491 766 1558 822 ἂν
1588 766 1798 821 ἕλοιντο
1827 785 1929 839 μυ·-

319 862 656 919 θοπλαστεῖν
695 863 746 915 οἰ
776 862 888 917 τῶν
911 860 1088 925 οὕτως
1115 860 1398 915 ἀπιθάνων
1446 859 1736 931 δογμάτων
1765 860 1928 932 εὑρε-

321 955 430 1010 ταί.
467 954 837 1028 Εἱμαρμένην
898 954 1009 1026 γὰρ
1045 954 1140 1007 καὶ
1184 952 1372 1024 Τύχην
1414 951 1508 1007 καὶ
1549 951 1792 1018 Γένεσιν,
1825 951 1928 1005 οὐκ

319 1043 440 1102 οἴδα
468 1048 625 1112 ὅπως
647 1045 1079 1120 οἱακοστρόφους
1104 1045 1296 1116 ὥσπερ
1317 1043 1470 1107 τινὰς
1501 1043 1826 1114 ἐφιστάντες
1845 1041 1928 1114 τῷ

316 1140 445 1212 βίῳ,
478 1140 717 1195 ἕκαστον
765 1140 865 1212 μὲν
908 1138 1069 1211 ἡμῶν
1109 1139 1212 1192 οὐκ
1245 1131 1389 1191 εἶναί
1426 1152 1561 1207 φασι
1603 1134 1714 1188 τῶν
1775 1151 1922 1206 πρα-
1972 1160 1975 1167 ›

326 1230 513 1285 κτέων
576 1229 812 1301 θελητὴν
860 1229 894 1302 ἢ
956 1229 1184 1302 κύριονσ
1215 1226 1527 1297 ἄγεσθαιδὲ
1561 1224 1820 1297 καθάπερ
1865 1223 1925 1290 ἐξ

312 1322 631 1392 ἀναγκαίου
679 1321 888 1395 δεσμοῦ
937 1321 1075 1393 πρὸς
1128 1319 1192 1374 τὸ
1241 1321 1358 1384 τοῖς
1405 1317 1673 1389 κρατοῦσι
1704 1316 1919 1373 δοκοῦν.

311 1408 459 1467 Εἶτα
510 1412 565 1465 τί
607 1412 675 1466 ἂν
710 1411 926 1481 γένοιτό
977 1428 1111 1466 ποτε
1155 1409 1249 1466 τοῦ
1281 1408 1492 1465 τοιοῦδε
1542 1407 1920 1480 ἀλογώτερον;

313 1505 443 1569 πῶς
480 1504 526 1559 δ’
559 1503 626 1559 ἂν
660 1501 929 1576 μειζόνων
962 1500 1226 1574 ἠδίκησεν
1254 1500 1283 1552 ό
1311 1498 1561 1562 Σατανᾶς
1602 1496 1663 1550 τὸ
1688 1495 1798 1551 τῶν
1830 1497 1926 1551 ἀν.

312 1597 562 1670 θρώπων
592 1596 772 1667 γένος,
805 1597 839 1668 ἢ
866 1597 954 1650 ὅτε
1007 1594 1286 1667 προσῆκεν
1305 1587 1409 1648 ὧδε
1438 1592 1658 1663 φρονεῖν
1690 1591 1784 1646 καὶ
1805 1590 1924 1645 δια-

309 1690 636 1761 λογίζεσθαι
688 1689 934 1755 διαθείς;
980 1687 1097 1752 πῶς
1137 1687 1249 1759 γὰρ
1307 1684 1376 1741 ἄν
1444 1686 1526 1739 ἔτι
1569 1684 1925 1756 βουλεύσαιτο

308 1787 385 1842 τὰ
418 1784 660 1859 χρηστὰ,
706 1784 803 1839 καὶ
845 1781 1169 1855 ὲθελουργὸς
1218 1780 1306 1835 ἐπ’
1338 1779 1482 1835 αύτά
1511 1797 1596 1844 τις
1644 1778 1713 1834 ἴοι
1751 1779 1920 1848 ποτέ;
1955 1782 1998 1838 Β

309 1876 567 1948 Γεγονὼς
594 1877 654 1931 δὲ
696 1875 793 1930 καὶ
829 1876 888 1929 ὲν
915 1876 1029 1939 τοῖς
1058 1872 1322 1943 αἰσχίοσι,
1352 1872 1449 1925 καὶ
1481 1869 1853 1943 πεφροντικὼς
1884 1870 1922 1925 ἃ

314 1970 395 2044 μὴ
425 1971 559 2043 Χρὴ,
586 1969 706 2034 πῶς
738 1968 805 2023 ἂν
835 1967 1033 2022 ἑαυτὸν
1063 1965 1289 2037 αἰτιῷτο
1319 1966 1414 2020 καὶ
1459 1963 1773 2037 κατατήξας
1803 1966 1927 2028 ταῖς

308 2065 521 2129 λύπαις
556 2063 628 2119 τὰ
674 2061 885 2135 ἀμείνω
939 2058 1435 2133 μεταϐουλεύσαιτο
1470 2060 1689 2130 φρονεῖν
1718 2075 1779 2112 τε
1828 2059 1924 2113 καὶ

307 2157 484 2230 δρᾷν;
521 2156 741 2226 ’Ὠσπερ
773 2153 885 2224 γὰρ
921 2155 1037 2218 τοῖς
1082 2150 1183 2223 τὴν
1211 2150 1486 2206 θάλατταν
1510 2149 1791 2222 διᾴττουσι
1828 2150 1925 2205 καὶ

306 2248 565 2303 διαπλεῖν
613 2245 915 2319 ᾑρημένοις
981 2244 1133 2299 πᾶσά
1207 2259 1329 2307 πως
1376 2245 1490 2309 τοῖς
1549 2245 1615 2297 ὲκ
1664 2242 1924 2315 πρύμνης

306 2340 552 2411 ἄγεσθαι
599 2340 820 2411 ἀνάγκη
859 2337 1158 2411 πνεύμασι,
1191 2339 1286 2393 καί
1316 2336 1748 2402 καταϐιάζεσθαι
1788 2354 1926 2390 παν-

306 2434 464 2508 ταχῆ
497 2433 638 2505 πρὸς
670 2433 732 2488 τὸ
758 2432 839 2504 τῷ
864 2432 1193 2488 συνωθοῦντι
1219 2430 1410 2485 δοκοῦν
1430 2445 1444 2461 ’
1467 2429 1612 2484 οὕτω
1636 2448 1743 2484 που
1777 2430 1913 2484 πάν-

310 2546 431 2593 τως
486 2528 583 2582 καὶ
620 2529 757 2600 ἡμῖν
805 2528 994 2590 αὐτοῖς
1043 2527 1399 2598 παραχωρεῖν
1454 2525 1777 2593 ἀναγκαῖον,
1838 2522 1924 2592 ἐφ’

318 2622 471 2694 ὅπερ
498 2620 566 2677 ἂν
603 2620 783 2675 ἕλοιτο
814 2618 1220 2692 διακομίζεινή
1256 2617 1432 2689 Τύχη,
1469 2616 1565 2670 καὶ
1596 2613 1666 2670 τὰ
1703 2614 1925 2669 δυσδιάσ

308 2733 504 2790 φυκτα
531 2715 652 2772 κατ’
679 2714 926 2779 ἐκείνους
962 2716 1065 2785 τῆς
1108 2711 1471 2784 Εἱμαρμένης
1503 2709 1815 2781 πνεύματα.
1852 2709 1925 2763 Ἦ
1967 2758 1978 2768 ,

306 2814 420 2870 οὐκ
449 2811 630 2885 ὀρθῶς
669 2808 925 2884 εἰρῆσθαι
953 2807 1112 2863 ταυτὶ
1139 2807 1233 2861 καὶ
1264 2803 1430 2869 αὐτὸς
1451 2803 1614 2878 οἰήσῃ
1643 2803 1810 2858 πάλιν
1836 2820 1852 2871 ;

390 3083 607 3139 ΠΑΛΛ.
634 3081 762 3146 Πῶς
790 3080 902 3153 γὰρ
925 3079 988 3135 οῦ
1014 3098 1029 3149 ;

394 3177 568 3235 ΚΥΡ.
608 3175 820 3232 Οὐκοῦν
856 3175 1064 3247 ἠλίθιον
1086 3172 1308 3246 κομιδῆ,
1337 3173 1430 3228 τὸν
1461 3172 1564 3244 μὲν
1593 3170 1800 3242 ἀγαθὸν
1826 3172 1924 3226 καὶ

310 3270 546 3342 ἐπιεικῆ
594 3266 898 3338 στεφανοῦν
934 3266 1204 3331 ἐπαίνοις,
1242 3265 1339 3319 καὶ
1386 3265 1555 3336 τιμῆς
1589 3262 1799 3331 ἀξιοῦν,
1829 3263 1922 3317 τὸν

309 3367 375 3421 δὲ
410 3361 656 3435 πονηρὸν
705 3361 803 3416 καὶ
851 3359 1154 3415 ἀκόλαστον
1206 3357 1461 3430 βδελυρὸν
1504 3356 1761 3429 ἡγεῖσθαι
1825 3356 1923 3412 καὶ

311 3456 745 3529 διεπτυσμένον.

388 3552 610 3607 ΠΔΛΛ.
650 3549 786 3604 Τίνα
816 3549 925 3621 φῂς
955 3547 1160 3621 τρόπον
1191 3565 1207 3614 ;

389 3645 564 3700 ΚΥΡ.
608 3643 755 3712 Ὅτι,
809 3636 855 3696 ὦ
904 3641 1197 3705 Παλλάδιε,
1237 3640 1467 3707 Γένεσίς
1505 3660 1569 3723 τε
1618 3643 1715 3699 καί
1772 3642 1927 3716 Τύχη

313 3735 656 3808 νενικήκασι
702 3735 829 3789 κατ’
865 3730 1089 3799 αὐτοὺς,
1121 3730 1219 3788 καὶ
1252 3734 1599 3812 ἀνεθελήτως
1629 3736 1719 3790 ἐπ’
1755 3735 1926 3808 ἄμφω

313 3832 384 3885 τὸ
423 3828 743 3903 τρισάθλιον
782 3827 892 3883 τῶν
925 3827 1019 3882 ἐπὶ
1063 3827 1166 3900 τῆς
1221 3828 1328 3901 γῆς
1371 3829 1713 3903 ἀποφέρουσι
1744 3831 1927 3901 γένος.

332 3921 683 3979 Ἐθελούσιον
713 3921 770 3975 δὲ
816 3921 948 3992 παρ’
981 3921 1115 3993 ἡμῖν
1141 3920 1317 3976 οὐδέν.
1345 3922 1418 3975 Ἦ
1451 3921 1563 3994 γὰρ
1590 3923 1713 3995 οὐχὶ
1738 3923 1801 3977 τὸ
1828 3941 1923 3978 πει

318 4016 503 4087 φυκός
528 4033 581 4070 τι
618 4016 792 4070 κινεῖν
821 4014 916 4068 καὶ
948 4013 1267 4085 δυνάμενον,
1296 4013 1472 4070 αἴτιον
1495 4015 1563 4072 ἂν
1591 4016 1676 4078 εἴη
1710 4016 1808 4071 τοῦ
1840 4035 1930 4074 κιο

319 4107 535 4165 νεῖσθαι
565 4110 679 4172 τοῖς
712 4107 846 4180 παρ’
877 4105 1044 4161 αὐτοῦ
1073 4105 1418 4178 κινουμένοις
1445 4123 1460 4175 ς

396 4293 616 4349 ΠᾹΛΛ.
654 4292 825 4365 Φημί.

399 4385 572 4439 ΚΥΡ.
603 4383 711 4438 Ἴθι
738 4379 834 4438 οὖν
855 4383 944 4439 διά
970 4401 1035 4454 γε
1066 4383 1177 4439 τῶν
1205 4384 1336 4439 ῐσων
1363 4382 1587 4440 ἐννοιῶν
1621 4385 1715 4441 ἐπὶ
1742 4387 1811 4442 τά
1838 4388 1934 4442 ἀν·

2030 492 2214 564 plena.
2241 495 2341 552 His
2362 499 2489 568 jure
2524 501 2860 570 conjungere
2898 506 3062 568 atque
3089 495 3457 555 adnumerare
3478 499 3630 557 licet.

2032 586 2181 656 quod
2208 588 2463 643 nonnulli
2490 598 2688 659 putant
2711 605 2801 645 res
2833 589 3106 645 humanas
3129 588 3363 645 aliorum
3400 592 3634 648 nutibus

2030 679 2350 751 gubernari,
2387 682 2780 753 actionumque
2803 691 3122 739 nostrarum
3165 691 3495 754 potestatem
3520 700 3631 741 non

2030 769 2100 826 de
2142 771 2306 827 nobis
2332 771 2470 842 ipsis
2492 773 2765 843 pendere,
2798 774 2895 828 sed
2942 774 3012 830 de
3052 774 3123 830 iis
3159 791 3282 846 quas
3311 776 3632 849 dogmatum

2028 862 2173 918 adeo
2188 863 2559 919 absurdorum
2583 864 2969 922 inventoribus
2991 866 3195 940 ﬁngere
3212 869 3458 926 libuerit.
3491 870 3632 925 Nam

2028 955 2226 1011 Fatum
2242 965 2298 1013 et
2314 957 2614 1013 Fortunam
2656 965 2712 1015 et
2732 958 2952 1028 Ortum,
2966 963 3153 1018 nescio
3174 979 3416 1034 quonam
3440 963 3630 1022 modo.

2029 1050 2188 1120 quasi
2229 1051 2633 1122 gubernatores
2659 1052 2929 1122 quosdam
2952 1054 3081 1109 vitae
3116 1054 3406 1111 hominum
3447 1056 3632 1127 impo-

2026 1151 2245 1211 nentes,
2281 1145 2443 1216 198
2469 1152 2725 1201 asserunt
2742 1161 2854 1201 non
2877 1161 2999 1201 esse
3047 1162 3502 1219 unumquemque
3525 1165 3632 1205 no-

2028 1243 2209 1292 strum
2244 1252 2432 1292 rerum
2462 1237 2847 1294 faciendarum
2875 1246 3160 1293 auctorem
3186 1255 3252 1294 ac
3295 1240 3583 1296 dominum
3610 1257 3628 1307 ;

2027 1327 2127 1384 sed
2151 1337 2413 1399 tanquam
2437 1329 2755 1385 necessario
2780 1327 3023 1399 quodam
3048 1329 3270 1384 vinculo
3294 1332 3379 1401 agi
3401 1347 3503 1400 pro
3527 1332 3633 1386 im-

2027 1423 2343 1493 perantium
2367 1423 2621 1478 arbitrio.
2660 1421 2805 1490 Quid
2850 1420 3076 1477 tandem
3101 1422 3376 1493 ejusmodi
3405 1439 3466 1478 re
3504 1439 3629 1480 esse

2026 1523 2213 1587 potest
2234 1516 2705 1572 irrationabilius?
2728 1530 2896 1586 quam
2918 1530 3054 1571 vero
3079 1516 3344 1587 majorem
3368 1517 3629 1589 injuriam

2027 1612 2318 1668 hominum
2366 1600 2562 1683 generi
2610 1610 2816 1666 inferre
2852 1610 3127 1681 potuisset
3174 1608 3423 1678 Satanas,
3462 1626 3630 1682 quam

2027 1717 2156 1758 cum
2180 1703 2462 1774 persuasit
2504 1709 2763 1773 oportere
2806 1708 2869 1755 ut
2907 1699 2977 1756 ad
3013 1699 3166 1754 hunc
3201 1698 3428 1754 modum
3454 1698 3630 1753 senti-

2026 1805 2152 1854 rent
2170 1805 2334 1868 atque
2357 1796 2698 1867 cogitarent?
2713 1793 2993 1866 quomodo
3015 1792 3166 1848 enim
3198 1791 3266 1847 de
3290 1791 3461 1848 rebus
3483 1791 3631 1862 opti-

2026 1893 2134 1950 mis
2159 1892 2472 1947 consultare
2501 1889 2736 1960 aliquis,
2762 1896 2819 1943 et
2844 1903 2909 1943 ea
2954 1896 3151 1958 sponte
3187 1885 3410 1958 aggredi
3456 1885 3632 1956 possit

2026 1985 2309 2056 unquam?
2334 1984 2455 2040 Jam
2504 1996 2661 2049 vero,
2692 1981 2786 2052 qui
2815 1981 2870 2035 in
2899 1979 3159 2051 turpibus
3193 1979 3355 2035 factis
3377 1986 3634 2034 versatus

2026 2079 2118 2146 sit,
2145 2088 2202 2133 et
2225 2093 2290 2133 ea
2312 2090 2593 2147 propenso
2617 2075 2804 2129 animo
2824 2081 3086 2139 sectatus,
3113 2088 3237 2143 qua:
3256 2088 3366 2127 non
3388 2079 3627 2143 oportet,

2023 2187 2268 2245 quonam
2316 2170 2482 2225 modo
2507 2185 2565 2225 se
2595 2169 2712 2239 ipse
2740 2165 3043 2232 accusabit,
3074 2180 3139 2221 ac
3182 2180 3420 2221 mmrore
3461 2165 3633 2223 conii-

2026 2264 2200 2332 ciens,
2228 2264 2297 2319 ad
2323 2263 2556 2319 meliora
2595 2269 2715 2315 tum
2740 2258 3026 2330 sapienda,
3056 2264 3174 2312 tum
3202 2257 3473 2325 facienda,
3502 2273 3631 2314 mu-

2027 2366 2134 2419 tata
2161 2356 2454 2422 sententia,
2480 2352 2808 2410 convertet?
2827 2351 2899 2407 Ut
2921 2350 3070 2406 enim
3098 2350 3136 2405 ii
3157 2351 3253 2420 qui
3276 2365 3428 2406 mare
3444 2359 3630 2406 trans-

2025 2451 2268 2516 mittere,
2295 2456 2468 2518 atque
2504 2447 2769 2518 trajicere
2790 2446 3008 2510 volunt,
3028 2444 3255 2500 omnino
3278 2457 3506 2499 necesse
3546 2450 3632 2497 est

2027 2552 2089 2600 ut
2112 2560 2142 2599 e
2167 2544 2334 2616 puppi
2387 2542 2651 2597 ﬂantibus
2674 2542 2860 2597 ventis
2899 2549 3152 2611 agantur,
3188 2546 3243 2593 et
3282 2553 3352 2593 eo
3389 2553 3491 2608 per
3516 2535 3629 2591 vim

2026 2634 2367 2700 deferantur,
2414 2647 2525 2703 quo
2573 2630 2738 2686 ﬂatus
2762 2629 3121 2701 impulerint:
3152 2627 3234 2684 sic
3277 2627 3443 2683 etiam
3470 2624 3633 2681 nobis

2028 2727 2183 2799 ipsis,
2234 2740 2571 2797 quocunque
2604 2723 2853 2779 Fortuna
2907 2737 3011 2777 nos
3033 2719 3248 2777 deferre
3280 2718 3548 2785 voluerit,
3576 2728 3634 2773 et

2028 2834 2178 2875 aurae
2201 2819 2488 2884 Fatorum,
2516 2824 2577 2870 ut
2601 2815 2707 2886 ipsi
2734 2821 2968 2885 putant,
2997 2810 3346 2868 inevitabiles
3363 2853 3378 2877 ,
3404 2822 3635 2881 prorsus

2029 2912 2336 2969 concedere
2356 2920 2586 2967 necesse
2606 2917 2710 2965 est.
2739 2908 2931 2964 Nonne
2957 2912 3107 2961 recte
3130 2904 3249 2961 haec
3275 2918 3307 2959 a
3328 2901 3491 2958 nobis
3512 2915 3634 2958 esse

2031 3006 2177 3062 dicta
2206 3005 2527 3061 existimas?

2104 3097 2303 3153 PALL.
2329 3096 2534 3164 Quidni
2555 3092 2907 3151 existimem?

2097 3191 2257 3249 CYR.
2284 3191 2461 3263 Igitur
2487 3190 2720 3245 stultum
2768 3203 2900 3244 sane
2927 3193 3032 3253 est,
3074 3186 3371 3241 honestum
3406 3181 3633 3253 quidem

2027 3302 2090 3342 ac
2113 3284 2350 3357 probum
2368 3283 2553 3339 virum
2577 3297 2776 3337 ornare
2802 3280 3084 3346 laudibus,
3099 3286 3154 3333 et
3174 3277 3385 3332 honore
3405 3274 3634 3346 dignum

2022 3378 2313 3450 judicare;
2367 3374 2687 3446 improbum
2735 3388 2871 3429 vero
2917 3380 3084 3444 atque
3127 3369 3633 3440 intemperantem,

2031 3480 2250 3541 turpem
2275 3476 2470 3540 putare
2495 3474 2662 3538 atque
2690 3474 3071 3521 contemnere.

2102 3562 2300 3619 PALL.
2327 3560 2445 3629 Qua
2477 3560 2693 3616 ratione
2718 3558 2869 3615 istud
2893 3556 3137 3614 asseris?

2102 3655 2261 3711 CYR.
2287 3653 2450 3722 Quia,
2477 3652 2711 3720 Palladi,
2740 3650 2912 3708 Ortus
2954 3666 3018 3708 ac
3042 3651 3289 3707 Fortuna
3330 3664 3399 3704 ex
3439 3662 3635 3707 eorum

2030 3747 2294 3820 opinione
2317 3745 2607 3818 superiora
2649 3753 2779 3801 sunt
2803 3762 2818 3813 ;
2847 3754 2903 3800 et
2926 3744 3219 3800 hominum
3244 3741 3340 3813 qui
3381 3742 3438 3797 in
3461 3742 3638 3798 terris

2030 3850 2327 3898 versantur
2360 3840 2738 3897 miserrimum
2781 3855 2956 3911 genus
2981 3828 3183 3910 praeter
3210 3840 3553 3894 voluntatem
3577 3838 3634 3892 in

2032 3942 2250 4006 partem
2282 3941 2575 4003 utramque
2608 3931 2976 4001 detorquent:
3011 3945 3192 4001 neque
3225 3929 3371 4000 apud
3402 3944 3505 3984 nos
3531 3928 3635 3985 ali-

2033 4027 2168 4098 quid
2201 4027 2579 4083 voluntarium
2622 4043 2635 4079 :
2680 4024 2815 4096 quid
2847 4023 3036 4079 enim?
3073 4039 3257 4079 nonne
3286 4024 3341 4079 id
3386 4023 3535 4095 quod
3568 4024 3636 4078 ad

2034 4116 2370 4174 movendum
2408 4115 2672 4172 idoneum
2725 4122 2809 4170 est
2842 4129 2907 4169 ac
2947 4122 3166 4184 potens,
3199 4129 3364 4170 causa
3410 4122 3498 4170 est
3534 4131 3635 4171 cur

2034 4224 2099 4265 ea
2138 4218 2489 4277 moveantur,
2522 4223 2644 4281 quae
2672 4207 2741 4263 ab
2780 4222 2848 4263 eo
2878 4206 3211 4264 moventur?

2110 4303 2307 4358 PALL.
2345 4303 2565 4359 Fateor.

2109 4395 2267 4453 CYR.
2305 4396 2477 4468 Perge
2518 4395 2687 4467 igitur
2722 4410 2822 4467 per
2857 4394 3079 4451 easdem
3118 4394 3498 4467 intelligentiae
3535 4411 3637 4452 no-

322 4479 611 4554 θρώπινα,
642 4478 740 4533 καὶ
763 4476 1064 4550 ἀναμέτρει
1096 4477 1166 4533 τά
1190 4477 1312 4532 καθ’
1345 4478 1517 4549 ἡμᾶς,
1542 4479 1637 4534 καὶ⁸
1659 4478 1728 4548 ’θ’
1757 4480 1929 4552 ἐσμὲν

2039 4492 2217 4548 tiones
2244 4490 2311 4546 ad
2344 4506 2433 4546 res
2482 4490 2775 4555 humanas,
2806 4496 2863 4544 et
2911 4504 3003 4545 res
3044 4498 3261 4545 nostras
3296 4489 3524 4544 metire:
3559 4489 3634 4545 ita

323 4570 506 4629 κακοῦ
533 4570 916 4642 περιαθρήσῃς
931 4564 992 4624 εὖ
1027 4568 1195 4640 μάλα,
1227 4570 1276 4622 εἰ
1305 4567 1382 4641 μὴ
1417 4571 1536 4635 ταῖς
1566 4570 1781 4626 ἑαυτῶν
1809 4571 1931 4626 ἐθε-

321 4664 567 4728 λουσίοις
589 4661 856 4736 ῥοπαῖς,ῆ
879 4661 1001 4727 τάν,
1023 4661 1057 4733 ἢ
1076 4660 1171 4716 ἐπὶ
1195 4659 1296 4715 τάν
1313 4661 1438 4733 ῐμεν
1454 4677 1514 4714 τε
1544 4660 1641 4715 καὶ
1668 4660 1934 4716 διασπεύ-

321 4759 518 4828 δομεν,
576 4751 974 4827 κεκρατήμεθα
1022 4752 1082 4806 δὲ
1130 4751 1323 4824 ὥσπερ
1373 4752 1468 4807 καὶ
1513 4753 1934 4826 ὐπενηνέγμεθα

320 4852 443 4912 τοῖς
489 4848 699 4920 ἐτέρων
739 4846 927 4915 ζυγοῖς
981 4846 1137 4916 ἄγειν
1186 4863 1247 4901 τε
1291 4846 1387 4901 καὶ
1425 4845 1617 4919 φέρειν
1677 4845 1747 4900 τὰ
1808 4846 1931 4902 καθ’

322 4945 504 5018 ἡμᾶς,
541 4935 690 5016 ᾗπερ
728 4941 796 4995 ἂν
840 4938 1072 5006 ἕλοιντο,
1114 4938 1461 5010 δυναμένοις.
1487 4940 1569 4995 Τὰ
1596 4940 1783 4994 εἰκότα
1815 4941 1928 5013 γάρ

323 5038 433 5110 ἥδη
470 5034 825 5108 φρονοῦντες,
861 5033 1074 5098 ἑαυτοῖς
1110 5032 1210 5105 μὲν
1243 5032 1325 5086 ἐτι
1354 5031 1465 5087 τῶν
1486 5034 1781 5104 πρακτέων
1797 5035 1932 5088 ἀνα-

326 5129 578 5201 θήσομεν
612 5125 789 5190 ούδὲν,
831 5124 1115 5196 ἀνάψομεν
1155 5124 1213 5179 δὲ
1242 5124 1446 5196 μᾶλλον
1478 5123 1578 5189 τὰς
1601 5124 1687 5194 ἐφ’
1726 5124 1935 5180 ἅπασιν

324 5221 539 5288 αἰτίας,
594 5222 707 5284 τοῖς
760 5217 847 5289 ἐφ’
889 5217 1073 5273 ὁτιοῦν
1120 5218 1231 5273 τῶν
1269 5217 1412 5273 κατά
1458 5216 1687 5289 γνώμην
1745 5217 1935 5283 αὐτοῖς

323 5312 728 5386 πηδαλιουχεῖν
776 5308 1051 5364 εἰωθόσιν.
1096 5309 1426 5381 Ἀφεστήξει
1469 5309 1536 5382 δὴ
1589 5305 1686 5365 οὖν
1737 5310 1931 5386 ὥσπερ

326 5406 565 5464 ἐπαίνου
596 5403 799 5467 παντὸς
825 5403 857 5456 ό
877 5401 1109 5468 δίκαιος,
1139 5400 1287 5456 οὕτω
1317 5401 1414 5457 καὶ
1447 5401 1642 5473 ποινῆς
1670 5404 1699 5457 ὁ
1717 5401 1929 5472 ἄδικος,

326 5500 433 5557 καὶ
454 5497 553 5555 τοῦ
582 5494 916 5579 κολάζεσθαι
941 5495 1074 5550 δεῖν.

405 5594 625 5667 ΠΑΛΛ.⁵
669 5590 972 5665 Ὀρθότατα
1012 5590 1220 5662 διανοῇ.

404 5685 575 5741 ΚΥΡ.
609 5685 761 5757 Εἰκτὲι⁵
794 5682 1090 5756 τοιγαροῦν
1125 5681 1496 5754 θαυμάζουσιν
1522 5686 1576 5742 οἰ
1607 5685 1717 5742 τῶν
1756 5687 1936 5743 τοιού-

326 5798 444 5835 των
502 5778 795 5851 δογμάτων
849 5778 1070 5849 εὑρεταὶ
1126 5775 1345 5833 Σόλωνά
1390 5793 1449 5833 τε
1498 5778 1586 5833 τὸν
1652 5780 1934 5853 Ἀθήνῃσι,

2039 4584 2095 4640 in
2111 4599 2222 4656 quo
2238 4584 2508 4639 malorum
2529 4582 2749 4638 cumulo
2758 4584 3060 4654 jaceamus,
3082 4582 3288 4654 optime
3300 4583 3633 4653 perspicies:

2038 4675 2085 4730 si
2128 4690 2240 4729 non
2276 4673 2382 4745 ipsi
2417 4674 2624 4729 nostris
2662 4673 2993 4729 voluntariis
3024 4673 3254 4729 nutibus
3276 4682 3371 4729 aut
3401 4674 3505 4731 hac
3541 4683 3639 4732 aut

2039 4764 2168 4821 illac
2197 4764 2544 4836 ingredimur
2571 4780 2635 4819 ac
2665 4778 3065 4835 properamus;
3093 4762 3191 4819 sed
3226 4763 3638 4835 quodammodo

2043 4865 2320 4921 tenemur,
2355 4864 2412 4912 et
2456 4856 2693 4910 aliorum
2728 4856 2859 4927 jugo
2893 4854 3129 4926 subjecti
3163 4869 3375 4921 sumus,
3418 4854 3514 4925 qui
3549 4870 3639 4910 res

2041 4957 2263 5005 nostras
2278 4963 2440 5019 agere
2457 4963 2521 5003 ac
2543 4946 2691 5003 ferre
2713 4948 2953 5013 valeant,
2981 4960 3310 5017 quacunque
3338 4945 3633 5001 voluerint.

2042 5041 2164 5098 Iam
2192 5041 2363 5108 enim,
2385 5040 2432 5096 si
2459 5039 2819 5112 congruentia
2872 5039 3269 5111 cogitabimus,
3302 5037 3464 5093 nobis
3503 5036 3638 5108 ipsis

2043 5142 2229 5205 partes
2254 5148 2443 5189 rerum
2483 5132 2818 5207 agendarum
2856 5132 3166 5187 tribuemus
3187 5130 3385 5196 nullas,
3422 5131 3518 5186 sed
3552 5146 3640 5186 re-

2044 5242 2170 5283 rum
2186 5226 2436 5284 omnium
2452 5243 2648 5283 causas
2668 5227 2737 5282 iis
2751 5225 2936 5296 potius
2951 5222 3355 5297 assignabimus
3368 5239 3490 5295 quae
3510 5239 3633 5292 nos,

2044 5320 2202 5393 quasi
2236 5319 2573 5392 gubernator
2594 5320 2811 5376 clavum
2829 5327 3044 5386 tenens,
3068 5331 3171 5389 pro
3187 5331 3379 5371 eorum
3406 5317 3637 5375 arbitrio

2034 5412 2329 5488 impellere
2364 5410 2595 5469 soleant.
2633 5410 2828 5467 Aberit
2866 5410 3053 5483 igitur,
3091 5417 3153 5465 ut
3186 5410 3256 5466 ab
3280 5410 3431 5467 omni
3472 5410 3635 5468 laude

2041 5506 2252 5579 justus,
2289 5505 2371 5561 sic
2400 5505 2639 5578 iniustus
2678 5521 2709 5560 a
2747 5519 2911 5576 poena
2946 5510 3112 5576 atque
3147 5504 3440 5577 supplicio.

2120 5598 2286 5670 199
2316 5597 2518 5654 PALL.
2544 5597 2874 5657 Rectissime
2917 5596 3150 5670 colligis.

2071 5689 2259 5747 ὀνκ.
2283 5690 2498 5746 Talium
2536 5706 2668 5762 ergo
2705 5689 3025 5762 dogmatum
3066 5689 3393 5746 inventores
3427 5696 3633 5743 temere

2046 5782 2306 5839 Solonem
2337 5783 2489 5839 illum
2523 5784 2668 5857 apud
2695 5784 2960 5853 Athenas,
2986 5783 3295 5839 Draconem
3320 5794 3535 5851 quoque
3566 5791 3630 5833 ac

3582 5864 3596 5889 Ι
