4104 6454
493 308 594 365 451

1523 293 1580 351 S.
1618 289 1901 348 CYRILLI
1937 282 2412 343 ALEXANDRINI
2449 281 2767 339 ARCHIEP.

3658 281 3765 337 452

494 421 804 493 Lycurgum
821 416 1183 481 admirantur,
1205 423 1465 484 tanquam
1477 409 1813 481 optimarum
1831 404 2078 476 discipli-

2197 398 2463 474 ipa'txovta
2484 416 2545 452 τε
2575 397 2670 452 καὶ
2699 392 3038 467 Λυκοῦργον,
3065 392 3141 459 ὡς
3170 392 3470 464 παγκάλων
3502 392 3764 465 μαθημά-

497 526 693 567 narum
709 516 983 572 auctores,
1002 514 1065 562 ut
1086 506 1182 577 qui
1205 506 1352 577 leges
1373 503 1581 560 Graecis
1596 498 2075 573 praestantissimas

499 600 823 658 invenerint.
846 597 989 665 Quid
1004 597 1152 653 enim
1171 605 1253 652 est
1278 612 1347 651 ex
1368 611 1434 651 ea
1458 611 1517 650 re
1539 592 1837 657 commodi,
1871 590 1919 646 si
1936 588 2075 644 nihil

498 696 553 748 in
589 700 775 748 nostra
791 690 957 747 situm
985 698 1068 745 est
1088 697 1395 760 potestate;
1426 686 1522 742 sed
1545 685 1732 756 potius
1751 699 1819 738 ex
1841 682 2076 738 aliorum

495 795 633 840 nutu
677 790 865 838 nostra
912 781 1097 835 omnia
1141 778 1420 850 pendent?
1456 777 1761 846 eodemque
1809 781 2077 844 praeterea

495 874 758 945 pondere,
796 870 1099 941 eodemque
1122 871 1246 925 loco
1284 869 1411 933 erit,
1447 868 1542 937 qui
1592 867 1742 937 leges
1768 863 2069 937 ignoravit,

496 981 606 1036 quo
656 965 738 1019 illi
782 963 878 1035 qui
923 972 1154 1027 norunt,
1199 961 1245 1016 si
1296 959 1614 1015 volentibus
1655 957 1805 1012 nulla
1851 954 2083 1010 facultas

496 1073 618 1128 qua:
648 1057 821 1112 velint
841 1056 1015 1110 libere
1056 1053 1292 1109 faciendi
1321 1052 1505 1107 datur.
1532 1049 1847 1118 Quinetiam
1895 1048 2080 1119 legum

496 1158 751 1205 auctores
772 1148 929 1219 longe
957 1145 1332 1216 iniquissimos
1356 1144 1610 1199 homines
1648 1143 1815 1198 fuisse
1839 1156 2084 1212 pronun—

498 1243 577 1298 tio
614 1283 628 1309 ,
673 1240 926 1312 quamvis
958 1238 1250 1293 maximam
1286 1237 1364 1291 illi
1385 1236 1612 1309 justitiae
1635 1234 1952 1305 opinionem
1976 1231 2083 1287 sibi

497 1330 956 1402 comparaverint.
998 1329 1136 1384 Nam
1183 1343 1380 1399 segnes
1409 1335 1573 1397 atque
1621 1325 1964 1396 negligentes
1989 1337 2087 1378 ue-

506 1420 624 1475 scio
648 1434 754 1489 qua
778 1419 993 1473 ratione
1010 1417 1321 1488 puniendos
1331 1432 1452 1472 esse
1465 1416 1914 1478 decreverunt,et
1934 1420 2088 1468 acer-

499 1509 598 1565 bas
623 1509 1140 1580 violatarumlegum
1164 1522 1356 1579 ptenas
1382 1508 1514 1563 dare
1538 1507 1870 1572 voluerunt;
1900 1503 2087 1575 pueris

500 1609 682 1655 autem
710 1599 866 1668 quasi
895 1600 1112 1671 regulas
1137 1597 1422 1669 quasdam,
1458 1607 1514 1652 et
1540 1596 1702 1651 laude
1733 1594 2087 1666 dignissimas

498 1691 626 1745 vitae
656 1690 1007 1747 instituenda:
1038 1690 1278 1745 rationes
1304 1689 1655 1745 tradiderunt
1697 1706 1712 1755 ;
1742 1688 1912 1758 idque
1939 1686 2088 1743 fece-

2177 514 2286 551 των
2305 492 2623 566 εἰσηγητὰς,
2640 492 2738 547 καὶ
2756 492 2957 562 νόμους
2978 491 3089 555 τοῖς
3113 489 3340 561 Ἕλλησι
3364 490 3491 553 τοὺς
3510 489 3767 560 ἀρίστους

2181 587 2571 661 ὲξευρηκότας.
2607 585 2744 639 Ποία
2774 584 2885 656 γὰρ
2914 585 2979 637 ὲκ
3010 583 3165 637 τοῦδε
3198 582 3386 637 λοιπὸν
3413 582 3447 653 ἠ
3480 581 3687 653 ὄνησις,
3716 585 3768 637 εἰ

2179 678 2345 752 μηδὲν
2368 679 2453 748 ἐφ’
2482 679 2636 749 ἡμῖν,
2670 676 2911 747 ἀνῆπται
2939 674 2998 729 δὲ
3031 675 3230 746 μᾶλλον
3254 674 3322 728 τά
3342 672 3502 744 ἡμῶν
3524 674 3764 745 ἑτέροις;

2176 776 2236 827 ὲν
2266 773 2367 843 ίσῳ
2397 770 2455 825 δέ
2480 786 2583 823 που
2609 769 2709 823 καὶ
2738 770 2795 822 ἐν
2825 766 2997 838 ὁμοίῳ
3024 767 3232 830 λοιπὸν,
3267 769 3381 830 τοῖς
3408 767 3535 830 τοὺς
3567 767 3770 838 νόμους

2177 865 2362 930 εἰδόσι,
2391 865 2487 918 καὶ
2521 865 2550 917 ό
2578 862 2803 925 τούτους
2840 858 3151 931 ἠγνοηκὼς,
3180 859 3230 912 εί
3268 859 3342 929 μὴ
3383 858 3602 928 μέτεστι
3634 859 3771 931 δρᾷν

2176 959 2291 1021 τοῖς
2313 956 2590 1010 ἐθέλουσιν
2617 951 2942 1017 ἐλευθέρως,
2974 950 3012 1005 ἃ
3039 949 3106 1004 ἂν
3133 950 3335 1004 ἕλοιντο
3358 949 3543 1019 τυχὸν,
3570 949 3773 1003 ἀδικω-

2179 1051 2373 1113 τάτους
2405 1048 2462 1101 δὲ
2497 1047 2618 1100 λίαν
2650 1045 2777 1108 τοὺς
2811 1042 2919 1098 τῶν
2956 1042 3138 1113 νόμων
3178 1041 3467 1113 ὑφηγητάς
3516 1040 3771 1109 γενέσθαι
3852 1043 3860 1049 “

2181 1141 2346 1212 φημὶ,
2377 1137 2469 1194 καί
2505 1155 2590 1191 τοι
2617 1135 2876 1204 πλείστην
2920 1134 3054 1205 ὅσην
3097 1132 3254 1199 δόξαν
3296 1133 3644 1203 δικαιοσύνης
3683 1131 3771 1200 ἐφ’

2182 1237 2392 1297 ἑαυτοῖς
2418 1231 2748 1304 ᾑρημένους.
2782 1228 2993 1300 Χρῆναι
3020 1226 3131 1298 γὰρ
3160 1225 3225 1297 δὴ
3253 1224 3766 1295 νενομοθετήκασιν,

2181 1329 2282 1381 οὐκ
2319 1321 2415 1379 οἶδ’
2456 1325 2643 1389 ὅπως,
2676 1322 2804 1385 τοὺς
2844 1318 3224 1393 ρᾳθυμοῦντας
3272 1315 3629 1383 κολάζεσθαι,
3678 1316 3772 1370 καί¹

2186 1417 2388 1488 πικρὰς
2419 1418 2521 1487 τῆς
2558 1414 2926 1485 παραϐάσεως
2952 1409 3304 1466 ἀποτιννύναι
3333 1410 3511 1474 δίκας,
3542 1410 3775 1473 κανόνας

2185 1506 2241 1559 δὲ
2295 1505 2487 1575 ὥσπερ
2551 1505 2665 1567 τοῖς
2741 1501 2884 1566 νέοις
2943 1501 3038 1555 καὶ
3101 1499 3480 1569 παιδαγωγίας
3538 1499 3775 1571 τρόπους

2186 1598 2746 1663 ἀξιεπαινετωτάτους
2785 1591 3254 1665 παραδεδώκασιν,
3285 1592 3318 1664 ἢ
3342 1591 3417 1656 ὡς
3442 1591 3502 1646 ὃν
3531 1592 3617 1660 ἐφ]
3644 1592 3775 1661 ἡμῖν

2189 1690 2406 1754 αὐτοῖς,
2442 1686 2504 1741 τὸ
2531 1684 2770 1741 διαϐιοῦν
2804 1683 3022 1738 ἑλέσθαι
3052 1683 3266 1755 σεμνῶς
3288 1726 3302 1739 .
3327 1682 3360 1753 ἢ
3391 1682 3494 1736 οὐκ
3523 1677 3618 1735 οἷδ’
3661 1681 3691 1735 ὅ
3721 1698 3774 1734 τι

502 1790 651 1845 runt,
679 1789 774 1836 aut
798 1781 947 1851 quod
997 1781 1055 1835 in
1109 1789 1298 1835 nostra
1333 1779 1591 1835 facultate
1623 1778 1787 1834 situm
1829 1786 2091 1849 putarent

2197 1780 2621 1851 πεφρονηκότες.
2643 1776 2780 1849 Φαίη
2812 1777 2857 1831 δ’
2885 1777 2972 1842 ἂν,
2995 1772 3171 1847 οἶμαι,
3197 1776 3300 1840 τίς·
3322 1772 3487 1845 Εὖγε,
3505 1769 3552 1828 ὦ
3573 1773 3775 1838 Σόλων,

500 1872 787 1928 honestam
819 1872 987 1927 vitam
1017 1871 1341 1938 instituere;
1384 1879 1479 1925 aut
1508 1872 1695 1926 nescio
1737 1870 1885 1941 quod
1909 1871 2091 1925 consi-

501 1963 636 2019 lium
666 1964 839 2019 secuti
878 1964 1008 2019 sint.
1039 1963 1251 2018 Dixerit
1273 1969 1478 2028 autem,
1509 1970 1572 2017 ut
1598 1962 1815 2032 opinor,
1844 1962 2045 2032 aliquis
2071 1979 2085 2015 :

501 2056 768 2112 Praeclare
792 2056 1038 2126 quidem,
1079 2070 1113 2110 ο
1137 2053 1326 2121 Solon,
1354 2054 1503 2126 leges
1529 2054 1675 2109 illius
1702 2053 1886 2110 saeculi
1908 2052 2088 2108 homi-

503 2146 667 2201 nibus
691 2147 963 2203 tradidisti
987 2164 1002 2215 ;
1032 2147 1129 2203 sed
1153 2162 1292 2218 opus
1308 2158 1428 2203 erat
1444 2155 1505 2202 ut
1529 2146 1659 2201 Fato
1680 2154 1944 2219 praeterea
1966 2159 2093 2217 per-

503 2237 785 2303 suaderes,
838 2238 1076 2308 sineret}
1103 2254 1199 2295 eos
1241 2240 1337 2311 qui
1379 2242 1531 2310 leges
1571 2247 1917 2308 acceperant,
1965 2253 2091 2308 quae

502 2329 704 2383 vellent
727 2337 784 2384 et
805 2330 1009 2386 sentire
1037 2341 1094 2388 et
1129 2329 1332 2388 facere.
1359 2331 1466 2386 Sed
1496 2338 1574 2397 tu,
1612 2330 1749 2385 nihil
1773 2330 1842 2386 de
1859 2344 2090 2408 persua-

500 2421 683 2477 dendo
716 2416 995 2490 laborans,
1020 2425 1170 2496 lcges
1211 2424 1473 2480 sanxisti:
1523 2423 1745 2479 ridebas
1770 2423 1977 2494 quippe
2026 2431 2086 2479 et

503 2511 619 2583 ipse
643 2513 786 2568 hanc
810 2513 1078 2580 fabulam,
1115 2524 1172 2570 et
1198 2530 1384 2569 rerum
1407 2514 1743 2585 agendarum
1766 2513 2084 2569 facultatem

504 2616 675 2672 penes
698 2617 799 2657 nos
820 2617 941 2658 esse
988 2602 1222 2668 sciebas,
1250 2612 1308 2657 et
1350 2601 1494 2657 hanc
1533 2601 1778 2672 iniquam
1812 2606 1870 2658 et
1892 2615 2092 2656 caecam

505 2693 790 2748 actionum
833 2695 1204 2750 humanarum
1231 2694 1530 2752 Fortunam
1574 2694 1913 2765 repellebas:
1949 2694 2089 2750 aiio-

507 2783 604 2854 qui
628 2799 917 2856 nunquam
957 2786 1352 2853 existimasscs,
1380 2767 1647 2857 optimum
1672 2787 1894 2857 quidem
1913 2786 2090 2843 civem

510 2892 640 2931 eum
678 2892 801 2933 esse
848 2878 1163 2935 habendum
1201 2879 1297 2950 qui
1342 2886 1456 2934 tum
1489 2879 1614 2951 pius
1650 2887 1813 2945 esset,
1852 2886 1969 2934 tum
2006 2880 2090 2935 le-

2195 1872 2478 1942 ὲνομοθὲτε
2487 1888 2535 1932 ις
2552 1871 2665 1933 τοῖς
2685 1868 2830 1922 τότε·
2851 1867 2966 1922 ἀλλ’
2989 1867 3098 1921 ἔδει
3123 1884 3225 1921 που
3256 1867 3476 1932 πάντως
3497 1883 3779 1939 προσανα-

2195 1964 2409 2019 πείθειν
2453 1963 2554 2035 τὴν
2585 1961 2944 2034 Εἱμαρμένην
2986 1962 3194 2030 ἐφεῖναι
3241 1962 3355 2024 τοῖς
3380 1958 3777 2030 νομοθετουμέ-

2195 2073 2307 2120 νοις
2333 2055 2368 2110 ἀ
2390 2056 2457 2109 ἂν
2487 2053 2762 2125 βούλοιντο
2783 2055 2999 2125 φρονεῖν
3022 2069 3083 2106 τε
3107 2052 3200 2106 καὶ
3218 2051 3371 2123 δρᾷν.
3407 2050 3783 2121 Ἐνομοθὲτεις

2196 2148 2253 2202 δὲ
2292 2148 2354 2202 ού
2396 2144 2707 2210 πεπεικὼς·
2750 2143 2943 2215 ἐγέλας
2979 2143 3037 2197 δέ
3064 2161 3166 2198 που
3209 2144 3349 2215 τάχα
3379 2142 3472 2196 καὶ
3498 2141 3662 2207 αὐτὸς
3687 2143 3783 2196 τὸν

2202 2239 2399 2312 μῦθον,
2431 2237 2529 2293 καὶ
2564 2236 2790 2309 κυρίους
2826 2234 3099 2307 ἠπίστασο
3133 2235 3243 2289 τῶν
3274 2234 3567 2307 πρακτέων
3605 2234 3779 2305 ἡμᾶς,

2198 2337 2298 2406 τήν
2320 2351 2379 2387 τε
2412 2330 2597 2386 ἄδικον
2627 2330 2723 2384 καὶ
2749 2329 2957 2401 τυφλὴν
2986 2328 3098 2383 τῶν
3124 2326 3482 2400 ἀνθρωπίνων
3516 2325 3784 2399 πραγμά-

2198 2442 2306 2479 των
2328 2423 2621 2485 ἀπεσόὸεις
2640 2421 2844 2493 Τύχην·
2867 2421 2900 2493 ἢ
2927 2420 3042 2492 γὰρ
3066 2421 3167 2475 οὐκ
3189 2419 3255 2476 ἀν
3273 2418 3383 2490 ᾤου
3402 2418 3535 2483 δεῖν,
3558 2418 3786 2490 ἄριστον

2204 2516 2303 2587 μὲν
2329 2510 2471 2569 εἷναι
2493 2514 2721 2585 πολίτην
2747 2514 2998 2568 ὑπονοεῖν
3018 2553 3033 2579 ,
3060 2511 3151 2566 τὸν
3176 2511 3377 2582 εὐσεϐῆ
3401 2527 3462 2565 τε
3494 2511 3590 2563 καὶ
3618 2525 3784 2579 νομο-

2202 2608 2420 2676 φύλακα
2442 2646 2457 2672 ,
2485 2607 2580 2660 καὶ
2604 2605 2707 2676 τῆς
2746 2606 2828 2668 εἰς
2864 2604 3035 2676 ἀκρον
3068 2604 3371 2668 ἐπιεικείας
3402 2601 3640 2674 ἀνῆρθαι
3685 2600 3786 2673 τὴν

2200 2698 2381 2765 δόξαν,
2418 2697 2640 2769 ἀχρεῖον
2671 2695 2730 2749 δὲ
2758 2690 2826 2750 αὖ
2861 2696 2956 2750 καὶ
2987 2699 3102 2760 τοῖς
3130 2697 3432 2769 αἰσχίστοις
3458 2692 3787 2766 ὲναριθμού-

2203 2807 2386 2862 μενον,
2403 2789 2497 2843 τὸν
2520 2788 2795 2861 ὲρῤὦσθαι
2821 2787 3099 2859 φράζοντα
3124 2791 3237 2853 τοῖς
3251 2789 3332 2852 εἰς
3354 2787 3623 2860 ὀρθότητα
3644 2801 3786 2857 συμ-

2200 2879 2552 2936 ϐουλεύσουσι
2586 2877 2822 2950 διᾴττειν
2850 2879 3072 2949 νόμοις;

508 2983 637 3038 gum
660 2978 942 3037 servator;
987 2980 1045 3025 et
1092 2965 1159 3026 ad
1206 2986 1476 3026 summam
1525 2971 1819 3042 probitatis
1854 2972 2085 3043 gloriam
2127 2988 2194 3044 pe
2210 2973 2478 3046 rtigisset;
2522 2972 2778 3027 inutilem
2818 2988 3032 3039 rursus,
3074 2981 3130 3028 et
3154 2973 3298 3028 inter
3325 2973 3673 3044 turpissimos
3694 2988 3786 3028 re-

509 3062 870 3129 censendum,
916 3066 1011 3135 qui
1055 3064 1272 3136 legibus
1321 3073 1535 3121 rectum
1575 3065 1702 3120 vitae
1734 3065 1840 3120 iter
1871 3064 2093 3137 aggredi
2132 3067 2516 3133 suadentibus,
2540 3067 2770 3121 multam
2797 3067 3028 3123 salutem
3053 3065 3302 3123 dixisset.

578 3155 780 3211 PALL.
804 3156 1225 3227 Elegantissime
1246 3166 1412 3228 atque
1435 3156 1666 3227 optime.

564 3248 724 3304 CYR.
742 3249 883 3316 Quid
900 3264 1052 3316 vero,
1068 3250 1273 3305 Palladi
1294 3268 1309 3319 ;
1334 3265 1635 3322 puerorum
1659 3250 2033 3307 institutiones
2050 3258 2107 3307 et

510 3341 737 3407 monita,
781 3341 1198 3396 exhortationes
1238 3357 1462 3413 quoque
1499 3341 1569 3397 ad
1620 3342 1907 3408 virtutem,
1963 3357 2108 3413 quas

510 3438 770 3500 parentes
810 3430 1005 3486 liberis
1043 3439 1101 3486 et
1136 3431 1381 3502 magistri
1424 3431 1493 3486 ad
1517 3446 1575 3487 se
1596 3432 1998 3488 ventitantibus
2012 3432 2110 3488 ad-

512 3523 725 3589 hibent,
752 3538 936 3579 nonne
970 3540 1139 3580 vanas
1161 3539 1281 3581 esse
1314 3524 1600 3591 dicemus;
1645 3529 1691 3581 si
1717 3524 1862 3580 viam
1900 3540 2015 3580 non
2036 3541 2105 3581 ex

512 3623 701 3669 nostra
719 3614 995 3670 sententia
1030 3614 1269 3687 ingredi,
1289 3623 1345 3671 et
1367 3616 1497 3671 vitae
1536 3615 1791 3670 semitam
1817 3622 2003 3671 tenere
2025 3615 2108 3670 in-

514 3704 731 3761 terdum
758 3721 789 3760 a
814 3712 998 3761 nostra
1018 3707 1298 3765 voluntate
1323 3707 1561 3763 alienam
1575 3706 1869 3779 cogimur?

587 3795 784 3852 PALL.
810 3797 878 3852 Et
900 3798 1125 3868 quidem
1151 3799 1410 3855 maxime.

586 3886 747 3942 CYR.
778 3886 836 3943 Si
863 3888 990 3958 quis
1007 3897 1275 3960 praeterea
1300 3889 1594 3947 adversum
1617 3904 1824 3961 pueros
1840 3901 1989 3952 suos,
2013 3894 2131 3942 aut-

517 3980 655 4036 alios
668 3980 885 4051 aliquos
903 3989 1340 4048 commoveatur,
1353 3984 1544 4053 eisque
1567 3990 1777 4037 rectam
1798 3977 2110 4050 castigatio-

518 4086 643 4127 nem
668 4070 947 4138 adhibeat,
984 4072 1148 4142 200
1168 4073 1431 4129 laudesne
1457 4072 1573 4144 ipse
1601 4068 2112 4143 hujusmodihomi-

519 4181 671 4231 nem,
694 4183 764 4222 an
791 4166 1039 4236 iniquum
1065 4172 1245 4236 putes,
1275 4165 1369 4234 qui
1387 4164 1617 4219 consilio
1641 4163 1829 4219 nescio
1850 4177 1961 4232 quo
1987 4175 2109 4216 om—

519 4258 674 4313 nium
708 4258 866 4313 nobis
892 4257 1162 4312 malorum
1207 4263 1463 4311 auctores
1515 4253 1932 4323 irreprehensos
1957 4251 2111 4307 abire

521 4353 695 4419 sinat;
721 4365 817 4406 eos
843 4365 978 4405 vero
1006 4350 1098 4421 qui
1125 4357 1322 4420 praeter
1343 4349 1682 4403 voluntatem
1703 4353 1759 4402 et
1781 4362 1849 4403 ex
1870 4345 2112 4401 necessi—

521 4451 637 4499 tate
660 4442 727 4497 ad
766 4442 883 4498 haec
902 4441 1125 4498 adducti
1143 4442 1276 4507 sint,
1302 4437 1622 4495 multandos
1647 4438 1843 4508 putet?

584 4534 782 4589 PALL.
810 4534 1049 4606 Equum
1077 4532 1246 4600 dicis;
1275 4547 1527 4603 magnam
1552 4530 1699 4585 enim
1723 4530 1891 4586 habet
1913 4529 2108 4602 proba-

527 4625 799 4682 bilitatem
821 4626 1019 4682 oratio.

587 4717 745 4773 CYR.
772 4717 927 4784 Quod
952 4724 1138 4773 autem
1161 4717 1280 4772 haec
1316 4715 1541 4772 illorum
1567 4715 1756 4788 opinio
1782 4715 1854 4771 sit
1879 4729 2110 4770 summae

527 4807 825 4880 impietatis
867 4808 1050 4880 plena,
1090 4806 1220 4863 hinc
1245 4805 1461 4861 disces:
1513 4806 1745 4873 etenim,
1780 4820 1907 4861 cum
1950 4804 2117 4877 hujus

527 4901 907 4958 universitatis
928 4899 1085 4971 quasi
1108 4898 1534 4971 gubernatorem
1561 4899 1853 4972 quemdam
1888 4906 1945 4955 et
1972 4911 2115 4969 prte-

530 4995 705 5057 sidem
731 4995 907 5051 Deum
943 4992 1013 5047 ab
1059 5008 1124 5049 ea
1158 5005 1326 5062 quam
1369 4991 1556 5058 habet,
1581 4993 1755 5065 gloria
1786 4992 2113 5056 deturbent,

530 5101 769 5159 cumque
812 5085 869 5141 in
911 5099 1033 5139 eam
1072 5082 1505 5154 progrediantur
1554 5084 1862 5151 audaciam,
1915 5092 1978 5139 ut
2003 5084 2121 5139 suis

534 5181 688 5236 illum
734 5177 1074 5236 ornamentis
1120 5177 1348 5234 omnino
1385 5179 1659 5250 spolient;
1708 5193 1808 5235 suo
1850 5177 2115 5249 suffragio

534 5288 722 5329 rerum
762 5276 1075 5325 nostrarum
1129 5276 1460 5341 potestatem
1510 5270 1580 5327 iis
1621 5271 1790 5327 rebus
1832 5270 2117 5326 ascribunt

532 5378 657 5434 qua:
684 5363 816 5435 ipsis
828 5371 1039 5417 temere
1063 5360 1120 5416 in
1134 5356 1376 5418 mentem
1391 5363 1655 5432 veniunt;
1684 5364 1938 5436 quamvis
1958 5378 2115 5418 crea-

535 5466 713 5512 turam
736 5469 955 5511 omnem
984 5455 1226 5513 motibus
1257 5456 1405 5515 haud
1429 5458 1776 5515 moderatore
1791 5438 2136 5515 carentibus.

609 5661 685 5733 (1)
711 5660 816 5719 'Sic
867 5664 989 5721 cod.
1045 5665 1260 5733 Vatic.;
1304 5664 1487 5721 Sirleti
1542 5663 1736 5731 codex,
1778 5662 2116 5718 διδασκάλων

538 5731 595 5785 δὲ
622 5731 813 5804 νήψεις
839 5736 1142 5808 ὁμιληταῖς.
1181 5731 1384 5793 Vocem
1429 5734 1720 5806 ὁμιληταῖς
1753 5735 1823 5790 ad
1851 5752 1906 5789 se
1943 5736 2111 5790 venti-

2128 3156 2170 3222 (ς
2273 3156 2509 3214 ΠΑΛΛ.”
2531 3159 2881 3215 ’Δστειότατά
2922 3176 2980 3213 τε
3014 3160 3109 3213 καὶ
3141 3158 3348 3231 σφόδρα
3378 3159 3560 3225 καλῶς
3590 3161 3742 3232 ἔφης.

2276 3252 2443 3307 ΚΥΡ.
2487 3253 2553 3307 Τί
2584 3252 2663 3320 δὲ,
2705 3247 2751 3307 ὧ
2792 3252 3052 3325 φιλότηςς
3099 3252 3220 3324 οὐχὶ
3260 3251 3361 3316 τὰς
3409 3253 3790 3324 παιδαγωγίας

2206 3345 2302 3401 καὶ
2330 3344 2430 3410 τάς
2464 3344 2771 3417 ὑποθήκας,
2805 3345 2902 3399 καὶ
2933 3344 3041 3416 μὴν
3068 3345 3162 3400 καὶ
3207 3345 3539 3418 προκλήσεις
3572 3347 3673 3411 τὰς
3701 3348 3791 3402 ἐπ’

2206 3439 2444 3513 ἀρετὴν,
2475 3439 2656 3513 ἇσπερ
2704 3440 2771 3495 ἀν
2815 3441 3054 3494 ποιοῖντο
3096 3439 3333 3511 πατέρες
3382 3440 3483 3512 μὲν
3520 3441 3607 3511 ἐφ’
3631 3442 3790 3507 υίοῖς,

2205 3531 2512 3585 διδάσκαλοι
2540 3530 2597 3585 δὲ
2636 3530 2925 3602 ὁμιληταῖς
2966 3529 3068 3601 (i),
3106 3531 3321 3595 εἰκαίας
3353 3525 3493 3585 εἶναι
3523 3532 3790 3603 φήσομεν,

2207 3625 2258 3678 εἰ
2302 3624 2681 3696 καταστείχειν
2716 3624 2932 3697 ἀνάγκη
2978 3623 3079 3697 τὴν
3110 3625 3174 3678 οὐ
3214 3624 3357 3678 κατὰ
3387 3624 3613 3696 γνώμην
3650 3624 3793 3691 ὁδὸν,

2205 3717 2304 3772 καὶ
2337 3715 2453 3786 βίου
2482 3715 2671 3788 τρίϐον
2704 3715 2840 3771 ἰέναι
2873 3715 2973 3788 τὴν
3000 3714 3325 3786 ἀνεθέλητον
3354 3715 3467 3769 ἐσθ’
3494 3717 3615 3783 ὃτε;

2279 3809 2491 3863 ΠΑΛΛ.
2522 3809 2635 3864 Καὶ
2668 3808 2834 3881 μάλα.

2279 3900 2447 3956 ΚΥΡ.
2477 3901 2540 3955 Εἰ
2560 3900 2618 3954 δὲ
2642 3900 2707 3972 δὴ
2732 3901 2828 3955 καὶ⁸
2856 3900 3044 3957 παισὶν
3069 3901 3242 3967 ἰδίοις,
3260 3903 3427 3974 ἤγουν
3450 3901 3660 3972 ἑτέροις
3681 3900 3797 3954 τισὶ

2210 3994 2737 4066 πεπλημμεληκόσιν
2764 3994 3114 4067 ὲποτρύνοιτό
3136 4013 3219 4060 τις
3247 3997 3340 4050 καὶ
3361 3994 3529 4068 ὀρθὴν
3557 3997 3795 4049 ποιεῖται

2209 4088 2308 4158 τὴν
2336 4085 2648 4159 ἐπίπληξιν,
2680 4088 2998 4153 δπαινέσαις
3034 4088 3102 4144 ἀν
3132 4089 3224 4143 τὸν
3253 4087 3494 4143 τοιοῦτον
3534 4088 3730 4154 αὐτὸς,
3761 4088 3796 4159 ἢ

2211 4178 2397 4234 ἄδικον
2441 4179 2630 4252 λογιῇ,
2673 4181 2799 4245 τοὺς
2848 4180 2947 4251 μὲν
2983 4181 3238 4236 ἁπάντων
3282 4183 3417 4253 ἡμῖν
3452 4181 3562 4236 τῶν
3608 4180 3796 4236 κακῶν

2211 4271 2415 4335 αἰτίους
2445 4271 2872 4343 ἀνεπιτιμήτους
2900 4273 2995 4344 ὲᾷν
3032 4273 3133 4327 ούκ
3157 4269 3253 4327 οἷδ’
3281 4274 3430 4337 ὅπως
3461 4273 3568 4345 ῄρη
3579 4273 3796 4344 μένους,

2210 4360 2337 4426 τούς
2380 4378 2445 4431 γε
2497 4361 2624 4434 μὴν,
2671 4361 3013 4439 ἀνεθελήτως
3068 4379 3126 4416 τε
3159 4363 3254 4416 καὶ
3298 4361 3359 4429 ἐξ
3404 4364 3652 4434 ἀνάγκης
3704 4364 3799 4418 ἐπὶ

2214 4454 2387 4509 ταῦτα
2411 4455 2685 4526 ἠγμένους
2718 4453 3014 4526 ὑποφέρειν
3041 4456 3160 4519 ταῖς
3192 4456 3405 4523 δίκαις;

2288 4546 2496 4601 ΠΑἉΔ.
2524 4546 2730 4600 Ἔοικε.
2769 4546 2912 4600 Πολὺ
2942 4545 3049 4618 γάρ
3073 4546 3186 4619 ἔχει
3211 4548 3273 4602 τὸ
3302 4547 3529 4603 πιθανὸν
3557 4548 3586 4600 ό
3616 4545 3806 4620 λόγος.¹

2287 4725 2455 4781 ΚΥΡ.
2511 4723 2808 4796 Ἐμπλεως
2855 4723 2914 4778 δὲ
2966 4723 3048 4780 ὅτι
3096 4721 3419 4788 δυσσεϐείας
3465 4722 3648 4789 αὐτοῖς
3704 4723 3804 4789 τῆς

2214 4815 2454 4888 ἐσχάτης
2484 4815 2518 4887 ἡ
2549 4813 2727 4869 τοιάδε
2754 4813 2913 4881 δόξα,
2941 4813 3240 4870 κάντεῦθεν
3269 4814 3393 4889 εἴσῃ
3421 4831 3504 4869 τοι
3524 4830 3539 4847 ·
3568 4814 3662 4869 τὸν
3691 4815 3806 4888 γὰρ

2216 4906 2370 4961 τοῦδε
2398 4904 2493 4961 τοῦ
2529 4905 2732 4969 παντὸς
2761 4905 3150 4979 οἰακοστρόφον
3186 4904 3377 4978 ὥσπερ
3404 4906 3527 4962 τινὰ
3555 4907 3651 4962 καί
3683 4908 3806 4961 ὲπι-

2220 4997 2423 5070 στάτην
2448 4996 2602 5063 Θεὸν,
2630 4997 2728 5069 τῆς
2753 4997 2980 5070 ἐνούσης
3011 4998 3163 5071 αὐτῷ
3200 4997 3585 5062 κατασείοντες
3619 4998 3803 5068 δόξης,

2220 5089 2315 5143 καί⁹
2355 5088 2437 5151 εἰς
2466 5086 2623 5141 τοῦτο
2666 5086 2853 5143 λοιπὸν
2889 5087 3056 5153 ἰόντες
3099 5088 3338 5162 θράσους
3357 5128 3373 5156 ,
3409 5088 3488 5153 ὡς
3513 5088 3623 5142 τῶν
3659 5088 3808 5142 ἰδίων

2220 5180 2454 5235 είςάπαν
2482 5179 2799 5252 ἀλλοτριοῦν
2828 5181 3162 5253 αὐχημάτων
3191 5182 3390 5249 αὑτὸν,
3420 5181 3624 5253 ψήφοις
3654 5179 3809 5242 ἰδίαις

2220 5273 2378 5327 αὐτοὶ
2403 5273 2465 5326 τὸ
2483 5271 2595 5327 τῶν
2621 5272 2745 5326 καθ’
2771 5275 2921 5345 ἡμᾶς
2947 5273 3280 5345 ἀπονέμουσι
3312 5272 3514 5346 κράτος
3531 5314 3547 5341 ,
3569 5274 3683 5336 τοῖς
3725 5271 3806 5334 εἰς

2218 5365 2343 5421 νοῦν
2373 5366 2602 5437 ἥκουσιν
2637 5365 2827 5431 ἁπλῶς
2848 5383 2862 5397 ο
2893 5367 2987 5421 καί
3012 5383 3094 5421 τοι
3120 5366 3219 5439 την
3251 5367 3429 5421 κτίσιν
3457 5367 3676 5420 ἃπασαν
3704 5364 3805 5417 οὐκ

2217 5458 2674 5531 ἀνεπιστατήτοις
2709 5461 2975 5531 κινήμασι
3009 5458 3317 5532 φερομένην
3356 5456 3592 5529 ὁρῶντες
3625 5457 3706 5520 εἰς
3737 5453 3807 5508 τὰ

2225 5664 2458 5720 tantibus
2510 5664 2760 5734 reddidi,
2815 5673 2876 5722 ut
2918 5667 3057 5724 solet
3102 5666 3295 5726 Cicero
3346 5666 3646 5739 discipulos
3705 5656 3810 5733 vo-i

2222 5750 2367 5791 care.
2423 5758 2435 5771 '
