4104 6432
323 282 439 342 453

1076 283 1166 339 DE
1206 281 1655 342 ADORATIONE
1691 285 1758 341 IN
1801 286 2074 349 SPIRITU
2115 292 2204 350 ET
2245 295 2617 354 VERITATE.
2661 297 2792 355 LIB.
2833 301 2922 356 Vl.

3536 315 3635 366 454

319 401 537 458 οἰκεῖα.
579 397 644 449 Τί
687 397 800 470 γὰρ
847 397 946 452 οὐκ
985 397 1044 452 ἐν
1078 399 1273 471 κόσμῳ
1305 398 1610 470 πράττεται
1660 401 1768 455 τῶν
1817 406 1933 476 mp"

2053 413 2110 468 in
2140 426 2269 467 suos
2297 412 2436 470 fines
2480 415 2711 472 tendere
2744 416 2990 472 videant.
3035 416 3180 486 Quid
3227 419 3378 475 enim
3403 422 3458 478 in
3482 439 3636 482 crea-

320 496 434 567 τὴν
466 491 648 548 κτίσιν
674 507 688 557 ;
717 491 771 544 τί
797 491 853 546 δὲ
876 490 986 546 τῶν
1013 491 1184 547 ὄντων
1209 493 1331 563 οὐχὶ
1363 493 1463 564 τὴν
1499 493 1638 546 ἰδίαν
1663 496 1935 566 τετήρηκε

317 589 508 657 τάξιν,
542 589 641 642 καὶ
695 587 982 659 μονονουχὶ
1013 587 1106 641 τὸν
1148 587 1448 658 ταξίαρχον
1494 588 1804 656 ἀναφωνεῖ;
1843 594 1937 645 καὶ

315 686 410 739 ὅτι
451 683 644 754 νόμοις
691 680 1025 746 ὑπέζευκται
1080 679 1180 751 βοᾷ
1225 681 1321 735 καὶ
1370 679 1608 752 νεύμασι
1654 682 1937 736 διοικεῖται

317 781 438 842 τοῖς
465 776 562 832 τοῦ
595 778 818 850 κρατεῖν
853 776 1154 846 ἰσχύοντος,
1189 777 1335 848 φημὶ
1364 777 1428 848 δὴ
1454 777 1612 832 Θεοῦ.
1644 779 1936 852 Τοιγάρτοι

325 875 421 926 καὶ
455 873 486 925 ὀ
512 869 803 934 θεσπέσιος
829 869 1075 934 Παῦλοςο
1108 889 1126 922 ι
1165 870 1246 924 Τά
1284 871 1394 942 γὰρ
1430 871 1638 944 ἀόρατα
1682 873 1872 938 αὑτοῦ,
1910 893 1928 927 ι

325 965 518 1035 φησὶν,
547 983 566 1016 ι
588 962 698 1017 ἀπὸ
728 949 1186 1034 κτίσεωςκόσρίου
1227 967 1338 1028 τοῖς
1365 966 1636 1036 ποιήμασι
1670 965 1937 1038 νοούμενα

327 1056 662 1129 καθορᾶται,
687 1055 722 1126 ἥ
745 1071 805 1108 τε
833 1054 1004 1119 ἀΐδιος
1029 1054 1193 1108 αὑτοῦ
1220 1055 1452 1126 δύναμις
1483 1057 1577 1111 καὶ
1599 1057 1834 1130 θειότης,
1855 1060 1935 1122 εἰς

315 1147 384 1201 τὺ
429 1143 578 1200 εἶναι
618 1144 822 1208 αὐτοὺς
870 1143 1352 1216 ἀναπολογήτους
1391 1145 1527 1200 διότι
1579 1148 1798 1216 γνόντες
1845 1149 1936 1202 τὸν

316 1241 484 1306 Θεὸν,
515 1239 616 1310 οὐχ
635 1239 712 1302 ὡς
744 1237 876 1291 Θεὸν
906 1236 1187 1305 ἐδόξασαν,
1215 1238 1330 1292 ἀλλ’
1364 1239 1808 1312 ἐματαιώθησαν,
1842 1243 1936 1296 καὶ

327 1332 632 1403 ἐσκοτίσθη
663 1333 698 1403 ἡ
720 1330 982 1396 ἀσύνετος
1001 1331 1179 1385 αὐτῶν
1200 1331 1417 1403 καρδία·
1449 1335 1770 1404 φάσκοντες,
1798 1329 1935 1388 εἶναι

322 1427 492 1497 σοφοὶ
527 1423 960 1498 ἐμωράνθησαν.
1011 1443 1030 1476 ι
1083 1425 1209 1490 Πῶς
1242 1425 1352 1498 γὰρ
1385 1427 1485 1481 οὐκ
1535 1427 1935 1500 ἐμωράνθησαν

318 1520 474 1592 ἕτερ’
503 1517 641 1573 ἄττα
681 1517 838 1589 παρά
865 1533 924 1571 τε
953 1516 1012 1571 τὸ
1051 1515 1174 1590 ἔχον
1212 1517 1412 1590 ὀρθῶς,
1457 1521 1608 1590 σφίσι
1644 1538 1703 1573 τε
1747 1523 1932 1584 αὐτοῖς

318 1614 423 1668 καὶ
475 1612 585 1684 μὴν
631 1610 730 1665 καὶ
769 1609 980 1682 ἑτέροις
1024 1614 1240 1684 φρονεῖν
1271 1611 1768 1683 συμϐουλεύοντες
1805 1614 1937 1668 Καί-

314 1725 408 1761 τοι
442 1707 501 1760 τί
536 1706 600 1778 δή
648 1722 781 1760 ποτε
831 1705 966 1777 φαίη
997 1722 1081 1769 τις
1112 1705 1178 1758 ἂν
1216 1707 1328 1770 τοῖς
1370 1705 1542 1770 οὕτως
1575 1706 1782 1772 ἀθλίοις
1823 1709 1936 1760 ἐπι-

2045 517 2170 564 tura
2199 509 2383 579 agitur
2413 508 2813 566 immoderate?
2857 511 3060 581 quidve
3089 513 3146 568 in
3181 515 3350 570 rebus
3371 525 3456 572 est
3491 531 3633 590 quod

2040 617 2151 656 non
2179 616 2339 656 suum
2355 600 2607 656 ordinem
2633 603 2850 658 servet?
2875 620 2938 658 ac
2963 621 3072 660 non
3101 606 3316 662 ordinis
3331 611 3637 682 principem

2039 690 2446 763 propemodum
2471 690 2630 746 eﬂ‘ari
2667 693 2943 759 videatur,
2966 705 3022 750 et
3047 696 3283 753 clamare
3308 714 3367 754 se
3396 701 3516 770 ejus
3536 702 3630 756 ob-

2045 792 2358 852 temperare
2382 782 2620 853 legibus,
2661 785 2892 855 ejusque
2918 788 3149 844 nutibus
3170 793 3306 862 regi,
3342 794 3438 863 qui
3463 794 3633 864 ipsam

2039 873 2325 929 continere
2349 889 2414 928 ac
2433 873 2576 928 tueri
2603 875 2803 941 valeat,
2830 879 2946 942 Dei,
2964 880 3187 951 inquam
3211 884 3234 936 ?
3259 884 3445 954 itaque
3471 887 3634 942 etiam

2038 964 2235 1020 beatus
2263 965 2487 1031 Paulus,
2523 984 2540 1016 ι
2571 965 2898 1032 lnvisibilia,
2933 988 2950 1017 ι
2989 970 3191 1040 inquit,
3227 991 3244 1024 ι
3275 975 3396 1044 ejus
3431 991 3460 1029 a
3488 992 3632 1032 crea-

2039 1066 2163 1113 tura
2188 1058 2380 1113 mundi
2407 1074 2507 1129 per
2543 1074 2608 1113 ea
2655 1075 2777 1130 qua:
2800 1059 2946 1114 facta
2985 1073 3134 1129 sunt,
3181 1065 3461 1123 intellecta
3509 1086 3630 1125 con-

2038 1153 2354 1223 spiciuntur
2397 1170 2412 1219 ;
2439 1151 2773 1222 sempiterna
2803 1168 3021 1223 quoque
3044 1156 3165 1226 ejus
3190 1159 3388 1226 virtus,
3417 1170 3472 1216 et
3495 1162 3642 1217 divi-

2037 1245 2182 1300 nitas
2217 1265 2228 1300 :
2257 1245 2334 1300 ita
2360 1253 2423 1300 ut
2466 1245 2576 1300 sint
2614 1245 3054 1300 inexcusabiles:
3085 1250 3236 1317 quia,
3276 1268 3404 1307 cum
3432 1270 3634 1324 cogno-

2036 1337 2248 1392 vissent
2270 1339 2465 1403 Deum,
2491 1353 2603 1392 non
2632 1348 2690 1394 ut
2707 1339 2879 1395 Deum
2902 1339 3367 1409 glorificaverunt,
3395 1354 3490 1399 aut
3514 1361 3626 1414 gra-

2038 1431 2144 1486 tias
2168 1440 2401 1502 egerunt
2426 1448 2440 1497 ;
2467 1431 2564 1486 sed
2614 1433 2972 1488 obscuratum
2998 1444 3082 1489 est
3107 1435 3380 1506 insipiens
3428 1452 3524 1491 cor
3548 1454 3630 1491 eo-

2038 1539 2183 1588 rum,
2218 1535 2635 1581 etevanueruut
2672 1525 2729 1580 in
2763 1527 3198 1598 cogitationibus
3226 1529 3366 1595 suis;
3393 1529 3638 1584 dicentes

2037 1631 2094 1670 se
2111 1631 2230 1671 esse
2247 1617 2543 1687 sapientes,
2565 1619 2717 1673 stulti
2738 1617 2865 1673 facti
2889 1629 3018 1674 sunt
3040 1620 3103 1675 ¹’.
3131 1642 3149 1672 ι
3180 1621 3468 1688 Quomodo
3493 1623 3639 1676 enim

2038 1725 2150 1764 non
2177 1710 2331 1764 stulti
2359 1709 2486 1764 facti
2517 1719 2667 1774 sunt,
2719 1713 2814 1782 qui
2861 1714 2966 1767 alia
3002 1715 3254 1784 quaedam
3287 1716 3356 1771 ab
3396 1732 3462 1771 eo
3493 1717 3639 1786 quod

331 1796 607 1870 νήχεσθαι
654 1795 960 1867 λογισμοῖς,
1020 1797 1158 1868 μηδὲ
1219 1799 1404 1863 αὐτοῖς
1460 1798 1774 1862 ἁνδάνοντος
1822 1802 1933 1864 τοῖς

2041 1815 2254 1858 rectum
2280 1802 2372 1862 sit.
2397 1805 2606 1858 sentire
2634 1813 2749 1859 tum
2776 1806 2882 1860 sibi
2911 1807 3036 1877 ipsi,
3056 1817 3174 1862 tum
3194 1825 3326 1865 vero
3349 1811 3514 1865 etiam
3534 1826 3637 1865 οεο-

317 1889 459 1962 παρ’
501 1889 632 1960 ὑμῖν
683 1891 939 1960 ποιηταῖς
983 1888 1077 1942 τοῦ
1131 1887 1345 1960 μύθου;
1407 1889 1674 1960 Ἀνῆφθαι
1719 1890 1826 1962 γὰρ
1865 1890 1931 1963 δὴ

314 1983 435 2038 τῶν
482 1981 779 2055 πρακτέων
818 1982 918 2045 τὰς
961 1982 1302 2054 οἰκονομίας,
1347 1984 1448 2055 οὐχ
1490 1984 1713 2056 ἐτέρους
1745 1985 1930 2054 τινὰς,

315 2073 441 2128 ἀλλ’
477 2075 630 2144 ἡμᾶς
656 2073 858 2138 αὐτοὺς
882 2068 941 2127 εῦ
975 2074 1120 2145 ἔχειν
1144 2075 1342 2129 ἐδόκει.
1367 2075 1479 2128 Καὶ
1508 2075 1641 2144 γοῦν
1679 2077 1932 2148 Ὅμηρος

319 2167 449 2240 μὲν,
492 2168 551 2220 ἐν
582 2167 806 2231 οἰκείοις
835 2168 1132 2240 ποιήμασι,
1163 2167 1256 2222 τὸν
1285 2167 1622 2239 πανάριστον
1654 2168 1811 2240 ὑμῶν
1836 2168 1932 2223 καὶ

317 2259 537 2314 ὕπατον
577 2261 677 2315 Δία
713 2263 829 2326 τοῖς
856 2261 1067 2332 ἑτέροις
1095 2261 1199 2335 ἔφη
1229 2261 1666 2334 προσδιειλέχθαι
1685 2261 1928 2334 εδαίμοσι

316 2356 453 2426 περὶ
474 2355 576 2427 τῆς
596 2355 860 2424 Αἰγίσθου
889 2355 1161 2428 μοιχείας,
1183 2357 1278 2410 καὶ
1298 2356 1399 2428 τῆς
1429 2357 1522 2409 ἐπὶ
1547 2356 1685 2430 τῷδε
1708 2357 1925 2428 ποινῆςο

2040 1894 2176 1950 teris
2205 1895 2546 1966 persuadent
2579 1897 2622 1928 ¹⁹
2644 1897 2666 1950 ?
2689 1897 2879 1977 Atqui,
2908 1898 3056 1956 dicet
3083 1901 3306 1972 aliquis,
3342 1903 3476 1974 quid
3503 1920 3640 1976 Opus

2039 1997 2125 2044 est
2149 1987 2203 2042 in
2232 1988 2320 2044 his
2343 1989 2481 2044 adeo
2516 1990 2832 2047 infelicibus
2857 1995 3190 2051 commentis
3234 1995 3478 2064 fluitare,
3505 2013 3635 2052 cum

2041 2081 2146 2137 hoc
2173 2081 2494 2154 ﬁgmentum
2540 2100 2609 2139 ne
2641 2087 2844 2141 vestris
2888 2088 3116 2158 quidem
3161 2091 3339 2160 poetis
3383 2091 3642 2162 placeat?

2043 2174 2255 2246 Quippe
2304 2177 2398 2248 qui
2429 2193 2618 2233 rerum
2654 2181 2992 2252 agendarum
3019 2184 3478 2254 gubernationem
3529 2202 3638 2240 non

2033 2267 2102 2322 ad
2148 2269 2362 2339 aliquos
2409 2271 2566 2336 alios,
2603 2271 2700 2327 sed
2753 2273 2821 2326 ad
2862 2289 2964 2328 nos
3007 2274 3156 2344 ipsos
3197 2276 3484 2350 pertinere
3514 2277 3640 2347 jure

2036 2361 2377 2417 censuerint.
2406 2363 2598 2434 Itaque
2645 2364 2919 2420 Homerus
2942 2366 2999 2420 in
3041 2367 3156 2422 suis
3179 2367 3451 2438 poematis
3485 2369 3639 2422 illum

315 2456 570 2505 vestrum
595 2466 863 2522 perquam
900 2452 1172 2523 optimum
1202 2466 1266 2506 ac
1307 2467 1587 2507 summum
1634 2452 1848 2517 Jovem,
1889 2467 2014 2506 cum
2055 2454 2272 2510 caeteris
2309 2456 2388 2510 ait
2426 2454 2533 2511 diis
2571 2456 2907 2512 collocutum
2932 2457 3000 2513 de
3022 2457 3258 2529 Egistbi
3289 2459 3562 2514 adulterio
3586 2468 3644 2515 et

315 2557 484 2618 pinna
514 2547 594 2602 illi
621 2546 811 2602 debita
837 2563 851 2600 :

312 2657 393 2717 Ὠ
422 2663 632 2727 πόποι,
658 2659 789 2717 οἷον
807 2660 881 2730 δή
905 2681 981 2717 νυ
1009 2661 1186 2729 θεοὺς
1206 2662 1416 2732 ,βροτοί
1446 2661 1821 2717 αἰτιόωνται]

339 2734 448 2799 Ἐξ
470 2735 678 2802 ἡμέων
702 2733 811 2804 γάρ
839 2748 990 2804 φασι
1013 2733 1146 2788 κάκ’
1179 2734 1446 2803 ἔμμεναι,
1464 2737 1519 2788 οἰ
1546 2733 1615 2787 δὲ
1643 2734 1741 2787 καί
1763 2732 1933 2787 αὐτοὶ

319 2806 557 2876 Σφίσιν
607 2805 1060 2875 ἀτασθαλίῃσιν
1109 2806 1264 2873 ὑπὲρ
1307 2804 1502 2874 μόρον
1548 2805 1934 2948 ἄλγῗέβχουο

1531 2891 1638 2930 σιν
1752 2915 1766 2930 .

331 2969 483 3024 ’Δνθ’
500 2970 625 3024 ὅτου
646 2968 758 3042 γὰρ
784 2969 1063 3042 δὴ,φησ“ιν,
1081 2969 1440 3024 ἐπαιτιῶνταί
1459 2987 1604 3035 τινες
1624 2971 1753 3035 τοὺς
1771 2969 1928 3034 θεοὺς

2045 2659 2460 2734 Quanttemere
2504 2659 3006 2734 culpanthomincs
3047 2680 3134 2734 pta
3169 2669 3391 2723 numina
3439 2670 3643 2727 divum!

2039 2731 2125 2809 ξας
2151 2731 2510 2809 nobis‘etenint
2536 2731 2683 2809 male
2719 2733 2901 2785 dicunt
2931 2731 3082 2809 esse}
3099 2736 3191 2789 sed
3227 2739 3330 2809 ipsi

2035 2801 2248 2856 Prwter
2279 2803 2396 2873 fata
2427 2804 2537 2856 suis
2563 2805 2844 2873 patiuntur
2864 2811 2940 2856 tot
2968 2805 3116 2860 mala
3145 2801 3334 2879 culpis.

2032 2967 2206 3036 Quam
2237 2968 2308 3024 ob
2335 2983 2582 3035 causam,
2608 2970 3058 3042 inquit,nonnull
3092 2976 3227 3033 deos
3241 2990 3503 3036 accusant
3520 2987 3642 3036 tan-

311 3058 390 3125 ὡς
423 3062 554 3134 παρ’
581 3061 765 3115 αὐτῶν
791 3061 1009 3132 ἔχοντες
1048 3062 1116 3116 τά
1149 3061 1319 3130 κακὰ,
1351 3062 1446 3116 καὶ
1484 3062 1607 3134 οὐχὶ
1631 3062 1696 3134 δὴ
1728 3061 1930 3134 μᾶλλον

2038 3077 2201 3131 quam
2226 3061 2295 3115 ab
2314 3062 2424 3117 illis
2450 3062 2507 3116 in
2534 3079 2591 3117 se
2607 3063 2765 3133 201
2783 3065 2921 3119 mala
2948 3065 3296 3135 deriventur,
3329 3087 3392 3126 ac
3413 3088 3522 3128 non
3539 3090 3642 3145 po-

312 3155 416 3226 τῆς
469 3153 623 3225 σφῶν
676 3155 859 3209 αὐτῶν
929 3156 1210 3229 ἁμαρτίας
1269 3157 1793 3228 κατακεκρὸηασιν,
1855 3155 1931 3222 ὼς

311 3247 564 3320 ἐνιείσης
612 3248 812 3314 αὐτοὺς
864 3253 1210 3320 συμφοραῖς,
1243 3249 1339 3303 καὶ
1381 3252 1501 3314 ταῖς
1542 3250 1685 3322 ὑπὲρ
1725 3250 1928 3322 μόρον,

311 3342 606 3409 τουτέστι,
639 3343 734 3396 καὶ
779 3344 902 3407 ταῖς
953 3343 1097 3414 ὑπὲρ
1145 3342 1533 3415 Εἱμαρμένην,
1587 3343 1709 3414 ῆτοι
1759 3345 1822 3397 τὸ
1863 3345 1930 3416 τῇ

311 3435 655 3508 Εἰμαρμένῃ
678 3435 894 3492 δοκοῦν.
914 3436 1127 3490 Οὐκοῦν
1155 3439 1316 3510 εἰπερ
1338 3437 1514 3491 ἐλοιτό
1543 3456 1627 3502 τις
1648 3437 1932 3494 διαϐιῶναι

315 3527 421 3600 μὲν
453 3526 654 3598 ὀρθῶς,
678 3527 1076 3592 εύὸουλοτάτας
1104 3528 1160 3582 δέ
1185 3529 1282 3582 καὶ
1307 3527 1725 3594 ἐπιεικεστάτας
1750 3528 1850 3594 τὰς
1873 3530 1932 3585 ἐν

311 3619 456 3691 τῷδε
487 3619 564 3689 τῷ
598 3619 700 3691 βίῳ
732 3621 1008 3674 ποιεῖσθαι
1031 3620 1335 3692 διατριϐὰς,
1360 3620 1717 3693 ὀρθοποδήσει
1743 3639 1802 3675 τε
1838 3623 1934 3677 καὶ

313 3713 635 3786 διανήξεται
665 3714 732 3768 τὰ
760 3715 944 3782 δεινὰ,
992 3715 1220 3787 γνώμης
1263 3715 1402 3786 ἔχων
1431 3715 1600 3787 ὀρθῆς
1636 3715 1732 3768 καὶ
1779 3715 1934 3770 ἀδια-

316 3806 560 3877 στρόφου
582 3807 818 3876 καρπὸν,
846 3805 910 3860 τὸ
943 3807 1019 3879 μὴ
1045 3806 1313 3860 ἐναλῶναι
1343 3807 1534 3870 κακοῖς
1552 3825 1566 3838 ·
1603 3805 1699 3860 καὶ
1726 3805 1933 3878 ἀληθὴς

315 3900 345 3953 ὀ
378 3900 561 3968 λόγος.
613 3899 729 3970 Ἐφ’
773 3902 909 3971 ἡμῖν
954 3900 1062 3972 γάρ
1103 3899 1291 3963 αὐτοῖς
1335 3901 1489 3964 ἐστι,
1523 3898 1585 3954 τὸ
1631 3900 1720 3952 ἐπ’
1765 3898 1934 3971 ἄμφω

319 3989 568 4061 βλέπειν,
615 3990 754 4061 πρός
801 4006 865 4042 τε
908 3989 970 4043 τὸ
1009 3988 1402 4061 ἀγαθόν’φημι
1446 3989 1635 4043 καὶτὸ
1665 3989 1929 4043 ἐναντίον·

318 4083 420 4136 καὶ
453 4083 502 4135 οἰ
531 4081 631 4152 μέν
657 4085 712 4137 ἐν
735 4082 882 4154 λόγῳ
910 4081 1276 4154 πεποιημένοι
1301 4120 1315 4146 ,
1335 4081 1398 4136 τὸ
1428 4079 1812 4150 θαυμάζεσθαι
1835 4096 1934 4133 πε-

318 4173 497 4244 φυκὺς
528 4173 622 4227 καὶ
650 4173 747 4246 τὴν
769 4175 850 4239 είς
873 4172 1145 4246 ὀρθότητα
1170 4173 1377 4246 τρίϐον,
1408 4175 1466 4226 ἐν
1498 4172 1648 4244 καλῷ
1673 4173 1934 4245 γενήσον-

315 4280 414 4316 ται
443 4263 542 4333 τῆς
572 4263 776 4335 ἀρετῆς
799 4281 810 4294 ·
844 4264 896 4317 οἰ
937 4263 996 4317 δέ
1038 4262 1424 4326 ἀποκλίνοντες
1465 4264 1545 4326 εἰς
1574 4262 1633 4315 τὸ
1666 4261 1931 4329 ἐναντίον,

318 4355 419 4409 καὶ
455 4355 568 4409 τῶν
606 4357 908 4427 ἀμεινόνων
942 4356 1238 4427 προθέντες
1267 4355 1328 4409 τὸ
1362 4355 1580 4409 ἀδικοῦν
1602 4394 1618 4419 ,
1649 4355 1806 4409 αὐτοὶ
1834 4355 1932 4426 τὴν

323 4449 465 4503 ἰδίαν
537 4449 997 4522 καταφθείροντες
1063 4449 1242 4522 ζωὴν,
1305 4447 1488 4502 ἁλοῖεν
1547 4447 1614 4503 ἂν
1672 4446 1933 4501 αὐθένται

318 4542 472 4605 τινὲς
509 4543 607 4596 καὶ
641 4541 903 4616 ὀλετῆρες
937 4542 1105 4597 δεινοὶ
1133 4543 1234 4615 τῆς
1273 4541 1425 4613 σφῶν
1473 4541 1653 4595 αὐτῶν
1687 4540 1934 4613 κεφαλῆς

319 4635 762 4708 ἐξεληλεγμένοι.
794 4636 919 4691 Ὅτι
949 4636 1007 4690 δὲ
1044 4637 1130 4706 ἐφ’
1159 4637 1292 4708 ἡμῖν
1335 4635 1523 4699 αὐτοῖς
1546 4634 1608 4688 τὸ
1644 4634 1733 4687 ἐπ’
1763 4634 1934 4704 ἄμφω

321 4729 551 4801 βλέπειν
590 4729 857 4796 κείσεται,
886 4730 1140 4802 καθάπερ
1179 4729 1318 4800 ἔφην
1342 4727 1548 4801 ἀρτίως
1571 4769 1586 4794 ,
1611 4728 1705 4782 καὶ
1729 4727 1934 4781 ἀναπε-

322 4822 612 4887 πτωκότες
645 4825 726 4887 εἰς
761 4823 978 4895 ἡδονάς,
1006 4823 1108 4896 τῆς
1134 4823 1244 4879 τῶν
1271 4821 1667 4894 συμφερόντων
1693 4821 1933 4892 διαμαρο

319 4917 564 4986 τάνομεν
591 4914 787 4988 θήρας,
826 4917 996 4987 σαφὲς
1024 4917 1090 4972 ἂν
1115 4917 1345 4987 γένοιτο,
1386 4915 1714 4977 διαϐοῶντος
1745 4914 1932 4985 ἐτέρου

320 5007 437 5061 τῶν
457 5008 588 5080 παρ’
608 5009 797 5072 αὐτοῖς
821 5007 1083 5080 ποιητῶν·
1107 5007 1405 5080 Εὐριπίδης
1425 5001 1580 5071 οὗτος
1596 5001 1681 5076 ἦν.
1710 5003 1936 5059 Γύναιον

325 5098 431 5168 μὲν
471 5098 584 5170 γὰρ
643 5100 736 5152 ἐπὶ
791 5100 999 5170 σκηνῆς
1053 5098 1374 5172 ἀρῥωστοῦν
1430 5099 1605 5152 ἐποίει
1656 5099 1757 5170 τὴν
1804 5097 1935 5151 ἀκό-

323 5189 530 5244 λαστον
560 5191 772 5264 ἡδονὴν,
795 5187 916 5247 εἶτα
947 5193 1048 5246 ούκ
1082 5187 1180 5246 οἷδ’
1207 5193 1357 5257 ὅπως
1390 5189 1714 5264 φιλοσοφοῦν
1742 5190 1934 5256 ἔδειξε,

326 5281 429 5334 καὶ
458 5280 642 5351 λέγον

336 5475 678 5572 Ξρριὲξνιαε
705 5482 1021 5572 γυναῖκες,
1057 5484 1120 5572 αἳ
1149 5483 1272 5538 τόδ’
1306 5483 1576 5572 ἔσχατον

335 5551 565 5605 οἰκεῖτε
604 5551 802 5620 χώρας
832 5555 1171 5621 Πελοπείας
1205 5551 1578 5623 προνώᾶτιον,

418 5663 460 5692 ³⁸
489 5662 651 5718 Rom.
680 5681 719 5730 ι,
744 5666 934 5724 20-22.
1021 5671 1063 5704 ¹⁹
1099 5671 1203 5728 Job
1235 5687 1310 5738 ιιι,
1344 5678 1398 5734 5.

421 5777 475 5858 ,(1
486 5778 506 5848 )
539 5776 729 5850 Odyss.
757 5855 763 5860 γ

2037 3156 2148 3210 tius
2197 3156 2264 3210 de
2294 3156 2410 3210 suis
2461 3155 2707 3226 ipsorum
2735 3158 2980 3227 peccatis
3025 3171 3472 3232 conquerantur,
3517 3183 3642 3240 quae

2035 3247 2093 3302 in
2114 3247 2371 3303 miserias
2407 3262 2505 3303 eos
2549 3247 2876 3319 conjiciunt,
2907 3265 3114 3321 easque
3146 3261 3350 3322 praeter
3369 3256 3486 3311 Fati
3511 3274 3645 3314 con-

2035 3340 2330 3404 ditionem,
2361 3347 2458 3394 aut
2490 3347 2691 3409 praeter
2734 3339 2790 3394 id
2818 3341 2967 3410 quod
3018 3342 3153 3398 Fato
3205 3343 3496 3401 decretum
3545 3349 3637 3404 sit.

2036 3429 2245 3501 Siquis
2293 3430 2460 3501 igitur
2493 3430 2796 3484 constituat
2840 3441 2989 3486 recte
3011 3432 3222 3498 vivere,
3272 3441 3328 3488 et
3352 3436 3644 3505 sapientis-

2035 3528 2174 3584 sime
2211 3526 2530 3597 optimeque
2574 3525 2630 3580 in
2672 3526 2776 3581 hac
2815 3527 2928 3580 vita
2971 3527 3202 3593 versari,
3250 3529 3297 3584 is
3319 3538 3374 3584 et
3425 3539 3642 3586 rectum

2035 3633 2260 3674 cursum
2294 3616 2532 3682 tenebit,
2569 3623 2624 3670 et
2646 3632 2675 3671 e
2705 3617 2928 3672 casibus
2960 3619 3174 3688 asperis
3195 3620 3469 3686 elabetur,
3505 3639 3644 3678 suae-

2035 3726 2143 3782 que
2169 3718 2335 3764 rectae
2365 3724 2428 3764 ac
2456 3711 2627 3764 firmae
2651 3709 2942 3766 sententiae
2969 3710 3125 3766 hunc
3174 3710 3420 3770 fructum
3452 3714 3640 3784 perci-

2033 3805 2171 3874 piet,
2207 3812 2267 3858 ut
2303 3803 2462 3858 malis
2509 3817 2623 3858 non
2671 3803 3022 3874 implicetur:
3069 3803 3238 3875 idque
3290 3807 3644 3864 verissimum

2034 3905 2139 3954 est.
2165 3898 2225 3952 In
2249 3907 2439 3953 nostra
2461 3913 2700 3967 namque
2726 3905 2811 3952 est
2845 3896 3107 3952 facultate
3133 3897 3325 3963 situm,
3375 3898 3432 3953 in
3462 3908 3642 3955 utram

2033 3989 2270 4043 velimus
2309 3993 2526 4058 partem
2575 3993 2852 4056 spectare,
2897 3985 2967 4040 ad
3010 3985 3240 4051 bonum,
3296 3985 3542 4056 inquam,
3570 4002 3642 4040 an

2035 4088 2229 4136 contra
2265 4079 2332 4134 ad
2359 4079 2565 4133 malum
2596 4096 2609 4132 :
2639 4093 2705 4133 ac
2751 4077 2846 4148 qui
2889 4078 3009 4149 ejus
3037 4077 3184 4147 quod
3211 4087 3405 4147 suapte
3441 4085 3640 4132 natura

2035 4180 2120 4229 est
2147 4172 2445 4227 honestum
2468 4178 2526 4226 et
2547 4169 2892 4236 admirabile,
2919 4179 2975 4225 et
2991 4170 3126 4224 recti
3149 4169 3368 4226 itineris
3389 4187 3643 4242 magnam

2037 4264 2306 4319 rationem
2334 4263 2561 4329 habent,
2605 4263 2674 4318 ad
2701 4263 2926 4318 virtutis
2949 4263 3239 4319 commoda
3271 4263 3640 4335 pervenient;

2037 4356 2134 4426 qui
2158 4370 2289 4409 vero
2340 4354 2396 4409 in
2419 4354 2757 4410 contrariam
2814 4362 3026 4425 partem
3075 4353 3426 4420 deﬂexerint,
3474 4362 3532 4410 et
3553 4371 3644 4411 res

2039 4445 2382 4518 perniciosas
2405 4445 2632 4517 optimis
2649 4446 3019 4518 praetulerint,
3046 4462 3160 4502 sua;
3181 4447 3289 4519 ipsi
3321 4447 3447 4503 vitae
3471 4447 3644 4503 inter-

2041 4540 2181 4594 itum
2211 4537 2515 4604 aﬂ‘erendo,
2542 4547 2804 4609 tanquam
2831 4539 2918 4594 sui
2944 4539 3190 4610 ipsorum
3229 4540 3426 4611 capitis
3455 4539 3642 4596 sicarii

2044 4646 2110 4686 ac
2161 4629 2453 4701 parricidae
2499 4629 2772 4684 teterrimi
2816 4631 3057 4686 convicti
3096 4631 3452 4688 tenebuntur.
3508 4633 3644 4689 Esse

2041 4735 2228 4782 autem
2272 4724 2330 4778 in
2352 4732 2543 4778 nostra
2565 4724 2735 4779 situm
2783 4733 3076 4795 potestate,
3107 4725 3165 4780 in
3202 4719 3384 4780 utram
3409 4724 3647 4781 velimus

2041 4826 2254 4888 partem
2283 4822 2557 4886 spectare,
2587 4823 2650 4870 ut
2673 4815 2986 4884 mododixi,
3013 4825 3070 4871 et
3093 4816 3226 4871 dum
3251 4815 3320 4871 ad
3333 4817 3647 4887 voluptates

2040 4908 2341 4972 inhiamus,
2387 4907 2653 4962 aberrare
2681 4923 2711 4962 a
2738 4924 2928 4964 rerum
2973 4907 3191 4963 utilium
3226 4907 3643 4972 consecutione,

2040 5000 2398 5073 perspicuum
2423 4998 2542 5054 fieri
2569 5008 2753 5071 potest
2785 5001 3103 5055 testimonio
3140 5000 3370 5056 alterius
3395 5000 3641 5070 ipsorum

2041 5098 2220 5163 poetae
2242 5109 2260 5151 ι
2282 5089 2584 5161 Euripides
2605 5089 2697 5145 hic
2719 5099 2824 5145 est.
2845 5091 2895 5146 ls
2922 5091 3126 5162 quippe
3157 5091 3542 5146 mulierculam
3585 5091 3642 5145 in

2041 5199 2207 5239 scena
2254 5183 2676 5254 intemperantis
2730 5181 2981 5238 lididinis
3043 5182 3240 5237 morbo
3290 5182 3640 5236 laborantem

2042 5278 2201 5334 facit:
2251 5277 2454 5333 deinde
2500 5277 2666 5332 modo
2716 5275 2908 5332 nescio
2945 5291 3056 5345 quo
3101 5275 3352 5332 eamdem
3398 5275 3645 5346 philoso-

2042 5373 2306 5444 phantem
2329 5371 2544 5427 inducit
2569 5369 2644 5444 (2)
2676 5387 2740 5426 ac
2759 5372 3070 5427 dicentem:

2188 5485 2233 5556 0
2254 5501 2372 5556 qua:
2393 5502 2671 5556 supremas
2706 5487 2860 5539 hasce
2885 5483 3090 5556 Pelopii
3127 5484 3228 5538 soli

2189 5555 2467 5611 Hu’bitatis’
2483 5573 2626 5621 oras,
2652 5555 2898 5610 mulieres
2923 5555 3251 5638 Tr'wzeniw,’

2119 5777 2196 5846 (2)
2226 5777 2283 5831 In
2319 5776 2601 5849 Hippolyto
2627 5786 2879 5832 coronato
