4104 6454
490 308 593 365 455

616 427 755 485 Olim
776 429 892 498 ipsa
920 424 1326 498 mecumtarda
1359 423 1485 498 dum
1512 437 1617 476 non:
1639 420 1860 498 inbitur,

631 498 744 554 Hoc
766 491 924 552 anxie
947 495 1182 567 quesivi,
1212 492 1469 567 quomodo
1500 502 1554 567 e_t_
1573 491 1758 562 quibus

630 567 896 637 Corrupto
919 561 1090 637 censis
1116 561 1233 617 vita'
1248 566 1315 618 sit
1339 561 1665 637 mortalium.

630 639 707 693 Ac
735 633 859 692 mihi
882 636 1123 690 videntur
1151 651 1255 687 non
1293 650 1320 687 e
1342 650 1526 689 sensus
1549 633 1760 703 ingenio

628 707 696 776 In
719 723 885 776 praua
915 707 1044 776 ferri
1077 721 1095 759 :
1125 721 1358 775 namque
1382 702 1563 758 multis
1594 700 1683 756 cor
1706 700 1865 776 sapit.

629 726 696 763 1η
758 726 885 760 rava
915 726 1043 776 ἐττῑ
1077 726 1095 759 ἔ
1125 726 1358 775 namque
1382 726 1563 758 mutus
1594 726 1683 756 ουτ
1706 726 1865 771 sap".

629 726 865 858 Scilicet:
881 778 1027 858 origo
1055 784 1131 858 est
1157 776 1347 858 omnis,
1377 782 1436 827 ut
1458 778 1669 856 opinor,
1698 770 1865 826 mali:

628 846 790 917 Utilia
806 845 977 899 cuncti
994 847 1189 917 scimus
1217 853 1266 898 et
1288 845 1648 917 cognoscimus
1670 859 1688 897 :

632 914 737 971 Sed
759 917 1046 987 refugimus
1067 914 1298 987 laborem
1326 913 1509 970 {aiius
1532 914 1772 987 ignavia,

627 987 777 1042 Alius
801 983 1017 1056 honesto
1042 986 1168 1056 dum
1191 984 1521 1056 voluptatem
1548 983 1671 1056 ante
1703 983 1825 1056 fert,

624 1056 718 1110 Vel
736 1059 890 1120 hanc,
913 1055 996 1110 vel
1025 1055 1179 1109 illum
1205 1072 1224 1111 :
1249 1053 1359 1109 vita
1386 1072 1511 1109 nam
1527 1054 1723 1108 multas
1744 1053 1919 1107 habet.

626 1126 891 1198 Eugando
910 1134 1049 1198 totos
1072 1124 1168 1198 ille
1201 1126 1463 1198 consumit
1487 1125 1596 1178 dies
1622 1141 1640 1178 :

626 1193 783 1251 Hunc
810 1194 943 1251 nihil
966 1194 1158 1267 agendi
1178 1194 1332 1249 dulce
1358 1193 1582 1249 delectat
1604 1194 1828 1249 malum.

555 1310 822 1381 Intelligis
862 1326 974 1364 non
998 1310 1317 1375 Fortunam,
1349 1325 1461 1365 non
1485 1307 1705 1373 Ortum,
1739 1323 1850 1362 non
1886 1306 2081 1361 Fatum

484 1400 684 1472 priscis
727 1399 837 1453 illis
879 1399 1015 1454 viris
1044 1400 1377 1469 culpandum
1404 1397 1603 1464 videri,
1651 1397 1807 1467 quasi
1833 1413 1933 1467 per
1968 1397 2079 1451 vim

485 1508 644 1548 nosa
688 1499 838 1546 recta
867 1492 1164 1557 sententia,
1194 1491 1374 1561 iisque
1420 1489 1590 1544 rebus
1634 1489 1897 1560 depellat,
1943 1504 2082 1558 quas

490 1584 757 1640 honestas
804 1599 927 1639 esse
973 1582 1378 1639 didicerimus?
1417 1580 1691 1651 Corrupta
1738 1595 1976 1650 namque
1997 1586 2083 1635 est

483 1677 597 1732 vita
620 1678 959 1743 mortalium,
986 1676 1187 1748 inquit,
1215 1691 1326 1730 non
1349 1690 1379 1728 e
1406 1688 1602 1727 sensus
1626 1671 1866 1743 ingenio,
1894 1671 1949 1725 id
1973 1678 2078 1736 est,

1517 300 1572 355 S.
1614 298 1891 355 CYRILLI
1930 297 2401 356 ALEXANDRINI
2438 296 2760 357 ARCHIEP.

2104 420 2152 479 Α
2182 419 2328 486 Ἤδη
2355 421 2486 491 ποτῖ
2527 418 2731 487 ἄλλως
2757 422 2983 491 νυκτὸς
3004 421 3075 476 ἐν
3099 397 3313 491 ξιιαλρῷ
3344 421 3542 489 χρόνῳ

3665 304 3768 363 456

2182 487 2429 580 ante
2458 486 2863 580 aeneus
2897 486 3430 580 servassem.-

2180 559 2304 631 Ifal
2319 577 2418 626 μοι
2454 558 2747 631 δοκοῦσιν
2774 558 2858 617 οὗ
2889 558 3039 617 κατὰ
3071 558 3311 631 πένώμῃς
3331 558 3525 631 φύσιν

2180 618 2491 702 ηράᾶσειν
2521 629 2756 702 κάκιον·
2787 632 2919 702 ἐστι
2939 634 3049 702 γὰρ
3077 618 3145 686 τὸ
3182 618 3531 702 ἑῦξιῷονεῖν

2179 699 2537 770 Πολλοῖσιν.
2585 701 2769 754 Ἀλλὰ
2796 699 2954 767 τῇδέ
2982 699 3467 770 ἄθρητέονὲόδε·

2186 769 2263 842 Td
2292 769 2509 842 χρήστ’
2536 771 2906 841 ἐπιστάμεθα
2931 774 3030 828 καί
3058 769 3452 842 γινώσκομεν,

2187 792 2263 823 ια
2292 792 2491 837 χρηστ
2536 792 2906 841 επισταμεσα
2931 792 3030 828 και
3097 792 3452 842 ινωσκομεν,

2186 841 2725 912 Οὺκὲὲκξτοκοῦμεν
2777 842 2878 907 δὲ,
2915 846 2969 898 οἱ
3007 792 3125 911 uir
3156 840 3370 912 ἀργίας
3406 843 3557 912 ὕπο,

2186 911 2252 962 Οἱ
2277 909 2329 961 δ’
2362 909 2600 978 ἡδονὴν
2621 912 2944 978 προθέντες
2972 909 3106 967 ἀντὶ
3136 909 3251 966 τοῦ
3271 913 3464 969 καλοῦ

2188 980 2428 1054 fnum-
2453 984 2586 1034 τιν’.
2611 981 2761 1054 ΔΕἰσὶ
2796 981 2850 1036 δ’
2885 983 3100 1051 ἡδοναί
3146 985 3559 1054 πολλαὶβίου,

2181 1051 2419 1120 Μακραί
2440 1068 2505 1105 τε
2549 1051 2803 1121 λέσχαι,
2838 1054 2941 1108 καί
2984 1055 3186 1125 σχολὴ
3210 1093 3224 1119 ,
3256 1056 3519 1124 τερπνὸν
3543 1051 3771 1115 κακόν.

2254 1302 2452 1374 Συνίης
2495 1303 2645 1368 ὅπως
2674 1303 2736 1358 οὐ
2771 1303 2954 1377 Τύχην
2980 1344 2995 1372 ,
3034 1305 3096 1359 οὐ
3132 1305 3353 1362 Γένεσιν
3375 1347 3391 1374 ,
3431 1308 3530 1380 οὐχ
3563 1311 3770 1383 Εἱμαρ-

2187 1391 2359 1465 μένην
2387 1394 2502 1457 τοῖς
2532 1392 2914 1465 ἀρχαιοτέροις
2943 1394 3223 1449 αἰτιᾶσθαι
3249 1395 3417 1462 δοκεῖ,
3445 1396 3521 1460 ὠς
3548 1397 3779 1464 ἐξωθοῦ·

2185 1501 2285 1539 σαν
2335 1486 2484 1556 ἡμᾶς
2526 1487 2624 1540 σὺν
2664 1484 2755 1558 βίᾳ
2785 1486 2883 1558 τῆς
2929 1486 3285 1559 ἐγνωσμένης
3315 1487 3645 1559 ὀρθότητος,
3679 1492 3776 1545 καὶ⁸

2183 1572 2260 1632 ὧν
2303 1577 2369 1631 ἂν
2403 1576 2670 1649 μάθοιμεν
2717 1574 2860 1633 εἶναι
2911 1578 3198 1650 χρηστῶνς
3235 1579 3568 1652 Διέφθαρται
3599 1580 3708 1653 γάρ
3745 1586 3778 1638 ὁ

2186 1668 2298 1739 βίος
2329 1669 2437 1724 τῶν
2461 1670 2557 1722 ἐπὶ
2576 1671 2676 1742 τῆς
2704 1670 2831 1742 γῆς,
2857 1672 3047 1743 φησὶν,
3066 1673 3128 1726 οὐ
3162 1672 3304 1726 κατὰ
3333 1672 3562 1745 γνώμης
3586 1674 3772 1743 φύσιν,

483 1785 596 1824 non
614 1787 692 1841 \eo
716 1770 866 1841 quod
909 1785 1140 1841 pravum
1178 1774 1379 1823 natura
1404 1782 1628 1822 sensum
1659 1764 1901 1819 habeant
1944 1781 1956 1817 :
1988 1762 2081 1817 sed

2187 1763 2502 1827 τουτέστιν,
2529 1764 2628 1834 οὐχ
2671 1764 2752 1817 ὅτι
2793 1764 3037 1835 πονηρὰν
3071 1764 3256 1835 ἔχουσι
3291 1766 3434 1819 κατά
3475 1767 3637 1834 φύσιν
3673 1767 3776 1838 τὴν

484 1865 633 1937 quod
663 1880 727 1920 ea
761 1880 882 1934 qua:
913 1870 1064 1918 recte
1103 1866 1429 1925 senserunt,
1465 1856 1770 1913 laborando
1810 1856 2077 1927 perﬁcere

482 1958 699 2012 nolunt.
726 1957 887 2026 202
917 1956 986 2010 Ει
1007 1970 1130 2024 quae
1153 1954 1318 2024 hujus
1346 1952 1426 2007 rei
1464 1966 1631 2007 causa
1654 1950 1771 2006 est?
1793 1949 1905 2004 Aut
1926 1951 2078 2006 enim

483 2049 719 2122 ignavia,
755 2048 955 2119 inquit,
984 2047 1060 2101 ita
1102 2046 1225 2100 illos
1258 2042 1551 2115 impedivit
1574 2050 1636 2097 ut
1661 2041 1731 2097 ad
1755 2042 1931 2098 otium
1962 2043 2077 2099 ha:-

485 2151 702 2209 rerent;
732 2150 829 2196 aut
876 2141 1131 2209 voluptas
1161 2137 1345 2208 aliqua
1378 2136 1505 2190 vita:
1540 2136 1867 2206 subrepens,
1890 2143 1948 2191 et
1977 2135 2079 2191 ad-

481 2250 675 2291 versus
702 2232 961 2288 utilitatis
980 2231 1256 2286 rationem
1286 2244 1405 2283 sese
1432 2243 1738 2299 opponens,
1762 2244 1793 2282 a
1825 2244 2080 2284 necessa—

481 2322 581 2376 riis
604 2322 772 2377 rebus
793 2319 1169 2391 adipiscendis
1184 2318 1435 2385 abduxit,
1460 2326 1516 2373 et
1532 2318 1640 2374 alio
1662 2326 1906 2374 mentem
1923 2335 2082 2375 aver—

483 2413 550 2468 tit
576 2431 591 2480 ;
617 2414 926 2469 faciliorem
965 2427 1088 2469 esse
1112 2412 1354 2468 suadens
1377 2412 1546 2478 viam,
1580 2428 1689 2483 qua
1710 2412 1780 2467 ad
1803 2411 2079 2483 ignaviam

482 2506 749 2561 tenditur.
785 2504 1220 2561 innumerabilia
1251 2504 1338 2560 his
1358 2505 1603 2576 adjicere
1637 2520 1707 2558 ex
1743 2520 1938 2560 eorum
1974 2520 2079 2561 au-

482 2599 733 2655 ctoribus
754 2599 1151 2669 potuissemus,
1168 2605 1224 2653 et
1244 2598 1470 2668 quidem
1493 2598 1770 2657 facillime.
1793 2597 1901 2654 Sed
1917 2599 2079 2655 audi-

483 2694 721 2758 toribus,
749 2708 872 2764 quae
910 2701 1039 2750 sunt
1070 2693 1224 2759 satis,
1257 2694 1453 2748 eadem
1480 2692 1728 2765 jucunda
1759 2708 1904 2760 esse,
1955 2693 2082 2765 quis

483 2784 736 2840 dubitet?
761 2784 950 2855 Itaque
975 2784 1247 2840 orationis
1273 2784 1559 2840 fastidium
1576 2784 1869 2856 fugiemus.

554 2873 752 2930 PALL.
778 2874 949 2929 Recte
972 2874 1071 2929 ais.
1092 2874 1221 2940 Sed,
1248 2874 1295 2929 si
1312 2874 1417 2940 vis,
1444 2875 1723 2945 inquiunt,
1746 2874 1864 2929 haec
1887 2875 2076 2930 mitte:

485 2966 619 3022 illud
648 2966 836 3037 potius
862 2967 1064 3044 cogita,
1092 2967 1374 3038 quomodo
1403 2966 1684 3038 sapienter
1722 2967 2079 3039 respondeas,

2186 1855 2432 1926 γνώμην
2458 1856 2573 1910 ἀλλ’
2596 1858 2678 1910 ὅτι
2709 1856 2783 1928 μὴ
2807 1857 3057 1912 ἐκπονεῖν
3085 1858 3328 1912 ἐθέλουσι
3356 1859 3427 1913 τὰ
3452 1861 3780 1933 ἐγνωσμένα

2185 1950 2418 2020 χρηστά.
2453 1950 2566 2004 Καὶ
2613 1950 2697 2014 τίς
2743 1951 2778 2020 ἡ
2808 1950 2963 2004 τοῦδε
2992 1951 3302 2022 πρόφασις;
3351 1953 3424 2006 Ἢ
3456 1953 3567 2025 γὰρ
3593 1952 3774 2021 ὄκνος,

2187 2041 2374 2111 φησιν,
2410 2040 2642 2114 ἐπέδησε
2689 2041 2830 2114 πρὸς
2875 2042 3098 2113 ἀργίαν,
3145 2044 3301 2115 ἥτις
3338 2044 3446 2101 τῶν
3492 2046 3634 2101 κατὰ
3680 2050 3777 2102 τδν

2189 2131 2302 2203 βίον
2333 2133 2536 2204 ἡδονῶν
2572 2133 3070 2205 ἀντεισδραμοῦσα,
3099 2137 3267 2205 φησὶ,
3301 2137 3397 2191 καὶ
3440 2136 3537 2191 τοῦ
3568 2141 3779 2210 συμφέ-

2193 2240 2380 2294 ροντος
2404 2224 2827 2295 ἀντανίσχουσα,
2860 2228 2961 2298 τῆς
2977 2226 3087 2281 τῶν
3114 2227 3432 2296 ἀναγκαίων
3459 2230 3765 2302 ἀπεκόμιζε

2188 2316 2382 2389 θήρας,
2408 2317 2504 2373 καὶ
2549 2318 2959 2392 ἀπεϐουκόλησε
2993 2320 3086 2374 τὸν
3118 2321 3272 2386 νοῦν,
3318 2321 3600 2396 λειοτέραν
3634 2326 3776 2381 ἀπο-

2188 2408 2455 2480 φαίνουσα
2493 2407 2593 2482 τὴν
2626 2410 2708 2475 είς
2748 2409 3024 2483 ῥᾳθυμίαν
3062 2411 3203 2470 ὁδόν.
3246 2413 3436 2486 Μυρία
3472 2414 3530 2467 δὲ
3552 2414 3621 2471 ἂν
3648 2416 3775 2471 τού-

2187 2517 2301 2566 τοις
2340 2500 2804 2574 ἐπεσωρεύσαμεν
2832 2501 2940 2556 τῶν
2969 2506 3103 2575 παρ’
3133 2504 3338 2570 αὐτοῖς,
3380 2505 3476 2560 καί⁵
3505 2507 3683 2579 ῥᾷστά
3712 2523 3778 2575 γε

2187 2593 2270 2665 δή.
2315 2595 2390 2655 Τὸ
2425 2593 2482 2648 δὲ
2520 2593 2806 2666 ἀποχρῶν,
2842 2595 2921 2653 ὅτι
2964 2598 3078 2659 τοῖς
3120 2597 3491 2669 ἀκροωμένοις
3524 2600 3655 2672 ἡδὺ,
3691 2601 3775 2667 τίς

2188 2685 2257 2741 ἂν
2279 2687 2586 2754 ἐνδοιάσαι,
2617 2686 2896 2759 τοιγάρτοι
2930 2687 3025 2742 καὶ
3039 2688 3348 2761 διωσόμεθα
3368 2690 3463 2745 τοῦ
3491 2691 3652 2763 λόγου
3682 2694 3776 2750 τὸν

2072 2824 2082 2833 .
2187 2781 2365 2853 ὃχλον.

2259 2852 2469 2930 ΠΑΛᾸ.
2508 2872 2715 2946 Ὀρθῶς
2741 2872 2900 2946 ἔφης.
2944 2873 3086 2928 Ἀλλ’
3108 2874 3156 2928 εἰ
3185 2873 3385 2946 βούλει,
3411 2876 3566 2946 φασὶ,
3603 2877 3775 2933 ταῦτα

2187 2969 2253 3042 δὴ
2280 2967 2464 3040 μέθες.
2502 2966 2727 3020 Διανοοῦ
2761 2965 2819 3020 δέ
2846 2968 2997 3031 ὅπως
3025 2967 3344 3040 ἀπολογήσῃ
3378 2968 3581 3038 σοφῶς,
3612 2971 3777 3041 εἴπερ

485 3058 531 3113 si
558 3058 651 3129 qui
681 3064 732 3112 te
760 3067 977 3130 rogent,
996 3074 1247 3129 quaenam
1274 3060 1453 3131 possit
1473 3060 1774 3133 excogitari
1808 3060 1951 3116 ratio
1974 3060 2081 3115 hu-

2190 3059 2401 3133 ἐροιντό
2438 3075 2606 3124 τινες,
2630 3058 2714 3122 τίς
2763 3057 2830 3113 ἂν
2874 3061 3046 3113 νοοῖτο
3090 3060 3252 3131 τυχὸν
3293 3062 3323 3115 ό
3373 3060 3532 3130 λόγος
3572 3062 3669 3132 τῆς
3714 3062 3776 3115 ἐν

484 3150 568 3220 ius
598 3157 803 3206 nostra
834 3150 1222 3221 inaequalitatis
1247 3160 1305 3206 et
1326 3148 1684 3218 confusionis,
1712 3167 1834 3223 quae
1863 3167 2081 3209 sursum

2186 3154 2322 3224 ἡμῖν
2365 3151 2717 3221 ἀνισότητος.
2762 3152 2860 3206 καὶ
2906 3150 3002 3205 τοῦ
3049 3152 3163 3207 ἄνω
3200 3169 3261 3206 τε
3309 3152 3405 3208 καὶ
3448 3154 3601 3208 κάτω
3643 3153 3775 3228 παρ’

483 3246 746 3299 deorsum
772 3250 833 3297 et
857 3251 1059 3314 praeter
1082 3244 1348 3299 meritum
1371 3244 1700 3316 plerumque
1733 3245 1926 3301 turbat
1961 3259 2085 3300 om-

483 3334 575 3391 nia
606 3351 619 3387 :
644 3349 775 3389 nam
802 3349 1129 3404 perversum
1169 3334 1456 3391 hominem
1481 3335 1826 3392 fortunatum
1859 3353 1925 3392 ac
1946 3337 2087 3393 divi-

487 3436 597 3483 tem
619 3428 809 3483 videre
833 3427 984 3493 licet,
1027 3434 1084 3482 et
1120 3428 1364 3483 vicissim
1404 3444 1784 3500 saepenumero
1823 3430 2082 3500 probum,

488 3526 543 3574 et
560 3519 792 3574 summis
806 3519 1066 3574 laudibus
1081 3519 1334 3592 dignum,
1362 3520 1419 3574 in
1447 3521 1746 3576 contrariis
1766 3520 1935 3578 rebus
1955 3538 2085 3578 ver-

489 3611 622 3668 sari.
2022 3668 2025 3671 ,

555 3702 714 3759 CYR.
743 3701 1056 3759 Obscurum
1079 3713 1166 3760 est
1190 3704 1244 3761 id
1283 3704 1555 3776 profecto,
1579 3711 1637 3760 et
1659 3702 1897 3760 arduum
1928 3720 2083 3774 sane,

491 3795 718 3864 Palladi,
749 3795 916 3866 idque
939 3798 1317 3868 pervestigare
1352 3796 1516 3864 velle,
1543 3811 1667 3852 mea
1690 3795 1916 3866 quidem
1954 3813 2084 3855 sen-

491 3887 690 3952 tentia,
722 3887 981 3944 humanm
1005 3897 1218 3944 naturae
1259 3887 1487 3944 modum
1522 3887 1807 3960 egreditur
1830 3904 1895 3944 ac
1917 3903 2083 3960 supe-

491 3986 580 4033 rat
623 3997 635 4032 :
683 3979 889 4036 divinis
923 3981 1074 4036 enim
1098 3980 1322 4054 iudieiis
1364 3981 1673 4038 concedere
1711 3995 1941 4037 necesse
1976 3987 2080 4037 est.

490 4067 583 4135 Ac,
612 4070 886 4140 siquidem
911 4080 1061 4127 recte
1088 4073 1295 4129 sentire
1333 4072 1592 4138 velimus,
1634 4071 1738 4127 soli
1768 4072 1848 4127 illi
1887 4087 2083 4142 supre-

490 4180 592 4220 mae
638 4170 696 4215 et
758 4162 1175 4234 incorruptibili
1221 4164 1393 4219 menti
1443 4163 1610 4234 hujus
1669 4161 2086 4234 gubernationis

487 4253 775 4309 scientiam
802 4256 1144 4323 tribuemus;
1174 4255 1243 4310 ad
1281 4271 1345 4311 ea
1372 4255 1559 4326 potius
1581 4270 1704 4326 quae
1726 4261 1855 4311 sunt
1884 4256 1942 4310 in
1962 4269 2083 4309 ma-

500 4342 668 4397 nibus
691 4359 1004 4415 pergemus,
1033 4360 1156 4415 qua:
1193 4345 1361 4399 etiam
1386 4359 1513 4401 cum
1536 4344 1727 4400 labore
1754 4345 1849 4400 vix
1869 4361 1898 4400 a
1920 4343 2085 4399 nobis

486 4435 869 4504 inveniuntur,
909 4445 971 4492 ut
1004 4438 1307 4508 Scriptura:
1332 4437 1642 4492 tradunt".
1669 4436 1798 4502 Sed,
1825 4440 1954 4509 quia
1982 4438 2083 4495 de-

488 4525 763 4583 fendenda
789 4536 894 4592 est,
920 4529 1139 4599 Opinor,
1181 4544 1211 4582 a
1237 4528 1420 4593 nobis,
1458 4528 1554 4583 ubi
1582 4528 1740 4583 locus
1761 4528 1943 4596 datur,
1969 4531 2087 4588 haec

490 4618 631 4674 ratio
669 4637 681 4671 :
725 4635 823 4690 age
862 4632 965 4674 nos
999 4634 1220 4690 quoque
1258 4619 1326 4673 ad
1356 4618 1488 4674 illud
1532 4619 1838 4676 veniamus.
1879 4622 2088 4678 Vanam

490 4725 614 4766 esse
656 4712 821 4781 paulo
844 4717 972 4766 ante
998 4711 1293 4781 impiorum
1324 4711 1612 4766 hominum
1644 4712 1963 4783 opinionem
1989 4731 2081 4771 ar-

490 4801 814 4873 guebamus,
840 4816 967 4857 cum
1006 4801 1154 4856 haud
1184 4802 1381 4858 alienis
1421 4803 1959 4872 ratiocinationibus,
1986 4805 2084 4862 sed

481 4895 817 4952 necessariis
841 4893 1136 4949 sententiis
1181 4894 1602 4950 ostenderemus
1637 4895 1865 4951 humani
1908 4896 2080 4952 animi

492 4984 865 5057 gubernacula
913 4997 1023 5038 non
1072 5001 1241 5056 penes
1279 4985 1475 5043 Ortum
1526 5002 1679 5054 esse,
1736 5004 1919 5059 neque
1960 4989 2081 5045 Fati

493 5076 693 5132 durum
711 5086 770 5131 et
793 5076 1114 5133 inevitabile
1145 5079 1338 5150 jugum
1376 5080 1539 5136 nobis
1578 5081 1899 5151 impositum
1941 5081 2081 5139 :sed

494 5183 678 5225 rerum
712 5184 837 5239 quae
861 5169 1139 5225 electione
1162 5170 1299 5227 fiunt
1327 5181 1657 5244 potestatem
1690 5190 1861 5245 penes
1890 5174 2082 5231 unius-

462 5257 757 5332 'cujusque
778 5261 1069 5319 arbitrium
1095 5281 1238 5331 esse,
1265 5266 1320 5320 in
1337 5267 1609 5338 nobisque
1633 5267 1769 5337 ipsis
1800 5267 1992 5333 situm,
2018 5274 2081 5322 ut

495 5352 857 5425 quodcunque
881 5356 1055 5412 visum
1081 5358 1270 5426 fuerit,
1309 5359 1491 5417 facere
1528 5359 1935 5431 aggrediamur,
1963 5359 2080 5415 sive

492 5447 625 5504 illud
659 5448 864 5505 bonum
911 5451 1004 5518 sit,
1052 5454 1168 5509 sive
1221 5456 1448 5509 malum.
1497 5454 1767 5524 Equidem
1794 5452 2080 5510 felicitatis

557 5603 604 5637 ²⁶
640 5603 770 5679 Sap.
804 5621 880 5673 ιιι,
918 5606 1007 5663 16.

562 5763 640 5835 (l)
676 5763 767 5821 Sic
791 5764 913 5821 cod.
956 5763 1157 5844 Vatia;
1187 5762 1361 5819 codex
1390 5760 1602 5838 Sirlcti,
1648 5759 1741 5832 εῷ.

2186 3239 2346 3306 ἀξίαν
2388 3239 2500 3294 ἐσθ’
2552 3240 2662 3294 ὅτε.
2708 3241 3100 3313 Εὑημεροῦντα
3149 3242 3248 3314 μὲν
3295 3243 3406 3315 γὰρ
3455 3246 3552 3298 καὶ
3605 3244 3773 3299 πλου-

2187 3334 2386 3389 τοῦντα
2427 3334 2519 3389 τὸν
2562 3333 2801 3405 πονηρὸν
2846 3333 3163 3405 καταθεῷτό
3206 3352 3292 3400 τις
3340 3334 3440 3401 ἂν,
3477 3335 3534 3388 ἐν
3567 3352 3633 3406 γε
3660 3337 3777 3400 τοῖς

2187 3426 2456 3490 ἐναντίοις
2496 3426 2762 3495 γεγονότα
2806 3424 3070 3490 πολλάκις
3103 3424 3196 3478 τὸν
3239 3425 3484 3497 ἐπιεικῆ,
3524 3427 3621 3480 καὶ
3664 3425 3777 3480 τῶν

2188 3517 2269 3582 είς
2290 3515 2446 3587 λῆξιν
2477 3517 2722 3589 ἡκόντων
2751 3516 2991 3571 ἐπαίνων
3012 3517 3255 3589 ἐμπλεω.

2260 3696 2423 3751 ΚΥΡ.
2455 3695 2806 3751 Δυσέποπτον
2845 3694 3064 3768 ἀληθῶς
3101 3697 3197 3751 καὶ
3225 3695 3547 3768 δυσέφικτον
3575 3694 3772 3772 κομιδῆ

2185 3788 2246 3845 τδ
2287 3790 2480 3863 χρῆμά
2512 3792 2682 3858 ἐστιν,
2718 3784 2764 3844 ὧ
2801 3790 3098 3858 Παλλάδιε,
3130 3791 3225 3845 καὶ
3264 3790 3327 3845 τὸ
3367 3791 3528 3845 ταυτὶ
3559 3792 3624 3862 δὴ
3654 3791 3780 3864 βού-

2185 3883 2377 3938 λεσθαι
2426 3882 2909 3956 πολυπραγμονεῖν
2969 3882 3137 3954 φαίην
3190 3883 3258 3938 ἂν
3302 3872 3479 3953 ἔγωγε
3525 3883 3636 3938 τῶν
3673 3884 3779 3957 τῆς

2185 3975 2606 4047 ἀνθρωπότητος
2653 3975 2871 4047 μέτρων
2922 3975 3183 4029 ἐπέκεινα
3231 3993 3290 4029 τε
3343 3978 3441 4031 καὶ
3485 3978 3772 4035 ἀνωτάτω.

2185 4065 2364 4131 Θείοις
2417 4066 2528 4139 γὰρ
2585 4067 2820 4139 κρίμασι
2884 4068 3240 4139 παραχωρεῖν
3304 4069 3622 4138 ἀναγκαῖον·
3679 4069 3777 4124 καὶ

2185 4158 2346 4231 εἴπερ
2390 4158 2648 4230 ἑλοίμεθα
2693 4162 2910 4231 φρονεῖν
2939 4158 3148 4232 ὀρθῶς,
3197 4159 3345 4232 μόνῳ
3387 4161 3474 4232 δὴ,
3506 4161 3654 4234 μόνῳ
3695 4162 3777 4234 τῷ

2186 4250 2479 4323 ὑπερτάτῳ
2520 4252 2616 4306 καὶ
2658 4253 2924 4324 ἀκηράτῳ
2960 4252 3037 4323 νῷ
3067 4253 3145 4325 (1)
3178 4252 3280 4323 τῆς
3307 4254 3623 4326 οἰκονομίας
3675 4255 3778 4327 τὴν

2185 4344 2387 4413 γνῶσιν
2410 4344 2766 4409 ἀνάπτοντες,
2780 4344 2917 4417 πρὸς
2931 4345 2999 4398 τά
3015 4347 3074 4400 ἐν
3089 4362 3149 4416 χε
3159 4345 3245 4417 pel
3265 4346 3614 4418 βαδιούμεθα,
3629 4346 3667 4402 ἀ
3682 4348 3777 4403 καὶ

2191 4434 2288 4488 σὺν
2335 4435 2428 4507 βίᾳ
2479 4435 2632 4508 μόλις
2688 4437 2825 4509 πρὸς
2872 4437 3030 4509 ἡμῶν
3073 4436 3427 4508 εὑρίσκεται,
3487 4440 3629 4494 κατά
3675 4440 3777 4504 τὰς

2190 4527 2436 4599 Γραφάς.
2480 4529 2700 4601 Ἐπειδὴ
2744 4529 2802 4583 δὲ
2852 4524 3006 4600 οἶμαι
3050 4529 3162 4582 δεῖν
3206 4529 3347 4584 κατά
3388 4530 3451 4584 τὸ
3496 4530 3778 4603 ἐγχωροῦν

2185 4619 2489 4690 ἐπαμύνειν
2541 4621 2691 4692 ἡμᾶς
2752 4620 2830 4691 τῷ
2892 4620 3071 4692 λόγῳ,
3122 4621 3257 4694 φέρε
3314 4623 3410 4677 καὶ
3461 4624 3630 4695 ἡμεῖς
3685 4623 3777 4677 ἐπ’

2185 4708 2364 4765 ἐκεῖνο
2408 4712 2597 4784 ἴωμεν.
2648 4711 2856 4766 ’Έωλον
2885 4712 3090 4784 ἀρτίως
3133 4713 3244 4769 τῶν
3284 4713 3463 4769 ἀθέων
3491 4715 3589 4787 τὴν
3618 4715 3778 4782 δόξαν

2184 4804 2598 4876 ἀπηλέγχομεν,
2620 4804 2719 4858 οὐκ
2742 4802 3059 4873 ἐξαγωνίοις
3078 4804 3155 4880 (2)
3178 4805 3453 4878 χρώμενοι
3474 4807 3777 4880 λογισμοῖς,

2189 4896 2307 4953 ἀλλ’
2359 4898 2419 4964 ἐξ
2478 4896 2796 4967 ἀναγκαίων
2841 4897 3064 4952 ἐννοιῶν
3092 4898 3508 4969 ἀποφαίνοντες,
3561 4903 3644 4956 ὅτι
3677 4903 3781 4974 τῆς

2189 4987 2479 5059 ἀνθρώπου
2540 4989 2782 5054 διανοίας
2838 4990 2900 5044 οὐ
2948 4989 3163 5059 γένεσις
3208 4991 3323 5063 ἔχει
3380 4993 3509 5057 τοὺς
3558 4995 3778 5061 οἴακας,

2190 5078 2304 5136 ἀλλ’
2338 5079 2446 5134 οὐδ’
2480 5081 2839 5154 Εἱμαρμένης
2875 5083 3008 5153 ἡμῖν
3051 5083 3288 5155 σκληρός
3315 5100 3375 5138 τε
3418 5084 3515 5139 καὶ
3560 5084 3778 5140 δυσδιά-

2188 5192 2393 5246 φυκτος
2448 5175 2780 5252 ἐπέῤῥιπται
2827 5173 3025 5246 ζυγὸς,
3076 5177 3193 5231 ἀλλ’
3237 5177 3321 5231 ὅτι
3360 5178 3530 5249 κυρία
3559 5176 3671 5231 τῶν
3718 5179 3779 5231 ἐν

2188 5269 2399 5341 αἱρέσει
2429 5269 2724 5340 πρακτέων
2753 5271 2786 5338 ὴ
2829 5269 3062 5325 ἑκάστου
3111 5269 3337 5343 γνώμη,
3383 5273 3480 5326 καὶ
3517 5273 3606 5342 ἐφ’
3641 5273 3775 5343 ἡμῖν

2187 5362 2373 5422 αὐτοῖς
2398 5361 2461 5415 τὸ
2495 5361 2716 5415 ἑλέσθαι
2748 5362 2883 5435 δρᾷν
2911 5362 2972 5416 τὸ
2995 5362 3217 5431 δοκοῦν,
3261 5363 3361 5418 εἴτ’
3389 5363 3629 5433 ἀγαθὸν,
3660 5362 3776 5417 εἴτε

2188 5450 2412 5522 φαῦλον.
2456 5452 2952 5526 Καταλογισαίμην
2980 5453 3090 5526 γὰρ
3130 5453 3307 5524 ἔγωγε
3338 5454 3440 5528 τῆς
3470 5453 3775 5526 εὐημερίας

2259 5760 2338 5835 (2)
2376 5762 2673 5834 chebatui
2706 5763 2805 5838 οὐχ
2837 5764 2986 5830 ἐξαγ.
