4104 6426
293 430 398 484 έῖἱῗ
1038 426 1129 483 DE
1165 422 1614 482 ADORATIONE
1652 422 1720 477 IN
1765 423 1909 478 SPiR

2013 422 2035 477 3
2080 422 2167 477 ΕΤ
2211 422 2580 479 ΧἘΗΙΤΛΤΕ.
2629 424 2757 479 LIB.
2802 424 2888 478 \‘l.

3505 422 3610 477 438

291 547 422 609 τοὺς
458 544 705 616 τρόπους
752 542 897 596 κατὰ
930 559 993 612 γε
1023 544 1085 597 τὸ
1122 545 1235 608 τοῖς
1269 543 1437 614 ἱεροῖς
1469 541 1799 612 Γράμμασιν
1842 537 1898 592 εὖ

2013 554 2230 608 genera,
2258 549 2315 592 ut
2341 555 2508 594 sacra:
2532 540 2758 594 Littera:
2781 539 3112 610 approbant,
3141 538 3322 593 nonin
3349 538 3419 594 iis
3444 538 3610 592 rebus

290 638 440 711 ἔχειν
475 638 892 709 ὑπειλημμένον
913 676 929 698 ,
959 637 1062 691 οὐκ
1086 638 1143 689 ἐν
1173 630 1255 700 οἷς
1290 636 1349 688 τὸ
1376 634 1631 705 βδελυρὸν
1659 634 1752 687 καὶ
1781 636 1903 704 γήϊ-

290 749 380 786 νον
410 730 481 804 δὴ
523 732 677 785 τουτὶ
717 731 971 803 σπαταλᾷ
1006 730 1267 802 σαρκίον,
1300 728 1417 782 ἀλλ’
1448 729 1533 797 ἐφ’
1575 722 1657 791 οἷς
1703 726 1771 781 ἂν

287 843 435 881 νοιτο
479 827 585 898 τῆς
635 825 861 879 αἰωνίου
915 826 1064 895 ζωῆς
1112 823 1444 895 μεταλαχεῖν
1493 821 1756 875 δύνασθαι
1805 819 1903 892 τὴν

304 920 435 992 ὑπὲρ
482 918 649 990 σῶμα
687 919 888 990 ψυχήν⁸
920 914 1031 972 εἷεν
1060 918 1103 971 δ’
1127 917 1215 984 ἂν,
1260 915 1439 989 οἶμαι,
1482 914 1672 981 ταυτὶ,
1714 915 1783 969 τὰ
1822 916 1904 979 εἰς

301 1012 504 1086 ἀρετὴν
537 1012 937 1084 σπουδάσματα
957 1052 971 1077 ,
1000 1012 1094 1065 καὶ
1124 1012 1158 1084 ή
1190 1012 1248 1065 έν
1284 1010 1468 1064 πίστει
1497 1026 1558 1062 τε
1590 1008 1686 1062 καὶ
1718 1007 1904 1081 ἔργοις

299 1106 652 1179 λαμπρότης.
700 1105 766 1158 El
826 1104 926 1175 μὲν
974 1098 1067 1158 οῦν
1112 1104 1174 1157 οὑ
1233 1101 1456 1171 μέτεστι
1500 1103 1616 1165 τοῖς
1659 1100 1904 1156 ἐθέλουσι

283 1198 629 1270 σωφρονεῖν,
660 1195 765 1250 κᾶν
804 1196 855 1248 εἰ
886 1193 1083 1266 φαῦλοί
1113 1210 1259 1257 τινες
1286 1187 1420 1257 εἷεν,
1451 1190 1550 1246 εἴτ’
1583 1186 1677 1245 οῦν
1709 1189 1905 1260 ἀγαθοὶ

292 1291 424 1354 τοὺς
466 1288 709 1361 τρόπους
733 1328 748 1354 ,
785 1287 1033 1361 ἡκόντων
1072 1288 1153 1350 είς
1194 1285 1363 1357 μέσον
1410 1286 1460 1339 οἱ
1509 1282 1901 1353 διελέγξοντες.

293 1384 359 1437 Εἰ
392 1381 452 1435 δὲ
486 1383 544 1436 ὲν
572 1381 789 1454 αἱρέσει
820 1380 1081 1451 κειμένου
1107 1379 1203 1434 τοῦ
1243 1376 1545 1452 κατορθοῦν
1579 1376 1902 1447 ἐλευθέρως,

296 1472 335 1528 ἃ
367 1473 440 1527 ἂν
473 1471 725 1544 βούλοιτό
753 1489 869 1537 τις,
907 1471 1002 1525 καὶ
1041 1470 1160 1525 ἐνὸν
1195 1470 1368 1524 ἅπασι
1403 1470 1520 1541 μετ’
1555 1467 1806 1536 ἐξουσίας
1843 1466 1906 1519 τὸ

295 1564 603 1637 εὐημερεῖν
633 1562 856 1618 ἑλέσθαι
888 1561 1299 1634 πνευματικῶς,
1328 1563 1423 1616 καὶ⁵
1443 1562 1543 1624 τῆς
1563 1559 1772 1615 ἄνωθεν
1816 1559 1906 1613 εὑ-

296 1657 492 1722 κλείας
531 1659 591 1712 ὲν
623 1659 725 1730 ἴσῳ
757 1658 1087 1731 μεταλαχεῖν
1108 1699 1124 1722 ,
1157 1657 1547 1713 πλεονεκτοῦσι
1573 1674 1742 1721 τινες,
1776 1656 1808 1728 ἣ
1847 1657 1906 1708 ἐν

296 1745 524 1818 πλούτῳ
558 1746 660 1811 τὰς
694 1747 995 1820 ὑπεροχὰς,
1022 1749 1055 1821 ἢ
1083 1750 1142 1804 ἐν
1161 1747 1433 1822 δοξαρίοις
1465 1748 1681 1819 ἔχοντες
1714 1763 1909 1818 κοσμι-

298 1839 455 1900 κοῖς,
494 1836 572 1909 μὴ
623 1838 786 1893 τοῦτο
838 1841 991 1911 ἡμᾶς
1033 1840 1171 1913 πρὸς
1218 1840 1418 1905 ἀθέους
1465 1841 1621 1905 τινὰς
1666 1842 1761 1894 καὶ
1807 1841 1909 1911 τῆς

2006 618 2324 687 collocanda
2369 641 2524 700 puto,
2583 634 2866 703 inquibus
2900 633 3078 703 turpis
3120 633 3238 688 luce
3284 641 3341 687 et
3388 643 3606 687 terrena

2006 736 2137 776 caro
2167 722 2386 777 lascivit
2415 741 2426 775 :
2456 723 2553 777 sed
2593 723 2646 777 in
2685 725 2777 788 iis,
2802 740 2901 795 per
2921 740 3045 795 qua:
3080 725 3320 789 animus,
3350 723 3445 794 qui
3481 739 3600 779 cor-

2006 828 2143 881 pore
2170 813 2413 867 nobilior
2445 824 2550 878 est,
2579 816 2960 884 consequitur,
2997 824 3058 869 ut
3092 814 3337 871 caelestis
3366 814 3493 870 vitae
3537 814 3610 869 sit

2006 906 2287 977 particeps
2312 925 2323 959 :
2355 907 2468 961 lirec
2493 913 2677 961 autem
2705 918 2855 974 sunt,
2887 916 2949 961 ut
2971 908 3188 979 opinor,
3219 909 3470 979 impensa
3497 908 3613 985 νιγ-ἱ

2010 999 2112 1054 tuli
2143 999 2348 1065 studia,
2375 1008 2430 1053 et
2459 998 2587 1054 ﬁdei
2630 998 3013 1070 factorumque
3039 1002 3280 1058 claritas.
3334 1001 3390 1056 Si
3441 1001 3610 1073 igitur

2008 1091 2326 1147 volentibus
2361 1099 2736 1161 temperanter
2760 1092 2948 1146 vivere
2974 1108 3083 1147 non
3119 1094 3268 1159 licet,
3304 1094 3468 1164 203
3493 1096 3609 1150 sive

2008 1185 2087 1240 illi
2114 1185 2275 1241 malis
2306 1186 2579 1248 moribus,
2607 1185 2723 1240 sive
2752 1184 2915 1241 bonis
2939 1184 3154 1255 praediti
3197 1186 3341 1252 sint;
3383 1186 3610 1242 veniant

2008 1280 2064 1334 in
2091 1279 2357 1345 medium,
2387 1280 2481 1350 qui
2508 1279 2565 1334 id
2582 1279 2937 1334 convincam.
2969 1277 3087 1345 Sin,
3117 1281 3371 1350 quamvis
3406 1264 3462 1336 in
3493 1283 3607 1336 ele-

2008 1373 2193 1429 ctione
2220 1373 2294 1427 sit
2314 1372 2582 1444 positum,
2617 1381 2677 1427 ut
2697 1389 2820 1443 qua:
2843 1373 3080 1444 quisque
3105 1373 3259 1432 velit.
3285 1374 3461 1429 libere
3487 1390 3610 1445 pcr-

2011 1464 2193 1532 ﬁciat;
2222 1475 2280 1520 et
2308 1466 2570 1521 omnibus
2619 1461 3000 1538 Sitpctestas,
3052 1467 3301 1522 velintne
3338 1468 3608 1538 spirituali

2009 1555 2274 1612 felicitate
2303 1557 2534 1627 pollere,
2561 1566 2618 1612 et
2639 1572 2938 1627 supernam
2955 1558 3189 1630 gloriam
3207 1575 3274 1614 ex
3297 1574 3457 1630 aequo
3482 1576 3610 1630 par-

2011 1648 2273 1721 ticipare;
2321 1658 2509 1705 tamen
2552 1640 2819 1706 nonnulli
2850 1651 2978 1722 plus
3008 1646 3252 1709 habendi
3296 1653 3467 1720 avidi,
3524 1655 3612 1710 vel

2009 1745 2210 1817 opibus
2233 1745 2532 1811 excellunt,
2571 1747 2657 1801 vel
2698 1747 2980 1803 mundana
3005 1748 3257 1820 gloriola,
3300 1765 3409 1804 non
3447 1749 3614 1805 debet

2011 1853 2114 1893 nos
2131 1854 2196 1894 ea
2218 1853 2309 1893 res
2334 1838 2402 1893 ad
2432 1839 2635 1910 impias
2664 1841 2953 1910 quasdam,
2979 1849 3036 1896 et
3060 1856 3090 1896 a
3125 1856 3257 1896 vera
3294 1842 3614 1913 cognitione

295 1904 572 2002 ἀληθοῦς*
606 1904 894 2002 γνώσεως-
930 1904 1453 2008 ἐκμεμοχλευμένας
1517 1904 1906 2007 ἁποκομιζέτω

2014 1939 2254 1986 remotas
2283 1931 2575 2001 opiniones
2598 1932 2899 1997 abducere,
2931 1941 2992 1987 ut
3016 1932 3274 1987 humanis
3299 1934 3465 1991 rebus
3490 1951 3614 1991 esse

294 2023 484 2088 δόξας,
517 2023 595 2089 ὡς
626 2025 841 2081 οἴεσθαι
870 2029 985 2092 τοῖς
1030 2028 1154 2083 καθ’
1186 2024 1370 2101 ἡμᾶς,
1405 2029 1768 2101 Εἱμαρμένης
1812 2030 1907 2082 καὶ

294 2116 489 2187 Τύχης
540 2118 919 2173 ὲπιτεθείσθαι
983 2119 1172 2190 ζυγόν.
1237 2119 1397 2174 Ἀλλὰ
1447 2120 1749 2191 γραφέσθω
1804 2114 1905 2190 μέν

253 2235 415 2284 ξτις,
460 2214 513 2267 εἰ
553 2211 848 2283 βούλεται,
893 2212 1005 2270 τῶν
1059 2216 1117 2267 ἐν
1173 2213 1391 2287 πλούτῳ
1438 2215 1539 2278 τὰς
1590 2212 1905 2280 πλεονεξίας

296 2309 436 2363 [διον
488 2306 686 2377 ὥσπερ
723 2305 1116 2377 πεποιημένων
1154 2304 1393 2376 ἀγαθὸν,
1431 2308 1492 2360 τὸ
1533 2308 1668 2361 πᾶσι
1702 2306 1904 2372 κοινὸν,

295 2404 349 2456 εί
399 2402 565 2472 λόγος
601 2401 752 2472 ἀπῆν
795 2403 824 2455 ὁ
871 2399 1214 2467 πλεονεξίας.
1265 2400 1808 2473 Πολυπραγμονείτω
1850 2401 1908 2455 δὲ

301 2494 515 2567 μᾶλλον
558 2493 655 2547 τοῦ
704 2491 1071 2565 πεποιηκότος
1105 2493 1206 2564 τὴν
1259 2492 1538 2565 βούλησιν’
1568 2496 1627 2548 ἐν
1668 2497 1757 2565 ἴσῃ
1798 2495 1908 2568 γὰρ

294 2583 455 2652 τάξει
502 2586 574 2641 τὰ
608 2586 735 2641 καθ’
780 2588 930 2659 ἡμᾶς
977 2586 1387 2659 οἰκονομεῖσθαι
1441 2606 1501 2642 τε
1546 2590 1643 2643 καὶ
1676 2590 1908 2663 ὁρᾶσθαι

294 2681 496 2747 θέλων,
534 2679 817 2744 πλουσίοις
864 2669 974 2750 μὲῦ
1013 2680 1395 2753 παραγγέλλει
1439 2681 1531 2735 τὸν
1574 2682 1910 2754 συναχθέντα

291 2772 534 2827 πλοῦτον
584 2773 691 2827 ἀπε
703 2773 951 2845 μπολᾷν,
1006 2774 1103 2827 καὶ
1142 2775 1266 2838 ταῖς
1316 2773 1428 2827 τῶν
1469 2776 1909 2846 πτωχευομένων

290 2866 584 2938 διανέμειν
607 2865 843 2939 χρείαις,
860 2864 1023 2937 δόξης
1049 2865 1110 2918 δὲ
1131 2865 1228 2920 καὶ
1257 2866 1533 2940 ὑπεροχῆς
1555 2867 1658 2921 οὑκ
1688 2867 1909 2940 ἐφίησιν

293 2960 457 3032 ἐρᾷν.
499 2959 626 3012 Ὀτι
678 2957 733 3011 δὲ
775 2956 877 3029 τὴν
906 2957 1155 3033 ,ἰσότητα
1198 2960 1312 3022 τοῖς
1364 2959 1459 3013 ἐπὶ
1507 2958 1614 3029 γῆς
1648 2959 1910 3032 βραϐεύει

293 3048 460 3118 θεὸς,
493 3051 732 3123 χαλεπὸν
761 3049 915 3104 οὐδὲν
944 3050 1178 3104 συνιδεῖν
1202 3051 1298 3105 καὶ
1336 3050 1396 3118 ἐξ
1428 3052 1598 3123 αὐτῆς
1632 3054 1781 3125 ἡμᾶς
1808 3054 1910 3126 τῆς

288 3144 393 3198 τοῦ
428 3144 686 3215 σώματος
715 3143 1088 3215 κατασκευῆς.
1126 3143 1202 3197 Οὑ
1224 3142 1341 3215 γὰρ
1365 3139 1505 3199 οἶδεν
1533 3147 1568 3216 ἡ
1600 3144 1786 3215 φύσις,
1816 3145 1909 3199 τὸν

290 3239 355 3291 ἐν
403 3235 573 3308 πενία
607 3237 701 3290 καὶ
750 3235 1005 3307 πλούτῳ,
1048 3236 1141 3289 τὸν
1190 3236 1430 3308 δυσγενῆ
1480 3238 1578 3290 καὶ
1629 3237 1904 3309 λαμπρὸν,
1934 3268 1979 3327 c

286 3330 390 3385 τὸν
422 3330 628 3401 εὐγενῆ
669 3330 763 3384 καὶ
798 3329 1279 3401 κατερῤιμμένον,
1316 3329 1411 3384 καὶ
1453 3330 1544 3384 τὸν
1586 3332 1645 3383 ἐν
1674 3329 1804 3402 δόξῃ
1835 3331 1903 3401 τῇ

287 3422 451 3478 κατὰ
479 3423 631 3477 τόνδε
676 3422 770 3476 τὸν
816 3420 953 3494 βίον·
990 3421 1107 3475 ἀλλ’
1155 3421 1245 3494 ἴση
1280 3421 1369 3477 διὰ
1399 3424 1620 3477 πάντων
1645 3424 1902 3495 ἀπροσω-

288 3516 600 3589 πολήπτως
628 3515 886 3589 ἔρχεται,
922 3519 1040 3581 τοῖς
1078 3517 1266 3581 αὐτοῖς
1303 3516 1649 3571 ἀποτελοῦσα
1696 3517 1906 3589 μορίοις

289 3608 538 3664 ἕκαστον
573 3609 656 3670 εἰς
701 3607 764 3661 τὸ
808 3606 1016 3680 ἀρτίως
1066 3606 1190 3678 ἕχον
1240 3607 1431 3680 σχῆμά.
1466 3625 1528 3661 τε
1558 3608 1655 3663 καὶ
1685 3608 1903 3674 κόιλλοςυ

291 3701 396 3755 καὶ
428 3699 532 3770 μία
573 3699 675 3771 μὲν
695 3699 813 3764 ὁδὸς
837 3701 871 3771 ἡ
899 3698 1120 3755 πάντων
1152 3703 1231 3765 εἰς
1254 3700 1490 3771 γένεσιν,
1530 3700 1631 3772 μία
1667 3701 1725 3755 δὲ
1758 3700 1908 3773 ζωῆς

289 3791 601 3857 ἀπόθεσις,
642 3792 704 3844 οὑ
738 3790 829 3845 τὸν
865 3790 968 3862 μὲν
1012 3793 1229 3847 ἀνιεῖσα
1277 3792 1512 3864 βρόχων,
1542 3793 1636 3846 τὸν
1677 3793 1736 3847 δὲ
1774 3793 1908 3847 εἵσω

290 3882 609 3956 ποιουμένη
654 3884 841 3954 τυχὸν,
884 3884 1023 3938 ἀλλὰ
1071 3884 1309 3958 σκληρόν
1356 3902 1415 3938 τε
1453 3883 1547 3938 καὶ
1589 3884 1908 3956 ἀνεξίτητον

293 3979 477 4033 παντὶ
515 3976 596 4049 τῷ
629 3977 990 4049 πεποιημένῳ
1025 3978 1087 4031 τὸ
1117 3979 1271 4042 τέλος
1301 3980 1605 4048 ἐπάγουσα.
1631 3975 1760 4049 'Ap’
1791 3976 1905 4043 οὖν,

294 4071 429 4125 εἰπέ
456 4088 570 4141 μοι,
611 4069 989 4125 δυσκάτοπτον
1019 4069 1121 4137 ἔτι,
1169 4070 1372 4142 μᾶλλον
1403 4071 1462 4124 δὲ
1488 4072 1610 4143 οὐχι
1640 4073 1801 4156 παντί
1828 4089 1908 4144 τῳ

294 4165 497 4221 λοιπὸν
532 4164 794 4237 ἐναργὲς,
827 4165 910 4219 ὅτι
950 4164 1050 4235 τῆς
1096 4164 1248 4228 θείας
1294 4163 1494 4236 βουλῆς
1520 4167 1550 4219 ὁ
1586 4165 1810 4230 σκοπὸς,
1847 4165 1908 4218 τὸ

292 4260 361 4312 ὲν
396 4257 610 4328 ἰσότητι
655 4255 757 4330 ζῇν
784 4259 911 4320 τοὺς
940 4257 1034 4310 ἐπὶ
1060 4257 1201 4328 γῆςς
1236 4257 1439 4311 ’Ἄκουε
1465 4257 1524 4310 δὲ
1552 4257 1826 4327 λέγοντος,
1858 4259 1906 4311 εἰ

295 4351 477 4416 δοκεῖ,
506 4351 603 4404 καὶ
642 4350 710 4403 δι’
746 4349 866 4415 ἐνὸς
905 4349 1016 4404 τῶν
1063 4349 1385 4423 προφητῶν*
1416 4369 1436 4402 ι
1466 4351 1606 4422 Οὐχὶ
1651 4351 1782 4416 Θεὸς
1826 4346 1908 4415 εἷς

290 4445 522 4499 ἔκτισεν
564 4444 757 4515 apag;
800 4443 1171 4516 οὑχὶ”Πατὴρ
1218 4437 1300 4508 εἷς
1346 4445 1566 4500 πάντων
1611 4445 1807 4517 ἡμῶν;
1858 4445 1908 4499 τί

290 4536 700 4609 ὶγκατελίπετε
728 4535 963 4600 ἕκαστος
1003 4537 1098 4591 τὸν
1127 4536 1357 4608 ἀδελφὸν
1390 4536 1594 4603 αὑτοῦ;
1636 4556 1656 4591 ι
1691 4537 1905 4591 Οὐκοῦν

287 4633 345 4684 εί
370 4631 439 4685 τὸ
458 4630 539 4703 τῷ
560 4633 894 4704 πεποιηκότι
917 4630 1110 4687 δοκοῦν
1134 4631 1477 4705 παραλύουσί
1505 4649 1669 4698 τινες,
1694 4632 1910 4687 ὲθελού-
1940 4646 1990 4705 υ

292 4740 417 4778 σιον
446 4722 668 4795 ἔχοντες
705 4726 792 4795 ἐφ’
820 4725 962 4797 ὅπερ
991 4724 1060 4780 ἂν
1093 4725 1301 4780 ἕλοιντο
1330 4725 1443 4779 τῶν
1483 4724 1780 4797 πρακτέων
1809 4725 1911 4790 τὴν

293 4818 481 4891 ῥοπὴν
506 4818 799 4892 (τετίμηκε
830 4819 941 4893 γὰρ
970 4819 1257 4893 ἐλευθερίᾳ
1277 4819 1377 4892 τὴν
1402 4820 1567 4891 φύσιν
1589 4820 1618 4872 ὁ
1643 4821 1909 4892 Δημιουρι

286 4910 442 4983 τὸς),
473 4911 631 4966 οὐδὲν
665 4912 808 4984 πρὸς
839 4914 933 4968 τὸν
971 4914 1153 4984 λόγον,
1185 4914 1309 4968 ἐπεί
1335 4930 1422 4968 τοι
1449 4915 1547 4969 καὶ
1586 4914 1768 4984 νόμων
1799 4913 1909 4965 τῶν

287 5003 422 5058 καθ’
445 5005 599 5076 ἡμᾶς
623 5006 1123 5080 ὑπερορῶσίτινες.
1157 5006 1320 5074 Ἀλλ’,
1348 5003 1504 5078 οἶμαί
1530 5024 1593 5076 γε
1619 5007 1706 5079 δὴ,
1741 5025 1911 5061 κατα·

284 5097 515 5169 ψέξειεν
544 5097 616 5152 ἂν
646 5099 844 5165 οὐδεὶς,
878 5101 932 5154 εἴ
957 5118 1024 5169 γε
1069 5094 1195 5154 νοῦν
1238 5099 1374 5171 ἔχοι,
1403 5100 1515 5153 τῶν
1553 5100 1737 5171 νόμων
1776 5101 1906 5163 τοὺς

286 5189 546 5264 ὁριστὰς,
582 5191 881 5264 ὲπαιτιῷτο
912 5192 958 5247 δ’
996 5192 1065 5247 ἂν
1113 5192 1319 5264 μᾶλλον
1358 5192 1454 5248 καὶ
1500 5191 1713 5263 σφόδρα
1762 5193 1909 5245 εἰκό-

286 5304 409 5351 τως
458 5287 588 5350 τοὺς
641 5287 1012 5359 ὑπερφρονεῖν
1064 5287 1357 5358 ἑλομένους
1402 5285 1511 5339 τῶν
1564 5283 1903 5351 ἀναγκαίων.

289 5378 471 5433 ’Ὅταν
507 5377 692 5434 τοίνυν
729 5379 1186 5452 πλημμελοῦντες
1227 5379 1431 5447 λέγωσί
1473 5392 1641 5441 τινες⁹
1701 5376 1907 5430 Ἐδόκει

287 5490 403 5528 που
437 5473 586 5546 τάχα
626 5475 694 5551 τῇ
740 5474 931 5549 Τύχῃ,
967 5476 1083 5539 καὶ,
1133 5474 1489 5545 Εἱμαρμένης
1522 5467 1591 5543 ἦν
1621 5465 1775 5534 οὗτος
1813 5470 1903 5523 ἐπ’

286 5567 427 5639 ἐμοὶ
467 5568 699 5634 σκοπὸς,
751 5568 836 5634 τίς
873 5570 904 5622 ὁ
952 5568 1155 5641 λῆρος,
1206 5561 1253 5621 ὦ
1280 5562 1453 5632 οὗτοι,
1500 5568 1596 5620 καὶ
1643 5566 1785 5636 πρός
1840 5581 1906 5630 γε

285 5648 463 5730 ἡμῶν
491 5659 812 5727 λελέξεται;
841 5661 910 5715 Τί
953 5662 1012 5715 δὲ
1063 5661 1129 5733 δὴ
1155 5660 1434 5733 γράφεσθε
1475 5659 1540 5713 τὸ
1582 5658 1776 5731 μηδὲν,
1809 5657 1911 5728 τῆς

289 5749 458 5820 σςρῶν
494 5752 681 5807 αὑτῶν
721 5753 989 5826 ὲλαφρίας
1031 5754 1092 5807 οὑ
1126 5739 1570 5822 κατεγνωκότες;
1615 5750 1757 5806 Ἀλλ’
1782 5750 1817 5821 ἦ
1844 5766 1909 5818 γε

365 5930 414 5965 ⁸⁸
444 5931 680 5987 Malach.
718 5948 778 5997 ιι,
806 5931 896 5988 15.

630 6026 911 6087 ΡΑτιιυι.
957 6026 1075 6089 Gn.
1124 6025 1388 6086 LXVlll.

2010 2021 2125 2077 Fati
2151 2037 2216 2076 ac
2244 2020 2703 2095 Fortunmjugum
2729 2023 3049 2103 impositum
3073 2033 3354 2094 putemus.
3385 2025 3493 2081 Sed
3518 2043 3611 2082 ae—

2010 2126 2186 2185 cuset,
2209 2118 2256 2173 si
2285 2119 2376 2174 cui
2400 2118 2598 2189 placet,
2626 2119 2862 2175 divitum
2900 2121 3284 2192 cupiditatem,
3323 2123 3440 2194 qui,
3463 2124 3612 2194 (ιιιοά

2010 2221 2097 2269 est
2123 2212 2386 2268 omnibus
2419 2228 2735 2279 commune,
2758 2214 2806 2269 si
2836 2214 2979 2269 ratio
3010 2215 3332 2286 cupiditatis
3370 2218 3610 2282 abesset,

2011 2312 2274 2374 tanquam
2314 2305 2605 2375 proprium
2653 2305 2761 2361 sibi
2805 2315 3084 2377 arrogant.
3133 2307 3401 2378 Exquirat
3428 2310 3614 2379 potius

2010 2395 2331 2453 Conditoris
2358 2400 2847 2470 voluntatem,qui,
2871 2416 2998 2456 cum
3025 2416 3117 2456 res
3131 2401 3403 2458 humanas
3425 2420 3614 2474 aequa-

2012 2484 2110 2539 bili
2150 2486 2348 2541 ordine
2383 2496 2441 2541 et
2469 2488 2759 2556 procurari
2788 2496 2846 2542 et
2880 2490 3119 2559 spectari
3150 2491 3304 2565 velit,
3346 2491 3616 2547 divitibus

2011 2578 2236 2648 quidem
2286 2580 2538 2651 prmeipit
2593 2580 2854 2636 collectas
2894 2596 3029 2653 Opes
3079 2583 3411 2651 distrahere,
3459 2593 3516 2641 et
3557 2587 3613 2641 in

2012 2686 2320 2741 pauperum
2356 2688 2490 2728 usus
2524 2673 2884 2741 distribuere,
2929 2675 3159 2746 gloriam
3191 2692 3325 2731 vero
3362 2693 3426 2732 ac
3472 2695 3614 2749 prte-

2012 2765 2270 2819 stantiam
2291 2764 2551 2821 adamare
2575 2782 2688 2822 non
2710 2767 2999 2838 permittit.
3036 2767 3368 2825 Hominibus
3404 2780 3613 2838 autem,

2013 2855 2110 2925 qui
2142 2864 2438 2911 versantur
2465 2856 2522 2911 in
2558 2859 2743 2921 terris,
2762 2859 3136 2929 aequalitatem
3166 2876 3197 2915 a
3224 2862 3338 2930 Deo
3355 2863 3613 2933 praescri-

2012 2950 2093 3016 bi,
2128 2949 2278 3005 haud
2299 2949 2520 3007 dillicile
2559 2959 2665 3017 est,
2708 2967 2779 3007 ex
2829 2952 2947 3023 ipsa
2981 2954 3148 3009 etiam
3183 2956 3437 3027 corporis
3460 2972 3614 3013 scon-

2013 3043 2303 3100 stitutione
2334 3044 2672 3115 perspicere.
2697 3043 2888 3114 Neque
2929 3045 3080 3101 enim
3118 3050 3370 3118 agnoscit
3417 3057 3614 3105 natura

2012 3152 2313 3208 pauperem
2366 3154 2431 3193 ac
2481 3138 2731 3204 divitem,
2784 3154 2896 3194 non
2930 3139 3227 3211 ignobilem
3273 3151 3329 3196 et
3378 3141 3613 3206 clarum,

2012 3229 2261 3286 nobilem
2292 3238 2350 3285 et
2385 3230 2688 3302 abjeetum,
2725 3238 2782 3286 et
2822 3231 2989 3302 hujus
3013 3234 3212 3290 mundi
3250 3235 3427 3305 gloria
3447 3252 3613 3291 orna-

2015 3333 2163 3390 tum;
2194 3322 2291 3379 sed
2330 3337 2636 3394 peromnes
2662 3323 2949 3394 aequabilis
2972 3323 3091 3380 sine
3134 3331 3456 3396 acceptione
3484 3344 3614 3399 per—

2013 3431 2277 3471 sonarum
2300 3415 2527 3480 incedit,
2549 3415 2856 3487 Eisdemque
2874 3416 3142 3472 membris
3163 3418 3400 3474 absolvit
3419 3436 3616 3490 quem-

2013 3526 2123 3581 que
2161 3509 2231 3565 ad
2274 3509 2552 3580 expletam
2594 3508 2786 3580 ﬁgurae
2819 3510 3369 3583 pulchritudinisque
3428 3514 3613 3584 perfe-

2014 3604 2291 3659 ctionem:
2316 3618 2428 3658 una
2456 3609 2544 3657 est
2565 3601 2733 3658 etiam
2750 3602 3017 3658 omnibus
3039 3604 3107 3658 ad
3134 3613 3317 3659 ortum
3342 3606 3450 3671 via,
3472 3623 3618 3662 unus

2014 3710 2278 3751 excessus
2301 3709 2333 3750 e
2356 3696 2499 3762 vita;
2529 3710 2641 3750 non
2662 3695 2833 3750 alium
2860 3712 2891 3752 e
2912 3696 3128 3767 laqueis
3152 3698 3407 3764 absolvit,
3445 3701 3615 3756 alium

2018 3787 2296 3844 irretitum
2324 3795 2475 3844 tenet
2502 3806 2514 3841 :
2553 3787 2751 3843 duram
2785 3804 2921 3844 vero
2949 3797 3006 3844 et
3029 3789 3408 3847 inevitabilem
3436 3796 3615 3849 omni—

2018 3881 2143 3946 bus,
2188 3897 2313 3952 quae
2341 3881 2566 3937 condita
2622 3891 2772 3947 sunt,
2820 3881 2946 3936 linis
2993 3885 3385 3939 necessitatem
3433 3887 3614 3942 aﬂert.

2016 3974 2161 4029 Num
2187 3973 2377 4045 igitur,
2403 3989 2592 4046 qumso
2634 3982 2710 4040 te,
2733 3974 3036 4029 obscurum
3076 3986 3162 4031 est
3186 3976 3388 4043 adhuc,
3419 3995 3487 4033 an
3515 3996 3615 4051 po-

2019 4064 2131 4122 tius
2154 4065 2334 4121 cuivis
2378 4065 2756 4129 manit‘estum,
2798 4065 3151 4123 essedivinae
3186 4069 3458 4125 voluntati
3486 4089 3613 4142 pro-

2017 4158 2281 4229 positum,
2312 4165 2373 4212 ut
2399 4157 2675 4224 homines,
2699 4158 2795 4229 qui
2826 4158 2884 4214 in
2908 4161 3074 4217 terris
3118 4161 3345 4233 degunt,
3385 4167 3615 4234 :equali-

2018 4262 2102 4309 ter
2134 4251 2322 4305 vivant
2343 4250 2489 4307 ?Sed
2512 4250 2643 4306 audi
2671 4251 2856 4308 adhuc
2875 4254 3155 4323 eumdem,
3176 4256 3222 4311 si
3243 4256 3482 4322 videtur,
3520 4275 3616 4328 per

2017 4345 2315 4417 quemdam
2358 4360 2390 4400 e
2445 4345 2735 4416 prophetis
2773 4346 3052 4404 dicentem
3092 4368 3105 4403 :
3154 4371 3172 4402 ‹
3226 4351 3421 4407 Nonne
3473 4354 3618 4407 Deus

2019 4453 2165 4492 unus
2190 4436 2402 4493 creavit
2436 4437 2580 4492 nos?
2609 4453 2795 4495 nonne
2812 4456 2957 4496 unus
2972 4448 3060 4497 est
3075 4442 3341 4498 omnium
3366 4454 3617 4500 nostrum

2017 4528 2205 4583 Pater?
2224 4543 2324 4582 cur
2340 4527 2643 4597 reliquistis
2664 4531 3049 4602 unusquisque
3075 4532 3302 4590 fratrem
3322 4550 3484 4591 suum
3502 4540 3543 4570 ²¹
3563 4538 3612 4591 ἳι

2019 4618 2077 4675 Si
2108 4620 2205 4691 qui
2232 4619 2403 4693 igitur
2436 4620 2760 4679 Conditoris
2800 4625 3007 4695 placita
3038 4627 3273 4696 violant,
3324 4631 3473 4701 quod
3520 4648 3619 4686 vo-

2017 4714 2273 4770 luntariis
2313 4714 2380 4769 ad
2427 4715 2633 4780 omnia,
2684 4732 2807 4787 qua:
2829 4717 3013 4775 facere
3046 4720 3347 4786 voluerint,
3394 4723 3624 4778 inutilius

2018 4806 2271 4862 ferantur
2308 4805 2421 4877 (ille
2471 4823 2710 4883 namque
2748 4808 3022 4866 Conditor
3062 4813 3321 4870 libertate
3366 4824 3621 4871 naturam

2022 4896 2383 4970 honestavit),
2410 4898 2469 4953 id
2494 4899 2723 4969 quidem
2756 4900 2896 4956 nihil
2923 4903 2993 4957 ad
3036 4920 3184 4971 rem;
3235 4906 3456 4975 quando
3499 4909 3594 4977 qui

2018 4990 2145 5045 dem
2168 4988 2337 5044 etiam
2360 4989 2511 5060 leges
2527 4990 2799 5045 humanas
2813 4991 3068 5048 nonnulli
3099 5002 3482 5051 contemnunt.
3514 4996 3620 5052 Sed

2022 5094 2206 5140 tamen
2236 5092 2495 5138 auctores
2512 5082 2720 5153 legum,
2746 5082 2854 5138 nisi
2878 5082 3058 5148 fallor,
3084 5097 3248 5140 nemo
3278 5099 3444 5141 sanus
3478 5089 3624 5143 vitu~

2020 5183 2180 5247 peret
2206 5194 2218 5228 :
2241 5182 2469 5232 accuset
2489 5176 2714 5246 potius,
2757 5183 2817 5230 et
2839 5175 3069 5246 quidem
3095 5177 3223 5247 jure
3263 5178 3495 5247 optimo,
3526 5196 3625 5235 eos

2019 5270 2115 5340 qui
2166 5269 2382 5335 malint,
2433 5284 2559 5339 quae
2602 5276 2735 5325 sunt
2773 5268 3258 5325 nostrteutilitati
3311 5274 3625 5329 necessaria

2017 5374 2396 5420 contemnere.
2427 5363 2592 5436 204
2612 5364 2753 5420 Cum
2776 5363 2963 5434 itaque
2998 5373 3232 5434 peccant
3260 5366 3537 5433 nonnulli,
3565 5386 3627 5423 ae

2010 5459 2227 5523 dicunt,
2273 5458 2363 5513 Sic
2410 5458 2668 5513 Fortuna:
2689 5457 2907 5524 visum;
2953 5466 3030 5522 et,
3072 5456 3193 5513 Huc
3220 5475 3403 5515 meum
3430 5461 3624 5518 Fatum

2011 5558 2320 5630 spectabat,
2366 5571 2620 5626 quamam
2645 5556 2765 5611 lucc
2798 5564 2885 5612 est
2912 5554 3207 5612 deliratio?
3249 5574 3349 5613 vos
3386 5559 3623 5630 appello.

2018 5654 2113 5711 Sic
2160 5653 2310 5709 enim
2359 5668 2389 5706 ιι
2429 5651 2593 5706 nobis
2643 5659 2795 5706 certe
2835 5650 3056 5707 (licetur
3092 5650 3280 5720 :Quid
3328 5652 3622 5709 accusatis.

2016 5746 2163 5815 quod
2198 5758 2472 5816 nusquam
2501 5752 2585 5799 est
2607 5744 2718 5798 ?—ae
2754 5753 2997 5798 vestram
3024 5744 3271 5816 ipsorum
3305 5744 3489 5816 pctius
3512 5758 3623 5799 non

3191 5962 3325 6076 l5.
