4104 6442
475 454 590 522 4⁸39

1512 449 1567 505 S.
1611 451 1887 506 CYRILLI
1929 451 2396 506 ΑιΕΧΑΝυπιΝι
2439 450 2752 506 ARCHIEP.

3653 461 3757 511 400

468 568 762 622 «humatis
793 565 1111 622 levitatem?
1135 563 1301 634 Atqui
1325 563 1510 619 divina
1534 564 1824 636 Scriptura
1863 569 1951 632 iis,
1978 568 2069 636 qui

2185 565 2304 618 θεία
2346 566 2537 636 Γραφὴ
2577 566 2974 636 παραφωνήσει
3007 566 3067 619 τὸ
3110 565 3308 637 ἀληθὲς
3347 567 3458 629 τοῖς
3488 565 3562 637 μὴ
3602 568 3758 637 ὀρθο-

490 666 635 713 recte
660 656 869 728 ingredi
907 654 1206 721 noluerint,
1233 669 1424 709 verum
1464 656 1885 726 pronuntiabit:
1931 677 1948 709 ‹
1979 658 2068 712 ln-

489 751 747 822 sipientia
773 749 880 803 viri
923 748 1094 804 violat
1129 748 1247 802 vias
1269 749 1410 820 ejus,
1436 748 1611 804 Deum
1648 757 1832 805 autem
1877 765 2070 804 causa-

489 854 577 898 tur
610 842 665 897 in
689 841 853 897 corde
880 855 980 896 suo
997 841 1064 892 ³³.
1095 859 1114 892 ›
1155 838 1200 894 Α
1221 855 1354 895 vera
1391 839 1561 911 igitur
1604 841 1878 896 sententia
1908 842 2068 897 aber-

486 941 696 998 rarunt,
725 933 819 1004 qui
857 929 1053 988 Ortum
1079 937 1136 986 et
1175 930 1392 996 Fatum,
1415 940 1473 986 et
1511 931 1843 987 levissimam
1869 931 2068 988 Fortu-

484 1037 610 1079 nam
632 1022 840 1078 nostris
882 1022 1053 1077 rebus
1083 1021 1468 1093 praafecerunt,
1509 1037 1573 1076 ac
1607 1037 1715 1077 non
1737 1022 1920 1092 potius
1957 1024 2070 1079 Deo

483 1129 668 1170 rerum
728 1114 1189 1186 gubernationem
1261 1113 1615 1169 tribuendam
1687 1123 2066 1185 putaverunt;

433 1226 438 1231 ·
482 1207 739 1280 quamvis
811 1206 963 1262 dicat
1006 1205 1301 1263 Christus:
1349 1226 1368 1258 ‹
1399 1207 1594 1263 Nonne
1659 1205 1770 1262 duo
1821 1222 2072 1278 passeres

482 1313 605 1353 asse
629 1297 917 1352 veneunt?
940 1304 997 1353 et
1017 1313 1162 1353 unus
1181 1312 1250 1352 ex
1272 1295 1407 1368 ipsis
1430 1313 1541 1352 non
1579 1297 1739 1352 cadet
1763 1312 1929 1368 super
1954 1305 2068 1351 ter-

482 1405 600 1445 ram
624 1389 742 1444 sine
769 1389 931 1445 Patre
956 1395 1164 1454 vestro,
1187 1388 1281 1459 qui
1304 1396 1392 1444 est
1424 1388 1482 1443 in
1513 1387 1708 1443 coelis?
1745 1387 1926 1443 Vestri
1968 1403 2068 1442 au-

485 1488 595 1535 tem
632 1479 818 1552 capilli
837 1478 1039 1550 capitis
1059 1493 1252 1535 omnes
1275 1479 1556 1534 numerati
1589 1485 1735 1534 sunt.
1765 1478 1945 1533 Nolite
1972 1478 2070 1550 igi-

484 1581 578 1625 tur
603 1571 799 1626 timere
829 1588 843 1624 :
870 1570 1063 1626 multis
1081 1571 1402 1642 passeribus
1421 1571 1682 1626 meliores
1703 1570 1836 1625 estis
1859 1571 2029 1624 vos".
2043 1589 2061 1621 ι

476 1662 746 1717 Providet
765 1661 988 1733 quidem
1013 1661 1272 1717 omnibus
1293 1661 1618 1718 mortalibus
1655 1660 1950 1727 Conditor;
1973 1661 2067 1716 sed

479 1761 673 1806 tamen
697 1750 993 1822 unicuique
1009 1750 1322 1822 permittit,
1347 1751 1494 1822 quod
1529 1750 1635 1805 sibi
1682 1749 1953 1816 videatur,
1987 1750 2068 1806 fa-

476 1859 635 1909 cere,
664 1852 720 1898 et
740 1858 1125 1916 quamcunque
1148 1843 1405 1909 voluerit,
1423 1843 1568 1898 viam
1592 1842 1805 1915 ingredi
1821 1843 1888 1898 “.
1911 1843 2068 1898 Post-

2176 655 2357 709 ποδεῖν
2403 656 2721 728 ᾑρημένοις·
2757 676 2775 708 ι
2837 657 3142 729 ’Δφροσύνη
3193 657 3388 729 ἀνδρὸς
3440 657 3757 728 λυμανεῖται

2174 745 2272 808 τὰς
2302 745 2457 808 ὁδοὺς
2489 744 2675 798 αὐτοῦ’
2712 745 2802 798 τὸν
2847 745 2904 798 δὲ
2937 745 3071 800 Θεὸν
3111 747 3420 801 αἰτιάσεται
3454 751 3521 820 τῇ
3563 750 3763 821 καρδία

2175 833 2370 901 αὑτοῦ..
2405 853 2425 885 ι
2483 835 2744 906 ’Δληθοῦς
2777 832 2870 890 οὖν
2907 836 3016 908 ἄρα
3047 837 3461 909 διημαρτήκασι
3507 837 3665 910 δόξης
3708 842 3758 892 οξ

2174 925 2394 980 Γένεσίν
2427 942 2486 982 τε
2521 927 2616 980 καὶ
2655 929 3015 999 Εἱμαρμένην
3045 930 3141 983 καὶ
3183 929 3369 1001 Τύχην
3407 930 3758 1002 εὑδιαρῤίπι-

2175 1034 2300 1072 στον
2342 1021 2456 1084 τοῖς
2512 1019 2633 1073 καθ’
2686 1021 2834 1091 ἡμᾶς
2889 1023 3319 1090 ἐπιστήσαντες,
3375 1021 3468 1074 καὶ
3515 1021 3636 1092 οὐχὶ
3692 1022 3758 1094 δὴ

2177 1110 2378 1179 μᾶλλον
2407 1109 2526 1181 Θεῷ
2573 1111 2973 1181 προσνέμοντες
3017 1111 3116 1182 τὴν
3146 1111 3255 1166 τῶν
3294 1113 3638 1184 πραγμάτων
3674 1115 3758 1166 ot-

2174 1195 2462 1267 κονομίαν·
2512 1196 2693 1252 καίτοι
2733 1198 2982 1267 λέγοντος
3010 1198 3105 1252 τοῦ
3145 1199 3403 1269 Χριστοῦ·
3441 1220 3459 1254 ι
3497 1202 3633 1272 Οὑχὶ
3666 1201 3759 1256 δύο

2176 1288 2434 1360 στρουθία
2471 1290 2737 1360 ἀσσαρίου
2775 1290 2896 1354 ἑνὸς
2935 1291 3231 1357 πωλεῖται;
3265 1292 3361 1346 καὶ
3396 1291 3454 1346 ἓν
3483 1293 3541 1360 ἐξ
3574 1293 3758 1348 αὑτῶν

2172 1380 2232 1432 οὑ
2257 1381 2505 1434 πεσεῖται
2540 1383 2633 1436 ἐπὶ
2658 1381 2756 1454 τὴν
2783 1384 2907 1456 γῆν,
2945 1383 3074 1437 ἄνευ
3110 1382 3203 1438 τοῦ
3237 1385 3452 1458 Πατρὺς
3481 1386 3636 1456 ὑμῶν
3659 1387 3756 1440 τοῦ

2172 1473 2231 1526 ὲν
2271 1474 2385 1538 τοῖς
2416 1473 2703 1546 οὐρανοῖς.
2753 1475 2939 1546 ’Υμῶν
2967 1477 3025 1531 δὲ
3070 1479 3125 1530 αἱ
3157 1477 3342 1549 τρίχες
3369 1479 3470 1550 τῆς
3516 1480 3756 1552 κεφαλῆς

2171 1563 2547 1636 ἠριθμημέναι
2575 1566 2704 1622 είσί.
2740 1568 2832 1638 Μὴ
2869 1564 2962 1623 οὖν
3001 1569 3274 1639 φοϐεῖσθε
3324 1570 3537 1625 πολλῶν
3563 1587 3756 1642 στρου-

2173 1655 2304 1709 θίων
2338 1657 2632 1730 διαφέρετε
2676 1659 2855 1730 ὑμεῖς.
2903 1679 2922 1712 ι
2959 1661 3188 1731 Προνοεί
3228 1661 3327 1733 μὲν
3365 1662 3475 1734 γὰρ
3515 1663 3624 1716 τῶν
3662 1664 3755 1715 ἐπὶ

2170 1749 2270 1819 τῆς
2299 1749 2404 1819 γῆς
2449 1751 2477 1802 ό
2522 1752 2897 1823 Δημιουργὸς,
2943 1753 3161 1825 ἑκάστῳ
3191 1769 3253 1822 γε
3287 1753 3396 1826 μὴν
3443 1753 3628 1825 ἐφίησι
3663 1757 3755 1808 καὶ

2171 1841 2306 1912 δρᾷν
2342 1841 2404 1894 τὸ
2441 1841 2658 1907 δοκοῦν,
2693 1845 2787 1898 καὶ
2820 1843 2888 1914 ἥν
2939 1843 3004 1898 ἂν
3053 1845 3297 1915 βούλοιτο
3339 1845 3578 1916 βαδίζειν
3611 1847 3750 1901 ὁδόν.

483 1949 715 2005 eaquam
741 1911 873 1990 vero
899 1911 1226 2004 perversum
1255 1940 1342 1988 est
1363 1931 1650 1987 hominum
1675 1946 1867 2002 genus,
1892 1929 2068 2000 legem

2185 1929 2409 2007 Ἐπειδὴ
2431 1930 2487 1984 δὲ
2528 1911 2856 2005 ὴρρὡτησέ
2888 1933 2986 2004 τὴν
3023 1911 3384 2008 παρατροπην
3417 1936 3478 1990 τὸ
3521 1937 3614 1990 ἐπὶ
3657 1938 3755 2007 τῆς

485 2027 630 2082 illico
671 2025 827 2082 dedit
863 2026 920 2082 in
945 2025 1306 2096 adiutorium,
1353 2031 1415 2081 ut
1465 2026 1734 2096 scriptum
1767 2030 1872 2079 est.
1913 2023 2068 2078 Peri-

483 2117 730 2172 culosum
761 2117 931 2189 igitur
945 2115 1333 2183 est-omnibus,
1363 2117 1461 2188 qui
1487 2115 1694 2172 Christi
1718 2115 1883 2170 ﬁdem
1915 2129 2070 2170 acce-

483 2207 686 2278 perint,
728 2223 799 2263 ac
844 2215 1088 2265 veterem
1160 2208 1316 2264 illum
1360 2223 1610 2264 errorem
1645 2207 2065 2278 dereliquerint,

481 2299 724 2356 anilibus
747 2299 951 2356 fabulis
974 2299 1175 2355 abduci
1192 2299 1273 2355 .ad
1298 2314 1385 2366 ea,
1413 2313 1536 2370 qua
1557 2314 1674 2355 non
1697 2306 1933 2368 oportet,
1959 2306 2015 2352 et
2035 2312 2067 2352 a

480 2407 608 2449 sana
639 2391 915 2448 sententia
934 2390 1278 2462 detorqueri,
1308 2397 1370 2446 ut
1404 2390 1766 2454 arbitrentur,
1795 2389 1903 2446 hoc
1941 2389 2067 2443 uni-

478 2499 732 2551 versum,
777 2491 875 2538 aut
896 2491 1046 2539 certe
1080 2483 1385 2549 hominem,
1423 2482 1666 2539 Fortuna
1691 2498 1754 2538 ac
1774 2481 1908 2538 Fato
1931 2482 2064 2553 regi,

479 2590 604 2646 qua:
624 2590 854 2646 prorsus
876 2575 1027 2630 nulla
1050 2583 1199 2630 sunt.

544 2751 753 2808 PALL.
797 2751 1339 2808 Periculosissimum
1385 2767 1534 2808 sane.
1574 2751 1732 2814 Nam,
1786 2751 1880 2821 qui
1919 2752 2067 2822 ejus-

470 2845 630 2900 modi
670 2853 776 2911 est,
836 2844 1064 2900 omnino
1115 2844 1410 2900 adversum
1450 2859 1508 2900 se
1543 2843 1786 2917 judicem
1825 2858 2067 2899 commo-

470 2937 652 2994 ﬂebit.

553 3029 711 3085 CYR.
738 3028 857 3085 1am
885 3043 1016 3084 vero
1038 3043 1222 3084 nonne
1251 3027 1632 3099 turpissimum
1670 3042 1789 3083 esse
1816 3027 1986 3093 dices,
2013 3034 2069 3082 et

483 3121 754 3196 ejusmodi
777 3121 936 3176 malis
958 3120 1269 3192 proximum
1288 3137 1357 3177 ac
1378 3121 1620 3176 vicinum
1645 3119 1779 3176 illud
1812 3121 2065 3185 alterum,

485 3215 604 3270 dies
626 3212 886 3270 videlicet
925 3213 1256 3278 observare,
1296 3220 1353 3268 et
1394 3212 1580 3279 horas,
1621 3219 1681 3268 et
1721 3219 1988 3283 tempora,
2013 3220 2069 3268 et

483 3323 675 3373 annos,
700 3321 766 3362 ac
784 3305 996 3361 lunaris
1017 3305 1164 3378 globi
1198 3313 1326 3360 .tum
1373 3305 1764 3372 accretionem,
1809 3314 1926 3361 tum
1960 3305 2060 3362 de-

467 3404 828 3451 crementum
846 3395 870 3448 ?

554 3481 753 3536 PALL.
777 3482 847 3536 Et
874 3481 1097 3551 quidem
1141 3483 1378 3540 maxime
1407 3501 1430 3538 .:
1491 3500 1728 3557 namque
1765 3486 1855 3553 iis,
1895 3486 1990 3558 qui
2035 3503 2068 3543 e

484 3573 742 3643 gentibus
767 3573 838 3628 ad
878 3575 1112 3628 salutem
1137 3576 1380 3630 revocati
1409 3585 1589 3643 erant,
1627 3578 1976 3648 apertissime
2012 3578 2068 3633 id

487 3680 585 3734 pro
611 3665 844 3721 crimine
867 3665 1060 3737 objicit
1080 3667 1276 3724 beatus
1298 3669 1521 3734 Paulus,
1542 3685 1671 3725 cum
1693 3669 1829 3724 dicit
1859 3689 1872 3723 :
1911 3689 1930 3722 ι
1959 3669 2068 3726 Sed

478 3764 601 3810 tum
629 3755 855 3827 quidem
879 3772 991 3812 non
1023 3767 1418 3830 cognoscentes
1436 3761 1632 3827 Deum,
1664 3761 1938 3817 serviistis
1976 3761 2065 3827 iis,

482 3847 575 3919 qui
603 3855 802 3903 natura
823 3863 935 3904 non
987 3857 1115 3905 sunt
1137 3851 1245 3919 dii;
1312 3869 1460 3910 nunc
1497 3868 1630 3910 vero
1671 3861 2068 3925 cognoscentes

485 3939 654 3994 Deum
678 3978 693 4004 ,
724 3938 835 3995 imo
860 3953 990 3996 vero
1009 3943 1215 4013 cogniti
1235 3959 1266 4000 a
1298 3944 1432 4012 Deo,
1477 3947 1755 4017 quomodo
1791 3948 2068 4003 converti-

483 4029 618 4085 mini
639 4045 830 4086 rursus
862 4029 930 4086 ad
958 4030 1178 4088 inﬁrma
1217 4041 1275 4089 et
1293 4049 1467 4106 egena
1515 4035 1788 4092 elementa
1811 4077 1824 4103 ,
1867 4037 2070 4108 quibus

479 4136 677 4177 rursus
716 4120 900 4178 denuo
939 4124 1150 4181 servire
1192 4125 1400 4182 vultis?
1445 4126 1574 4182 Dies
1625 4125 1966 4192 observatis,
2013 4133 2072 4183 et

482 4226 722 4279 menses,
747 4221 803 4269 et
825 4229 1022 4283 annos,
1048 4224 1106 4272 et
1126 4226 1375 4288 tempora
1397 4235 1412 4286 ;
1431 4219 1600 4275 timeo
1615 4235 1732 4286 vos,
1759 4235 1825 4275 ne
1847 4219 1988 4276 forte
2013 4221 2070 4276 in

481 4318 682 4360 vanum
715 4305 1082 4365 laboraverim
1108 4309 1166 4365 in
1191 4311 1371 4367 vobis.
1399 4312 1445 4344 "
1495 4331 1513 4365 ι

551 4395 713 4467 205
746 4397 904 4455 CYR
945 4401 1219 4458 Horarum
1247 4403 1417 4474 igitur
1459 4420 1524 4459 ac
1566 4405 1781 4461 dierum
1812 4407 2071 4463 observa-

481 4487 579 4552 tio,
609 4503 826 4544 necnon
852 4499 1116 4561 praeterea
1150 4501 1482 4564 temporum,
1523 4495 1592 4551 ab
1626 4496 1694 4552 iis
1716 4538 1730 4562 ,
1761 4499 1856 4569 qui
1897 4513 2070 4554 unum

482 4586 536 4632 et
561 4588 752 4636 natura
803 4583 976 4639 Deum
1005 4600 1117 4640 non
1159 4586 1434 4657 ignorant,
1476 4586 1588 4642 imo
1634 4604 1804 4656 vero,
1862 4591 1958 4661 qui
1998 4590 2070 4646 ab
2101 4620 2146 4678 ι)

485 4684 600 4739 .pso
645 4687 745 4741 per
776 4671 941 4728 ﬁdem
983 4682 1114 4730 sunt
1169 4675 1397 4747 cogniti,
1439 4684 1497 4732 et
1517 4677 1586 4732 ad
1626 4680 2069 4751 conjunctionem

485 4759 668 4829 gratiae
689 4776 922 4818 munere
939 4763 1144 4830 vocati,
1182 4764 1367 4819 aliena
1412 4781 1641 4836 prorsus
1683 4777 1797 4837 est;
1823 4785 1951 4824 nam
1979 4786 2070 4826 re-

430 4916 444 4927 ,
483 4862 722 4908 trorsum
757 4853 900 4909 redit
943 4857 1040 4926 qui
1074 4857 1182 4912 hoc
1220 4855 1401 4912 facere
1427 4857 1686 4926 voluerit,
1713 4870 1769 4917 et
1820 4861 1969 4917 illam
2011 4863 2068 4918 in

485 4941 700 4998 Christo
717 4943 945 5014 gloriam
966 4945 1546 5020 abjicit,animumque
1570 4965 1730 5006 suum
1755 4967 1865 5008 non
1888 4952 2072 5009 adhuc

484 5034 755 5090 libertatis
778 5045 1084 5093 amatorem
1107 5044 1309 5106 servat,
1342 5041 1439 5097 sed
1474 5042 1640 5098 stulte
1661 5044 1846 5115 potius
1871 5046 2075 5102 veteris

484 5126 906 5196 errorisjugum
953 5128 1124 5198 subit,
1172 5146 1298 5186 cum
1326 5147 1456 5188 eum
1503 5134 1796 5202 honorem,
1846 5136 1941 5206 qui
1972 5137 2073 5194 Dei

487 5215 739 5285 proprius
763 5225 868 5284 est,
891 5219 1178 5278 elementis
1194 5223 1628 5294 mundideferat;
1652 5235 1729 5294 et,
1744 5244 1866 5298 qua:
1888 5229 1956 5283 ad
1978 5245 2070 5284 or-

487 5317 623 5372 tum,
648 5306 964 5367 Conditoris
1000 5321 1139 5369 nutu
1175 5324 1365 5372 vocata
1407 5327 1559 5386 sunt,
1597 5334 1663 5375 ea
1685 5320 1917 5375 summis
1951 5321 2070 5390 glo-

486 5397 582 5453 riae
607 5405 948 5460 ornamentis
969 5404 1210 5466 decoret.
1231 5409 1519 5467 Elementa
1545 5427 1714 5482 porro
1741 5411 1930 5467 mundi
1971 5428 2071 5482 ap-

486 5490 650 5559 pellat
703 5491 1000 5564 Apostolus
1046 5500 1168 5556 illas
1216 5503 1375 5572 quasi
1426 5504 1729 5574 particulas
1775 5503 2065 5569 universi,

485 5595 728 5656 tempora
772 5602 968 5660 nempe
992 5606 1057 5646 ac
1079 5608 1300 5648 menses
1335 5601 1392 5650 et
1435 5594 1635 5649 horum
1672 5593 2065 5659 dimensiones,

484 5689 602 5744 quin
624 5691 721 5746 per
750 5677 916 5736 horas
937 5695 1001 5737 ac
1025 5681 1144 5738 dies
1163 5681 1320 5738 ﬁunt.
1341 5684 1478 5740 Nam
1520 5685 1649 5755 quia
1689 5685 2067 5741 continuatum

552 5870 596 5902 ³¹
635 5871 794 5926 Prov.
820 5888 931 5938 xu,
975 5873 1026 5926 5.

2170 2021 2272 2092 γῆς
2309 2021 2496 2089 γένος,
2529 2023 2693 2092 νόμον
2729 2023 2889 2086 εὐθὺς
2921 2025 3000 2086 είς
3052 2023 3304 2096 βοήθειαν
3333 2024 3568 2090 δέδωκε,
3606 2028 3753 2080 κατὰ

2168 2112 2230 2166 τὸ
2257 2113 2664 2184 γεγραμμένον.
2693 2113 2967 2184 Σφαλερδν
2993 2110 3086 2168 οῦν
3115 2116 3224 2187 ἄρα
3265 2116 3428 2170 παντί
3462 2134 3538 2188 τῳ
3570 2117 3756 2171 λοιπὸν

2169 2206 2268 2275 τὴν
2310 2206 2391 2268 είς
2430 2205 2666 2277 Χριστὸν
2701 2205 2885 2259 πίστιν
2917 2206 3332 2278 είσδεδεγμένῳ,
3393 2207 3484 2262 καὶ
3526 2209 3622 2280 τὴν
3651 2210 3756 2281 ἀρ-

2169 2295 2330 2366 χαίαν
2394 2296 2610 2364 ἐκείνην
2659 2297 2966 2352 διελάσαντι
3012 2298 3312 2370 πλάνησιν,
3361 2299 3422 2353 τὸ
3479 2301 3754 2374 γραώδεσι

2172 2387 2364 2460 μύθοις
2389 2389 2764 2460 ἀποφέρεσθαι
2797 2389 2932 2462 πρὸς
2976 2390 3013 2444 ἃ
3058 2391 3134 2462 μὴ
3165 2391 3281 2455 δεῖ,
3313 2392 3530 2463 καὶτῆς
3569 2393 3757 2462 ὑγιοῦς

2170 2481 2603 2553 ἀποκομίζεσθαι
2640 2481 2832 2554 δόξης,
2871 2483 2948 2547 ὡς
2989 2483 3108 2536 τόδε
3151 2484 3213 2537 τὸ
3245 2483 3488 2555 σύμπαν,
3519 2487 3636 2556 ἤτοι
3664 2487 3757 2542 τὸν

2171 2573 2480 2647 ἄνθρωπον,
2519 2577 2754 2648 ἡνιοχεῖν
2782 2575 2991 2630 οἴεσθαι
3025 2576 3211 2650 Τύχην
3235 2593 3293 2630 τε
3338 2579 3430 2631 καὶ
3462 2577 3756 2649 Εἱμαρμέ-

2141 2675 2144 2678 ’
2171 2685 2290 2740 νην,
2330 2667 2430 2732 τὰς
2455 2667 2558 2722 οὑκ
2589 2668 2757 2732 οὑσας
2781 2669 2938 2733 ὅλως.

2242 2762 2450 2817 ΠΑΛΛ.
2483 2758 2929 2832 Σφαλερώτατον.
2963 2761 3276 2834 Καταθήξει
3305 2762 3416 2834 γὰρ
3442 2761 3508 2816 ἃν
3533 2764 3562 2816 ό
3580 2762 3757 2816 τοιοῦ-

2169 2871 2260 2920 τος
2290 2854 2466 2926 πάντη
2496 2871 2556 2908 τε
2587 2853 2682 2909 καὶΙ
2708 2855 2927 2918 πάντως
2957 2854 3045 2925 ἐφ’
3072 2855 3251 2927 ἑαυτῷ
3275 2855 3367 2909 τὸν
3401 2857 3620 2929 κριτήν.

2241 3030 2408 3085 ΚΥΡ.
2443 3031 2509 3084 Τί
2536 3029 2624 3099 δέ;
2651 3031 2712 3085 οὑ
2748 3030 3082 3104 πάναισχρον
3111 3028 3249 3087 εἶναι
3277 3033 3383 3105 φὴς
3405 3035 3500 3088 καί¹
3533 3034 3758 3106 ἀγχίθυ-

2177 3137 2266 3192 ρον
2311 3121 2528 3191 ἀληθῶς
2574 3124 2686 3186 τοῖς
2727 3122 2956 3176 τοιοῖσδε
2991 3125 3180 3187 κακοῖς
3220 3123 3280 3176 τὸ
3311 3123 3526 3196 ἡμέρας
3554 3125 3755 3196 ἐπιτη-

2174 3213 2310 3283 ρεῖν,
2341 3213 2437 3267 καὶ
2460 3211 2631 3283 ὥρας,
2656 3212 2752 3266 καὶ
2781 3213 3027 3286 καιροὺς,
3057 3215 3153 3268 καὶ
3188 3215 3488 3282 ἐνιαυτοὺς,
3522 3210 3674 3280 αὖξίν
3694 3233 3756 3269 τε

2171 3303 2262 3355 καὶ
2285 3301 2466 3372 φθίσιν
2494 3301 2588 3357 τοῦ
2613 3304 2934 3376 σεληνιακοῦ
2969 3305 3168 3360 κύκλου
3190 3323 3206 3374 ;

2242 3481 2453 3536 ΠΑΛΛ.
2493 3482 2604 3536 Καὶ
2641 3482 2807 3553 μάλα.
2851 3485 3174 3555 Σαφέστατα
3211 3487 3322 3560 γὰρ
3353 3491 3468 3554 τοῖς
3495 3491 3554 3555 ἐξ
3586 3490 3758 3545 ἐθνῶν

2169 3573 2644 3644 ἀνασεσωσμένας
2673 3575 2929 3649 ἔγκλημα
2959 3581 3189 3635 ποιεῖται
3218 3581 3287 3634 τὸ
3333 3583 3546 3654 χρῆμα,
3583 3581 3759 3653 λέγων

2168 3667 2198 3719 ό
2247 3665 2530 3729 θεσπέσιος
2565 3666 2796 3731 Παῦλος*
2850 3687 2870 3721 ‹
2923 3669 3080 3724 Ἀλλά
3112 3671 3236 3726 τότε
3269 3672 3370 3744 μὲν
3417 3674 3519 3728 οὑκ
3557 3674 3760 3737 εἰδότες

2169 3754 2323 3821 Θεὸν,
2354 3754 2704 3811 ἐδουλεύσατε
2731 3761 2846 3822 τοῖς
2885 3759 3046 3830 φύσει
3079 3762 3156 3834 μὴ
3203 3758 3324 3817 οὖσι
3361 3762 3524 3827 θεοῖς·
3563 3763 3659 3817 νῦν
3700 3766 3758 3818 δὲ

2157 3846 2391 3916 ³γνόντες
2428 3847 2521 3903 τὸν
2552 3848 2706 3916 Θεὸν,
2753 3851 2953 3922 μᾶλλον
2986 3853 3044 3906 δὲ
3082 3855 3423 3923 γνωσθέντες
3463 3855 3568 3910 ὑπὸ
3596 3857 3756 3921 Θεοῦ,

2169 3939 2288 4005 πῶς
2321 3941 2679 4014 ἐπιστρέφετε
2719 3943 2882 4000 πάλιν
2909 3945 3006 3999 ἐπὶ
3043 3946 3113 4001 τὰ
3161 3947 3365 4019 ἀσθενῆ
3430 3948 3526 4003 καὶ
3566 3952 3760 4022 πτωχά

2172 4035 2440 4104 στοιχεῖα,
2475 4027 2558 4098 οἷς
2591 4034 2760 4091 πάλαι
2807 4035 3017 4091 ἀνωθεν
3049 4036 3322 4093 δουλεύειν
3359 4038 3573 4108 θέλετε;
3620 4041 3761 4111 ἠμέ-

2171 4137 2272 4192 ρας
2318 4122 2764 4195 παρατηρεῖσθε,
2796 4123 2892 4179 καὶ
2919 4125 3116 4197 μῆνας,
3169 4127 3263 4181 καὶ
3307 4129 3628 4196 ἐνιαυτοὺς,
3664 4131 3760 4184 καὶ

2169 4213 2414 4285 καιρούςο
2460 4213 2734 4288 φοϐοῦμαι
2785 4217 2958 4288 ὑμᾶς,
2997 4219 3074 4290 μή
3106 4237 3224 4284 πως
3278 4222 3401 4294 είκῆ
3453 4223 3759 4279 κεκοπίακα

2170 4306 2250 4369 είς
2280 4306 2444 4376 ὑμᾶς.
2475 4323 2496 4359 ι

2241 4399 2405 4454 ΚΥΡ.
2465 4399 2532 4452 Ἦ
2579 4400 2741 4472 ὡρῶν
2795 4400 2903 4473 ἄρα
2971 4402 3069 4455 καὶ
3119 4403 3344 4476 ἡμερῶν
3407 4406 3756 4478 ὲπιτήρησις,

2171 4491 2470 4562 προσθείην
2496 4491 2540 4545 δ’
2574 4492 2640 4548 ἂν
2670 4493 2753 4547 ὅτι
2782 4494 2878 4547 καὶ
2905 4495 2938 4563 ὴ
2979 4494 3210 4566 καιρῶν,
3245 4495 3596 4568 ἀνάρμοστος
3625 4515 3761 4553 παν-

2172 4580 2342 4646 τελῶς
2367 4584 2482 4648 τοῖς
2509 4582 2603 4637 τὸν
2625 4582 2724 4637 ἕνα
2757 4600 2818 4636 τε
2843 4585 2938 4637 καὶ
2965 4583 3126 4653 φύσει
3150 4585 3282 4642 Θεὸν
3311 4587 3414 4640 οὑκ
3437 4589 3758 4660 ὴγνοηκόσι,

2175 4671 2378 4743 μᾶλλον
2410 4671 2467 4725 δὲ
2497 4673 2610 4737 τοῖς
2641 4672 2733 4726 ὑπ’
2761 4673 2927 4727 αὑτοῦ
2971 4674 3061 4729 διά
3097 4674 3339 4742 πίστεως
3365 4679 3757 4752 ἐγνωσμένοις,

2173 4764 2268 4818 καὶ
2294 4764 2374 4828 εἰς
2411 4764 2722 4834 οἰκειότητα
2751 4764 3108 4837 κεκλημένοις
3134 4769 3235 4842 τὴν
3263 4769 3351 4824 διὰ
3382 4770 3484 4843 τῆς
3511 4772 3755 4844 χάριτος·

2173 4856 2458 4910 ὑπονοστεῖ
2496 4855 2604 4927 γὰρ
2643 4854 2860 4922 ἀνόπιν,
2888 4855 2951 4910 τὸ
2989 4857 3050 4914 ὲν
3080 4859 3305 4932 Χριστῷ
3341 4862 3609 4934 καύχημα
3658 4866 3757 4935 με-

2175 4947 2309 5013 θεὶς,
2341 4949 2368 5002 ό
2398 4945 2560 5001 τοῦτο
2603 4947 2739 5019 δρᾷν
2766 4948 3063 5020 ᾑρημένος·
3110 4952 3204 5008 καὶ
3245 4952 3629 5028 φιλελεύθερον
3655 4959 3755 5028 μὲν

2174 5039 2357 5093 οὐκέτι
2399 5039 2490 5094 τὸν
2537 5041 2736 5095 οἰκεῖον
2785 5039 3083 5098 διεσώσατο
3138 5043 3298 5112 νοῦν,
3353 5046 3653 5118 φληνάφως
3703 5049 3761 5104 δὲ

2176 5131 2376 5203 μᾶλλον
2397 5132 2488 5187 τὸν
2513 5132 2614 5202 τῆς
2637 5132 2872 5204 ἀρχαίας
2897 5133 3219 5207 πλανήσεως
3246 5137 3542 5211 ὑποτρέχει
3572 5139 3760 5208 ζυγὸν,

2172 5227 2284 5288 τοῖς
2311 5222 2406 5278 τοῦ
2441 5224 2650 5296 κόσμου
2695 5225 2981 5297 στοιχείοις
3013 5227 3180 5300 τιμὴν
3209 5229 3542 5302 ἀπονέμων,
3583 5232 3761 5303 ἥνπερ

2133 5383 2143 5391 _
2175 5317 2242 5370 ἂν
2269 5315 2380 5386 έχοι
2403 5315 2558 5382 Θεὸς,
2588 5317 2682 5371 καὶ
2715 5319 2838 5382 ταῖς
2867 5319 3130 5376 ἀνωτάτω
3171 5323 3457 5394 στεφανῶν
3483 5323 3761 5388 εὑκλείαις

2172 5406 2240 5460 τὰ
2287 5407 2599 5478 κεκλῃμένα
2647 5409 2784 5480 πρὸς
2821 5410 3042 5478 γένεσιν
3079 5413 3192 5476 τοῖς
3244 5413 3340 5469 τοῦ
3390 5415 3758 5487 πεποιηκότος

2177 5500 2433 5571 νεύμασι.
2477 5502 2725 5573 Στοιχεῖα
2758 5502 2814 5557 δὲ
2856 5503 3064 5574 κόσμου
3109 5507 3244 5577 φησὶ
3287 5506 3356 5562 τά
3399 5509 3566 5563 οἱονεὶ
3597 5509 3764 5580 μόρια

2175 5590 2268 5644 τοῦ
2298 5592 2516 5660 παντὸς,
2548 5593 2776 5664 καιρούς
2813 5611 2875 5648 τε
2915 5596 3010 5649 καὶ
3045 5597 3223 5669 μῆνας
3244 5639 3259 5663 ,
3290 5599 3386 5653 καὶ
3425 5600 3522 5664 τὰς
3549 5598 3758 5653 τούτων

2177 5686 2597 5758 ἀναμετρήσεις,
2624 5687 2714 5742 διά
2738 5705 2797 5742 τε
2829 5688 2988 5759 ὡρῶν
3025 5691 3120 5744 καὶ
3147 5693 3370 5764 ἡμερῶν
3391 5691 3762 5766 ἀποτελουμέ-

1107 5875 1152 5905 ’³
1173 5874 1366 5928 Matth.
1395 5893 1448 5942 κ,
1487 5878 1576 5943 29,
1619 5880 1708 5935 ⁸51.
1790 5882 1835 5913 ’⁵
1863 5882 1967 5938 lsa.
2019 5899 2067 5936 vi

2171 5885 2388 5953 passim.
2469 5887 2512 5916 ³⁵
2550 5885 2727 5940 Galat.
2757 5899 2830 5954 1v,
2862 5889 2986 5943 9-1!
