4104 6436
311 471 417 528 481

1053 470 1142 525 DE
1183 467 1628 525 ADORATIONE
1670 469 1739 524 ΙΝ
1782 467 2057 524 SPlRlTU
2099 467 2186 523 ET
2223 468 2595 525 VERITATE.
2639 469 2768 524 LIB.
2811 469 2898 524 Vl.
3007 450 3013 454 ⁸

3517 471 3623 524 itii

313 602 442 648 νας.
483 584 692 654 Συνεχῆ
742 584 851 655 γὰρ
891 582 1022 637 ὄντα
1074 583 1167 636 τὸν
1216 584 1437 656 χρόνον,
1495 583 1590 637 καὶ
1632 583 1918 655 ἀείρρυτον

2038 592 2142 637 arat
2169 592 2406 651 tempus,
2435 598 2496 636 ac
2522 592 2791 652 perpetuo
2829 582 3006 636 fluens
3034 581 3089 635 in
3117 581 3378 636 ulteriora
3405 581 3614 636 fereba-

312 677 522 748 ἔχοντα
552 677 652 750 τὴν
683 677 764 740 είς
797 676 860 730 τδ
901 676 1092 748 πρόσω
1129 677 1334 750 φορὰν,
1370 680 1492 743 ταῖς
1537 676 1646 731 τῶν
1692 679 1921 752 καιρῶν,

311 771 486 840 ὡρῶν
504 787 565 823 τε
593 769 690 824 καὶ
716 769 941 842 ἡμερῶν
968 769 1130 824 οἱονεί
1169 788 1287 835 πως
1315 771 1402 826 διὰ
1444 771 1609 843 μέσον
1642 789 1924 844 παρεγκο-

315 865 457 926 παῖς
497 864 594 916 καὶ
622 863 1033 934 ἀνακυκλήσεσι
1057 867 1178 928 ταῖς
1205 866 1286 928 είς
1312 861 1470 928 αὖθις
1503 860 1572 920 αὖ
1611 866 1834 938 μέτροις
1862 883 1923 919 τε

320 957 416 1008 καὶ
440 955 704 1026 ἀριθμοῖς
733 954 968 1020 ὑπέταξε
999 955 1152 1018 Θεὸς.
1186 957 1335 1010 Ἔδει
1362 958 1492 1028 γάρ,
1543 957 1652 1012 ἔδει
1680 961 1795 1023 τοῖς
1825 959 1926 1012 οὑκ

315 1049 569 1120 ἄναρχον
595 1049 817 1120 ἔχουσιν
840 1049 922 1109 εἰς
951 1048 1012 1101 τὸ
1035 1046 1177 1103 εἶναι
1217 1050 1526 1122 διεκδολὴν,
1555 1054 1652 1107 καὶ
1687 1053 1813 1108 ὅσον
1837 1055 1928 1106 oe.

311 1140 474 1194 δέπω
506 1141 647 1212 πρὸς
677 1141 738 1194 τὸ
759 1141 858 1211 τῆς
893 1141 1031 1205 ἰδίας
1061 1139 1210 1213 ζωῆς
1240 1143 1592 1216 ἀφιξομένοις
1624 1145 1800 1212 τέλος,
1833 1147 1928 1202 καὶ

311 1233 522 1304 χρόνου
550 1232 650 1286 τοῦ
685 1233 896 1287 τοιοῦδε
938 1233 1100 1307 τυχὸν
1119 1275 1135 1301 ,
1160 1235 1468 1306 ἀρχομένου
1497 1239 1580 1303 τε,
1610 1240 1755 1310 φημὶ
1778 1279 1792 1303 ,
1833 1240 1929 1294 καὶ

312 1325 611 1398 λήγοντος,
650 1327 744 1380 καὶ
777 1327 891 1391 τοῖς
926 1327 1028 1381 οὐκ
1059 1322 1213 1382 οὖσιν
1244 1329 1332 1382 ἀεὶ
1366 1329 1468 1404 τὴν
1494 1331 1705 1388 οἰκείαν
1735 1332 1928 1406 ὥσπερ

318 1419 804 1488 συγκαθιστάντος
848 1419 1032 1490 φύσιν.
1074 1419 1592 1495 Είσκεκομισμένου
1633 1427 1928 1498 τοιγαροῦν

314 1511 543 1574 οὐδενὸς
597 1512 792 1584 ἐτέρου
847 1514 963 1576 τοῖς
1008 1514 1106 1568 ἐπὶ
1151 1517 1254 1587 τῆς
1303 1516 1409 1586 γῆς
1440 1517 1530 1572 διά
1577 1535 1638 1572 τε
1693 1520 1925 1592 καιρῶν,

315 1602 492 1674 ὡρῶν
537 1620 598 1657 τε
632 1603 729 1656 καὶ
765 1603 1027 1676 ἡμερῶν,
1069 1605 1214 1676 πλὴν
1263 1606 1347 1661 ὅτι
1395 1611 1490 1662 καὶ
1535 1609 1707 1682 μόνης
1737 1615 1840 1684 τῆς
1869 1616 1928 1668 ὲν

315 1695 515 1768 κύκλῳ
566 1697 867 1768 διαδρομῆς
919 1698 1016 1753 xei.
1059 1700 1492 1772 ἀναμετρήσεως
1546 1703 1832 1776 ἀκριϐοῦς,
1873 1707 1928 1760 τί

320 1787 782 1860 μυθοπλαστοῦσί
815 1807 966 1854 τινες
996 1789 1033 1844 ἀ
1059 1792 1156 1846 καὶ
1186 1791 1397 1862 γελοῖον
1428 1794 1667 1862 ὲννοεῖν;
1706 1797 1802 1851 καὶ
1821 1798 1929 1863 ’τὰς

322 1883 430 1954 μὲν
469 1882 583 1936 τῶν
620 1882 783 1955 ὡρῶν
823 1883 1240 1956 ἀγαθοεργοὺς,
1275 1884 1376 1950 τάς
1419 1886 1478 1941 δὲ
1501 1928 1516 1954 ,
1566 1889 1628 1942 οῦ
1671 1890 1928 1957 τοιαύτας

2027 683 2140 742 tur,
2168 691 2270 746 per
2293 686 2604 746 temporum
2629 685 2686 731 et
2710 678 2997 742 horarum,
3021 691 3085 731 ac
3104 674 3322 731 dierum
3345 675 3503 746 quasi
3541 675 3624 730 in-

2027 768 2400 840 terruptiones
2423 785 2487 824 ac
2513 771 2886 824 rcvolutiones
2909 769 3092 824 denuo
3117 769 3433 832 redeuntes,
3468 784 3621 822 men-

2025 862 2174 916 suris
2228 876 2293 916 ac
2335 862 2586 916 numeris
2633 861 2868 931 subjecit
2913 862 3078 916 Deus.
3124 860 3276 931 Opus
3323 860 3470 915 enim
3488 876 3616 930 pro-

2027 953 2174 1008 fecto
2195 951 2321 1017 fuit,
2352 962 2432 1017 ut,
2465 967 2702 1022 quorum
2727 951 2980 1006 essentia
3007 967 3118 1006 non
3146 953 3219 1006 ita
3245 952 3539 1018 exsistunt,
3563 961 3623 1006 ut

2030 1054 2254 1101 careant
2277 1045 2460 1111 initio,
2500 1053 2555 1100 et
2577 1061 2700 1115 qua:
2723 1044 3044 1115 propediem
3070 1045 3137 1100 ad
3161 1047 3288 1100 vitae
3312 1046 3476 1100 finem
3500 1061 3620 1116 per-

2029 1143 2268 1190 ventura
2308 1144 2458 1201 sunt,
2487 1143 2550 1188 ut
2582 1149 2646 1188 ea
2676 1141 2893 1203 tempus
2925 1134 3093 1189 etiam
3133 1135 3406 1204 ejusmodi
3455 1135 3625 1189 habe-

2031 1237 2176 1292 rent,
2217 1228 2365 1297 quod
2423 1237 2480 1282 ct
2518 1226 2790 1296 inciperet
2829 1226 3091 1280 nimirum
3124 1234 3180 1281 et
3217 1227 3514 1294 desineret,
3546 1241 3625 1283 at-

2030 1336 2140 1391 que
2162 1321 2230 1376 ad
2269 1337 2354 1387 ea,
2383 1336 2505 1392 quae
2545 1334 2658 1374 non
2706 1334 2926 1390 semper
2957 1328 3107 1385 sunt,
3143 1321 3434 1390 cogitatam
3482 1338 3622 1392 quo-

2030 1413 2326 1468 dammodo
2355 1395 2798 1468 accommodaret
2819 1422 3093 1468 naturam.
3108 1412 3245 1468 Cum
3268 1413 3452 1483 itaque
3475 1430 3624 1468 mor-

2033 1506 2238 1562 talibus
2263 1523 2363 1578 per
2385 1515 2656 1578 tempora,
2680 1513 2737 1561 et
2761 1505 2946 1572 horas,
2975 1522 3042 1562 ac
3063 1507 3183 1562 dies
3213 1507 3353 1562 nihil
3380 1509 3451 1562 sit
3477 1508 3625 1562 aliud

2031 1599 2337 1665 invectum,
2370 1600 2479 1655 nisi
2503 1601 2594 1655 illa
2624 1599 2680 1655 in
2710 1599 2903 1655 orbem
2935 1601 3245 1665 conversio,
3284 1607 3340 1657 et
3369 1609 3624 1657 accurata

2032 1692 2328 1760 dimensio,
2359 1695 2492 1764 quid
2521 1702 2626 1757 est,
2667 1693 2815 1764 quod
2845 1709 2910 1749 ea
2936 1695 3188 1750 nonnulli
3242 1695 3490 1751 fabulose
3524 1695 3626 1750 ﬁn-

2031 1795 2188 1858 gunt,
2216 1804 2339 1858 qua:
2361 1787 2433 1843 sit
2461 1789 2548 1843 vel
2569 1787 2812 1859 cogitare
2831 1786 3150 1853 ridiculum,
3167 1797 3224 1842 et
3245 1787 3382 1844 alias
3405 1789 3627 1859 quidem

2033 1880 2198 1934 horas
2222 1879 2496 1936 beneﬁcas
2511 1897 2632 1939 esse
2662 1883 2838 1952 aiunt,
2881 1873 3018 1942 alias
3043 1897 3223 1945 secus,
3265 1897 3467 1952 easque
3507 1883 3631 1937 dili-

320 1970 474 2028 εἷναί
508 1993 667 2044 φασι,
699 1978 798 2031 καὶ
833 1977 1040 2050 ἀκριϐῆ
1071 1978 1193 2032 λίαν
1222 1980 1503 2034 ποιοῦνται
1535 1980 1634 2052 τὴν
1669 1983 1932 2057 ἐπιτήρηο

2038 1975 2358 2045 gentissime
2399 1977 2720 2044 observant,
2747 1979 2967 2051 illisque
2993 1980 3268 2042 tribuunt,
3304 1986 3386 2042 ut,
3427 1977 3632 2047 quibus

326 2083 442 2131 σιν,
479 2067 676 2131 αὐταῖς
705 2068 1076 2140 ἀπονέμοντες
1109 2069 1171 2123 τὸ
1211 2070 1440 2140 ἐπάγειν
1465 2071 1726 2128 δύνασθαι
1768 2076 1830 2129 τό
1859 2094 1921 2130 τε

326 2158 634 2230 εὐημερεῖν
668 2158 765 2212 καὶ
792 2159 856 2213 τὸ
897 2160 1165 2225 ἐναντίον,
1198 2155 1281 2226 οἷς
1324 2161 1392 2216 ἂν
1426 2161 1634 2218 ἕλοιντο
1665 2165 1859 2236 τυχὸν,
1896 2168 1930 2237 ἢ

326 2247 418 2315 οἷς
478 2251 546 2307 ἂν
599 2250 772 2316 αὑτὰς
821 2253 1038 2324 ἀνάγκη
1092 2255 1456 2326 συμϐαίνειν;
1495 2251 1624 2328 Ἆρ’
1671 2254 1765 2312 οῦν
1813 2259 1934 2332 οὐχὶ

325 2341 502 2414 λῆρός
527 2359 588 2396 τε
635 2343 740 2416 ἤδη
781 2345 941 2399 ταυτὶ
983 2346 1078 2400 καὶ
1111 2347 1523 2418 ῗφρενοὸλάόεια
1567 2349 1738 2422 δεινὴ,
1779 2351 1930 2423 πάγη

324 2437 387 2492 δέ
414 2455 502 2501 τις
531 2436 820 2509 διαϐολικὴ
853 2438 1311 2512 φιλοκακούργως
1340 2440 1756 2513 ἐσκευασμένη;

405 2531 618 2583 ΠΑΛΛ.
651 2530 820 2601 Φημὶ,
854 2532 952 2586 καὶ
977 2529 1129 2585 ἔστιν
1161 2532 1416 2604 ἐναργές.

404 2621 575 2676 ΚΥΡ.
617 2622 829 2693 Ὥσπερ
871 2620 983 2693 γὰρ
1021 2621 1306 2692 ἐλέγομεν,
1350 2622 1434 2676 ὄτι
1481 2621 1722 2694 Μοίραις
1750 2641 1810 2678 τε
1843 2627 1936 2679 καὶ

328 2711 491 2787 Τύχῃ
537 2713 632 2766 καὶ
666 2713 971 2783 ἀλλοτρίοις
1008 2713 1243 2784 νεύμασι
1275 2713 1347 2768 τὰ
1370 2713 1494 2770 καθ’
1523 2715 1754 2780 ἑαυτοὺς
1789 2718 1937 2788 ἡμᾶς

327 2805 605 2859 ἀνάπτειν
641 2804 964 2871 ἀνέπειθονῆ
1001 2807 1206 2859 εἰκαῖον
1250 2808 1383 2877 ἡμῖν
1435 2806 1829 2878 ἀποφαίνοντες
1875 2810 1938 2862 τὸ

328 2897 636 2967 ἐπιμελὲς,
688 2899 784 2951 καὶ
837 2897 1111 2969 μερίμνης
1151 2897 1585 2969 ἀποκομίζοντες
1633 2900 1736 2970 τῆς
1793 2901 1937 2972 ὑπὲρ

328 2990 491 3059 σφῶν
527 2989 745 3045 αὑτῶνο
779 2989 922 3045 οὕτω
954 2991 1186 3045 κάνθάδε
1232 2991 1332 3064 τὴν
1365 2991 1537 3064 αὐτὴν
1585 2993 1720 3064 ἡμῖν
1775 2993 1936 3066 ἐξαρ-

326 3081 561 3144 τύοντες
607 3081 896 3152 πλάνησιν,
941 3081 1196 3153 καθάπερ
1227 3081 1286 3146 ἐξ
1321 3082 1625 3152 ἀναγκαίου
1669 3083 1837 3152 ζυγοῦ
1867 3084 1937 3137 τά

329 3173 395 3240 ἐξ
430 3175 657 3246 ἡμερῶν
691 3175 786 3228 καὶ
813 3175 972 3246 ὡρῶν
1006 3175 1353 3247 ὲπηρτῆσθαί
1384 3193 1537 3246 φασι,
1568 3179 1682 3240 τοῖς
1714 3177 1808 3231 ἐπὶ
1834 3177 1934 3248 τῆς

327 3270 461 3340 γῆς,
496 3267 900 3336 δυσδιάφυκτον
944 3267 1136 3338 ἔχοντα
1167 3266 1267 3340 τὴν
1299 3267 1647 3340 διεκδρομήνο
1683 3270 1776 3322 καὶ
1803 3269 1932 3338 τόγε

327 3324 650 3432 παράδοξον
682 3324 1082 3432 (ιγραοπρεπὴς
1131 3324 1235 3430 μὲν
1272 3359 1380 3432 γὰρ
1408 3324 1674 3414 δ’τᾶιέσδε
1709 3324 1934 3432 μῦθοςι),
1966 3324 2008 3382 C

329 3449 524 3512 ῦθλοις
566 3449 624 3502 δὲ
660 3452 776 3512 τοῖς
813 3449 942 3520 περὶ
971 3447 1180 3502 τούτων
1212 3448 1513 3520 νηρίθμους
1541 3446 1780 3519 ὁρῶντες
1809 3448 1933 3500 ἑπο-

332 3545 512 3612 μένας
538 3543 639 3606 τάς
661 3541 1013 3608 ἀποτεύξεις,
1045 3542 1105 3595 οὐ
1136 3539 1456 3612 χαρίζονται
1487 3540 1564 3614 (l)
1592 3544 1658 3612 τῇ
1688 3541 1860 3612 πείρᾳ
1878 3541 1941 3595 τὸ

326 3637 642 3708 διελέγχειν
681 3635 945 3690 δύνασθαι
990 3634 1084 3688 τὸν
1124 3633 1466 3706 φενακισμόν
1493 3650 1507 3662 ·
1539 3633 1858 3705 φαυλότητα
1883 3634 1942 3687 δὲ

334 3729 794 3801 καταγράφοντες
824 3726 986 3798 ὡρῶν
1013 3743 1076 3780 τε
1110 3727 1204 3780 xui.
1237 3725 1482 3798 ἡμερῶν,
1517 3727 1613 3780 καὶ
1643 3728 1764 3790 ταῖς
1786 3728 1866 3790 εἰς
1881 3726 1943 3780 τὸ

338 3825 495 3894 μεῖον
528 3821 606 3892 (2)
640 3819 973 3875 καταδύσεσι
1006 3818 1102 3872 τοῦ
1133 3818 1440 3890 σεληνιαίου
1470 3817 1676 3873 κύκλου
1718 3819 1818 3890 τὴν
1847 3819 1944 3872 αὐ-

331 3916 439 3987 τὴν
471 3915 777 3982 ἐπάγοντες
804 3912 1008 3982 ψῆφον,
1040 3913 1068 3965 ὃ
1094 3911 1148 3965 τί
1179 3929 1313 3966 ποτε
1335 3911 1446 3983 ἀρα
1481 3914 1638 3982 φαῖεν
1663 3913 1750 3967 ἄν.
1782 3913 1846 3966 Ei
1876 3913 1941 3982 δὴ

335 4007 590 4080 βούλοιτό
621 4023 707 4068 τις
737 4006 797 4059 ὲν
831 4004 952 4076 ὥρᾳ
991 4006 1090 4076 μιᾷ
1141 4005 1236 4058 καὶ
1268 4006 1328 4058 ὲν
1361 4004 1547 4077 ἡμέρα
1589 4005 1777 4076 τυχὸν,
1809 4007 1942 4068 τοὺς

339 4099 447 4171 μὲν
490 4100 656 4162 ὄντας
698 4099 757 4150 ἐν
805 4095 1157 4168 εὐημερίαις,
1207 4097 1334 4160 τοὺς
1381 4097 1439 4150 δὲ
1486 4099 1608 4161 ταῖς
1681 4097 1942 4167 ἐσχάταις

338 4190 640 4251 ὲναλόντας
695 4189 1043 4259 συμφοραῖς,
1093 4185 1533 4258 ἀπαριθμεῖσθαι
1591 4185 1688 4239 καὶ
1737 4185 1939 4255 λέγειν,

335 4283 523 4337 καίτοι
604 4281 668 4334 τὸ
737 4279 898 4350 φύσει
966 4278 1171 4348 φαῦλον
1243 4278 1407 4331 παντί
1481 4295 1558 4344 τῳ
1621 4278 1801 4347 γένοιτ
1877 4278 1942 4332 ἂν

335 4375 529 4427 ὁποῖον
577 4367 719 4426 εἶναι
764 4372 859 4424 καὶ
894 4372 1174 4440 πέφυκενο
1213 4369 1372 4440 εἴπερ
1401 4364 1495 4425 οῦν
1543 4371 1693 4423 ἐστιν
1733 4369 1853 4442 ὥρα
1883 4388 1941 4424 τε

339 4465 439 4518 καὶ
477 4463 593 4534 ἠὼς
621 4465 735 4526 τοῖς
757 4462 852 4516 ἐπὶ
882 4461 988 4532 γῆς
1016 4461 1308 4532 ἐπιζήμια,
1337 4459 1392 4513 τί
1425 4459 1501 4532 μὴ
1528 4462 1609 4524 είς
1648 4461 1860 4524 πάντας
1886 4463 1944 4515 ὲν

341 4559 448 4630 ἴσῳ
474 4556 547 4611 τά
571 4555 632 4622 ἐξ
660 4555 844 4611 αὐτῶν
873 4554 1170 4626 διαστείχει
1200 4553 1372 4626 βλάϐη
1398 4567 1413 4582 '
1438 4552 1556 4607 ἀλλ’
1581 4556 1632 4607 οί
1667 4554 1770 4624 μέν
1805 4556 1944 4609 εἰσιν

2035 2067 2335 2131 voluerint,
2361 2078 2456 2124 aut
2489 2071 2693 2139 quibus
2721 2073 2867 2144 ipsas
2895 2075 3217 2144 contingere
3257 2087 3483 2127 necesse
3508 2071 3630 2126 fue-

2035 2159 2146 2224 rit,
2183 2161 2256 2214 iis
2293 2161 2616 2218 hominibus
2657 2174 2772 2220 tum
2819 2166 3036 2222 felicem
3078 2181 3396 2222 successum
3430 2163 3631 2220 afferre

2035 2253 2268 2323 possint,
2290 2261 2406 2308 tum
2432 2265 2626 2312 contra
2666 2256 2991 2314 infelicem?
3022 2258 3217 2314 Nonne
3243 2257 3362 2312 haec
3391 2259 3500 2327 jam
3536 2256 3634 2314 de-

2037 2346 2161 2401 liria
2189 2354 2340 2412 sunt,
2367 2363 2431 2402 ac
2462 2351 2698 2406 maxima
2721 2351 3021 2418 dementia,
3064 2359 3122 2407 et
3147 2351 3381 2422 laqueus
3405 2349 3632 2421 quidam

2037 2439 2347 2496 diabolicus
2371 2443 2570 2498 callide
2606 2445 2875 2514 paratus?

2111 2533 2308 2588 PALL.
2340 2535 2572 2602 Fateor;
2605 2545 2662 2591 et
2686 2546 2771 2592 est
2787 2537 2849 2592 id
2877 2553 3009 2593 sane
3030 2516 3277 2594 evidens.

2108 2623 2268 2680 CYR.
2300 2626 2370 2682 Ut
2399 2626 2547 2681 enim
2573 2628 2738 2696 paulo
2759 2635 2890 2683 ante
2913 2628 3256 2693 dicebamus,
3294 2627 3514 2684 suaderi
3539 2644 3637 2683 no-

2042 2713 2130 2768 bis
2151 2715 2219 2770 ab
2246 2715 2374 2781 illis,
2403 2726 2465 2772 ut
2506 2717 2656 2773 Fatis
2678 2734 2744 2774 ac
2768 2719 3032 2776 Fortunae
3054 2719 3360 2791 alienisque
3389 2719 3638 2776 arbitriis
3746 2709 3752 2714 ’

2045 2822 2134 2862 res
2157 2816 2377 2861 nostras
2410 2808 2790 2876 ascribamus;
2831 2827 2956 2866 cum
2994 2827 3189 2866 vanam
3235 2827 3358 2867 esse
3389 2820 3634 2866 nostram

2045 2900 2387 2972 diligentiam
2417 2903 2800 2972 pronuntient,
2827 2915 2884 2961 et
2906 2904 3186 2960 abducant
3209 2921 3240 2960 a
3264 2921 3396 2960 cura
3419 2921 3521 2976 pro
3541 2922 3640 2959 no-

2046 2991 2132 3047 bis
2157 2993 2291 3063 ipsis
2307 2994 2691 3064 suscipienda;
2717 2995 2798 3050 sic
2835 2994 2891 3049 in
2918 2995 3022 3050 bac
3048 3011 3270 3066 quoque
3293 3004 3449 3068 parte
3478 3013 3637 3050 cum-

2043 3087 2169 3140 dem
2190 3086 2351 3140 nobis
2380 3103 2626 3141 errorem
2653 3097 2969 3154 struentes,
3011 3091 3227 3145 dierum
3264 3099 3428 3160 atque
3473 3090 3638 3145 hora-

2044 3191 2168 3229 rum
2216 3189 2397 3240 casus,‘
2445 3175 2619 3241 aiunt,
2683 3177 2850 3248 206
2895 3185 3155 3248 tanquam
3207 3194 3275 3234 ex
3324 3181 3639 3234 necessario

2040 3266 2174 3336 jugo
2199 3265 2527 3320 mortalibus
2543 3266 2854 3333 imminere,
2877 3284 3017 3338 quos
3040 3269 3320 3325 declinare
3333 3271 3404 3325 sit
3425 3270 3639 3327 diﬂicil-

2043 3357 2236 3411 limum
2269 3375 2281 3409 :
2309 3364 2365 3411 et
2389 3357 2539 3426 quod
2571 3358 2774 3412 mirum
2804 3367 2890 3415 est
2932 3359 3119 3430 (anilis
3145 3361 3295 3416 enim
3318 3370 3404 3417 cst
3445 3363 3639 3434 hujus-

2042 3448 2193 3503 modi
2241 3447 2451 3520 fabula)
2490 3465 2616 3504 cum
2657 3451 2932 3521 ejusmodi
2969 3468 3144 3524 nugas
3200 3454 3642 3510 innumerabiles

2043 3539 2432 3595 frustrationes
2477 3541 2996 3607 eomitarivideant,
3039 3559 3151 3598 non
3198 3552 3379 3598 tamen
3424 3546 3645 3616 experi-

2045 3641 2234 3689 mento
2264 3633 2599 3697 concedunt,
2629 3645 2692 3690 lli.
2717 3635 2827 3689 hoc
2850 3650 3046 3690 eorum
3081 3646 3463 3693 commentum
3482 3654 3642 3693 coar-

2043 3743 2214 3798 guere
2236 3728 2431 3798 possit,
2462 3728 2558 3782 sed
2582 3728 2746 3784 horas
2782 3743 2846 3784 ac
2867 3736 3114 3800 tempora
3153 3731 3512 3802 malignitatis
3547 3748 3642 3788 ac-

2044 3820 2310 3885 cusando,
2334 3819 2591 3890 idemque
2613 3820 2886 3890 judicium
2912 3821 2980 3876 de
3005 3822 3394 3889 decrementis,
3416 3840 3538 3894 qua:
3561 3825 3643 3878 lu-

2044 3927 2130 3966 na:
2166 3911 2364 3981 globus
2389 3911 2570 3976 subit,
2620 3911 2871 3976 ferendo,
2927 3912 3149 3982 quidvis
3191 3914 3412 3970 tandem
3457 3915 3642 3972 dicere

2046 4010 2328 4072 poterunt.
2355 4001 2412 4056 Si
2445 4003 2570 4072 quis
2587 4001 2756 4073 igitur
2779 4005 2913 4059 velit
2940 4004 2995 4058 in
3013 4004 3206 4059 eadem
3237 4006 3394 4070 hora,
3413 4007 3642 4064 eodem-

2045 4110 2154 4163 que
2180 4093 2270 4149 die
2284 4094 2519 4148 fortasse
2544 4094 2683 4148 alios
2705 4110 2975 4164 prospero
2997 4110 3256 4151 successu
3295 4099 3470 4166 laetos,
3507 4101 3645 4155 alios

2046 4185 2300 4240 maximis
2343 4185 2753 4240 calamitatibus
2791 4201 3090 4256 oppressos
3131 4204 3428 4246 numerare
3466 4208 3528 4248 ac
3555 4194 3642 4247 di-

2047 4293 2198 4343 cere,
2234 4278 2408 4348 atqui,
2460 4277 2607 4348 quod
2637 4288 2831 4349 suapte
2858 4288 3057 4334 nalura
3074 4281 3374 4352 malignum
3400 4293 3505 4350 est,
3529 4287 3644 4339 cui-

2047 4368 2130 4422 vis
2156 4368 2260 4422 tale
2285 4367 2357 4421 sit
2383 4381 2609 4422 neccsse
2635 4375 2746 4432 est,
2775 4367 2935 4438 quale
2962 4379 3022 4422 ut
3055 4379 3221 4435 esset,
3257 4371 3339 4425 illi
3373 4383 3458 4427 est
3491 4373 3643 4445 inge-

2047 4463 2225 4517 nitum
2263 4479 2276 4514 :
2306 4461 2352 4516 si
2376 4461 2544 4532 igitur
2568 4471 2698 4516 sunt
2736 4461 2870 4516 hora
2898 4470 3063 4533 atque
3091 4478 3291 4519 aurora
3329 4465 3647 4522 hominibus

2047 4553 2232 4618 noxia,
2258 4565 2501 4608 cur‘non
2533 4551 2602 4607 ad
2643 4567 2836 4608 omnes
2875 4555 3165 4625 atqualiter
3200 4571 3397 4613 eorum
3440 4557 3646 4615 incom«

339 4653 401 4705 ὲν
421 4652 541 4714 τοῖς
568 4649 711 4718 ἄγαν
729 4647 1164 4713 εὐκταιοτάτοις,
1196 4649 1245 4702 οί
1270 4647 1328 4700 δὲ
1353 4644 1671 4700 διολώλασιν
1701 4646 1813 4700 ἐσθ’
1830 4647 1936 4711 ὅτε,

2050 4645 2212 4700 moda
2249 4644 2603 4716 perveniunt,
2654 4645 2748 4700 sed
2790 4646 2884 4700 alii
2923 4662 3110 4703 rerum
3138 4659 3268 4704 sunt
3297 4652 3648 4722 exoptatissi-

340 4743 442 4796 καὶ
471 4739 570 4794 τοῦ
599 4740 740 4811 πρὸς
767 4740 924 4810 λῆξιν
955 4740 1126 4803 ίόντος
1156 4738 1381 4810 ἐμπλεω
1415 4738 1591 4794 κακοῦ
1614 4779 1629 4804 ,
1669 4738 1840 4809 μῦθος
1867 4739 1936 4810 τῷ

2055 4753 2270 4794 marum
2312 4747 2595 4808 compotes
2641 4739 2800 4805 facti,
2856 4741 2948 4795 alii
2975 4741 3174 4812 perditi
3223 4743 3540 4806 interdum,
3586 4761 3649 4799 ac

344 4836 451 4906 βίῳ
484 4833 772 4904 γεγόνασι,
806 4835 900 4887 καὶ
927 4833 1133 4903 σκηνῆς
1163 4831 1424 4896 ὑπόθεσις
1447 4833 1762 4904 τραγικῆςξ
1806 4832 1948 4886 ’Λλλ’

2049 4831 2282 4886 summis
2307 4831 2466 4886 malis
2505 4833 2794 4898 cumulati,
2833 4834 2888 4887 in
2924 4833 3168 4888 fabulam
3211 4835 3399 4906 vulgi,
3459 4843 3515 4890 et
3544 4845 3649 4890 tra-

341 4927 498 4981 ἐστιν
530 4925 659 4980 ἰδεῖν
695 4927 810 4988 τοῖς
837 4941 903 4993 γε
942 4922 1192 4995 ἀκριϐῶς
1218 4923 1464 4977 ἐθέλουσι
1501 4923 1564 4978 τὸ
1592 4925 1675 4978 ὅτι
1713 4923 1936 4995 μάλιστα

2049 4920 2184 4990 giae
2223 4934 2404 4975 scena:
2438 4933 2826 4992 argumentum
2851 4923 3150 4979 abierunt?
3177 4922 3304 4988 Sed,
3331 4925 3648 4996 quicunque

340 5017 631 5082 λυσιτελὲς
660 5017 862 5071 ειδέναι
888 5034 951 5070 τε
993 5017 1088 5070 καὶ
1116 5017 1392 5079 ἐκπονεῖν,
1428 5016 1510 5069 ὅτι
1551 5015 1695 5071 κατά
1721 5016 1822 5088 τὴν
1851 5016 1936 5069 αῦ-

2049 5011 2344 5082 diligenter
2367 5011 2514 5082 quod
2546 5013 2602 5066 in
2641 5013 2836 5083 primis
2856 5015 3101 5098 expedit,
3129 5014 3183 5070 id
3208 5023 3326 5070 tum
3359 5030 3522 5071 nosse
3549 5031 3644 5070 vo-

341 5112 446 5182 τὴν
475 5109 693 5183 ἡμέραν
713 5126 774 5164 τε
799 5109 896 5163 καὶ
925 5110 1078 5180 ὥραν
1106 5108 1293 5179 τυχὸν,
1325 5109 1354 5162 ὁ
1377 5107 1527 5162 δεῖνα
1563 5107 1663 5180 μὲν
1686 5107 1803 5178 ἥλω
1833 5125 1936 5180 μοι·

2047 5105 2192 5168 lunt,
2223 5111 2341 5158 tum
2362 5116 2495 5161 vero
2509 5105 2678 5160 etiam
2700 5105 2757 5160 in
2785 5121 2852 5161 eo
2875 5107 3182 5173 elaborare,
3207 5107 3276 5161 iis
3297 5107 3485 5162 videre
3522 5107 3649 5163 liCet

343 5204 504 5276 χείας
531 5204 565 5274 ἢ
594 5202 758 5272 φόνου
785 5202 884 5258 καὶ
913 5191 1122 5272 πικρὰς
1153 5203 1266 5265 τοῖς
1290 5200 1604 5266 δικάζουσιν
1637 5200 1936 5255 ἀποτιννύει

2057 5194 2254 5251 eodem
2270 5195 2360 5252 die
2386 5204 2552 5268 atque
2576 5197 2710 5252 hora
2731 5196 2962 5253 fortasse
2985 5199 3136 5254 hunc
3160 5199 3385 5270 quidem
3412 5200 3480 5256 de
3497 5200 3650 5258 adul—

341 5299 446 5363 τάς
477 5297 659 5363 δίκας,
690 5299 718 5351 ὁ
745 5297 896 5351 δεῖνα
917 5297 974 5350 δὲ
1013 5290 1080 5350 αὖ
1116 5293 1476 5368 σωφροσύνης
1502 5310 1563 5347 τε
1597 5293 1691 5346 καὶ
1725 5293 1936 5365 κοσμιό-

2060 5288 2203 5344 terio
2231 5295 2326 5344 aut
2348 5289 2498 5345 caede
2525 5291 2862 5356 convictum,
2907 5291 3138 5345 acerbas
3156 5289 3440 5362 judicibus
3462 5305 3648 5363 poenas

341 5408 518 5462 τητος
538 5392 635 5445 καὶ
663 5393 764 5462 τῆς
783 5392 924 5462 ὑπὲρ
938 5377 1080 5460 ἄγαν
1093 5389 1394 5453 ἐπιεικείας
1420 5387 1666 5450 ἐπαίνοις
1682 5388 1936 5459 ἐντρυφᾷ.

2049 5381 2357 5446 exsolvere,
2387 5382 2621 5437 alterum
2645 5397 2778 5437 vero
2802 5382 3179 5452 temperantiae
3207 5392 3372 5453 atque
3397 5385 3655 5440 honesta-

357 5481 503 5536 Ἀλλ’
527 5480 656 5534 οὔτε
673 5481 766 5534 τὸν
786 5481 1091 5535 ἀκόλαστον
1121 5478 1434 5549 ἀπείρξειεν
1452 5478 1521 5532 ἂν
1549 5477 1738 5549 ἡμέρα
1764 5494 1824 5530 τε
1857 5478 1936 5530 xm‘

2053 5473 2126 5527 tis
2147 5487 2488 5544 summaeque
2522 5474 2817 5544 probitatis
2850 5473 3112 5529 laudibus
3155 5474 3286 5529 frui.
3321 5475 3429 5531 Sed
3472 5492 3652 5548 neque

343 5573 473 5646 ὥρα
490 5575 819 5646 σωφρονεῖν,
847 5570 974 5626 οῦτε
999 5573 1106 5643 μὴν
1121 5571 1213 5625 τὸν
1230 5570 1448 5639 ἐπιεικῆ
1466 5569 1562 5624 καὶ
1582 5569 1831 5640 κόσμιον,
1853 5585 1936 5622 και

2056 5565 2520 5637 intemperantem
2566 5567 2719 5622 illum
2743 5566 2865 5622 dies
2900 5576 2996 5621 aut
3021 5566 3156 5622 hora
3180 5568 3469 5638 prohibuit
3519 5586 3654 5640 quoa

342 5665 640 5736 ταθήξειεν
682 5665 749 5719 ἂν
782 5665 864 5728 είς
904 5663 1181 5734 ἀκοσμίαν
1219 5662 1315 5716 καὶ
1351 5660 1687 5724 ἀκολάστους
1721 5661 1951 5732 ἡδονάς·

345 5760 561 5831 γνώμη
583 5758 642 5812 δι
688 5756 893 5830 μᾶλλον
931 5758 968 5826 ὴ
1005 5754 1267 5826 ἐλευθέρα
1299 5753 1436 5824 πρὸς
1472 5753 1582 5806 πᾶν
1621 5751 1822 5819 ὁτιοῦν,
1855 5752 1936 5805 καπ

2060 5761 2116 5808 et
2137 5752 2447 5809 modestum
2471 5752 2536 5808 ad
2564 5753 2949 5824 petulantiam,
2994 5763 3051 5807 et
3091 5753 3524 5824 intemperantes
3561 5766 3656 5810 vo-

447 5876 506 5945 .l)
543 5873 732 5930 Codex
793 5871 982 5928 Sirleti
1049 5871 1146 5945 οὐχ
1180 5867 1480 5945 ’ὁρίζονται
1507 5909 1520 5931 ,

447 5876 506 5945 .l)
543 5876 732 5930 Codex
793 5876 982 5928 Slrleti
1049 5876 1146 5940 οὐχ
1207 5876 1308 5938 opu

425 5876 504 6016 {at}
535 5945 669 6000 Cod.
710 5945 907 6009 Vatic.,
939 5945 1018 6006 εἰς
1040 5941 1100 5995 τὸ
1125 5940 1308 6012 μέσον.

1602 5883 1704 5920 non
1761 5865 2056 5921 declarant.

2058 5659 2245 5714 minus
2272 5667 2648 5730 temperanter
2686 5659 2932 5726 viveret;
2974 5675 3154 5731 neque
3186 5677 3384 5728 rursus
3419 5663 3653 5733 probum
3740 5646 3746 5650 ’
