4104 6432
489 442 593 499 ιίῖὖ

1519 442 1574 498 S.
1616 442 1893 499 CYRILLI
1933 445 2403 504 ALEXANDBINI
2443 446 2760 503 ARCHIEP.

3657 444 3764 501 464

488 554 727 625 luptatcs
751 553 988 624 impulit,
1015 552 1107 608 sed
1129 549 1420 607 arbitrium
1456 553 1642 622 potius
1666 554 1748 608 .ad
1790 557 1973 610 omnia
2010 557 2057 612 li-

2179 561 2439 631 ἀνειμένη
2469 560 2633 632 ῥοπὴ,
2664 559 2755 613 τὸν
2781 559 2878 631 μὲν
2904 557 2963 613 ἐν
2991 559 3241 626 ἐκείνοις,
3265 558 3356 613 τὸν
3387 559 3432 611 δ’
3461 556 3530 614 αὖ
3563 562 3621 614 ἐν
3648 561 3767 615 τού⁹

490 647 704 713 berum,
725 658 781 702 et
804 646 1067 701 remissus
1085 660 1149 699 ac
1175 645 1390 700 solutus
1424 645 1725 701 voluntatis
1762 658 1952 714 nutus,
1996 650 2074 703 al-

490 750 668 796 terum
701 737 926 808 quidem
951 744 1013 791 ut
1053 735 1109 790 in
1131 736 1247 792 illis
1286 746 1623 805 versaretur,
1653 739 1888 795 alterum
1916 752 1977 797 ut
2016 741 2072 795 in

488 831 573 885 bis
591 840 754 895 esset,
777 828 980 888 eﬂ'ecit.
1010 827 1269 899 Igiturzin
1297 829 1459 885 nobis
1486 838 1590 896 est,
1638 846 1751 886 non
1776 830 1834 885 in
1856 838 2071 901 tempo-

488 937 610 976 rum
642 921 987 976 naturalibus
1009 920 1371 991 qualitatibus
1409 920 1598 989 situm,
1643 923 1813 978 vitam
1858 931 1915 979 et
1944 939 2071 979 cum

484 1012 671 1067 laetitia
701 1011 1006 1073 traducere,
1034 1018 1093 1065 et
1114 1026 1294 1066 secus.

551 1103 751 1158 PALL.
821 1103 900 1158 Ita
961 1100 1200 1157 videtur.
1250 1102 1470 1159 Etenim
1513 1120 1575 1159 es
1619 1112 1770 1160 recta
1822 1105 2071 1161 oratione

481 1210 635 1250 usus.

548 1286 708 1342 CYR.
734 1286 1119 1344 Extimescunt
1142 1297 1327 1343 autem
1356 1287 1414 1342 in
1446 1288 1642 1359 primis
1683 1289 1938 1360 quintum
1972 1304 2068 1345 oe-

481 1390 776 1451 tavumque
799 1380 968 1446 diem,
992 1391 1050 1439 et
1072 1389 1338 1439 excusant
1379 1383 1763 1440 excusationes
1793 1384 1851 1438 in
1872 1399 2069 1454 pecca-

482 1473 572 1538 tis,
600 1472 698 1529 sed
720 1489 885 1545 quam
910 1473 1124 1546 frigidis
1150 1484 1315 1546 atque
1361 1476 1604 1532 anilibus
1633 1476 2069 1532 ratiocinationi-

479 1566 585 1622 bus
619 1565 866 1632 iluitent,
912 1566 1194 1623 hominem
1229 1567 1522 1639 prudentia
1561 1568 1853 1638 praeditum
1895 1568 2070 1623 latent

477 1658 758 1713 neminem
786 1676 799 1712 :
833 1673 961 1714 nam
1002 1657 1273 1714 furiarum
1299 1660 1663 1730 quarumdam
1685 1659 1976 1731 originem,
2002 1674 2068 1715 ac

478 1751 897 1818 daemoniorum,
938 1767 1062 1823 quae
1099 1752 1223 1808 aliis
1261 1752 1587 1809 immaniora
1627 1752 1760 1817 sint,
1787 1759 2063 1819 exortum,

475 1858 668 1913 poenas
698 1842 863 1905 etiam
911 1859 977 1900 ac
1015 1844 1239 1911 multas,
1262 1853 1320 1901 et
1363 1845 1629 1903 nonnulla
1666 1844 1771 1899 alia
1796 1852 2066 1915 praeterea

2174 669 2287 715 τοις
2335 651 2585 720 γενέσθαι
2620 650 3056 722 παρεσκεύασεν.
3107 651 3316 705 Ούκοῦν
3360 652 3419 704 ἐν
3464 653 3618 722 ἡμῖν,
3668 653 3764 705 καὶ

2174 743 2275 796 οὐκ
2301 744 2359 796 ὲν
2387 745 2510 806 ταῖς
2530 743 2639 796 τῶν
2662 743 2867 814 καιρῶν
2890 742 3141 812 ποιότησι
3166 745 3445 816 φυσικαῖς,
3472 743 3591 797 τότε
3619 742 3766 796 διευ-

2175 835 2463 906 θυμεῖσθαι
2492 834 2629 900 ἔστι,
2659 835 2755 889 καὶ
2784 833 2845 888 τὸ
2880 832 2956 904 μὴ
2983 831 3157 921 οὕτως
3185 834 3326 905 ἕχον.

2244 1064 2457 1160 ΠΔΛΛί
2491 1106 2726 1161 Ἔοικεν.
2758 1106 2935 1171 Εὐθὺς
2964 1105 3071 1178 γάρ
3096 1108 3124 1161 ὀ
3153 1105 3330 1174 λόγος.

2242 1287 2408 1341 ΚΥΡ.
2455 1287 2756 1343 Ἐκδεδίασι
2782 1288 2840 1343 δὲ
2879 1290 2963 1345 ὅτι
2994 1290 3231 1361 μάλιστα
3275 1290 3377 1359 τήν
3405 1306 3467 1344 τε
3501 1288 3760 1360 πέμπτην

2171 1377 2265 1431 καὶ
2289 1378 2484 1449 ὀγδόην
2525 1380 2764 1452 ἡμέραν,
2807 1380 2903 1434 κα)⁵
2936 1381 3368 1454 προφασίζονται
3409 1380 3510 1453 μὲν
3539 1383 3758 1453 προφά-

2174 1482 2286 1530 σεις
2311 1467 2371 1520 ὲν
2405 1468 2723 1541 ἁμαρτίαις,
2752 1468 3012 1541 λελήθασι
3040 1470 3101 1525 δὲ
3140 1470 3250 1525 τῶν
3283 1471 3629 1544 ἀρτιφρόνων
3668 1472 3757 1525 οὖν

2169 1556 2295 1611 δένα
2311 1557 2542 1629 ψυχροῖς
2572 1560 2668 1613 καὶ⁵
2685 1559 2989 1631 γραώδεσιν
3023 1561 3411 1633 ὲπινηχόμενοι
3434 1561 3716 1632 λογισμοῖς
3741 1578 3755 1591 ·

2169 1647 2430 1717 ἑριννύων
2452 1648 2562 1720 γάρ
2583 1666 2747 1704 τινων
2778 1651 2994 1719 γένεσιν
3021 1652 3117 1706 καὶ
3141 1652 3433 1723 δαιμονίων
3462 1653 3755 1719 ἀνάδειξιν,

2167 1735 2204 1790 ἀ
2237 1735 2328 1790 καὶ
2373 1736 2484 1790 τῶν
2530 1737 2706 1793 ἀλλων
2744 1740 2894 1795 ἐστὶν
2924 1741 3278 1813 ἀγριώτερα,
3329 1743 3522 1808 ποινάς
3561 1759 3623 1796 τε
3662 1746 3758 1799 καὶ

2167 1826 2346 1894 δίκας,
2376 1829 2471 1883 καί
2490 1846 2612 1883 τινα
2635 1831 2773 1902 πρὸς
2793 1831 3005 1897 τούτοις
3024 1832 3209 1905 ἕτερα,
3239 1832 3537 1905 φληνάφως
3562 1833 3756 1898 αὐταῖς

474 1935 761 2007 nugatorie
786 1935 1145 1992 hisdutexere
1170 1934 1359 1992 miseri
1388 1951 1499 1991 non
1527 1935 1882 1990 erubescunt.
1908 1933 2057 2000 Quod

2166 1918 2591 1988 ὲπιπλέκοντες,
2629 1922 2730 1976 οὐκ
2759 1922 3086 2005 ὲρυθριῶσιν
3128 1927 3178 1978 οί
3210 1924 3462 1989 τάλανες.
3499 1925 3565 1978 Et
3593 1924 3653 1978 δὲ
3689 1925 3758 1998 δή

474 2028 521 2092 si
567 2027 711 2083 lunae
752 2028 947 2099 globus
981 2035 1151 2083 antea
1210 2027 1413 2098 plenus
1462 2028 1576 2100 jam
1625 2026 1693 2082 ad
1739 2027 2061 2083 decremen—

474 2126 591 2174 tum
616 2129 801 2191 vergat
821 2120 983 2191 207
1015 2119 1117 2192 (sic
1135 2120 1406 2191 enim-:per
1428 2129 1840 2176 menstruorum
1862 2118 2065 2189 spatio-

472 2224 596 2263 rum
630 2209 825 2264 orbem
861 2207 1168 2264 reﬂectitur
1198 2223 1349 2263 nunc
1389 2207 1739 2273 decrescens,
1772 2220 1924 2261 nunc
1958 2220 2060 2259 au-

470 2317 719 2373 gescens,
756 2308 819 2356 ut
857 2300 938 2357 illi
966 2300 1289 2357 fabricatori
1335 2300 1515 2355 visum
1562 2298 1693 2371 est),
1736 2304 1958 2354 cessant
1992 2295 2061 2351 ab

469 2393 618 2449 omni
643 2408 830 2464 opere,
854 2391 1229 2462 profectiones
1250 2391 1417 2446 etiam
1442 2391 1498 2445 in
1522 2390 1694 2445 alium
1719 2388 1866 2443 diem
1897 2401 2060 2457 pror-

468 2501 565 2542 sus
586 2485 862 2557 rejieiunt,
902 2482 1050 2553 quod
1090 2497 1217 2537 cum
1242 2497 1309 2537 eo
1353 2480 1535 2536 sidere
1559 2480 1795 2536 deﬁcere
1844 2484 2062 2533 nostras

468 2573 637 2627 etiam
680 2588 771 2629 res
792 2570 1150 2636 arbitrentur,
1181 2579 1238 2625 et
1267 2585 1393 2626 cum
1421 2569 1558 2624 illud
1606 2570 1673 2624 ad
1714 2567 2059 2623 imminutio-

381 2682 385 2687 '
468 2682 596 2722 nem
627 2666 788 2731 redit,
809 2666 1051 2720 humana
1073 2679 1295 2735 quoque
1321 2663 1485 2718 simul
1514 2662 1800 2717 tabescere
1837 2668 2055 2733 putent.

468 2758 547 2814 Ac
604 2756 821 2827 siquid,
879 2756 1101 2811 illorum
1178 2754 1473 2810 stultitiam
1523 2753 1829 2819 irridendo,
1872 2754 2060 2809 dicere

471 2848 554 2904 fas
588 2857 692 2913 est,
718 2848 773 2903 id
802 2854 1036 2918 pavent,
1076 2846 1227 2918 quod
1257 2846 1456 2901 ostreis
1489 2854 1546 2899 et
1585 2846 1834 2901 oleribus
1874 2846 2057 2901 infeli-

469 2940 707 2997 cissimis
734 2948 819 2996 est
852 2938 1377 3011 pertimescendum.
1442 2937 1769 3009 Hujusmodi
1822 2954 2059 3008 namque

469 3048 702 3105 corpora
734 3031 968 3087 fortasse
996 3041 1093 3087 aut
1131 3031 1301 3086 etiam
1328 3030 1536 3101 majora
1562 3044 1786 3100 quoque
1823 3045 1888 3084 ac
1916 3044 2056 3099 prae-

468 3125 735 3182 stantiora
762 3125 1007 3181 sinamus
1026 3132 1239 3179 natura
1254 3121 1308 3176 v-i
1332 3121 1578 3194 ejusdem
1596 3120 1904 3176 all'ectionis
1928 3136 2057 3176 seu-

467 3234 592 3275 sum
622 3218 927 3290 percipere,
958 3232 1023 3272 ea
1062 3217 1300 3282 ratione,
1332 3213 1528 3285 Opiﬁci
1558 3213 1813 3284 cognita:
1839 3212 2054 3267 lubrica

2171 2011 2266 2066 καὶ
2296 2013 2714 2087 ὑπονοστήσειεν
2751 2002 2847 2069 ἐπὶ
2873 2015 2935 2070 τὸ
2981 2019 3132 2087 μεῖον
3179 2018 3209 2071 ὀ
3255 2018 3386 2089 πρὶν
3439 2016 3759 2090 πλησιφαὴς

2164 2105 2242 2159 ὣν
2265 2106 2366 2178 ήδη
2394 2107 2493 2178 τῆς
2524 2108 2756 2180 σελήνης
2778 2108 3000 2177 κύκλος,
3020 2111 3358 2184 διατορνεύει
3390 2111 3500 2185 γὰρ
3523 2106 3627 2167 ὧδε
3646 2112 3759 2169 τῶν

2168 2202 2436 2273 μηνιαίων
2470 2201 2857 2272 διαστημάτων
2891 2201 2954 2255 τὸ
2990 2203 3360 2274 ἀνακύκλημα
3399 2202 3663 2272 φθίνουσά
3694 2220 3756 2258 τε

2164 2292 2258 2346 καὶ¹
2284 2289 2523 2356 αὔξουσα
2556 2291 2701 2345 κατά
2729 2307 2794 2360 γε
2821 2291 2884 2345 τὸ
2912 2293 3308 2365 τεχνησαμένῳ
3332 2293 3522 2349 δοκοῦν
3545 2312 3559 2327 ’
3584 2313 3757 2349 κατα-

2162 2384 2388 2457 λήγουσι
2420 2385 2521 2456 μὲν
2551 2383 2718 2456 ἔργον
2742 2385 2967 2450 παντὸς,
3000 2387 3383 2457 ὑπερτίθενται
3409 2387 3467 2441 δὲ
3493 2388 3586 2441 καὶ
3612 2390 3755 2442 ἀπο-

2160 2477 2365 2548 δημίας
2416 2478 2600 2543 πάντη
2652 2494 2714 2531 τε
2769 2477 2864 2530 καὶ
2910 2477 3128 2542 πάντως
3162 2477 3483 2548 συμφθίνειν
3518 2479 3755 2549 οἰόμενοι

2160 2568 2238 2640 τῷ
2289 2571 2544 2642 στοιχείῳ
2586 2568 2659 2623 τά
2689 2567 2813 2622 καθ’
2841 2570 2993 2639 ἡμᾶς
3017 2610 3031 2634 ,
3067 2568 3165 2622 καὶ
3206 2571 3327 2633 ταῖς
3358 2571 3441 2634 είς
3489 2569 3552 2623 τὸ
3599 2573 3754 2639 μεῖον

2162 2663 2534 2734 ύποστροφαῖς
2568 2660 3000 2733 συνεκτήκεσθαι
3027 2660 3099 2714 τά
3139 2661 3480 2733 ἀνθρώπινα.
3529 2663 3668 2717 Ἀλλ’
3704 2666 3754 2717 εἰ

2160 2755 2265 2825 χρή
2298 2771 2351 2807 τι
2370 2756 2491 2817 ταῖς
2522 2752 2747 2807 ἐκείνων
2769 2751 3087 2816 ἀσυνεσίαις
3110 2753 3530 2824 ὲπιμειδιῶντας
3554 2758 3753 2819 εἰπεῖν,

2159 2845 2250 2899 τὸν
2279 2844 2549 2917 ὀστρείοις
2581 2844 2871 2914 πρέποντα
2904 2845 2999 2898 καὶ
3039 2846 3153 2908 τοῖς
3187 2844 3296 2898 τῶν
3342 2845 3592 2917 λαχάνων
3623 2849 3754 2902 ἀτυ⁶

2160 2935 2442 3006 χεστάτοις
2491 2936 2823 3007 εἰσδέχονται
2864 2935 3050 3005 φόϐον.
3096 2935 3334 3008 Σὼματα
3387 2938 3486 3008 μὲν
3532 2939 3642 3011 γὰρ
3685 2941 3755 2994 τά

2158 3028 2338 3082 τοιάδε
2353 3026 2515 3099 τυχὸν
2534 3028 2703 3099 ἤγουν
2721 3026 2788 3081 τὰ
2809 3027 2889 3081 ἔτι
2916 3026 3088 3099 μείζω
3107 3046 3168 3081 τε
3191 3030 3288 3083 καὶ
3313 3031 3750 3102 προφερέστερα,

2159 3119 2417 3191 πασχέτω
2455 3119 2705 3190 φυσικῶς
2749 3119 2850 3191 τὴν
2888 3119 3266 3189 συναίσθησιν,
3302 3121 3426 3191 καθ’
3463 3120 3522 3174 ὃν
3551 3116 3689 3174 οἶδεν
3727 3124 3758 3175 ὁ

2159 3213 2504 3286 Δημιουργὸς
2544 3212 2726 3282 λόγον’
2765 3212 3073 3284 ἐπισφαλὴς
3107 3212 3215 3282 γὰρ
3247 3214 3305 3266 ὲν
3330 3212 3541 3276 τούτοις
3569 3215 3603 3284 ή
3651 3214 3751 3283 βά-

467 3288 704 3382 namque
724 3288 810 3364 est
833 3307 889 3362 in
914 3304 1234 3378 hujusmodi
1259 3303 1428 3360 rebus
1469 3303 1777 3375 inquisitio,
1802 3309 2053 3373 praestat-

2160 3321 2320 3369 σανος
2343 3345 2358 3370 ,
2394 3303 2489 3359 καὶ
2529 3304 2630 3358 οὐκ
2664 3304 2896 3376 ἀκερδὲς
2934 3305 2996 3357 τὸ
3045 3304 3361 3377 ἄπραγμον,
3409 3305 3646 3370 διανοίας
3690 3305 3748 3359 δὲ

464 3418 576 3475 que
613 3401 831 3457 curiose
876 3413 989 3453 non
1046 3396 1361 3467 inquirere;
1403 3402 1460 3449 at
1506 3403 1662 3450 certe
1694 3394 1763 3448 ab
1807 3394 2049 3448 humano

466 3496 651 3552 animo
674 3509 739 3548 ea
785 3506 875 3547 res
914 3488 1097 3545 aberit
1139 3504 1203 3542 ac
1243 3487 1404 3558 longe
1448 3493 1658 3542 remota
1712 3486 1842 3541 erit.
1888 3485 2047 3549 Nam,

465 3587 633 3643 etiam
643 3585 689 3639 si
726 3583 883 3640 sidus
902 3580 1040 3636 illud
1062 3578 1349 3635 decrescat
1373 3577 1536 3644 forte,
1564 3578 1649 3633 vir
1669 3584 1819 3632 certe
1838 3583 2050 3645 tempe-

467 3695 615 3743 rans,
632 3685 687 3733 et
712 3676 1032 3732 moderatus
1087 3671 1449 3743 nihilominus
1491 3670 1637 3725 idem
1683 3667 2048 3741 permanebit,

461 3786 648 3841 neque
689 3769 840 3824 illius
887 3766 1106 3821 animus
1150 3779 1258 3819 una
1302 3778 1427 3819 cum
1455 3763 1576 3834 ejus
1597 3762 1801 3819 sideris
1839 3760 2052 3833 fulgore

466 3863 770 3927 minuetur,
793 3873 977 3930 neque
1021 3857 1267 3928 ipsarum
1300 3870 1485 3911 rerum
1517 3862 1715 3910 natura
1752 3854 1807 3910 vi
1854 3853 2053 3910 sideris

464 3963 674 4021 coacta,
697 3953 766 4010 ad
788 3951 1095 4023 turpiorem
1137 3948 1494 4006 melioremve
1540 3955 1746 4002 statum
1781 3945 2054 4017 demigra-

466 4050 567 4105 bit.
594 4048 826 4117 Semper
853 4043 1003 4101 enim
1033 4041 1148 4098 fere
1170 4056 1288 4107 eos,
1315 4040 1412 4112 qui
1435 4040 1728 4112 praeclaras
1755 4055 1844 4095 res
1867 4053 2055 4110 gesse-

467 4147 633 4205 runt,
681 4134 1040 4207 consequitur
1080 4131 1329 4189 omnium
1374 4132 1646 4188 bonorum
1690 4130 1948 4201 adeptio,
1996 4136 2054 4184 et

464 4240 657 4289 contra
690 4230 975 4286 malorum.
995 4226 1264 4281 factorum
1287 4234 1541 4281 auctores
1560 4224 1784 4295 praemia
1818 4224 1926 4278 illis
1965 4221 2053 4277 di-

460 4324 725 4397 gnissima
791 4320 1146 4377 comitantur.
1190 4317 1360 4373 Miror
1402 4325 1609 4382 autem,
1663 4332 1805 4381 cur,
1858 4316 2053 4371 decre-

463 4426 652 4475 scente
675 4415 900 4486 quidem
932 4408 1084 4479 luna,
1111 4422 1169 4469 et
1193 4412 1261 4468 ad
1288 4409 1454 4466 ﬁnem
1476 4409 1680 4464 mensis
1700 4409 2052 4472 decurrente,

466 4510 665 4566 iisdem
701 4505 1044 4568 hominibus,
1095 4518 1221 4558 cum
1251 4502 1596 4557 feneratores
1621 4502 1753 4564 sint,
1785 4507 1843 4553 et
1881 4513 2052 4568 pecu-

2151 3396 2503 3469 ἀνθρωπίνης
2520 3396 2814 3469 ἀφεστήξει
2840 3398 2977 3452 πολὺ
3001 3398 3096 3452 καὶ
3124 3399 3345 3471 μακράν
3365 3416 3467 3453 που
3487 3398 3749 3470 τὺχρῆμα

2153 3490 2418 3546 κείσεται.
2466 3492 2532 3545 Et
2562 3490 2674 3563 γὰρ
2705 3490 2800 3544 καὶ
2825 3491 3003 3560 φθίνει
3028 3491 3189 3562 τυχὸν
3223 3493 3284 3545 τὸ
3313 3495 3595 3565 στοιχεῖον,
3630 3493 3776 3552 ἀλλ’,

2152 3584 2181 3636 ὅ
2196 3599 2261 3652 γε
2288 3582 2522 3655 σώφρων
2542 3583 2638 3636 καὶ
2661 3582 2909 3654 ἐμμελὴς
2923 3582 3075 3638 οὐδὲν
3096 3579 3266 3657 ἦττον
3297 3583 3450 3638 ἔσται
3479 3583 3744 3651 τοιοῦτος,

2153 3676 2248 3730 καὶ
2269 3677 2371 3730 οὐκ
2387 3674 2453 3730 ἂν
2471 3677 2589 3739 ταῖς
2619 3675 2831 3730 ἐκείνου
2862 3676 3141 3746 συνιζήσει
3169 3676 3369 3745 αὐγαῖς
3388 3676 3483 3730 ἐπὶ
3510 3676 3572 3729 τὸ
3596 3679 3750 3747 μεῖον

2154 3770 2183 3823 ὀ
2209 3767 2355 3835 νοῦς,
2399 3767 2507 3822 οὐδ’
2537 3766 2603 3821 ἂν
2644 3766 2934 3838 μεταθεῖτο
2972 3768 3081 3821 τῶν
3129 3767 3474 3838 πραγμάτων
3506 3768 3539 3839 ἡ
3583 3766 3748 3836 φύσις

2156 3859 2254 3914 ἐπὶ
2278 3860 2339 3914 τὺ
2370 3858 2581 3931 αἴσχιόν
2618 3858 2804 3923 τεκαὶ
2833 3859 3060 3929 ἄμεινον
3086 3861 3210 3923 ταῖς
3235 3858 3329 3913 τοῦ
3357 3859 3626 3931 στοιχείου
3659 3858 3751 3912 δυ-

2157 3953 2355 4025 νάμεσι
2392 3950 2915 4023 κατηναγκασμένη.
2986 3949 3098 4005 Ἀεὶ
3151 3952 3260 4024 γάρ
3294 3969 3413 4016 πως
3461 3968 3751 4024 συμπαρο-

2160 4048 2361 4119 μαρτεί
2384 4048 2499 4110 τοῖς
2541 4046 2638 4117 μὲν
2667 4044 2777 4099 τῶν
2802 4045 3043 4117 ἀρίστων
3074 4045 3429 4117 δημιουργοῖς
3456 4046 3518 4098 τὸ
3546 4045 3750 4116 χρῆναι

2161 4138 2490 4210 μεταλαχεῖν
2515 4138 2719 4201 παντὸς
2751 4137 2982 4207 ἀγαθοῦ,
3008 4140 3123 4202 τοῖς
3159 4155 3223 4208 γε
3252 4140 3361 4210 μὴν
3383 4137 3496 4191 τῶν
3523 4137 3750 4207 φαύλων

2157 4231 2456 4303 ἐργάταις,
2499 4230 2569 4285 τά
2616 4232 2801 4296 αὐτοῖς
2859 4231 2942 4304 ὅτι
2981 4230 3218 4303 μάλιστα
3271 4229 3743 4303 πρεπωδέστατα.

2157 4323 2437 4395 Θαυμάζω
2465 4324 2525 4378 δὲ
2562 4325 2643 4378 ὃτι
2674 4324 2971 4395 φθινούσης
3003 4322 3235 4396 σελήνης
3261 4363 3276 4388 ,
3315 4324 3412 4377 καὶ
3452 4325 3534 4387 είς
3564 4323 3626 4377 τὺ
3650 4325 3748 4378 τοῦ

2162 4414 2335 4486 μηνὸς
2358 4414 2691 4487 διερπούσης
2720 4415 2893 4481 τέλος,
2928 4416 3198 4486 χρήσταις
3234 4415 3334 4485 μὲν
3381 4408 3535 4468 οὖσιν
3560 4414 3749 4476 αὐτοῖς

2119 4528 2131 4545 ~
2159 4508 2254 4560 καὶ
2291 4508 2432 4576 ἄγαν
2475 4507 2947 4579 ἐρασιχρημάτοις
2987 4507 3313 4572 αὐξάνουσιν
3339 4507 3388 4560 οἱ
3424 4505 3576 4559 τόκοι
3598 4547 3612 4571 ,
3651 4509 3747 4560 καὶ

463 4602 682 4669 uiarum
710 4612 842 4653 sane
890 4594 1078 4664 cupidi
1102 4634 1117 4659 ,
1138 4664 1146 4671 ἢ
1169 4600 1452 4648 accrescat
1506 4588 1704 4655 lenus,
1748 4597 2053 4659 contraque

2160 4599 2428 4672 ἀδρότερα
2468 4599 2578 4653 τῶν
2625 4597 3012 4653 δεδανεικότων
3051 4600 3398 4655 ἀποτελεῖται
3444 4599 3517 4653 τά
3546 4599 3748 4670 βαλάνη

460 4700 716 4750 mutuum
748 4686 1086 4746 sumentium
1123 4699 1399 4755 crumena:
1422 4681 1662 4737 leviores
1695 4681 1860 4747 ﬁant;
1887 4689 2051 4737 caate-

461 4802 549 4843 ras
576 4799 739 4857 porro
769 4797 858 4838 res
880 4795 988 4836 una
1013 4794 1139 4834 cum
1163 4775 1342 4832 sidere
1365 4773 1682 4833 necessario
1707 4771 2049 4838 decrescere,

457 4894 524 4933 ac
554 4874 718 4932 simul
742 4872 882 4929 allici
902 4868 1091 4926 nescio
1117 4880 1355 4938 quonam
1389 4862 1553 4920 modo
1593 4862 1928 4934 putaverint.
1965 4863 2049 4918 An

459 4971 577 5026 haec
605 4982 716 5023 non
739 4967 885 5021 risus
910 4977 976 5018 ac
1000 4958 1249 5015 stultitim
1274 4957 1436 5028 plena
1461 4970 1583 5039 esse
1621 4953 1858 5011 allirmas
1884 4954 1908 5008 ?

528 5057 728 5113 PALL.
755 5053 991 5111 Maxime
1013 5065 1164 5106 vero.

525 5148 686 5204 (ΠΒ.
734 5143 841 5200 Sed
891 5139 1249 5219 opinionibus
1289 5138 1429 5194 adeo
1472 5135 1656 5192 stultis
1685 5135 1825 5192 velle
1868 5134 2046 5203 longis

459 5237 927 5311 disputationibus
949 5247 1279 5305 repugnare,
1304 5246 1509 5287 vanum
1535 5237 1642 5295 est,
1665 5245 1787 5291 mea
1818 5227 2043 5298 quidem

458 5331 729 5390 sententia
753 5326 1071 5384 :suntcnim
1092 5340 1191 5380 sua
1203 5330 1421 5394 sponte,
1445 5322 1612 5377 etiam
1635 5320 1787 5375 nullo
1801 5318 2041 5382 dicente,

459 5435 665 5497 turpes.
691 5423 990 5492 Pergamus
1012 5433 1162 5473 nunc
1187 5415 1258 5471 ad
1290 5414 1425 5476 illud
1466 5413 1670 5483 potius.

480 5516 484 5519 ’
526 5514 724 5572 PALL.
749 5510 1056 5579 Quodnam,
1086 5506 1258 5578 rogo?

526 5608 684 5666 ΟΥΕ.
717 5598 1042 5661 Abominari
1082 5597 1221 5652 mihi
1267 5595 1499 5651 Satanas
1525 5593 1747 5649 videtur
1789 5600 1848 5648 et
1881 5594 2045 5662 quin-

455 5711 573 5760 tum
603 5710 660 5756 et
686 5708 941 5755 octavum
987 5691 1167 5756 diem,
1207 5696 1265 5743 et
1308 5687 1463 5741 illum
1504 5702 1572 5742 ex
1612 5686 1778 5757 pleno
1837 5685 2047 5741 lumine

457 5795 601 5850 luna:
635 5806 950 5855 recessum,
992 5789 1076 5844 vel
1114 5786 1520 5860 conjunctionis
1559 5796 1798 5859 tempus,
1841 5787 1894 5842 id
1935 5795 2042 5856 cst,

533 5911 610 5986 (ι)
640 5910 775 5967 Cod.
806 5907 1011 5973 \'atié.,
1046 5906 1186 5961 ὀδοῦ.

2162 4711 2254 4747 τια
2270 4735 2284 4759 ,
2327 4691 2862 4764 συγκατισχνοῦσθαι
2887 4688 2945 4746 δὲ
2968 4693 3045 4765 τῷ
3073 4695 3324 4766 στοιχείῳ
3348 4694 3443 4749 καὶ
3467 4695 3748 4766 συναρῤωο

2162 4785 2309 4837 στεῖν
2342 4783 2660 4851 ἀναγκαίως
2683 4781 2754 4835 τά
2780 4781 2947 4853 ἕτερα
2974 4782 3084 4839 τῶν
3115 4784 3481 4857 πραγμάτων,
3509 4768 3611 4839 οὐκ
3647 4781 3748 4838 οἶδ’

2157 4876 2306 4938 ὅπως
2334 4872 2722 4945 ὑπειλήφασιν.
2751 4874 2823 4926 Ἦ
2855 4874 2957 4928 οὐκ
2996 4870 3136 4929 εἶναι
3173 4877 3283 4948 φὴς
3317 4875 3658 4945 γελοιότητός
3691 4893 3758 4931 τε

2158 4967 2253 5019 καὶ
2283 4964 2578 5029 ἀσυνεσίας
2616 4964 2838 5036 ἔμπλεω
2864 4967 3023 5020 ταυτί
3048 4985 3062 5032 ;

2227 5057 2434 5111 ΠΑΛΛ.
2472 5057 2624 5113 Πάνυ
2652 5057 2753 5129 μὲν
2786 5053 2898 5113 οὖν.

2226 5148 2390 5203 ΚΥΡ.
2416 5148 2491 5203 Τὸ
2522 5148 2622 5220 μὲν
2650 5150 2765 5214 τοῖς
2793 5150 2969 5216 οὕτως
2992 5151 3286 5224 φληνάφως
3306 5152 3745 5225 ὑπειλημμένοις

2157 5243 2402 5314 μακροὺς
2419 5242 2740 5313 ἀντεξάγειν
2766 5242 2980 5313 λόγους,
3016 5245 3226 5299 εἰκαῖον
3253 5238 3410 5316 οἶμαί
3431 5262 3554 5299 που.
3579 5246 3749 5298 Nocet

2153 5334 2260 5406 γὰρ
2297 5333 2360 5400 ἐξ
2405 5335 2636 5402 ἑαυτῶν,
2687 5335 2789 5390 κᾶν
2817 5337 2868 5389 εἰ
2906 5337 2985 5409 μή
3020 5354 3107 5402 τις
3150 5336 3333 5407 λέγοι,
3375 5338 3439 5391 τὸ
3485 5337 3742 5401 ἀκαλλὲς.

2159 5428 2357 5498 Ἴωμεν
2380 5428 2438 5481 δὲ
2468 5428 2668 5499 μᾶλλον
2696 5429 2782 5482 ἐπ’
2809 5429 2987 5483 ἐκεῖνο
3004 5430 3143 5484 νυνί.

2226 5512 2436 5566 ΠΑΛΛ.
2473 5512 2546 5566 Τὸ
2576 5514 2763 5579 ποῖον;
2875 5514 2891 5528 ⁸

2223 5603 2390 5660 ΚΥΡ.
2428 5606 2963 5677 Καταμυσάττεσθαί
2994 5625 3085 5680 μοι
3106 5609 3257 5662 δοκεῖ
3274 5609 3375 5678 τήν
3398 5625 3457 5662 τε
3483 5607 3744 5678 πέμπτην

2154 5696 2250 5751 καὶ¹
2286 5696 2478 5769 ὀγδόην
2513 5698 2728 5771 ἡμέραν
2752 5701 2782 5754 ὀ
2807 5701 3055 5765 Σατανᾶς
3073 5740 3087 5765 ,
3113 5701 3210 5757 καὶ
3232 5701 3335 5772 τὴν
3370 5700 3472 5773 τῆς
3513 5701 3745 5770 σελήνης

2154 5788 2218 5843 ὲκ
2245 5787 2590 5861 πλησιφαοῦς
2618 5789 2813 5846 ἀνόπιν
2837 5790 2977 5859 ὀδδν,
3005 5791 3125 5863 ἦτοι
3159 5791 3259 5863 τῆς
3288 5792 3509 5849 συνόδου
3541 5791 3617 5865 (1)
3649 5790 3742 5846 τὸν
