4104 6432
361 277 475 338 655

1090 284 1179 341 DE
1219 288 1663 349 ADORATIONE
1704 295 1770 351 IN
1808 296 2080 355 SPIRJTU
2121 300 2211 355 ET
2253 300 2624 357 VERITATE.
2660 300 2789 354 LIB.
2831 299 2918 354 VI.

3547 303 3651 357 466

359 395 588 468 καιρὸν,
616 398 889 466 τουτέστι,
919 399 1020 473 τὴν
1041 410 1669 484 τεσσαρεσκαιδεκάτην,
1694 414 1760 468 δι’
1780 415 1959 475 αἰτίαν

2068 418 2347 473 decimum
2367 417 2814 490 quartnmdietn,
2841 418 2914 473 ob
2940 433 3065 474 eam
3102 433 3325 474 causam
3361 439 3373 473 :
3398 421 3651 491 quamvis

352 487 650 559 τοιαύτην,
678 489 784 545 κᾶν
813 492 865 544 εἰ
889 496 1266 564 παμποίκιλος
1289 500 1366 556 ὢν
1404 504 1500 558 καὶ
1528 505 1725 577 δριμὺς
1753 509 1835 572 εἰς
1861 526 1960 562 κα-

357 580 668 651 κουργίαν,
709 582 906 655 ἑτέρας
946 588 1149 654 αὐτοῖς’
1177 592 1466 648 ἐπιπλέκει
1517 596 1618 661 τὰς
1662 598 1957 672 ἀφορμάς·

351 671 495 734 τοὺς
535 672 645 742 γάρ
674 690 759 727 τοι
790 678 1018 747 καιροὺς
1052 681 1172 752 ἤτοι
1198 683 1297 748 τὰς
1330 685 1568 759 ἡμέρας,
1594 690 1653 743 ὲν
1684 671 1961 755 αίςαύτὸν

351 763 465 855 τῆς
518 764 650 855 καθ’
677 766 835 837 ἡμῶν
874 772 1188 842 τυραννίδος
1221 776 1547 833 ἀπολισθεῖν
1586 782 1958 855 συμϐέϐηκεν,

352 853 784 926 ἐπιλάμψαντος
830 862 964 933 ἡμῖν
1007 863 1102 917 τοῦ
1157 867 1500 937 Μονογενοῦς
1550 873 1609 925 έν
1644 853 1962 948 ἀνθρωπεία

356 949 552 1018 μορφῇ
583 949 679 1003 καὶ
718 953 777 1004 ὲν
820 953 954 1007 εῖδει
984 956 1062 1027 τῷ
1105 957 1229 1012 καθ’
1254 960 1437 1031 ἡμᾶς,
1468 963 1611 1035 τάχα
1636 983 1739 1020 που
1778 967 1873 1021 καὶ
1901 969 1961 1023 ἐν

350 1036 553 1106 ψιλαῖς
582 1042 817 1109 ἐννοίαις
850 1046 992 1100 ἑλεῖν
1029 1049 1128 1103 οὐκ
1167 1050 1444 1123 ἀνέχεται.

434 1134 651 1189 ΠΑΛΛ.
686 1137 812 1202 Πῶς
833 1139 898 1211 δὴ
922 1142 1030 1214 φής
1048 1162 1063 1210 ἑ

433 1227 605 1281 ΚΥΡ.
639 1229 715 1283 Οὐ
736 1228 868 1303 γὰρ,
898 1226 944 1286 ὦ
967 1235 1257 1306 Παλλάδιε,
1285 1240 1537 1314 πέμπτος
1585 1243 1719 1314 ἡμῖν
1753 1244 1958 1316 ἀπαρι-

355 1317 388 1370 θ
398 1320 588 1389 μεῖται
612 1321 827 1391 καιρὸς,
852 1325 881 1378 6
903 1325 1002 1397 τῆς
1029 1328 1124 1382 τοῦ
1154 1330 1413 1405 Σωτῆρος
1447 1334 1605 1406 ἡμῶν
1631 1336 1960 1408 ἐπιδημίαςς

433 1411 652 1468 ΠΔΛΛ.
696 1415 929 1488 Συνίημι
973 1418 1001 1472 ὂ
1048 1421 1187 1494 φὴς,
1230 1424 1338 1480 ἀπό
1362 1443 1428 1495 γε
1473 1427 1576 1499 τῆς
1600 1429 1962 1501 εύαγγελικῆς

355 1503 709 1577 παραϐολῆς.
777 1507 1191 1581 Ἐξεληλυθέναι
1236 1516 1346 1589 γὰρ
1393 1517 1501 1590 ἔφη
1547 1520 1816 1592 Χριστὸς,
1868 1521 1961 1576 τδν

352 1594 479 1685 τοῖς
510 1595 775 1666 ἐργάταις
808 1601 890 1664 είς
921 1602 1012 1656 τὸν
1044 1604 1345 1676 ἀμπελῶνα
1391 1609 1776 1683 μισθούμενον,
1832 1613 1962 1685 περὶ

355 1682 521 1753 ὤραν
543 1685 792 1761 πρώτην,
827 1692 1022 1766 τρίτην
1057 1713 1117 1750 τε
1151 1699 1246 1753 καὶ
1271 1700 1459 1773 ἕκτην,
1494 1704 1841 1778 καὶέννάτην
1867 1682 1962 1761 καὶ

2064 516 2127 565 ut
2151 517 2236 566 est
2255 510 2444 566 varius
2467 518 2525 566 et
2547 526 2676 567 acer
2704 509 2775 566 ad
2814 510 3073 565 astutiam
3095 550 3109 577 ,
3142 509 3282 566 alias
3318 510 3427 566 illis
3459 526 3653 567 causas

2063 609 2252 658 nectat
2278 620 2290 656 :
2321 618 2450 657 nam
2479 611 2730 673 tempora
2770 609 2867 657 aut
2891 602 3031 669 dies,
3070 602 3276 672 quibus
3301 602 3481 673 ipsum
3505 618 3537 659 e
3568 611 3653 675 ty-

2064 694 2319 761 rannide,
2343 710 2452 765 qua
2475 694 2637 751 nobis
2658 694 3068 761 dominabatur,
3090 694 3377 751 deturbari
3399 682 3652 774 contigit,

2064 801 2192 842 cum
2218 786 2311 843 ille
2338 784 2668 858 Unigenitus
2692 786 2752 841 in
2774 786 3015 843 humana
3034 786 3216 844 forma
3236 795 3294 845 et
3323 787 3507 859 specie
3549 804 3652 844 no-

2064 880 2169 935 stri
2199 879 2369 936 simili
2394 879 2559 935 uobis
2576 878 2897 945 aﬂulsisset,
2918 879 3153 937 fortasse
3178 895 3250 937 ne
3272 879 3509 953 simplici
3527 879 3651 951 qui-

2064 973 2192 1031 dem
2231 972 2563 1045 cogitatione
2584 970 2876 1043 complecti
2896 974 3151 1029 sustinet.

2135 1155 2303 1228 208
2323 1153 2522 1212 PALL.
2550 1152 2840 1221 Quomodo
2878 1150 3026 1213 istud
3064 1152 3302 1210 asseris?

2136 1246 2297 1303 CYR.
2326 1246 2544 1314 Nonne,
2566 1244 2797 1310 Palladi,
2821 1243 3017 1318 quinto
3039 1243 3162 1300 loco
3183 1260 3216 1299 a
3249 1244 3412 1300 nobis
3440 1251 3656 1315 tempus

2065 1339 2201 1396 illud
2228 1345 2576 1403 numeratur,
2601 1352 2712 1408 quo
2735 1335 2985 1392 Salvator
3016 1342 3205 1391 noster
3234 1335 3502 1392 advenit?

2137 1429 2337 1486 PALL.
2370 1429 2622 1501 Intelligo
2640 1443 2722 1484 ex
2748 1428 2841 1484 illa
2863 1426 3149 1499 Evangelii
3166 1426 3447 1498 parabola.
3466 1427 3656 1482 Exissc

2064 1524 2212 1580 enim
2236 1522 2314 1577 ait
2344 1521 2621 1587 Christus,
2673 1535 2825 1586 eum,
2873 1519 2970 1591 qui
3017 1518 3301 1593 operarios
3325 1516 3395 1572 ad
3439 1516 3654 1573 vineam

2065 1614 2414 1671 conducebat
2443 1613 2595 1669 circa
2618 1613 2816 1670 horam
2838 1612 3101 1685 primam,
3140 1604 3384 1677 tertiam,
3423 1618 3653 1669 sextam.

2064 1722 2267 1762 nonam
2295 1714 2352 1762 et
2376 1705 2746 1772 undecimam,
2766 1704 2823 1762 id
2837 1713 2944 1771 est,
2964 1711 3219 1761 extremo
3235 1710 3506 1774 tempore,
3530 1716 3658 1757 cum

356 1778 688 1852 ἑνδεκάτην,
718 1785 1031 1855 τουτέστιν,
1062 1788 1121 1843 ἐν
1146 1790 1223 1862 τῷ
1261 1794 1562 1868 τελευταίῳ
1591 1796 1800 1871 καιρῷ,
1836 1797 1957 1853 καθ’

2068 1798 2185 1870 ipse
2205 1798 2465 1870 apparuit
2494 1805 2551 1855 et
2574 1770 2781 1855 affulsit
2797 1770 2981 1856 nobis.

355 1870 423 1923 ὃν
452 1874 705 1947 ἐπεφάνη
735 1893 796 1929 τε
831 1879 927 1931 καὶ
959 1880 1281 1955 ἐπέλαμψεν
1306 1886 1460 1958 ἡμῖν.

439 1967 609 2024 ΚΥΡ.
662 1970 1080 2043 Νουνεχέστατά
1111 1993 1176 2046 γε
1212 1980 1307 2033 καὶ
1344 1980 1465 2035 λίαν
1496 1981 1674 2053 ὀρθῶς
1705 1984 1956 2059 εἴρηκας.

357 2062 431 2115 Τί
464 2062 554 2139 δέ;
596 2064 717 2135 οὐχὶ
744 2069 810 2139 τῇ
850 2068 1079 2144 πέμπτῃ
1108 2072 1206 2127 τοῦ
1245 2075 1531 2131 Σαϐϐάτου
1558 2078 1958 2151 παραδεδόσθαι

360 2155 557 2224 φαμὲν
594 2156 783 2222 αὑτὸν,
826 2160 921 2213 καὶ
962 2163 1048 2226 εἰς
1080 2164 1259 2236 ἀρχὰς
1301 2166 1495 2240 ὥσπερ
1520 2169 1676 2241 ἥκειν
1701 2172 1798 2243 τῆς
1831 2170 1959 2241 ὅλης

355 2247 709 2320 οἰκονομίας,
739 2250 807 2305 δι’
835 2245 904 2325 ἧς
931 2255 982 2307 οἱ
1011 2255 1213 2322 πάντες
1239 2260 1674 2333 άνασεσώσμεθα
1692 2304 1706 2329 ,
1736 2264 1829 2318 τὸν
1853 2283 1960 2320 σω-

353 2339 556 2411 τήριον
584 2341 730 2414 ὑπὲρ
766 2344 926 2415 ήμῶν
962 2346 1290 2415 ἀνατλάντος
1323 2353 1557 2425 σταυῷν
1582 2353 1677 2409 τοῦ
1717 2356 1783 2409 δι’
1810 2359 1959 2429 ἡμᾶς

355 2433 861 2506 ὲνηνθρωπηκότος
883 2455 897 2503 ;

436 2525 653 2583 IIAAA.
686 2527 797 2580 Καὶ
824 2527 989 2599 μάλα.

436 2616 605 2669 ΚΥΡ.
644 2618 984 2691 Κατήργηκε
1014 2621 1071 2675 δὲ
1103 2623 1195 2677 τὸν
1230 2623 1481 2691 θάνατον,
1508 2629 1602 2683 καὶ
1632 2629 1833 2683 ἀνεϐίω
1858 2630 1960 2684 πά-

352 2708 470 2773 λιν,
512 2707 824 2775 σκυλεύσας
848 2711 941 2767 τὸν
966 2712 1120 2787 ᾅδην,
1155 2717 1255 2770 οὐκ
1280 2718 1337 2772 έν
1363 2720 1547 2795 ὀγδόῃ,
1586 2723 1858 2790 τουτέστι,
1890 2727 1959 2796 τῇ

359 2801 471 2871 μιᾷ
488 2800 603 2854 τῶν
630 2800 926 2857 Σαϐϐάτων
940 2845 954 2870 ,

437 2893 651 2948 ΠΑΛΛ.
682 2895 799 2949 Οὐκ
827 2897 1155 2968 ἀμφίϐολον.

438 2982 607 3037 ΚΥΡ.
644 2986 757 3039 Καὶ
786 2984 918 3056 γοῦν
940 2990 969 3041 ὁ
996 2989 1167 3046 πάλαι
1197 2991 1362 3063 νόμος
1394 2995 1494 3066 τὴν
1517 2996 1576 3050 ὲν
1607 2997 1772 3071 σαρκὶ
1801 3016 1961 3071 περι-

355 3073 564 3144 τομὴν,
597 3073 953 3131 ύποτύπωσίν
996 3097 1122 3135 τινα
1154 3080 1257 3153 τῆς
1285 3084 1343 3137 ὲν
1388 3084 1666 3158 πνεύματι
1699 3088 1796 3141 καὶ
1824 3090 1960 3161 ἀλη-

358 3165 513 3236 θείᾳ,
547 3165 808 3222 διετύπου
841 3169 1185 3242 πράττεσθαι
1228 3174 1372 3228 κατὰ
1402 3174 1503 3248 τὴν
1534 3177 1751 3250 ὀγδόην.
1794 3179 1964 3252 Περι-

355 3258 511 3330 τομὴ
542 3258 598 3313 δέ
626 3276 690 3329 γε
733 3260 837 3333 τῆς
886 3263 1124 3336 ἀρχαίας
1180 3268 1464 3341 ὲκείνηςή
1516 3272 1963 3345 προφερεστέρα,

356 3350 686 3422 τουτέστιν,
730 3355 764 3425 ή
808 3355 866 3408 ὲν
896 3357 1197 3428 πνεύματι,
1252 3360 1574 3432 Πνεύματός
1613 3364 1764 3418 ἐστιν
1805 3365 1966 3432 ἁγίου

362 3442 610 3513 μέθεξις,
639 3446 734 3498 καὶ
767 3447 929 3520 χάρις
966 3451 1000 3522 ή
1030 3450 1089 3503 ὲν
1130 3451 1348 3524 ἀρχαῖς,
1391 3452 1482 3525 ἢν,
1511 3455 1744 3528 ἐπείπερ
1782 3459 1848 3513 ὲκ
1875 3475 1966 3512 νε-

357 3538 518 3609 κρῶν
561 3540 788 3604 ἀνεϐίω,
840 3541 1006 3597 πάλιν
1055 3545 1406 3602 άνεκαίνισεν
1458 3549 1593 3619 ἡμῖν
1637 3552 1665 3603 6
1694 3550 1963 3622 Χριστὸς,

356 3631 544 3701 λέγων
566 3648 579 3663 ·
618 3652 637 3685 ι
675 3633 890 3688 Λάϐετε
915 3636 1144 3709 Πνεῦμα
1172 3638 1352 3710 ἅγιον.
1394 3660 1414 3694 ι
1455 3643 1599 3716 Ἔφη
1636 3644 1695 3698 δέ
1735 3663 1838 3699 που
1868 3646 1966 3700 καὶ¹

356 3725 390 3778 6
434 3725 707 3798 μακάριος
758 3727 1007 3793 Παῦλος,
1040 3730 1122 3784 ὅτι
1175 3751 1195 3784 ι
1258 3732 1332 3786 Τδ
1365 3732 1559 3806 Πάσχα
1606 3736 1765 3808 ήμῶν
1798 3736 1962 3811 ἐτύθη

358 3817 625 3885 Χριστός.
669 3837 688 3871 ι
731 3819 947 3893 Ἡμέρα
971 3838 1036 3890 γε
1066 3822 1176 3895 μὴν
1208 3824 1307 3896 τῆς
1334 3827 1608 3899 σωτηρίου
1638 3828 1841 3900 ταύτης
1870 3830 1966 3883 καὶ

362 3909 709 3965 πολυεύκτου
765 3912 1008 3984 σφαγῆς,
1045 3915 1078 3986 ή
1119 3916 1261 3971 κατὰ
1300 3916 1533 3990 σελήνην
1569 3936 1963 3993 τεσσαρεσκαι·-

357 4001 586 4072 δεκάτη.
625 4001 784 4058 Οὕτω
814 4004 911 4058 καὶ
937 4006 966 4059 ὁ
999 4005 1164 4077 νόμος
1200 4011 1479 4080 προανεκή
1491 4028 1681 4083 ρυττεν
1717 4013 1963 4085 ἐναργῶς

356 4093 464 4164 τῆς
491 4091 587 4147 τοῦ
615 4094 871 4168 Σωτῆρος
900 4096 1061 4168 ήμῶν
1101 4101 1320 4173 σφαγῆς
1347 4100 1441 4156 τὸν
1475 4102 1687 4175 καιρὸν,
1722 4103 1790 4176 ἦν
1820 4104 1963 4177 ὑπὲρ

352 4187 463 4258 τῆς
487 4186 585 4242 τοῦ
615 4189 824 4261 κόσμου
860 4187 1009 4260 ζωῆς
1041 4190 1534 4265 ὑπομεμενηκέναι
1569 4195 1751 4266 φαμὲν
1774 4197 1958 4252 αὐτόν·

362 4298 383 4331 ι
423 4278 506 4351 Τῇ
545 4279 655 4351 γὰρ
683 4279 908 4352 δεκάτῃ,
942 4281 1098 4354 φησὶ,
1140 4281 1237 4336 τοῦ
1261 4282 1434 4355 μηνὸς
1463 4283 1560 4338 τοῦ
1587 4286 1830 4357 πρώτου,
1862 4287 1960 4343 λα-

355 4369 611 4423 ϐέτωσαν
629 4371 845 4435 ἑαυτοῖς
872 4372 1147 4444 πρόϐατον
1169 4374 1292 4426 κατ’
1320 4374 1529 4438 οἴκους,
1557 4379 1679 4429 κατ’
1701 4377 1958 4450 ἀριθμὸν,

2137 1979 2297 2036 CYR.
2334 1979 2778 2037 Prudentissime
2806 1980 3035 2052 quidem
3060 1995 3127 2036 ac
3173 1978 3487 2037 rectissime
3513 1976 3657 2034 dixi-

2067 2073 2157 2128 sti.
2183 2071 2325 2141 Quid
2339 2088 2509 2144 porro
2524 2073 2546 2127 ?
2560 2088 2745 2130 nonne
2765 2073 2960 2145 quinta
2979 2070 3207 2128 Sabbati
3229 2070 3492 2127 traditum
3539 2085 3661 2125 esse

2068 2167 2224 2221 illum
2262 2166 2530 2234 dicimus,
2554 2181 2622 2223 ac
2649 2166 2804 2222 velut
2840 2165 2911 2223 ad
2949 2163 3109 2223 initia
3133 2165 3455 2239 pervenisse
3490 2163 3662 2219 totius

2066 2258 2514 2331 dispensationis,
2539 2275 2642 2333 per
2679 2274 2845 2332 quam
2889 2259 3150 2315 omnibus
3187 2257 3350 2316 nobis
3382 2265 3469 2313 est
3504 2266 3657 2328 parta

2066 2353 2235 2419 salus,
2263 2367 2387 2409 cum
2410 2362 2639 2425 propter
2660 2367 2767 2409 nos
2786 2351 2953 2408 homo
2967 2349 3167 2417 factus,
3188 2365 3413 2407 crucem
3437 2365 3536 2421 pro
3557 2365 3658 2408 no-

2067 2444 2154 2499 bis
2179 2445 2479 2501 salutarem
2503 2442 2770 2516 pertulit?

2138 2535 2339 2592 PALL.
2371 2536 2606 2592 Maxime
2635 2550 2794 2593 vero.

2136 2628 2296 2686 CYR.
2326 2630 2559 2686 Mortem
2587 2644 2754 2701 porro
2784 2642 2971 2686 nonne
3011 2623 3309 2691 destruxit,
3342 2634 3530 2695 atque,
3573 2622 3660 2676 in-

2068 2721 2203 2778 feris
2237 2721 2581 2793 exspoliatis,
2613 2720 2817 2778 revixit
2842 2719 3048 2777 iterum
3080 2725 3281 2776 octavo
3308 2714 3428 2784 die,
3466 2711 3528 2770 id
3551 2718 3683 2779 est,

2069 2832 2178 2871 una
2209 2813 2630 2871 Sabbatorum?

2140 2906 2341 2963 PALL.
2368 2908 2594 2965 Minime
2616 2906 2675 2963 id
2694 2905 2921 2979 quidem
2941 2905 3301 2977 ambiguum.‘

2138 2998 2297 3055 CYR.
2322 2997 2637 3067 Quinetiam
2676 2998 2906 3070 antiqua
2943 2999 3035 3054 les
3072 2995 3556 3054 circumcisionem
3592 2994 3662 3050 il-

2069 3090 2178 3145 lam
2225 3091 2285 3146 in
2317 3107 2504 3157 carne,
2544 3106 2668 3162 quae
2712 3089 2921 3161 efﬁgies
2956 3089 3209 3161 quadam
3250 3086 3564 3146 essetillius
3606 3086 3662 3140 in

2070 3180 2271 3252 spiritu
2291 3188 2350 3236 et
2388 3182 2625 3238 veritate
2669 3180 3135 3248 circumcisionis,
3168 3178 3432 3250 praecepit
3469 3182 3665 3233 octavo

2069 3272 2160 3329 die
2187 3272 2328 3329 ﬁeri.
2350 3272 2720 3330 Circumcisio
2746 3280 2933 3330 autem
2956 3271 3134 3329 veteri
3174 3271 3268 3326 illa
3289 3267 3660 3342 praestantior,

2068 3366 2207 3432 haec,
2239 3365 2488 3436 inquam,
2523 3365 2583 3420 in
2605 3363 3036 3436 spiritu,sancti
3058 3361 3411 3434 Spiritusest
3432 3358 3661 3431 partici—

2066 3457 2238 3529 patio,
2267 3463 2324 3512 et
2348 3456 2527 3529 gratia
2550 3456 2666 3522 illa,
2706 3471 2872 3528 quam
2919 3455 2978 3512 in
2998 3453 3231 3512 exordio
3254 3452 3661 3515 habneramus;

2066 3564 2254 3621 quam,
2278 3548 2378 3605 ubi
2402 3565 2433 3605 e
2460 3547 2698 3605 mortuis
2716 3548 2919 3605 revixit
2951 3545 3443 3612 Christus,denuo
3475 3542 3660 3606 nobis,

2067 3640 2443 3708 instauravit,
2514 3641 2763 3698 dicens:
2825 3660 2845 3694 ι
2881 3639 3133 3712 Accipite
3204 3637 3474 3711 Spiritum
3535 3652 3663 3692 san-

2068 3743 2221 3791 ctum
2242 3734 2309 3790 ".
2341 3754 2362 3789 ι
2390 3733 2543 3790 Dixit
2564 3733 2735 3790 etiam
2757 3733 2959 3790 beatus
2981 3732 3185 3790 Paulus
3211 3749 3225 3786 :
3259 3750 3277 3782 ‹
3307 3729 3519 3786 Pascha
3560 3744 3663 3784 no—

2065 3836 2266 3893 strum,
2292 3827 2612 3884 immolatus
2640 3836 2729 3883 est
2750 3825 3090 3882 Christus".
3128 3843 3148 3877 ι
3177 3824 3307 3880 Dies
3348 3831 3530 3879 autem
3559 3837 3664 3876 nu—

2059 3920 2153 3991 jus
2183 3920 2444 3976 salutaris
2485 3927 2543 3976 et
2571 3917 3002 3991 exoptatissima!
3032 3915 3425 3973 immolationis
3464 3924 3551 3969 est
3574 3913 3663 3968 illa

2064 4023 2133 4064 ex
2157 4008 2303 4064 lunae,
2317 4024 2485 4065 cursu
2510 4006 2946 4079 quartadecima.
2977 4006 3061 4061 Ita
3103 4006 3194 4060 lex
3213 4018 3437 4075 quoque
3470 4010 3665 4074 aperte

2065 4099 2403 4171 praedicavit.
2432 4098 2733 4156 salvatoris
2786 4097 2966 4155 nostri
3020 4094 3414 4152 immolationis
3469 4093 3617 4149 diem
3646 4134 3661 4155 ,

2064 4206 2232 4262 quam
2277 4191 2437 4246 illum
2461 4205 2565 4263 pro
2589 4188 2784 4245 mundi
2822 4189 2957 4261 vita,
2995 4185 3327 4243 susﬁnuisse
3369 4183 3607 4239 dicimus
3647 4201 3659 4234 :

2072 4301 2091 4335 ι
2129 4281 2353 4338 Decima
2378 4281 2548 4348 enim,
2580 4280 2901 4353 inquit,_die
2938 4278 3146 4335 mensis
3176 4277 3344 4349 primi
3388 4275 3663 4346 accipiant

2064 4373 2170 4429 sibi
2194 4388 2352 4428 ovem
2378 4388 2479 4444 per
2505 4371 2730 4439 domos;
2766 4373 2923 4444 juxta
2948 4384 3267 4435 numerum,
3306 4368 3509 4439 inquit,
3539 4367 3655 4423 auio

356 4461 517 4531 φησι,
553 4460 735 4533 ψυχῆς
762 4462 1078 4528 συλλέξουσι
1099 4504 1114 4530 ,
1165 4464 1260 4518 καὶ
1305 4462 1460 4519 ἔσται
1495 4465 1959 4539 διατετηρημένον

2066 4479 2168 4519 mae
2191 4463 2471 4535 colligent,
2497 4471 2555 4519 et
2590 4463 2902 4520 servabitur
2928 4478 3103 4534 usque
3136 4460 3207 4518 ad
3244 4460 3661 4533 quartumdcci-

353 4554 465 4616 ἕως
500 4552 602 4622 τῆς
632 4555 1242 4628 τεσσαρεσκαιδεκάτης
1281 4555 1376 4610 τοῦ
1409 4556 1576 4629 μηνὸς
1606 4557 1822 4626 τούτου,
1861 4563 1956 4616 καὶ

356 4645 662 4715 σφάξουσιν
704 4648 869 4703 αὐτὸν
900 4649 1039 4720 πρὸς
1067 4649 1310 4721 ἑσπέραν
1343 4651 1454 4704 πᾶν
1492 4650 1555 4703 τὸ
1588 4649 1795 4722 πλῆθος
1838 4652 1955 4707 τῶν

353 4736 493 4792 υἱῶν
540 4740 782 4812 Ἰσραήλ.
820 4760 839 4793 ι
888 4741 1140 4807 ’Δκούεις
1168 4743 1318 4808 ὅπως
1339 4744 1448 4799 ἀπὸ
1468 4744 1701 4816 δεκάτης
1724 4744 1951 4817 ληφθὲν,

351 4832 437 4894 εἰς
469 4832 1076 4905 τεσσαρεσκαιδεκάτην
1122 4824 1457 4905 ἐφυλάττετο
1506 4837 1622 4900 τοῖς
1678 4836 1848 4890 πάλαι
1893 4836 1955 4890 τὸ

353 4924 583 4993 ἱερεῖον,
632 4922 722 4975 ἵνα
762 4923 856 4977 τὸν
900 4924 1156 4996 πέμπτον
1206 4928 1408 4999 νοήσῃς
1446 4926 1660 4999 καιρὸν,
1718 4925 1843 4981 καθ’
1895 4927 1955 4983 ὃν

350 5014 652 5085 γενόμενος
680 5013 972 5088 ἄνθρωπος
998 5016 1088 5070 τὸν
1111 5017 1251 5093 ὑπὲρ
1279 5017 1438 5090 ἡμῶν
1460 5017 1673 5089 ὑπέστη
1703 5018 1954 5083 θάνατον,

348 5108 659 5179 φθινούσης
692 5108 795 5180 ήδη
837 5108 941 5180 τῆς
970 5109 1224 5181 σελήνης,
1256 5111 1291 5183 ἢ
1332 5110 1429 5165 καὶ
1479 5112 1560 5177 είς
1592 5112 1769 5183 ἀρχὰς
1796 5111 1955 5166 τέτα-

349 5218 483 5254 κται
509 5201 609 5272 τῆς
636 5200 835 5264 νυκτός
861 5218 875 5268 ;
905 5202 1223 5275 Μυστηρῐου
1248 5203 1305 5257 δὲ
1338 5204 1400 5257 τὸ
1424 5206 1613 5276 χρῆμα
1638 5204 1830 5271 τύπος,
1862 5207 1957 5259 καὶ

348 5294 771 5366 ὑποσημαίνειν
796 5293 973 5349 ἔοικεν
1002 5295 1220 5368 ἰσχνῶς,
1238 5298 1336 5369 τῆς
1354 5296 1449 5351 τοῦ
1474 5297 1725 5352 διαϐόλου
1752 5298 1956 5353 πλεον-

348 5386 501 5453 εξῖας
566 5387 669 5459 τὴν
717 5388 912 5443 ἀνόπιν
958 5390 1098 5456 ὁδὸν,
1146 5392 1237 5445 καὶ
1277 5393 1572 5447 κατάδυσιν
1623 5392 1813 5466 ὥσπερ
1853 5396 1951 5464 τὴν

347 5481 494 5536 κατὰ
532 5480 711 5553 βραχῦ
749 5481 888 5552 πρὸς
936 5482 999 5536 τό
1042 5483 1237 5538 άναλκι
1286 5487 1379 5539 καὶ
1425 5486 1660 5540 είσάπαν
1692 5485 1945 5549 ἀσθενές.

346 5574 592 5646 Σελήνης
623 5573 681 5627 δέ
713 5592 829 5639 πως
854 5575 1042 5647 ἐπέχει
1070 5575 1259 5629 τύπον.
1301 5578 1364 5630 Ἀ
1377 5595 1494 5649 ρχει
1530 5578 1639 5649 γὰρ
1662 5579 1756 5631 καὶ
1786 5577 1950 5642 αὐτὸς

427 5753 654 5810 "Joan.
684 5771 773 5818 xx,
811 5753 900 5807 9‘2.
993 5754 1081 5808 ⁸⁷1
1125 5754 1250 5809 Cor.
1302 5770 1353 5817 γ,
1399 5755 1447 5807 7.

2065 4570 2218 4609 mum
2256 4553 2467 4609 mensis
2507 4553 2675 4629 hujus
2702 4553 2874 4620 diem,
2899 4560 2957 4609 et
2994 4551 3365 4623 immolabunt
3402 4551 3550 4609 illam
3594 4551 3659 4606 ad

2063 4662 2353 4718 vesperam
2375 4646 2558 4702 omnis
2585 4646 2886 4703 multitudo
2906 4646 3149 4703 ﬁliorum
3170 4645 3341 4701 Israel
3360 4644 3428 4698 ’⁸.
3450 4664 3468 4696 ι
3492 4643 3665 4700 Audis

2063 4756 2095 4795 a
2123 4739 2335 4795 decima
2358 4738 2448 4794 die
2470 4747 2747 4811 sumptam
2769 4739 3052 4795 victimam
3084 4754 3261 4810 usque
3285 4738 3343 4793 in
3377 4747 3664 4809 quartum—

2064 4835 2343 4891 decimum
2395 4833 2543 4889 diem
2568 4832 2779 4889 servari
2802 4849 2833 4888 a
2856 4832 3143 4889 veteribus
3182 4830 3292 4886 illis
3322 4838 3385 4911 ut
3404 4831 3660 4901 quintum

2064 4927 2340 4999 intelligas
2365 4935 2604 4998 tempus,
2628 4941 2739 4997 quo
2764 4925 2947 4981 factus
2986 4925 3174 4989 homo,
3205 4923 3353 4978 illam
3377 4939 3478 4994 pro
3502 4922 3663 4978 nobis

2058 5027 2293 5075 mortem
2312 5019 2561 5090 pertulit,
2581 5017 2939 5074 decrescente
2961 5016 3074 5087 jam
3100 5016 3255 5081 luna,
3282 5030 3405 5086 quae
3444 5014 3513 5069 ad
3555 5030 3658 5071 no-

2057 5114 2161 5169 ctis
2186 5114 2482 5184 imperium
2505 5112 2751 5184 perfecta
2772 5111 2894 5167 est?
2909 5111 3040 5165 Erat
3063 5118 3246 5165 autem
3271 5124 3332 5165 ea
3348 5124 3438 5164 res
3458 5116 3663 5181 mystc-

2057 5207 2124 5261 rii
2148 5206 2343 5277 ﬁgura,
2369 5214 2426 5261 et
2450 5204 2731 5261 subtiliter
2746 5202 3062 5275 significare
3085 5200 3309 5256 videtur
3324 5199 3467 5267 fore,
3494 5201 3660 5273 209

2056 5307 2117 5357 ut
2141 5299 2344 5355 diaboli
2377 5298 2809 5372 tyrannicusille
2833 5297 3152 5353 dominatus
3179 5303 3328 5353 retro
3366 5296 3660 5368 sublapsus

2064 5393 2393 5457 referretur,
2426 5409 2490 5447 ac
2516 5392 2720 5447 sensim
2761 5389 3139 5447 inﬁrmitatem
3183 5397 3351 5462 atque
3385 5390 3660 5462 impoten—

2059 5488 2189 5542 tiam
2219 5488 2451 5543 subiret.
2500 5488 2550 5542 ls
2599 5502 2765 5557 porro
2810 5486 2954 5541 lunae
2979 5482 3387 5556 quodammodo
3428 5481 3656 5556 ﬁguram

2059 5579 2328 5643 sustinet;
2375 5594 2500 5632 nam
2543 5577 2658 5647 ipse
2712 5579 2861 5634 nocti
2917 5579 3175 5649 imperat,
3218 5577 3272 5634 id
3314 5584 3418 5642 est,
3447 5576 3533 5640 iis,
3561 5577 3654 5646 qui

1530 5755 1575 5784 ³³³
1622 5754 1795 5808 lisml.
1848 5754 2087 5815 ut,5-3.
