4104 6474
457 338 560 392 £67

1485 341 1542 400 ὃ.
1580 338 1856 393 CYRILLI
1894 337 2362 394 ALEXANDRINI
2403 330 2723 393 ARCHIEP'

3611 337 3713 393 668

452 461 581 507 sunt
603 450 659 507 in
685 453 946 521 tenebris,
973 464 1029 509 et
1054 454 1235 509 adhuc
1257 450 1578 519 dannltant,
1602 462 1660 509 et
1682 452 1883 509 divinae
1940 468 2031 508 co-

2146 454 2232 526 τῆς
2255 455 2468 525 νυκτὸς,
2493 454 2764 520 τουτέστι,
2787 453 2895 508 τῶν
2919 454 2977 508 ἐν
3000 452 3182 506 σκότει
3214 452 3309 506 καὶ
3339 451 3716 517 νυσταζόντων

451 542 719 613 gnitionis
749 544 959 599 lumine
987 553 1180 598 carent
1206 561 1219 597 :
1242 558 1363 599 esse
1407 551 1593 599 autem
1635 543 1788 599 hunc
1818 558 2031 599 morem

453 636 756 706 Scriptura:
776 634 1043 690 divinitus
1065 634 1365 705 inspirata,
1379 641 1443 689 ut
1460 633 1612 690 nocti
1631 641 1915 705 comparet
1944 648 2033 688 er-

457 727 695 781 rantium
713 740 956 797 gregem,
983 725 1113 781 audi
1136 725 1269 796 quid
1294 725 1444 782 dicat
1478 727 1726 782 omnium
1766 725 2033 781 Dominus

452 818 676 884 Judaais,
710 831 837 873 cum
864 817 1060 874 civitas
1085 817 1180 872 illa
1201 817 1504 873 Jerusalem
1530 817 1599 874 ad
1622 817 1769 873 idola
1803 817 2032 873 colenda

452 910 770 967 revertisset
810 929 824 965 :
862 930 880 964 ι
910 910 1071 967 Nocti
1097 910 1396 966 assimilavi
1434 918 1672 966 matrem
1718 916 1913 965 tuam:
1951 909 2030 964 si-

398 1068 404 1089 ,
452 1002 599 1058 milis
640 1002 819 1058 factus
864 1011 951 1058 est
992 1002 1232 1074 populus
1286 1018 1464 1069 meus,
1513 1019 1577 1058 ac
1612 1002 1659 1058 si
1683 1017 1797 1058 non
1831 1000 2033 1057 habeat

451 1093 741 1149 scientiam
758 1094 847 1148 ³⁸⁸.
877 1114 895 1146 ι
923 1093 1195 1166 lntelligis
1208 1094 1355 1149 enim
1381 1101 1600 1149 noctem
1616 1093 1890 1165 appellare
1914 1107 2031 1160 eos,

449 1185 543 1255 qui
566 1185 938 1271 cognitionem
982 1202 1132 1243 verae
1155 1186 1304 1243 illius
1339 1195 1396 1243 et
1430 1187 1734 1244 secundum
1776 1195 2032 1243 naturam

450 1277 757 1335 divinitatis
788 1294 903 1334 non
941 1278 1251 1335 haberent?
1285 1278 1412 1336 Odit
1446 1279 1615 1350 igitur
1651 1279 1744 1335 ille
1785 1280 2034 1334 omnium

451 1370 627 1428 hoStis
650 1377 900 1442 tempora
918 1379 975 1428 et
1016 1371 1157 1439 dies,
1200 1373 1403 1444 quibus
1443 1372 1562 1443 ipse
1597 1371 1820 1443 quidem
1841 1373 2028 1444 periit,

451 1478 554 1519 nos
571 1478 706 1519 vero
722 1465 925 1520 servati
949 1480 1158 1521 sumus.
1197 1463 1458 1536 Quisquis
1477 1473 1660 1521 autem
1695 1481 1820 1542 cum
1842 1464 1935 1520 illo
1962 1465 2034 1521 si-

451 1555 565 1610 mul
586 1555 727 1621 odit,
751 1570 819 1610 ex
841 1556 989 1612 illius
1009 1556 1179 1613 etiam
1201 1565 1361 1628 parte
1395 1559 1525 1625 erit,
1563 1566 1619 1614 et
1649 1573 1775 1615 cum
1799 1558 1895 1613 illo
1912 1573 2032 1614 sor-

454 1652 564 1699 tem
588 1646 837 1714 habebit,
861 1652 925 1703 ut
953 1655 1225 1719 perpetuo
1246 1648 1533 1720 puniatur.

518 1736 716 1792 PALL.
756 1737 817 1792 In
855 1746 1016 1808 parte
1059 1739 1230 1811 igitur
1269 1739 1495 1797 nefariae
1531 1757 1724 1798 revera
1748 1783 1763 1808 ,
1803 1741 2032 1813 Deoque

2139 544 2252 611 ἔτι,
2301 545 2397 601 καὶ
2424 545 2523 618 τὴν
2567 545 2669 615 τῆς
2700 543 3029 615 θεογνωσίας
3071 543 3173 598 οὐκ
3209 542 3443 616 ἑχόντων
3493 543 3669 615 αὐγήν
3694 560 3712 575 ο

2138 638 2220 691 δτι
2266 636 2324 692 δὲ
2365 640 2434 710 τῇ
2478 638 2638 691 νυκτὶ
2685 635 3043 708 παρεικάζειν
3095 634 3217 700 ἔθος
3258 637 3327 707 τῇ
3372 633 3718 707 θεοπνεύστῳ

2138 729 2332 802 Γραφῇ
2364 728 2465 803 τὴν
2509 729 2617 784 τῶν
2666 727 3134 800 έπιπλανωμένων
3183 728 3409 800 ἀγέλην,
3451 727 3620 782 ἄκουε
3662 729 3718 783 τί

2139 838 2305 893 φησιν
2333 825 2362 877 ὁ
2404 821 2624 877 πάντων
2679 821 2959 891 Δεσπάτης
2995 820 3133 892 πρὸς
3172 820 3487 885 Ἰουδαίους,
3519 820 3717 874 ὑπονο-

2143 913 2378 985 στούσης
2409 912 2547 987 πρὸς
2563 913 2975 985 είδωλολατρίαν
2994 912 3095 982 τῆς
3122 911 3498 984 Ἰερουσαλήμ·
3512 910 3719 965 «Νυκτὶ

2138 1005 2398 1077 ὡμοίωσα
2428 1005 2524 1077 τὴν
2566 1005 2777 1078 μητέρα
2810 1023 2925 1059 σου·
2958 1003 3210 1076 ὡμοιώθη
3251 1005 3281 1057 ὁ
3318 1005 3444 1069 λαός
3487 1021 3611 1074 μου,
3639 990 3730 1069 ὡς’

2138 1097 2241 1151 οὐκ
2275 1097 2412 1168 έχων
2436 1097 2656 1166 γνῶσιν.
2697 1117 2717 1149 ι
2753 1097 2947 1168 Συνίης
2975 1097 3058 1149 ὅτι
3087 1095 3258 1150 νύκτα
3284 1094 3421 1166 φησὶ
3460 1096 3587 1158 τοὺς
3616 1095 3713 1149 οὐκ

2140 1188 2363 1260 ἔχοντας
2392 1188 2594 1259 γνῶσιν
2620 1189 2718 1259 τῆς
2738 1187 2974 1261 ἀληθοῦς
3001 1188 3096 1242 καὶ
3122 1186 3265 1243 κατὰ
3287 1187 3446 1258 φύσιν
3475 1187 3716 1258 δηλονότι

2141 1277 2424 1349 θεότητος;
2455 1277 2752 1349 Μεμίσηκε
2779 1276 3071 1348 τοιγαροῦν
3090 1277 3119 1330 δ
3150 1278 3367 1332 πάντων
3391 1277 3584 1349 ἐχθρὸς
3602 1294 3721 1333 και-

2142 1369 2272 1440 ροὺς
2305 1367 2398 1422 καὶ
2424 1368 2638 1440 ⁴ἡμέρας
2662 1368 2784 1423 καθ’
2814 1366 2908 1432 οὓς
2935 1368 3153 1423 διόλωλε
3183 1368 3282 1441 μὲν
3314 1368 3500 1435 αὐτὸς,
3527 1370 3721 1423 ἀνασε-

2143 1457 2402 1530 σώσμεθα
2434 1459 2491 1512 δὲ
2516 1459 2771 1531 ήμεῖς.⁹0
2790 1459 2846 1512 δὲ
2877 1458 2971 1513 σὺν
2997 1459 3192 1531 ἐκείνῳ
3222 1458 3395 1531 μισῶν
3426 1460 3522 1530 τῆς
3551 1460 3718 1514 αὑτοῦ

2144 1549 2363 1621 μερίδος
2390 1548 2565 1615 ἔσται,
2599 1551 2692 1604 καὶ
2721 1550 2920 1623 κλῆρον
2952 1549 3063 1617 ἕξει
3097 1550 3193 1605 σὺν
3224 1550 3396 1622 αὐτῷ,
3433 1550 3493 1604 τὸ
3516 1552 3720 1605 ἀκατα-

2140 1640 2355 1713 λήκτως
2379 1641 2704 1706 κολάζεσθαι
2737 1642 2869 1697 δεῖν.

2214 1735 2421 1789 ΠΑΛΛ.
2468 1736 2557 1789 Ἐν
2591 1735 2754 1809 μοίρᾳ
2792 1734 2859 1807 δὴ
2891 1730 2983 1789 οὖν
3021 1737 3119 1806 τῆς
3151 1735 3228 1798 ὼς
3249 1734 3465 1805 ἀληθῶς
3496 1735 3719 1807 βεϐήλου

454 1828 640 1886 invisae
684 1830 1009 1888 idololatria:
1047 1831 1214 1888 etiam
1248 1833 1563 1905 huiusmodi
1610 1850 1701 1892 res
1740 1837 2040 1895 constitue-

2146 1843 2207 1880 τε
2228 1826 2323 1880 καὶ
2353 1826 2641 1898 θεομισοῦς
2670 1824 3108 1896 εἰδωλολατρίας,
3130 1826 3224 1879 καὶ
3251 1823 3428 1878 τοιάδε
3458 1824 3724 1897 θήσομεν,

453 1936 595 1988 mus,
628 1929 691 1975 ut
724 1922 813 1976 illa
840 1923 1035 1994 procul
1064 1922 1236 1980 dubio
1257 1924 1665 1991 c0nstituimus,
1691 1942 1813 1997 quae
1847 1928 1916 1984 de
1955 1945 2043 1995 ea,

451 2026 575 2081 qua:
607 2014 888 2083 generatio
907 2013 1235 2085 appellatur,
1261 2015 1555 2072 vanissime
1577 2016 1857 2074 dicuntur.

520 2099 677 2157 CYR.
721 2101 812 2159 Sic
835 2103 1001 2159 velim
1047 2102 1281 2171 habeas;
1324 2121 1435 2161 non
1493 2106 1655 2161 aliter
1707 2123 1765 2164 se
1810 2108 2040 2179 habere,

451 2192 916 2260 quemadmodum
942 2194 1061 2265 ipsa
1082 2210 1303 2266 quoque
1321 2211 1507 2251 rerum
1532 2198 1871 2267 experientia
1893 2214 2048 2255 coar-

449 2284 588 2353 guit.
616 2283 703 2339 Ad
728 2285 847 2343 hazc
878 2286 1016 2341 illud
1048 2303 1268 2359 quoque
1292 2288 1455 2344 nobis
1492 2289 1745 2344 odiosum
1770 2290 1827 2345 in
1850 2290 2046 2361 primis

448 2389 573 2431 esse
614 2374 801 2444 debet,
838 2377 1091 2434 deditum
1129 2393 1252 2434 esse
1291 2378 1557 2450 auguriis,
1587 2379 2046 2437 insusurrationi-

450 2464 560 2520 bus
580 2472 747 2536 atque
785 2467 1124 2523 carminibus
1170 2485 1186 2522 :
1232 2484 1360 2523 nam
1393 2468 1682 2537 gentilium
1713 2472 1963 2527 nonnulli
1987 2472 2046 2528 in

451 2571 575 2610 eam
600 2557 805 2612 mentis
855 2557 1137 2613 levitatem
1176 2557 1315 2629 lapsi
1361 2568 1509 2627 sunt,
1535 2568 1597 2615 ut
1640 2569 1900 2632 putarent
1941 2578 2044 2618 no-

453 2654 696 2701 strarum
732 2663 923 2702 rerum
969 2648 1340 2720 cognitionem
1365 2649 1421 2707 in
1447 2652 1642 2708 avibus
1682 2669 1902 2724 quoque
1946 2670 2047 2725 per

451 2753 584 2793 aera
601 2738 965 2796 volitantibus
984 2740 1227 2796 insitam.
1262 2741 1452 2814 Itaque
1483 2745 1700 2800 volatus
1735 2762 1955 2817 quoque
1976 2746 2045 2802 ad

453 2830 728 2885 orientem
750 2840 808 2885 et
849 2832 1217 2898 occidentem,
1259 2833 1329 2888 ad
1375 2834 1627 2889 dextram
1671 2843 1728 2892 et
1764 2837 2045 2892 sinistram

454 2923 678 2979 curiose
696 2920 1074 2994 pel-vestigant
1121 2938 1220 2990 ac,
1246 2923 1422 2979 sicubi
1471 2939 1671 2980 canere
1697 2928 1888 2981 cornix
1925 2928 2045 2985 visa

455 3013 652 3079 fuerit,
689 3013 954 3069 adhibent
987 3029 1151 3070 aures
1188 3029 1253 3071 ac
1294 3023 1551 3087 tanquam
1583 3019 1790 3089 aliquid
1825 3022 2046 3079 verissi-

456 3123 609 3162 mum
630 3106 932 3177 accipiunt,
977 3106 1215 3178 indeque
1263 3108 1374 3164 laati
1404 3110 1661 3177 redeunt,
1702 3128 1884 3184 neque
1915 3131 2045 3171 eru-

455 3199 689 3255 bescunt
710 3197 920 3265 miseri,
948 3198 1027 3254 rei
1066 3198 1209 3255 adeo
1227 3199 1581 3267 venerabilis,
1603 3205 1908 3275 prophetiae
1928 3206 2039 3263 vim

455 3288 689 3344 aviculis
705 3289 976 3345 tribuere.
995 3288 1322 3361 Huiusmodi
1347 3299 1532 3347 autem
1550 3294 1780 3351 honesta
1810 3298 2039 3366 scilicet,

458 3388 519 3435 ut
546 3379 652 3451 ipsi
690 3396 882 3437 secum
929 3388 1148 3451 putant,
1203 3382 1345 3438 ratio
1394 3382 1703 3455 attingitur;
1758 3402 1859 3458 per
1895 3389 2043 3460 ipsas

455 3468 629 3534 enim,
652 3469 932 3540 inquiunt,
958 3466 1037 3524 dii
1065 3468 1387 3525 ostendunt.
1428 3470 1542 3526 Nos
1569 3480 1752 3528 autem
1777 3473 1910 3530 deos
1930 3491 2042 3531 non

455 3575 579 3616 esse
619 3559 858 3617 dicimus
897 3568 1174 3631 apostatas
1217 3561 1469 3632 angelos,
1517 3577 1548 3616 a
1580 3564 1780 3634 quibus
1823 3565 1891 3621 ad
1940 3581 2044 3623 nos

459 3649 729 3722 praeclari,
754 3649 803 3705 si
825 3649 940 3706 Deo
961 3651 1162 3722 placet,
1187 3659 1352 3722 atque
1383 3651 1735 3710 admirabiles
1763 3656 2045 3727 prophetae

458 3749 517 3798 et
539 3758 725 3799 rerum
751 3741 1063 3799 futurarum
1086 3743 1303 3813 prascii
1320 3744 1592 3816 legantur,
1618 3755 1807 3818 arguta
1824 3749 2042 3816 cornix,

459 3840 519 3888 et
559 3847 774 3904 praepes
819 3831 1109 3903 accipiter,
1149 3840 1207 3888 et
1244 3832 1411 3889 varia:
1455 3825 1759 3905 palumbes
1794 3836 1877 3907 (ut
1911 3837 2051 3907 ipsis

460 3924 751 3995 gentilium
793 3932 1084 3980 auctorum
1119 3924 1305 3982 verbis
1343 3927 1490 3999 utar)
1529 3935 1586 3982 et
1631 3937 1841 3983 caeteras
1881 3929 2041 3996 aves;

461 4017 624 4089 210
646 4015 841 4089 dignos
873 4017 1084 4074 scilicet
1121 4017 1325 4076 talibus
1353 4018 1467 4076 diis.
1495 4020 1811 4091 prophetas,
1844 4023 2045 4092 quibus

465 4107 544 4161 illi
579 4106 820 4178 garritus
841 4106 908 4163 ad
945 4122 1039 4164 vos
1061 4107 1410 4177 deferendos,
1442 4110 1727 4178 insonent;
1754 4127 1854 4168 vos
1878 4112 2043 4169 etiam

464 4199 735 4256 felicesac
760 4200 975 4270 beatos,
1001 4202 1098 4274 qui
1120 4202 1260 4259 tales
1286 4202 1519 4260 deorum
1538 4202 1868 4276 interpretes
1900 4208 2040 4263 nacti

463 4293 621 4362 sitis;
648 4293 806 4351 obliti
845 4304 1035 4353 autem
1075 4298 1232 4362 estis,
1259 4302 1321 4352 ut
1360 4311 1451 4354 res
1493 4297 1755 4366 declarat,
1796 4301 2048 4370 quamvis

462 4395 774 4443 vestrorum
821 4396 1110 4461 poetarum
1154 4389 1447 4461 opiniones
1492 4390 1750 4447 admirari
1798 4393 2041 4459 soleatis,

2147 1918 2401 1992 καθάπερ
2440 1917 2632 1990 ἀμέλει
2660 1917 2755 1971 καὶ
2783 1916 2882 1989 τὴν
2911 1917 3039 1988 περὶ
3071 1919 3170 1987 τῆς
3210 1915 3554 1987 καλουμένης
3579 1916 3745 1986 γενέ-

2148 2028 2286 2075 σεως
2311 2009 2710 2081 εἰκαιομυθιαν.

2207 2103 2381 2163 ⁶ΚΥΡ.
2429 2104 2517 2168 Ὧς
2548 2098 2607 2156 εὗ
2633 2100 2744 2156 ἴσθι
2772 2120 2877 2167 τοι,
2912 2102 2998 2177 μὴ
3018 2100 3217 2172 ἑτέρως
3257 2100 3420 2172 ἔχειν,
3458 2099 3602 2155 καθὰ
3633 2099 3729 2154 καὶ

2146 2193 2287 2266 αὑτὴ
2315 2192 2565 2266 διήλεγξε
2593 2193 2702 2247 τῶν
2737 2192 3081 2264 πραγμάτων
3109 2193 3142 2264 ἡ
3173 2192 3425 2263 βάσανος.
3454 2191 3565 2245 Καὶ
3590 2190 3724 2262 πρός

2145 2305 2210 2356 γε
2242 2285 2306 2358 δὴ
2333 2286 2543 2352 τούτοις
2579 2286 3015 2358 καταστυγητέον
3040 2282 3098 2340 εὖ
3149 2285 3294 2357 μάλα
3325 2286 3421 2338 καὶ
3453 2283 3515 2338 τὸ
3547 2299 3726 2354 προσ-

2148 2380 2369 2436 κεῖσθαι
2403 2379 2581 2449 φιλεῖν
2610 2379 2892 2451 ἀνονήτοις
2921 2378 3353 2444 οίωνοσκοπίαις,
3378 2377 3727 2449 ψιθυρισμοῖς

2144 2490 2207 2526 τε
2235 2473 2331 2528 καὶ
2358 2470 2590 2543 ἐπῳδαῖς
2613 2487 2628 2503 ’
2661 2470 2754 2525 νοῦ
2786 2471 2895 2543 γὰρ
2938 2470 3203 2542 ὲλαφρίας
3244 2472 3325 2535 είς
3352 2469 3512 2524 τοῦτο
3549 2467 3727 2523 διωλι-

2148 2562 2382 2635 σθήκασί
2417 2578 2563 2626 τινες
2598 2559 2706 2615 τῶν
2755 2560 2887 2633 παρ’
2926 2560 3207 2630 Ἕλλησιν,
3254 2560 3331 2625 ὡς
3364 2558 3571 2614 οἴεσθαι
3614 2557 3726 2613 τῶν

2147 2653 2269 2710 καθ’
2297 2654 2446 2725 ἡμᾶς
2469 2651 2813 2725 πραγμάτων
2845 2650 2944 2724 τὴν
2974 2651 3196 2721 γνῶσιν,
3219 2651 3314 2706 καὶ
3341 2653 3455 2715 τοῖς
3483 2652 3563 2714 είς
3588 2650 3728 2723 ἀέρα

2146 2747 2456 2802 διάττουσιν
2486 2744 2766 2815 ἐγκεῖσθαι
2800 2747 3046 2815 πτηνοῖς.
3076 2743 3370 2816 Τοιγάρτοι
3402 2742 3499 2796 καὶ
3518 2741 3619 2804 τὰς
3644 2742 3727 2804 είς

2146 2840 2221 2895 ἕω
2243 2857 2305 2894 τε
2331 2840 2539 2903 καὶιείς
2576 2838 2842 2909 ἑσπέραν,
2873 2838 2953 2902 είς
2980 2835 3156 2904 δεξιόν
3179 2853 3240 2889 τε
3275 2836 3372 2890 καὶ
3397 2835 3480 2898 εἰς
3520 2832 3723 2888 εὐώνυ-

2149 2950 2250 3004 μον
2296 2926 2753 3004 περιεργάζονται
2792 2929 3050 3000 πτήσεις·
3091 2925 3195 2981 κᾶν
3237 2927 3286 2981 εί
3317 2923 3600 2999 κράζουσά
3639 2940 3726 2977 πω

2147 3022 2390 3094 φαίνοιτο
2422 3020 2662 3095 κορώνη,
2691 3021 2753 3076 τὸ
2792 3015 2882 3085 οὖς
2915 3020 3326 3092 ὑποστήσαντες
3350 3058 3367 3086 ,
3396 3017 3650 3087 καθάπερ
3670 3034 3726 3070 τι

2145 3115 2253 3170 τῶν
2286 3116 2427 3184 ἄγαν
2454 3113 2835 3184 ἀληθεστάτων
2864 3111 3201 3183 ἐκδέχονται,
3251 3110 3343 3164 καὶ
3372 3106 3727 3162 ὐπονοστοῦσι

2148 3205 2460 3279 χαίροντεςο
2487 3203 2853 3277 ὲπερυθριῶσι
2882 3203 2937 3258 δὲ
2962 3202 3214 3273 οὐδαμῶς
3246 3202 3296 3254 οἱ
3325 3199 3548 3255 δείλαιοι
3572 3239 3587 3264 ,
3627 3198 3728 3269 τῆς

2147 3294 2288 3350 οὕτω
2320 3312 2379 3348 σε
2389 3295 2528 3366 πτῆς
2550 3294 2889 3366 προφητείας
2913 3292 3013 3366 τὴν
3034 3291 3263 3364 δύναμιν
3287 3290 3361 3362 (Ι)
3384 3289 3729 3351 ἀνατιθέντες

2151 3386 2475 3457 στρουθίοις.
2512 3385 2716 3456 Σεμνὺς
2751 3384 2810 3439 δὲ
2842 3384 3028 3449 αὐτοῖς
3059 3382 3422 3453 ὲκπεποίηται
3459 3379 3731 3434 τοιουτοσὶ

2148 3477 2336 3549 λόγος,
2364 3477 2554 3549 ὥσπερ
2595 3476 2800 3531 οἴονται
2835 3474 2976 3529 κατὰ
3020 3476 3160 3544 σφᾶς
3202 3471 3432 3537 αὐτούς’
3472 3470 3729 3541 φαίνουσι

2148 3571 2258 3643 γὰρ
2290 3571 2359 3625 δι’
2389 3570 2571 3626 αὐτῶν
2609 3570 2661 3624 οἱ
2703 3569 2847 3634 θεοὶ,
2878 3568 3064 3640 φησίν.
3111 3566 3304 3639 Ἡμεῖς
3347 3566 3404 3620 δὲ
3444 3564 3602 3630 θεοὺς
3627 3564 3730 3618 οὐκ

2150 3658 2289 3716 εἶναί
2318 3678 2499 3733 φαμεν
2541 3661 2669 3725 τοὺς
2694 3660 3008 3725 ἀποστάτας
3042 3657 3343 3728 ἀγγέλους,
3372 3656 3504 3728 παρ’
3534 3648 3609 3712 ὧν
3648 3656 3730 3720 είς

2149 3759 2298 3831 ἡμᾶς
2329 3755 2524 3827 ἀγαθοί
2549 3773 2610 3810 τε
2647 3756 2743 3810 καὶ
2776 3754 3099 3823 ἀξιάγαστοι
3124 3751 3402 3824 προφῆται
3429 3748 3732 3820 κεχειροτό-

2150 3866 2360 3922 νηνται,
2390 3849 2488 3903 καὶ
2511 3847 2619 3901 τῶν
2646 3845 2924 3918 ἐσομένων
2947 3845 2998 3898 οἱ
3024 3841 3286 3912 γνῶσται,
3307 3842 3343 3914 ἦ
3372 3858 3432 3895 τε
3452 3837 3731 3911 λακέρυζα

2151 3938 2388 4013 κορώνη,
2419 3938 2515 3993 κα)⁸
2539 3939 2644 4011 μὴν
2670 3939 2765 3992 καὶ
2789 3935 3108 4008 ὠκύπτερος
3132 3932 3277 4006 ἴρηξ,
3311 3931 3496 3999 ξουθαί
3517 3947 3579 3985 τε
3616 3930 3731 3985 πέ-

2150 4035 2326 4100 λειαι,
2366 4031 2511 4087 κατά
2552 4048 2616 4102 γε
2660 4030 2788 4095 τοὺς
2829 4028 2960 4101 παρ’
2985 4026 3217 4099 Ἕλλησι
3255 4026 3481 4094 λόγους,
3524 4024 3622 4077 καὶ
3658 4020 3730 4076 τὰ

2150 4129 2314 4200 ἕτερα
2346 4125 2454 4180 τῶν
2487 4120 2809 4195 στρουθίων,
2841 4119 2983 4187 ἄξιοί
3011 4135 3076 4189 γε
3108 4119 3157 4171 οι
3195 4114 3472 4187 προφῆται
3505 4112 3615 4166 τῶν
3643 4114 3731 4165 ἐν·

2151 4217 2426 4292 ηχούντων
2464 4215 2649 4278 αὐτοῖς
2692 4212 2761 4267 τά
2794 4211 2873 4276 εἰς
2917 4210 3065 4281 ἡμᾶς
3092 4207 3288 4270 αὐτοὺς
3331 4202 3725 4275 τερετίσματα·

2150 4312 2319 4367 δλδιοι
2333 4310 2389 4364 δὲ
2415 4309 2508 4364 καὶ
2529 4308 2687 4381 ὑμεῖς
2706 4307 2800 4361 καὶ
2819 4301 3173 4373 ἀξιοζήλωτοι
3193 4298 3449 4354 τοιούτων
3470 4296 3728 4368 τυχόντες

2150 4404 2259 4460 τῶν
2291 4401 2571 4475 θεηγόρων
2590 4417 2605 4432 ⁸
2635 4397 2931 4470 ἐκλέλησθε
2957 4395 3015 4449 δὲ
3056 4394 3132 4459 ὼς
3174 4392 3319 4447 ἔοικε
3365 4390 3463 4447 καὶ
3490 4389 3591 4454 τὰς
3619 4388 3729 4442 τῶν

466 4480 601 4549 ipsis
621 4495 841 4552 quoque
875 4497 999 4538 eam
1029 4480 1326 4537 ridiculam
1366 4480 1574 4548 videri,
1609 4490 1667 4536 et
1706 4499 1878 4554 nugas
1898 4500 2040 4551 esse,

2152 4497 2285 4568 παρ’
2323 4496 2453 4567 ὑμῖν
2487 4491 2727 4563 ποιητῶν
2759 4484 3346 4578 θαυμάζσντεςᾼδδξας,
3387 4484 3471 4578 ὅτέ
3505 4481 3599 4535 καὶ
3629 4478 3731 4578 ad-

464 4587 529 4627 ac
590 4587 714 4629 rem
774 4588 1006 4645 prorsus
1077 4568 1330 4630 inutilem
1392 4573 1701 4644 putavisse.
1775 4574 2040 4635 Homerus

2157 4591 2271 4653 τοῖς
2318 4587 2492 4644 ἐδόκει
2521 4583 2582 4638 τὸ
2604 4583 2793 4654 χρῆμα
2817 4577 3093 4649 διαγελᾷν,
3136 4574 3294 4630 ὕθλον
3320 4592 3380 4627 τε
3409 4568 3550 4627 εἶναι
3576 4572 3728 4643 νομί-

463 4666 612 4721 euim
638 4683 658 4720 :

747 4885 895 4957 Mitte
929 4883 1154 4956 agedum
1180 4881 1437 4957 uolucres,
1462 4884 1668 4956 ignave,
1695 4885 1897 4957 inquit,

465 4959 585 5013 Siue
606 4955 717 5012 illa!
741 4954 810 5010 ad
831 4951 1097 5025 dextram,
1118 4951 1347 5025 solisque
1370 4951 1612 5024 feruntur
1638 4957 1708 5011 ad
1737 4951 1905 5025 ortus,

465 5028 570 5083 Seu
590 5028 761 5099 magis
793 5024 862 5079 ad
892 5024 1102 5092 laevam,
1128 5023 1302 5079 densa:
1329 5023 1491 5096 regna
1513 5026 1729 5083 humida
1762 5023 1948 5086 noctis.

465 5141 762 5213 Euripides
782 5154 916 5195 vero
931 5137 1154 5195 stultam
1179 5154 1294 5195 rem
1315 5155 1435 5197 esse
1456 5139 1729 5209 decernit,
1750 5144 2044 5202 observare

465 5236 654 5290 avium
704 5232 921 5289 volatus
945 5249 959 5285 :
983 5247 1113 5287 nam
1150 5232 1425 5289 Theseum
1494 5234 1675 5306 inquit
1712 5235 1817 5307 (ὃ),
1855 5237 2042 5293 furore

467 5326 734 5381 adversus
778 5322 1133 5396 Hippolytum
1182 5323 1354 5380 lilium
1410 5324 1837 5393 inﬂammatum,
1879 5318 2041 5399 atque

468 5417 636 5471 etiam
662 5423 725 5471 ut
767 5414 920 5469 illum
958 5430 990 5472 e
1054 5416 1235 5487 patrio
1275 5417 1394 5473 solo
1439 5418 1670 5488 pelleret
1703 5420 2039 5487 molientem,

468 5523 594 5565 cum
624 5506 716 5562 ille
740 5505 951 5562 diceret
975 5524 989 5561 :

537 5619 600 5649 "‘
643 5616 783 5675 Osee
816 5618 964 5684 n.4,
996 5618 1051 5674 6.

576 5716 621 5785 l)
647 5714 789 5790 God,
822 5717 1021 5790 Yatic.,
1055 5717 1306 5790 δήλωσιν,
1340 5716 1803 5786 signiﬁcationmn.

576 5718 621 5785 l)
647 5718 781 5773 Cod.
822 5718 911 5771 Val

546 5718 622 5861 ἓν)
651 5785 809 5843 Iliad.
842 5788 911 5843 Μ.

2148 4682 2263 4748 ζειν
2306 4679 2461 4743 αὐτὸ,
2493 4676 2587 4730 καὶ
2621 4673 2729 4727 τῶν
2766 4669 3082 4740 ἀναγκαίων
3128 4668 3301 4724 οὐδέν.
3339 4666 3589 4759 Ὅμηρος
3627 4662 3727 4734 μὲν

2145 4774 2277 4845 γάρ·
2752 4826 2755 4829 ι
3344 4850 3353 4860 ,

2230 4889 2298 4941 Ὦ
2329 4884 2547 4943 πέπον,
2575 4876 2825 4949 οιῳνοὺς
2852 4873 2973 4949 μέν
2996 4873 3090 4949 ἔρις
3121 4867 3414 4949 92191919.),

2225 4956 2347 5010 Εἶτ’
2380 4953 2476 5007 ἐπὶ
2505 4947 2650 5015 esse:
2681 4948 2812 5001 ίωσι
2840 4943 2991 5015 πρὸς
3009 4943 3097 5012 ἠὼ
3115 4943 3402 5015 τ’ξὴέλιόν
3421 4958 3507 5015 τε,

2224 5025 2347 5080 Εἶτ’
2380 5023 2471 5077 ἐπ’
2506 5011 2811 5090 ἀριστερὰ,
2834 5011 2926 5069 τοι
2943 5030 3010 5082 γε
3044 5013 3182 5067 ποτὶ
3216 5012 3396 5083 ζόφον
3418 5011 3728 5080 ἠερόεντα.

2151 5136 2447 5211 Εὐριπίδης
2511 5132 2570 5185 δὲ
2616 5129 2803 5200 σαφῶς
2848 5127 2946 5182 καὶ
2982 5125 3288 5196 ἀναφανδὸν
3322 5123 3601 5197 καθορίζει
3668 5124 3731 5177 τὸ

2154 5231 2384 5304 μάταιον
2409 5224 2504 5281 τοῦ
2545 5218 3026 5278 κατασκέπτεσθαι
3062 5219 3171 5272 δεῖν
3217 5218 3319 5282 τὰς
3352 5217 3560 5271 οἰωνῶν
3610 5216 3727 5269 διας

2149 5315 2591 5395 πτήσεις.Θησέα
2606 5314 2704 5385 μὲν
2729 5311 2836 5383 γὰρ
2865 5310 3162 5382 Ἱππολύτῳ
3185 5309 3319 5381 φησι
3344 5307 3727 5379 ἐπιμαίνεσθαι

2148 5415 2229 5488 τῷ
2257 5411 2443 5481 οἰκείῳ
2481 5406 2656 5495 παιδὶ,
2686 5404 2779 5460 καὶ
2810 5403 2876 5476 δὴ
2907 5404 3003 5458 καὶ
3044 5401 3231 5476 ὲξελᾷν
3259 5401 3358 5475 τῆς
3397 5399 3736 5473 ἐνεγκούσης

2157 5509 2477 5581 ἐπιχειρεῖν.
2521 5501 2765 5559 Ἐκείνου
2796 5498 2855 5553 δὲ
2875 5498 3197 5568 φάσκοντος·

2233 5713 2309 5784 (3)
2340 5711 2395 5766 In
2421 5708 2701 5780 Hippolyto
2732 5717 3002 5762 coronato.

3752 960 3811 995 ρ-
