4104 6460
345 326 461 383 469

424 441 572 498 οῦθ⁹
601 441 806 509 ὅρκον,
837 440 978 493 οὔτε
1010 441 1242 502 πίστιν,
1269 439 1414 494 οὐδὲ
1440 438 1720 508 μάντεων

392 592 397 596 ἡ
420 509 639 583 Φήμης
662 510 940 582 ἐλέγξας,
973 509 1220 591 ἄκριτον
1246 509 1568 578 ἐκϐάλλεις
1595 526 1674 582 με
1700 510 1836 581 γῆς.

346 627 546 701 Θησέα
571 628 712 701 πρὸς
738 624 903 682 τοῦτο
933 627 1111 681 εἰπεῖν
1132 644 1146 658 ·

430 743 501 799 Ἠ
529 742 749 810 δέλτος
773 743 885 813 ἥδε
910 743 1142 813 κλῆρον
1170 746 1244 800 οὐ
1273 742 1600 814 δεδεγμένη

419 815 765 886 Κατηγορεῖ
783 831 901 870 σου
926 815 1134 871 πιστά*
1171 816 1317 883 τοὺς
1339 816 1392 871 δ’
1421 815 1577 886 ὑπὲρ
1609 814 1765 884 κάρα

421 885 772 954 Φοιτῶντας
799 885 1018 957 ὄρνεις,
1051 888 1234 943 πόλλ’
1261 887 1377 959 ἐγὼ
1408 885 1644 958 χαίρειν
1668 886 1847 958 λέγω.

352 1001 463 1055 Καὶ
497 999 609 1073 μὴν
638 1001 941 1074 ἀξιόχρεως
972 1004 1006 1073 ἠ
1037 999 1176 1056 Θεοῦ
1203 1004 1357 1076 φωνὴ
1384 1003 1586 1074 γένοιτ’
1616 1003 1706 1070 ἂν,
1735 1004 1833 1059 καὶ
1859 1004 1959 1075 τῆς

347 1095 409 1147 ἐν
437 1092 618 1165 δέλτῳ
651 1093 896 1165 γραφῆς,
930 1094 1175 1166 ἀμείνων
1212 1097 1247 1167 ἡ
1276 1095 1485 1163 πίστις,
1524 1096 1685 1170 εἴπερ
1712 1098 1832 1153 ἐστὶ
1864 1097 1960 1151 xci

346 1184 685 1254 ψευδοεπεῖν
725 1186 830 1240 οὐκ
860 1186 1092 1251 ἀπεικὸς
1129 1189 1280 1259 ἡμᾶς
1304 1203 1317 1218 ·
1354 1188 1521 1260 μηδὲν
1558 1189 1617 1244 δὲ
1646 1190 1916 1263 ἁμαρτεῖν
1939 1230 1956 1254 ,

348 1275 472 1330 ἔστι
508 1274 670 1342 Θεοῦ,
712 1276 905 1332 καὶτὸ
958 1277 1160 1351 ἀληθὲς
1188 1279 1273 1334 ὅτι
1321 1279 1560 1352 μάλιστα
1596 1281 1772 1351 φίλον.
1814 1281 1958 1338 Ἀλλ’

348 1369 473 1441 ᾔδει
507 1387 613 1424 που
659 1369 881 1436 πάντως
910 1372 1040 1437 τοὺς
1076 1372 1215 1445 ὑπὲρ
1256 1372 1404 1444 κάρα
1438 1375 1742 1444 φοιτῶντας
1778 1373 1961 1445 ὄρνεις

349 1461 575 1534 Θησεὺς
604 1502 621 1528 ,
649 1464 806 1519 οὐδὲν
855 1464 1019 1529 ὄντας
1059 1464 1364 1531 παντελῶς.
1409 1466 1622 1523 Οὐκοῦν
1660 1466 1960 1533 δαιμονίοις

355 1556 462 1625 μὲν
513 1556 810 1613 ἀναθετέον
841 1556 960 1613 οὔτι
999 1577 1088 1613 πω
1119 1559 1232 1613 τῶν
1267 1560 1547 1632 ἐσομένων
1590 1560 1690 1633 τὴν
1730 1562 1956 1633 γνῶσιν,

351 1647 479 1719 Θεῷ
529 1650 586 1704 δὲ
623 1650 830 1722 μᾶλλον
860 1653 1035 1725 αὐτὴν
1066 1654 1489 1728 προσνεμοῦμεν
1528 1655 1606 1722 ὡς
1655 1655 1956 1730 ἐξαίρετον.

352 1741 473 1795 Καὶ
504 1742 850 1813 φενακισμὸς
882 1743 1038 1798 ἔσται
1076 1745 1286 1810 λοιπὸν,
1313 1745 1386 1801 τὰ
1416 1748 1527 1803 τῶν
1559 1748 1790 1821 ὀρνίθων
1819 1768 1959 1823 μαν-

351 1833 616 1905 τεύματα
640 1876 656 1900 ,
688 1812 787 1889 καὶ
844 1834 1085 1902 διανοίας
1115 1838 1216 1892 οὐκ
1241 1839 1522 1910 ἀσφαλοῦς
1553 1812 1774 1913 ἔλεγχος
1802 1812 1967 1914 έναρ·
1997 1812 2040 1869 Β

351 1923 485 1998 γῆς,
516 1927 552 1999 ἠ
593 1928 690 1981 ἐπὶ
741 1927 880 2000 τῷδε
906 1929 1112 1993 πίστις.
1159 1933 1273 1988 Καὶ
1309 1933 1476 1999 αὐτὸς
1505 1934 1564 1989 δέ
1593 1935 1697 1991 πού
1743 1953 1912 2009 φησιν
1933 1936 1964 1990 ό

352 2017 555 2090 νόμος·
595 2039 615 2073 ι
676 2021 791 2099 Οὐκ
821 2023 1160 2091 οίωνιεῖσθε,
1203 2044 1223 2080 ι
1263 2026 1521 2100 βδελυρὸν
1556 2028 1620 2082 τὸ
1662 2029 1856 2102 χρῆμα
1884 2031 1964 2087 εί-

349 2111 487 2177 δὼς,
540 2113 641 2168 καὶ
678 2114 763 2169 ὅτι
798 2116 1040 2186 μάλιστα
1075 2121 1561 2195 κατεστυγημένον
1590 2123 1746 2196 παρά
1774 2140 1840 2195 γε
1884 2123 1965 2196 τῷ

352 2203 584 2258 πάντων
620 2204 917 2277 κρατοῦντι
950 2205 1094 2279 Θεῷ.

427 2296 650 2354 ΙΙΔΛΛ.
685 2291 815 2353 Ὧδε
841 2299 1022 2354 ταῦτα
1050 2300 1197 2372 ἔχειν
1224 2303 1319 2356 καὶ
1344 2303 1497 2376 αὐτῷ
1532 2323 1623 2377 μοι
1649 2307 1818 2363 δοκεῖ.

427 2387 603 2445 ΚΥΡ.
652 2390 873 2463 Ἐπειδὴ
902 2391 959 2446 δὲ
990 2392 1177 2459 πάλιν,
1210 2394 1306 2450 καὶ
1334 2398 1362 2450 ὁ
1391 2396 1649 2469 λαθραῖος
1683 2393 1839 2466 οὗτος
1871 2402 1965 2457 καὶ

350 2480 726 2553 γραοπρεπῆς
759 2480 1131 2555 ψιθυρισμὸς,
1162 2487 1419 2559 γοητείας
1451 2489 1519 2544 ἂν
1566 2490 1653 2564 εἴη
1686 2496 1854 2566 μοῖρα
1894 2497 1966 2551 τά

352 2574 457 2629 καὶ
485 2574 716 2646 τρόπος.
757 2576 1052 2650 Τοιγάρτοι
1090 2580 1187 2634 καὶ⁵
1215 2582 1244 2635 ὁ
1270 2581 1566 2652 Θεσπέσιος
1598 2588 1809 2660 Μωσῆς
1837 2592 1965 2657 τοὺς

350 2666 571 2722 ἀνωθεν
604 2669 740 2740 ἡμῖν
781 2668 1139 2744 διεσαφήνισε
1168 2672 1407 2745 νόμους,
1438 2676 1527 2730 ἀεὶ
1570 2678 1862 2735 συνάπτων
1895 2680 1966 2737 τά

350 2758 852 2833 πλημμελήματα,
893 2764 990 2819 καὶ
1028 2765 1196 2819 οίονεί
1240 2782 1361 2832 πως
1401 2768 1462 2823 ὲν
1501 2769 1827 2846 ἀδελφότητι
1869 2774 1966 2830 καὶ

348 2854 604 2927 ὸμοφυῖᾳ
651 2854 823 2922 τιθεὶς
858 2858 928 2930 τῇ
974 2859 1304 2932 φαρμακείᾳ
1349 2861 1452 2935 τὴν
1492 2864 1729 2938 ὲπωδήν.
1783 2885 1805 2920 ι
1850 2868 1966 2923 Οὐκ

349 2946 515 3001 ἔσται
544 2946 681 3020 γὰρ,
704 2947 968 3019 {pacst,
996 2952 1056 3005 ὲν
1083 2952 1213 3023 ὑμῖν
1245 2956 1650 3028 μαντευόμενος
1678 2959 1963 3031 μαντείαν,

348 3039 749 3113 οἰωνιζόμενος
786 3043 881 3097 καί
912 3043 1390 3118 κληδονιζόμενος,
1425 3052 1744 3123 φαρμακδς,
1774 3054 1966 3110 ἐπαοι-

1111 325 1201 380 ΒΕ
1241 323 1689 380 ADOBATIONE
1728 323 1795 379 IN
1837 320 2111 379 SPlRlTU
2151 324 2243 379 ΕΤ
2283 323 2669 381 ΫΕΒΙΤΑΤΕ..
2694 326 2823 383 LIB.
2873 326 2955 381 Vl.

3555 334 3678 391 4ῖῦ

1980 440 2030 496 Α
2123 438 2232 516 Nec
2251 440 2787 516 jusjurandum,_ne_c
2816 441 2979 509 ﬁdem
3004 452 3302 516 expendens
3332 424 3481 516 prius
3501 488 3515 505 .

2135 509 2242 564 Nec
2264 509 2409 566 dicta
2434 522 2640 579 vatum,
2666 513 2865 567 indicta
2890 529 2972 567 me
2996 509 3160 569 causa
3190 509 3378 586 ejicis'.’

2067 620 2344 678 Theseum
2373 623 2441 679 ad
2466 624 2585 680 haec
2606 625 2958 697 respondisse
2986 642 3009 680 :.

2171 735 2298 815 ῌωε
2318 739 2437 810 ipsa
2453 746 2512 815 te
2532 739 2755 815 tabella,
2788 741 2945 815 sortis
2971 739 3115 797 nihil
3125 758 3281 815 egens

2170 808 2419 874 Accusat,
2442 812 2552 865 lucc
2576 813 2834 867 convincit
2862 830 2879 867 :
2903 814 3037 869 istas
3060 808 3241 868 αιιιὶιηι
3270 831 3393 871 aves

2177 878 2367 934 Valere
2384 881 2568 953 jubeo,
2597 899 2716 954 qua
2742 900 2909 956 supra
2929 893 3088 956 caput
3111 883 3343 941 υοίαηι..

2066 995 2233 1067 Atqui
2265 996 2363 1053 Dei
2393 1013 2499 1054 vox
2523 1006 2676 1054 certe
2704 998 2940 1055 idoneus
2972 1009 3059 1056 est
3082 1009 3296 1067 auctor,
3320 1017 3496 1073 eaque
3526 1003 3673 1060 ﬁdes

2065 1089 2269 1147 litteris
2297 1091 2470 1147 libelli
2495 1090 2731 1156 certior,
2772 1091 3049 1163 siquidem
3090 1094 3313 1150 mentiri
3355 1110 3468 1150 non
3516 1103 3603 1153 est
3633 1114 3698 1152 a.

2065 1182 2230 1239 nobis
2250 1183 2493 1239 alienum
2523 1201 2536 1238 :
2563 1183 2664 1240 sed
2685 1183 2826 1239 nihil
2848 1198 3098 1255 peccare,
3121 1185 3220 1242 Dei
3244 1194 3329 1241 est
3353 1188 3660 1258 proprium.

2066 1278 2232 1349 eique
2255 1278 2461 1335 veritas
2487 1288 2722 1351 cognata
2752 1278 3011 1334 maxime.
3038 1278 3147 1335 Sed
3174 1280 3384 1337 sciebat
3404 1280 3666 1341 videlicet

2066 1368 2296 1425 omnino
2334 1369 2585 1425 Theseus
2630 1384 2763 1425 aves
2802 1383 2971 1440 supra
3014 1376 3183 1440 caput
3231 1370 3482 1426 volantes
3523 1372 3701 1427 nihil...

2065 1477 2190 1519 esse
2229 1477 2481 1534 prorsus.
2530 1462 2670 1519 Non
2696 1462 2869 1534 igitur
2912 1461 3203 1518 daemoniis
3249 1461 3363 1519 ullo
3385 1463 3550 1520 modo
3581 1475 3667 1520 est

2066 1555 2397 1613 ascribenda
2447 1571 2638 1612 rerum
2678 1554 2996 1612 futurarum
3042 1556 3317 1627 wgnitio,
3365 1556 3463 1612 sed
3506 1556 3665 1613 illam
3692 1591 3703 1607 ..

2067 1647 2255 1719 potius
2272 1648 2386 1705 Deo
2418 1657 2682 1719 tanquam
2707 1647 3046 1721 praecipuam
3069 1650 3409 1720 tribuemus;
3434 1662 3492 1710 et
3509 1668 3671 1726 nuga:
3698 1683 3706 1688 -

2066 1749 2234 1798 erunt
2274 1744 2509 1813 posthac
2549 1741 2738 1799 avium
2782 1742 3209 1815 praedictiones;
3252 1761 3331 1803 ac.
3358 1746 3497 1804 ﬁdes
3538 1747 3707 1803 huic.

2066 1837 2150 1892 rei
2171 1835 2443 1905 adhibita,
2469 1838 2676 1895 mentis
2704 1854 2903 1910 parum
2928 1837 3102 1897 ﬁrma:
3125 1840 3394 1898 indicium
3416 1842 3664 1899 evidens.

2065 1928 2190 2002 Ipsa
2226 1946 2449 2003 quoque
2490 1932 2741 2004 profecto
2794 1932 2885 1990 lex
2927 1932 3007 1989 ait
3056 1951 3099 1989 :.
3134 1953 3154 1987 ι
3206 1935 3330 1992 Non
3373 1937 3672 2009 augurahi—

2066 2023 2205 2080 mini
2234 2024 2309 2092 ";
2345 2044 2364 2077 ι
2397 2025 2547 2097 quod
2571 2041 2696 2082 eam
2728 2042 2848 2082 rem
2880 2027 3281 2084 exsecrandam
3312 2044 3437 2085 esse
3474 2029 3666 2091 sciret,

2067 2124 2126 2177 et
2156 2119 2408 2176 omnium
2432 2118 2770 2177 dominatori
2788 2121 2926 2188 Deo;
2943 2120 3005 2176 in
3036 2121 3233 2193 primis
3255 2123 3524 2179 odiosam.

2148 2298 2350 2356 PALL.
2389 2300 2517 2356 Haec
2546 2299 2709 2356 itase
2734 2299 2944 2356 habere
2980 2299 3121 2355 mihi
3161 2313 3384 2371 quoque
3424 2294 3668 2355 videtur.
3692 2344 3705 2351 -

2135 2392 2296 2451 CYR.
2329 2392 2640 2450 Incantatio
2678 2408 2877 2450 rursus
2907 2401 2965 2450 et
3003 2391 3097 2448 illa
3141 2392 3357 2447 occulta
3396 2399 3454 2447 et
3508 2392 3707 2447 anilis.

2068 2486 2459 2553 insusurratio,
2499 2486 2727 2559 magica:
2760 2485 2898 2541 artis
2935 2501 3063 2556 pars
3088 2492 3255 2556 atque
3293 2484 3509 2556 species
3550 2485 3671 2541 esse.

2066 2579 2309 2635 videtur.
2347 2579 2541 2650 Itaque
2573 2579 2740 2634 etiam
2771 2579 2970 2635 beatus
2992 2577 3205 2650 Moyses
3227 2592 3496 2648 supernas
3524 2577 3674 2649 leges

2067 2670 2231 2727 nobis
2253 2670 2575 2737 declaravit,
2598 2670 2693 2741 qui
2717 2685 2940 2740 semper
2968 2669 3088 2725 haec
3111 2677 3339 2740 peccata
3362 2668 3670 2740 conjunxit,
3704 2718 3709 2722 .

2066 2770 2125 2820 et
2164 2770 2430 2836 tanquam
2477 2773 2730 2839 cognata,
2785 2762 3081 2835 aﬂiniaqne
3130 2762 3380 2819 crimina
3413 2778 3524 2818 una
3546 2778 3713 2819 cum:

2067 2855 2356 2915 veneﬁciis
2378 2857 2812 2914 incantationem
2846 2855 3148 2914 recensuit.
3175 2855 3268 2925 Ait
3289 2853 3475 2911 enim:
3506 2873 3525 2905 ι
3555 2852 3672 2910 Non

2066 2947 2177 3004 erit
2200 2947 2260 3005 in
2280 2947 2441 3005 vobis
2466 2948 2723 3005 divinans
2743 2949 2847 3019 21
2861 2949 2904 3019 ι
2942 2947 3363 3012 divinationem,
3399 2962 3712 3017 augurans~

2066 3046 2126 3096 et
2169 3041 2426 3098 ominans
2447 3081 2462 3107 ,
2533 3039 2850 3107 veneﬁcus,
2896 3039 3240 3108 incantator,
3287 3046 3714 3113 portentorum»

349 3132 469 3201 δὸς,
487 3136 923 3207 τερατοσκόπος,
948 3139 1045 3193 καὶ
1059 3138 1525 3212 ὲγγαστρίμυθος,
1545 3145 1641 3199 καὶ
1665 3145 1965 3218 ἐπερωτῶν

2072 3134 2397 3192 observator
2414 3176 2430 3201 ,
2486 3142 2546 3191 et
2590 3135 2895 3208 pythonem
2936 3134 3170 3202 habens,
3218 3143 3277 3193 et
3326 3136 3676 3209 interrogans

349 3227 486 3307 τοὺς
516 3227 773 3300 νεκρούς.
819 3248 840 3282 ι
894 3228 1058 3284 Ἀλλά
1081 3234 1232 3286 νοσεῖ
1268 3232 1368 3304 μὲν
1402 3235 1437 3306 ἡ
1463 3236 1647 3307 ἐπῳδὴ
1671 3236 1736 3292 τὸ
1770 3238 1968 3294 πάναι-

351 3337 526 3392 σχρον
555 3320 777 3393 κομιδῇ,
802 3322 899 3376 καὶ
913 3320 980 3387 τὰ
996 3323 1056 3376 ὲν
1075 3323 1232 3395 κακῷ
1259 3325 1474 3381 κεῖσθαι
1499 3326 1644 3394 λίαν,
1668 3329 1969 3403 ἀνεπτόην-

349 3429 449 3467 ται
480 3412 541 3466 δὲ
568 3412 671 3466 οὐκ
690 3407 958 3479 οἵδ’δπως
990 3416 1072 3480 είς
1099 3415 1262 3472 τοῦτό
1296 3434 1466 3484 τινες,
1503 3422 1685 3474 ὲκεῖνο
1713 3421 1967 3492 λέγοντες

352 3504 445 3560 ὅτι
491 3504 706 3577 Κύριον
750 3506 981 3563 Σαϐαὼθ
1030 3508 1364 3580 ὀνομάζουσι
1410 3513 1814 3586 κατεπᾴδοντες
1853 3518 1968 3580 τοῖς

350 3598 785 3672 ὴρρωστηκόσιν
819 3601 870 3653 oi
901 3599 1012 3654 τῶν
1048 3601 1274 3657 τοιῶνδε
1321 3605 1636 3675 μελεδωνοὶ.
1667 3608 1854 3681 Ταύτῃ
1883 3626 1967 3663 τοι

356 3691 455 3746 καὶ
481 3691 789 3763 ἐμπεδοῦν,
811 3692 897 3748 ὅτι
927 3692 1006 3766 μὴ
1046 3694 1275 3769 αἰσχρὸν
1318 3695 1407 3768 εἴη
1442 3696 1634 3753 λοιπὸν
1664 3700 1728 3754 τδ
1768 3701 1967 3773 ἐπιτή-

353 3786 538 3858 δευμα
567 3827 583 3853 ,
638 3785 1085 3865 διασπεύδουσιν.
1136 3789 1382 3847 Ἐοίκασι
1430 3792 1488 3847 δὲ
1524 3793 1725 3866 ψυχρῷ
1757 3812 1818 3849 τε
1873 3797 1969 3852 καὶ

353 3877 590 3952 ἁδρανεῖ
633 3879 776 3952 πρὸς
815 3879 1038 3953 ἀπάτην
1080 3880 1182 3936 καὶ
1221 3879 1658 3954 φρενοϐλάϐειαν
1692 3887 1967 3959 ἀποκομίο

352 3969 551 4037 ζεσθαι
583 3971 837 4045 λογισμῷ
859 3989 873 4003 ’
922 3973 1205 4043 τοιγάρτοι
1236 3974 1332 4029 τοῦ
1371 3978 1701 4049 πράγματος
1728 3980 1813 4034 ὅτι
1862 3981 1967 4053 μά-

351 4062 517 4119 λιστα
549 4064 845 4137 δυσαχθὶς,
872 4066 1009 4122 αὐτὸ
1031 4067 1097 4140 δὴ
1129 4067 1292 4123 τοῦτό
1315 4071 1486 4127 ἐστιν.
1529 4070 1720 4144 Ἡμεῖς
1744 4076 1855 4148 γὰρ
1882 4075 1965 4148 τὸ,

354 4158 568 4231 Κύριος
588 4156 848 4227 Σαϐαὼθ,
869 4158 948 4230 τῷ
978 4159 1091 4216 τῶν
1121 4161 1259 4217 ὅλων
1281 4163 1675 4237 ἀναφωνοῦμεν
1701 4167 1823 4239 Θεῷ
1840 4209 1855 4234 ,
1878 4168 1971 4224 δο-

355 4248 605 4318 ξολογεῖν
624 4248 923 4316 ἐθέλοντες⁹
942 4251 1030 4307 ἑτέ
1037 4269 1116 4324 ρῳ
1145 4269 1210 4322 γε
1228 4254 1338 4326 μὴν
1354 4254 1465 4309 τῶν
1485 4255 1656 4311 ὄντων
1676 4256 1854 4313 οὐδενὶ
1869 4257 1970 4331 τὴν

355 4341 572 4397 τοιάνδε
595 4341 794 4414 κλῆσιν
820 4343 1054 4415 ἐφίεμεν
1075 4344 1240 4417 ἔχειν.
1268 4343 1366 4411 Εἷς
1380 4346 1491 4419 γὰρ
1512 4347 1609 4403 καὶ
1632 4349 1796 4420 μόνος
1818 4351 1969 4406 ἐστὶν

355 4437 386 4489 ὁ
423 4433 538 4489 τῶν
565 4434 854 4506 δυνάμεων
884 4437 1113 4510 Κύριος.
1153 4439 1216 4493 Oi
1245 4437 1337 4509 δὲξ,
1372 4438 1473 4512 τὴν
1498 4440 1673 4507 οὕτως
1709 4442 1968 4517 ὑπερφυᾶ

356 4525 458 4580 καὶ
489 4525 899 4600 εὐκλεεστάτην
928 4529 1277 4601 ἐπωνυμίαν,
1318 4531 1441 4604 ἦτοι
1481 4531 1816 4606 δοξολογίαν,
1855 4553 1963 4594 πα·-

357 4617 767 4692 ραρρίπτουσιν
816 4620 1060 4687 εὐκόλως
1104 4616 1189 4688 οἷς
1224 4622 1292 4679 ἂν
1325 4623 1535 4681 ἕλοιντο
1579 4626 1692 4682 τῶν
1728 4629 1965 4686 συναθυ-

356 4708 569 4780 ρῆντων
597 4711 788 4776 αὐτοῖς
815 4712 1135 4786 δαιμονίων,
1167 4717 1263 4772 καὶ
1290 4719 1403 4783 τοῖς
1438 4718 1542 4791 τῆς
1570 4725 1966 4794 τερατουργίας

353 4799 542 4854 αὐτῶν
570 4800 921 4873 ὑποκριταῖς,
948 4803 1048 4874 τὴν
1068 4802 1190 4877 Θεῷ
1210 4806 1307 4862 καὶ
1327 4806 1477 4880 μόνῳ
1502 4811 1966 4886 πρεπωδεστάτην

352 4892 676 4964 χαρίζονται
701 4892 883 4963 δόξαν,
911 4894 1305 4964 κολακεύοντές
1324 4916 1384 4953 τε
1405 4901 1502 4955 καὶ
1518 4901 1966 4975 κολακευόμενοι,

353 4984 454 5039 καὶ
484 4982 588 5071 τῆς
618 4982 767 5040 οὕτω
786 4985 972 5058 δεινῆς
1003 4986 1327 5055 δυσσεϐείας
1358 4991 1460 5065 τὴν
1494 4994 1826 5071 ὑπερϐολὴν,
1858 4999 1962 5071 τῆς

351 5076 444 5146 ἐφ’
465 5069 553 5140 οἷς
575 5074 645 5132 ἂν
676 5076 889 5133 ἕλοιντο
920 5080 1230 5155 συνδρομῆς
1262 5083 1637 5157 ἀπονέμοντες
1666 5069 1964 5156 είςνάντέκ-

350 5185 519 5221 τισιν.
565 5167 853 5240 Θεομάχον
874 5171 983 5243 γὰρ
1012 5172 1101 5226 ἀεὶ
1138 5174 1234 5228 καὶ
1262 5176 1673 5247 φιλοδοξότατον
1696 5182 1807 5239 τῶν
1844 5184 1963 5239 δαι-

354 5260 565 5332 μονίων
602 5262 666 5315 τὸ
697 5263 910 5332 στῖφος.
953 5265 1077 5337 Χρὴ
1102 5268 1419 5341 τοιγαροῦν,
1465 5273 1542 5346 μὴ
1582 5277 1704 5340 ταῖς
1732 5277 1963 5333 ἐκείνων

356 5354 507 5424 ἡμᾶς
571 5356 1055 5429 συναποφέρεσθαι
1109 5359 1499 5432 δυσϐουλίαις,
1553 5365 1860 5441 ἀποφοιτᾷν
1905 5370 1962 5425 δὲ

356 5444 567 5516 μᾶλλον
631 5446 708 5511 ὡς
755 5447 1034 5504 ἀπωτάτω
1066 5490 1082 5516 ,
1123 5450 1216 5506 καὶ
1260 5454 1336 5525 μὴ
1365 5460 1627 5531 πονηροῖς
1668 5461 1963 5535 προσέχειν

355 5536 628 5630 ἰατροῖςνῆ
655 5544 1084 5614 τερατουργοῖς,
1117 5547 1233 5610 τοῖς
1266 5546 1511 5621 δαίμοσι,
1556 5552 1750 5623 μισθὸν
1773 5554 1965 5630 ὥσπερ

355 5629 481 5685 τινά
516 5629 630 5686 τῶν
656 5632 739 5697 είς
767 5633 917 5705 ἡμᾶς
944 5635 1282 5724 ἀθυρμάτων
1309 5640 1588 5707 ἒξαιτοῦσι
1624 5648 1719 5713 τάς
1753 5629 1960 5724 δυσφηέ

430 5816 476 5849 “
512 5813 697 5874 Levit.
743 5833 856 5885 xix,
888 5817 978 5873 9.6.
1056 5819 1099 5851 ³ο
1128 5819 1268 5875 ibid.
1299 5822 1389 5879 ⁸51..

2078 3233 2332 3284 mortuos
2374 3228 2442 3281 ³ο.
2489 3245 2509 3280 ι
2564 3225 2879 3294 Caeterum,
2923 3242 3054 3284 cum
3101 3227 3409 3284 incantatio
3464 3227 3674 3299 turpis-

2070 3317 2212 3373 sima
2255 3316 2349 3383 sit,
2399 3331 2467 3373 ac
2522 3315 2914 3383 vitiosissima,
2966 3324 3153 3373 tamen
3200 3316 3392 3373 nescio
3432 3332 3673 3387 quonam

2073 3407 2240 3464 modo
2264 3423 2388 3471 eam
2429 3408 2689 3465 nonnulli
2741 3407 3114 3474 admirantur,
3159 3415 3328 3480 atque
3362 3407 3497 3464 illud
3520 3407 3671 3464 aiunt

2069 3498 2369 3556 Dominum
2393 3498 2638 3557 Sabaoth
2680 3513 3029 3572 nuncupare,
3072 3515 3199 3555 cum
3247 3515 3414 3571 super
3440 3498 3677 3556 inﬁrmis

2070 3607 2297 3649 carmen
2340 3592 2663 3659 incantant,
2707 3591 2805 3664 qui
2856 3593 3133 3665 ejusmodi
3191 3606 3343 3651 artes
3390 3598 3672 3650 exercent.

2071 3686 2189 3744 Hac
2223 3686 2441 3745 ratione
2467 3686 2801 3744 conﬁrmare
2827 3694 3124 3753 conantur,
3166 3686 3362 3744 abesse
3383 3702 3415 3742 a
3439 3684 3677 3758 turpituv

2070 3779 2201 3837 dine
2227 3780 2336 3836 hoc
2355 3779 2640 3847 studium;
2677 3778 2940 3835 videntur
2975 3787 3162 3836 autem
3199 3778 3400 3852 frigida
3437 3778 3703 3850 quadanr

2070 3884 2241 3946 atque
2264 3872 2489 3930 inﬁrma
2511 3872 2937 3929 ratiocinatione
2963 3872 3033 3929 ad
3058 3873 3208 3929 hunc
3239 3887 3487 3928 errorem
3510 3879 3685 3943 atque

2071 3966 2414 4024 dementiam
2460 3964 2688 4044 abduci.
2712 3964 2832 4022 Hoc
2874 3964 3026 4021 enim
3075 3965 3256 4035 ipsum
3301 3973 3401 4019 est
3433 3963 3491 4018 in
3517 3978 3585 4018 ea
3619 3979 3689 4018 re.

2071 4059 2558 4127 molestissimum;
2603 4073 2709 4116 nos
2753 4057 2906 4115 enim
2950 4058 3056 4114 hac
3091 4070 3249 4122 voce,
3281 4055 3551 4112 Dominus
3582 4054 3679 4113 Sa~

2071 4155 2263 4222 baoth,
2302 4154 2479 4211 Deum
2523 4151 2918 4210 universorum
2956 4150 3321 4222 appellamus,
3355 4164 3485 4206 cum
3518 4148 3673 4206 illum

2071 4244 2383 4322 gloriﬁcare
2410 4244 2690 4309 volumus,
2732 4257 2917 4314 neque
2959 4242 3044 4299 rei
3086 4248 3358 4315 praterea
3395 4256 3465 4299 ex
3488 4241 3673 4300 omni-

2070 4343 2198 4410 bus,
2223 4358 2349 4415 quae
2368 4349 2522 4411 sunt,
2547 4342 2648 4400 ulli
2668 4342 2814 4399 hanc
2828 4338 3255 4414 appellationem
3276 4336 3671 4411 permittimus.

2071 4437 2228 4494 Unus
2250 4437 2402 4494 enim
2451 4451 2520 4493 ac
2562 4436 2717 4494 solus
2758 4444 2845 4494 est
2883 4434 3232 4493 exercituum
3269 4432 3559 4491 Dominus.
3608 4431 3676 4487 Hi

2071 4545 2206 4587 vero
2224 4530 2366 4586 adeo
2404 4529 2790 4587 admirabilem
2830 4537 2888 4586 et
2922 4528 3220 4602 gloriosam
3247 4525 3676 4600 appellationem

2072 4635 2174 4676 seu
2193 4619 2658 4694 gloriﬁcationem
2680 4618 2972 4678 daemoniis
2991 4635 3104 4677 una
3126 4635 3316 4678 secum
3355 4617 3679 4677 ludentibus

2073 4713 2279 4784 quibus
2300 4713 2604 4782 voluerint,
2627 4712 2790 4771 facile
2813 4713 3137 4787 projiciunt,
3162 4719 3221 4769 et
3252 4711 3364 4769 illis
3394 4718 3678 4784 portento-

2077 4822 2202 4863 rum
2232 4823 2464 4864 suorum
2494 4806 2783 4866 actoribus
2827 4807 3083 4881 gloriam,
3122 4821 3247 4880 quae.
3286 4806 3402 4863 Deo
3435 4805 3540 4864 soli
3563 4822 3679 4863 ma-

2076 4899 2224 4955 xime
2252 4900 2539 4965 convenit,
2564 4899 2901 4973 largiuntur,
2930 4898 3221 4956 adulantes
3244 4898 3410 4956 simul
3431 4905 3490 4957 et
3508 4899 3676 4956 vicis-

2070 4991 2174 5047 sim
2189 4990 2522 5049 adulatione
2543 4990 2711 5067 capti,
2736 4999 2790 5048 et
2828 5007 2929 5062 pro
2963 5007 3176 5057 rerum,
3212 5006 3352 5063 quas
3376 4991 3674 5055 voluerint.

2072 5093 2300 5151 eventu;
2341 5085 2488 5141 hanc
2532 5092 2648 5141 tam
2685 5092 2850 5142 terrae
2893 5084 3197 5156 impietatis
3239 5082 3676 5156 magnitudinem

2072 5179 2346 5237 mercedis
2390 5180 2515 5235 loco
2564 5178 2899 5251 rependunt.
2954 5178 3053 5234 Est
3094 5177 3244 5234 enim
3275 5176 3677 5234 daemoniorum

2072 5274 2275 5331 cohors
2299 5274 2413 5331 Deo
2429 5289 2649 5344 semper
2661 5272 2907 5338 inimica,
2925 5280 2983 5328 et
2997 5270 3675 5344 appetentissimagloriae.

2074 5368 2194 5425 Non
2238 5367 2408 5439 igitur
2461 5364 2925 5423 committendum
2971 5373 3057 5421 est
3111 5373 3174 5420 ut
3226 5365 3448 5422 illorum
3494 5367 3679 5437 pravis
3742 5416 3753 5425 κ

2077 5461 2332 5519 consiliis
2355 5460 2733 5527 abducamur;
2775 5458 2872 5515 sed
2914 5458 3101 5530 potius
3136 5458 3339 5517 abillis
3363 5476 3529 5531 quam
3554 5462 3677 5519 lon-

2080 5556 2304 5630 gissime
2357 5554 2789 5621 discedendum;
2849 5569 3033 5625 neque
3095 5555 3256 5612 malis
3326 5555 3559 5613 medicis
3616 5570 3681 5609 ae

2080 5658 2471 5723 portentorum
2522 5647 2847 5705 auctoribus
2889 5647 3177 5705 daemoniis
3219 5649 3675 5717 auscultandum,
