4104 6444
466 294 565 351 471

1503 298 1559 352 S.
1601 297 1875 354 CYBdLLl
1915 297 2386 355 ALEXANDRINI
2426 300 2746 358 ARCHIEP.

3639 301 3740 356 472

462 430 690 471 suarum
728 415 784 471 in
819 431 924 472 nos
966 415 1429 482 ludiﬁcatiouum,
1464 416 1705 473 nefarias
1743 419 1843 473 bas
1869 419 2057 476 laudes

2167 426 2316 496 μίας.
2359 424 2432 477 Σὺ
2466 424 2523 477 δὲ
2554 423 2611 476 εί
2637 441 2691 476 τι
2722 423 2832 475 τῷν
2866 423 2961 475 τοῦ
2993 421 3245 492 σώματος
3289 421 3494 493 μορίων
3533 422 3740 490 ἀλγεῖς,

462 506 736 565 mercedis
750 508 1034 579 cujusdam
1053 508 1229 563 instar
1246 508 1611 579 exigentibus.
1634 510 1716 565 Tu
1731 526 1883 577 vero,
1898 512 1943 566 si
1955 528 2063 581 qua

463 600 562 655 tibi
580 616 709 671 pars
724 600 971 671 corporis
986 600 1157 667 dolet,
1175 590 1232 655 et
1246 616 1377 657 vere
1391 602 1576 658 credis
1597 603 1715 659 hac
1738 603 1926 668 verba,
1953 594 2061 658 Do-

462 692 646 748 minus
663 692 903 747 Sabaotb
921 732 935 758 ,
950 701 1007 747 et
1034 692 1171 748 alias
1184 693 1502 764 bujusmodi
1514 696 1912 765 appellationes
1924 710 2063 765 quas

460 783 574 838 Deo
597 784 691 854 qui
708 783 1015 840 secundum
1041 792 1292 839 naturam
1304 793 1410 853 est,
1447 787 1634 841 divina
1653 787 1938 857 Scriptura
1965 787 2063 841 tri-

460 875 716 937 buit,vim
728 874 933 931 habere
944 883 1107 945 putas
1118 876 1357 946 pellendi
1371 877 1574 933 malum
1588 878 1743 942 illud,
1759 893 1859 948 pro
1875 887 1926 933 te
1939 879 2060 949 ipso

459 982 653 1037 preces
666 966 1049 1033 fundens,baec
1060 968 1229 1024 verba
1244 970 1562 1039 pronuntia:
1578 970 1658 1025 sic
1669 970 1816 1024 enim
1829 973 2054 1038 rectius,

458 1075 623 1130 quam
639 1059 937 1126 illi,facies,
950 1076 1132 1131 neque
1148 1060 1383 1132 impuris
1396 1061 1803 1132 spiritibus,sed
1821 1063 1934 1117 Deo
1944 1064 2059 1134 glo-

461 1153 596 1208 riam
622 1153 852 1209 tribues.
865 1152 1321 1210 Commemorabo
1347 1155 1511 1209 etiam
1530 1154 1794 1210 divinitus
1818 1155 2056 1225 inspira-

461 1254 567 1299 tam
591 1243 934 1315 Scripturam
954 1262 1077 1317 qua:
1091 1246 1170 1301 ait
1198 1264 1210 1299 :
1252 1267 1271 1299 ‹
1299 1246 1612 1302 Inﬁrmatur
1637 1247 1762 1317 quis
1791 1247 1847 1302 in
1865 1248 2057 1303 vobis?

460 1336 686 1393 inducat
709 1339 1065 1411 presbyteros
1102 1340 1392 1408 Ecclesia;
1423 1348 1481 1396 et
1503 1350 1663 1396 orent
1709 1355 1876 1410 super
1903 1355 2051 1405 eum,

460 1440 734 1502 ungentes
755 1448 884 1487 eum
929 1433 1053 1489 oleo
1089 1433 1146 1488 in
1173 1434 1395 1489 nomine
1453 1433 1705 1500 Domini;
1759 1440 1816 1487 et
1874 1434 2052 1488 oratio

459 1526 585 1582 fidei
613 1526 849 1582 salvabit
874 1527 1176 1594 inﬁrmum,
1202 1534 1259 1582 et
1280 1526 1560 1582 alleviabit
1584 1525 1738 1580 illum
1755 1526 2048 1581 Dominus:

458 1629 515 1674 et
542 1621 589 1676 si
624 1621 679 1675 in
706 1621 955 1692 peccatis
979 1621 1071 1686 sit,
1102 1620 1457 1676 remittentur
1480 1619 1534 1674 ei
1561 1620 1626 1672 ³⁸.
1675 1638 1693 1670 ι

532 1712 695 1782 212
730 1711 927 1767 PALL.
954 1711 1197 1784 Auguria
1236 1710 1405 1782 igitur
1429 1718 1487 1765 et
1519 1709 1829 1765 carminum
1855 1710 2048 1764 incan-

2167 517 2260 569 καὶ
2285 512 2656 577 πεπίστευκας
2689 511 2927 584 ἀληθῶς,
2954 512 3036 565 ὅτι
3066 510 3128 564 τὸ
3148 510 3354 581 Κύριος
3375 508 3629 574 Σαϐαὼθ,
3653 514 3744 566 καὶ

2161 610 2219 662 αί
2262 606 2462 660 τοιαίδε
2514 604 2736 677 κλήσεις
2776 602 2842 668 ἀς
2871 603 2991 673 Θεῷ
3034 603 3117 674 τῷ
3163 603 3307 657 κατὰ
3348 603 3574 675 φύσινῆ
3625 607 3744 660 θεία

2162 697 2461 771 προσνέμει
2487 697 2702 770 Γραφὴ,
2732 696 2948 751 λυτικαί
2971 712 3053 749 σοι
3075 696 3398 767 γενήσονται
3422 695 3518 749 τοῦ
3550 698 3743 760 κακοῦ,

2161 789 2324 854 αὐτὸς
2365 789 2507 859 ὑπὲρ
2549 786 2774 842 σεαυτοῦ
2812 786 3250 860 προσευχόμενος
3272 826 3287 853 ,
3330 787 3607 857 ἀναφὼνει
3644 788 3746 853 τάς

2160 882 2359 949 λέξεις·
2412 883 2637 954 ἄμεινον
2680 880 2792 953 γάρ
2834 882 2868 954 ἢ
2929 883 3129 935 ἐκεῖνοι
3171 880 3418 948 δράσεις,
3476 880 3596 952 Θεῷ
3644 882 3745 953 τὴν

2157 976 2319 1041 δόξαν
2340 975 2635 1041 ἀνατιθεὶς,
2670 975 2766 1029 καὶ
2792 974 2912 1045 οὐχὶ
2933 975 3047 1036 τοῖς
3074 972 3406 1045 ἀκαθάρτοις
3444 974 3743 1045 πνεύμασι.

2159 1068 2528 1139 Μεμνήσομαι
2553 1068 2611 1121 δὲ
2637 1067 2732 1120 καὶ
2761 1065 2862 1136 τῆς
2896 1064 3281 1120 θεοπνεύστου-
3302 1065 3529 1135 Γραφῆς
3552 1065 3747 1135 λεγού-

2161 1177 2261 1231 σης
2283 1177 2295 1189 ·
2335 1179 2354 1212 ς
2408 1160 2650 1212 Ἀσθενεῖ
2688 1176 2771 1223 τις
2801 1160 2858 1212 ἐν
2898 1158 3067 1229 ὑμῖν;
3100 1157 3572 1230 προσκαλεσάσθω
3614 1159 3746 1222 τοὺς

2156 1250 2565 1323 πρεσϐυτέρους
2599 1251 2701 1321 τῆς
2737 1249 3086 1321 Ἐκκλησίας,
3125 1249 3218 1303 καὶ
3247 1248 3747 1320 προσευξάσθωσαν

2157 1345 2243 1397 ἐπ’
2266 1341 2438 1413 αὐτῷ,
2466 1342 2788 1412 ἀλείψαντες
2812 1342 2975 1397 αὐτὸν
3003 1341 3187 1412 ἐλαίῳ,
3215 1344 3273 1395 ἐν
3295 1340 3374 1411 τῷ
3398 1342 3624 1413 ὀνόματι
3645 1341 3746 1395 τοῦ

2155 1437 2362 1508 Κυρίου
2385 1453 2396 1465 ·
2427 1436 2522 1489 καὶ
2537 1437 2570 1505 ή
2603 1435 2738 1506 εὐχὴ
2759 1436 2859 1507 τῆς
2883 1435 3122 1499 πίστεως
3138 1433 3305 1488 σώσει
3321 1434 3412 1487 τὸν
3444 1436 3744 1504 κάμνοντα,

2155 1531 2251 1584 καὶ
2289 1531 2477 1600 ἐγερεῖ
2504 1527 2663 1581 αὑτὸν
2689 1530 2717 1581 6
2758 1528 2980 1599 Κύριος,
3011 1526 3114 1581 κᾶν
3140 1526 3417 1598 ἁμαρτίας
3508 1543 3744 1598 πεποιη-

2154 1622 2286 1687 κὼς,
2315 1621 2646 1692 ἀφεθήσεται
2665 1619 2831 1687 αὐτῷ.
2876 1638 2894 1669 ι

2224 1717 2433 1770 ΠΔΛΛ.
2462 1714 2836 1768 Οἰωνοσκοπία
2863 1713 2927 1784 δὴ
2952 1708 3065 1776 οὖν,
3091 1713 3184 1767 καὶ
3211 1713 3310 1784 μέν
3336 1730 3417 1765 τοι
3441 1713 3537 1766 καί
3561 1711 3747 1783 ἐπῳδὴ

464 1805 597 1859 tatio
619 1812 1009 1870 numerentur,
1032 1804 1079 1859 si
1103 1806 1305 1874 placet,
1330 1804 1474 1860 inter
1497 1819 1583 1868 ea,
1606 1817 1729 1872 qua
1758 1802 1878 1872 lege
1897 1801 2052 1856 dam-

2161 1807 2533 1880 συντετάχθω,
2567 1808 2616 1860 εί
2636 1807 2802 1871 δοκεῖ,
2832 1809 2946 1870 τοῖς
2975 1808 3040 1859 ἐκ
3077 1806 3246 1876 νόμου
3274 1804 3745 1876 διαϐεϐλημένοις,

460 1908 681 1967 nantur,
709 1908 765 1956 et
810 1916 933 1971 qua:
972 1916 1002 1954 a
1038 1901 1159 1957 Deo
1184 1900 1504 1970 turpissima
1547 1907 1602 1954 et
1631 1899 1865 1955 maxime
1888 1914 2044 1955 exse-

2159 1904 2243 1957 ιιαὶ
2280 1906 2396 1967 τοῖς
2443 1903 2502 1955 ἐν
2549 1901 2807 1971 αἰσχίστῃ
2858 1901 2952 1953 καὶ
3002 1898 3387 1971 βδελυρωτάτῃ
3422 1897 3548 1969 δόξῃ
3592 1897 3750 1967 παρά

460 1987 663 2043 oranda
688 1986 1030 2059 judicantur.

528 2078 686 2134 (ΠΒ.
727 2080 960 2136 Maxime
996 2096 1147 2137 vero.
1187 2081 1324 2137 Illud
1362 2081 1531 2138 etiam
1566 2083 1900 2148 addiderim,
1925 2082 2051 2138 aliis

458 2188 680 2242 quoque
726 2172 1009 2252 modisin
1062 2174 1237 2229 Deum
1286 2175 1582 2246 injuriosos
1620 2191 1743 2232 esse
1782 2190 1965 2245 posse,
1992 2182 2049 2229 et

459 2279 572 2318 ante
611 2280 889 2335 quemque
940 2282 1071 2337 erga
1102 2282 1232 2321 eum
1268 2267 1572 2338 impietatis
1616 2282 1771 2326 reum
1821 2265 1958 2331 fore,
1987 2281 2052 2320 ac

459 2368 649 2421 pinnas
676 2354 961 2420 daturum,
995 2355 1041 2410 si
1075 2357 1333 2428 perjurus
1360 2358 1489 2423 erit,
1532 2365 1627 2412 aut
1666 2358 2050 2429 blasphemum

458 2445 680 2515 aliquod
740 2447 1012 2512 verbum,
1078 2458 1136 2503 et
1192 2449 1496 2504 absurdum
1543 2449 1612 2504 de
1642 2450 1733 2506 illa
1793 2464 2051 2520 suprema

461 2538 1022 2609 prtestantissimaque
1060 2539 1234 2609 gloria
1273 2540 1494 2596 dixerit.
1536 2542 1673 2596 lllud
1709 2542 1857 2597 enim
1896 2542 2053 2612 prius

462 2630 542 2685 ira
574 2647 809 2698 summa,
842 2631 1274 2703 gravissimaque
1312 2650 1474 2704 poena
1515 2635 1846 2702 vindicatur,
1892 2635 2049 2700 falce,

462 2733 523 2778 ut
547 2723 814 2794 scriptum
865 2732 970 2790 est,
1025 2735 1386 2783 consumente
1441 2730 1649 2801 perjuri
1703 2730 1949 2796 domum,
1996 2742 2053 2787 et

461 2816 719 2872 funditus
747 2825 1029 2872 evertente
1068 2835 1081 2871 :
1117 2837 1136 2868 ι
1167 2818 1512 2889 lngredietur
1555 2821 1724 2887 enim,
1761 2821 1957 2892 inquit,
1995 2822 2052 2877 in

460 2911 688 2965 domum
718 2910 878 2977 furis,
902 2919 958 2965 et
981 2911 1039 2965 in
1060 2910 1286 2966 domum
1316 2912 1559 2982 jurantis
1581 2912 1637 2967 in
1675 2914 1898 2970 nomine
1930 2931 2053 2971 meo

463 3003 826 3070 mendaciter,
851 3011 908 3059 et
940 3005 1257 3075 requiescet
1289 3005 1347 3060 in
1385 3005 1572 3061 medio
1595 3007 1794 3063 domus
1818 3009 1961 3080 ejus,
1996 3018 2053 3064 et

2146 1995 2287 2065 Θεῷ.
2315 2032 2321 2037 -

2221 2089 2388 2143 ΚΥΡ.
2430 2088 2544 2143 Καὶ
2575 2087 2719 2158 μάλα
2744 2128 2758 2151 ,
2805 2084 3103 2155 προσθείην
3135 2084 3183 2137 δ’
3220 2083 3305 2145 ἂν,
3354 2085 3437 2137 ὅτι
3481 2085 3575 2138 καὶ
3617 2076 3751 2136 καθ’

2150 2182 2367 2253 ἐτέρους
2399 2180 2489 2233 τὸν
2513 2180 2645 2233 Θεὸν
2669 2178 2965 2250 ύϐριοῦμεν
2992 2179 3249 2246 τρόπους,
3276 2179 3373 2233 καὶ
3399 2178 3497 2247 τῆς
3525 2177 3605 2239 είς
3637 2176 3747 2229 αὐ·-

2150 2274 2241 2328 τὸν
2275 2271 2596 2335 δυσσεϐείας
2621 2270 2776 2340 ϐφλοι
2812 2288 2896 2335 τις
2937 2270 3005 2325 ἀν
3031 2271 3252 2343 γραφήν
3288 2287 3349 2323 τε
3398 2270 3495 2323 καὶ
3530 2266 3747 2337 λόγους,

2149 2368 2210 2421 τὸ
2241 2367 2557 2438 ψευδορκεῖν
2586 2364 2894 2437 ᾑρημένος,
2922 2364 3017 2419 καὶ
3042 2364 3104 2417 τὸ
3137 2363 3388 2436 παλίμφη
3400 2362 3498 2435 μόν
3524 2380 3597 2426 τι,
3647 2360 3750 2415 καὶ
3850 2394 3861 2403 ι

2151 2458 2364 2531 ἀπηχὲς
2402 2461 2578 2512 εἰπεῖν
2606 2457 2751 2511 κατά
2788 2474 2851 2527 γε
2882 2458 2980 2529 τῆς
3015 2457 3327 2529 ύπερτάτης
3360 2456 3455 2511 καῖ⁵
3484 2457 3751 2511 ἀνωτάτω

2150 2550 2329 2623 δόξης.
2369 2551 2443 2604 Τὸ
2473 2550 2571 2621 μὲν
2611 2549 2720 2622 γάρ
2754 2548 3043 2613 κολάζεται
3074 2552 3143 2621 τῇ
3178 2550 3411 2604 είσάπαν
3448 2550 3611 2621 ὀργῇ,
3651 2550 3749 2602 καὶ

2152 2645 2367 2715 ἀσχὲτῳ
2395 2644 2576 2715 ποινῇ,
2609 2642 2993 2706 συντελοῦντος
3029 2640 3124 2696 τοῦ
3152 2642 3446 2713 δρεπάνου,
3475 2641 3620 2696 καθά
3649 2642 3744 2710 γέ-

2153 2755 2398 2810 γραπται
2420 2779 2434 2801 ,
2470 2738 2569 2809 τὴν
2597 2735 2692 2791 τοῦ
2726 2734 3156 2810 ψευδορκοῦντος
3193 2736 3414 2801 ἑστίαν,
3450 2735 3546 2789 καὶ
3572 2752 3743 2788 κατα-

2155 2829 2396 2892 σείοντος
2423 2829 2503 2891 είς
2522 2827 2584 2881 τὸ
2607 2828 2899 2892 παντελές’
2936 2847 2955 2880 ι
2989 2827 3373 2881 Είσελεύσεται
3397 2826 3527 2897 γάρ,
3558 2826 3745 2895 φησιν.

2154 2923 2235 2986 είς
2280 2921 2373 2976 τὸν
2406 2917 2555 2975 οἷκον
2596 2920 2691 2974 τοῦ
2732 2920 2969 2975 κλέπτου
2992 2962 3007 2987 ,
3052 2920 3147 2976 καὶ
3195 2920 3276 2984 είς
3321 2920 3413 2973 τὸν
3457 2913 3607 2972 οἷκον
3650 2916 3748 2971 τοῦ

2154 3015 2450 3085 ὀμνύοντος
2475 3013 2554 3085 τῷ
2584 3014 2809 3086 ὀνόματί
2842 3003 2942 3085 μου
2974 3013 3068 3068 ἐπὶ
3092 3012 3298 3083 ψεύδει,
3329 3011 3423 3066 καὶ
3455 3009 3750 3065 καταλύσει

461 3105 752 3163 consumet
788 3112 933 3162 eam,
982 3104 1038 3151 et
1078 3096 1226 3168 ligna
1264 3098 1407 3168 ejus,
1444 3104 1501 3151 et
1528 3097 1740 3168 lapides
1759 3099 1881 3170 ejus
1909 3100 1991 3152 ³¹;
2028 3120 2045 3151 ι

2159 3110 2215 3161 ὲν
2252 3107 2402 3179 μέσῳ
2424 3106 2517 3161 τοῦ
2546 3107 2697 3161 οίκου
2733 3104 2923 3169 αὐτοῦ,
2956 3105 3051 3159 καὶ
3087 3103 3397 3158 συντελέσει
3427 3102 3587 3155 αὐτὸν
3607 3142 3621 3168 ,
3649 3102 3751 3153 καὶ

464 3189 602 3245 Illud
619 3204 750 3244 vero
772 3190 1008 3248 alterum
1038 3201 1217 3245 morte
1239 3205 1307 3245 ac
1325 3204 1588 3261 supremo
1611 3191 1886 3262 supplicio
1908 3192 2053 3247 mul-

466 3291 630 3337 tatur.
659 3279 779 3338 Non
806 3283 991 3353 itaque
1011 3282 1069 3337 in
1096 3297 1155 3338 re
1179 3280 1314 3337 falsa
1328 3282 1663 3353 iurandum;
1689 3283 1801 3339 imo
1827 3299 1960 3338 vero
1986 3298 2056 3338 ne

459 3376 757 3446 jnrandum
785 3376 1011 3447 quidem
1037 3374 1263 3430 omnino
1287 3391 1300 3427 :
1327 3374 1381 3430 id
1416 3375 1567 3430 enim
1592 3374 1783 3431 docuit
1806 3391 1907 3431 nos
1933 3374 2055 3430 Sal-

463 3482 641 3537 vator,
667 3487 797 3527 cum
820 3471 988 3538 dixit;
1020 3470 1133 3527 rSit
1150 3478 1336 3526 autem
1360 3486 1546 3527 sermo
1568 3481 1774 3535 vester,
1797 3470 1913 3535 Est,
1940 3478 2053 3535 est;

465 3574 522 3621 et
560 3564 704 3630 Non,
731 3578 843 3618 non
874 3563 1063 3634 :quod
1114 3571 1300 3619 autem
1354 3563 1443 3618 bis
1468 3563 1843 3629 abundantius
1892 3569 1997 3627 est,
2026 3577 2058 3617 a

466 3657 688 3713 diabolo
711 3663 798 3712 est
834 3656 900 3710 ³³.
934 3676 953 3707 ι
993 3656 1182 3727 Neque
1218 3657 1390 3722 enim,
1421 3656 1515 3727 qui
1539 3671 1734 3727 graves
1758 3655 2054 3720 habentur,

467 3758 524 3803 et
550 3749 813 3804 virtutem
845 3747 951 3804 sibi
986 3749 1143 3819 quasi
1172 3749 1627 3804 contubernalem
1675 3748 1946 3813 fecerunt,
1991 3747 2088 3803 iis-

469 3843 695 3897 omnino
719 3841 1084 3913 jurisjurandi
1109 3842 1254 3896 ullus
1278 3842 1387 3895 erit
1419 3857 1553 3895 usus
1580 3857 1592 3893 :
1624 3857 1751 3895 nam
1788 3840 2057 3912 ejusmodi

470 3938 755 3993 hominum
789 3938 902 3992 vita
942 3936 1091 4008 apud
1129 3936 1353 4005 pietatis
1378 3944 1653 3991 amatores
1692 3943 1840 3990 certe
1862 3950 2059 4005 magno

472 4032 527 4084 in
548 4031 728 4100 pretio
753 4037 857 4095 est,
894 4046 1076 4100 neque
1113 4030 1192 4084 illi
1218 4028 1356 4084 tides
1389 4044 1501 4083 non
1527 4028 1723 4084 haberi
1758 4028 1934 4093 solet;
1972 4045 2056 4092 ac,

470 4121 515 4175 si
540 4121 672 4192 quid
699 4122 824 4177 talis
851 4121 937 4176 vir
954 4122 1094 4176 forte
1133 4121 1360 4185 dixerit,
1390 4120 1539 4175 illico
1575 4119 1681 4175 [ide
1714 4119 2059 4175 audientium

418 4248 422 4252 -
470 4214 762 4285 excipitur.
787 4213 873 4270 Sit
896 4213 1063 4285 igitur
1084 4214 1213 4269 vita:
1237 4223 1437 4269 nostrae
1472 4212 1613 4268 ratio
1645 4213 1929 4283 prmclara,
1961 4228 2061 4266 ne-

470 4324 578 4377 quc
627 4308 776 4363 ullus
794 4307 904 4363 crit
942 4306 1229 4378 profecto,
1268 4313 1330 4361 ut
1368 4321 1470 4376 ego
1521 4305 1797 4370 arbitror,
1838 4303 2060 4375 jurandi

473 4414 623 4453 usus.
652 4397 749 4453 Sin
772 4412 914 4468 opus
932 4398 1042 4451 erit
1062 4395 1382 4466 aliquando,
1412 4393 1561 4465 quod
1584 4394 1874 4457 honorem,
1895 4407 2059 4463 quem

2155 3198 2224 3251 τά
2253 3195 2386 3261 ξύλα
2412 3195 2603 3263 αὑτοῦ,
2634 3196 2729 3250 καὶ
2755 3196 2885 3260 τοὺς
2923 3194 3106 3258 λίθους
3140 3192 3330 3248 αὐτοῦ.
3366 3211 3385 3243 ι
3424 3191 3661 3263 Θάτερόν
3685 3207 3750 3260 γε

2159 3290 2288 3360 μὴν,
2337 3289 2397 3343 τὸ
2442 3289 2765 3345 ἐκτεθνάναι
2804 3289 2915 3342 δεῖν
2938 3330 2953 3353 ,
3002 3287 3098 3342 καὶ
3131 3285 3195 3339 τὸ
3230 3286 3451 3340 πάντων
3489 3285 3752 3339 ἐπέκεινα

2154 3386 2264 3437 τῶν
2290 3383 2478 3437 κακῶν
2507 3383 2653 3453 ἔχειν
2685 3381 2786 3453 τὴν
2815 3380 2995 3453 δίκην.
3043 3378 3165 3451 Χρὴ
3195 3376 3489 3450 τοιγαροῦν
3517 3375 3752 3448 ὀμνύναι

2160 3478 2236 3548 μὴ
2270 3478 2365 3530 ἐπὶ
2404 3476 2625 3547 ψεύδεν
2665 3475 2869 3546 μᾶλλον
2899 3473 2958 3528 δὲ
2993 3474 3116 3545 μηδ’
3146 3471 3285 3535 ὅλως
3312 3470 3559 3543 ὀμνύναι.
3587 3468 3753 3522 Τουτὶ

2155 3566 2266 3637 γάρ
2292 3567 2440 3638 ἡμᾶς
2470 3564 2707 3632 ἐδίδαξεν
2740 3566 2768 3618 6
2800 3564 3012 3636 Σωτὴρ,
3043 3563 3253 3632 λέγων·
3290 3580 3311 3612 ι
3354 3559 3541 3615 Ἔστω
3572 3559 3750 3629 ὑμῶν,

2156 3659 2219 3712 τὸ
2244 3659 2373 3725 Ναὶ,
2400 3658 2517 3723 ναὶ,
2543 3656 2722 3711 καὶτὸ
2742 3654 2842 3723 Οὒ,
2870 3654 2953 3711 οὕ·
2988 3654 3050 3709 τὸ
3078 3655 3135 3708 δὲ
3160 3654 3412 3727 περισσὸν
3437 3653 3663 3713 τούτων.
3688 3654 3756 3707 ἐκ

2158 3753 2253 3809 τοῦ
2269 3753 2516 3807 διαϐόλου
2535 3752 2703 3806 ἐστίν.
2727 3751 2980 3824 [Ὅρκου
3000 3749 3110 3822 γὰρ
3131 3749 3269 3814 ὅλως
3288 3748 3390 3803 οὐκ
3412 3747 3567 3802 ἔσται
3595 3745 3757 3819 χρεία

2158 3848 2271 3910 τοῖς
2294 3847 2351 3900 ἐν
2377 3845 2645 3916 ὑπολήψει
2667 3844 3021 3917 σεμνότητος,
3049 3844 3144 3897 καὶ
3169 3843 3414 3897 σύνοικον
3438 3841 3587 3894 ὥσπε
3597 3858 3630 3912 ρ
3657 3856 3757 3894 πε-

2161 3938 2481 4009 ποιημένοις
2509 3935 2607 4007 τὴν
2645 3936 2881 4006 ἀρετήν’
2934 3934 3292 4006 ἐκτετίμηται
3318 3934 3428 4003 γάρ
3458 3933 3580 3987 λίαν
3604 3930 3758 4002 παρὰ

2160 4034 2274 4095 τοῖς
2308 4029 2594 4093 εὐσεϐείας
2621 4030 2884 4100 ἐρασταῖς
2915 4026 3023 4080 τῶν
3050 4026 3311 4080 τοιούτων
3333 4026 3362 4078 6
3402 4025 3540 4094 βίος,
3573 4025 3670 4078 καὶ
3693 4023 3756 4076 τὸ

2161 4121 2513 4177 ἀπιστεῖσθαι
2558 4122 2740 4193 μισεῖν
2767 4136 2781 4150 ·
2809 4119 2917 4174 κᾶν
2944 4119 2998 4173 εῐ
3033 4135 3085 4173 τι
3131 4117 3424 4189 φθέγγοιτο
3450 4116 3614 4189 τυχὸν
3635 4157 3650 4180 ,
3685 4118 3753 4186 τῇ

2166 4216 2279 4270 τῶν
2317 4213 2688 4287 ἀκροωμένων
2730 4211 2894 4276 εὐθὺς
2922 4208 3281 4282 στεφανοῦται
3325 4210 3528 4263 πίστει.
3572 4209 3773 4262 Ἔστω·

2164 4304 2459 4380 τοιγαροῦν
2482 4306 2644 4380 ὴμῶν
2683 4306 2916 4379 εὐκλεὴς
2943 4307 2971 4360 6
2994 4303 3129 4376 βίος,
3154 4302 3251 4358 καὶ
3274 4302 3511 4373 ἀργήσει
3535 4301 3756 4363 πάντως

2167 4419 2292 4465 που,
2324 4399 2579 4473 καθάπερ
2617 4393 2854 4470 ἐγῷμαι,
2885 4398 2982 4452 καῖ
3021 4399 3055 4467 ἡ
3089 4394 3185 4451 τοῦ
3213 4392 3533 4465 διόμνυσθαι
3571 4391 3754 4463 χρεία.

472 4489 677 4545 sanctis
696 4489 836 4543 viris
857 4488 1051 4544 haberi
1072 4487 1353 4551 convenit,
1370 4486 1620 4541 nonnulli
1644 4484 1921 4540 interdum
1936 4499 2057 4553 par-

2166 4492 2228 4545 Εί
2251 4491 2307 4544 δὲ
2327 4491 2391 4562 δή
2418 4509 2520 4545 που
2544 4490 2776 4559 γένοιτο,
2805 4486 3023 4558 καὶτῆς
3052 4487 3133 4551 εἰς
3165 4484 3353 4554 ἁγίους
3374 4484 3539 4555 τιμῆς
3562 4482 3759 4552 ὀλιγω-

470 4581 793 4652 vipendant,
825 4581 971 4634 Deus
1013 4580 1168 4635 testis
1188 4580 1258 4635 ad
1291 4576 1677 4650 jusjurandum
1698 4575 2058 4641 adhibeatur;

472 4689 653 4744 neque
683 4673 917 4727 ullarum
956 4671 1188 4726 aliarum
1220 4685 1407 4726 rerum
1441 4683 1643 4723 nomen
1668 4667 1951 4723 alleratur.
1975 4666 2063 4720 ln-

472 4764 816 4820 considerate
838 4779 1076 4835 namque
1091 4765 1203 4835 jam
1237 4759 1568 4817 nonnulliad
1588 4758 1773 4813 futiles
1796 4758 2063 4813 vanitates

475 4865 729 4928 pergunt,
765 4855 1015 4926 nihilque
1053 4854 1262 4910 referre
1286 4851 1520 4923 ﬁngunt,
1549 4866 1675 4906 cum
1707 4865 1808 4920 per
1839 4850 2061 4915 coelum,

475 4966 573 5021 per
595 4950 895 5021 .justitiam,
930 4965 1029 5020 per
1065 4946 1378 5003 Adrastiam
1423 4944 1647 5007 dicant,
1695 4959 1795 5014 per
1831 4944 2011 4999 lucem
2042 4985 2056 5008 ,

474 5056 570 5110 per
598 5040 907 5096 lucernam.
943 5037 1088 5105 Quin
1133 5036 1301 5091 etiam
1332 5035 1439 5089 alia
1473 5033 1724 5104 quaedam
1761 5049 1862 5089 suo
1907 5034 2058 5087 arbi-

477 5140 622 5186 tratu
672 5131 1015 5202 colligentes,
1049 5128 1300 5184 fortassis
1336 5126 1502 5182 etiam
1527 5125 1623 5197 pie
1652 5141 1710 5181 se
1740 5126 1922 5181 facere
1955 5141 2060 5195 pu-

480 5231 616 5285 tant,
650 5238 777 5277 cum
829 5224 928 5277 Dei
983 5236 1187 5276 nomen
1235 5219 1510 5290 rejiciant,
1544 5228 1601 5273 et
1645 5236 1729 5283 ea,
1765 5235 1889 5288 qua:
1917 5218 2067 5271 illius

477 5325 637 5379 nutu,
661 5323 722 5370 ut
751 5323 958 5379 essent,
993 5323 1188 5369 vocata
1227 5321 1376 5377 sunt,
1410 5312 1603 5383 gloria,
1642 5326 1765 5381 quze
1790 5312 1903 5365 Deo
1931 5325 2067 5363 con-

2169 4583 2407 4655 ρούντων
2449 4582 2562 4635 ἐσθ’
2611 4581 2700 4635 ὅτε
2746 4580 2930 4644 τινῶν,
2974 4579 3159 4651 ὅρκιος
3199 4578 3341 4631 ἔστω
3381 4575 3533 4639 Θεὸς,
3575 4572 3651 4645 μὴ
3697 4572 3759 4625 τὸ

2166 4676 2370 4746 ἐτέρων
2401 4674 2573 4743 ὄνομα
2599 4667 3064 4742 παρακομιζέσθω
3085 4668 3267 4723 τινῶν.
3308 4661 3758 4736 Ἀπερισκέπτως

2167 4766 2276 4837 γάρ
2316 4765 2418 4835 ἤδη
2457 4763 2603 4825 τινὲς
2628 4763 2709 4825 είς
2741 4760 3005 4823 ἐκλύτους
3046 4759 3217 4822 ίόντες
3247 4753 3556 4826 ἑξιτηλίας,
3600 4750 3759 4805 ἀδια-

2169 4859 2359 4930 φορεῖν
2389 4854 2827 4910 ὑποπλάττονται
2845 4894 2861 4919 ,
2892 4853 2960 4925 νὴ
2989 4852 3082 4908 τὸν
3109 4848 3360 4923 οὐρανὸν,
3391 4848 3425 4919 ἢ
3454 4845 3555 4917 τὴν
3576 4844 3756 4914 δίκην,

2168 4950 2233 5022 νὴ
2252 4949 2353 5020 τὴν
2394 4946 2743 5017 Ἀδράστειαν
2773 4946 3046 5014 λέγοντες,
3086 4945 3153 5015 νὴ
3182 4942 3243 4996 τὸ
3276 4940 3416 5011 φῶς,
3450 4939 3516 5009 νὴ
3544 4937 3635 4991 τὸν
3661 4934 3757 4988 λύ-
3809 4964 3815 4971 .

2168 5058 2314 5115 χνον.
2350 5039 2557 5110 Ἕτερά
2579 5057 2638 5093 τε
2662 5039 2797 5091 ἄττα
2822 5035 2964 5092 κατά
2987 5036 3049 5090 τὸ
3082 5034 3235 5105 σφίσι
3259 5030 3450 5089 δοκοῦν
3474 5027 3759 5097 συλλέγον-

2168 5146 2287 5192 τες,
2334 5129 2475 5199 τάχα
2522 5145 2625 5180 που
2666 5127 2761 5181 καὶ
2804 5124 3049 5180 εὐσεϐεῖν
3099 5124 3325 5188 οἴονται,
3364 5120 3428 5173 τὸ
3480 5117 3581 5189 μὲν
3617 5116 3763 5169 θεῖον

2166 5221 2340 5292 ὄνομα
2378 5194 2818 5291 παρωθούμενοι,
2848 5220 2914 5289 τῇ
2941 5217 2997 5272 δὲ
3023 5214 3312 5288 πρεπούσῃ
3340 5210 3461 5281 Θεῷ
3486 5194 3779 5280 καταχρυ-’

2171 5312 2391 5377 σοῦντες
2424 5312 2554 5385 δόξῃ
2582 5312 2652 5366 τὰ
2675 5314 2788 5377 τοῖς
2816 5310 2981 5365 αὐτοῦ
3013 5310 3247 5379 νεύμασι
3276 5305 3594 5376 κεκλημὲνα
3625 5303 3764 5373 πρὸς

479 5408 659 5473 venit,
696 5415 988 5462 exornent.
1027 5405 1353 5478 Hujusmodi
1398 5406 1637 5476 quodam
1674 5420 1868 5459 errore
1913 5403 2057 5457 labo-

2169 5408 2404 5476 γένεσιν.
2441 5406 2714 5475 Τοιαύτην
2739 5403 2866 5459 τινὰ
2897 5403 3165 5474 πλάνησιν
3193 5398 3594 5471 ἠῤῥωστηκότα
3622 5395 3764 5451 κατὰ

480 5514 630 5554 rassc
659 5498 935 5553 interdum
960 5498 1216 5554 lsraelem
1252 5498 1613 5568 reperiemus.
1637 5496 1771 5550 Nam
1802 5495 2057 5565 templum

2171 5499 2397 5569 καιροὺς
2452 5497 2544 5551 τὸν
2612 5494 2828 5568 Ἰσραὴλ
2885 5495 3214 5567 εὑρήσομεν.
3278 5488 3761 5562 Ὀμολογουμὲνως

482 5591 638 5655 illud,
681 5591 827 5661 quod
879 5591 1273 5665 Hierosolymis
1305 5591 1649 5652 habebatur,
1691 5587 2057 5657 proculdubic

2171 5592 2276 5664 γὰρ
2312 5592 2389 5662 τῷ
2424 5591 2541 5663 Θεῷ
2585 5592 2673 5645 τὴν
2716 5592 2771 5642 ἐν
2813 5592 2925 5652 τοῖς
2971 5586 3366 5658 Ἰεροσολύμοις
3408 5583 3764 5655 ἀνεδείμαντο

552 5776 591 5810 δί
627 5775 812 5831 Iacob.
856 5795 904 5841 ν,
948 5776 1030 5839 li,
1068 5775 1150 5831 13.

1220 5779 1260 5807 ³²
1293 5776 1455 5832 Zztr‘h.
1488 5794 1538 5827 γ.
1574 5775 1624 5826 5.
1708 5776 1748 5805 ³³
1780 5774 1968 5829 Matth.
1994 5792 2047 5839 ι,
2072 5774 2160 5828 57.
