4104 6460
352 341 469 399 673

1115 341 1206 397 DE
1245 339 1694 400 ADORATIONE
1733 347 1802 403 IN
1846 347 2122 406 SPIRITU
2162 350 2253 406 ET
2292 348 2660 405 VERITA'I'E.
2701 351 2829 406 LIB.
2877 351 2962 406 Vl.

3555 356 3660 417 6'"

344 463 511 524 ναιιν,
548 460 644 514 καὶ
677 460 767 515 ἐπ’
801 457 953 531 αὐτῷ
992 459 1057 532 δὴ
1090 461 1269 533 τούτῳ
1299 461 1627 535 φρονοῦντες
1659 463 1836 534 μέγα,
1870 465 1945 516 κα

2077 464 2133 517 in
2157 464 2427 524 honorem
2464 470 2561 526 Dei
2602 479 3011 537 exstruxerant,
3033 480 3239 527 etcum
3285 472 3358 528 ob
3391 488 3515 529 eam
3541 490 3660 531 rem

344 553 465 607 τῶν
493 553 580 616 είς
624 551 912 606 εὐσέϐειαν
956 551 1295 625 αὐχημάτων
1339 552 1473 607 εἴσω
1502 552 1756 623 γενέσθαι
1795 570 1958 631 πεπι-

348 644 675 711 στευκότες,
724 644 817 698 καὶ
870 643 1310 718 ἀξιολογωτάτην
1350 642 1411 701 εὖ
1464 646 1610 718 μάλα
1651 647 1754 718 τὴν
1800 648 1959 713 δόξαν

344 735 500 788 ἑλεῖν
526 735 641 789 τῶν
673 737 826 806 σφίσι
845 735 1258 808 διηγγελμένων
1285 736 1375 791 διὰ
1401 736 1498 790 τοῦ
1520 736 1799 806 πανσόφου
1824 738 1957 791 Μω-

348 845 496 893 σεως
541 829 708 898 ὀλίγα
735 830 1124 902 φροντίσαντες
1151 830 1610 904 ἀπεριμερίμνως
1635 830 1920 902 ἡλίσκοντο
1941 849 1955 863 ο

353 923 465 976 ἀλλ’
499 923 589 977 ὅτι
621 922 684 977 τό
712 924 908 997 χρῆμα
928 924 1112 988 αὐτοῖς
1141 925 1200 978 οὐ
1233 924 1372 997 πρὸς
1399 924 1652 980 εὔκλειαν
1680 924 1836 980 ἔσται
1860 944 1957 980 πο-

349 1016 463 1079 θὲν,
488 1015 587 1069 καὶ
612 1016 880 1085 γάννυται
905 1016 963 1069 δὲ
994 1017 1116 1089 οὐχὶ
1143 1019 1264 1081 ταῖς
1289 1020 1355 1072 ὲκ
1378 1017 1549 1073 λίθων
1571 1019 1906 1091 οίκοδομίαις
1931 1024 1959 1075 6

342 1109 509 1175 Θεὸς,
551 1108 805 1164 ἐδίδασκε
828 1110 1004 1180 λέγων
1023 1127 1037 1139 ·
1074 1130 1094 1164 ‹
1141 1111 1201 1164 '0
1228 1112 1460 1184 οὐρανός
1483 1130 1575 1184 μοι
1599 1113 1810 1184 θρόνος,
1839 1116 1874 1186 ἡ
1899 1115 1955 1168 δὲ

340 1206 418 1275 γῆ
454 1204 758 1258 ὑποπόδιον
792 1203 902 1258 τῶν
935 1204 1114 1259 ποδῶν
1149 1222 1274 1277 μου.
1301 1206 1462 1259 Ποῖον
1490 1203 1640 1262 οἶκον
1671 1207 1956 1280 οίκοδομή-

342 1298 474 1350 σετέ
508 1314 636 1367 μοι;
674 1298 708 1370 ἢ
738 1296 824 1361 τίς
845 1298 1011 1359 τόπος
1047 1298 1147 1370 τῆς
1188 1297 1593 1365 καταπαύσεώς
1630 1318 1765 1372 μου;
1802 1300 1953 1368 λέγει

341 1388 582 1455 Κύριος.
620 1409 638 1439 ι
694 1388 1034 1462 Ἐμπίπλησι
1078 1391 1190 1463 γὰρ
1238 1391 1307 1446 τὰ
1335 1392 1513 1447 πάντα
1554 1393 1709 1459 θεὸς,
1737 1394 1831 1447 καὶ
1855 1397 1953 1448 ἐπ-

341 1482 698 1537 αναπαύεται
724 1484 826 1554 μὲν
853 1484 1090 1556 οὐρανῷ,
1115 1484 1364 1556 διήκειδὲ
1380 1487 1475 1540 καὶ
1495 1486 1590 1539 ἐπὶ
1606 1489 1705 1558 τῆς
1737 1487 1863 1557 γῆς·
1890 1489 1950 1541 οὐ

339 1577 459 1647 γὰρ
506 1579 565 1629 ὲν
605 1574 757 1648 ποσῷ
784 1577 846 1630 τὸ
888 1576 1052 1643 θεῖον,
1101 1577 1220 1630 ἀλλ’
1256 1576 1448 1647 ὥσπερ
1481 1578 1629 1632 ἐστὶν
1677 1578 1952 1633 ἀπωτάτω

340 1671 661 1739 φαντασίας
694 1672 1040 1744 σωματικῆς,
1079 1671 1224 1726 οὕτω
1265 1672 1362 1727 καὶ
1388 1672 1561 1727 τόπου
1594 1672 1689 1727 καὶ
1728 1672 1824 1727 τοῦ
1855 1690 1952 1727 πε-

336 1766 637 1820 ποσῶσθαι
662 1766 860 1822 δοκεῖν.
905 1764 1126 1839 Ἐπειδὴ
1151 1766 1210 1820 δὲ
1239 1765 1387 1834 ἅπαξ
1429 1767 1671 1822 Ἰουδαῖοι
1697 1766 1951 1837 λέγοντος

334 1859 570 1930 ἤκουον,
613 1860 671 1913 '0
690 1859 923 1932 οὐρανός
949 1876 1042 1931 μοι
1067 1858 1279 1931 θρόνος,
1301 1861 1335 1930 ἡ
1361 1858 1419 1913 δὲ
1434 1859 1505 1930 γῆ
1526 1860 1818 1914 ὑποπόδιον
1836 1860 1949 1915 τῶν

334 1954 528 2009 ποδῶν
559 1972 686 2026 μου,
709 1955 845 2026 πρὸς
873 1954 1085 2018 ἐννοίας
1120 1955 1291 2019 ἰόντες
1316 1955 1419 2007 οὐκ
1443 1954 1728 2024 ἀσφαλεῖς,
1759 1954 1948 2025 ὅρκιον

332 2045 631 2100 ἐποιοῦντο
664 2046 755 2100 τὸν
780 2046 1034 2119 οὐρανὸν,
1068 2047 1212 2101 θεῖον
1240 2047 1404 2102 αὐτὸν
1428 2044 1789 2118 ὀνομάζοντες
1820 2047 1949 2120 θρό-

332 2156 451 2202 νον,
486 2138 694 2209 ὁμοίως
727 2138 784 2193 δὲ
814 2140 910 2194 καὶ
938 2139 1040 2212 τὴν
1064 2139 1192 2210 γῆν,
1223 2140 1298 2205 ὡς
1334 2141 1439 2195 ὐπὸ
1466 2141 1634 2205 πόδας
1655 2139 1793 2194 Θεοῦ
1828 2158 1945 2195 κει-

336 2231 552 2303 μένην’
598 2231 697 2285 καὶ
742 2231 848 2303 μὴν
893 2232 989 2285 καὶ
1028 2231 1129 2304 τὴν
1188 2232 1581 2307 Ἰερουσαλὴμ,
1615 2233 1772 2298 πόλις
1812 2234 1942 2309 γὰρ,

330 2327 604 2398 ἔφασκον,
633 2325 752 2380 ἐστὶ
791 2325 886 2379 τοῦ
922 2326 1142 2381 πάντων
1175 2327 1508 2399 κρατοῦντος
1542 2325 1678 2381 Θεοῦ
1698 2369 1714 2396 ,
1743 2327 1837 2381 καί
1861 2344 1945 2382 τοι

328 2424 447 2477 τῶν
492 2420 871 2494 ἀρχαιοτέρων
928 2421 1099 2490 ἁγίων
1146 2420 1243 2487 τὸ,
1279 2421 1355 2494 Ζῇ
1391 2421 1635 2494 Κύριος,
1679 2422 1739 2474 ὲν
1777 2421 1944 2494 ὅρκου

328 2515 502 2587 χρείᾳ
545 2513 959 2587 πεποιημένων.
1015 2512 1177 2566 Ἀλλά
1204 2512 1303 2584 τὴν
1338 2512 1450 2567 τῶν
1510 2512 1786 2566 Ἰουδαίων
1823 2513 1944 2583 ἠλι-

331 2608 618 2678 θιωτάτην
658 2606 870 2661 ἔννοιαν
899 2605 1389 2677 κατεκιϐδήλευσεν
1420 2606 1450 2659 6
1482 2605 1697 2677 Σωτὴρ,
1732 2604 1808 2678 μὴ
1832 2605 1944 2659 δεῖν

331 2698 696 2771 ἀπόμνυσθαι
736 2698 937 2769 λέγων,
977 2698 1115 2770 μήτε
1146 2698 1205 2751 ὲν
1243 2695 1322 2769 τῷ
1358 2695 1605 2769 οὐρανῷ,
1637 2697 1719 2751 ὄτι
1753 2696 1945 2768 θρόνος

331 2792 458 2849 ἐστὶ
497 2790 638 2846 Θεοῦ
661 2831 676 2857 ,
722 2791 862 2863 μήτε
893 2792 951 2845 ἐν
981 2793 1048 2863 τῇ
1093 2793 1164 2862 γῇ
1186 2832 1201 2857 ,
1225 2791 1307 2844 ὅτι
1350 2789 1645 2844 ὑποπόδιόν
1683 2791 1801 2845 ἐστι
1831 2788 1943 2843 τῶν

329 2886 521 2941 ποδῶν
561 2883 753 2951 αὐτοῦ,
797 2886 934 2957 μήτε
973 2885 1055 2948 είς
1100 2882 1482 2956 Ἰεροσόλυμα,
1524 2885 1607 2938 ὃτι
1648 2883 1804 2948 πόλις
1845 2881 1941 2936 τοῦ

334 2979 584 3053 μεγάλου
633 2975 900 3050 βασιλέως
943 2975 1128 3030 ἐστίν’
1169 2974 1206 3030 ἃ
1248 2975 1360 3047 γὰρ
1403 2977 1605 3029 ἐκεῖνοι
1645 2974 1941 3047 ληροῦντες

328 3069 602 3142 ἔφασκον,
626 3067 801 3124 ταῦτα
826 3067 1116 3140 χρησίμως
1148 3069 1178 3121 6
1204 3067 1399 3139 Σωτὴρ
1444 3065 1767 3137 ἐφθέγξατο,
1801 3082 1941 3121 παν-

2061 567 2247 612 essent
2270 561 2419 627 elati,
2457 562 2617 635 213
2648 581 2712 621 ac
2744 566 2968 637 pietatis
3005 573 3333 621 ornamenta
3369 581 3429 622 se
3462 581 3662 623 conse-

2061 658 2222 705 cutos
2244 666 2387 717 esse,
2434 662 2492 708 et
2529 656 2798 727 insignem
2827 658 3060 729 gloriam
3103 658 3424 729 percepisse
3465 660 3662 717 crede-

2059 751 2206 808 rent,
2235 760 2359 815 qua:
2380 745 2491 801 illis
2529 764 2560 802 a
2584 750 2989 819 sapientissimo
3013 753 3138 807 viro
3169 752 3352 825 Moyse
3385 760 3664 824 praecepta

2059 844 2241 902 erant,
2273 836 2341 893 de
2374 838 2444 893 iis
2481 855 2596 910 prae
2634 841 2848 898 incuria
2876 859 3072 914 parum
3108 844 3389 901 laborasse
3428 846 3660 901 convin-

2059 926 2360 995 cebantur;
2404 929 2501 985 sed
2535 946 2656 985 eam
2690 948 2807 987 rem
2858 934 2968 1005 illis
3011 936 3199 1006 gloriae
3240 952 3352 991 non
3389 934 3659 1003 futuram,

2057 1034 2239 1090 neque
2264 1035 2324 1075 se
2348 1020 2598 1092 lapidum
2632 1025 3108 1083 exstructionibus
3149 1027 3438 1094 delectari,
3464 1027 3662 1084 docuit

2057 1112 2203 1168 Deus
2240 1129 2368 1169 cum
2401 1115 2542 1170 dixit
2577 1133 2590 1169 :
2629 1134 2648 1167 ‹
2679 1115 2893 1172 (Icelum
2927 1118 3063 1173 mihi
3094 1119 3253 1176 sedes
3283 1127 3389 1187 est,
3419 1127 3477 1176 et
3508 1129 3659 1177 terra

2056 1203 2359 1259 scabellum
2398 1206 2604 1276 pedum
2637 1222 2908 1262 meorum.
2944 1206 3172 1275 Qualem
3210 1210 3439 1265 domum
3480 1210 3657 1267 aedifi-

2057 1295 2256 1351 cabitis
2278 1296 2448 1351 mihi?
2474 1300 2559 1354 vel
2592 1298 2720 1370 quis
2752 1300 2910 1356 locus
2928 1300 3297 1371 requietionis
3321 1302 3501 1357 meae?
3522 1302 3660 1357 dicit

2056 1385 2406 1442 Dominus”.
2429 1408 2447 1440 ι
2483 1389 2681 1460 Implet
2700 1389 2849 1444 enim
2880 1390 3067 1445 omnia
3096 1390 3341 1456 Deus,ac
3357 1392 3660 1462 requiescit

2056 1480 2280 1549 quidem
2318 1480 2376 1535 in
2414 1482 2586 1549 cmlo;
2620 1482 2882 1554 pertingit
2917 1491 3105 1537 autem
3137 1483 3303 1538 etiam
3337 1482 3405 1538 ad
3430 1492 3607 1539 terras
3641 1501 3654 1536 :

2055 1587 2235 1645 neque
2256 1574 2407 1630 enim
2440 1576 2587 1632 mole
2620 1577 2865 1633 cohaeret
2897 1578 2994 1633 Dei
3020 1585 3219 1647 natura
3241 1618 3255 1644 ,
3289 1577 3408 1643 sed,
3443 1585 3507 1632 ut
3536 1579 3659 1633 lon-

2055 1666 2279 1738 gissime
2313 1667 2474 1724 abest
2507 1684 2539 1723 a
2588 1668 2772 1740 specie
2819 1678 3113 1741 corporea,
3148 1669 3229 1725 sic
3261 1670 3430 1725 etiam
3469 1686 3500 1726 a
3532 1669 3657 1725 loco

2055 1765 2114 1813 et
2140 1760 2303 1815 molis
2326 1760 2591 1831 opinione
2628 1768 2878 1817 remotus
2928 1769 3035 1818 est.
3066 1761 3174 1818 Sed
3204 1761 3379 1818 Judaei
3414 1777 3542 1818 cum
3565 1777 3655 1817 se-

2054 1853 2162 1905 mel
2184 1852 2342 1906 illum
2378 1852 2566 1909 dicere
2598 1853 2905 1919 audissent,
2933 1854 3135 1909 coelum
3182 1853 3322 1908 mihi
3364 1853 3528 1909 sedes
3547 1861 3654 1917 est,

2050 1950 2107 1997 et
2139 1951 2287 1998 terra
2313 1942 2615 1998 scabellum
2645 1945 2848 2014 pedum
2877 1959 3150 2010 meorum,
3178 1944 3247 1999 ad
3270 1944 3515 2000 lubricas
3538 1944 3659 2014 opi-

2049 2037 2248 2092 niones
2273 2036 2636 2103 diverterant,
2664 2045 2723 2093 et
2759 2038 2965 2093 coelum
2992 2037 3061 2093 ad
3079 2038 3469 2110 jusjurandum
3496 2052 3657 2092 assu-

2048 2130 2297 2197 mebant,
2324 2131 2596 2187 thronum
2648 2130 2787 2187 illud
2810 2131 3062 2187 divinum
3089 2132 3454 2203 appellantes,
3484 2131 3656 2197 simili

2047 2237 2271 2295 quoque
2315 2224 2530 2279 ratione
2573 2231 2802 2291 terram,
2835 2224 2993 2295 quasi
3033 2224 3132 2279 Dei
3190 2224 3430 2295 pedibus
3466 2223 3656 2295 subje-

2053 2323 2233 2383 ctam;
2267 2315 2579 2371 Jerusalem
2606 2324 2895 2387 praeterea,
2922 2316 3059 2371 urbs
3085 2316 3235 2372 enim
3272 2323 3378 2382 est,
3406 2315 3654 2379 aiebant,

2047 2409 2310 2468 omnibus
2332 2411 2502 2468 rebus
2533 2411 2875 2469 dominantis
2900 2413 3022 2478 Dei,
3063 2411 3320 2483 quamvis
3358 2410 3535 2466 sancti
3574 2410 3655 2474 illi

2044 2503 2266 2572 priores
2292 2503 2463 2559 verba
2485 2504 2599 2571 illa,
2627 2504 2778 2560 Vivit
2804 2504 3098 2569 Dominus,
3135 2503 3203 2558 ad
3232 2502 3459 2574 jurandi
3491 2516 3655 2556 usum

2046 2596 2497 2667 assumpsissent.
2532 2596 2642 2652 Sed
2680 2595 3003 2652 Iudaeorum
3032 2595 3419 2652 stultissimam
3442 2594 3656 2666 cogita-

2046 2688 2254 2744 tionem
2288 2689 2625 2761 improbavit
2656 2688 2948 2755 Dominus,
2991 2689 3201 2755 dicens,
3245 2704 3358 2744 non
3394 2693 3657 2759 oportere

2038 2781 2233 2854 jurare
2253 2798 2437 2868 neque
2468 2798 2570 2854 per
2596 2782 2823 2849 caelum,
2858 2782 2990 2855 quia
3020 2783 3180 2838 sedes
3202 2782 3302 2837 Dei
3324 2793 3410 2838 est
3429 2798 3446 2850 ;
3468 2795 3658 2851 neque

2044 2891 2149 2947 per
2189 2884 2422 2943 terram,
2460 2877 2594 2947 quia
2617 2877 2923 2933 scabellum
2945 2884 3033 2933 est
3050 2877 3257 2948 pedum
3279 2876 3433 2948 ejus;
3473 2889 3658 2945 neque
3736 2948 3739 2951 η

2043 2988 2145 3043 per
2171 2970 2633 3043 Hierosolymam,
2666 2972 2800 3043 quia
2837 2971 3037 3027 civitas
3059 2969 3247 3041 magni
3274 2969 3423 3040 regis
3442 2976 3528 3025 est
3561 2968 3606 3000 ³⁵
3640 2987 3654 3024 :

2044 3079 2195 3129 nam,
2229 3079 2354 3133 quae
2380 3062 2461 3118 illi
2487 3070 2763 3135 nugantes
2780 3061 3061 3129 dieebant,
3086 3077 3153 3117 ea
3184 3068 3498 3132 opportune
3532 3061 3656 3116 Sal-

329 3165 479 3236 ταχῆ
515 3161 940 3228 κατάπλαστον,
984 3161 1081 3215 καὶ
1115 3160 1218 3214 οὐκ
1256 3154 1353 3213 οἷδ’
1398 3158 1521 3214 ὅθεν
1569 3159 1938 3232 ἐξευρημένον

2048 3165 2200 3214 vator
2226 3157 2568 3223 enuntiavit,
2597 3157 2806 3227 ubique
2833 3155 3148 3223 conﬁctam,
3184 3164 3243 3211 et
3266 3154 3454 3210 nescio
3472 3153 3654 3210 unde-

335 3255 587 3327 ἐλέγχων
617 3254 804 3309 αὐτῶν
832 3252 895 3307 τὸ
923 3252 984 3306 ἐν
1001 3269 1065 3322 γε
1095 3251 1308 3317 τούτοις
1333 3251 1579 3315 εὐλαϐές.
1599 3250 1848 3323 υίχέσθω
1874 3251 1941 3324 δὴ

329 3343 428 3401 οῦν
465 3347 564 3399 καὶ
611 3342 767 3418 ήὲπὶ
809 3344 945 3418 τῷδε
983 3343 1273 3415 πλάνησις.
1324 3341 1699 3416 Δεδιδάγμεθα
1738 3343 1848 3417 γάρ
1881 3345 1940 3397 ὲν

330 3442 455 3504 ταῖς
476 3442 646 3512 ὅρκου
673 3438 914 3511 χρείαις,
940 3436 1171 3511 μηδενὸς
1196 3436 1295 3510 μὲν
1316 3436 1509 3510 ἑτέρου
1532 3435 1941 3509 διαμεμνῆσθαι

334 3535 587 3598 πώποτε,
629 3531 907 3587 ποιεῖσθαι
929 3532 985 3586 δὲ
1018 3532 1222 3604 μᾶλλον
1251 3533 1331 3596 είς
1363 3531 1551 3586 πίστιν
1589 3529 1809 3603 ἀσφαλῆ
1845 3530 1941 3584 καὶ

333 3625 639 3697 ἀξιόχρεων
658 3665 673 3689 ,
715 3624 778 3678 τὺ
816 3622 948 3689 Ναὶ,
972 3623 1084 3690 ναὶ,
1121 3621 1217 3676 καὶ
1243 3621 1304 3675 τὸ
1332 3619 1408 3675 Οὐ
1430 3660 1446 3686 ,
1479 3618 1562 3675 οῦ.
1590 3621 1738 3692 Ἔφη
1766 3620 1822 3674 δὲ
1846 3619 1940 3674 καὶ

334 3722 364 3774 6
395 3719 596 3792 νόμος·
643 3738 662 3770 ι
715 3718 781 3771 Et
816 3717 1075 3773 ἀπόλοιτο
1110 3714 1558 3789 παρακαταθήκη
1593 3715 1732 3784 πρός
1771 3732 1937 3780 τινος,

335 3812 579 3885 ὲξαιτοίη
609 3811 665 3865 δὲ
693 3812 722 3865 6
751 3809 875 3876 δοὺς
903 3809 1004 3882 τὴν
1028 3810 1123 3864 ἐπὶ
1161 3808 1299 3880 τῷδε
1331 3808 1538 3877 πίστιν,
1579 3808 1744 3879 ὅρκος
1785 3807 1939 3863 ἔσται

308 3904 430 3958 ,τοῦ
459 3901 603 3958 Θεοῦ
629 3902 909 3974 ἀναμέσον
942 3899 1296 3973 ἀμφοτέρων.
1328 3918 1347 3952 ι
1379 3900 1494 3954 Kal.
1530 3897 1812 3971 ἄνθρωποι
1839 3898 1940 3970 μὲν

337 3996 485 4052 κατά
515 3995 615 4050 τοῦ
650 3994 903 4067 μείζονος
936 3992 1266 4065 ὀμνύουσιν*
1306 3991 1410 4064 ἔφη
1451 3990 1561 4063 γὰρ
1594 3983 1698 4046 ὧδε
1724 3988 1940 4055 Παῦλος

333 4089 468 4162 ἡμῖν
490 4089 520 4142 6
538 4085 705 4156 σοφός
725 4104 738 4117 ·
769 4084 954 4158 μεῖζον
971 4084 1030 4139 δὲ
1044 4080 1187 4138 εἷναί
1205 4100 1388 4155 φαμεν
1404 4081 1696 4155 ἀνθρώπου
1714 4123 1729 4150 ,
1753 4084 1939 4139 νοοῦν-

333 4198 424 4247 τες
462 4179 667 4255 ὀρθῶς,
708 4180 772 4235 οὐ
800 4178 880 4251 τῷ
931 4177 1154 4252 μεγέθει
1184 4177 1370 4249 τυχὸν,
1413 4177 1583 4249 ἧγουν
1620 4179 1679 4232 ὲν
1722 4179 1939 4235 συνέσει

336 4275 430 4330 καὶ
461 4275 630 4345 σοφίᾳ
649 4315 664 4339 ,
692 4272 787 4327 καὶ
812 4270 941 4345 δόξῃ
976 4268 1359 4336 πλεονεκτοῦν,
1409 4269 1528 4324 ἀλλ’
1573 4270 1650 4335 ὡς
1692 4270 1754 4325 τὸ
1795 4266 1938 4325 εἶναι

333 4366 557 4432 τοιῶςδε
590 4365 756 4438 τυχὸν
779 4365 934 4437 ἡμῖν.

401 4552 618 4605 ΠΛΛΛ.
649 4550 724 4604 Οὐ
762 4550 991 4622 συνίημι
1026 4550 1057 4604 6
1087 4552 1215 4622 φής.

408 4642 578 4702 ΚΥΡ,
612 4645 726 4698 Καὶ
765 4643 909 4716 μὴν,
944 4637 991 4698 ῶ
1030 4643 1330 4710 Παλλάδιε,
1362 4645 1572 4716 σαφὴς,
1606 4644 1684 4709 ῶς
1730 4645 1794 4716 γέ
1846 4663 1936 4718 μοι

330 4742 499 4806 δοκεῖ,
549 4739 647 4793 καὶ
686 4738 924 4811 ἐναργὴς
955 4738 985 4791 6
1031 4737 1210 4807 λόγος.
1264 4738 1339 4792 Ἢ
1386 4738 1497 4812 γὰρ
1544 4740 1668 4811 οὐχὶ
1715 4739 1938 4812 μεγέθει

330 4833 515 4907 φαμὲν
554 4831 667 4885 τῶν
709 4828 1073 4901 ἀνθρωπίνων
1121 4830 1395 4902 σωμάτων
1422 4831 1724 4901 διενεγκεῖν
1766 4834 1938 4903 ἀσυγσ

328 4923 537 4996 κρίτως
583 4920 758 4977 πολλά
800 4919 913 4975 τῶν
955 4921 1383 4995 πεποιημένων,
1432 4925 1527 4979 καὶ
1573 4924 1799 4996 προσέτι
1844 4925 1938 4980 τὸν

324 5017 560 5091 οὐρανόν
582 5033 597 5082 ;

396 5110 613 5164 ΠΔΛΛ.
643 5105 750 5161 Καὶ
782 5107 949 5163 πάνυ.

397 5198 570 5254 ΚΥΡ.
610 5198 838 5253 Συνέσει
870 5198 929 5253 δὲ
963 5199 1060 5253 καὶ
1099 5200 1263 5272 σοφίᾳ
1294 5202 1389 5257 καὶ
1423 5203 1696 5275 ἰσχνότητι
1742 5206 1933 5277 σωμάο

321 5314 457 5361 των,
491 5296 595 5366 οὐχ
622 5294 1031 5373 ὑπερφέρουσιν
1052 5294 1307 5366 ἄγγελοι;

400 5387 617 5443 ΠΑΛΛ.
658 5386 1119 5461 Ὑπερφέρουσιν,
1151 5389 1289 5444 ἀλλά
1321 5392 1417 5447 καὶ
1440 5394 1598 5464 τιμῇ.

397 5482 570 5535 ΚΥΡ.
634 5481 999 5554 Λαμπρότητι
1055 5482 1114 5536 δὲ
1160 5484 1257 5538 καὶ
1307 5484 1435 5558 δόξῃ
1468 5489 1534 5557 τῇ
1584 5485 1723 5540 κατά
1777 5486 1938 5555 σῶμά

325 5594 496 5648 φημι,
532 5576 637 5628 οὒκ
669 5576 1075 5650 ἀπαραελήτως
1107 5577 1349 5649 ἀμείνων
1382 5579 1531 5650 ἡλίου
1563 5581 1759 5650 φύσις;

402 5671 620 5727 ΠΑΛΛ,
665 5671 952 5743 Ἀμείνων.

2043 3267 2173 3307 nam
2220 3251 2504 3306 inventam
2543 3251 2602 3306 in
2636 3250 2957 3323 hujusmodi
3000 3249 3171 3305 rebus
3207 3248 3532 3320 religionem
3569 3263 3655 3301 ar-

2042 3365 2215 3423 guere
2268 3349 2481 3405 volens.
2525 3348 2688 3405 Absit
2747 3348 2918 3421 igitur
2952 3345 3123 3402 etiam
3170 3345 3229 3399 in
3276 3343 3552 3416 ejusmodi
3594 3359 3655 3396 re

2042 3445 2233 3499 error!
2261 3443 2568 3500 Didicimus
2589 3443 2761 3509 enim,
2779 3442 2875 3497 ubi
2889 3439 3190 3514 jurandum
3220 3438 3315 3504 sit,
3342 3435 3482 3491 nihil
3503 3435 3653 3498 aliud

2018 3517 2480 3595 'commemorare
2500 3551 2766 3607 unquam,
2784 3534 2880 3591 sed
2905 3533 3091 3606 potius
3116 3532 3187 3588 ad
3221 3528 3387 3586 ﬁdem
3413 3529 3651 3591 ﬁrmam,

2042 3640 2363 3703 certamque
2395 3629 2705 3685 faciendam
2724 3629 2807 3685 uti
2836 3628 2949 3684 illis
2977 3625 3188 3691 verbis,
3219 3624 3336 3690 Est,
3374 3630 3481 3690 est,
3508 3622 3651 3687 Non,

2040 3743 2176 3782 non.
2212 3726 2361 3782 Dixit
2381 3727 2550 3781 etiam
2608 3726 2699 3781 lex
2734 3743 2748 3780 :
2782 3743 2801 3777 ι
2832 3724 2891 3780 Si
2923 3722 3206 3795 perditum
3231 3719 3403 3775 fuerit
3428 3716 3654 3789 deposi-

2043 3830 2159 3877 tum
2206 3820 2276 3875 ab
2320 3819 2530 3890 aliquo,
2588 3817 2946 3889 exegeritque
2978 3815 3076 3887 qui
3112 3813 3288 3880 dedit,
3326 3811 3384 3866 in
3416 3826 3485 3867 ea
3505 3826 3564 3866 re
3588 3808 3654 3863 ﬁ-

2042 3912 2190 3977 dem,
2229 3909 2618 3984 jusjurandum
2674 3907 2773 3963 Dei
2826 3906 2937 3962 erit
2975 3906 3124 3961 inter
3174 3909 3477 3971 utrumque
3520 3898 3585 3950 ".
3628 3917 3647 3950 ι

2041 4005 2222 4076 Atque
2252 4001 2509 4059 homines
2545 3999 2773 4071 quidem
2796 4014 2897 4069 per
2923 3995 3166 4067 id,quod
3202 3995 3383 4065 majus
3418 3998 3524 4055 est,
3559 3990 3652 4062 ju—

2042 4105 2171 4154 rant
2189 4090 2231 4123 "
2247 4094 2347 4165 (sic
2357 4093 2499 4150 enim
2512 4089 2716 4146 Paulus
2729 4091 2819 4147 ille
2835 4090 3058 4161 sapiens
3080 4085 3243 4158 dixit)
3265 4085 3446 4157 majus
3466 4090 3651 4139 autem

2040 4204 2164 4245 esse
2220 4185 2466 4249 homine,
2531 4192 2682 4238 recte
2749 4180 3010 4245 dicimus,
3066 4193 3181 4233 non
3238 4176 3317 4243 id,
3346 4173 3495 4247 quod
3531 4188 3651 4229 ma-

2041 4279 2333 4354 gnitudine
2371 4277 2626 4341 fortasse,
2667 4281 2767 4330 aut
2805 4281 2960 4330 certe
2996 4269 3271 4343 sapientia
3307 4276 3474 4339 atque
3512 4283 3667 4339 pru-'

2042 4371 2229 4428 dentia
2282 4377 2339 4425 et
2382 4366 2558 4440 gloria
2601 4364 2779 4422 vincit
2819 4382 2835 4431 :_
2874 4363 2974 4420 sed
3034 4359 3187 4434 quod
3243 4365 3363 4416 tota
3409 4356 3653 4415 essentia

2044 4464 2154 4520 tale
2186 4462 2279 4517 sit.

1966 4526 2021 4587 D
2119 4555 2318 4612 PALL.
2345 4552 2503 4622 Quod
2529 4551 2693 4617 dicis,
2726 4563 2925 4621 parum
2958 4545 3228 4618 intelligo.

2116 4651 2275 4709 ΟΥΕ.
2316 4648 2507 4719 Atqui,
2553 4643 2795 4710 Palladi,
2843 4649 3034 4715 aperta
3072 4649 3177 4704 est,
3219 4647 3283 4694 ut
3354 4636 3491 4692 mibi
3522 4635 3651 4708 qui-

2047 4748 2175 4803 dem
2195 4744 2439 4808 videtur,
2463 4748 2521 4796 et
2549 4738 2781 4797 evidens
2812 4736 3015 4794 oratio.
3042 4734 3238 4791 Nonne
3258 4730 3409 4790 enim
3434 4728 3649 4800 magni-

2048 4839 2241 4898 tudine
2286 4832 2531 4894 fatemur
2561 4833 2758 4898 multa,
2795 4846 2932 4903 quae,
2971 4828 3192 4885 condita
3228 4825 3360 4891 sint,
3392 4821 3651 4879 humanis

2048 4931 2379 5004 corporibus
2415 4930 2579 5001 longe
2613 4932 2904 4998 praestare,
2938 4930 2998 4979 et
3034 4922 3092 4976 in
3119 4919 3208 4976 his
3236 4916 3477 4975 coelum?

2117 5021 2285 5095 214
2306 5019 2507 5077 PALL.
2536 5018 2605 5073 Et
2630 5016 2857 5088 quidem
2886 5013 3144 5070 maxime.

2116 5117 2275 5174 ΟΥΕ.
2325 5112 2628 5169 Prudentia
2654 5126 2791 5166 vero
2834 5124 2901 5164 ac
2933 5106 3228 5177 sapientia,
3261 5114 3317 5159 et
3341 5099 3648 5157 subtilitate

2044 5224 2342 5281 corporum
2368 5221 2553 5262 nonne
2577 5202 2758 5275 angeli
2790 5198 3153 5272 praecellunt?

2113 5305 2314 5361 PALL.
2342 5300 2694 5363 Praecellunt,
2723 5296 2890 5351 etiam
2924 5292 3159 5350 honore.

2096 5393 2255 5450 CYR.
2285 5391 2394 5447 Sed
2435 5397 2491 5444 et
2531 5396 2800 5457 praeterea
2841 5380 3137 5454 splendore
3183 5396 3250 5436 ac
3288 5378 3483 5452 gloria,
3522 5395 3645 5450 quae

2037 5490 2105 5545 ad
2133 5501 2335 5558 corpus
2359 5483 2624 5555 pertinet,
2664 5493 2850 5536 nonne
2884 5475 3077 5536 multis
3100 5473 3357 5548 partibus
3380 5482 3465 5533 est
3511 5475 3647 5532 solis

2036 5592 2234 5638 natura
2261 5574 2652 5652 praestantior?

2106 5672 2309 5755 PALL.
2338 5669 2555 5725 Fateor.

403 5852 449 5885 “
487 5853 574 5910 lsa
604 5876 607 5879 ·
632 5869 775 5923 mm,
802 5856 853 5911 l.
932 5857 974 5889 ³⁸
1003 5852 1196 5912 Matth.
1219 5869 1271 5921 γ,
1302 5853 1392 5921 Si,
1413 5853 1499 5909 55.
1584 5854 1627 5885 ³⁶
1661 5853 1832 5910 Exod.
1861 5870 1945 5909 χχι

2049 5855 2102 5919 ll,
2139 5852 2192 5907 ll
2299 5850 2338 5881 ³⁷
2370 5847 2506 5903 ch.
2535 5861 2609 5914 γι,
2639 5844 2724 5899 16.
