  <div class='ocr_page' id='page_1' title='image "/cluster/home/n/w/nwhite01/storage/ocr_20150623/68:no.1/coo.31924054869742/245.png"; bbox 0 0 4104 6458; ppageno 0'>
   <div class='ocr_carea' id='block_1_1' title="bbox 452 294 557 350">
    <p class='ocr_par' dir='ltr' id='par_1_1' title="bbox 452 294 557 350">
     <span class='ocr_line' id='line_1_1' title="bbox 452 294 557 350; baseline 0 -1"><span class='ocrx_word' id='word_1_1' title='bbox 452 294 557 350; x_wconf 71' lang='grc'><strong>475</strong></span> 
     </span>
    </p>
   </div>
   <div class='ocr_carea' id='block_1_2' title="bbox 1477 293 2725 354">
    <p class='ocr_par' dir='ltr' id='par_1_2' title="bbox 1477 293 2725 354">
     <span class='ocr_line' id='line_1_2' title="bbox 1477 293 2725 354; baseline 0.002 -4"><span class='ocrx_word' id='word_1_2' title='bbox 1477 294 1533 350; x_wconf 93' lang='lat' dir='ltr'><strong>S.</strong></span> <span class='ocrx_word' id='word_1_3' title='bbox 1576 293 1853 350; x_wconf 81' lang='lat' dir='ltr'><strong>CYRILLI</strong></span> <span class='ocrx_word' id='word_1_4' title='bbox 1897 294 2366 350; x_wconf 73' lang='lat' dir='ltr'><strong>ALEXANDRINI</strong></span> <span class='ocrx_word' id='word_1_5' title='bbox 2405 296 2725 354; x_wconf 79' lang='lat' dir='ltr'><strong>ARCHIEP.</strong></span> 
     </span>
    </p>
   </div>
   <div class='ocr_carea' id='block_1_3' title="bbox 3623 303 3724 359">
    <p class='ocr_par' dir='ltr' id='par_1_3' title="bbox 3623 303 3724 359">
     <span class='ocr_line' id='line_1_3' title="bbox 3623 303 3724 359; baseline 0.01 -1"><span class='ocrx_word' id='word_1_6' title='bbox 3623 303 3724 359; x_wconf 68' lang='grc' dir='ltr'><strong>ΠΟ</strong></span> 
     </span>
    </p>
   </div>
   <div class='ocr_carea' id='block_1_4' title="bbox 520 407 2050 492">
    <p class='ocr_par' dir='ltr' id='par_1_4' title="bbox 520 407 2038 484">
     <span class='ocr_line' id='line_1_4' title="bbox 520 407 2038 484; baseline 0.003 -20"><span class='ocrx_word' id='word_1_7' title='bbox 520 407 678 464; x_wconf 79' lang='lat' dir='ltr'><strong>CYB.</strong></span> <span class='ocrx_word' id='word_1_8' title='bbox 716 407 964 467; x_wconf 80' lang='lat' dir='ltr'><strong>El‘ticitur</strong></span> <span class='ocrx_word' id='word_1_9' title='bbox 997 426 1126 482; x_wconf 89' lang='lat' dir='ltr'><strong>ergo</strong></span> <span class='ocrx_word' id='word_1_10' title='bbox 1146 451 1160 477; x_wconf 94' lang='lat'><strong>,</strong></span> <span class='ocrx_word' id='word_1_11' title='bbox 1185 412 1303 468; x_wconf 66' lang='lat' dir='ltr'><strong>hac</strong></span> <span class='ocrx_word' id='word_1_12' title='bbox 1331 411 1544 483; x_wconf 85' lang='lat' dir='ltr'><strong>singula</strong></span> <span class='ocrx_word' id='word_1_13' title='bbox 1563 453 1578 478; x_wconf 91' lang='lat'><strong>,</strong></span> <span class='ocrx_word' id='word_1_14' title='bbox 1602 413 1649 467; x_wconf 88' lang='lat' dir='ltr'><strong>si</strong></span> <span class='ocrx_word' id='word_1_15' title='bbox 1680 428 1750 468; x_wconf 80' lang='lat' dir='ltr'><strong>ex</strong></span> <span class='ocrx_word' id='word_1_16' title='bbox 1787 428 1852 469; x_wconf 89' lang='lat' dir='ltr'><strong>ea</strong></span> <span class='ocrx_word' id='word_1_17' title='bbox 1882 421 2038 484; x_wconf 90' lang='lat' dir='ltr'><strong>parte</strong></span> 
     </span>
    </p>
   </div>
   <div class='ocr_carea' id='block_1_5' title="bbox 2152 407 3727 492">
    <p class='ocr_par' dir='ltr' id='par_1_5' title="bbox 2215 409 3727 492">
     <span class='ocr_line' id='line_1_5' title="bbox 2215 409 3727 492; baseline 0.005 -25"><span class='ocrx_word' id='word_1_18' title='bbox 2215 414 2380 468; x_wconf 84' lang='grc' dir='ltr'><strong>ΚΥΡ.</strong></span> <span class='ocrx_word' id='word_1_19' title='bbox 2423 415 2662 488; x_wconf 79' lang='grc' dir='ltr'>Ἀραρεν</span> <span class='ocrx_word' id='word_1_20' title='bbox 2701 411 2829 481; x_wconf 83' lang='grc' dir='ltr'>οῦν,</span> <span class='ocrx_word' id='word_1_21' title='bbox 2868 417 2950 471; x_wconf 85' lang='grc' dir='ltr'>ὅτι</span> <span class='ocrx_word' id='word_1_22' title='bbox 3002 416 3207 470; x_wconf 81' lang='grc' dir='ltr'>τούτων</span> <span class='ocrx_word' id='word_1_23' title='bbox 3242 409 3475 473; x_wconf 70' lang='grc' dir='ltr'>ἱκαστον</span> <span class='ocrx_word' id='word_1_24' title='bbox 3517 416 3630 492; x_wconf 70' lang='grc' dir='ltr'>ἔχοι</span> <span class='ocrx_word' id='word_1_25' title='bbox 3658 421 3727 475; x_wconf 83' lang='grc' dir='ltr'>ἂν</span> 
     </span>
    </p>
   </div>
   <div class='ocr_carea' id='block_1_6' title="bbox 452 501 2035 575">
    <p class='ocr_par' dir='ltr' id='par_1_6' title="bbox 452 501 2035 575">
     <span class='ocr_line' id='line_1_6' title="bbox 452 501 2035 575; baseline 0.003 -21"><span class='ocrx_word' id='word_1_26' title='bbox 452 516 560 570; x_wconf 87' lang='lat' dir='ltr'><strong>qua</strong></span> <span class='ocrx_word' id='word_1_27' title='bbox 594 501 881 572; x_wconf 86' lang='lat' dir='ltr'><strong>superiora</strong></span> <span class='ocrx_word' id='word_1_28' title='bbox 926 511 1053 558; x_wconf 90' lang='lat' dir='ltr'><strong>nata</strong></span> <span class='ocrx_word' id='word_1_29' title='bbox 1098 512 1248 568; x_wconf 88' lang='lat' dir='ltr'><strong>sunt,</strong></span> <span class='ocrx_word' id='word_1_30' title='bbox 1292 503 1582 558; x_wconf 88' lang='lat' dir='ltr'><strong>nobiscum</strong></span> <span class='ocrx_word' id='word_1_31' title='bbox 1626 514 2035 575; x_wconf 80' lang='lat' dir='ltr'><strong>comparentur,</strong></span> 
     </span>
    </p>
   </div>
   <div class='ocr_carea' id='block_1_7' title="bbox 454 593 2039 668">
    <p class='ocr_par' dir='ltr' id='par_1_7' title="bbox 454 593 2039 668">
     <span class='ocr_line' id='line_1_7' title="bbox 454 593 2039 668; baseline 0.004 -22"><span class='ocrx_word' id='word_1_32' title='bbox 454 593 658 648; x_wconf 86' lang='lat' dir='ltr'><strong>habere</strong></span> <span class='ocrx_word' id='word_1_33' title='bbox 704 595 827 664; x_wconf 86' lang='lat' dir='ltr'><strong>jure</strong></span> <span class='ocrx_word' id='word_1_34' title='bbox 869 593 1077 664; x_wconf 89' lang='lat' dir='ltr'><strong>optimo</strong></span> <span class='ocrx_word' id='word_1_35' title='bbox 1118 595 1520 664; x_wconf 60' lang='lat' dir='ltr'><strong>praestantiam;</strong></span> <span class='ocrx_word' id='word_1_36' title='bbox 1553 612 1686 652; x_wconf 88' lang='lat' dir='ltr'><strong>num</strong></span> <span class='ocrx_word' id='word_1_37' title='bbox 1715 597 1884 668; x_wconf 79' lang='lat' dir='ltr'><strong>igitur</strong></span> <span class='ocrx_word' id='word_1_38' title='bbox 1921 597 2039 652; x_wconf 63' lang='lat' dir='ltr'><strong>haec</strong></span> 
     </span>
    </p>
   </div>
   <div class='ocr_carea' id='block_1_8' title="bbox 453 684 2038 758">
    <p class='ocr_par' dir='ltr' id='par_1_8' title="bbox 453 684 2038 758">
     <span class='ocr_line' id='line_1_8' title="bbox 453 684 2038 758; baseline 0.004 -20"><span class='ocrx_word' id='word_1_39' title='bbox 453 684 520 738; x_wconf 88' lang='lat' dir='ltr'><strong>ad</strong></span> <span class='ocrx_word' id='word_1_40' title='bbox 555 684 916 755; x_wconf 89' lang='lat' dir='ltr'><strong>jurisjurandi</strong></span> <span class='ocrx_word' id='word_1_41' title='bbox 956 700 1116 740; x_wconf 90' lang='lat' dir='ltr'><strong>usum</strong></span> <span class='ocrx_word' id='word_1_42' title='bbox 1148 699 1514 752; x_wconf 84' lang='lat' dir='ltr'><strong>assumemus,</strong></span> <span class='ocrx_word' id='word_1_43' title='bbox 1555 687 1764 758; x_wconf 84' lang='lat' dir='ltr'><strong>Deique</strong></span> <span class='ocrx_word' id='word_1_44' title='bbox 1793 704 2038 744; x_wconf 91' lang='lat' dir='ltr'><strong>comme-</strong></span> 
     </span>
    </p>
   </div>
   <div class='ocr_carea' id='block_1_9' title="bbox 455 779 1910 852">
    <p class='ocr_par' dir='ltr' id='par_1_9' title="bbox 455 779 1910 852">
     <span class='ocr_line' id='line_1_9' title="bbox 455 779 1910 852; baseline 0.004 -22"><span class='ocrx_word' id='word_1_45' title='bbox 455 779 817 832; x_wconf 89' lang='lat' dir='ltr'><strong>morationem</strong></span> <span class='ocrx_word' id='word_1_46' title='bbox 844 785 1102 848; x_wconf 88' lang='lat' dir='ltr'><strong>tanquam</strong></span> <span class='ocrx_word' id='word_1_47' title='bbox 1130 793 1527 850; x_wconf 83' lang='lat' dir='ltr'><strong>supervacuam</strong></span> <span class='ocrx_word' id='word_1_48' title='bbox 1551 780 1910 852; x_wconf 89' lang='lat' dir='ltr'><strong>abjicicmus?</strong></span> 
     </span>
    </p>
   </div>
   <div class='ocr_carea' id='block_1_10' title="bbox 523 870 1126 926">
    <p class='ocr_par' dir='ltr' id='par_1_10' title="bbox 523 870 1126 926">
     <span class='ocr_line' id='line_1_10' title="bbox 523 870 1126 926; baseline 0 -2"><span class='ocrx_word' id='word_1_49' title='bbox 523 870 718 924; x_wconf 81' lang='lat' dir='ltr'><strong>PALL.</strong></span> <span class='ocrx_word' id='word_1_50' title='bbox 750 871 912 925; x_wconf 88' lang='lat' dir='ltr'><strong>Nullo</strong></span> <span class='ocrx_word' id='word_1_51' title='bbox 941 870 1126 926; x_wconf 91' lang='lat' dir='ltr'><strong>modo.</strong></span> 
     </span>
    </p>
   </div>
   <div class='ocr_carea' id='block_1_11' title="bbox 523 960 2040 1036">
    <p class='ocr_par' dir='ltr' id='par_1_11' title="bbox 523 960 2040 1036">
     <span class='ocr_line' id='line_1_11' title="bbox 523 960 2040 1036; baseline 0.005 -21"><span class='ocrx_word' id='word_1_52' title='bbox 523 960 679 1015; x_wconf 80' lang='lat' dir='ltr'><strong>CYR.</strong></span> <span class='ocrx_word' id='word_1_53' title='bbox 720 961 818 1017; x_wconf 88' lang='lat' dir='ltr'><strong>Est</strong></span> <span class='ocrx_word' id='word_1_54' title='bbox 858 963 1025 1034; x_wconf 79' lang='lat' dir='ltr'><strong>igitur</strong></span> <span class='ocrx_word' id='word_1_55' title='bbox 1056 978 1422 1034; x_wconf 90' lang='lat' dir='ltr'><strong>consequens,</strong></span> <span class='ocrx_word' id='word_1_56' title='bbox 1456 974 1518 1020; x_wconf 91' lang='lat' dir='ltr'><strong>ut</strong></span> <span class='ocrx_word' id='word_1_57' title='bbox 1545 963 1621 1032; x_wconf 88' lang='lat' dir='ltr'><strong>id,</strong></span> <span class='ocrx_word' id='word_1_58' title='bbox 1662 963 1809 1036; x_wconf 90' lang='lat' dir='ltr'><strong>quod</strong></span> <span class='ocrx_word' id='word_1_59' title='bbox 1843 975 2040 1024; x_wconf 89' lang='lat' dir='ltr'><strong>natura</strong></span> 
     </span>
    </p>
   </div>
   <div class='ocr_carea' id='block_1_12' title="bbox 451 1054 2042 1124">
    <p class='ocr_par' dir='ltr' id='par_1_12' title="bbox 451 1054 2042 1124">
     <span class='ocr_line' id='line_1_12' title="bbox 451 1054 2042 1124; baseline 0.006 -17"><span class='ocrx_word' id='word_1_60' title='bbox 451 1054 705 1124; x_wconf 81' lang='lat' dir='ltr'><strong>superius</strong></span> <span class='ocrx_word' id='word_1_61' title='bbox 738 1063 824 1109; x_wconf 89' lang='lat' dir='ltr'><strong>est</strong></span> <span class='ocrx_word' id='word_1_62' title='bbox 849 1095 863 1118; x_wconf 92' lang='lat'><strong>,</strong></span> <span class='ocrx_word' id='word_1_63' title='bbox 901 1064 958 1110; x_wconf 89' lang='lat' dir='ltr'><strong>et</strong></span> <span class='ocrx_word' id='word_1_64' title='bbox 999 1057 1259 1112; x_wconf 89' lang='lat' dir='ltr'><strong>universa</strong></span> <span class='ocrx_word' id='word_1_65' title='bbox 1310 1059 1564 1113; x_wconf 64' lang='lat' dir='ltr'><strong>essentia</strong></span> <span class='ocrx_word' id='word_1_66' title='bbox 1611 1059 1826 1115; x_wconf 84' lang='lat' dir='ltr'><strong>ratione</strong></span> <span class='ocrx_word' id='word_1_67' title='bbox 1873 1061 2042 1118; x_wconf 90' lang='lat' dir='ltr'><strong>rebus</strong></span> 
     </span>
    </p>
   </div>
   <div class='ocr_carea' id='block_1_13' title="bbox 451 1142 2040 1215">
    <p class='ocr_par' dir='ltr' id='par_1_13' title="bbox 451 1142 2040 1215">
     <span class='ocr_line' id='line_1_13' title="bbox 451 1142 2040 1215; baseline 0.008 -19"><span class='ocrx_word' id='word_1_68' title='bbox 451 1142 690 1199; x_wconf 87' lang='lat' dir='ltr'><strong>conditis</strong></span> <span class='ocrx_word' id='word_1_69' title='bbox 740 1145 1054 1211; x_wconf 84' lang='lat' dir='ltr'><strong>antecellit,</strong></span> <span class='ocrx_word' id='word_1_70' title='bbox 1094 1145 1152 1200; x_wconf 90' lang='lat' dir='ltr'><strong>id</strong></span> <span class='ocrx_word' id='word_1_71' title='bbox 1193 1154 1308 1214; x_wconf 91' lang='lat' dir='ltr'><strong>est,</strong></span> <span class='ocrx_word' id='word_1_72' title='bbox 1357 1147 1552 1215; x_wconf 88' lang='lat' dir='ltr'><strong>Deum,</strong></span> <span class='ocrx_word' id='word_1_73' title='bbox 1596 1149 1764 1205; x_wconf 91' lang='lat' dir='ltr'><strong>etiam</strong></span> <span class='ocrx_word' id='word_1_74' title='bbox 1816 1151 2040 1208; x_wconf 89' lang='lat' dir='ltr'><strong>homine</strong></span> 
     </span>
    </p>
   </div>
   <div class='ocr_carea' id='block_1_14' title="bbox 453 1236 1086 1305">
    <p class='ocr_par' dir='ltr' id='par_1_14' title="bbox 453 1236 1086 1305">
     <span class='ocr_line' id='line_1_14' title="bbox 453 1236 1086 1305; baseline 0.008 -18"><span class='ocrx_word' id='word_1_75' title='bbox 453 1236 628 1305; x_wconf 87' lang='lat' dir='ltr'><strong>majus</strong></span> <span class='ocrx_word' id='word_1_76' title='bbox 665 1251 787 1291; x_wconf 91' lang='lat' dir='ltr'><strong>esse</strong></span> <span class='ocrx_word' id='word_1_77' title='bbox 818 1237 1086 1293; x_wconf 88' lang='lat' dir='ltr'><strong>dicamus.</strong></span> 
     </span>
    </p>
   </div>
   <div class='ocr_carea' id='block_1_15' title="bbox 522 1325 1054 1386">
    <p class='ocr_par' dir='ltr' id='par_1_15' title="bbox 522 1325 1054 1386">
     <span class='ocr_line' id='line_1_15' title="bbox 522 1325 1054 1386; baseline 0.006 -5"><span class='ocrx_word' id='word_1_78' title='bbox 522 1325 720 1382; x_wconf 86' lang='lat' dir='ltr'><strong>PALL.</strong></span> <span class='ocrx_word' id='word_1_79' title='bbox 760 1327 930 1384; x_wconf 84' lang='lat' dir='ltr'><strong>Recte</strong></span> <span class='ocrx_word' id='word_1_80' title='bbox 953 1329 1054 1386; x_wconf 85' lang='lat' dir='ltr'><strong>ais.</strong></span> 
     </span>
    </p>
   </div>
   <div class='ocr_carea' id='block_1_16' title="bbox 521 1417 2040 1496">
    <p class='ocr_par' dir='ltr' id='par_1_16' title="bbox 521 1417 2040 1496">
     <span class='ocr_line' id='line_1_16' title="bbox 521 1417 2040 1496; baseline 0.004 -22"><span class='ocrx_word' id='word_1_81' title='bbox 521 1417 681 1474; x_wconf 80' lang='lat' dir='ltr'><strong>CYR.</strong></span> <span class='ocrx_word' id='word_1_82' title='bbox 737 1420 987 1478; x_wconf 84' lang='lat' dir='ltr'><strong>Habeant</strong></span> <span class='ocrx_word' id='word_1_83' title='bbox 1035 1424 1203 1496; x_wconf 77' lang='lat' dir='ltr'><strong>igitur</strong></span> <span class='ocrx_word' id='word_1_84' title='bbox 1245 1424 1364 1480; x_wconf 79' lang='lat' dir='ltr'><strong>haec</strong></span> <span class='ocrx_word' id='word_1_85' title='bbox 1406 1424 1596 1492; x_wconf 87' lang='lat' dir='ltr'><strong>verba,</strong></span> <span class='ocrx_word' id='word_1_86' title='bbox 1635 1425 1754 1491; x_wconf 90' lang='lat' dir='ltr'><strong>Est,</strong></span> <span class='ocrx_word' id='word_1_87' title='bbox 1799 1434 1856 1481; x_wconf 93' lang='lat' dir='ltr'><strong>et</strong></span> <span class='ocrx_word' id='word_1_88' title='bbox 1897 1425 2040 1492; x_wconf 87' lang='lat' dir='ltr'><strong>Non,</strong></span> 
     </span>
    </p>
   </div>
   <div class='ocr_carea' id='block_1_17' title="bbox 453 1511 2044 1587">
    <p class='ocr_par' dir='ltr' id='par_1_17' title="bbox 453 1511 2044 1587">
     <span class='ocr_line' id='line_1_17' title="bbox 453 1511 2044 1587; baseline 0.006 -23"><span class='ocrx_word' id='word_1_89' title='bbox 453 1511 601 1580; x_wconf 90' lang='lat' dir='ltr'><strong>apud</strong></span> <span class='ocrx_word' id='word_1_90' title='bbox 635 1526 733 1568; x_wconf 92' lang='lat' dir='ltr'><strong>eos</strong></span> <span class='ocrx_word' id='word_1_91' title='bbox 754 1521 924 1582; x_wconf 90' lang='lat' dir='ltr'><strong>certe,</strong></span> <span class='ocrx_word' id='word_1_92' title='bbox 963 1515 1058 1586; x_wconf 88' lang='lat' dir='ltr'><strong>qui</strong></span> <span class='ocrx_word' id='word_1_93' title='bbox 1107 1518 1374 1587; x_wconf 88' lang='lat' dir='ltr'><strong>optimam</strong></span> <span class='ocrx_word' id='word_1_94' title='bbox 1413 1518 1541 1573; x_wconf 67' lang='lat' dir='ltr'><strong>vitae</strong></span> <span class='ocrx_word' id='word_1_95' title='bbox 1572 1518 1844 1573; x_wconf 89' lang='lat' dir='ltr'><strong>rationem</strong></span> <span class='ocrx_word' id='word_1_96' title='bbox 1885 1518 2044 1573; x_wconf 85' lang='lat' dir='ltr'><strong>insti-</strong></span> 
     </span>
    </p>
   </div>
   <div class='ocr_carea' id='block_1_18' title="bbox 455 1607 2046 1683">
    <p class='ocr_par' dir='ltr' id='par_1_18' title="bbox 455 1607 2046 1683">
     <span class='ocr_line' id='line_1_18' title="bbox 455 1607 2046 1683; baseline 0.006 -26"><span class='ocrx_word' id='word_1_97' title='bbox 455 1612 705 1671; x_wconf 89' lang='lat' dir='ltr'><strong>tuerunt,</strong></span> <span class='ocrx_word' id='word_1_98' title='bbox 745 1607 928 1663; x_wconf 93' lang='lat' dir='ltr'><strong>locum</strong></span> <span class='ocrx_word' id='word_1_99' title='bbox 965 1623 1030 1665; x_wconf 90' lang='lat' dir='ltr'><strong>ac</strong></span> <span class='ocrx_word' id='word_1_100' title='bbox 1070 1609 1181 1664; x_wconf 87' lang='lat' dir='ltr'><strong>vim</strong></span> <span class='ocrx_word' id='word_1_101' title='bbox 1213 1611 1613 1683; x_wconf 88' lang='lat' dir='ltr'><strong>jurisjurandi,</strong></span> <span class='ocrx_word' id='word_1_102' title='bbox 1656 1627 1723 1668; x_wconf 89' lang='lat' dir='ltr'><strong>ac</strong></span> <span class='ocrx_word' id='word_1_103' title='bbox 1758 1623 1910 1668; x_wconf 84' lang='lat' dir='ltr'><strong>recte</strong></span> <span class='ocrx_word' id='word_1_104' title='bbox 1953 1611 2046 1667; x_wconf 86' lang='lat' dir='ltr'><strong>ﬁr-</strong></span> 
     </span>
    </p>
   </div>
   <div class='ocr_carea' id='block_1_19' title="bbox 454 1699 2039 1770">
    <p class='ocr_par' dir='ltr' id='par_1_19' title="bbox 454 1699 2039 1770">
     <span class='ocr_line' id='line_1_19' title="bbox 454 1699 2039 1770; baseline 0.005 -21"><span class='ocrx_word' id='word_1_105' title='bbox 454 1704 677 1751; x_wconf 90' lang='lat' dir='ltr'><strong>mentur</strong></span> <span class='ocrx_word' id='word_1_106' title='bbox 707 1715 717 1750; x_wconf 95' lang='lat'>:</span> <span class='ocrx_word' id='word_1_107' title='bbox 747 1714 876 1754; x_wconf 89' lang='lat' dir='ltr'><strong>nam</strong></span> <span class='ocrx_word' id='word_1_108' title='bbox 901 1699 976 1754; x_wconf 89' lang='lat' dir='ltr'><strong>ita</strong></span> <span class='ocrx_word' id='word_1_109' title='bbox 1000 1709 1285 1770; x_wconf 87' lang='lat' dir='ltr'><strong>sequetur,</strong></span> <span class='ocrx_word' id='word_1_110' title='bbox 1312 1711 1374 1757; x_wconf 88' lang='lat' dir='ltr'><strong>ut</strong></span> <span class='ocrx_word' id='word_1_111' title='bbox 1411 1701 1548 1758; x_wconf 83' lang='lat' dir='ltr'><strong>ﬁdes</strong></span> <span class='ocrx_word' id='word_1_112' title='bbox 1594 1703 1702 1759; x_wconf 88' lang='lat' dir='ltr'><strong>illis</strong></span> <span class='ocrx_word' id='word_1_113' title='bbox 1748 1703 2039 1759; x_wconf 85' lang='lat' dir='ltr'><strong>habeatur.</strong></span> 
     </span>
    </p>
   </div>
   <div class='ocr_carea' id='block_1_20' title="bbox 453 1773 2120 1863">
    <p class='ocr_par' dir='ltr' id='par_1_20' title="bbox 453 1773 2120 1863">
     <span class='ocr_line' id='line_1_20' title="bbox 453 1773 2120 1863; baseline 0.006 -24"><span class='ocrx_word' id='word_1_114' title='bbox 453 1784 608 1851; x_wconf 83' lang='lat' dir='ltr'><strong>Quod</strong></span> <span class='ocrx_word' id='word_1_115' title='bbox 637 1786 683 1841; x_wconf 91' lang='lat' dir='ltr'><strong>si</strong></span> <span class='ocrx_word' id='word_1_116' title='bbox 713 1787 833 1843; x_wconf 61' lang='lat' dir='ltr'><strong>hac</strong></span> <span class='ocrx_word' id='word_1_117' title='bbox 856 1788 1117 1859; x_wconf 89' lang='lat' dir='ltr'><strong>loquendi</strong></span> <span class='ocrx_word' id='word_1_118' title='bbox 1135 1790 1330 1857; x_wconf 83' lang='lat' dir='ltr'><strong>forma,</strong></span> <span class='ocrx_word' id='word_1_119' title='bbox 1357 1792 1475 1859; x_wconf 89' lang='lat' dir='ltr'><strong>Est,</strong></span> <span class='ocrx_word' id='word_1_120' title='bbox 1501 1801 1560 1848; x_wconf 93' lang='lat' dir='ltr'><strong>et</strong></span> <span class='ocrx_word' id='word_1_121' title='bbox 1582 1792 1728 1860; x_wconf 88' lang='lat' dir='ltr'><strong>Non,</strong></span> <span class='ocrx_word' id='word_1_122' title='bbox 1759 1794 1828 1850; x_wconf 87' lang='lat' dir='ltr'><strong>ab</strong></span> <span class='ocrx_word' id='word_1_123' title='bbox 1857 1794 2042 1863; x_wconf 88' lang='lat' dir='ltr'><strong>aliquo</strong></span> <span class='ocrx_word' id='word_1_124' title='bbox 2078 1773 2120 1828; x_wconf 73' lang='grc' dir='ltr'><strong>Β</strong></span> 
     </span>
    </p>
   </div>
   <div class='ocr_carea' id='block_1_21' title="bbox 456 1881 2043 1956">
    <p class='ocr_par' dir='ltr' id='par_1_21' title="bbox 456 1881 2043 1956">
     <span class='ocr_line' id='line_1_21' title="bbox 456 1881 2043 1956; baseline 0.007 -26"><span class='ocrx_word' id='word_1_125' title='bbox 456 1885 863 1944; x_wconf 86' lang='lat' dir='ltr'><strong>contemnatur,</strong></span> <span class='ocrx_word' id='word_1_126' title='bbox 893 1888 1007 1935; x_wconf 90' lang='lat' dir='ltr'><strong>tum</strong></span> <span class='ocrx_word' id='word_1_127' title='bbox 1035 1881 1274 1953; x_wconf 90' lang='lat' dir='ltr'><strong>denique</strong></span> <span class='ocrx_word' id='word_1_128' title='bbox 1310 1883 1673 1956; x_wconf 91' lang='lat' dir='ltr'><strong>jurisjurandi</strong></span> <span class='ocrx_word' id='word_1_129' title='bbox 1710 1900 1846 1940; x_wconf 89' lang='lat' dir='ltr'><strong>usus</strong></span> <span class='ocrx_word' id='word_1_130' title='bbox 1881 1886 1950 1941; x_wconf 87' lang='lat' dir='ltr'><strong>ad</strong></span> <span class='ocrx_word' id='word_1_131' title='bbox 1986 1885 2043 1942; x_wconf 90' lang='lat' dir='ltr'><strong>id</strong></span> 
     </span>
    </p>
   </div>
   <div class='ocr_carea' id='block_1_22' title="bbox 456 1972 2042 2042">
    <p class='ocr_par' dir='ltr' id='par_1_22' title="bbox 456 1972 2042 2042">
     <span class='ocr_line' id='line_1_22' title="bbox 456 1972 2042 2042; baseline 0.008 -20"><span class='ocrx_word' id='word_1_132' title='bbox 456 1979 765 2038; x_wconf 80' lang='lat' dir='ltr'><strong>revocetur,</strong></span> <span class='ocrx_word' id='word_1_133' title='bbox 800 1972 948 2042; x_wconf 90' lang='lat' dir='ltr'><strong>quod</strong></span> <span class='ocrx_word' id='word_1_134' title='bbox 981 1981 1066 2029; x_wconf 91' lang='lat' dir='ltr'><strong>est</strong></span> <span class='ocrx_word' id='word_1_135' title='bbox 1091 1974 1273 2041; x_wconf 90' lang='lat' dir='ltr'><strong>nobis,</strong></span> <span class='ocrx_word' id='word_1_136' title='bbox 1300 1975 1413 2031; x_wconf 90' lang='lat' dir='ltr'><strong>imo</strong></span> <span class='ocrx_word' id='word_1_137' title='bbox 1440 1993 1575 2033; x_wconf 90' lang='lat' dir='ltr'><strong>vero</strong></span> <span class='ocrx_word' id='word_1_138' title='bbox 1604 1978 1862 2034; x_wconf 88' lang='lat' dir='ltr'><strong>universa</strong></span> <span class='ocrx_word' id='word_1_139' title='bbox 1885 1994 2042 2034; x_wconf 88' lang='lat' dir='ltr'><strong>crea-</strong></span> 
     </span>
    </p>
   </div>
   <div class='ocr_carea' id='block_1_23' title="bbox 456 2063 2046 2140">
    <p class='ocr_par' dir='ltr' id='par_1_23' title="bbox 456 2063 2046 2140">
     <span class='ocr_line' id='line_1_23' title="bbox 456 2063 2046 2140; baseline 0.008 -27"><span class='ocrx_word' id='word_1_140' title='bbox 456 2071 580 2116; x_wconf 87' lang='lat' dir='ltr'><strong>tura</strong></span> <span class='ocrx_word' id='word_1_141' title='bbox 633 2065 828 2134; x_wconf 90' lang='lat' dir='ltr'><strong>majus.</strong></span> <span class='ocrx_word' id='word_1_142' title='bbox 864 2063 1002 2119; x_wconf 90' lang='lat' dir='ltr'><strong>Nam</strong></span> <span class='ocrx_word' id='word_1_143' title='bbox 1037 2066 1107 2121; x_wconf 91' lang='lat' dir='ltr'><strong>de</strong></span> <span class='ocrx_word' id='word_1_144' title='bbox 1138 2066 1484 2139; x_wconf 85' lang='lat' dir='ltr'><strong>blasphemia</strong></span> <span class='ocrx_word' id='word_1_145' title='bbox 1523 2069 1750 2140; x_wconf 89' lang='lat' dir='ltr'><strong>quidem</strong></span> <span class='ocrx_word' id='word_1_146' title='bbox 1780 2070 1914 2140; x_wconf 91' lang='lat' dir='ltr'><strong>quid</strong></span> <span class='ocrx_word' id='word_1_147' title='bbox 1957 2079 2046 2126; x_wconf 85' lang='lat' dir='ltr'><strong>at-</strong></span> 
     </span>
    </p>
   </div>
   <div class='ocr_carea' id='block_1_24' title="bbox 457 2151 2046 2232">
    <p class='ocr_par' dir='ltr' id='par_1_24' title="bbox 457 2151 2046 2232">
     <span class='ocr_line' id='line_1_24' title="bbox 457 2151 2046 2232; baseline 0.009 -28"><span class='ocrx_word' id='word_1_148' title='bbox 457 2151 597 2207; x_wconf 87' lang='lat' dir='ltr'><strong>tinet</strong></span> <span class='ocrx_word' id='word_1_149' title='bbox 640 2153 846 2221; x_wconf 89' lang='lat' dir='ltr'><strong>dicere,</strong></span> <span class='ocrx_word' id='word_1_150' title='bbox 887 2171 1105 2232; x_wconf 79' lang='lat' dir='ltr'><strong>quaque</strong></span> <span class='ocrx_word' id='word_1_151' title='bbox 1156 2157 1215 2213; x_wconf 90' lang='lat' dir='ltr'><strong>in</strong></span> <span class='ocrx_word' id='word_1_152' title='bbox 1257 2175 1319 2214; x_wconf 91' lang='lat' dir='ltr'><strong>re</strong></span> <span class='ocrx_word' id='word_1_153' title='bbox 1358 2168 1634 2227; x_wconf 79' lang='lat' dir='ltr'><strong>versetur,</strong></span> <span class='ocrx_word' id='word_1_154' title='bbox 1674 2169 1732 2217; x_wconf 89' lang='lat' dir='ltr'><strong>et</strong></span> <span class='ocrx_word' id='word_1_155' title='bbox 1784 2161 1854 2216; x_wconf 91' lang='lat' dir='ltr'><strong>ad</strong></span> <span class='ocrx_word' id='word_1_156' title='bbox 1879 2177 2046 2232; x_wconf 89' lang='lat' dir='ltr'><strong>quam</strong></span> 
     </span>
    </p>
   </div>
   <div class='ocr_carea' id='block_1_25' title="bbox 455 2243 2047 2324">
    <p class='ocr_par' dir='ltr' id='par_1_25' title="bbox 455 2243 2047 2324">
     <span class='ocr_line' id='line_1_25' title="bbox 455 2243 2047 2324; baseline 0.006 -28"><span class='ocrx_word' id='word_1_157' title='bbox 455 2243 754 2310; x_wconf 88' lang='lat' dir='ltr'><strong>perniciem</strong></span> <span class='ocrx_word' id='word_1_158' title='bbox 779 2262 894 2313; x_wconf 89' lang='lat' dir='ltr'><strong>eos,</strong></span> <span class='ocrx_word' id='word_1_159' title='bbox 912 2251 1009 2318; x_wconf 90' lang='lat' dir='ltr'><strong>qui</strong></span> <span class='ocrx_word' id='word_1_160' title='bbox 1033 2249 1150 2320; x_wconf 89' lang='lat' dir='ltr'><strong>ipsa</strong></span> <span class='ocrx_word' id='word_1_161' title='bbox 1174 2250 1256 2304; x_wconf 89' lang='lat' dir='ltr'><strong>uti</strong></span> <span class='ocrx_word' id='word_1_162' title='bbox 1287 2261 1716 2318; x_wconf 88' lang='lat' dir='ltr'><strong>consueverunt,</strong></span> <span class='ocrx_word' id='word_1_163' title='bbox 1744 2253 2047 2324; x_wconf 84' lang='lat' dir='ltr'><strong>perducat?</strong></span> 
     </span>
    </p>
   </div>
   <div class='ocr_carea' id='block_1_26' title="bbox 454 2340 2046 2413">
    <p class='ocr_par' dir='ltr' id='par_1_26' title="bbox 454 2340 2046 2413">
     <span class='ocr_line' id='line_1_26' title="bbox 454 2340 2046 2413; baseline 0.008 -26"><span class='ocrx_word' id='word_1_164' title='bbox 454 2350 618 2403; x_wconf 88' lang='lat' dir='ltr'><strong>quam</strong></span> <span class='ocrx_word' id='word_1_165' title='bbox 661 2345 718 2392; x_wconf 89' lang='lat' dir='ltr'><strong>et</strong></span> <span class='ocrx_word' id='word_1_166' title='bbox 759 2340 959 2395; x_wconf 90' lang='lat' dir='ltr'><strong>acerba</strong></span> <span class='ocrx_word' id='word_1_167' title='bbox 985 2349 1161 2397; x_wconf 90' lang='lat' dir='ltr'><strong>morte</strong></span> <span class='ocrx_word' id='word_1_168' title='bbox 1196 2343 1286 2398; x_wconf 80' lang='lat' dir='ltr'><strong>lex</strong></span> <span class='ocrx_word' id='word_1_169' title='bbox 1326 2345 1670 2400; x_wconf 89' lang='lat' dir='ltr'><strong>multandam</strong></span> <span class='ocrx_word' id='word_1_170' title='bbox 1707 2346 1946 2413; x_wconf 89' lang='lat' dir='ltr'><strong>censuit,</strong></span> <span class='ocrx_word' id='word_1_171' title='bbox 1989 2355 2046 2400; x_wconf 89' lang='lat' dir='ltr'><strong>et</strong></span> 
     </span>
    </p>
   </div>
   <div class='ocr_carea' id='block_1_27' title="bbox 456 2425 2047 2508">
    <p class='ocr_par' dir='ltr' id='par_1_27' title="bbox 456 2425 2047 2508">
     <span class='ocr_line' id='line_1_27' title="bbox 456 2425 2047 2508; baseline 0.008 -28"><span class='ocrx_word' id='word_1_172' title='bbox 456 2425 573 2496; x_wconf 86' lang='lat' dir='ltr'><strong>ipse</strong></span> <span class='ocrx_word' id='word_1_173' title='bbox 595 2428 849 2486; x_wconf 88' lang='lat' dir='ltr'><strong>Christus</strong></span> <span class='ocrx_word' id='word_1_174' title='bbox 875 2448 1096 2503; x_wconf 92' lang='lat' dir='ltr'><strong>quoque</strong></span> <span class='ocrx_word' id='word_1_175' title='bbox 1119 2433 1533 2492; x_wconf 89' lang='lat' dir='ltr'><strong>inevitabilibus</strong></span> <span class='ocrx_word' id='word_1_176' title='bbox 1553 2438 1888 2507; x_wconf 70' lang='lat' dir='ltr'><strong>aeternisque</strong></span> <span class='ocrx_word' id='word_1_177' title='bbox 1915 2454 2047 2508; x_wconf 88' lang='lat' dir='ltr'><strong>sup-</strong></span> 
     </span>
    </p>
   </div>
   <div class='ocr_carea' id='block_1_28' title="bbox 456 2519 2042 2592">
    <p class='ocr_par' dir='ltr' id='par_1_28' title="bbox 456 2519 2042 2592">
     <span class='ocr_line' id='line_1_28' title="bbox 456 2519 2042 2592; baseline 0.008 -20"><span class='ocrx_word' id='word_1_178' title='bbox 456 2519 638 2587; x_wconf 83' lang='lat' dir='ltr'><strong>pliciis</strong></span> <span class='ocrx_word' id='word_1_179' title='bbox 681 2521 963 2578; x_wconf 87' lang='lat' dir='ltr'><strong>damnavit</strong></span> <span class='ocrx_word' id='word_1_180' title='bbox 993 2542 1006 2578; x_wconf 81' lang='lat'><strong>2</strong></span> <span class='ocrx_word' id='word_1_181' title='bbox 1042 2544 1060 2577; x_wconf 82' lang='grc' dir='ltr'><strong>ι</strong></span> <span class='ocrx_word' id='word_1_182' title='bbox 1093 2524 1199 2592; x_wconf 83' lang='lat' dir='ltr'><strong>Qui</strong></span> <span class='ocrx_word' id='word_1_183' title='bbox 1227 2527 1376 2581; x_wconf 90' lang='lat' dir='ltr'><strong>enim</strong></span> <span class='ocrx_word' id='word_1_184' title='bbox 1409 2528 1612 2583; x_wconf 83' lang='lat' dir='ltr'><strong>dixerit</strong></span> <span class='ocrx_word' id='word_1_185' title='bbox 1638 2529 1872 2584; x_wconf 85' lang='lat' dir='ltr'><strong>verbum</strong></span> <span class='ocrx_word' id='word_1_186' title='bbox 1903 2545 2042 2584; x_wconf 86' lang='lat' dir='ltr'><strong>con-</strong></span> 
     </span>
    </p>
   </div>
   <div class='ocr_carea' id='block_1_29' title="bbox 457 2611 2050 2692">
    <p class='ocr_par' dir='ltr' id='par_1_29' title="bbox 457 2611 2050 2692">
     <span class='ocr_line' id='line_1_29' title="bbox 457 2611 2050 2692; baseline 0.008 -28"><span class='ocrx_word' id='word_1_187' title='bbox 457 2620 542 2666; x_wconf 88' lang='lat' dir='ltr'><strong>tra</strong></span> <span class='ocrx_word' id='word_1_188' title='bbox 581 2611 782 2669; x_wconf 89' lang='lat' dir='ltr'><strong>Filium</strong></span> <span class='ocrx_word' id='word_1_189' title='bbox 811 2615 1072 2682; x_wconf 89' lang='lat' dir='ltr'><strong>hominis,</strong></span> <span class='ocrx_word' id='word_1_190' title='bbox 1100 2617 1414 2674; x_wconf 88' lang='lat' dir='ltr'><strong>dimittetur</strong></span> <span class='ocrx_word' id='word_1_191' title='bbox 1434 2621 1488 2676; x_wconf 90' lang='lat' dir='ltr'><strong>ei</strong></span> <span class='ocrx_word' id='word_1_192' title='bbox 1514 2638 1526 2674; x_wconf 93' lang='lat'>:</span> <span class='ocrx_word' id='word_1_193' title='bbox 1555 2621 1651 2692; x_wconf 89' lang='lat' dir='ltr'><strong>qui</strong></span> <span class='ocrx_word' id='word_1_194' title='bbox 1685 2623 1871 2676; x_wconf 85' lang='lat' dir='ltr'><strong>autem</strong></span> <span class='ocrx_word' id='word_1_195' title='bbox 1896 2620 2050 2676; x_wconf 78' lang='lat' dir='ltr'><strong>dixe-</strong></span> 
     </span>
    </p>
   </div>
   <div class='ocr_carea' id='block_1_30' title="bbox 456 2704 2048 2780">
    <p class='ocr_par' dir='ltr' id='par_1_30' title="bbox 456 2704 2048 2780">
     <span class='ocr_line' id='line_1_30' title="bbox 456 2704 2048 2780; baseline 0.006 -20"><span class='ocrx_word' id='word_1_196' title='bbox 456 2704 532 2760; x_wconf 89' lang='lat' dir='ltr'><strong>rit</strong></span> <span class='ocrx_word' id='word_1_197' title='bbox 607 2716 799 2764; x_wconf 88' lang='lat' dir='ltr'><strong>contra</strong></span> <span class='ocrx_word' id='word_1_198' title='bbox 842 2708 1111 2780; x_wconf 88' lang='lat' dir='ltr'><strong>Spiritum</strong></span> <span class='ocrx_word' id='word_1_199' title='bbox 1171 2720 1446 2779; x_wconf 87' lang='lat' dir='ltr'><strong>sanctum,</strong></span> <span class='ocrx_word' id='word_1_200' title='bbox 1494 2729 1606 2768; x_wconf 89' lang='lat' dir='ltr'><strong>non</strong></span> <span class='ocrx_word' id='word_1_201' title='bbox 1640 2714 1955 2770; x_wconf 88' lang='lat' dir='ltr'><strong>remittetur</strong></span> <span class='ocrx_word' id='word_1_202' title='bbox 1995 2715 2048 2769; x_wconf 91' lang='lat' dir='ltr'><strong>ei</strong></span> 
     </span>
    </p>
   </div>
   <div class='ocr_carea' id='block_1_31' title="bbox 455 2799 2049 2878">
    <p class='ocr_par' dir='ltr' id='par_1_31' title="bbox 455 2799 2049 2878">
     <span class='ocr_line' id='line_1_31' title="bbox 455 2799 2049 2878; baseline 0.005 -25"><span class='ocrx_word' id='word_1_203' title='bbox 455 2814 637 2869; x_wconf 92' lang='lat' dir='ltr'><strong>neque</strong></span> <span class='ocrx_word' id='word_1_204' title='bbox 658 2799 716 2854; x_wconf 89' lang='lat' dir='ltr'><strong>in</strong></span> <span class='ocrx_word' id='word_1_205' title='bbox 751 2801 856 2855; x_wconf 92' lang='lat' dir='ltr'><strong>hoc</strong></span> <span class='ocrx_word' id='word_1_206' title='bbox 879 2803 1101 2868; x_wconf 82' lang='lat' dir='ltr'><strong>saeculo,</strong></span> <span class='ocrx_word' id='word_1_207' title='bbox 1126 2819 1306 2874; x_wconf 91' lang='lat' dir='ltr'><strong>neque</strong></span> <span class='ocrx_word' id='word_1_208' title='bbox 1331 2804 1386 2860; x_wconf 91' lang='lat' dir='ltr'><strong>in</strong></span> <span class='ocrx_word' id='word_1_209' title='bbox 1412 2805 1596 2862; x_wconf 83' lang='lat' dir='ltr'><strong>futuro</strong></span> <span class='ocrx_word' id='word_1_210' title='bbox 1623 2806 1688 2860; x_wconf 80' lang='grc'><strong>³⁸.</strong></span> <span class='ocrx_word' id='word_1_211' title='bbox 1725 2827 1744 2858; x_wconf 76' lang='grc' dir='ltr'><strong>ι</strong></span> <span class='ocrx_word' id='word_1_212' title='bbox 1781 2805 2049 2878; x_wconf 87' lang='lat' dir='ltr'><strong>Spiritum</strong></span> 
     </span>
    </p>
   </div>
   <div class='ocr_carea' id='block_1_32' title="bbox 456 2893 2050 2970">
    <p class='ocr_par' dir='ltr' id='par_1_32' title="bbox 456 2893 2050 2970">
     <span class='ocr_line' id='line_1_32' title="bbox 456 2893 2050 2970; baseline 0.007 -26"><span class='ocrx_word' id='word_1_213' title='bbox 456 2906 664 2946; x_wconf 89' lang='lat' dir='ltr'><strong>vocans</strong></span> <span class='ocrx_word' id='word_1_214' title='bbox 709 2900 968 2948; x_wconf 87' lang='lat' dir='ltr'><strong>naturam</strong></span> <span class='ocrx_word' id='word_1_215' title='bbox 1011 2893 1160 2948; x_wconf 87' lang='lat' dir='ltr'><strong>illam</strong></span> <span class='ocrx_word' id='word_1_216' title='bbox 1215 2910 1448 2966; x_wconf 90' lang='lat' dir='ltr'><strong>corpore</strong></span> <span class='ocrx_word' id='word_1_217' title='bbox 1501 2898 1844 2968; x_wconf 89' lang='lat' dir='ltr'><strong>superiorem</strong></span> <span class='ocrx_word' id='word_1_218' title='bbox 1872 2942 1886 2966; x_wconf 92' lang='lat'><strong>,</strong></span> <span class='ocrx_word' id='word_1_219' title='bbox 1926 2916 2050 2970; x_wconf 66' lang='lat' dir='ltr'><strong>quae</strong></span> 
     </span>
    </p>
   </div>
   <div class='ocr_carea' id='block_1_33' title="bbox 457 2983 2049 3062">
    <p class='ocr_par' dir='ltr' id='par_1_33' title="bbox 457 2983 2049 3062">
     <span class='ocr_line' id='line_1_33' title="bbox 457 2983 2049 3062; baseline 0.006 -26"><span class='ocrx_word' id='word_1_220' title='bbox 457 2983 604 3039; x_wconf 89' lang='lat' dir='ltr'><strong>Deus</strong></span> <span class='ocrx_word' id='word_1_221' title='bbox 647 2992 752 3050; x_wconf 89' lang='lat' dir='ltr'><strong>est,</strong></span> <span class='ocrx_word' id='word_1_222' title='bbox 809 2984 868 3040; x_wconf 90' lang='lat' dir='ltr'><strong>in</strong></span> <span class='ocrx_word' id='word_1_223' title='bbox 934 3001 1101 3055; x_wconf 88' lang='lat' dir='ltr'><strong>quem</strong></span> <span class='ocrx_word' id='word_1_224' title='bbox 1147 2986 1194 3042; x_wconf 85' lang='lat' dir='ltr'><strong>si</strong></span> <span class='ocrx_word' id='word_1_225' title='bbox 1257 2989 1383 3057; x_wconf 90' lang='lat' dir='ltr'><strong>quis</strong></span> <span class='ocrx_word' id='word_1_226' title='bbox 1428 2988 1756 3045; x_wconf 79' lang='lat' dir='ltr'><strong>effrenatam</strong></span> <span class='ocrx_word' id='word_1_227' title='bbox 1805 2991 2049 3062; x_wconf 76' lang='lat' dir='ltr'><strong>linguam</strong></span> 
     </span>
    </p>
   </div>
   <div class='ocr_carea' id='block_1_34' title="bbox 2143 505 3726 584">
    <p class='ocr_par' dir='ltr' id='par_1_34' title="bbox 2143 505 3726 584">
     <span class='ocr_line' id='line_1_34' title="bbox 2143 505 3726 584; baseline 0.004 -26"><span class='ocrx_word' id='word_1_228' title='bbox 2143 505 2369 570; x_wconf 79' lang='grc' dir='ltr'><strong>εἰκότως</strong></span> <span class='ocrx_word' id='word_1_229' title='bbox 2393 506 2470 570; x_wconf 84' lang='grc' dir='ltr'>ὡς</span> <span class='ocrx_word' id='word_1_230' title='bbox 2497 507 2634 578; x_wconf 88' lang='grc' dir='ltr'>πρὸς</span> <span class='ocrx_word' id='word_1_231' title='bbox 2661 508 2814 578; x_wconf 81' lang='grc' dir='ltr'>ἡμᾶς</span> <span class='ocrx_word' id='word_1_232' title='bbox 2839 508 2901 561; x_wconf 84' lang='grc' dir='ltr'>τὸ</span> <span class='ocrx_word' id='word_1_233' title='bbox 2934 507 3293 580; x_wconf 83' lang='grc' dir='ltr'>ύπερτεροῦν,</span> <span class='ocrx_word' id='word_1_234' title='bbox 3321 509 3443 562; x_wconf 79' lang='grc' dir='ltr'>καθ’</span> <span class='ocrx_word' id='word_1_235' title='bbox 3463 508 3493 562; x_wconf 80' lang='grc' dir='ltr'><strong>ὃ</strong></span> <span class='ocrx_word' id='word_1_236' title='bbox 3511 509 3726 584; x_wconf 84' lang='grc' dir='ltr'>πέφυκε</span> 
     </span>
    </p>
   </div>
   <div class='ocr_carea' id='block_1_35' title="bbox 2143 593 3726 674">
    <p class='ocr_par' dir='ltr' id='par_1_35' title="bbox 2143 593 3726 674">
     <span class='ocr_line' id='line_1_35' title="bbox 2143 593 3726 674; baseline 0.004 -24"><span class='ocrx_word' id='word_1_237' title='bbox 2143 598 2319 669; x_wconf 83' lang='grc' dir='ltr'>νικᾷν.</span> <span class='ocrx_word' id='word_1_238' title='bbox 2362 597 2566 670; x_wconf 83' lang='grc' dir='ltr'>Ὅρκια</span> <span class='ocrx_word' id='word_1_239' title='bbox 2617 599 2682 669; x_wconf 85' lang='grc' dir='ltr'>δὴ</span> <span class='ocrx_word' id='word_1_240' title='bbox 2729 593 2823 652; x_wconf 80' lang='grc' dir='ltr'><strong>οῦν</strong></span> <span class='ocrx_word' id='word_1_241' title='bbox 2859 600 3017 653; x_wconf 81' lang='grc' dir='ltr'>ταυτὶ</span> <span class='ocrx_word' id='word_1_242' title='bbox 3046 600 3421 672; x_wconf 79' lang='grc' dir='ltr'><strong>ποιησόμεθα,</strong></span> <span class='ocrx_word' id='word_1_243' title='bbox 3459 603 3726 674; x_wconf 80' lang='grc' dir='ltr'>παρέντες</span> 
     </span>
    </p>
   </div>
   <div class='ocr_carea' id='block_1_36' title="bbox 2141 688 3254 763">
    <p class='ocr_par' dir='ltr' id='par_1_36' title="bbox 2141 688 3254 763">
     <span class='ocr_line' id='line_1_36' title="bbox 2141 688 3254 763; baseline 0.006 -23"><span class='ocrx_word' id='word_1_244' title='bbox 2141 688 2218 752; x_wconf 90' lang='grc' dir='ltr'><strong>ὡς</strong></span> <span class='ocrx_word' id='word_1_245' title='bbox 2247 690 2525 760; x_wconf 84' lang='grc' dir='ltr'>περιττὸν,</span> <span class='ocrx_word' id='word_1_246' title='bbox 2562 690 2624 744; x_wconf 86' lang='grc' dir='ltr'>τὸ</span> <span class='ocrx_word' id='word_1_247' title='bbox 2655 690 3063 763; x_wconf 82' lang='grc' dir='ltr'><strong>διαμεμνῆσθαι</strong></span> <span class='ocrx_word' id='word_1_248' title='bbox 3087 691 3254 761; x_wconf 84' lang='grc' dir='ltr'>Θεοῦ;</span> 
     </span>
    </p>
   </div>
   <div class='ocr_carea' id='block_1_37' title="bbox 2205 871 2745 942">
    <p class='ocr_par' dir='ltr' id='par_1_37' title="bbox 2205 871 2745 942">
     <span class='ocr_line' id='line_1_37' title="bbox 2205 871 2745 942; baseline 0.002 -17"><span class='ocrx_word' id='word_1_249' title='bbox 2205 872 2418 927; x_wconf 82' lang='grc' dir='ltr'><strong>ΠΔΛΛ.</strong></span> <span class='ocrx_word' id='word_1_250' title='bbox 2458 871 2745 942; x_wconf 78' lang='grc' dir='ltr'><strong>Οὐδαμῶς.</strong></span> 
     </span>
    </p>
   </div>
   <div class='ocr_carea' id='block_1_38' title="bbox 2213 958 3726 1037">
    <p class='ocr_par' dir='ltr' id='par_1_38' title="bbox 2213 958 3726 1037">
     <span class='ocr_line' id='line_1_38' title="bbox 2213 958 3726 1037; baseline 0.001 -19"><span class='ocrx_word' id='word_1_251' title='bbox 2213 964 2379 1018; x_wconf 84' lang='grc' dir='ltr'><strong>ΚΥΡ.</strong></span> <span class='ocrx_word' id='word_1_252' title='bbox 2418 964 2634 1018; x_wconf 87' lang='grc' dir='ltr'>Ἔοικεν</span> <span class='ocrx_word' id='word_1_253' title='bbox 2677 958 2770 1018; x_wconf 80' lang='grc' dir='ltr'><strong>οῦν</strong></span> <span class='ocrx_word' id='word_1_254' title='bbox 2808 963 2918 1037; x_wconf 79' lang='grc' dir='ltr'>ἄρα</span> <span class='ocrx_word' id='word_1_255' title='bbox 2948 963 3010 1018; x_wconf 85' lang='grc' dir='ltr'>τὸ</span> <span class='ocrx_word' id='word_1_256' title='bbox 3043 963 3185 1018; x_wconf 86' lang='grc' dir='ltr'>κατὰ</span> <span class='ocrx_word' id='word_1_257' title='bbox 3229 964 3390 1034; x_wconf 90' lang='grc' dir='ltr'>φύσιν</span> <span class='ocrx_word' id='word_1_258' title='bbox 3432 965 3726 1036; x_wconf 82' lang='grc' dir='ltr'>ύπερτενὲς</span> 
     </span>
    </p>
   </div>
   <div class='ocr_carea' id='block_1_39' title="bbox 2141 1053 3731 1128">
    <p class='ocr_par' dir='ltr' id='par_1_39' title="bbox 2141 1053 3731 1128">
     <span class='ocr_line' id='line_1_39' title="bbox 2141 1053 3731 1128; baseline 0.001 -18"><span class='ocrx_word' id='word_1_259' title='bbox 2141 1057 2238 1110; x_wconf 80' lang='grc' dir='ltr'>καὶ</span> <span class='ocrx_word' id='word_1_260' title='bbox 2272 1056 2379 1128; x_wconf 86' lang='grc' dir='ltr'><strong>ὅλῳ</strong></span> <span class='ocrx_word' id='word_1_261' title='bbox 2410 1055 2490 1128; x_wconf 85' lang='grc' dir='ltr'>τῷ</span> <span class='ocrx_word' id='word_1_262' title='bbox 2531 1053 2671 1110; x_wconf 75' lang='grc' dir='ltr'>εῖναι</span> <span class='ocrx_word' id='word_1_263' title='bbox 2703 1057 2812 1111; x_wconf 89' lang='grc' dir='ltr'><strong>τῶν</strong></span> <span class='ocrx_word' id='word_1_264' title='bbox 2847 1056 3234 1127; x_wconf 79' lang='grc' dir='ltr'><strong>πεποιημένων</strong></span> <span class='ocrx_word' id='word_1_265' title='bbox 3267 1057 3579 1127; x_wconf 79' lang='grc' dir='ltr'>διενεγκδν,</span> <span class='ocrx_word' id='word_1_266' title='bbox 3606 1075 3731 1114; x_wconf 78' lang='grc' dir='ltr'>του-</span> 
     </span>
    </p>
   </div>
   <div class='ocr_carea' id='block_1_40' title="bbox 2140 1148 3385 1221">
    <p class='ocr_par' dir='ltr' id='par_1_40' title="bbox 2140 1148 3385 1221">
     <span class='ocr_line' id='line_1_40' title="bbox 2140 1148 3385 1221; baseline 0.002 -19"><span class='ocrx_word' id='word_1_267' title='bbox 2140 1148 2313 1213; x_wconf 80' lang='grc' dir='ltr'>τέστι,</span> <span class='ocrx_word' id='word_1_268' title='bbox 2342 1149 2497 1216; x_wconf 77' lang='grc' dir='ltr'>Θεὸν,</span> <span class='ocrx_word' id='word_1_269' title='bbox 2525 1149 2622 1204; x_wconf 76' lang='grc' dir='ltr'>καὶ</span> <span class='ocrx_word' id='word_1_270' title='bbox 2649 1148 2938 1221; x_wconf 84' lang='grc' dir='ltr'>ἀνθρώπου</span> <span class='ocrx_word' id='word_1_271' title='bbox 2970 1151 3154 1221; x_wconf 77' lang='grc' dir='ltr'>μεῖζον</span> <span class='ocrx_word' id='word_1_272' title='bbox 3188 1151 3385 1204; x_wconf 83' lang='grc' dir='ltr'>εἰπεῖν.</span> 
     </span>
    </p>
   </div>
   <div class='ocr_carea' id='block_1_41' title="bbox 2208 1322 2770 1399">
    <p class='ocr_par' dir='ltr' id='par_1_41' title="bbox 2208 1322 2770 1399">
     <span class='ocr_line' id='line_1_41' title="bbox 2208 1322 2770 1399; baseline 0.002 -18"><span class='ocrx_word' id='word_1_273' title='bbox 2208 1328 2418 1382; x_wconf 77' lang='grc' dir='ltr'><strong>ΠΑΛΛ.</strong></span> <span class='ocrx_word' id='word_1_274' title='bbox 2461 1322 2535 1383; x_wconf 83' lang='grc' dir='ltr'><strong>Εῦ</strong></span> <span class='ocrx_word' id='word_1_275' title='bbox 2567 1327 2770 1399; x_wconf 84' lang='grc' dir='ltr'>λέγεις.</span> 
     </span>
    </p>
   </div>
   <div class='ocr_carea' id='block_1_42' title="bbox 2211 1418 3730 1492">
    <p class='ocr_par' dir='ltr' id='par_1_42' title="bbox 2211 1418 3730 1492">
     <span class='ocr_line' id='line_1_42' title="bbox 2211 1418 3730 1492; baseline 0 -18"><span class='ocrx_word' id='word_1_276' title='bbox 2211 1420 2376 1476; x_wconf 85' lang='grc' dir='ltr'><strong>ΚΥΡ.</strong></span> <span class='ocrx_word' id='word_1_277' title='bbox 2405 1421 2587 1474; x_wconf 86' lang='grc' dir='ltr'>Ἔστω</span> <span class='ocrx_word' id='word_1_278' title='bbox 2605 1419 2897 1492; x_wconf 81' lang='grc' dir='ltr'>τοιγαροῦν</span> <span class='ocrx_word' id='word_1_279' title='bbox 2923 1419 2984 1474; x_wconf 86' lang='grc' dir='ltr'>τὸ</span> <span class='ocrx_word' id='word_1_280' title='bbox 3007 1420 3138 1487; x_wconf 74' lang='grc' dir='ltr'>Ναὶ,</span> <span class='ocrx_word' id='word_1_281' title='bbox 3159 1421 3254 1475; x_wconf 75' lang='grc' dir='ltr'>καὶ</span> <span class='ocrx_word' id='word_1_282' title='bbox 3283 1421 3343 1475; x_wconf 80' lang='grc' dir='ltr'>τὸ</span> <span class='ocrx_word' id='word_1_283' title='bbox 3367 1418 3467 1486; x_wconf 81' lang='grc' dir='ltr'><strong>Οΰ,</strong></span> <span class='ocrx_word' id='word_1_284' title='bbox 3491 1421 3644 1490; x_wconf 89' lang='grc' dir='ltr'>παρά</span> <span class='ocrx_word' id='word_1_285' title='bbox 3664 1437 3730 1490; x_wconf 82' lang='grc' dir='ltr'><strong>γε</strong></span> 
     </span>
    </p>
   </div>
   <div class='ocr_carea' id='block_1_43' title="bbox 2143 1511 3730 1585">
    <p class='ocr_par' dir='ltr' id='par_1_43' title="bbox 2143 1511 3730 1585">
     <span class='ocr_line' id='line_1_43' title="bbox 2143 1511 3730 1585; baseline 0.001 -21"><span class='ocrx_word' id='word_1_286' title='bbox 2143 1514 2257 1575; x_wconf 83' lang='grc' dir='ltr'>τοῖς</span> <span class='ocrx_word' id='word_1_287' title='bbox 2287 1511 2486 1584; x_wconf 77' lang='grc' dir='ltr'>ἄριστα</span> <span class='ocrx_word' id='word_1_288' title='bbox 2532 1512 2682 1582; x_wconf 88' lang='grc' dir='ltr'>βιοῦν</span> <span class='ocrx_word' id='word_1_289' title='bbox 2725 1513 3061 1585; x_wconf 75' lang='grc' dir='ltr'><strong>ᾑρημένοις,</strong></span> <span class='ocrx_word' id='word_1_290' title='bbox 3117 1514 3281 1585; x_wconf 82' lang='grc' dir='ltr'><strong>ὅρκου</strong></span> <span class='ocrx_word' id='word_1_291' title='bbox 3328 1513 3489 1585; x_wconf 91' lang='grc' dir='ltr'>χρεία</span> <span class='ocrx_word' id='word_1_292' title='bbox 3535 1530 3596 1568; x_wconf 89' lang='grc' dir='ltr'><strong>τε</strong></span> <span class='ocrx_word' id='word_1_293' title='bbox 3635 1514 3730 1568; x_wconf 73' lang='grc' dir='ltr'>καὶ</span> 
     </span>
    </p>
   </div>
   <div class='ocr_carea' id='block_1_44' title="bbox 2143 1602 3732 1676">
    <p class='ocr_par' dir='ltr' id='par_1_44' title="bbox 2143 1602 3732 1676">
     <span class='ocr_line' id='line_1_44' title="bbox 2143 1602 3732 1676; baseline 0.001 -19"><span class='ocrx_word' id='word_1_294' title='bbox 2143 1602 2374 1674; x_wconf 87' lang='grc' dir='ltr'>δύναμις</span> <span class='ocrx_word' id='word_1_295' title='bbox 2393 1643 2408 1667; x_wconf 92' lang='grc'><strong>,</strong></span> <span class='ocrx_word' id='word_1_296' title='bbox 2457 1603 2553 1657; x_wconf 73' lang='grc' dir='ltr'>καὶ</span> <span class='ocrx_word' id='word_1_297' title='bbox 2581 1604 2942 1676; x_wconf 87' lang='grc' dir='ltr'>διαπεπήχθω</span> <span class='ocrx_word' id='word_1_298' title='bbox 2968 1604 3174 1676; x_wconf 83' lang='grc' dir='ltr'><strong>ὀρθῶς·</strong></span> <span class='ocrx_word' id='word_1_299' title='bbox 3208 1604 3400 1676; x_wconf 69' lang='grc' dir='ltr'>ἕψεται</span> <span class='ocrx_word' id='word_1_300' title='bbox 3431 1604 3540 1676; x_wconf 82' lang='grc' dir='ltr'><strong>γὰρ</strong></span> <span class='ocrx_word' id='word_1_301' title='bbox 3585 1603 3732 1659; x_wconf 83' lang='grc' dir='ltr'>οῦτω</span> 
     </span>
    </p>
   </div>
   <div class='ocr_carea' id='block_1_45' title="bbox 2147 1696 3732 1769">
    <p class='ocr_par' dir='ltr' id='par_1_45' title="bbox 2147 1696 3732 1769">
     <span class='ocr_line' id='line_1_45' title="bbox 2147 1696 3732 1769; baseline 0.003 -21"><span class='ocrx_word' id='word_1_302' title='bbox 2147 1697 2242 1750; x_wconf 75' lang='grc' dir='ltr'>καὶ</span> <span class='ocrx_word' id='word_1_303' title='bbox 2270 1696 2332 1750; x_wconf 90' lang='grc' dir='ltr'>τὸ</span> <span class='ocrx_word' id='word_1_304' title='bbox 2362 1696 2712 1764; x_wconf 82' lang='grc' dir='ltr'><strong>πιστεύεσθαι</strong></span> <span class='ocrx_word' id='word_1_305' title='bbox 2737 1697 2866 1751; x_wconf 85' lang='grc' dir='ltr'>δεῖν.</span> <span class='ocrx_word' id='word_1_306' title='bbox 2897 1699 2958 1750; x_wconf 77' lang='lat' dir='ltr'><strong>Et</strong></span> <span class='ocrx_word' id='word_1_307' title='bbox 2987 1698 3043 1752; x_wconf 82' lang='grc' dir='ltr'>δὲ</span> <span class='ocrx_word' id='word_1_308' title='bbox 3073 1697 3396 1769; x_wconf 77' lang='grc' dir='ltr'>ἀτιμάζοιτο</span> <span class='ocrx_word' id='word_1_309' title='bbox 3423 1698 3561 1768; x_wconf 82' lang='grc' dir='ltr'>πρὸς</span> <span class='ocrx_word' id='word_1_310' title='bbox 3585 1715 3732 1760; x_wconf 88' lang='grc' dir='ltr'>τινος</span> 
     </span>
    </p>
   </div>
   <div class='ocr_carea' id='block_1_46' title="bbox 2143 1788 3731 1862">
    <p class='ocr_par' dir='ltr' id='par_1_46' title="bbox 2143 1788 3731 1862">
     <span class='ocr_line' id='line_1_46' title="bbox 2143 1788 3731 1862; baseline -0.001 -20"><span class='ocrx_word' id='word_1_311' title='bbox 2143 1788 2205 1842; x_wconf 84' lang='grc' dir='ltr'>τὸ</span> <span class='ocrx_word' id='word_1_312' title='bbox 2239 1790 2348 1842; x_wconf 76' lang='grc' dir='ltr'><strong>Ναὶ</strong></span> <span class='ocrx_word' id='word_1_313' title='bbox 2377 1789 2471 1842; x_wconf 77' lang='grc' dir='ltr'>καὶ</span> <span class='ocrx_word' id='word_1_314' title='bbox 2495 1789 2558 1842; x_wconf 84' lang='grc' dir='ltr'>τὸ</span> <span class='ocrx_word' id='word_1_315' title='bbox 2586 1788 2682 1855; x_wconf 84' lang='grc' dir='ltr'><strong>Οὓ,</strong></span> <span class='ocrx_word' id='word_1_316' title='bbox 2712 1789 2822 1844; x_wconf 91' lang='grc' dir='ltr'><strong>τῶν</strong></span> <span class='ocrx_word' id='word_1_317' title='bbox 2850 1790 3030 1860; x_wconf 84' lang='grc' dir='ltr'>ὅρκων</span> <span class='ocrx_word' id='word_1_318' title='bbox 3056 1792 3089 1861; x_wconf 83' lang='grc' dir='ltr'>ἡ</span> <span class='ocrx_word' id='word_1_319' title='bbox 3120 1789 3280 1861; x_wconf 84' lang='grc' dir='ltr'>χρεία</span> <span class='ocrx_word' id='word_1_320' title='bbox 3306 1790 3596 1862; x_wconf 82' lang='grc' dir='ltr'>τετράφθω</span> <span class='ocrx_word' id='word_1_321' title='bbox 3621 1789 3731 1842; x_wconf 79' lang='grc' dir='ltr'>λοιο</span> 
     </span>
    </p>
   </div>
   <div class='ocr_carea' id='block_1_47' title="bbox 2145 1879 3733 1952">
    <p class='ocr_par' dir='ltr' id='par_1_47' title="bbox 2145 1879 3733 1952">
     <span class='ocr_line' id='line_1_47' title="bbox 2145 1879 3733 1952; baseline 0 -18"><span class='ocrx_word' id='word_1_322' title='bbox 2145 1881 2246 1934; x_wconf 81' lang='grc' dir='ltr'><strong>πὸν</strong></span> <span class='ocrx_word' id='word_1_323' title='bbox 2284 1882 2375 1934; x_wconf 67' lang='grc' dir='ltr'><strong>ἐπὶ</strong></span> <span class='ocrx_word' id='word_1_324' title='bbox 2414 1881 2479 1935; x_wconf 82' lang='grc' dir='ltr'>τὸ</span> <span class='ocrx_word' id='word_1_325' title='bbox 2513 1881 2698 1952; x_wconf 80' lang='grc' dir='ltr'>μεῖζον</span> <span class='ocrx_word' id='word_1_326' title='bbox 2731 1881 2764 1951; x_wconf 78' lang='grc' dir='ltr'>ἢ</span> <span class='ocrx_word' id='word_1_327' title='bbox 2809 1881 2931 1934; x_wconf 85' lang='grc' dir='ltr'>καθ’</span> <span class='ocrx_word' id='word_1_328' title='bbox 2960 1883 3108 1952; x_wconf 82' lang='grc' dir='ltr'>ἡμᾶς</span> <span class='ocrx_word' id='word_1_329' title='bbox 3129 1921 3142 1946; x_wconf 91' lang='grc'><strong>,</strong></span> <span class='ocrx_word' id='word_1_330' title='bbox 3193 1881 3393 1952; x_wconf 79' lang='grc' dir='ltr'>μᾶλλον</span> <span class='ocrx_word' id='word_1_331' title='bbox 3426 1882 3484 1934; x_wconf 83' lang='grc' dir='ltr'>δὲ</span> <span class='ocrx_word' id='word_1_332' title='bbox 3516 1881 3549 1952; x_wconf 85' lang='grc' dir='ltr'>ἢ</span> <span class='ocrx_word' id='word_1_333' title='bbox 3590 1879 3733 1935; x_wconf 83' lang='grc' dir='ltr'>κατὰ</span> 
     </span>
    </p>
   </div>
   <div class='ocr_carea' id='block_1_48' title="bbox 2146 1970 3742 2047">
    <p class='ocr_par' dir='ltr' id='par_1_48' title="bbox 2146 1970 3742 2047">
     <span class='ocr_line' id='line_1_48' title="bbox 2146 1970 3742 2047; baseline -0.001 -23"><span class='ocrx_word' id='word_1_334' title='bbox 2146 1973 2327 2025; x_wconf 84' lang='grc' dir='ltr'>πᾶσαν</span> <span class='ocrx_word' id='word_1_335' title='bbox 2358 1970 2456 2043; x_wconf 82' lang='grc' dir='ltr'>τὴν</span> <span class='ocrx_word' id='word_1_336' title='bbox 2487 1971 2686 2026; x_wconf 86' lang='grc' dir='ltr'>κτίσιν.</span> <span class='ocrx_word' id='word_1_337' title='bbox 2728 1972 3054 2043; x_wconf 86' lang='grc' dir='ltr'>Δυσφημίαν</span> <span class='ocrx_word' id='word_1_338' title='bbox 3079 1971 3154 2038; x_wconf 83' lang='grc' dir='ltr'>δὲ,</span> <span class='ocrx_word' id='word_1_339' title='bbox 3185 1972 3238 2025; x_wconf 90' lang='grc' dir='ltr'><strong>τί</strong></span> <span class='ocrx_word' id='word_1_340' title='bbox 3265 1970 3330 2047; x_wconf 69' lang='grc' dir='ltr'>ἂν</span> <span class='ocrx_word' id='word_1_341' title='bbox 3362 1971 3582 2042; x_wconf 79' lang='grc' dir='ltr'>λέγοιμι</span> <span class='ocrx_word' id='word_1_342' title='bbox 3618 1970 3742 2024; x_wconf 63' lang='grc' dir='ltr'>λοιι</span> 
     </span>
    </p>
   </div>
   <div class='ocr_carea' id='block_1_49' title="bbox 2147 2053 3731 2136">
    <p class='ocr_par' dir='ltr' id='par_1_49' title="bbox 2147 2053 3731 2136">
     <span class='ocr_line' id='line_1_49' title="bbox 2147 2053 3731 2136; baseline -0.001 -20"><span class='ocrx_word' id='word_1_343' title='bbox 2147 2064 2268 2130; x_wconf 82' lang='grc' dir='ltr'>πὸν,</span> <span class='ocrx_word' id='word_1_344' title='bbox 2296 2064 2419 2117; x_wconf 85' lang='grc' dir='ltr'>ὅποι</span> <span class='ocrx_word' id='word_1_345' title='bbox 2448 2063 2511 2118; x_wconf 86' lang='grc' dir='ltr'>τέ</span> <span class='ocrx_word' id='word_1_346' title='bbox 2547 2066 2687 2129; x_wconf 74' lang='grc' dir='ltr'>ἐστι,</span> <span class='ocrx_word' id='word_1_347' title='bbox 2713 2066 2808 2118; x_wconf 75' lang='grc' dir='ltr'>καὶ</span> <span class='ocrx_word' id='word_1_348' title='bbox 2837 2064 2905 2118; x_wconf 84' lang='grc' dir='ltr'><strong>ἵν’</strong></span> <span class='ocrx_word' id='word_1_349' title='bbox 2932 2063 3185 2136; x_wconf 78' lang='grc' dir='ltr'>ἀποφέρῃ</span> <span class='ocrx_word' id='word_1_350' title='bbox 3229 2053 3402 2117; x_wconf 88' lang='grc' dir='ltr'>κακοῦ</span> <span class='ocrx_word' id='word_1_351' title='bbox 3434 2061 3562 2126; x_wconf 80' lang='grc' dir='ltr'>τοὺς</span> <span class='ocrx_word' id='word_1_352' title='bbox 3591 2062 3731 2133; x_wconf 79' lang='grc' dir='ltr'>αὐτῇ</span> 
     </span>
    </p>
   </div>
   <div class='ocr_carea' id='block_1_50' title="bbox 2145 2157 3734 2232">
    <p class='ocr_par' dir='ltr' id='par_1_50' title="bbox 2145 2157 3734 2232">
     <span class='ocr_line' id='line_1_50' title="bbox 2145 2157 3734 2232; baseline -0.003 -18"><span class='ocrx_word' id='word_1_353' title='bbox 2145 2160 2484 2231; x_wconf 83' lang='grc' dir='ltr'>χρωμένους,</span> <span class='ocrx_word' id='word_1_354' title='bbox 2533 2160 2600 2232; x_wconf 86' lang='grc' dir='ltr'>ἢν</span> <span class='ocrx_word' id='word_1_355' title='bbox 2628 2159 2842 2230; x_wconf 83' lang='grc' dir='ltr'><strong>θανάτῳ</strong></span> <span class='ocrx_word' id='word_1_356' title='bbox 2882 2161 2980 2231; x_wconf 83' lang='grc' dir='ltr'>μὲν</span> <span class='ocrx_word' id='word_1_357' title='bbox 3020 2158 3202 2232; x_wconf 84' lang='grc' dir='ltr'>πικρῷ</span> <span class='ocrx_word' id='word_1_358' title='bbox 3236 2160 3331 2213; x_wconf 71' lang='grc' dir='ltr'>καὶ</span> <span class='ocrx_word' id='word_1_359' title='bbox 3367 2161 3396 2212; x_wconf 83' lang='grc' dir='ltr'>ὁ</span> <span class='ocrx_word' id='word_1_360' title='bbox 3441 2157 3609 2211; x_wconf 85' lang='grc' dir='ltr'>πάλαι</span> <span class='ocrx_word' id='word_1_361' title='bbox 3650 2173 3734 2210; x_wconf 85' lang='grc' dir='ltr'>τι-</span> 
     </span>
    </p>
   </div>
   <div class='ocr_carea' id='block_1_51' title="bbox 2151 2247 3734 2324">
    <p class='ocr_par' dir='ltr' id='par_1_51' title="bbox 2151 2247 3734 2324">
     <span class='ocr_line' id='line_1_51' title="bbox 2151 2247 3734 2324; baseline -0.004 -17"><span class='ocrx_word' id='word_1_362' title='bbox 2151 2254 2318 2322; x_wconf 84' lang='grc' dir='ltr'>μᾶται</span> <span class='ocrx_word' id='word_1_363' title='bbox 2349 2253 2533 2324; x_wconf 85' lang='grc' dir='ltr'>νόμος.</span> <span class='ocrx_word' id='word_1_364' title='bbox 2570 2251 2979 2307; x_wconf 84' lang='grc' dir='ltr'>Καταδεδίκακε</span> <span class='ocrx_word' id='word_1_365' title='bbox 3011 2251 3067 2305; x_wconf 75' lang='grc' dir='ltr'>δὲ</span> <span class='ocrx_word' id='word_1_366' title='bbox 3097 2251 3192 2304; x_wconf 78' lang='grc' dir='ltr'>καὶ</span> <span class='ocrx_word' id='word_1_367' title='bbox 3223 2249 3388 2314; x_wconf 83' lang='grc' dir='ltr'>αὐτὸς</span> <span class='ocrx_word' id='word_1_368' title='bbox 3419 2251 3448 2302; x_wconf 92' lang='grc' dir='ltr'>ὁ</span> <span class='ocrx_word' id='word_1_369' title='bbox 3476 2247 3734 2320; x_wconf 77' lang='grc' dir='ltr'>Χριστὸς,</span> 
     </span>
    </p>
   </div>
   <div class='ocr_carea' id='block_1_52' title="bbox 2147 2339 3736 2415">
    <p class='ocr_par' dir='ltr' id='par_1_52' title="bbox 2147 2339 3736 2415">
     <span class='ocr_line' id='line_1_52' title="bbox 2147 2339 3736 2415; baseline -0.003 -16"><span class='ocrx_word' id='word_1_370' title='bbox 2147 2345 2413 2414; x_wconf 81' lang='grc' dir='ltr'><strong>ἀφύκτοις</strong></span> <span class='ocrx_word' id='word_1_371' title='bbox 2445 2362 2507 2398; x_wconf 92' lang='grc' dir='ltr'>τε</span> <span class='ocrx_word' id='word_1_372' title='bbox 2539 2345 2636 2399; x_wconf 75' lang='grc' dir='ltr'>καὶ</span> <span class='ocrx_word' id='word_1_373' title='bbox 2661 2345 3046 2415; x_wconf 85' lang='grc' dir='ltr'>ἀτελευτήτοις</span> <span class='ocrx_word' id='word_1_374' title='bbox 3071 2345 3264 2408; x_wconf 85' lang='grc' dir='ltr'>κακοῖς</span> <span class='ocrx_word' id='word_1_375' title='bbox 3284 2359 3300 2375; x_wconf 80' lang='grc' dir='ltr'><strong><em>ο</em></strong></span> <span class='ocrx_word' id='word_1_376' title='bbox 3339 2362 3356 2394; x_wconf 79' lang='grc' dir='ltr'><strong>ι</strong></span> <span class='ocrx_word' id='word_1_377' title='bbox 3401 2345 3496 2405; x_wconf 86' lang='grc' dir='ltr'>Ὃς</span> <span class='ocrx_word' id='word_1_378' title='bbox 3525 2341 3636 2412; x_wconf 84' lang='grc' dir='ltr'><strong>γάρ</strong></span> <span class='ocrx_word' id='word_1_379' title='bbox 3668 2339 3736 2395; x_wconf 82' lang='grc' dir='ltr'>ἂν</span> 
     </span>
    </p>
   </div>
   <div class='ocr_carea' id='block_1_53' title="bbox 2149 2433 3737 2510">
    <p class='ocr_par' dir='ltr' id='par_1_53' title="bbox 2149 2433 3737 2510">
     <span class='ocr_line' id='line_1_53' title="bbox 2149 2433 3737 2510; baseline -0.002 -20"><span class='ocrx_word' id='word_1_380' title='bbox 2149 2437 2279 2510; x_wconf 73' lang='grc' dir='ltr'>εἴπῃ</span> <span class='ocrx_word' id='word_1_381' title='bbox 2307 2437 2466 2506; x_wconf 73' lang='grc' dir='ltr'>λόγον</span> <span class='ocrx_word' id='word_1_382' title='bbox 2489 2436 2631 2490; x_wconf 88' lang='grc' dir='ltr'><strong>κατά</strong></span> <span class='ocrx_word' id='word_1_383' title='bbox 2658 2436 2754 2490; x_wconf 90' lang='grc' dir='ltr'><strong>τοῦ</strong></span> <span class='ocrx_word' id='word_1_384' title='bbox 2789 2436 2920 2491; x_wconf 86' lang='grc' dir='ltr'>Υἰοῦ</span> <span class='ocrx_word' id='word_1_385' title='bbox 2946 2436 3042 2490; x_wconf 92' lang='grc' dir='ltr'><strong>τοῦ</strong></span> <span class='ocrx_word' id='word_1_386' title='bbox 3068 2433 3376 2508; x_wconf 82' lang='grc' dir='ltr'>ἀνθρώπου,</span> <span class='ocrx_word' id='word_1_387' title='bbox 3402 2434 3737 2505; x_wconf 87' lang='grc' dir='ltr'>ἀφεθήσεται</span> 
     </span>
    </p>
   </div>
   <div class='ocr_carea' id='block_1_54' title="bbox 2149 2523 3736 2601">
    <p class='ocr_par' dir='ltr' id='par_1_54' title="bbox 2149 2523 3736 2601">
     <span class='ocr_line' id='line_1_54' title="bbox 2149 2523 3736 2601; baseline -0.003 -21"><span class='ocrx_word' id='word_1_388' title='bbox 2149 2527 2329 2598; x_wconf 81' lang='grc' dir='ltr'>αὐτῷ·</span> <span class='ocrx_word' id='word_1_389' title='bbox 2361 2527 2419 2592; x_wconf 82' lang='grc' dir='ltr'>ὃς</span> <span class='ocrx_word' id='word_1_390' title='bbox 2453 2527 2497 2580; x_wconf 87' lang='grc' dir='ltr'>δ’</span> <span class='ocrx_word' id='word_1_391' title='bbox 2530 2527 2597 2582; x_wconf 81' lang='grc' dir='ltr'>ἂν</span> <span class='ocrx_word' id='word_1_392' title='bbox 2627 2529 2757 2601; x_wconf 77' lang='grc' dir='ltr'>εἴπῃ</span> <span class='ocrx_word' id='word_1_393' title='bbox 2790 2527 2932 2582; x_wconf 88' lang='grc' dir='ltr'><strong>κατά</strong></span> <span class='ocrx_word' id='word_1_394' title='bbox 2954 2527 3048 2581; x_wconf 93' lang='grc' dir='ltr'><strong>τοῦ</strong></span> <span class='ocrx_word' id='word_1_395' title='bbox 3087 2525 3407 2596; x_wconf 88' lang='grc' dir='ltr'>Πνεύματος</span> <span class='ocrx_word' id='word_1_396' title='bbox 3429 2523 3524 2579; x_wconf 91' lang='grc' dir='ltr'><strong>τοῦ</strong></span> <span class='ocrx_word' id='word_1_397' title='bbox 3555 2524 3736 2593; x_wconf 83' lang='grc' dir='ltr'><strong>ἁγίου,</strong></span> 
     </span>
    </p>
   </div>
   <div class='ocr_carea' id='block_1_55' title="bbox 2148 2613 3735 2690">
    <p class='ocr_par' dir='ltr' id='par_1_55' title="bbox 2148 2613 3735 2690">
     <span class='ocr_line' id='line_1_55' title="bbox 2148 2613 3735 2690; baseline -0.003 -19"><span class='ocrx_word' id='word_1_398' title='bbox 2148 2619 2250 2672; x_wconf 84' lang='grc' dir='ltr'>οὐκ</span> <span class='ocrx_word' id='word_1_399' title='bbox 2280 2619 2613 2690; x_wconf 83' lang='grc' dir='ltr'>ἀφεθήσεται</span> <span class='ocrx_word' id='word_1_400' title='bbox 2679 2618 2860 2688; x_wconf 79' lang='grc' dir='ltr'>αὐτῷ,</span> <span class='ocrx_word' id='word_1_401' title='bbox 2895 2617 3020 2672; x_wconf 74' lang='grc' dir='ltr'>οὕτε</span> <span class='ocrx_word' id='word_1_402' title='bbox 3057 2619 3115 2671; x_wconf 83' lang='grc' dir='ltr'>ὲν</span> <span class='ocrx_word' id='word_1_403' title='bbox 3147 2617 3224 2688; x_wconf 83' lang='grc' dir='ltr'>τῷ</span> <span class='ocrx_word' id='word_1_404' title='bbox 3259 2617 3353 2671; x_wconf 89' lang='grc' dir='ltr'><strong>νῦν</strong></span> <span class='ocrx_word' id='word_1_405' title='bbox 3383 2616 3574 2681; x_wconf 89' lang='grc' dir='ltr'>αἰῶνι,</span> <span class='ocrx_word' id='word_1_406' title='bbox 3612 2613 3735 2668; x_wconf 76' lang='grc' dir='ltr'>οὔτε</span> 
     </span>
    </p>
   </div>
   <div class='ocr_carea' id='block_1_56' title="bbox 2149 2708 3736 2783">
    <p class='ocr_par' dir='ltr' id='par_1_56' title="bbox 2149 2708 3736 2783">
     <span class='ocr_line' id='line_1_56' title="bbox 2149 2708 3736 2783; baseline -0.003 -19"><span class='ocrx_word' id='word_1_407' title='bbox 2149 2713 2210 2766; x_wconf 86' lang='grc' dir='ltr'>ὲν</span> <span class='ocrx_word' id='word_1_408' title='bbox 2244 2711 2324 2782; x_wconf 82' lang='grc' dir='ltr'>τῷ</span> <span class='ocrx_word' id='word_1_409' title='bbox 2372 2711 2642 2783; x_wconf 81' lang='grc' dir='ltr'>μέλλοντι.</span> <span class='ocrx_word' id='word_1_410' title='bbox 2700 2729 2718 2762; x_wconf 69' lang='grc' dir='ltr'>ι</span> <span class='ocrx_word' id='word_1_411' title='bbox 2776 2710 3005 2781; x_wconf 80' lang='grc' dir='ltr'>Πνεῦμα</span> <span class='ocrx_word' id='word_1_412' title='bbox 3051 2710 3226 2778; x_wconf 81' lang='grc' dir='ltr'>λέγων</span> <span class='ocrx_word' id='word_1_413' title='bbox 3257 2708 3356 2781; x_wconf 84' lang='grc' dir='ltr'>τὴν</span> <span class='ocrx_word' id='word_1_414' title='bbox 3389 2709 3530 2780; x_wconf 82' lang='grc' dir='ltr'><strong>ὑπὲρ</strong></span> <span class='ocrx_word' id='word_1_415' title='bbox 3581 2708 3736 2778; x_wconf 80' lang='grc' dir='ltr'>σῶμα</span> 
     </span>
    </p>
   </div>
   <div class='ocr_carea' id='block_1_57' title="bbox 2151 2793 3737 2874">
    <p class='ocr_par' dir='ltr' id='par_1_57' title="bbox 2151 2793 3737 2874">
     <span class='ocr_line' id='line_1_57' title="bbox 2151 2793 3737 2874; baseline -0.006 -20"><span class='ocrx_word' id='word_1_416' title='bbox 2151 2800 2313 2870; x_wconf 84' lang='grc' dir='ltr'>φύσιν</span> <span class='ocrx_word' id='word_1_417' title='bbox 2334 2841 2348 2865; x_wconf 93' lang='grc'><strong>,</strong></span> <span class='ocrx_word' id='word_1_418' title='bbox 2382 2801 2520 2871; x_wconf 84' lang='grc' dir='ltr'>ὅπερ</span> <span class='ocrx_word' id='word_1_419' title='bbox 2561 2800 2680 2853; x_wconf 78' lang='grc' dir='ltr'>ἐστὶ</span> <span class='ocrx_word' id='word_1_420' title='bbox 2710 2799 2893 2874; x_wconf 68' lang='grc' dir='ltr'><strong>Θεὸς,⁸</strong></span> <span class='ocrx_word' id='word_1_421' title='bbox 2924 2793 2969 2868; x_wconf 84' lang='grc' dir='ltr'>ᾧ</span> <span class='ocrx_word' id='word_1_422' title='bbox 3001 2797 3099 2870; x_wconf 77' lang='grc' dir='ltr'>τὴν</span> <span class='ocrx_word' id='word_1_423' title='bbox 3132 2797 3382 2866; x_wconf 88' lang='grc' dir='ltr'>γλῶτταν</span> <span class='ocrx_word' id='word_1_424' title='bbox 3411 2795 3666 2866; x_wconf 84' lang='grc' dir='ltr'>ἀχάλινον</span> <span class='ocrx_word' id='word_1_425' title='bbox 3708 2794 3737 2845; x_wconf 79' lang='grc' dir='ltr'><strong>ὀ</strong></span> 
     </span>
    </p>
   </div>
   <div class='ocr_carea' id='block_1_58' title="bbox 2153 2886 3740 2963">
    <p class='ocr_par' dir='ltr' id='par_1_58' title="bbox 2153 2886 3740 2963">
     <span class='ocr_line' id='line_1_58' title="bbox 2153 2886 3740 2963; baseline -0.005 -17"><span class='ocrx_word' id='word_1_426' title='bbox 2153 2894 2447 2962; x_wconf 79' lang='grc' dir='ltr'>ἐπαφεῖναι</span> <span class='ocrx_word' id='word_1_427' title='bbox 2479 2892 2716 2962; x_wconf 86' lang='grc' dir='ltr'>τολμῶν,</span> <span class='ocrx_word' id='word_1_428' title='bbox 2765 2893 2892 2955; x_wconf 74' lang='grc' dir='ltr'>τοῦς</span> <span class='ocrx_word' id='word_1_429' title='bbox 2917 2892 3017 2963; x_wconf 86' lang='grc' dir='ltr'>τῆς</span> <span class='ocrx_word' id='word_1_430' title='bbox 3066 2889 3468 2962; x_wconf 84' lang='grc' dir='ltr'>ἀθυροστομίας</span> <span class='ocrx_word' id='word_1_431' title='bbox 3500 2886 3740 2957; x_wconf 73' lang='grc' dir='ltr'>ἐκθεριεὶ</span> 
     </span>
    </p>
   </div>
   <div class='ocr_carea' id='block_1_59' title="bbox 2150 2980 3742 3057">
    <p class='ocr_par' dir='ltr' id='par_1_59' title="bbox 2150 2980 3742 3057">
     <span class='ocr_line' id='line_1_59' title="bbox 2150 2980 3742 3057; baseline -0.004 -19"><span class='ocrx_word' id='word_1_432' title='bbox 2150 2985 2420 3056; x_wconf 89' lang='grc' dir='ltr'>καρπούς.</span> <span class='ocrx_word' id='word_1_433' title='bbox 2471 3006 2490 3038; x_wconf 75' lang='grc' dir='ltr'>ι</span> <span class='ocrx_word' id='word_1_434' title='bbox 2529 2986 2697 3057; x_wconf 88' lang='grc' dir='ltr'>Χείλη</span> <span class='ocrx_word' id='word_1_435' title='bbox 2734 2985 2844 3057; x_wconf 91' lang='grc' dir='ltr'><strong>γάρ</strong></span> <span class='ocrx_word' id='word_1_436' title='bbox 2877 2983 3144 3056; x_wconf 79' lang='grc' dir='ltr'>ἄφρονος,</span> <span class='ocrx_word' id='word_1_437' title='bbox 3185 2982 3411 3050; x_wconf 79' lang='grc' dir='ltr'><strong>ἄγουσιν</strong></span> <span class='ocrx_word' id='word_1_438' title='bbox 3451 2980 3617 3034; x_wconf 78' lang='grc' dir='ltr'>αὐτὸν</span> <span class='ocrx_word' id='word_1_439' title='bbox 3659 2981 3742 3042; x_wconf 87' lang='grc' dir='ltr'><strong>εἰς</strong></span> 
     </span>
    </p>
   </div>
   <div class='ocr_carea' id='block_1_60' title="bbox 456 3071 2050 3178">
    <p class='ocr_par' dir='ltr' id='par_1_60' title="bbox 456 3075 2048 3151">
     <span class='ocr_line' id='line_1_60' title="bbox 456 3075 2048 3151; baseline 0.008 -22"><span class='ocrx_word' id='word_1_440' title='bbox 456 3075 642 3130; x_wconf 74' lang='lat' dir='ltr'><strong>laxare</strong></span> <span class='ocrx_word' id='word_1_441' title='bbox 673 3091 843 3132; x_wconf 89' lang='lat' dir='ltr'><strong>ausus</strong></span> <span class='ocrx_word' id='word_1_442' title='bbox 867 3075 1057 3143; x_wconf 79' lang='lat' dir='ltr'><strong>fuerit,</strong></span> <span class='ocrx_word' id='word_1_443' title='bbox 1087 3087 1260 3136; x_wconf 88' lang='lat' dir='ltr'><strong>metet</strong></span> <span class='ocrx_word' id='word_1_444' title='bbox 1283 3081 1706 3151; x_wconf 87' lang='lat' dir='ltr'><strong>intemperantis</strong></span> <span class='ocrx_word' id='word_1_445' title='bbox 1735 3083 2048 3141; x_wconf 88' lang='lat' dir='ltr'><strong>dicacitatis</strong></span> 
     </span>
    </p>
   </div>
   <div class='ocr_carea' id='block_1_61' title="bbox 2152 3071 3735 3178">
    <p class='ocr_par' dir='ltr' id='par_1_61' title="bbox 2152 3071 3735 3146">
     <span class='ocr_line' id='line_1_61' title="bbox 2152 3071 3735 3146; baseline -0.004 -16"><span class='ocrx_word' id='word_1_446' title='bbox 2152 3076 2319 3142; x_wconf 79' lang='grc' dir='ltr'>κακὰ,</span> <span class='ocrx_word' id='word_1_447' title='bbox 2351 3075 2533 3140; x_wconf 87' lang='grc' dir='ltr'>καθὼς</span> <span class='ocrx_word' id='word_1_448' title='bbox 2554 3077 2889 3146; x_wconf 84' lang='grc' dir='ltr'>γέγραπται.</span> <span class='ocrx_word' id='word_1_449' title='bbox 2917 3075 2992 3129; x_wconf 81' lang='grc' dir='ltr'>Τὸ</span> <span class='ocrx_word' id='word_1_450' title='bbox 3013 3075 3188 3145; x_wconf 83' lang='grc' dir='ltr'>στόμα</span> <span class='ocrx_word' id='word_1_451' title='bbox 3203 3074 3260 3127; x_wconf 83' lang='grc' dir='ltr'>δὲ</span> <span class='ocrx_word' id='word_1_452' title='bbox 3290 3072 3456 3126; x_wconf 83' lang='grc' dir='ltr'>αὑτοῦ</span> <span class='ocrx_word' id='word_1_453' title='bbox 3484 3072 3545 3126; x_wconf 83' lang='grc' dir='ltr'>τὸ</span> <span class='ocrx_word' id='word_1_454' title='bbox 3565 3071 3735 3142; x_wconf 78' lang='grc' dir='ltr'>θρασὺ</span> 
     </span>
    </p>
   </div>
   <div class='ocr_carea' id='block_1_62' title="bbox 458 3163 2050 3246">
    <p class='ocr_par' dir='ltr' id='par_1_62' title="bbox 458 3167 2046 3246">
     <span class='ocr_line' id='line_1_62' title="bbox 458 3167 2046 3246; baseline 0.008 -24"><span class='ocrx_word' id='word_1_455' title='bbox 458 3167 693 3224; x_wconf 78' lang='lat' dir='ltr'><strong>fructus.</strong></span> <span class='ocrx_word' id='word_1_456' title='bbox 730 3188 749 3220; x_wconf 77' lang='grc' dir='ltr'><strong>ι</strong></span> <span class='ocrx_word' id='word_1_457' title='bbox 779 3169 950 3225; x_wconf 89' lang='lat' dir='ltr'><strong>Lahia</strong></span> <span class='ocrx_word' id='word_1_458' title='bbox 985 3171 1134 3226; x_wconf 90' lang='lat' dir='ltr'><strong>enim</strong></span> <span class='ocrx_word' id='word_1_459' title='bbox 1172 3173 1486 3244; x_wconf 79' lang='lat' dir='ltr'><strong>insipientis</strong></span> <span class='ocrx_word' id='word_1_460' title='bbox 1510 3176 1801 3246; x_wconf 88' lang='lat' dir='ltr'><strong>impellunt</strong></span> <span class='ocrx_word' id='word_1_461' title='bbox 1825 3194 1952 3234; x_wconf 89' lang='lat' dir='ltr'><strong>eum</strong></span> <span class='ocrx_word' id='word_1_462' title='bbox 1976 3179 2046 3234; x_wconf 91' lang='lat' dir='ltr'><strong>ad</strong></span> 
     </span>
    </p>
   </div>
   <div class='ocr_carea' id='block_1_63' title="bbox 2152 3163 3737 3246">
    <p class='ocr_par' dir='ltr' id='par_1_63' title="bbox 2153 3163 3737 3237">
     <span class='ocr_line' id='line_1_63' title="bbox 2153 3163 3737 3237; baseline -0.005 -14"><span class='ocrx_word' id='word_1_463' title='bbox 2153 3169 2384 3223; x_wconf 86' lang='grc' dir='ltr'>θάνατον</span> <span class='ocrx_word' id='word_1_464' title='bbox 2419 3169 2791 3223; x_wconf 77' lang='grc' dir='ltr'>ἐπικαλεῖται.</span> <span class='ocrx_word' id='word_1_465' title='bbox 2833 3187 2852 3220; x_wconf 82' lang='grc'>›</span> <span class='ocrx_word' id='word_1_466' title='bbox 2899 3166 3192 3237; x_wconf 85' lang='grc' dir='ltr'>Τοιγάρτοι</span> <span class='ocrx_word' id='word_1_467' title='bbox 3241 3165 3339 3219; x_wconf 65' lang='grc' dir='ltr'><strong>κα)⁸</strong></span> <span class='ocrx_word' id='word_1_468' title='bbox 3387 3168 3415 3219; x_wconf 87' lang='grc' dir='ltr'>ὁ</span> <span class='ocrx_word' id='word_1_469' title='bbox 3455 3163 3737 3226; x_wconf 81' lang='grc' dir='ltr'>θεσπέσιος</span> 
     </span>
    </p>
   </div>
   <div class='ocr_carea' id='block_1_64' title="bbox 458 3259 2048 3335">
    <p class='ocr_par' dir='ltr' id='par_1_64' title="bbox 458 3259 2048 3335">
     <span class='ocr_line' id='line_1_64' title="bbox 458 3259 2048 3335; baseline 0.006 -24"><span class='ocrx_word' id='word_1_470' title='bbox 458 3259 620 3325; x_wconf 90' lang='lat' dir='ltr'><strong>mala,</strong></span> <span class='ocrx_word' id='word_1_471' title='bbox 673 3259 818 3314; x_wconf 91' lang='lat' dir='ltr'><strong>sicut</strong></span> <span class='ocrx_word' id='word_1_472' title='bbox 871 3261 1138 3331; x_wconf 89' lang='lat' dir='ltr'><strong>scriptum</strong></span> <span class='ocrx_word' id='word_1_473' title='bbox 1191 3271 1304 3330; x_wconf 90' lang='lat' dir='ltr'><strong>est;</strong></span> <span class='ocrx_word' id='word_1_474' title='bbox 1362 3278 1426 3319; x_wconf 90' lang='lat' dir='ltr'><strong>os</strong></span> <span class='ocrx_word' id='word_1_475' title='bbox 1468 3271 1654 3319; x_wconf 90' lang='lat' dir='ltr'><strong>autem</strong></span> <span class='ocrx_word' id='word_1_476' title='bbox 1701 3265 1822 3335; x_wconf 85' lang='lat' dir='ltr'><strong>ejus</strong></span> <span class='ocrx_word' id='word_1_477' title='bbox 1867 3266 2048 3320; x_wconf 78' lang='lat' dir='ltr'><strong>audax</strong></span> 
     </span>
    </p>
   </div>
   <div class='ocr_carea' id='block_1_65' title="bbox 459 3351 2048 3424">
    <p class='ocr_par' dir='ltr' id='par_1_65' title="bbox 459 3351 2048 3424">
     <span class='ocr_line' id='line_1_65' title="bbox 459 3351 2048 3424; baseline 0.004 -22"><span class='ocrx_word' id='word_1_478' title='bbox 459 3359 691 3406; x_wconf 89' lang='lat' dir='ltr'><strong>mortem</strong></span> <span class='ocrx_word' id='word_1_479' title='bbox 715 3351 953 3408; x_wconf 83' lang='lat' dir='ltr'><strong>invocat.</strong></span> <span class='ocrx_word' id='word_1_480' title='bbox 975 3353 1019 3384; x_wconf 78' lang='grc'><strong>³⁸</strong></span> <span class='ocrx_word' id='word_1_481' title='bbox 1051 3372 1069 3405; x_wconf 76' lang='grc' dir='ltr'><strong>ι</strong></span> <span class='ocrx_word' id='word_1_482' title='bbox 1105 3353 1297 3424; x_wconf 82' lang='lat' dir='ltr'><strong>Itaque</strong></span> <span class='ocrx_word' id='word_1_483' title='bbox 1315 3356 1482 3408; x_wconf 89' lang='lat' dir='ltr'><strong>etiam</strong></span> <span class='ocrx_word' id='word_1_484' title='bbox 1509 3353 1730 3408; x_wconf 90' lang='lat' dir='ltr'><strong>divinus</strong></span> <span class='ocrx_word' id='word_1_485' title='bbox 1765 3353 1857 3409; x_wconf 90' lang='lat' dir='ltr'><strong>ille</strong></span> <span class='ocrx_word' id='word_1_486' title='bbox 1893 3355 2048 3408; x_wconf 88' lang='lat' dir='ltr'><strong>Psal-</strong></span> 
     </span>
    </p>
   </div>
   <div class='ocr_carea' id='block_1_66' title="bbox 459 3444 2050 3510">
    <p class='ocr_par' dir='ltr' id='par_1_66' title="bbox 459 3444 2050 3510">
     <span class='ocr_line' id='line_1_66' title="bbox 459 3444 2050 3510; baseline 0.002 -14"><span class='ocrx_word' id='word_1_487' title='bbox 459 3459 676 3498; x_wconf 88' lang='lat' dir='ltr'><strong>morum</strong></span> <span class='ocrx_word' id='word_1_488' title='bbox 719 3453 934 3508; x_wconf 87' lang='lat' dir='ltr'><strong>cantor,</strong></span> <span class='ocrx_word' id='word_1_489' title='bbox 961 3444 1182 3499; x_wconf 88' lang='lat' dir='ltr'><strong>diccbat</strong></span> <span class='ocrx_word' id='word_1_490' title='bbox 1225 3462 1239 3498; x_wconf 91' lang='lat'><strong>:</strong></span> <span class='ocrx_word' id='word_1_491' title='bbox 1289 3463 1308 3496; x_wconf 76' lang='grc' dir='ltr'><strong>ι</strong></span> <span class='ocrx_word' id='word_1_492' title='bbox 1343 3445 1514 3509; x_wconf 90' lang='lat' dir='ltr'><strong>Pone,</strong></span> <span class='ocrx_word' id='word_1_493' title='bbox 1562 3444 1817 3510; x_wconf 91' lang='lat' dir='ltr'><strong>Domine,</strong></span> <span class='ocrx_word' id='word_1_494' title='bbox 1859 3453 2050 3500; x_wconf 88' lang='lat' dir='ltr'><strong>custo-</strong></span> 
     </span>
    </p>
   </div>
   <div class='ocr_carea' id='block_1_67' title="bbox 459 3535 2049 3601">
    <p class='ocr_par' dir='ltr' id='par_1_67' title="bbox 459 3535 2049 3601">
     <span class='ocr_line' id='line_1_67' title="bbox 459 3535 2049 3601; baseline 0.002 -12"><span class='ocrx_word' id='word_1_495' title='bbox 459 3535 606 3589; x_wconf 87' lang='lat' dir='ltr'><strong>diam</strong></span> <span class='ocrx_word' id='word_1_496' title='bbox 634 3535 716 3590; x_wconf 91' lang='lat' dir='ltr'><strong>ori</strong></span> <span class='ocrx_word' id='word_1_497' title='bbox 745 3550 890 3601; x_wconf 88' lang='lat' dir='ltr'><strong>meo,</strong></span> <span class='ocrx_word' id='word_1_498' title='bbox 913 3545 971 3590; x_wconf 90' lang='lat' dir='ltr'><strong>et</strong></span> <span class='ocrx_word' id='word_1_499' title='bbox 995 3536 1198 3592; x_wconf 89' lang='lat' dir='ltr'><strong>ostium</strong></span> <span class='ocrx_word' id='word_1_500' title='bbox 1221 3537 1654 3593; x_wconf 70' lang='lat' dir='ltr'><strong>circumstantia:</strong></span> <span class='ocrx_word' id='word_1_501' title='bbox 1674 3536 1836 3592; x_wconf 90' lang='lat' dir='ltr'><strong>labiis</strong></span> <span class='ocrx_word' id='word_1_502' title='bbox 1870 3538 2007 3592; x_wconf 89' lang='lat' dir='ltr'><strong>meis</strong></span> <span class='ocrx_word' id='word_1_503' title='bbox 2033 3555 2049 3592; x_wconf 92' lang='lat'>:</span> 
     </span>
    </p>
   </div>
   <div class='ocr_carea' id='block_1_68' title="bbox 461 3624 2054 3684">
    <p class='ocr_par' dir='ltr' id='par_1_68' title="bbox 461 3624 2054 3684">
     <span class='ocr_line' id='line_1_68' title="bbox 461 3624 2054 3684; baseline 0.003 -5"><span class='ocrx_word' id='word_1_504' title='bbox 461 3641 531 3679; x_wconf 85' lang='lat' dir='ltr'><strong>ne</strong></span> <span class='ocrx_word' id='word_1_505' title='bbox 575 3624 822 3680; x_wconf 92' lang='lat' dir='ltr'><strong>declines</strong></span> <span class='ocrx_word' id='word_1_506' title='bbox 855 3640 952 3680; x_wconf 92' lang='lat' dir='ltr'><strong>cor</strong></span> <span class='ocrx_word' id='word_1_507' title='bbox 991 3641 1178 3681; x_wconf 89' lang='lat' dir='ltr'><strong>meum</strong></span> <span class='ocrx_word' id='word_1_508' title='bbox 1228 3627 1284 3682; x_wconf 88' lang='lat' dir='ltr'><strong>in</strong></span> <span class='ocrx_word' id='word_1_509' title='bbox 1317 3626 1491 3682; x_wconf 89' lang='lat' dir='ltr'><strong>verba</strong></span> <span class='ocrx_word' id='word_1_510' title='bbox 1516 3627 1742 3682; x_wconf 71' lang='lat' dir='ltr'><strong>malitiae</strong></span> <span class='ocrx_word' id='word_1_511' title='bbox 1766 3626 1830 3682; x_wconf 71' lang='grc'><strong>⁸⁸.</strong></span> <span class='ocrx_word' id='word_1_512' title='bbox 1870 3646 1888 3679; x_wconf 77' lang='grc' dir='ltr'>ι</span> <span class='ocrx_word' id='word_1_513' title='bbox 1927 3627 2054 3684; x_wconf 67' lang='lat' dir='ltr'><strong>Haec</strong></span> 
     </span>
    </p>
   </div>
   <div class='ocr_carea' id='block_1_69' title="bbox 2150 3254 3744 3330">
    <p class='ocr_par' dir='ltr' id='par_1_69' title="bbox 2150 3254 3744 3330">
     <span class='ocr_line' id='line_1_69' title="bbox 2150 3254 3744 3330; baseline -0.002 -17"><span class='ocrx_word' id='word_1_514' title='bbox 2150 3258 2358 3330; x_wconf 75' lang='grc' dir='ltr'>ἔφασκε</span> <span class='ocrx_word' id='word_1_515' title='bbox 2386 3259 2660 3330; x_wconf 84' lang='grc' dir='ltr'>Μελῳδός·</span> <span class='ocrx_word' id='word_1_516' title='bbox 2699 3279 2716 3310; x_wconf 75' lang='grc' dir='ltr'>ι</span> <span class='ocrx_word' id='word_1_517' title='bbox 2744 3258 2871 3325; x_wconf 91' lang='grc' dir='ltr'>Θοῦ,</span> <span class='ocrx_word' id='word_1_518' title='bbox 2905 3257 3100 3330; x_wconf 85' lang='grc' dir='ltr'>Κύριε,</span> <span class='ocrx_word' id='word_1_519' title='bbox 3129 3255 3378 3328; x_wconf 77' lang='grc' dir='ltr'>φυλακὴν</span> <span class='ocrx_word' id='word_1_520' title='bbox 3402 3254 3482 3326; x_wconf 84' lang='grc' dir='ltr'>τῷ</span> <span class='ocrx_word' id='word_1_521' title='bbox 3511 3254 3744 3325; x_wconf 69' lang='grc' dir='ltr'>στόματί</span> 
     </span>
    </p>
   </div>
   <div class='ocr_carea' id='block_1_70' title="bbox 2155 3345 3740 3423">
    <p class='ocr_par' dir='ltr' id='par_1_70' title="bbox 2155 3345 3740 3423">
     <span class='ocr_line' id='line_1_70' title="bbox 2155 3345 3740 3423; baseline -0.005 -17"><span class='ocrx_word' id='word_1_522' title='bbox 2155 3370 2293 3423; x_wconf 88' lang='grc' dir='ltr'>μου,</span> <span class='ocrx_word' id='word_1_523' title='bbox 2326 3353 2422 3406; x_wconf 71' lang='grc' dir='ltr'>καὶ</span> <span class='ocrx_word' id='word_1_524' title='bbox 2473 3351 2644 3422; x_wconf 85' lang='grc' dir='ltr'>θύραν</span> <span class='ocrx_word' id='word_1_525' title='bbox 2693 3352 2959 3422; x_wconf 84' lang='grc' dir='ltr'>περιοχῆς</span> <span class='ocrx_word' id='word_1_526' title='bbox 2999 3350 3130 3422; x_wconf 70' lang='grc' dir='ltr'>περὶ</span> <span class='ocrx_word' id='word_1_527' title='bbox 3166 3349 3236 3403; x_wconf 77' lang='grc' dir='ltr'><strong>τὰ</strong></span> <span class='ocrx_word' id='word_1_528' title='bbox 3286 3347 3439 3419; x_wconf 88' lang='grc' dir='ltr'>χείλη</span> <span class='ocrx_word' id='word_1_529' title='bbox 3487 3361 3624 3419; x_wconf 85' lang='grc' dir='ltr'>μου’</span> <span class='ocrx_word' id='word_1_530' title='bbox 3664 3345 3740 3418; x_wconf 67' lang='grc' dir='ltr'>μὴ</span> 
     </span>
    </p>
   </div>
   <div class='ocr_carea' id='block_1_71' title="bbox 2152 3439 3736 3516">
    <p class='ocr_par' dir='ltr' id='par_1_71' title="bbox 2152 3439 3736 3516">
     <span class='ocr_line' id='line_1_71' title="bbox 2152 3439 3736 3516; baseline -0.005 -18"><span class='ocrx_word' id='word_1_531' title='bbox 2152 3445 2410 3516; x_wconf 80' lang='grc' dir='ltr'>ἐκκλίνῃς</span> <span class='ocrx_word' id='word_1_532' title='bbox 2454 3445 2554 3516; x_wconf 81' lang='grc' dir='ltr'>τὴν</span> <span class='ocrx_word' id='word_1_533' title='bbox 2603 3444 2832 3516; x_wconf 85' lang='grc' dir='ltr'>καρδίαν</span> <span class='ocrx_word' id='word_1_534' title='bbox 2882 3460 2984 3514; x_wconf 89' lang='grc' dir='ltr'><strong>μου</strong></span> <span class='ocrx_word' id='word_1_535' title='bbox 3021 3445 3101 3506; x_wconf 89' lang='grc' dir='ltr'><strong>εἰς</strong></span> <span class='ocrx_word' id='word_1_536' title='bbox 3145 3442 3340 3511; x_wconf 83' lang='grc' dir='ltr'>λόγους</span> <span class='ocrx_word' id='word_1_537' title='bbox 3378 3439 3665 3511; x_wconf 86' lang='grc' dir='ltr'>πονηρίας.</span> <span class='ocrx_word' id='word_1_538' title='bbox 3718 3457 3736 3489; x_wconf 71' lang='grc' dir='ltr'><strong>ι</strong></span> 
     </span>
    </p>
   </div>
   <div class='ocr_carea' id='block_1_72' title="bbox 2154 3530 3745 3607">
    <p class='ocr_par' dir='ltr' id='par_1_72' title="bbox 2154 3530 3745 3607">
     <span class='ocr_line' id='line_1_72' title="bbox 2154 3530 3745 3607; baseline -0.004 -17"><span class='ocrx_word' id='word_1_539' title='bbox 2154 3535 2280 3591; x_wconf 86' lang='grc' dir='ltr'>Εἶεν</span> <span class='ocrx_word' id='word_1_540' title='bbox 2315 3537 2357 3590; x_wconf 81' lang='grc' dir='ltr'>δ’</span> <span class='ocrx_word' id='word_1_541' title='bbox 2394 3538 2460 3591; x_wconf 86' lang='grc' dir='ltr'>ἂν</span> <span class='ocrx_word' id='word_1_542' title='bbox 2491 3530 2641 3590; x_wconf 74' lang='grc' dir='ltr'>οὗτοι</span> <span class='ocrx_word' id='word_1_543' title='bbox 2665 3576 2680 3601; x_wconf 91' lang='grc'><strong>,</strong></span> <span class='ocrx_word' id='word_1_544' title='bbox 2726 3535 2870 3591; x_wconf 85' lang='grc' dir='ltr'>κατὰ</span> <span class='ocrx_word' id='word_1_545' title='bbox 2913 3535 3050 3590; x_wconf 83' lang='grc' dir='ltr'>Θεοῦ</span> <span class='ocrx_word' id='word_1_546' title='bbox 3082 3536 3178 3590; x_wconf 73' lang='grc' dir='ltr'>καὶ</span> <span class='ocrx_word' id='word_1_547' title='bbox 3216 3535 3315 3607; x_wconf 82' lang='grc' dir='ltr'>τῆς</span> <span class='ocrx_word' id='word_1_548' title='bbox 3355 3535 3597 3606; x_wconf 77' lang='grc' dir='ltr'>ἀρρήτου</span> <span class='ocrx_word' id='word_1_549' title='bbox 3650 3531 3745 3586; x_wconf 68' lang='grc' dir='ltr'><strong>καὶ</strong></span> 
     </span>
    </p>
   </div>
   <div class='ocr_carea' id='block_1_73' title="bbox 2155 3627 3364 3701">
    <p class='ocr_par' dir='ltr' id='par_1_73' title="bbox 2155 3627 3364 3701">
     <span class='ocr_line' id='line_1_73' title="bbox 2155 3627 3364 3701; baseline -0.004 -17"><span class='ocrx_word' id='word_1_550' title='bbox 2155 3629 2437 3701; x_wconf 83' lang='grc' dir='ltr'>ἀκηράτου</span> <span class='ocrx_word' id='word_1_551' title='bbox 2473 3629 2688 3698; x_wconf 90' lang='grc' dir='ltr'>φύσεως</span> <span class='ocrx_word' id='word_1_552' title='bbox 2721 3629 3061 3700; x_wconf 87' lang='grc' dir='ltr'>ἀνοσιωτάτη</span> <span class='ocrx_word' id='word_1_553' title='bbox 3096 3627 3364 3698; x_wconf 71' lang='grc' dir='ltr'>καταϐοή.</span> 
     </span>
    </p>
   </div>
   <div class='ocr_carea' id='block_1_74' title="bbox 461 3720 3743 3794">
    <p class='ocr_par' dir='ltr' id='par_1_74' title="bbox 461 3720 3743 3794">
     <span class='ocr_line' id='line_1_74' title="bbox 461 3720 3743 3794; baseline -0 -20"><span class='ocrx_word' id='word_1_554' title='bbox 461 3729 649 3776; x_wconf 86' lang='lat' dir='ltr'><strong>autem</strong></span> <span class='ocrx_word' id='word_1_555' title='bbox 670 3720 839 3775; x_wconf 89' lang='lat' dir='ltr'><strong>verba</strong></span> <span class='ocrx_word' id='word_1_556' title='bbox 862 3728 1011 3787; x_wconf 90' lang='lat' dir='ltr'><strong>sunt,</strong></span> <span class='ocrx_word' id='word_1_557' title='bbox 1037 3729 1098 3776; x_wconf 87' lang='lat' dir='ltr'><strong>ut</strong></span> <span class='ocrx_word' id='word_1_558' title='bbox 1123 3721 1344 3791; x_wconf 90' lang='lat' dir='ltr'><strong>opinor,</strong></span> <span class='ocrx_word' id='word_1_559' title='bbox 1373 3721 1556 3793; x_wconf 72' lang='lat' dir='ltr'><strong>impia:</strong></span> <span class='ocrx_word' id='word_1_560' title='bbox 1583 3721 1850 3779; x_wconf 89' lang='lat' dir='ltr'><strong>adversus</strong></span> <span class='ocrx_word' id='word_1_561' title='bbox 1901 3723 2079 3778; x_wconf 90' lang='lat' dir='ltr'><strong>Deum</strong></span> <span class='ocrx_word' id='word_1_562' title='bbox 2113 3732 2168 3779; x_wconf 88' lang='lat' dir='ltr'><strong>et</strong></span> <span class='ocrx_word' id='word_1_563' title='bbox 2212 3725 2361 3780; x_wconf 90' lang='lat' dir='ltr'><strong>illam</strong></span> <span class='ocrx_word' id='word_1_564' title='bbox 2400 3723 2740 3780; x_wconf 79' lang='lat' dir='ltr'><strong>inetl‘abilem</strong></span> <span class='ocrx_word' id='word_1_565' title='bbox 2775 3724 3266 3794; x_wconf 89' lang='lat' dir='ltr'><strong>incorruptamque</strong></span> <span class='ocrx_word' id='word_1_566' title='bbox 3300 3729 3553 3776; x_wconf 89' lang='lat' dir='ltr'><strong>naturam</strong></span> <span class='ocrx_word' id='word_1_567' title='bbox 3612 3736 3743 3790; x_wconf 78' lang='lat' dir='ltr'><strong>que-</strong></span> 
     </span>
    </p>
   </div>
   <div class='ocr_carea' id='block_1_75' title="bbox 464 3815 612 3868">
    <p class='ocr_par' dir='ltr' id='par_1_75' title="bbox 464 3815 612 3868">
     <span class='ocr_line' id='line_1_75' title="bbox 464 3815 612 3868; baseline 0.007 -1"><span class='ocrx_word' id='word_1_568' title='bbox 464 3815 612 3868; x_wconf 70' lang='lat' dir='ltr'><strong>rclaa.</strong></span> 
     </span>
    </p>
   </div>
   <div class='ocr_carea' id='block_1_76' title="bbox 536 3904 2057 3984">
    <p class='ocr_par' dir='ltr' id='par_1_76' title="bbox 536 3904 2057 3984">
     <span class='ocr_line' id='line_1_76' title="bbox 536 3904 2057 3984; baseline 0.005 -24"><span class='ocrx_word' id='word_1_569' title='bbox 536 3904 734 3960; x_wconf 88' lang='lat' dir='ltr'><strong>PALL.</strong></span> <span class='ocrx_word' id='word_1_570' title='bbox 774 3904 1007 3978; x_wconf 89' lang='lat' dir='ltr'><strong>Oportet</strong></span> <span class='ocrx_word' id='word_1_571' title='bbox 1044 3906 1234 3979; x_wconf 81' lang='lat' dir='ltr'><strong>igitur,</strong></span> <span class='ocrx_word' id='word_1_572' title='bbox 1281 3909 1377 3979; x_wconf 89' lang='lat' dir='ltr'><strong>qui</strong></span> <span class='ocrx_word' id='word_1_573' title='bbox 1425 3917 1579 3965; x_wconf 89' lang='lat' dir='ltr'><strong>recto</strong></span> <span class='ocrx_word' id='word_1_574' title='bbox 1602 3909 1801 3968; x_wconf 87' lang='lat' dir='ltr'><strong>itinere</strong></span> <span class='ocrx_word' id='word_1_575' title='bbox 1824 3927 2057 3984; x_wconf 89' lang='lat' dir='ltr'><strong>pergere</strong></span> 
     </span>
    </p>
   </div>
   <div class='ocr_carea' id='block_1_77' title="bbox 463 3997 2057 4068">
    <p class='ocr_par' dir='ltr' id='par_1_77' title="bbox 463 3997 2057 4068">
     <span class='ocr_line' id='line_1_77' title="bbox 463 3997 2057 4068; baseline 0.003 -15"><span class='ocrx_word' id='word_1_576' title='bbox 463 3999 584 4054; x_wconf 88' lang='lat' dir='ltr'><strong>sine</strong></span> <span class='ocrx_word' id='word_1_577' title='bbox 609 3997 723 4053; x_wconf 86' lang='lat' dir='ltr'><strong>ulla</strong></span> <span class='ocrx_word' id='word_1_578' title='bbox 742 3997 918 4068; x_wconf 76' lang='lat' dir='ltr'><strong>culpae</strong></span> <span class='ocrx_word' id='word_1_579' title='bbox 937 3997 1060 4055; x_wconf 88' lang='lat' dir='ltr'><strong>labe</strong></span> <span class='ocrx_word' id='word_1_580' title='bbox 1087 3999 1452 4068; x_wconf 89' lang='lat' dir='ltr'><strong>contendunt,</strong></span> <span class='ocrx_word' id='word_1_581' title='bbox 1476 4016 1573 4058; x_wconf 88' lang='lat' dir='ltr'><strong>eos</strong></span> <span class='ocrx_word' id='word_1_582' title='bbox 1596 4001 1739 4058; x_wconf 87' lang='lat' dir='ltr'><strong>bene</strong></span> <span class='ocrx_word' id='word_1_583' title='bbox 1763 4001 2057 4058; x_wconf 81' lang='lat' dir='ltr'><strong>conﬁrma-</strong></span> 
     </span>
    </p>
   </div>
   <div class='ocr_carea' id='block_1_78' title="bbox 465 4092 2054 4162">
    <p class='ocr_par' dir='ltr' id='par_1_78' title="bbox 465 4092 2054 4162">
     <span class='ocr_line' id='line_1_78' title="bbox 465 4092 2054 4162; baseline 0.003 -16"><span class='ocrx_word' id='word_1_584' title='bbox 465 4103 551 4146; x_wconf 89' lang='lat' dir='ltr'><strong>tos</strong></span> <span class='ocrx_word' id='word_1_585' title='bbox 599 4105 720 4145; x_wconf 89' lang='lat' dir='ltr'><strong>esse</strong></span> <span class='ocrx_word' id='word_1_586' title='bbox 745 4133 760 4158; x_wconf 95' lang='lat'><strong>,</strong></span> <span class='ocrx_word' id='word_1_587' title='bbox 803 4100 861 4147; x_wconf 89' lang='lat' dir='ltr'><strong>et</strong></span> <span class='ocrx_word' id='word_1_588' title='bbox 901 4092 1198 4162; x_wconf 90' lang='lat' dir='ltr'><strong>ejusmodi,</strong></span> <span class='ocrx_word' id='word_1_589' title='bbox 1249 4100 1311 4149; x_wconf 92' lang='lat' dir='ltr'><strong>ut</strong></span> <span class='ocrx_word' id='word_1_590' title='bbox 1356 4095 1532 4152; x_wconf 91' lang='lat' dir='ltr'><strong>Deum</strong></span> <span class='ocrx_word' id='word_1_591' title='bbox 1567 4095 1855 4152; x_wconf 81' lang='lat' dir='ltr'><strong>offendere</strong></span> <span class='ocrx_word' id='word_1_592' title='bbox 1898 4097 2054 4152; x_wconf 89' lang='lat' dir='ltr'><strong>nullo</strong></span> 
     </span>
    </p>
   </div>
   <div class='ocr_carea' id='block_1_79' title="bbox 465 4182 986 4241">
    <p class='ocr_par' dir='ltr' id='par_1_79' title="bbox 465 4182 986 4241">
     <span class='ocr_line' id='line_1_79' title="bbox 465 4182 986 4241; baseline 0.01 -5"><span class='ocrx_word' id='word_1_593' title='bbox 465 4182 631 4238; x_wconf 89' lang='lat' dir='ltr'><strong>modo</strong></span> <span class='ocrx_word' id='word_1_594' title='bbox 655 4185 986 4241; x_wconf 90' lang='lat' dir='ltr'><strong>sustineant.</strong></span> 
     </span>
    </p>
   </div>
   <div class='ocr_carea' id='block_1_80' title="bbox 2234 3904 3745 3978">
    <p class='ocr_par' dir='ltr' id='par_1_80' title="bbox 2234 3904 3745 3978">
     <span class='ocr_line' id='line_1_80' title="bbox 2234 3904 3745 3978; baseline -0.003 -16"><span class='ocrx_word' id='word_1_595' title='bbox 2234 3908 2442 3962; x_wconf 82' lang='lat' dir='ltr'><strong>IIAAA.</strong></span> <span class='ocrx_word' id='word_1_596' title='bbox 2479 3907 2570 3959; x_wconf 85' lang='grc' dir='ltr'><strong>Δεῖ</strong></span> <span class='ocrx_word' id='word_1_597' title='bbox 2602 3907 2667 3978; x_wconf 84' lang='grc' dir='ltr'>δὴ</span> <span class='ocrx_word' id='word_1_598' title='bbox 2697 3904 2792 3960; x_wconf 82' lang='grc' dir='ltr'><strong>οῦν</strong></span> <span class='ocrx_word' id='word_1_599' title='bbox 2833 3905 2942 3978; x_wconf 79' lang='grc' dir='ltr'>ἄρα</span> <span class='ocrx_word' id='word_1_600' title='bbox 2971 3905 3346 3978; x_wconf 86' lang='grc' dir='ltr'>διερηρεῖσθαι</span> <span class='ocrx_word' id='word_1_601' title='bbox 3381 3905 3584 3970; x_wconf 85' lang='grc' dir='ltr'>καλῶς,</span> <span class='ocrx_word' id='word_1_602' title='bbox 3619 3907 3745 3968; x_wconf 76' lang='grc' dir='ltr'>τοὺς</span> 
     </span>
    </p>
   </div>
   <div class='ocr_carea' id='block_1_81' title="bbox 2161 3997 3740 4072">
    <p class='ocr_par' dir='ltr' id='par_1_81' title="bbox 2161 3997 3740 4072">
     <span class='ocr_line' id='line_1_81' title="bbox 2161 3997 3740 4072; baseline -0.003 -15"><span class='ocrx_word' id='word_1_603' title='bbox 2161 4005 2298 4058; x_wconf 86' lang='grc' dir='ltr'>ἰέναι</span> <span class='ocrx_word' id='word_1_604' title='bbox 2349 4000 2447 4072; x_wconf 83' lang='grc' dir='ltr'>μὲν</span> <span class='ocrx_word' id='word_1_605' title='bbox 2502 4001 2821 4071; x_wconf 85' lang='grc' dir='ltr'>ἀμωμήτως</span> <span class='ocrx_word' id='word_1_606' title='bbox 2860 4001 2960 4070; x_wconf 83' lang='grc' dir='ltr'>τὴν</span> <span class='ocrx_word' id='word_1_607' title='bbox 3014 3999 3100 4052; x_wconf 75' lang='grc' dir='ltr'><strong>ἐπ’</strong></span> <span class='ocrx_word' id='word_1_608' title='bbox 3135 3999 3264 4053; x_wconf 79' lang='grc' dir='ltr'>εὐθὺ</span> <span class='ocrx_word' id='word_1_609' title='bbox 3321 3997 3740 4064; x_wconf 79' lang='grc' dir='ltr'>σπουδάζοντας,</span> 
     </span>
    </p>
   </div>
   <div class='ocr_carea' id='block_1_82' title="bbox 2155 4091 3315 4166">
    <p class='ocr_par' dir='ltr' id='par_1_82' title="bbox 2155 4091 3315 4166">
     <span class='ocr_line' id='line_1_82' title="bbox 2155 4091 3315 4166; baseline -0.005 -16"><span class='ocrx_word' id='word_1_610' title='bbox 2155 4093 2275 4166; x_wconf 86' lang='grc' dir='ltr'><strong>Θεῷ</strong></span> <span class='ocrx_word' id='word_1_611' title='bbox 2303 4093 2371 4148; x_wconf 77' lang='grc' dir='ltr'><strong>δὲ·</strong></span> <span class='ocrx_word' id='word_1_612' title='bbox 2401 4091 2767 4164; x_wconf 83' lang='grc' dir='ltr'>προσκρούειν</span> <span class='ocrx_word' id='word_1_613' title='bbox 2797 4092 2900 4145; x_wconf 83' lang='grc' dir='ltr'>οὐκ</span> <span class='ocrx_word' id='word_1_614' title='bbox 2931 4092 3315 4163; x_wconf 83' lang='grc' dir='ltr'>ἀνεχομένους.</span> 
     </span>
    </p>
   </div>
   <div class='ocr_carea' id='block_1_83' title="bbox 537 4271 2050 4364">
    <p class='ocr_par' dir='ltr' id='par_1_83' title="bbox 537 4275 2050 4351">
     <span class='ocr_line' id='line_1_83' title="bbox 537 4275 2050 4351; baseline 0.004 -20"><span class='ocrx_word' id='word_1_615' title='bbox 537 4275 695 4331; x_wconf 78' lang='lat' dir='ltr'><strong>CYR.</strong></span> <span class='ocrx_word' id='word_1_616' title='bbox 724 4277 803 4332; x_wconf 85' lang='lat' dir='ltr'><strong>Ita</strong></span> <span class='ocrx_word' id='word_1_617' title='bbox 828 4279 1025 4334; x_wconf 90' lang='lat' dir='ltr'><strong>sentio.</strong></span> <span class='ocrx_word' id='word_1_618' title='bbox 1047 4279 1185 4335; x_wconf 87' lang='lat' dir='ltr'><strong>Nam</strong></span> <span class='ocrx_word' id='word_1_619' title='bbox 1217 4279 1484 4338; x_wconf 89' lang='lat' dir='ltr'><strong>adversus</strong></span> <span class='ocrx_word' id='word_1_620' title='bbox 1505 4297 1623 4347; x_wconf 90' lang='lat' dir='ltr'><strong>eos,</strong></span> <span class='ocrx_word' id='word_1_621' title='bbox 1651 4281 1750 4351; x_wconf 92' lang='lat' dir='ltr'><strong>qui</strong></span> <span class='ocrx_word' id='word_1_622' title='bbox 1773 4280 1841 4336; x_wconf 89' lang='lat' dir='ltr'><strong>ad</strong></span> <span class='ocrx_word' id='word_1_623' title='bbox 1877 4281 2050 4337; x_wconf 90' lang='lat' dir='ltr'><strong>Deum</strong></span> 
     </span>
    </p>
   </div>
   <div class='ocr_carea' id='block_1_84' title="bbox 2152 4271 3743 4364">
    <p class='ocr_par' dir='ltr' id='par_1_84' title="bbox 2231 4271 3743 4347">
     <span class='ocr_line' id='line_1_84' title="bbox 2231 4271 3743 4347; baseline -0.005 -14"><span class='ocrx_word' id='word_1_624' title='bbox 2231 4280 2396 4334; x_wconf 81' lang='grc' dir='ltr'>ΚΥΡ.</span> <span class='ocrx_word' id='word_1_625' title='bbox 2433 4276 2591 4331; x_wconf 81' lang='grc' dir='ltr'>Οῦτω</span> <span class='ocrx_word' id='word_1_626' title='bbox 2620 4274 2784 4347; x_wconf 88' lang='grc' dir='ltr'>φημί.</span> <span class='ocrx_word' id='word_1_627' title='bbox 2828 4273 2974 4344; x_wconf 78' lang='grc' dir='ltr'>Πρὸς</span> <span class='ocrx_word' id='word_1_628' title='bbox 3001 4273 3111 4343; x_wconf 87' lang='grc' dir='ltr'><strong>γάρ</strong></span> <span class='ocrx_word' id='word_1_629' title='bbox 3141 4290 3224 4326; x_wconf 88' lang='grc' dir='ltr'><strong>τοι</strong></span> <span class='ocrx_word' id='word_1_630' title='bbox 3264 4273 3390 4336; x_wconf 82' lang='grc' dir='ltr'>τοὺς</span> <span class='ocrx_word' id='word_1_631' title='bbox 3423 4271 3743 4343; x_wconf 85' lang='grc' dir='ltr'>προσιόντας</span> 
     </span>
    </p>
   </div>
   <div class='ocr_carea' id='block_1_85' title="bbox 465 4367 2053 4442">
    <p class='ocr_par' dir='ltr' id='par_1_85' title="bbox 465 4367 2053 4442">
     <span class='ocr_line' id='line_1_85' title="bbox 465 4367 2053 4442; baseline 0.003 -20"><span class='ocrx_word' id='word_1_632' title='bbox 465 4367 740 4422; x_wconf 90' lang='lat' dir='ltr'><strong>accedunt</strong></span> <span class='ocrx_word' id='word_1_633' title='bbox 757 4383 870 4423; x_wconf 86' lang='lat' dir='ltr'><strong>non</strong></span> <span class='ocrx_word' id='word_1_634' title='bbox 891 4385 1024 4426; x_wconf 87' lang='lat' dir='ltr'><strong>sano</strong></span> <span class='ocrx_word' id='word_1_635' title='bbox 1045 4370 1234 4438; x_wconf 91' lang='lat' dir='ltr'><strong>corde,</strong></span> <span class='ocrx_word' id='word_1_636' title='bbox 1260 4372 1357 4428; x_wconf 87' lang='lat' dir='ltr'><strong>sed</strong></span> <span class='ocrx_word' id='word_1_637' title='bbox 1381 4373 1553 4428; x_wconf 87' lang='lat' dir='ltr'><strong>dubio</strong></span> <span class='ocrx_word' id='word_1_638' title='bbox 1578 4379 1747 4442; x_wconf 91' lang='lat' dir='ltr'><strong>atque</strong></span> <span class='ocrx_word' id='word_1_639' title='bbox 1767 4379 2053 4441; x_wconf 90' lang='lat' dir='ltr'><strong>corrupto,</strong></span> 
     </span>
    </p>
   </div>
   <div class='ocr_carea' id='block_1_86' title="bbox 469 4457 2054 4534">
    <p class='ocr_par' dir='ltr' id='par_1_86' title="bbox 469 4457 2054 4534">
     <span class='ocr_line' id='line_1_86' title="bbox 469 4457 2054 4534; baseline 0.004 -24"><span class='ocrx_word' id='word_1_640' title='bbox 469 4457 617 4527; x_wconf 86' lang='lat' dir='ltr'><strong>quod</strong></span> <span class='ocrx_word' id='word_1_641' title='bbox 646 4465 703 4512; x_wconf 91' lang='lat' dir='ltr'><strong>et</strong></span> <span class='ocrx_word' id='word_1_642' title='bbox 728 4467 923 4515; x_wconf 87' lang='lat' dir='ltr'><strong>natura</strong></span> <span class='ocrx_word' id='word_1_643' title='bbox 950 4476 1050 4517; x_wconf 87' lang='lat' dir='ltr'><strong>sua</strong></span> <span class='ocrx_word' id='word_1_644' title='bbox 1074 4462 1237 4534; x_wconf 76' lang='lat'><strong>215</strong></span> <span class='ocrx_word' id='word_1_645' title='bbox 1264 4463 1605 4519; x_wconf 91' lang='lat' dir='ltr'><strong>imbecillum</strong></span> <span class='ocrx_word' id='word_1_646' title='bbox 1632 4463 1724 4526; x_wconf 91' lang='lat' dir='ltr'><strong>sit,</strong></span> <span class='ocrx_word' id='word_1_647' title='bbox 1749 4471 1806 4517; x_wconf 92' lang='lat' dir='ltr'><strong>et</strong></span> <span class='ocrx_word' id='word_1_648' title='bbox 1834 4461 1902 4516; x_wconf 90' lang='lat' dir='ltr'><strong>ad</strong></span> <span class='ocrx_word' id='word_1_649' title='bbox 1935 4463 2054 4517; x_wconf 89' lang='lat' dir='ltr'><strong>rui-</strong></span> 
     </span>
    </p>
   </div>
   <div class='ocr_carea' id='block_1_87' title="bbox 467 4548 2054 4626">
    <p class='ocr_par' dir='ltr' id='par_1_87' title="bbox 467 4548 2054 4626">
     <span class='ocr_line' id='line_1_87' title="bbox 467 4548 2054 4626; baseline 0.004 -25"><span class='ocrx_word' id='word_1_650' title='bbox 467 4565 596 4602; x_wconf 88' lang='lat' dir='ltr'><strong>nam</strong></span> <span class='ocrx_word' id='word_1_651' title='bbox 630 4548 788 4605; x_wconf 79' lang='lat' dir='ltr'><strong>facile</strong></span> <span class='ocrx_word' id='word_1_652' title='bbox 827 4551 1160 4622; x_wconf 88' lang='lat' dir='ltr'><strong>impellatur,</strong></span> <span class='ocrx_word' id='word_1_653' title='bbox 1199 4555 1471 4626; x_wconf 88' lang='lat' dir='ltr'><strong>propheta</strong></span> <span class='ocrx_word' id='word_1_654' title='bbox 1513 4554 1800 4623; x_wconf 85' lang='lat' dir='ltr'><strong>loquitur:</strong></span> <span class='ocrx_word' id='word_1_655' title='bbox 1838 4571 1858 4603; x_wconf 77' lang='grc' dir='ltr'><strong>ι</strong></span> <span class='ocrx_word' id='word_1_656' title='bbox 1902 4551 2054 4619; x_wconf 87' lang='lat' dir='ltr'><strong>Quo-</strong></span> 
     </span>
    </p>
   </div>
   <div class='ocr_carea' id='block_1_88' title="bbox 470 4641 2056 4716">
    <p class='ocr_par' dir='ltr' id='par_1_88' title="bbox 470 4641 2056 4716">
     <span class='ocr_line' id='line_1_88' title="bbox 470 4641 2056 4716; baseline 0.003 -22"><span class='ocrx_word' id='word_1_657' title='bbox 470 4655 647 4710; x_wconf 91' lang='lat' dir='ltr'><strong>usque</strong></span> <span class='ocrx_word' id='word_1_658' title='bbox 690 4641 1070 4700; x_wconf 87' lang='lat' dir='ltr'><strong>claudicabitis</strong></span> <span class='ocrx_word' id='word_1_659' title='bbox 1134 4654 1371 4716; x_wconf 91' lang='lat' dir='ltr'><strong>utroque</strong></span> <span class='ocrx_word' id='word_1_660' title='bbox 1428 4644 1636 4715; x_wconf 90' lang='lat' dir='ltr'><strong>poplite</strong></span> <span class='ocrx_word' id='word_1_661' title='bbox 1683 4641 1910 4698; x_wconf 87' lang='lat' dir='ltr'><strong>vestro?</strong></span> <span class='ocrx_word' id='word_1_662' title='bbox 1958 4650 2056 4698; x_wconf 88' lang='lat' dir='ltr'><strong>aut</strong></span> 
     </span>
    </p>
   </div>
   <div class='ocr_carea' id='block_1_89' title="bbox 469 4733 2056 4806">
    <p class='ocr_par' dir='ltr' id='par_1_89' title="bbox 469 4733 2056 4806">
     <span class='ocr_line' id='line_1_89' title="bbox 469 4733 2056 4806; baseline 0.004 -22"><span class='ocrx_word' id='word_1_663' title='bbox 469 4733 596 4788; x_wconf 66' lang='lat' dir='ltr'><strong>Raal</strong></span> <span class='ocrx_word' id='word_1_664' title='bbox 623 4734 771 4801; x_wconf 87' lang='lat' dir='ltr'><strong>Baal,</strong></span> <span class='ocrx_word' id='word_1_665' title='bbox 797 4743 894 4792; x_wconf 86' lang='lat' dir='ltr'><strong>aut</strong></span> <span class='ocrx_word' id='word_1_666' title='bbox 917 4738 1030 4795; x_wconf 90' lang='lat' dir='ltr'><strong>Deo</strong></span> <span class='ocrx_word' id='word_1_667' title='bbox 1070 4740 1182 4794; x_wconf 92' lang='lat' dir='ltr'><strong>Deo</strong></span> <span class='ocrx_word' id='word_1_668' title='bbox 1208 4740 1249 4769; x_wconf 73' lang='grc' dir='ltr'><strong>δ’</strong></span> <span class='ocrx_word' id='word_1_669' title='bbox 1288 4759 1305 4790; x_wconf 74' lang='grc' dir='ltr'><strong>ι</strong></span> <span class='ocrx_word' id='word_1_670' title='bbox 1345 4737 1482 4792; x_wconf 89' lang='lat' dir='ltr'><strong>Nam</strong></span> <span class='ocrx_word' id='word_1_671' title='bbox 1515 4751 1695 4806; x_wconf 88' lang='lat' dir='ltr'><strong>neque</strong></span> <span class='ocrx_word' id='word_1_672' title='bbox 1722 4735 1779 4790; x_wconf 90' lang='lat' dir='ltr'><strong>in</strong></span> <span class='ocrx_word' id='word_1_673' title='bbox 1807 4734 1914 4791; x_wconf 85' lang='lat' dir='ltr'><strong>ﬁde</strong></span> <span class='ocrx_word' id='word_1_674' title='bbox 1938 4751 2056 4791; x_wconf 88' lang='lat' dir='ltr'><strong>om-</strong></span> 
     </span>
    </p>
   </div>
   <div class='ocr_carea' id='block_1_90' title="bbox 460 4827 2051 4902">
    <p class='ocr_par' dir='ltr' id='par_1_90' title="bbox 460 4827 2051 4902">
     <span class='ocr_line' id='line_1_90' title="bbox 460 4827 2051 4902; baseline 0.002 -23"><span class='ocrx_word' id='word_1_675' title='bbox 460 4828 602 4882; x_wconf 75' lang='lat' dir='ltr'><strong>nino</strong></span> <span class='ocrx_word' id='word_1_676' title='bbox 625 4843 820 4884; x_wconf 82' lang='lat' dir='ltr'><strong>sanum</strong></span> <span class='ocrx_word' id='word_1_677' title='bbox 861 4845 1018 4897; x_wconf 88' lang='lat' dir='ltr'><strong>esse,</strong></span> <span class='ocrx_word' id='word_1_678' title='bbox 1058 4847 1242 4902; x_wconf 91' lang='lat' dir='ltr'><strong>neque</strong></span> <span class='ocrx_word' id='word_1_679' title='bbox 1285 4843 1479 4884; x_wconf 89' lang='lat' dir='ltr'><strong>rursus</strong></span> <span class='ocrx_word' id='word_1_680' title='bbox 1524 4829 1582 4883; x_wconf 88' lang='lat' dir='ltr'><strong>in</strong></span> <span class='ocrx_word' id='word_1_681' title='bbox 1627 4843 1818 4883; x_wconf 89' lang='lat' dir='ltr'><strong>errore</strong></span> <span class='ocrx_word' id='word_1_682' title='bbox 1862 4827 2051 4895; x_wconf 84' lang='lat' dir='ltr'><strong>ﬁxum,</strong></span> 
     </span>
    </p>
   </div>
   <div class='ocr_carea' id='block_1_91' title="bbox 471 4917 2054 4989">
    <p class='ocr_par' dir='ltr' id='par_1_91' title="bbox 471 4917 2054 4989">
     <span class='ocr_line' id='line_1_91' title="bbox 471 4917 2054 4989; baseline 0.002 -17"><span class='ocrx_word' id='word_1_683' title='bbox 471 4923 705 4986; x_wconf 88' lang='lat' dir='ltr'><strong>utroque</strong></span> <span class='ocrx_word' id='word_1_684' title='bbox 751 4919 1060 4976; x_wconf 87' lang='lat' dir='ltr'><strong>claudicare</strong></span> <span class='ocrx_word' id='word_1_685' title='bbox 1103 4927 1212 4985; x_wconf 91' lang='lat' dir='ltr'><strong>est,</strong></span> <span class='ocrx_word' id='word_1_686' title='bbox 1250 4919 1306 4974; x_wconf 90' lang='lat' dir='ltr'><strong>id</strong></span> <span class='ocrx_word' id='word_1_687' title='bbox 1345 4932 1499 4983; x_wconf 89' lang='lat' dir='ltr'><strong>vero,</strong></span> <span class='ocrx_word' id='word_1_688' title='bbox 1531 4926 1591 4972; x_wconf 91' lang='lat' dir='ltr'><strong>et</strong></span> <span class='ocrx_word' id='word_1_689' title='bbox 1629 4917 1686 4972; x_wconf 92' lang='lat' dir='ltr'><strong>in</strong></span> <span class='ocrx_word' id='word_1_690' title='bbox 1719 4927 1951 4989; x_wconf 87' lang='lat' dir='ltr'><strong>utraque</strong></span> <span class='ocrx_word' id='word_1_691' title='bbox 1995 4935 2054 4975; x_wconf 89' lang='lat' dir='ltr'><strong>re</strong></span> 
     </span>
    </p>
   </div>
   <div class='ocr_carea' id='block_1_92' title="bbox 471 4999 2054 5084">
    <p class='ocr_par' dir='ltr' id='par_1_92' title="bbox 471 4999 2054 5084">
     <span class='ocr_line' id='line_1_92' title="bbox 471 4999 2054 5084; baseline 0.004 -24"><span class='ocrx_word' id='word_1_692' title='bbox 471 5008 847 5066; x_wconf 86' lang='lat' dir='ltr'><strong>sinceritatem</strong></span> <span class='ocrx_word' id='word_1_693' title='bbox 893 4999 1218 5081; x_wconf 85' lang='lat' dir='ltr'><strong>corrumpit.</strong></span> <span class='ocrx_word' id='word_1_694' title='bbox 1268 5009 1628 5066; x_wconf 86' lang='lat' dir='ltr'><strong>Occasionem</strong></span> <span class='ocrx_word' id='word_1_695' title='bbox 1671 5027 1840 5081; x_wconf 87' lang='lat' dir='ltr'><strong>porro</strong></span> <span class='ocrx_word' id='word_1_696' title='bbox 1890 5012 2054 5084; x_wconf 90' lang='lat' dir='ltr'><strong>hujus</strong></span> 
     </span>
    </p>
   </div>
   <div class='ocr_carea' id='block_1_93' title="bbox 471 5097 2052 5175">
    <p class='ocr_par' dir='ltr' id='par_1_93' title="bbox 471 5097 2052 5175">
     <span class='ocr_line' id='line_1_93' title="bbox 471 5097 2052 5175; baseline 0.004 -21"><span class='ocrx_word' id='word_1_697' title='bbox 471 5097 610 5155; x_wconf 86' lang='lat' dir='ltr'><strong>adeo</strong></span> <span class='ocrx_word' id='word_1_698' title='bbox 651 5101 884 5159; x_wconf 64' lang='lat' dir='ltr'><strong>inﬁrmae</strong></span> <span class='ocrx_word' id='word_1_699' title='bbox 931 5103 1251 5173; x_wconf 83' lang='lat' dir='ltr'><strong>fragilisque</strong></span> <span class='ocrx_word' id='word_1_700' title='bbox 1297 5107 1498 5160; x_wconf 90' lang='lat' dir='ltr'><strong>mentis</strong></span> <span class='ocrx_word' id='word_1_701' title='bbox 1553 5103 1886 5175; x_wconf 88' lang='lat' dir='ltr'><strong>quibusdam</strong></span> <span class='ocrx_word' id='word_1_702' title='bbox 1931 5120 2052 5160; x_wconf 90' lang='lat' dir='ltr'><strong>esse</strong></span> 
     </span>
    </p>
   </div>
   <div class='ocr_carea' id='block_1_94' title="bbox 470 5191 2055 5260">
    <p class='ocr_par' dir='ltr' id='par_1_94' title="bbox 470 5191 2055 5260">
     <span class='ocr_line' id='line_1_94' title="bbox 470 5191 2055 5260; baseline 0.004 -18"><span class='ocrx_word' id='word_1_703' title='bbox 470 5199 624 5259; x_wconf 86' lang='lat' dir='ltr'><strong>puto,</strong></span> <span class='ocrx_word' id='word_1_704' title='bbox 643 5192 789 5260; x_wconf 89' lang='lat' dir='ltr'><strong>quod</strong></span> <span class='ocrx_word' id='word_1_705' title='bbox 815 5207 928 5246; x_wconf 91' lang='lat' dir='ltr'><strong>non</strong></span> <span class='ocrx_word' id='word_1_706' title='bbox 954 5206 1106 5256; x_wconf 89' lang='lat' dir='ltr'><strong>vero,</strong></span> <span class='ocrx_word' id='word_1_707' title='bbox 1134 5191 1232 5246; x_wconf 89' lang='lat' dir='ltr'><strong>sed</strong></span> <span class='ocrx_word' id='word_1_708' title='bbox 1259 5193 1494 5250; x_wconf 79' lang='lat' dir='ltr'><strong>conficto</strong></span> <span class='ocrx_word' id='word_1_709' title='bbox 1529 5211 1717 5250; x_wconf 90' lang='lat' dir='ltr'><strong>amore</strong></span> <span class='ocrx_word' id='word_1_710' title='bbox 1758 5196 1931 5250; x_wconf 89' lang='lat' dir='ltr'><strong>Deum</strong></span> <span class='ocrx_word' id='word_1_711' title='bbox 1971 5194 2055 5248; x_wconf 81' lang='lat' dir='ltr'><strong>di-</strong></span> 
     </span>
    </p>
   </div>
   <div class='ocr_carea' id='block_1_95' title="bbox 469 5279 2050 5354">
    <p class='ocr_par' dir='ltr' id='par_1_95' title="bbox 469 5279 2050 5354">
     <span class='ocr_line' id='line_1_95' title="bbox 469 5279 2050 5354; baseline 0.002 -16"><span class='ocrx_word' id='word_1_712' title='bbox 469 5279 666 5354; x_wconf 78' lang='lat' dir='ltr'><strong>ligunt,</strong></span> <span class='ocrx_word' id='word_1_713' title='bbox 691 5298 756 5338; x_wconf 90' lang='lat' dir='ltr'><strong>ac</strong></span> <span class='ocrx_word' id='word_1_714' title='bbox 777 5283 1041 5340; x_wconf 87' lang='lat' dir='ltr'><strong>simulant</strong></span> <span class='ocrx_word' id='word_1_715' title='bbox 1055 5283 1278 5354; x_wconf 89' lang='lat' dir='ltr'><strong>quidem</strong></span> <span class='ocrx_word' id='word_1_716' title='bbox 1297 5301 1355 5340; x_wconf 89' lang='lat' dir='ltr'><strong>se</strong></span> <span class='ocrx_word' id='word_1_717' title='bbox 1377 5285 1722 5344; x_wconf 88' lang='lat' dir='ltr'><strong>Christianos</strong></span> <span class='ocrx_word' id='word_1_718' title='bbox 1745 5303 1865 5344; x_wconf 91' lang='lat' dir='ltr'><strong>esse</strong></span> <span class='ocrx_word' id='word_1_719' title='bbox 1888 5287 2050 5352; x_wconf 90' lang='lat' dir='ltr'><strong>vcllc;</strong></span> 
     </span>
    </p>
   </div>
   <div class='ocr_carea' id='block_1_96' title="bbox 471 5375 2052 5450">
    <p class='ocr_par' dir='ltr' id='par_1_96' title="bbox 471 5375 2052 5450">
     <span class='ocr_line' id='line_1_96' title="bbox 471 5375 2052 5450; baseline 0.004 -23"><span class='ocrx_word' id='word_1_720' title='bbox 471 5389 582 5430; x_wconf 86' lang='lat' dir='ltr'><strong>non</strong></span> <span class='ocrx_word' id='word_1_721' title='bbox 615 5383 797 5430; x_wconf 88' lang='lat' dir='ltr'><strong>tamen</strong></span> <span class='ocrx_word' id='word_1_722' title='bbox 841 5375 895 5429; x_wconf 93' lang='lat' dir='ltr'><strong>id</strong></span> <span class='ocrx_word' id='word_1_723' title='bbox 920 5391 988 5430; x_wconf 75' lang='lat' dir='ltr'><strong>ex</strong></span> <span class='ocrx_word' id='word_1_724' title='bbox 1022 5383 1137 5430; x_wconf 91' lang='lat' dir='ltr'><strong>toto</strong></span> <span class='ocrx_word' id='word_1_725' title='bbox 1179 5379 1345 5436; x_wconf 85' lang='lat' dir='ltr'><strong>corde</strong></span> <span class='ocrx_word' id='word_1_726' title='bbox 1392 5379 1630 5445; x_wconf 82' lang='lat' dir='ltr'><strong>faciunt,</strong></span> <span class='ocrx_word' id='word_1_727' title='bbox 1678 5397 1858 5450; x_wconf 90' lang='lat' dir='ltr'><strong>neque</strong></span> <span class='ocrx_word' id='word_1_728' title='bbox 1905 5380 2052 5450; x_wconf 93' lang='lat' dir='ltr'><strong>quod</strong></span> 
     </span>
    </p>
   </div>
   <div class='ocr_carea' id='block_1_97' title="bbox 471 5465 2052 5537">
    <p class='ocr_par' dir='ltr' id='par_1_97' title="bbox 471 5465 2052 5537">
     <span class='ocr_line' id='line_1_97' title="bbox 471 5465 2052 5537; baseline 0.005 -20"><span class='ocrx_word' id='word_1_729' title='bbox 471 5465 720 5520; x_wconf 84' lang='lat' dir='ltr'><strong>veritatis</strong></span> <span class='ocrx_word' id='word_1_730' title='bbox 764 5466 1072 5522; x_wconf 90' lang='lat' dir='ltr'><strong>reverentia</strong></span> <span class='ocrx_word' id='word_1_731' title='bbox 1128 5468 1182 5522; x_wconf 90' lang='lat' dir='ltr'><strong>in</strong></span> <span class='ocrx_word' id='word_1_732' title='bbox 1221 5486 1341 5524; x_wconf 92' lang='lat' dir='ltr'><strong>cam</strong></span> <span class='ocrx_word' id='word_1_733' title='bbox 1381 5473 1712 5527; x_wconf 80' lang='lat' dir='ltr'><strong>sententiam</strong></span> <span class='ocrx_word' id='word_1_734' title='bbox 1757 5472 2052 5537; x_wconf 85' lang='lat' dir='ltr'><strong>ducantur,</strong></span> 
     </span>
    </p>
   </div>
   <div class='ocr_carea' id='block_1_98' title="bbox 472 5554 2052 5633">
    <p class='ocr_par' dir='ltr' id='par_1_98' title="bbox 472 5554 2052 5633">
     <span class='ocr_line' id='line_1_98' title="bbox 472 5554 2052 5633; baseline 0.009 -28"><span class='ocrx_word' id='word_1_735' title='bbox 472 5561 566 5606; x_wconf 82' lang='lat' dir='ltr'><strong>aut</strong></span> <span class='ocrx_word' id='word_1_736' title='bbox 602 5554 678 5619; x_wconf 92' lang='lat' dir='ltr'><strong>id,</strong></span> <span class='ocrx_word' id='word_1_737' title='bbox 713 5555 857 5624; x_wconf 91' lang='lat' dir='ltr'><strong>quod</strong></span> <span class='ocrx_word' id='word_1_738' title='bbox 896 5565 1105 5612; x_wconf 90' lang='lat' dir='ltr'><strong>rectum</strong></span> <span class='ocrx_word' id='word_1_739' title='bbox 1141 5570 1244 5624; x_wconf 86' lang='lat' dir='ltr'><strong>est,</strong></span> <span class='ocrx_word' id='word_1_740' title='bbox 1281 5563 1462 5633; x_wconf 84' lang='lat' dir='ltr'><strong>magni</strong></span> <span class='ocrx_word' id='word_1_741' title='bbox 1490 5563 1726 5629; x_wconf 86' lang='lat' dir='ltr'><strong>faciant;</strong></span> <span class='ocrx_word' id='word_1_742' title='bbox 1772 5562 1867 5618; x_wconf 89' lang='lat' dir='ltr'><strong>sed</strong></span> <span class='ocrx_word' id='word_1_743' title='bbox 1907 5564 2052 5632; x_wconf 87' lang='lat' dir='ltr'><strong>quod</strong></span> 
     </span>
    </p>
   </div>
   <div class='ocr_carea' id='block_1_99' title="bbox 2157 4364 3746 4442">
    <p class='ocr_par' dir='ltr' id='par_1_99' title="bbox 2157 4364 3746 4442">
     <span class='ocr_line' id='line_1_99' title="bbox 2157 4364 3746 4442; baseline -0.005 -17"><span class='ocrx_word' id='word_1_744' title='bbox 2157 4370 2277 4442; x_wconf 87' lang='grc' dir='ltr'><strong>Θεῷ</strong></span> <span class='ocrx_word' id='word_1_745' title='bbox 2310 4369 2385 4440; x_wconf 85' lang='grc' dir='ltr'>μὴ</span> <span class='ocrx_word' id='word_1_746' title='bbox 2421 4367 2482 4433; x_wconf 77' lang='grc' dir='ltr'>εξ</span> <span class='ocrx_word' id='word_1_747' title='bbox 2521 4365 2712 4437; x_wconf 83' lang='grc' dir='ltr'>ὑγιοῦς</span> <span class='ocrx_word' id='word_1_748' title='bbox 2749 4365 3005 4438; x_wconf 83' lang='grc' dir='ltr'>καρδίας,</span> <span class='ocrx_word' id='word_1_749' title='bbox 3040 4364 3158 4418; x_wconf 87' lang='grc' dir='ltr'>ἀλλ’</span> <span class='ocrx_word' id='word_1_750' title='bbox 3201 4364 3445 4419; x_wconf 80' lang='grc' dir='ltr'>ὑπόπτου</span> <span class='ocrx_word' id='word_1_751' title='bbox 3479 4365 3573 4418; x_wconf 77' lang='grc' dir='ltr'>καὶ</span> <span class='ocrx_word' id='word_1_752' title='bbox 3614 4382 3746 4436; x_wconf 89' lang='grc' dir='ltr'>παρ-</span> 
     </span>
    </p>
   </div>
   <div class='ocr_carea' id='block_1_100' title="bbox 2158 4455 3743 4533">
    <p class='ocr_par' dir='ltr' id='par_1_100' title="bbox 2158 4455 3743 4533">
     <span class='ocr_line' id='line_1_100' title="bbox 2158 4455 3743 4533; baseline -0.004 -18"><span class='ocrx_word' id='word_1_753' title='bbox 2158 4461 2540 4533; x_wconf 83' lang='grc' dir='ltr'>εφθαρμὲνης,</span> <span class='ocrx_word' id='word_1_754' title='bbox 2575 4457 2670 4513; x_wconf 77' lang='grc' dir='ltr'>καὶ</span> <span class='ocrx_word' id='word_1_755' title='bbox 2715 4457 3023 4528; x_wconf 70' lang='grc' dir='ltr'>ἀρρωστεῖν</span> <span class='ocrx_word' id='word_1_756' title='bbox 3051 4455 3315 4528; x_wconf 81' lang='grc' dir='ltr'>ἑλομένης</span> <span class='ocrx_word' id='word_1_757' title='bbox 3345 4455 3406 4509; x_wconf 80' lang='grc' dir='ltr'>τὸ</span> <span class='ocrx_word' id='word_1_758' title='bbox 3446 4455 3640 4511; x_wconf 78' lang='grc' dir='ltr'>άναλκί</span> <span class='ocrx_word' id='word_1_759' title='bbox 3683 4473 3743 4508; x_wconf 88' lang='grc' dir='ltr'><strong>τε</strong></span> 
     </span>
    </p>
   </div>
   <div class='ocr_carea' id='block_1_101' title="bbox 2157 4546 3744 4620">
    <p class='ocr_par' dir='ltr' id='par_1_101' title="bbox 2157 4546 3744 4620">
     <span class='ocr_line' id='line_1_101' title="bbox 2157 4546 3744 4620; baseline -0.006 -13"><span class='ocrx_word' id='word_1_760' title='bbox 2157 4555 2251 4609; x_wconf 83' lang='grc' dir='ltr'>καὶ</span> <span class='ocrx_word' id='word_1_761' title='bbox 2280 4552 2702 4607; x_wconf 85' lang='grc' dir='ltr'>εύκατὰσειστον</span> <span class='ocrx_word' id='word_1_762' title='bbox 2720 4589 2737 4616; x_wconf 89' lang='grc'><strong>,</strong></span> <span class='ocrx_word' id='word_1_763' title='bbox 2760 4551 2790 4602; x_wconf 81' lang='grc' dir='ltr'><strong>ὁ</strong></span> <span class='ocrx_word' id='word_1_764' title='bbox 2815 4548 3106 4620; x_wconf 84' lang='grc' dir='ltr'>προφήτης</span> <span class='ocrx_word' id='word_1_765' title='bbox 3130 4547 3332 4618; x_wconf 74' lang='grc' dir='ltr'>φησίν·</span> <span class='ocrx_word' id='word_1_766' title='bbox 3373 4567 3392 4600; x_wconf 78' lang='grc' dir='ltr'>ι</span> <span class='ocrx_word' id='word_1_767' title='bbox 3431 4546 3578 4611; x_wconf 84' lang='grc' dir='ltr'>Ἕως</span> <span class='ocrx_word' id='word_1_768' title='bbox 3613 4547 3744 4600; x_wconf 81' lang='grc' dir='ltr'>πότε</span> 
     </span>
    </p>
   </div>
   <div class='ocr_carea' id='block_1_102' title="bbox 2157 4639 3743 4720">
    <p class='ocr_par' dir='ltr' id='par_1_102' title="bbox 2157 4639 3743 4720">
     <span class='ocr_line' id='line_1_102' title="bbox 2157 4639 3743 4720; baseline -0.006 -18"><span class='ocrx_word' id='word_1_769' title='bbox 2157 4646 2448 4720; x_wconf 86' lang='grc' dir='ltr'>χωλανεῖτε</span> <span class='ocrx_word' id='word_1_770' title='bbox 2471 4645 2558 4698; x_wconf 72' lang='grc' dir='ltr'><strong>ἐπ’</strong></span> <span class='ocrx_word' id='word_1_771' title='bbox 2575 4641 2921 4713; x_wconf 81' lang='grc' dir='ltr'>ἀμφοτέραις</span> <span class='ocrx_word' id='word_1_772' title='bbox 2946 4643 3070 4705; x_wconf 87' lang='grc' dir='ltr'>ταῖς</span> <span class='ocrx_word' id='word_1_773' title='bbox 3092 4641 3308 4709; x_wconf 88' lang='grc' dir='ltr'>ἰγνύαις</span> <span class='ocrx_word' id='word_1_774' title='bbox 3331 4641 3360 4694; x_wconf 84' lang='grc' dir='ltr'><strong>ύ</strong></span> <span class='ocrx_word' id='word_1_775' title='bbox 3369 4639 3508 4712; x_wconf 87' lang='grc' dir='ltr'>μῶν,</span> <span class='ocrx_word' id='word_1_776' title='bbox 3526 4639 3743 4712; x_wconf 81' lang='grc' dir='ltr'>ῆΒάαλ,</span> 
     </span>
    </p>
   </div>
   <div class='ocr_carea' id='block_1_103' title="bbox 2160 4731 3748 4809">
    <p class='ocr_par' dir='ltr' id='par_1_103' title="bbox 2160 4731 3748 4809">
     <span class='ocr_line' id='line_1_103' title="bbox 2160 4731 3748 4809; baseline -0.007 -14"><span class='ocrx_word' id='word_1_777' title='bbox 2160 4739 2324 4803; x_wconf 87' lang='grc' dir='ltr'>Βάαλ,</span> <span class='ocrx_word' id='word_1_778' title='bbox 2357 4739 2390 4809; x_wconf 84' lang='grc' dir='ltr'>ἢ</span> <span class='ocrx_word' id='word_1_779' title='bbox 2425 4735 2548 4806; x_wconf 86' lang='grc' dir='ltr'><strong>Θεῷ</strong></span> <span class='ocrx_word' id='word_1_780' title='bbox 2574 4733 2716 4804; x_wconf 84' lang='grc' dir='ltr'><strong>Θεῷ;</strong></span> <span class='ocrx_word' id='word_1_781' title='bbox 2755 4751 2773 4784; x_wconf 73' lang='grc' dir='ltr'>ι</span> <span class='ocrx_word' id='word_1_782' title='bbox 2805 4731 2881 4786; x_wconf 85' lang='grc' dir='ltr'>Τὸ</span> <span class='ocrx_word' id='word_1_783' title='bbox 2914 4731 3027 4803; x_wconf 91' lang='grc' dir='ltr'><strong>γάρ</strong></span> <span class='ocrx_word' id='word_1_784' title='bbox 3071 4733 3210 4803; x_wconf 85' lang='grc' dir='ltr'>μήτε</span> <span class='ocrx_word' id='word_1_785' title='bbox 3249 4732 3391 4803; x_wconf 80' lang='grc' dir='ltr'>πρὸς</span> <span class='ocrx_word' id='word_1_786' title='bbox 3419 4733 3601 4785; x_wconf 86' lang='grc' dir='ltr'>πίστιν</span> <span class='ocrx_word' id='word_1_787' title='bbox 3633 4733 3748 4785; x_wconf 89' lang='grc' dir='ltr'>εἰσ-</span> 
     </span>
    </p>
   </div>
   <div class='ocr_carea' id='block_1_104' title="bbox 2156 4821 3746 4898">
    <p class='ocr_par' dir='ltr' id='par_1_104' title="bbox 2156 4821 3746 4898">
     <span class='ocr_line' id='line_1_104' title="bbox 2156 4821 3746 4898; baseline -0.008 -11"><span class='ocrx_word' id='word_1_788' title='bbox 2156 4832 2302 4887; x_wconf 86' lang='grc' dir='ltr'>άπαν</span> <span class='ocrx_word' id='word_1_789' title='bbox 2341 4829 2526 4898; x_wconf 81' lang='grc' dir='ltr'>ὑγιὲς,</span> <span class='ocrx_word' id='word_1_790' title='bbox 2577 4827 2714 4898; x_wconf 85' lang='grc' dir='ltr'>μήτε</span> <span class='ocrx_word' id='word_1_791' title='bbox 2759 4823 2869 4897; x_wconf 79' lang='grc' dir='ltr'><strong>μὴν</strong></span> <span class='ocrx_word' id='word_1_792' title='bbox 2931 4825 3012 4888; x_wconf 90' lang='grc' dir='ltr'><strong>εἰς</strong></span> <span class='ocrx_word' id='word_1_793' title='bbox 3061 4825 3332 4895; x_wconf 80' lang='grc' dir='ltr'>πλάνησιν</span> <span class='ocrx_word' id='word_1_794' title='bbox 3370 4821 3746 4892; x_wconf 85' lang='grc' dir='ltr'>διαπεπῆχθαι</span> 
     </span>
    </p>
   </div>
   <div class='ocr_carea' id='block_1_105' title="bbox 2158 4913 3746 4991">
    <p class='ocr_par' dir='ltr' id='par_1_105' title="bbox 2158 4913 3746 4991">
     <span class='ocr_line' id='line_1_105' title="bbox 2158 4913 3746 4991; baseline -0.006 -16"><span class='ocrx_word' id='word_1_795' title='bbox 2158 4922 2354 4991; x_wconf 81' lang='grc' dir='ltr'>φιλεῖν,</span> <span class='ocrx_word' id='word_1_796' title='bbox 2393 4919 2481 4972; x_wconf 76' lang='grc' dir='ltr'><strong>ἐπ’</strong></span> <span class='ocrx_word' id='word_1_797' title='bbox 2517 4917 2686 4988; x_wconf 82' lang='grc' dir='ltr'>ἄμφω</span> <span class='ocrx_word' id='word_1_798' title='bbox 2709 4933 2770 4969; x_wconf 92' lang='grc' dir='ltr'>τε</span> <span class='ocrx_word' id='word_1_799' title='bbox 2797 4913 3060 4986; x_wconf 90' lang='grc' dir='ltr'>χωλεύειν</span> <span class='ocrx_word' id='word_1_800' title='bbox 3100 4915 3252 4982; x_wconf 71' lang='grc' dir='ltr'>ἐστὶ,</span> <span class='ocrx_word' id='word_1_801' title='bbox 3281 4915 3376 4968; x_wconf 73' lang='grc' dir='ltr'>καὶ</span> <span class='ocrx_word' id='word_1_802' title='bbox 3409 4913 3535 4985; x_wconf 81' lang='grc' dir='ltr'>μὴν,</span> <span class='ocrx_word' id='word_1_803' title='bbox 3565 4913 3626 4966; x_wconf 75' lang='grc' dir='ltr'><strong>τὸ</strong></span> <span class='ocrx_word' id='word_1_804' title='bbox 3659 4914 3746 4980; x_wconf 73' lang='grc' dir='ltr'><strong>ἐφ’</strong></span> 
     </span>
    </p>
   </div>
   <div class='ocr_carea' id='block_1_106' title="bbox 2157 5002 3747 5078">
    <p class='ocr_par' dir='ltr' id='par_1_106' title="bbox 2157 5002 3747 5078">
     <span class='ocr_line' id='line_1_106' title="bbox 2157 5002 3747 5078; baseline -0.004 -16"><span class='ocrx_word' id='word_1_805' title='bbox 2157 5008 2404 5078; x_wconf 81' lang='grc' dir='ltr'>ἐκατέρῳ</span> <span class='ocrx_word' id='word_1_806' title='bbox 2435 5005 2792 5077; x_wconf 84' lang='grc' dir='ltr'>καταφθείρει</span> <span class='ocrx_word' id='word_1_807' title='bbox 2813 5005 3057 5076; x_wconf 87' lang='grc' dir='ltr'>γνήσιον.</span> <span class='ocrx_word' id='word_1_808' title='bbox 3081 5005 3364 5075; x_wconf 86' lang='grc' dir='ltr'>Πρόφασις</span> <span class='ocrx_word' id='word_1_809' title='bbox 3389 5003 3446 5057; x_wconf 81' lang='grc' dir='ltr'>δὲ</span> <span class='ocrx_word' id='word_1_810' title='bbox 3476 5005 3576 5074; x_wconf 77' lang='grc' dir='ltr'><strong>τῆς</strong></span> <span class='ocrx_word' id='word_1_811' title='bbox 3605 5002 3747 5057; x_wconf 87' lang='grc' dir='ltr'>οῦτω</span> 
     </span>
    </p>
   </div>
   <div class='ocr_carea' id='block_1_107' title="bbox 2163 5093 3744 5170">
    <p class='ocr_par' dir='ltr' id='par_1_107' title="bbox 2163 5093 3744 5170">
     <span class='ocr_line' id='line_1_107' title="bbox 2163 5093 3744 5170; baseline -0.002 -18"><span class='ocrx_word' id='word_1_812' title='bbox 2163 5097 2367 5170; x_wconf 80' lang='grc' dir='ltr'>σαθρᾶς</span> <span class='ocrx_word' id='word_1_813' title='bbox 2407 5099 2502 5151; x_wconf 76' lang='grc' dir='ltr'>καὶ</span> <span class='ocrx_word' id='word_1_814' title='bbox 2533 5097 2922 5152; x_wconf 85' lang='grc' dir='ltr'>εύδιακλάστου</span> <span class='ocrx_word' id='word_1_815' title='bbox 2949 5097 3178 5168; x_wconf 86' lang='grc' dir='ltr'>γνώμης</span> <span class='ocrx_word' id='word_1_816' title='bbox 3214 5097 3412 5166; x_wconf 80' lang='grc' dir='ltr'>γένοιτ’</span> <span class='ocrx_word' id='word_1_817' title='bbox 3446 5097 3534 5163; x_wconf 83' lang='grc' dir='ltr'>ἂν,</span> <span class='ocrx_word' id='word_1_818' title='bbox 3571 5093 3744 5168; x_wconf 78' lang='grc' dir='ltr'>οἶμαι,</span> 
     </span>
    </p>
   </div>
   <div class='ocr_carea' id='block_1_108' title="bbox 2164 5187 3748 5262">
    <p class='ocr_par' dir='ltr' id='par_1_108' title="bbox 2164 5187 3748 5262">
     <span class='ocr_line' id='line_1_108' title="bbox 2164 5187 3748 5262; baseline -0.002 -17"><span class='ocrx_word' id='word_1_819' title='bbox 2164 5192 2276 5245; x_wconf 80' lang='grc' dir='ltr'><strong>τισὶ</strong></span> <span class='ocrx_word' id='word_1_820' title='bbox 2303 5190 2364 5244; x_wconf 81' lang='grc' dir='ltr'>τὸ</span> <span class='ocrx_word' id='word_1_821' title='bbox 2388 5189 2770 5244; x_wconf 86' lang='grc' dir='ltr'>κατάπλαστον</span> <span class='ocrx_word' id='word_1_822' title='bbox 2796 5187 3068 5244; x_wconf 82' lang='grc' dir='ltr'>ποιεῖσθαι</span> <span class='ocrx_word' id='word_1_823' title='bbox 3092 5190 3187 5242; x_wconf 80' lang='grc' dir='ltr'>καὶ</span> <span class='ocrx_word' id='word_1_824' title='bbox 3210 5190 3311 5243; x_wconf 83' lang='grc' dir='ltr'>οὐκ</span> <span class='ocrx_word' id='word_1_825' title='bbox 3333 5190 3505 5262; x_wconf 78' lang='grc' dir='ltr'>ἀληθῆ</span> <span class='ocrx_word' id='word_1_826' title='bbox 3535 5191 3635 5261; x_wconf 80' lang='grc' dir='ltr'>τὴν</span> <span class='ocrx_word' id='word_1_827' title='bbox 3668 5191 3748 5254; x_wconf 86' lang='grc' dir='ltr'><strong>εἰς</strong></span> 
     </span>
    </p>
   </div>
   <div class='ocr_carea' id='block_1_109' title="bbox 2162 5281 3750 5356">
    <p class='ocr_par' dir='ltr' id='par_1_109' title="bbox 2162 5281 3750 5356">
     <span class='ocr_line' id='line_1_109' title="bbox 2162 5281 3750 5356; baseline -0.001 -19"><span class='ocrx_word' id='word_1_828' title='bbox 2162 5285 2294 5339; x_wconf 80' lang='grc' dir='ltr'>Θεὸν</span> <span class='ocrx_word' id='word_1_829' title='bbox 2340 5283 2640 5354; x_wconf 81' lang='grc' dir='ltr'>ἀγάπησιν,</span> <span class='ocrx_word' id='word_1_830' title='bbox 2667 5281 2764 5336; x_wconf 75' lang='grc' dir='ltr'><strong>καὶ</strong></span> <span class='ocrx_word' id='word_1_831' title='bbox 2807 5281 3197 5352; x_wconf 82' lang='grc' dir='ltr'>ὑποκρίνεσθαι</span> <span class='ocrx_word' id='word_1_832' title='bbox 3255 5283 3355 5356; x_wconf 76' lang='grc' dir='ltr'>μὲν</span> <span class='ocrx_word' id='word_1_833' title='bbox 3400 5283 3460 5337; x_wconf 82' lang='grc' dir='ltr'>τὸ</span> <span class='ocrx_word' id='word_1_834' title='bbox 3510 5301 3750 5355; x_wconf 84' lang='grc' dir='ltr'>χριστια-</span> 
     </span>
    </p>
   </div>
   <div class='ocr_carea' id='block_1_110' title="bbox 2162 5374 3746 5449">
    <p class='ocr_par' dir='ltr' id='par_1_110' title="bbox 2162 5374 3746 5449">
     <span class='ocr_line' id='line_1_110' title="bbox 2162 5374 3746 5449; baseline -0.004 -16"><span class='ocrx_word' id='word_1_835' title='bbox 2162 5380 2327 5446; x_wconf 78' lang='grc' dir='ltr'>νίζειν</span> <span class='ocrx_word' id='word_1_836' title='bbox 2357 5377 2662 5449; x_wconf 81' lang='grc' dir='ltr'>βούλεσθαι,</span> <span class='ocrx_word' id='word_1_837' title='bbox 2690 5376 2765 5447; x_wconf 84' lang='grc' dir='ltr'>μὴ</span> <span class='ocrx_word' id='word_1_838' title='bbox 2794 5374 2902 5447; x_wconf 82' lang='grc' dir='ltr'>μὴν</span> <span class='ocrx_word' id='word_1_839' title='bbox 2927 5375 2987 5442; x_wconf 79' lang='grc' dir='ltr'>ἐξ</span> <span class='ocrx_word' id='word_1_840' title='bbox 3009 5376 3139 5446; x_wconf 87' lang='grc' dir='ltr'>ὅλης</span> <span class='ocrx_word' id='word_1_841' title='bbox 3159 5377 3388 5449; x_wconf 87' lang='grc' dir='ltr'>καρδίας</span> <span class='ocrx_word' id='word_1_842' title='bbox 3407 5375 3569 5430; x_wconf 89' lang='grc' dir='ltr'>τοῦτο</span> <span class='ocrx_word' id='word_1_843' title='bbox 3591 5376 3746 5446; x_wconf 79' lang='grc' dir='ltr'>δρᾷν,</span> 
     </span>
    </p>
   </div>
   <div class='ocr_carea' id='block_1_111' title="bbox 2165 5468 3747 5543">
    <p class='ocr_par' dir='ltr' id='par_1_111' title="bbox 2165 5468 3747 5543">
     <span class='ocr_line' id='line_1_111' title="bbox 2165 5468 3747 5543; baseline -0.003 -19"><span class='ocrx_word' id='word_1_844' title='bbox 2165 5473 2302 5543; x_wconf 80' lang='grc' dir='ltr'>μήτε</span> <span class='ocrx_word' id='word_1_845' title='bbox 2335 5471 2441 5542; x_wconf 84' lang='grc' dir='ltr'>μὴν</span> <span class='ocrx_word' id='word_1_846' title='bbox 2470 5470 2607 5523; x_wconf 84' lang='grc' dir='ltr'>αἰδοῖ</span> <span class='ocrx_word' id='word_1_847' title='bbox 2642 5471 2708 5539; x_wconf 86' lang='grc' dir='ltr'>τῇ</span> <span class='ocrx_word' id='word_1_848' title='bbox 2750 5468 2888 5540; x_wconf 81' lang='grc' dir='ltr'>πρὸς</span> <span class='ocrx_word' id='word_1_849' title='bbox 2917 5470 2977 5522; x_wconf 85' lang='grc' dir='ltr'>τὸ</span> <span class='ocrx_word' id='word_1_850' title='bbox 3011 5470 3208 5540; x_wconf 85' lang='grc' dir='ltr'>ἀληθὲς</span> <span class='ocrx_word' id='word_1_851' title='bbox 3234 5469 3747 5538; x_wconf 82' lang='grc' dir='ltr'>ἀναπεπεισμένους</span> 
     </span>
    </p>
   </div>
   <div class='ocr_carea' id='block_1_112' title="bbox 2163 5557 3747 5632">
    <p class='ocr_par' dir='ltr' id='par_1_112' title="bbox 2163 5557 3747 5632">
     <span class='ocr_line' id='line_1_112' title="bbox 2163 5557 3747 5632; baseline -0.006 -15"><span class='ocrx_word' id='word_1_852' title='bbox 2163 5565 2256 5617; x_wconf 63' lang='grc' dir='ltr'>καὶ</span> <span class='ocrx_word' id='word_1_853' title='bbox 2298 5563 2663 5632; x_wconf 81' lang='grc' dir='ltr'>τετιμηκότας</span> <span class='ocrx_word' id='word_1_854' title='bbox 2692 5559 2752 5612; x_wconf 81' lang='grc' dir='ltr'>τὸ</span> <span class='ocrx_word' id='word_1_855' title='bbox 2779 5559 2902 5631; x_wconf 80' lang='grc' dir='ltr'>ἕχον</span> <span class='ocrx_word' id='word_1_856' title='bbox 2934 5559 3138 5630; x_wconf 84' lang='grc' dir='ltr'>ὀρθῶς·</span> <span class='ocrx_word' id='word_1_857' title='bbox 3177 5559 3291 5615; x_wconf 80' lang='grc' dir='ltr'>ἀλλ’</span> <span class='ocrx_word' id='word_1_858' title='bbox 3318 5559 3349 5618; x_wconf 77' lang='grc' dir='ltr'><strong>ἣ</strong></span> <span class='ocrx_word' id='word_1_859' title='bbox 3392 5557 3747 5630; x_wconf 78' lang='grc' dir='ltr'>θηρωμένους</span> 
     </span>
    </p>
   </div>
   <div class='ocr_carea' id='block_1_113' title="bbox 547 5739 2050 5822">
    <p class='ocr_par' dir='ltr' id='par_1_113' title="bbox 547 5739 2025 5812">
     <span class='ocr_line' id='line_1_113' title="bbox 547 5739 2025 5812; baseline 0.005 -17"><span class='ocrx_word' id='word_1_860' title='bbox 547 5739 592 5770; x_wconf 78' lang='grc'>³⁸</span> <span class='ocrx_word' id='word_1_861' title='bbox 615 5740 804 5799; x_wconf 77' lang='lat' dir='ltr'><strong>Matth.</strong></span> <span class='ocrx_word' id='word_1_862' title='bbox 836 5761 928 5810; x_wconf 81' lang='lat' dir='ltr'><strong>xu,</strong></span> <span class='ocrx_word' id='word_1_863' title='bbox 971 5745 1057 5799; x_wconf 66' lang='lat'><strong>522.</strong></span> <span class='ocrx_word' id='word_1_864' title='bbox 1140 5747 1181 5783; x_wconf 69' lang='grc' dir='ltr'><strong>³ο</strong></span> <span class='ocrx_word' id='word_1_865' title='bbox 1223 5747 1382 5800; x_wconf 78' lang='lat' dir='ltr'><strong>Prov.</strong></span> <span class='ocrx_word' id='word_1_866' title='bbox 1417 5763 1562 5810; x_wconf 71' lang='lat' dir='ltr'><strong>xvm,</strong></span> <span class='ocrx_word' id='word_1_867' title='bbox 1599 5749 1650 5812; x_wconf 83' lang='grc'>6,</span> <span class='ocrx_word' id='word_1_868' title='bbox 1683 5747 1732 5800; x_wconf 94' lang='grc'><strong>7.</strong></span> <span class='ocrx_word' id='word_1_869' title='bbox 1806 5748 1850 5780; x_wconf 59' lang='grc' dir='ltr'><strong>⁸ο</strong></span> <span class='ocrx_word' id='word_1_870' title='bbox 1884 5748 2025 5803; x_wconf 78' lang='lat' dir='ltr'><strong>Psal.</strong></span> 
     </span>
    </p>
   </div>
   <div class='ocr_carea' id='block_1_114' title="bbox 2152 5739 3018 5822">
    <p class='ocr_par' dir='ltr' id='par_1_114' title="bbox 2161 5748 3018 5822">
     <span class='ocr_line' id='line_1_114' title="bbox 2161 5748 3018 5822; baseline -0.001 -19"><span class='ocrx_word' id='word_1_871' title='bbox 2161 5789 2173 5815; x_wconf 92' lang='lat'><strong>,</strong></span> <span class='ocrx_word' id='word_1_872' title='bbox 2205 5748 2256 5814; x_wconf 80' lang='grc'>5,</span> <span class='ocrx_word' id='word_1_873' title='bbox 2285 5749 2334 5804; x_wconf 67' lang='grc'><strong>4.</strong></span> <span class='ocrx_word' id='word_1_874' title='bbox 2408 5750 2447 5788; x_wconf 75' lang='grc' dir='ltr'><strong>δ¹</strong></span> <span class='ocrx_word' id='word_1_875' title='bbox 2487 5749 2553 5805; x_wconf 86' lang='lat' dir='ltr'><strong>Ill</strong></span> <span class='ocrx_word' id='word_1_876' title='bbox 2595 5751 2730 5822; x_wconf 80' lang='lat' dir='ltr'><strong>Reg.</strong></span> <span class='ocrx_word' id='word_1_877' title='bbox 2757 5765 2905 5815; x_wconf 69' lang='grc' dir='ltr'>κιτιιι,</span> <span class='ocrx_word' id='word_1_878' title='bbox 2930 5748 3018 5802; x_wconf 75' lang='grc'><strong>21.</strong></span> 
     </span>
    </p>
   </div>
  </div>
