4104 6432
282 323 382 381 477

1011 322 1102 378 DE
1139 318 1584 378 ADORATIONE
1622 319 1692 375 IN
1735 315 2007 374 SPlRlTU
2043 318 2122 373 E'l
2169 317 2543 374 VERITATE.
2587 317 2713 372 LIB.
2758 315 2847 371 Vl.

3481 318 3587 374 ΗΒ

278 436 340 487 τὸ
373 435 566 505 σφίσιν
585 436 770 500 αὐτοῖς
808 435 930 491 καθ’
963 435 1181 510 ἡδονὴν,
1212 436 1246 509 ἢ
1279 434 1528 490 κινδύνου
1559 433 1755 505 φόϐον,
1790 433 1884 487 καὶ

1998 441 2083 487 aut
2105 432 2467 502 cupiditatem
2502 447 2658 488 suam
2685 433 3055 500 aucupentur,
3082 434 3178 481 aut
3211 425 3444 496 periculi
3470 443 3592 482 ωρ-

278 524 631 596 δυσημερίας
677 525 881 597 ἀγρίαν
923 526 1112 595 ἔφοδον
1163 527 1330 582 οἱονεὶ
1377 522 1887 596 καταγοητεύοντας

279 618 346 687 τῇ
376 616 567 669 πίστει
607 616 1074 687 προσεληλυθέναι
1099 617 1299 684 δοκεῖν,
1331 617 1420 673 ἵνα
1447 617 1680 680 πολλοὺς
1712 615 1887 686 ἔχοιεν

280 711 408 772 τοὺς
434 709 729 764 συναθλεῖν
761 710 1100 782 ᾑρημένους,
1131 711 1226 766 καὶ
1253 711 1355 783 τὴν
1383 709 1594 765 οἰκείαν
1620 709 1888 774 δανείζειν

283 800 568 872 φροντίδα.
617 801 759 855 Ἀλλ’
786 801 990 874 ἐσχάτη
1033 805 1148 866 τοῖς
1175 802 1442 866 τοιούτοις
1470 799 1888 871 ἀπονεμηθήσε-

289 908 370 943 ται
396 889 653 960 φροντὶς,
698 891 794 944 καὶ
829 892 889 945 ὲν
919 894 1032 955 τοῖς
1072 892 1153 946 ὅτι
1193 891 1432 963 μάλιστα
1460 889 1883 961 καταϐεϐλημέ-

293 998 392 1045 νοις
424 981 455 1032 ὁ
485 979 688 1051 κλῆρος
707 1021 722 1046 ,
752 981 1070 1052 ἀτιμότατοί
1098 1001 1158 1036 τε
1197 985 1292 1037 καὶ
1339 983 1746 1056 ἀπερριμμένοι
1796 983 1890 1035 καὶ

288 1073 441 1142 μόλις
485 1073 976 1145 ἀποκερδαίνοντες
1007 1075 1070 1129 τὸ
1104 1075 1387 1142 ἀξιοῦσθαι
1409 1077 1579 1148 ζωῆς,
1614 1077 1794 1130 ἁλοῖεν
1821 1075 1888 1130 ἂν

281 1165 419 1218 Θεοῦ
460 1164 856 1234 βασανίζοντος
901 1167 973 1220 τά
1016 1168 1075 1222 ἐν
1103 1168 1239 1239 ἡμῖν
1268 1168 1667 1240 κεκρυμμένα’
1713 1168 1890 1222 ὁποῖοί

281 1275 431 1322 τινες
460 1253 605 1329 ἦσαν
630 1259 678 1311 οἱ
708 1257 818 1312 ἀπὸ
841 1257 1089 1314 Γαϐαών.
1118 1261 1624 1333 Προσκεχωρήκασι
1649 1259 1750 1332 μὲν
1782 1259 1891 1332 γὰρ

280 1349 358 1422 τῷ
402 1351 586 1421 Ἰησοῦ
631 1367 783 1414 ποτε,
823 1352 920 1405 καὶ
949 1351 1026 1423 τῷ
1057 1352 1172 1424 λαῷ
1200 1352 1296 1407 τοῦ
1331 1352 1466 1406 Θεοῦ
1508 1351 1890 1424 προσοικειοῦ-

285 1443 412 1496 σθαι
457 1442 582 1496 λίαν
621 1442 1012 1515 ὲξελιπάρουν⁹
1050 1444 1190 1516 πλὴν
1219 1445 1321 1498 ούκ
1351 1442 1700 1514 άκακουργὸν
1739 1444 1892 1496 ἑποι-

282 1534 444 1588 οῦντο
502 1534 604 1605 τὴν
671 1534 1048 1608 προσδρομὴν,
1101 1535 1227 1588 οῦτε
1285 1535 1392 1608 μὴν
1449 1533 1630 1604 ἁπλῆν
1679 1551 1740 1588 τε
1795 1533 1892 1588 καὶ

282 1622 700 1694 ἀκαπήλευτον,
731 1625 827 1681 καὶ
849 1624 923 1689 ὡς
955 1623 1016 1690 ἐξ
1043 1625 1270 1696 ἀγάπης
1293 1627 1394 1698 τῆς
1426 1625 1563 1696 πρὸς
1592 1624 1748 1692 Θεὸν,
1775 1625 1890 1680 ἀλλ’

284 1721 342 1770 ὲν
372 1717 671 1791 ὑποκρίσει
701 1719 799 1772 καὶ
828 1717 988 1789 δόλῳ.
1021 1719 1132 1772 Καὶ
1159 1718 1404 1772 διέλαθον
1445 1718 1546 1789 μὲν
1577 1719 1636 1772 ὲν
1669 1719 1889 1790 ἀρχαῖς.

297 1810 526 1883 Ἐπειδὴ
552 1810 610 1864 δὲ
638 1810 817 1882 πικρά
845 1810 1085 1881 δρῶντες
1116 1810 1424 1882 ἡλίσκοντο,
1453 1812 1548 1866 καὶ
1575 1812 1895 1885 κατεφωράο
1925 1793 1970 1854 Β

285 1901 463 1973 θησαν
483 1902 742 1956 κακόνοοί
767 1919 827 1954 τε
850 1901 946 1955 καὶ
961 1901 1401 1972 ⁸πολυγνιιῦμονες,
1425 1903 1484 1955 ἐν
1505 1904 1619 1967 τοῖς
1643 1903 1897 1974 ὲσχάτοις

282 1994 599 2049 ἐτάττοντο.
629 1993 898 2064 Γεγόνασι
926 1992 1038 2065 γὰρ
1070 1992 1359 2061 ξυλοκόποι
1389 2011 1449 2048 τε
1487 1994 1580 2048 καὶ
1606 1995 1896 2068 ύδροφόροι

282 2085 439 2157 πάσῃ
478 2087 546 2156 τῇ
597 2085 924 2156 Συναγωγῇ.
969 2083 1135 2156 Ὁρᾷς
1179 2080 1275 2139 οὖν
1321 2086 1444 2140 ὅποι
1472 2088 1805 2158 κατακομιεῖ
1834 2086 1896 2141 τὸ

285 2181 362 2251 μὴ
395 2180 649 2252 γνήσιον,
691 2177 786 2232 καὶ
811 2178 873 2231 τὸ
910 2177 985 2251 μὴ
1029 2178 1246 2233 ἑλέσθαι
1271 2181 1437 2250 τιμᾷν
1471 2179 1532 2245 ἐξ
1556 2179 1744 2250 ὑγιοῦς
1781 2180 1895 2235 δια-

291 2272 447 2335 νοίας
496 2271 601 2343 τὴν
665 2271 805 2344 πρὸς
867 2271 1058 2342 ἁγίους
1115 2272 1427 2342 οἰκειότητα
1490 2260 1890 2344 πνευματικήν.

295 2358 582 2414 Ἀπατῶσι
610 2361 714 2432 μὲν
741 2359 852 2430 γὰρ
879 2360 993 2415 ἔσθ’
1018 2361 1108 2414 ὅτε
1131 2360 1297 2427 τινὲς,
1327 2362 1421 2416 καὶ
1453 2363 1576 2417 οῦτι
1613 2363 1718 2416 πού
1750 2381 1893 2436 φημι

281 2452 378 2506 τὸν
412 2452 598 2506 πάντα
640 2451 822 2505 εἰδότα
861 2451 1124 2522 Χριστὸν,
1151 2451 1281 2516 τοὺς
1319 2453 1378 2507 ὲν
1415 2450 1573 2524 τύπῳ
1599 2452 1658 2506 δὲ
1691 2453 1893 2525 μᾶλλον

283 2545 454 2600 αὐτοῦ
473 2587 489 2612 ,
517 2545 824 2611 τουτέστιν,
869 2545 999 2609 τοὺς
1030 2544 1180 2599 λαῶν
1209 2544 1571 2616 ἡγουμένους.
1627 2545 1894 2618 Καθάπερ

283 2635 781 2707 ἀμέλει-κάκεῖνοι
837 2634 962 2688 τότε
1008 2634 1104 2689 τὸν
1163 2635 1374 2707 Ἰησοῦν
1426 2636 1508 2700 εἰς
1562 2636 1748 2691 εἰκόνα
1799 2637 1896 2690 καὶ

285 2729 648 2784 ὑποτύπωσιν
669 2727 1078 2808 παρενεχθέντα
1100 2729 1368 2802 Χριστοῦ,
1393 2730 1490 2784 καὶ
1520 2729 1895 2786 εἰσελαύνουσι

288 2820 436 2892 μετά
464 2820 623 2874 δόλου
657 2822 1184 2893 κατασκιασμάτων,
1218 2823 1278 2877 ὲν
1312 2821 1470 2894 βάθει
1499 2822 1894 2896 διαλογισμῶν,

285 2916 385 2970 καὶ
412 2916 519 2988 τῆς
548 2918 630 2981 εἰς
652 2916 780 2970 νοῦν
812 2915 1084 2988 πονηρίας
1115 2916 1510 2988 προϊσχόμενοι
1542 2917 1643 2990 τὴν
1669 2918 1898 2990 ὑπόκρι-

286 3023 412 3063 σιν·
471 3009 1026 3081 καταγινωσκόμενοι
1075 3009 1171 3076 δὲ,
1227 3008 1415 3064 λαθεῖν
1469 3009 1579 3081 γὰρ
1639 3009 1742 3064 οὐκ
1791 3010 1894 3076 ενι,

1989 535 2106 579 tum
2136 533 2192 578 et
2215 524 2482 595 gravioris
2518 523 2753 594 alicujus
2786 518 3077 574 infortunii
3109 516 3453 572 imminentis
3485 516 3593 570 im—

1988 629 2179 692 petum
2207 629 2467 692 tanquam
2510 619 2882 675 incantatione
2929 617 3168 689 quadam
3209 616 3585 680 amoliantur,

1990 716 2122 773 dum
2165 713 2234 772 ad
2265 713 2428 770 ﬁdem
2482 712 2749 768 accedere
2779 712 3081 776 videntur,
3125 717 3188 764 ut
3230 709 3440 763 multos
3483 707 3586 762 ha-

1989 810 2178 876 beant,
2204 809 2300 880 qui
2337 791 2722 863 laborantibus
2766 806 2931 862 simul
2979 819 3142 874 opem
3196 800 3345 856 ferre
3388 800 3584 866 velint,

1990 915 2155 975 atque
2189 904 2300 960 illis
2342 917 2471 957 suas
2517 915 2682 955 curas
2723 898 3133 968 impertiantur.
3184 892 3294 949 Sed
3335 899 3588 947 extrema

1989 995 2262 1068 ejusmodi
2302 992 2622 1049 hominibus
2655 988 2973 1062 procuratio
3009 987 3308 1052 tribuetur,
3339 993 3397 1040 et
3440 983 3587 1038 inter

1991 1089 2395 1161 abjectissimos
2416 1085 2672 1142 homines
2715 1098 2836 1138 sors
2871 1096 3066 1137 eorum
3087 1081 3216 1146 erit,
3249 1087 3307 1134 et
3348 1074 3588 1150 ignomi-

1991 1178 2292 1237 niosissimi
2334 1186 2500 1249 atque
2549 1171 3012 1246 contemptissimi
3059 1169 3587 1242 deprchendemur;

1992 1283 2050 1330 et
2071 1274 2167 1345 qui
2202 1273 2297 1327 vix
2330 1271 2386 1327 id
2426 1268 2696 1340 consequi
2731 1266 2968 1338 possint,
3023 1271 3086 1320 ut
3126 1265 3246 1336 ipsa
3276 1263 3391 1319 vita
3436 1259 3590 1334 digni

1991 1382 2116 1424 esse
2137 1365 2453 1432 videantur,
2506 1363 2620 1418 Deo
2657 1359 3009 1430 exquirente,
3035 1371 3160 1429 quae
3204 1355 3262 1410 in
3304 1353 3468 1410 nobis
3505 1353 3591 1407 la-

1994 1467 2149 1515 tent:
2178 1458 2372 1528 quales
2397 1455 2664 1510 nimirum
2690 1451 3010 1508 Gabaonitze
3048 1447 3307 1512 fuerunt;
3346 1459 3594 1500 accesse-

1993 1559 2126 1606 runt
2165 1549 2315 1605 enim
2357 1547 2396 1603 ii
2437 1541 2718 1617 quondam
2742 1542 2813 1598 ad
2849 1541 3038 1604 Josue,
3066 1546 3125 1594 et
3147 1544 3210 1593 ut
3235 1550 3360 1592 cum
3383 1534 3592 1605 populo

1994 1641 2094 1697 Dei
2117 1641 2483 1705 sociarentur,
2508 1638 2870 1694 vehementer
2891 1631 3162 1697 orabant;
3206 1635 3592 1684 verumtamen

1996 1749 2109 1789 non
2136 1733 2254 1788 sine
2291 1731 2501 1788 malitia
2545 1744 2727 1800 neque
2753 1723 3081 1797 simpliciter
3113 1729 3170 1778 et
3217 1720 3338 1776 sine
3366 1719 3498 1783 ulla,
3533 1724 3594 1771 ut

2000 1824 2076 1880 ita
2123 1823 2324 1889 dicam,
2376 1828 2689 1878 mercatura
2725 1817 3031 1873 utilitatum
3075 1826 3325 1877 suarum,
3373 1817 3430 1866 et
3468 1817 3594 1862 tan-

1999 1931 2165 1988 quam
2206 1931 2276 1970 ex
2297 1914 2567 1969 charitate
2592 1927 2722 1982 erga
2747 1909 2945 1973 Deum,
2972 1905 3068 1961 sed
3105 1904 3363 1959 simulate
3395 1909 3457 1956 et
3491 1900 3595 1956 do-

2001 2009 2117 2064 lose
2142 2012 2495 2062 accesserant
2520 2005 2585 2058 δ’.
2621 2002 2702 2058 Ac
2742 2002 2956 2057 latuere
2979 1997 3206 2070 quidem
3233 2012 3262 2051 a
3288 1993 3594 2066 principio;

1999 2101 2119 2166 sed,
2146 2108 2509 2171 posteaquam
2547 2095 2960 2167 deprehensum
3003 2099 3089 2148 est
3112 2091 3238 2145 illos
3265 2088 3452 2161 gravia
3475 2103 3596 2142 mo-

1997 2195 2109 2261 liri,
2144 2203 2201 2249 et
2245 2193 2562 2266 malignitas
2597 2205 2792 2246 eorum
2820 2195 2987 2259 atque
3013 2184 3257 2241 versutia
3285 2189 3593 2252 comperta,

1997 2287 2202 2343 inﬁmis
2248 2285 2574 2342 muneribus
2613 2281 2820 2338 addicti
2864 2289 2995 2336 sunt
3031 2296 3044 2332 :
3086 2277 3225 2334 facti
3279 2283 3410 2331 sunt
3448 2273 3598 2330 enim

1996 2380 2270 2434 universae
2304 2375 2604 2447 Synagogze
2639 2371 2859 2444 lignarii
2892 2378 2950 2426 et
3004 2366 3240 2439 aquarii.
3281 2364 3453 2422 Vides
3493 2364 3598 2436 igi—

1997 2483 2089 2529 tur
2115 2488 2225 2542 quo
2269 2470 2542 2542 perducat
2569 2464 2873 2531 simulatio,
2906 2470 2963 2518 et
2987 2461 3135 2517 nolle
3171 2460 3389 2529 integro
3415 2457 3602 2512 animo

1998 2561 2321 2617 societatem
2372 2566 2540 2629 atque
2584 2553 3036 2627 coniunctionem
3069 2547 3420 2620 spiritualem
3471 2561 3602 2602 san-

1999 2663 2217 2710 ctorum
2243 2652 2493 2706 virorum
2537 2646 2818 2719 amplecti.
2874 2644 3095 2701 Fallunt
3140 2639 3294 2697 enim
3325 2638 3603 2695 interdum

1997 2745 2252 2802 nonnulli
2287 2759 2398 2799 non
2425 2742 2619 2812 utique
2644 2739 2951 2805 Christum,
2978 2734 3166 2792 omnia
3191 2731 3484 2797 scientem,
3507 2729 3605 2786 sed

1998 2853 2097 2894 eos
2139 2837 2237 2909 qui
2281 2835 2430 2890 illius
2469 2832 2705 2904 ﬁguram
2761 2837 2974 2896 tenent,
3018 2827 3076 2884 id
3127 2834 3234 2894 est,
3274 2823 3607 2896 populorum

1998 2932 2300 3004 principes,
2347 2937 2410 2984 ut
2440 2927 2520 2982 illi
2549 2925 2814 2982 nimirum
2845 2939 2914 2981 eo
2949 2930 3203 2993 tempore
3233 2920 3414 2990 ipsum
3438 2917 3607 2975 Iosue

1999 3026 2336 3089 fefellerunt,
2373 3021 2468 3093 qui
2511 3021 2570 3075 in
2594 3017 2806 3076 Christi
2851 3017 3028 3088 ﬁgura
3070 3023 3240 3084 atque
3275 3006 3516 3083 imagine
3547 3009 3606 3064 in

285 3102 639 3174 σωθήσονται
691 3101 878 3174 μόλις,
919 3104 1116 3175 μοῖραν
1157 3101 1375 3174 ἔχοντες
1410 3101 1509 3174 τὴν
1550 3101 1893 3175 δουλοπρεπῆ

2002 3113 2289 3185 Scriptura
2335 3110 2642 3182 productus
2686 3115 2774 3164 est
2812 3123 2826 3161 :
2862 3113 2920 3162 et
2943 3103 3220 3161 accedunt
3261 3101 3406 3157 dolis
3450 3100 3606 3165 tecti,

286 3198 388 3254 ml
415 3196 683 3268 ἐσχάτην·
715 3195 1076 3270 ἀνελευθέρου
1105 3196 1216 3269 γὰρ
1248 3196 1499 3269 γνώμης,
1542 3195 1726 3265 ἀπάτη
1758 3212 1898 3266 καρ-

2006 3205 2325 3276 abditisque
2357 3201 2581 3274 penitus
2618 3198 2888 3264 consiliis,
2937 3196 3220 3265 animique
3263 3192 3492 3258 malitia,
3529 3191 3608 3247 si-

288 3293 415 3357 πός.
453 3292 649 3362 Ἡμεῖς
673 3291 753 3356 δὲ,
774 3288 858 3356 οἷς
877 3290 940 3344 τὸ
967 3293 1184 3363 φρονεῖν
1205 3289 1376 3360 ὑγιῶς
1396 3289 1466 3343 τά
1485 3287 1582 3343 τοῦ
1610 3289 1748 3343 Θεοῦ
1781 3306 1896 3344 σκο-

2006 3297 2380 3355 mulationem
2430 3293 2590 3365 quasi
2635 3291 2889 3348 velamen
2932 3286 3341 3360 praetendentes
3372 3301 3386 3339 :
3415 3283 3611 3355 depre-

287 3385 394 3449 πὺς
418 3383 520 3438 καὶ
540 3382 1022 3449 ἀποσπουδάζεται
1041 3382 1113 3437 τὰ
1132 3381 1320 3450 λοιπά,
1350 3380 1800 3455 προσκεισόμεθα
1821 3379 1901 3453 τῷ

292 3479 413 3552 ἰδίῳ
445 3479 698 3551 Δεσπότῃ
729 3478 828 3533 καὶ
856 3477 978 3550 Θεῷ
1006 3478 1116 3532 τῶν
1147 3477 1307 3545 ὅλων,
1344 3476 1403 3545 ἐξ
1436 3476 1618 3549 ἀπλῆς
1648 3476 1899 3549 καρδίας,

289 3574 357 3626 ὲκ
385 3571 631 3637 διανοίας
663 3572 854 3645 ὀρθῆς,
889 3570 950 3636 ἐξ
978 3569 1260 3636 ὀλοτελοῦς
1291 3571 1546 3642 ἀγάπης,
1591 3568 1901 3643 ἀρρωστεῖν

288 3667 353 3721 τὸ
383 3667 610 3738 δίψυχον
637 3666 740 3721 οὐκ
773 3665 1145 3738 ἀνεχομένης,
1180 3663 1566 3736 ἀποφοιτώσης
1595 3663 1653 3717 δὲ
1695 3679 1899 3718 παντεο

290 3759 402 3825 λῶς
437 3758 590 3830 ἠθῶν
621 3759 717 3813 καὶ
747 3757 1117 3830 φρονημάτων
1159 3755 1529 3829 Ἑλληνικῶν,
1575 3757 1672 3810 καὶ
1713 3754 1902 3827 ἰούσης

290 3851 370 3916 ὡς
395 3851 677 3906 ἀπωτάτω
699 3851 796 3905 καὶ
827 3850 974 3923 μάλα
996 3849 1216 3922 γοργῶς
1243 3849 1354 3904 τῶν
1381 3851 1448 3904 ὲκ
1475 3849 1644 3922 νόμου
1671 3848 1902 3903 καταδε-

289 3943 664 4017 δικασμένων.
727 3943 999 4015 Ἐσόμεθα
1045 3943 1156 4016 γάρ
1200 3941 1348 3997 οὕτω
1399 3941 1602 3997 τέλειοι
1656 3941 1902 3996 ἐναντίον

296 4043 380 4095 Ku
387 4040 508 4112 ρίου
534 4037 632 4093 τοῦ
657 4035 818 4105 Θεοῦ,
841 4035 986 4091 κατά
1001 4039 1064 4092 τὸ
1083 4035 1497 4110 γεγραμμένον,
1516 4035 1614 4090 καὶ
1632 4034 1902 4106 λαμπροὶ,

294 4133 391 4187 καὶ
428 4132 712 4204 εὐδόκιμοι
745 4131 886 4204 μετά
912 4129 1025 4186 τῶν
1056 4129 1236 4186 ἄλλων
1269 4127 1444 4198 ἀγίων
1475 4128 1534 4182 ὲν
1561 4125 1807 4198 Χριστῷ,
1835 4126 1905 4182 δι’

291 4218 358 4280 οὗ
389 4225 488 4279 καὶ
517 4223 637 4295 μεθ’
663 4217 725 4280 οὗ
749 4224 830 4296 τῷ
856 4221 1034 4296 Πατρὶ
1056 4220 1188 4287 δόξα
1216 4221 1316 4275 σὺν
1337 4220 1481 4292 ἁγίῳ
1513 4217 1800 4291 Πνεύματι
1825 4219 1908 4283 εἰς

292 4320 428 4384 τοὺς
459 4317 667 4382 αἰῶνας
691 4315 807 4372 τῶν
831 4316 1064 4372 αἰώνων.
1113 4315 1312 4388 Ἀμήν.

2012 3391 2174 3450 hensi
2226 3397 2413 3445 autem
2439 3387 2642 3460 (neque
2679 3384 2830 3440 enim
2862 3382 3040 3439 latere
3064 3381 3147 3437 fas
3185 3379 3293 3452 est)
3332 3377 3428 3433 vix
3457 3377 3609 3432 salu-

2007 3493 2121 3540 tem
2151 3480 2496 3546 retinebunt,
2523 3477 2583 3532 in
2605 3474 2865 3533 servilem
2887 3480 3056 3544 atque
3080 3470 3334 3526 inﬁmum
3360 3467 3611 3524 ordinem

2011 3572 2229 3630 redacti
2263 3590 2277 3626 :
2308 3571 2475 3642 216
2523 3576 2610 3626 est
2659 3567 2810 3624 enim
2865 3564 3083 3622 fallacia
3116 3560 3405 3618 illiberalis
3442 3557 3613 3614 animi

2007 3663 2373 3720 fructus.Nos
2396 3667 2606 3728 autem,
2639 3659 2845 3732 quibus
2880 3655 3231 3730 propositum
3257 3659 3455 3718 estea,
3491 3665 3614 3722 qua:

2008 3757 2107 3813 Dei
2145 3763 2295 3822 sunt,
2349 3755 2566 3827 integro
2610 3766 2858 3824 sanoque
2904 3749 3091 3806 animo
3133 3747 3343 3804 sentire
3365 3785 3380 3812 ,
3418 3751 3477 3800 et
3517 3741 3615 3814 qui

2011 3858 2222 3907 caetera
2256 3848 2608 3920 negligimus,
2651 3845 2886 3902 Domino
2911 3850 3107 3900 nostro
3127 3842 3354 3912 Deoque
3385 3837 3616 3894 univer-

2002 3959 2195 4001 sorum
2228 3941 2469 4012 simplici
2510 3937 2700 4006 corde,
2744 3944 2902 3994 recto
2925 3934 3132 4000 animo,
3158 3939 3216 3988 et
3243 3931 3456 4001 integra
3478 3927 3612 3983 cha-

2005 4038 2174 4094 ritate
2212 4032 2642 4097 adhaerebimus,
2687 4043 2812 4100 quae
2840 4042 2956 4084 non
2989 4025 3221 4097 patitur,
3271 4029 3336 4078 ut
3378 4017 3620 4089 duplicis

2008 4129 2180 4187 animi
2209 4128 2349 4184 vitio
2377 4126 2716 4190 laboremus,
2741 4129 2800 4179 et
2830 4127 2918 4178 est
2944 4135 2978 4176 a
3000 4116 3253 4175 moribus
3290 4122 3457 4185 atque
3484 4127 3615 4168 sen-

2011 4222 2172 4278 sibus
2195 4219 2490 4293 gentilium
2529 4229 2762 4288 prorsus
2787 4211 2991 4278 aliena,
3029 4217 3086 4266 et
3106 4221 3272 4281 quam
3295 4201 3618 4276 longissimo

2015 4309 2582 4381 constantissimeque
2605 4306 2884 4379 disjuncta
2920 4303 2991 4360 ab
3015 4301 3107 4369 iis,
3131 4314 3256 4373 quae
3305 4297 3428 4368 lege
3457 4293 3617 4349 dam-

295 4422 529 4470 nantur.
579 4414 662 4471 Ita
707 4413 860 4469 enim
898 4413 1112 4470 erimus
1154 4385 1388 4484 perfecti
1437 4426 1625 4469 coram
1671 4408 1909 4467 Domino
1945 4409 2082 4478 Deo,
2126 4409 2274 4466 sicut
2336 4405 2607 4478 scriptum
2631 4409 2760 4460 est:
2793 4399 2932 4458 clari
2953 4398 3122 4456 etiam
3189 4402 3356 4465 atque
3385 4385 3607 4462 probati

297 4526 429 4565 cum
467 4510 595 4566 aliis
620 4505 828 4565 sanctis
851 4509 908 4565 in
923 4483 1171 4575 Christo,
1207 4524 1306 4581 per
1339 4523 1526 4580 quem,
1596 4514 1653 4563 et
1713 4518 1840 4562 cum
1867 4518 1982 4576 quo
2017 4503 2134 4562 Deo
2164 4519 2229 4561 ac
2260 4500 2410 4560 Patri
2436 4499 2613 4573 gloria
2650 4512 2780 4556 cum
2823 4501 3018 4553 sancto
3056 4488 3272 4564 Spiritu
3310 4487 3370 4544 in
3415 4483 3622 4541 smnia

297 4606 656 4662 seculorum.
685 4604 883 4660 Amen.

370 4787 421 4822 δ’
446 4781 565 4844 Jos.
596 4801 669 4850 lx,
697 4783 919 4856 passim.
