4104 6440
521 288 623 343 47:)
1530 288 1584 342 S.
1629 247 1906 344 CYRILLI
1946 292 2417 352 ALEXANDRIM
2456 299 2758 355 ARCHIEP
3675 310 3778 367 ιὸί)

530 439 3744 492 “Wa:

1093 633 1488 762 ΠΕΡΙ
1586 637 1931 783 ΤΗΣ
2023 640 2234 766 ΕΝ
2319 638 3202 778 ΠΝΕΥΜΑΤΙ

1741 891 1936 983 ΚΑΙ
2024 893 2524 991 ΑΛΗΘΕΙΑ

932 1111 2158 1252 ΠΡΟΣΚΥΝΗΣΕΩΣ
2253 1128 2536 1240 ΚΑΙ
2597 1121 3342 1242 ΛΑΤΡΕΙΑΣ

1543 1364 1980 1456 ΛΟΓΟΣ
2063 1369 2720 1465 ΕΒΔΟΜΟΣ.

654 1740 837 1853 DE
905 1734 1844 1862 .ADORATIONE
1941 1748 2127 1864 ET
2213 1744 2698 1862 CULTU
2780 1745 2928 1893 IN
3019 1742 3601 1861 SPIRITU

1672 2015 1839 2118 ET
1933 2010 2600 2123 VERITATE

1539 2237 1915 2319 LIBER
2023 2237 2720 2319 SEPTIMUS.

2089 2449 2157 2459 ...-

822 2594 985 2664 217
1022 2595 1098 2648 De
1128 2596 1388 2648 charitate
1423 2594 1480 2648 in
1519 2593 1730 2663 fratres.
2098 2597 2146 2652 Α

2098 2597 2146 2652 Α
2460 2591 2598 2660 Περὶ
2628 2589 2740 2659 τῆς
2768 2593 2856 2657 εἰς
2880 2590 3185 2660 ἀδελφοὺς
3214 2592 3472 2662 ἀγάπης.

552 2701 692 2759 Cum
722 2707 950 2761 summis
980 2707 1256 2772 laudibus,
1285 2715 1341 2762 et
1364 2708 1568 2778 quibus
1591 2709 1752 2781 adjici
1779 2708 1914 2762 nihil
1938 2723 2066 2778 pos-

2257 2707 2569 2778 Εὑφημίαις
2601 2708 2754 2777 ἡμῖν,
2782 2699 2827 2758 ὦ
2864 2706 3150 2772 Παλλάδιε,
3179 2709 3300 2770 ταῖς
3328 2709 3410 2771 είς
3462 2707 3616 2778 λῆξιν
3658 2709 3756 2764 καὶ

481 2805 576 2861 sit,
606 2798 692 2855 lex
723 2807 885 2853 ornet
909 2799 1147 2868 primum
1180 2801 1313 2855 illud
1347 2811 1513 2871 atque
1551 2817 1874 2871 supremum
1915 2817 2070 2856 man-

2165 2801 2424 2854 ἀνωτάτω
2482 2798 2876 2868 στεφανοῦντος
2930 2798 3025 2851 τοῦ
3080 2800 3247 2870 νόμου
3319 2799 3419 2872 τὴν
3449 2800 3672 2872 πρώτην
3696 2819 3756 2855 τε

481 2891 700 2956 datum,
750 2893 1008 2948 videlicet
1040 2912 1053 2947 :
1093 2913 1110 2945 ‹
1144 2895 1346 2965 Diliges
1372 2895 1664 2949 Dominum
1691 2897 1864 2950 Deum
1911 2904 2068 2950 tuum

2169 2893 2264 2945 καὶ
2284 2891 2597 2962 ὑπερτάτην
2620 2892 2728 2944 τῶν
2751 2891 3004 2958 ἐντολῶν,
3026 2892 3106 2955 τὸ,
3140 2911 3159 2942 ι
3175 2910 3180 2916 ·
3198 2893 3532 2964 Ἀγαπήσεις
3551 2893 3755 2965 Κύριον

481 2998 549 3036 ex
579 2989 692 3036 toto
718 2983 884 3037 corde
915 2991 1030 3049 tuo,
1055 2992 1112 3039 et
1135 2999 1203 3039 ex
1231 2991 1342 3038 tota
1388 2994 1572 3040 mente
1617 2992 1728 3049 tua,
1753 2994 1810 3050 et
1853 3002 1922 3040 ex
1955 2995 2070 3041 tota

2172 2982 2262 3036 τὸν
2287 2982 2419 3036 Θεὸν
2459 3000 2576 3047 σου,
2618 3000 2690 3053 φη
2701 2983 2780 3053 μὶ,
2811 2983 2869 3046 ἐξ
2895 2983 3023 3055 ὅλης
3047 2984 3147 3054 τῆς
3171 2984 3400 3054 καρδίας
3426 3003 3543 3051 σου,
3570 2987 3664 3040 καὶ
3697 2986 3755 3050 ἐξ

482 3076 684 3129 virtute
714 3083 805 3129 tua
841 3076 930 3130 ‘3:
987 3096 1006 3126 ι
1065 3086 1123 3130 et
1171 3077 1396 3147 adjiciat
1449 3085 1762 3147 praeterea:
1807 3097 1824 3128 ι
1875 3079 2068 3134 Proxi-

2167 3070 2297 3144 ὅλης
2324 3071 2582 3136 διανοίας,
2612 3072 2709 3123 καὶ
2743 3070 2802 3135 ἐξ
2839 3070 2968 3138 ὅλης
2996 3071 3096 3141 τῆς
3127 3072 3307 3140 ἰσχύος
3339 3063 3434 3126 σου
3455 3092 3468 3104 ’
3524 3093 3542 3126 ι
3583 3092 3752 3145 προσ-

479 3183 629 3222 ιηιιηι
659 3184 880 3238 quoque
905 3176 1080 3234 tuum,
1113 3170 1258 3224 sicut
1285 3179 1337 3224 te
1377 3170 1559 3240 ipsum
1588 3170 1633 3202 “
1665 3188 1677 3222 :
1711 3190 1730 3220 ι
1764 3170 1902 3226 Cum
1951 3173 2067 3242 ipse

2168 3163 2467 3232 επάγοντος
2485 3164 2542 3216 δὲ
2566 3165 2667 3228 ,ὅτι
2689 3183 2707 3215 ι
2727 3164 2838 3216 Καὶ
2863 3163 2954 3217 τὸν
2976 3163 3206 3234 πλησίον
3225 3181 3318 3218 σου
3344 3165 3420 3228 ὡς
3455 3168 3699 3229 σεαυτὸν,
3729 3186 3746 3217 ι

473 3275 695 3331 quoque
721 3260 979 3317 Christus
1007 3263 1154 3317 dicat
1186 3271 1396 3334 aperte,
1449 3264 1505 3317 in
1544 3264 1630 3319 his
1655 3265 1874 3321 duobus
1908 3281 2066 3320 man-

2169 3255 2266 3307 καὶ
2302 3255 2412 3326 μὴν
2443 3256 2539 3308 καὶ
2569 3255 2735 3309 αὑτοῦ
2761 3255 2857 3308 τοῦ
2884 3255 3125 3326 Χριστοῦ
3153 3257 3455 3324 φάσκοντος
3484 3258 3761 3329 ὲναργῶς,.

475 3352 621 3407 datis
666 3360 836 3407 totam
887 3355 1063 3424 legem
1113 3363 1282 3424 atque
1343 3356 1644 3426 prophetas
1679 3357 1921 3426 pendere
1963 3375 2068 3414 :ac

2167 3348 2250 3401 ὅτι
2281 3349 2338 3401 ὲν
2365 3347 2594 3411 ταύταις
2633 3349 2756 3410 ταῖς
2785 3347 2936 3401 δυσὶν
2965 3349 3208 3412 ἐντολαῖς
3247 3348 3366 3412 ὅλος
3395 3351 3424 3402 ό
3466 3350 3630 3419 νόμος
3658 3351 3757 3404 καὶ

475 3444 831 3499 dilectionem
869 3446 1066 3500 beatus
1114 3447 1318 3501 Paulus
1360 3448 1762 3517 plenitudinem
1795 3449 1934 3520 legis
1963 3467 2065 3520 ap-

2167 3441 2216 3492 οί
2244 3444 2522 3512 προφῆται
2552 3441 2878 3512 κρέμανται,
2919 3443 3199 3514 πλήρωμά
3222 3461 3282 3496 τε
3303 3443 3471 3514 νόμου
3493 3445 3594 3516 τῆν
3611 3445 3752 3512 ἀγά-

477 3536 643 3605 pellet
661 3538 730 3601 ⁵⁸,
755 3538 902 3606 quod
929 3539 1182 3608 proximo
1216 3540 1420 3594 malum
1457 3557 1568 3596 non
1601 3551 1863 3612 operetur
1890 3562 1902 3596 :
1932 3545 2065 3599 satis

2165 3550 2275 3602 πην
2317 3533 2778 3603 κατονομάζοντος
2817 3533 2914 3586 καὶ
2942 3534 3038 3586 τοῦ
3066 3533 3356 3588 θεσπεσίου
3392 3535 3632 3600 Παύλου,
3663 3537 3754 3590 διά

474 3625 610 3680 illud
644 3626 903 3696 primum,
930 3637 989 3682 ut
1016 3630 1396 3700 mihiquidem
1419 3632 1659 3699 videtur,
1685 3640 1875 3688 nostra
1899 3636 2064 3706 218

2164 3641 2247 3678 τοι
2271 3624 2334 3678 τὸ
2369 3625 2538 3696 μηδὲν
2561 3624 2642 3695 τῷ
2665 3624 2897 3697 πλησίον
2924 3625 3257 3698 ἐργάζεσθαι
3287 3628 3477 3695 κακὸν,
3494 3630 3752 3701 ἀποχρῶ-

473 3717 673 3784 oratio,
712 3726 772 3772 ut
804 3735 892 3775 res
917 3723 1248 3790 patiebatur,
1285 3726 1620 3795 explicavit,
1673 3741 1800 3781 cum
1841 3743 2060 3781 sursum

2165 3732 2264 3768 σαν
2293 3715 2442 3785 ἡμῖν,
2485 3715 2560 3777 ὼς
2603 3715 2736 3783 γοῦν
2763 3715 2953 3786 ἔμοιγε
3000 3716 3167 3782 δοκεῖ,
3199 3717 3298 3788 τὴν
3336 3718 3431 3770 ἐπὶ
3465 3720 3532 3789 τῇ
3558 3717 3749 3790 πρώτῃ

472 3823 540 3864 ac
563 3809 843 3876 deorsum,
870 3821 926 3867 et
949 3814 1104 3884 quasi
1136 3815 1194 3870 in
1237 3817 1429 3872 orbem
1471 3820 1656 3873 omnia
1711 3819 2060 3889 circumqua-

2164 3805 2462 3876 διασκευὴν
2489 3807 2784 3878 ἐποιήσατο
2807 3809 2835 3861 ὁ
2866 3807 3045 3876 λόγος,
3077 3806 3221 3862 κατά
3251 3825 3314 3877 γε
3353 3808 3415 3861 τὸ
3448 3808 3751 3880 ἐγχωροῦν,

471 3917 580 3971 que
622 3901 970 3971 lustraverit,
1027 3923 1208 3977 neque
1263 3909 1499 3965 obscure
1531 3910 1804 3976 docuerit,
1857 3913 1982 3982 quis
2025 3930 2056 3969 a

2128 3953 2134 3996 ἶ
2162 3899 2276 3953 ἀνω
2303 3915 2366 3951 τε
2395 3900 2490 3952 καὶ
2529 3900 2703 3965 κάτω,
2736 3899 2832 3953 καὶ
2857 3900 3022 3953 οἱονεί
3063 3917 3182 3965 πως
3215 3901 3274 3952 ἐν
3307 3900 3494 3972 κύκλῳ
3533 3918 3749 3972 περινο-

471 3991 634 4047 nobis
660 3994 918 4063 perfectae
947 3995 1004 4051 in
1052 3998 1226 4053 Deum
1251 4001 1562 4067 charitatis,
1590 4009 1646 4055 et
1676 4005 1826 4058 omni
1863 4019 2056 4075 repre-
2090 3994 2092 4000 “

2129 3991 2132 3995 ’
2163 3991 2326 4057 στῶν,
2359 3993 2453 4045 καὶ
2491 3991 2594 4044 οὐκ
2639 3991 2884 4061 ἀγεννῶς
2927 3991 3313 4063 ἀφηγούμενος
3351 3993 3454 4063 τῆς
3496 3994 3576 4056 εἰς
3615 3993 3750 4046 Θεὸν

472 4083 738 4140 bensione
774 4089 1020 4145 vacantis
1050 4092 1225 4160 possit
1265 4093 1518 4148 exhiberi
1562 4093 1778 4150 modus.
1809 4095 1921 4168 Age
1951 4097 2056 4170 igi-

2159 4085 2385 4155 ἀγάπης
2427 4084 2706 4149 ὁλοτελοῦς
2743 4103 2803 4139 τε
2847 4087 2943 4138 καὶ
2975 4086 3279 4158 ἀμωμήτου
3323 4086 3627 4154 παντελῶς,
3662 4087 3749 4149 τίς

472 4181 562 4229 tur
583 4175 715 4231 huic
747 4176 993 4232 vicinum
1013 4187 1178 4250 atque
1208 4190 1500 4252 cognatum
1518 4185 1876 4255 exquiramus
1901 4203 2058 4243 man-

2158 4177 2225 4232 ἂν
2263 4178 2474 4245 γένοιτο
2511 4179 2651 4251 πρὸς
2695 4177 2854 4250 ήμῶν
2888 4181 2916 4232 ὁ
2948 4179 3172 4247 τρόπος,
3225 4179 3362 4252 Φέρε
3393 4180 3457 4252 δὴ
3501 4175 3594 4234 οὗν
3646 4180 3748 4251 τὴν

468 4264 679 4332 datum,
705 4283 769 4322 ac
795 4268 865 4324 de
895 4271 1166 4328 charitate
1196 4272 1252 4326 in
1283 4274 1594 4342 proximum
1627 4288 1884 4334 accurate
1917 4295 2053 4335 con-

2155 4267 2376 4335 γείτονά
2399 4285 2458 4321 τε
2489 4270 2587 4322 καὶ
2633 4268 2872 4340 ἀδελφὴν
2913 4267 3463 4341 πολυπραγμονῶμεν
3498 4269 3743 4339 ἐντολὴν,

468 4356 816 4426 sideremus,
880 4361 1284 4432 diligenterque
1325 4379 1389 4419 ea
1435 4369 1870 4440 pervestigemus
1895 4412 1910 4437 ,
1955 4388 2054 4441 per

2153 4358 2252 4412 καὶ
2280 4358 2503 4430 ἀγάπης
2516 4361 2616 4430 τῆς
2632 4361 2712 4424 είς
2734 4360 2827 4413 τὸν
2850 4359 3082 4430 πλησίον
3105 4360 3309 4431 ἀκριϐῆ
3340 4359 3625 4430 ποιώμεθα
3644 4359 3745 4430 τὴν

467 4465 591 4520 quae
624 4451 692 4504 ad
720 4455 1039 4522 praeclaram
1067 4456 1333 4511 virtutem
1366 4459 1656 4525 pervenire
1685 4462 1809 4530 quis
1837 4464 2011 4532 possit
2035 4481 2048 4517 :

2155 4450 2513 4521 κατάσκεψιν,
2550 4451 2965 4522 ίχνηλατοῦντες
2990 4446 3050 4506 εὖ
3083 4451 3226 4522 μάλα
3254 4456 3321 4506 τὰ
3341 4453 3407 4506 δι’
3444 4445 3519 4506 ὧν
3548 4453 3616 4506 ἂν
3649 4453 3742 4520 γέ-

467 4555 554 4605 ac,
580 4557 680 4610 pro
716 4542 988 4600 industria
1032 4547 1087 4599 in
1142 4561 1263 4600 eam
1309 4563 1425 4601 rem
1471 4549 1739 4615 adhibita,
1777 4569 2049 4609 summam

2154 4544 2299 4595 νοιτό
2323 4561 2409 4606 τις
2435 4543 2536 4614 μὲν
2562 4544 2765 4613 ἀρετῆς
2792 4545 2850 4596 ὲν
2874 4543 3060 4616 κύκλῳ
3088 4545 3165 4616 (l)
3199 4545 3370 4616 καλῷ,
3404 4544 3744 4615 φιλοτεχνίας

467 4633 696 4704 gloriam
731 4645 1081 4701 consecutus,
1113 4637 1169 4690 in
1200 4637 1446 4693 bonitate
1475 4655 1601 4694 cum
1632 4641 1745 4695 Deo
1779 4650 1836 4697 et
1865 4644 2048 4700 homi-

2149 4633 2206 4688 δὲ
2238 4635 2337 4705 τῆς
2367 4636 2448 4698 εἰς
2474 4635 2656 4697 τοῦτο,
2703 4634 2802 4706 τὴν
2845 4636 3078 4710 ἀρίστην
3121 4637 3283 4704 δόξαν
3333 4636 3631 4708 ἀράμενος,
3683 4637 3742 4689 ὲν

465 4725 650 4790 nibus,
681 4734 741 4780 ut
785 4727 1005 4784 divinus
1032 4729 1122 4784 ille
1153 4728 1394 4795 Samuel,
1423 4731 1668 4785 ambulet
1693 4733 1760 4788 “.
1793 4734 2049 4793 Arbitror

2151 4724 2451 4796 ἀγαθότητι
2487 4725 2749 4795 βαδιεῖται
2793 4727 2934 4795 μετὰ
2960 4726 3096 4782 Θεοῦ
3141 4729 3235 4783 καὶ
3263 4727 3567 4799 ἀνθρώπων
3599 4728 3741 4782 κατὰ

352 4881 360 4890 ι
462 4816 610 4870 enim
636 4818 802 4872 simul
841 4835 967 4874 cum
999 4821 1091 4874 illa
1114 4836 1246 4892 erga
1284 4822 1458 4876 Deum
1488 4823 1758 4880 charitate
1779 4843 1973 4885 exerce

2147 4816 2240 4869 τὸν
2275 4816 2564 4871 θεσπέσιον
2601 4817 2878 4890 Σαμουήλ.
2916 4820 3130 4891 Χρῆναι
3162 4820 3271 4891 γὰρ
3295 4819 3471 4889 ἔγωγέ
3497 4837 3642 4890 φημι
3668 4822 3745 4890 τῇ·

463 4908 589 4964 dam
629 4920 755 4980 apte
787 4927 911 4968 esse
963 4913 1110 4967 illam
1144 4913 1374 4969 alteram
1404 4915 1460 4969 in
1489 4915 1710 4972 fratres.
1753 4919 1910 4987 Nam,
1954 4926 2044 4979 cui

2150 4909 2230 4969 εἰς
2259 4907 2390 4960 Θεὸν
2419 4909 2610 4980 ἀγάπῃ
2642 4910 3083 4980 συνεπιτηδεύειν
3111 4912 3342 4975 ἀστείως
3363 4911 3461 4983 τὴν
3483 4913 3563 4975 είς
3587 4911 3737 4965 ἀδελ-

464 5017 571 5057 una
598 5003 856 5071 defuerit,
882 5013 1114 5075 utraque
1150 5005 1294 5062 desit
1318 5023 1545 5064 necesse
1575 5019 1678 5074 est,
1704 5014 1854 5083 juxta
1880 5017 2032 5072 Joan-

2148 5001 2304 5070 φούς·
2337 5001 2413 5065 ὡς
2453 5003 2514 5056 τό
2563 5021 2644 5058 τοι
2694 5006 2981 5060 λείπεσθαι
3035 5009 3186 5078 μιᾶς,
3239 5007 3340 5076 τὴν
3391 5007 3477 5058 ἐπ’
3530 5007 3735 5076 ἀμφοῖν

461 5094 548 5149 nis
576 5110 789 5150 vocem.
822 5097 873 5153 ls
900 5098 1049 5152 enim
1083 5098 1157 5151 ita
1191 5101 1411 5168 scripsit
1443 5119 1454 5153 :
1498 5121 1516 5152 ι
1567 5102 1623 5157 Si
1656 5105 1780 5174 quis
1816 5108 2040 5173 dixerit,

2148 5092 2440 5156 ἀπότευξιν
2477 5093 2612 5162 ἔχει,
2648 5097 2792 5151 κατά
2842 5115 2907 5166 γε
2953 5099 3054 5162 τὰς
3098 5099 3348 5152 Ἰωάννου
3392 5096 3596 5167 φωνάς.
3638 5097 3677 5148 Γ
3681 5097 3735 5148 ἐ-

459 5185 588 5255 quia
625 5187 795 5258 diligo
845 5190 1018 5243 Deum
1042 5229 1056 5252 ,
1094 5196 1151 5243 et
1192 5189 1420 5246 fratrem
1471 5210 1630 5249 suum
1655 5197 1856 5264 oderit,
1883 5217 2038 5255 men-

2145 5200 2324 5252 γραφε
2345 5185 2452 5257 γάρ
2471 5187 2565 5239 ὡδί
2587 5203 2600 5215 ·
2633 5207 2653 5240 ‹
2688 5186 2814 5243 Ἐάν
2833 5207 2917 5253 τις
2933 5189 3084 5263 εἴπῃ,
3109 5191 3191 5244 ὅτι
3224 5190 3449 5258 ’Δγαπῶ
3464 5189 3557 5242 τὸν
3575 5188 3730 5250 Θεὸν,

458 5277 564 5333 dax
591 5287 707 5346 est;
743 5281 837 5349 qui
855 5281 1003 5335 enim
1027 5279 1254 5335 fratrem
1279 5298 1439 5338 suum
1481 5302 1591 5340 non
1623 5287 1842 5359 diligit,
1876 5307 2040 5361 quem
2070 5297 2079 5341 1

2110 5295 2112 5344 ί
2149 5276 2244 5329 καὶ
2271 5275 2362 5330 τὸν
2395 5277 2625 5348 ἀδελφὸν
2665 5280 2828 5334 αὑτοῦ
2867 5284 3035 5352 μισεῖ,
3083 5281 3324 5354 ψεύστης
3352 5282 3531 5336 ἐστίν·
3559 5283 3587 5335 ὁ
3622 5281 3731 5351 γὰρ

527 5431 574 5463 ⁸³
599 5433 759 5488 Deut.
787 5453 861 5504 γι,
887 5437 940 5491 5.
1021 5437 1066 5470 ’⁵³
1091 5439 1282 5497 Matth.
1321 5459 1451 5510 χιιι,
1483 5445 1571 5500 59.
1647 5448 1693 5479 ⁸⁸
1737 5449 1899 5502 Rom.
1926 5467 2044 5516 xm,
2083 5452 2133 5506 8.

1046 5439 1066 5470 ⁵
1091 5439 1282 5497 Matth.
1321 5459 1451 5510 χιιι,
1483 5445 1571 5500 59.
1647 5448 1693 5479 ⁸⁸
1737 5449 1899 5502 Rom.
1926 5467 2044 5516 xm,
2083 5452 2133 5506 8.
2214 5454 2260 5485 ⁸⁸
2281 5454 2302 5508 ι
2327 5455 2462 5527 Reg.
2492 5474 2550 5522 ιι,
2581 5461 2667 5517 26.

471 5589 1263 5687 ...ἐξιλιξξύῇλιεξ,ξιιέϋόξιὶιίλειιιχ
1285 5616 1473 5687 vocem
1515 5610 1667 5687 puto.
1701 5607 1856 5687 solet
1889 5607 2034 5687 enim

2147 5618 2204 5687 ut
2235 5611 2373 5687 solet
2397 5613 2585 5687 etiam
2620 5611 2854 5683 Cyrillus
2897 5614 3109 5680 dicere,
3146 5619 3201 5669 ἐν
3235 5614 3436 5685 βεϐαίῳ
3466 5612 3566 5684 τῆς
3603 5619 3725 5687 ἀρε-

455 5658 995 5751 (jyrillllslsie'loqui,
1038 5671 1094 5720 ὲν
1127 5671 1273 5740 καλῷ
1307 5669 1440 5724 εἶναι
1473 5658 1556 5726 vel
1589 5658 1859 5739 γενέσθαι.
1893 5658 2035 5730 Prae;
2143 5680 2241 5749 τῆς
2284 5680 2356 5750 (p.
2390 5658 2546 5751 2‘20).-
2572 5658 2585 5666 ’
2625 5658 2854 5683 “mm
2899 5658 3109 5680 “ww,
3147 5658 3195 5669 ν
3235 5658 3262 5684 Γ
3335 5658 3366 5670 π
3409 5667 3421 5685 ⁸
3524 5665 3534 5684 ’

458 5737 603 5783 terea
621 5730 741 5784 cod.
770 5730 939 5792 Valle.
967 5739 1151 5804 habet,
1174 5730 1270 5812 τῆς
1298 5743 1392 5811 μὲν
1414 5730 1682 5814 ἁρετῆέὲν
1715 5746 1880 5810 καλῷ,
1902 5756 2028 5812 ραι,
