4104 6464
344 476 451 533 ea!
1089 475 1180 530 DE
1220 474 1669 531 ADORATIONE
1710 475 1776 529 IN
1819 476 2089 532 SPIRITU
2134 477 2221 531 ΕΤ
2266 478 2635 535 VERITATE.
2681 479 2810 534 LIB.
2853 481 2965 535 VII.
3570 478 3683 532 £542

348 598 433 668 μὴ
475 594 721 664 ἀγαπῶν
754 594 845 648 τὸν
878 594 1108 665 ἀδελφὸν
1154 594 1322 650 αὑτοῦ
1355 595 1415 649 ὃν
1459 592 1696 667 ἑώρακε,
1727 594 1819 648 τὸν
1843 593 1961 647 Θεὸι

2079 595 2254 659 videt,
2310 596 2482 651 Deum
2561 613 2729 668 quem
2805 604 2915 653 non
2970 596 3162 660 videt,
3242 593 3522 667 quomodo
3580 610 3678 665 p0-

342 691 406 743 au
436 690 547 760 οὑχ
576 690 797 760 ἑωρακε
826 687 947 752 πῶς
978 686 1203 742 δύναται
1235 688 1480 760 ἀγαπᾷν;
1510 686 1620 740 Kal
1648 686 1854 757 ταύτην
1871 686 1961 758 τήν

2077 693 2189 743 test
2212 687 2445 759 diligere
2471 688 2496 741 ’ἔ
2530 689 2601 743 Et
2622 688 2731 744 hoc
2754 688 3077 743 mandatum
3102 687 3376 743 habemus
3413 687 3485 742 ab
3528 688 3674 758 ipso.

344 782 586 853 ἐντολὴν
626 783 827 855 ἔχομεν
862 782 995 852 παρ’
1034 780 1227 850 αὑτοῦ,
1266 781 1356 836 ἴνα
1377 783 1406 835 ὁ
1434 779 1667 850 ἀγαπῶν
1696 779 1788 833 τὸν
1813 778 1967 844 Θεὸν,

352 876 552 946 ἀγαπᾷ
606 874 706 928 καὶ
751 874 845 928 τὸν
890 872 1125 944 ἀδελφὸν
1155 873 1346 929 αὑτοῦ.
1392 890 1412 927 ι
1449 871 1858 927 Συνδιόλλυνται
1906 872 1970 944 δὴ

353 964 449 1022 οὖν
503 966 766 1040 ἀλλήλοιν
825 967 1067 1040 ἑκάτερα
1126 966 1226 1021 καὶ
1301 966 1613 1037 συνανίσχει
1664 963 1966 1037 λαμπρῶς·

348 1056 655 1128 ἀγχίθυροι
690 1055 803 1129 γὰρ
841 1055 1034 1127 ὥσπερ
1073 1053 1334 1126 ἀλλήλαιν
1366 1056 1422 1107 αἱ
1468 1052 1683 1126 ἀρεταὶ,
1733 1051 1832 1104 καὶ
1881 1043 1972 1105 οἷά

344 1166 440 1213 τις
468 1149 715 1222 συνωρὶς
744 1148 1140 1214 ἀδιάσπαστος,
1180 1148 1261 1211 εἰς
1292 1146 1353 1200 ’ἐν
1383 1164 1437 1200 τι
1470 1145 1534 1200 τὸ
1562 1144 1844 1217 ἐκπρεπὲς
1873 1144 1970 1199 καὶ

347 1241 699 1297 τελεώτατον
731 1240 930 1304 κάλλος
955 1240 1056 1312 τῆς
1093 1242 1174 1305 εἰς
1203 1238 1338 1293 Θεὸν
1364 1236 1672 1305 εὐσεϐείας,
1701 1236 1793 1290 τὸν
1821 1237 1968 1309 ἡνιο-

348 1336 477 1406 χεῖν
507 1333 714 1406 ἄριστα
749 1332 1169 1404 μεμελετηκότα
1194 1329 1627 1401 διακομίζουσιν.

424 1427 651 1481 ΠᾹΛΛ.
680 1420 755 1479 Εὖ
785 1423 944 1497 ἔφης.
983 1424 1094 1477 Kal
1127 1423 1250 1477 ἑπεί
1279 1439 1364 1475 τοι
1391 1421 1594 1485 σκοπὸς
1621 1420 1684 1475 τὸ
1707 1418 1887 1493 ίδροῦν
1908 1418 1967 1474 tv

346 1518 592 1585 τοὺτοις,
624 1517 701 1573 ίθι
731 1517 796 1589 δὴ
818 1513 908 1583 αὖ,
940 1517 1039 1571 καὶ
1059 1515 1161 1581 τὰς
1190 1516 1279 1585 ἐφ’
1306 1514 1525 1587 ἑκάστῳ
1543 1513 1652 1568 τῶν
1673 1513 1967 1585 θεωρημάη

346 1627 468 1665 των
521 1609 870 1681 συναγείρων
900 1607 1116 1672 πίστεις
1141 1608 1208 1662 ἑκ
1254 1606 1364 1661 τῶν
1396 1605 1561 1678 ἱερῶν
1586 1604 1963 1679 Γραμμάτων,

347 1700 540 1773 πειρῶ
589 1719 682 1774 μοι
709 1701 918 1771 λέγειν,
957 1699 1019 1754 τὺ
1065 1700 1219 1764 ὅπως
1256 1698 1325 1754 ἂν
1358 1698 1573 1769 γένοιτο
1617 1697 1720 1770 τῆς
1758 1698 1840 1763 είς
1872 1697 1966 1754 τὸν

348 1793 592 1866 πλησίον
620 1794 847 1865 ἀγάπης
874 1792 1189 1866 ἀκραιφνὴς
1220 1794 1257 1866 ή
1283 1791 1588 1866 πλήρωσις.

424 2065 598 2119 ΚΥΡ.
628 2063 996 2138 Πλείστη’μὲν
1023 2060 1120 2121 οὖν
1142 2066 1245 2139 ὅση
1286 2065 1427 2140 πρὸς
1454 2065 1616 2121 τοῦτο
1647 2065 1798 2138 ἡμᾶς
1825 2064 1965 2120 ἀπο-

348 2160 517 2231 φέρει
544 2158 751 2232 τρίϐος.
783 2160 1105 2233 Γέγραπται
1127 2160 1258 2235 γὰρ,
1278 2161 1362 2216 ὅτι
1398 2179 1418 2213 ι
1453 2161 1693 2216 Πλατεία
1712 2162 1747 2233 ή
1779 2161 1966 2233 ἐντολή

355 2269 458 2306 σου
504 2252 737 2326 σφόδρα.
770 2272 790 2305 ι
818 2253 892 2307 Τό
915 2270 982 2324 γε
1014 2253 1122 2326 μὴν
1152 2254 1240 2324 ἐφ’
1271 2253 1495 2327 ἑκάστῳ
1520 2253 1632 2308 τῶν
1670 2252 1968 2325 δρωμένων

347 2342 641 2413 εὑτεχνὲς,
686 2343 787 2415 οὑχ
813 2342 1086 2418 ἑτέρωθεν
1112 2345 1181 2400 ἂν
1206 2339 1364 2417 οῖμαί
1391 2363 1496 2400 που
1539 2344 1856 2413 συλλέξαιτό
1881 2362 1968 2410 τις

350 2436 500 2507 πλὴν
525 2438 612 2491 ὅτι
637 2453 704 2508 γε
732 2437 823 2492 διά
850 2436 947 2493 τοῦ
969 2438 1139 2511 νόμου
1157 2456 1171 2471 ·
1204 2438 1453 2495 δεδόσθαι
1487 2439 1598 2513 γὰρ
1639 2442 1774 2513 ἡμῖν
1803 2440 1967 2496 αὑτὸν

348 2533 437 2596 εἰς
471 2530 736 2603 βοήθειαν
765 2533 1108 2606 προφητικὸς
1141 2530 1246 2606 ἔφη
1294 2532 1473 2602 λόγος.
1504 2535 1617 2587 Kal
1662 2530 1795 2603 γοῦν
1828 2532 1966 2604 πρὸς

349 2625 672 2696 ἀνάμνησιν
696 2627 849 2698 ἡμᾶς
867 2626 967 2698 τὴν
988 2625 1215 2698 διηνεκῆ
1242 2625 1352 2681 τῶν
1375 2624 1830 2698 τεθεσπισμένων
1853 2627 1968 2681 δια-

348 2718 552 2780 νιστάς
583 2718 613 2772 ὀ
661 2717 990 2791 νομοθέτης,
1029 2717 1207 2788 φησί·
1249 2737 1268 2771 ‹
1304 2717 1415 2771 Καὶ
1444 2717 1734 2790 ἐμϐαλεῖτε
1760 2717 1831 2772 τὰ
1869 2718 1968 2790 ρή-

351 2808 718 2880 ματαταῢτα
746 2810 828 2875 είς
850 2810 950 2882 τὴν
977 2810 1209 2883 καρδίαν
1230 2809 1409 2882 ὑμῶν,
1438 2810 1534 2864 καὶ
1557 2813 1638 2876 είς
1665 2810 1766 2883 τὴν
1786 2810 1966 2882 ψυχὴν

350 2903 538 2976 ὑμῶν,
566 2905 665 2959 καὶ
686 2903 943 2975 ἀφάψατε
973 2903 1149 2958 ταῦτα
1173 2905 1256 2969 είς
1283 2906 1513 2976 σημεῖον
1533 2905 1628 2958 ἐπὶ
1656 2906 1757 2977 τῆς
1783 2904 1966 2976 χειρὸς

350 2996 537 3068 ὑμῶν,
578 2995 678 3051 καί¹
705 2996 862 3052 ἔσται
894 2996 1171 3052 ἀσάλευτα
1201 2997 1309 3068 πρὸ
1327 2995 1629 3068 ὀφθαλμῶν
1658 2996 1836 3068 ὑμῶν,
1869 2995 1965 3049 καὶ

347 3087 611 3156 διδάξατε
635 3089 777 3144 αὐτά
799 3089 870 3144 τὰ
899 3090 1070 3145 τέκνα
1101 3090 1279 3162 ὑμῶν,
1310 3090 1497 3144 λαλεῖν
1527 3088 1688 3156 αὑτὰ,
1713 3087 1964 3160 καθημέ-

350 3194 484 3244 νους
511 3181 575 3234 tv
595 3178 727 3252 ὀδῷ,
762 3181 860 3235 καὶ
886 3180 1330 3253 κοιταζομένους,
1367 3180 1463 3235 καὶ
1489 3179 1958 3252 διανισταμένους,

348 3271 450 3326 καὶ
485 3270 744 3343 γράψατε
766 3271 906 3326 αὑτά
939 3273 1034 3326 ἐπὶ
1075 3271 1175 3336 τὰς
1204 3271 1367 3343 φλιάς
1408 3272 1520 3327 τῶν
1573 3272 1738 3327 οἴκων
1781 3271 1957 3344 ὑμῶν,

349 3365 450 3419 καὶ
473 3364 587 3418 τῶν
611 3363 800 3418 πυλῶν
815 3365 845 3417 ὑ
855 3362 995 3436 μῶν,
1016 3364 1106 3419 ἴνα
1130 3365 1303 3437 πολυη
1314 3365 1609 3438 μερεύητε,
1630 3364 1726 3420 καὶ
1748 3364 1955 3437 ἡμέραι

347 3457 464 3511 τῶν
511 3456 652 3513 υἱῶν
681 3456 838 3529 ὑμῶν
871 3457 965 3511 ἑπὶ
989 3457 1094 3531 τῆς
1132 3458 1260 3530 γῆς,
1291 3454 1360 3531 ἧς
1389 3457 1574 3530 ὤμοσε
1613 3457 1822 3531 Κύριος
1841 3460 1956 3522 τοῖς

351 3548 638 3621 πατράσιν
673 3546 831 3621 ὑμῶν
859 3547 1048 3604 δοῦναι
1075 3550 1282 3618 αὑτοῖς,
1319 3548 1508 3615 καθὼς
1536 3552 1593 3605 at
1620 3549 1830 3622 ἡμέραι
1860 3546 1955 3603 τοῦ

352 3638 599 3711 οὑρανοῦ
647 3640 751 3694 ἑπὶ
782 3640 882 3712 τῆς
924 3640 1053 3713 γῆς.
1096 3661 1116 3695 ι
1150 3642 1265 3696 Kal
1308 3643 1362 3696 τί
1410 3641 1476 3715 δὴ
1504 3642 1668 3697 πάλιν
1714 3643 1834 3697 ἐστὶ
1874 3642 1956 3709 τὸ,

366 3733 653 3805 Ἀφάψατε
682 3735 824 3790 αὐτὰ
851 3734 946 3789 ἐπὶ
977 3734 1089 3789 τῶν
1111 3734 1313 3807 χειρῶν
1353 3735 1533 3807 ὑμῶν,
1580 3738 1638 3791 tv
1665 3739 1780 3801 τοῖς
1813 3734 1960 3807 Ἀρι-

353 3827 519 3897 θμοῖς
553 3827 742 3900 ἐδήλου
769 3827 977 3899 σαφῶς.
1004 3827 1325 3900 Γέγραπται
1350 3829 1457 3901 γὰρ
1478 3816 1576 3882 ὡδί
1594 3845 1610 3861 ’
1640 3848 1658 3881 ι
1699 3829 1811 3883 Καὶ
1837 3822 1959 3881 εἶπε

355 3917 567 3991 Κύριος
612 3918 752 3991 πρὸς
795 3919 1030 3991 Μωσῆν,
1079 3917 1292 3989 λέγων’
1346 3919 1598 3991 Λάλησον
1646 3921 1762 3982 τοῖς
1824 3919 1961 3982 υίοϊς

367 4004 618 4079 Ἰσραὴλ,
657 4007 757 4061 καὶ
791 4007 941 4079 ἑρεῖς
971 4007 1112 4081 πρὸς
1151 4008 1372 4076 αὑτοὺς,
1425 4009 1524 4063 καὶ
1565 4007 1960 4079 ποιησάτωσαν

353 4100 574 4163 ἑαυτοῖς
601 4099 892 4172 κράσπεδα
917 4100 1013 4154 ἐπὶ
1028 4099 1097 4155 τὰ
1119 4099 1397 4173 πτερύγια
1422 4101 1533 4155 τῶν
1565 4099 1801 4172 ἱματίων
1830 4101 1956 4153 ἑαυ-

352 4191 465 4246 τῶν
510 4194 595 4258 εις
625 4193 725 4258 τὰς
780 4192 979 4264 γενεὰς
1011 4193 1230 4248 αὑτῶν·
1278 4194 1374 4247 καὶ
1419 4177 1712 4265 ἑπιθήσετε
1754 4194 1848 4248 tul
1890 4192 1963 4248 τά

353 4284 647 4357 κράσπεδα
675 4285 787 4341 τῶν
832 4288 1148 4360 πτερυγίων
1199 4285 1436 4359 κλῶσμα
1484 4286 1815 4355 ὑακίνθινον,
1863 4288 1962 4342 καὶ

351 4377 511 4434 ἔσται
554 4384 614 4436 tv
663 4384 777 4448 τοῖς
830 4383 1203 4456 κρασπέδοις,
1255 4381 1351 4435 καὶ
1407 4379 1608 4452 ὄψεσθε
1650 4379 1815 4447 αὑτά,
1866 4381 1963 4435 καὶ

354 4477 746 4553 μνησθήσεσθε
772 4476 968 4531 πασῶν
997 4475 1110 4531 τῶν
1140 4472 1372 4529 ἐντολῶν
1401 4474 1633 4544 Κυρίου,
1665 4474 1763 4527 καὶ
1804 4473 1964 4545 ποιή-

352 4592 477 4629 σετε
507 4572 713 4638 αὑτάςο
745 4570 843 4627 καὶ
881 4568 1450 4643 οὑιδιαστραφήσεσθε
1482 4567 1664 4623 ὀπίσω
1711 4567 1824 4622 τῶν
1849 4566 1964 4622 δια-

1996 1950 2042 2007 Β

2076 789 2159 847 ut,
2190 782 2287 852 qui
2317 781 2498 853 diligit
2524 782 2723 848 Deum,
2769 781 2961 853 diligat
2995 789 3053 837 et
3082 781 3310 838 fratrem
3354 797 3518 838 suum
3541 783 3608 838 ⁸⁷.
3648 802 3668 834 ι

2074 874 2253 931 Simul
2294 875 2465 947 igitur
2501 884 2738 946 utraque
2779 891 2905 931 cum
2935 877 3111 933 altera
3151 876 3359 933 occidit
3383 893 3450 933 ac
3482 878 3673 949 splen—

2073 967 2204 1024 dide
2247 968 2414 1025 simul
2444 968 2695 1024 exoritur
2737 987 2751 1022 :
2788 977 2917 1024 sunt
2949 971 3099 1025 enim
3149 972 3385 1027 virtutes
3430 972 3580 1027 inter
3612 986 3673 1026 se

2071 1060 2271 1116 vicinae
2298 1077 2312 1115 :
2339 1075 2405 1115 ac
2432 1060 2585 1116 velut
2607 1059 2880 1115 individui
2906 1060 3141 1131 iugales,
3179 1062 3249 1116 ad
3271 1077 3439 1117 unam
3482 1078 3675 1133 quam-

2072 1149 2200 1206 dam
2249 1151 2522 1224 insignem
2567 1158 2734 1222 atque
2781 1152 3083 1222 perfectam
3138 1153 3363 1223 pietatis
3406 1154 3462 1209 in
3496 1156 3672 1210 Deum

2069 1243 2566 1314 pulchritudinem,
2592 1260 2724 1300 eum
2755 1245 2851 1315 qui
2876 1244 3085 1315 optime
3110 1259 3338 1300 currum
3387 1246 3539 1302 hunc
3568 1262 3662 1317 gu-

2069 1334 2310 1391 bernare
2337 1335 2643 1401 studuerit,
2672 1334 2955 1391 deferunt.
3610 1386 3613 1393 .

2139 1428 2340 1485 PALL.
2381 1430 2556 1485 Recte
2582 1429 2699 1493 ais.
2730 1428 2829 1495 Ac,
2868 1429 3131 1500 quoniam
3163 1428 3435 1486 instituta;
3474 1430 3670 1502 dispu-

2071 1522 2302 1578 tationis
2326 1523 2470 1578 ratio
2495 1522 2698 1595 poscit.
2725 1529 2789 1578 ut
2835 1521 2893 1577 in
2920 1522 3009 1577 his
3040 1521 3331 1592 explendis
3356 1522 3514 1577 labor
3544 1539 3671 1580 sus-

2069 1612 2309 1684 cipiatur
2333 1652 2348 1678 ,
2375 1627 2544 1684 perge
2576 1614 2689 1685 jam
2722 1628 2949 1679 rursus,
2983 1623 3041 1668 et
3073 1612 3418 1683 singularum
3445 1629 3633 1668 rerum
3653 1655 3669 1681 ,

2067 1719 2207 1774 quas
2244 1703 2698 1775 contemplandas
2752 1705 3111 1776 proposueris
3139 1744 3155 1771 ,
3227 1704 3590 1775 probationes
3640 1724 3673 1763 θ

2066 1796 2244 1852 sacris
2276 1795 2510 1852 Litteris
2539 1796 2734 1868 collige
2763 1813 2777 1850 :
2812 1812 2878 1853 ac
2906 1796 3090 1852 nitere
3136 1803 3201 1851 ut
3242 1797 3381 1851 mihi
3428 1798 3675 1869 explices

2067 1871 2309 1959 quonam
2363 1896 2527 1960 pacto
2576 1888 2901 1960 contingere
2971 1888 3151 1959 possit
3206 1888 3498 1946 charitatis
3542 1906 3672 1963 erga

2067 1981 2385 2054 proximum
2410 1983 2665 2041 absoluta
2696 1982 2986 2056 perfectio.

2137 2071 2298 2129 CYR.
2333 2072 2691 2144 Amplissima
2720 2089 2826 2130 nos
2860 2074 3087 2146 quidem
3120 2074 3190 2131 ad
3220 2090 3344 2132 eam
3387 2091 3507 2131 rem
3538 2093 3669 2149 per-

2067 2164 2223 2221 ducit
2248 2166 2354 2221 via.
2387 2165 2671 2239 Scriptum
2690 2173 2777 2223 est
2808 2167 2961 2223 enim
2997 2184 3010 2222 :
3051 2187 3070 2219 ‹
3110 2168 3312 2225 Latum
3341 2171 3669 2226 mandatum

2067 2264 2226 2314 tuum
2256 2258 2426 2315 nimis
2463 2258 2531 2313 ιο.
2570 2279 2589 2310 ι
2620 2259 2811 2319 Artem
2856 2274 2992 2315 vero
3022 2268 3189 2331 atque
3230 2261 3563 2317 industriam
3611 2263 3669 2316 in

2065 2347 2298 2420 singulis
2323 2348 2494 2404 rebus
2509 2348 2772 2420 gerendis
2796 2364 2907 2403 non
2934 2348 3182 2415 aliunde,
3215 2356 3278 2404 ut
3297 2349 3516 2420 Opinor,
3549 2351 3668 2406 col-

2065 2440 2238 2511 ligere
2274 2440 2565 2512 quisquam
2588 2441 2831 2512 poterit,
2879 2440 2988 2496 nisi
3008 2456 3107 2512 per
3138 2441 3314 2513 legem
3336 2481 3350 2508 ,
3393 2458 3558 2512 quam
3611 2443 3669 2498 in

2066 2533 2403 2605 adjutorium
2430 2548 2553 2589 esse
2587 2533 2750 2589 nobis
2799 2532 3012 2599 datam,
3055 2534 3420 2605 propheticus
3485 2550 3669 2590 sermo

2066 2632 2304 2682 testatur
2324 2626 2389 2679 δ’.
2425 2620 2616 2696 Itaque
2641 2666 2657 2691 ,
2692 2631 2752 2680 ut
2774 2640 2877 2680 nos
2907 2625 2973 2680 ad
3003 2635 3331 2696 perpetuam
3366 2634 3672 2696 prazcepto-

2065 2734 2191 2774 rum
2219 2720 2805 2776 commemorationem
2844 2719 2983 2790 legis
3013 2728 3209 2774 auctor
3254 2719 3546 2785 excitaret,
3587 2720 3670 2774 in-

2064 2812 2225 2883 quit:
2266 2831 2285 2865 ι
2323 2812 2393 2867 Et
2424 2812 2743 2867 recondetis
2794 2812 2915 2868 haec
2938 2812 3112 2868 verba
3162 2812 3219 2869 in
3257 2826 3354 2866 cor
3386 2821 3666 2875 vestrum,

2064 2913 2121 2961 et
2157 2905 2214 2960 in
2238 2905 2480 2960 animam
2501 2913 2771 2971 vestram,
2806 2912 2867 2962 et
2897 2905 3120 2977 alligate
3152 2921 3218 2961 ea
3260 2905 3318 2959 in
3352 2904 3570 2975 signum
3614 2904 3671 2958 in

2065 3012 2232 3052 manu
2274 3008 2493 3063 vestra,
2524 3005 2581 3053 et
2629 3004 2798 3053 erunt
2848 2996 3077 3052 immota
3108 2997 3276 3067 219
3314 3003 3443 3051 ante
3477 2996 3670 3052 oculos

2064 3095 2302 3155 vestros,
2323 3096 2381 3144 et
2409 3089 2605 3145 docete
2628 3105 2694 3145 ea
2726 3088 2871 3145 ﬁlios
2901 3095 3142 3155 vestros,
3167 3097 3225 3144 et
3254 3089 3556 3159 loquantur
3578 3104 3665 3153 ea,

2064 3181 2352 3248 sedentes,
2397 3181 2455 3237 in
2485 3182 2708 3248 itinere,
2734 3189 2791 3238 et
2839 3181 3142 3247 cubantes,
3173 3189 3578 3253 etsurgentes;
3613 3190 3669 3236 et

2067 3273 2367 3328 describite
2396 3287 2462 3327 ea
2502 3288 2669 3343 super
2695 3271 2888 3328 limina
2929 3272 3224 3327 domorum
3252 3280 3585 3336 vestrarum,
3612 3281 3667 3328 et

2064 3366 2362 3437 januarum
2396 3370 2824 3431 vestrarum,‘ut
2848 3364 3054 3419 multos
3074 3363 3194 3419 dies
3215 3362 3435 3428 vivatis,
3461 3370 3517 3418 et
3546 3362 3668 3417 dies

2060 3457 2303 3513 ﬁliorum
2328 3464 2641 3513 vestrorum
2681 3457 2739 3511 in
2769 3462 2940 3523 terra,
2976 3470 3143 3526 quam
3165 3455 3373 3527 juravit
3398 3455 3668 3509 Dominus

2058 3549 2313 3622 patribus
2349 3549 2551 3606 vestris
2573 3589 2588 3615 ,
2621 3548 2881 3604 daturum
2922 3561 2981 3604 se
3015 3547 3156 3613 illis,
3205 3546 3350 3603 sicut
3384 3546 3506 3602 dies
3537 3547 3663 3602 coeli

2062 3659 2230 3715 super
2272 3649 2478 3697 terram
2512 3642 2579 3697 ⁸ο.
2623 3661 2643 3693 ι
2679 3640 2895 3713 Ecquid
2931 3647 3120 3695 autem
3164 3639 3257 3705 sit,
3290 3638 3526 3710 Alligate
3547 3638 3665 3710 ipsa

2062 3735 2121 3791 in
2146 3736 2407 3791 manibus
2427 3734 2653 3815 vestris,
2684 3735 2846 3807 plane
2879 3734 2939 3789 in
2973 3732 3235 3789 Numeris
3262 3731 3540 3803 exposuit.
3574 3731 3667 3787 Sic

2060 3827 2212 3882 enim
2243 3827 2516 3898 scriptum
2541 3834 2628 3882 est
2655 3843 2668 3881 :
2697 3845 2716 3878 ι
2754 3827 2824 3882 Et
2852 3825 2995 3881 dixit
3030 3824 3301 3881 Dominus
3322 3825 3388 3879 ad
3418 3822 3663 3895 Moysen,

2062 3919 2255 3975 dicens
2286 3937 2298 3973 :
2340 3919 2596 3989 Loquere
2632 3916 2763 3973 filiis
2790 3916 2982 3982 Israel,
3014 3924 3072 3971 et
3105 3913 3259 3970 dices
3283 3913 3352 3968 ad
3396 3914 3581 3984 ipsos;
3608 3922 3669 3968 et

2061 4013 2269 4070 faciant
2300 4011 2407 4070 sibi
2437 4012 2684 4067 ﬁmbrias
2713 4011 2771 4067 in
2805 4010 3221 4067 summitatibus
3243 4009 3484 4065 vestium
3533 4024 3665 4064 sua-

2063 4123 2187 4163 rum
2242 4106 2301 4161 in
2336 4104 2731 4179 generationes
2755 4118 2912 4170 suas;
2937 4108 2994 4157 et
3021 4100 3320 4171 imponetis
3344 4114 3511 4169 super
3540 4097 3665 4152 fim-

2062 4199 2217 4255 brias
2262 4197 2643 4254 summitatum
2673 4195 2916 4251 vestium
2949 4192 3145 4255 vittam
3204 4190 3622 4263 hyacinthinam
3647 4230 3663 4255 ,

2063 4298 2120 4349 et
2147 4291 2258 4347 erit
2284 4289 2445 4345 vobis
2472 4288 2528 4343 in
2557 4286 2792 4343 ﬁmbriis
2817 4303 2833 4353 ;
2867 4291 2924 4340 et
2943 4283 3208 4340 videbitis
3252 4282 3430 4355 ipsas,
3472 4291 3543 4338 et'
3574 4298 3664 4337 rc-

2064 4381 2434 4439 cordabimini
2475 4380 2723 4436 omnium
2772 4387 3181 4451 praeceptorum
3213 4375 3457 4440 Domini,
3486 4384 3544 4431 et
3585 4375 3666 4430 fa-

2064 4476 2225 4532 cietis
2255 4491 2357 4542 ea;
2395 4482 2452 4531 et
2500 4489 2612 4529 non
2670 4470 3071 4545 pervertemini
3118 4477 3246 4540 post
3300 4468 3666 4540 cogitationes

2064 4577 2300 4634 vestras,
2331 4577 2387 4623 et
2410 4574 2537 4639 post
2571 4565 2765 4622 oculos
2803 4572 3049 4630 vestros,
3074 4564 3135 4621 in
3173 4561 3379 4633 quibus
3414 4575 3516 4616 vos
3553 4559 3666 4615 for-

349 4666 513 4722 νοιῶν
544 4663 724 4736 ὑμῶν,
769 4662 867 4718 καὶ
893 4660 1071 4716 ὀπίσω
1109 4660 1219 4715 τῶν
1265 4658 1563 4731 ὀφθαλμῶν
1596 4658 1752 4730 ὑμῶν
1804 4658 1864 4711 tv
1887 4652 1961 4722 οἷς

2072 4659 2337 4716 nicamini
2390 4666 2517 4729 post
2571 4650 2839 4729 ipsos,‘ut
2895 4652 3268 4711 recordemin‘i
3301 4669 3314 4706 :
3345 4661 3402 4707 et
3449 4651 3666 4706 faciatis

349 4759 516 4829 ὑμεῖς
549 4752 917 4827 ἑκπορνεὺετε
947 4751 1125 4806 ὀπίσω
1152 4750 1356 4818 αὑτῶν,
1392 4751 1544 4815 ὅπως
1571 4750 1638 4806 ἂν
1660 4749 1962 4823 μνησθῆτε·

348 4851 447 4906 καὶ
476 4849 738 4920 ποιήσετε
766 4847 950 4910 πάσας
971 4845 1071 4908 τὰς
1087 4845 1308 4907 ἐντολάς
1331 4845 1577 4917 μου,··καὶ
1609 4843 1798 4898 ἔσεσθε
1816 4842 1962 4913 ἅγιοι

348 4945 431 5017 τῷ
459 4942 584 5013 Θεῷ
607 4940 787 5013 ὑμῶν,
814 4939 927 5010 ἐγὼ
955 4940 1162 5012 Κύριος
1188 4942 1217 4994 ὁ
1237 4939 1372 5004 Θεὸς
1398 4940 1574 5012 ὑμῶν.
1607 4959 1627 4992 ι
1653 4939 1961 5011 Προεπιτά-

349 5037 451 5104 ξας
474 5030 572 5091 οὖν
599 5030 661 5089 εὖ
707 5031 858 5105 μάλα
888 5030 1270 5104 καταγράφειν
1297 5031 1448 5103 ἡμᾶς
1485 5030 1546 5085 tv
1584 5028 1839 5101 καρδίαις
1867 5028 1958 5082 τὸν

346 5130 541 5201 νόμον,
582 5119 708 5180 εἶτα
741 5123 983 5196 χαλεπὸν
1030 5121 1376 5196 ἀρρώστημα
1410 5121 1505 5177 νοῦ
1544 5120 1645 5194 τὴν
1677 5120 1851 5194 λήθην
1880 5122 1952 5174 εί-

345 5221 476 5285 δὼς,
518 5212 612 5273 οἴά
650 5234 759 5289 περ
785 5217 843 5271 tv
868 5216 1063 5271 πίνακι
1114 5217 1235 5280 ταῖς
1267 5214 1450 5286 φλιαῖς
1488 5213 1955 5287 ἀποσημήνασθαι

344 5315 461 5369 δεῖν
503 5310 791 5367 ἐπιτάττει
819 5308 917 5372 τὰς
947 5307 1171 5371 ἐντολάς
1189 5323 1202 5337 ·
1243 5307 1337 5362 καὶ
1368 5306 1478 5380 μὴν
1508 5305 1604 5360 καὶ
1632 5304 1733 5376 τῆς
1773 5304 1954 5370 δεξιᾶς

346 5403 630 5475 ἀφάπτειν
648 5401 831 5473 χειρὸς
862 5398 1047 5454 δέλτιά
1078 5415 1181 5452 που
1202 5398 1344 5471 τάχα
1358 5397 1451 5453 τὸν
1480 5396 1647 5469 νόμον
1666 5396 1949 5460 ὠδίνοντα,

346 5498 446 5552 καὶ
478 5491 947 5567 ἐγγεγραμμένον
973 5491 1168 5564 ἔχοντα
1190 5492 1251 5547 τὸ
1276 5489 1688 5565 χρησμῴδημα,
1722 5490 1817 5545 καὶ
1844 5490 1952 5563 μὴν

346 5586 442 5641 καὶ
473 5583 660 5640 αὑτῶν
687 5583 1045 5657 ἀπηρτῆσθαι
1074 5583 1186 5638 τῶν
1217 5584 1566 5656 ἐσθημάτων,
1598 5582 1699 5636 οὑκ
1724 5583 1955 5637 ἀσυντε-

344 5684 438 5749 λὲς
466 5678 613 5738 εἷναί
644 5699 813 5753 φησιν
859 5682 942 5748 είς
982 5682 1194 5753 ὄνησιν,
1227 5680 1299 5735 τά
1329 5697 1389 5735 τε
1418 5679 1735 5754 κράσπεδα,
1768 5679 1865 5734 καὶ
1894 5677 1954 5730 τὸ

346 5773 586 5847 κλῶσμα
613 5772 945 5831 ὑακίνθινον.

2071 4753 2258 4810 omnia
2294 4751 2554 4807 mandata
2578 4765 2738 4818 mea;
2769 4757 2828 4805 et
2865 4748 3025 4804 eritis
3072 4745 3251 4802 sancti
3292 4746 3405 4801 Deo
3430 4752 3664 4809 vestro;

2068 4861 2171 4918 ego
2214 4844 2484 4900 Dominus
2524 4844 2673 4900 Deus
2698 4850 2905 4907 vester,
2931 4840 3030 4912 qui
3062 4838 3231 4895 eduxi
3277 4852 3378 4894 vos
3408 4835 3478 4891 de
3517 4842 3666 4890 terra

2065 4937 2307 5009 Egypti,
2349 4947 2412 4991 ut
2434 4950 2615 4992 essem
2654 4935 2803 4990 Deus
2834 4941 3022 4988 vester
3050 4949 3064 4985 :
3096 4945 3198 5001 ego
3228 4922 3499 4985 Dominus
3519 4926 3668 4981 Deus

2065 5040 2251 5086 vester
2277 5029 2344 5084 ⁸¹.
2378 5049 2397 5081 ι
2446 5027 2586 5084 Cum
2612 5041 2747 5098 ergo
2779 5030 2940 5080 antea
2981 5022 3271 5095 iussisset,
3294 5027 3356 5075 ut
3387 5016 3667 5072 describe-

2062 5137 2249 5177 remus
2278 5120 2457 5193 legem
2486 5120 2544 5174 in
2590 5117 2886 5183 cordibus,
2916 5115 3196 5185 sciretque
3244 5119 3513 5182 praeterea
3537 5124 3663 5180 gra-

2059 5230 2185 5270 vem
2219 5229 2340 5270 esse
2370 5209 2844 5269 mentismorbum
2869 5206 3206 5265 oblivionem
3238 5221 3252 5258 :
3279 5202 3340 5258 in
3376 5200 3666 5291 liminibus

2058 5317 2323 5379 tanquam
2355 5307 2410 5362 in
2437 5306 2624 5361 tabula
2652 5301 2885 5360 inscribi
2924 5299 3124 5373 jussitg
3151 5296 3288 5369 quin
3319 5294 3489 5351 etiam
3512 5294 3666 5349 5dex-

2060 5409 2160 5456 trae
2203 5400 2460 5471 alligare;
2510 5396 2807 5453 schedulas
2869 5393 3106 5450 fortasse
3159 5388 3427 5462 quasdam
3488 5387 3665 5459 legem

2070 5493 2483 5566 parturientes,
2539 5497 2596 5545 et
2641 5489 2893 5544 divinum
2942 5498 3279 5557 responsum
3329 5481 3665 5550 inscriptum
3740 5496 3745 5501 τ

2066 5584 2336 5639 habentes
2380 5600 2393 5636 :
2432 5590 2703 5652 prmterea
2732 5594 2843 5634 non
2873 5577 3073 5633 inutile
3112 5590 3236 5632 esse
3268 5573 3410 5629 dixit
3436 5587 3505 5628 ex
3533 5571 3669 5642 ipsis

2061 5693 2282 5750 quoque
2311 5675 2559 5733 vestibus
2602 5671 2848 5746 pendere
2878 5678 2997 5727 tum
3034 5668 3283 5725 ﬁmbrias
3309 5708 3324 5733 ,
3358 5674 3476 5721 tum
3529 5664 3669 5735 hya-

2020 5780 2021 5785 ‘
2057 5766 2361 5823 cinthinam
2392 5764 2607 5822 vittam.

459 5966 503 5998 ⁸⁷
536 5967 580 6038 I,
610 5967 763 6025 Ioan.
800 5984 874 6036 tv,
919 5966 1009 6036 ΞΟ,
1036 5967 1125 6022 2i.
1206 5966 1251 5999 "
1280 5965 1423 6023 Psal.
1478 5978 1660 6030 cxvm,
1697 5965 1782 6019 96.
1868 5965 1906 5997 π’
1940 5962 1959 6018 I

2089 5979 2201 6025 γιιι,
2247 5961 2331 6016 l6.
2415 5956 2458 5988 ⁵⁰
2495 5956 2656 6011 Deut.
2690 5967 2749 6019 ιι,
2779 5949 2963 6007 18-21.
3043 5947 3087 5979 δ’
3124 5943 3398 6005 Num.xv,
3440 5941 3459 5993 i
3508 5951 3641 6005 seqq
