4104 6444
498 432 602 487 ιεδ

1518 422 1577 476 S.
1617 421 1892 478 CYRILLI
1935 422 2405 478 ALEXANDRINI
2447 424 2765 481 ABCHIEP.

3656 431 3760 485 434

567 548 763 606 PALL.
815 545 1065 614 Quonam
1126 542 1288 598 modo
1343 541 1541 596 divina:
1595 540 1734 610 legis
1796 539 2061 594 admoncr

2257 539 2462 594 IIAAA.
2493 542 2602 595 Καὶ
2628 543 2711 606 τίς
2749 543 2816 596 ἂν
2844 543 3053 612 γένοιτο
3084 541 3192 596 τῶν
3222 541 3380 595 θείων
3415 543 3595 614 νόμων
3635 545 3762 615 ἡμῖν

499 654 788 711 possumus
818 652 916 708 per
941 633 1186 689 ﬁmbrias
1212 647 1277 688 ac
1299 631 1493 686 vittam
1520 630 1969 702 hyacinthinam?

564 820 721 874 (ΝΒ.
760 817 951 872 Nonne
974 815 1150 884 legem
1175 828 1276 883 per
1298 811 1586 881 aenigmata
1623 807 1879 863 traditam
1912 805 2081 861 fuisse

493 910 689 980 priscis
719 908 826 963 illis
863 904 1204 968 hominibus,
1241 918 1304 957 ac
1326 901 1495 956 veluti
1515 901 1570 954 in
1603 899 1814 954 umbris
1850 913 1972 952 esse
1997 897 2080 952 fa-

495 1002 630 1056 teris
661 1001 684 1054 ?

565 1090 760 1145 PALL.
799 1089 1015 1144 Fateor.

560 1183 718 1238 CYR.
747 1181 921 1252 Igitur
953 1177 1186 1234 ﬁmbriis
1217 1191 1282 1232 ac
1313 1174 1499 1231 manui
1545 1175 1738 1229 vittam
1766 1173 2080 1245 hyacinthi-

489 1290 615 1328 nam
646 1272 890 1343 alligare,
925 1270 1154 1340 ﬁgurate
1174 1308 1188 1334 ,
1219 1283 1283 1322 ac
1326 1281 1426 1339 per
1448 1265 1679 1336 aenigma
1714 1263 2076 1335 signiﬁcabat,

488 1381 610 1435 qua:
640 1363 888 1419 caelestia
913 1367 1077 1428 sunt,
1102 1375 1168 1415 ea
1199 1367 1316 1413 tum
1367 1357 1631 1428 sapienda
1673 1371 1816 1419 esse,
1838 1363 1954 1409 tum
1994 1353 2076 1407 fa-

487 1455 705 1520 cienda,
729 1468 795 1508 ac
815 1467 1083 1524 supernas
1106 1452 1225 1506 illas
1245 1452 1394 1522 leges
1421 1449 1685 1505 memoria
1720 1446 2079 1502 retinendas?

499 1547 694 1617 Lapidi
732 1546 901 1611 enim,
945 1544 1053 1600 nisi
1082 1544 1262 1607 fallor,
1305 1541 1524 1606 Indico,
1563 1539 1947 1612 hyacinthino,
1989 1539 2075 1593 in-

491 1654 658 1709 quam
683 1679 697 1705 ,
741 1638 1029 1693 aetherium
1070 1650 1272 1705 corpus
1298 1640 1383 1688 est
1409 1633 1642 1704 quadam
1678 1640 1838 1687 tenus
1865 1631 2072 1695 simile,

487 1745 612 1785 cum
641 1729 932 1800 splendore
959 1736 1124 1798 atque
1151 1727 1397 1782 tenebris
1425 1727 1650 1780 mistum
1678 1725 1771 1790 sit,
1803 1732 1972 1794 atque
2018 1723 2074 1778 in

2185 631 2490 702 ἀνάμνησις
2537 631 2628 686 διά.
2658 650 2717 686 τε
2749 633 3072 705 κρασπέδων
3122 634 3217 686 καὶ
3265 633 3578 688 ύακινθίνου
3624 635 3763 689 κλώ⁶

2187 740 2390 793 σματος
2413 741 2428 788 ;

2256 815 2420 870 ΚΥΡ.
2461 817 2536 869 06
2578 815 2686 886 γὰρ
2715 816 2780 888 δὴ
2813 816 2903 869 τὸν
2945 816 3109 888 νόμον
3154 817 3571 888 αἰνιγματωδῶς
3608 818 3764 872 λελα⁶

2183 905 2378 975 λῆσθαι
2409 909 2523 970 τοῖς
2567 908 2738 962 πάλαι
2787 909 2882 961 καὶ
2915 909 3022 979 μὴν
3057 909 3149 963 καὶ
3195 908 3271 972 ὡς
3306 911 3363 962 ὲν
3397 911 3579 974 σκιαῖς
3624 906 3763 963 εἶναι

2182 999 2324 1067 vis;

2254 1089 2665 1162 ΠΑΑΑ.Φημι

2252 1180 2420 1236 ΚΥΡ.
2456 1181 2694 1252 Αἴνιγμα
2716 1182 2781 1252 δὴ
2803 1177 2896 1236 οῦν
2921 1181 3015 1236 τοῦ
3049 1183 3157 1238 δεῖν
3182 1183 3418 1250 ἑλέσθαι,
3451 1187 3668 1253 φρονεῖν
3701 1203 3762 1236 τε

2182 1280 2277 1332 καὶ
2298 1276 2446 1348 δρᾷν
2477 1275 2545 1328 τὰ
2579 1277 2638 1342 ἐξ
2662 1275 2916 1348 ούρανοῦ,
2949 1276 3040 1330 καὶ
3085 1276 3196 1330 τῶν
3223 1276 3429 1332 ἄνωθεν
3458 1277 3764 1347 διαμεμνῆ-

2181 1371 2309 1425 σθαι
2343 1369 2545 1440 νόμων,
2609 1369 2672 1422 τὸ
2719 1369 3043 1440 κρασπέδων
3075 1386 3134 1421 τε
3177 1370 3271 1422 κα)⁵
3321 1369 3489 1439 αὐτῆς
3545 1369 3761 1439 ἁφάψαι

2179 1464 2362 1536 χειρὸς
2393 1464 2453 1517 τὸ
2480 1462 2713 1534 κλῶσμα
2743 1461 2804 1516 τὸ
2838 1461 3180 1527 ὑακίνθινον;
3213 1461 3346 1530 λίθῳ
3378 1463 3487 1534 γὰρ
3511 1456 3663 1533 οἶμαι
3689 1467 3756 1535 τῇ

2192 1555 2406 1626 Ἰνδικῇ,
2431 1555 2510 1626 τῷ
2539 1554 2831 1625 ὑακινθίνῳ
2861 1554 3026 1624 φημὶ.
3056 1553 3117 1606 τὸ
3138 1553 3377 1626 αίθέριόν
3403 1574 3521 1617 πως
3546 1557 3756 1621 εἰκάζεο

2178 1665 2266 1702 ται
2292 1647 2470 1718 σῶμα,
2500 1647 2642 1717 αὐγῇ
2663 1661 2722 1697 τε
2749 1646 2844 1698 καὶ
2872 1645 3052 1715 σκότῳ
3081 1647 3376 1715 συμμιγὲς,
3406 1647 3500 1700 καὶ
3523 1649 3580 1700 ὲν
3602 1648 3756 1716 βάθει

2177 1757 2295 1804 πως
2328 1739 2450 1809 ἔχον
2481 1739 2542 1792 τὸ
2574 1737 2882 1810 ὑδαροειδὲς
2906 1777 2921 1804 ,
2969 1737 3386 1808 ὑποτρέμουσάν
3417 1756 3476 1792 τε
3523 1741 3617 1794 καὶ
3665 1743 3758 1794 εὑ-

485 1819 597 1874 imo
636 1835 792 1889 aqua:
818 1817 1238 1874 similitudinem
1265 1816 1496 1881 habeat,
1530 1831 1652 1886 quae
1693 1815 1983 1870 tremulam
2011 1830 2063 1870 ac

2175 1831 2424 1900 διάχυτον
2455 1831 2752 1900 ύποφαῖνον
2789 1829 2888 1900 τὴν
2929 1829 3072 1900 ὄψιν.
3111 1830 3488 1902 Ἀπηρτῆσθαι
3516 1830 3581 1902 δὴ
3605 1827 3697 1885 οῦν
3727 1834 3756 1885 ό

485 1906 707 1961 ﬂuidam
748 1907 987 1977 speciem
1015 1922 1129 1977 prae
1165 1921 1224 1960 se
1259 1905 1420 1961 ferat.
1474 1907 1638 1976 220
1674 1905 1787 1960 Lex
1819 1906 1984 1977 igitur
2017 1915 2063 1961 el

2176 1891 2338 1993 νόμος
2375 1923 2484 1976 τῶν
2518 1891 2587 1976 τε.
2617 1891 2942 1994 ἐσθημάτων
2971 1891 3152 1978 αὐτῶν
3176 1891 3269 1978 καί
3303 1891 3410 1996 μην
3440 1925 3534 1978 καὶ
3568 1891 3756 1997 άειρδς

483 1999 730 2054 vestibus
764 2008 821 2053 et
859 1999 1043 2053 manui
1068 1999 1261 2053 vittam
1287 1998 1699 2070 hyacinthinam
1735 1999 1944 2069 alligari
1986 2014 2073 2053 sa-

482 2090 655 2160 pienti
683 2090 911 2145 consilio
949 2091 1146 2160 jussit,
1183 2089 1589 2161 quodammodo
1628 2091 1885 2155 innuens,
1912 2090 2069 2160 quasi

480 2180 682 2233 mentis
730 2181 1151 2246 vestimentum,
1200 2188 1257 2236 et
1304 2179 1540 2236 amictus
1574 2179 1806 2234 rationis
1849 2179 1950 2233 tibi
1999 2181 2070 2234 sit

479 2270 764 2325 oraculum
806 2269 1026 2326 coalitus
1050 2270 1294 2337 editum,
1341 2271 1432 2326 lex
1457 2269 1625 2324 etiam
1674 2271 1778 2325 rite
1819 2285 1882 2324 ac
1919 2279 2070 2344 recte

479 2357 748 2412 factorum
793 2358 1024 2412 arbitra.
1057 2359 1250 2414 Manus
1284 2359 1433 2414 enim
1459 2375 1692 2429 operum
1719 2370 1803 2414 est
1846 2361 2070 2431 symbo-

478 2447 591 2501 lum
618 2466 631 2501 :
654 2464 776 2517 quae
798 2463 964 2518 porro
990 2448 1234 2519 legitime
1268 2447 1409 2504 ﬁunt
1434 2465 1466 2502 a
1491 2449 1675 2514 nobis,
1717 2465 1947 2520 prorsus
1979 2467 2069 2506 re.

479 2538 847 2608 prehensione
872 2550 1089 2604 vacant,
1117 2555 1296 2609 neque
1336 2541 1404 2595 de
1426 2541 1562 2595 vitio
1587 2541 1872 2596 sinistrum
1904 2543 2066 2613 quid-

480 2629 627 2698 piam
662 2630 886 2684 habent.
936 2629 1357 2700 Magniﬁcabant
1405 2632 1590 2702 itaque
1631 2633 1894 2688 Pharisaei
1946 2637 2066 2687 lim-

479 2719 633 2774 brias
674 2735 802 2775 suas
823 2761 837 2786 ,
872 2731 929 2774 et
979 2721 1285 2777 dilatabant
1319 2723 1657 2794 phylacteria
1691 2739 1786 2779 sua
1813 2765 1827 2789 ,
1865 2724 1920 2778 id
1953 2734 2064 2791 est,

479 2809 770 2865 schedulas
812 2826 843 2866 e
886 2812 1081 2868 dextra
1123 2829 1290 2868 manu
1347 2829 1640 2885 suspensas
1677 2833 1690 2870 :
1741 2815 2067 2870 ridebantur

480 2909 665 2956 tamen
711 2918 742 2958 a
774 2902 996 2958 Christo
1019 2945 1032 2971 ,
1073 2905 1221 2976 quod
1258 2921 1378 2961 eam
1405 2923 1522 2962 rem
1567 2907 1636 2962 ad
1679 2906 1857 2962 inanis
1882 2909 2068 2978 gloria:

477 2991 844 3059 occasionem,
871 3009 983 3048 non
1033 2995 1102 3050 ad
1155 2995 1294 3066 legis
1319 2997 1898 3052 commemorationem
1931 3014 2064 3053 con-

476 3083 771 3139 vertissent
796 3087 860 3140 ".
880 3085 1028 3142 Fieri
1061 3087 1229 3160 igitur
1258 3096 1462 3160 potest,
1483 3097 1544 3143 ut
1567 3091 1819 3160 quamvis
1853 3091 1908 3144 id
1949 3091 2061 3155 ﬁat,

2173 2015 2234 2068 τὸ
2273 2015 2502 2087 κλῶσμα
2540 2016 2601 2069 τὸ
2630 2015 2938 2070 ὑακίνθινον
2966 2018 3326 2088 οἰκονομικῶς
3363 2018 3753 2090 προστέταχεν,

2171 2107 2334 2162 οἱονεί
2361 2125 2479 2169 πως
2515 2107 2831 2177 ύποφωνῶν.
2860 2107 3115 2179 Ἐσθημά
3143 2126 3225 2162 σοι
3267 2109 3358 2162 νοῦ
3395 2111 3490 2162 καὶ
3516 2111 3756 2173 διανοίας

2171 2199 2398 2270 ἄμφιον,
2434 2201 2612 2270 λόγιον
2635 2199 2776 2254 ἔστω
2803 2200 2863 2254 τὸ
2883 2201 2944 2264 ἐξ
2964 2201 3216 2272 οὐρανοῦ,
3244 2203 3340 2254 καὶ
3367 2202 3554 2268 δεξιῶν
3577 2204 3756 2275 ἔργων

2172 2292 2478 2364 βραϐευτὴς
2510 2295 2538 2346 6
2571 2293 2754 2363 νόμος.
2787 2294 2990 2365 Ἐργου
3010 2294 3121 2366 γὰρ
3138 2294 3203 2366 δὴ
3235 2293 3501 2366 σύμϐολον
3528 2298 3562 2368 ή
3597 2298 3715 2367 χείρ
3737 2313 3753 2326 ο

2169 2383 2238 2434 τὰ
2268 2382 2324 2435 δὲ
2350 2385 2629 2452 συννόμως
2656 2381 2910 2454 δρώμενα
2934 2383 3070 2455 πρὸς
3089 2385 3270 2456 ήμῶν,
3291 2386 3508 2450 πάντως
3532 2404 3633 2439 που
3659 2389 3754 2440 καὶ

2170 2473 2574 2544 ἀνεπίπληκτα,
2613 2477 2710 2527 καὶ
2739 2475 2801 2528 τὸ
2833 2477 2890 2529 ὲν
2936 2475 3231 2546 φαυλότητι
3263 2478 3447 2531 σκαιὸν
3487 2479 3586 2532 οὐκ
3615 2479 3750 2549 ἔχει.

2183 2567 2546 2637 Ἐμεγάλυνον
2576 2563 2671 2620 οῦν
2708 2567 2758 2620 οἱ
2799 2568 3080 2640 Φαρισαῖοι
3109 2566 3178 2622 τὰ
3213 2569 3495 2638 κράσπεδα
3547 2571 3750 2634 αὐτῶν,

2169 2659 2263 2712 καὶ
2307 2659 2604 2712 ὲπλάτυνον
2643 2659 2714 2713 τὰ
2758 2660 3109 2733 φυλακτήρια
3143 2662 3341 2728 αὐτῶν,
3377 2665 3645 2729 τουτέστι,
3685 2665 3754 2719 τὰ

2166 2751 2264 2818 τῆς
2295 2749 2474 2819 δεξιᾶς
2496 2752 2866 2824 ἀπηρτημένα
2892 2753 3074 2808 δέλτια
3094 2773 3108 2787 ο
3134 2755 3273 2827 πλὴν
3303 2755 3571 2824 ὲγελῶντο
3600 2759 3752 2828 παρὰ

2167 2841 2424 2912 Χριστοῦ,
2462 2845 2543 2908 εἰς
2579 2844 2880 2913 φιλοδοξίας
2923 2847 3200 2919 ἀφορμὴν,
3227 2847 3322 2901 καὶ
3351 2849 3449 2901 οὐκ
3500 2851 3580 2913 εἰς
3616 2850 3750 2905 ἀνά-

2169 2952 2365 3008 μνησιν
2392 2936 2485 2989 τοῦ
2531 2937 2697 3008 νόμου
2729 2937 2789 2992 τὺ
2833 2939 3024 3010 χρῆμα
3059 2939 3392 3012 ποιούμενοι.
3426 2943 3613 2997 Ἔστιν
3654 2939 3749 2998 οῦν

2167 3023 2278 3092 ἄρα
2309 3023 2405 3076 καὶ
2428 3024 2670 3095 ἐννόμως
2695 3027 2940 3098 ἀνομεῖν,
2972 3030 3019 3081 εί
3050 3030 3123 3100 μή
3158 3047 3242 3092 τις
3262 3029 3436 3103 ὀρθῶς
3463 3032 3750 3104 ἀποχρῷτο

2165 3111 2242 3183 τῷ
2269 3113 2439 3185 νόμῳ.
2463 3115 2575 3168 Καὶ
2604 3116 2780 3180 τοῦτο,
2807 3112 2982 3188 οἶμαι,
3005 3119 3151 3174 ἐστὶν
3175 3122 3312 3192 ὅπερ
3334 3122 3437 3194 ἔφη
3473 3122 3743 3194 Σολομὼν·

475 3174 623 3244 quod
658 3175 747 3230 lex
777 3177 968 3248 jubet,
1011 3187 1197 3235 tamen
1237 3180 1326 3235 lex
1352 3181 1471 3251 ipsa
1494 3182 1754 3246 violetur,
1788 3183 1899 3237 nisi
1946 3183 2063 3253 lege

2214 3174 2226 3183 .
2331 3174 2400 3185 ..
2770 3174 2876 3188 ,,
2968 3174 2980 3186 ,
3280 3174 3292 3192 ,
3375 3174 3712 3194 “hum.

2173 3223 2191 3256 ι
2229 3205 2341 3258 ἔστι
2393 3207 2598 3270 δίκαιος
2636 3209 3008 3281 ἀπολλύμενος
3047 3213 3106 3265 ἐν
3132 3213 3327 3284 δικαίῳ
3359 3215 3545 3270 αὐτοῦ.
3581 3236 3599 3268 ι
3635 3217 3748 3268 Κα-

475 3266 600 3336 quis
633 3276 782 3323 recte
820 3275 1028 3324 utatur.
1066 3269 1292 3341 Hocque
1325 3271 1465 3326 illud
1509 3280 1630 3338 est,
1667 3272 1883 3342 opinor,
1915 3273 2064 3342 quod
2091 3255 2133 3312 ί)

471 3358 551 3412 ait
605 3359 863 3414 Salomon
907 3378 922 3414 :
982 3380 999 3412 ι
1030 3361 1128 3416 Est
1175 3363 1377 3432 justus,
1423 3362 1516 3432 qui
1566 3364 1713 3432 perit
1751 3363 1807 3417 in
1848 3362 2064 3434 justitia

473 3463 572 3502 sua
604 3449 669 3502 ⁸³.
706 3469 724 3500 ι
758 3449 930 3520 Igitur
970 3451 1068 3505 Dei
1107 3453 1425 3509 mandatum
1485 3455 1542 3508 in
1589 3463 1773 3510 mente
1802 3464 1966 3524 atque
2004 3455 2062 3509 in

471 3537 639 3592 corde
673 3537 1088 3594 inscribendum
1132 3551 1258 3608 est;
1292 3546 1450 3615 cujus
1499 3545 1582 3599 rei
1614 3545 1908 3599 utilitatem
1933 3560 2061 3600 cum

471 3628 820 3698 perspicuam
847 3629 1054 3686 faceret
1086 3632 1258 3707 David
1295 3634 1386 3688 ille
1411 3635 1662 3701 divinus,
1710 3636 1779 3690 de
1806 3653 2059 3706 unoquo-

470 3735 578 3788 que
601 3720 721 3775 viro
741 3723 890 3792 justo
913 3723 1146 3795 loquens
1169 3727 1247 3780 ait
1273 3744 1286 3780 ε
1328 3746 1346 3778 ι
1377 3726 1490 3782 Lex
1520 3728 1616 3782 Dei
1640 3729 1762 3800 ejus
1798 3730 1855 3784 in
1893 3731 2058 3786 corde

471 3809 681 3879 ipsius;
713 3819 770 3866 et
806 3830 919 3869 non
958 3818 1462 3888 supplantabuntur
1497 3835 1716 3891 gressus
1750 3823 1873 3893 ejus
1906 3823 1953 3855 ‘”
1987 3842 1999 3878 :
2031 3844 2048 3876 ι

469 3901 606 3957 Illud
635 3905 805 3972 enim,
829 3915 891 3961 ut
920 3909 1134 3979 Opinor,
1167 3911 1330 3981 plane
1376 3913 1730 3969 manifestum
1761 3925 1865 3984 est,
1898 3920 2056 3990 cujus

469 3993 526 4048 in
553 4004 738 4052 mente
765 3997 855 4052 lex
901 3999 1090 4056 divina
1127 4001 1297 4058 fuerit
1319 4044 1335 4071 ,
1369 4005 1552 4061 eidem
1590 4008 1817 4063 omnino
1873 4011 2054 4068 inesse

467 4093 732 4154 praeterea
752 4129 766 4154 ,
798 4097 860 4143 ut
885 4090 1059 4160 probe
1091 4093 1451 4151 conﬁrmatus
1483 4103 1540 4150 et
1571 4097 1774 4154 virtute
1808 4099 1881 4154 sit
1939 4110 2050 4156 sta-

467 4176 584 4231 bili.

536 4267 732 4324 PALL.
764 4270 845 4326 Ita
875 4287 934 4328 se
955 4287 1046 4329 res
1082 4273 1266 4332 habet.

541 4361 699 4417 CYR.
729 4364 918 4434 Itaque
943 4367 1094 4438 jugis
1120 4378 1284 4439 atque
1314 4382 1580 4442 perpetua
1605 4372 1742 4445 legis
1764 4373 2049 4429 meditatio

463 4449 533 4504 ad
561 4460 769 4510 rectam
806 4457 954 4512 viam
995 4459 1274 4530 perducit,
1310 4463 1459 4532 quod
1489 4464 1634 4518 idem
1672 4473 1758 4518 est
1789 4472 1954 4534 atque
1978 4466 2046 4520 ad

465 4538 521 4594 id
559 4543 707 4610 quod
738 4545 852 4601 Deo
881 4547 1095 4618 placet,
1121 4549 1459 4607 oblivionem
1503 4567 1572 4606 ex
1604 4552 1841 4608 hominis
1864 4554 2048 4610 animo

462 4633 635 4688 veluti
688 4638 945 4694 tenebras
980 4639 1247 4712 quasdam
1276 4643 1678 4714 caliginemque
1715 4644 2040 4702 discutiens.

460 4726 650 4797 Neque
679 4744 813 4786 vero
856 4732 1143 4805 hucusque
1174 4743 1384 4792 tantum
1419 4751 1744 4807 progressus
1779 4745 1865 4792 est
1886 4738 2047 4810 legis-

459 4816 620 4885 lator;
672 4819 772 4875 sed
816 4837 943 4878 cum
981 4824 1165 4882 adhuc
1198 4826 1398 4881 melius
1438 4826 1700 4896 quiddam
1741 4830 2044 4901 excogitas-

457 4916 595 4975 set;
621 4910 690 4965 ad
722 4912 1071 4972 excitandam
1117 4917 1176 4972 in
1206 4917 1492 4973 laboribus
1524 4917 1892 4989 suscipiendis
1927 4922 2043 4978 ala-

456 5001 704 5059 critatem
733 5047 748 5072 ,
781 5021 938 5076 spem
995 5007 1244 5064 omnium
1292 5023 1478 5064 rerum
1509 5011 2045 5080 exoptatissimarum

455 5100 718 5165 tanquam
757 5113 942 5153 escam
971 5099 1266 5169 quamdam
1299 5100 1566 5172 adjungit.
1606 5101 1698 5157 Ait
1725 5103 1873 5158 enim
1910 5121 2040 5158 rur-

454 5200 550 5238 sus
578 5203 591 5239 :
639 5205 658 5238 ι
688 5187 744 5243 Si
771 5188 826 5242 in
853 5188 1145 5259 pmceptis
1168 5191 1307 5246 meis
1334 5191 1769 5259 ambulaveritis,
1803 5205 1859 5250 et
1881 5212 2040 5251 man-

454 5271 579 5328 data
626 5292 748 5333 mea
786 5279 1167 5335 custodieritis
1190 5321 1205 5347 ,
1243 5289 1300 5336 et
1333 5280 1575 5339 feceritis
1605 5301 1669 5340 ea
1692 5327 1705 5349 ,
1743 5287 1888 5341 dabo
1918 5289 2041 5358 plu-

455 5363 596 5418 viam
621 5367 780 5423 vobis
807 5368 866 5422 in
905 5377 1150 5438 tempore
1181 5385 1301 5437 suo,
1358 5381 1414 5428 et
1438 5383 1584 5429 terra
1625 5376 1777 5432 dabit
1805 5394 2040 5448 proven-

455 5466 542 5512 tus
567 5474 718 5526 suos,
756 5469 814 5515 et
839 5461 984 5532 ligna
1011 5464 1189 5532 campi
1221 5465 1454 5522 reddent
1483 5467 1723 5524 fructum
1771 5487 1960 5537 suum;
1982 5479 2040 5527 et

455 5551 887 5619 comprehendet
911 5553 1065 5609 vobis
1088 5556 1287 5612 tritura
1308 5557 1666 5626 vindemiam,
1690 5569 1746 5616 et
1761 5562 2040 5617 vindemia

452 5650 776 5707 sementem,
814 5651 870 5698 et
899 5645 1076 5701 edctis
1101 5664 1300 5718 panem
1332 5660 1577 5706 vestrum
1607 5651 1663 5707 in
1703 5655 2034 5718 satietatem,

2166 3296 2510 3366 ταγραπτέον
2540 3294 2634 3352 οῦν
2655 3297 2764 3371 ἄρα
2796 3301 2893 3370 τὴν
2936 3301 3086 3356 θείαν
3123 3303 3342 3374 ἐντολὴν
3375 3305 3456 3368 είς
3482 3305 3620 3381 ,νοῦν
3652 3307 3750 3360 καὶ

2166 3389 2412 3460 καρδίαν,
2448 3392 2541 3444 καὶ
2586 3393 2686 3464 τήν
2714 3411 2778 3462 γε
2819 3395 2912 3448 τοῦ
2953 3396 3278 3467 πράγματος
3310 3398 3496 3470 ὄνησιν
3539 3400 3745 3470 ἐναργῆ

2164 3479 2432 3544 καθιστὰς
2468 3485 2497 3536 ό
2537 3483 2678 3546 θεῖος
2718 3483 2822 3557 ἔφη
2872 3486 3036 3540 Δαὸὶδ
3088 3489 3216 3560 περῖ⁹
3251 3488 3460 3542 δικαίου
3507 3490 3739 3553 παντός·

2170 3590 2187 3622 ι
2237 3572 2296 3625 'O
2336 3574 2500 3644 νόμος
2527 3575 2621 3628 τοῦ
2649 3575 2784 3629 Θεοῦ
2820 3577 2986 3631 αὑτοῦ
3018 3580 3074 3631 ὲν
3099 3582 3165 3651 τῇ
3205 3581 3401 3654 καρδίᾳ
3426 3580 3610 3645 αὑτοῦ,
3646 3582 3743 3635 καὶ

2161 3665 2261 3734 οὑχ
2295 3663 2818 3738 ὑποσκελισθήσεται
2859 3669 2927 3723 τὰ
2958 3671 3269 3743 διαδήματα
3297 3674 3482 3727 αὑτοῦ.
3523 3693 3541 3726 ›
3582 3676 3742 3730 Ἔστι

2160 3756 2288 3827 γὰρ,
2313 3754 2486 3828 οἴμαι,
2511 3760 2602 3812 καὶ
2637 3761 2782 3830 μάλα
2816 3762 3006 3832 σαφὲς,
3046 3763 3120 3827 ὼς
3150 3765 3257 3836 ὅτῳ
3292 3783 3395 3838 περ
3438 3767 3502 3820 ἂν
3532 3769 3559 3820 ὁ
3598 3768 3740 3832 θεῖος

2158 3849 2239 3912 είς
2272 3848 2395 3902 νοῦν
2430 3849 2663 3922 ὑπάρχει
2698 3852 2881 3922 νόμος,
2920 3853 3217 3924 προσέσται
3250 3874 3351 3909 που
3399 3857 3617 3922 πάντως
3646 3862 3741 3912 καὶ

2157 3939 2218 3992 τὸ
2250 3939 2566 4011 ὲρηρεῖσθαι
2602 3942 2805 4011 καλῶς,
2841 3945 2936 3998 καὶ
2960 3945 3020 3999 τὸ
3054 3947 3112 4000 ὲν
3143 3945 3348 4019 βεϐαίῳ
3394 3949 3606 4004 κεῖσθαι
3641 3953 3739 4021 τῆς

2158 4033 2379 4104 ἀρετῆς.

2150 4125 2162 4172 Ι

2224 4279 2433 4336 ΠΑΛΛ.
2463 4272 2592 4334 Ὧδε
2626 4280 2758 4353 ἔχει.
2961 4355 2970 4362 '

2221 4371 2386 4424 ΚΥΡ.
2420 4372 2629 4426 Οὐκοῦν
2675 4377 2709 4444 ἡ
2747 4376 2934 4447 μακρὰ
2978 4376 3074 4430 καὶ
3121 4378 3375 4452 διηνεκὴς
3423 4380 3520 4435 τοῦ
3567 4383 3734 4451 νόμον

2153 4459 2462 4531 μελέτησις,
2497 4465 2824 4536 ἀποκομίξει
2877 4467 3014 4539 πρὸς
3051 4469 3111 4523 τὸ
3163 4471 3313 4537 εὐθὺ,
3364 4473 3524 4526 τοῦτο
3573 4474 3618 4527 δ’
3667 4475 3735 4528 ἂν

2078 4599 2123 4656 D
2151 4551 2236 4622 εἴη
2273 4552 2376 4656 τῷ..
2395 4554 2515 4656 Θεῷ
2543 4556 2753 4621 δοκοῦν,
2786 4557 2937 4612 θολὸν
2980 4542 3168 4634 ὥσπέρ
3209 4562 3333 4617 τινὰ
3370 4565 3466 4619 καὶ
3505 4566 3732 4637 ὀμίχλην

2150 4645 2251 4716 τῆς
2280 4644 2572 4716 ἀνθρώπου
2598 4648 2856 4714 διανοίας,
2884 4649 2982 4721 τὴν
3011 4651 3181 4723 λήθην
3211 4654 3594 4725 ἐκπέμπουσα,
3621 4658 3732 4710 Καὶ

2149 4735 2212 4788 οὐ
2246 4735 2409 4807 μέχρι
2438 4737 2644 4790 τούτων
2677 4740 2706 4791 6
2737 4739 3055 4812 νομοθέτης,
3097 4743 3234 4797 ἀλλά
3283 4763 3336 4799 τι
3383 4748 3479 4799 καὶ
3510 4749 3731 4819 ἄμεινον

2150 4827 2548 4898 προσεπινοῶν,
2589 4829 2784 4903 δέλεαρ
2814 4830 3001 4906 ὥσπερ
3027 4853 3101 4903 τι,
3126 4835 3227 4907 τῆς
3254 4836 3312 4889 ἐν
3342 4853 3405 4907 γε
3437 4837 3514 4908 τῷ
3532 4841 3729 4911 χρῆναι

2152 4921 2328 4972 ποιεῖν
2365 4919 2701 4991 προθυμίας,
2748 4922 2937 4978 ἐλπίδα
2986 4929 3244 4992 ποιεῖται,
3287 4929 3384 5002 τὴν
3425 4932 3511 5000 ἐφ’
3558 4931 3728 4985 ἂπασι

2149 5011 2264 5072 τοῖς
2285 5010 2708 5076 εύκταιοτάτοις.
2749 5014 2892 5085 Ἔφη
2926 5016 3032 5089 γὰρ
3064 5018 3225 5072 πάλιν
3247 5036 3260 5050 ·
3301 5039 3320 5071 ι
3376 5020 3501 5074 Ἐὰν
3529 5022 3587 5074 έν
3616 5023 3729 5085 τοῖς

2147 5102 2537 5173 προστάγμασί
2555 5122 2656 5175 μου
2675 5107 3006 5177 πορεύησθε,
3029 5110 3240 5175 καὶτὰς
3257 5111 3476 5176 ἐντολάς
3493 5130 3594 5183 μου
3626 5131 3727 5182 φυ-

2145 5191 2400 5264 λάξησθε,
2443 5196 2536 5248 καὶ
2566 5197 2830 5269 ποιήσητε
2863 5199 3052 5266 αὐτὰς,
3091 5202 3249 5256 δώσω
3281 5203 3372 5256 τὸν
3411 5203 3564 5258 ὑετὸν
3597 5206 3726 5274 ὑμῖν

2146 5284 2206 5336 ἐν
2238 5285 2317 5356 τῷ
2356 5288 2534 5360 καιρῷ
2579 5290 2768 5360 αὐτοῦ,
2813 5295 2966 5367 καὶὴ
3007 5295 3077 5366 γῆ
3111 5295 3272 5349 δώσει
3307 5296 3376 5350 τὰ
3408 5299 3724 5369 γεννήματα

2141 5376 2332 5446 αὐτῆς,
2369 5380 2463 5432 καὶ
2487 5381 2556 5434 τὰ
2587 5380 2719 5448 ξύλα
2741 5383 2851 5439 τῶν
2876 5386 3074 5439 πεδίων
3097 5387 3367 5443 ἀποδώσει
3395 5389 3486 5443 τὸν
3516 5389 3724 5462 καρπόν

2141 5467 2342 5524 αὐτῶν.
2379 5471 2489 5526 Καὶ
2515 5475 2886 5548 καταλήψεται
2924 5480 3053 5550 ὑμῖν
3080 5483 3108 5534 ὁ
3139 5480 3366 5553 ἀλοητδς
3393 5482 3486 5538 τὸν
3514 5499 3724 5556 τρυγη-

2141 5561 2254 5626 τὸν,
2305 5566 2400 5619 καὶ
2430 5566 2458 5617 6
2489 5570 2761 5640 τρυγητὸς
2805 5571 3180 5646 καταλήψεται
3224 5577 3314 5629 τὸν
3366 5577 3587 5650 σπόρον,
3628 5576 3722 5630 καὶ

2143 5656 2382 5724 φάγεσθε
2417 5660 2505 5713 τὸν
2537 5663 2698 5734 ἄρτον
2731 5665 2884 5737 ὑμῶν
2907 5669 2985 5731 εἰς
3019 5667 3360 5740 πλησμονὴν,
3407 5671 3500 5724 καὶ
3537 5688 3718 5725 κατοι-

550 5817 595 5849 ⁸²
618 5824 786 5880 Matth
833 5845 982 5899 xxm,
1019 5833 1070 5892 5.
1108 5833 1153 5866 ⁸³
1195 5835 1341 5893 Eccl.
1370 5854 1462 5904 vn,
1491 5835 1575 5890 16.
1656 5837 1702 5868 ⁸⁸
1726 5837 1868 5892 Psal.
1911 5855 2089 5900 xxxvi.
2117 5843 2206 5897 31.
