4104 6442
311 454 426 511 485

1043 456 1132 510 DE
1171 452 1619 509 ADORATIONE
1659 454 1727 509 IN
1763 453 2036 510 SPIRITU
2080 454 2168 510 ET
2211 457 2581 513 VERITATE.
2627 456 2754 514 LIB.
2799 459 2890 515 V'Il

3526 467 3628 523 486

308 575 523 642 κήσετε
562 571 680 642 μετ’
712 569 1014 640 ἀσφαλείας
1041 570 1134 624 ἐπί
1170 570 1274 641 τῆς
1311 573 1414 642 γῆς
1449 571 1626 641 ὐμῶν,
1654 572 1747 624 καὶ
1774 573 1802 625 ὁ
1829 571 1921 624 πό-

2031 581 2085 625 et
2123 572 2445 629 habitabilis
2489 591 2615 630 cum
2663 579 2961 634 securitate
3015 577 3069 634 in
3125 589 3270 637 terra
3311 591 3499 641 vestra
3528 631 3540 654 ,
3573 601 3632 645 et

307 667 482 736 λεμος
510 666 576 718 οὐ
625 661 963 716 διελεύσεται
999 661 1089 716 διά
1125 663 1225 734 τῆς
1261 665 1366 734 γῆς
1407 663 1584 733 ὐμῶν,
1629 665 1725 717 καὶ
1767 664 1925 717 δώσω

305 761 546 833 εἰρήνην
581 758 640 810 ἐν
668 759 738 828 τῇ
765 759 837 828 γῇ
870 755 1049 826 ὐμῶν,
1094 754 1191 809 καὶ
1220 755 1651 827 κοιμηθήσεσθε,
1689 757 1784 810 καὶ
1825 757 1924 809 οὐκ

309 850 471 903 ἔσται
505 850 536 901 ὁ
569 845 820 916 ἐκφοϐῶν
850 847 1018 916 ὑμᾶς,
1047 845 1140 898 καί⁵
1184 843 1373 898 ἀπολῶ
1405 844 1572 918 θηρία
1603 845 1817 916 πονηρά
1859 847 1926 899 ἐκ

313 941 413 1012 τῆς
445 941 557 1012 γῆς
591 939 768 1011 ὑμῶν.
814 958 832 991 ι
875 937 1072 1009 Συνίης
1098 937 1233 1009 ὅσης
1265 937 1549 1010 φροντίδος
1579 937 1675 992 καὶ
1719 937 1922 1010 ἡμερό-

311 1051 480 1106 τητος
513 1034 660 1100 ἀξιοῖ
695 1033 787 1086 τὸν
836 1032 1060 1103 ἐπιεικῆ
1107 1049 1166 1086 τε
1211 1033 1305 1086 καὶ
1343 1031 1789 1104 φιλεργέστατον,
1831 1033 1927 1086 καὶ

314 1129 428 1200 μὴν
461 1129 608 1182 αἰδοῖ
634 1129 701 1198 τῇ
735 1127 864 1198 περὶ
896 1126 989 1180 τὸν
1011 1125 1176 1198 νόμον
1203 1124 1516 1198 ἡττώμενον
1541 1141 1556 1192 ;
1584 1125 1844 1199 Πρὼἳμόν
1865 1144 1926 1180 τε

311 1221 430 1294 γὰρ
462 1221 565 1276 καὶ
597 1221 798 1290 ὄψιμον
828 1219 1006 1284 ὐετὸν,
1041 1219 1350 1290 εὐκαρπίαν
1380 1236 1440 1272 τε
1466 1218 1564 1291 τὴν
1585 1219 1927 1292 ἀλλεπάλλη-

312 1312 431 1377 λον,
465 1314 564 1366 καὶ
619 1313 728 1384 μὴν
769 1314 865 1367 καὶ
897 1313 1066 1385 ἄρτου
1101 1312 1444 1383 πλησμονὴν,
1474 1313 1568 1366 καὶ
1599 1311 1709 1366 τῶν
1744 1311 1926 1366 ἐδωδί-

315 1424 440 1477 μων
487 1405 725 1477 ἄφθονον
758 1406 979 1478 χρῆσιν,
1034 1407 1130 1461 καὶ
1170 1407 1309 1480 πρός
1340 1424 1404 1476 γε
1450 1406 1660 1471 τούτοις
1699 1409 1925 1480 εἰρήνην

311 1499 634 1572 χαριεῖσθαι
662 1499 1192 1570 κατεπαγγέλλεται.
1234 1500 1340 1554 Τὸν
1378 1499 1489 1572 γάρ
1512 1517 1595 1553 τοι
1625 1499 1721 1553 τοῦ
1758 1499 1924 1570 νόμου

311 1593 542 1660 φύλακα
578 1595 826 1663 γνήσιον,
856 1595 952 1648 καὶ
983 1586 1059 1647 ὧν
1098 1592 1164 1648 ἂν
1210 1591 1454 1664 βούλοιτο
1486 1592 1621 1657 Θεὸς
1650 1591 1927 1664 ἄπληστον

311 1687 583 1759 ἐραστὴν,
612 1689 733 1751 ταῖς
756 1687 868 1740 τῶν
900 1687 1169 1758 οὐρανίων
1197 1685 1421 1756 ἀγαθῶν
1447 1685 1734 1757 ἀφθονίαις
1761 1703 1928 1741 κατα-

313 1781 551 1851 μεθύειν
596 1783 771 1845 εἰκός
804 1781 910 1853 γῆν
957 1781 1057 1852 μὲν
1089 1781 1199 1853 γὰρ
1240 1774 1331 1835 οἷά
1361 1798 1423 1834 τε
1463 1780 1682 1852 πίειράν
1721 1797 1781 1834 τε
1831 1780 1927 1835 καὶ

313 1871 549 1928 εῦτοκον
582 1873 682 1946 τὴν
721 1873 813 1928 τοῦ
841 1873 1051 1950 δικαίου
1086 1873 1286 1947 ψυχὴν,
1323 1874 1726 1946 παράκλησιςή
1759 1892 1926 1928 πνευ-

2031 663 2236 718 bellum
2260 681 2370 720 non
2400 670 2760 736 pertransibit
2777 686 2877 741 per
2902 680 3109 728 terram
3130 684 3394 746 vestram,
3419 691 3473 735 et
3490 681 3633 738 dabo

2029 772 2220 827 pacem
2252 757 2308 811 in
2346 765 2495 813 terra
2525 768 2729 826 vestra,
2777 774 2835 817 et
2874 763 3188 833 dormietis,
3235 776 3293 825 et
3337 788 3446 828 non
3481 775 3589 830 erit
3613 818 3629 843 ,

2029 849 2189 919 221
2232 849 2326 920 qui
2354 859 2632 908 exterreat
2657 869 2776 919 vos,
2804 864 2859 910 et
2879 859 3107 928 perdam
3127 865 3302 920 malas
3326 867 3532 927 bestias
3561 873 3630 929 de

2032 953 2184 1001 terra
2237 953 2425 1000 vestra
2465 947 2532 1002 ⁸⁸.
2567 965 2585 999 ι
2617 947 2886 1022 Intelligis
2943 962 3148 1023 quanta
3172 973 3304 1014 cura
3331 971 3497 1034 atque
3529 966 3630 1022 be—

2029 1036 2297 1107 nignitate
2327 1037 2588 1109 dignetur
2612 1039 2849 1110 probum
2870 1043 3075 1111 virum,
3107 1056 3164 1102 et
3187 1049 3347 1106 bonis
3366 1055 3631 1124 operibus

2029 1127 2301 1193 deditum,
2329 1138 2387 1183 et
2420 1129 2516 1200 qui
2545 1129 2722 1200 legem
2760 1139 3129 1192 revereatur?
3163 1140 3300 1196 Nam
3342 1150 3628 1218 tempesti-

2028 1235 2159 1274 vum
2191 1220 2427 1275 imbrem
2457 1230 2624 1291 atque
2659 1225 3000 1292 serotinum,
3052 1228 3383 1304 frugumque
3413 1240 3627 1309 copiam

2029 1311 2134 1366 sibi
2167 1312 2404 1367 invicem
2435 1313 2850 1372 succedentium
2871 1359 2886 1383 ,
2912 1322 3180 1392 panisque
3205 1326 3510 1385 satietatem
3533 1375 3546 1397 ,
3573 1342 3630 1388 et

2028 1403 2440 1459 esculentorum
2467 1407 2696 1462 uberem
2741 1407 3007 1477 fructum,
3042 1429 3234 1484 pacem
3261 1430 3526 1487 praeterea
3571 1440 3630 1478 se

2029 1494 2358 1568 largiturum
2391 1499 2706 1569 pollicetur.
2733 1501 2895 1575 Legis
2917 1505 3066 1560 enim
3103 1523 3296 1564 verum
3338 1512 3630 1581 cultorem,

2029 1597 2086 1644 et
2111 1604 2304 1645 eorum
2330 1607 2454 1662 qua:
2475 1593 2588 1649 Deo
2625 1594 2848 1665 placent
2865 1599 3282 1669 cupidissimum
3306 1615 3632 1670 amatorem,

2029 1681 2340 1738 ccelestium
2371 1684 2645 1740 bonorum
2688 1688 3028 1746 abundantia
3065 1693 3328 1750 inebriari
3365 1713 3466 1768 par
3502 1712 3586 1756 est
3617 1719 3628 1753 :

2030 1774 2123 1830 illa
2163 1791 2401 1847 namque
2429 1779 2734 1850 spiritualis
2783 1792 2839 1838 et
2878 1786 3118 1855 superna
3167 1791 3474 1847 consolatio
3495 1794 3630 1864 justi

2029 1868 2135 1923 viri
2167 1870 2414 1925 animum
2441 1881 2704 1944 tanquam
2749 1877 2952 1948 pingue
2980 1878 3158 1934 solum
3210 1897 3275 1938 ac
3313 1882 3496 1941 fertile
3525 1887 3632 1942 im-

319 1967 536 2036 ματική
570 1938 761 2019 τεῐκαὶ
793 1947 1002 2020 ἄνωθεν
1035 1938 1198 2021 ὑετοῦ
1221 1938 1588 2038 ’κατάρδουσα
1609 1938 1791 2038 δίκην,
1826 1983 1925 2020 κα-

2031 1960 2146 2017 bris
2188 1964 2359 2019 instar
2402 1966 2639 2038 irrigans
2667 2008 2681 2032 ,
2732 1970 2969 2026 maxime
3014 1971 3542 2050 laetiﬁcat,utjuges
3572 1991 3628 2035 et

313 2059 646 2130 τευφραίνει
671 2059 817 2125 λίαν,
855 2060 931 2124 ὡς
954 2059 1218 2132 ἀνελλιπῆ
1244 2060 1340 2113 καὶ
1364 2059 1527 2113 οἰονεί
1553 2059 1926 2131 παμποίκιλον

311 2151 423 2222 τῆς
463 2153 547 2215 εἰς
581 2151 715 2208 Θεὸν
749 2153 1037 2217 εὐσεϐείας
1067 2153 1317 2223 ἐκφαίνει
1351 2153 1565 2225 καρπόν
1586 2168 1600 2184 ο
1634 2155 1827 2226 εἰρήνη
1867 2154 1926 2208 δέ

316 2247 608 2311 στεφανοῖ,
655 2243 756 2316 τήν
785 2245 866 2308 εἰς
894 2243 958 2298 τὸ
990 2239 1050 2298 εὖ
1085 2240 1228 2300 εἶναι
1272 2245 1536 2318 διαμονὴν
1575 2247 1923 2318 εἰσφέρουσα.

313 2334 534 2406 Γράφει
561 2335 694 2406 γοῦν
725 2337 820 2390 καὶ
841 2338 870 2391 ό
902 2337 1143 2402 Παῦλοςο
1178 2357 1197 2390 ι
1235 2337 1346 2393 Καὶ
1375 2339 1622 2411 ήείρήνη
1652 2339 1746 2393 τοῦ
1765 2339 1923 2405 Θεοῦ,

317 2429 355 2500 ἡ
393 2428 751 2500 ὑπερέχουσα
795 2429 976 2485 πάντα
1023 2429 1171 2495 νοῦν,
1209 2432 1512 2504 φρουρήσει
1550 2431 1650 2497 τὰς
1698 2434 1927 2506 καρδίας

319 2521 505 2591 ὑμῶν,
538 2523 637 2575 καὶ
686 2523 757 2578 τὰ
787 2525 1036 2595 νοήματα
1075 2523 1252 2596 ὑμῶν.
1300 2543 1321 2578 ι
1369 2524 1426 2580 '0
1455 2527 1553 2596 τῆς
1588 2527 1804 2582 τοιᾶσδε
1834 2524 1927 2580 οὖν

318 2612 478 2685 παρά
513 2612 653 2667 Θεοῦ
686 2613 1005 2686 φιλοτιμίας
1048 2615 1391 2688 τετυχηκὼς,
1435 2618 1710 2690 ἀπόλεμόν
1738 2637 1798 2673 τε
1833 2621 1928 2674 καὶ

315 2707 604 2777 εἰρηναῖον
644 2707 945 2762 διατελέσει
984 2707 1122 2780 βίον,
1167 2711 1408 2776 εἴκοντος
1446 2709 1666 2783 ἐχθροῦ,
1699 2713 1928 2767 πίπτον-

314 2799 411 2862 τός
430 2815 495 2852 τε
527 2799 624 2853 καὶ
649 2801 939 2871 οἰχομένου
967 2802 1108 2874 πρὸς
1124 2802 1184 2856 τὸ
1216 2803 1387 2875 μηδὲν
1412 2803 1508 2858 τοῦ
1530 2803 1927 2878 ἀνθεστηκότος

317 2890 553 2957 παντὸς,
583 2894 679 2946 καὶ
708 2892 1105 2966 ἀπρακτούσης
1130 2893 1323 2965 ἐφόδου
1353 2895 1687 2968 διαϐολικῆς,
1717 2898 1812 2952 καί
1835 2899 1928 2968 φό-

319 2982 423 3036 ϐου
484 2985 694 3047 παντὸς
725 2984 974 3040 ἐκποδὼν
1020 2985 1192 3050 ἰόντος
1243 2986 1504 3053 εὐκόλως.
1540 2988 1645 3043 Τὸν
1677 2989 1840 3044 αὐτὸν
1870 2990 1927 3044 δέ

315 3074 538 3128 τουτονὶ
568 3073 734 3145 νόμον
767 3075 864 3129 καὶ
893 3076 954 3129 ἐν
983 3075 1062 3147 τῷ
1095 3079 1508 3150 Δευτερονομίῳ
1540 3081 1928 3153 γεγραμμένον

317 3164 659 3237 εὑρήσομεν.
682 3164 829 3239 Ἔφη
847 3165 955 3238 γὰρ
987 3167 1086 3222 ὡδὶ
1104 3167 1280 3241 βραχύ
1302 3169 1657 3242 παραλλάξας
1681 3189 1694 3204 ο
1733 3191 1752 3225 ι
1799 3173 1927 3228 Ἐὰν

2027 2053 2187 2122 quasi
2226 2055 2562 2128 multiplices
2606 2057 2665 2113 in
2711 2059 2886 2115 Deum
2949 2062 3171 2132 pietatis
3219 2065 3435 2124 fructus
3465 2071 3634 2128 edere

2028 2145 2201 2215 possit
2227 2165 2240 2201 :
2266 2162 2371 2218 pax
2406 2165 2538 2206 vero
2569 2151 2827 2206 eumdem
2853 2164 3102 2222 coronat,
3127 2174 3250 2227 qua:
3293 2159 3547 2233 largitur,
3573 2176 3633 2220 ut

2029 2237 2086 2292 in
2133 2255 2220 2304 eo,
2281 2242 2428 2310 quod
2491 2242 2632 2298 bene
2679 2253 2783 2310 est,
2824 2247 3004 2301 valeat
3057 2265 3405 2320 permanere.
3441 2255 3633 2327 Itaque

2027 2329 2224 2384 scribit
2252 2331 2457 2388 Paulus
2488 2352 2499 2386 :
2556 2353 2574 2384 ‹
2626 2333 2694 2389 Ει
2720 2351 2826 2406 pax
2862 2337 2984 2404 Dei,
3015 2354 3137 2408 qua
3165 2353 3463 2413 exsuperat
3509 2363 3632 2402 om-

2027 2437 2156 2478 nem
2182 2438 2406 2479 sensum
2427 2467 2441 2491 ,
2469 2427 2745 2483 custodiat
2767 2431 2934 2486 corda
2967 2442 3150 2488 vestra
3171 2476 3185 2500 ,
3212 2444 3269 2490 et
3315 2436 3630 2511 intelligen-

2031 2514 2134 2569 tias
2159 2525 2371 2571 vestras
2397 2517 2463 2572 ⁵⁸.
2501 2538 2518 2569 ›
2558 2519 2821 2591 Quisquis
2851 2522 3019 2593 igitur
3058 2526 3331 2596 ejusmodi
3365 2530 3461 2585 Dei
3493 2532 3631 2588 libe-

2028 2608 2306 2664 ralitatem
2350 2620 2550 2667 nactus
2594 2615 2732 2678 erit,
2782 2615 2828 2670 is
2873 2616 3037 2673 bellis
3089 2635 3342 2688 vacuam,
3387 2640 3452 2680 ac
3477 2627 3633 2696 pacis

2028 2699 2245 2771 plenam
2275 2702 2446 2761 vitam
2482 2705 2776 2773 traducet;
2821 2708 2981 2763 cedet
3026 2709 3204 2767 hostis
3238 2714 3505 2787 cadetque
3526 2759 3541 2784 ,
3574 2730 3632 2775 et

2029 2789 2097 2844 ad
2137 2793 2376 2851 nihilum
2422 2797 2634 2854 recidet
2675 2801 2948 2871 quidquid
2993 2803 3251 2872 obsistit,
3291 2817 3348 2863 et
3394 2809 3634 2882 impetus

2028 2885 2338 2943 diabolicus
2364 2887 2560 2945 irritus
2583 2891 2710 2957 erit,
2738 2902 2795 2948 et
2820 2894 2986 2950 timor
3012 2897 3196 2952 omnis
3227 2898 3386 2956 facile
3405 2906 3632 2975 prepul-

2029 2979 2261 3035 sabitur.
2293 2980 2445 3036 Hanc
2476 2983 2724 3038 eamdem
2743 2984 2919 3056 legem
2953 2987 3009 3042 in
3039 2988 3472 3050 Deuteronomio
3493 3011 3633 3066 quo-

2028 3074 2136 3140 que
2164 3069 2499 3142 descriptam
2527 3073 2870 3142 reperiemus
2894 3093 2908 3142 ;
2952 3076 3033 3132 sic
3061 3078 3212 3134 enim
3238 3079 3398 3147 dixit,
3441 3087 3634 3155 paucis

2027 3165 2357 3234 permutatis
2383 3184 2395 3220 :
2433 3185 2450 3218 ι
2484 3166 2540 3222 Si
2565 3183 2698 3222 vero
2723 3168 2915 3224 auditu
2942 3171 3233 3229 audieritis
3259 3178 3443 3233 omnia
3479 3195 3634 3234 man-

314 3257 380 3313 δὲ
419 3259 562 3330 ἀκοῇ
600 3258 963 3332 εἰσακούσητε
988 3261 1173 3326 πάσας
1191 3263 1292 3328 τάς
1323 3263 1544 3329 ἐντολὰς
1577 3264 1765 3330 αὐτοῦ,
1796 3267 1927 3331 ὅσας

2031 3256 2156 3312 data
2175 3259 2314 3330 ejus,
2341 3275 2464 3329 qua;
2504 3275 2606 3331 ego
2633 3263 2834 3317 mando
2861 3261 2960 3317 tibi
2997 3264 3161 3320 hodie
3179 3307 3192 3331 ,
3223 3275 3284 3320 ut
3306 3266 3502 3340 diligas
3522 3272 3631 3325 Do-

319 3348 438 3418 ἐγὼ
489 3350 818 3422 ἐντέλλομαί
873 3369 957 3406 σοι
995 3353 1272 3428 σήμερον,
1327 3356 1549 3430 ἀγαπᾷν
1591 3357 1795 3430 Κύριον
1833 3359 1926 3415 τὸν

2031 3350 2240 3405 minum
2262 3351 2436 3408 Deum
2467 3362 2642 3418 tuum,
2672 3363 2728 3409 et
2749 3356 2961 3412 servias
2983 3357 3061 3411 illi
3094 3373 3162 3412 ex
3181 3368 3296 3415 toto
3325 3362 3491 3418 corde
3514 3372 3629 3428 tuo,

319 3443 461 3497 Θεόν
493 3460 614 3512 σου,
657 3445 752 3498 καὶ
785 3444 1075 3516 λατρεύειν
1123 3447 1276 3517 αὐτῷ
1304 3447 1364 3514 ἐξ
1393 3449 1523 3520 ὅλης
1565 3451 1664 3522 τῆς
1698 3451 1924 3523 καρδίας

323 3554 444 3603 σου,
482 3537 582 3591 καὶ
621 3536 682 3602 ἐξ
729 3537 861 3608 ὅλης
891 3539 993 3610 τῆς
1037 3539 1220 3612 ψυχῆς
1261 3558 1378 3610 σου,
1413 3542 1508 3597 καὶ
1536 3541 1698 3597 δώσει
1729 3561 1813 3598 σοι
1835 3544 1926 3599 τὸν

321 3628 480 3683 ὐετὸν
514 3629 618 3700 τῆς
655 3629 760 3701 γῆς
789 3647 908 3694 σου,
948 3630 1074 3684 καθ’
1102 3631 1253 3702 ῶραν
1292 3633 1545 3705 πρώῖμον
1584 3637 1679 3690 καὶ
1728 3637 1928 3710 ὄψιμον

323 3721 422 3774 καὶ
454 3721 718 3786 εἰσοίσεις
747 3720 840 3776 τὸν
873 3722 1020 3776 σῖτόν
1047 3740 1140 3776 σου
1169 3723 1266 3778 καὶ
1294 3725 1386 3780 τὸν
1417 3723 1560 3782 οἶνόν
1598 3745 1716 3795 σου,
1748 3731 1842 3784 καὶ
1869 3730 1929 3784 τὸ

322 3811 507 3865 ἔλαιόν
562 3829 682 3878 σου,
713 3813 810 3866 καὶ
852 3811 1048 3877 δώσεις
1080 3814 1440 3887 χορτάσματα
1477 3818 1537 3870 ἐν
1582 3821 1698 3883 τοῖς
1736 3820 1930 3891 ἀγροῖς

326 3923 421 3959 σου
471 3905 589 3968 τοῖς
620 3903 848 3974 κτήνεσί
880 3921 998 3959 σου.
1037 3923 1056 3957 ι
1092 3905 1306 3961 Οὐκοῦν
1348 3908 1409 3962 τὸ
1439 3909 1540 3980 μὲν
1578 3910 1830 3983 εὐτεχνές
1868 3929 1929 3964 τε

325 4002 421 4054 καὶ
451 4000 753 4074 εὔρυθμον,
774 4003 857 4068 είς
880 4019 945 4073 γε
962 4001 1024 4056 τὸ
1045 4003 1252 4076 χρῆναι
1273 4003 1520 4077 πληροῦν
1539 4002 1574 4059 ἃ
1597 4004 1663 4059 ἂν
1686 4005 1930 4076 βούλοιτο

323 4093 480 4158 Θεὸς,
517 4096 550 4164 ή
586 4093 680 4148 τοῦ
721 4094 888 4165 νόμου
933 4095 1225 4168 μελέτησις
1263 4099 1387 4174 ,ταῖς
1417 4095 1717 4167 ἡμετέραις
1759 4098 1930 4151 εἰσοι-

325 4190 532 4242 κιεῖται
574 4187 800 4260 ψυχαῖς.
841 4189 1072 4260 Ἰδρῶτα
1117 4188 1176 4241 δὲ
1220 4188 1312 4242 τὸν
1362 4189 1453 4241 ἐπ’
1500 4187 1728 4262 ἀρεταῖς
1749 4189 1930 4245 οἰστὸν

323 4280 624 4350 ἀποφαίνει
651 4279 764 4335 τῶν
793 4279 1225 4352 ἐπηγγελμένων
1253 4281 1286 4351 ἡ
1323 4279 1533 4350 ἔφεσις.

395 4371 612 4426 ΠΔΛΛ.
674 4369 931 4444 Ἀληθές⁸
976 4370 1360 4442 συναινέσαιμι
1413 4369 1545 4440 γὰρ,
1595 4371 1691 4424 καὶ
1725 4371 1932 4442 σφόδρα

323 4465 578 4528 εἰκότως.
623 4462 876 4534 Ἀγάπης
919 4461 977 4516 δὲ
1023 4461 1125 4533 τῆς
1153 4463 1234 4526 εἰς
1278 4460 1370 4515 τὸν
1402 4461 1656 4533 πλησίον,
1701 4462 1824 4515 τίνα
1865 4462 1931 4533 δὴ

321 4557 528 4626 τρόπον
561 4556 886 4628 διαπερανεῖ
924 4572 1011 4622 τις
1041 4555 1108 4611 ἂν
1137 4555 1234 4610 τὸν
1269 4555 1456 4626 νόμον,
1497 4553 1616 4627 ῶρα
1654 4554 1855 4626 λέγειν,
1885 4548 1932 4611 ὦ

320 4647 445 4701 τάν.

395 4735 568 4789 ΚΥΡ.
619 4733 782 4789 ’ἰτέον
809 4734 876 4806 δὴ
907 4729 1002 4789 οῦν
1037 4734 1124 4787 ἐπ’
1155 4733 1288 4788 αὐτὸ
1311 4733 1376 4806 δὴ
1407 4733 1588 4788 τοῦτο.
1617 4732 1728 4787 Καὶ
1749 4733 1814 4805 δὴ
1837 4732 1931 4787 λέ-

321 4847 521 4902 γομεν,
551 4831 668 4893 τοῖς
716 4829 887 4901 ἰεροῖς
931 4826 1200 4898 ἑπόμενοι
1245 4827 1598 4899 Γρόιμμασιν,
1624 4826 1709 4880 ὅτι
1753 4827 1931 4898 Μωσῇ

325 4922 710 4994 προστέταχεν
730 4923 760 4975 ὁ
785 4921 894 4974 τῶν
923 4921 1063 4975 ὅλων
1084 4903 1368 4992 Δεσπότης
1392 4920 1545 4988 Θεὸς,
1572 4919 1934 4991 ἐξεκκλησιά-

326 5033 423 5069 σαι
448 5014 543 5068 τὸν
577 5013 728 5076 λαὸν,
769 5011 867 5066 καὶ
897 5011 1004 5065 ὐπὸ
1043 5011 1106 5066 τὸ
1137 5013 1271 5066 Σινᾶ
1309 5011 1648 5084 καλούμενον
1678 5011 1804 5084 ὅρος
1838 5030 1936 5065 κα-

325 5107 535 5179 θαρούς
573 5124 634 5160 τε
682 5106 779 5160 καὶ
818 5106 1191 5178 ήγνισμένους
1234 5101 1295 5159 εῦ
1355 5105 1504 5177 μάλα
1552 5107 1931 5175 συνενεγκεῖνο

326 5200 755 5259 ἀποπλύνασθαι
777 5199 887 5272 γάρ
913 5201 1025 5255 δεῖν
1055 5199 1127 5254 τά
1148 5201 1351 5272 ἄμφιας
1387 5200 1483 5254 καὶ
1505 5201 1606 5272 τῆς
1630 5201 1712 5264 εἰς
1741 5203 1934 5270 γυναῖ-

326 5312 433 5357 κας
471 5293 668 5364 ἡδονῆς
705 5291 941 5363 ὁρᾶσθαι
987 5291 1256 5363 βελτίους,
1288 5293 1369 5357 εἰς
1413 5294 1563 5359 τρεῖς
1615 5292 1937 5363 δια-τέταχεν

323 5385 568 5458 ἡμέρας,
601 5383 689 5438 διὰ
709 5383 818 5438 τῶν
846 5385 906 5438 ἐν
931 5383 1184 5457 αἰσθήσει
1215 5383 1314 5438 καὶ
1347 5383 1561 5456 ὁρατῶν
1589 5383 1936 5454 πραγμάτων

325 5477 620 5549 σημαίνων
651 5476 718 5530 τὰ
749 5476 921 5548 νοητά
944 5494 958 5509 ο
998 5476 1278 5548 λαμπροῖς
1308 5477 1420 5549 γὰρ
1463 5475 1655 5548 ῶσπερ
1685 5475 1935 5547 ἀμφίοις,

321 5574 444 5635 τοῖς
483 5569 544 5635 ἐξ
582 5569 796 5641 ἀρετῶν
834 5569 1120 5641 αὐχήμασι
1159 5568 1690 5641 κατηγλαῖσμένους,
1730 5569 1824 5621 καὶ
1869 5570 1935 5639 τῇ

324 5664 476 5720 κατά
500 5663 628 5717 νοῦν
649 5661 974 5735 φαιδρότητι
1004 5660 1436 5733 διαπρέποντας,
1459 5661 1554 5716 καὶ
1580 5660 1937 5732 φιλοσαρκίας

329 5756 557 5828 ἀπάσης
615 5743 723 5809 καῖ’
767 5752 1064 5825 μολυσμῶν
1111 5752 1378 5822 ἐπιγείων
1445 5751 1933 5824 ἀπηλλαγμένους,

338 5938 384 5970 ⁸⁵
419 5937 603 5996 Levit.
635 5954 782 6003 nu,
828 5937 942 5994 3-5.
1021 5937 1067 5970 "
1093 5934 1330 6005 Philipp.
1380 5933 1518 6005 tv,7.

1595 5933 1639 5966 ⁸⁷
1684 5933 1844 5987 Deut.
1884 5947 1956 5996 Il,

2027 3447 2083 3496 et
2119 3455 2188 3496 ex
2221 3449 2335 3496 tota
2367 3442 2549 3498 anima
2600 3452 2714 3510 tua,
2766 3455 2822 3500 et
2845 3445 3001 3502 dabit
3049 3447 3148 3506 tibi
3178 3449 3422 3520 pluviam
3471 3461 3632 3509 terrae.

2028 3541 2136 3588 tuae
2180 3547 2281 3588 suo
2314 3541 2562 3605 tempore
2595 3537 2982 3607 tempestivam
3005 3547 3062 3594 et
3104 3541 3424 3606 serotinam,
3457 3555 3511 3599 et
3542 3562 3632 3599 re-

2027 3625 2233 3682 condes
2263 3626 2509 3681 triticum
2557 3634 2748 3695 tuum,
2783 3637 2840 3684 et
2863 3629 3053 3684 vinum
3104 3638 3258 3686 tuum
3287 3673 3301 3699 ,
3349 3643 3406 3688 et
3449 3635 3631 3690 oleum

2028 3727 2208 3786 tuum,
2233 3726 2289 3774 et
2311 3718 2469 3775 dabis
2499 3719 2701 3791 pabula
2726 3720 2782 3774 in
2821 3721 2967 3792 agris
3001 3723 3111 3778 tuis
3131 3723 3624 3794 jumentistuis".i

2028 3811 2202 3883 Igitur
2233 3812 2346 3867 vim
2395 3813 2499 3868 rite
2535 3819 2594 3867 et
2649 3821 2774 3884 apte
2818 3827 2882 3868 ea
2937 3815 3294 3886 exsequendi,
3337 3833 3460 3888 qua:
3501 3819 3635 3874 velit

2028 3902 2208 3969 Deus,
2233 3903 2370 3975 legis
2403 3903 2690 3960 meditatio
2732 3906 2940 3960 nostris
2981 3907 3183 3962 animis
3231 3909 3574 3979 comparabit
3617 3929 3630 3963 :

2030 3997 2290 4052 sudorem
2317 4013 2485 4067 porro
2531 4013 2631 4067 pro
2657 3998 2863 4052 virtute
2895 4008 3237 4070 susceptum,
3283 4003 3630 4059 tolerabilem

2031 4089 2228 4148 reddet
2254 4090 2654 4162 promissorum
2694 4090 2967 4146 bonorum
3022 4107 3198 4147 amor.

2108 4354 2307 4410 PALL.
2359 4354 2441 4410 Ita
2482 4361 2568 4409 est
2601 4373 2614 4408 :
2642 4356 2920 4411 assentior
2942 4357 3115 4423 enim,
3147 4365 3205 4412 et
3243 4358 3467 4428 quidem
3508 4363 3632 4433 jure

2033 4446 2267 4517 optimo.
2305 4445 2415 4502 Sed
2439 4446 2554 4518 jam
2577 4453 2797 4517 tempus
2833 4455 2920 4502 est
2944 4449 3259 4519 explicandi
3291 4467 3399 4521 qua
3421 4453 3633 4509 ratione

2032 4540 2210 4613 legem
2247 4540 2314 4596 de
2331 4540 2614 4612 diligendo
2640 4540 2894 4612 proximo
2914 4541 3184 4612 perﬁcere
3207 4544 3481 4614 quispiam
3505 4563 3630 4618 pos-

1962 4669 2007 4725 Β
2036 4635 2127 4690 sit.

2109 4727 2268 4784 (ΠΒ.
2306 4727 2478 4800 Igitur
2493 4726 2562 4782 ad
2597 4726 2741 4782 hanc
2766 4727 2941 4798 ipsam
2976 4727 3406 4800 disputationem
3432 4739 3516 4786 est
3543 4747 3635 4786 ac-

2039 4823 2372 4880 cedendum.
2402 4821 2565 4892 222
2597 4821 2790 4892 Itaque
2824 4821 3063 4877 dicimus
3082 4838 3367 4878 sacrarum
3393 4822 3636 4880 Littera-

2041 4933 2167 4972 rum
2198 4915 2430 4986 vestigia
2456 4921 2877 4985 persequentes,
2909 4913 3078 4986 Moysi
3104 4915 3431 4985 praecepisse
3464 4915 3636 4970 Deum

2042 5009 2198 5063 illum
2229 5007 2621 5062 universorum
2649 5005 2968 5070 Dominum,
3004 5013 3067 5059 ut
3104 5015 3436 5061 convocaret
3459 5021 3636 5076 popu-

2042 5098 2179 5164 lum,
2211 5105 2269 5153 et
2289 5112 2386 5153 eos
2407 5097 2512 5152 sub
2539 5105 2806 5163 montem,
2839 5095 3065 5152 nomine
3095 5096 3247 5162 Sina,
3272 5111 3440 5167 puros
3473 5105 3638 5167 atque

2039 5191 2410 5248 sanctiﬁcatos
2429 5190 2765 5261 perduceret
2791 5207 2803 5244 :
2825 5189 2992 5262 jussit
3012 5191 3160 5246 enim
3183 5189 3410 5244 abluere
3433 5198 3636 5255 vestes,

2036 5295 2093 5342 et
2118 5301 2149 5341 a
2178 5285 2474 5340 mulierum
2507 5298 2809 5356 congressu
2836 5297 2936 5355 per
2968 5290 3082 5338 tres
3111 5282 3230 5338 dies
3252 5282 3554 5337 abstinere.
3580 5282 3636 5336 In

2039 5395 2150 5451 quo
2176 5394 2276 5450 per
2297 5394 2383 5443 ea,
2409 5393 2532 5448 quae
2553 5377 2810 5432 sensibus
2827 5375 3075 5447 exposita
3099 5385 3154 5431 et
3177 5375 3532 5446 aspectabilia
3554 5391 3644 5445 ge—

2039 5472 2325 5538 rebantur,
2350 5469 2660 5541 spiritualia
2682 5468 3012 5541 significavit
3035 5485 3060 5522 τ’
3076 5467 3381 5540 splendidis
3401 5482 3640 5536 namque

2034 5565 2282 5619 vestibus
2303 5561 2733 5634 quodammodo,
2759 5561 3052 5627 virtutum,
3076 5562 3323 5633 inquam,
3349 5573 3640 5615 ornamen-

2036 5657 2107 5712 tis
2147 5658 2487 5720 honestatos,
2528 5663 2585 5709 et
2630 5654 2800 5709 animi
2840 5654 3120 5709 hilaritate
3169 5653 3433 5724 insignes,
3484 5658 3539 5703 et
3571 5647 3640 5701 ab

2033 5752 2184 5806 omni
2232 5750 2416 5807 cannis
2457 5750 2742 5820 voluptate
2795 5763 2862 5806 ac
2915 5747 3158 5803 terrenis
3205 5739 3638 5817 inquinamentis

2005 5931 2090 5996 ιδ,
2127 5932 2208 5984 15.
