4104 6440
484 416 587 472 48ῖ

1513 410 1569 465 S.
1610 408 1885 465 CYRILLI
1924 408 2397 464 ALEXANDRINI
2438 405 2755 461 ARCHIEP.

3645 407 3744 463 488

488 530 695 588 alienos
715 532 781 587 ad
805 531 901 587 Dei
923 538 1277 599 conspectum
1308 532 1494 582 venire
1528 527 1708 594 decet,
1745 528 2056 583 institucn'te

2171 525 2333 578 οἱονεί
2354 543 2470 587 πως
2493 526 2572 587 εἰς
2599 523 2722 591 ὄψιν
2751 522 2887 575 ἱέναι
2915 521 3113 592 πρέπει
3140 518 3298 584 Θεοῦ,
3334 520 3744 588 παιδαγωγοῦν-

487 637 588 678 nos
618 622 688 677 ad
718 638 839 677 eam
878 636 994 675 rem
1022 620 1161 690 lege,
1205 627 1266 673 ut
1287 629 1436 675 certe
1470 619 1681 690 Moyses
1709 628 1925 673 veteres
1950 619 2071 673 illos
2134 682 2137 689 ι

487 713 809 769 instituebat
840 730 853 764 :
877 728 1002 767 nam
1028 712 1120 766 illa
1147 711 1335 783 ﬁgurae
1356 721 1516 767 erant
1539 712 1819 766 veriorum
1857 727 2065 766 rerum.

485 804 686 873 lllaque
708 800 1300 873 per'sapientissimum
1320 801 1502 856 virum
1527 801 1750 873 Moysen
1771 802 2065 864 institutio,

486 892 827 966 disciplinam
860 895 995 966 legis
1023 893 1093 948 ad
1128 893 1412 949 Christum
1450 895 1836 965 perducentis,
1873 894 2070 964 priscis

486 987 801 1042 hominibus
836 982 1122 1056 ﬁgurabat.
1159 983 1243 1039 Ad
1266 984 1382 1038 haec
1414 983 1551 1038 illud
1579 1000 1795 1055 quoque
1816 982 2066 1037 animad-

486 1078 737 1133 versione
767 1076 994 1148 dignum
1025 1083 1130 1141 est,
1161 1091 1363 1129 munus
1386 1075 1534 1129 enim
1571 1090 1633 1129 ac
1657 1090 1892 1145 persona
1926 1075 2066 1145 ejus,

482 1169 579 1239 qui
609 1169 904 1224 instituere
927 1168 1145 1231 debeat,
1181 1166 1239 1220 in
1261 1166 1428 1239 Moysi
1454 1181 1692 1237 persona
1720 1167 1925 1235 optime
1949 1182 2069 1221 ser-

482 1269 644 1314 vatur
677 1277 690 1313 :
731 1275 912 1330 neque
941 1259 1089 1314 enim
1130 1258 1197 1312 ad
1241 1273 1300 1314 se
1334 1259 1617 1329 populum,
1665 1258 1761 1312 sed
1794 1257 1863 1312 ad
1895 1258 2068 1312 Deum

484 1361 745 1421 tanquam
776 1351 845 1405 ad
875 1350 1241 1421 legislatorem
1270 1357 1327 1404 et
1351 1349 1655 1412 doctorem,
1686 1364 1749 1403 ac
1775 1365 1958 1403 rerum
1986 1347 2067 1403 fa-

482 1441 806 1495 ciendarum
828 1447 1113 1494 auctorem
1135 1438 1381 1493 adduxit.
1409 1438 1521 1493 Lex
1544 1453 1785 1508 quoque,
1820 1454 1942 1508 qua:
1970 1454 2069 1508 per

481 1531 724 1586 litteram
748 1531 1088 1595 instituebat,
1115 1544 1226 1584 non
1257 1530 1325 1584 ad
1356 1545 1415 1585 se
1437 1546 1538 1585 nos
1568 1530 1844 1600 perduxit,
1880 1530 1974 1585 sed
1999 1530 2077 1585 ad

482 1623 657 1678 Deum
683 1622 947 1688 Verbum,
981 1623 1077 1692 qui
1116 1630 1341 1692 propter
1375 1636 1479 1676 nos
1512 1620 1849 1677 descendite
1888 1622 2064 1679 caelis.

482 1713 625 1768 Num
650 1714 750 1769 tibi
771 1727 1028 1769 verarum
1056 1711 1538 1784 intelligentiarum
1561 1713 1787 1785 vestigia
1812 1714 2067 1785 persequi

484 1813 672 1861 nostra
701 1805 922 1861 videtur
953 1805 1168 1861 oratio?

553 1993 749 2049 PALL.
781 1994 1011 2049 Maxime
1050 2009 1203 2050 vero.

550 2084 706 2141 CYR.
752 2085 1029 2156 Scriptum
1061 2092 1146 2141 est
1177 2085 1347 2157 igitur
1388 2103 1400 2139 :
1451 2104 1469 2136 ι
1519 2085 1589 2139 Ει
1624 2084 1815 2139 eduxit
1857 2084 2066 2154 Moyses

480 2180 740 2251 populum
767 2180 821 2233 in
845 2194 1138 2234 occursum
1163 2179 1262 2233 Dei
1284 2194 1314 2233 e
1335 2179 1560 2244 castris;
1590 2186 1647 2233 et
1670 2186 1941 2233 steterunt
1961 2176 2065 2232 sub

478 2278 663 2324 monte
708 2268 857 2324 Sina.
903 2270 1058 2325 Mons
1101 2277 1287 2324 autem
1328 2268 1459 2323 Sina
1502 2277 1651 2323 totus
1690 2268 1955 2332 fumabat,
1996 2283 2063 2322 eo

477 2361 623 2431 quod
652 2360 1027 2416 descendisset
1080 2360 1345 2415 Dominus
1389 2374 1555 2430 super
1608 2360 1786 2429 ipsum
1826 2359 1880 2413 in
1903 2359 2060 2430 igne:

476 2460 533 2507 et
565 2451 899 2508 ascendebat
936 2452 1120 2506 fumus
1172 2460 1434 2521 tanquam
1472 2440 1657 2507 fumus
1698 2452 1938 2507 fornacis
1967 2471 1979 2505 :
2008 2462 2066 2507 et

476 2542 774 2597 exterritus
805 2550 891 2596 est
948 2541 1129 2596 omnis
1180 2542 1415 2611 populus
1436 2540 2063 2597 vaidc:ﬁebantautem

476 2650 641 2689 voces
672 2634 816 2688 tubae
851 2632 1213 2703 procedentes
1242 2632 1501 2687 fortiores
1534 2632 1710 2687 valde.
1752 2633 1963 2706 Moyses
1984 2634 2066 2687 lo-

477 2723 777 2793 quebatur;
810 2722 956 2776 Deus
992 2720 1362 2790 respondebat
1402 2721 1478 2775 illi
1515 2736 1646 2776 voce
1688 2722 1753 2776 εδ.
1805 2741 1822 2772 ι
1870 2723 2059 2793 igitur,

477 2814 625 2884 quod
649 2814 704 2868 in
734 2821 920 2867 monte
950 2812 1236 2867 descendit
1264 2813 1431 2878 Deus,
1471 2815 1686 2883 signum
1710 2815 2060 2883 perspicuum

476 2919 597 2960 esse
638 2905 863 2975 poterit,
918 2920 1029 2959 non
1080 2903 1233 2958 illum
1286 2905 1352 2959 ad
1401 2915 1614 2959 mentes
1665 2906 2063 2976 abjeetissimas

475 2996 698 3061 venire;
770 3011 949 3066 neque
1017 3011 1142 3049 cum
1214 2995 1323 3050 illis
1378 2996 1628 3051 habitare
1691 2998 1900 3063 solere,
1965 2999 2059 3069 qui

476 3100 746 3153 terrenos,
798 3096 855 3143 et
899 3088 1052 3143 humi
1101 3087 1345 3159 abjcctos
1390 3089 1602 3144 animos
1646 3089 1914 3158 habeant;
1963 3092 2059 3147 sed

2172 636 2263 681 τος
2291 619 2440 689 ἡμᾶς
2474 620 2553 680 εἰς
2579 615 2737 669 τοῦτο
2773 613 2871 667 τοῦ
2902 615 3091 684 νόμου,
3134 613 3385 684 καθάπερ
3433 611 3625 683 ἀμέλει
3657 614 3749 666 καὶ

2169 710 2297 774 τοὺς
2330 709 2496 764 πάλαι
2520 708 2746 777 Μωσῆς·
2785 707 2943 761 τύποι
2970 707 3077 778 γὰρ
3106 702 3248 778 ἦσαν
3269 708 3453 759 ἐκεῖνα
3484 706 3589 759 τῶν
3622 707 3749 779 ἁλη-

2170 802 2460 871 Οεστέρων.
2509 800 2620 854 Καὶ
2651 802 2684 869 ἡ
2712 798 2799 852 διὰ
2842 796 2937 851 τοῦ
2973 798 3254 864 πανσόφου
3284 795 3530 860 Μωσέως
3559 798 3749 850 παιδα-

2168 894 2368 962 γωγία,
2404 894 2503 964 τὴν
2533 892 2625 947 διὰ
2667 890 2760 945 τοῦ
2799 891 2968 961 νόμου
3004 889 3287 943 παίδευσιν
3321 888 3748 959 ἁποκομίζοντος

2167 989 2247 1050 εἰς
2277 985 2534 1058 Χριστὸν,
2563 983 2840 1038 ὑπετύπου
2868 984 2979 1045 τοῖς
3002 980 3396 1052 ἀρχαιοτέροις.
3435 980 3747 1051 Ἐπιτηρεῖν

2167 1076 2224 1129 δὲ
2258 1075 2396 1147 πρὸς
2429 1074 2638 1138 τούτοις
2670 1073 2819 1140 ἄξιον
2847 1073 3071 1126 κακεῖνο
3104 1065 3257 1140 οἶμαι
3285 1086 3411 1124 που.
3435 1070 3509 1123 T6
3533 1070 3643 1142 γάρ
3666 1089 3748 1125 τοι

2167 1167 2358 1239 χρῆμά
2380 1184 2441 1220 τε
2473 1168 2568 1221 καὶ
2595 1166 2888 1236 πρόσωπον
2917 1161 3011 1217 τοῦ
3038 1162 3403 1230 παιδαγωγεῖν
3420 1160 3745 1242 ὀφείλοντος,

2168 1260 2225 1313 ἔν
2244 1276 2307 1327 γε
2336 1258 2415 1329 τῷ
2440 1258 2684 1321 Μωσέως
2702 1255 2981 1327 προσώπῳ
3003 1256 3301 1325 τετήρηται
3324 1251 3523 1316 καλῶς·
3550 1252 3608 1305 ού
3641 1252 3749 1323 γὰρ

2168 1349 2349 1419 ἑαυτῷ
2373 1349 2737 1419 παρέστησεν,
2768 1346 2903 1399 άλλά
2942 1344 3061 1416 Θεῷ
3102 1343 3195 1398 τὸν
3233 1343 3381 1407 λαὸν,
3421 1343 3584 1395 οἱονεί
3635 1361 3747 1407 πως

2170 1439 2475 1511 θεσμοθέτῃ
2514 1438 2609 1492 καὶ
2646 1435 2953 1506 διδασκάλῳ
3004 1434 3098 1488 καὶ
3150 1433 3259 1487 τῶν
3307 1432 3593 1503 πρακτέων
3636 1433 3747 1483 εἱσ-

2168 1533 2368 1602 ηγητῇ.
2402 1528 2775 1602 Προσεκόμιζε
2801 1529 2857 1581 δὲ
2887 1527 2983 1581 καὶ
3012 1527 3159 1597 ἡμᾶς
3200 1524 3298 1594 οὐχ
3333 1523 3508 1593 ἐαυτῷ
3532 1522 3619 1575 διὰ
3651 1522 3743 1575 τοῦ

2168 1624 2497 1695 γράμματος
2540 1619 2890 1689 παιδαγωγὸς
2939 1617 3014 1673 ὣν
3054 1620 3082 1671 6
3134 1616 3319 1686 νόμος,
3369 1615 3505 1669 ἀλλά
3555 1614 3631 1685 τῷ
3677 1613 3743 1667 δι’

2167 1714 2318 1784 ἡμᾶς
2351 1713 2410 1780 ἐξ
2444 1710 2674 1783 οὐρανοῦ
2722 1712 3187 1781 καταφοιτήσαντι
3225 1707 3345 1778 Θεῷ
3376 1707 3554 1777 Λόγῳ.
3597 1703 3745 1777 Ἀρά

2169 1822 2252 1859 σοι
2285 1808 2405 1859 κατ’
2430 1805 2576 1875 ῖχνος
2600 1802 2708 1858 τῶν
2731 1802 2829 1873 τῆς
2853 1800 3111 1873 ἀληθείας
3140 1799 3357 1855 ἐννοιῶν
3381 1799 3411 1851 6
3438 1798 3592 1868 λόγος
3614 1800 3743 1868 ἡμῖν

2099 1862 2139 1917 Β
2171 1897 2308 1951 ἰέναι
2330 1862 2509 1962 δοκεῖ;

2237 1988 2445 2041 IIAAA.
2467 1987 2618 2040 Πάνυ
2648 1985 2746 2057 μὲν
2777 1980 2889 2040 οὖν.

2235 2080 2401 2134 ΚΥΡ.
2427 2079 2739 2151 Γέγραπται
2763 2078 2964 2142 τοίνυν,
2989 2077 3072 2130 ὅτι
3102 2095 3119 2127 ι
3146 2076 3255 2129 Καὶ
3276 2060 3511 2147 ἐξήγαγε
3535 2073 3741 2143 Μωσῆς

2164 2169 2254 2224 τὸν
2279 2169 2408 2223 λαὸν
2429 2172 2509 2235 είς
2535 2171 2855 2240 συνάντησιν
2877 2168 2969 2221 τοῦ
2987 2168 3145 2233 Θεοῦ,
3165 2171 3228 2222 ἐκ
3249 2168 3350 2239 τῆς
3369 2167 3739 2240 παρεμϐολῆς,

2165 2263 2261 2316 καὶ
2288 2263 2642 2335 παρέστησαν
2674 2261 2779 2316 ὑπὸ
2812 2261 2875 2315 τὸ
2908 2260 3031 2332 ὅρος
3065 2260 3127 2314 τὸ
3158 2261 3307 2315 Σινᾶ.
3334 2260 3408 2313 Τὸ
3444 2260 3500 2314 δέ
3531 2260 3655 2332 ὅρος
3683 2260 3743 2312 τὸ

2165 2353 2297 2405 Σινᾶ
2335 2351 2659 2417 ἐκαπνίζετο
2686 2352 2807 2406 ὅλον
2849 2350 2939 2404 διὰ
2980 2350 3041 2403 τὸ
3073 2350 3504 2422 καταδεϐηκέναι
3540 2350 3743 2419 Κύριον

2166 2442 2253 2495 ἐπ’
2283 2442 2449 2496 αὐτοῦ
2471 2443 2527 2493 ἐν
2557 2440 2713 2513 πυρὶ,
2735 2440 2829 2495 καὶ
2852 2439 3133 2494 ἀνέϐαινεν
3154 2440 3182 2492 6
3210 2438 3415 2503 καπνὸς
3437 2440 3511 2503 ὡς
3538 2440 3743 2501 καπνὸς

2165 2533 2397 2604 καμίνου
2423 2550 2437 2564 ⁸
2469 2533 2561 2587 καὶ
2593 2533 2785 2604 ἐξέστη
2832 2533 2937 2596 πᾶς
2976 2532 3004 2585 6
3049 2531 3177 2595 λαδς
3223 2532 3427 2603 σφόδρα
3448 2550 3461 2562 ·
3493 2532 3742 2602 ἐγένοντο

2163 2625 2221 2678 δέ
2242 2628 2297 2678 αἱ
2338 2625 2513 2694 φωναὶ
2534 2627 2629 2696 τῆς
2654 2623 2952 2692 σάλπιγγος
2982 2622 3368 2694 προϐαίνουσαι
3398 2623 3742 2694 ἰσχυρότεραι

2166 2718 2391 2789 σφόδρα.
2432 2718 2638 2787 Μωσῆς
2678 2715 2887 2771 ἐλάλει·
2921 2718 2949 2769 6
2972 2714 3029 2768 δὲ
3074 2715 3209 2778 Θεὸς
3242 2716 3562 2785 ἀπεκρίνετο
3595 2714 3742 2786 αὐτῷ

2165 2813 2337 2881 φωνῇ.
2404 2828 2422 2860 ι
2477 2809 2550 2861 Τὸ
2592 2808 2692 2879 μὲν
2738 2803 2831 2862 οὖν
2870 2808 2928 2859 ἐν
2984 2806 3100 2876 (Sper
3144 2792 3543 2876 καταφοιτῆσαι
3586 2806 3739 2869 Θεὸν,

2167 2905 2394 2974 σημεῖον
2426 2902 2490 2955 ἂν
2520 2901 2728 2970 γένοιτο
2776 2898 2871 2955 καὶ⁸
2925 2897 3070 2969 μάλα
3118 2898 3307 2966 σαφὲς,
3344 2900 3436 2953 τοῦ
3481 2899 3742 2961 διανοίαις

2164 2995 2326 3049 αὐτὸν
2368 2996 2428 3047 ού
2469 2992 2929 3064 χθαμαλωτάταις
2955 2995 3263 3064 ὲπιφοιτᾷν,
3292 2991 3415 3046 οὒτε
3451 2993 3558 3062 μὴν
3591 2995 3720 3047 ἐναυ

2162 3084 2406 3149 λίζεσθαι
2436 3085 2611 3153 φιλεῖν
2644 3087 2755 3148 τοῖς
2778 3085 2977 3154 γεῶδες
3022 3084 3204 3156 ἔχουσι
3245 3082 3340 3138 καὶ
3372 3084 3738 3157 χαμαιῤῥιερές

476 3195 601 3235 cum
635 3195 722 3245 eo,
763 3180 920 3251 cujus
964 3179 1181 3234 animus
1230 3179 1287 3233 in
1333 3180 1567 3235 sublime
1611 3183 1963 3249 conscendat,
2006 3192 2056 3239 et

2161 3179 2221 3231 τὸ
2245 3177 2520 3249 φρόνημα,
2553 3176 2667 3229 ἀλλ’
2693 3178 2800 3247 ὅτῳ
2824 3194 2928 3248 περ
2948 3175 3015 3230 ἂν
3042 3178 3070 3230 6
3092 3175 3365 3240 νοῦςάναθ
3376 3175 3573 3248 ρώσκοι
3602 3177 3740 3248 πρὸς

473 3270 629 3341 quasi
655 3271 917 3325 verticem
944 3270 1220 3325 excelsum
1247 3280 1460 3335 tenens,
1504 3271 1744 3327 humana
1772 3273 2055 3345 despiciat,

475 3361 634 3431 223
661 3372 715 3416 et
738 3376 800 3416 ea
824 3362 961 3425 sola,
987 3377 1107 3430 qua:
1130 3362 1226 3416 Dei
1262 3371 1410 3427 sunt,
1442 3370 1672 3431 spectet.
1705 3363 1877 3417 Aliam
1915 3381 2056 3435 quo-

473 3469 581 3523 que
602 3453 1056 3523 signiﬁcationem
1074 3452 1280 3507 habere
1310 3462 1511 3523 potest,
1539 3455 1833 3510 sublimem
1857 3472 2056 3529 nempe.

472 3560 597 3601 esse
620 3545 715 3599 Dei
741 3545 1133 3615 cognitionem,
1158 3553 1210 3600 et
1236 3555 1426 3601 nostra
1461 3547 1776 3602 conditione
1801 3551 2055 3618 superio-

473 3654 613 3701 rem,
650 3644 717 3694 ab
753 3638 822 3692 iis
859 3636 1143 3702 duntaxat,
1173 3644 1229 3691 et
1262 3638 1485 3707 quidem
1530 3655 1597 3694 ex
1636 3648 1812 3709 parte,
1846 3641 2055 3710 percipi

474 3740 657 3796 posse,
686 3726 780 3797 qui
822 3741 922 3796 per
956 3726 1211 3780 sublimia
1248 3726 1436 3782 volare
1478 3728 1822 3795 studueriut;
1867 3750 1883 3780 ‹
1914 3731 2053 3785 Pulli

410 3872 415 3879 ,
473 3831 713 3885 namque
753 3816 991 3872 vulturis
1022 3832 1121 3887 per
1152 3818 1410 3873 sublimia
1441 3819 1628 3873 volant
1653 3821 1720 3885 κθ,
1764 3840 1782 3871 ι
1816 3829 1878 3874 ιιι
1913 3824 2052 3878 scri-

470 3916 628 3979 ptum
662 3917 766 3965 est.
812 3908 985 3964 Simul
1026 3911 1270 3982 intellige
1312 3911 1508 3977 Deum,
1536 3926 1662 3966 cum
1695 3920 1937 3968 veterem
1977 3916 2053 3970 lc-

471 4015 592 4071 gem
622 4000 818 4070 priscis
849 4001 957 4057 illis
993 4002 1314 4059 hominibus
1344 4003 1539 4068 ferret,
1566 4004 1916 4061 descendisse
1941 4024 2051 4063 non

472 4091 568 4145 ubi
602 4093 837 4161 populus
878 4101 1017 4159 erat,
1047 4094 1143 4150 sed
1184 4094 1240 4150 in
1282 4095 1573 4151 sublimem
1605 4096 1808 4161 locum,
1844 4108 1899 4153 et
1925 4100 2051 4170 qui-

472 4184 596 4239 dem
621 4186 831 4254 procul.
862 4186 1189 4242 Recesserat
1214 4188 1361 4242 enim
1398 4204 1430 4243 a
1470 4188 1631 4259 longe
1672 4189 1872 4255 adhuc,
1894 4192 2050 4262 juxta

469 4273 758 4329 Psallcntis
782 4291 971 4330 vocem
995 4276 1060 4340 θ’),
1096 4291 1221 4329 cum
1251 4276 1342 4331 ille
1367 4276 1692 4348 Unigcnitus
1713 4278 1958 4334 nondum
1983 4280 2049 4334 ad

466 4385 571 4423 nos
599 4385 696 4438 per
727 4384 946 4423 carnem
984 4367 1326 4432 accessisset,
1357 4384 1539 4437 neque
1566 4384 1623 4424 se
1671 4370 1738 4423 ad
1769 4371 1915 4423 iilam
1950 4386 2047 4424 ex-

469 4460 828 4516 inanitionem
856 4460 1195 4526 demisisset;
1224 4475 1404 4530 neque
1426 4462 1573 4516 enim
1598 4462 1795 4531 priscis
1820 4461 2048 4526 illis,sed

469 4554 629 4608 nobis
666 4553 801 4623 ipsis
840 4553 948 4608 hoc
986 4551 1306 4622 mysterium
1339 4558 1423 4605 est
1461 4562 1799 4607 reservatum
1831 4569 1844 4604 :
1871 4551 2049 4609 factus

466 4650 550 4697 est
573 4643 723 4697 enim
754 4642 896 4696 inter
923 4654 1048 4705 nos,
1076 4647 1340 4711 quantum
1375 4640 1570 4695 attinet
1601 4641 1670 4695 ad
1704 4642 1852 4695 illam
1884 4657 2044 4712 aspe-

468 4734 723 4790 ctabilem
760 4733 1008 4805 gloriam.
1036 4731 1339 4787 divinitatis
1370 4731 1707 4787 sublimitate
1737 4732 1955 4799 relicta;
1980 4749 2045 4789 ac

466 4834 716 4881 versatus
741 4834 825 4880 est
852 4824 1168 4889 nobiscum,
1192 4831 1251 4881 ut
1285 4839 1428 4879 unus
1459 4839 1489 4879 e
1523 4823 1701 4878 nobis.
1738 4824 1882 4895 ignis
1914 4840 2043 4881 vero

466 4919 648 4987 Specie
692 4915 978 4972 descendit
1014 4916 1159 4972 Deus
1199 4931 1216 4969 :
1249 4916 1539 4987 oportebat
1581 4916 1731 4970 enim
1772 4917 2038 4987 profecto,

472 5018 553 5074 ut,
573 5008 669 5079 qui
704 5007 989 5063 coactione
1033 5022 1097 5061 ac
1129 5007 1249 5077 lege
1284 5006 1509 5077 regendi
1540 5014 1718 5074 erant,
1744 5016 1896 5062 certo
1930 5009 2039 5063 sci-

466 5106 588 5151 rent
630 5098 677 5152 si
723 5096 792 5152 ad
840 5094 1111 5168 ignaviam
1161 5096 1437 5151 declinare
1483 5097 1716 5161 vellent,
1765 5097 1869 5152 sibi
1913 5113 2039 5153 cum

465 5190 575 5260 igni
618 5190 887 5245 rationem
925 5186 1189 5242 futuram.
1225 5188 1415 5257 Neque
1449 5187 1596 5243 enim
1632 5204 1700 5243 ex
1732 5188 2039 5245 voluntaria

463 5283 777 5349 dilectione,
811 5289 868 5336 et
904 5281 1193 5351 spontanei
1234 5281 1402 5334 animi
1450 5282 1744 5355 momentis
1778 5298 1807 5336 a
1846 5282 2041 5351 priscis

465 5374 572 5429 illis
595 5373 911 5430 hominibus
933 5373 1028 5428 Dei
1058 5387 1212 5427 amor
1237 5374 1630 5444 prmstabatur;
1668 5373 1762 5429 sed
1790 5373 1946 5443 quasi
1972 5389 2039 5427 ex

380 5464 389 5469 ’
464 5465 743 5519 coactione
776 5480 841 5519 ac
866 5464 1064 5519 timore
1093 5481 1103 5516 :
1131 5480 1257 5518 nam
1294 5463 1474 5535 neque
1502 5464 1639 5519 liber
1668 5465 1897 5534 spiritus
1934 5464 2041 5519 illis

464 5558 658 5621 inerat,
698 5572 875 5627 neque
930 5556 1257 5627 adoptionis,
1296 5556 1392 5612 sed
1435 5556 1723 5611 servitutis
1770 5556 1824 5608 in
1877 5555 2038 5610 timo-

463 5664 597 5704 rem.
626 5649 889 5705 Fumabat
912 5661 1175 5723 praeterea
1197 5666 1374 5715 mons,
1397 5665 1463 5705 co
1493 5648 1640 5719 quod
1665 5647 2041 5704 descendisset

531 5835 575 5865 ⁸³
602 5835 772 5889 Exod.
799 5852 909 5903 xxx,
944 5837 1191 5893 17-19."
1215 5837 1318 5893 Job
1344 5854 1395 5899 γ,
1450 5836 1535 5888 Η.
1610 5834 1653 5865 ⁸ο
1685 5835 1827 5891 Psal.
1868 5851 1942 5900 γι,
1974 5835 2027 5888 4.

2160 3274 2220 3327 τὸ
2265 3272 2425 3342 ὑψοῦ,
2462 3273 2556 3326 καὶ
2599 3273 2762 3325 οἱονεὶ
2804 3272 3050 3344 κορυφὴν
3093 3271 3530 3344 ὑπερτέλλουσαν
3575 3272 3738 3343 ἔχων,

2160 3367 2310 3420 κάτω
2340 3384 2441 3420 που
2476 3365 2663 3436 βλέπει
2683 3365 2751 3418 τὰ
2779 3366 2876 3420 ἀνθ
2886 3365 3115 3437 ρώπινα,
3141 3365 3235 3419 καὶ
3261 3366 3396 3437 μόνα
3418 3366 3742 3433 φαντάζοιτο

2158 3459 2228 3513 τὰ
2251 3458 2402 3531 παρὰ
2420 3458 2559 3529 Θεῷ.
2591 3458 3019 3529 Κατασημήνειε
3042 3457 3087 3510 δ’
3109 3456 3175 3511 ἂν
3204 3457 3299 3510 καὶ
3320 3458 3542 3529 ἑτέρως,
3561 3456 3739 3529 ὑψηλὴ

2163 3552 2263 3622 μὲν
2294 3552 2378 3605 ὅτι
2397 3551 2493 3605 καὶ
2527 3550 2897 3621 ὑπερκειμένη
2925 3549 3034 3603 τῶν
3056 3549 3178 3603 καθ’
3206 3550 3356 3620 ἡμᾶς
3380 3550 3414 3621 ἡ
3448 3566 3512 3601 πε
3523 3550 3576 3621 pi.
3600 3546 3737 3601 Θεοῦ

2160 3642 2382 3712 γνῶσις,
2437 3642 2619 3713 μόνοις
2660 3641 2717 3694 δὲ
2763 3640 2903 3711 τάχα
2935 3657 3039 3693 που
3083 3638 3185 3693 κᾶν
3235 3637 3366 3708 γοῦν
3422 3640 3486 3690 ἐκ
3537 3638 3735 3708 μέρους

2157 3735 2435 3806 ἁλώσιμος
2491 3737 2603 3798 τοῖς
2641 3733 2708 3787 τὰ
2759 3731 2941 3803 ὑψηλά
3003 3731 3257 3786 πέτεσθαι
3307 3730 3735 3802 μεμελετηκόσι·

2148 3838 2180 3881 ἰ
2217 3830 2451 3883 Νεοσσοὶ
2473 3828 2580 3901 γάρ
2611 3827 2785 3897 γυπὸς
2813 3824 2881 3879 τὰ
2911 3824 3091 3897 ὑψηλά
3128 3825 3410 3888 πέτανται,
3452 3844 3471 3876 ι
3506 3822 3648 3878 κατά
3676 3821 3737 3875 τὺ

2155 3922 2563 3994 γεγραμμένον.
2609 3921 2696 3973 Ἐν
2727 3918 2900 3991 τούτῳ
2933 3918 2991 3970 δὲ
3027 3918 3203 3982 σύνες,
3231 3918 3312 3970 ὅτι
3347 3914 3552 3984 κατέϐη
3603 3913 3738 3977 Θεὸς

2154 4015 2245 4068 τὸν
2267 4015 2495 4086 ἀρχαῖον
2524 4016 2636 4075 τοῖς
2664 4011 2833 4066 πάλαι
2858 4008 3108 4083 διορίζων
3126 4010 3310 4080 νόμον,
3341 4007 3440 4061 οὐκ
3473 4004 3601 4058 ἔνθα
3628 4021 3735 4075 περ

2152 4101 2220 4177 ἦν
2251 4108 2279 4159 6
2310 4104 2458 4170 λαὸς,
2489 4102 2606 4158 ἀλλ’
2637 4102 2773 4174 ὑψοῦ
2807 4103 2904 4158 καὶ
2955 4101 3193 4173 μακράν.
3243 4098 3592 4168 Ἀφειστήκει
3623 4093 3733 4166 γάρ

2158 4194 2434 4268 μακρόθεν
2460 4194 2540 4247 ἔτι
2567 4192 2709 4245 κατά
2746 4191 2845 4264 τὴν
2870 4191 2964 4244 τοῦ
2993 4190 3307 4252 Ψάλλοντος
3345 4186 3551 4257 φωνὴν,
3577 4183 3735 4237 οὔπω

2152 4287 2435 4357 γεγονότος
2471 4285 2590 4357 μεθ’
2639 4285 2795 4357 ἡμῶν
2838 4280 3136 4354 σαρκικῶς,
3167 4279 3290 4334 οὔτε
3329 4277 3435 4349 μὴν
3472 4275 3731 4339 καθέντος

2153 4380 2341 4433 ἑαυτὸν
2389 4380 2469 4444 εἰς
2521 4379 2749 4432 κένωσιν
2792 4375 2886 4429 τοῦ
2934 4372 3303 4440 Μονογενοῦς’
3354 4371 3416 4429 οὐ
3472 4371 3580 4440 γάρ
3617 4370 3733 4431 τοῖς

2151 4471 2547 4543 ἀρχαιοτέροις,
2597 4469 2709 4523 ἀλλ’
2755 4469 2836 4532 εἰς
2888 4468 3036 4538 ἡμᾶς
3084 4465 3281 4528 αὐτοὺς
3328 4466 3623 4532 τετήρηται
3668 4460 3730 4513 τὸ

2156 4562 2453 4632 μυστήριον
2474 4575 2487 4588 °
2521 4560 2713 4629 γέγονε
2734 4556 2842 4628 γὰρ
2877 4556 2997 4627 μεθ’
3024 4556 3183 4628 ἡμῶν
3217 4557 3338 4610 ὅσον
3362 4549 3502 4625 ἧκεν
3529 4554 3726 4615 εἰπεῖν,

2154 4653 2232 4714 εις
2264 4650 2421 4715 δόξαν
2464 4648 2877 4720 όφθαλμοφανῆ,
2908 4647 2978 4701 τὰ
3013 4648 3113 4719 τῆς
3155 4647 3408 4717 θεότητος
3457 4643 3729 4713 ὑψώματα

2153 4738 2557 4802 καταλελοιπώς
2584 4753 2598 4767 ·
2632 4736 2975 4791 ἐπολιτεύετο
2996 4737 3052 4791 δὲ
3086 4736 3205 4808 μεθ’
3236 4735 3415 4806 ἡμῶν,
3448 4736 3525 4797 ὡς
3559 4729 3638 4796 εἷς
3668 4733 3730 4797 ἐξ

2148 4837 2181 4906 η
2192 4832 2327 4903 μῶν.
2367 4832 2453 4884 Ἐν
2477 4830 2608 4883 εἴδει
2640 4846 2703 4899 γε
2730 4830 2838 4901 μὴν
2856 4828 2947 4882 τοῦ
2976 4834 3147 4900 πυρὸς
3178 4826 3369 4897 κατῄει
3391 4825 3522 4889 Θεός
3545 4843 3562 4857 ο
3597 4825 3724 4888 ἔδει,

2148 4928 2261 4987 τοῖς
2294 4923 2510 4993 ἀνάγκῃ
2538 4923 2631 4976 καὶ
2661 4922 2811 4993 νόμῳ
2837 4921 2965 4985 τοὺς
3002 4918 3469 4988 παιδαγωγεῖσθαι
3504 4917 3725 4990 μέλλον-

2148 5031 2268 5077 τας,
2306 5014 2387 5066 ὅτι
2435 5012 2575 5084 πρὸς
2612 5012 2723 5084 πῦρ
2761 5011 2943 5078 ἕξουσι
2991 5013 3117 5074 τοὺς
3166 5011 3377 5080 λόγους,
3423 5011 3473 5062 εἰ
3522 5010 3727 5062 ἕλοιντο

2150 5102 2438 5175 ῥᾳθυμεῖν,
2478 5101 2731 5157 διειδέναι
2770 5103 2977 5171 σαφῶς.
3010 5103 3084 5155 Οὐ
3116 5101 3227 5172 γὰρ
3271 5100 3328 5166 ἐξ
3378 5099 3602 5170 ἀγάπης
3629 5102 3724 5168 τῆς

2148 5195 2475 5260 ἐθελουσίου,
2509 5196 2603 5248 καὶ
2635 5176 2735 5248 νοίἷ
2755 5194 2927 5264 ῥοπῆς
2962 5192 3251 5264 ἐλευθέρας
3282 5192 3583 5262 ἐπράττετο
3613 5193 3725 5252 τοῖς

2150 5287 2529 5358 ἀρχαιοτέροις
2574 5285 2633 5338 τὸ
2667 5285 2937 5353 θεοφιλὲς,
2971 5284 3086 5339 ἀλλ’
3112 5285 3188 5347 ὡς
3231 5282 3292 5346 ἐξ
3330 5282 3578 5351 ἀνάγκης
3632 5283 3723 5333 καὶ

2148 5379 2342 5446 φόόου·
2383 5376 2599 5448 πνεῦμα
2633 5378 2741 5447 γὰρ
2765 5373 2831 5448 ἦν
2860 5377 2963 5430 ούκ
2985 5374 3289 5446 ἐλεύθερον,
3313 5374 3437 5429 οὔτε
3476 5373 3581 5445 μὴν
3610 5374 3724 5425 υἱο-

2149 5467 2355 5535 θεσίας,
2379 5468 2437 5521 τὸ
2472 5470 2528 5521 ἐν
2549 5469 2755 5532 αὐτοῖς,
2778 5468 2915 5522 ἀλλά
2938 5467 3180 5531 δουλείας
3196 5470 3276 5531 είς
3303 5468 3486 5536 φὸδον.
3515 5464 3725 5519 Καπνί-

2149 5558 2303 5623 ζεται
2346 5560 2401 5613 δὲ
2431 5559 2492 5613 τὸ
2521 5560 2646 5630 ὅρος
2682 5558 2772 5612 διὰ
2810 5560 2872 5612 τὸ
2916 5560 3354 5629 καταδεδηκέναι
3391 5558 3593 5629 Κύριον
3633 5555 3721 5608 ἐπ’

2151 5652 2311 5705 αὐτὸν
2341 5653 2397 5705 ἐν
2423 5653 2557 5724 πυρί
2577 5670 2589 5685 υ
2625 5651 2717 5706 καὶ
2746 5650 2928 5718 τοῦτο,
2960 5647 3135 5722 οἶμαι,
3173 5651 3287 5705 ἐστὶ
3308 5651 3369 5703 τὸ
3394 5652 3450 5704 ἐν
3471 5650 3721 5719 Ψαλμοῖς
