4104 6436
352 323 469 386 489

1075 325 1166 385 DE
1206 325 1653 386 ADORATIONE
1693 328 1760 384 IN
1803 324 2076 388 SPIRITU
2117 330 2204 388 ET
2245 325 2616 388 VERITATE.
2660 330 2789 389 LIB.
2832 331 2943 388 ΥΠ.

3546 328 3652 389 490

357 444 733 516 ὑμνούμενον·
771 463 788 496 ι
824 446 934 499 Καὶ
962 445 1117 500 ἔθετο
1147 448 1339 512 σκότος
1360 449 1690 523 ἀποκρυφὴν
1710 450 1896 506 αὑτοῦ.
1931 470 1948 500 ι

2062 468 2228 522 super
2266 470 2393 509 eum
2427 453 2694 508 Dominus
2729 453 2785 507 in
2821 454 2944 524 igne
2975 471 2985 504 :
3017 449 3202 521 idque,
3233 458 3293 504 ut
3321 450 3536 521 opinor,
3566 463 3651 506 est

355 539 790 611 Κατασημήνειε
815 539 862 592 δ’
888 537 955 593 ἂν
982 545 1076 594 καὶ
1105 541 1309 612 ἑτέρως
1332 543 1466 612 ἡμῖν
1490 543 1519 594 6
1548 543 1754 607 καπνὸς
1782 543 1844 596 τὸ
1866 544 1959 596 ἐπὶ

351 635 424 703 τῇ
472 633 882 704 καταφρονήσει
932 633 1110 704 πάντη
1159 651 1221 686 τε
1269 634 1364 687 καὶ
1428 634 1648 699 πάντως
1697 636 1958 706 ἐσόμενον

349 726 597 799 δάκρυον
612 745 625 758 ο
652 725 876 799 ἐξέρπει
898 727 1008 800 γὰρ
1028 727 1094 799 δὴ
1123 731 1243 793 ταῖς
1267 729 1361 783 τοῦ
1385 729 1600 784 καπνοῦ
1629 730 1958 802 προσϐολαῖς

350 820 386 891 ὴ
423 820 488 886 ἐξ
509 818 779 891 ὀμμάτων
811 819 1004 890 ἰκμάς.
1038 821 1101 874 Εἰ
1127 820 1185 874 δὲ
1211 820 1458 892 βούλοιτό
1473 839 1559 886 τις
1586 823 1699 885 τοῖς
1728 839 1955 894 προκει-

355 911 548 984 μένοις
580 911 940 984 θεωρήμασιν
965 911 1250 967 ἐπιϐαλεῖν
1269 913 1496 984 ἑτέρως,
1525 915 1610 978 εἰς
1631 913 1724 968 τὸν
1747 912 1836 967 διὰ
1859 913 1954 966 τοῦ

347 1001 529 1074 νόμου
558 1001 842 1073 φωτισμὸν
883 1001 1293 1072 καταλογιεῖται
1320 1002 1382 1055 τὸ
1411 1003 1546 1074 πῦρ,
1581 1002 1724 1074 πλὴν
1757 1001 1956 1074 ἀχλύος

347 1095 415 1150 o6
449 1095 599 1166 δίχα·
631 1095 728 1150 καὶ
759 1093 868 1164 γάρ
899 1095 1051 1149 ἐστιν
1077 1095 1322 1167 ἀμυδρὸς
1349 1095 1445 1150 καί
1469 1096 1688 1168 ἀσαφὴς
1711 1097 1740 1150 6
1765 1096 1952 1168 νόμος,

351 1187 448 1241 καὶ
475 1187 539 1240 τὸ
571 1187 638 1241 ἐκ
691 1185 790 1240 τοῦ
822 1187 1156 1258 γράμματος
1203 1188 1598 1260 κατασκίασμα
1646 1190 1815 1262 παχὺ,
1860 1191 1955 1245 καί

346 1278 699 1334 καταθολοῦν
722 1280 910 1334 ἱκανὸν
937 1279 1030 1334 τὸν
1052 1280 1153 1351 τῆς
1177 1280 1419 1345 διανοίας
1442 1280 1741 1352 ὀφθαλμόν.
1781 1283 1954 1354 ’ἰσχυ-

347 1372 580 1444 ρότεραι
609 1371 667 1425 δὲ
712 1371 1113 1443 προδαίνουσαι
1154 1371 1256 1444 τῆς
1291 1372 1597 1442 σάλπιγγος
1650 1374 1708 1428 αἱ
1751 1375 1949 1444 φωναίο

346 1463 534 1536 μικρά
568 1463 680 1535 γάρ
712 1457 782 1535 ῆν
816 1465 912 1516 καί
942 1462 1099 1535 μόλις
1124 1463 1540 1534 ἀναφωνοῦντος
1570 1463 1665 1518 τοῦ
1697 1464 1864 1536 νόμου
1893 1465 1952 1518 τὸ

342 1555 409 1625 ἐν
460 1555 684 1626 ἀρχαῖς.
731 1554 952 1626 Ἐπειδὴ
981 1553 1038 1608 δὲ
1087 1554 1432 1628 προϐέϐηκεν
1460 1557 1490 1610 ὁ
1517 1555 1675 1626 λόγος
1703 1557 1839 1628 ἡμῖν
1871 1556 1952 1620 εἰς

343 1647 641 1702 παίδευσιν
694 1646 1082 1719 εὐαγγελικὴν,
1129 1646 1540 1719 ἐπιλάμψαντος
1585 1647 1684 1703 τοῦ
1742 1649 1952 1720 Ἐμμα-

348 1740 544 1811 νουήλ,
574 1739 928 1812 ἰσχυρὰτεραι
959 1738 1254 1809 γεγόνασιν
1293 1741 1350 1794 αί
1378 1739 1588 1810 φωναί·
1620 1739 1951 1805 ἐξάκουστον

2063 545 2211 616 quod
2254 547 2310 600 in
2349 547 2581 601 Psalmis
2612 547 2831 601 canitur
2861 565 2871 596 :
2915 563 2931 594 ι
2965 544 3033 598 Et
3064 543 3248 613 posuit
3281 542 3539 598 tenebras
3569 543 3652 597 la~

2063 638 2299 694 tibulum
2335 654 2498 695 suum
2522 640 2588 693 5‘.
2625 657 2644 690 ι
2686 639 2862 693 Aliter
2893 651 3114 707 quoque
3149 635 3461 708 signiﬁcare
3493 636 3654 693 nobis

2060 731 2267 799 poterit
2299 729 2487 785 fumus
2525 730 2794 802 lacrymas
2838 730 2980 794 illas,
3015 735 3244 799 propter
3274 738 3652 799 contemptum

2059 820 2288 875 omnino
2319 819 2630 876 fundendas
2657 838 2670 874 :
2697 819 2870 876 eﬂluit
2901 821 3053 876 enim
3088 818 3158 875 ad
3191 818 3483 890 appulsum
3514 819 3650 874 fumi

2059 914 2152 970 ille
2174 928 2243 968 ex
2268 913 2446 969 oculis
2481 915 2702 970 humor.
2729 912 2886 980 Quod
2917 913 2963 968 si
2993 913 3082 968 cui
3109 912 3403 983 placuerit,
3427 927 3550 982 qum
3583 913 3652 967 ad

2058 1004 2546 1076 contemplandum
2599 1003 2884 1074 proposita
2929 1011 3078 1070 sunt,
3117 1004 3277 1059 aliter
3319 1005 3649 1076 intelligere,

2058 1099 2244 1170 ignem
2290 1099 2428 1170 legis
2474 1097 2940 1153 illuminationem
2987 1096 3250 1167 accipiet,
3302 1111 3416 1152 non
3467 1106 3651 1154 tamen

2055 1193 2176 1249 sine
2207 1191 2476 1264 caligine;
2511 1198 2598 1247 est
2627 1189 2776 1246 enim
2808 1189 3153 1246 tenebricosa
3185 1199 3242 1246 et
3272 1191 3508 1246 obscura
3540 1191 3650 1256 lex,

2054 1293 2112 1340 et
2154 1284 2247 1340 illa
2279 1285 2481 1341 litterae
2506 1283 2706 1339 umbra
2737 1282 2983 1349 densior,
3016 1291 3073 1337 et
3099 1297 3220 1352 quae
3245 1282 3448 1338 mentis
3475 1283 3653 1338 oculis

2055 1377 2316 1433 tenebras
2358 1376 2534 1448 possit
2574 1375 2886 1433 oll‘undere.
2929 1374 3146 1431 Sensim
3188 1382 3374 1430 autem
3417 1390 3650 1446 progre—

2056 1469 2274 1526 dientes
2293 1469 2643 1541 augebantur
2665 1469 2815 1524 tubae
2835 1483 3002 1524 voces
3029 1485 3040 1521 :
3070 1482 3196 1522 nam
3225 1467 3294 1522 ab
3318 1467 3497 1534 initio,
3523 1483 3648 1522 cum

2055 1568 2279 1616 tenuem
2318 1561 2413 1616 vix
2447 1575 2641 1616 vocem
2683 1559 2965 1615 emitteret
3005 1559 3115 1624 lex,
3147 1558 3244 1613 ubi
3281 1557 3350 1614 ad
3389 1572 3492 1612 nos
3526 1573 3652 1628 pro-

2054 1651 2223 1707 cessit
2271 1650 2538 1716 Verbum,
2569 1658 2628 1706 et
2666 1649 2760 1706 ille
2812 1649 3138 1706 Emmanuel
3200 1649 3269 1704 ad
3329 1646 3648 1704 tradendam

2054 1741 2429 1812 evangelicam
2464 1740 2814 1812 disciplinam
2853 1739 3084 1805 ail‘ulsit,
3118 1755 3282 1796 voces
3314 1739 3422 1794 illa:
3459 1739 3648 1793 valen-

344 1834 461 1906 γάρ
485 1850 540 1887 τι
568 1835 666 1890 καὶ
710 1833 874 1905 τορὸν
901 1832 1338 1903 ἁναπεφὼνηκεν
1369 1833 1398 1886 6
1441 1831 1702 1902 Χριστὸς,
1743 1830 1841 1884 καί
1871 1832 1950 1894 εἰς

2055 1832 2226 1888 tiores
2264 1832 2420 1888 facta:
2461 1841 2592 1887 sunt
2624 1849 2636 1885 :
2663 1830 2828 1904 225
2867 1832 3077 1886 clarum
3111 1831 3261 1886 enim
3299 1829 3562 1900 quiddam
3593 1839 3650 1883 et

341 1926 534 1980 πᾶσαν
575 1925 678 1998 ῆδη
705 1924 892 1996 διῆκον
930 1924 1032 1997 τὴν
1061 1922 1410 1996 οἰκουμένην.
1440 1922 1618 1977 Αὐτοῦ
1656 1921 1766 1994 γὰρ
1804 1921 1950 1975 ἔστιν

340 2019 589 2075 ἀκοῦσαι
619 2019 874 2088 λέγοντος
900 2017 988 2072 διὰ
1014 2017 1201 2089 φωνῆς
1226 2017 1320 2071 τοῦ
1345 2015 1511 2071 Δαὸίδ
1529 2031 1543 2047 ·
1582 2035 1601 2067 ι
1653 2014 1947 2069 Ἀκούσατε

339 2109 543 2176 ταῦτα,
572 2109 757 2164 πάντα
791 2107 860 2163 τά
885 2107 1034 2180 ἔθνη·
1061 2105 1416 2174 ἐνωτίσασθε,
1447 2105 1650 2170 πάντες
1679 2105 1730 2158 oi.
1766 2121 1948 2158 κατοι-

341 2203 578 2266 κοῦντες
628 2201 729 2273 τῆν
792 2201 1139 2272 οἰκουμένην.
1185 2219 1204 2251 ι
1262 2199 1458 2254 Καίτοι
1502 2198 1605 2270 τῆς
1640 2196 1736 2252 τοῦ
1781 2198 1946 2268 νόμου

337 2295 610 2368 τηνικάδε
641 2293 848 2365 φωνῆς,
883 2293 1113 2365 ἑτέρωθι
1156 2292 1256 2364 μὲν
1288 2292 1390 2346 οὐκ
1438 2290 1648 2362 ἰούσης,
1677 2289 1801 2344 οὒτε
1839 2290 1949 2361 μὴν

341 2389 574 2443 ἅπαντα
599 2386 1075 2460 μυσταγωγούσης
1108 2385 1179 2440 τὰ
1207 2385 1358 2457 ἔθνη,
1392 2385 1561 2457 μόνην
1594 2384 1651 2439 δὲ
1676 2383 1775 2456 τὴν
1815 2384 1947 2436 Ἰου-

339 2477 516 2533 δαίων
555 2477 934 2550 περιηχούσης
977 2475 1183 2548 χώραν,
1237 2475 1334 2529 καὶ
1370 2471 1835 2545 παιδαγωγούσης
1887 2472 1946 2527 ἓν

341 2573 508 2641 γένος
533 2572 594 2626 τὸ
625 2571 685 2637 ἐξ
727 2571 963 2644 Ἰσραήλ.
1008 2571 1171 2639 Ἀλλ’,
1218 2591 1238 2624 ι
1284 2570 1494 2628 Ἐλάλει
1542 2570 1662 2640 μὲν,
1694 2569 1882 2642 φησὶν,
1920 2568 1950 2620 6

341 2664 556 2735 Μωσῆς
577 2681 592 2696 ’
615 2665 646 2718 6
669 2664 728 2718 δὲ
760 2663 915 2729 Θεὸς,
938 2664 1270 2737 ἀπεκρίνετο
1285 2663 1435 2736 αὐτῷ
1462 2665 1638 2736 φωνῇ.
1673 2681 1692 2714 ι
1733 2663 1948 2734 Ἐζήτει

343 2758 454 2830 μὲν
481 2757 596 2829 γὰρ
641 2757 718 2822 ὡς
756 2756 1005 2822 διάκονος
1032 2757 1128 2812 τὸν
1169 2758 1335 2829 νόμον
1377 2759 1406 2812 6
1434 2754 1663 2828 Μωσῆς,
1711 2755 1808 2810 καὶ
1839 2755 1948 2812 τῶν

341 2848 511 2904 θείων
556 2849 948 2922 θεσπισμάτων
986 2851 1217 2922 μεσίτης
1245 2849 1338 2904 καὶ
1368 2847 1643 2921 ὑπουργὸς
1673 2865 1686 2878 ·
1717 2848 1949 2920 ἀπεκρί-

343 2958 473 2996 νετο
505 2940 564 2995 δὲ
595 2941 730 3008 Θεὸς
750 2944 818 3014 τῇ
849 2942 956 3014 ἰδίᾳ
986 2945 1162 3015 φωνῇ,
1199 2942 1469 3009 τουτέστι,
1502 2942 1571 2996 δι’
1603 2940 1764 2995 Υἱοῦο
1794 2941 1947 3012 φωνὴ

342 3035 461 3107 γὰρ
495 3035 593 3089 καὶ
620 3035 779 3106 λόγος
817 3034 913 3090 τοῦ
943 3034 1179 3107 Πατρὸς,
1217 3035 1247 3087 6
1273 3033 1423 3099 Υἱός.
1480 3034 1572 3100 Ἐξ
1617 3033 1783 3088 αὑτοῦ
1822 3033 1879 3088 δέ
1919 3033 1949 3085 6

342 3127 544 3199 νόμος,
578 3129 676 3183 καὶ
705 3129 755 3182 εἰ
788 3127 1081 3200 λελάληται
1126 3127 1193 3180 δι’
1245 3127 1531 3197 ἀγγέλων·
1584 3126 1736 3198 πάρα
1792 3123 1945 3195 γοῦν,

2054 1931 2278 1977 acutum
2320 1921 2568 1977 insonuit
2603 1920 2881 1987 Christus,
2908 1928 2965 1975 et
3004 1918 3154 1991 quod
3195 1927 3375 1974 totum
3405 1919 3519 1991 jam
3553 1935 3642 1973 or-

2054 2014 2179 2070 bem
2208 2022 2482 2070 terrarum
2518 2013 2846 2084 penetravit.
2880 2013 3069 2083 Ipsum
3100 2011 3249 2067 enim
3287 2011 3480 2066 audire
3517 2011 3648 2067 licet

2053 2106 2226 2164 David
2247 2123 2383 2163 voce
2407 2105 2685 2161 dicentem
2714 2122 2727 2160 :
2765 2122 2784 2156 ι
2812 2103 3013 2159 Audite
3037 2104 3175 2170 haec,
3201 2118 3393 2160 omnes
3425 2111 3645 2173 gentes;

2051 2194 2280 2250 auribus
2320 2191 2609 2264 percipite,
2645 2206 2839 2247 omnes
2874 2189 2968 2261 qui
3011 2191 3276 2245 habitatis
3307 2191 3500 2246 orbem
3525 2189 3591 2246 “.
3622 2209 3642 2242 ι

2052 2283 2218 2355 Atqui
2245 2299 2353 2338 vox
2377 2283 2516 2354 legis
2541 2297 2608 2337 eo
2631 2289 2882 2350 tempore
2915 2275 3047 2334 alibi
3077 2295 3186 2334 non
3221 2277 3647 2346 exaudiebatur,

2050 2389 2231 2445 neque
2259 2371 2548 2429 universas
2576 2379 2768 2443 gentes
2800 2370 3055 2436 docebat,
3080 2371 3177 2427 sed
3212 2368 3267 2425 in
3293 2371 3408 2426 sola
3434 2370 3650 2426 Iudaeo-

2051 2484 2174 2522 rum
2208 2465 2433 2538 regione
2463 2465 2781 2531 resonabat,
2807 2472 2864 2520 et
2889 2479 3054 2519 unam
3077 2463 3293 2520 Israelis
3317 2471 3536 2534 gentem
3566 2464 3645 2518 in-

2051 2560 2333 2616 stituebat.
2370 2557 2477 2614 Sed
2526 2577 2544 2610 ι
2576 2556 2954 2628 Loquebatur,
2980 2556 3180 2627 inquit,
3226 2554 3464 2627 Moyses;
3502 2554 3652 2611 Deus

2049 2669 2183 2709 vero
2234 2651 2606 2723 respondebat
2651 2650 2757 2722 ipsi
2797 2666 2934 2706 voce
2966 2650 3032 2704 ⁸³.
3068 2669 3088 2703 ι
3117 2649 3330 2721 Moyses
3359 2647 3508 2705 enim
3529 2691 3545 2716 ,
3590 2658 3650 2704 ut

2051 2747 2327 2812 minister,
2365 2755 2424 2801 et
2461 2745 2784 2800 divinorum
2827 2748 3233 2814 praaceptorum
3279 2741 3557 2812 interpres
3595 2752 3653 2797 et

2051 2839 2529 2906 subministrator,
2567 2839 2746 2908 legem
2768 2835 3092 2906 expetebat;
3141 2835 3513 2906 respondebat
3549 2850 3649 2889 au—

2055 2941 2164 2990 tem
2213 2932 2360 2988 Deus
2395 2947 2493 2987 sua
2528 2945 2687 2996 voce,
2734 2928 2790 2984 id
2828 2937 2915 2985 est
2943 2944 3045 3000 per
3077 2927 3280 2984 Filium
3317 2946 3330 2981 :
3364 2940 3472 2983 vox
3501 2928 3649 2986 enim

2050 3035 2108 3083 et
2130 3025 2364 3083 verbum
2397 3019 2578 3080 Patris
2599 3033 2686 3080 est
2712 3020 2886 3079 Filius
2913 3043 2926 3080 :
2954 3038 3024 3079 ex
3052 3024 3173 3095 ipso
3205 3030 3391 3078 autem
3421 3031 3652 3078 auctore

2051 3119 2140 3176 lex
2179 3115 2453 3191 originem
2480 3115 2698 3184 habuit,
2724 3117 2830 3174 etsi
2856 3133 2956 3188 per
2993 3115 3220 3188 angelos
3250 3117 3398 3173 dicta
3423 3126 3542 3183 est;
3579 3117 3647 3173 li-

339 3221 513 3292 εῑπερ
543 3218 718 3273 ἕλοιτό
745 3235 852 3284 τις,
881 3219 1102 3272 ἐπαΐειν
1136 3216 1387 3288 λέγοντος
1412 3217 1681 3290 ἐναργῶςο
1717 3237 1736 3270 ι
1770 3216 1946 3283 Αὐτὸς

2051 3217 2140 3265 cet
2170 3217 2344 3275 certe,
2374 3205 2521 3266 sicut
2556 3207 2776 3263 libitum
2804 3203 2993 3275 fuerit,
3028 3205 3208 3278 ipsum
3239 3206 3534 3280 perspicue
3559 3208 3648 3263 di-

339 3315 375 3370 6
401 3312 609 3379 λαλῶν,
643 3310 899 3385 πάρειμι.
919 3329 936 3362 ι
967 3309 1105 3375 Καὶ,
1140 3328 1159 3362 ι
1195 3311 1312 3364 Οὐκ
1339 3303 1504 3381 ἦλθον
1525 3307 1825 3364 καταλῦσαι
1850 3309 1942 3363 τὸν

339 3406 515 3479 νόμον
547 3406 582 3477 ἢ
611 3406 741 3469 τοὺς
765 3406 1077 3475 προφήτας,
1107 3401 1245 3456 ἀλλά
1290 3400 1580 3473 πληρῶσαι
1601 3419 1614 3434 ο
1645 3399 1792 3471 λέγω
1833 3401 1941 3474 γὰρ

341 3502 501 3573 ὑμῖν,
528 3500 636 3564 ἕως
659 3499 729 3553 ἂν
757 3496 1004 3570 παρέλθῃ
1034 3497 1064 3549 6
1102 3495 1334 3568 οὐρανὸς
1362 3496 1459 3550 καὶ
1494 3496 1528 3566 ὴ
1561 3495 1657 3563 γῆ,
1691 3493 1826 3550 ἰῶτα
1858 3495 1940 3559 ἓν,

340 3594 378 3665 ἢ
426 3593 531 3665 μία
564 3591 766 3664 κεραία
795 3591 856 3644 o6
888 3590 964 3663 μὴ
1002 3588 1251 3663 παρέλθῃ
1276 3589 1388 3644 ἀπὸ
1413 3587 1507 3643 τοῦ
1538 3588 1704 3658 νόμου
1735 3586 1840 3650 ἕως
1875 3586 1943 3641 ἂν

339 3685 530 3740 πάντα
554 3684 803 3756 γένηται.
845 3683 907 3737 '0
942 3682 1175 3754 οὐρανὸς
1206 3682 1302 3736 καί
1341 3683 1376 3753 ή
1399 3681 1473 3752 γῆ
1517 3677 1940 3751 παρελεύσεται,

339 3777 395 3834 οἱ
418 3777 477 3832 δδ
503 3775 657 3846 λόγοι
685 3793 790 3847 μου
808 3775 867 3829 o6
897 3775 974 3846 μὴ
999 3773 1337 3848 παρέλθωσι.
1366 3792 1384 3823 ι
1408 3774 1617 3840 Λόγους
1635 3769 1728 3826 οὖν
1750 3771 1938 3838 ἰδίους,

340 3871 438 3926 τὸν
464 3871 633 3942 νόμον
661 3869 951 3925 ἀποκαλιῖο
989 3869 1140 3940 φωνὴ
1164 3868 1273 3940 γάρ
1299 3868 1463 3924 αὐτὸν
1484 3867 1750 3935 λελάληκε
1777 3865 1938 3933 Θεοῦ,

343 3963 604 4036 καθάπερ
642 3962 782 4034 ἔφην
812 3960 1039 4034 ἀρτίως,
1070 3959 1350 4014 τουτέστιν
1373 3963 1402 4014 6
1442 3959 1590 4024 Υἰός.
1650 3957 1790 4012 Εἶτά
1837 3974 1942 4028 φη·-

343 4074 456 4123 σιν,
487 4057 570 4111 ὅτι
608 4076 628 4108 ι
660 4054 1100 4125 Καταόέόηκενὸ
1127 4051 1335 4125 Κύριος
1353 4053 1448 4106 ἐπὶ
1469 4052 1529 4106 τὸ
1549 4051 1673 4122 ὄρος
1701 4051 1764 4105 τὸ
1788 4050 1940 4114 Σινᾶ,

342 4151 441 4204 ἐπὶ
467 4150 568 4221 τὴν
597 4146 846 4221 κορυφὴν
871 4146 965 4202 τοῦ
996 4147 1181 4218 ὅρους,
1211 4145 1310 4200 καὶ
1337 4143 1568 4199 ἐκάλεσε
1611 4144 1817 4212 Κύριος
1850 4143 1941 4197 τὸν

339 4240 554 4311 Μωσῆν
579 4239 674 4292 ἐπὶ
688 4238 787 4310 τὴν
798 4236 1047 4310 κορυφὴν
1065 4235 1160 4290 τοῦ
1183 4235 1366 4304 ὅρους,
1392 4236 1485 4288 καὶ
1509 4234 1682 4302 ἀνέϐη
1707 4235 1936 4305 Μωσῆς.

341 4331 459 4388 Καὶ
485 4329 642 4386 εἶπεν
661 4331 691 4384 6
719 4329 851 4394 Θεὸς
874 4328 1012 4400 πρὸς
1041 4327 1252 4398 Μωσῆν
1281 4326 1457 4396 λέγων
1479 4343 1492 4357 ·
1525 4324 1790 4390 Καταὸἀς
1818 4325 1940 4380 δια-

344 4424 632 4498 μάρτυραι
670 4423 749 4495 τῷ
794 4421 914 4494 λαῷ
961 4422 1175 4494 μήποτε
1215 4420 1477 4491 ἐγγίσωσι
1517 4419 1656 4491 πρὸς
1685 4421 1778 4474 τὸν
1806 4420 1940 4474 Θεὸν

338 4517 707 4588 κατανοῆσαι,
731 4514 828 4569 καὶ
851 4513 995 4586 πέσῃ
1026 4512 1088 4579 ἐξ
1116 4511 1297 4567 αὐτῶν
1327 4511 1531 4584 πλῆθος
1547 4527 1564 4543 ο
1590 4511 1754 4564 καὶοί
1772 4513 1937 4584 ἱερεῖς

337 4611 392 4665 οἰ
426 4608 742 4678 ἐγγίζοντες
774 4608 969 4680 Κυρίῳ
997 4605 1077 4678 τῷ
1105 4604 1224 4677 Θεῷ
1255 4605 1704 4676 ἁγιασθήτωσαν,
1729 4605 1941 4676 μήποτε

337 4699 637 4774 ἀπαλλάξῃ
661 4701 758 4754 ἀπ’
786 4699 968 4753 αὐτῶν
993 4697 1222 4769 Κύριος.
1267 4717 1286 4750 ι
1325 4697 1589 4752 Κάτεισιν
1608 4698 1689 4760 εἰς
1721 4695 1782 4750 τὸ
1813 4695 1938 4768 ὄρος

337 4794 369 4846 6
397 4791 542 4866 ὑπὲρ
573 4793 796 4846 πάντων
821 4789 977 4855 Θεὸς,
1003 4785 1126 4844 εἶτα
1149 4787 1490 4861 κεκλημένος
1514 4789 1724 4844 ἄνεισιν
1754 4789 1782 4842 6
1809 4789 1939 4841 Μω-

339 4885 465 4956 σῆς.
491 4867 570 4938 Ού
597 4882 711 4956 γάρ
730 4884 849 4936 ἐστι
869 4880 981 4936 τῶν
1019 4881 1390 4954 ἐνδεχομένων
1426 4879 1646 4952 ἰσχύσαι
1680 4881 1833 4944 τινάς
1857 4883 1940 4943 εἰς

335 4978 410 5033 τά
433 4976 537 5050 τῆς
564 4974 804 5047 ἀληθοῦς
825 4974 1082 5040 θεοπτίας
1115 4972 1495 5046 ἀναθρώσκειν
1530 4972 1824 5044 ὑψώματα,
1860 4973 1938 5043 μὴ

332 5071 464 5144 οὐχὶ
492 5070 756 5134 καθέντος
789 5069 987 5123 ἑαυτὸν
1014 5067 1110 5122 τοῦ
1147 5065 1307 5133 Θεοῦ,
1355 5068 1452 5121 καὶ
1488 5069 1610 5129 ταῖς
1638 5065 1939 5137 ἡμετέραις

334 5162 603 5227 διανοίαις
629 5161 890 5232 προσιτὸν
919 5158 1174 5230 γενέσθαι
1206 5157 1746 5231 παρασκευάζοντος·
1769 5155 1936 5210 αὐτοῦ

333 5258 396 5313 δὲ
447 5254 746 5319 καλοῦντος
793 5254 987 5326 ἄνιμεν
1027 5250 1172 5306 οὕτω
1222 5251 1376 5322 μόλις
1416 5251 1498 5315 είς
1541 5249 1801 5322 ὑπερφυᾶ
1845 5249 1940 5302 καὶ

332 5350 690 5422 ὲξῃρημένην
727 5347 890 5402 οἰονεί
922 5345 1193 5417 κορυφὴν,
1225 5344 1326 5410 τὴν
1366 5344 1496 5415 περὶ
1543 5343 1710 5396 αὐτοῦ
1738 5342 1942 5412 γνῶσιν

331 5441 532 5514 ἀληθῆ.
601 5441 742 5512 ὅπερ
797 5439 1011 5493 ἐποίσει
1054 5435 1314 5507 Χριστὸς,
1364 5433 1768 5488 ἀποκαλύπτων
1808 5433 1940 5502 ἡμῖν

329 5540 430 5592 τὸν
479 5535 707 5606 Πατέρα
756 5535 853 5589 καὶ
902 5534 1058 5598 Θεὸν,
1109 5530 1206 5584 καὶ
1243 5529 1464 5593 ἀστιϐὲς
1513 5528 1614 5600 μὲν
1653 5527 1767 5590 τοῖς
1815 5528 1942 5594 ἀγε-

1975 4570 2022 4631 D

2053 3309 2270 3358 centem
2309 3299 2504 3357 audire
2540 3319 2553 3355 :
2596 3319 2614 3353 ι
2651 3299 2793 3372 Ipse,
2834 3300 2930 3372 qui
2973 3296 3263 3372 loquebar,
3306 3300 3500 3357 adsum
3523 3301 3591 3357 “.
3621 3321 3641 3356 ι

2051 3391 2162 3448 Et:
2196 3411 2214 3444 (
2244 3391 2368 3447 Non
2405 3391 2534 3446 veni
2590 3390 2807 3446 solvere
2849 3391 3049 3462 legem,
3085 3390 3182 3446 sed
3217 3390 3447 3463 implere
3475 3413 3486 3446 :
3521 3393 3652 3451 dico

2051 3486 2203 3542 enim
2247 3485 2427 3553 vobis,
2467 3485 2649 3543 donec
2692 3494 2938 3542 transeat
2984 3487 3188 3543 coelum
3229 3497 3287 3542 et
3326 3496 3496 3556 terra,
3536 3490 3650 3547 iota

2052 3593 2248 3644 unum,
2277 3587 2374 3634 aut
2409 3595 2556 3635 unus
2591 3594 2733 3650 apex
2767 3596 2878 3636 non
2905 3580 3214 3650 praeteribit
3237 3597 3268 3636 a
3293 3582 3434 3654 lege,
3473 3583 3653 3640 donec

2051 3671 2238 3728 omnia
2281 3671 2434 3728 ﬁant.
2470 3667 2685 3728 Caelum
2714 3677 2772 3728 et
2801 3679 2948 3728 terra
2975 3674 3314 3741 transibunt,
3346 3674 3516 3731 verba
3547 3693 3649 3733 au-

2053 3771 2162 3820 tem
2198 3780 2321 3820 mea
2349 3780 2462 3820 non
2499 3765 2814 3822 transibunt
2842 3767 2908 3821 “.
2944 3787 2960 3818 ι
2999 3766 3107 3823 Sua
3146 3767 3331 3840 itaque
3361 3769 3530 3826 verba
3566 3770 3648 3826 le-

2051 3857 2460 3930 gemappellat
2496 3878 2508 3911 :
2541 3874 2648 3913 vox
2685 3859 2836 3914 enim
2877 3859 2975 3914 Dei
3025 3856 3174 3914 illam
3215 3861 3552 3928 enuntiavit,
3588 3871 3651 3918 ut

2051 3951 2218 4008 modo
2264 3948 2407 4019 dixi;
2451 3948 2499 4006 is
2535 3959 2622 4007 est
2662 3950 2810 4006 enim
2882 3947 3148 4006 nimirum
3196 3949 3389 4009 Filius.
3437 3954 3648 4008 Deinde

2051 4043 2231 4114 inquit
2261 4059 2274 4097 :
2319 4062 2337 4093 ι
2374 4037 2670 4124 Descendit
2702 4038 2972 4096 Dominus
3013 4058 3180 4113 super
3219 4050 3463 4098 montem
3492 4041 3643 4107 Sina,

2051 4151 2217 4206 super
2251 4133 2518 4190 verticem
2563 4134 2792 4200 montis,
2823 4143 2880 4190 et
2913 4131 3133 4190 vocavit
3172 4131 3394 4208 Moysen
3423 4135 3491 4191 ad
3516 4152 3643 4192 ver-

2050 4227 2217 4283 ticem
2239 4226 2472 4293 montis;
2499 4235 2558 4281 et
2582 4225 2834 4283 ascendit
2859 4225 3092 4298 Moyses,
3112 4236 3169 4283 et
3189 4227 3409 4282 locutus
3432 4237 3517 4283 est
3539 4229 3645 4284 Do-

2049 4317 2234 4373 minus
2269 4316 2339 4371 ad
2372 4316 2615 4388 Moysen,
2671 4315 2901 4371 dicens:
2956 4310 3311 4372 Descendens
3347 4317 3644 4375 testiﬁcare

2047 4410 2276 4482 populo,
2297 4425 2368 4465 ne
2391 4408 2533 4465 forte
2555 4403 2824 4466 accedant
2847 4408 2916 4463 ad
2938 4403 3239 4464 videndum
3262 4409 3460 4477 Deum,
3478 4419 3534 4466 et
3556 4427 3646 4466 ca-

2048 4500 2142 4559 dat
2168 4519 2238 4560 ex
2265 4503 2400 4574 ipsis
2421 4501 2755 4569 multitudo;
2789 4509 2844 4556 et
2867 4499 3205 4568 sacerdotes,
3237 4502 3331 4572 qui
3371 4504 3645 4559 accedunt

2047 4597 2119 4653 ad
2133 4597 2452 4663 Dominum,
2472 4595 2911 4661 sanctificcntur,
2929 4609 2996 4649 ne
3014 4594 3154 4650 forte
3177 4595 3399 4652 recedat
3420 4597 3490 4651 ab
3512 4597 3649 4668 ipsis
3768 4628 3770 4630 τ

2047 4687 2396 4747 Dominus“.
2429 4709 2446 4741 ι
2482 4687 2778 4745 Descendit
2801 4687 2859 4743 in
2881 4696 3125 4744 montem
3154 4688 3246 4744 ille
3271 4705 3438 4760 super
3460 4691 3646 4746 omnia

2046 4778 2228 4848 Deus;
2257 4779 2457 4837 deinde
2481 4787 2709 4836 vocatus
2739 4779 2992 4836 ascendit
3018 4779 3250 4850 Moyses.
3281 4783 3471 4854 Neque
3493 4784 3646 4838 enim

2045 4875 2319 4946 contingit
2340 4881 2400 4928 ut
2421 4873 2491 4928 ad
2515 4867 2913 4929 sublimitatem
2936 4889 3082 4929 verae
3105 4875 3202 4930 Dei
3223 4876 3646 4945 contemplatio-

2046 4966 2136 5024 nis
2161 4967 2338 5038 possit
2360 4982 2419 5023 se
2442 4968 2735 5038 quisquam
2759 4969 3033 5035 attollere,
3065 4969 3172 5024 nisi
3201 4970 3444 5039 seipsum
3471 4969 3646 5022 demi-

2044 5060 2362 5125 seritDeus,
2385 5067 2440 5114 et
2462 5051 2538 5113 ita
2562 5075 2620 5115 se
2643 5061 3166 5128 accommodaverit,
3193 5071 3253 5114 ut
3284 5061 3353 5116 ad
3385 5077 3513 5117 eum
3543 5079 3643 5117 no-

2047 5160 2173 5209 stra:
2197 5158 2412 5208 mentes
2435 5150 2649 5223 possint
2673 5152 2965 5219 accedere;
2998 5153 3117 5223 ipso
3141 5161 3323 5208 autem
3349 5163 3639 5220 evocante,

2046 5243 2138 5300 vix
2185 5244 2410 5300 tandem
2458 5244 2530 5300 ad
2579 5260 2855 5299 summum
2901 5246 3056 5300 illum
3084 5254 3140 5301 et
3171 5248 3452 5302 excelsum
3483 5247 3642 5316 quasi

2043 5338 2335 5403 Verticem,
2363 5333 2538 5407 ipsius
2568 5352 2767 5406 nempe
2800 5353 2988 5392 veram
3018 5339 3408 5410 cognitionem,
3445 5356 3643 5395 ascen--

2043 5425 2255 5497 dimus;
2295 5428 2444 5500 quod
2479 5429 2658 5500 ipsum
2692 5427 2950 5485 Christus
2991 5430 3144 5498 fecit,
3173 5449 3298 5488 cum
3330 5433 3549 5487 Patrem
3578 5447 3644 5487 ac

2042 5523 2216 5579 Deum
2258 5522 2417 5576 nobis
2463 5521 2749 5575 revelavit.
2786 5522 2853 5575 Et
2892 5538 2921 5576 a
2961 5523 3230 5593 gregariis
3272 5525 3496 5596 quidem
3537 5524 3642 5580 hos

330 5629 511 5692 λαίοις
551 5627 614 5681 τὸ
648 5628 775 5699 δρος
824 5624 1157 5696 (ἀνέμϐατος
1191 5622 1300 5693 γὰρ
1347 5623 1462 5685 τοῖς
1509 5619 1727 5684 πολλοῖς
1774 5617 1939 5691 ὴτῆς

2051 5615 2289 5670 minibus
2327 5629 2486 5668 mons
2511 5612 2653 5667 adiri
2682 5628 2791 5668 non
2827 5622 3042 5684 potest;
3074 5617 3355 5673 inaccessa
3381 5625 3466 5672 est
3491 5618 3640 5671 enim

411 5742 458 5776 “
500 5741 649 5797 Psal.
669 5755 800 5805 xvn,
829 5739 918 5793 12.
997 5737 1043 5770 ⁶¹
1072 5737 1220 5793 Psal.
1245 5753 1429 5804 vaIu,
1453 5737 1508 5792 Ξ.

331 5827 454 5880 xu,
488 5810 686 5868 20-29.

653 5906 938 5968 -ΡΑτιιοιμ
979 5871 1096 5965 Gn.
1148 5898 1413 5961 LXVIII.

1608 5736 1653 5770 ⁸³
1675 5735 1850 5792 Exod.
1893 5747 2005 5802 xix,
2034 5732 2120 5788 19.
2199 5730 2245 5763 ⁸⁵
2272 5729 2380 5784 lsa.
2419 5744 2512 5794 LII,
2538 5727 2590 5783 6.
2675 5729 2720 5761 ⁸⁸
2756 5728 2948 5783 Matth.
3002 5747 3056 5797 v,
3084 5730 3172 5796 l7,
3207 5731 3294 5786 18.

3394 5728 3638 5826 “‘Exod.

3215 5894 3277 5958 l6
