4104 6436
1245 276 1289 289 ,,.

474 320 593 381 ’491

1514 328 1570 384 8.
1609 326 1883 384 CYRILLI
1924 319 2397 384 ALEXANDRINI
2430 318 2751 384 ARCHIEP.

3660 323 3767 381 4‘33

494 445 659 517 vulgo
685 440 835 501 illius
851 451 1138 511 supremae
1166 438 1494 511 cognitionis
1518 442 1716 509 gratia,
1741 443 1919 514 iisque
1945 442 2079 499 solis

2181 444 2322 513 άγαν
2359 445 2691 519 ὑπερτενοῦς
2720 441 2979 516 γνώσεως
3038 442 3258 516 χάρις),
3309 441 3540 514 βάσιμος
3585 443 3642 498 δὲ
3670 447 3764 516 μεε-

493 541 706 615 pervia,
722 537 818 609 qui
838 553 936 609 per
956 537 1103 593 illam
1128 534 1342 607 ingredi
1364 535 1575 602 sciunt;
1602 539 1714 592 imo
1736 537 1902 608 225
1922 553 2074 605 vero,

493 635 589 708 qui
626 634 694 688 ad
731 646 852 687 eam
895 644 1010 684 rem
1047 637 1177 685 sunt
1204 644 1235 684 a
1262 628 1375 683 Deo
1396 632 1608 696 vocati,
1634 630 1780 685 sicut
1811 630 1919 686 fuit
1948 646 2077 702 pro-

492 728 581 782 cul
607 724 779 780 dubio
801 723 1031 795 Moyses.
1059 720 1118 776 Si
1149 720 1276 791 quis
1312 719 1483 791 igitur
1505 727 1591 775 est
1618 719 1795 775 ﬁdelis
1821 735 1885 777 ac
1913 736 2080 777 verus

491 831 687 872 servus
726 816 795 870 in
820 814 986 870 domo
1029 813 1147 880 Dei,
1179 813 1225 869 is
1267 826 1510 883 quoque,
1545 811 1692 867 sicut
1728 811 1843 879 ille,
1869 813 2080 869 electus

490 911 599 964 erit
629 916 688 963 et
712 917 897 978 aptus,
929 906 1026 978 qui
1060 905 1312 977 proxime
1346 905 1574 961 accedat
1600 905 1670 960 ad
1694 905 1899 971 Deum,
1929 904 2079 975 quod

488 1002 559 1056 ad
596 1000 1052 1056 sanctiﬁcationis
1092 1006 1259 1070 atque
1296 998 1627 1070 cognitionis
1652 997 1877 1053 modum
1902 998 2079 1069 perti-

487 1101 603 1146 net.
656 1091 770 1146 Hac
812 1105 1054 1160 namque
1092 1089 1307 1144 ratione
1355 1089 1523 1144 simul
1567 1102 1695 1143 cum
1734 1104 1804 1145 eo
1847 1090 2078 1154 erimus,

489 1184 711 1239 dicente
739 1201 751 1236 :
789 1201 808 1234 ‹
838 1181 922 1237 Tu
954 1196 1089 1236 vero
1126 1186 1211 1237 sta
1253 1181 1346 1236 hic
1384 1195 1603 1237 mecum
1630 1181 1695 1235 ⁸⁷.
1728 1199 1747 1233 ι
1794 1180 1905 1237 Eos
1936 1197 2079 1252 quo-

490 1293 619 1348 que,
648 1276 744 1347 qui
771 1274 1086 1332 sacerdotio
1110 1282 1239 1330 sunt
1265 1274 1529 1345 insignes,
1556 1274 1781 1346 purgari
1809 1274 2077 1345 praecipit,

490 1370 682 1425 dicens
711 1386 725 1423 :
760 1386 781 1420 ι
806 1368 887 1423 Ne
923 1366 1065 1421 forte
1101 1366 1324 1421 recedat
1357 1366 1427 1421 ab
1467 1367 1551 1422 eis
1585 1367 1871 1422 Dominus.
1906 1386 1924 1419 ›
1966 1368 2079 1423 Lu-

491 1462 707 1517 bricum
730 1467 816 1515 est
837 1460 985 1516 enim
1010 1458 1304 1515 sacerdotii
1331 1473 1533 1514 munus
1550 1499 1564 1526 ,
1605 1474 1789 1529 neque
1828 1459 2022 1530 procul
2050 1475 2081 1514 a

491 1552 777 1624 periculis,
803 1551 917 1606 imo
940 1565 1075 1606 vero
1106 1551 1275 1606 etiam
1308 1550 1644 1622 proximum,
1668 1550 1776 1606 nisi
1808 1552 1889 1606 illi
1920 1551 2081 1623 plane

2181 553 2295 603 νοις
2342 541 2457 603 τοῖς
2511 538 2677 592 εἰδόσι
2712 538 3042 608 διαστείχειν
3092 536 3284 606 αὐτὴν,
3333 535 3537 606 μᾶλλον
3568 535 3627 589 δὲ
3672 540 3767 591 καὶ

2179 630 2261 693 εἱς
2304 630 2464 684 τοῦτο
2510 630 2871 701 κεκλημένοις
2916 628 3068 702 παρὰ
3123 628 3291 693 Θεοῦ,
3345 627 3597 700 καθάπερ
3626 630 3769 701 ἁμέ..

2178 722 2261 775 λει
2281 721 2376 777 καὶ
2400 721 2625 795 Μωσῆς.
2660 721 2732 776 El
2751 739 2835 787 τις
2863 717 2957 776 οῦν
2995 722 3106 793 ἄρα
3139 721 3256 775 ἐστὶ
3305 720 3494 785 πιστὸς
3524 724 3620 775 καὶ
3641 726 3767 794 γνή-

2181 831 2296 879 σιος
2344 815 2403 870 δν
2450 813 2585 887 οἴκῳ
2624 814 2797 880 Θεοῦ,
2847 815 3002 869 ἔσται
3047 817 3145 869 καὶ
3193 815 3358 878 αὐτὸς
3400 816 3523 869 κατ’
3563 817 3769 872 ἐκεῖνον

2177 904 2554 977 ἔξειλεγμένος
2581 906 2678 959 καὶ
2701 906 3026 975 ἐπιτηδείως
3052 905 3193 977 ἔχων
3217 907 3295 969 είς
3324 904 3386 959 τὸ
3410 904 3582 976 ἀγχοῦ
3612 907 3770 972 γενέ-

2182 997 2305 1052 σθαι
2337 997 2496 1065 Θεοῦ,
2529 998 2674 1052 κατά
2696 1014 2761 1067 γε
2783 997 2876 1052 τὸν
2906 999 2967 1051 έν
2996 996 3257 1068 ἁγιασμῷ
3296 998 3391 1051 καὶ
3417 999 3622 1069 εἱδήσει
3645 1000 3773 1069 τρό-

2181 1104 2304 1144 πον.
2345 1087 2694 1158 Συνεσόμεθα
2750 1086 2860 1160 γὰρ
2907 1086 3084 1153 οὕτως
3130 1087 3278 1159 αὐτῷ
3316 1087 3551 1157 λέγοντι·
3612 1110 3632 1145 ι
3692 1092 3767 1145 Σὺ

2178 1179 2237 1234 δὲ
2283 1181 2451 1235 αὐτοῦ
2492 1181 2648 1253 στῆθι
2701 1184 2820 1253 μετ’
2864 1181 3025 1253 ἐμοῦ.
3072 1199 3093 1233 ο
3158 1181 3656 1254 ’Δποκαθαίρεσθαι
3709 1184 3771 1238 δὲ

2180 1273 2291 1329 δεῖν
2324 1276 2453 1337 τοὺς
2497 1276 2766 1346 ἱερωσύνῃ
2813 1274 3296 1346 κατεστεμμένους
3336 1277 3632 1347 παρεγγυᾷ
3673 1275 3769 1329 λέ-

2181 1381 2332 1435 γων·
2377 1385 2396 1418 ι
2456 1366 2684 1437 Μήποτε
2736 1365 3024 1439 ἀπαλλάξῃ
3072 1367 3171 1421 ἀπ’
3222 1366 3404 1421 αὐτῶν
3454 1366 3674 1439 Κύριος.
3735 1386 3764 1421 ο

2183 1458 2460 1532 Σφαλερδν
2492 1458 2602 1531 γὰρ
2633 1459 2837 1531 κομιδῇ
2870 1459 2975 1531 τῆς
3006 1459 3303 1532 ἱερωσύνης
3333 1459 3393 1513 τὸ
3425 1459 3636 1531 χρῆμα,
3671 1460 3771 1514 καὶ

2183 1550 2445 1605 κινδύνων
2470 1552 2576 1606 οὐκ
2625 1551 2919 1617 ἀπωτάτω,
2951 1552 3153 1624 μᾶλλον
3195 1552 3253 1605 δὲ
3287 1552 3382 1606 καὶ
3426 1552 3549 1606 λίαν
3574 1554 3768 1622 ἐγγὺς,

492 1644 637 1700 adsit
669 1644 799 1699 vitae
829 1642 1120 1714 integritas
1147 1659 1160 1695 :
1189 1648 1409 1697 sanctos
1435 1641 1585 1697 enim
1621 1657 1744 1698 esse
1778 1642 1961 1709 decet,
1986 1643 2079 1714 qui

2184 1643 2232 1695 εί
2263 1641 2337 1713 μὴ
2362 1641 2538 1713 ὁρῷτο
2570 1644 2770 1715 προσὸν
2806 1641 2867 1697 τδ
2903 1643 3204 1715 ἀμώμητον
3236 1645 3315 1707 είς
3362 1643 3531 1715 ζωήνο
3565 1643 3756 1714 ἁγίους

482 1737 604 1792 .Deo
635 1737 883 1791 omnium
923 1735 1272 1791 sanctissimo
1309 1734 1522 1790 cultum
1552 1735 1838 1791 exhibent.
1871 1735 2079 1793 Deinde

2184 1733 2293 1807 γὰρ
2317 1729 2458 1788 εἶναι
2485 1735 2686 1807 πρέπει
2710 1735 2855 1799 ’τοὺς
2884 1733 2969 1806 τῷ
3002 1736 3263 1808 πανάγνῳ
3312 1736 3769 1806 λειτουργοῦντας

478 1829 609 1883 ait:
645 1847 664 1879 ι
693 1828 764 1883 Et
800 1827 940 1883 dixit
968 1828 1235 1882 Dominus
1260 1826 1427 1900 Moysi
1452 1845 1464 1880 :
1497 1826 1668 1892 Vade,
1697 1827 1997 1895 descende,
2024 1834 2079 1885 et

2186 1824 2325 1896 Θεῷ.
2380 1820 2515 1879 Εἶτά
2565 1840 2739 1896 φησι·
2782 1842 2802 1876 ι
2854 1825 2967 1879 Καὶ
3019 1819 3142 1878 εἷπε
3182 1824 3389 1895 Κύριος
3440 1826 3519 1896 τῷ
3567 1826 3768 1896 Maio-ﬁ!

491 1920 729 1977 ascende
759 1929 816 1976 tu
855 1929 911 1976 et
938 1921 1124 1977 Aaron
1151 1927 1362 1987 tecum;
1393 1919 1712 1975 sacerdotes
1733 1936 1868 1976 vero
1892 1936 1956 1977 ac
1978 1937 2079 1993 po-

2183 1915 2398 1983 Βάδιζε,
2438 1914 2710 1988 κατάϐηθι
2745 1917 2840 1972 καὶ
2877 1917 3111 1989 ἀνάϐηθι
3151 1917 3215 1971 σὺ
3254 1918 3348 1971 καὶ
3389 1916 3599 1989 Ἀαρὼν
3628 1920 3770 1989 μετά

476 2015 656 2085 'pulus
699 2029 768 2069 ne
813 2020 1086 2069 conentur
1130 2012 1432 2069 ascendere
1481 2012 1551 2068 ad
1590 2013 1787 2080 Deum,
1823 2029 1895 2070 nc
1937 2013 2079 2070 forte

2184 2008 2302 2063 σοῦ’
2330 2012 2378 2063 οἱ
2408 2008 2463 2063 δὲ
2489 2012 2654 2081 ἱερεῖς
2688 2009 2785 2064 καὶ
2820 2012 2850 2064 6
2879 2009 3009 2072 λαὸς
3040 2007 3117 2080 μή
3146 2007 3524 2078 βιαζέσθωσαν
3555 2008 3766 2078 ἀναδῆ-

490 2107 683 2178 perdat
717 2122 786 2162 ex
827 2106 910 2161 eis
942 2105 1214 2162 Dominus
1235 2104 1301 2161 “.
1336 2124 1355 2157 ›
1401 2104 1667 2161 Ascendit
1711 2091 1949 2179 Moyses,
1982 2107 2079 2163 sed

2181 2120 2269 2157 ναι
2304 2103 2440 2175 πρὸς
2462 2103 2554 2157 τὸν
2581 2102 2735 2170 Θεὸν,
2768 2104 2980 2175 μήποτε
3025 2101 3269 2174 ἀπολέσῃ
3304 2102 3401 2156 ἀπ’
3433 2101 3616 2157 αὐτῶν
3642 2100 3769 2155 Κύ-

474 2216 600 2255 νιιοη
636 2199 755 2255 sine
786 2198 990 2263 Aaron,
1017 2198 1112 2269 qui
1149 2197 1380 2271 ﬁguram
1416 2197 1625 2253 Christi
1659 2197 1904 2255 tenebat.
1943 2199 2079 2254 Nam

2184 2212 2319 2268 ριος.
2365 2216 2384 2248 ι
2424 2196 2665 2250 Ἀνεισιν
2708 2197 2737 2250 6
2773 2196 2984 2267 Μωσῆς
3013 2195 3108 2249 καὶ
3136 2194 3198 2248 ού
3228 2195 3352 2265 δίχα
3388 2194 3484 2247 τοῦ
3528 2192 3766 2265 Ἀαρὼν,

489 2294 576 2348 lex
611 2293 669 2347 in
703 2290 924 2348 Christo
969 2291 1317 2347 honorabilis
1361 2297 1467 2358 est,
1497 2299 1552 2346 et
1593 2299 1852 2361 tanquam
1892 2298 2079 2346 sancta

2180 2286 2241 2353 ὃς
2266 2284 2335 2361 ἦν
2370 2290 2450 2353 είς
2477 2288 2650 2342 τύπον
2677 2287 2940 2361 Χριστοῦ.
2970 2287 3164 2359 Τίμιος
3194 2287 3307 2359 γὰρ
3333 2286 3501 2359 νόμος
3530 2290 3588 2341 ὲν
3630 2288 3771 2357 Χρι-

490 2402 588 2456 per
632 2386 787 2441 illum
824 2401 998 2456 prope
1020 2386 1196 2440 Deum
1233 2392 1439 2439 etcum
1463 2384 1576 2438 Deo
1602 2390 1687 2439 est
1713 2384 1778 2438 ".
1813 2381 2079 2441 Praedicat

2183 2379 2313 2451 στῷ,
2348 2382 2443 2435 καὶ
2489 2380 2565 2445 ὡς
2596 2381 2751 2451 ἅγιος
2782 2379 2850 2433 δι’
2884 2379 3072 2448 αὐτὸν,
3105 2378 3277 2449 ἐγγὺς
3329 2378 3465 2432 Θεοῦ
3492 2378 3590 2432 καὶ
3623 2376 3767 2448 μετά

484 2478 637 2534 enim
670 2479 789 2549 ipsa
829 2493 1051 2548 quoque
1087 2477 1396 2549 principem
1433 2475 1588 2533 illum
1623 2474 1997 2540 sacerdotum,
2025 2480 2079 2529 et

2180 2468 2339 2524 Θεοῦ.
2373 2471 2735 2542 Διακηρύττει
2769 2470 2878 2542 γὰρ
2905 2470 3000 2524 καὶ
3045 2470 3211 2533 αὐτὸς
3254 2468 3348 2522 τὸν
3381 2468 3646 2541 ἀρχιερέα
3670 2468 3771 2522 καὶ

486 2572 803 2645 apostolum
841 2569 1209 2627 confessionis
1243 2578 1448 2625 nostrae
1483 2567 1790 2625 secundum
1826 2567 2080 2637 Scriptu-

490 2682 600 2721 ras.
636 2664 718 2720 Sit
753 2664 923 2736 igitur
950 2664 1039 2718 lex
1062 2661 1286 2719 Christo
1318 2678 1418 2733 per
1455 2661 1796 2734 Spiritualem
1830 2668 2078 2715 contem-

487 2758 791 2830 plationem
815 2758 1091 2829 adjuncta.
1114 2757 1247 2812 Nam
1270 2757 1441 2831 Moysi
1459 2757 1668 2812 dictum
1691 2765 1807 2812 est:
1836 2775 1853 2808 ι
1877 2754 2082 2813 Ascen-

489 2850 559 2905 de
592 2857 652 2904 tu
676 2858 732 2905 et
754 2849 973 2904 Aaron..
994 2869 1012 2901 ι
1051 2879 1122 2891 ——
1153 2867 1171 2900 ι
1200 2846 1331 2916 Qua:
1376 2848 1547 2919 igitur
1584 2848 1731 2903 Deus
1773 2845 2077 2918 conjunxit,

488 2942 655 2996 homo
680 2956 787 2995 non
813 2940 1093 3011 separet"
1111 2980 1124 3006 ,
1159 2958 1177 2991 ι
1209 2940 1388 3012 legem
1408 2938 1481 2994 ab
1504 2954 1569 2993 ea
1593 2936 2078 3007 contemplatione,

488 3045 610 3102 quae
634 3032 692 3087 in
722 3030 944 3087 Christo
970 3038 1076 3097 est,
1112 3032 1441 3105 abjungens,
1468 3031 1600 3089 dum
1626 3030 1727 3086 soli
1755 3027 2081 3083 adhaerescit

2180 2561 2476 2616 ἀπόστολον
2511 2563 2609 2633 τῆς
2653 2561 2941 2634 ὁμολογίας
2989 2560 3171 2632 ἡμῶν,
3212 2560 3353 2615 κατά
3380 2559 3479 2623 τὰς
3517 2559 3763 2631 Γραφάς.

2179 2653 2551 2727 Παρεξεύχθω
2573 2650 2666 2709 οὖν
2703 2656 2731 2709 6
2760 2655 2926 2726 νόμος
2964 2652 3207 2727 Χριστῷ,
3240 2652 3329 2706 διὰ
3369 2652 3470 2723 τῆς
3502 2652 3561 2704 ἐν
3595 2649 3768 2704 πνεύο

2184 2764 2314 2818 ματι
2358 2747 2613 2818 θεωρίας.
2673 2748 2899 2819 Ἀκήκοε
2938 2746 3050 2817 γὰρ
3090 2747 3119 2799 6
3162 2745 3388 2813 Μωσῆς
3431 2761 3451 2796 ι
3503 2740 3767 2813 ’Λνάὸηθι

2181 2840 2247 2893 σὺ
2273 2837 2369 2892 καὶ
2397 2838 2626 2910 Ἀαρών.
2655 2856 2779 2891 ι-ι
2810 2841 2878 2892 Ἀ
2903 2834 2996 2893 οὖν
3020 2837 3157 2901 Θεὸς
3184 2835 3528 2902 συνέζευξεν,
3557 2834 3769 2906 ἀνθρω-

2179 2944 2281 2991 πος
2313 2927 2388 3000 μή
2427 2927 2729 3000 χωριζέτω,
2762 2946 2782 2979 ι
2820 2928 2922 2999 τῆς
2951 2929 3010 2982 ἐν
3037 2925 3259 2999 Χριστῷ
3293 2925 3529 2997 θεωρίας
3559 2926 3766 2978 ἀποκο-

2180 3019 2357 3090 μίζων
2389 3020 2485 3074 τὸν
2514 3020 2811 3093 νόμονςαδιά
2836 3021 2897 3075 τὸ
2932 3020 3067 3094 μόνῃ
3099 3018 3463 3091 προσκεῖσθαι
3500 3021 3567 3090 τῇ
3610 3021 3765 3091 σκιᾷ,

488 3120 718 3188 umbrae,
747 3130 804 3178 et
843 3121 1140 3178 veritatem
1182 3123 1252 3179 ad
1293 3116 1590 3195 imaginem
1628 3121 1924 3194 ﬁgurarum
1956 3128 2076 3176 non

2181 3113 2275 3168 καὶ
2308 3113 2383 3186 μὴ
2410 3117 2492 3179 εἱς
2518 3114 2703 3169 είκόνα
2730 3114 2842 3168 τῶν
2864 3115 3050 3169 τύπων
3076 3112 3479 3183 παραδέχεσθαι
3506 3113 3607 3183 τὴν
3635 3112 3772 3183 ἀλή-

483 3214 747 3271 admittit.
789 3214 898 3271 Sed
944 3230 1165 3275 sacrum
1212 3216 1348 3273 illud
1394 3233 1566 3288 genus
1602 3218 1658 3273 in
1690 3227 1935 3276 montem
1972 3235 2081 3275 una

484 3322 614 3367 eum
642 3308 859 3381 populis
886 3309 1188 3364 ascendere
1212 3308 1569 3379 prohibetur;
1605 3326 1789 3382 neque
1815 3313 1963 3367 enim
1990 3311 2079 3379 iis,

482 3399 583 3474 qui
628 3401 748 3472 lege
792 3409 1085 3472 reguntur,
1125 3417 1305 3472 neque
1349 3403 1438 3471 iis,
1464 3402 1560 3475 qui
1605 3401 1787 3459 adhuc
1822 3403 1978 3458 illum
2024 3405 2081 3459 in

488 3492 703 3547 umbris
747 3493 960 3548 cultum
1003 3492 1288 3560 exhibent,
1319 3493 1507 3549 datum
1547 3510 1579 3549 a
1614 3494 1866 3563 Deoest,
1892 3504 1953 3551 ut
1988 3497 2082 3552 illa

473 3583 706 3639 «excelsa
746 3597 812 3636 ac
852 3596 1067 3641 summa
1109 3581 1384 3655 dogmata,
1411 3598 1536 3653 quae
1568 3582 1638 3641 ad
1679 3583 1856 3654 ipsius
1896 3586 2083 3657 cogni-

478 3674 697 3728 tionem
739 3671 1044 3742 pertinent,
1086 3672 1240 3729 adire
1286 3673 1529 3745 possint;
1570 3672 1669 3728 sed
1708 3682 1987 3729 servatum
2025 3674 2081 3731 id

487 3763 675 3836 potius
703 3771 791 3819 est
834 3762 924 3831 iis,
955 3763 1050 3836 qui
1099 3764 1156 3820 in
1199 3764 1305 3823 ﬁde
1345 3764 1654 3839 justiﬁcati,
1686 3773 1743 3821 et
1781 3764 1838 3819 in
1860 3764 2080 3823 Christo

487 3855 557 3913 ad
582 3855 960 3913 obedientiam
984 3863 1149 3928 atque
1183 3857 1557 3929 cognitionem
1582 3856 1745 3929 longe
1791 3857 1883 3915 illa
1904 3859 2080 3917 veteri

487 3951 931 4022 praestantiorem
956 3955 1084 4007 sunt
1111 3950 1314 4005 vocati.
1341 3948 1480 4005 Nam
1518 3947 1854 4005 eminentem
1888 3950 2079 4022 cogni-

487 4042 694 4098 tionem
715 4041 924 4098 Christi
951 4042 1149 4098 beatus
1171 4057 1391 4114 quoque
1407 4040 1612 4111 Paulus
1634 4049 1719 4097 est
1737 4041 2077 4099 admiratus:

487 4150 552 4191 ac
570 4134 728 4190 testis
747 4133 877 4191 huic
892 4134 973 4191 rei
990 4135 1098 4190 erit
1113 4134 1232 4207 ipse
1248 4147 1468 4205 quoque
1485 4132 1755 4203 Salvator,
1775 4134 1870 4207 qui
1891 4143 2080 4208 aperte

490 4235 607 4283 tum
644 4227 712 4285 de
749 4228 933 4296 nobis,
966 4235 1083 4283 tum
1116 4242 1251 4285 vero
1293 4225 1361 4283 de
1405 4227 1495 4294 iis,
1525 4228 1620 4301 qui
1658 4244 1689 4285 e
1720 4245 1922 4301 genere
1952 4238 2081 4285 sunt

488 4318 676 4386 Israel,
714 4318 852 4375 dicit
892 4338 905 4373 :
956 4340 974 4372 ‹
1023 4319 1192 4376 Vobis
1243 4318 1432 4377 datum
1475 4330 1562 4377 est
1609 4337 1772 4380 nosse
1820 4322 2079 4397 mysteria

488 4409 646 4481 regni
675 4410 965 4477 cmlorum,
1003 4410 1115 4465 illis
1154 4415 1341 4464 autem
1373 4425 1482 4466 non
1509 4419 1594 4467 est
1622 4409 1813 4466 datum
1839 4414 1907 4466 τί.
1943 4431 1961 4464 ι
2000 4412 2079 4469 Ac

2173 3205 2353 3263 θειαν.
2398 3208 2629 3280 Εἵρηταί
2668 3225 2735 3277 γε
2788 3208 2899 3279 μὴν
2944 3206 3238 3277 ἀναφοιτᾷν
3269 3206 3352 3268 εἱς
3387 3204 3449 3258 τδ
3485 3204 3613 3275 ὅρος
3651 3207 3771 3267 τοῖς

2177 3300 2373 3373 δήμοις
2408 3300 2544 3372 ὁμοῦ
2576 3299 2639 3355 τὸ
2664 3302 2818 3371 γένος
2853 3298 2912 3354 τὸ
2945 3300 3113 3371 ἱερόν.
3140 3298 3216 3352 Οὐ
3244 3296 3355 3369 γὰρ
3386 3300 3500 3361 τοῖς
3526 3298 3585 3349 έν
3614 3296 3772 3367 νόμῳ

2181 3394 2747 3465 παιδαγωγουμένοις,
2784 3392 2908 3447 οὐδὲ
2950 3396 3064 3456 τοῖς
3097 3389 3178 3444 ἐτι
3224 3391 3324 3461 τὴν
3369 3390 3428 3444 ἐν
3458 3392 3642 3451 ’σκιαῖς
3668 3405 3766 3440 τε-

2180 3483 2332 3538 λοῦσι
2377 3483 2634 3555 λατρείαν
2656 3525 2672 3550 ,
2722 3482 2931 3537 δέδοται
2974 3481 3126 3552 παρά
3168 3479 3304 3534 Θεοῦ
3344 3479 3409 3532 τὸ
3441 3480 3498 3532 έν
3540 3477 3771 3546 ὑψηλοῖς

2180 3574 2276 3628 καὶ
2329 3573 2659 3646 ὑπερτάτοις
2724 3572 2861 3627 ἱέναι
2922 3572 3159 3643 δόγμασι
3221 3573 3335 3635 τοῖς
3389 3569 3521 3641 περὶ
3572 3567 3768 3621 αὐτοῦ’

2178 3665 2476 3738 τετήρηται
2517 3665 2579 3718 δὲ
2619 3664 2819 3735 μᾶλλον
2852 3666 2967 3728 τοῖς
2996 3665 3055 3719 ὲν
3090 3664 3275 3717 πίστει
3300 3661 3766 3731 δεδικαιωμένοις,

2181 3758 2275 3812 καὶ
2305 3760 2364 3812 ὲν
2398 3756 2623 3830 Χριστῷ
2668 3757 3036 3829 κεκλημένοις
3076 3757 3163 3821 εἰς
3193 3756 3465 3828 ὑπακοὴν,
3501 3755 3593 3808 καὶ
3627 3742 3768 3807 πολῦ

2177 3845 2277 3916 τῆς
2325 3845 2693 3920 ἀρχαιοτέρας
2734 3845 3121 3916 διενεγκοῦσαν
3161 3845 3387 3916 γνῶσιν.
3432 3841 3769 3914 Τεθαύμακε

2178 3939 2289 4012 γὰρ
2331 3940 2395 3994 τὸ
2424 3940 2694 4012 ὑπερέχον
2734 3939 2840 4009 τῆς
2877 3937 3138 4005 γνώσεως
3186 3937 3284 3992 τοῦ
3327 3935 3567 4009 Χριστοῦ
3613 3936 3708 3989 καὶ
3734 3938 3770 3990 6

2180 4031 2472 4097 θεσπέσιος
2490 4031 2726 4097 Παῦλος*
2755 4031 3092 4103 μαρτυρήσει
3113 4030 3171 4084 δὲ
3194 4031 3288 4083 καὶ
3310 4029 3473 4093 αὐτὸς
3494 4030 3525 4082 ὁ
3549 4027 3769 4098 Σωτὴρ.

2180 4124 2308 4199 περί
2336 4140 2395 4177 τε
2430 4123 2590 4195 ήμῶν
2622 4123 2847 4177 καὶτῶν
2875 4120 2935 4188 ὲξ
2968 4122 3203 4194 αἵματος
3236 4112 3475 4193 Ἰσραὴλ,
3508 4120 3768 4188 ἀναφανο

2178 4216 2269 4271 δδν
2299 4216 2497 4288 λέγων,
2529 4217 2612 4271 ὃτι
2656 4235 2674 4267 ι
2722 4215 2887 4287 Ὑμῖν
2923 4214 3131 4269 δέδοται
3151 4213 3355 4283 γνῶναι
3386 4213 3455 4267 τὰ
3489 4212 3771 4284 μυστήρια

2182 4309 2281 4383 τῆς
2309 4307 2593 4381 βασιλείας
2621 4306 2730 4362 τῶν
2757 4305 3032 4379 οὐρανῶν,
3070 4305 3305 4369 ἐκείνοις
3327 4302 3408 4357 δὲ.
3430 4305 3497 4358 οὐ
3528 4303 3771 4357 δέδοται.

2180 4400 2292 4454 Καὶ
2338 4401 2469 4472 περὶ
2524 4399 2623 4471 μὲν
2676 4398 2792 4453 τῶν
2854 4397 3149 4453 Ἰουδαίων·
3202 4415 3220 4449 ι
3281 4396 3485 4465 Ἅφετε
3542 4395 3769 4458 αὐτοὺς.

488 4478 785 4558 de‘Judaais
810 4501 1036 4573 quidem
1067 4517 1078 4554 :
1114 4520 1133 4553 ‹
1162 4499 1337 4559 Sinite
1376 4502 1535 4571 illos;
1564 4502 1694 4558 caeci
1735 4511 1883 4570 sunt,
1909 4503 2078 4565 duces

2182 4491 2370 4561 τυφλοί
2413 4493 2587 4557 εἰσιν,
2638 4490 2825 4562 ὁδηγοὶ
2856 4489 3092 4559 τυφλῶν.
3142 4507 3160 4541 ι
3214 4485 3662 4560 Προσπεφὼνηκε
3705 4484 3770 4537 δὲ

495 4608 769 4648 caecorum
805 4594 872 4648 τ’.
910 4613 928 4645 ι
983 4593 1092 4648 Eos
1140 4600 1359 4659 autem,
1406 4594 1503 4665 qui
1554 4594 1734 4665 ipsum
1789 4604 2078 4662 noverant,

490 4699 686 4741 rursus
707 4684 980 4740 allocutus
999 4691 1107 4751 est,
1132 4704 1148 4736 ι
1177 4684 1359 4742 Vestri
1387 4693 1571 4740 autem
1594 4685 1743 4741 beati
1764 4686 1931 4753 oculi,
1951 4690 2081 4760 quia

489 4776 708 4841 vident,
737 4783 792 4831 et
812 4791 977 4832 aures
1000 4785 1215 4840 vestrae,
1236 4776 1365 4847 quia
1392 4777 1709 4832 audiunt".
1744 4798 1761 4828 ι
1799 4779 1963 4854 226
1987 4781 2081 4838 llis

491 4867 560 4922 de
587 4868 756 4923 rebus
776 4883 904 4922 cum
929 4868 1082 4938 loqui
1105 4866 1360 4924 desiisset
1380 4866 1474 4923 ille
1502 4869 1883 4929 universorum
1912 4858 2077 4942 Deus,

490 4961 791 5032 praecipere
844 4962 1152 5027 exorditur,
1206 4969 1263 5016 et
1315 4960 1383 5017 de
1444 4961 1611 5018 rebus
1660 4965 1883 5035 optimis
1922 4966 2076 5039 leges

490 5054 850 5109 constituere.
891 5053 1082 5124 Itaque
1120 5053 1201 5109 sic
1244 5053 1364 5129 ait:
1408 5074 1425 5105 ι
1464 5054 1578 5127 Ego
1622 5055 1886 5113 Dominus
1930 5060 2076 5117 Deus

493 5154 641 5213 tuus,
666 5149 761 5223 qui
790 5147 959 5202 eduxi
999 5155 1051 5202 te
1085 5147 1154 5202 de
1187 5154 1329 5202 terra
1353 5147 1592 5221 Egypti,
1624 5149 1693 5206 de
1716 5149 1879 5206 domo
1903 5151 2078 5206 servi-

494 5241 625 5295 tutis
649 5259 662 5294 :
696 5256 809 5294 non
836 5247 997 5294 erunt
1027 5239 1125 5294 tibi
1152 5239 1228 5295 (lii
1257 5240 1346 5294 alii
1371 5250 1570 5312 praeter
1598 5258 1685 5298 me
1712 5243 1777 5296 “.
1812 5262 1829 5294 ›
1865 5242 2078 5297 Decens

494 5347 625 5386 vero
663 5331 782 5385 suis
815 5330 1034 5401 legibus
1084 5329 1216 5386 fecit
1259 5333 1571 5400 exordium,
1613 5348 1671 5388 se
1722 5348 1843 5387 esse
1893 5332 2083 5387 dicens

490 5438 639 5486 eum,
686 5422 782 5492 qui
831 5422 1053 5477 illorum
1103 5424 1159 5478 in
1207 5423 1440 5498 Egypto
1474 5424 1853 5497 prodigiorum
1891 5431 2083 5480 auctor

492 5513 690 5580 fuerit;
735 5513 831 5585 qui
876 5513 1141 5571 adversus
1185 5516 1503 5588 iniquorum
1543 5515 1894 5572 dominorum
1931 5512 2080 5568 insa-

490 5603 667 5669 niam,
716 5606 1055 5673 universam,
1104 5616 1165 5662 ut
1209 5624 1320 5663 uno
1362 5608 1534 5663 verbo
1577 5605 1789 5669 dicam,
1827 5603 2081 5659 excitarit

2182 4585 2346 4640 πάλιν
2387 4587 2503 4649 τοῖς
2541 4582 2841 4654 ἐγνωκόσιν
2889 4582 3070 4636 αὐτόν·
3100 4598 3123 4632 τ
3181 4579 3367 4650 ’Υμῶν
3396 4577 3454 4631 δὲ
3503 4577 3769 4649 μακάριοι

2180 4679 2229 4731 οἱ
2270 4676 2562 4749 ὀφθαλμοὶ,
2594 4677 2676 4731 δτι
2723 4673 3004 4747 βλέπουσι,
3045 4674 3140 4727 καί
3186 4673 3255 4725 τὰ
3298 4666 3415 4725 ὦτα
3460 4669 3638 4740 ὑμῶν,
3684 4669 3770 4721 ὃτι

2181 4771 2495 4826 ἀκούουσιν.
2531 4788 2550 4821 ι
2597 4767 2816 4839 Ἐπειδὴ
2839 4765 2896 4820 δὲ
2921 4767 3049 4829 τοὺς
3076 4766 3207 4837 περὶ
3230 4763 3437 4818 τούτων
3458 4760 3769 4832 διεπέραινε

2179 4865 2373 4932 λόγους
2419 4862 2448 4916 6
2478 4860 2587 4915 τῶν
2630 4859 2771 4914 ὅλων
2796 4858 2961 4924 Θεδς,
3007 4857 3234 4931 ἄρχεται
3258 4853 3627 4929 θεσμοθετεῖν,
3671 4853 3771 4905 καὶ

2182 4958 2313 5019 τοὺς
2344 4956 2429 5024 ἐφ’
2460 4953 2634 5009 ἅπασι
2673 4955 2785 5018 τοῖς
2825 4951 3072 5024 ἀρίστοις
3103 4948 3306 5015 ὁρίζειν
3347 4947 3569 5018 νόμους.
3608 4945 3771 4997 ωτω

2181 5052 2242 5104 τέ
2278 5065 2515 5120 φησιν’-ι
2559 5044 2704 5115 Ἐγὼ
2746 5045 2950 5117 Κύριος
2989 5045 3017 5096 ὁ
3052 5040 3191 5104 Θεός
3225 5057 3343 5107 σου,
3375 5039 3527 5120 δστις
3568 5035 3772 5107 ἐξήγα-

2183 5114 2383 5212 γὸνσε
2432 5141 2497 5195 ἐκ
2548 5139 2651 5210 γῆς
2698 5114 2999 5206 Αἰγύπτου,
3050 5133 3111 5200 ἐξ
3142 5135 3304 5187 -οῐκου
3354 5114 3621 5193 δουλείαις⁸
3669 5129 3772 5181 οὐκ

2186 5234 2400 5288 ἔσονταί
2429 5249 2510 5286 σοι
2555 5229 2668 5283 θεοὶ
2696 5229 2875 5301 ἕτεροι
2920 5226 3060 5295 πλὴν
3091 5224 3247 5295 ἐμοῦ.
3288 5243 3310 5273 ι
3346 5222 3673 5294 Πρέπουσαν
3710 5216 3770 5269 δὲ

2183 5331 2297 5392 τοῖς
2333 5327 2516 5393 νόμοις
2557 5325 2854 5394 ἐποιήσατο
2898 5318 2998 5391 τὴν
3026 5317 3227 5388 ἀρχὴν,
3256 5314 3453 5368 ἑαυτὸν
3498 5307 3637 5365 εἶναι
3681 5308 3771 5361 λέο

2184 5436 2296 5489 γων
2339 5419 2432 5473 τὸν
2486 5418 2544 5471 ὲν
2600 5415 2861 5484 Αἰγύπτῳ
2902 5408 3292 5482 τερατουργάν
3337 5407 3431 5459 τὸν
3483 5407 3604 5468 ταῖς
3657 5400 3769 5454 τῶν

2184 5508 2659 5564 πλεονεκτούντων
2689 5504 2908 5576 μανίαις
2949 5501 3099 5569 ὅλην,
3131 5500 3206 5563 ὡς
3235 5499 3365 5561 ἔπος
3388 5497 3598 5555 εἰπεῖν,
3637 5505 3771 5545 κατ-

2185 5602 2545 5671 εξανιστάντα
2573 5598 2672 5671 τὴν
2692 5597 2892 5651 κτίσιν·
2948 5592 3136 5654 ὑετούς
3162 5608 3222 5643 τε
3260 5590 3356 5643 καὶ
3389 5584 3632 5659 χαλάζας
3680 5581 3767 5644 ἐξα

456 5734 466 5742 ·
565 5719 609 5749 ⁸⁷
632 5720 787 5775 Deut.
824 5737 876 5785 v,
911 5721 998 5776 5i.
1071 5723 1115 5754 "
1131 5722 1304 5777 Exod.
1335 5739 1443 5785 χιχ,
1471 5722 1560 5775 24.
1636 5721 1679 5752 ⁸⁹
1701 5719 1967 5783 llebr.m,
1995 5720 2079 5787 5,1

2182 5724 2227 5754 7°
2256 5721 2421 5777 Marc.
2448 5735 2501 5785 χ,
2530 5717 2582 5773 9.
2656 5713 2915 5769 “Matth.
2950 5728 3065 5776 xm,
3103 5710 3189 5764 ll.
3268 5709 3319 5740 ἠ
3348 5705 3538 5761 Matth.
3562 5719 3628 5757 xv
3676 5696 3765 5753 li.

496 5787 543 5821 "
573 5789 760 5846 Matth.
786 5809 899 5862 xm,
931 5795 1015 5850 16.
1093 5795 1141 5826 ’⁵
1170 5793 1346 5847 Levit.
1372 5808 1442 5857 xl,
1476 5792 1543 5847 45
1566 5808 1578 5858 ;
1602 5790 1773 5845 Exod.
1798 5807 1885 5857 xx,
1922 5790 1973 5844 ὅ.
