4104 6432
371 312 487 379 135

1097 309 1187 368 DE
1228 302 1674 369 ADORATIONE
1714 304 1780 367 ΙΝ
1818 307 2092 373 SPIRITU
2132 309 2222 367 ET
2263 310 2633 369 \‘ERITATE.
2675 311 2804 368 LIB.
2848 312 2959 370 VII.

3569 314 3670 375 494

368 434 685 501 ωπλικότα,
712 431 929 489 καὶτῶν
948 431 1231 501 στοιχείων
1249 428 1555 501 μεταϐολάς
1581 429 1972 501 ὲπιδεδειχότα,

2081 435 2423 498 creaturam;
2473 429 2571 501 qui
2614 429 2822 487 imbres
2866 438 2924 486 et
2968 427 3295 499 grandinem
3338 427 3587 496 armarit,
3619 442 3675 489 et

368 529 476 585 καὶ
514 530 633 592 τοῖς
664 530 1037 598 πρωτατόκοις
1070 527 1162 581 τὸν
1208 527 1431 597 οίκτρὸν
1463 525 1678 581 ὲνιέντα
1717 526 1967 592 θάνατον,

367 616 475 677 καὶ
513 613 711 670 σκότον
751 614 940 680 αὐτοῖς
989 615 1341 686 καταχέαντα
1373 615 1466 672 τὸν
1507 617 1831 688 τριήμερον·
1880 615 1974 670 τὸν

364 709 462 764 διὰ
490 708 678 781 μέσων
719 706 856 763 ίέναι
891 708 1154 779 κυμάτων
1182 703 1263 772 οἷς
1296 708 1365 763 ἂν
1397 707 1574 762 ἐθέλοι
1605 708 1972 780 δωρούμενον,

364 802 469 860 καὶ
505 799 751 872 ἀμογητὶ
782 798 1156 873 συνθραύοντα
1179 800 1313 864 ’τοὺς
1352 797 1784 869 ἀνθεστηκότας.
1823 799 1975 855 Ἔδει

363 893 507 964 γάρ,
539 892 650 948 ἔδει
669 891 746 964 μὴ
773 892 991 960 ἀγνοεῖν
1015 891 1143 955 τοὺς
1170 889 1271 961 τῆς
1302 888 1453 954 θείας
1485 889 1708 960 ἐντολῆς
1751 889 1976 962 ὑποτρέο

362 1003 573 1063 χοντας
618 985 711 1040 τὸν
762 970 949 1054 ζυγὸν,
990 983 1090 1056 ὅση
1140 980 1227 1047 τίς
1277 983 1428 1037 ἐστιν
1469 983 1504 1053 ἡ
1537 980 1632 1035 τοῦ
1678 980 1974 1053 νομοθέτου

361 1081 648 1151 δύναμις,
692 1079 791 1133 καὶ
840 1078 926 1132 ὅτι
975 1073 1342 1149 προσκρούειν
1374 1075 1561 1140 αὐτοῖς
1588 1074 1691 1129 οὐκ
1732 1073 1976 1146 ἀσφαλὲς

361 1175 446 1246 τῷ
474 1174 660 1229 πάντα
690 1169 930 1238 εὐκόλως
956 1166 1260 1242 κατορθοῦν
1303 1165 1564 1239 ἰσχύοντι.

443 1351 663 1408 ΠΑΛΛ.
700 1352 789 1417 Ὠς
814 1344 876 1407 εὖ
907 1368 971 1422 γε
993 1352 1132 1423 ἡμῖν
1157 1351 1187 1404 6
1214 1347 1513 1422 νομοθέτης
1539 1349 1634 1405 καὶ
1656 1348 1977 1424 θεοπρεπῶς

366 1445 678 1499 ἐσκέπτετο
708 1445 721 1499 l
747 1444 1035 1515 Κατάγχει
1074 1442 1182 1514 γάρ
1232 1459 1351 1504 πως
1403 1441 1492 1494 ἀεὶ
1535 1439 1596 1494 τὸ
1628 1441 1793 1515 δεῖμα
1838 1442 1978 1515 πρὸς

366 1538 692 1595 εὐπείθειαν
711 1581 725 1605 ,
754 1538 850 1594 καὶ
883 1536 1075 1609 ὥσπερ
1111 1535 1234 1590 τινὰ
1263 1533 1443 1589 πῶλον
1480 1533 1697 1607 εὐήνιον
1727 1536 1979 1610 ἀπεργάο

367 1624 531 1691 (stat
557 1628 650 1683 τὸν
675 1629 862 1702 ἀπηνῆ
897 1627 992 1682 καὶ
1023 1625 1364 1696 δυσάγωγον.

2076 521 2480 579 elementorum
2522 523 2989 579 commutationes
3032 522 3369 590 ostenderit;
3395 523 3489 594 qui
3525 539 3673 580 mor-

2078 623 2190 670 tem
2236 614 2622 687 primogenitis
2668 616 3043 673 miserabilem
3086 616 3406 685 immiserit;
3447 617 3545 688 qui
3581 618 3685 676 tri-

2074 706 2293 769 duanas
2323 707 2434 767 illis
2461 710 2720 767 tenebras
2752 709 3044 777 oﬁ‘uderit;
3075 709 3172 781 qui
3201 726 3303 781 per
3331 711 3548 767 medios
3570 711 3675 768 11η-⁴

2077 807 2222 868 ctus,
2255 800 2463 872 quibus
2490 801 2750 868 voluerit,
2786 803 2869 859 ire
2895 804 3252 872 concesserit,
3289 803 3384 874 qui
3421 805 3679 865 adversa-

2074 892 2193 955 rios
2219 894 2376 953 nullo
2412 894 2638 965 negotio
2666 896 3016 952 contriverit.
3058 896 3213 969 Opus
3242 899 3390 954 enim
3426 901 3678 970 profecto

2076 995 2219 1055 erat,
2254 996 2338 1053 ut,
2368 988 2464 1060 qui
2499 988 2820 1047 divinorum
2870 1001 3272 1063 praeceptorum
3303 994 3496 1064 jugum
3541 995 3677 1051 sub-

2076 1082 2248 1148 irent,
2284 1080 2324 1137 ii
2357 1096 2471 1139 non
2514 1081 2861 1153 ignorarent,
2905 1094 3111 1154 quanta
3155 1094 3304 1142 esset
3349 1086 3681 1158 lcgislatoris

2076 1181 2347 1245 potestas,
2387 1190 2456 1232 ac
2494 1175 2708 1232 scirent
2744 1175 2975 1232 minime
3013 1176 3119 1233 sibi
3157 1194 3279 1235 esse
3313 1187 3514 1249 tutum,
3549 1196 3679 1237 eum

2077 1267 2385 1335 ofendere,
2415 1269 2513 1340 qui
2544 1268 2819 1341 perﬁcere
2848 1269 3040 1327 omnia
3068 1270 3228 1327 facile
3254 1281 3461 1343 posset.

2149 1358 2350 1419 PALL.
2390 1359 2729 1417 Praeclarum
2759 1376 2914 1427 sane,
2942 1376 3008 1417 ac
3032 1359 3147 1417 Deo
3175 1361 3560 1433 dignissimum
3592 1365 3679 1423 le-

2079 1451 2358 1524 gislatoris
2401 1453 2735 1509 consilium:
2772 1469 2902 1509 nam
2953 1469 3174 1526 semper
3225 1455 3340 1512 fere
3390 1466 3573 1514 metus
3610 1459 3680 1514 ad

2075 1543 2457 1605 obedientiam
2498 1545 2692 1617 adigit,
2724 1553 2783 1602 et
2824 1545 3109 1603 hominem
3146 1549 3404 1618 quamvis
3441 1548 3681 1606 eﬁ‘rena-

2079 1643 2201 1695 tum
2238 1644 2404 1709 atque
2436 1636 2718 1694 dilIicilem
2746 1676 2761 1707 ,
2799 1639 2962 1710 quasi
2995 1655 3201 1711 equum
3225 1681 3240 1708 ,
3276 1640 3434 1698 freno
3456 1642 3681 1698 obtemo

2078 1738 2371 1801 petentem
2400 1731 2605 1788 reddit.

443 1806 615 1863 ΚΥΡ.
663 1805 970 1880 Ὀρθότατα
1009 1805 1167 1879 ἔφης.
1208 1807 1528 1881 ’Δποφήσας
1555 1809 1619 1880 δὴ
1644 1806 1737 1863 οὖν
1759 1808 1820 1863 τὸ
1847 1808 1979 1884 χρῆε

2149 1817 2310 1879 CYR.
2353 1824 2686 1881 Rectissime
2720 1822 2889 1881 dicis.
2917 1822 3057 1881 Cum
3098 1820 3270 1898 igitur
3301 1827 3683 1898 prohibuisset

366 1917 464 1956 ναι
490 1900 636 1964 θεοῖς
656 1900 989 1971 προσκυνεῖν
1019 1899 1254 1973 ἑτέροις,
1276 1901 1373 1955 καὶ
1399 1900 1501 1973 τὴν
1523 1901 1746 1958 εἰδώλου
1770 1903 1974 1968 παντὸς

367 1995 620 2065 ποίησιν,
655 1991 975 2065 ὲξομοίωμά
998 2009 1059 2046 τε
1089 1993 1186 2048 καὶ
1224 1993 1466 2066 γραφὴν,
1496 1995 1595 2049 καὶ
1637 1994 1701 2049 τὸ
1744 1995 1976 2067 προσνέ-

368 2096 503 2162 μειν
553 2086 873 2158 άποτολμᾷν
914 2085 978 2140 τὸ
1028 2084 1131 2156 τῆς
1172 2085 1430 2157 θεότητος
1473 2085 1648 2157 ὄνομα
1696 2089 1819 2152 ταῖς
1864 2086 1976 2143 τῶν

365 2180 851 2254 ἀγαλματουργῶν
885 2179 1246 2251 ἐπιστήμαις,
1275 2178 1458 2245 δίκαις
1499 2177 1820 2252 ὑπενεγκὼν
1853 2183 1976 2247 ταῑς

366 2276 636 2347 ἐσχάταις
668 2272 686 2347 (
709 2294 726 2327 ι
760 2269 836 2328 Οὐ
865 2274 975 2346 γὰρ
997 2273 1165 2347 λήψῃ,
1184 2272 1343 2345 φησὶ,
1360 2273 1421 2327 τὸ
1448 2273 1624 2348 ονομα
1645 2275 1854 2349 Κυρίου
1877 2273 1974 2330 τοῦ

365 2366 512 2425 Θεοῦ
554 2386 650 2439 σου
687 2368 783 2425 ἐπὶ
835 2366 1077 2440 ματαίῳ,
1121 2367 1204 2422 ὃτι
1233 2368 1296 2424 ού
1333 2367 1410 2440 μὴ
1446 2367 1723 2441 καθαρίσῃ
1771 2368 1977 2440 Κύριος

364 2463 462 2518 τον
485 2461 840 2534 λαμϐάνοντα
863 2461 924 2516 τὸ
948 2446 1122 2534 ὄνομα
1145 2460 1312 2517 αὑτοῦ
1344 2462 1437 2516 ἐπὶ
1466 2462 1689 2535 ματαίῳ
1716 2460 1786 2533 ι),
1816 2479 1981 2517 κατα-

372 2554 634 2628 ρυθμίζει
685 2554 873 2608 λοιπὸν
926 2553 999 2609 τὰ
1048 2553 1403 2625 ἀνθρώπινα,
1441 2555 1557 2623 ,καὶ
1609 2553 1800 2627 ὥσπερ
1853 2554 1979 2613 τινὰ

366 2648 580 2705 κανόνα
607 2646 745 2719 πρὸς
764 2647 826 2702 τὸ
852 2646 981 2703 εὐθὺ
1024 2649 1147 2711 ταῖς
1177 2647 1436 2702 ἁπάντων
1469 2647 1774 2713 πολιτείαις
1804 2646 1978 2719 ὁρίζει

364 2741 463 2796 τὸν
494 2742 686 2814 νόμον⁶
724 2740 948 2811 ἁπάσης
977 2740 1036 2794 δὲ
1070 2741 1220 2815 ἡμᾶς
1247 2739 1529 2813 ἐξίστησιν
1558 2740 1858 2814 ἁμαρτίας,
1887 2740 1980 2801 τὸν

365 2835 472 2907 τῆς
517 2835 578 2888 ὲν
623 2831 851 2906 Χριστῷ
880 2832 1232 2903 δικαιοσύνης
1278 2832 1375 2893 καὶ
1415 2832 1524 2906 πρό
1558 2849 1623 2902 γε
1656 2832 1765 2887 τῶν
1800 2832 1980 2889 ἄλλων

366 2926 807 2997 κατασημαίνων
832 2924 1047 2999 καιρὸν,
1074 2924 1197 2983 καθ’
1221 2924 1280 2980 ὃν
1313 2927 1347 2999 ἡ
1380 2925 1685 2996 τελεωτάτη
1709 2925 1980 2999 λύτρωσις

368 3020 467 3077 καὶ
498 3021 533 3089 ἢ
572 3017 913 3090 φαυλότητος
960 3017 1306 3090 καταφθορά,
1340 3018 1437 3075 καὶ
1474 3019 1874 3091 άναμόρφωσις
1898 3020 1980 3091 εἰς

366 3111 432 3164 τὸ
458 3110 556 3165 ἀπ’
593 3109 796 3182 ἀρχῆς,
823 3109 919 3166 καὶ
957 3109 1105 3182 ζωῆς
1148 3110 1553 3184 άνακαινισμὸς
1606 3112 1708 3182 τῆς
1739 3113 1797 3166 έν
1823 3111 1978 3183 ἁγιότ-

2076 1914 2215 1973 deos
2253 1916 2395 1973 alios
2419 1917 2679 1984 adorare,
2711 1925 2771 1974 et
2811 1919 3022 1975 idolum
3049 1920 3288 1991 quodvis
3330 1921 3418 1976 vel
3450 1922 3682 1978 simulas

2076 2022 2238 2064 crum
2293 2018 2391 2065 aut
2435 2010 2715 2082 picturam
2756 2010 3039 2084 elﬁngere,
3084 2027 3326 2083 cumque
3370 2021 3683 2070 extremum

2074 2103 2415 2174 supplicium
2466 2105 2866 2173 constituisset,
2897 2106 2945 2162 si
2977 2107 3073 2177 qui
3121 2108 3431 2164 divinitatis
3479 2124 3685 2166 nomen

2077 2192 2338 2251 lictorum
2394 2196 2824 2253 simulacrorum
2893 2195 3148 2255 artiﬁciis
3202 2199 3454 2255 tribuere
3514 2215 3686 2254 ausus

2074 2297 2232 2344 esset
2265 2307 2278 2342 :
2323 2307 2343 2342 ι
2380 2289 2571 2361 Neque
2610 2291 2761 2346 enim
2805 2290 3066 2362 accipies,
3103 2291 3304 2363 inquit,
3335 2306 3539 2348 nomen
3579 2292 3688 2348 Do-

2078 2384 2217 2440 mini
2246 2385 2345 2441 Dei
2374 2385 2458 2440 tui
2499 2386 2557 2441 in
2601 2400 2838 2453 vanum;
2878 2385 3011 2457 quia
3054 2401 3169 2441 non
3209 2401 3414 2457 purum
3456 2386 3688 2443 habebit

2076 2477 2349 2534 Dominus
2374 2493 2525 2544 eum,
2544 2478 2639 2549 qui
2664 2478 2869 2549 accipit
2895 2494 3098 2533 nomen
3121 2479 3243 2550 ejus
3265 2479 3324 2534 in
3339 2494 3546 2533 vanum
3564 2480 3633 2546 ’⁵,
3661 2500 3678 2531 ι

2079 2580 2199 2631 tum
2230 2571 2301 2633 ad
2354 2587 2445 2627 res
2476 2572 2752 2629 humanas
2788 2572 3200 2643 componendas
3226 2574 3596 2639 convertitur,
3631 2584 3690 2631 et

2077 2667 2261 2739 legem
2305 2665 2465 2737 quasi
2516 2667 2767 2737 regulam
2811 2665 3129 2737 quamdam,
3162 2680 3271 2737 qua
3297 2666 3430 2737 quid
3472 2674 3689 2722 rectum

2081 2759 2175 2826 sit,
2202 2760 2548 2830 exquiratur,
2576 2760 2828 2815 omnium
2863 2758 3151 2815 hominum
3179 2760 3307 2817 vitae
3334 2763 3646 2833 praescribit
3672 2780 3687 2818 :

2080 2861 2249 2924 atque
2283 2853 2352 2909 ab
2386 2853 2669 2909 universis
2719 2866 2827 2909 nos
2865 2853 3113 2924 peccatis
3160 2863 3337 2922 arcet,
3381 2869 3508 2911 cum
3562 2868 3691 2914 ante

2076 2946 2189 3002 alia
2231 2945 2382 3001 illius
2420 2945 2477 3000 in
2520 2943 2749 3003 Christo
2787 2947 3280 3018 justitize-tempus
3322 2947 3593 3021 designat,
3632 2952 3691 3007 in

2078 3052 2195 3107 quo
2222 3036 2632 3108 perfectissima
2664 3037 2759 3092 illa
2802 3038 3139 3108 redemptio,
3166 3047 3222 3094 et
3259 3040 3524 3096 vitiorum
3553 3043 3691 3099 abo-

2075 3128 2224 3196 litio,
2258 3137 2316 3185 et
2347 3130 2416 3185 ad
2456 3130 2759 3201 pristinum
2805 3138 3011 3201 statum
3060 3131 3403 3199 reformatio,
3434 3140 3490 3189 et
3538 3135 3688 3202 vitm,

367 3204 498 3277 τητί
532 3221 594 3259 τε
641 3204 739 3261 καὶ
783 3201 1053 3277 φιλοθεΐᾳ.
1099 3203 1394 3277 Τοιγάρτοι
1425 3203 1581 3276 φησί’
1624 3222 1643 3258 ι
1684 3203 1976 3276 ,Μνήσθητι

2081 3212 2205 3292 quae
2241 3220 2301 3276 in
2320 3199 2634 3277 ~sanctitate
2660 3236 2728 3277 ac
2766 3220 2865 3276 Dei
2902 3200 3091 3279 arnore
3122 3222 3366 3289 ducitur,
3402 3199 3692 3291 renovatio

368 3297 473 3369 τὴν
508 3296 728 3371 ἡμέραν
744 3292 864 3350 ιτῶν
888 3295 1193 3352 Σαϐϐάτων
1228 3293 1483 3366 ἁγιάζειν
1509 3296 1706 3368 αὐτήν·
1742 3294 1802 3366 ἒξ
1833 3295 1974 3369 ἡμές

370 3405 478 3461 ρας
510 3387 750 3462 ἐργάσῃ,
773 3390 868 3443 καὶ
898 3389 1148 3465 ποιήσεις
1173 3387 1353 3444 πάντα
1393 3388 1464 3443 τά
1495 3387 1635 3462 ἔργα
1667 3405 1784 3454 σου,
1830 3390 1897 3463 τῇ
1918 3387 1976 3444 δὲ

367 3479 563 3553 ἡμέρᾳ
606 3483 674 3554 τῇ
724 3480 934 3557 ἑϐδόμῃ
974 3480 1233 3536 Σάϐϐατα
1258 3522 1273 3549 ,
1321 3480 1633 3545 ἀνάπαυσις
1677 3478 1871 3554 Κυρίῳ
1898 3479 1978 3553 τῷ

370 3571 496 3645 Θεῷ
540 3588 666 3628 σουο
703 3572 764 3628 οὐ
790 3574 1049 3649 ’ποιήσεις
1082 3573 1142 3627 ὲν
1177 3573 1318 3647 αὐτῇ
1351 3572 1460 3627 πᾶν
1491 3571 1679 3646 ἔργον,
1718 3571 1784 3626 σὺ
1815 3572 1912 3627 καὶ
1948 3573 1979 3631 6

371 3668 491 3731 υἱός
521 3683 619 3723 σου
652 3666 753 3721 καὶ
798 3667 833 3739 ἡ
876 3666 1129 3740 θυγάτηρ
1170 3683 1267 3720 σου
1290 3706 1307 3733 ,
1339 3669 1368 3722 ὁ
1397 3669 1531 3731 παῖς
1574 3684 1670 3722 σου
1701 3668 1798 3722 καὶ
1851 3684 1980 3723 aut,

370 3761 540 3839 δίσκη
562 3834 567 3837 Δ
590 3779 713 3827 σου,
743 3762 773 3816 6
804 3761 936 3836 βοῦς
988 3779 1084 3819 σου
1132 3763 1227 3819 καὶ
1264 3762 1326 3818 τὸ
1357 3762 1654 3831 ὑποζύγιόν
1686 3781 1814 3833 σου,
1870 3765 1979 3835 πᾶν

371 3856 435 3910 τὸ
465 3854 667 3931 κτῆνός
703 3872 820 3925 σου,
849 3857 948 3913 καὶ
975 3858 1004 3911 ὁ
1034 3857 1380 3930 προσήλυτος
1404 3858 1438 3910 6
1468 3857 1753 3931 παροικῶν
1780 3859 1841 3914 ὲν
1868 3855 1977 3925 σοί.

387 3946 478 4000 Ἐν
510 3945 621 4018 γάρ
652 3945 716 4013 ἐξ
758 3946 1000 4021 ἡμέραις
1050 3946 1279 4017 ἐποίησε
1328 3947 1537 4022 Κύριος
1563 3948 1659 4005 τὸν
1723 3948 1979 4023 οὐρανὸν,

376 4040 476 4096 καὶ
525 4037 627 4111 τὴν
671 4041 798 4111 γῆν,
830 4041 927 4096 καὶ
974 4039 1076 4113 τὴν
1118 4040 1423 4109 θάλασσαν,
1464 4043 1570 4113 ,καὶ
1596 4043 1778 4101 πάντα
1812 4041 1890 4095 τὰ
1921 4042 1982 4101 ἐν

374 4133 588 4197 αὐτοῖς,
642 4133 742 4186 καὶ
789 4133 1109 4187 κατέπαυσε
1143 4136 1211 4206 τῇ
1267 4135 1453 4208 ἡμέρᾳ
1485 4138 1553 4208 τῇ
1607 4136 1834 4221 ἑϐδόμῃ,
1882 4142 1983 4221 Διά

371 4222 540 4279 τοῦτο
567 4224 842 4296 ηὐλόγησε
872 4223 1081 4298 Κύριος
1107 4224 1208 4298 τὴν
1235 4226 1451 4299 ἡμέραν
1476 4229 1578 4300 τὴν
1601 4216 1864 4305 ἑϐδόμην,
1888 4216 1983 4290 καὶ

372 4315 613 4387 ἡγίασεν
644 4315 839 4390 αὑτήν.

445 4407 664 4463 ΠΑΛΔ.
697 4407 811 4462 Καὶ
837 4411 892 4464 τί
922 4408 988 4484 δὴ
1015 4408 1179 4473 τοῦτό
1198 4413 1384 4481 tactv;
1415 4414 1479 4473 οὐ
1508 4413 1620 4487 γάρ
1642 4432 1726 4471 τοι
1754 4417 1985 4491 συνίημι

368 4499 592 4570 σαφῶς.
630 4499 992 4573 Ἀγιάσαιμεν
1028 4503 1074 4558 δ’
1109 4502 1177 4569 ἂν
1205 4503 1330 4560 τίνα
1352 4503 1557 4576 τρόπον
1580 4505 1681 4579 τὴν
1704 4506 1816 4564 τῶν
1838 4509 1982 4571 Σαῦ-

373 4592 561 4649 6άτων
591 4593 838 4667 ἡμέραν;
1392 4672 1397 4675 _

445 4687 616 4742 ΚΥΡ.
639 4687 833 4742 Βούλει
878 4686 1129 4761 λέγωμεν
1170 4689 1333 4760 ὀλίγα
1362 4689 1501 4747 ἄττα
1524 4707 1663 4766 ιπερι
1692 4694 1977 4757 ὶιαϐιβάτον

370 4781 471 4837 καὶ
518 4780 620 4853 τῆς
663 4781 724 4833 έν
777 4779 930 4854 αὐτῷ
988 4783 1367 4855 τετιμημένης
1410 4783 1650 4856 ἀργίαςι
1707 4783 1818 4847 εἷεν
1868 4788 1979 4862 γὰρ

367 4874 438 4930 ἂν
472 4873 623 4930 οὕτω
650 4876 749 4931 καὶ
782 4873 931 4947 μάλα
977 4875 1128 4946 σαφῆ
1156 4875 1226 4930 τὰ
1266 4875 1453 4932 θεόθεν
1483 4878 1617 4950 ἡμῖν
1665 4896 1978 4953 κεχρησμο-

368 4966 672 5040 δοτημένα.

442 5060 658 5116 ΠΛΛΛ.
688 5059 843 5117 Πάνυ
885 5059 986 5131 μὲν
1018 5053 1136 5115 οὖν.

443 5154 617 5210 ΚΥΡ.
654 5153 728 5207 Τὸ
776 5151 1077 5217 Σάϐϐατον,
1113 5146 1158 5208 ὦ
1203 5150 1504 5221 Παλλάδιε,
1550 5153 1844 5214 τελευταία
1874 5157 1974 5230 τῆς
2044 5185 2056 5198 ο

363 5246 671 5319 ἑϐδομάδος
699 5244 972 5318 τυγχάνον
1026 5246 1211 5319 ἡμέρα
1230 5288 1246 5312 ,
1283 5250 1733 5320 κατασημήνειεν
1759 5251 1848 5317 ἂν,
1889 5248 1972 5311 οἴ-

362 5342 471 5412 μαί
527 5353 660 5405 που,
707 5338 802 5393 τὸν
853 5341 955 5410 τῆς
987 5337 1080 5394 τοῦ
1146 5340 1402 5413 Σωτῆρος
1462 5341 1619 5413 ἡμῶν
1667 5343 1970 5416 ἐπιδημίας

2074 3314 2334 3386 contigit.
2356 3315 2549 3386 itaque
2576 3315 2652 3370 ait
2677 3332 2692 3369 :
2726 3335 2745 3368 ‹
2772 3316 3090 3372 Recordare
3117 3316 3266 3372 diem
3294 3317 3688 3390 Sabbatorum,

2074 3417 2143 3462 ut
2174 3406 2490 3463 sanctiﬁces
2532 3407 2688 3463 illum
2722 3422 2736 3463 :
2771 3425 2867 3465 sex
2905 3409 3105 3465 diebus
3142 3411 3483 3481 operaberis,
3519 3421 3576 3467 et
3608 3412 3691 3467 fa-

2076 3500 2195 3557 cies
2218 3499 2405 3556 omnia
2440 3516 2611 3573 opera
2644 3506 2736 3557 t‘ua
2766 3520 2779 3555 :
2808 3502 2899 3559 die
2924 3511 3111 3559 autem
3164 3503 3399 3575 septimo
3428 3502 3690 3572 Sabbata,

2074 3595 2308 3666 requies
2331 3595 2571 3651 Domino
2608 3597 2725 3653 Deo
2754 3604 2889 3652 tuo:
2917 3612 3029 3653 non
3067 3596 3238 3654 facies
3275 3599 3331 3653 in
3370 3598 3492 3669 ipso
3528 3613 3693 3655 omne

2078 3700 2243 3757 opus,
2276 3694 2361 3753 tu,
2394 3694 2451 3743 et
2495 3685 2645 3742 ﬁlius
2672 3696 2826 3753 tuus,
2863 3696 2921 3744 et
2955 3688 3068 3744 ﬁlia
3103 3697 3218 3756 tua,
3248 3704 3447 3746 servus
3478 3680 3607 3745 tuus
3636 3698 3693 3747 et

2080 3780 2281 3836 ancilla
2311 3787 2428 3845 tua,
2461 3780 2564 3837 bos
2604 3790 2736 3838 tuus
2763 3791 2820 3838 et
2849 3782 3137 3855 subjugale
3181 3790 3338 3838 tuum
3360 3825 3374 3850 ,
3406 3799 3570 3839 omne
3598 3784 3691 3856 ju»

2078 3881 2337 3945 mentum
2389 3873 2554 3946 227
2604 3883 2784 3940 tuum,
2832 3868 3279 3948 et‘proselytus,
3328 3876 3423 3946 qui
3477 3875 3694 3931 habitat

2084 3965 2231 4038 apud
2263 3975 2316 4023 te
2350 3986 2363 4022 :
2396 3984 2492 4023 sex
2525 3966 2678 4024 enim
2709 3968 2910 4046 diebus
2942 3970 3075 4026 fecit
3096 3971 3371 4025 Dominus
3398 3969 3598 4026 caelum
3634 3978 3693 4027 et

2086 4065 2293 4116 terram
2333 4067 2391 4117 et
2427 4076 2582 4119 mare
2621 4070 2678 4116 et
2707 4049 2894 4116 omnia
2923 4077 3046 4132 quae
3085 4062 3143 4117 in
3180 4061 3263 4118 eis
3298 4075 3451 4128 sunt,
3501 4071 3560 4118 et
3598 4078 3690 4120 re—

2085 4153 2298 4224 quievit
2324 4154 2415 4209 die
2453 4154 2693 4226 septimo
2726 4168 2739 4208 :
2774 4163 3072 4226 propterea
3096 4155 3384 4211 benedixit
3422 4156 3693 4214 Dominus

2085 4241 2200 4298 diei
2228 4243 2488 4314 septimo,
2519 4252 2577 4299 et
2605 4244 2975 4300 sanctiﬁcavit
3005 4245 3163 4300 illum
3198 4246 3265 4299 τε.
3305 4264 3324 4297 ι

3668 4384 3711 4399 -.

2152 4419 2356 4477 PALL.
2383 4420 2528 4489 Quid
2553 4438 2685 4479 vero
2706 4420 2859 4479 istud
2876 4431 2968 4481 est
2983 4425 3010 4478 Ἰ
3036 4441 3151 4479 non
3173 4425 3322 4480 enim
3362 4424 3499 4481 satis
3522 4423 3689 4480 intel—

2080 4513 2219 4586 ligo.
2254 4513 2506 4582 Quonam
2540 4531 2679 4575 rem
2700 4516 2871 4573 modo
2897 4516 3043 4574 diem
3072 4516 3442 4574 Sabbatorum
3481 4519 3690 4575 sancti-

2080 4605 2418 4671 ﬁcabimus?

2149 4702 2308 4761 ΟΥΕ.
2349 4700 2517 4761 Visne
2537 4703 2611 4761 de
2652 4703 2895 4762 Sabbato
2916 4710 2976 4761 et
2996 4705 3069 4762 de
3111 4704 3442 4771 cessatione,
3468 4719 3593 4775 quae
3631 4704 3692 4759 in

2077 4811 2153 4853 eo
2171 4796 2445 4869 agebatur
2463 4838 2478 4863 ,
2508 4811 2690 4868 pauca
2720 4797 3022 4854 dicamus?
3051 4799 3132 4854 Ita
3154 4798 3304 4857 enim
3342 4795 3692 4869 apertissima

2082 4896 2271 4957 erunt,
2293 4905 2418 4961 qua:
2432 4890 2596 4947 nobis
2615 4890 2887 4951 divinitus
2913 4898 3191 4963 praecepta
3214 4897 3364 4946 sunt.

2157 5069 2356 5127 PALL.
2386 5058 2531 5127 Sane
2559 5066 2807 5143 quidem.

2151 5161 2311 5220 ΟΥΕ.
2340 5163 2666 5230 Sabbatum,
2697 5162 2927 5229 Palladi,
2956 5160 3188 5218 ultimus
3231 5156 3499 5217 nimirum
3552 5152 3692 5215 heba-

2082 5255 2333 5315 domada:
2355 5257 2497 5324 dies,
2526 5257 2799 5329 designat,
2829 5265 2893 5313 ut
2928 5257 3187 5313 existim
3208 5297 3223 5323 ,
3270 5264 3491 5327 tempus
3527 5254 3687 5317 illud,

2077 5365 2192 5421 quo
2215 5349 2467 5407 Salvator
2476 5358 2672 5406 noster
2688 5349 2935 5418 advenit,
2963 5351 3057 5422 qui
3076 5348 3332 5421 apparuit
3357 5348 3449 5404 ille
3465 5346 3691 5419 quidem

362 5425 586 5500 καιρὸν,
615 5427 675 5491 ὃς
708 5427 922 5500 πέφηνε
962 5418 1062 5500 μὲν
1092 5429 1185 5482 ἐπὶ
1228 5430 1510 5504 συντελείᾳ
1550 5433 1644 5487 κα)⁸
1684 5436 1972 5509 μονονουχὶ

2081 5443 2139 5501 in
2165 5445 2668 5508 consummatione,
2695 5443 3193 5516 ac'propemodam
3230 5444 3335 5501 sub
3373 5443 3555 5515 ipsum
3588 5456 3692 5497 sat»

361 5522 507 5596 πρὸς
534 5523 730 5585 αὐταῖς
752 5521 854 5595 ἤδη
885 5521 981 5576 τοῦ
1017 5522 1289 5593 παρόντος
1308 5524 1512 5591 αἰῶνος
1541 5527 1797 5600 δυσμαῖς,
1826 5531 1970 5603 ἀρχὴ

2081 5537 2192 5594 culi
2220 5538 2511 5609 pressantis
2538 5551 2837 5603 occasum;
2869 5535 2967 5593 sed
2995 5537 3060 5593 ad
3107 5537 3449 5593 ablutionem
3487 5546 3686 5606 pecca-

359 5614 422 5673 δὲ
474 5615 571 5669 καὶ
617 5613 759 5701 θύρα
808 5615 905 5669 καὶ
951 5614 1069 5679 ὁδὸς
1119 5618 1256 5687 ἡμῖν
1306 5618 1526 5687 γένονεν
1580 5624 1661 5687 είς
1714 5624 1975 5697 ἀπόνιψιν

2084 5637 2297 5705 torum,
2332 5631 2403 5688 ad
2435 5631 2752 5687 libertatem
2802 5645 3027 5702 quoque
3073 5646 3138 5689 ac
3188 5632 3592 5694 remissionem,
3617 5616 3686 5679 ad

474 5804 721 5860 "Exod.
748 5820 857 5873 ιι,
888 5805 940 5859 7.
993 5803 1040 5836 τι
1062 5801 1196 5864 ίιινι.
1229 5804 1318 5874 to,
1350 5803 1441 5860 ιι.
