  <div class='ocr_page' id='page_1' title='image "/cluster/home/n/w/nwhite01/storage/ocr_20150623/68:no.1/coo.31924054869742/255.png"; bbox 0 0 4104 6434; ppageno 0'>
   <div class='ocr_carea' id='block_1_1' title="bbox 435 315 542 378">
    <p class='ocr_par' dir='ltr' id='par_1_1' title="bbox 435 315 542 378">
     <span class='ocr_line' id='line_1_1' title="bbox 435 315 542 378; baseline -0.037 0"><span class='ocrx_word' id='word_1_1' title='bbox 435 315 542 378; x_wconf 68' lang='grc' dir='ltr'>τοις</span> 
     </span>
    </p>
   </div>
   <div class='ocr_carea' id='block_1_2' title="bbox 1475 308 2709 369">
    <p class='ocr_par' dir='ltr' id='par_1_2' title="bbox 1475 308 2709 369">
     <span class='ocr_line' id='line_1_2' title="bbox 1475 308 2709 369; baseline -0.001 -1"><span class='ocrx_word' id='word_1_2' title='bbox 1475 308 1528 368; x_wconf 89' lang='lat' dir='ltr'><strong>S.</strong></span> <span class='ocrx_word' id='word_1_3' title='bbox 1570 310 1843 369; x_wconf 70' lang='grc' dir='ltr'>ογιιιιι..</span> <span class='ocrx_word' id='word_1_4' title='bbox 1885 308 2354 368; x_wconf 71' lang='lat' dir='ltr'><strong>ALEXANDRINI</strong></span> <span class='ocrx_word' id='word_1_5' title='bbox 2393 311 2709 369; x_wconf 73' lang='lat' dir='ltr'><strong>ARCHIEP.</strong></span> 
     </span>
    </p>
   </div>
   <div class='ocr_carea' id='block_1_3' title="bbox 3591 315 3698 374">
    <p class='ocr_par' dir='ltr' id='par_1_3' title="bbox 3591 315 3698 374">
     <span class='ocr_line' id='line_1_3' title="bbox 3591 315 3698 374; baseline 0.019 -2"><span class='ocrx_word' id='word_1_6' title='bbox 3591 315 3698 374; x_wconf 52' lang='lat'><strong>$96</strong></span> 
     </span>
    </p>
   </div>
   <div class='ocr_carea' id='block_1_4' title="bbox 435 423 2031 502">
    <p class='ocr_par' dir='ltr' id='par_1_4' title="bbox 435 423 2015 499">
     <span class='ocr_line' id='line_1_4' title="bbox 435 423 2015 499; baseline 0.003 -20"><span class='ocrx_word' id='word_1_7' title='bbox 435 427 906 499; x_wconf 84' lang='lat' dir='ltr'><strong>incorruptionem</strong></span> <span class='ocrx_word' id='word_1_8' title='bbox 932 440 994 481; x_wconf 88' lang='lat' dir='ltr'><strong>ac</strong></span> <span class='ocrx_word' id='word_1_9' title='bbox 1032 423 1220 490; x_wconf 80' lang='lat' dir='ltr'><strong>vitam,</strong></span> <span class='ocrx_word' id='word_1_10' title='bbox 1244 425 1308 481; x_wconf 86' lang='lat' dir='ltr'><strong>ad</strong></span> <span class='ocrx_word' id='word_1_11' title='bbox 1339 441 1488 496; x_wconf 85' lang='lat' dir='ltr'><strong>spem</strong></span> <span class='ocrx_word' id='word_1_12' title='bbox 1515 427 1753 498; x_wconf 83' lang='lat' dir='ltr'><strong>denique</strong></span> <span class='ocrx_word' id='word_1_13' title='bbox 1777 428 2015 484; x_wconf 76' lang='lat' dir='ltr'><strong>futuram</strong></span> 
     </span>
    </p>
   </div>
   <div class='ocr_carea' id='block_1_5' title="bbox 2132 423 3700 502">
    <p class='ocr_par' dir='ltr' id='par_1_5' title="bbox 2132 425 3700 502">
     <span class='ocr_line' id='line_1_5' title="bbox 2132 425 3700 502; baseline 0.001 -19"><span class='ocrx_word' id='word_1_14' title='bbox 2132 428 2414 500; x_wconf 62' lang='grc' dir='ltr'>ἁμαρτίας,</span> <span class='ocrx_word' id='word_1_15' title='bbox 2449 430 2527 493; x_wconf 81' lang='grc' dir='ltr'><strong>είς</strong></span> <span class='ocrx_word' id='word_1_16' title='bbox 2566 425 2877 499; x_wconf 71' lang='grc' dir='ltr'><strong>ἐλευθερίαν</strong></span> <span class='ocrx_word' id='word_1_17' title='bbox 2913 427 3005 481; x_wconf 72' lang='grc' dir='ltr'>καὶ</span> <span class='ocrx_word' id='word_1_18' title='bbox 3037 427 3251 498; x_wconf 64' lang='grc' dir='ltr'>ἄφεσιν,</span> <span class='ocrx_word' id='word_1_19' title='bbox 3278 430 3357 493; x_wconf 90' lang='grc' dir='ltr'><strong>εἰς</strong></span> <span class='ocrx_word' id='word_1_20' title='bbox 3389 429 3700 502; x_wconf 66' lang='grc' dir='ltr'>ἀφθαρσίαν</span> 
     </span>
    </p>
   </div>
   <div class='ocr_carea' id='block_1_6' title="bbox 439 517 2020 590">
    <p class='ocr_par' dir='ltr' id='par_1_6' title="bbox 439 517 2020 590">
     <span class='ocr_line' id='line_1_6' title="bbox 439 517 2020 590; baseline -0.002 -13"><span class='ocrx_word' id='word_1_21' title='bbox 439 521 656 577; x_wconf 86' lang='lat' dir='ltr'><strong>ini-tium</strong></span> <span class='ocrx_word' id='word_1_22' title='bbox 683 528 738 575; x_wconf 91' lang='lat' dir='ltr'><strong>et</strong></span> <span class='ocrx_word' id='word_1_23' title='bbox 772 520 936 590; x_wconf 88' lang='lat' dir='ltr'><strong>janua</strong></span> <span class='ocrx_word' id='word_1_24' title='bbox 963 529 1016 573; x_wconf 91' lang='lat' dir='ltr'><strong>et</strong></span> <span class='ocrx_word' id='word_1_25' title='bbox 1039 518 1130 572; x_wconf 85' lang='lat' dir='ltr'><strong>via</strong></span> <span class='ocrx_word' id='word_1_26' title='bbox 1147 518 1308 572; x_wconf 88' lang='lat' dir='ltr'><strong>nobis</strong></span> <span class='ocrx_word' id='word_1_27' title='bbox 1331 527 1414 572; x_wconf 87' lang='lat' dir='ltr'><strong>est</strong></span> <span class='ocrx_word' id='word_1_28' title='bbox 1442 517 1639 574; x_wconf 86' lang='lat' dir='ltr'><strong>factus.</strong></span> <span class='ocrx_word' id='word_1_29' title='bbox 1669 520 1854 576; x_wconf 79' lang='lat' dir='ltr'><strong>Multis</strong></span> <span class='ocrx_word' id='word_1_30' title='bbox 1887 536 2020 576; x_wconf 85' lang='lat' dir='ltr'><strong>vero</strong></span> 
     </span>
    </p>
   </div>
   <div class='ocr_carea' id='block_1_7' title="bbox 436 610 2018 682">
    <p class='ocr_par' dir='ltr' id='par_1_7' title="bbox 436 610 2018 682">
     <span class='ocr_line' id='line_1_7' title="bbox 436 610 2018 682; baseline 0.001 -14"><span class='ocrx_word' id='word_1_31' title='bbox 436 611 614 668; x_wconf 84' lang='lat' dir='ltr'><strong>modis</strong></span> <span class='ocrx_word' id='word_1_32' title='bbox 631 611 798 676; x_wconf 87' lang='lat' dir='ltr'><strong>hunc,</strong></span> <span class='ocrx_word' id='word_1_33' title='bbox 817 611 910 681; x_wconf 89' lang='lat' dir='ltr'><strong>qui</strong></span> <span class='ocrx_word' id='word_1_34' title='bbox 936 612 990 664; x_wconf 92' lang='lat' dir='ltr'><strong>in</strong></span> <span class='ocrx_word' id='word_1_35' title='bbox 1015 610 1234 665; x_wconf 80' lang='lat' dir='ltr'><strong>Christo</strong></span> <span class='ocrx_word' id='word_1_36' title='bbox 1262 611 1606 682; x_wconf 70' lang='lat' dir='ltr'><strong>intelligitur,</strong></span> <span class='ocrx_word' id='word_1_37' title='bbox 1623 613 2018 670; x_wconf 85' lang='lat' dir='ltr'><strong>sabbatismum</strong></span> 
     </span>
    </p>
   </div>
   <div class='ocr_carea' id='block_1_8' title="bbox 435 700 2021 771">
    <p class='ocr_par' dir='ltr' id='par_1_8' title="bbox 435 700 2021 771">
     <span class='ocr_line' id='line_1_8' title="bbox 435 700 2021 771; baseline 0.004 -15"><span class='ocrx_word' id='word_1_38' title='bbox 435 717 714 756; x_wconf 89' lang='lat' dir='ltr'><strong>sacrarum</strong></span> <span class='ocrx_word' id='word_1_39' title='bbox 741 715 960 771; x_wconf 81' lang='lat' dir='ltr'><strong>quoque</strong></span> <span class='ocrx_word' id='word_1_40' title='bbox 986 700 1319 756; x_wconf 79' lang='lat' dir='ltr'><strong>Litterarum</strong></span> <span class='ocrx_word' id='word_1_41' title='bbox 1344 701 1479 757; x_wconf 91' lang='lat' dir='ltr'><strong>ﬁdes</strong></span> <span class='ocrx_word' id='word_1_42' title='bbox 1493 703 1654 758; x_wconf 91' lang='lat' dir='ltr'><strong>nobis</strong></span> <span class='ocrx_word' id='word_1_43' title='bbox 1678 703 1915 761; x_wconf 85' lang='lat' dir='ltr'><strong>latenter</strong></span> <span class='ocrx_word' id='word_1_44' title='bbox 1939 707 2021 762; x_wconf 90' lang='lat' dir='ltr'><strong>in-</strong></span> 
     </span>
    </p>
   </div>
   <div class='ocr_carea' id='block_1_9' title="bbox 434 792 2019 869">
    <p class='ocr_par' dir='ltr' id='par_1_9' title="bbox 434 792 2019 869">
     <span class='ocr_line' id='line_1_9' title="bbox 434 792 2019 869; baseline 0.003 -20"><span class='ocrx_word' id='word_1_45' title='bbox 434 794 638 859; x_wconf 85' lang='lat' dir='ltr'><strong>sinuat,</strong></span> <span class='ocrx_word' id='word_1_46' title='bbox 660 808 811 848; x_wconf 86' lang='lat' dir='ltr'><strong>nunc</strong></span> <span class='ocrx_word' id='word_1_47' title='bbox 833 792 1057 864; x_wconf 89' lang='lat' dir='ltr'><strong>quidem</strong></span> <span class='ocrx_word' id='word_1_48' title='bbox 1075 808 1202 850; x_wconf 88' lang='lat' dir='ltr'><strong>eum</strong></span> <span class='ocrx_word' id='word_1_49' title='bbox 1218 793 1606 860; x_wconf 84' lang='lat' dir='ltr'><strong>cessationem,</strong></span> <span class='ocrx_word' id='word_1_50' title='bbox 1625 811 1732 866; x_wconf 84' lang='lat' dir='ltr'><strong>qua</strong></span> <span class='ocrx_word' id='word_1_51' title='bbox 1753 806 2019 869; x_wconf 85' lang='lat' dir='ltr'><strong>tanquam</strong></span> 
     </span>
    </p>
   </div>
   <div class='ocr_carea' id='block_1_10' title="bbox 431 885 2022 960">
    <p class='ocr_par' dir='ltr' id='par_1_10' title="bbox 431 885 2022 960">
     <span class='ocr_line' id='line_1_10' title="bbox 431 885 2022 960; baseline 0.003 -20"><span class='ocrx_word' id='word_1_52' title='bbox 431 903 462 940; x_wconf 86' lang='lat' dir='ltr'><strong>a</strong></span> <span class='ocrx_word' id='word_1_53' title='bbox 496 886 738 957; x_wconf 79' lang='lat' dir='ltr'><strong>peccatis</strong></span> <span class='ocrx_word' id='word_1_54' title='bbox 758 894 1026 952; x_wconf 86' lang='lat' dir='ltr'><strong>cessatur,</strong></span> <span class='ocrx_word' id='word_1_55' title='bbox 1050 885 1336 952; x_wconf 85' lang='lat' dir='ltr'><strong>describit,</strong></span> <span class='ocrx_word' id='word_1_56' title='bbox 1388 896 1444 942; x_wconf 89' lang='lat' dir='ltr'><strong>et</strong></span> <span class='ocrx_word' id='word_1_57' title='bbox 1467 888 1738 944; x_wconf 27' lang='lat' dir='ltr'><strong>[acerbam</strong></span> <span class='ocrx_word' id='word_1_58' title='bbox 1752 888 1807 945; x_wconf 93' lang='lat' dir='ltr'><strong>in</strong></span> <span class='ocrx_word' id='word_1_59' title='bbox 1825 889 2022 960; x_wconf 87' lang='lat' dir='ltr'><strong>primis</strong></span> 
     </span>
    </p>
   </div>
   <div class='ocr_carea' id='block_1_11' title="bbox 431 977 2016 1051">
    <p class='ocr_par' dir='ltr' id='par_1_11' title="bbox 431 977 2016 1051">
     <span class='ocr_line' id='line_1_11' title="bbox 431 977 2016 1051; baseline 0.004 -20"><span class='ocrx_word' id='word_1_60' title='bbox 431 987 597 1047; x_wconf 83' lang='lat' dir='ltr'><strong>atque</strong></span> <span class='ocrx_word' id='word_1_61' title='bbox 609 992 870 1048; x_wconf 76' lang='lat' dir='ltr'><strong>asperam</strong></span> <span class='ocrx_word' id='word_1_62' title='bbox 896 977 951 1032; x_wconf 93' lang='lat' dir='ltr'><strong>in</strong></span> <span class='ocrx_word' id='word_1_63' title='bbox 980 986 1416 1050; x_wconf 79' lang='lat' dir='ltr'><strong>transgressores</strong></span> <span class='ocrx_word' id='word_1_64' title='bbox 1439 995 1662 1051; x_wconf 65' lang='lat' dir='ltr'><strong>pennam</strong></span> <span class='ocrx_word' id='word_1_65' title='bbox 1697 981 2016 1050; x_wconf 76' lang='lat' dir='ltr'><strong>constituit;</strong></span> 
     </span>
    </p>
   </div>
   <div class='ocr_carea' id='block_1_12' title="bbox 433 1070 2022 1142">
    <p class='ocr_par' dir='ltr' id='par_1_12' title="bbox 433 1070 2022 1142">
     <span class='ocr_line' id='line_1_12' title="bbox 433 1070 2022 1142; baseline 0.005 -21"><span class='ocrx_word' id='word_1_66' title='bbox 433 1083 582 1122; x_wconf 90' lang='lat' dir='ltr'><strong>nunc</strong></span> <span class='ocrx_word' id='word_1_67' title='bbox 623 1083 778 1135; x_wconf 75' lang='lat' dir='ltr'><strong>vero,</strong></span> <span class='ocrx_word' id='word_1_68' title='bbox 810 1085 948 1125; x_wconf 37' lang='lat' dir='ltr'><strong>tcum</strong></span> <span class='ocrx_word' id='word_1_69' title='bbox 988 1070 1448 1141; x_wconf 82' lang='lat' dir='ltr'><strong>redemptionem,</strong></span> <span class='ocrx_word' id='word_1_70' title='bbox 1487 1086 1612 1142; x_wconf 60' lang='lat' dir='ltr'><strong>quae</strong></span> <span class='ocrx_word' id='word_1_71' title='bbox 1653 1071 1711 1127; x_wconf 90' lang='lat' dir='ltr'><strong>in</strong></span> <span class='ocrx_word' id='word_1_72' title='bbox 1741 1086 1809 1128; x_wconf 92' lang='lat' dir='ltr'><strong>eo</strong></span> <span class='ocrx_word' id='word_1_73' title='bbox 1853 1071 1939 1138; x_wconf 76' lang='lat' dir='ltr'><strong>ﬁt,</strong></span> <span class='ocrx_word' id='word_1_74' title='bbox 1957 1087 2022 1129; x_wconf 90' lang='lat' dir='ltr'><strong>ac</strong></span> 
     </span>
    </p>
   </div>
   <div class='ocr_carea' id='block_1_13' title="bbox 433 1159 2020 1233">
    <p class='ocr_par' dir='ltr' id='par_1_13' title="bbox 433 1159 2020 1233">
     <span class='ocr_line' id='line_1_13' title="bbox 433 1159 2020 1233; baseline 0.004 -20"><span class='ocrx_word' id='word_1_75' title='bbox 433 1159 823 1217; x_wconf 84' lang='lat' dir='ltr'><strong>remissionem</strong></span> <span class='ocrx_word' id='word_1_76' title='bbox 857 1161 1382 1228; x_wconf 71' lang='lat' dir='ltr'><strong>etinstructionem,</strong></span> <span class='ocrx_word' id='word_1_77' title='bbox 1404 1178 1512 1233; x_wconf 88' lang='lat' dir='ltr'><strong>qua</strong></span> <span class='ocrx_word' id='word_1_78' title='bbox 1547 1163 1615 1219; x_wconf 88' lang='lat' dir='ltr'><strong>ad</strong></span> <span class='ocrx_word' id='word_1_79' title='bbox 1634 1163 1884 1219; x_wconf 87' lang='lat' dir='ltr'><strong>futurum</strong></span> <span class='ocrx_word' id='word_1_80' title='bbox 1908 1178 2020 1220; x_wconf 69' lang='lat' dir='ltr'><strong>sas-</strong></span> 
     </span>
    </p>
   </div>
   <div class='ocr_carea' id='block_1_14' title="bbox 433 1251 2018 1326">
    <p class='ocr_par' dir='ltr' id='par_1_14' title="bbox 433 1251 2018 1326">
     <span class='ocr_line' id='line_1_14' title="bbox 433 1251 2018 1326; baseline 0.003 -20"><span class='ocrx_word' id='word_1_81' title='bbox 433 1251 620 1306; x_wconf 91' lang='lat' dir='ltr'><strong>culum</strong></span> <span class='ocrx_word' id='word_1_82' title='bbox 663 1267 926 1323; x_wconf 81' lang='lat' dir='ltr'><strong>paramur</strong></span> <span class='ocrx_word' id='word_1_83' title='bbox 969 1260 1026 1308; x_wconf 90' lang='lat' dir='ltr'><strong>et</strong></span> <span class='ocrx_word' id='word_1_84' title='bbox 1048 1253 1390 1325; x_wconf 75' lang='lat' dir='ltr'><strong>accingimur</strong></span> <span class='ocrx_word' id='word_1_85' title='bbox 1413 1294 1428 1319; x_wconf 94' lang='lat'><strong>,</strong></span> <span class='ocrx_word' id='word_1_86' title='bbox 1453 1253 1686 1325; x_wconf 90' lang='lat' dir='ltr'><strong>ﬁgurate</strong></span> <span class='ocrx_word' id='word_1_87' title='bbox 1725 1254 2018 1326; x_wconf 84' lang='lat' dir='ltr'><strong>signiﬁcat.</strong></span> 
     </span>
    </p>
   </div>
   <div class='ocr_carea' id='block_1_15' title="bbox 505 1343 2020 1418">
    <p class='ocr_par' dir='ltr' id='par_1_15' title="bbox 505 1343 2020 1418">
     <span class='ocr_line' id='line_1_15' title="bbox 505 1343 2020 1418; baseline 0.005 -21"><span class='ocrx_word' id='word_1_88' title='bbox 505 1343 704 1398; x_wconf 84' lang='lat' dir='ltr'><strong>PALL.</strong></span> <span class='ocrx_word' id='word_1_89' title='bbox 735 1344 968 1415; x_wconf 81' lang='lat' dir='ltr'><strong>Explica</strong></span> <span class='ocrx_word' id='word_1_90' title='bbox 994 1345 1160 1417; x_wconf 89' lang='lat' dir='ltr'><strong>igitur</strong></span> <span class='ocrx_word' id='word_1_91' title='bbox 1195 1361 1435 1416; x_wconf 91' lang='lat' dir='ltr'><strong>quonam</strong></span> <span class='ocrx_word' id='word_1_92' title='bbox 1457 1354 1637 1418; x_wconf 91' lang='lat' dir='ltr'><strong>pacto.</strong></span> <span class='ocrx_word' id='word_1_93' title='bbox 1666 1346 1727 1402; x_wconf 87' lang='lat' dir='ltr'><strong>Id</strong></span> <span class='ocrx_word' id='word_1_94' title='bbox 1765 1348 2020 1404; x_wconf 79' lang='lat' dir='ltr'><strong>enim~li-</strong></span> 
     </span>
    </p>
   </div>
   <div class='ocr_carea' id='block_1_16' title="bbox 435 1433 1098 1492">
    <p class='ocr_par' dir='ltr' id='par_1_16' title="bbox 435 1433 1098 1492">
     <span class='ocr_line' id='line_1_16' title="bbox 435 1433 1098 1492; baseline 0.003 -4"><span class='ocrx_word' id='word_1_95' title='bbox 435 1433 766 1490; x_wconf 79' lang='lat' dir='ltr'><strong>beatissime</strong></span> <span class='ocrx_word' id='word_1_96' title='bbox 785 1435 1098 1492; x_wconf 89' lang='lat' dir='ltr'><strong>didicerim.</strong></span> 
     </span>
    </p>
   </div>
   <div class='ocr_carea' id='block_1_17' title="bbox 504 1524 2024 1599">
    <p class='ocr_par' dir='ltr' id='par_1_17' title="bbox 504 1524 2024 1599">
     <span class='ocr_line' id='line_1_17' title="bbox 504 1524 2024 1599; baseline 0.005 -18"><span class='ocrx_word' id='word_1_97' title='bbox 504 1524 664 1581; x_wconf 84' lang='lat' dir='ltr'><strong>CYR.</strong></span> <span class='ocrx_word' id='word_1_98' title='bbox 691 1525 796 1582; x_wconf 83' lang='lat' dir='ltr'><strong>Per</strong></span> <span class='ocrx_word' id='word_1_99' title='bbox 831 1526 1029 1592; x_wconf 88' lang='lat' dir='ltr'><strong>ﬁdem,</strong></span> <span class='ocrx_word' id='word_1_100' title='bbox 1058 1528 1305 1594; x_wconf 91' lang='lat' dir='ltr'><strong>Palladi,</strong></span> <span class='ocrx_word' id='word_1_101' title='bbox 1349 1543 1472 1599; x_wconf 63' lang='lat' dir='ltr'><strong>quae</strong></span> <span class='ocrx_word' id='word_1_102' title='bbox 1510 1528 1567 1584; x_wconf 91' lang='lat' dir='ltr'><strong>in</strong></span> <span class='ocrx_word' id='word_1_103' title='bbox 1591 1528 2024 1588; x_wconf 70' lang='lat' dir='ltr'><strong>Christo-intel-</strong></span> 
     </span>
    </p>
   </div>
   <div class='ocr_carea' id='block_1_18' title="bbox 438 1616 2022 1689">
    <p class='ocr_par' dir='ltr' id='par_1_18' title="bbox 438 1616 2022 1689">
     <span class='ocr_line' id='line_1_18' title="bbox 438 1616 2022 1689; baseline 0.006 -20"><span class='ocrx_word' id='word_1_104' title='bbox 438 1616 658 1688; x_wconf 90' lang='lat' dir='ltr'><strong>ligitur,</strong></span> <span class='ocrx_word' id='word_1_105' title='bbox 709 1617 1008 1673; x_wconf 87' lang='lat' dir='ltr'><strong>Sabbatum</strong></span> <span class='ocrx_word' id='word_1_106' title='bbox 1061 1617 1422 1689; x_wconf 89' lang='lat' dir='ltr'><strong>spiritualiter</strong></span> <span class='ocrx_word' id='word_1_107' title='bbox 1463 1619 1856 1687; x_wconf 76' lang='lat' dir='ltr'><strong>celebramus,</strong></span> <span class='ocrx_word' id='word_1_108' title='bbox 1895 1636 2022 1678; x_wconf 91' lang='lat' dir='ltr'><strong>cum</strong></span> 
     </span>
    </p>
   </div>
   <div class='ocr_carea' id='block_1_19' title="bbox 438 1707 2021 1781">
    <p class='ocr_par' dir='ltr' id='par_1_19' title="bbox 438 1707 2021 1781">
     <span class='ocr_line' id='line_1_19' title="bbox 438 1707 2021 1781; baseline 0.003 -18"><span class='ocrx_word' id='word_1_109' title='bbox 438 1724 469 1763; x_wconf 88' lang='lat' dir='ltr'><strong>a</strong></span> <span class='ocrx_word' id='word_1_110' title='bbox 515 1707 940 1765; x_wconf 88' lang='lat' dir='ltr'><strong>distentionibus</strong></span> <span class='ocrx_word' id='word_1_111' title='bbox 989 1709 1152 1781; x_wconf 87' lang='lat' dir='ltr'><strong>hujus</strong></span> <span class='ocrx_word' id='word_1_112' title='bbox 1194 1709 1385 1765; x_wconf 89' lang='lat' dir='ltr'><strong>mundi</strong></span> <span class='ocrx_word' id='word_1_113' title='bbox 1442 1724 1742 1776; x_wconf 85' lang='lat' dir='ltr'><strong>cessamus,</strong></span> <span class='ocrx_word' id='word_1_114' title='bbox 1767 1720 1824 1768; x_wconf 92' lang='lat' dir='ltr'><strong>et</strong></span> <span class='ocrx_word' id='word_1_115' title='bbox 1857 1728 2021 1768; x_wconf 87' lang='lat' dir='ltr'><strong>ava-</strong></span> 
     </span>
    </p>
   </div>
   <div class='ocr_carea' id='block_1_20' title="bbox 440 1785 2099 1874">
    <p class='ocr_par' dir='ltr' id='par_1_20' title="bbox 440 1785 2099 1874">
     <span class='ocr_line' id='line_1_20' title="bbox 440 1785 2099 1874; baseline 0.004 -20"><span class='ocrx_word' id='word_1_116' title='bbox 440 1815 512 1855; x_wconf 89' lang='lat' dir='ltr'><strong>no</strong></span> <span class='ocrx_word' id='word_1_117' title='bbox 583 1816 772 1856; x_wconf 87' lang='lat' dir='ltr'><strong>errore</strong></span> <span class='ocrx_word' id='word_1_118' title='bbox 837 1801 1278 1872; x_wconf 76' lang='lat' dir='ltr'><strong>requiescimus,</strong></span> <span class='ocrx_word' id='word_1_119' title='bbox 1333 1809 1391 1857; x_wconf 88' lang='lat' dir='ltr'><strong>et</strong></span> <span class='ocrx_word' id='word_1_120' title='bbox 1437 1817 1477 1856; x_wconf 90' lang='lat' dir='ltr'><strong>-a</strong></span> <span class='ocrx_word' id='word_1_121' title='bbox 1537 1803 1783 1874; x_wconf 85' lang='lat' dir='ltr'><strong>nequitia</strong></span> <span class='ocrx_word' id='word_1_122' title='bbox 1843 1803 2025 1861; x_wconf 81' lang='lat' dir='ltr'><strong>disce-</strong></span> <span class='ocrx_word' id='word_1_123' title='bbox 2057 1785 2099 1840; x_wconf 75' lang='grc' dir='ltr'><strong>Β</strong></span> 
     </span>
    </p>
   </div>
   <div class='ocr_carea' id='block_1_21' title="bbox 439 1891 2024 1963">
    <p class='ocr_par' dir='ltr' id='par_1_21' title="bbox 439 1891 2024 1963">
     <span class='ocr_line' id='line_1_21' title="bbox 439 1891 2024 1963; baseline 0.003 -18"><span class='ocrx_word' id='word_1_124' title='bbox 439 1891 642 1956; x_wconf 86' lang='lat' dir='ltr'><strong>dimus,</strong></span> <span class='ocrx_word' id='word_1_125' title='bbox 692 1898 749 1946; x_wconf 91' lang='lat' dir='ltr'><strong>et</strong></span> <span class='ocrx_word' id='word_1_126' title='bbox 785 1893 994 1963; x_wconf 86' lang='lat' dir='ltr'><strong>peccati</strong></span> <span class='ocrx_word' id='word_1_127' title='bbox 1042 1893 1234 1963; x_wconf 91' lang='lat' dir='ltr'><strong>jugum</strong></span> <span class='ocrx_word' id='word_1_128' title='bbox 1274 1893 1623 1949; x_wconf 72' lang='lat' dir='ltr'><strong>exeutientes</strong></span> <span class='ocrx_word' id='word_1_129' title='bbox 1673 1894 1740 1948; x_wconf 93' lang='lat' dir='ltr'><strong>ad</strong></span> <span class='ocrx_word' id='word_1_130' title='bbox 1796 1894 2024 1951; x_wconf 85' lang='lat' dir='ltr'><strong>liberam</strong></span> 
     </span>
    </p>
   </div>
   <div class='ocr_carea' id='block_1_22' title="bbox 439 1981 2027 2060">
    <p class='ocr_par' dir='ltr' id='par_1_22' title="bbox 439 1981 2027 2060">
     <span class='ocr_line' id='line_1_22' title="bbox 439 1981 2027 2060; baseline 0.003 -24"><span class='ocrx_word' id='word_1_131' title='bbox 439 1981 930 2037; x_wconf 88' lang='lat' dir='ltr'><strong>sanctiﬁcationem</strong></span> <span class='ocrx_word' id='word_1_132' title='bbox 968 1982 1299 2037; x_wconf 75' lang='lat' dir='ltr'><strong>relaxamur.</strong></span> <span class='ocrx_word' id='word_1_133' title='bbox 1337 1983 1539 2053; x_wconf 79' lang='lat' dir='ltr'><strong>Itaque</strong></span> <span class='ocrx_word' id='word_1_134' title='bbox 1585 1983 1783 2060; x_wconf 87' lang='lat' dir='ltr'><strong>beatus</strong></span> <span class='ocrx_word' id='word_1_135' title='bbox 1824 1985 2027 2040; x_wconf 87' lang='lat' dir='ltr'><strong>Paulus</strong></span> 
     </span>
    </p>
   </div>
   <div class='ocr_carea' id='block_1_23' title="bbox 439 2071 2028 2144">
    <p class='ocr_par' dir='ltr' id='par_1_23' title="bbox 439 2071 2028 2144">
     <span class='ocr_line' id='line_1_23' title="bbox 439 2071 2028 2144; baseline 0.003 -17"><span class='ocrx_word' id='word_1_136' title='bbox 439 2073 509 2127; x_wconf 89' lang='lat' dir='ltr'><strong>de</strong></span> <span class='ocrx_word' id='word_1_137' title='bbox 543 2073 631 2138; x_wconf 92' lang='lat' dir='ltr'><strong>iis,</strong></span> <span class='ocrx_word' id='word_1_138' title='bbox 663 2072 758 2144; x_wconf 91' lang='lat' dir='ltr'><strong>qui</strong></span> <span class='ocrx_word' id='word_1_139' title='bbox 781 2072 1027 2128; x_wconf 91' lang='lat' dir='ltr'><strong>nondum</strong></span> <span class='ocrx_word' id='word_1_140' title='bbox 1060 2071 1434 2139; x_wconf 90' lang='lat' dir='ltr'><strong>crediderant,</strong></span> <span class='ocrx_word' id='word_1_141' title='bbox 1479 2074 1659 2144; x_wconf 88' lang='lat' dir='ltr'><strong>inquit</strong></span> <span class='ocrx_word' id='word_1_142' title='bbox 1692 2093 1707 2129; x_wconf 90' lang='lat'><strong>:</strong></span> <span class='ocrx_word' id='word_1_143' title='bbox 1748 2093 1766 2127; x_wconf 78' lang='grc' dir='ltr'><strong>ι</strong></span> <span class='ocrx_word' id='word_1_144' title='bbox 1813 2073 2028 2142; x_wconf 86' lang='lat' dir='ltr'><strong>Quibus</strong></span> 
     </span>
    </p>
   </div>
   <div class='ocr_carea' id='block_1_24' title="bbox 439 2163 2026 2240">
    <p class='ocr_par' dir='ltr' id='par_1_24' title="bbox 439 2163 2026 2240">
     <span class='ocr_line' id='line_1_24' title="bbox 439 2163 2026 2240; baseline 0.002 -20"><span class='ocrx_word' id='word_1_145' title='bbox 439 2180 572 2220; x_wconf 82' lang='lat' dir='ltr'><strong>vero</strong></span> <span class='ocrx_word' id='word_1_146' title='bbox 594 2165 836 2220; x_wconf 81' lang='lat' dir='ltr'><strong>oﬁ‘ensus</strong></span> <span class='ocrx_word' id='word_1_147' title='bbox 857 2164 962 2220; x_wconf 82' lang='lat' dir='ltr'><strong>fuit</strong></span> <span class='ocrx_word' id='word_1_148' title='bbox 981 2163 1341 2237; x_wconf 89' lang='lat' dir='ltr'><strong>quadraginta</strong></span> <span class='ocrx_word' id='word_1_149' title='bbox 1367 2167 1568 2222; x_wconf 91' lang='lat' dir='ltr'><strong>annis?</strong></span> <span class='ocrx_word' id='word_1_150' title='bbox 1610 2168 1908 2233; x_wconf 63' lang='lat' dir='ltr'><strong>nonneziis,</strong></span> <span class='ocrx_word' id='word_1_151' title='bbox 1931 2169 2026 2240; x_wconf 92' lang='lat' dir='ltr'><strong>qui</strong></span> 
     </span>
    </p>
   </div>
   <div class='ocr_carea' id='block_1_25' title="bbox 440 2257 2028 2331">
    <p class='ocr_par' dir='ltr' id='par_1_25' title="bbox 440 2257 2028 2331">
     <span class='ocr_line' id='line_1_25' title="bbox 440 2257 2028 2331; baseline 0.003 -19"><span class='ocrx_word' id='word_1_152' title='bbox 440 2274 547 2312; x_wconf 91' lang='lat' dir='ltr'><strong>non</strong></span> <span class='ocrx_word' id='word_1_153' title='bbox 584 2257 1132 2328; x_wconf 83' lang='lat' dir='ltr'><strong>obtemperaverunt,</strong></span> <span class='ocrx_word' id='word_1_154' title='bbox 1170 2273 1407 2329; x_wconf 90' lang='lat' dir='ltr'><strong>quorum</strong></span> <span class='ocrx_word' id='word_1_155' title='bbox 1447 2259 1715 2316; x_wconf 84' lang='lat' dir='ltr'><strong>cadavera</strong></span> <span class='ocrx_word' id='word_1_156' title='bbox 1751 2268 2028 2331; x_wconf 82' lang='lat' dir='ltr'><strong>prostrata</strong></span> 
     </span>
    </p>
   </div>
   <div class='ocr_carea' id='block_1_26' title="bbox 433 2348 2028 2422">
    <p class='ocr_par' dir='ltr' id='par_1_26' title="bbox 433 2348 2028 2422">
     <span class='ocr_line' id='line_1_26' title="bbox 433 2348 2028 2422; baseline 0.003 -18"><span class='ocrx_word' id='word_1_157' title='bbox 433 2359 568 2404; x_wconf 85' lang='lat' dir='ltr'><strong>sunt</strong></span> <span class='ocrx_word' id='word_1_158' title='bbox 593 2351 650 2404; x_wconf 91' lang='lat' dir='ltr'><strong>in</strong></span> <span class='ocrx_word' id='word_1_159' title='bbox 673 2349 933 2405; x_wconf 89' lang='lat' dir='ltr'><strong>deserto?</strong></span> <span class='ocrx_word' id='word_1_160' title='bbox 966 2348 1180 2416; x_wconf 88' lang='lat' dir='ltr'><strong>Quibus</strong></span> <span class='ocrx_word' id='word_1_161' title='bbox 1205 2351 1598 2422; x_wconf 83' lang='lat' dir='ltr'><strong>verojuravit,</strong></span> <span class='ocrx_word' id='word_1_162' title='bbox 1642 2367 1754 2406; x_wconf 91' lang='lat' dir='ltr'><strong>non</strong></span> <span class='ocrx_word' id='word_1_163' title='bbox 1795 2353 2028 2410; x_wconf 89' lang='lat' dir='ltr'><strong>introire</strong></span> 
     </span>
    </p>
   </div>
   <div class='ocr_carea' id='block_1_27' title="bbox 437 2441 2030 2514">
    <p class='ocr_par' dir='ltr' id='par_1_27' title="bbox 437 2441 2030 2514">
     <span class='ocr_line' id='line_1_27' title="bbox 437 2441 2030 2514; baseline 0.003 -16"><span class='ocrx_word' id='word_1_164' title='bbox 437 2445 495 2500; x_wconf 91' lang='lat' dir='ltr'><strong>in</strong></span> <span class='ocrx_word' id='word_1_165' title='bbox 528 2443 778 2514; x_wconf 81' lang='lat' dir='ltr'><strong>requiem</strong></span> <span class='ocrx_word' id='word_1_166' title='bbox 809 2441 1004 2514; x_wconf 81' lang='lat' dir='ltr'><strong>ipsius,</strong></span> <span class='ocrx_word' id='word_1_167' title='bbox 1031 2443 1138 2500; x_wconf 91' lang='lat' dir='ltr'><strong>nisi</strong></span> <span class='ocrx_word' id='word_1_168' title='bbox 1175 2442 1265 2508; x_wconf 90' lang='lat' dir='ltr'><strong>iis,</strong></span> <span class='ocrx_word' id='word_1_169' title='bbox 1303 2443 1398 2514; x_wconf 90' lang='lat' dir='ltr'><strong>qui</strong></span> <span class='ocrx_word' id='word_1_170' title='bbox 1443 2444 1711 2500; x_wconf 90' lang='lat' dir='ltr'><strong>increduli</strong></span> <span class='ocrx_word' id='word_1_171' title='bbox 1768 2444 2030 2502; x_wconf 82' lang='lat' dir='ltr'><strong>fuerunt?</strong></span> 
     </span>
    </p>
   </div>
   <div class='ocr_carea' id='block_1_28' title="bbox 434 2535 2030 2610">
    <p class='ocr_par' dir='ltr' id='par_1_28' title="bbox 434 2535 2030 2610">
     <span class='ocr_line' id='line_1_28' title="bbox 434 2535 2030 2610; baseline 0.002 -19"><span class='ocrx_word' id='word_1_172' title='bbox 434 2546 495 2592; x_wconf 85' lang='lat' dir='ltr'><strong>et</strong></span> <span class='ocrx_word' id='word_1_173' title='bbox 523 2535 776 2591; x_wconf 77' lang='lat' dir='ltr'><strong>videmus</strong></span> <span class='ocrx_word' id='word_1_174' title='bbox 819 2535 967 2605; x_wconf 91' lang='lat' dir='ltr'><strong>quod</strong></span> <span class='ocrx_word' id='word_1_175' title='bbox 1017 2549 1128 2588; x_wconf 91' lang='lat' dir='ltr'><strong>non</strong></span> <span class='ocrx_word' id='word_1_176' title='bbox 1184 2542 1486 2604; x_wconf 90' lang='lat' dir='ltr'><strong>potuerunt</strong></span> <span class='ocrx_word' id='word_1_177' title='bbox 1543 2537 1753 2609; x_wconf 84' lang='lat' dir='ltr'><strong>ingredi</strong></span> <span class='ocrx_word' id='word_1_178' title='bbox 1804 2547 2030 2610; x_wconf 88' lang='lat' dir='ltr'><strong>propter</strong></span> 
     </span>
    </p>
   </div>
   <div class='ocr_carea' id='block_1_29' title="bbox 429 2623 2029 2695">
    <p class='ocr_par' dir='ltr' id='par_1_29' title="bbox 429 2623 2029 2695">
     <span class='ocr_line' id='line_1_29' title="bbox 429 2623 2029 2695; baseline 0.005 -19"><span class='ocrx_word' id='word_1_179' title='bbox 429 2624 906 2681; x_wconf 89' lang='lat' dir='ltr'><strong>.incredulitatem.</strong></span> <span class='ocrx_word' id='word_1_180' title='bbox 953 2623 1269 2679; x_wconf 86' lang='lat' dir='ltr'><strong>Timeamus</strong></span> <span class='ocrx_word' id='word_1_181' title='bbox 1305 2624 1495 2695; x_wconf 89' lang='lat' dir='ltr'><strong>igitur,</strong></span> <span class='ocrx_word' id='word_1_182' title='bbox 1523 2642 1594 2682; x_wconf 91' lang='lat' dir='ltr'><strong>ne</strong></span> <span class='ocrx_word' id='word_1_183' title='bbox 1627 2627 1792 2693; x_wconf 80' lang='lat' dir='ltr'><strong>forte,</strong></span> <span class='ocrx_word' id='word_1_184' title='bbox 1837 2629 2029 2684; x_wconf 89' lang='lat' dir='ltr'><strong>relicta</strong></span> 
     </span>
    </p>
   </div>
   <div class='ocr_carea' id='block_1_30' title="bbox 431 2715 2029 2788">
    <p class='ocr_par' dir='ltr' id='par_1_30' title="bbox 431 2715 2029 2788">
     <span class='ocr_line' id='line_1_30' title="bbox 431 2715 2029 2788; baseline 0.004 -20"><span class='ocrx_word' id='word_1_185' title='bbox 431 2715 849 2787; x_wconf 82' lang='lat' dir='ltr'><strong>pollicitatione</strong></span> <span class='ocrx_word' id='word_1_186' title='bbox 862 2715 1186 2770; x_wconf 89' lang='lat' dir='ltr'><strong>introeundi</strong></span> <span class='ocrx_word' id='word_1_187' title='bbox 1210 2715 1267 2770; x_wconf 90' lang='lat' dir='ltr'><strong>in</strong></span> <span class='ocrx_word' id='word_1_188' title='bbox 1291 2717 1539 2786; x_wconf 88' lang='lat' dir='ltr'><strong>requiem</strong></span> <span class='ocrx_word' id='word_1_189' title='bbox 1557 2717 1751 2788; x_wconf 91' lang='lat' dir='ltr'><strong>ipsius,</strong></span> <span class='ocrx_word' id='word_1_190' title='bbox 1777 2718 2029 2775; x_wconf 87' lang='lat' dir='ltr'><strong>videatur</strong></span> 
     </span>
    </p>
   </div>
   <div class='ocr_carea' id='block_1_31' title="bbox 435 2805 2031 2882">
    <p class='ocr_par' dir='ltr' id='par_1_31' title="bbox 435 2805 2031 2882">
     <span class='ocr_line' id='line_1_31' title="bbox 435 2805 2031 2882; baseline 0.003 -20"><span class='ocrx_word' id='word_1_191' title='bbox 435 2805 640 2877; x_wconf 87' lang='lat' dir='ltr'><strong>aliquis</strong></span> <span class='ocrx_word' id='word_1_192' title='bbox 661 2821 729 2860; x_wconf 78' lang='lat' dir='ltr'><strong>ex</strong></span> <span class='ocrx_word' id='word_1_193' title='bbox 751 2805 910 2862; x_wconf 85' lang='lat' dir='ltr'><strong>vobis</strong></span> <span class='ocrx_word' id='word_1_194' title='bbox 941 2805 1194 2862; x_wconf 82' lang='lat' dir='ltr'><strong>defuisse</strong></span> <span class='ocrx_word' id='word_1_195' title='bbox 1224 2808 1290 2860; x_wconf 86' lang='lat'><strong>&quot;.</strong></span> <span class='ocrx_word' id='word_1_196' title='bbox 1330 2827 1349 2860; x_wconf 72' lang='grc' dir='ltr'><strong>ι</strong></span> <span class='ocrx_word' id='word_1_197' title='bbox 1391 2808 1459 2863; x_wconf 84' lang='grc' dir='ltr'>Ει</span> <span class='ocrx_word' id='word_1_198' title='bbox 1481 2818 1603 2879; x_wconf 92' lang='lat' dir='ltr'><strong>post</strong></span> <span class='ocrx_word' id='word_1_199' title='bbox 1628 2809 1732 2865; x_wconf 89' lang='lat' dir='ltr'><strong>alia</strong></span> <span class='ocrx_word' id='word_1_200' title='bbox 1758 2829 1770 2864; x_wconf 78' lang='grc' dir='ltr'><strong>ι</strong></span> <span class='ocrx_word' id='word_1_201' title='bbox 1798 2829 1817 2863; x_wconf 75' lang='grc' dir='ltr'><strong>ι</strong></span> <span class='ocrx_word' id='word_1_202' title='bbox 1859 2811 2031 2882; x_wconf 88' lang='lat' dir='ltr'><strong>Igitur</strong></span> 
     </span>
    </p>
   </div>
   <div class='ocr_carea' id='block_1_32' title="bbox 447 2895 2030 2968">
    <p class='ocr_par' dir='ltr' id='par_1_32' title="bbox 447 2895 2030 2968">
     <span class='ocr_line' id='line_1_32' title="bbox 447 2895 2030 2968; baseline 0.003 -18"><span class='ocrx_word' id='word_1_203' title='bbox 447 2895 788 2967; x_wconf 79' lang='lat' dir='ltr'><strong>relinquitur</strong></span> <span class='ocrx_word' id='word_1_204' title='bbox 823 2895 1196 2952; x_wconf 83' lang='lat' dir='ltr'><strong>sabbatismus</strong></span> <span class='ocrx_word' id='word_1_205' title='bbox 1236 2898 1442 2968; x_wconf 90' lang='lat' dir='ltr'><strong>populo</strong></span> <span class='ocrx_word' id='word_1_206' title='bbox 1482 2897 1578 2952; x_wconf 91' lang='lat' dir='ltr'><strong>Dei</strong></span> <span class='ocrx_word' id='word_1_207' title='bbox 1619 2899 1686 2953; x_wconf 79' lang='lat'><strong>&quot;.</strong></span> <span class='ocrx_word' id='word_1_208' title='bbox 1735 2917 1754 2952; x_wconf 76' lang='grc' dir='ltr'><strong>ι</strong></span> <span class='ocrx_word' id='word_1_209' title='bbox 1785 2901 1855 2954; x_wconf 88' lang='lat' dir='ltr'><strong>At</strong></span> <span class='ocrx_word' id='word_1_210' title='bbox 1897 2915 2030 2956; x_wconf 88' lang='lat' dir='ltr'><strong>vero</strong></span> 
     </span>
    </p>
   </div>
   <div class='ocr_carea' id='block_1_33' title="bbox 439 2987 2028 3061">
    <p class='ocr_par' dir='ltr' id='par_1_33' title="bbox 439 2987 2028 3061">
     <span class='ocr_line' id='line_1_33' title="bbox 439 2987 2028 3061; baseline 0.003 -19"><span class='ocrx_word' id='word_1_211' title='bbox 439 2987 574 3060; x_wconf 86' lang='lat' dir='ltr'><strong>quid</strong></span> <span class='ocrx_word' id='word_1_212' title='bbox 598 2987 856 3059; x_wconf 88' lang='lat' dir='ltr'><strong>prohibet</strong></span> <span class='ocrx_word' id='word_1_213' title='bbox 903 2988 1201 3059; x_wconf 86' lang='lat' dir='ltr'><strong>quominus</strong></span> <span class='ocrx_word' id='word_1_214' title='bbox 1237 2989 1404 3060; x_wconf 76' lang='lat'><strong>228</strong></span> <span class='ocrx_word' id='word_1_215' title='bbox 1430 3005 1561 3045; x_wconf 83' lang='lat' dir='ltr'><strong>vere</strong></span> <span class='ocrx_word' id='word_1_216' title='bbox 1603 2989 1714 3046; x_wconf 92' lang='lat' dir='ltr'><strong>dici</strong></span> <span class='ocrx_word' id='word_1_217' title='bbox 1757 2991 1952 3061; x_wconf 89' lang='lat' dir='ltr'><strong>possit,</strong></span> <span class='ocrx_word' id='word_1_218' title='bbox 1979 2991 2028 3048; x_wconf 90' lang='lat' dir='ltr'><strong>si</strong></span> 
     </span>
    </p>
   </div>
   <div class='ocr_carea' id='block_1_34' title="bbox 441 3079 2102 3182">
    <p class='ocr_par' dir='ltr' id='par_1_34' title="bbox 441 3079 2102 3182">
     <span class='ocr_line' id='line_1_34' title="bbox 441 3079 2102 3182; baseline 0.002 -46"><span class='ocrx_word' id='word_1_219' title='bbox 441 3080 813 3138; x_wconf 89' lang='lat' dir='ltr'><strong>sabbatismus</strong></span> <span class='ocrx_word' id='word_1_220' title='bbox 835 3096 948 3182; x_wconf 75' lang='lat' dir='ltr'><strong>non</strong></span> <span class='ocrx_word' id='word_1_221' title='bbox 1003 3079 1154 3136; x_wconf 83' lang='lat' dir='ltr'><strong>aliud</strong></span> <span class='ocrx_word' id='word_1_222' title='bbox 1175 3081 1290 3182; x_wconf 41' lang='lat' dir='ltr'><strong>.sit,</strong></span> <span class='ocrx_word' id='word_1_223' title='bbox 1346 3097 1512 3182; x_wconf 78' lang='lat' dir='ltr'><strong>quam</strong></span> <span class='ocrx_word' id='word_1_224' title='bbox 1545 3082 1607 3137; x_wconf 91' lang='lat' dir='ltr'><strong>in</strong></span> <span class='ocrx_word' id='word_1_225' title='bbox 1622 3082 1871 3182; x_wconf 37' lang='lat' dir='ltr'><strong>.S-abbato</strong></span> <span class='ocrx_word' id='word_1_226' title='bbox 1901 3099 2029 3182; x_wconf 72' lang='lat' dir='ltr'><strong>ces-</strong></span> <span class='ocrx_word' id='word_1_227' title='bbox 2057 3121 2102 3182; x_wconf 64' lang='grc' dir='ltr'>ο</span> 
     </span>
    </p>
   </div>
   <div class='ocr_carea' id='block_1_35' title="bbox 431 3172 2028 3246">
    <p class='ocr_par' dir='ltr' id='par_1_35' title="bbox 431 3172 2028 3246">
     <span class='ocr_line' id='line_1_35' title="bbox 431 3172 2028 3246; baseline 0.003 -19"><span class='ocrx_word' id='word_1_228' title='bbox 431 3186 563 3228; x_wconf 81' lang='lat' dir='ltr'><strong>sare</strong></span> <span class='ocrx_word' id='word_1_229' title='bbox 586 3213 601 3238; x_wconf 92' lang='lat'><strong>,</strong></span> <span class='ocrx_word' id='word_1_230' title='bbox 629 3173 907 3244; x_wconf 90' lang='lat' dir='ltr'><strong>quomodo</strong></span> <span class='ocrx_word' id='word_1_231' title='bbox 928 3187 1039 3228; x_wconf 85' lang='lat' dir='ltr'><strong>non</strong></span> <span class='ocrx_word' id='word_1_232' title='bbox 1061 3181 1147 3228; x_wconf 92' lang='lat' dir='ltr'><strong>est</strong></span> <span class='ocrx_word' id='word_1_233' title='bbox 1173 3172 1455 3245; x_wconf 84' lang='lat' dir='ltr'><strong>ingressus</strong></span> <span class='ocrx_word' id='word_1_234' title='bbox 1474 3173 1639 3229; x_wconf 86' lang='lat' dir='ltr'><strong>Israel</strong></span> <span class='ocrx_word' id='word_1_235' title='bbox 1659 3174 1720 3228; x_wconf 93' lang='lat' dir='ltr'><strong>in</strong></span> <span class='ocrx_word' id='word_1_236' title='bbox 1761 3173 2028 3246; x_wconf 90' lang='lat' dir='ltr'><strong>requiem,</strong></span> 
     </span>
    </p>
   </div>
   <div class='ocr_carea' id='block_1_36' title="bbox 440 3263 2032 3324">
    <p class='ocr_par' dir='ltr' id='par_1_36' title="bbox 440 3263 2032 3324">
     <span class='ocr_line' id='line_1_36' title="bbox 440 3263 2032 3324; baseline 0.001 -4"><span class='ocrx_word' id='word_1_237' title='bbox 440 3279 568 3320; x_wconf 90' lang='lat' dir='ltr'><strong>cum</strong></span> <span class='ocrx_word' id='word_1_238' title='bbox 590 3264 740 3320; x_wconf 88' lang='lat' dir='ltr'><strong>illam</strong></span> <span class='ocrx_word' id='word_1_239' title='bbox 763 3264 821 3320; x_wconf 92' lang='lat' dir='ltr'><strong>in</strong></span> <span class='ocrx_word' id='word_1_240' title='bbox 856 3263 1096 3323; x_wconf 85' lang='lat' dir='ltr'><strong>Sabbato</strong></span> <span class='ocrx_word' id='word_1_241' title='bbox 1111 3264 1476 3320; x_wconf 89' lang='lat' dir='ltr'><strong>cessationem</strong></span> <span class='ocrx_word' id='word_1_242' title='bbox 1499 3265 1908 3322; x_wconf 82' lang='lat' dir='ltr'><strong>observaverit?</strong></span> <span class='ocrx_word' id='word_1_243' title='bbox 1923 3265 2032 3324; x_wconf 89' lang='lat' dir='ltr'><strong>Sed</strong></span> 
     </span>
    </p>
   </div>
   <div class='ocr_carea' id='block_1_37' title="bbox 441 3356 2033 3429">
    <p class='ocr_par' dir='ltr' id='par_1_37' title="bbox 441 3356 2033 3429">
     <span class='ocr_line' id='line_1_37' title="bbox 441 3356 2033 3429; baseline 0.003 -19"><span class='ocrx_word' id='word_1_244' title='bbox 441 3356 707 3412; x_wconf 89' lang='lat' dir='ltr'><strong>nimirum</strong></span> <span class='ocrx_word' id='word_1_245' title='bbox 731 3371 797 3413; x_wconf 89' lang='lat' dir='ltr'><strong>ea</strong></span> <span class='ocrx_word' id='word_1_246' title='bbox 823 3372 912 3412; x_wconf 91' lang='lat' dir='ltr'><strong>res</strong></span> <span class='ocrx_word' id='word_1_247' title='bbox 934 3356 1109 3428; x_wconf 83' lang='lat' dir='ltr'><strong>ﬁgura</strong></span> <span class='ocrx_word' id='word_1_248' title='bbox 1131 3363 1254 3412; x_wconf 89' lang='lat' dir='ltr'><strong>erat</strong></span> <span class='ocrx_word' id='word_1_249' title='bbox 1277 3357 1430 3412; x_wconf 88' lang='lat' dir='ltr'><strong>illius</strong></span> <span class='ocrx_word' id='word_1_250' title='bbox 1453 3357 1509 3412; x_wconf 88' lang='lat' dir='ltr'><strong>in</strong></span> <span class='ocrx_word' id='word_1_251' title='bbox 1547 3357 1773 3414; x_wconf 83' lang='lat' dir='ltr'><strong>Christo</strong></span> <span class='ocrx_word' id='word_1_252' title='bbox 1808 3359 2033 3429; x_wconf 86' lang='lat' dir='ltr'><strong>requie-</strong></span> 
     </span>
    </p>
   </div>
   <div class='ocr_carea' id='block_1_38' title="bbox 442 3447 2034 3522">
    <p class='ocr_par' dir='ltr' id='par_1_38' title="bbox 442 3447 2034 3522">
     <span class='ocr_line' id='line_1_38' title="bbox 442 3447 2034 3522; baseline 0.002 -18"><span class='ocrx_word' id='word_1_253' title='bbox 442 3450 536 3516; x_wconf 87' lang='lat' dir='ltr'><strong>tis,</strong></span> <span class='ocrx_word' id='word_1_254' title='bbox 564 3458 622 3505; x_wconf 91' lang='lat' dir='ltr'><strong>et</strong></span> <span class='ocrx_word' id='word_1_255' title='bbox 662 3448 812 3520; x_wconf 91' lang='lat' dir='ltr'><strong>quod</strong></span> <span class='ocrx_word' id='word_1_256' title='bbox 837 3448 920 3514; x_wconf 92' lang='lat' dir='ltr'><strong>.ii,</strong></span> <span class='ocrx_word' id='word_1_257' title='bbox 945 3449 1040 3519; x_wconf 91' lang='lat' dir='ltr'><strong>qui</strong></span> <span class='ocrx_word' id='word_1_258' title='bbox 1085 3447 1191 3504; x_wconf 90' lang='lat' dir='ltr'><strong>ﬁde</strong></span> <span class='ocrx_word' id='word_1_259' title='bbox 1224 3449 1682 3520; x_wconf 87' lang='lat' dir='ltr'><strong>justiﬁcarentur,</strong></span> <span class='ocrx_word' id='word_1_260' title='bbox 1711 3466 1758 3507; x_wconf 74' lang='lat' dir='ltr'><strong>—a</strong></span> <span class='ocrx_word' id='word_1_261' title='bbox 1805 3460 2034 3522; x_wconf 86' lang='lat' dir='ltr'><strong>peccato</strong></span> 
     </span>
    </p>
   </div>
   <div class='ocr_carea' id='block_1_39' title="bbox 442 3539 2034 3613">
    <p class='ocr_par' dir='ltr' id='par_1_39' title="bbox 442 3539 2034 3613">
     <span class='ocr_line' id='line_1_39' title="bbox 442 3539 2034 3613; baseline 0.002 -17"><span class='ocrx_word' id='word_1_262' title='bbox 442 3541 713 3596; x_wconf 90' lang='lat' dir='ltr'><strong>cessaturi</strong></span> <span class='ocrx_word' id='word_1_263' title='bbox 736 3548 942 3596; x_wconf 89' lang='lat' dir='ltr'><strong>essent.</strong></span> <span class='ocrx_word' id='word_1_264' title='bbox 971 3541 1161 3610; x_wconf 87' lang='lat' dir='ltr'><strong>Itaque</strong></span> <span class='ocrx_word' id='word_1_265' title='bbox 1198 3539 1477 3611; x_wconf 86' lang='lat' dir='ltr'><strong>lapidibus</strong></span> <span class='ocrx_word' id='word_1_266' title='bbox 1499 3541 1662 3596; x_wconf 90' lang='lat' dir='ltr'><strong>obrui</strong></span> <span class='ocrx_word' id='word_1_267' title='bbox 1690 3541 1856 3613; x_wconf 86' lang='lat' dir='ltr'><strong>jussit</strong></span> <span class='ocrx_word' id='word_1_268' title='bbox 1887 3543 2034 3599; x_wconf 86' lang='lat' dir='ltr'><strong>Deus</strong></span> 
     </span>
    </p>
   </div>
   <div class='ocr_carea' id='block_1_40' title="bbox 441 3627 2032 3701">
    <p class='ocr_par' dir='ltr' id='par_1_40' title="bbox 441 3627 2032 3701">
     <span class='ocr_line' id='line_1_40' title="bbox 441 3627 2032 3701; baseline -0.003 -14"><span class='ocrx_word' id='word_1_269' title='bbox 441 3646 572 3687; x_wconf 88' lang='lat' dir='ltr'><strong>eum</strong></span> <span class='ocrx_word' id='word_1_270' title='bbox 600 3630 697 3700; x_wconf 90' lang='lat' dir='ltr'><strong>qui</strong></span> <span class='ocrx_word' id='word_1_271' title='bbox 723 3629 964 3685; x_wconf 90' lang='lat' dir='ltr'><strong>Sabbato</strong></span> <span class='ocrx_word' id='word_1_272' title='bbox 988 3629 1133 3701; x_wconf 90' lang='lat' dir='ltr'><strong>ligna</strong></span> <span class='ocrx_word' id='word_1_273' title='bbox 1157 3628 1452 3700; x_wconf 89' lang='lat' dir='ltr'><strong>collegerat</strong></span> <span class='ocrx_word' id='word_1_274' title='bbox 1475 3629 1543 3696; x_wconf 65' lang='lat'><strong>7’;</strong></span> <span class='ocrx_word' id='word_1_275' title='bbox 1563 3627 1711 3698; x_wconf 90' lang='lat' dir='ltr'><strong>quod</strong></span> <span class='ocrx_word' id='word_1_276' title='bbox 1734 3627 1882 3684; x_wconf 89' lang='lat' dir='ltr'><strong>illius</strong></span> <span class='ocrx_word' id='word_1_277' title='bbox 1899 3643 2032 3698; x_wconf 91' lang='lat' dir='ltr'><strong>sup-</strong></span> 
     </span>
    </p>
   </div>
   <div class='ocr_carea' id='block_1_41' title="bbox 441 3715 2029 3793">
    <p class='ocr_par' dir='ltr' id='par_1_41' title="bbox 441 3715 2029 3793">
     <span class='ocr_line' id='line_1_41' title="bbox 441 3715 2029 3793; baseline -0.002 -18"><span class='ocrx_word' id='word_1_278' title='bbox 441 3721 670 3793; x_wconf 86' lang='lat' dir='ltr'><strong>plicium</strong></span> <span class='ocrx_word' id='word_1_279' title='bbox 713 3719 1016 3790; x_wconf 89' lang='lat' dir='ltr'><strong>spiritualis</strong></span> <span class='ocrx_word' id='word_1_280' title='bbox 1072 3734 1138 3774; x_wconf 91' lang='lat' dir='ltr'><strong>ac</strong></span> <span class='ocrx_word' id='word_1_281' title='bbox 1194 3718 1522 3775; x_wconf 75' lang='lat' dir='ltr'><strong>necessariae</strong></span> <span class='ocrx_word' id='word_1_282' title='bbox 1566 3716 1647 3772; x_wconf 90' lang='lat' dir='ltr'><strong>rei</strong></span> <span class='ocrx_word' id='word_1_283' title='bbox 1692 3715 1866 3787; x_wconf 87' lang='lat' dir='ltr'><strong>ﬁgura</strong></span> <span class='ocrx_word' id='word_1_284' title='bbox 1904 3715 2029 3772; x_wconf 79' lang='lat' dir='ltr'><strong>fuit.</strong></span> 
     </span>
    </p>
   </div>
   <div class='ocr_carea' id='block_1_42' title="bbox 440 3807 2032 3881">
    <p class='ocr_par' dir='ltr' id='par_1_42' title="bbox 440 3807 2032 3881">
     <span class='ocr_line' id='line_1_42' title="bbox 440 3807 2032 3881; baseline -0.003 -14"><span class='ocrx_word' id='word_1_285' title='bbox 440 3809 709 3881; x_wconf 77' lang='lat' dir='ltr'><strong>Nunquid</strong></span> <span class='ocrx_word' id='word_1_286' title='bbox 727 3809 878 3865; x_wconf 89' lang='lat' dir='ltr'><strong>enim</strong></span> <span class='ocrx_word' id='word_1_287' title='bbox 905 3823 1016 3863; x_wconf 90' lang='lat' dir='ltr'><strong>non</strong></span> <span class='ocrx_word' id='word_1_288' title='bbox 1043 3808 1275 3881; x_wconf 83' lang='lat' dir='ltr'><strong>lignum,</strong></span> <span class='ocrx_word' id='word_1_289' title='bbox 1303 3807 1452 3879; x_wconf 91' lang='lat' dir='ltr'><strong>quod</strong></span> <span class='ocrx_word' id='word_1_290' title='bbox 1479 3823 1511 3864; x_wconf 92' lang='lat' dir='ltr'><strong>e</strong></span> <span class='ocrx_word' id='word_1_291' title='bbox 1548 3822 1649 3863; x_wconf 87' lang='lat' dir='ltr'><strong>sua</strong></span> <span class='ocrx_word' id='word_1_292' title='bbox 1691 3807 1863 3878; x_wconf 82' lang='lat' dir='ltr'><strong>stirpe</strong></span> <span class='ocrx_word' id='word_1_293' title='bbox 1900 3821 2032 3863; x_wconf 77' lang='lat' dir='ltr'><strong>exa-</strong></span> 
     </span>
    </p>
   </div>
   <div class='ocr_carea' id='block_1_43' title="bbox 447 3897 2031 3972">
    <p class='ocr_par' dir='ltr' id='par_1_43' title="bbox 447 3897 2031 3972">
     <span class='ocr_line' id='line_1_43' title="bbox 447 3897 2031 3972; baseline -0.001 -16"><span class='ocrx_word' id='word_1_294' title='bbox 447 3902 583 3969; x_wconf 89' lang='lat' dir='ltr'><strong>ruit,</strong></span> <span class='ocrx_word' id='word_1_295' title='bbox 606 3901 858 3958; x_wconf 83' lang='lat' dir='ltr'><strong>avulsum</strong></span> <span class='ocrx_word' id='word_1_296' title='bbox 898 3909 955 3956; x_wconf 90' lang='lat' dir='ltr'><strong>et</strong></span> <span class='ocrx_word' id='word_1_297' title='bbox 1011 3901 1124 3972; x_wconf 87' lang='lat' dir='ltr'><strong>jam</strong></span> <span class='ocrx_word' id='word_1_298' title='bbox 1159 3899 1450 3965; x_wconf 90' lang='lat' dir='ltr'><strong>siccatum,</strong></span> <span class='ocrx_word' id='word_1_299' title='bbox 1489 3897 1841 3955; x_wconf 87' lang='lat' dir='ltr'><strong>mortalitatis</strong></span> <span class='ocrx_word' id='word_1_300' title='bbox 1879 3913 2031 3972; x_wconf 85' lang='lat' dir='ltr'><strong>sym-</strong></span> 
     </span>
    </p>
   </div>
   <div class='ocr_carea' id='block_1_44' title="bbox 433 3992 1764 4065">
    <p class='ocr_par' dir='ltr' id='par_1_44' title="bbox 433 3992 1764 4065">
     <span class='ocr_line' id='line_1_44' title="bbox 433 3992 1764 4065; baseline -0.002 -17"><span class='ocrx_word' id='word_1_301' title='bbox 433 3993 634 4052; x_wconf 85' lang='lat' dir='ltr'><strong>bolum</strong></span> <span class='ocrx_word' id='word_1_302' title='bbox 659 3993 846 4060; x_wconf 79' lang='lat' dir='ltr'><strong>fuerit,</strong></span> <span class='ocrx_word' id='word_1_303' title='bbox 866 4009 930 4049; x_wconf 89' lang='lat' dir='ltr'><strong>ac</strong></span> <span class='ocrx_word' id='word_1_304' title='bbox 951 4002 1216 4064; x_wconf 60' lang='lat' dir='ltr'><strong>praeterea</strong></span> <span class='ocrx_word' id='word_1_305' title='bbox 1242 3993 1383 4065; x_wconf 89' lang='lat' dir='ltr'><strong>ignis</strong></span> <span class='ocrx_word' id='word_1_306' title='bbox 1407 3992 1764 4049; x_wconf 87' lang='lat' dir='ltr'><strong>alimentum?</strong></span> 
     </span>
    </p>
   </div>
   <div class='ocr_carea' id='block_1_45' title="bbox 515 4289 940 4346">
    <p class='ocr_par' dir='ltr' id='par_1_45' title="bbox 515 4289 940 4346">
     <span class='ocr_line' id='line_1_45' title="bbox 515 4289 940 4346; baseline -0.002 -1"><span class='ocrx_word' id='word_1_307' title='bbox 515 4289 714 4345; x_wconf 87' lang='lat' dir='ltr'><strong>PALL.</strong></span> <span class='ocrx_word' id='word_1_308' title='bbox 738 4290 817 4346; x_wconf 91' lang='lat' dir='ltr'><strong>Ita</strong></span> <span class='ocrx_word' id='word_1_309' title='bbox 840 4300 940 4346; x_wconf 89' lang='lat' dir='ltr'><strong>est.</strong></span> 
     </span>
    </p>
   </div>
   <div class='ocr_carea' id='block_1_46' title="bbox 513 4383 2033 4455">
    <p class='ocr_par' dir='ltr' id='par_1_46' title="bbox 513 4383 2033 4455">
     <span class='ocr_line' id='line_1_46' title="bbox 513 4383 2033 4455; baseline 0.001 -16"><span class='ocrx_word' id='word_1_310' title='bbox 513 4383 672 4439; x_wconf 68' lang='grc' dir='ltr'>ΟΥΕ.</span> <span class='ocrx_word' id='word_1_311' title='bbox 718 4383 1001 4455; x_wconf 87' lang='lat' dir='ltr'><strong>Ejusmodi</strong></span> <span class='ocrx_word' id='word_1_312' title='bbox 1049 4384 1281 4440; x_wconf 91' lang='lat' dir='ltr'><strong>omnino</strong></span> <span class='ocrx_word' id='word_1_313' title='bbox 1329 4395 1413 4440; x_wconf 89' lang='lat' dir='ltr'><strong>est</strong></span> <span class='ocrx_word' id='word_1_314' title='bbox 1458 4394 1745 4455; x_wconf 90' lang='lat' dir='ltr'><strong>peccatum</strong></span> <span class='ocrx_word' id='word_1_315' title='bbox 1771 4385 2033 4440; x_wconf 81' lang='lat' dir='ltr'><strong>aerumnis</strong></span> 
     </span>
    </p>
   </div>
   <div class='ocr_carea' id='block_1_47' title="bbox 2123 519 3698 593">
    <p class='ocr_par' dir='ltr' id='par_1_47' title="bbox 2123 519 3698 593">
     <span class='ocr_line' id='line_1_47' title="bbox 2123 519 3698 593; baseline 0.002 -18"><span class='ocrx_word' id='word_1_316' title='bbox 2123 523 2216 575; x_wconf 75' lang='grc' dir='ltr'>καὶ</span> <span class='ocrx_word' id='word_1_317' title='bbox 2245 523 2322 584; x_wconf 86' lang='grc' dir='ltr'><strong>εἰς</strong></span> <span class='ocrx_word' id='word_1_318' title='bbox 2353 520 2517 592; x_wconf 73' lang='grc' dir='ltr'>ζωὴν,</span> <span class='ocrx_word' id='word_1_319' title='bbox 2549 521 2642 574; x_wconf 80' lang='grc' dir='ltr'>καὶ</span> <span class='ocrx_word' id='word_1_320' title='bbox 2691 521 2771 584; x_wconf 85' lang='grc' dir='ltr'><strong>εἰς</strong></span> <span class='ocrx_word' id='word_1_321' title='bbox 2805 519 2997 573; x_wconf 79' lang='grc' dir='ltr'>ἐλπίδα</span> <span class='ocrx_word' id='word_1_322' title='bbox 3036 520 3138 593; x_wconf 80' lang='grc' dir='ltr'>τὴν</span> <span class='ocrx_word' id='word_1_323' title='bbox 3172 520 3491 591; x_wconf 87' lang='grc' dir='ltr'>μέλλουσαν.</span> <span class='ocrx_word' id='word_1_324' title='bbox 3517 524 3698 578; x_wconf 59' lang='lat' dir='ltr'><strong>“eitu-</strong></span> 
     </span>
    </p>
   </div>
   <div class='ocr_carea' id='block_1_48' title="bbox 2121 612 3701 686">
    <p class='ocr_par' dir='ltr' id='par_1_48' title="bbox 2121 612 3701 686">
     <span class='ocr_line' id='line_1_48' title="bbox 2121 612 3701 686; baseline 0.004 -21"><span class='ocrx_word' id='word_1_325' title='bbox 2121 613 2338 684; x_wconf 83' lang='grc' dir='ltr'>τρόπως</span> <span class='ocrx_word' id='word_1_326' title='bbox 2367 612 2424 666; x_wconf 83' lang='grc' dir='ltr'>δὲ</span> <span class='ocrx_word' id='word_1_327' title='bbox 2470 615 2602 684; x_wconf 76' lang='grc' dir='ltr'>ἡμῖν</span> <span class='ocrx_word' id='word_1_328' title='bbox 2639 612 2734 666; x_wconf 89' lang='grc' dir='ltr'><strong>τὸν</strong></span> <span class='ocrx_word' id='word_1_329' title='bbox 2763 614 2821 666; x_wconf 78' lang='grc' dir='ltr'><strong>έν</strong></span> <span class='ocrx_word' id='word_1_330' title='bbox 2865 614 3090 686; x_wconf 75' lang='grc' dir='ltr'>Χριστῷ</span> <span class='ocrx_word' id='word_1_331' title='bbox 3122 614 3412 686; x_wconf 80' lang='grc' dir='ltr'><strong>νοούμενον</strong></span> <span class='ocrx_word' id='word_1_332' title='bbox 3441 617 3701 672; x_wconf 82' lang='grc' dir='ltr'>σαϐϐατι-</span> 
     </span>
    </p>
   </div>
   <div class='ocr_carea' id='block_1_49' title="bbox 2123 703 3700 778">
    <p class='ocr_par' dir='ltr' id='par_1_49' title="bbox 2123 703 3700 778">
     <span class='ocr_line' id='line_1_49' title="bbox 2123 703 3700 778; baseline 0.003 -20"><span class='ocrx_word' id='word_1_333' title='bbox 2123 704 2261 776; x_wconf 92' lang='grc' dir='ltr'>σμὸν</span> <span class='ocrx_word' id='word_1_334' title='bbox 2294 705 2387 758; x_wconf 72' lang='grc' dir='ltr'>καὶ</span> <span class='ocrx_word' id='word_1_335' title='bbox 2412 706 2445 775; x_wconf 83' lang='grc' dir='ltr'>ἠ</span> <span class='ocrx_word' id='word_1_336' title='bbox 2467 703 2763 778; x_wconf 70' lang='grc' dir='ltr'>τῶνσίερῶν</span> <span class='ocrx_word' id='word_1_337' title='bbox 2788 705 3140 777; x_wconf 79' lang='grc' dir='ltr'>Γραμμάτων</span> <span class='ocrx_word' id='word_1_338' title='bbox 3167 709 3466 764; x_wconf 78' lang='grc' dir='ltr'><strong>αἰνίττεται</strong></span> <span class='ocrx_word' id='word_1_339' title='bbox 3494 709 3700 776; x_wconf 82' lang='grc' dir='ltr'>πίσττς,</span> 
     </span>
    </p>
   </div>
   <div class='ocr_carea' id='block_1_50' title="bbox 2120 792 3699 871">
    <p class='ocr_par' dir='ltr' id='par_1_50' title="bbox 2120 792 3699 871">
     <span class='ocr_line' id='line_1_50' title="bbox 2120 792 3699 871; baseline 0.004 -25"><span class='ocrx_word' id='word_1_340' title='bbox 2120 792 2210 846; x_wconf 74' lang='grc' dir='ltr'><strong>ὁτὲ</strong></span> <span class='ocrx_word' id='word_1_341' title='bbox 2243 793 2342 865; x_wconf 70' lang='grc' dir='ltr'>μὲν</span> <span class='ocrx_word' id='word_1_342' title='bbox 2371 794 2473 866; x_wconf 83' lang='grc' dir='ltr'>τὴν</span> <span class='ocrx_word' id='word_1_343' title='bbox 2503 795 2563 847; x_wconf 76' lang='grc' dir='ltr'>ὲν</span> <span class='ocrx_word' id='word_1_344' title='bbox 2607 793 2788 866; x_wconf 80' lang='grc' dir='ltr'>ἑαυτῷ</span> <span class='ocrx_word' id='word_1_345' title='bbox 2827 795 3162 866; x_wconf 76' lang='grc' dir='ltr'><strong>κατάληξιν,</strong></span> <span class='ocrx_word' id='word_1_346' title='bbox 3187 796 3288 868; x_wconf 85' lang='grc' dir='ltr'>τὴν</span> <span class='ocrx_word' id='word_1_347' title='bbox 3314 797 3393 861; x_wconf 85' lang='grc' dir='ltr'>ὼς</span> <span class='ocrx_word' id='word_1_348' title='bbox 3423 795 3485 864; x_wconf 70' lang='grc' dir='ltr'>ἐξ</span> <span class='ocrx_word' id='word_1_349' title='bbox 3513 799 3699 871; x_wconf 84' lang='grc' dir='ltr'>ἀμαρ-</span> 
     </span>
    </p>
   </div>
   <div class='ocr_carea' id='block_1_51' title="bbox 2122 884 3699 961">
    <p class='ocr_par' dir='ltr' id='par_1_51' title="bbox 2122 884 3699 961">
     <span class='ocr_line' id='line_1_51' title="bbox 2122 884 3699 961; baseline 0.003 -23"><span class='ocrx_word' id='word_1_350' title='bbox 2122 884 2254 941; x_wconf 83' lang='grc' dir='ltr'>τιῶν</span> <span class='ocrx_word' id='word_1_351' title='bbox 2283 884 2682 956; x_wconf 73' lang='grc' dir='ltr'>ύπογράφουσα</span> <span class='ocrx_word' id='word_1_352' title='bbox 2705 922 2720 949; x_wconf 85' lang='grc'><strong>,</strong></span> <span class='ocrx_word' id='word_1_353' title='bbox 2763 885 2858 940; x_wconf 73' lang='grc' dir='ltr'>καὶ</span> <span class='ocrx_word' id='word_1_354' title='bbox 2887 884 2984 956; x_wconf 78' lang='grc' dir='ltr'>τὴν</span> <span class='ocrx_word' id='word_1_355' title='bbox 3012 886 3105 940; x_wconf 79' lang='grc' dir='ltr'><strong>δτι</strong></span> <span class='ocrx_word' id='word_1_356' title='bbox 3139 887 3376 957; x_wconf 83' lang='grc' dir='ltr'>μάλιστα</span> <span class='ocrx_word' id='word_1_357' title='bbox 3408 889 3612 961; x_wconf 81' lang='grc' dir='ltr'>πικράν</span> <span class='ocrx_word' id='word_1_358' title='bbox 3635 905 3699 943; x_wconf 84' lang='grc' dir='ltr'><strong>τε</strong></span> 
     </span>
    </p>
   </div>
   <div class='ocr_carea' id='block_1_52' title="bbox 2123 975 3698 1054">
    <p class='ocr_par' dir='ltr' id='par_1_52' title="bbox 2123 975 3698 1054">
     <span class='ocr_line' id='line_1_52' title="bbox 2123 975 3698 1054; baseline 0.004 -24"><span class='ocrx_word' id='word_1_359' title='bbox 2123 977 2217 1030; x_wconf 76' lang='grc' dir='ltr'>καὶ</span> <span class='ocrx_word' id='word_1_360' title='bbox 2267 977 2450 1048; x_wconf 88' lang='grc' dir='ltr'>ἀπηνῆ</span> <span class='ocrx_word' id='word_1_361' title='bbox 2499 975 2598 1030; x_wconf 77' lang='grc' dir='ltr'><strong>τοῦ</strong></span> <span class='ocrx_word' id='word_1_362' title='bbox 2647 977 3078 1049; x_wconf 87' lang='grc' dir='ltr'>παραϐαίνοντος</span> <span class='ocrx_word' id='word_1_363' title='bbox 3106 977 3472 1052; x_wconf 77' lang='grc' dir='ltr'>καθορίζουσα</span> <span class='ocrx_word' id='word_1_364' title='bbox 3509 980 3698 1054; x_wconf 70' lang='grc' dir='ltr'>δίκην,</span> 
     </span>
    </p>
   </div>
   <div class='ocr_carea' id='block_1_53' title="bbox 2120 1065 3700 1143">
    <p class='ocr_par' dir='ltr' id='par_1_53' title="bbox 2120 1065 3700 1143">
     <span class='ocr_line' id='line_1_53' title="bbox 2120 1065 3700 1143; baseline 0.003 -19"><span class='ocrx_word' id='word_1_365' title='bbox 2120 1071 2211 1124; x_wconf 78' lang='grc' dir='ltr'><strong>ὁτὲ</strong></span> <span class='ocrx_word' id='word_1_366' title='bbox 2255 1070 2312 1124; x_wconf 81' lang='grc' dir='ltr'>δὲ</span> <span class='ocrx_word' id='word_1_367' title='bbox 2346 1065 2414 1126; x_wconf 79' lang='grc' dir='ltr'>αὖ</span> <span class='ocrx_word' id='word_1_368' title='bbox 2451 1070 2552 1142; x_wconf 80' lang='grc' dir='ltr'>τὴν</span> <span class='ocrx_word' id='word_1_369' title='bbox 2583 1071 2642 1124; x_wconf 75' lang='grc' dir='ltr'>ὲν</span> <span class='ocrx_word' id='word_1_370' title='bbox 2675 1069 2826 1141; x_wconf 87' lang='grc' dir='ltr'><strong>αύτῷ</strong></span> <span class='ocrx_word' id='word_1_371' title='bbox 2853 1069 3122 1142; x_wconf 81' lang='grc' dir='ltr'>λύτρωσιν</span> <span class='ocrx_word' id='word_1_372' title='bbox 3153 1086 3216 1124; x_wconf 87' lang='grc' dir='ltr'>τε</span> <span class='ocrx_word' id='word_1_373' title='bbox 3242 1072 3341 1126; x_wconf 82' lang='grc' dir='ltr'>καὶ</span> <span class='ocrx_word' id='word_1_374' title='bbox 3381 1072 3578 1143; x_wconf 73' lang='grc' dir='ltr'>ἄφεσιν</span> <span class='ocrx_word' id='word_1_375' title='bbox 3619 1076 3700 1140; x_wconf 84' lang='grc' dir='ltr'><strong>εἰς</strong></span> 
     </span>
    </p>
   </div>
   <div class='ocr_carea' id='block_1_54' title="bbox 2122 1161 3700 1236">
    <p class='ocr_par' dir='ltr' id='par_1_54' title="bbox 2122 1161 3700 1236">
     <span class='ocr_line' id='line_1_54' title="bbox 2122 1161 3700 1236; baseline 0.004 -20"><span class='ocrx_word' id='word_1_376' title='bbox 2122 1161 2458 1236; x_wconf 75' lang='grc' dir='ltr'>ἐλευθερίαν,</span> <span class='ocrx_word' id='word_1_377' title='bbox 2480 1163 2576 1217; x_wconf 72' lang='grc' dir='ltr'>καὶ</span> <span class='ocrx_word' id='word_1_378' title='bbox 2612 1161 2719 1235; x_wconf 80' lang='grc' dir='ltr'>μὴν</span> <span class='ocrx_word' id='word_1_379' title='bbox 2743 1162 2842 1216; x_wconf 77' lang='grc' dir='ltr'>καὶ</span> <span class='ocrx_word' id='word_1_380' title='bbox 2868 1163 3240 1236; x_wconf 75' lang='grc' dir='ltr'>εύτρεπισμὸν</span> <span class='ocrx_word' id='word_1_381' title='bbox 3285 1165 3378 1220; x_wconf 89' lang='grc' dir='ltr'><strong>τὸν</strong></span> <span class='ocrx_word' id='word_1_382' title='bbox 3417 1167 3498 1230; x_wconf 88' lang='grc' dir='ltr'><strong>είς</strong></span> <span class='ocrx_word' id='word_1_383' title='bbox 3530 1167 3700 1223; x_wconf 88' lang='grc' dir='ltr'>αἰῶνα</span> 
     </span>
    </p>
   </div>
   <div class='ocr_carea' id='block_1_55' title="bbox 2121 1252 3212 1325">
    <p class='ocr_par' dir='ltr' id='par_1_55' title="bbox 2121 1252 3212 1325">
     <span class='ocr_line' id='line_1_55' title="bbox 2121 1252 3212 1325; baseline 0.001 -17"><span class='ocrx_word' id='word_1_384' title='bbox 2121 1253 2216 1308; x_wconf 87' lang='grc' dir='ltr'><strong>τὸν</strong></span> <span class='ocrx_word' id='word_1_385' title='bbox 2245 1253 2510 1325; x_wconf 84' lang='grc' dir='ltr'>μέλλοντα</span> <span class='ocrx_word' id='word_1_386' title='bbox 2533 1252 2780 1318; x_wconf 80' lang='grc' dir='ltr'><strong>τυπικῶς</strong></span> <span class='ocrx_word' id='word_1_387' title='bbox 2814 1254 3212 1323; x_wconf 75' lang='grc' dir='ltr'>ὑποφαίνουσα.</span> 
     </span>
    </p>
   </div>
   <div class='ocr_carea' id='block_1_56' title="bbox 2192 1342 3702 1422">
    <p class='ocr_par' dir='ltr' id='par_1_56' title="bbox 2192 1342 3702 1422">
     <span class='ocr_line' id='line_1_56' title="bbox 2192 1342 3702 1422; baseline 0.005 -23"><span class='ocrx_word' id='word_1_388' title='bbox 2192 1346 2404 1400; x_wconf 80' lang='grc' dir='ltr'><strong>ΠΑΛΔ.</strong></span> <span class='ocrx_word' id='word_1_389' title='bbox 2459 1345 2638 1419; x_wconf 68' lang='grc' dir='ltr'>Φράζε</span> <span class='ocrx_word' id='word_1_390' title='bbox 2681 1347 2746 1420; x_wconf 80' lang='grc' dir='ltr'>δὴ</span> <span class='ocrx_word' id='word_1_391' title='bbox 2791 1342 2885 1402; x_wconf 77' lang='grc' dir='ltr'><strong>οῦν</strong></span> <span class='ocrx_word' id='word_1_392' title='bbox 2916 1347 3085 1412; x_wconf 76' lang='grc' dir='ltr'>ὅπως.</span> <span class='ocrx_word' id='word_1_393' title='bbox 3135 1348 3350 1421; x_wconf 86' lang='grc' dir='ltr'>Εἰδείην</span> <span class='ocrx_word' id='word_1_394' title='bbox 3388 1350 3497 1422; x_wconf 84' lang='grc' dir='ltr'><strong>γὰρ</strong></span> <span class='ocrx_word' id='word_1_395' title='bbox 3529 1351 3702 1417; x_wconf 79' lang='grc' dir='ltr'>ἃνὼς</span> 
     </span>
    </p>
   </div>
   <div class='ocr_carea' id='block_1_57' title="bbox 2123 1437 2433 1510">
    <p class='ocr_par' dir='ltr' id='par_1_57' title="bbox 2123 1437 2433 1510">
     <span class='ocr_line' id='line_1_57' title="bbox 2123 1437 2433 1510; baseline 0 -16"><span class='ocrx_word' id='word_1_396' title='bbox 2123 1437 2320 1510; x_wconf 80' lang='grc' dir='ltr'>ἥδιστά</span> <span class='ocrx_word' id='word_1_397' title='bbox 2347 1455 2433 1510; x_wconf 81' lang='grc' dir='ltr'><strong>γε.</strong></span> 
     </span>
    </p>
   </div>
   <div class='ocr_carea' id='block_1_58' title="bbox 2197 1526 3703 1610">
    <p class='ocr_par' dir='ltr' id='par_1_58' title="bbox 2197 1526 3703 1610">
     <span class='ocr_line' id='line_1_58' title="bbox 2197 1526 3703 1610; baseline 0.003 -24"><span class='ocrx_word' id='word_1_398' title='bbox 2197 1532 2366 1587; x_wconf 72' lang='lat' dir='ltr'><strong>KY-P.</strong></span> <span class='ocrx_word' id='word_1_399' title='bbox 2411 1531 2514 1586; x_wconf 87' lang='grc' dir='ltr'>Διά</span> <span class='ocrx_word' id='word_1_400' title='bbox 2550 1532 2821 1598; x_wconf 85' lang='grc' dir='ltr'>πίστεως,</span> <span class='ocrx_word' id='word_1_401' title='bbox 2859 1526 2909 1587; x_wconf 73' lang='grc' dir='ltr'>ὦ</span> <span class='ocrx_word' id='word_1_402' title='bbox 2940 1533 3226 1602; x_wconf 84' lang='grc' dir='ltr'>Παλλάδιε,</span> <span class='ocrx_word' id='word_1_403' title='bbox 3255 1534 3356 1607; x_wconf 82' lang='grc' dir='ltr'>τῆς</span> <span class='ocrx_word' id='word_1_404' title='bbox 3391 1537 3451 1591; x_wconf 81' lang='grc' dir='ltr'><strong>έν</strong></span> <span class='ocrx_word' id='word_1_405' title='bbox 3482 1537 3703 1610; x_wconf 85' lang='grc' dir='ltr'>Χριστῷ</span> 
     </span>
    </p>
   </div>
   <div class='ocr_carea' id='block_1_59' title="bbox 2126 1623 3703 1700">
    <p class='ocr_par' dir='ltr' id='par_1_59' title="bbox 2126 1623 3703 1700">
     <span class='ocr_line' id='line_1_59' title="bbox 2126 1623 3703 1700; baseline 0.003 -22"><span class='ocrx_word' id='word_1_406' title='bbox 2126 1624 2424 1696; x_wconf 83' lang='grc' dir='ltr'>νοουμένης</span> <span class='ocrx_word' id='word_1_407' title='bbox 2466 1623 2856 1696; x_wconf 84' lang='grc' dir='ltr'>πνευματικῶς</span> <span class='ocrx_word' id='word_1_408' title='bbox 2891 1624 3308 1697; x_wconf 81' lang='grc' dir='ltr'>σαϐϐατίζομεν,</span> <span class='ocrx_word' id='word_1_409' title='bbox 3339 1627 3457 1682; x_wconf 62' lang='grc' dir='ltr'>’τῶν</span> <span class='ocrx_word' id='word_1_410' title='bbox 3484 1630 3542 1682; x_wconf 82' lang='grc' dir='ltr'>ὲν</span> <span class='ocrx_word' id='word_1_411' title='bbox 3569 1629 3703 1700; x_wconf 82' lang='grc' dir='ltr'>τῷδε</span> 
     </span>
    </p>
   </div>
   <div class='ocr_carea' id='block_1_60' title="bbox 2127 1716 3703 1794">
    <p class='ocr_par' dir='ltr' id='par_1_60' title="bbox 2127 1716 3703 1794">
     <span class='ocr_line' id='line_1_60' title="bbox 2127 1716 3703 1794; baseline 0.004 -24"><span class='ocrx_word' id='word_1_412' title='bbox 2127 1716 2318 1788; x_wconf 86' lang='grc' dir='ltr'>κόσμῳ</span> <span class='ocrx_word' id='word_1_413' title='bbox 2349 1717 2752 1789; x_wconf 88' lang='grc' dir='ltr'>περισπασμῶν</span> <span class='ocrx_word' id='word_1_414' title='bbox 2802 1717 3225 1788; x_wconf 82' lang='grc' dir='ltr'>καταλήγοντες,</span> <span class='ocrx_word' id='word_1_415' title='bbox 3266 1719 3360 1774; x_wconf 79' lang='grc' dir='ltr'>καὶ</span> <span class='ocrx_word' id='word_1_416' title='bbox 3401 1723 3703 1794; x_wconf 79' lang='grc' dir='ltr'>περιφορᾶς</span> 
     </span>
    </p>
   </div>
   <div class='ocr_carea' id='block_1_61' title="bbox 2129 1797 3704 1884">
    <p class='ocr_par' dir='ltr' id='par_1_61' title="bbox 2129 1797 3704 1884">
     <span class='ocr_line' id='line_1_61' title="bbox 2129 1797 3704 1884; baseline 0.003 -22"><span class='ocrx_word' id='word_1_417' title='bbox 2129 1809 2344 1873; x_wconf 86' lang='grc' dir='ltr'>εἰκαίας</span> <span class='ocrx_word' id='word_1_418' title='bbox 2372 1809 2808 1882; x_wconf 84' lang='grc' dir='ltr'>ἀποπαυόμενοι,</span> <span class='ocrx_word' id='word_1_419' title='bbox 2857 1811 2952 1864; x_wconf 75' lang='grc' dir='ltr'>καὶ</span> <span class='ocrx_word' id='word_1_420' title='bbox 2981 1811 3316 1882; x_wconf 77' lang='grc' dir='ltr'>φαυλότητος</span> <span class='ocrx_word' id='word_1_421' title='bbox 3343 1797 3704 1884; x_wconf 78' lang='grc' dir='ltr'>ἀπονοσφιζό-</span> 
     </span>
    </p>
   </div>
   <div class='ocr_carea' id='block_1_62' title="bbox 2131 1901 3704 1976">
    <p class='ocr_par' dir='ltr' id='par_1_62' title="bbox 2131 1901 3704 1976">
     <span class='ocr_line' id='line_1_62' title="bbox 2131 1901 3704 1976; baseline 0.003 -21"><span class='ocrx_word' id='word_1_422' title='bbox 2131 1919 2307 1973; x_wconf 89' lang='grc' dir='ltr'>μενοι,</span> <span class='ocrx_word' id='word_1_423' title='bbox 2353 1902 2447 1956; x_wconf 72' lang='grc' dir='ltr'>καὶ</span> <span class='ocrx_word' id='word_1_424' title='bbox 2492 1901 2586 1957; x_wconf 90' lang='grc' dir='ltr'><strong>τὸν</strong></span> <span class='ocrx_word' id='word_1_425' title='bbox 2627 1903 2728 1972; x_wconf 85' lang='grc' dir='ltr'>τῆς</span> <span class='ocrx_word' id='word_1_426' title='bbox 2775 1903 3051 1975; x_wconf 81' lang='grc' dir='ltr'>ἁμαρτίας</span> <span class='ocrx_word' id='word_1_427' title='bbox 3095 1903 3465 1970; x_wconf 88' lang='grc' dir='ltr'>διεκδύνοντες</span> <span class='ocrx_word' id='word_1_428' title='bbox 3519 1906 3704 1976; x_wconf 79' lang='grc' dir='ltr'>ζυγὸν,</span> 
     </span>
    </p>
   </div>
   <div class='ocr_carea' id='block_1_63' title="bbox 2128 1994 3706 2070">
    <p class='ocr_par' dir='ltr' id='par_1_63' title="bbox 2128 1994 3706 2070">
     <span class='ocr_line' id='line_1_63' title="bbox 2128 1994 3706 2070; baseline 0.003 -21"><span class='ocrx_word' id='word_1_429' title='bbox 2128 1994 2392 2066; x_wconf 77' lang='grc' dir='ltr'>ἀνεξμεθα</span> <span class='ocrx_word' id='word_1_430' title='bbox 2434 1995 2622 2049; x_wconf 88' lang='grc' dir='ltr'>λοιπὸν</span> <span class='ocrx_word' id='word_1_431' title='bbox 2667 1997 2747 2060; x_wconf 87' lang='grc' dir='ltr'><strong>εἰς</strong></span> <span class='ocrx_word' id='word_1_432' title='bbox 2780 1995 3066 2068; x_wconf 76' lang='grc' dir='ltr'>ἐλεύθερον</span> <span class='ocrx_word' id='word_1_433' title='bbox 3105 1998 3400 2070; x_wconf 79' lang='grc' dir='ltr'>ἁγιασμόν.</span> <span class='ocrx_word' id='word_1_434' title='bbox 3432 1999 3544 2052; x_wconf 61' lang='lat' dir='ltr'><strong>Kal</strong></span> <span class='ocrx_word' id='word_1_435' title='bbox 3575 2001 3706 2069; x_wconf 86' lang='grc' dir='ltr'>γοῦν</span> 
     </span>
    </p>
   </div>
   <div class='ocr_carea' id='block_1_64' title="bbox 2128 2087 3707 2160">
    <p class='ocr_par' dir='ltr' id='par_1_64' title="bbox 2128 2087 3707 2160">
     <span class='ocr_line' id='line_1_64' title="bbox 2128 2087 3707 2160; baseline 0.002 -19"><span class='ocrx_word' id='word_1_436' title='bbox 2128 2089 2158 2141; x_wconf 89' lang='grc' dir='ltr'>ὁ</span> <span class='ocrx_word' id='word_1_437' title='bbox 2191 2087 2478 2151; x_wconf 81' lang='grc' dir='ltr'>Θεσπέσιος</span> <span class='ocrx_word' id='word_1_438' title='bbox 2524 2087 2734 2153; x_wconf 84' lang='grc' dir='ltr'>Παῦλος</span> <span class='ocrx_word' id='word_1_439' title='bbox 2767 2090 2896 2160; x_wconf 75' lang='grc' dir='ltr'>περὶ</span> <span class='ocrx_word' id='word_1_440' title='bbox 2939 2088 3047 2142; x_wconf 90' lang='grc' dir='ltr'><strong>τῶν</strong></span> <span class='ocrx_word' id='word_1_441' title='bbox 3077 2087 3232 2143; x_wconf 83' lang='grc' dir='ltr'>οῦπω</span> <span class='ocrx_word' id='word_1_442' title='bbox 3262 2091 3707 2144; x_wconf 72' lang='grc' dir='ltr'>πεπιστευκότων</span> 
     </span>
    </p>
   </div>
   <div class='ocr_carea' id='block_1_65' title="bbox 2130 2179 3704 2254">
    <p class='ocr_par' dir='ltr' id='par_1_65' title="bbox 2130 2179 3704 2254">
     <span class='ocr_line' id='line_1_65' title="bbox 2130 2179 3704 2254; baseline 0.004 -23"><span class='ocrx_word' id='word_1_443' title='bbox 2130 2179 2281 2250; x_wconf 81' lang='grc' dir='ltr'>φησι·</span> <span class='ocrx_word' id='word_1_444' title='bbox 2338 2197 2356 2231; x_wconf 75' lang='grc' dir='ltr'><strong>ι</strong></span> <span class='ocrx_word' id='word_1_445' title='bbox 2418 2180 2541 2234; x_wconf 84' lang='grc' dir='ltr'>Τίσι</span> <span class='ocrx_word' id='word_1_446' title='bbox 2604 2180 2662 2234; x_wconf 75' lang='grc' dir='ltr'>δὲ</span> <span class='ocrx_word' id='word_1_447' title='bbox 2721 2179 3064 2254; x_wconf 82' lang='grc' dir='ltr'>προσώχθισε</span> <span class='ocrx_word' id='word_1_448' title='bbox 3114 2183 3526 2254; x_wconf 88' lang='grc' dir='ltr'>τεσσαράκοντα</span> <span class='ocrx_word' id='word_1_449' title='bbox 3574 2184 3704 2254; x_wconf 76' lang='grc' dir='ltr'>ἐτης</span> 
     </span>
    </p>
   </div>
   <div class='ocr_carea' id='block_1_66' title="bbox 2127 2264 3708 2346">
    <p class='ocr_par' dir='ltr' id='par_1_66' title="bbox 2127 2264 3708 2346">
     <span class='ocr_line' id='line_1_66' title="bbox 2127 2264 3708 2346; baseline 0.003 -24"><span class='ocrx_word' id='word_1_450' title='bbox 2127 2270 2248 2341; x_wconf 80' lang='grc' dir='ltr'>ούχὶ</span> <span class='ocrx_word' id='word_1_451' title='bbox 2279 2271 2393 2336; x_wconf 80' lang='grc' dir='ltr'>τοῖς</span> <span class='ocrx_word' id='word_1_452' title='bbox 2441 2269 2842 2342; x_wconf 81' lang='grc' dir='ltr'>ἀπειθήσασιν,</span> <span class='ocrx_word' id='word_1_453' title='bbox 2884 2264 2962 2326; x_wconf 82' lang='grc' dir='ltr'>ὧν</span> <span class='ocrx_word' id='word_1_454' title='bbox 2996 2271 3066 2324; x_wconf 83' lang='grc' dir='ltr'><strong>τὰ</strong></span> <span class='ocrx_word' id='word_1_455' title='bbox 3112 2271 3262 2326; x_wconf 91' lang='grc' dir='ltr'>κῶλα</span> <span class='ocrx_word' id='word_1_456' title='bbox 3307 2272 3503 2327; x_wconf 74' lang='grc' dir='ltr'>ἔπεσον</span> <span class='ocrx_word' id='word_1_457' title='bbox 3544 2275 3601 2328; x_wconf 85' lang='grc' dir='ltr'>ὲν</span> <span class='ocrx_word' id='word_1_458' title='bbox 3640 2277 3708 2346; x_wconf 77' lang='grc' dir='ltr'><strong>τῇ</strong></span> 
     </span>
    </p>
   </div>
   <div class='ocr_carea' id='block_1_67' title="bbox 2129 2364 3708 2438">
    <p class='ocr_par' dir='ltr' id='par_1_67' title="bbox 2129 2364 3708 2438">
     <span class='ocr_line' id='line_1_67' title="bbox 2129 2364 3708 2438; baseline 0.003 -22"><span class='ocrx_word' id='word_1_459' title='bbox 2129 2365 2358 2436; x_wconf 81' lang='grc' dir='ltr'>ἐρήμῳ;</span> <span class='ocrx_word' id='word_1_460' title='bbox 2389 2365 2514 2418; x_wconf 90' lang='grc' dir='ltr'>Τίσι</span> <span class='ocrx_word' id='word_1_461' title='bbox 2554 2365 2610 2419; x_wconf 88' lang='grc' dir='ltr'>δὲ</span> <span class='ocrx_word' id='word_1_462' title='bbox 2643 2364 2828 2436; x_wconf 84' lang='grc' dir='ltr'>ῶμοσε</span> <span class='ocrx_word' id='word_1_463' title='bbox 2871 2364 2948 2436; x_wconf 78' lang='grc' dir='ltr'>μὴ</span> <span class='ocrx_word' id='word_1_464' title='bbox 2994 2364 3256 2419; x_wconf 87' lang='grc' dir='ltr'>εἰσελθεῖν</span> <span class='ocrx_word' id='word_1_465' title='bbox 3285 2367 3366 2431; x_wconf 91' lang='grc' dir='ltr'><strong>εἰς</strong></span> <span class='ocrx_word' id='word_1_466' title='bbox 3396 2365 3496 2438; x_wconf 79' lang='grc' dir='ltr'><strong>τὴν</strong></span> <span class='ocrx_word' id='word_1_467' title='bbox 3535 2367 3708 2421; x_wconf 83' lang='grc' dir='ltr'>κατά-</span> 
     </span>
    </p>
   </div>
   <div class='ocr_carea' id='block_1_68' title="bbox 2123 2456 3706 2530">
    <p class='ocr_par' dir='ltr' id='par_1_68' title="bbox 2123 2456 3706 2530">
     <span class='ocr_line' id='line_1_68' title="bbox 2123 2456 3706 2530; baseline 0.003 -22"><span class='ocrx_word' id='word_1_468' title='bbox 2123 2469 2330 2510; x_wconf 85' lang='grc' dir='ltr'>’παυσιν</span> <span class='ocrx_word' id='word_1_469' title='bbox 2363 2457 2551 2523; x_wconf 89' lang='grc' dir='ltr'>αύτοῦ,</span> <span class='ocrx_word' id='word_1_470' title='bbox 2587 2457 2637 2510; x_wconf 81' lang='grc' dir='ltr'><strong>εί</strong></span> <span class='ocrx_word' id='word_1_471' title='bbox 2674 2457 2750 2530; x_wconf 81' lang='grc' dir='ltr'>μὴ</span> <span class='ocrx_word' id='word_1_472' title='bbox 2791 2458 2905 2521; x_wconf 87' lang='grc' dir='ltr'>τοῖς</span> <span class='ocrx_word' id='word_1_473' title='bbox 2953 2456 3323 2528; x_wconf 74' lang='grc' dir='ltr'>ἀπειθήσασις</span> <span class='ocrx_word' id='word_1_474' title='bbox 3357 2457 3453 2512; x_wconf 72' lang='grc' dir='ltr'>καὶ</span> <span class='ocrx_word' id='word_1_475' title='bbox 3501 2458 3706 2528; x_wconf 81' lang='grc' dir='ltr'>βλέπο-</span> 
     </span>
    </p>
   </div>
   <div class='ocr_carea' id='block_1_69' title="bbox 2125 2549 3704 2622">
    <p class='ocr_par' dir='ltr' id='par_1_69' title="bbox 2125 2549 3704 2622">
     <span class='ocr_line' id='line_1_69' title="bbox 2125 2549 3704 2622; baseline 0.002 -19"><span class='ocrx_word' id='word_1_476' title='bbox 2125 2565 2233 2620; x_wconf 78' lang='grc' dir='ltr'><strong>μεν</strong></span> <span class='ocrx_word' id='word_1_477' title='bbox 2269 2549 2352 2603; x_wconf 82' lang='grc' dir='ltr'>ὅτι</span> <span class='ocrx_word' id='word_1_478' title='bbox 2396 2550 2500 2604; x_wconf 88' lang='grc' dir='ltr'><strong>ούκ</strong></span> <span class='ocrx_word' id='word_1_479' title='bbox 2556 2549 2906 2622; x_wconf 73' lang='grc' dir='ltr'>ἠδυνήθησαν</span> <span class='ocrx_word' id='word_1_480' title='bbox 2960 2549 3222 2604; x_wconf 75' lang='grc' dir='ltr'>εἰσελθεῖν</span> <span class='ocrx_word' id='word_1_481' title='bbox 3279 2550 3346 2604; x_wconf 86' lang='grc' dir='ltr'><strong>δι’</strong></span> <span class='ocrx_word' id='word_1_482' title='bbox 3401 2549 3704 2606; x_wconf 88' lang='grc' dir='ltr'>ἀπείθειαν.</span> 
     </span>
    </p>
   </div>
   <div class='ocr_carea' id='block_1_70' title="bbox 2129 2636 3711 2713">
    <p class='ocr_par' dir='ltr' id='par_1_70' title="bbox 2129 2636 3711 2713">
     <span class='ocr_line' id='line_1_70' title="bbox 2129 2636 3711 2713; baseline 0.001 -20"><span class='ocrx_word' id='word_1_483' title='bbox 2129 2640 2464 2712; x_wconf 79' lang='grc' dir='ltr'>Φοϐηθῶμεν</span> <span class='ocrx_word' id='word_1_484' title='bbox 2497 2636 2592 2695; x_wconf 82' lang='grc' dir='ltr'>οὖν</span> <span class='ocrx_word' id='word_1_485' title='bbox 2628 2641 2839 2713; x_wconf 81' lang='grc' dir='ltr'>μήποτε</span> <span class='ocrx_word' id='word_1_486' title='bbox 2869 2640 3342 2713; x_wconf 79' lang='grc' dir='ltr'>καταλειπομένης</span> <span class='ocrx_word' id='word_1_487' title='bbox 3378 2641 3711 2712; x_wconf 76' lang='grc' dir='ltr'>ἐπαγγελίας</span> 
     </span>
    </p>
   </div>
   <div class='ocr_carea' id='block_1_71' title="bbox 2130 2731 3711 2804">
    <p class='ocr_par' dir='ltr' id='par_1_71' title="bbox 2130 2731 3711 2804">
     <span class='ocr_line' id='line_1_71' title="bbox 2130 2731 3711 2804; baseline 0 -18"><span class='ocrx_word' id='word_1_488' title='bbox 2130 2731 2395 2786; x_wconf 74' lang='grc' dir='ltr'>εἰσελθεῖν</span> <span class='ocrx_word' id='word_1_489' title='bbox 2439 2734 2521 2796; x_wconf 82' lang='grc' dir='ltr'><strong>εἰς</strong></span> <span class='ocrx_word' id='word_1_490' title='bbox 2569 2731 2671 2804; x_wconf 79' lang='grc' dir='ltr'>τὴν</span> <span class='ocrx_word' id='word_1_491' title='bbox 2715 2731 3062 2786; x_wconf 88' lang='grc' dir='ltr'>κατάπαυσιν</span> <span class='ocrx_word' id='word_1_492' title='bbox 3114 2731 3302 2797; x_wconf 81' lang='grc' dir='ltr'>αὐτοῦ,</span> <span class='ocrx_word' id='word_1_493' title='bbox 3343 2731 3476 2804; x_wconf 83' lang='grc' dir='ltr'>δοκῇ</span> <span class='ocrx_word' id='word_1_494' title='bbox 3522 2750 3606 2797; x_wconf 88' lang='grc' dir='ltr'><strong>τις</strong></span> <span class='ocrx_word' id='word_1_495' title='bbox 3650 2733 3711 2798; x_wconf 78' lang='grc' dir='ltr'><strong>ἐξ</strong></span> 
     </span>
    </p>
   </div>
   <div class='ocr_carea' id='block_1_72' title="bbox 2132 2822 3709 2896">
    <p class='ocr_par' dir='ltr' id='par_1_72' title="bbox 2132 2822 3709 2896">
     <span class='ocr_line' id='line_1_72' title="bbox 2132 2822 3709 2896; baseline -0.001 -17"><span class='ocrx_word' id='word_1_496' title='bbox 2132 2825 2285 2896; x_wconf 85' lang='grc' dir='ltr'>ὑμῶν</span> <span class='ocrx_word' id='word_1_497' title='bbox 2323 2823 2708 2896; x_wconf 81' lang='grc' dir='ltr'>ὑστερηκέναι.</span> <span class='ocrx_word' id='word_1_498' title='bbox 2757 2842 2776 2876; x_wconf 74' lang='grc' dir='ltr'><strong>ι</strong></span> <span class='ocrx_word' id='word_1_499' title='bbox 2827 2823 2937 2877; x_wconf 79' lang='grc' dir='ltr'><strong>Καὶ</strong></span> <span class='ocrx_word' id='word_1_500' title='bbox 2969 2822 3088 2894; x_wconf 85' lang='grc' dir='ltr'>μεθ’</span> <span class='ocrx_word' id='word_1_501' title='bbox 3117 2823 3300 2895; x_wconf 76' lang='grc' dir='ltr'>ἕτεραο</span> <span class='ocrx_word' id='word_1_502' title='bbox 3332 2843 3351 2875; x_wconf 74' lang='grc' dir='ltr'><strong>ι</strong></span> <span class='ocrx_word' id='word_1_503' title='bbox 3395 2825 3540 2896; x_wconf 78' lang='grc' dir='ltr'>’Ἄρα</span> <span class='ocrx_word' id='word_1_504' title='bbox 3575 2825 3709 2878; x_wconf 89' lang='grc' dir='ltr'>ἀπο-</span> 
     </span>
    </p>
   </div>
   <div class='ocr_carea' id='block_1_73' title="bbox 2131 2913 3712 2987">
    <p class='ocr_par' dir='ltr' id='par_1_73' title="bbox 2131 2913 3712 2987">
     <span class='ocr_line' id='line_1_73' title="bbox 2131 2913 3712 2987; baseline 0 -17"><span class='ocrx_word' id='word_1_505' title='bbox 2131 2917 2378 2970; x_wconf 89' lang='grc' dir='ltr'>λείπεται</span> <span class='ocrx_word' id='word_1_506' title='bbox 2427 2915 2795 2987; x_wconf 85' lang='grc' dir='ltr'>σαϐϐατισμὸς</span> <span class='ocrx_word' id='word_1_507' title='bbox 2835 2915 2916 2986; x_wconf 80' lang='grc' dir='ltr'>τῷ</span> <span class='ocrx_word' id='word_1_508' title='bbox 2957 2915 3074 2986; x_wconf 83' lang='grc' dir='ltr'>λαῷ</span> <span class='ocrx_word' id='word_1_509' title='bbox 3109 2913 3206 2969; x_wconf 85' lang='grc' dir='ltr'><strong>τοῦ</strong></span> <span class='ocrx_word' id='word_1_510' title='bbox 3266 2914 3426 2972; x_wconf 83' lang='grc' dir='ltr'>Θεοῦ.</span> <span class='ocrx_word' id='word_1_511' title='bbox 3457 2934 3477 2968; x_wconf 76' lang='grc' dir='ltr'><strong>ι</strong></span> <span class='ocrx_word' id='word_1_512' title='bbox 3511 2915 3712 2970; x_wconf 78' lang='grc' dir='ltr'>ῖΚαίτσι</span> 
     </span>
    </p>
   </div>
   <div class='ocr_carea' id='block_1_74' title="bbox 2132 3007 3714 3080">
    <p class='ocr_par' dir='ltr' id='par_1_74' title="bbox 2132 3007 3714 3080">
     <span class='ocr_line' id='line_1_74' title="bbox 2132 3007 3714 3080; baseline 0.001 -18"><span class='ocrx_word' id='word_1_513' title='bbox 2132 3008 2252 3074; x_wconf 90' lang='grc' dir='ltr'><strong>πῶς</strong></span> <span class='ocrx_word' id='word_1_514' title='bbox 2283 3008 2384 3062; x_wconf 88' lang='grc' dir='ltr'><strong>ούκ</strong></span> <span class='ocrx_word' id='word_1_515' title='bbox 2413 3007 2644 3079; x_wconf 83' lang='grc' dir='ltr'>ἀληθὲς,</span> <span class='ocrx_word' id='word_1_516' title='bbox 2689 3007 2767 3072; x_wconf 86' lang='grc' dir='ltr'><strong>ὡς</strong></span> <span class='ocrx_word' id='word_1_517' title='bbox 2803 3008 2961 3080; x_wconf 81' lang='grc' dir='ltr'>είπερ</span> <span class='ocrx_word' id='word_1_518' title='bbox 2989 3008 3136 3062; x_wconf 64' lang='grc' dir='ltr'>ἐστὶν</span> <span class='ocrx_word' id='word_1_519' title='bbox 3163 3009 3193 3062; x_wconf 89' lang='grc' dir='ltr'><strong>ὁ</strong></span> <span class='ocrx_word' id='word_1_520' title='bbox 3222 3007 3613 3080; x_wconf 82' lang='grc' dir='ltr'>σαϐϐατισμὸς,</span> <span class='ocrx_word' id='word_1_521' title='bbox 3649 3009 3714 3063; x_wconf 74' lang='grc' dir='ltr'><strong>τὸ</strong></span> 
     </span>
    </p>
   </div>
   <div class='ocr_carea' id='block_1_75' title="bbox 2136 3098 3714 3172">
    <p class='ocr_par' dir='ltr' id='par_1_75' title="bbox 2136 3098 3714 3172">
     <span class='ocr_line' id='line_1_75' title="bbox 2136 3098 3714 3172; baseline 0.001 -19"><span class='ocrx_word' id='word_1_522' title='bbox 2136 3099 2295 3172; x_wconf 90' lang='grc' dir='ltr'>μόνον</span> <span class='ocrx_word' id='word_1_523' title='bbox 2337 3098 2532 3170; x_wconf 82' lang='grc' dir='ltr'>ἀργεῖν</span> <span class='ocrx_word' id='word_1_524' title='bbox 2575 3099 2634 3154; x_wconf 73' lang='grc' dir='ltr'><strong>έν</strong></span> <span class='ocrx_word' id='word_1_525' title='bbox 2677 3098 2976 3171; x_wconf 86' lang='grc' dir='ltr'>Σαϐϐάτῳ,</span> <span class='ocrx_word' id='word_1_526' title='bbox 3024 3099 3142 3164; x_wconf 90' lang='grc' dir='ltr'><strong>πῶς</strong></span> <span class='ocrx_word' id='word_1_527' title='bbox 3187 3100 3288 3154; x_wconf 83' lang='grc' dir='ltr'>οὐκ</span> <span class='ocrx_word' id='word_1_528' title='bbox 3331 3099 3584 3172; x_wconf 83' lang='grc' dir='ltr'>εἰσῆλθεν</span> <span class='ocrx_word' id='word_1_529' title='bbox 3633 3103 3714 3166; x_wconf 88' lang='grc' dir='ltr'><strong>εἰς</strong></span> 
     </span>
    </p>
   </div>
   <div class='ocr_carea' id='block_1_76' title="bbox 2132 3187 3714 3263">
    <p class='ocr_par' dir='ltr' id='par_1_76' title="bbox 2132 3187 3714 3263">
     <span class='ocr_line' id='line_1_76' title="bbox 2132 3187 3714 3263; baseline -0.002 -19"><span class='ocrx_word' id='word_1_530' title='bbox 2132 3189 2232 3263; x_wconf 79' lang='grc' dir='ltr'>τὴν</span> <span class='ocrx_word' id='word_1_531' title='bbox 2255 3188 2602 3244; x_wconf 86' lang='grc' dir='ltr'>κατάπαυσιν</span> <span class='ocrx_word' id='word_1_532' title='bbox 2645 3188 2674 3240; x_wconf 84' lang='grc' dir='ltr'><strong>ὸ</strong></span> <span class='ocrx_word' id='word_1_533' title='bbox 2710 3188 2928 3260; x_wconf 77' lang='grc' dir='ltr'>Ἰσραὴλ</span> <span class='ocrx_word' id='word_1_534' title='bbox 2946 3229 2962 3255; x_wconf 94' lang='grc'><strong>,</strong></span> <span class='ocrx_word' id='word_1_535' title='bbox 2995 3187 3087 3243; x_wconf 87' lang='grc' dir='ltr'><strong>καί</strong></span> <span class='ocrx_word' id='word_1_536' title='bbox 3116 3205 3197 3243; x_wconf 90' lang='grc' dir='ltr'><strong>τοι</strong></span> <span class='ocrx_word' id='word_1_537' title='bbox 3230 3187 3329 3260; x_wconf 81' lang='grc' dir='ltr'>τὴν</span> <span class='ocrx_word' id='word_1_538' title='bbox 3359 3190 3419 3244; x_wconf 82' lang='grc' dir='ltr'>ὲν</span> <span class='ocrx_word' id='word_1_539' title='bbox 3449 3187 3714 3260; x_wconf 87' lang='grc' dir='ltr'>Σαϐϐάτῳ</span> 
     </span>
    </p>
   </div>
   <div class='ocr_carea' id='block_1_77' title="bbox 2135 3277 3713 3357">
    <p class='ocr_par' dir='ltr' id='par_1_77' title="bbox 2135 3277 3713 3357">
     <span class='ocr_line' id='line_1_77' title="bbox 2135 3277 3713 3357; baseline -0.003 -19"><span class='ocrx_word' id='word_1_540' title='bbox 2135 3283 2386 3357; x_wconf 85' lang='grc' dir='ltr'>τηρήσας</span> <span class='ocrx_word' id='word_1_541' title='bbox 2423 3281 2656 3355; x_wconf 89' lang='grc' dir='ltr'>ἀργίαν;</span> <span class='ocrx_word' id='word_1_542' title='bbox 2711 3280 2850 3337; x_wconf 85' lang='grc' dir='ltr'>Ἀλλ’</span> <span class='ocrx_word' id='word_1_543' title='bbox 2879 3277 2948 3354; x_wconf 80' lang='grc' dir='ltr'>ἦν</span> <span class='ocrx_word' id='word_1_544' title='bbox 2975 3282 3056 3345; x_wconf 87' lang='grc' dir='ltr'><strong>εἰς</strong></span> <span class='ocrx_word' id='word_1_545' title='bbox 3096 3279 3267 3335; x_wconf 83' lang='grc' dir='ltr'>τύπον</span> <span class='ocrx_word' id='word_1_546' title='bbox 3304 3280 3366 3334; x_wconf 88' lang='grc' dir='ltr'>τὸ</span> <span class='ocrx_word' id='word_1_547' title='bbox 3393 3280 3585 3353; x_wconf 83' lang='grc' dir='ltr'>χρῆμα</span> <span class='ocrx_word' id='word_1_548' title='bbox 3611 3283 3713 3351; x_wconf 80' lang='grc' dir='ltr'>τῆς</span> 
     </span>
    </p>
   </div>
   <div class='ocr_carea' id='block_1_78' title="bbox 2133 3372 3716 3448">
    <p class='ocr_par' dir='ltr' id='par_1_78' title="bbox 2133 3372 3716 3448">
     <span class='ocr_line' id='line_1_78' title="bbox 2133 3372 3716 3448; baseline -0.002 -19"><span class='ocrx_word' id='word_1_549' title='bbox 2133 3377 2192 3429; x_wconf 81' lang='grc' dir='ltr'>ὲν</span> <span class='ocrx_word' id='word_1_550' title='bbox 2212 3373 2434 3448; x_wconf 88' lang='grc' dir='ltr'>Χριστῷ</span> <span class='ocrx_word' id='word_1_551' title='bbox 2497 3372 2942 3439; x_wconf 86' lang='grc' dir='ltr'>καταπαύσεως,</span> <span class='ocrx_word' id='word_1_552' title='bbox 2989 3373 3085 3427; x_wconf 75' lang='grc' dir='ltr'>καὶ</span> <span class='ocrx_word' id='word_1_553' title='bbox 3137 3373 3233 3428; x_wconf 88' lang='grc' dir='ltr'><strong>τοῦ</strong></span> <span class='ocrx_word' id='word_1_554' title='bbox 3278 3373 3606 3446; x_wconf 78' lang='grc' dir='ltr'>καταλήξειν</span> <span class='ocrx_word' id='word_1_555' title='bbox 3653 3373 3716 3438; x_wconf 70' lang='grc' dir='ltr'><strong>ἐξ</strong></span> 
     </span>
    </p>
   </div>
   <div class='ocr_carea' id='block_1_79' title="bbox 2132 3460 3716 3539">
    <p class='ocr_par' dir='ltr' id='par_1_79' title="bbox 2132 3460 3716 3539">
     <span class='ocr_line' id='line_1_79' title="bbox 2132 3460 3716 3539; baseline -0.002 -18"><span class='ocrx_word' id='word_1_556' title='bbox 2132 3465 2412 3539; x_wconf 80' lang='grc' dir='ltr'>ἁμαρτίας</span> <span class='ocrx_word' id='word_1_557' title='bbox 2449 3463 2829 3537; x_wconf 82' lang='grc' dir='ltr'>δικαιουμένου</span> <span class='ocrx_word' id='word_1_558' title='bbox 2872 3467 2940 3535; x_wconf 75' lang='grc' dir='ltr'><strong>τῇ</strong></span> <span class='ocrx_word' id='word_1_559' title='bbox 2986 3460 3190 3518; x_wconf 91' lang='grc' dir='ltr'>πίστει.</span> <span class='ocrx_word' id='word_1_560' title='bbox 3235 3463 3525 3536; x_wconf 80' lang='grc' dir='ltr'>Τοιγάρτοι</span> <span class='ocrx_word' id='word_1_561' title='bbox 3566 3463 3716 3518; x_wconf 89' lang='grc' dir='ltr'>λιθό-</span> 
     </span>
    </p>
   </div>
   <div class='ocr_carea' id='block_1_80' title="bbox 2133 3555 3716 3622">
    <p class='ocr_par' dir='ltr' id='par_1_80' title="bbox 2133 3555 3716 3622">
     <span class='ocr_line' id='line_1_80' title="bbox 2133 3555 3716 3622; baseline -0.002 -11"><span class='ocrx_word' id='word_1_562' title='bbox 2133 3555 2358 3612; x_wconf 83' lang='grc' dir='ltr'>λευστον</span> <span class='ocrx_word' id='word_1_563' title='bbox 2392 3555 2714 3612; x_wconf 74' lang='grc' dir='ltr'>ἰκτεθνάναι</span> <span class='ocrx_word' id='word_1_564' title='bbox 2745 3555 2856 3609; x_wconf 87' lang='grc' dir='ltr'>δεῖν</span> <span class='ocrx_word' id='word_1_565' title='bbox 2894 3555 3148 3610; x_wconf 67' lang='grc' dir='ltr'>ἐκέλευσε</span> <span class='ocrx_word' id='word_1_566' title='bbox 3179 3555 3313 3622; x_wconf 83' lang='grc' dir='ltr'>Θεὸς</span> <span class='ocrx_word' id='word_1_567' title='bbox 3358 3556 3451 3610; x_wconf 89' lang='grc' dir='ltr'><strong>τὸν</strong></span> <span class='ocrx_word' id='word_1_568' title='bbox 3475 3556 3535 3610; x_wconf 84' lang='grc' dir='ltr'>ὲν</span> <span class='ocrx_word' id='word_1_569' title='bbox 3575 3555 3716 3610; x_wconf 87' lang='grc' dir='ltr'>Σαϐ-</span> 
     </span>
    </p>
   </div>
   <div class='ocr_carea' id='block_1_81' title="bbox 2133 3647 3712 3723">
    <p class='ocr_par' dir='ltr' id='par_1_81' title="bbox 2133 3647 3712 3723">
     <span class='ocr_line' id='line_1_81' title="bbox 2133 3647 3712 3723; baseline 0 -20"><span class='ocrx_word' id='word_1_570' title='bbox 2133 3649 2285 3723; x_wconf 90' lang='grc' dir='ltr'>ϐάτῳ</span> <span class='ocrx_word' id='word_1_571' title='bbox 2325 3649 2652 3720; x_wconf 77' lang='grc' dir='ltr'>συλλέγοντα</span> <span class='ocrx_word' id='word_1_572' title='bbox 2687 3647 2820 3715; x_wconf 77' lang='grc' dir='ltr'>ξύλα</span> <span class='ocrx_word' id='word_1_573' title='bbox 2846 3665 2862 3678; x_wconf 76' lang='grc' dir='ltr'><strong>ο</strong></span> <span class='ocrx_word' id='word_1_574' title='bbox 2896 3648 2931 3720; x_wconf 73' lang='grc' dir='ltr'>ἡ</span> <span class='ocrx_word' id='word_1_575' title='bbox 2960 3647 3020 3702; x_wconf 68' lang='grc' dir='ltr'><strong>δὲ</strong></span> <span class='ocrx_word' id='word_1_576' title='bbox 3059 3647 3149 3702; x_wconf 75' lang='grc' dir='ltr'><strong>ἐπ’</strong></span> <span class='ocrx_word' id='word_1_577' title='bbox 3179 3647 3374 3720; x_wconf 76' lang='grc' dir='ltr'>ἐκείνῳ</span> <span class='ocrx_word' id='word_1_578' title='bbox 3401 3648 3548 3720; x_wconf 84' lang='grc' dir='ltr'>δίκη,</span> <span class='ocrx_word' id='word_1_579' title='bbox 3585 3666 3712 3720; x_wconf 82' lang='grc' dir='ltr'>νοη-</span> 
     </span>
    </p>
   </div>
   <div class='ocr_carea' id='block_1_82' title="bbox 2133 3736 3710 3814">
    <p class='ocr_par' dir='ltr' id='par_1_82' title="bbox 2133 3736 3710 3814">
     <span class='ocr_line' id='line_1_82' title="bbox 2133 3736 3710 3814; baseline -0.001 -16"><span class='ocrx_word' id='word_1_580' title='bbox 2133 3743 2227 3798; x_wconf 89' lang='grc' dir='ltr'><strong>τοῦ</strong></span> <span class='ocrx_word' id='word_1_581' title='bbox 2273 3744 2370 3798; x_wconf 79' lang='grc' dir='ltr'>καὶ</span> <span class='ocrx_word' id='word_1_582' title='bbox 2405 3742 2716 3813; x_wconf 71' lang='grc' dir='ltr'>’ἀναγκαίου</span> <span class='ocrx_word' id='word_1_583' title='bbox 2755 3741 3086 3814; x_wconf 89' lang='grc' dir='ltr'>πράγματος</span> <span class='ocrx_word' id='word_1_584' title='bbox 3125 3739 3475 3806; x_wconf 88' lang='grc' dir='ltr'>ύποτύπωσις</span> <span class='ocrx_word' id='word_1_585' title='bbox 3511 3736 3605 3814; x_wconf 79' lang='grc' dir='ltr'>ἦν.</span> <span class='ocrx_word' id='word_1_586' title='bbox 3635 3743 3710 3796; x_wconf 83' lang='grc' dir='ltr'><em>Ἢ</em></span> 
     </span>
    </p>
   </div>
   <div class='ocr_carea' id='block_1_83' title="bbox 2132 3831 3715 3909">
    <p class='ocr_par' dir='ltr' id='par_1_83' title="bbox 2132 3831 3715 3909">
     <span class='ocr_line' id='line_1_83' title="bbox 2132 3831 3715 3909; baseline -0.003 -19"><span class='ocrx_word' id='word_1_587' title='bbox 2132 3835 2242 3909; x_wconf 82' lang='grc' dir='ltr'>γὰρ</span> <span class='ocrx_word' id='word_1_588' title='bbox 2272 3834 2394 3906; x_wconf 72' lang='grc' dir='ltr'>ούχὶ</span> <span class='ocrx_word' id='word_1_589' title='bbox 2419 3833 2483 3889; x_wconf 87' lang='grc' dir='ltr'><strong>τὸ</strong></span> <span class='ocrx_word' id='word_1_590' title='bbox 2510 3835 2578 3890; x_wconf 81' lang='grc' dir='ltr'>ὲκ</span> <span class='ocrx_word' id='word_1_591' title='bbox 2607 3833 2706 3906; x_wconf 85' lang='grc' dir='ltr'>τῆς</span> <span class='ocrx_word' id='word_1_592' title='bbox 2750 3832 2956 3896; x_wconf 85' lang='grc' dir='ltr'>οἰκείας</span> <span class='ocrx_word' id='word_1_593' title='bbox 3000 3832 3159 3904; x_wconf 75' lang='grc' dir='ltr'>ῥίζης</span> <span class='ocrx_word' id='word_1_594' title='bbox 3188 3831 3453 3898; x_wconf 72' lang='grc' dir='ltr'>αὐανθέν,</span> <span class='ocrx_word' id='word_1_595' title='bbox 3482 3833 3715 3887; x_wconf 73' lang='grc' dir='ltr'>ἐκκεκα-</span> 
     </span>
    </p>
   </div>
   <div class='ocr_carea' id='block_1_84' title="bbox 2133 3923 3719 4001">
    <p class='ocr_par' dir='ltr' id='par_1_84' title="bbox 2133 3923 3719 4001">
     <span class='ocr_line' id='line_1_84' title="bbox 2133 3923 3719 4001; baseline -0.002 -19"><span class='ocrx_word' id='word_1_596' title='bbox 2133 3928 2408 4001; x_wconf 86' lang='grc' dir='ltr'>θαρμένον</span> <span class='ocrx_word' id='word_1_597' title='bbox 2450 3926 2554 3983; x_wconf 71' lang='grc' dir='ltr'>καὶ</span> <span class='ocrx_word' id='word_1_598' title='bbox 2598 3924 2864 3998; x_wconf 75' lang='grc' dir='ltr'>ξηρανθὲν</span> <span class='ocrx_word' id='word_1_599' title='bbox 2903 3925 3009 3996; x_wconf 70' lang='grc' dir='ltr'>ἤδη</span> <span class='ocrx_word' id='word_1_600' title='bbox 3051 3923 3238 3992; x_wconf 78' lang='grc' dir='ltr'>ξύλον,</span> <span class='ocrx_word' id='word_1_601' title='bbox 3283 3924 3608 3998; x_wconf 87' lang='grc' dir='ltr'>νεκρότητος</span> <span class='ocrx_word' id='word_1_602' title='bbox 3645 3923 3719 3979; x_wconf 73' lang='grc' dir='ltr'>ἂν</span> 
     </span>
    </p>
   </div>
   <div class='ocr_carea' id='block_1_85' title="bbox 2132 4017 3717 4093">
    <p class='ocr_par' dir='ltr' id='par_1_85' title="bbox 2132 4017 3717 4093">
     <span class='ocr_line' id='line_1_85' title="bbox 2132 4017 3717 4093; baseline -0.001 -19"><span class='ocrx_word' id='word_1_603' title='bbox 2132 4021 2221 4093; x_wconf 77' lang='grc' dir='ltr'><strong>εἰη</strong></span> <span class='ocrx_word' id='word_1_604' title='bbox 2271 4018 2571 4092; x_wconf 87' lang='grc' dir='ltr'>σύμϐολον;</span> <span class='ocrx_word' id='word_1_605' title='bbox 2617 4018 2710 4091; x_wconf 69' lang='grc' dir='ltr'>εἴη</span> <span class='ocrx_word' id='word_1_606' title='bbox 2761 4017 2807 4072; x_wconf 81' lang='grc' dir='ltr'>δ’</span> <span class='ocrx_word' id='word_1_607' title='bbox 2856 4017 2925 4073; x_wconf 79' lang='grc' dir='ltr'><strong>ἀν</strong></span> <span class='ocrx_word' id='word_1_608' title='bbox 2965 4017 3065 4070; x_wconf 83' lang='grc' dir='ltr'>καὶ</span> <span class='ocrx_word' id='word_1_609' title='bbox 3131 4017 3337 4090; x_wconf 77' lang='grc' dir='ltr'>ἑτέρως</span> <span class='ocrx_word' id='word_1_610' title='bbox 3378 4017 3550 4090; x_wconf 85' lang='grc' dir='ltr'>πυρὸς</span> <span class='ocrx_word' id='word_1_611' title='bbox 3595 4017 3717 4072; x_wconf 84' lang='grc' dir='ltr'>δια-</span> 
     </span>
    </p>
   </div>
   <div class='ocr_carea' id='block_1_86' title="bbox 2129 4111 2344 4182">
    <p class='ocr_par' dir='ltr' id='par_1_86' title="bbox 2129 4111 2344 4182">
     <span class='ocr_line' id='line_1_86' title="bbox 2129 4111 2344 4182; baseline -0.019 0"><span class='ocrx_word' id='word_1_612' title='bbox 2129 4111 2307 4182; x_wconf 71' lang='grc' dir='ltr'>τροφὴ</span> <span class='ocrx_word' id='word_1_613' title='bbox 2323 4128 2344 4178; x_wconf 74' lang='grc' dir='ltr'>ς</span> 
     </span>
    </p>
   </div>
   <div class='ocr_carea' id='block_1_87' title="bbox 2203 4285 2700 4356">
    <p class='ocr_par' dir='ltr' id='par_1_87' title="bbox 2203 4285 2700 4356">
     <span class='ocr_line' id='line_1_87' title="bbox 2203 4285 2700 4356; baseline -0.006 -15"><span class='ocrx_word' id='word_1_614' title='bbox 2203 4287 2415 4341; x_wconf 78' lang='grc' dir='ltr'>ΠΑΔΛ.</span> <span class='ocrx_word' id='word_1_615' title='bbox 2455 4285 2700 4356; x_wconf 77' lang='grc' dir='ltr'>Ἀληθές.</span> 
     </span>
    </p>
   </div>
   <div class='ocr_carea' id='block_1_88' title="bbox 2206 4375 3720 4448">
    <p class='ocr_par' dir='ltr' id='par_1_88' title="bbox 2206 4375 3720 4448">
     <span class='ocr_line' id='line_1_88' title="bbox 2206 4375 3720 4448; baseline -0.002 -15"><span class='ocrx_word' id='word_1_616' title='bbox 2206 4381 2374 4433; x_wconf 84' lang='grc' dir='ltr'>ΚΥΡ.</span> <span class='ocrx_word' id='word_1_617' title='bbox 2435 4377 2672 4448; x_wconf 84' lang='grc' dir='ltr'>Τοιαύτη</span> <span class='ocrx_word' id='word_1_618' title='bbox 2711 4376 2794 4441; x_wconf 87' lang='grc' dir='ltr'><strong>τίς</strong></span> <span class='ocrx_word' id='word_1_619' title='bbox 2833 4377 2980 4430; x_wconf 72' lang='grc' dir='ltr'>ἔστιν</span> <span class='ocrx_word' id='word_1_620' title='bbox 3022 4377 3058 4447; x_wconf 80' lang='grc' dir='ltr'><strong>ἡ</strong></span> <span class='ocrx_word' id='word_1_621' title='bbox 3103 4375 3503 4448; x_wconf 85' lang='grc' dir='ltr'>παμμὸχθηρος</span> <span class='ocrx_word' id='word_1_622' title='bbox 3532 4376 3720 4448; x_wconf 88' lang='grc' dir='ltr'>ἀμαρ-</span> 
     </span>
    </p>
   </div>
   <div class='ocr_carea' id='block_1_89' title="bbox 447 4468 2031 4548">
    <p class='ocr_par' dir='ltr' id='par_1_89' title="bbox 447 4475 2031 4548">
     <span class='ocr_line' id='line_1_89' title="bbox 447 4475 2031 4548; baseline 0.001 -19"><span class='ocrx_word' id='word_1_623' title='bbox 447 4475 692 4545; x_wconf 89' lang='lat' dir='ltr'><strong>plenum,</strong></span> <span class='ocrx_word' id='word_1_624' title='bbox 719 4477 876 4546; x_wconf 90' lang='lat' dir='ltr'><strong>quasi</strong></span> <span class='ocrx_word' id='word_1_625' title='bbox 902 4478 1207 4533; x_wconf 89' lang='lat' dir='ltr'><strong>mortalitas</strong></span> <span class='ocrx_word' id='word_1_626' title='bbox 1233 4478 1503 4548; x_wconf 69' lang='lat' dir='ltr'><strong>quaedam,</strong></span> <span class='ocrx_word' id='word_1_627' title='bbox 1528 4489 1585 4533; x_wconf 89' lang='lat' dir='ltr'><strong>et</strong></span> <span class='ocrx_word' id='word_1_628' title='bbox 1627 4477 1854 4533; x_wconf 89' lang='lat' dir='ltr'><strong>immitis</strong></span> <span class='ocrx_word' id='word_1_629' title='bbox 1877 4477 2031 4532; x_wconf 88' lang='lat' dir='ltr'><strong>ﬁam-</strong></span> 
     </span>
    </p>
   </div>
   <div class='ocr_carea' id='block_1_90' title="bbox 2132 4468 3724 4548">
    <p class='ocr_par' dir='ltr' id='par_1_90' title="bbox 2137 4468 3724 4546">
     <span class='ocr_line' id='line_1_90' title="bbox 2137 4468 3724 4546; baseline -0.003 -20"><span class='ocrx_word' id='word_1_630' title='bbox 2137 4472 2252 4540; x_wconf 86' lang='grc' dir='ltr'>τία,</span> <span class='ocrx_word' id='word_1_631' title='bbox 2285 4472 2548 4546; x_wconf 88' lang='grc' dir='ltr'>νεκρότης</span> <span class='ocrx_word' id='word_1_632' title='bbox 2585 4471 2774 4542; x_wconf 87' lang='grc' dir='ltr'>ῶσπερ</span> <span class='ocrx_word' id='word_1_633' title='bbox 2799 4487 2904 4539; x_wconf 85' lang='grc' dir='ltr'>τις,</span> <span class='ocrx_word' id='word_1_634' title='bbox 2950 4470 3047 4524; x_wconf 64' lang='grc' dir='ltr'><strong>καλ⁸</strong></span> <span class='ocrx_word' id='word_1_635' title='bbox 3089 4468 3190 4540; x_wconf 81' lang='grc' dir='ltr'><strong>τῆς</strong></span> <span class='ocrx_word' id='word_1_636' title='bbox 3216 4469 3490 4542; x_wconf 82' lang='grc' dir='ltr'>ἀνημέρου</span> <span class='ocrx_word' id='word_1_637' title='bbox 3523 4469 3724 4538; x_wconf 80' lang='grc' dir='ltr'>φλογὸς</span> 
     </span>
    </p>
   </div>
   <div class='ocr_carea' id='block_1_91' title="bbox 446 4567 2033 4640">
    <p class='ocr_par' dir='ltr' id='par_1_91' title="bbox 446 4567 2033 4640">
     <span class='ocr_line' id='line_1_91' title="bbox 446 4567 2033 4640; baseline 0.002 -19"><span class='ocrx_word' id='word_1_638' title='bbox 446 4582 550 4622; x_wconf 73' lang='lat' dir='ltr'><strong>ma:</strong></span> <span class='ocrx_word' id='word_1_639' title='bbox 572 4567 687 4622; x_wconf 89' lang='lat' dir='ltr'><strong>suis</strong></span> <span class='ocrx_word' id='word_1_640' title='bbox 709 4569 1051 4624; x_wconf 87' lang='lat' dir='ltr'><strong>amatoribus</strong></span> <span class='ocrx_word' id='word_1_641' title='bbox 1074 4567 1242 4640; x_wconf 89' lang='lat' dir='ltr'><strong>impia</strong></span> <span class='ocrx_word' id='word_1_642' title='bbox 1267 4569 1475 4623; x_wconf 82' lang='lat' dir='ltr'><strong>nutrix.</strong></span> <span class='ocrx_word' id='word_1_643' title='bbox 1503 4568 1830 4638; x_wconf 89' lang='lat' dir='ltr'><strong>Quicunque</strong></span> <span class='ocrx_word' id='word_1_644' title='bbox 1846 4569 2033 4639; x_wconf 85' lang='lat' dir='ltr'><strong>igitur,</strong></span> 
     </span>
    </p>
   </div>
   <div class='ocr_carea' id='block_1_92' title="bbox 445 4659 2037 4730">
    <p class='ocr_par' dir='ltr' id='par_1_92' title="bbox 445 4659 2037 4730">
     <span class='ocr_line' id='line_1_92' title="bbox 445 4659 2037 4730; baseline 0.001 -18"><span class='ocrx_word' id='word_1_645' title='bbox 445 4673 556 4729; x_wconf 90' lang='lat' dir='ltr'><strong>quo</strong></span> <span class='ocrx_word' id='word_1_646' title='bbox 593 4666 840 4730; x_wconf 83' lang='lat' dir='ltr'><strong>tempore</strong></span> <span class='ocrx_word' id='word_1_647' title='bbox 885 4674 914 4713; x_wconf 90' lang='lat' dir='ltr'><strong>a</strong></span> <span class='ocrx_word' id='word_1_648' title='bbox 961 4661 1204 4729; x_wconf 87' lang='lat' dir='ltr'><strong>peccatis</strong></span> <span class='ocrx_word' id='word_1_649' title='bbox 1251 4659 1455 4715; x_wconf 91' lang='lat' dir='ltr'><strong>cessari</strong></span> <span class='ocrx_word' id='word_1_650' title='bbox 1491 4659 1676 4724; x_wconf 91' lang='lat' dir='ltr'><strong>debet,</strong></span> <span class='ocrx_word' id='word_1_651' title='bbox 1714 4660 1947 4714; x_wconf 87' lang='lat' dir='ltr'><strong>mortuis</strong></span> <span class='ocrx_word' id='word_1_652' title='bbox 1980 4668 2037 4715; x_wconf 92' lang='lat' dir='ltr'><strong>et</strong></span> 
     </span>
    </p>
   </div>
   <div class='ocr_carea' id='block_1_93' title="bbox 449 4749 2036 4823">
    <p class='ocr_par' dir='ltr' id='par_1_93' title="bbox 449 4749 2036 4823">
     <span class='ocr_line' id='line_1_93' title="bbox 449 4749 2036 4823; baseline 0.003 -20"><span class='ocrx_word' id='word_1_653' title='bbox 449 4749 808 4808; x_wconf 79' lang='lat' dir='ltr'><strong>infructuosis</strong></span> <span class='ocrx_word' id='word_1_654' title='bbox 862 4751 1518 4821; x_wconf 82' lang='lat' dir='ltr'><strong>operibusintentisunt</strong></span> <span class='ocrx_word' id='word_1_655' title='bbox 1563 4760 1636 4816; x_wconf 90' lang='lat' dir='ltr'><strong>et,</strong></span> <span class='ocrx_word' id='word_1_656' title='bbox 1662 4751 1871 4823; x_wconf 89' lang='lat' dir='ltr'><strong>abjeeta</strong></span> <span class='ocrx_word' id='word_1_657' title='bbox 1921 4753 2036 4808; x_wconf 89' lang='lat' dir='ltr'><strong>vir-</strong></span> 
     </span>
    </p>
   </div>
   <div class='ocr_carea' id='block_1_94' title="bbox 447 4841 2032 4914">
    <p class='ocr_par' dir='ltr' id='par_1_94' title="bbox 447 4841 2032 4914">
     <span class='ocr_line' id='line_1_94' title="bbox 447 4841 2032 4914; baseline 0.004 -20"><span class='ocrx_word' id='word_1_658' title='bbox 447 4850 583 4906; x_wconf 89' lang='lat' dir='ltr'><strong>tute,</strong></span> <span class='ocrx_word' id='word_1_659' title='bbox 618 4843 1016 4913; x_wconf 88' lang='lat' dir='ltr'><strong>concnpiseunt</strong></span> <span class='ocrx_word' id='word_1_660' title='bbox 1054 4857 1140 4905; x_wconf 89' lang='lat' dir='ltr'><strong>ea,</strong></span> <span class='ocrx_word' id='word_1_661' title='bbox 1182 4855 1281 4908; x_wconf 89' lang='lat' dir='ltr'><strong>per</strong></span> <span class='ocrx_word' id='word_1_662' title='bbox 1323 4856 1445 4910; x_wconf 68' lang='lat' dir='ltr'><strong>quae</strong></span> <span class='ocrx_word' id='word_1_663' title='bbox 1480 4841 1614 4910; x_wconf 88' lang='lat' dir='ltr'><strong>ipsis</strong></span> <span class='ocrx_word' id='word_1_664' title='bbox 1653 4844 1922 4914; x_wconf 87' lang='lat' dir='ltr'><strong>supplicia</strong></span> <span class='ocrx_word' id='word_1_665' title='bbox 1976 4847 2032 4900; x_wconf 93' lang='lat' dir='ltr'><strong>in</strong></span> 
     </span>
    </p>
   </div>
   <div class='ocr_carea' id='block_1_95' title="bbox 445 4931 2032 5003">
    <p class='ocr_par' dir='ltr' id='par_1_95' title="bbox 445 4931 2032 5003">
     <span class='ocr_line' id='line_1_95' title="bbox 445 4931 2032 5003; baseline 0.001 -15"><span class='ocrx_word' id='word_1_666' title='bbox 445 4945 714 4989; x_wconf 58' lang='lat' dir='ltr'><strong>internum</strong></span> <span class='ocrx_word' id='word_1_667' title='bbox 749 4941 1016 5003; x_wconf 88' lang='lat' dir='ltr'><strong>parentur</strong></span> <span class='ocrx_word' id='word_1_668' title='bbox 1052 4931 1358 4985; x_wconf 83' lang='lat' dir='ltr'><strong>etﬁammae</strong></span> <span class='ocrx_word' id='word_1_669' title='bbox 1392 4933 1782 4999; x_wconf 86' lang='lat' dir='ltr'><strong>accendantur,</strong></span> <span class='ocrx_word' id='word_1_670' title='bbox 1829 4935 1864 4989; x_wconf 90' lang='lat' dir='ltr'><strong>ii</strong></span> <span class='ocrx_word' id='word_1_671' title='bbox 1918 4945 2032 4991; x_wconf 90' lang='lat' dir='ltr'><strong>tum</strong></span> 
     </span>
    </p>
   </div>
   <div class='ocr_carea' id='block_1_96' title="bbox 445 5023 2034 5097">
    <p class='ocr_par' dir='ltr' id='par_1_96' title="bbox 445 5023 2034 5097">
     <span class='ocr_line' id='line_1_96' title="bbox 445 5023 2034 5097; baseline 0.006 -21"><span class='ocrx_word' id='word_1_672' title='bbox 445 5026 567 5096; x_wconf 78' lang='lat' dir='ltr'><strong>jure</strong></span> <span class='ocrx_word' id='word_1_673' title='bbox 608 5025 816 5094; x_wconf 89' lang='lat' dir='ltr'><strong>optimo</strong></span> <span class='ocrx_word' id='word_1_674' title='bbox 861 5032 1039 5077; x_wconf 90' lang='lat' dir='ltr'><strong>morte</strong></span> <span class='ocrx_word' id='word_1_675' title='bbox 1077 5023 1320 5078; x_wconf 87' lang='lat' dir='ltr'><strong>damnati</strong></span> <span class='ocrx_word' id='word_1_676' title='bbox 1349 5025 1525 5095; x_wconf 90' lang='lat' dir='ltr'><strong>justas</strong></span> <span class='ocrx_word' id='word_1_677' title='bbox 1567 5043 1756 5097; x_wconf 78' lang='lat' dir='ltr'><strong>pmnas</strong></span> <span class='ocrx_word' id='word_1_678' title='bbox 1794 5031 2034 5086; x_wconf 87' lang='lat' dir='ltr'><strong>sustine-</strong></span> 
     </span>
    </p>
   </div>
   <div class='ocr_carea' id='block_1_97' title="bbox 444 5113 2032 5192">
    <p class='ocr_par' dir='ltr' id='par_1_97' title="bbox 444 5113 2032 5192">
     <span class='ocr_line' id='line_1_97' title="bbox 444 5113 2032 5192; baseline 0.004 -22"><span class='ocrx_word' id='word_1_679' title='bbox 444 5117 610 5180; x_wconf 81' lang='lat' dir='ltr'><strong>bunt,</strong></span> <span class='ocrx_word' id='word_1_680' title='bbox 635 5114 782 5185; x_wconf 90' lang='lat' dir='ltr'><strong>quod</strong></span> <span class='ocrx_word' id='word_1_681' title='bbox 809 5129 936 5168; x_wconf 90' lang='lat' dir='ltr'><strong>cum</strong></span> <span class='ocrx_word' id='word_1_682' title='bbox 961 5113 1124 5168; x_wconf 88' lang='lat' dir='ltr'><strong>liceat</strong></span> <span class='ocrx_word' id='word_1_683' title='bbox 1147 5115 1332 5184; x_wconf 90' lang='lat' dir='ltr'><strong>quiete</strong></span> <span class='ocrx_word' id='word_1_684' title='bbox 1357 5118 1563 5184; x_wconf 78' lang='lat' dir='ltr'><strong>vivere,</strong></span> <span class='ocrx_word' id='word_1_685' title='bbox 1589 5130 1783 5189; x_wconf 88' lang='lat' dir='ltr'><strong>sponte</strong></span> <span class='ocrx_word' id='word_1_686' title='bbox 1815 5122 1884 5176; x_wconf 86' lang='lat' dir='ltr'><strong>ad</strong></span> <span class='ocrx_word' id='word_1_687' title='bbox 1900 5138 2032 5192; x_wconf 87' lang='lat' dir='ltr'><strong>sup-</strong></span> 
     </span>
    </p>
   </div>
   <div class='ocr_carea' id='block_1_98' title="bbox 439 5202 2034 5290">
    <p class='ocr_par' dir='ltr' id='par_1_98' title="bbox 439 5202 2034 5290">
     <span class='ocr_line' id='line_1_98' title="bbox 439 5202 2034 5290; baseline 0.004 -31"><span class='ocrx_word' id='word_1_688' title='bbox 439 5205 613 5290; x_wconf 45' lang='lat' dir='ltr'><strong>.plicia</strong></span> <span class='ocrx_word' id='word_1_689' title='bbox 659 5211 850 5284; x_wconf 54' lang='lat' dir='ltr'><strong>ruunt.</strong></span> <span class='ocrx_word' id='word_1_690' title='bbox 920 5202 1267 5272; x_wconf 88' lang='lat' dir='ltr'><strong>lngredimur</strong></span> <span class='ocrx_word' id='word_1_691' title='bbox 1304 5207 1470 5277; x_wconf 87' lang='lat' dir='ltr'><strong>igitur</strong></span> <span class='ocrx_word' id='word_1_692' title='bbox 1511 5209 1567 5264; x_wconf 92' lang='lat' dir='ltr'><strong>in</strong></span> <span class='ocrx_word' id='word_1_693' title='bbox 1618 5212 1887 5280; x_wconf 87' lang='lat' dir='ltr'><strong>requiem,</strong></span> <span class='ocrx_word' id='word_1_694' title='bbox 1941 5213 2034 5282; x_wconf 85' lang='lat' dir='ltr'><strong>qui</strong></span> 
     </span>
    </p>
   </div>
   <div class='ocr_carea' id='block_1_99' title="bbox 449 5293 2038 5373">
    <p class='ocr_par' dir='ltr' id='par_1_99' title="bbox 449 5293 2038 5373">
     <span class='ocr_line' id='line_1_99' title="bbox 449 5293 2038 5373; baseline 0.007 -24"><span class='ocrx_word' id='word_1_695' title='bbox 449 5294 809 5357; x_wconf 82' lang='lat' dir='ltr'><strong>credidimus,</strong></span> <span class='ocrx_word' id='word_1_696' title='bbox 831 5293 982 5363; x_wconf 81' lang='lat' dir='ltr'><strong>juxta</strong></span> <span class='ocrx_word' id='word_1_697' title='bbox 1001 5293 1144 5349; x_wconf 87' lang='lat' dir='ltr'><strong>beati</strong></span> <span class='ocrx_word' id='word_1_698' title='bbox 1160 5295 1310 5351; x_wconf 88' lang='lat' dir='ltr'><strong>Pauli</strong></span> <span class='ocrx_word' id='word_1_699' title='bbox 1334 5314 1523 5354; x_wconf 89' lang='lat' dir='ltr'><strong>vocem</strong></span> <span class='ocrx_word' id='word_1_700' title='bbox 1545 5301 1611 5354; x_wconf 66' lang='lat'><strong>5°.</strong></span> <span class='ocrx_word' id='word_1_701' title='bbox 1632 5301 1818 5373; x_wconf 87' lang='lat' dir='ltr'><strong>Itaque</strong></span> <span class='ocrx_word' id='word_1_702' title='bbox 1831 5319 1928 5373; x_wconf 91' lang='lat' dir='ltr'><strong>per</strong></span> <span class='ocrx_word' id='word_1_703' title='bbox 1944 5305 2038 5360; x_wconf 80' lang='lat' dir='ltr'><strong>Je-</strong></span> 
     </span>
    </p>
   </div>
   <div class='ocr_carea' id='block_1_100' title="bbox 450 5383 2036 5464">
    <p class='ocr_par' dir='ltr' id='par_1_100' title="bbox 450 5383 2036 5464">
     <span class='ocr_line' id='line_1_100' title="bbox 450 5383 2036 5464; baseline 0.005 -23"><span class='ocrx_word' id='word_1_704' title='bbox 450 5390 681 5441; x_wconf 88' lang='lat' dir='ltr'><strong>remiam</strong></span> <span class='ocrx_word' id='word_1_705' title='bbox 709 5383 958 5454; x_wconf 84' lang='lat' dir='ltr'><strong>increpat</strong></span> <span class='ocrx_word' id='word_1_706' title='bbox 995 5384 1139 5442; x_wconf 91' lang='lat' dir='ltr'><strong>Deus</strong></span> <span class='ocrx_word' id='word_1_707' title='bbox 1187 5404 1302 5454; x_wconf 91' lang='lat' dir='ltr'><strong>eos,</strong></span> <span class='ocrx_word' id='word_1_708' title='bbox 1349 5391 1442 5460; x_wconf 89' lang='lat' dir='ltr'><strong>qui</strong></span> <span class='ocrx_word' id='word_1_709' title='bbox 1503 5409 1601 5462; x_wconf 90' lang='lat' dir='ltr'><strong>per</strong></span> <span class='ocrx_word' id='word_1_710' title='bbox 1645 5404 1933 5464; x_wconf 90' lang='lat' dir='ltr'><strong>peccatum</strong></span> <span class='ocrx_word' id='word_1_711' title='bbox 1980 5395 2036 5450; x_wconf 90' lang='lat' dir='ltr'><strong>in</strong></span> 
     </span>
    </p>
   </div>
   <div class='ocr_carea' id='block_1_101' title="bbox 453 5477 2038 5549">
    <p class='ocr_par' dir='ltr' id='par_1_101' title="bbox 453 5477 2038 5549">
     <span class='ocr_line' id='line_1_101' title="bbox 453 5477 2038 5549; baseline 0.006 -17"><span class='ocrx_word' id='word_1_712' title='bbox 453 5479 683 5549; x_wconf 88' lang='lat' dir='ltr'><strong>ﬁguram</strong></span> <span class='ocrx_word' id='word_1_713' title='bbox 707 5477 1005 5532; x_wconf 86' lang='lat' dir='ltr'><strong>admissum</strong></span> <span class='ocrx_word' id='word_1_714' title='bbox 1030 5480 1498 5549; x_wconf 84' lang='lat' dir='ltr'><strong>pulchritudinem</strong></span> <span class='ocrx_word' id='word_1_715' title='bbox 1535 5485 1784 5541; x_wconf 79' lang='lat' dir='ltr'><strong>veritatis</strong></span> <span class='ocrx_word' id='word_1_716' title='bbox 1823 5486 2038 5542; x_wconf 86' lang='lat' dir='ltr'><strong>adulte-</strong></span> 
     </span>
    </p>
   </div>
   <div class='ocr_carea' id='block_1_102' title="bbox 448 5567 2037 5645">
    <p class='ocr_par' dir='ltr' id='par_1_102' title="bbox 448 5567 2037 5645">
     <span class='ocr_line' id='line_1_102' title="bbox 448 5567 2037 5645; baseline 0.006 -22"><span class='ocrx_word' id='word_1_717' title='bbox 448 5568 686 5634; x_wconf 80' lang='lat' dir='ltr'><strong>rabant;</strong></span> <span class='ocrx_word' id='word_1_718' title='bbox 727 5567 800 5622; x_wconf 88' lang='lat' dir='ltr'><strong>ait</strong></span> <span class='ocrx_word' id='word_1_719' title='bbox 824 5567 1039 5639; x_wconf 89' lang='lat' dir='ltr'><strong>itaque:</strong></span> <span class='ocrx_word' id='word_1_720' title='bbox 1073 5590 1089 5621; x_wconf 82' lang='grc' dir='ltr'><strong>ι</strong></span> <span class='ocrx_word' id='word_1_721' title='bbox 1121 5571 1270 5628; x_wconf 79' lang='lat' dir='ltr'><strong>Vade</strong></span> <span class='ocrx_word' id='word_1_722' title='bbox 1291 5583 1347 5628; x_wconf 90' lang='lat' dir='ltr'><strong>et</strong></span> <span class='ocrx_word' id='word_1_723' title='bbox 1384 5583 1464 5629; x_wconf 85' lang='lat' dir='ltr'><strong>sla</strong></span> <span class='ocrx_word' id='word_1_724' title='bbox 1501 5575 1561 5630; x_wconf 87' lang='lat' dir='ltr'><strong>in</strong></span> <span class='ocrx_word' id='word_1_725' title='bbox 1594 5575 1768 5645; x_wconf 89' lang='lat' dir='ltr'><strong>portis</strong></span> <span class='ocrx_word' id='word_1_726' title='bbox 1798 5575 2037 5632; x_wconf 88' lang='lat' dir='ltr'><strong>ﬁliorum</strong></span> 
     </span>
    </p>
   </div>
   <div class='ocr_carea' id='block_1_103' title="bbox 2142 4561 3724 4638">
    <p class='ocr_par' dir='ltr' id='par_1_103' title="bbox 2142 4561 3724 4638">
     <span class='ocr_line' id='line_1_103' title="bbox 2142 4561 3724 4638; baseline -0.003 -18"><span class='ocrx_word' id='word_1_727' title='bbox 2142 4565 2333 4620; x_wconf 89' lang='grc' dir='ltr'>ἀνοσία</span> <span class='ocrx_word' id='word_1_728' title='bbox 2370 4566 2570 4638; x_wconf 86' lang='grc' dir='ltr'>τροφὸς</span> <span class='ocrx_word' id='word_1_729' title='bbox 2610 4567 2723 4628; x_wconf 88' lang='grc' dir='ltr'>τοῖς</span> <span class='ocrx_word' id='word_1_730' title='bbox 2764 4563 3056 4632; x_wconf 80' lang='grc' dir='ltr'>ἀγαπῶσιν</span> <span class='ocrx_word' id='word_1_731' title='bbox 3099 4563 3294 4634; x_wconf 85' lang='grc' dir='ltr'>αὐτήν.</span> <span class='ocrx_word' id='word_1_732' title='bbox 3333 4562 3504 4617; x_wconf 83' lang='grc' dir='ltr'>Ὅταν</span> <span class='ocrx_word' id='word_1_733' title='bbox 3542 4561 3724 4616; x_wconf 86' lang='grc' dir='ltr'>τοίνυν</span> 
     </span>
    </p>
   </div>
   <div class='ocr_carea' id='block_1_104' title="bbox 2141 4656 3722 4732">
    <p class='ocr_par' dir='ltr' id='par_1_104' title="bbox 2141 4656 3722 4732">
     <span class='ocr_line' id='line_1_104' title="bbox 2141 4656 3722 4732; baseline -0.002 -18"><span class='ocrx_word' id='word_1_734' title='bbox 2141 4659 2220 4724; x_wconf 83' lang='grc' dir='ltr'>ὡς</span> <span class='ocrx_word' id='word_1_735' title='bbox 2247 4661 2307 4713; x_wconf 80' lang='grc' dir='ltr'>ἐν</span> <span class='ocrx_word' id='word_1_736' title='bbox 2344 4659 2524 4732; x_wconf 82' lang='grc' dir='ltr'>καιρῷ</span> <span class='ocrx_word' id='word_1_737' title='bbox 2572 4658 2955 4729; x_wconf 81' lang='grc' dir='ltr'>καταλήξεως,</span> <span class='ocrx_word' id='word_1_738' title='bbox 2987 4659 3089 4729; x_wconf 75' lang='grc' dir='ltr'><strong>τῆς</strong></span> <span class='ocrx_word' id='word_1_739' title='bbox 3135 4657 3195 4726; x_wconf 78' lang='grc' dir='ltr'><strong>ἐξ</strong></span> <span class='ocrx_word' id='word_1_740' title='bbox 3226 4656 3512 4730; x_wconf 83' lang='grc' dir='ltr'>ἁμαρτιῶν</span> <span class='ocrx_word' id='word_1_741' title='bbox 3556 4657 3722 4728; x_wconf 88' lang='grc' dir='ltr'>λέγω,</span> 
     </span>
    </p>
   </div>
   <div class='ocr_carea' id='block_1_105' title="bbox 2144 4747 3728 4820">
    <p class='ocr_par' dir='ltr' id='par_1_105' title="bbox 2144 4747 3728 4820">
     <span class='ocr_line' id='line_1_105' title="bbox 2144 4747 3728 4820; baseline -0.001 -16"><span class='ocrx_word' id='word_1_742' title='bbox 2144 4749 2352 4820; x_wconf 86' lang='grc' dir='ltr'>νεκρῶν</span> <span class='ocrx_word' id='word_1_743' title='bbox 2382 4750 2478 4804; x_wconf 74' lang='grc' dir='ltr'>καὶ</span> <span class='ocrx_word' id='word_1_744' title='bbox 2507 4749 2773 4820; x_wconf 87' lang='grc' dir='ltr'>ἀκάρπων</span> <span class='ocrx_word' id='word_1_745' title='bbox 2815 4748 2992 4818; x_wconf 79' lang='grc' dir='ltr'>ἔργων</span> <span class='ocrx_word' id='word_1_746' title='bbox 3020 4747 3226 4818; x_wconf 76' lang='grc' dir='ltr'>εχοιντό</span> <span class='ocrx_word' id='word_1_747' title='bbox 3249 4765 3393 4813; x_wconf 88' lang='grc' dir='ltr'>τινες</span> <span class='ocrx_word' id='word_1_748' title='bbox 3412 4788 3427 4813; x_wconf 90' lang='grc'><strong>,</strong></span> <span class='ocrx_word' id='word_1_749' title='bbox 3466 4749 3560 4802; x_wconf 78' lang='grc' dir='ltr'>καὶ</span> <span class='ocrx_word' id='word_1_750' title='bbox 3589 4749 3728 4818; x_wconf 87' lang='grc' dir='ltr'>ἀγα-</span> 
     </span>
    </p>
   </div>
   <div class='ocr_carea' id='block_1_106' title="bbox 2146 4835 3726 4914">
    <p class='ocr_par' dir='ltr' id='par_1_106' title="bbox 2146 4835 3726 4914">
     <span class='ocr_line' id='line_1_106' title="bbox 2146 4835 3726 4914; baseline -0.001 -18"><span class='ocrx_word' id='word_1_751' title='bbox 2146 4845 2255 4914; x_wconf 83' lang='grc' dir='ltr'><strong>πᾷν</strong></span> <span class='ocrx_word' id='word_1_752' title='bbox 2283 4842 2516 4910; x_wconf 72' lang='grc' dir='ltr'>ἕλοιντο,</span> <span class='ocrx_word' id='word_1_753' title='bbox 2555 4841 2810 4912; x_wconf 83' lang='grc' dir='ltr'>μεθέντες</span> <span class='ocrx_word' id='word_1_754' title='bbox 2851 4841 2950 4911; x_wconf 82' lang='grc' dir='ltr'>τὴν</span> <span class='ocrx_word' id='word_1_755' title='bbox 2983 4841 3296 4914; x_wconf 82' lang='grc' dir='ltr'>ἀρετὴν,τά</span> <span class='ocrx_word' id='word_1_756' title='bbox 3326 4841 3394 4896; x_wconf 81' lang='grc' dir='ltr'>δι’</span> <span class='ocrx_word' id='word_1_757' title='bbox 3436 4835 3512 4896; x_wconf 81' lang='grc' dir='ltr'>ὧν</span> <span class='ocrx_word' id='word_1_758' title='bbox 3541 4842 3726 4904; x_wconf 80' lang='grc' dir='ltr'>αὐτοῖς</span> 
     </span>
    </p>
   </div>
   <div class='ocr_carea' id='block_1_107' title="bbox 2143 4933 3727 5005">
    <p class='ocr_par' dir='ltr' id='par_1_107' title="bbox 2143 4933 3727 5005">
     <span class='ocr_line' id='line_1_107' title="bbox 2143 4933 3727 5005; baseline -0.001 -17"><span class='ocrx_word' id='word_1_759' title='bbox 2143 4938 2224 4998; x_wconf 77' lang='grc' dir='ltr'><strong>εἰς</strong></span> <span class='ocrx_word' id='word_1_760' title='bbox 2265 4933 2437 4987; x_wconf 83' lang='grc' dir='ltr'>αἰῶνα</span> <span class='ocrx_word' id='word_1_761' title='bbox 2485 4935 2672 4986; x_wconf 80' lang='grc' dir='ltr'>ποιναὶ</span> <span class='ocrx_word' id='word_1_762' title='bbox 2721 4933 2816 4987; x_wconf 73' lang='grc' dir='ltr'>καὶ</span> <span class='ocrx_word' id='word_1_763' title='bbox 2858 4933 3055 5003; x_wconf 86' lang='grc' dir='ltr'>φλόγες</span> <span class='ocrx_word' id='word_1_764' title='bbox 3098 4933 3446 5000; x_wconf 79' lang='grc' dir='ltr'>ὲξάπτοιντο,</span> <span class='ocrx_word' id='word_1_765' title='bbox 3491 4933 3590 5005; x_wconf 82' lang='grc' dir='ltr'>τὴν</span> <span class='ocrx_word' id='word_1_766' title='bbox 3633 4935 3727 4986; x_wconf 77' lang='grc' dir='ltr'><strong>ἐπὶ</strong></span> 
     </span>
    </p>
   </div>
   <div class='ocr_carea' id='block_1_108' title="bbox 2143 5024 3728 5098">
    <p class='ocr_par' dir='ltr' id='par_1_108' title="bbox 2143 5024 3728 5098">
     <span class='ocr_line' id='line_1_108' title="bbox 2143 5024 3728 5098; baseline -0.001 -19"><span class='ocrx_word' id='word_1_767' title='bbox 2143 5025 2359 5096; x_wconf 78' lang='grc' dir='ltr'>θανάτῳ</span> <span class='ocrx_word' id='word_1_768' title='bbox 2408 5027 2746 5098; x_wconf 80' lang='grc' dir='ltr'>κατάρῤησιν</span> <span class='ocrx_word' id='word_1_769' title='bbox 2797 5024 3160 5095; x_wconf 80' lang='grc' dir='ltr'>ὑπομενοῦσιν</span> <span class='ocrx_word' id='word_1_770' title='bbox 3188 5025 3434 5094; x_wconf 72' lang='grc' dir='ltr'>εἰκότως,</span> <span class='ocrx_word' id='word_1_771' title='bbox 3473 5025 3557 5079; x_wconf 77' lang='grc' dir='ltr'>ὄτι</span> <span class='ocrx_word' id='word_1_772' title='bbox 3599 5025 3728 5079; x_wconf 83' lang='grc' dir='ltr'>καί-</span> 
     </span>
    </p>
   </div>
   <div class='ocr_carea' id='block_1_109' title="bbox 2142 5117 3730 5190">
    <p class='ocr_par' dir='ltr' id='par_1_109' title="bbox 2142 5117 3730 5190">
     <span class='ocr_line' id='line_1_109' title="bbox 2142 5117 3730 5190; baseline 0 -18"><span class='ocrx_word' id='word_1_773' title='bbox 2142 5136 2225 5172; x_wconf 86' lang='grc' dir='ltr'><strong>τοι</strong></span> <span class='ocrx_word' id='word_1_774' title='bbox 2257 5118 2332 5190; x_wconf 82' lang='grc' dir='ltr'>μὴ</span> <span class='ocrx_word' id='word_1_775' title='bbox 2377 5117 2526 5186; x_wconf 86' lang='grc' dir='ltr'>βιοῦν</span> <span class='ocrx_word' id='word_1_776' title='bbox 2556 5118 2858 5190; x_wconf 81' lang='grc' dir='ltr'>ἀνειμένως</span> <span class='ocrx_word' id='word_1_777' title='bbox 2891 5118 3032 5182; x_wconf 76' lang='grc' dir='ltr'>ἐξὸν,</span> <span class='ocrx_word' id='word_1_778' title='bbox 3069 5119 3308 5172; x_wconf 72' lang='grc' dir='ltr'>ἐθελοντὶ</span> <span class='ocrx_word' id='word_1_779' title='bbox 3332 5118 3730 5189; x_wconf 85' lang='grc' dir='ltr'>διαστείχουσιν</span> 
     </span>
    </p>
   </div>
   <div class='ocr_carea' id='block_1_110' title="bbox 2145 5205 3729 5282">
    <p class='ocr_par' dir='ltr' id='par_1_110' title="bbox 2145 5205 3729 5282">
     <span class='ocr_line' id='line_1_110' title="bbox 2145 5205 3729 5282; baseline 0 -18"><span class='ocrx_word' id='word_1_780' title='bbox 2145 5212 2241 5265; x_wconf 78' lang='grc' dir='ltr'><strong>ἐπὶ</strong></span> <span class='ocrx_word' id='word_1_781' title='bbox 2267 5212 2331 5265; x_wconf 86' lang='grc' dir='ltr'><strong>τὸ</strong></span> <span class='ocrx_word' id='word_1_782' title='bbox 2356 5209 2682 5275; x_wconf 80' lang='grc' dir='ltr'>κολάζεσθαι</span> <span class='ocrx_word' id='word_1_783' title='bbox 2713 5209 2843 5264; x_wconf 85' lang='grc' dir='ltr'>δεῖν.</span> <span class='ocrx_word' id='word_1_784' title='bbox 2881 5210 3255 5282; x_wconf 79' lang='grc' dir='ltr'>Εἰσερχόμεθα</span> <span class='ocrx_word' id='word_1_785' title='bbox 3281 5209 3346 5281; x_wconf 77' lang='grc' dir='ltr'>δὴ</span> <span class='ocrx_word' id='word_1_786' title='bbox 3392 5205 3485 5264; x_wconf 76' lang='grc' dir='ltr'>οὖν</span> <span class='ocrx_word' id='word_1_787' title='bbox 3523 5211 3604 5274; x_wconf 91' lang='grc' dir='ltr'><strong>εἰς</strong></span> <span class='ocrx_word' id='word_1_788' title='bbox 3628 5211 3729 5280; x_wconf 83' lang='grc' dir='ltr'>τὴν</span> 
     </span>
    </p>
   </div>
   <div class='ocr_carea' id='block_1_111' title="bbox 2146 5300 3730 5374">
    <p class='ocr_par' dir='ltr' id='par_1_111' title="bbox 2146 5300 3730 5374">
     <span class='ocr_line' id='line_1_111' title="bbox 2146 5300 3730 5374; baseline 0.001 -19"><span class='ocrx_word' id='word_1_789' title='bbox 2146 5301 2494 5356; x_wconf 80' lang='grc' dir='ltr'>κατάπαυσιν</span> <span class='ocrx_word' id='word_1_790' title='bbox 2531 5303 2578 5355; x_wconf 92' lang='grc' dir='ltr'>οἱ</span> <span class='ocrx_word' id='word_1_791' title='bbox 2624 5300 3052 5366; x_wconf 85' lang='grc' dir='ltr'>πιστεύσαντες,</span> <span class='ocrx_word' id='word_1_792' title='bbox 3079 5301 3223 5356; x_wconf 89' lang='grc' dir='ltr'>κατὰ</span> <span class='ocrx_word' id='word_1_793' title='bbox 3264 5319 3328 5370; x_wconf 83' lang='grc' dir='ltr'><strong>γε</strong></span> <span class='ocrx_word' id='word_1_794' title='bbox 3353 5302 3453 5374; x_wconf 83' lang='grc' dir='ltr'>τὴν</span> <span class='ocrx_word' id='word_1_795' title='bbox 3491 5301 3586 5355; x_wconf 87' lang='grc' dir='ltr'><strong>τοῦ</strong></span> <span class='ocrx_word' id='word_1_796' title='bbox 3622 5318 3730 5373; x_wconf 79' lang='grc' dir='ltr'>μα·-</span> 
     </span>
    </p>
   </div>
   <div class='ocr_carea' id='block_1_112' title="bbox 2146 5393 3728 5466">
    <p class='ocr_par' dir='ltr' id='par_1_112' title="bbox 2146 5393 3728 5466">
     <span class='ocr_line' id='line_1_112' title="bbox 2146 5393 3728 5466; baseline -0.001 -19"><span class='ocrx_word' id='word_1_797' title='bbox 2146 5395 2339 5466; x_wconf 89' lang='grc' dir='ltr'>καρίου</span> <span class='ocrx_word' id='word_1_798' title='bbox 2359 5393 2578 5448; x_wconf 82' lang='grc' dir='ltr'>Παύλου</span> <span class='ocrx_word' id='word_1_799' title='bbox 2601 5394 2807 5465; x_wconf 83' lang='grc' dir='ltr'>φωνήν.</span> <span class='ocrx_word' id='word_1_800' title='bbox 2829 5393 2940 5447; x_wconf 75' lang='grc' dir='ltr'><strong>Καὶ</strong></span> <span class='ocrx_word' id='word_1_801' title='bbox 2959 5394 3092 5463; x_wconf 91' lang='grc' dir='ltr'>γοῦν</span> <span class='ocrx_word' id='word_1_802' title='bbox 3114 5394 3202 5448; x_wconf 82' lang='grc' dir='ltr'><strong>διὰ</strong></span> <span class='ocrx_word' id='word_1_803' title='bbox 3223 5394 3408 5465; x_wconf 83' lang='grc' dir='ltr'>φωνῆς</span> <span class='ocrx_word' id='word_1_804' title='bbox 3439 5395 3728 5466; x_wconf 84' lang='grc' dir='ltr'>Ἱερεμίου,</span> 
     </span>
    </p>
   </div>
   <div class='ocr_carea' id='block_1_113' title="bbox 2145 5485 3732 5558">
    <p class='ocr_par' dir='ltr' id='par_1_113' title="bbox 2145 5485 3732 5558">
     <span class='ocr_line' id='line_1_113' title="bbox 2145 5485 3732 5558; baseline 0.001 -19"><span class='ocrx_word' id='word_1_805' title='bbox 2145 5488 2271 5550; x_wconf 80' lang='grc' dir='ltr'>τοὺς</span> <span class='ocrx_word' id='word_1_806' title='bbox 2298 5485 2365 5540; x_wconf 78' lang='grc' dir='ltr'>δι’</span> <span class='ocrx_word' id='word_1_807' title='bbox 2397 5486 2676 5558; x_wconf 79' lang='grc' dir='ltr'>ἁμαρτίας</span> <span class='ocrx_word' id='word_1_808' title='bbox 2703 5486 2802 5558; x_wconf 83' lang='grc' dir='ltr'>τῆς</span> <span class='ocrx_word' id='word_1_809' title='bbox 2825 5487 2904 5550; x_wconf 76' lang='grc' dir='ltr'><strong>εἰς</strong></span> <span class='ocrx_word' id='word_1_810' title='bbox 2931 5486 3024 5540; x_wconf 87' lang='grc' dir='ltr'><strong>τὸν</strong></span> <span class='ocrx_word' id='word_1_811' title='bbox 3045 5486 3235 5553; x_wconf 86' lang='grc' dir='ltr'>τύπον,</span> <span class='ocrx_word' id='word_1_812' title='bbox 3257 5489 3320 5541; x_wconf 90' lang='grc' dir='ltr'><strong>τὸ</strong></span> <span class='ocrx_word' id='word_1_813' title='bbox 3341 5489 3441 5558; x_wconf 85' lang='grc' dir='ltr'>τῆς</span> <span class='ocrx_word' id='word_1_814' title='bbox 3471 5486 3732 5558; x_wconf 83' lang='grc' dir='ltr'>ἀληθείας</span> 
     </span>
    </p>
   </div>
   <div class='ocr_carea' id='block_1_114' title="bbox 2144 5578 3730 5654">
    <p class='ocr_par' dir='ltr' id='par_1_114' title="bbox 2144 5578 3730 5654">
     <span class='ocr_line' id='line_1_114' title="bbox 2144 5578 3730 5654; baseline 0 -20"><span class='ocrx_word' id='word_1_815' title='bbox 2144 5581 2666 5654; x_wconf 79' lang='grc' dir='ltr'>παρα-σημαίνοντας</span> <span class='ocrx_word' id='word_1_816' title='bbox 2723 5579 2920 5644; x_wconf 82' lang='grc' dir='ltr'>κάλλος</span> <span class='ocrx_word' id='word_1_817' title='bbox 2975 5580 3290 5636; x_wconf 76' lang='grc' dir='ltr'>ἐπαιτιᾶται</span> <span class='ocrx_word' id='word_1_818' title='bbox 3339 5579 3472 5645; x_wconf 82' lang='grc' dir='ltr'>Θεὸς</span> <span class='ocrx_word' id='word_1_819' title='bbox 3515 5578 3730 5650; x_wconf 80' lang='grc' dir='ltr'>λέγων’</span> 
     </span>
    </p>
   </div>
   <div class='ocr_carea' id='block_1_115' title="bbox 517 5748 2031 5825">
    <p class='ocr_par' dir='ltr' id='par_1_115' title="bbox 517 5748 2031 5818">
     <span class='ocr_line' id='line_1_115' title="bbox 517 5748 2031 5818; baseline 0.001 -12"><span class='ocrx_word' id='word_1_820' title='bbox 517 5749 564 5787; x_wconf 82' lang='grc'><strong>⁷⁷</strong></span> <span class='ocrx_word' id='word_1_821' title='bbox 586 5749 751 5806; x_wconf 81' lang='lat' dir='ltr'><strong>Hebr.</strong></span> <span class='ocrx_word' id='word_1_822' title='bbox 786 5765 861 5818; x_wconf 81' lang='lat' dir='ltr'><strong>nr,</strong></span> <span class='ocrx_word' id='word_1_823' title='bbox 894 5749 1096 5818; x_wconf 67' lang='lat'><strong>17-19;</strong></span> <span class='ocrx_word' id='word_1_824' title='bbox 1125 5768 1197 5818; x_wconf 82' lang='lat' dir='ltr'><strong>iv,</strong></span> <span class='ocrx_word' id='word_1_825' title='bbox 1227 5750 1280 5804; x_wconf 79' lang='lat' dir='ltr'><strong>l.</strong></span> <span class='ocrx_word' id='word_1_826' title='bbox 1352 5749 1398 5782; x_wconf 78' lang='grc'><strong>⁷⁸</strong></span> <span class='ocrx_word' id='word_1_827' title='bbox 1424 5748 1590 5803; x_wconf 83' lang='lat' dir='ltr'><strong>Ilebr.</strong></span> <span class='ocrx_word' id='word_1_828' title='bbox 1622 5765 1694 5815; x_wconf 81' lang='lat' dir='ltr'><strong>IV,</strong></span> <span class='ocrx_word' id='word_1_829' title='bbox 1718 5751 1772 5808; x_wconf 91' lang='lat'><strong>9.</strong></span> <span class='ocrx_word' id='word_1_830' title='bbox 1827 5749 1872 5783; x_wconf 81' lang='grc'><strong>⁷⁰</strong></span> <span class='ocrx_word' id='word_1_831' title='bbox 1898 5753 2031 5808; x_wconf 88' lang='lat' dir='ltr'><strong>Num</strong></span> 
     </span>
    </p>
   </div>
   <div class='ocr_carea' id='block_1_116' title="bbox 2132 5748 2804 5825">
    <p class='ocr_par' dir='ltr' id='par_1_116' title="bbox 2132 5755 2804 5825">
     <span class='ocr_line' id='line_1_116' title="bbox 2132 5755 2804 5825; baseline 0.009 -16"><span class='ocrx_word' id='word_1_832' title='bbox 2132 5771 2178 5822; x_wconf 88' lang='lat' dir='ltr'><strong>v,</strong></span> <span class='ocrx_word' id='word_1_833' title='bbox 2216 5755 2300 5812; x_wconf 72' lang='grc'>52.</span> <span class='ocrx_word' id='word_1_834' title='bbox 2361 5758 2406 5791; x_wconf 81' lang='grc' dir='ltr'><strong>⁸ο</strong></span> <span class='ocrx_word' id='word_1_835' title='bbox 2439 5757 2607 5813; x_wconf 87' lang='lat' dir='ltr'><strong>llebr.</strong></span> <span class='ocrx_word' id='word_1_836' title='bbox 2642 5777 2713 5825; x_wconf 79' lang='lat' dir='ltr'><strong>iv,</strong></span> <span class='ocrx_word' id='word_1_837' title='bbox 2753 5763 2804 5815; x_wconf 83' lang='lat'><strong>5.</strong></span> 
     </span>
    </p>
   </div>
  </div>
