4104 6432
398 444 514 505 I97
1122 447 1211 505 DE
1249 449 1694 511 ADORATIONE
1734 455 1798 510 ΙΝ
1841 453 2111 512 SPIRITU
2154 455 2240 512 ET
2280 455 2651 515 VERITATE.
2694 459 2823 514 LIB.
2864 460 2982 517 ni.
3598 456 3704 515 49S

403 555 703 645 «VBdBtcov
747 559 842 612 καὶ
883 558 1041 630 στῆθι
1084 562 1143 616 ἐν
1176 561 1372 628 πύλαις
1405 564 1540 620 υἱῶν
1569 565 1700 620 λαοῦ
1758 583 1886 633 σου,
1936 569 1996 621 ἐν

2122 569 2288 639 iopuli
2306 571 2406 637 tui,
2435 588 2532 642 per
2552 589 2690 644 quas
2710 573 3097 645 ingrediuntur
3114 586 3272 643 reges
3290 573 3318 629 J
3325 571 3452 638 uda,
3471 581 3526 627 et
3541 588 3698 644 egre—

394 644 494 714 αἷς
525 650 944 723 εἰσπορεύονται
985 653 1228 724 βασιλεῖς
1267 655 1458 722 Ἰούδα,
1492 658 1587 712 καὶ
1619 659 1680 712 ἐν
1714 655 1805 724 αἷς
1831 661 1998 714 ἐκπο-

2122 661 2334 718 liuntur
2366 679 2466 734 per
2485 680 2599 730 eas,
2619 675 2674 719 et
2718 644 2784 720 in
2803 665 3064 721 omnibus
3087 664 3263 735 portis
3277 665 3580 722 Jerusalem
3603 682 3619 733 ;
3645 676 3704 721 et

396 743 661 814 ρεύονται
715 745 775 799 ἐν
824 745 1042 814 αὐταῖς,
1095 748 1192 801 καὶ
1233 749 1294 801 ἐν
1352 749 1560 808 πάσαις
1623 753 1747 816 ταῖς
1801 752 2000 818 πύλαις

2122 754 2257 810 lices
2278 754 2348 810 ad
2366 771 2463 811 eos
2489 774 2500 809 :
2532 757 2732 813 Audite
2750 759 2980 813 verbum
3006 757 3247 824 Domini,
3272 773 3430 830 reges
3461 758 3624 823 Juda,
3648 769 3705 813 et

406 836 796 909 Ἰερουσαλήμο
827 837 922 892 καί
945 839 1093 909 ἐρεῖς
1119 839 1258 912 πρὸς
1286 840 1504 906 αύτούς·
1524 842 1820 898 Ἀκούσατε
1841 845 2001 914 λόγον

392 925 642 1000 Κυρίου,
669 927 914 999 βασιλεῖς
949 931 1124 987 Ἰούδα
1161 932 1256 988 καὶ
1278 934 1431 989 πᾶσα
1474 936 1706 991 Ἰουδαία
1729 937 1826 992 καὶ
1849 940 2002 993 πᾶσα

407 1020 809 1094 Ἰερουσαλήμ,
845 1025 941 1078 καὶ
979 1025 1032 1078 oi
1072 1025 1527 1098 εἰσπορευόμενοι
1559 1030 1620 1084 ἐν
1644 1031 1768 1095 ταῖς
1801 1030 2004 1096 πύλαις

395 1119 661 1185 ταύταις.
706 1120 845 1176 Τάδε
882 1121 1033 1192 λέγει
1064 1123 1291 1196 Κύριοςο
1319 1124 1669 1181 Φυλάσσεσθε
1695 1127 1797 1191 τὰς
1822 1127 2006 1200 ψυχὰς

398 1211 588 1284 ὑμῶν,
629 1214 727 1268 καὶ
771 1213 848 1287 μὴ
888 1216 1073 1289 αἴρετε
1096 1217 1461 1291 βαστάγματα
1490 1221 1548 1273 ἐν
1581 1222 1648 1292 τῇ
1679 1221 1868 1293 ἡμέρᾳ
1893 1220 2004 1275 τῶν

401 1304 734 1373 Σαδδάτων,
761 1307 856 1361 καὶ
885 1310 997 1362 πᾶν
1012 1308 1174 1381 ἔργον
1203 1310 1265 1363 ού
1293 1312 1573 1383 ποιήσετε,
1607 1313 1702 1368 καὶ
1727 1313 1803 1386 μή
1834 1316 2002 1368 ἐκπο-

406 1398 641 1470 ρεύεσθε
669 1403 794 1466 ταῖς
824 1401 1024 1467 πύλαις
1059 1403 1438 1478 Ἰερουσαλήμ,
1487 1405 1583 1459 καὶ
1619 1405 1695 1478 μὴ
1739 1405 2005 1477 ἐκφέρετε

404 1488 784 1563 βαστάγματα
812 1491 872 1561 ἐξ
908 1493 1099 1547 οἰκιῶν
1132 1493 1288 1565 ὑμῶν
1326 1494 1386 1548 ἐν
1415 1497 1483 1568 τῇ
1514 1495 1700 1568 ἡμέρᾳ
1726 1495 1837 1551 τῶν
1866 1495 2008 1550 Σασ-

407 1581 621 1648 6ἇτων,
665 1582 855 1648 καθὼς
894 1585 1252 1659 ἐνετειλάμην
1283 1588 1399 1652 τοῖς
1427 1587 1704 1658 πατράσιν
1732 1587 1886 1658 ὑμῶν
1911 1588 2008 1643 καὶ

403 1674 515 1729 οὐκ
550 1675 833 1748 ήκουσαν,
884 1678 980 1732 καὶ
1023 1678 1126 1733 ούκ
1155 1677 1374 1734 ἔκλιναν
1401 1679 1468 1734 τὸ
1511 1675 1604 1746 οὖς
1647 1679 1861 1746 αὐτῶν,
1912 1681 2008 1735 καὶ

404 1765 762 1838 ἐσκλήρυναν
799 1769 894 1824 τὸν
920 1768 1196 1842 τράχηλον
1229 1769 1415 1826 αὐτῶν
1438 1769 1582 1843 ὑπὲρ
1605 1771 1736 1836 τοὺς
1763 1770 2010 1843 πατέρας

405 1859 621 1927 αὑτῶν,
657 1861 754 1916 τοῦ
797 1862 874 1935 μὴ
920 1862 1156 1918 ἀκοῦσαί
1205 1880 1330 1935 μου,
1362 1863 1459 1918 καί
1504 1863 1600 1918 τοῦ
1644 1862 1720 1936 μὴ
1747 1862 2010 1928 δέξασθαι

2103 848 2285 904 omnis
2298 848 2506 914 Judaaa,
2524 857 2578 905 et
2597 851 2777 906 omnis
2791 850 3218 922 Jerusalem,qui
3236 849 3586 922 ingredimini
3607 867 3707 921 per

2104 947 2293 1009 portas
2323 939 2442 995 has.
2471 939 2595 995 Haec
2613 940 2748 995 dicit
2758 941 3021 997 Dominus
3041 959 3054 996 :
3074 940 3362 998 Custodite
3379 941 3591 996 animas
3613 956 3706 994 ve»

2103 1040 2266 1097 stras,
2289 1041 2347 1089 et
2363 1048 2434 1090 ne
2448 1033 2679 1104 portetis
2693 1049 2864 1089 onera
2878 1033 2935 1089 in
2949 1034 3038 1090 die
3065 1033 3453 1099 Sabbatorum,
3469 1041 3526 1088 et
3541 1048 3704 1088 omne

2107 1138 2249 1196 opus
2265 1141 2335 1181 ne
2351 1125 2650 1191 faciatis,et
2661 1142 2730 1182 ne
2745 1126 2956 1182 exeatis
2969 1141 3070 1197 per
3084 1134 3274 1198 portas
3295 1126 3625 1190 Jerusalem,
3648 1131 3698 1178 et

2108 1233 2179 1274 ne
2201 1219 2502 1288 exportetis
2530 1234 2702 1275 onera
2723 1234 2755 1275 e
2781 1219 3038 1274 domibus
3067 1219 3270 1274 vestris
3292 1220 3347 1273 in
3378 1219 3467 1275 die
3491 1217 3703 1274 Sabba-

2110 1318 2314 1374 torum,
2342 1317 2400 1366 et
2424 1295 2587 1366 omne
2611 1325 2752 1382 opus
2771 1327 2840 1366 ne
2885 1311 3103 1366 faciatis
3131 1329 3143 1364 :
3170 1312 3508 1367 sanctitieate
3555 1310 3704 1365 diem

2110 1399 2499 1468 Sabbatorum,
2526 1403 2926 1474 sicutprzccepi
2947 1401 3199 1475 patribus
3230 1403 3475 1469 vestris;
3513 1411 3570 1458 et
3594 1417 3707 1457 non

2109 1493 2410 1550 audierunt
2457 1511 2640 1566 neque
2690 1496 3098 1552 inclinaverunt
3143 1511 3334 1551 aurem
3402 1510 3583 1560 suam,
3651 1503 3710 1550 et

2110 1585 2529 1642 obduraverunt
2561 1587 2834 1644 cervicem
2859 1603 3017 1643 suam
3041 1587 3166 1659 plus
3191 1602 3359 1658 quam
3389 1594 3575 1658 patres
3609 1601 3710 1641 eo-

2112 1693 2256 1744 rum,
2288 1694 2359 1734 ne
2403 1679 2667 1736 audirent
2712 1694 2822 1747 me,
2859 1694 3041 1751 neque
3070 1680 3422 1751 perciperent
3458 1677 3709 1750 discipli-

2111 1786 2241 1825 nam
2273 1771 2341 1825 ⁸⁸.
2375 1791 2394 1823 ι
2423 1771 2546 1827 Νοη
2570 1771 2747 1827 solum
2793 1771 2984 1844 igitur,
3011 1779 3074 1827 ut
3095 1772 3166 1827 ab
3188 1771 3341 1827 omni
3376 1787 3546 1844 opere
3585 1786 3708 1827 ees-

2113 1870 2303 1916 sarent
2350 1861 2627 1929 Sabhato,
2681 1862 2883 1934 jussit,
2944 1862 3042 1920 sed
3109 1879 3181 1920 ne
3249 1879 3439 1922 onera
3482 1862 3712 1934 quidem

409 1951 688 2007 παιδείαν.
742 1972 767 2002 ν
797 1953 872 2008 Ού
906 1954 1070 2025 μόνον
1104 1953 1171 2026 δὴ
1201 1949 1297 2011 οὖν
1340 1955 1420 2010 τδ-
1447 1953 1578 2009 δεῖν
1601 1953 1778 2028 ἔργου.
1799 1952 2006 2018 παντὸς

2122 1955 2398 2024 afferrent,
2425 1973 2564 2014 neve
2587 1965 2743 2014 extra
2780 1966 2971 2030 portas
2991 1958 3298 2015 Jerusalem
3324 1957 3565 2015 exirent.

407 2044 752 2117 καταλήγειν
799 2045 864 2100 ἐν
920 2046 1187 2120 Βασσάτῳ
1228 2047 1624 2121 προστέταχεν,
1682 2046 1823 2104 ἀλλὰ
1887 2046 1984 2102 καὶ
2048 2046 2418 2124 βαστάγματα
2469 2051 2548 2125 μὴ
2592 2051 2874 2125 ἐκφέρειν,
2918 2053 3065 2125 μήτε.
3098 2052 3206 2125 μὴν
3253 2051 3560 2126 ἐξοίχεσθαί
3616 2067 3712 2106 ποι

413 2137 736 2210 περαιτέρω
764 2139 952 2195 πυλῶν
993 2141 1306 2214 Ἰερουσαλή
1315 2159 1378 2214 μ.

485 2231 700 2289 ΠΔΛΛ.
739 2233 876 2290 Εἶτα
904 2234 989 2303 τίς
1012 2235 1085 2292 ἂν
1105 2236 1195 2311 είη
1224 2237 1320 2293 καὶ
1347 2237 1555 2294 τούτων
1585 2238 1616 2294 ό
1638 2238 1795 2310 λόγος
1817 2257 1842 2306 ',

489 2415 656 2472 ΚΥΡ.
693 2415 905 2491 Νοητὺς
943 2416 1010 2492 δὴ
1041 2419 1138 2475 καλ⁴
1170 2421 1566 2493 πνευματικὸς,
1601 2421 1698 2476 καὶ
1749 2419 2015 2475 ἐπέκεινα

413 2507 530 2562 τῶν
579 2507 795 2576 τύπων,
847 2511 944 2566 καὶ
992 2513 1154 2577 σκιᾶς
1185 2512 1427 2584 ἀμείνων
1479 2513 1584 2585 τῆς
1625 2511 2012 2585 ἀρχαιοτέρας.

419 2601 630 2674 Ἔργου
683 2603 783 2674 μὲν
821 2603 932 2675 γὰρ
971 2603 1068 2658 τοῦ
1110 2605 1250 2677 πρὸς
1279 2605 1596 2679 φαυλότητα
1632 2607 2016 2679 τετραμμένου

411 2711 477 2748 τε
515 2695 615 2749 καὶ
661 2694 955 2766 βλέποντος
991 2697 1072 2764 είς
1113 2697 1414 2770 κατάληξιν
1465 2697 1605 2753 ίέναι
1643 2698 1857 2753 κελεύει
1888 2699 2019 2763 τοὺς

413 2791 477 2843 ἐν
513 2788 740 2861 Χριστῷ
765 2791 1218 2860 σαϐϐατίζοντας,
1253 2791 1554 2864 βάσταγμά
1571 2808 1634 2862 γε
1658 2792 1767 2864 μὴν
1792 2777 2019 2862 ἐπωμά-

413 2878 529 2933 διον
556 2879 830 2935 ποιεῖσθαι
881 2879 1072 2953 μηδέν.
1111 2880 1253 2946 Τοὺς
1295 2880 1407 2954 γὰρ
1455 2881 1606 2949 ἅπαξ
1640 2881 1732 2936 διὰ
1777 2881 1881 2952 τῆς
1923 2881 2018 2936 πί-

416 2989 596 3039 στεως
621 2975 685 3029 τὸ
716 2975 998 3030 δύσοιστον
1016 2975 1236 3049 άληθῶς
1259 2976 1362 3049 τῆς
1389 2977 1669 3050 ἁμαρτίας
1695 2978 1863 3050 ἄχθος
1881 2979 2018 3034 ἀπο-

415 3065 788 3139 ϐεϐληκότας,
825 3067 948 3133 πῶς
981 3068 1086 3124 ούκ
1117 3068 1472 3140 ἀπόπληκτον
1504 3069 1785 3136 παντελῶς
1827 3070 1890 3124 τὸ
1924 3071 2022 3126 καὶ

415 3157 503 3224 είς
523 3153 684 3225 αὖθις
699 3159 850 3232 αὐτῷ
872 3161 1377 3232 καταφορτίζεσθαι
1396 3161 1529 3230 δεῖν,
1560 3163 1656 3218 καὶ
1687 3162 2021 3218 ὑποπίπτειν

417 3251 644 3306 ἑλέσθαι
685 3252 851 3309 πάλιν
879 3255 994 3320 τοῖς
1015 3255 1096 3321 είς
1127 3255 1442 3328 φαυλότητα
1465 3254 1692 3325 ζυγοῖς;
1728 3255 1924 3310 Πυλῶν
1962 3256 2022 3310 δὲ

417 3345 558 3401 εῖσω
603 3344 854 3411 καθίζειν
898 3346 1010 3402 τῶν
1048 3348 1150 3419 τῆς
1191 3347 1573 3420 Ἰερουσαλὴμ,
1605 3347 1670 3402 τὸ
1708 3347 1787 3420 μὴ
1823 3348 2022 3420 χρῆναι

419 3439 638 3505 πόλεως
665 3440 819 3511 ἡμᾶς
847 3438 948 3511 τῆς
974 3439 1137 3510 ἁγίας
1157 3437 1621 3511 ἀπονοσφίζεσθαι
1639 3438 1852 3504 τυπῶν,
1885 3441 2022 3511 μήτε

2181 2236 2350 2310 229
2367 2235 2567 2293 PALL.
2596 2235 2704 2293 Sed
2729 2251 2980 2308 quaenam
3020 2235 3219 2292 horum
3263 2253 3484 2311 quoque
3519 2240 3712 2299 afferri

2115 2338 2300 2400 potest
2331 2331 2476 2387 ratio
2497 2330 2527 2385 ’ί

2185 2423 2346 2480 CYR.
2385 2422 2702 2495 Spiritualis
2731 2439 2863 2482 sane
2897 2433 2956 2482 et
2980 2423 3256 2490 sublimis,
3290 2431 3348 2480 et
3370 2424 3564 2496 figuris
3587 2442 3712 2482 um-

2117 2515 2346 2587 brisque
2387 2515 2498 2573 illis
2521 2517 2804 2574 veteribus
2826 2516 3201 2590 praestantior.
3246 2517 3357 2575 Eos
3397 2518 3569 2584 enim,
3611 2519 3710 2590 qui

2118 2607 2176 2663 in
2196 2607 2418 2665 Christo
2441 2607 2742 2666 Sabbatum
2755 2617 2944 2681 agunt,
2965 2610 3034 2665 ab
3050 2624 3240 2680 opere,
3262 2609 3410 2680 quod
3426 2610 3496 2666 ad
3516 2609 3716 2666 vitium

2118 2698 2301 2771 vergit
2319 2715 2385 2756 ac
2410 2709 2645 2771 spectat,
2672 2715 2892 2756 cessare
2927 2699 3107 2772 jubet,
3154 2700 3527 2771 prohibetque
3573 2717 3730 2756 onus.

2120 2792 2294 2849 ullum
2311 2792 2560 2849 humeris
2572 2792 2860 2865 imponere
2881 2810 2894 2846 :
2914 2807 3042 2847 nam
3062 2791 3344 2864 quomodo
3359 2807 3470 2847 non
3488 2806 3718 2847 summa:

2121 2885 2350 2942 insaniae
2372 2885 2465 2953 sit,
2485 2886 2580 2956 qui
2605 2886 2775 2942 semel
2799 2903 2900 2958 per
2922 2886 3088 2942 fidem
3110 2901 3254 2942 onus
3296 2884 3510 2957 peccati
3555 2884 3718 2954 plane

2120 2977 2506 3049 gravissimum
2543 2978 2868 3050 abjecerint,
2896 2993 2993 3034 eos
3035 2977 3172 3033 illud
3194 2977 3341 3033 idem
3383 2977 3492 3032 sibi
3533 2975 3719 3031 denuo

2122 3070 2429 3143 imponere,
2457 3077 2513 3126 et
2539 3086 2737 3126 rursus
2767 3071 3029 3141 nequitize
3045 3071 3239 3142 jugum
3264 3077 3460 3140 sponte
3485 3067 3720 3123 subire?

2121 3159 2329 3216 Sedere
2352 3167 2541 3216 autem
2570 3160 2714 3216 intra
2739 3168 2930 3232 portas
2971 3161 3276 3217 Jerusalem
3321 3159 3376 3214 id
3422 3157 3718 3230 significat,

2122 3269 2234 3309 non
2257 3268 2380 3309 esse
2403 3253 2567 3309 nobis
2594 3253 2664 3309 de
2690 3260 2880 3309 sancta
2904 3253 3128 3309 civitate
3155 3251 3577 3316 discedendum,
3624 3267 3722 3306 ne-

2123 3360 2232 3416 que
2254 3343 2715 3400 committendum
2759 3353 2841 3411 ut,
2872 3343 3004 3399 dum
3032 3344 3102 3398 ad
3125 3342 3276 3398 aliud
3330 3342 3595 3413 quiddam
3637 3341 3724 3396 di:-

2122 3437 2415 3502 vertimus,
2455 3444 2613 3493 extra
2653 3435 2899 3492 feramur
2929 3445 3096 3508 atque
3143 3436 3416 3491 labamur.
3464 3435 3720 3491 Sanctam

422 3530 537 3606 μὴν
568 3532 680 3601 ἐξω
705 3531 971 3606 φέρεσθαι
997 3535 1094 3588 καὶ
1122 3531 1440 3588 άπολισθεῖν
1467 3533 1667 3605 ἐφιεὶς,
1693 3532 1783 3588 διὰ
1813 3532 1914 3604 τῆς
1939 3534 2020 3598 είς

2124 3545 2257 3587 vero
2280 3529 2560 3585 civitatem
2592 3528 2896 3584 Ecclesiam
2919 3529 3108 3600 accipe
3139 3547 3152 3582 :
3177 3530 3292 3601 jam
3311 3527 3462 3583 enim
3484 3528 3721 3583 nonnul-

419 3627 620 3700 ἐτερόν
641 3644 696 3681 τι
725 3627 1117 3700 παρατροπῆς.
1158 3626 1350 3698 Ἀγίαν
1375 3628 1434 3682 δέ
1464 3628 1624 3682 πόλιν
1653 3628 1890 3700 νοήσεις,
1923 3625 2026 3696 τὴν

434 3719 796 3793 Ἐκκλησίαν·
829 3720 932 3793 ήδη
963 3721 1073 3793 γάρ
1097 3719 1200 3774 πού
1233 3737 1405 3788 τινες,
1433 3720 1526 3775 διὰ
1551 3720 1652 3791 τῆς
1672 3721 1754 3785 εις
1786 3719 2026 3792 Χριστὸν

424 3815 668 3876 πίστεως
693 3813 1270 3887 ἐκλελαμπρυσμένοι,
1301 3814 1808 3889 άποφορτισάμενοί
1837 3832 1898 3870 τε
1925 3814 2026 3887 τήν

428 3908 664 3982 βέϐηλον
695 3907 998 3980 ἁμαρτίαν,
1033 3905 1167 3962 εῐσω
1197 3925 1259 3962 τε
1289 3906 1478 3962 πυλῶν
1522 3907 1811 3977 γεγονότες
1849 3907 2027 3977 ἁγίων

423 4001 524 4058 τοῦ
563 4002 718 4057 οῐκου
747 4000 846 4057 τοῦ
872 4000 1031 4066 Θεοῦ,
1059 3999 1552 4074 παρεκομίσθησαν
1587 4001 1668 4065 εις
1695 4001 2022 4070 ἀπόστασιν,

423 4097 476 4149 εί
495 4096 595 4149 καὶ
629 4093 709 4168 μή
741 4094 880 4168 πρὸς
899 4094 1124 4166 ἐμφανῆ
1155 4093 1342 4164 τυχὸν,
1362 4092 1480 4147 ἀλλ’
1509 4087 1604 4148 οῦν
1632 4093 1896 4166 ἐξήλαντο
1924 4095 2027 4166 τῆς

425 4189 595 4259 ἁγίας
623 4187 821 4260 πύλης,
847 4187 945 4259 ἔθη
966 4187 1302 4259 τιμήσαντες
1331 4186 1732 4258 είδωλοπρεπῆ.
1779 4185 1926 4241 Ετσω
1962 4187 2027 4260 δή

423 4275 524 4336 οὖν
571 4279 850 4351 καθῆσθαι
897 4278 1084 4333 πυλῶν
1141 4277 1270 4343 τοὺς
1328 4277 1538 4349 νοητῶς
1598 4277 2029 4344 σαδδατίζοντας

428 4368 874 4443 κεχρησμῴδηκε
895 4369 1053 4437 Θεὸς,
1087 4367 1150 4424 τὸ
1188 4367 1436 4438 ἀσφαλές
1465 4386 1526 4423 τε
1560 4368 1657 4424 καὶ
1689 4370 2026 4442 άνεξίτηλον,

428 4462 529 4517 καί
561 4461 626 4516 τὸ
678 4461 906 4534 μηδαμῆ
948 4461 1152 4534 χρῆναι
1183 4461 1557 4534 ξπαρολισθεῖν
1601 4463 1702 4535 τῆς
1753 4463 1834 4529 είς
1865 4463 2028 4520 αύτδν

425 4555 825 4628 γνησιότητος,
870 4555 967 4610 τοῦ
993 4555 1168 4611 τύπου
1215 4556 1595 4629 σημαίνοντος.
1639 4557 1763 4610 Ὅτι
1799 4557 1856 4612 δέ
1889 4555 2027 4612 Θεοῦ

427 4649 592 4707 πόλις
634 4651 670 4721 ή
715 4648 1036 4721 Ἐκκλησία,
1088 4649 1326 4722 μάλιστα
1379 4649 1482 4721 μὲν
1517 4649 1817 4721 ἅναϐοήσει
1867 4649 1964 4704 καὶ
2001 4649 2031 4704 ό

426 4740 599 4797 Δασὶδ
650 4741 862 4811 λέγων·
914 4760 933 4794 ι
969 4741 1348 4815 Δεδοξασμένα
1396 4741 1640 4814 ἐλαλήθη
1669 4741 1796 4815 περὶ
1841 4741 1962 4811 σοῦ,
1995 4743 2030 4814 ἡ

2125 3623 2186 3690 li,
2212 3623 2307 3694 qui
2326 3622 2434 3679 fide
2461 3622 2519 3677 in
2542 3621 2826 3678 Christum
2850 3621 2988 3678 clari
3013 3621 3255 3688 fuerant,
3281 3629 3339 3677 et
3363 3620 3572 3676 nefaria
3597 3636 3722 3690 pec-

2127 3718 2234 3773 cati
2261 3717 2478 3773 sarcina
2509 3715 2817 3782 exonerati,
2842 3723 2900 3772 et
2922 3715 3072 3772 intra
3117 3723 3340 3772 sanctas
3383 3715 3582 3771 domus
3624 3714 3723 3771 Dei

2127 3821 2319 3884 portas
2342 3811 2600 3883 ingressi,
2626 3810 2696 3866 ad
2742 3809 3110 3866 defectionem
3155 3815 3474 3878 suntatque
3499 3816 3723 3878 aposta-

2129 3904 2268 3960 siam
2316 3903 2505 3969 delati,
2545 3903 2652 3959 etsi
2695 3917 2807 3960 non
2852 3909 3100 3972 apertam
3130 3900 3387 3966 fortasse,
3416 3909 3473 3954 at
3515 3908 3667 3954 certe
3692 3916 3725 3954 e

2129 4004 2320 4052 sancta
2364 4005 2522 4067 porta
2569 3993 2900 4050 exsilicrunt
2927 4033 2942 4057 ,
2988 3992 3137 4064 quod
3196 4006 3383 4047 mores
3433 3990 3724 4046 hominum

2131 4088 2297 4144 idolis
2321 4087 2637 4144 deditorum
2666 4084 2849 4156 magni
2877 4083 3142 4140 facerent.
3170 4084 3320 4140 Intra
3343 4090 3531 4153 portas
3557 4082 3728 4153 igitur

2131 4179 2326 4235 sedere
2352 4219 2366 4243 ,
2399 4177 2705 4233 Sabbatum
2752 4173 3119 4245 spiritualiter
3173 4181 3421 4245 agentes,
3463 4173 3727 4243 pnecepit

2131 4269 2278 4325 Deus
2306 4285 2320 4323 :
2345 4283 2468 4339 qua:
2494 4266 2667 4338 ﬁgura
2701 4264 2977 4337 signiﬁcat
3021 4263 3338 4319 firmitatem
3381 4269 3549 4333 atque
3593 4278 3727 4317 con-

2132 4362 2413 4428 stantiam,
2439 4369 2497 4417 et
2521 4375 2794 4431 nusquam
2821 4359 2892 4415 ab
2933 4358 3084 4414 illius
3107 4357 3326 4412 sincero
3351 4370 3728 4427 germanoque

2133 4455 2288 4510 cultu
2325 4453 2490 4510 nobis
2531 4469 2655 4510 esse
2685 4452 3106 4511 discedendum.
3143 4451 3277 4506 Esse
3315 4457 3500 4505 autem
3537 4449 3729 4504 Eccle-

2133 4550 2273 4605 siam
2325 4547 2423 4604 Dei
2473 4548 2792 4614 civitatem,
2846 4546 3197 4618 apertissime
3251 4551 3486 4599 testatur
3530 4541 3728 4608 David,

2134 4659 2262 4699 cum
2285 4642 2354 4698 de
2385 4642 2475 4697 illa
2498 4641 2664 4708 dicit:
2699 4661 2716 4693 ι
2734 4640 2988 4698 Gloriosa
3014 4639 3161 4695 dicta
3185 4643 3316 4694 sunt
3337 4635 3406 4692 de
3436 4644 3509 4702 te,
3533 4634 3730 4691 civitas

2135 4734 2234 4790 Dei
2269 4734 2336 4787 δ’.
2363 4752 2380 4786 ι
2430 4733 2552 4804 Ipse
2586 4747 2808 4804 quoque
2853 4730 3109 4784 Salvator
3152 4726 3522 4784 certissimam
3564 4725 3729 4780 fidem

427 4833 590 4898 πόλις
619 4832 715 4890 τοῦ
753 4832 915 4888 Θεοῦ·
951 4853 970 4888 ι
1020 4834 1432 4908 πληροφορήσει
1462 4835 1522 4890 δέ
1549 4853 1654 4890 που
1685 4835 1782 4890 καὶ
1807 4835 1970 4901 αὐτὸς
2002 4837 2020 4890 ἑ

2136 4826 2266 4882 facit
2291 4825 2360 4882 de
2387 4825 2500 4893 illa,
2527 4825 2759 4884 dicens:
2793 4844 2812 4878 ι
2844 4824 2946 4880 llic
2974 4822 3257 4887 habitabo,
3291 4821 3555 4892 quoniam
3589 4819 3731 4891 elegi

428 4926 628 5002 Σωτὴρ
656 4925 786 5001 περὶ
818 4927 990 5000 αὐτῆς
1022 4927 1199 4998 λέγων
1218 4945 1231 4960 ·
1262 4922 1390 4983 ’Ὧδε
1416 4929 1733 5002 κατοικήσει)
1754 4929 1837 4983 ὅτι
1854 4929 2032 5001 ᾑρετι-

428 5020 623 5092 σάμην
645 5021 844 5094 αὐτήν.
876 5038 896 5073 ι

504 5117 716 5172 “MA.
771 5118 1020 5189 ’Δραρεν
1062 5112 1179 5182 οῦν,
1217 5117 1301 5172 ὄτι
1338 5117 1542 5182 παντὸς
1589 5117 1762 5189 ἔργου
1791 5117 2032 5173 καταλύ-

428 5225 607 5281 σομεν
632 5210 692 5263 ἐν
719 5207 1012 5281 Σαϐϐάτῳ,
1039 5207 1186 5264 κατά
1218 5225 1287 5280 γε
1313 5207 1377 5263 τὸ
1397 5208 1669 5284 νομοθέτῃ
1694 5208 1909 5265 δοκοῦν.

505 5381 675 5438 ΚΥΡ.
713 5382 792 5438 Ού
823 5383 1028 5449 παντὸς
1075 5383 1284 5450 ἁπλῶς,
1315 5377 1363 5439 ὧ
1391 5385 1690 5440 Παλλάδιεο
1734 5387 1797 5439 τὸ
1815 5385 1926 5458 γάρ
1950 5403 2044 5440 τοι

432 5473 633 5546 χρῆναι
671 5477 894 5547 φρονεῖν
937 5492 998 5529 τε
1049 5476 1146 5530 καὶ
1195 5475 1332 5548 δρᾷν
1381 5477 1450 5532 τὰ
1490 5478 1578 5547 ἐφ’
1626 5471 1709 5542 οἷς
1740 5477 1808 5534 ἂν
1852 5479 2038 5550 ἥδοιτο

428 5565 593 5631 Θεὸς,
620 5565 716 5620 καὶ
739 5565 803 5621 ού
853 5567 1084 5639 μετρίαν
1115 5566 1227 5639 ἔχοι
1257 5568 1362 5641 τὴν
1395 5567 1604 5641 δνησιν,
1636 5569 1739 5624 ούκ
1778 5571 2036 5624 ἐπαινου-

434 5657 614 5729 μένην
668 5657 738 5714 ἆν
796 5659 1095 5725 είσδέξαιτο
1139 5659 1240 5732 τήν
1306 5660 1628 5732 κατάληξιν.
1671 5661 2037 5734 Προστέθεικε

433 5749 549 5821 γὰρ
584 5749 653 5830 ού
677 5750 878 5823 μάτην,
906 5752 982 5818 ὦς
1011 5752 1072 5824 γέ
1110 5769 1200 5824 μοι
1224 5752 1395 5820 δοκεῖ,
1427 5752 1488 5807 τὸ
1512 5753 1755 5826 Γράμμα
1776 5755 1835 5808 τὸ
1865 5753 2033 5827 ἱερὸν,

549 5930 719 5988 "Jer.
772 5949 899 6003 xvn,
945 5934 1006 5990 19
1049 5950 1197 6007 seqq.

2061 4880 2110 4942 υ

2135 4936 2261 4976 eam
2283 4919 2349 4975 ⁸³.
2385 4939 2404 4971 ι

2211 5097 2411 5158 PALL.
2429 5099 2766 5156 Conclusum
2790 5107 2877 5156 est
2903 5098 3090 5169 igitur,
3117 5098 3187 5153 ab
3211 5095 3362 5152 omni
3389 5108 3558 5164 opere
3582 5080 3735 5147 desiJ

2137 5193 2400 5251 stendum
2429 5193 2485 5249 in
2549 5191 2831 5258 Sabbato,
2889 5201 2950 5246 ut
2996 5200 3149 5247 certe
3205 5189 3507 5263 lcgislatori
3552 5188 3734 5244 visum

2137 5298 2246 5345 est.

2206 5381 2366 5440 CYR.
2389 5381 2510 5438 Non
2536 5380 2606 5436 ab
2630 5378 2780 5437 omni
2798 5393 3048 5450 prorsus,
3075 5376 3321 5447 inquam,
3348 5374 3553 5431 Palladi
3575 5394 3588 5429 :
3609 5390 3735 5429 nam

2135 5475 2206 5531 ab
2229 5475 2297 5530 iis
2339 5473 2648 5546 cogitandis
2684 5481 2849 5542 atque
2876 5469 3166 5534 faciendis,
3192 5485 3316 5539 quae
3342 5469 3457 5526 Deo
3493 5469 3732 5539 placent,

2137 5577 2195 5624 et
2219 5584 2342 5638 qua:
2367 5583 2479 5623 non
2503 5566 2842 5622 mediocrem
2865 5563 3072 5617 habent
3094 5562 3388 5617 utilitatem
3410 5602 3424 5627 ,
3453 5575 3735 5630 nunquam

2138 5660 2494 5716 laudabiliter
2516 5658 2722 5714 cessari
2747 5664 2948 5728 potest.
2975 5655 3164 5725 Neque
3207 5653 3356 5708 enim
3402 5651 3613 5706 frustra
3655 5649 3738 5717 (ut

2143 5753 2279 5819 mihi
2319 5752 2547 5823 quidem
2574 5750 2815 5822 videtur)
2865 5749 3234 5822 adjunxcrunt
3273 5759 3443 5802 sacrae
3487 5742 3734 5802 Litterae,

1276 5937 1318 5970 ’³
1351 5936 1496 5994 Psal.
1527 5951 1741 6001 Luxu,
1773 5935 1821 5989 5.
1904 5937 1945 5967 ⁸³
1982 5933 2124 5989 Psal.
2158 5949 2334 5996 (mu,
2371 5931 2447 5987 15.
