4104 6440
440 432 543 487 ιιι

1455 393 1529 485 ἐμ
1568 427 1846 507 cvnlLLt
1879 421 2351 482 ALEXANDRINI
2390 418 2707 478 ARCHIEP.

3607 408 3710 463 τοο

436 554 895 613 sanctiﬁcandum
942 566 1064 610 esse
1109 571 1139 607 ιι
1186 552 1349 608 nobis
1397 549 1548 607 diem
1594 549 1963 606 Sabbatorum
2010 566 2012 597 τ

2127 544 2190 599 τὸ
2230 541 2556 612 ἁγιάζεσθαι
2590 540 2701 593 δεῖν
2751 536 2888 608 πρὸς
2922 534 3083 606 ἡμῶν
3125 532 3227 603 τὴν
3258 531 3370 585 τῶν
3418 527 3715 585 Σαϐϐάτων

446 668 466 701 ε
495 648 812 705 Recordare
833 660 1091 716 namque,
1121 647 1220 711 ait,
1245 644 1357 701 diei
1382 643 1773 707 Sabbatorum,
1815 650 1878 697 ut
1899 656 2025 698 sau-

434 740 643 798 ctiﬂces
680 755 807 794 eum
829 739 895 793 ⁸⁸.
931 758 950 790 ι
987 738 1047 793 Id
1068 753 1203 793 vero
1230 737 1307 793 ita
1329 736 1537 808 optime
1558 734 1932 807 perficiemus,
1975 733 2022 789 si

434 835 735 891 Sabbatutu
757 831 1118 904 spiritualiter
1144 829 1498 895 celebrando,
1524 828 1729 885 sanctis
1762 827 2024 898 Operibus

432 941 620 983 curam
644 935 809 997 atque
840 924 1186 996 diligentiam
1218 922 1656 994 irppenderimus
1696 939 1711 975 :
1751 920 1910 992 cujus
1941 920 2023 976 rei

430 1019 523 1074 illa
545 1018 772 1074 evidens
794 1018 969 1090 ﬁgura
1002 1015 1192 1082 fuerit,
1237 1014 1386 1086 quod
1426 1013 1668 1070 Sabbato
1708 1011 2024 1068 sacerdotes

431 1111 488 1165 in
517 1112 720 1182 templo
747 1113 1050 1170 Sabbatum
1076 1110 1378 1177 violabant,
1416 1117 1474 1165 et
1499 1108 1618 1163 sine
1643 1107 1804 1178 culpa
1850 1105 2024 1161 sacris

430 1200 598 1255 rebus
642 1216 869 1272 operam
913 1199 1139 1266 dabant,
1177 1199 1431 1255 victimas
1470 1196 1849 1260 immolabant,
1892 1210 2024 1250 oves

429 1292 735 1360 caedebant,
763 1294 927 1365 23o
949 1294 1136 1349 omnia
1158 1298 1458 1365 postremo,
1491 1280 1615 1360 qua:
1641 1287 1710 1343 ad
1759 1286 1858 1342 Dei
1899 1287 2021 1358 glo-

430 1385 572 1440 riam
619 1386 981 1455 pertinerent,
1008 1385 1233 1440 nemine
1274 1382 1607 1462 prohibente
1648 1380 2018 1437 faciebant”.

430 1476 576 1544 Quid
619 1478 808 1531 enim?
854 1492 966 1533 non
1002 1477 1321 1533 Iudaeorum
1357 1473 1651 1531 calumniis
1699 1472 1807 1529 hoc
1841 1473 2021 1544 ipsum

428 1570 686 1639 opposuit
706 1568 980 1636 Christus,
1005 1584 1133 1625 cum
1155 1568 1337 1639 ipsum
1363 1568 1432 1623 de
1461 1567 1759 1623 violatione
1796 1565 2020 1622 Sabbati

428 1660 875 1727 criminarentur,
900 1661 1043 1732 quod
1070 1660 1431 1733 paralyticum
1474 1657 1714 1715 Sabbato
1738 1658 2023 1715 curasset?

498 1754 699 1809 PALL.
731 1755 975 1810 Memini.

488 1843 646 1901 CYR.
670 1842 1119 1903 Circumducitur
1139 1845 1307 1900 etiam
1325 1843 1564 1900 homoin
1590 1841 1850 1909 Subbato,
1866 1843 2023 1914 juxta

2127 635 2374 707 ἡμέραν·
2413 654 2431 687 ι
2470 630 2757 702 Μνήσθητι
2797 629 2925 702 γὰρ,
2956 643 2974 678 ι
3010 625 3167 698 φησὶ,
3198 643 3219 677 ι
3243 622 3344 694 τὴν
3373 620 3587 693 ἡμέραν
3606 620 3715 674 τῶν

2094 726 2423 782 ·Σαϐϐόιτων
2468 723 2719 794 ἁγιάζειν
2772 721 2964 792 αὑτήν.
3023 738 3042 771 ι
3115 713 3605 787 Ἀποπερανοῦμεν
3659 713 3715 766 δὲ

2122 822 2285 879 τοῦτο
2333 820 2431 875 καί¹
2463 818 2584 873 λίαν
2625 812 2909 877 ἄπιεικῶς,
2944 812 2993 865 εί
3028 811 3201 879 ἁγίων
3234 807 3416 879 ἔργων
3453 802 3715 874 ἐπιμελη-

2121 916 2216 972 ταὶ
2244 909 2571 985 φαινόμεθα,
2602 905 3026 970 σαϐϐατίζοντες
3063 901 3300 973 νοητῶς·
3333 898 3422 969 εἴη
3447 897 3491 951 δ’
3529 896 3597 951 ἂν
3622 895 3715 949 τοῦ

2125 1007 2456 1081 πράγματος
2508 1000 2859 1062 omnian
2910 993 3171 1067 ἐναργὴς,
3228 991 3289 1047 τὸ
3320 991 3399 1081 γὲν
3443 986 3717 1081 Σαϐϐάτῳ

2123 1077 2252 1162 τοὺς
2289 1077 2479 1168 ίερέας
2519 1092 2579 1145 ἐν
2615 1089 2695 1161 τῷ
2735 1087 2865 1161 ἱερῷ
2895 1086 2959 1141 τὸ
2995 1084 3277 1140 Σάϐϐατον
3304 1077 3590 1153 βεϐηλοῦν,
3623 1077 3717 1131 καὶ

2123 1188 2444 1260 ἀμωμήτως
2494 1179 2823 1255 ἐργάξεσθαι
2865 1178 2938 1232 τὰ
2989 1176 3147 1248 ἱερὰ,
3198 1174 3296 1230 καὶ
3332 1170 3575 1243 πληροῦν
3618 1172 3715 1260 ϐυ-

2128 1258 2269 1345 σίας,
2292 1258 2387 1334 καὶ
2424 1274 2819 1349 μηλοσφαγεῖν,
2860 1270 3042 1325 πάντα
3073 1284 3136 1321 τε
3180 1267 3311 1337 δρᾷν
3343 1263 3412 1318 τὰ
3443 1265 3524 1326 είς
3554 1258 3714 1325 δόξαν

2126 1374 2263 1429 Θεοῦ
2302 1367 2708 1431 ἁδιακωλύτως.
2757 1366 2830 1419 Ἢ
2864 1365 2976 1435 γὰρ
3001 1361 3129 1433 οὐχὶ
3156 1362 3281 1423 ταῖς
3300 1355 3410 1412 τῶν
3444 1353 3713 1409 Ἰουδαίων

2097 1466 2376 1539 -μομφαῖς
2406 1460 2541 1515 αὐτὸ
2573 1459 2639 1532 δὴ
2675 1456 2837 1512 τοῦτο
2866 1452 3242 1525 παρεκόμισεν
3266 1450 3296 1502 ὁ
3331 1445 3590 1519 Χριστὸς,
3623 1443 3713 1498 ὅτε

2126 1563 2191 1634 δὴ
2216 1560 2376 1615 λύσιν
2392 1555 2738 1629 ἐπεφήμιζον
2770 1549 2921 1622 αύτῷ
2947 1547 3045 1604 τοῦ
3075 1546 3245 1621 νόμου
3286 1539 3713 1615 τεθεραπευκότι

2122 1654 2214 1711 τὸν
2248 1649 2565 1724 παράλυτον
2588 1649 2645 1701 ὲν
2666 1643 2959 1716 Σαϐϐάτῳς

2194 1743 2406 1799 ΙΙΔΛΛ.
2438 1738 2835 1811 Μεμνήσομαι.

2194 1835 2363 1893 ΚΥΡ.
2394 1831 2795 1903 Περιτέμνεται
2819 1826 2877 1881 δὲ
2900 1823 2999 1880 καὶ
3018 1821 3315 1894 ἄνθρωπος
3342 1821 3402 1875 ὲν
3423 1816 3711 1888 Σαϐϐάτῳ,

429 1936 733 1994 Salvatoris
760 1955 974 2005 vocem,
997 1939 1116 2011 lege
1139 1953 1251 1994 non
1272 1937 1592 1994 vindicante
1621 1954 1636 1991 :
1672 1896 1904 2008 spondet
1927 1936 2012 1991 ni-

2126 1925 2272 1980 κατὰ
2307 1925 2406 1997 τὴν
2443 1896 2538 1978 τοῦ
2570 1896 2828 1994 έωτῆρος
2849 1916 3055 1988 φωνὴν,
3088 1914 3189 1969 οὐκ
3218 1908 3581 1981 ἐπιτιμῶντος
3619 1905 3713 1961 τοῦ

428 2031 632 2085 mirum
660 2030 836 2102 ﬁgura
872 2039 927 2086 et
968 2030 1372 2102 propemodum
1398 2037 1589 2100 aperte
1624 2036 1880 2094 testatur,
1922 2027 2014 2092 iis,

427 2122 521 2191 qui
547 2121 603 2176 in
628 2121 845 2178 Christo
879 2120 1179 2177 Sabbatum
1202 2129 1392 2193 agunt,
1427 2120 1484 2175 id
1496 2127 1601 2185 est,
1625 2120 1719 2190 qui
1739 2135 1768 2174 a
1791 2126 2017 2189 peccato

423 2224 660 2279 cessant,
687 2230 752 2270 ac
778 2214 1193 2270 sanctiﬁcautur
1214 2230 1316 2285 per
1332 2212 1518 2278 fidem,
1547 2212 1696 2267 illam
1731 2212 1789 2267 in
1816 2208 2017 2281 spiritu

423 2305 902 2362 circumcisionem
926 2306 1274 2377 apertissime
1294 2305 1615 2369 convenire,
1642 2317 1767 2374 quas
1787 2302 1847 2357 fit
1868 2310 2018 2357 octa-

422 2412 513 2463 vo,
543 2397 597 2455 id
640 2404 748 2463 est,
787 2396 1218 2453 resurrectionis
1258 2394 1393 2451 die:
1441 2394 1524 2449 sic
1564 2393 1717 2449 enim
1763 2391 2017 2448 Christus

422 2490 763 2556 resurrexit;
804 2491 900 2560 qui
917 2498 1279 2559 posteaquam
1302 2488 1523 2553 revixit,
1552 2487 1838 2543 destructo
1862 2494 2015 2541 mor-

424 2582 494 2638 tis
532 2582 788 2653 imperio,
825 2581 974 2637 illico
1029 2588 1221 2637 sancto
1266 2580 1478 2651 Spiritu
1515 2590 1668 2635 “suos
1711 2578 2016 2648 discipulos

420 2675 735 2746 obsignavit
775 2676 1041 2746 :haecquc
1061 2684 1147 2730 est
1170 2674 1259 2729 illa
1292 2673 1349 2728 in
1386 2672 1595 2743 Spiritu
1640 2670 2009 2728 circumcisio.

420 2766 724 2822 lnsulllavit
767 2768 938 2835 enim,
981 2767 1215 2829 dicens:
1265 2783 1284 2819 ι
1319 2764 1565 2837 Accipite
1589 2766 1859 2836 Spiritum
1882 2779 2011 2819 san-

420 2868 573 2916 ctum
593 2859 659 2913 ⁸⁵.
688 2877 707 2910 ι
752 2858 952 2917 Annon
1018 2859 1223 2917 Paulus
1265 2874 1486 2931 quoque
1512 2859 1589 2914 ita
1612 2857 1731 2913 fieri
1769 2857 2012 2913 cireum-

2123 2017 2294 2089 νόμου
2312 2032 2325 2046 ’
2362 2014 2657 2086 παρεγγυᾷ
2677 2011 2787 2083 γὰρ
2810 2011 2842 2064 ό
2858 2007 3031 2072 τύπος
3052 2006 3149 2061 καὶ
3175 2002 3460 2076 μονονουχὶ
3482 2001 3715 2071 διαμαρ⁹

2123 2108 2352 2180 τύρεται
2380 2105 2592 2177 σαφῶς,
2620 2106 2702 2158 ὃτι
2742 2101 2945 2175 πρέποι
2973 2099 3038 2155 ἂν
3062 2098 3159 2155 καὶ
3185 2096 3332 2169 μάλα
3354 2094 3581 2157 εἰκότως
3602 2093 3717 2157 τοῖς

2124 2201 2182 2254 ὲν
2202 2197 2424 2271 Χριστῷ
2443 2194 2854 2259 σαϐϐατίζουσι,
2874 2190 3149 2253 τουτέστι,
3166 2190 3281 2251 τοῖς
3304 2184 3716 2256 καταλήγουσιν

2126 2293 2422 2364 ἁμαρτίας,
2459 2290 2555 2344 καὶ⁴
2583 2285 2969 2357 ἀγιαζομένοις
2999 2282 3090 2339 διὰ
3114 2282 3370 2345 πίστεως,
3408 2279 3443 2350 ἡ
3466 2278 3524 2331 ὲν
3552 2274 3717 2329 πνεύ-

2127 2398 2262 2456 ματι
2292 2380 2568 2455 περιτομὴ
2606 2377 2959 2451 πραττομένη
3008 2374 3153 2431 κατὰ
3175 2373 3274 2444 τὴν
3310 2371 3530 2440 ὀγδόην,
3559 2385 3716 2422 τουτ-

2098 2474 2241 2533 ,έστι
2272 2472 2374 2544 τὴν
2404 2470 2780 2540 ἀναστάσιμον
2808 2467 3025 2540 ἡμέραν
3050 2484 3064 2500 ο
3112 2465 3417 2536 ἐγήγερται
3437 2461 3547 2532 γὰρ
3571 2457 3718 2513 οὕτω

2122 2564 2379 2637 Χριστός.
2421 2562 2640 2633 Ἐπειδὴ
2668 2560 2725 2617 δὲ
2754 2558 2977 2625 ἀνεϐίω,
2997 2557 3061 2612 τὸ
3087 2556 3184 2612 τοῦ
3210 2554 3445 2613 θανάτου
3473 2549 3713 2605 καταλύη

2124 2672 2223 2722 σας
2264 2657 2486 2730 κράτος,
2532 2652 2973 2726 κατεσφράγισεν
3011 2650 3177 2715 εὐθὺς
3230 2648 3311 2721 τῷ
3354 2646 3495 2718 ἁγίῳ
3538 2643 3715 2699 Πνεῦ-

2124 2768 2255 2826 ματι
2285 2750 2414 2814 τοὺς
2451 2747 2646 2803 ἑαυτοῦ
2691 2746 3025 2817 γνωρίμους,
3064 2745 3161 2798 καὶ
3202 2740 3363 2798 τοῦτό
3407 2739 3619 2809 ὲστινή
3653 2736 3715 2793 ὲν

2119 2844 2395 2915 πνεύματι
2439 2841 2731 2914 περιτομή.
2779 2839 3113 2910 Ἐνεφύσησε
3141 2835 3253 2906 γὰρ
3288 2833 3465 2903 λέγων
3490 2848 3504 2864 ·
3545 2851 3564 2883 ι
3599 2830 3713 2885 Λά-

420 2950 693 3008 eisionem
734 2951 792 3008 in
855 2953 1054 3024 spiritu
1107 2952 1345 3008 fatetur?
1386 2950 1721 3009 Circumeidi
1774 2963 2011 3021 namque

2120 2936 2247 2992 ϐετε
2283 2934 2512 3006 Πνεῦμα
2546 2933 2724 3002 ἅγιον.
2766 2952 2787 2985 ι
2825 2932 2899 2986 Ἢ
2938 2932 3037 3001 οὐχ
3064 2928 3211 2983 οὕτω
3243 2924 3583 3000 πράττεσθαι
3610 2922 3711 2995 τὴν

418 3052 676 3114 oportere
701 3059 818 3109 eos,
868 3045 963 3114 qui
1007 3043 1358 3100 crediderant
1383 3085 1397 3111 ,
1434 3043 1853 3099 circumcisione
1898 3056 2011 3097 non

2117 3027 2195 3091 ὡς
2234 3030 2293 3082 tv
2332 3027 2515 3098 νοήσει
2559 3025 2863 3096 περιτομὴν
2894 3024 2990 3078 καὶ
3022 3025 3054 3077 ό
3086 3019 3298 3084 Παῦλός
3342 3033 3512 3090 «mat;
3545 3018 3714 3087 Περι·-

418 3136 749 3203 manufacta,
780 3138 834 3193 id
858 3109 961 3203 est,
986 3137 1206 3208 spiritu,
1235 3109 1575 3194 asseveravit
1602 3137 1667 3191 ⁸⁷.
1695 3134 2007 3204 Quinetiam

2117 3120 2421 3191 τετμῆσθαι
2447 3117 2556 3189 γὰρ
2570 3117 2683 3172 δεῖν
2706 3119 2977 3188 περιτομῇ
3003 3113 3428 3185 ἀχειροποιήτῳ,
3458 3109 3711 3165 τουτέστι

419 3229 551 3285 illud
575 3228 902 3297 addiderim,
930 3204 1041 3287 non
1064 3247 1225 3302 posse
1245 3244 1347 3286 nos
1379 3232 1473 3301 qui
1490 3226 1854 3301 spiritualiter
1875 3227 2010 3284 Sab-

2117 3214 2411 3284 πνεύματι,
2445 3210 2818 3283 διισχυρίσατο
2860 3209 2988 3273 τοὺς
3025 3205 3482 3269 πεπιστευκότας.
3528 3204 3714 3276 Προσ-

421 3318 606 3374 batum
634 3296 939 3388 servamus,
969 3296 1340 3393 congruenter
1372 3296 1441 3376 ab
1464 3296 1553 3386 iis,
1584 3334 1707 3392 quae
1743 3319 1811 3375 ad
1848 3319 2008 3374 forti-

2116 3304 2271 3378 θείην
2304 3305 2349 3359 δ’
2382 3305 2451 3360 ἂν
2479 3305 2583 3371 ὅτι,
2619 3302 2730 3358 τῶν
2770 3303 2853 3368 είς
2882 3301 3136 3375 ἀνδρείαν
3179 3300 3281 3372 τὴν
3306 3296 3711 3370 πνευματικὴν,

417 3412 670 3468 tudinem
695 3414 1038 3485 spiritualem
1072 3414 1373 3484 pertinent,
1399 3415 1540 3470 etab
1584 3414 1840 3471 hostibus
1881 3428 2013 3468 con-

417 3508 686 3574 terendis,
711 3509 1159 3580 adversariisque
1186 3510 1242 3567 in
1265 3510 1489 3567 Christo
1518 3508 1868 3579 superandis,
1910 3518 2013 3563 un-

415 3612 582 3671 quam
611 3616 871 3657 cessare-z
898 3610 956 3657 et
996 3604 1117 3673 ejus
1136 3604 1215 3660 rei
1268 3604 1562 3674 imaginem
1589 3601 1692 3658 tibi
1730 3599 2011 3671 proferam

417 3702 613 3746 rursus
633 3699 876 3747 veterem
899 3692 1055 3747 illum
1073 3693 1281 3759 Jesum,
1307 3693 1405 3764 qui
1429 3708 1536 3748 una
1556 3706 1681 3749 cum
1706 3690 2011 3746 ﬁliislsrael

416 3781 620 3845 urbem
646 3782 871 3843 Iericho
901 3786 1135 3857 septimo
1171 3785 1282 3853 die,
1310 3786 1366 3842 id
1391 3794 1476 3842 est
1514 3784 1776 3850 Sabbato,
1804 3782 1972 3855 cepit.

482 3955 682 4012 PALL.
710 3956 895 4014 Solam
918 3958 1088 4031 igitur
1113 3960 1275 4016 nobis
1300 3976 1331 4015 a
1350 3959 1617 4031 nequitiae
1657 3974 1724 4016 ac
1758 3968 2011 4030 peccato-

415 4064 539 4104 rum
556 4050 822 4120 operibus
840 4053 1210 4118 vacationem,
1234 4053 1383 4124 quod
1407 4052 1476 4108 ad
1505 4052 1797 4110 veritatem
1833 4054 2010 4125 perti-

413 4152 510 4198 net
533 4150 793 4214 tanquam
832 4145 891 4201 in
913 4146 1105 4218 ﬁguris
1131 4148 1245 4204 illis
1270 4148 1455 4205 adhuc
1473 4147 1763 4204 veteribus
1804 4160 2009 4220 prope-

414 4234 638 4293 modum
676 4236 1078 4307 adumbratam,
1104 4239 1406 4297 Sahbatum
1429 4240 1639 4296 afferet.

490 4322 650 4381 ΟΥΕ.
684 4327 765 4383 Ita
806 4330 897 4385 aio
949 4348 961 4384 :
995 4331 1042 4387 si
1075 4345 1210 4387 vero
1238 4346 1399 4389 secus
1421 4332 1610 4399 habet,
1638 4331 1694 4387 id
1721 4329 2011 4386 manifeste

413 4414 622 4473 Christi
647 4421 970 4491 mysterium
995 4424 1318 4480 ostenderit.
1575 4471 1579 4479 .
1666 4422 1671 4429 ”

483 4506 687 4562 PALL.
713 4508 834 4578 Quo
862 4514 1087 4571 tandem
1106 4516 1315 4571 modo?

2110 3399 2207 3454 καὶ
2251 3397 2346 3452 τοῦ
2393 3394 2705 3468 συντρίϐειν
2738 3395 2990 3468 ἐχθροὺς,
3040 3394 3137 3449 καὶ
3184 3394 3342 3465 νικᾷν
3386 3393 3445 3446 ἔν
3485 3387 3713 3461 Χριστῷ

2108 3492 2237 3553 τοὺς
2280 3490 2710 3562 ἀνθεστηκότας,
2747 3488 2849 3543 οὐκ
2883 3489 2950 3544 ἂν
2978 3486 3395 3557 καταλῆξαιμεν
3455 3483 3710 3547 εἰκότως,
3768 3529 3773 3532 .

2111 3583 2318 3656 νοητῶς
2350 3580 2769 3651 σαϐϐατίζοντες
2793 3598 2808 3613 ο
2842 3582 3029 3636 εἰκόνα
3065 3579 3125 3634 δέ
3151 3596 3235 3634 σοι
3265 3576 3516 3648 παροίσω
3544 3575 3713 3630 πάλιν

2108 3681 2203 3735 τὸν
2243 3680 2468 3750 ἀρχαῖον
2506 3679 2713 3732 ἐκεῖνον
2767 3674 2996 3746 Ἰησοῦν,
3044 3673 3183 3742 ὁμοῦ
3222 3674 3338 3738 τοῖς
3378 3671 3439 3739 ἐξ
3488 3667 3713 3741 Ἰσραὴλ

2111 3771 2361 3846 ᾑρηκότα
2401 3769 2501 3842 τὴν
2548 3767 2762 3842 Ἱεριχὼ
2816 3767 2963 3822 κατὰ.
3015 3766 3113 3839 τὴν
3164 3765 3400 3837 ἑϐδόμην
3446 3762 3666 3834 ἡμέραν
3690 3801 3707 3829 ,

2109 3864 2411 3929 τουτέστιν,
2445 3865 2504 3918 ἐν
2528 3860 2607 3935 τῷ
2638 3860 2923 3928 Σαϐϐάτῳ.

2180 3957 2391 4011 ΠΑΛΛ.
2430 3954 2655 4026 ’Ᾱργίαν
2686 3948 2781 4008 οὖν
2818 3952 2928 4025 ἄρα
2952 3950 3016 4005 τὸ
3049 3948 3327 4005 Σάϐϐατον
3362 3946 3523 4019 μόνον
3547 3947 3707 4018 ἡμῖν,

2110 4052 2186 4116 ὡς
2209 4049 2374 4115 ἔοικε,
2410 4049 2519 4103 τῶν
2566 4049 2631 4100 ὲκ
2654 4046 2990 4118 φαυλότητος
3023 4044 3119 4100 καὶ
3149 4039 3437 4113 ἁμαρτιῶν
3464 4038 3712 4111 εισκομί-

2113 4160 2256 4199 σειεν
2284 4142 2370 4207 ἂν,
2400 4141 2528 4211 τόγε
2571 4134 2709 4213 ἧκον
2739 4141 2822 4204 εἰς
2860 4137 3142 4211 ἀλήθειαν,
3177 4136 3278 4207 τὴν
3313 4135 3390 4200 ὡς
3412 4136 3471 4190 iv
3514 4133 3709 4197 τύποις

2111 4238 2200 4293 ιτι
2223 4238 2338 4299 τοῖς
2359 4234 2739 4308 ἀρχαιοτέροις
2768 4232 3055 4305 μονονουχὶ
3084 4228 3631 4300 σκιαγραφουμένην.

2182 4329 2349 4385 ΚΥΡ.
2388 4327 2548 4383 Οὕτω
2574 4326 2720 4400 φημί
2743 4344 2756 4357 ·
2787 4327 2911 4383 καθ’
2936 4327 3125 4398 ἕτερον
3150 4323 3207 4378 δὲ
3227 4323 3452 4396 τρόπον,
3485 4321 3549 4376 τὸ
3572 4320 3709 4394 Χρι-

2113 4423 2242 4479 στοῦ
2272 4423 2569 4494 μυστήριον
2587 4418 2966 4493 παραδείξειεν
2986 4417 3054 4473 ἂν
3079 4416 3176 4473 καὶ
3206 4415 3353 4487 μάλα
3383 4412 3595 4484 σαφῶς.

2185 4515 2400 4568 ΠᾹΛΛ.
2433 4512 2572 4567 Τίνα
2594 4510 2661 4583 δὴ
2687 4512 2817 4582 φής.

486 4599 645 4656 CYR.
672 4604 822 4661 Dixit
842 4614 993 4663 certe
1021 4607 1224 4664 iterum
1269 4608 1396 4663 lex:
1436 4626 1454 4658 ι
1486 4604 1544 4663 Si
1589 4606 1796 4661 emeris
1825 4606 2007 4660 virum

2182 4606 2504 4677 ΚΥΡ.”Εφη
2518 4621 2622 4658 που
2641 4604 2804 4659 πάλιν
2824 4606 2853 4657 ό
2870 4601 3054 4675 νόμοςο
3079 4620 3099 4655 ι
3122 4600 3321 4656 Ἐὰνδὲ
3340 4599 3519 4673 κτήσῃ
3537 4597 3707 4652 παῖδα

414 4691 728 4763 Hebraeum,
757 4714 854 4754 sex
868 4714 1044 4755 annos
1063 4701 1270 4755 serviet
1295 4700 1432 4766 tibi,
1460 4714 1607 4754 anno
1630 4707 1817 4754 autem
1839 4694 2009 4769 septi-

415 4799 508 4840 mo
530 4788 846 4865 egredietur
884 4792 1030 4847 liber
1065 4792 1240 4864 gratis
1263 4792 1329 4846 ³³.
1367 4811 1384 4842 ι
1441 4791 1510 4846 Ει
1540 4791 1658 4846 haec
1698 4791 1923 4860 quidem
1946 4789 2007 4847 in

414 4872 624 4936 Exodo.
666 4877 727 4933 In
752 4880 1181 4937 Deuteronomio
1227 4896 1362 4936 vero
1413 4895 1607 4936 rursus
1646 4880 1722 4935 ita
1764 4880 1944 4952 inquit
1986 4898 2000 4936 :

423 4984 443 5023 ι
475 4966 533 5022 Si
555 4976 740 5025 autem
768 4971 1030 5028 venditus
1053 4972 1156 5028 tibi
1181 4971 1353 5028 fuerit
1388 4971 1558 5027 frater
1590 4980 1718 5027 tuus
1742 4973 2006 5029 Hebraeus

414 5059 501 5114 vel
546 5058 795 5128 Hebrma,
844 5066 1048 5123 serviet
1094 5064 1196 5120 tibi
1241 5078 1416 5119 annos
1479 5078 1606 5130 sex,
1658 5075 1716 5119 et
1768 5066 2007 5137 septimo

412 5149 636 5206 emittes
671 5166 800 5209 eum
858 5168 893 5210 α
959 5164 1014 5210 te
1080 5154 1316 5211 liberum
1361 5173 1374 5208 :
1420 5170 1547 5211 eum
1592 5169 1728 5211 vero
1784 5156 2006 5212 emittes

413 5256 542 5295 eum
590 5241 834 5299 liberum
890 5261 923 5301 a
974 5255 1047 5313 te,
1098 5263 1210 5303 non
1271 5248 1493 5304 emittes
1542 5264 1672 5303 eum
1717 5262 1994 5315 vacuum;

415 5331 680 5423 viaticum
724 5335 885 5393 dabis
931 5338 983 5395 ei
1047 5339 1117 5395 ab
1155 5341 1351 5397 ovibus
1400 5343 1529 5408 tuis,
1568 5349 1625 5399 et
1668 5358 1698 5397 a
1728 5343 2006 5398 frumento

416 5433 534 5488 tuo,
559 5432 616 5478 et
640 5440 671 5480 a
702 5429 966 5487 torculari
1005 5438 1127 5500 tuo;
1166 5433 1310 5489 sicut
1348 5434 1696 5492 benedixerit
1748 5443 1803 5491 te
1843 5430 2002 5506 231

416 5515 682 5574 Dominus
703 5520 850 5578 Deus
895 5530 1043 5591 tuus,
1076 5525 1235 5583 dabis
1272 5526 1323 5583 ei
1370 5528 1437 5582 ”.
1478 5548 1498 5580 ι
1552 5528 1691 5582 Nam
1732 5526 2008 5598 superiori

416 5616 669 5678 tempore
696 5612 959 5672 universo
982 5629 1110 5673 ante
1152 5620 1329 5675 nostri
1365 5620 1667 5675 Salvatoris
1706 5618 2007 5674 adventum

404 5696 617 5766 .spiritu
658 5706 946 5767 servitutis
985 5708 1151 5765 Israel
1188 5711 1701 5783 constringebatur,
1751 5708 1861 5781 legi
1900 5725 2006 5779 pur-

526 5814 573 5894 ⁸ξ
592 5816 776 5894 _Exod.
806 5839 893 5891 xx,
914 5823 966 5879 8.
1050 5825 1097 5858 ⁸³
1124 5824 1314 5881 Matth.
1348 5841 1458 5892 χχι,
1486 5824 1573 5880 12.
1656 5824 1701 5857 ⁸⁸
1728 5823 1891 5885 Joan,
1913 5840 2003 5894 xx,

2116 5864 2124 5878 .
2188 5821 2231 5854 ⁸⁷
2265 5816 2475 5875 Coloss.
2512 5834 2571 5885 ιι,
2606 5817 2692 5873 ll.

440 5883 633 5950 {2-14.

2126 4696 2403 4770 Ἐϐραῐον,
2421 4693 2483 4760 ἓξ
2518 4694 2613 4764 ἐτη
2634 4691 2913 4746 δουλεύσει
2936 4708 3045 4755 σοι,
3064 4690 3145 4763 τῷ
3162 4690 3220 4743 δὲ
3248 4688 3358 4742 ἔτει
3385 4685 3465 4758 τῷ
3492 4684 3707 4754 ἑϐδόμῳ

2111 4787 2473 4844 ἀπελεύσεται
2489 4782 2773 4856 ἐλεύθερος
2787 4782 3019 4855 δωρεάν.
3046 4802 3067 4834 ι
3084 4782 3196 4836 Καὶ
3216 4783 3274 4837 ἐν
3292 4781 3394 4852 μὲν
3408 4781 3474 4851 τῇ
3508 4776 3709 4847 Ἐξόδῳ

2111 4878 2291 4934 ταυτί.
2364 4877 2456 4931 Ἑν
2505 4875 2564 4930 δὲ
2607 4874 2687 4947 τῷ
2715 4873 3125 4946 Δευτερονομίῳ
3158 4871 3326 4927 πάλιν
3358 4869 3503 4925 οὕτω
3536 4867 3704 4939 φησί·

2119 4990 2140 5026 ι
2188 4969 2317 5025 Ἐὰν
2360 4968 2419 5022 δὲ
2452 4966 2637 5039 πραθῇ
2672 4984 2754 5021 σοι
2785 4969 2814 5020 ὁ
2849 4965 3076 5037 ἀδελφός
3100 4983 3196 5020 σου
3238 4966 3268 5019 ὁ
3300 4962 3577 5034 Ἐϐραῖος,
3607 4960 3642 5031 ἢ
3669 4961 3703 5031 ἡ

2123 5058 2373 5131 Ἑϐραία,
2401 5058 2680 5114 δουλεύσει
2700 5076 2783 5113 σοι
2812 5058 2874 5124 ἒξ
2900 5057 3020 5131 ἐτη,
3051 5058 3148 5113 καὶ
3165 5057 3247 5129 τῷ
3277 5055 3492 5127 ἑϐδόμῳ
3512 5052 3707 5118 ἐξαπο-

2115 5154 2322 5217 στελεῖς
2350 5152 2516 5208 αὐτὸν
2546 5151 2833 5224 ἐλεύθερον
2865 5151 2975 5205 ἀπὸ
3009 5150 3107 5205 σοῦ
3128 5168 3141 5182 ·
3172 5151 3303 5205 ὅταν
3331 5149 3389 5203 δὲ
3410 5148 3705 5215 ἐξαποστε-

2112 5248 2225 5311 λεῖς
2255 5244 2421 5300 αὐτὸν
2450 5243 2738 5314 ἐλεύθερον
2778 5242 2887 5298 ἀπὺ
2918 5241 3037 5307 σοῦ,
3066 5243 3168 5296 οὐκ
3198 5238 3581 5308 ὲξαποστελεῖς
3605 5237 3705 5291 αὐ-

2110 5339 2204 5393 τὸν
2223 5337 2399 5393 κενόν·
2424 5335 2637 5408 ἑφόδιον
2649 5334 2959 5405 ὲφοδϊάσεις
2979 5333 3145 5389 αὑτὸν
3161 5334 3270 5388 ἀπὸ
3286 5331 3398 5387 τῶν
3415 5329 3705 5403 προϐάτων

2113 5446 2231 5496 σου,
2258 5428 2357 5482 καὶ
2375 5427 2483 5482 ἀπὸ
2498 5424 2595 5480 τοῦ
2614 5426 2762 5479 σίτου
2784 5426 2883 5480 καὶ
2902 5425 3014 5482 ἀπὸ
3028 5425 3128 5497 τῆς
3157 5424 3361 5494 κλήρου
3386 5436 3505 5477 σουσ
3523 5417 3706 5482 καθὼς

2114 5520 2388 5594 ηὑλόγησέ
2413 5535 2474 5573 σε
2507 5520 2716 5591 Κύριος
2747 5520 2776 5572 ὀ
2803 5518 2939 5583 Θεός
2969 5534 3084 5584 σου,
3112 5516 3309 5580 δώσεις
3334 5513 3505 5585 αὐτῷ.
3538 5530 3558 5564 ι
3601 5510 3709 5565 Τὸν

2115 5617 2216 5687 μὲν
2233 5614 2344 5686 γὰρ
2366 5611 2528 5669 ἄλλον
2549 5611 2766 5668 ἅπαντα
2786 5612 3002 5684 χρόνον,
3061 5611 3170 5683 πρὸ
3206 5606 3308 5682 τῆς
3329 5602 3427 5663 τοῦ
3450 5605 3705 5675 Σωτῆρος

2112 5707 2271 5780 ἡμῶν
2305 5705 2618 5777 ἐπιδημίας,
2649 5703 2923 5776 πνεύματι
2959 5702 3209 5766 δουλείας
3243 5703 3274 5755 ό
3331 5694 3546 5773 Ἰσραὴλ
3568 5712 3707 5752 κατ-

2806 5817 2851 5853 ⁸⁸
2881 5817 3056 5875 Exod.
3083 5833 3193 5884 xxI,
3219 5816 3274 5872 2.
3353 5815 3579 5881 "Deut.
3611 5827 3702 5881 xv,
