4104 6428
415 404 521 465 531

1131 406 1221 465 DE
1258 408 1706 468 ADOBATIONE
1743 412 1810 468 IN
1854 408 2128 469 SPIRITU
2169 412 2258 467 ET
2302 414 2672 471 VERITATE.
2716 414 2845 471 LIB.
2890 412 3001 469 VII.

3611 413 3716 468 50*}
3744 428 3748 437 '

408 525 741 597 εσφίγγετο,
798 524 946 596 νόμῳ
990 524 1077 598 τῷ
1138 527 1425 595 κολάζοντι
1480 531 2011 605 καταζευγνύμενος.

2138 532 2296 588 ιίειιιί
2331 534 2651 606 subjectus;
2678 543 2868 607 postea
2898 548 3031 589 vero
3054 546 3220 603 quam
3250 527 3515 587 extremis
3531 531 3719 586 saeculi

424 616 653 689 Ἐπειδὴ
695 615 753 671 δὲ
779 617 840 671 ὲν
867 617 1119 688 ἐσχάτοις
1150 619 1246 675 τοῦ
1276 622 1472 687 αἰῶνος
1495 627 1708 697 καιροῖς
1738 626 2011 697 (τέθειται

2140 626 2479 694 emporibus,
2511 642 2747 698 quorum
2773 627 2939 683 etiam
2967 625 3200 697 ﬁguram
3226 622 3530 680 Sabbatum
3549 621 3721 679 fuisse

408 709 475 765 δὲ
504 711 642 782 ἡμῖν
674 709 770 764 καὶ
805 709 961 764 τοῦδε
990 710 1160 778 τύπος
1189 711 1252 768 rb
1289 714 1606 789 Σάϐϐατον)
1637 718 1953 791 ἐπέλαμψεν
1985 721 2014 774 ὁ

423 801 816 874 Ἐμμανουὴλ,
864 802 989 856 τότε
1044 803 1110 877 δὴ
1159 806 1221 861 τὸ
1274 806 1373 877 μὲν
1425 808 1672 875 δουλείας
1726 811 2013 884 ἀφῄρηται

407 893 667 965 πνεῦμα,
705 895 1212 966 προσκεκομικότες
1244 896 1300 951 δὲ
1330 898 1468 965 ὅλως
1503 900 1659 955 οὐδὲν
1690 902 1774 967 είς
1811 902 2018 958 ἀπολύ-

406 1005 627 1061 τρωσιν
658 987 738 1059 τῷ
758 987 1024 1062 Δεσπότῃ,
1061 990 1484 1065 φιλανθρωπίνῳ
1510 993 1695 1067 χάριτι
1722 995 2018 1067 κέκληνται

410 1081 563 1152 πρὸς
605 1080 944 1153 ἐλευθερίαν,
992 1082 1088 1137 καὶ
1128 1082 1211 1148 είς
1239 1081 1339 1157 τὴν
1380 1085 1482 1157 τῆς
1517 1087 1793 1154 υἱοθεσίας
1816 1089 1978 1157 δόξαν
2002 1108 2016 1122 ·

409 1170 803 1228 δεδικαίωνται
827 1172 938 1248 γὰρ
961 1175 1012 1229 oi
1046 1174 1440 1242 πιστεύσαντες
1477 1180 1581 1234 οὐκ
1609 1178 1671 1245 ἐξ
1707 1178 1890 1253 ἔργων
1930 1181 2020 1237 νό-

416 1283 530 1338 μου
580 1265 723 1321 κατὰ
765 1266 867 1332 τὰς
899 1268 1145 1340 Γραφὰς,
1171 1268 1290 1325 ἀλλ’
1332 1273 1400 1326 ἐκ
1433 1271 1695 1338 πίστεως.
1731 1274 1845 1330 Καὶ
1864 1273 2024 1330 τοῦτο

413 1356 563 1413 εἶναί
601 1378 747 1432 φημι
772 1360 857 1430 τὸ,
908 1381 929 1415 ι
977 1361 1366 1419 Ἀπελεύσεται
1403 1364 1689 1438 ἐλεύθερος
1721 1366 1952 1442 δωρεάν.
1996 1384 2021 1421 ι

429 1451 603 1519 Ἀλλ’,
641 1471 661 1504 ι
692 1452 885 1517 Ὅταν,
922 1454 1110 1526 φησὶν,
1148 1454 1534 1524 ὲξαποστελεῖς
1553 1459 1716 1516 αὑτὸν
1739 1461 2044 1537 ἐλεύθερον.

416 1543 533 1598 ἀπὸ
566 1542 688 1610 σοῦ,
719 1544 820 1599 οὐκ
855 1544 1243 1612 ὲξαποστελεῖς
1295 1549 1458 1605 αὐτὸν
1486 1552 1664 1609 κενόν·
1690 1553 1904 1624 ἐφόδιον
1926 1558 2026 1625 ἔφ-

415 1634 664 1701 οδιάσεις
699 1636 864 1692 αὐτὸν
882 1636 989 1691 ἀπὸ
1010 1637 1120 1693 τῶν
1147 1640 1440 1712 προϐάτων
1468 1660 1588 1710 σου,
1615 1645 1726 1700 ἀπὸ
1750 1645 1844 1701 τοῦ
1876 1646 2027 1702 σίτου

2118 715 2622 788 anobispositum
2662 728 2781 786 est,
2829 715 3392 782 illuxit'Emmanuel,
3425 722 3542 771 tum
3583 728 3720 770 vero

2119 811 2677 883 servitutis-spiritus
2716 812 2970 869 sublatus
3008 817 3130 879 est;
3157 820 3398 881 cumque
3431 807 3575 863 nihil
3606 807 3719 864 Do-

2121 905 2273 961 mino
2294 920 2398 976 pro
2421 904 2805 976 redemptione
2821 905 3209 971 contulissent,
3227 901 3574 974 benignitate
3591 915 3721 972 gra-

2122 997 2215 1054 tia:
2260 1006 2392 1054 sunt
2430 997 2501 1053 ad
2539 997 2857 1054 libertatem
2894 1004 2952 1053 et
2988 996 3058 1052 ad
3118 995 3355 1068 gloriam
3400 989 3723 1063 adoptionis

2122 1090 2304 1148 vocati
2331 1108 2345 1145 :
2368 1106 2498 1147 nam
2516 1089 2807 1164 iustiﬁcati
2846 1096 3000 1155 sunt,
3045 1088 3141 1159 qui
3175 1085 3560 1149 crediderunt,
3610 1096 3726 1138 non

2123 1198 2194 1240 ex
2219 1182 2489 1254 operibus
2510 1183 2668 1255 legis,
2696 1182 3049 1254 utseriptum
3071 1187 3176 1246 est,
3207 1178 3304 1235 sed
3327 1194 3397 1235 ex
3421 1177 3548 1233 fide.
3582 1175 3726 1231 Hoe-

2124 1290 2235 1346 que
2280 1288 2405 1333 esse
2450 1274 2677 1346 inquam
2720 1275 2900 1331 illud:
2964 1293 2983 1325 ο
3046 1271 3376 1344 Egredietur
3415 1268 3562 1325 liber
3599 1282 3726 1337 gra-

2126 1367 2201 1426 tis
2224 1368 2264 1425 ¹.
2303 1386 2323 1421 ι
2353 1367 2464 1425 Sed
2509 1382 2639 1424 cum
2659 1367 2879 1439 inquit,
2919 1385 2939 1418 ι
2970 1366 3209 1421 Emittes
3249 1378 3379 1420 eum
3421 1361 3665 1417 liberum
3689 1374 3721 1415 a

2128 1468 2206 1527 te,
2231 1476 2345 1517 non
2370 1460 2595 1517 emittes
2614 1475 2745 1541 eum
2765 1474 3047 1520 vacuum:
3076 1456 3343 1514 viaticum
3365 1456 3525 1511 dabis
3548 1454 3629 1509 illi
3653 1454 3723 1510 ab
3748 1494 3756 1499 .

2129 1552 2328 1611 ovibus
2363 1553 2496 1619 tuis,
2520 1568 2552 1608 a
2582 1551 2866 1608 frumento
2912 1558 3032 1614 tuo,
3074 1556 3132 1605 et
3155 1564 3188 1604 a
3211 1547 3477 1604 torculari
3499 1554 3597 1601 tuo
3622 1546 3667 1609 ³,
3700 1563 3719 1595 ι
3750 1572 3751 1575 η

2127 1645 2289 1703 vides
2328 1645 2623 1717 perspicue
2670 1643 2880 1701 Christi
2906 1641 3157 1716 mysterii
3192 1640 3308 1696 vim
3343 1640 3401 1694 in
3432 1638 3522 1694 his
3541 1635 3730 1693 verbis

420 1744 547 1792 σου,
579 1729 677 1782 καὶ
716 1728 826 1782 ἀπὸ
860 1729 961 1801 τῆς
993 1730 1161 1805 ληνοῦ
1196 1749 1315 1786 σου.
1367 1752 1387 1786 ι
1441 1734 1606 1808 Ὁρᾷς
1636 1737 1886 1810 ἐναργῶς
1930 1738 2027 1794 τοῦ

2138 1734 2386 1807 fulgere;
2429 1749 2559 1791 nam
2586 1733 2863 1804 redempti
2906 1747 3124 1799 sumus,
3159 1739 3218 1787 et
3254 1728 3469 1786 dimisit
3500 1743 3604 1783 nos
3636 1726 3729 1783 ille

417 1820 570 1874 κατὰ
591 1822 826 1894 Χριστὸν
857 1823 1165 1897 μυστηρίου
1197 1826 1296 1897 τὴν
1323 1826 1573 1900 δύναμιν,
1607 1829 1667 1884 έν
1689 1847 1754 1899 γε
1781 1832 2027 1887 τουτοισὶ

2138 1826 2383 1883 omnium
2407 1824 2659 1883 Salvator
2685 1823 2895 1881 liberos
2915 1823 3111 1896 gratis.
3142 1821 3267 1879 Non
3301 1820 3453 1876 enim
3478 1835 3548 1876 ex
3593 1831 3729 1889 ope-

417 1893 876 1985 διαλάμπουσανξ
908 1893 1304 1990 λελυτρώμεθα
1346 1893 1478 1994 γὰρ,
1508 1893 1605 1978 καὶ
1635 1893 1843 1996 aviditas
1874 1927 2024 1998 ἡμᾶς

2138 1918 2287 1976 ribus
2306 1917 2557 1990 iustitiae,
2585 1930 2715 1988 qua;L
2735 1893 2970 1972 iecimus
2992 1926 3123 1980 nos,
3159 1911 3258 1969 sed
3282 1910 3592 1968 secundum
3614 1923 3732 1964 ma—
3800 1936 3813 1945 -

417 2006 749 2078 ἐλευθέρους
779 2009 808 2064 ὁ
849 2008 1067 2065 πάντων
1098 2012 1258 2085 ἡμῶν
1296 2014 1507 2089 Σωτὴρ,
1539 2016 1772 2091 δωρεάν.
1804 2020 1880 2075 Οὐ
1912 2021 2024 2093 γὰρ

2138 2026 2292 2084 gnam
2316 2010 2759 2069 misericordiam
2797 2024 2983 2074 suam,
3012 2013 3078 2062 ut
3111 2005 3380 2077 scriptum
3414 2010 3524 2069 est,
3569 2000 3731 2058 Ι)εηὶ-

419 2100 487 2167 se
540 2099 722 2172 ἔργων
766 2102 1118 2177 δικαιοσύνης
1173 2108 1211 2162 ἃ
1257 2109 1599 2181 ἐποιήσαμεν
1647 2112 1833 2184 ἡμεῖς,
1886 2113 2025 2169 ἀλλὰ

2138 2102 2361 2176 gnitatis
2392 2102 2533 2159 adeo
2564 2100 2797 2172 insignis
2837 2097 3157 2171 participes
3172 2095 3302 2154 facti
3327 2109 3521 2151 sumus
3545 2105 3735 2148 :cum-

421 2192 574 2295 κατὰ
612 2194 683 2295 :rb
731 2195 868 2249 πολὺ
912 2197 1084 2253 αὑτοῦ
1129 2199 1303 2265 ἕλεος,
1350 2202 1495 2256 κατὰ
1523 2203 1586 2258 τὸ
1611 2205 2021 2276 γεγραμμένον,

2138 2209 2241 2266 que
2262 2209 2367 2251 nos
2383 2194 2591 2250 liberos
2610 2193 2932 2258 dimisisset,
2958 2189 3015 2247 id
3038 2198 3143 2255 est,
3180 2186 3474 2259 apeccatis
3496 2185 3734 2241 liberas-

418 2284 525 2355 τῆς
578 2286 755 2351 οὕτως
800 2288 1119 2362 ὑπερφυοῦς
1168 2294 1512 2366 ἡμερότητος
1567 2298 2022 2370 μετεσχήκαμεν·

2138 2298 2240 2356 set,
2283 2296 2341 2345 et
2385 2287 2700 2359 adoptionis
2750 2283 2927 2358 gratia
2997 2282 3316 2337 decorasset
3338 2320 3354 2345 ,
3401 2276 3734 2350 praeclarum

419 2378 600 2441 ἀνιεὶς
649 2379 709 2434 δὲ
750 2382 903 2453 ἡμᾶς
952 2384 1296 2458 ἐλευθέρους,
1347 2388 1656 2459 τουτέστιν,
1705 2369 2027 2458 ἀπαλλάξας

2138 2381 2297 2438 nobis
2349 2380 2614 2437 viaticum
2671 2378 2915 2450 seipsum
2979 2375 3221 2449 adjecit,
3271 2374 3333 2429 ut
3380 2369 3739 2427 immaculata

422 2472 739 2544 ἁμαρτιῶν,
786 2476 882 2530 καὶ
924 2479 993 2549 τῇ
1039 2480 1137 2549 τῆς
1175 2479 1453 2546 υἱοθεσίας
1481 2483 1902 2550 κατακαλλύνας
1929 2484 2029 2556 χάο

2138 2473 2338 2539 hostia,
2373 2480 2432 2529 et
2454 2472 2655 2528 utovis
2678 2471 2747 2528 ad
2772 2470 3057 2526 victimam
3098 2473 3331 2538 prOpte'r
3366 2479 3472 2520 nos
3506 2462 3731 2524 ductus,

423 2581 560 2637 ριτι,
612 2566 777 2620 καλὸν
823 2568 958 2639 ἡμῖν
989 2570 1202 2640 ἐφόδιον
1248 2573 1442 2628 ἑαυτὸν
1494 2576 1913 2647 προστέθεικεν,
1949 2578 2026 2643 ὡς

2138 2567 2477 2639 Iargitusque
2503 2572 2566 2620 ut
2594 2561 2830 2620 viviﬁcae
2850 2558 3305 2623 benedictionis,.
3333 2557 3391 2611 id
3456 2563 3563 2620 est,
3604 2570 3736 2609 san-

419 2657 661 2729 ἄμωμον
713 2660 931 2731 ἱερεῖον,
982 2663 1083 2717 καὶ
1124 2664 1201 2728 ὡς
1235 2666 1517 2735 πρόϐατον
1547 2646 1648 2723 ἐπὶ
1708 2671 1929 2743 σφαγὴν
1956 2672 2026 2725 δι’

2138 2667 2238 2717 etas
2271 2674 2387 2716 suae
2431 2657 2617 2714 carnis
2648 2672 2714 2713 ac
2750 2654 3035 2727 sanguinis
3079 2651 3379 2723 participes
3415 2658 3667 2706 essemus
3692 2646 3734 2700 ³.

421 2751 577 2820 ἡμᾶς
623 2752 886 2823 ἠγμένος,
931 2758 1304 2829 χαρισάμενος
1341 2776 1402 2813 τε
1434 2760 1498 2814 rb
1538 2765 1833 2833 μετασχεῖν
1877 2740 2030 2818 εὐλο-

2138 2752 2254 2810 Hoc
2287 2760 2393 2817 est,
2429 2749 2648 2820 opinor,
2699 2747 2771 2804 ab
2802 2745 3022 2810 ovibus,
3077 2752 3242 2813 atque
3280 2758 3313 2797 a
3369 2740 3652 2796 frumento
3681 2745 3739 2793 et

420 2840 555 2909 γίας
588 2842 689 2912 τῆς
720 2842 1014 2911 ζωποιοῦ,
1054 2847 1330 2909 τουτέστι,
1362 2850 1462 2921 τῆς
1496 2851 1659 2918 ἁγίας
1699 2830 1869 2908 αύτοῦ
1894 2871 2029 2926 σαρι-

2138 2842 2270 2901 vino
2290 2839 2759 2912 suppeditandum
2782 2853 2904 2894 esse
2935 2836 3200 2892 viaticum
3246 2834 3334 2897 iis,
3367 2832 3464 2904 qui
3501 2830 3761 2901 septimo

421 2932 524 2997 κός
553 2950 614 2986 τε
645 2937 740 2989 καὶ
772 2936 1024 3007 αἵματος.
1062 2939 1253 3005 Τοῦτο,
1278 2938 1453 3013 οἶμαι,
1493 2944 1619 3003 ἐστὶ
1651 2944 1712 2999 τὸ
1750 2945 2030 3016 ἐφοδιάζε-

2138 2944 2408 3008 tempore,
2439 2934 2494 2990 id
2515 2940 2620 2999 est,
2644 2931 2917 3003 spirituali
2948 2929 3212 2995 Sabbato,
3242 2927 3311 2983 ad
3340 2926 3651 2991 libertatem
3673 2940 3743 2978 ex

424 3024 555 3079 σθαι
582 3026 694 3081 δεῖν
720 3029 829 3082 ἀπὸ
858 3029 966 3085 τῶν
992 3032 1305 3103 προϐάτων,
1333 3036 1443 3090 ἀπό
1466 3053 1526 3089 τε
1557 3036 1709 3091 σίτου
1737 3040 1834 3093 καὶ
1855 3040 2025 3106 οίνου,

2139 3028 2487 3100 benignitate
2512 3024 2801 3083 Dominica
2826 3030 3116 3079 vocantur.
3158 3021 3337 3092 Atque
3376 3020 3467 3075 lex
3513 3017 3743 3089 quidem

421 3118 556 3182 τοὺς
610 3121 669 3172 ἐν
716 3120 933 3193 ἑϐδόμῳ
986 3125 1184 3198 καιρῷ,
1234 3127 1541 3195 τουτέστιν,
1610 3132 1670 3184 ὲν
1718 3130 1798 3201 τῷ
1854 3131 2031 3204 νοητῷ

2138 3123 2427 3179 hactenus.
2458 3119 2758 3183 Creterum,
2785 3117 2917 3188 quia
2941 3114 3147 3173 Iudaeis
3162 3130 3277 3186 prae
3299 3112 3555 3170 socordia
3584 3124 3751 3165 resu~

423 3209 720 3322 Σαϐϐατῳ,
751 3215 1127 3320 κεκλημένους
1150 3220 1232 3282 είς
1258 3219 1575 3293 ἐλευθερίαν
1603 3224 1662 3290 ἐξ
1689 3225 2031 3297 ἡμερότητος

2139 3214 2288 3286 pinis
2307 3228 2418 3268 non
2447 3210 2748 3267 admodum
2777 3208 3031 3279 placebat
3052 3207 3173 3263 haec
3194 3204 3455 3261 mandata
3491 3217 3738 3265 servare,

2149 3320 2160 3322 ,
2183 3317 2228 3322 __
2257 3304 2400 3322 πη--
2434 3308 2648 3322 ---ημμ
2717 3299 2804 3322 ..-ε
2840 3298 2946 3322 ι--
2991 3297 3173 3322 -..εωλ
3213 3302 3395 3322 mm...“
3459 3292 3738 3322 αη-ιηιιηη

423 3304 530 3375 τῆς
573 3306 935 3379 Δεσποτικῆς·
969 3309 1109 3365 ἀλλὰ
1145 3312 1308 3367 ταυτὶ
1359 3314 1460 3386 μὲν
1503 3316 1535 3368 ὁ
1573 3315 1756 3386 νόμος.
1806 3317 2031 3391 Ἐπειδὴ

424 3398 486 3453 δὲ
531 3400 646 3462 τοῖς
698 3400 976 3467 Ἰουδαίοις
1014 3404 1479 3462 ἁναπεπτωκόσιν
1510 3408 1592 3473 είς
1627 3408 1929 3481 ρᾳθυμίαν,
1969 3411 2030 3465 ού

424 3489 552 3544 λίαν
596 3490 773 3546 ἐδόκει
820 3497 1010 3565 τηρεῖν
1053 3496 1123 3551 τὰ
1193 3499 1583 3572 ἐντεταλμένα,
1661 3504 1961 3575 κατῃτιᾶτο
2004 3507 2034 3560 ὁ

427 3583 567 3649 Θεὸς
599 3585 762 3640 τοῦτο
795 3585 929 3658 δρᾷν
957 3588 1274 3659 ἑλομένους.
1308 3592 1626 3667 Γέγραπται
1658 3595 1792 3668 γὰρ,
1827 3596 1909 3650 ὅτι
1938 3598 2035 3653 καὶ

434 3692 455 3726 ι
513 3675 782 3748 Ἐγενήθη
836 3676 997 3747 λόγος
1032 3680 1241 3752 Κυρίου
1301 3684 1442 3757 πρὸς
1493 3686 1790 3757 Ἱερεμίαν,
1823 3687 2031 3757 λέγων’

429 3765 625 3832 Οὕτως
658 3762 783 3823 εἷπε
821 3769 1032 3840 Κύριος
1081 3775 1113 3827 ὁ
1154 3774 1290 3840 Θεὸς
1334 3777 1574 3849 Ἰσραὴλ,
1606 3777 1817 3848 λέγων’
1850 3779 2036 3835 Διεθέ-

435 3875 548 3929 μην
576 3858 849 3932 διαθήκην
879 3861 1017 3932 πρὸς
1053 3865 1181 3929 τοὺς
1206 3867 1453 3938 πατέρας
1485 3867 1642 3939 ὑμῶν
1670 3869 1729 3921 ὲν
1758 3868 1827 3941 τῇ
1851 3869 2037 3943 ἡμέρᾳ

434 3944 473 4025 ᾖ
498 3951 793 4026 ἐξειλόμην
839 3958 1041 4021 αὐτοὺς
1076 3959 1142 4012 ὲκ
1177 3961 1279 4030 γῆς
1312 3961 1595 4029 Αἰγύπτου
1634 3964 1694 4032 ἐξ
1721 3968 1872 4022 οῖκου
1918 3968 2038 4022 δον-

432 4043 590 4109 λείας
620 4044 797 4116 λέγων
821 4065 835 4081 ·
872 4050 1046 4104 Ὅταν
1070 4050 1333 4124 πληρωθῇ
1361 4050 1421 4118 ἓξ
1444 4053 1561 4126 ἔτη,
1596 4056 1918 4123 ἀποστελεῖς
1943 4058 2035 4115 τὸν

432 4137 670 4209 ἀδελφόν
718 4157 812 4195 σου
842 4142 938 4197 τὸν
989 4141 1266 4215 Ἐὅραῖον,
1305 4143 1366 4209 ὃς
1408 4144 1755 4219 πραθήσεταί
1794 4168 1902 4217 σοι,
1942 4152 2038 4208 καῖ

433 4230 674 4303 ἐργᾶταί
718 4251 802 4290 σοι
832 4232 893 4300 ἓξ
938 4234 1057 4307 ἔτη,
1098 4235 1193 4290 καὶ
1219 4234 1605 4304 ὲξαποστελεῖς
1638 4241 1804 4297 αὑτὸν
1825 4243 2039 4298 ἐλεύθεο

437 4339 534 4394 ρον
555 4339 569 4353 ο
604 4323 699 4377 καὶ
736 4326 839 4379 οὐκ
870 4325 1113 4397 ἧκουσάν
1144 4342 1272 4398 μου,
1314 4327 1410 4381 καὶ
1442 4329 1545 4384 οὐκ
1602 4328 1821 4386 έκλιναν
1845 4332 1907 4386 τὸ
1945 4327 2039 4396 οὖς

433 4414 622 4471 αὐτῶν
644 4432 660 4448 ·
704 4418 800 4472 καὶ
831 4418 1180 4493 ἐπέστρεψαν
1233 4421 1474 4493 σήμερον
1512 4423 1737 4495 ποιῆσαι
1775 4425 1837 4479 rb
1883 4426 2039 4490 εύθὲς

432 4508 547 4579 πρὸ
600 4509 899 4582 ὀφθαλμῶν
952 4529 1078 4583 μου,
1135 4512 1232 4568 τοῦ
1283 4513 1514 4568 καλέσαι
1560 4515 1759 4586 ἄφεσιν
1807 4516 2040 4572 ἕκαστον

2137 3304 2405 3362 eosDeus
2429 3308 2670 3367 accusat,
2712 3299 2809 3370 qui
2839 3298 2949 3356 hoc
2990 3297 3177 3353 animo
3208 3302 3418 3353 essent.
3459 3292 3747 3363 Scriptum.

2138 3405 2226 3454 est
2248 3395 2442 3453 enim:
2491 3413 2510 3447 ι
2539 3394 2767 3451 Factum
2809 3400 2895 3449 est
2933 3391 3166 3448 verbum
3202 3388 3424 3445 Domini
3470 3387 3538 3443 ad
3582 3387 3741 3443 Iere-

2139 3489 2310 3545 miam
2333 3528 2348 3553 ,
2372 3487 2566 3544 dicens
2593 3504 2606 3541 :
2634 3485 2728 3542 Sic
2755 3484 2893 3541 dicit
2914 3484 3184 3541 Dominus
3216 3483 3363 3539 Deus
3394 3480 3565 3536 Israel
3590 3498 3602 3533 :
3628 3480 3747 3551 Ego

2141 3579 2337 3652 μεροςί
2359 3578 2543 3635 fcedus
2565 3592 2693 3633 cum
2720 3575 2977 3647 patribus
2997 3574 3221 3639 vestris,
3250 3574 3308 3628 in
3334 3571 3425 3628 die
3445 3586 3553 3642 qua
3575 3569 3745 3625 eduxi

2139 3686 2239 3729 eos
2282 3671 2352 3728 de
2375 3678 2527 3728 terra
2571 3669 2811 3742 Egypti,
2860 3667 3111 3724 dedomo
3155 3664 3464 3731 servitutis,
3506 3662 3698 3718 dicens
3726 3680 3744 3716 :

2141 3765 2283 3824 Cum
2317 3764 2579 3837 completi
2621 3763 2831 3820 fuerint
2874 3777 2969 3819 sex
3016 3761 3171 3827 anni,
3224 3759 3474 3816 dimittes
3515 3757 3746 3812 fratrem

2144 3870 2303 3918 tuum
2330 3860 2646 3924 Hebreum,
2672 3857 2837 3929 232
2877 3856 2973 3928 qui
3011 3855 3273 3912 venditus
3318 3853 3491 3911 fuerit
3533 3851 3658 3915 tibi,
3687 3858 3747 3907 et

2143 3960 2409 4026 operatus
2429 3952 2599 4007 fuerit
2624 3950 2727 4006 tibi
2751 3966 2847 4007 sex
2870 3963 3064 4013 annos,
3110 3954 3169 4003 et
3209 3946 3461 4001 dimittes
3507 3956 3635 3999 eum
3669 3942 3742 3998 li-

2144 4047 2376 4104 berum:
2400 4053 2458 4102 et
2478 4054 2589 4100 non
2606 4043 2906 4100 audierunt
2945 4052 3055 4106 me,
3087 4047 3144 4095 et
3180 4048 3294 4094 non
3332 4036 3747 4092 inclinaverunt

2144 4156 2337 4197 aurem
2362 4152 2521 4196 suam
2557 4145 2650 4193 :et
2672 4134 2927 4193 conversi
2985 4140 3116 4191 sunt
3163 4130 3351 4198 hodie,
3398 4136 3458 4184 ut
3496 4128 3748 4184 facerent

2144 4240 2363 4289 rectum
2386 4246 2574 4287 coram
2594 4228 2774 4286 oculis
2798 4227 2959 4291 meis,
2991 4234 3053 4282 ut
3076 4230 3340 4281 vocarent
3361 4222 3743 4279 dimissionem

2145 4325 2532 4397 unusquisque
2554 4320 2794 4394 proximi
2816 4318 2945 4386 sui;
2993 4324 3050 4375 et
3070 4321 3603 4373 consummaverunt
3642 4326 3744 4381 pa-

2144 4424 2301 4473 ctum
2322 4416 2380 4471 in
2402 4420 2706 4484 conspectu
2737 4425 2865 4466 meo
2890 4409 2949 4464 in
2985 4407 3173 4473 domo,
3209 4405 3265 4462 in
3292 4416 3401 4475 qua
3428 4401 3745 4457 invocatum

2147 4515 2234 4564 est
2256 4520 2461 4563 nomen
2482 4519 2673 4560 meum
2705 4502 2763 4557 in
2797 4501 2918 4572 ipsa
2945 4517 2957 4553 :
2984 4505 3041 4554 et
3064 4494 3317 4553 conversi
3341 4491 3481 4549 estis
3521 4497 3579 4545 et
3611 4503 3745 4559 pro-

430 4601 532 4656 τοῦ
577 4602 810 4672 πλησίον
848 4582 1050 4659 αὐτοῦ·
1088 4605 1185 4661 καὶ
1213 4607 1569 4663 συνετέλεσαν
1604 4582 1873 4681 διαθήκην
1897 4610 2034 4667 κατὰ

2149 4601 2380 4658 fanastis
2399 4606 2629 4671 pactum
2647 4610 2854 4661 meum,
2883 4598 2948 4649 ut
2982 4588 3319 4648 revocaretis
3361 4582 3745 4661 unusquisque

432 4697 737 4770 πρόσωπόν
779 4717 881 4771 μου
935 4700 995 4755 ὲν
1033 4700 1114 4774 τῷ
1155 4702 1325 4773 οἴκῳ,
1356 4694 1402 4771 ᾧ
1434 4701 1714 4775 ἐπεκλήθη
1770 4703 1834 4757 rb
1869 4703 2043 4776 ὄνομά

436 4808 544 4864 μου
576 4793 666 4846 ἐπ’
699 4791 867 4847 αὑτοῦ
891 4810 917 4825 ι
944 4794 1040 4848 καὶ
1081 4792 1478 4868 ἐπεστρέψατε,
1517 4796 1612 4851 καὶ
1656 4795 2040 4869 ὲῦεϐηλώσατε

431 4885 536 4955 τὴν
560 4884 836 4957 διαθήκην
865 4903 991 4957 μου,
1027 4886 1123 4941 τοῦ
1151 4890 1479 4960 ἐπιστρέψαι
1498 4886 1731 4944 ἕκαστον
1755 4889 1848 4943 τὸν
1874 4889 2042 4943 παῖδα

432 4977 629 5043 αὐτοῦ,
666 4977 764 5032 καὶ
797 4977 1033 5033 ’ἑκαστον
1087 4979 1187 5051 τὴν
1234 4981 1527 5053 παιδίσκην
1587 4981 1775 5046 αὐτοῦ,
1821 4978 1917 5046 οὓς
1953 4980 2043 5046 ἐξ·

433 5072 805 5128 απεστείλατε
855 5073 1179 5145 ἐλευθέρους
1222 5076 1293 5145 τῇ
1320 5073 1467 5145 ψυχῇ
1502 5071 1706 5149 αὐτῶν,
1765 5070 1861 5126 τοῦ
1900 5067 2041 5126 εῖναι

434 5165 570 5237 ύμῖν
612 5166 695 5229 είς
738 5163 934 5229 παῖδας
985 5165 1080 5218 καὶ
1130 5161 1444 5229 παιδίσκας.
1480 5183 1499 5216 ι
1549 5156 1715 5235 Ὁρᾷς
1751 5162 1900 5228 ὅπως
1940 5163 2043 5217 οὐκ

434 5257 693 5329 ἀνέχεται
722 5254 832 5313 τῶν
861 5256 1049 5312 τύπων
1084 5252 1487 5331 ἀθετουμένων,
1526 5252 1728 5329 μᾶλλον
1774 5257 1831 5312 δὲ
1871 5254 2043 5329 αὐτῆς

433 5348 541 5420 τῆς
571 5347 834 5423 ἀληθείας
855 5344 1258 5423 ὲξυὸρισμένης
1276 5348 1353 5414 ὡς
1379 5348 1439 5405 ἐν
1463 5352 1645 5413 σκιαῖς
1671 5342 1788 5415 Eri;
1821 5368 1839 5400 ι
1881 5349 2043 5420 Ἀμε-

434 5440 724 5515 ταμέλητα
788 5441 899 5513 γὰρ
946 5440 1019 5494 τὰ
1064 5438 1407 5513 χαρίσματα,
1462 5440 1558 5495 καὶ
1607 5443 1640 5513 ἡ
1699 5439 1895 5512 κλῆσις
1943 5436 2040 5494 τοῦ

437 5527 606 5595 Θεοῦ,
643 5546 663 5584 ι
715 5530 860 5586 κατά
908 5530 971 5585 rb
1008 5532 1420 5604 γεγραμμένον.
1471 5528 1613 5597 Τοὺς
1644 5530 1702 5586 δὲ
1747 5531 2042 5596 ἁνεθέντας

438 5619 595 5687 ἅπαξ
620 5662 634 5687 ,
692 5620 889 5676 ἀνόπιν
947 5620 1203 5686 ἕλκοντες
1266 5620 1549 5687 Ἰουδαῖοι,
1600 5621 1696 5676 καὶ
1762 5621 1879 5685 τοῖς
1938 5619 2040 5693 τῆς

2149 4708 2372 4751 servum
2405 4705 2591 4756 suum,
2619 4697 2677 4745 et
2697 4685 3080 4757 unusquisque
3100 4680 3360 4739 ancillam
3401 4692 3578 4743 suam,
3605 4689 3746 4746 quos

2148 4782 2487 4840 dimiseratis
2510 4781 2720 4836 liberos
2740 4779 2939 4834 animae
2974 4776 3246 4846 ipsorum,
3273 4780 3335 4827 ut
3371 4774 3559 4827 essent
3588 4763 3747 4820 vobis

2148 4875 2207 4931 in
2231 4889 2424 4931 servos
2442 4880 2499 4929 et
2520 4872 2748 4929 ancillas
2770 4871 2814 4925 δ.
2837 4890 2855 4922 ι
2905 4864 3075 4925 Vides
3099 4860 3565 4937 quemadmodum
3608 4856 3748 4931 ﬁgu-

2149 4985 2240 5025 ras
2262 4966 2542 5040 repudiari
2566 5008 2580 5031 ,
2608 4966 2722 5021 imo
2748 4976 2882 5020 vero
2905 4962 3103 5032 ipsam,
3130 4966 3191 5014 ut
3214 4956 3271 5013 in
3300 4954 3522 5011 umbris
3538 4951 3742 5015 adhuc,

2148 5060 2445 5117 veritatem
2466 5057 2665 5114 violari
2690 5072 2800 5113 non
2829 5053 3064 5126 patitur?
3094 5070 3113 5104 ι
3141 5045 3544 5120 Ιιηρωιιιιεηιὶε
3582 5059 3746 5099 nam-

2151 5168 2260 5221 que
2308 5158 2442 5208 Sunt
2465 5149 2611 5206 dona
2648 5148 2748 5204 Dei
2798 5155 2963 5216 atque
3006 5142 3223 5200 vacatio
3250 5141 3296 5206 ',
3327 5158 3345 5192 ι
3394 5147 3456 5193 ut
3474 5136 3744 5206 scriptum

2149 5253 2254 5303 est.
2280 5236 2455 5301 Judaei
2482 5250 2691 5308 autem,
2717 5241 2813 5312 qui
2839 5236 3011 5295 semel
3038 5236 3299 5292 dimissos
3345 5230 3709 5288 retrahebant
3729 5270 3745 5295 ,

2147 5343 2205 5392 et
2229 5335 2334 5392 Sub
2357 5332 2640 5390 servitutis
2658 5332 2849 5404 jugUm
2875 5326 3058 5383 den‘uo
3096 5316 3447 5396 subigebant,
3474 5314 3624 5377 illam
3647 5319 3749 5374 im-

2148 5427 2534 5502 pmnitentiam
2581 5438 2695 5481 non
2738 5428 3122 5485 servaverunt,
3161 5418 3232 5475 ob
3259 5428 3495 5489 eamque
3521 5428 3746 5473 causam

2148 5520 2523 5587 offenderunt,
2547 5524 2675 5576 cum
2698 5519 2819 5592 ejus
2842 5515 3089 5591 mysterii
3116 5514 3251 5580 vim,
3282 5511 3536 5585 quamvis
3564 5506 3743 5566 adhuc

2146 5616 2205 5672 in
2229 5615 2419 5699 ﬁguris
2452 5620 2618 5681 esset,
2658 5611 3138 5683 contempsissent.

439 5715 690 5782 δουλείας
743 5711 902 5782 αὖθις
958 5711 1332 5788 ὒποφέροντες
1385 5715 1590 5785 ζυγοῖς,
1656 5714 1718 5769 rb
1778 5711 2196 5787 ἀμεταμέλητον
2250 5694 2331 5765 οὐ“
2367 5709 2743 5781 τετηρήκασι.
2805 5701 3294 5778 προσκεκρούκασί
3338 5718 3397 5756 τε
3452 5697 3547 5755 διὰ.
3584 5692 3745 5752 τοῦτο

519 5896 537 5925 ¹
566 5893 745 5954 Exod.
769 5911 879 5967 xxx,
915 5894 966 5951 i.
1036 5897 1054 5928 ²
1080 5893 1254 5952 Exod.
1286 5908 1365 5961 ιιι,
1388 5891 1478 5949 ΞΗ.
1538 5894 1557 5926 ³
1582 5894 1689 5950 Tit.
1721 5910 1800 5960 ιιι,
1830 5892 2059 5964 passim.

2134 5880 2794 5955 ‘Jerem.xxx«iv,l3-l6.
2863 5887 2884 5919 '
2908 5887 3066 5942 Rom.
3103 5902 3177 5951 xl,
3216 5880 3306 5939 39.
