4104 6448
405 402 513 461 503

1438 399 1496 457 S.
1536 401 1815 460 CYRILLI
1852 405 2328 465 ALEXANDRINI
2361 403 2679 464 ARCHIEP.

404 518 499 572 τοῦ
535 518 840 592 μυστηρίου
905 516 1004 590 τὴν
1034 516 1286 590 δύναμιν,
1354 515 1721 590 ἀθετήσαντές
1784 538 1843 579 τε
1875 522 1969 579 καὶ
2029 524 2415 596 ἀτιμάσαντες,
2444 525 2493 578 εἰ
2520 524 2613 579 καὶ
2636 519 2705 595 ἦν
2732 522 2792 576 ἐν
2814 523 3005 588 τύποις
3035 523 3116 578 tu
3161 567 3169 575 .

474 632 674 692 PALL.
711 633 1037 691 Rectissime
1058 641 1144 689 est
1166 649 1199 689 a
1219 640 1274 689 te
1301 633 1534 692 dictum.

467 726 626 784 CYR.
669 725 967 783 Justiﬂcari
1012 740 1115 781 nos
1157 733 1345 781 autem
1399 728 1590 798 gratis,
1630 730 1986 801 pet-gratiam

399 836 522 892 quae
577 829 661 875 est
721 818 776 873 in
824 817 1079 882 Christo,
1121 818 1443 890 nullamque
1487 834 1588 890 pro
1651 831 1839 877 nostra
1875 823 1989 879 vita

396 910 887 968 commutationem
921 925 987 966 ac
1006 909 1248 982 pretium
1287 909 1509 976 afferre,
1536 925 1719 982 neque
1756 912 1987 983 gloriam

394 1004 672 1060 libertatis
706 1018 916 1069 emere,
942 1002 1039 1059 sed
1063 1018 1183 1058 rem
1204 1010 1412 1058 tantam
1452 1002 1791 1074 benignitate
1819 1013 1987 1076 atque

393 1097 691 1152 clementia
711 1095 928 1152 Domini
954 1096 1183 1162 lucrari,
1211 1096 1588 1167 praeﬁguravit
1610 1095 1666 1150 in
1712 1097 1985 1155 Deutero-

392 1188 601 1254 nomio,
626 1187 860 1244 dicens:
902 1206 922 1241 ‹
953 1187 1201 1258 Septimo
1235 1203 1457 1259 quoque
1501 1202 1648 1245 anno
1690 1188 1860 1246 facies
1895 1205 1986 1247 re-

392 1279 733 1335 missionem.
762 1279 855 1336 Sic
878 1295 1013 1336 vero
1047 1279 1214 1335 habet
1238 1288 1575 1351 praeceptum
1599 1281 1945 1338 remissionis
1969 1300 1983 1337 :

391 1370 651 1428 Dimittes
670 1384 837 1425 omne
888 1369 1139 1427 debitum
1181 1369 1488 1441 proprium,
1513 1370 1662 1440 quod
1694 1371 1863 1428 debet
1888 1371 1988 1426 tibi

390 1461 681 1532 proximus
710 1468 860 1528 tuus,
914 1469 973 1517 et
1001 1476 1034 1515 a
1073 1460 1243 1516 fratre
1283 1470 1378 1516 tuo
1420 1475 1533 1517 non
1579 1470 1818 1532 repetes,
1858 1463 1987 1534 quia

389 1553 602 1611 indicta
620 1561 709 1610 est
745 1553 1001 1611 remissio
1027 1554 1262 1610 Domino
1287 1555 1400 1610 Deo
1440 1562 1557 1620 tuo,
1597 1554 1668 1609 ab
1693 1554 1875 1610 alieno
1896 1569 1987 1610 re-

392 1655 548 1717 petes
589 1644 961 1717 quodcunque
1009 1646 1180 1702 fuerit
1230 1645 1333 1701 tibi
1377 1646 1525 1717 apud
1562 1646 1744 1717 ipsum
1781 1663 1794 1700 :
1828 1645 1988 1702 fratri

392 1753 526 1793 vero
551 1747 647 1793 tuo
681 1738 1066 1795 remissionem
1119 1737 1289 1793 facies
1320 1738 1443 1810 ejus
1486 1737 1756 1809 pecuniae,
1819 1752 1985 1809 quam

393 1829 495 1884 tibi
521 1828 708 1895 debet,
732 1829 861 1900 quia
888 1844 999 1885 non
1019 1829 1127 1884 erit
1168 1828 1314 1900 apud
1342 1838 1397 1885 te
1426 1843 1631 1901 egens;
1666 1829 1796 1900 quia
1816 1828 1989 1886 bene-

396 1918 590 1977 dicens
615 1919 906 1976 benedicet
955 1918 1053 1974 tibi
1097 1918 1362 1974 Dominus
1382 1918 1530 1974 Deus
1556 1926 1685 1974 tuus
1717 1918 1776 1973 in
1813 1927 1983 1986 terra,

2013 649 2061 705 Α
2161 642 2372 696 MM.
2429 639 2726 712 Ὀρθότατα
2747 638 2905 712 ἔφης.

2164 731 2330 786 ΚΥΡ.
2371 729 2739 801 Δααιοῦμεθα
2766 730 2823 785 δὲ
2850 731 2933 786 ὅτι
2961 728 3170 808 δωρεὰν
3199 732 3287 787 διὰ
3314 731 3537 804 χάριτος
3576 731 3673 796 τῆς

2091 823 2151 877 ὲν
2181 820 2422 893 Χριστῷ,
2448 823 2548 893 τῆς
2577 820 2783 876 ἑαυτῶν
2811 822 2959 894 ζωῆς
2989 822 3345 895 ἀντάλλαγμα
3372 833 3677 896 προσενεγ-’

2090 915 2279 979 κόντες
2338 913 2512 981 οὐδὲν,
2592 912 2709 969 ἀλλ’
2751 913 2873 968 οὐδὲ
2911 913 3013 986 τὴν
3060 915 3160 985 τῆς
3217 914 3531 986 ἐλευθερίας
3585 916 3678 969 ὲκ-

2093 1006 2386 1078 πριάμενοι
2435 1004 2614 1071 δόξαν,
2670 1004 2973 1078 ἡμερότητι
3033 1006 3093 1060 δὲ
3139 1007 3236 1060 καὶ
3293 1005 3674 1079 φιλανθρωπίᾳ

2089 1093 2392 1163 Δεσποτικῇ
2416 1091 2480 1145 τὺ
2522 1092 2709 1164 χρῆμα
2747 1093 3139 1163 κερδαίνοντες,
3176 1094 3458 1150 ὐπετύπου
3500 1094 3680 1163 λέγων

2089 1183 2150 1236 ἐν
2194 1182 2276 1253 τῷ
2332 1183 2779 1255 Δευτερονομίῳ·
2834 1203 2854 1237 ι
2915 1184 2994 1238 Δι’
3031 1184 3175 1240 ἑπτὰ
3232 1185 3372 1240 ἑτῶν
3424 1185 3675 1256 ποιήσεις

2090 1273 2307 1344 ἄφεσιν.
2359 1275 2473 1329 Καὶ
2519 1274 2697 1340 οὕτως
2759 1275 2822 1330 τὸ
2864 1275 3198 1349 πρόσταγμα
3248 1277 3351 1347 τῆς
3398 1276 3670 1347 ἀφέσεως,

2089 1366 2320 1439 ἀφήσεις
2344 1370 2456 1423 πᾶν
2483 1365 2643 1441 χρέος
2669 1369 2820 1433 ἴδιον,
2852 1368 2882 1423 ὃ
2910 1369 3116 1439 ὀφείλει
3149 1385 3235 1423 σοι
3251 1371 3280 1424 ό
3296 1368 3525 1440 πλησίον
3553 1386 3671 1434 σου,

2089 1458 2295 1513 καὶτὸν
2321 1457 2551 1529 ἀδελφόν
2580 1475 2677 1514 σου
2700 1459 2802 1536 ουκ
2828 1460 3159 1533 ἀπαιτήσεις
3187 1460 3217 1514 δ
3244 1458 3340 1515 ἑάν
3432 1477 3514 1514 σοι
3542 1460 3677 1533 παρ’

2087 1548 2240 1621 αὐτῷ
2259 1564 2273 1579 ⁸
2304 1548 2383 1623 τῷ
2411 1549 2470 1605 δὲ
2500 1549 2717 1623 ἀδελφῷ
2744 1568 2838 1607 σου
2865 1551 3061 1623 ἄφεσιν
3082 1553 3329 1625 ποιήσεις
3347 1551 3443 1606 τοῦ
3476 1552 3670 1624 χρέους

2091 1657 2207 1706 σου,
2232 1644 2317 1698 ὅτι
2342 1644 2445 1699 οὐκ
2471 1641 2625 1697 ἔσται
2657 1645 2716 1700 ὲν
2745 1643 2831 1698 σοὶ
2863 1643 3082 1712 ἑνδεήςυ
3115 1645 3199 1700 ὅτι
3233 1644 3473 1715 εὐλογῶν
3522 1640 3679 1699 εὔλοέ

2087 1735 2250 1806 γήσει
2290 1751 2350 1790 σε
2391 1736 2597 1808 Κύριος
2633 1737 2663 1789 ὁ
2689 1736 2823 1802 Θεὸς
2859 1753 2976 1802 σου,
3010 1739 3071 1793 ὲν
3106 1739 3173 1809 τῇ
3214 1740 3308 1810 γῇ,
3413 1737 3617 1810 Κύριος
3643 1741 3676 1795 ό

2087 1827 2221 1893 Θεός
2261 1843 2358 1883 σου
2404 1826 2592 1882 δίδωσί
2636 1844 2722 1883 σοι
2775 1830 2835 1884 ὲν
2881 1828 3071 1901 κλήρῳ
3114 1829 3671 1902 κατακληρονομῆσαι

2088 1920 2280 1993 αὐτήν.
2323 1938 2346 1973 ι
2390 1921 2554 1993 Ὀρᾶς
2596 1921 3072 1995 διαστράπτουσαν
3116 1924 3177 1978 ὲν
3205 1925 3329 1988 ταῖς
3367 1926 3546 1989 σκιαῖς
3570 1924 3672 1995 τὴν

391 2026 557 2083 quam
604 2010 872 2066 Dominus
920 2010 1068 2066 Deus
1107 2018 1237 2066 tuus
1274 2010 1368 2066 dat
1400 2009 1522 2076 tibi,
1560 2018 1623 2065 ut
1664 2010 1985 2068 bzereditate

2087 2012 2383 2086 ἁλήθειαν;
2428 2013 2835 2086 Ἐναργέστατα
2863 2013 2973 2085 γὰρ
2990 2013 3086 2069 τοῦ
3109 2014 3365 2088 Σωτῆρος
3388 2016 3545 2086 ἡμῶν
3571 2015 3670 2087 τὴν

391 2100 673 2171 possideas
696 2116 818 2158 eam
841 2103 905 2158 ι’.
941 2122 960 2154 ι
991 2100 1155 2161 Vides
1177 2101 1387 2174 fulgere
1418 2102 1564 2158 inter
1589 2102 1811 2158 umbras
1841 2102 1986 2160 veri-

393 2194 598 2249 tatem?
664 2193 725 2250 Id
771 2194 926 2250 enim
968 2208 1190 2265 quoque
1228 2193 1645 2251 evidentissime
1686 2193 1986 2251 Salvatoris

390 2284 568 2341 nostri
613 2285 1075 2357 gubernationem
1103 2326 1120 2351 ,
1158 2301 1269 2357 qua
1316 2300 1417 2344 nos
1460 2286 1620 2359 regit,
1692 2285 1985 2342 ostendere

390 2382 591 2445 potest.
615 2376 755 2432 Nam
774 2377 869 2449 qui
901 2392 1003 2448 per
1039 2376 1204 2434 fidem
1227 2391 1401 2448 prope
1423 2377 1580 2433 illum
1607 2385 1983 2442 accesserunt,

390 2475 468 2535 et,
495 2478 758 2540 percepto
782 2468 993 2541 Spiritu
1023 2478 1215 2525 sancto
1240 2482 1305 2524 ac
1336 2477 1549 2525 natura:
1597 2466 1801 2523 divinae
1848 2481 1984 2522 con-

391 2561 588 2627 sortio,
611 2559 903 2617 domestici
927 2561 1041 2632 jam
1070 2570 1128 2616 et
1150 2559 1350 2615 fratres
1372 2558 1502 2615 facti
1534 2565 1683 2625 sunt,
1711 2556 1779 2612 iis
1799 2555 1987 2612 debita

390 2652 748 2720 condonavit,
769 2667 896 2709 cum
936 2651 1080 2707 nihil
1120 2640 1553 2722 persolvissent;
1610 2664 1794 2721 neque
1836 2649 1987 2706 enim

392 2749 464 2805 ab
494 2748 605 2805 illis
629 2745 1088 2820 transgressionis
1110 2759 1304 2817 pmnas
1326 2744 1488 2816 233
1510 2743 1752 2815 repetiit,
1790 2757 1986 2815 quam—

394 2840 480 2896 vis
510 2846 776 2895 anteacta:
800 2837 927 2893 vita:
947 2834 1257 2893 rationibus
1282 2832 1585 2889 reddendis
1609 2840 1796 2889 essent
1815 2831 1987 2888 astri-

393 2931 467 2987 cti
499 2930 636 3002 :qu
659 2944 795 2986 vero
820 2938 1048 3001 propter
1083 2925 1467 2983 infidelitatem
1494 2923 1743 2996 ipsorum
1794 2923 1987 2996 perni-

394 3022 603 3078 eiosam
634 3021 827 3078 adhuc
853 3020 1022 3077 alieni
1061 3026 1242 3085 erant,
1287 3032 1352 3073 ac
1392 3016 1796 3089 propemodum
1818 3017 1987 3074 etiam

394 3114 740 3187 alienigenae,
764 3123 822 3170 et
836 3128 1002 3185 quam
1019 3109 1338 3183 longissime
1353 3109 1425 3165 ab
1448 3109 1572 3181 ejus
1595 3108 1988 3182 conjunctione

396 3207 617 3274 remoti,
640 3222 738 3264 eos
752 3205 960 3263 debitis
981 3201 1358 3277 persolvendis
1380 3201 1653 3273 obligatos
1674 3198 1985 3266 constituit,

393 3308 472 3368 ct,
490 3309 554 3357 ut
578 3300 674 3373 qui
695 3298 907 3372 peccati
940 3297 1186 3354 maculas
1206 3295 1454 3353 nondum
1476 3294 1765 3362 eluissent,
1787 3293 1988 3350 merito

2085 2105 2166 2170 εἰς
2202 2106 2354 2177 ἡμᾶς
2376 2105 2690 2177 οἰκονομίαν
2713 2105 3095 2180 παραδείξειεν
3126 2107 3196 2161 ἂν
3231 2108 3327 2161 καὶ
3356 2107 3500 2164 τόδε.
3528 2107 3671 2172 Τοὺς

2089 2197 2190 2269 μὲν
2237 2195 2348 2269 γὰρ
2386 2196 2559 2269 ἀγχοῦ
2600 2197 2895 2267 γεγονότας
2928 2198 3079 2271 αὐτῷ
3120 2198 3208 2253 διά
3253 2198 3353 2270 τῆς
3410 2197 3669 2263 πίστεως.

2085 2286 2326 2351 οἰκείους
2369 2303 2430 2342 τε
2470 2287 2572 2359 ήδη
2598 2288 2697 2342 καὶ
2738 2287 3005 2357 ἀδελφοὺς
3044 2287 3550 2359 ἀναδεδειγμένους,
3582 2288 3677 2343 διὰ

2084 2376 2180 2430 τοῦ
2227 2375 2554 2449 μταλαχείν
2591 2377 2751 2448 ἀγίου
2788 2376 3130 2451 Πνεύματος,
3167 2378 3319 2444 θείας
3359 2395 3421 2433 τε
3453 2377 3673 2452 φύσεως

2087 2467 2346 2538 γενέσθαι
2370 2468 2688 2537 κοινωνοὺς,
2713 2467 3046 2541 ὀφλημάτων
3068 2470 3292 2542 ἀνῆκεν,
3321 2471 3675 2535 ὲκτετικάτας

2086 2560 2273 2616 οὐδέν’
2298 2561 2362 2615 οὐ
2391 2560 2502 2633 γάρ
2542 2561 2780 2634 ὶζήτησε
2813 2562 2948 2633 παρ’
2989 2560 3173 2617 αὐτῶν
3212 2560 3313 2627 τὰς
3355 2563 3457 2635 τῇς
3495 2579 3674 2635 παρα-

2088 2650 2304 2717 ϐάσεως
2346 2652 2528 2722 δίκας,
2555 2654 2737 2708 καίτοι
2782 2653 2912 2718 τοὺς
2940 2651 3133 2723 λόγους
3158 2652 3268 2707 τῶν
3294 2651 3447 2723 σφίσι
3474 2652 3672 2724 βεϐιω-

2089 2745 2269 2818 μένων
2323 2744 2730 2818 ἑπωφληκότας
2759 2743 2910 2817 αὐτῷ
2926 2761 2943 2778 ο
2966 2744 3094 2810 τοὺς
3129 2744 3190 2799 δὲ
3224 2744 3541 2816 ἀλλοτρίους
3568 2742 3674 2811 ἔτι,

2090 2837 2379 2911 μονονουχὶ
2404 2836 2463 2892 δὲ
2494 2838 2591 2893 καὶ
2616 2837 2946 2906 ἀλλογενεϊς,
2969 2835 3062 2891 διὰ
3085 2835 3186 2909 τήν
3216 2836 3462 2907 ὀλέθριον
3493 2836 3680 2891 αὐτῶν

2086 2929 2369 2999 ἀπιστίαν,
2406 2930 2503 2985 καὶ
2530 2929 2609 2994 ὡς
2638 2929 2914 2985 ἀπωτάτω
2944 2927 3239 2999 γεγονότας
3271 2929 3375 3005 τῆς
3404 2928 3486 2993 είς
3510 2928 3679 2984 αὐτου

2087 3021 2441 3092 οἰκειότητος,
2493 3020 2713 3092 ἐνόχους
2759 3019 3061 3091 κατέστησε
3098 3021 3212 3084 τοῖς
3251 3019 3552 3091 ὀφλήμασι,
3579 3020 3676 3073 καὶ

2086 3113 2164 3180 ὡς
2192 3112 2569 3170 ἀναπόνιπτονρ
2583 3112 2806 3184 ἔχοντας
2832 3110 2915 3167 ἔτι
2940 3111 3038 3184 τὴν
3061 3112 3360 3184 ἁμαρτίαν,
3389 3110 3674 3183 ὕπόχρεώς

2087 3223 2149 3261 τε
2175 3207 2243 3278 τῇ
2271 3204 2399 3280 δίκῃ
2441 3205 2537 3260 καὶ
2574 3204 2656 3278 τῷ
2692 3202 3018 3270 κολάζεσθαι
3068 3203 3179 3259 δεῖν
3216 3202 3444 3268 εἰκότως
3486 3203 3676 3275 εἰργά-

2092 3313 2243 3353 σατο·
2279 3298 2377 3354 καὶ
2400 3297 2534 3369 γοῦν
2562 3296 2906 3372 προσεφώνει
2936 3297 3036 3370 μὲν
3067 3298 3182 3361 τοῖς
3213 3296 3636 3358 πεπιστευκόσιν
3656 3312 3671 3326 ν

394 3390 577 3461 poenis
599 3396 658 3445 et
687 3385 1214 3460 suppliciisluendis
1238 3384 1510 3441 obnoxios
1530 3383 1663 3443 fecit
1699 3401 1713 3438 :
1750 3382 1985 3455 ideoque

2096 3408 2119 3440 ι
2164 3389 2294 3444 Ἐἀν
2337 3388 2498 3461 ὑμεῖς
2546 3388 2769 3460 μείνητε
2797 3390 2857 3445 ὲν
2901 3388 2980 3460 τῷ
3024 3388 3169 3459 λόγῳ
3200 3387 3281 3459 τῷ
3326 3385 3466 3459 εμῷ,
3503 3386 3676 3451 ὅντως

398 3477 789 3547 alloquebatur
820 3492 940 3544 eos,
972 3476 1069 3548 qui
1096 3474 1456 3534 crediderant
1487 3493 1501 3529 :
1542 3493 1563 3526 ι
1610 3473 1670 3531 Si
1703 3488 1803 3530 vos
1834 3488 1985 3530 man-

2094 3477 2333 3553 μαθηταί
2366 3477 2470 3550 μού
2500 3479 2645 3545 ὲστε,
2677 3478 2778 3532 καὶ
2808 3476 3085 3547 γνώσεσθε
3125 3476 3226 3547 τὴν
3267 3475 3551 3547 ἀλήθειαν,
3578 3475 3675 3529 καὶ

397 3570 585 3626 seritis
611 3570 669 3625 in
696 3564 962 3626 sermone'
985 3583 1132 3634 meo,
1176 3582 1308 3624 vere
1344 3566 1602 3639 discipuli
1644 3568 1757 3625 mei
1806 3567 1987 3634 eritis,

398 3669 456 3717 ct
479 3661 823 3733 cognoscetis
847 3660 1159 3726 veritatem,
1182 3667 1241 3716 et
1259 3659 1466 3717 veritas
1480 3659 1743 3715 liberabit
1763 3673 1863 3715 vos
1879 3658 1936 3713 ἐ
1961 3677 1981 3712 ι

400 3755 471 3810 iis
491 3763 706 3820 eontra,
733 3752 829 3825 qui
844 3767 1030 3809 veram
1056 3759 1222 3825 atque
1246 3751 1621 3824 evangelicam
1636 3749 1988 3821 disciplinam

401 3844 854 3911 contemnebant,
877 3844 1132 3901 dicebat:
1176 3864 1196 3897 ι
1227 3844 1426 3912 Amen,
1453 3859 1615 3900 amen
1638 3841 1764 3899 dico
1806 3840 1985 3906 vobis,

400 3938 508 3995 nisi
539 3935 895 3995 credideritis
927 3936 1057 4008 quia
1091 3951 1196 4008 ego
1244 3952 1390 4003 sum,
1432 3935 1489 3992 in
1525 3935 1770 4007 peccatis
1788 3933 1989 3990 vestris

399 4028 712 4087 moriemini
733 4028 800 4085 “.
835 4048 854 4082 ι
876 4028 1140 4101 lntelligis
1173 4027 1342 4101 igitur
1394 4023 1860 4098 quemadmodum
1891 4038 1988 4080 eos

399 4123 647 4195 quidem,
671 4121 768 4194 qui
789 4119 857 4178 ei
879 4120 986 4178 fide
1017 4120 1123 4177 sibi
1154 4119 1439 4193 conjuncti
1454 4124 1662 4183 essent,
1693 4131 1754 4173 se
1777 4114 1988 4171 liberos

398 4214 761 4271 dimissurum
800 4213 1123 4285 pollicetur;
1148 4211 1358 4267 alienos
1389 4216 1584 4266 contra
1613 4215 1672 4264 et
1692 4214 1986 4263 extraneos

400 4307 459 4362 in
480 4304 698 4363 delictis
733 4311 991 4361 mortuos
1031 4301 1267 4360 affirmat
1288 4301 1459 4375 iudici
1490 4315 1717 4358 suorum
1758 4297 1986 4354 delicto-

398 4414 522 4455 rum
552 4412 749 4470 pmnas
766 4396 995 4455 daturos
1010 4395 1035 4450 τ

470 4511 673 4569 PALL.
701 4511 905 4568 Verum
933 4516 1039 4567 est.

467 4606 626 4664 (ΠΗ.
662 4607 957 4685 Eleganter
1014 4610 1199 4659 autem
1236 4602 1548 4677 voluptates
1587 4598 1761 4655 futuri
1800 4598 1985 4654 saeculi

399 4708 637 4766 sanctas,
668 4706 836 4770 atque
862 4697 1170 4755 cmlesti'um
1207 4694 1478 4750 bonorum
1501 4689 1983 4767 participationem

400 4792 627 4850 Sabbati
648 4792 824 4849 otium
860 4791 1130 4863 designat.

469 4907 668 4964 PALL.
700 4905 924 4978 Explica
962 4903 1098 4959 mihi
1139 4901 1325 4974 igitur,
1377 4917 1488 4973 quo
1529 4900 1749 4959 tandem
1783 4902 1980 4966 modo;

401 4998 457 5056 id
479 4999 626 5054 enim
651 5012 789 5054 aveo
814 4997 1045 5053 discere.

467 5089 626 5150 CYR.
651 5088 924 5165 Equidem
935 5082 1301 5142 libentissime
1317 5100 1329 5138 :
1350 5082 1535 5153 psalltt
1554 5081 1703 5138 enim
1715 5080 1980 5141 nimirum

403 5183 600 5239 beatus
623 5181 797 5238 David
816 5181 887 5238 de
915 5178 1044 5236 ﬁliis
1066 5176 1257 5242 Israel,
1292 5184 1348 5232 et
1370 5176 1513 5241 Deo,
1548 5174 1643 5244 qui
1670 5172 1853 5230 omnia
1878 5188 1979 5244 po-

401 5280 531 5339 test,
551 5272 784 5343 loquens
817 5288 831 5324 :
872 5288 892 5322 ‹
919 5269 1125 5325 Panem
1146 5265 1273 5322 omli
1299 5264 1456 5321 dedit
1480 5264 1563 5321 eis
1592 5282 1605 5318 :
1632 5279 1843 5335 panem.
1874 5279 1978 5319 an-

401 5361 649 5433 gelorum
671 5357 1024 5416 manducavit
1044 5357 1211 5412 homo
1226 5356 1247 5387 "
1269 5374 1281 5410 :
1308 5374 1327 5409 ι
1349 5355 1564 5424 Quibus
1574 5355 1762 5410 verbis
1777 5369 1978 5410 manna

402 5451 699 5524 appellavit
716 5449 842 5506 coeli
863 5455 921 5504 et
934 5447 1253 5519 angelorum
1268 5447 1476 5513 cibum,
1502 5455 1567 5505 ut
1579 5445 1823 5501 animum
1837 5445 1982 5501 ultra

404 5544 524 5603 haec
536 5540 818 5599 sensibilia
840 5555 906 5597 ac
929 5538 1167 5597 visibilis
1200 5539 1572 5603 intendentes,
1619 5537 1769 5593 illam
1813 5537 1980 5608 spiri-

402 5634 608 5696 tualem
645 5646 711 5688 ac
743 5631 985 5688 divinam
1032 5631 1602 5689 subministrationem
1649 5627 1983 5699 contemple-

478 5835 521 5870 ⁵⁸
552 5836 712 5899 Deut.
743 5855 829 5906 xv,
850 5839 963 5901 l~5.
1036 5842 1055 5872 ⁸
1081 5840 1234 5903 Joan.
1264 5858 1378 5907 vui,
1404 5841 1495 5905 51,
1525 5838 1617 5901 52.

2090 3574 2126 3645 ή
2158 3571 2389 3646 ἀλήθεια
2416 3568 2774 3644 ἐλευθερώσει
2808 3571 2974 3642 ὑμᾶς.
3014 3589 3034 3623 ι
3093 3571 3219 3633 Τοῖς
3265 3568 3323 3623 δὲ
3353 3568 3454 3640 τὴν
3495 3567 3673 3639 ἀληθῆ

2091 3664 2189 3719 καὶ
2231 3662 2594 3735 εὐαγγελικὴν
2649 3661 2980 3734 ἀτιμάζουσι
3008 3661 3290 3717 παίδευσιν
3311 3700 3328 3727 ,
3403 3678 3424 3714 ι
3473 3660 3672 3731 Ἀμὴν»

2087 3757 2261 3828 ἀμὴν,
2296 3754 2443 3825 λέγω
2473 3755 2622 3828 ὑμῖν,
2664 3754 2760 3810 ἐὰν
2791 3754 2869 3828 μὴ
2912 3753 3243 3826 πιστεύσητε
3267 3755 3350 3809 ὅτι
3386 3753 3500 3824 ἐγώ
3528 3752 3671 3823 εἰμι,

2088 3850 2149 3904 ὲν
2169 3849 2291 3914 ταῖς
2319 3847 2622 3921 ἁμαρτίαις
2671 3846 2827 3920 ὑμῶν
2859 3846 3234 3903 ἀποθανεῖσθε.
3271 3865 3291 3899 ι
3344 3844 3538 3917 Συνίης
3577 3838 3674 3899 οὖν

2086 3941 2193 4006 ὅτι,
2220 3941 2348 4006 τοὺς
2379 3941 2480 4011 μὲν
2511 3939 2652 3995 κατὰ
2677 3940 2862 3995 πίστιν
2892 3938 3153 4003 οἰκείους,
3188 3937 3327 4010 πρὸς
3353 3935 3678 4008 ἐλευθερίαν

2086 4033 2312 4106 ἀνήσειν
2342 4032 2762 4102 ἐπαγγέλλεται,
2815 4031 2941 4096 τοὺς
2991 4030 3051 4086 δὲ
3091 4030 3408 4103 ἀλλοτρίους
3450 4028 3532 4083 ἔτι
3574 4028 3675 4084 καὶ

2090 4125 2294 4193 ξένους,
2325 4124 2691 4188 ὲντεθνεῶτας
2717 4125 2830 4188 τοῖς
2860 4122 3213 4195 πταίσμασιν,
3246 4121 3527 4177 ἀποτίσειν
3562 4119 3675 4191 ἔφη

2086 4216 2167 4289 τῷ
2188 4220 2350 4290 κριτῇ
2382 4215 2493 4272 τῶν
2524 4216 2671 4272 ἰδίων
2695 4215 3193 4288 ⁴πλημμελημάτων
3220 4214 3346 4277 τοὺς
3369 4213 3598 4284 λόγους;

2158 4508 2365 4562 ΠΑΑΑ.
2405 4507 2647 4580 Ἀληθές.

2157 4600 2323 4655 ΚΥΡ.
2356 4601 2658 4672 Διαμορφοϊ
2678 4599 2736 4653 δὲ
2759 4600 2990 4664 ἀστείως
3023 4599 3117 4653 καὶ
3148 4599 3245 4670 τὴν
3274 4599 3352 4663 εἰς
3381 4596 3553 4651 αἰῶνα
3578 4595 3671 4649 τὸν

2091 4685 2353 4763 μέλλοντα
2384 4691 2595 4763 τρυφὴν
2625 4691 2937 4763 ἀγιοπρεπῆ
2956 4729 2972 4755 ,
3006 4691 3100 4745 καὶ
3132 4691 3231 4763 τὴν
3267 4690 3376 4746 τῶν
3405 4689 3673 4762 οὐρανίων

2014 4778 2057 4833 D
2089 4783 2309 4854 μέθεξιν
2334 4782 2556 4851 ἀγαθῶν
2585 4784 2620 4853 ή
2648 4781 2790 4836 κατά
2816 4782 2878 4836 τὸ
2910 4783 3188 4838 Σάὁϐατον
3219 4782 3405 4854 ἀργία.

2159 4897 2365 4953 ΠΑΛΛ.
2396 4895 2610 4966 Φράσον
2638 4895 2706 4950 ἂν
2734 4897 2882 4961 ὅπως
2911 4896 3148 4951 συνιέναι
3175 4893 3380 4950 θέλοντί
3417 4912 3528 4968 μοι.

2156 5071 2322 5128 ΚΥΡ.
2354 5072 2469 5126 Καὶ
2495 5071 2663 5143 μάλα.
2691 5070 2902 5128 Ψάλλει
2933 5070 3045 5143 γάρ
3072 5087 3175 5125 που
3206 5068 3378 5139 λέγων
3403 5069 3433 5121 ὁ
3472 5069 3671 5123 θεσπέ-

2086 5183 2199 5230 σιος
2244 5163 2412 5223 Δαϐὶδ
2441 5165 2571 5238 περὶ
2598 5164 2709 5220 τῶν
2758 5163 2893 5220 υἱῶν
2953 5162 3172 5237 Ἰσραὴλ
3192 5204 3206 5231 ,
3233 5164 3331 5217 καὶ
3366 5160 3462 5216 τοῦ
3494 5161 3676 5215 πάντα

2082 5256 2361 5330 ἰσχύοντος
2401 5256 2540 5311 Θεοῦ
2560 5274 2576 5288 ·
2612 5275 2633 5310 ι
2685 5255 2885 5329 Ἄρτον
2925 5253 3157 5328 οὐρανοῦ
3203 5253 3405 5308 ἔδωκεν
3450 5252 3634 5316 αὐτοῖς
3656 5267 3670 5282 ·

2083 5353 2249 5423 ἄρτον
2276 5349 2528 5423 ἀγγέλων
2556 5349 2762 5420 ἔφαγεν
2780 5348 3090 5422 ἅνθρωπος,
3127 5364 3147 5400 ι
3178 5345 3241 5399 τὸ
3271 5345 3448 5416 μάννα
3475 5342 3672 5411 λέγων,

2082 5442 2314 5516 οὐρανοῦ
2349 5443 2444 5499 καὶ
2471 5441 2723 5511 ἀγγέλων
2747 5441 2989 5514 τροφὴν,
3031 5439 3119 5495 ἵνα
3162 5436 3271 5491 τῶν
3298 5433 3576 5515 αἰσθητῶν
3608 5450 3672 5491 τε

2083 5537 2178 5591 καὶ
2224 5534 2439 5608 ὁρατῶν
2488 5534 2581 5589 τὸν
2626 5536 2828 5589 οἰκεῖον
2874 5533 3047 5598 ἱέντες
3088 5531 3347 5597 ἐπέκεινα
3380 5527 3528 5596 νοῦν,
3573 5525 3674 5599 τὴν

2084 5625 2460 5699 πνευματικὴν
2495 5627 2589 5682 καὶ
2627 5624 2779 5680 θείαν
2826 5620 3337 5694 κατασκεπτώμεθα
3383 5617 3673 5692 χορηγίαν,

1726 5840 1765 5870 ⁵⁸
1792 5837 1925 5902 ibid.
1962 5838 2048 5892 24.
2114 5838 2129 5869 ⁷
2157 5836 2299 5897 Psal.
2330 5852 2528 5903 LXXVII.
2557 5838 2647 5902 25,
2680 5838 2767 5897 25.

3124 5937 3221 5946 -“,
3394 5951 3402 5955 _
3482 5940 3489 5959 Ι
3525 5932 3547 5944 ι·
