4104 6474
362 402 515 488 δεῖ

1137 414 1239 491 nr:
1275 434 1724 497 ADORATIONE
1758 439 1826 496 IN
1866 404 2139 499 SPIRITU
2179 443 2268 501 ΕΤ
2310 436 2687 497 VERlTATE.
2728 433 2860 492 LIB.
2901 433 3016 492 vn.

3621 439 3726 497 506

395 544 471 615 ῆν
502 542 627 608 ταῖς
660 542 774 599 τῶν
801 543 974 614 ἀγίων
1005 544 1207 618 ψυχαῖς
1234 550 1411 620 ἐνίησι
1438 552 1594 617 Θεὸς,
1622 552 1715 608 τὸν
1743 554 2008 624 ἀγγέλους

2127 572 2273 621 mur,
2306 570 2472 626 quam
2496 563 2818 610 sanctorum
2862 550 3064 608 animis
3106 550 3354 624 suggerit
3392 551 3559 620 Deus,
3597 568 3724 607 cum

391 635 699 705 τρέφοντα,
750 635 848 691 καὶ
880 634 1253 707 ζωογονοῦντα
1292 647 1426 706 τοὺς
1470 642 1798 715 ἀνθρώπους
1823 686 1840 710 ,
1874 645 2013 700 Θεὸν

393 727 563 798 λόγον
613 730 1109 800 ὲγκαταυλίζεσθαι
1156 734 1333 790 ποιῶν
1373 738 1490 801 τοῖς
1519 736 1620 809 τὴν
1672 737 1860 792 πίστιν
1900 740 2014 794 είσ-

391 821 775 895 δεδεγμένοις.
812 823 1127 897 Κατῴκηκε
1152 826 1262 902 γὰρ
1290 829 1320 882 6
1356 830 1595 901 Χριστὸς
1634 831 1695 886 ὲν
1721 829 1844 896 ταῖς
1878 850 2015 906 καρ-

352 981 359 986 _
392 913 544 980 δίαις
567 917 603 987 ή
612 915 734 986 μῶν
755 914 846 971 διὰ
873 916 971 972 τοῦ
994 919 1155 990 ἁγίου
1185 920 1328 975 Πνεύ
1336 938 1530 992 ματος,
1556 922 1650 977 zeal
1673 924 1826 995 ἄρτῳ
1849 922 2015 990 ζῶντι

356 994 365 1020 ’
391 1007 501 1063 καὶ,
528 1004 597 1072 ἐξ
619 1006 858 1079 οὐρανοῦ
882 1009 1202 1082 τρεφόμεθα
1228 1012 1368 1085 πρὸς
1395 1013 1613 1081 εὐεξίαν
1638 994 1828 1072 τεκαὶ
1858 1018 2016 1090 ίσχὺν

388 1099 791 1171 πνευματικήν
810 1115 827 1131 ⁸
854 1099 1026 1167 τύπος
1061 1103 1165 1175 μὲν
1188 1098 1284 1159 οὖν
1314 1104 1407 1161 τοῦ
1437 1107 1675 1180 τοιοῦδε,
1712 1108 1775 1164 τὸ
1811 1111 2013 1180 μάννα,

391 1190 586 1263 σαφὴς
618 1191 717 1247 καὶ
750 1191 1153 1259 ἀνενδοιάστως
1201 1194 1365 1267 ἔχων.
1405 1176 1757 1272 Προστέταχε
1787 1176 1845 1255 si.
1873 1202 1902 1255 6
1927 1176 2015 1256 νόί-

392 1301 504 1356 ito;
550 1285 902 1358 συναγείρειν
922 1285 1057 1343 αὐτὸ
1078 1288 1209 1353 τοὺς
1231 1290 1385 1355 υίοὺς
1422 1292 1668 1366 Ἰσραὴλ,
1690 1293 1753 1348 τὸ
1772 1294 2013 1367 διαρκῶς

390 1378 525 1450 ἔχον
554 1378 779 1453 ἑκάστῳ
808 1380 886 1453 μὴ
913 1382 1377 1455 ὑπερτρέχοντας.
1407 1384 1729 1457 Γέγραπται
1755 1387 1866 1458 γάρ
1892 1388 2012 1444 ὡδί·

395 1488 417 1520 ι
451 1469 531 1524 Τὸ
556 1469 707 1543 πρωῒ
732 1470 956 1540 ἐγένετο
981 1474 1451 1546 καταπαυομένης
1474 1475 1575 1547 τῆς
1598 1476 1794 1549 δρόσου
1824 1477 2013 1550 κύκλῳ

389 1561 499 1634 τῆς
528 1562 916 1636 παρεμϐολῆς,
949 1564 1046 1618 zeal
1082 1564 1196 1620 ἰδοὺ
1222 1566 1317 1623 ἐπί
1344 1568 1642 1642 πρόσωπον
1671 1570 1770 1642 τῆς
1799 1571 2014 1645 ἐρήμου

390 1653 595 1710 λεπτὸν
621 1656 759 1710 ὡσεὶ
800 1657 1115 1730 κορίαννον,
1152 1658 1348 1715 λευκὸν
1387 1659 1523 1715 ὡσεὶ
1560 1661 1738 1731 πάγος
1780 1663 1875 1717 ἐπὶ
1912 1664 2013 1737 τῆς

391 1747 524 1819 γῆς.
579 1747 805 1814 Ἰδόντες
845 1750 906 1804 δὲ
936 1750 1074 1807 αὐτὸ
1102 1752 1154 1805 οἱ
1185 1752 1297 1806 υἱοὶ
1347 1752 1590 1827 Ἰσραὴλ,
1621 1752 1787 1811 εἶπαν
1823 1755 2014 1829 ἕτερος

389 1841 475 1914 τῷ
522 1841 724 1915 έτέρῳο
774 1840 844 1896 Τί
875 1843 999 1898 ἐστι
1042 1843 1240 1913 τοῦτος
1288 1844 1352 1900 οὐ
1390 1847 1502 1919 γάρ
1555 1847 1777 1919 ᾔδεισαν
1823 1848 1879 1903 τί
1919 1844 2012 1921 ἦν.

392 1911 536 1993 Elaea
561 1911 634 1989 6e
658 1911 872 2008 Μωσῆς
909 1935 1051 2008 πρὸς
1083 1911 1318 2003 αὖτοῦςξ
1351 1911 1520 2006 Οὗτος
1619 1941 1785 2015 ἄρτος
1814 1942 1874 1997 δν
1921 1911 2011 1998 δέ·
2041 1911 2089 1972 Β

390 2026 574 2083 δωκεν
599 2028 736 2101 ὑμῖν
757 2027 969 2102 Κύριος
991 2032 1211 2101 φαγεῖν.
1236 2031 1413 2087 Τοῦτο
1439 2032 1503 2088 τὸ
1524 2033 1679 2106 ῥῆμα
1696 2034 1725 2089 ό
1750 2034 2015 2104 συνέταξε

390 2117 641 2190 Κύριος·
700 2120 1055 2192 Συναγάγετε
1103 2122 1201 2176 ἀπ’
1256 2123 1425 2178 αὐτοῦ
1479 2122 1715 2191 ἕκαστος
1762 2127 1844 2192 είς
1882 2128 2013 2191 τοὺς

391 2211 748 2284 καθήκοντας
786 2212 967 2287 γομὸρ
997 2213 1140 2270 κατά
1170 2215 1441 2286 κεφαλὰς,
1467 2216 1614 2271 κατά
1640 2217 1879 2291 ἀριθμὸν
1900 2220 2012 2290 ψυ-

391 2301 508 2374 χῶν
548 2302 733 2374 ὑμῶν,
761 2303 999 2371 ἕκαστος
1026 2306 1126 2360 σὺν
1156 2308 1272 2372 τοῖς
1306 2308 1602 2380 συσκήνοις
1633 2308 1792 2381 ὑμῶν
1820 2309 2012 2364 συλλέ-

392 2394 548 2461 ξατε.
584 2413 606 2448 z
643 2391 784 2451 Εἶτά
815 2414 954 2469 φησι
984 2397 1082 2453 zeal
1107 2397 1230 2470 μεθ’
1260 2397 1429 2472 ἔτερα
1457 2400 1657 2455 πάλιν*
1694 2422 1713 2455 e
1759 2400 2015 2471 Ἐγένετο

387 2489 450 2543 δὲ
490 2491 560 2561 τῇ
616 2489 806 2563 ἡμέρᾳ
851 2491 920 2563 τῇ
960 2489 1121 2564 ἕκτῃ,
1173 2490 1468 2560 συνέλεξαν
1503 2492 1574 2548 τά
1621 2492 1812 2548 δέοντα
1843 2491 2012 2548 διπλᾶ

388 2582 569 2657 γομδρ
605 2580 689 2657 τῷ
718 2582 837 2638 ένίο
883 2583 1140 2656 εἰσῆλθον
1177 2585 1237 2640 δὲ
1279 2586 1485 2651 πάντες
1521 2587 1576 2641 οί
1617 2587 1882 2659 ἄρχοντες
1910 2586 2011 2658 τῆς

387 2677 759 2749 συναγωγῆς,
797 2677 894 2733 zeal
924 2677 1263 2751 ἀνήγγειλαν
1291 2680 1495 2754 Μωσῇ.
1534 2679 1673 2736 Είπε
1708 2682 1766 2736 δὲ
1796 2681 2008 2754 Μωσῆς

388 2769 527 2842 πρὸς
550 2768 762 2836 αὐτούς
787 2787 802 2803 ·
832 2770 1009 2826 Τοῦτο
1028 2770 1091 2826 τὸ
1114 2773 1270 2846 ῥῆμά
1289 2775 1439 2828 ἐστιν
1458 2772 1487 2827 ὅ
1513 2773 1747 2847 ὲλάλησε
1777 2773 2009 2846 Κύριος’

387 2862 649 2921 Σάϐϐατα
677 2864 812 2934 ἅγια
847 2865 1161 2930 ἀνάπαυσις
1202 2866 1283 2939 τῷ
1329 2865 1556 2942 Κυρίῳο
1586 2864 1781 2939 αὔριον
1805 2867 1907 2922 ὅσα
1938 2867 2011 2922 ἂν

385 2953 710 3028 πέ[σ]σητε,
724 2954 1030 3029 πέ[σ]σετε,
1048 2957 1151 3011 ὅσα
1169 2957 1269 3012 ἐὰν
1289 2956 1481 3029 ἕψητε,
1505 2958 1690 3030 έψετε,
1708 2959 1804 3015 zeal
1822 2960 1932 3014 πᾶν
1945 2959 2009 3014 τὸ

385 3047 690 3113 πλεονάζον
705 3049 1069 3105 καταλείπετε
1094 3051 1284 3119 αὐτοῖς
1301 3051 1592 3123 ἀποθήκην
1618 3054 1698 3115 είς
1718 3051 1779 3108 τὸ
1801 3054 1966 3125 πρωϊ.
1981 3071 2003 3104 ι

386 3134 524 3195 Elea
562 3141 706 3213 πρὸς
734 3141 948 3206 τούτοις
977 3141 1072 3197 τὸν
1111 3142 1256 3198 θεῖον
1295 3146 1483 3210 αὐτοῖς
1532 3145 1781 3217 διεσάφει
1814 3147 2004 3219 νόμον,

383 3231 564 3327 εὐθὺς
578 3231 830 3327 ἐπειπὼν
848 3233 897 3327 ό
916 3233 1245 3327 ίεροφάντης
1264 3236 1475 3305 Μωσῆς
1492 3253 1507 3269 ο
1541 3254 1561 3288 ι
1596 3238 1806 3306 Φάγετε
1833 3239 2007 3310 σήμε-
2033 3268 2078 3327 C

386 3342 504 3397 ρονο
537 3324 659 3379 ἐστι
689 3325 801 3398 γὰρ
830 3325 1090 3382 Σάϐϐατα
1120 3328 1366 3400 σήμερον
1390 3328 1470 3402 τῷ
1504 3330 1719 3403 Κυρίῳ.
1764 3331 1879 3403 Οὐχ
1907 3332 2003 3386 εὐ-

386 3419 590 3491 ρήσετε
622 3420 871 3492 σήμερον
900 3422 961 3475 ὲν
982 3420 1062 3494 τῷ
1086 3421 1277 3494 πεδίῳ.
1311 3421 1412 3489 Ἐξ
1444 3423 1661 3496 ἡμέρας
1690 3422 1998 3493 συλλέξετε,

380 3511 451 3583 τῇ
469 3510 529 3564 δὲ
549 3510 740 3584 ἡμέρᾳ
762 3515 832 3585 τῇ
858 3511 1065 3588 ἐϐδόμῃ
1093 3514 1373 3570 Σάϐϐατα·
1393 3516 1497 3571 οὐκ
1517 3515 1673 3572 ἔσται
1695 3519 1753 3572 ὲν
1780 3518 1943 3591 αὐτῇ.
1972 3538 1991 3572 z

381 3596 538 3677 ’Λρά
569 3621 655 3659 σοι
684 3605 898 3673 λοιπὸν,
924 3598 970 3659 ὧ
1000 3605 1293 3674 Παλλάδιε,
1327 3609 1425 3663 καὶ
1455 3608 1597 3679 μετὰ
1636 3609 1797 3665 τοῦτο
1828 3612 2000 3684 ἀσυμ-

383 3696 578 3766 φανὲς,
626 3698 713 3752 ὅτι
753 3698 857 3769 τῆς
911 3698 1183 3771 ἐσομένης
1234 3700 1315 3764 είς
1373 3700 1548 3756 αίῶνα
1587 3702 1680 3757 τὸν
1728 3703 2000 3775 μέλλοντα

383 3788 569 3861 ζωῆς,
614 3791 784 3848 οἱονεὶ
836 3792 1320 3864 προευτρεπισμὺν
1376 3794 1472 3848 zeal
1521 3793 1878 3851 ὑποτύπωσιν
1931 3797 1999 3852 ἂν

382 3883 501 3956 ἔχοι
531 3885 631 3941 καὶ
668 3883 819 3955 μάλα
852 3885 1025 3956 σαφῆ,
1073 3884 1136 3938 τὸ
1167 3885 1305 3957 μήτε
1331 3904 1388 3940 τι
1429 3885 1563 3959 δρᾷν
1597 3889 1656 3942 ὲν
1690 3888 1994 3963 Σαϐϐάτῳ;

383 3974 670 4046 συλλέγειν
697 3974 756 4029 δὲ
778 3974 969 4048 ὥσπερ
995 3976 1079 4039 είς
1102 3976 1394 4049 ἀποθήκην
1423 3977 1482 4031 τὸ
1525 3978 1629 4050 ήδη
1662 3980 1998 4052 πεπορισμέ-

382 4084 507 4135 nov;
566 4069 665 4125 zeal
720 4067 858 4141 μηδὲ
906 4066 1044 4124 αὐτὸ
1095 4067 1156 4122 τὸ
1209 4068 1271 4135 ἐξ
1315 4068 1552 4141 οὐρανοῦ
1604 4071 1997 4127 καταδεδόσθαι

385 4161 593 4234 μάννα,
615 4161 694 4233 τῷ
719 4161 778 4217 δὲ
801 4160 903 4233 ἤδη
940 4163 1442 4234 συγκεκομισμένῳ
1463 4162 1861 4236 διακεχρῆσθαι
1885 4167 1997 4222 δεῖν

381 4256 464 4320 είς
516 4255 828 4310 ἀπόλαυσιν
861 4255 961 4311 zeal
1002 4255 1247 4327 τροφήν;
1296 4254 1732 4320 Σαϐϐατίζοντες
1773 4256 1886 4330 γὰρ
1936 4260 1997 4313 ὲν

381 4346 613 4420 Χριστῷ
648 4345 746 4402 zeal
778 4348 859 4411 είς
902 4346 1057 4419 λῆξιν
1094 4347 1266 4411 ἰόντες
1298 4347 1399 4418 τῆς
1437 4347 1713 4420 ἁμαρτίας
1752 4349 1993 4422 ὁλοτελῆ,

379 4442 496 4507 τοῖς
526 4439 739 4496 ἀνωθεν
760 4441 1180 4513 ὲντρυφήσομεν
1199 4439 1447 4508 ἀγαθοῖς,
1475 4439 1645 4493 πόνου
1675 4441 1774 4513 μὲν
1801 4441 1995 4516 ἐξῃρη-

383 4536 555 4607 μένου
608 4534 847 4605 παντὸς,
889 4532 1134 4607 ἱδρώτων
1178 4534 1236 4591 δὲ
1273 4534 1419 4607 δίχα,
1470 4535 1581 4589 πᾶν
1608 4534 1747 4607 ὅπερ
1782 4535 1997 4609 ὀνίνησι

380 4628 665 4694 πλουσίως
693 4628 1071 4702 εὑρίσκοντες.

451 4803 667 4859 ΠΔΛΛ.
706 4802 941 4875 Ἀληθὴς
964 4804 995 4857 6
1018 4802 1199 4874 λόγος.
1243 4804 1357 4874 Ἐφ’
1388 4804 1627 4877 ἑτοίμοις
1667 4805 1777 4877 γὰρ
1804 4803 1996 4878 ὥσπερ

380 4897 481 4954 zeal
529 4896 992 4969 προκεισομένοις
1035 4896 1243 4951 ἀπασιν
1276 4897 1510 4968 ἀγαθοῖς
1553 4898 1587 4969 ἡ
1632 4898 1695 4952 τὸ
1734 4899 1995 4971 τηνικάδε

376 4990 490 5049 τῶν
539 4988 716 5061 ἁγίων
754 4988 909 5045 ἔσται
951 4988 1100 5061 ζωή’
1145 4989 1390 5062 είρήσθω
1429 4990 1487 5044 δὲ
1522 4991 1620 5046 zeal
1662 4991 1803 5064 πρὸς
1835 4990 1996 5063 ἡμῶν

376 5082 565 5143 αὐτῶν
597 5081 745 5155 ἀγίῳ
779 5081 976 5137 παντίο
1014 5100 1033 5135 e
1072 5081 1215 5148 Τοὺς
1248 5082 1449 5165 πόνους
1487 5083 1598 5138 τῶν
1626 5084 1858 5155 καρπῶν
1896 5101 1993 5139 σου

378 5177 650 5249 φάγεσαι.
684 5195 704 5229 z

449 5271 624 5328 ΚΥΡ.
678 5268 896 5327 Οὐκοῦν
933 5268 1261 5336 ἀναθέοντες
1318 5272 1400 5337 εἰς
1455 5270 1518 5325 τὸ
1559 5270 1856 5344 ἀπαρχῆς,
1899 5271 1995 5325 zeal

2116 650 2294 705 Deum
2312 647 2469 704 illum
2490 647 2736 704 Verbum
2761 646 2858 718 qui
2885 653 2943 701 et
2976 646 3204 717 angelos
3236 646 3435 717 pascit,
3461 655 3518 702 et
3546 647 3727 702 homi-

2118 741 2285 796 nibus
2325 739 2498 795 vitam
2525 746 2776 810 praestat,
2810 738 2869 794 in
2904 737 2995 803 iis,
3030 738 3129 808 qui
3171 739 3338 795 fidem
3366 748 3723 810 receperunt,

2117 832 2431 889 inhabitare
2456 830 2609 886 facit.
2642 830 2869 886 Habitat
2893 832 3044 887 enim
3066 830 3329 888 Christus
3351 830 3408 886 in
3459 831 3727 888 cordibus

2116 925 2328 981 nostris
2362 938 2464 996 per
2507 921 2776 994 Spiritum
2822 930 3102 990 sanctum,
3136 930 3195 980 et
3224 939 3365 994 pane
3405 923 3640 990 viventi,
3667 932 3727 979 et

2117 1019 2339 1075 caelitus
2361 1016 2625 1073 veniente
2646 1013 2928 1086 pascimur
2972 1015 3043 1071 ad
3073 1014 3398 1072 ﬁrmitatem
3443 1024 3502 1071 et
3553 1016 3726 1072 robur

2116 1109 2405 1183 spirituale
2437 1104 2865 1178 concipiendum
2895 1122 3131 1163 :manna
3154 1109 3277 1180 ejus
3314 1108 3395 1165 rei
3439 1107 3615 1181 ﬁgura
3639 1116 3727 1164 est

2116 1211 2271 1259 certa
2297 1209 2357 1258 et
2387 1200 2643 1257 evidens.
2670 1198 2846 1256 Jussit
2872 1206 3061 1255 autem
3084 1200 3196 1267 lex,
3222 1210 3286 1256 ut
3308 1217 3376 1257 ex
3402 1216 3470 1257 eo
3507 1208 3724 1256 tantum

2115 1292 2441 1363 colligerent
2462 1289 2562 1345 ﬁlii
2588 1290 2794 1355 Israel,
2824 1297 3095 1360 quantum
3134 1290 3336 1362 cuique
3373 1292 3508 1348 satis
3549 1301 3723 1359 esset,

2115 1381 2367 1454 nihilque
2397 1397 2559 1453 supra
2587 1396 2908 1437 mensuram
2934 1380 3261 1452 adiicerent.
3290 1382 3383 1438 Sic
3403 1382 3553 1440 enim
3581 1383 3723 1441 scri-

2115 1485 2273 1547 ptum
2309 1483 2396 1533 est
2429 1494 2442 1530 :
2478 1494 2496 1527 e
2533 1474 2692 1531 Mane
2722 1474 2933 1530 factum
2957 1482 3064 1542 est,
3112 1490 3240 1530 cum
3280 1475 3591 1533 desedisset
3630 1492 3727 1533 ros

2116 1570 2176 1625 in
2198 1569 2444 1626 circuitu
2463 1577 2797 1635 castrorum,
2834 1575 2899 1625 et
2924 1582 3053 1623 ecce
3076 1564 3247 1639 super
3282 1566 3481 1624 faciem
3516 1569 3723 1624 deserti

2115 1661 2395 1717 minutum
2421 1660 2580 1733 quasi
2603 1660 2962 1718 coriandrum
2984 1661 3199 1729 album,
3228 1660 3388 1732 quasi
3408 1662 3608 1733 pruina
3627 1677 3722 1718 su-

2115 1770 2218 1827 per
2241 1763 2482 1823 terram;
2509 1771 2637 1813 cum
2667 1754 2942 1811 vidissent
2963 1763 3151 1811 autem
3200 1755 3359 1811 illum
3382 1754 3483 1810 ﬁlii
3528 1755 3723 1822 Israel,

2116 1847 2378 1905 dixerunt
2399 1848 2540 1905 alter
2555 1849 2625 1905 ad
2660 1848 2900 1906 alterum
2927 1866 2941 1903 :
2970 1847 3136 1922 235
3170 1847 3318 1917 Quid
3337 1848 3592 1905 esthoc?
3627 1864 3725 1905 ne—

2116 1955 2226 2012 que
2258 1940 2408 1996 enim
2426 1940 2677 1997 sciebant
2711 1940 2847 2012 quid
2887 1947 3057 1997 esset.
3109 1940 3260 1997 Dixit
3284 1948 3472 1997 autem
3493 1940 3563 1997 ad
3599 1940 3726 1997 illos

2114 2030 2369 2104 Moyses:
2403 2031 2506 2088 Hic
2541 2038 2631 2088 est
2657 2031 2842 2103 panis,
2868 2047 3038 2103 quem
3081 2030 3238 2089 dedit
3256 2032 3417 2089 vobis
3454 2032 3725 2089 Dominus

2115 2122 2186 2180 ad
2233 2124 2599 2182 vescendum.
2652 2125 2771 2183 Hoc
2808 2133 2896 2182 est
2946 2124 3225 2193 verbum,
3262 2125 3415 2197 quod
3456 2124 3725 2197 praecepit

2114 2214 2430 2273 Dominus:
2457 2216 2701 2289 colligite
2726 2231 2795 2273 ex
2819 2216 2962 2288 ipso,
2988 2222 3260 2288 quantum
3284 2216 3509 2283 sufﬁcit,
3529 2232 3724 2288 gomor

2112 2325 2216 2382 per
2239 2310 2461 2383 singula
2492 2310 2697 2381 capita,
2734 2309 2893 2381 juxta
2926 2325 3225 2367 numerum
3270 2309 3586 2365 animarum
3624 2325 3723 2366 ve-

2112 2403 2784 2474 strarum,unusquisquc
2809 2417 2938 2459 cum
2982 2403 3482 2461 contubernalibus
3521 2403 3726 2460 vestris

2112 2495 2355 2568 colligite
2393 2496 2435 2551 ⁸.
2470 2516 2489 2549 z
2520 2496 2731 2552 Deinde
2754 2504 2882 2567 post
2931 2497 3188 2569 quaedam
3223 2498 3332 2554 alia
3385 2513 3582 2554 rursus
3604 2497 3719 2554 ait:

2122 2604 2140 2637 e
2172 2585 2400 2642 Factum
2425 2594 2514 2642 est
2536 2594 2725 2642 autem
2750 2586 2842 2643 die
2868 2594 3046 2653 sexta,
3069 2576 3417 2658 collegerunt
3458 2602 3723 2643 necessa-

2112 2678 2195 2733 ria
2218 2679 2409 2750 dupla,
2432 2679 2545 2735 duo
2591 2697 2805 2753 gomor,
2855 2696 2956 2752 per
2977 2680 3226 2753 singulos
3260 2697 3277 2735 :
3306 2680 3543 2753 ingressi
3593 2687 3726 2735 sunt

2111 2780 2300 2827 autem
2328 2785 2523 2826 omnes
2565 2770 2851 2842 principes
2884 2785 3195 2843 synagoga,
3229 2778 3287 2826 et
3308 2771 3722 2827 nuntiaverunt

2112 2861 2304 2934 Moysi.
2331 2862 2481 2917 Dixit
2503 2870 2691 2918 autem
2723 2862 2939 2935 Moyses
2962 2861 3033 2918 ad
3069 2876 3167 2918 eos
3193 2879 3207 2917 :
3234 2862 3354 2920 Hoc
3375 2870 3463 2919 est
3486 2862 3724 2918 verbum

2110 2953 2260 3025 quod
2282 2954 2504 3010 locutus
2523 2962 2611 3011 est
2647 2955 2957 3011 Dominus:
2985 2953 3226 3011 Sabbata
3270 2955 3494 3027 requies
3532 2962 3724 3011 sancta

2110 3048 2347 3104 Domino
2376 3066 2389 3103 :
2420 3064 2568 3116 cras,
2591 3064 2941 3119 quaecunque
2965 3063 3207 3120 coquere
3230 3050 3423 3116 vultis,
3465 3050 3721 3120 coquite;

2109 3150 2167 3199 et
2187 3158 2534 3214 quaecunque
2564 3142 2772 3199 elixare
2794 3141 3109 3209 volueritis,
3145 3141 3349 3198 elixate
3399 3159 3413 3198 :
3449 3148 3508 3198 et
3554 3142 3720 3212 quid-

2110 3235 2245 3306 quid
2273 3234 2645 3307 superfuerit,
2669 3234 2969 3305 relinquite
3014 3233 3176 3289 vobis
3217 3232 3621 3304 repbsitionem
3665 3233 3723 3287 in

2110 3330 2334 3385 manc’.
2369 3347 2387 3381 z
2448 3326 2658 3383 Deinde
2694 3326 2930 3399 Moyses,
2960 3326 3053 3382 ille
3088 3340 3378 3382 sacrorum
3418 3324 3720 3395 interpres,

2109 3422 2355 3479 divinam
2386 3420 2497 3476 illis
2543 3420 2723 3492 legem
2750 3418 3069 3490 explicavit,
3095 3417 3366 3475 continuo
3415 3416 3665 3473 inferens
3704 3434 3720 3472 :

2117 3533 2135 3567 e
2170 3511 2458 3570 Comedite
2483 3510 2684 3577 hodie;
2711 3518 2842 3567 sunt
2865 3510 3017 3566 enim
3040 3509 3208 3565 hodie
3259 3508 3501 3565 Sabbata
3529 3506 3721 3562 Domi~
3822 3506 3831 3509 ’

2106 3621 2203 3661 no.
2238 3605 2362 3661 Non
2387 3603 2686 3661 invenietis
2707 3603 2876 3659 hodie
2900 3602 2957 3658 in
2980 3618 3196 3675 campo.
3224 3601 3332 3659 Sex
3374 3601 3575 3657 diebus
3600 3600 3719 3656 col—

2106 3699 2326 3772 ligetis;
2351 3698 2588 3770 septima
2614 3712 2748 3753 vero
2785 3695 2878 3754 die
2905 3695 3148 3752 Sabbata
3182 3705 3348 3763 sunt;
3392 3710 3505 3749 non
3533 3693 3641 3750 crit
3663 3692 3721 3748 in

2107 3791 2226 3862 ipsa
2265 3790 2329 3844 ¹⁰.
2372 3810 2391 3843 z
2420 3790 2507 3845 An
2554 3788 2657 3845 tibi
2698 3789 2958 3860 posthac,
3006 3788 3241 3855 Palladi,
3268 3788 3571 3844 obscurum
3596 3802 3721 3843 esse

2105 3886 2333 3958 poterit,
2377 3885 2516 3957 quin
2560 3884 2670 3941 hoc
2708 3884 2892 3956 ipsum
2933 3883 3075 3939 nihil
3100 3899 3264 3956 agere
3296 3882 3574 3949 Sabbato,
3622 3883 3721 3939 scd

2105 3978 2255 4050 quod
2274 3979 2388 4051 jam
2410 3977 2830 4050 suppeditatum
2853 3976 2947 4043 sit,
2975 3984 3242 4047 tanquam
3270 3976 3327 4031 in
3348 3976 3544 4032 cellam
3582 3990 3718 4031 con-

2105 4069 2260 4135 dere,
2301 4086 2486 4141 neque
2512 4068 2736 4126 ccelitus
2759 4084 2962 4124 manna
2983 4068 3092 4139 ipsi
3119 4067 3261 4134 dari,
3292 4066 3389 4123 sed
3409 4068 3524 4139 jam
3562 4083 3717 4123 com-

2105 4170 2326 4233 portato
2355 4161 2426 4217 ad
2457 4162 2803 4232 voluptatem
2847 4168 2905 4216 et
2926 4160 2996 4216 ad
3029 4176 3217 4217 escam
3238 4160 3344 4226 uti,
3373 4159 3532 4230 quasi
3573 4176 3717 4230 prac-

2104 4252 2320 4322 paratio
2345 4253 2599 4326 quaedam
2622 4262 2792 4325 atque
2810 4254 3130 4310 informatio
3150 4254 3222 4310 sit
3258 4253 3409 4309 illius
3431 4253 3578 4319 vitae,
3597 4269 3721 4324 qua:

2104 4345 2162 4401 in
2185 4348 2385 4404 saeculo
2402 4355 2641 4405 venturo
2652 4346 2836 4404 futura
2863 4349 2985 4404 cst?
3005 4348 3143 4403 Nam
3165 4346 3467 4403 Sabbatum
3493 4354 3721 4417 agentes

2105 4440 2164 4495 in
2209 4440 2456 4509 Christo,
2484 4450 2655 4513 atque
2680 4442 2911 4498 omnino
2934 4448 3218 4497 cessantes
3244 4456 3277 4495 a
3296 4466 3301 4472 -
3322 4447 3574 4512 peccato,
3620 4454 3715 4493 su-

2106 4536 2301 4610 pernis
2324 4535 2437 4592 illis
2458 4535 2713 4592 frucmur
2725 4534 2910 4600 bonis,
2930 4550 3059 4591 cum
3079 4534 3238 4589 labor
3260 4533 3452 4618 omnis.
3465 4524 3719 4589 sublatus

2028 4644 2073 4701 1)
2102 4631 2232 4697 erit,
2257 4638 2314 4687 et
2327 4629 2470 4685 citra
2490 4629 2755 4686 sudorem
2777 4644 2845 4685 ea
2867 4627 3079 4694 omnia,
3102 4642 3227 4699 quae
3243 4626 3442 4698 juvare
3458 4634 3715 4696 possunt,

2107 4721 2401 4777 afﬂuenter
2426 4719 2798 4776 inveniemus.

2176 4815 2383 4872 PALL.
2429 4814 2573 4870 Vera
2598 4815 2821 4870 oratio:
2850 4829 2979 4869 nam
3018 4812 3179 4883 quasi
3224 4810 3283 4865 in
3326 4809 3537 4880 paratis
3584 4809 3717 4865 ctin

2104 4916 2366 4981 promptu
2400 4908 2597 4980 positis
2620 4906 2785 4964 bonis
2822 4907 3086 4963 omnibus
3110 4905 3226 4970 illa,
3251 4918 3378 4975 qua:
3422 4911 3558 4958 tunc
3585 4903 3718 4966 erit,

2102 5009 2423 5057 sanctorum
2447 5001 2561 5058 vita
2584 5000 2856 5067 ducetur;
2883 5000 3051 5055 liceat
3080 4998 3250 5070 igitur
3272 5003 3332 5052 et
3369 4995 3534 5051 nobis
3582 4995 3721 5065 ipsis

2102 5090 2289 5148 dicere
2327 5101 2520 5148 sancto
2548 5092 2788 5164 cuique:
2824 5109 2843 5142 e
2889 5089 3136 5147 Labores
3185 5102 3452 5151 manuum
3491 5095 3717 5142 tuarum

2102 5184 2472 5242 manducabis
2490 5186 2555 5241 “.
2589 5204 2609 5238 ι

2166 5275 2327 5333 CYR.
2356 5277 2533 5350 Igitur
2555 5276 2624 5333 ad
2650 5276 2728 5343 id,
2753 5275 2902 5348 quod
2946 5273 3108 5331 initio
3151 5271 3395 5345 positum
3438 5282 3583 5341 erat,
3625 5288 3714 5328 re-

375 5363 573 5436 ὥσπερ
626 5363 823 5419 ἀνόπιν
871 5362 966 5418 τὸν
1040 5362 1204 5433 λόγον
1259 5364 1720 5437 ἀνασειράζοντες
1743 5403 1759 5431 ,
1816 5364 1995 5419 ἐκεῖνό

2111 5375 2429 5436 currentes,
2492 5377 2550 5425 et
2603 5368 2764 5439 quasi
2815 5375 3127 5423 retrorsum
3168 5364 3442 5421 orationis
3485 5380 3713 5421 cursum

375 5474 590 5529 φαμεν,
624 5456 707 5524 τὸ,
737 5456 821 5511 ὅτι
839 5456 906 5528 δὴ
940 5456 1152 5528 σφόδρα
1181 5457 1277 5511 zeal
1306 5456 1620 5523 ἀκολούθως
1643 5459 1673 5512 ό
1707 5457 1873 5529 νόμος
1904 5457 1996 5527 ἐφ’

2111 5461 2469 5529 reflectentcs,
2496 5461 2634 5517 illud
2689 5460 3015 5526 asserimus,
3062 5457 3597 5515 convenientissima
3633 5458 3713 5515 le-

375 5552 477 5609 ἒνα
528 5549 626 5606 τὸν
677 5548 842 5619 φύσει
900 5550 998 5604 zeal
1050 5548 1272 5618 ἀληθῶς
1326 5551 1680 5623 μεταστήσας
1726 5550 1883 5615 Θεὸν,
1928 5550 1991 5604 οὐ

2111 5570 2241 5626 gem,
2270 5570 2399 5612 cum
2422 5553 2493 5610 ad
2531 5569 2706 5610 unum
2729 5552 3051 5620 colendum,
3102 5551 3199 5624 qui
3240 5561 3443 5609 natura
3480 5560 3539 5608 et
3576 5567 3710 5614 vere

380 5643 814 5717 συγκεχώρηκεν
844 5644 1063 5713 ἀγνοεῖν
1117 5644 1243 5699 οὐδὲ
1277 5644 1368 5699 τὸν
1418 5645 1479 5713 ἐξ
1512 5644 1682 5700 αὑτοῦ
1709 5663 1771 5699 τε
1806 5645 1901 5699 zeal
1930 5646 1989 5700 ἐν

2111 5649 2238 5704 )cus
2255 5656 2361 5716 est,
2382 5663 2487 5705 nos
2505 5648 2858 5716 traduxisset,
2877 5662 2989 5704 non
3012 5644 3363 5711 sustinuisse,
3385 5654 3448 5702 ut
3466 5645 3707 5701 Verbum

380 5736 535 5809 αὐτῷ
574 5735 752 5806 φύντα
780 5754 838 5793 τε
873 5736 967 5792 zeal
1001 5738 1418 5809 συνυπάρχοντα
1462 5738 1732 5793 συναῖδιον
1788 5739 1980 5807 Λόγον.

460 5926 681 5989 ⁸Ειοι1.
720 5943 826 5997 xw,
872 5928 1061 5987 15-16.
1142 5929 1160 5957 '
1193 5928 1329 5985 ibid.
1366 5929 1557 5987 22-25.

1641 5930 1679 5960 ὀ
1716 5928 1848 5985 ibid.
1881 5931 2071 5987 25‘27.

2086 5740 2246 5809 illud,
2267 5741 2415 5815 quod
2438 5758 2505 5799 ex
2529 5742 2648 5814 ipso
2665 5751 2720 5799 et
2737 5742 2791 5799 in
2808 5741 2930 5816 ipso
2954 5747 3146 5799 natum
3163 5746 3217 5796 ct
3240 5736 3631 5796 simulexsistit
3652 5741 3708 5792 et

2191 5934 2229 5965 “
2261 5933 2403 5988 I’sal.
2431 5948 2629 6003 cum,
2663 5934 2724 5987 2.
