4104 6466
450 440 555 500 567

1484 438 1540 497 S.
1580 440 1859 497 CYRILLI
1898 439 2380 498 ALEXANDRINI
2416 437 2736 497 ARCHIEP.

3618 431 3719 493 508

450 568 787 615 comternum
811 560 915 621 est,
941 554 1341 626 ignoraremus.
1363 555 1499 612 Nam
1537 572 1664 613 cum
1704 559 1861 629 prius
1899 574 2032 629 pra:—

2138 557 2633 631 Προεντειλάμενος
2659 554 2766 628 γὰρ
2800 554 2894 609 καὶ
2928 551 3121 619 εἰπὼν,
3157 571 3176 605 ι
3225 549 3560 622 ’Ᾱγαπήσεις
3605 550 3719 603 Κύ-

448 652 689 723 cepisset
712 657 877 719 atque
909 646 1181 705 dixisset:
1231 668 1251 701 ι
1280 648 1485 721 Diliges
1526 650 1822 707 Dominum
1844 648 2037 707 ‘De'um

447 752 608 798 tuum
630 754 699 798 ex
726 749 840 796 toto
866 740 1036 797 corde
1061 748 1180 807 tuo,
1205 750 1263 797 et
1286 754 1353 798 ex
1379 750 1493 798 tota
1519 752 1705 800 mente
1729 752 1844 811 tua,
1872 752 1929 801 et
1963 758 2033 801 ex

447 834 711 889 omnibus
735 832 949 888 viribus
973 832 1086 888 tuis
1110 834 1154 865 "
1190 850 1202 887 :
1239 853 1259 886 ι
1280 832 1441 905 235
1457 843 1515 890 et
1537 844 1805 906 praeterea
1830 853 1845 891 :
1868 852 1887 888 ι
1915 837 2038 893 Non

447 935 613 981 erunt
640 925 741 981 tibi
762 925 840 980 dii
872 925 974 980 alii
999 932 1202 997 praeter
1231 941 1323 981 me
1359 927 1404 959 ¹⁸
1438 940 1451 980 :
1493 946 1512 979 ι
1564 929 1848 1000 conjunxit
1888 928 2038 986 illico

448 1016 658 1074 Christi
682 1018 1003 1089 mysterium
1030 1017 1358 1074 inferendo:
1394 1038 1412 1071 ι
1460 1020 1773 1075 Recordare
1790 1028 1852 1076 ut
1891 1021 2037 1077 diem

450 1106 816 1164 Sabbatorum
844 1107 1157 1167 sanctiﬂces
1191 1112 1256 1166 ιδ.
1295 1131 1314 1164 ι
1344 1112 1471 1168 Haec
1491 1113 1638 1168 enim
1675 1114 1935 1185 praeclara
1955 1130 2040 1171 se-

448 1200 582 1256 mita
621 1208 706 1255 est
735 1212 801 1256 ac
845 1201 1194 1268 necessaria,
1246 1210 1302 1258 et
1344 1198 1520 1259 divini
1558 1205 1781 1262 artiﬁcii
1825 1207 1936 1272 via,
1981 1214 2040 1262 et

449 1287 794 1346 discentibus
838 1302 962 1359 quae
1008 1293 1152 1347 scire
1200 1302 1341 1363 opus
1366 1301 1471 1359 est,
1497 1290 1809 1350 utilissima.
1851 1295 2040 1365 itaque

453 1376 706 1433 Salvator
729 1380 970 1445 Patrem,
996 1381 1089 1450 qui
1127 1382 1183 1436 in
1228 1382 1382 1437 caelis
1408 1390 1522 1449 est,
1564 1396 1629 1441 ac
1678 1382 1850 1439 Deum
1907 1384 2042 1440 allo-

449 1478 627 1537 quens
652 1466 769 1522 ait:
803 1486 821 1521 ι
855 1460 981 1525 Ηαξο
1007 1479 1094 1526 est
1116 1471 1228 1526 vita
1252 1481 1481 1537 aeterna,
1529 1481 1591 1527 ut
1630 1483 1964 1544 cognoscant
1986 1482 2039 1530 te

450 1559 630 1613 solum
665 1571 859 1614 verum
891 1554 1088 1626 Deum,
1115 1570 1171 1617 et
1194 1575 1359 1632 quem
1396 1561 1626 1629 misisti,
1651 1563 1839 1619 Iesum
1874 1560 2041 1619 Chri-

449 1656 598 1706 stum
646 1648 711 1719 ε’.
757 1670 776 1703 ι
825 1646 984 1719 Nam,
1036 1648 1132 1709 ubi
1160 1652 1228 1710 de
1268 1654 1430 1710 Patre
1452 1655 1625 1711 verba
1664 1650 1824 1722 ﬁunt,
1851 1670 2042 1713 conse-

449 1751 698 1811 quuntur
726 1745 1045 1800 necessario
1062 1745 1257 1810 verba,
1272 1758 1395 1816 quae
1408 1744 1476 1800 ad
1491 1741 1692 1800 Filium
1704 1746 2036 1817 pertineant,

453 1842 511 1890 et
534 1835 831 1907 conjuncta
854 1832 1091 1893 maxime
1117 1834 1407 1908 utriusque
1427 1834 1671 1910 Cognitio
1692 1846 1795 1895 est.
1820 1838 2041 1895 Iudaeos

2142 666 2258 721 ριον
2294 648 2384 703 τὸν
2413 648 2549 702 Θεόν
2593 662 2688 701 σου
2728 645 2794 711 ἐξ
2813 638 2941 718 ὅλης
2984 645 3082 715 τῆς
3122 642 3351 714 καρδίας
3391 652 3509 706 σου,
3540 639 3635 694 καὶ
3663 640 3724 707 ἐξ

2138 740 2267 813 ὅλης
2293 740 2393 811 τῆς
2415 737 2655 803 διανοίας
2680 752 2795 804 σου,
2828 736 2923 790 καὶ
2952 732 3164 804 ὲξ’ὄλης
3197 730 3299 804 τῆς
3333 726 3515 801 ἰσχύος
3553 744 3666 782 σουο
3696 748 3716 781 ι

2138 831 2236 888 καὶ
2283 832 2423 904 μήν⁸
2460 850 2478 884 ι
2519 831 2630 885 Καὶ
2674 828 2776 884 οὐκ
2816 824 3031 882 ἔσονταί
3071 840 3155 880 σοι
3183 824 3297 878 θεοὶ
3336 817 3550 894 ἕτεροι,
3583 818 3725 894 πλὴν

2138 924 2275 996 ἐμοῦ
2303 941 2318 957 ’
2348 943 2368 978 ι
2411 922 2654 994 συνῆψεν
2689 920 2853 985 εὐθὺς
2887 921 2947 974 τὸ
2979 910 3220 991 Χριστοῦ
3259 916 3579 989 μυστήριον,
3624 916 3727 969 tr:-

2138 1017 2341 1071 ειπὼν·
2404 1031 2425 1068 ι
2491 1010 2779 1087 Μνησθητι
2836 1012 2934 1084 τὴν
2990 1009 3205 1083 ἡμέραν
3261 1004 3371 1063 τῶν
3425 1004 3727 1061 Σαθσάτων

2102 1128 2107 1133 ·
2140 1103 2407 1179 ἁγιάζειν.
2459 1123 2479 1160 ι
2528 1100 2700 1179 Dipo;
2729 1105 2839 1179 γὰρ
2883 1100 2982 1176 ἥδε
3026 1100 3167 1175 καλή
3204 1114 3265 1157 τε
3302 1103 3396 1156 καὶ
3428 1100 3725 1170 ἀναγκαία,

2138 1199 2234 1254 καὶ
2263 1198 2738 1269 θεοπρεπεστάτης
2770 1194 3052 1266 εὐτεχνίας
3084 1193 3221 1259 ὁδὸς,
3258 1192 3354 1247 καί
3383 1184 3728 1260 τελεωτάτην

2137 1292 2248 1355 τοῖς
2273 1286 2309 1345 ἃ
2336 1286 2612 1361 προσῆκεν
2645 1288 2844 1344 είδέναι
2867 1286 3247 1359 μανθάνωσιν,
3295 1274 3597 1359 ἐμποιοῦσα
3624 1283 3729 1354 τὴν

2137 1378 2342 1455 ὄνησιν.
2376 1376 2487 1437 Καὶ
2518 1374 2651 1450 γοῦν
2680 1383 2710 1435 ὁ
2735 1376 2928 1452 Σωτὴρ
2953 1377 3092 1451 πρὸς
3115 1376 3207 1431 τὸν
3235 1381 3293 1432 εν
3335 1374 3586 1449 οὐρανοῖς
3618 1372 3727 1445 ἔφη

2138 1470 2360 1547 Πατέρα
2382 1474 2479 1529 καὶ
2499 1475 2653 1529 Θεόνο
2687 1492 2707 1526 t
2738 1466 2886 1545 Αὕτη
2908 1471 2966 1524 δέ
2991 1474 3140 1525 ἐστιν
3162 1472 3196 1541 ἠ
3228 1464 3445 1533 αἰώνιος
3471 1462 3607 1539 ζωὴ,
3637 1468 3726 1521 ἵνα

2137 1566 2447 1638 γινώσκωσι
2474 1578 2535 1620 σε
2566 1564 2658 1621 τὸν
2688 1565 2848 1638 μόνον
2882 1560 3136 1635 ἀληθινὸν
3183 1561 3349 1627 Θεὸν,
3389 1560 3487 1614 καὶ
3522 1558 3582 1613 δν
3618 1559 3725 1613 ἀπ-

2139 1660 2387 1724 έστειλας
2448 1658 2655 1731 Ἰησοῦν
2700 1656 2959 1730 Χριστόν.
3017 1666 3037 1708 i
3092 1654 3564 1726 Συμπαρομαρτεῖ
3613 1651 3724 1723 γὰρ

2138 1750 2451 1822 ἀναγκαίως
2498 1748 2579 1824 τῷ
2631 1750 2777 1822 λόγῳ
2804 1740 2885 1821 τῷ
2924 1745 3054 1820 περὶ
3081 1742 3317 1820 Πατρὸς,
3355 1746 3383 1799 ὁ
3409 1745 3541 1817 περὶ
3566 1743 3721 1812 Υιοῦ,

2139 1844 2238 1898 καὶ
2273 1842 2568 1915 ἀγχίθυρος
2606 1840 2729 1896 λίαν
2757 1842 2790 1911 ἡ
2819 1840 2905 1893 ἐπ’
2940 1830 3145 1911 ἀμφοτν
3176 1840 3291 1893 ἐστι
3324 1838 3544 1907 γνῶσις.
3593 1834 3724 1891 Ἰου-

450 1933 623 1991 certe,
670 1935 961 1997 propterea
998 1928 1147 1999 quod
1194 1928 1395 1986 Filium
1417 1924 1531 1985 non
1577 1930 1958 1997 admitterent,
2001 1946 2032 1986 a

2136 1932 2306 1996 δαίοις
2347 1931 2480 2001 γοῦν
2520 1930 2622 2003 τῆς
2669 1921 2929 2002 ἀληθείας
2974 1929 3338 2011 ἡμαρτηκόσι)
3378 1926 3468 1982 διὰ
3509 1927 3602 1982 τοῦ
3647 1929 3724 2000 μὴ

402 2030 405 2035 ⁴
452 2014 682 2070 Veritate
728 2016 1091 2085 aberrantes,
1137 2024 1303 2089 atque
1365 2019 1702 2076 arbitrantes
1748 2014 1813 2076 sc
1871 2030 2036 2076 nosse

449 2102 644 2173 Deum,
680 2108 1020 2179 increpabat,
1063 2106 1253 2166 dieens
1280 2129 1336 2165 τι
1363 2110 1554 2183 Neque
1588 2123 1676 2167 me
1709 2112 1904 2178 nostis,
1941 2124 2038 2167 ne-

449 2216 557 2271 que
607 2202 823 2257 Patrem
863 2214 1049 2258 meum
1078 2221 1091 2257 :
1119 2205 1166 2259 si
1217 2216 1305 2260 me
1358 2204 1756 2276 cognovissctis
1782 2246 1797 2271 ,
1835 2210 1892 2260 et
1930 2198 2035 2260 Pa-

451 2301 591 2348 trem
639 2306 822 2348 meum
869 2294 1065 2366 utique
1106 2295 1503 2367 cognovissetis
1539 2292 1610 2352 ".
1649 2310 1666 2349 ι
1711 2292 1773 2352 In
1799 2303 2035 2368 utraque

447 2385 595 2440 enim
610 2387 843 2442 alterius
865 2387 1019 2442 notio
1043 2386 1206 2442 simul
1223 2386 1478 2443 infertur.
1500 2382 1692 2460 Igitur,
1718 2401 1845 2444 cum
1858 2389 2033 2460 prius,

450 2474 795 2533 fundamenti
823 2478 1107 2550 cujusdam
1133 2480 1327 2546 instar,
1373 2480 1595 2551 iecisset
1621 2490 1830 2537 certam
1871 2490 2035 2553 atque

448 2576 763 2622 accuratam
787 2564 885 2623 Dei
911 2568 1305 2639 cognitionem,
1332 2577 1388 2623 et
1410 2568 1741 2639 legislatoris
1781 2571 2034 2626 notitiam

448 2657 604 2727 prius
628 2669 888 2729 tanquam
910 2656 1193 2715 radicibus
1229 2661 1387 2726 actis,
1420 2660 1476 2715 in
1499 2662 1581 2717 eis
1608 2659 1894 2728 iniixisset,
1935 2661 2034 2718 de-

452 2751 621 2821 nique
646 2748 714 2806 ad
738 2751 976 2807 humana
1004 2748 1308 2818 descendit,
1335 2753 1457 2808 etei
1483 2756 1825 2821 reverentiae,
1865 2768 2032 2826 quam

447 2834 563 2898 Deo
599 2842 944 2911 exhibemus,
978 2844 1282 2916 proximam
1308 2844 1569 2918 deinceps
1589 2847 1819 2902 collocat
1867 2856 2033 2919 atque

447 2930 731 3006 conjungit
752 2948 892 3001 eam,
921 2950 1042 3007 quae
1069 2939 1210 3008 patri
1237 2950 1300 2993 ac
1326 2939 1487 2993 matri
1514 2938 1766 3004 debetur,
1794 2952 2033 3011 quorum

447 3028 764 3096 opera,Deo
788 3039 1088 3094 annuente,
1104 3028 1357 3100 perducti
1372 3044 1438 3085 eo
1454 3044 1666 3098 sumus,
1705 3041 1766 3087 ut
1784 3044 2032 3091 essemus

447 3126 504 3173 et
535 3122 760 3176 omnino
807 3120 1236 3178 subsisteremus
1263 3164 1278 3188 ,
1318 3124 1520 3194 quippe
1556 3138 1681 3180 cum
1729 3127 2034 3183 secundum

446 3210 517 3265 ab
542 3206 749 3281 Opince
793 3206 979 3267 locum
1025 3216 1251 3268 teneant
1302 3226 1313 3267 :
1362 3211 1567 3270 divinis
1589 3217 1737 3271 enim
1759 3217 1948 3288 jussis,
1973 3226 2033 3275 et

2137 2024 2461 2098 προσίεσθαι
2493 2024 2585 2079 τὸν
2617 2018 2766 2088 Υἱὸν,
2808 2020 3078 2096 οἰομένοις
3121 2014 3179 2077 δὲ
3206 2023 3288 2076 ὅτι
3314 2019 3451 2075 Θεὸν
3476 2017 3723 2089 ἐγνώκα-

2138 2128 2245 2183 σιν,
2292 2112 2528 2188 ἐπετίμα
2571 2116 2776 2185 λέγων·
2834 2132 2852 2168 r
2903 2110 3040 2169 Οὔτε
3076 2110 3177 2184 ἐμὲ
3216 2110 3416 2175 οἴδατε,
3467 2111 3592 2166 οὔτε
3633 2111 3731 2166 τὸν.

2136 2208 2359 2280 Πατέρα
2400 2224 2501 2281 μου
2526 2225 2539 2239 ·
2582 2206 2631 2262 εί
2662 2207 2763 2279 ἐμὲ
2808 2205 3024 2280 ᾔδειτε,
3068 2198 3165 2259 καί
3206 2197 3298 2258 τὸν
3344 2194 3565 2274 Πατέρα
3620 2218 3722 2274 μου

2135 2300 2315 2373 ᾔδειτε
2355 2299 2442 2356 ἄν.
2481 2319 2500 2351 ι
2535 2294 2975 2369 Συνεισκρίνεται
3021 2295 3128 2367 γὰρ
3157 2292 3245 2348 ἐπ’
3283 2293 3548 2365 ἁμφοῖνη
3596 2293 3725 2346 ἑκασ

2135 2394 2294 2463 τέρου
2325 2391 2542 2461 γνῶσις.
2570 2382 2779 2445 Οὐκοῦν
2807 2386 3055 2459 θεμέλιον
3078 2377 3268 2456 ὥσπερ
3299 2384 3423 2437 τινα
3444 2398 3722 2455 προκατα-

2138 2481 2252 2547 θεὶς
2279 2482 2594 2551 ἀναγκαίως
2643 2479 2704 2533 τὸ
2732 2474 2957 2550 ἀκριϐὲς
2986 2478 3067 2541 είς
3097 2474 3424 2546 θεογνωσίαν
3448 2514 3463 2541 ,
3493 2476 3587 2528 καὶ
3625 2474 3722 2529 τοῦ

2134 2574 2426 2647 νομοθέτου
2454 2576 2555 2644 τὴν
2582 2568 2791 2644 εἴδησιν
2812 2567 3225 2643 προενριζὼσας
3253 2566 3456 2631 αὐτοῖς,
3477 2566 3721 2621 κάτεισιν

2136 2669 2230 2723 ἐπὶ
2264 2668 2334 2722 τὰ
2369 2664 2721 2739 ἀνθρώπινα,
2781 2663 2875 2717 καὶ
2915 2665 2982 2734 τῇ
3027 2664 3107 2726 είς
3146 2660 3278 2715 Θεὸν
3321 2658 3463 2713 αίδοῖ
3502 2656 3722 2728 γείτονα

2135 2760 2316 2832 τίθησι
2345 2760 2439 2812 καὶ
2473 2756 2830 2829 συνημμένην
2860 2753 3021 2819 εὐθὺς
3049 2754 3149 2824 τὴν
3178 2754 3259 2815 εἰς
3287 2750 3500 2823 πατέρα
3538 2767 3596 2804 τε
3624 2750 3720 2803 καὶ

2139 2852 2389 2925 μητέρα,
2423 2848 2495 2904 δι’
2541 2842 2614 2904 ὧν
2661 2850 2740 2913 είς
2784 2847 2845 2902 τὸ
2875 2842 3015 2901 εἶναι
3060 2860 3119 2899 τε
3151 2844 3248 2899 καὶ
3291 2842 3559 2915 ὑπάρχειν
3584 2841 3721 2905 ὅλως

2135 2942 2272 2999 Θεοῦ
2332 2943 2723 3004 κατανεύοντος
2776 2930 3189 3010 κεκομίσμεθα,
3235 2935 3493 3008 δευτέραν
3529 2933 3721 3005 ὥσπερ

2133 3035 2257 3091 τινὰ
2289 3030 2443 3102 τάξιν
2477 3035 2713 3107 ἐχόντων
2743 3029 2838 3087 τοῦ
2868 3025 3241 3103 Δημιουργοῖν
3270 3028 3437 3093 θείοις
3473 3027 3570 3099 μὲν
3610 3029 3720 3099 γὰρ

2135 3128 2367 3201 νεύμασι
2396 3124 2492 3182 acati.
2518 3120 2885 3194 αὐτοδιδάκτῳ
2910 3121 3070 3194 τέχνῃ
3096 3116 3435 3186 ζωοπλαστεϊ
3460 3115 3520 3173 τὸ
3543 3117 3721 3172 τικτό-

2141 3233 2299 3293 μενον
2343 3220 2378 3288 ἡ
2431 3212 2595 3286 φύσις
2640 3216 2698 3271 ὲν
2738 3208 2939 3285 ὲαυτῇο
2989 3208 3386 3282 δημιουργικὴν
3429 3206 3485 3261 δὲ
3529 3205 3719 3279 ὥσπερ

446 3311 563 3358 arte
580 3318 689 3358 non
710 3298 779 3359 ab
802 3302 911 3359 alio
930 3303 1152 3370 tradita,
1179 3304 1276 3361 sed
1304 3315 1499 3377 sponte
1521 3316 1805 3380 percepta,
1830 3316 2029 3369 natura

2132 3306 2535 3364 ὕποπλάττεται
2559 3303 2716 3373 δόξαν
2737 3316 2750 3336 ⁸
2775 3305 2868 3360 καὶ
2894 3300 3089 3375 ὥσπερ
3114 3302 3142 3356 ὁ
3170 3298 3306 3363 Θεὸς
3330 3296 3548 3355 πάντων
3569 3298 3718 3353 ἐστὶν

444 3390 502 3450 id
525 3395 672 3466 quod
699 3393 963 3469 gignitur,
990 3397 1047 3451 in
1073 3411 1131 3453 se
1153 3394 1270 3469 ipsa
1293 3396 1361 3454 ad
1399 3400 1570 3455 vitam
1590 3400 1819 3474 eiiingit,
1862 3412 2029 3474 atque

442 3484 669 3556 Opiﬂcis
692 3488 922 3559 gloriam
950 3488 1200 3545 imitatur
1225 3504 1239 3544 :
1266 3503 1390 3546 nam
1420 3493 1643 3548 utDeus
1673 3506 1781 3564 qua
1811 3500 2030 3552 ratione

444 3574 675 3635 eifcctor
714 3585 799 3633 est
839 3586 896 3633 et
940 3579 1230 3649 conditor,
1277 3582 1537 3641 omnibus
1582 3584 1803 3640 initium
1847 3594 1932 3642 est
1975 3595 2033 3643 et

443 3668 634 3738 origo;
681 3667 760 3725 sic
804 3669 1038 3740 quisque
1084 3670 1250 3727 etiam
1296 3686 1498 3744 parens
1544 3688 1614 3731 ex
1660 3691 1719 3732 se
1762 3684 1894 3732 nato
1917 3676 2031 3735 ﬁlio

443 3758 601 3831 quasi
627 3759 779 3815 radix
801 3763 1050 3832 quaedam
1074 3773 1160 3820 est
1186 3762 1607 3836 procreationis,
1635 3777 1691 3824 et
1738 3769 1861 3825 fons
1884 3768 2030 3827 unde

443 3850 817 3920 progreditur,
850 3861 910 3908 ut
933 3854 1023 3910 sit.
1051 3852 1227 3928 Igitur
1245 3857 1338 3912 illa
1360 3858 1534 3929 patris
1559 3870 1624 3914 ac
1667 3860 1862 3916 matris
1894 3856 2030 3917 sub-

442 3941 796 4010 ministratio,
825 3956 989 4017 quam
1013 3947 1261 4019 praebent
1282 3946 1352 4005 ad
1374 3951 1624 4005 omnium
1646 3951 1739 4022 qui
1783 3951 1841 4007 in
1865 3950 2031 4010 terris

441 4043 573 4089 sunt
595 4030 881 4092 hominum
904 4036 1369 4108 procreationem,
1420 4038 1571 4098 illius
1592 4043 1842 4099 omnium
1866 4040 2029 4116 opifi-

443 4126 524 4182 cis
570 4124 800 4199 ilgnram
844 4128 1016 4187 refert
1042 4150 1055 4187 :
1104 4141 1271 4203 atque
1294 4132 1366 4189 ob
1397 4148 1520 4190 eam
1547 4146 1771 4193 causam
1795 4137 1865 4193 iis
1891 4152 2030 4209 prae-

441 4218 785 4287 stantiorem,
813 4232 980 4291 quam
1002 4220 1215 4281 caeteris
1238 4220 1576 4293 hominibus,
1622 4226 1893 4284 honorem
1934 4228 2031 4286 de-

441 4305 576 4365 ferri
602 4308 689 4364 lex
708 4310 895 4382 jussit,
925 4328 1105 4384 neque
1128 4328 1160 4370 ο
1180 4310 1425 4385 praemiis
1443 4314 1743 4373 excindens
1764 4328 1881 4384 eos,
1931 4320 2028 4389 qui

442 4396 712 4458 honorem
738 4402 851 4459 illis
870 4404 1274 4476 impenderent,
1299 4418 1484 4477 neque
1499 4422 1596 4464 eos
1616 4406 1885 4475 vicissim,
1932 4409 2028 4480 qui

443 4489 498 4557 id
520 4488 702 4549 facere
733 4494 966 4562 nollent,
990 4512 1023 4552 ο
1063 4497 1337 4569 supplicio
1376 4499 1624 4555 liberans
1661 4512 1833 4554 :nam
1875 4499 2030 4571 inge-

439 4586 887 4658 nunmpiumque
905 4588 1151 4645 animum
1174 4589 1479 4647 honoribus
1497 4592 1658 4645 ornat
1679 4629 1693 4657 ,
1722 4600 1854 4647 eum
1868 4602 2023 4660 vero,

439 4679 535 4748 qui
584 4679 747 4735 aliter
794 4680 866 4735 sit
909 4680 1161 4747 aii‘ectus,
1208 4680 1550 4756 gravissimis
1589 4682 1749 4739 malis
1779 4693 2019 4740 onerat:

2056 4644 2105 4706 D

2127 3402 2273 3476 ἁρχὴ
2313 3401 2408 3457 καὶ
2468 3399 2700 3470 γένεσις,
2734 3396 2871 3454 καθὸ
2915 3393 3155 3468 Ποιητής
3211 3393 3306 3448 καὶ
3352 3389 3718 3464 Δημιουργὸς,

2128 3496 2270 3552 οὕτω
2303 3494 2396 3551 καὶ
2422 3489 2651 3555 ἕκαστος
2681 3484 2791 3546 τῶν
2827 3491 2907 3553 είς
2930 3484 3127 3560 γονέας
3150 3485 3511 3542 τετελεκύτων
3551 3484 3629 3556 τῷ
3657 3483 3720 3550 ἐξ

2130 3586 2295 3643 αὐτοῦ
2328 3585 2486 3655 φύντι
2518 3581 2695 3655 τέκνῳ
2738 3580 2864 3654 ῥίζα
2907 3596 2993 3646 τις
3030 3576 3222 3651 ὥσπερ
3255 3577 3373 3634 ἐστὶ
3413 3580 3679 3647 γενέσεως
3697 3614 3731 3642 ,.

2131 3679 2228 3735 καὶ
2268 3676 2368 3750 τῆς
2410 3676 2493 3742 είς
2525 3676 2587 3731 τὸ
2636 3672 2777 3732 εἶναι
2814 3673 3054 3747 παρόδου
3114 3672 3291 3744 πηγή.
3325 3670 3420 3735 Et;
3449 3672 3619 3724 τύπον
3650 3668 3716 3742 δὴ

2130 3767 2224 3828 οὖν
2250 3770 2346 3825 τοῦ
2381 3770 2598 3824 πάντων
2640 3764 3010 3840 δημιουργοῦ.
3052 3762 3087 3837 ἡ
3122 3764 3327 3837 πατρὸς
3373 3763 3467 3817 καὶ
3511 3761 3716 3834 μητρὸς

2132 3863 2409 3937 ὑπουργία
2440 3862 2576 3934 πρὸς
2616 3859 2873 3932 ὓπαρξιν,
2905 3861 2987 3923 είς
3032 3858 3285 3920 ἅπαντας
3319 3855 3446 3919 τοὺς
3486 3854 3582 3907 ἐπὶ
3614 3853 3715 3923 τῆς

2131 3956 2255 4028 γῆς.
2312 3954 2601 4025 Τοιγάρτοι
2640 3951 2751 4006 τῶν
2789 3949 2967 4006 ἄλλων
3008 3946 3454 4020 προφερεστέραν
3493 3943 3595 4016 τὴν
3635 3944 3716 4006 είς

2131 4048 2329 4113 αὐτοὺς
2361 4043 2633 4101 ποιεῖσθαι
2688 4044 2856 4116 τιμὴν
2899 4044 2928 4098 ὁ
2970 4042 3135 4112 νόμος
3166 4035 3555 4112 προστέταχεν,
3587 4035 3714 4090 οὔτε

2132 4133 2315 4212 γερῶν
2334 4138 2652 4210 ἀποστήσας
2673 4137 2801 4200 τοὺς
2825 4130 3138 4207 ᾑρημένους
3161 4128 3350 4202 τιμᾷν,
3371 4128 3495 4183 οὔτε
3520 4126 3714 4198 ποινῆς

2129 4232 2487 4305 ἀπαλλάττων
2523 4231 2650 4294 τοὺς
2687 4227 2848 4283 τοῦτο
2877 4225 3012 4298 δρᾷν
3045 4223 3148 4279 οὐκ
3188 4218 3585 4293 ἀνεχομένους·
3613 4219 3714 4288 τὴν

2132 4324 2233 4397 μὲν
2256 4323 2364 4397 γὰρ
2390 4320 2585 4394 εὐγενῆ
2614 4321 2709 4377 καὶ
2738 4320 2893 4375 ὁσίαν
2927 4317 3155 4389 γνώμην
3190 4316 3381 4386 τιμαῖς
3409 4313 3670 4381 στεφανοῖ
3692 4324 3708 4340 ·

2129 4417 2229 4487 τὴν
2271 4415 2329 4470 δὲ
2364 4416 2463 4487 οὐχ
2501 4413 2679 4478 οὕτως
2707 4412 2959 4485 ἔχουσαν,
3000 4408 3115 4475 τοῖς
3142 4410 3225 4473 είς
3249 4403 3407 4479 λῆξιν
3434 4419 3713 4474 καταφορ-

2126 4506 2266 4573 τίζει
2288 4509 2497 4573 κακοῖς·
2520 4520 2539 4561 t
2561 4502 2710 4579 Τίμα
2734 4523 2755 4558 ι
2770 4504 2898 4576 γὰρ,
2922 4502 3076 4576 φησι,
3093 4520 3114 4555 ‹
3139 4500 3231 4556 τὸν
3247 4499 3461 4570 πατέρα
3490 4506 3606 4561 σου,
3624 4495 3713 4550 ἶνα

2130 4595 2190 4654 εὖ
2218 4617 2303 4655 σοι
2326 4600 2575 4672 γένηται,
2601 4598 2698 4654 καὶ
2725 4597 2824 4669 ἔσῃ
2855 4592 3251 4668 μακροχρόνιος
3276 4592 3383 4647 ἐπὶ
3396 4589 3498 4664 τῆς
3518 4589 3646 4661 τῆς.
3685 4606 3712 4641 ι

2129 4692 2340 4748 Οὐκοῦν
2373 4688 2536 4746 ἆθλον
2571 4691 2669 4763 μὲν
2695 4689 2884 4760 ὥσπερ
2913 4706 2968 4743 τι
2999 4687 3096 4743 καὶ
3128 4686 3297 4759 γέρας
3324 4684 3604 4756 ἐξαίρετον
3631 4683 3713 4747 είς

447 4788 466 4819 ε
502 4768 722 4825 Honora
748 4771 919 4837 enim,
945 4772 1145 4843 inquit,
1171 4781 1387 4844 patrem
1413 4780 1590 4840 tuum,
1623 4782 1685 4829 ut
1729 4775 1872 4831 bene
1918 4777 2021 4834 tibi

2132 4784 2297 4856 ζωὴν,
2319 4782 2494 4838 καὶτὸ
2514 4781 2609 4835 ἐπὶ
2639 4780 2904 4853 μήκιστον
2930 4778 3070 4833 ίέναι
3088 4777 3302 4850 χρόνον,
3328 4778 3442 4840 τοῖς
3466 4773 3718 4829 ἐθέλουσι,

440 4859 541 4927 sit,
570 4872 626 4918 et
661 4863 738 4918 sis
771 4862 1053 4936 longaevus
1088 4880 1257 4937 super
1299 4875 1501 4922 terram
1526 4866 1634 4921 ".5
1666 4864 1833 4942 πο
1849 4866 2022 4942 igitur

2132 4876 2293 4948 τιμᾷν
2311 4915 2326 4941 ,
2359 4873 2588 4928 θάνατον
2615 4868 2672 4927 δὲ
2702 4874 2819 4937 τοῖς
2841 4870 3070 4937 ἅλαζόσι
3098 4868 3194 4927 καὶ
3223 4864 3507 4941 ὑϐρισταῖς
3535 4868 3708 4938 ἐπαρ-

439 4968 565 5008 cum
588 4954 676 5021 iis,
714 4952 809 5029 qui
832 4965 1091 5028 parentes
1139 4957 1495 5022 honorsrent,
1524 4956 1695 5015 vitam
1720 4976 1784 5017 ac
1806 4968 2020 5034 tempo-

2132 4968 2299 5041 τήσας
2317 4966 2346 5022 ὁ
2362 4967 2547 5038 νόμος,
2571 4962 2917 5037 παιδαγωγὸν
2939 4965 3131 5036 ὥσπερ
3154 4962 3279 5017 τινὰ
3305 4952 3711 5033 μετασοσοῦντα

428 5043 520 5101 'ris
575 5042 1035 5115 diuturnitatem,
1082 5050 1240 5120 quasi
1289 5050 1579 5121 prmium
1646 5050 1922 5124 quoddam
1966 5063 2027 5110 et

2132 5061 2266 5133 πρὸς
2293 5058 2356 5113 τὸ
2381 5056 2511 5114 εὐθὺ
2550 5058 2641 5114 τὸν
2672 5057 2836 5128 φόϐον
2875 5058 3180 5129 ἐφίστησιν.
3214 5053 3361 5125 Ἔφη
3391 5052 3501 5125 γὰρ
3526 5052 3709 5106 πάλινο
3729 5083 3749 5101 .

438 5151 642 5193 munus
664 5141 1027 5212 prmcipuum,
1054 5142 1143 5196 lex
1168 5143 1581 5211 constituisset,
1609 5138 1845 5204 mortem
1883 5158 2021 5204 vero

2132 5173 2153 5206 ε
2196 5153 2291 5217 Ὃς
2328 5151 2520 5207 τύπτει
2560 5152 2776 5222 πατέρα
2799 5151 2834 5222 ἢ
2874 5150 3089 5223 μητέρα
3134 5146 3302 5204 αὐτοῦ
3326 5187 3342 5212 ,
3387 5140 3607 5214 θανάτῳ
3629 5156 3715 5196 τε·

438 5228 695 5298 superbis
730 5238 787 5286 et
830 5232 1113 5303 iujuriosis
1158 5232 1557 5307 proposuisset,
1612 5246 1821 5296 metum
1849 5234 2025 5297 veiuti

437 5318 793 5391 paedagogum
834 5321 1128 5392 quemdam
1151 5326 1394 5398 apponit,
1419 5326 1513 5396 qui
1565 5340 1669 5384 nos
1703 5326 1771 5385 ad
1808 5336 2023 5386 rectum

437 5410 546 5467 iter
568 5411 763 5469 timore
788 5413 1059 5471 traducat.
1086 5416 1232 5473 Dixit
1254 5414 1403 5474 enim
1431 5428 1625 5477 rursus
1653 5436 1665 5476 :
1699 5436 1719 5475 ι
1762 5416 1869 5490 Qui
1891 5430 2022 5493 per-

437 5503 578 5559 cutit
601 5510 826 5575 'patrem
848 5514 944 5562 aut
980 5517 1211 5567 matrem
1234 5522 1412 5577 suam,
1463 5520 1644 5569 morte
1684 5510 1957 5570 moriatur
2002 5530 2016 5571 :

437 5602 495 5649 et
518 5595 613 5665 qui
636 5596 985 5661 maledixerit
1011 5600 1154 5671 patri
1177 5602 1263 5658 vel
1289 5603 1451 5659 matri
1492 5616 1624 5672 suae,
1673 5610 1852 5663 morte
1896 5618 2017 5665 mo-

438 5686 613 5743 riatur
640 5688 701 5745 ¹³.
736 5706 756 5740 ι
788 5688 925 5748 Vide
968 5691 1135 5764 igitur
1167 5692 1630 5765 quemadmodum
1657 5708 1820 5752 omne
1842 5708 2018 5770 genus

2125 5243 2396 5299 λευτάτω·
2426 5246 2523 5298 καί
2551 5245 2580 5297 ὁ
2607 5239 2922 5312 κακολογῶν
2959 5240 3171 5313 πατέρα
3209 5237 3375 5293 αὐτοῦ
3410 5239 3445 5309 ἢ
3472 5234 3707 5308 μητέρα,

2124 5336 2438 5408 τελευτήσει
2474 5330 2709 5407 θανάτῳ.
2757 5355 2776 5389 ι
2826 5330 3020 5407 θἈθρει
3049 5333 3114 5405 δὴ
3156 5320 3250 5387 οὖν
3276 5330 3361 5386 ’ότι
3392 5328 3576 5384 πάντα
3611 5326 3712 5398 μὲν

2126 5426 2218 5481 τὸν
2245 5424 2449 5498 τρόπον
2475 5418 2578 5497 τῆς
2604 5424 2685 5488 είς
2714 5420 2913 5489 αὐτοὺς
2949 5418 3222 5495 ἁμαρτίας
3264 5418 3323 5475 έν
3353 5419 3454 5490 ἴσῳ
3488 5412 3712 5481 κολάζει
3750 5454 3758 5468 .

2130 5516 2333 5587 μέτρῳ,
2360 5514 2536 5586 ἀγχοῦ
2555 5515 2612 5568 δὲ
2652 5514 2717 5586 δὴ
2743 5514 2907 5569 πάλιν
2934 5510 3048 5579 τοῖς
3077 5511 3207 5583 περὶ
3233 5503 3370 5565 Θεοῦ
3410 5507 3481 5563 τὰ
3504 5503 3709 5576 γονέων

2125 5607 2312 5662 δίκαια
2336 5606 2501 5672 τιθείς
2529 5607 2722 5679 ὁρᾶται
2745 5600 2951 5676 σαφῶς.
2974 5602 3193 5676 ’Ὠσπερ
3210 5602 3323 5675 γὰρ
3339 5599 3439 5656 ἐπὶ
3457 5596 3619 5665 Θεοῦ,
3645 5596 3719 5651 re

2126 5698 2371 5772 γλώττης
2404 5698 2783 5772 πλημμέλημα
2809 5692 3038 5769 τιμᾶται
3071 5690 3295 5767 θανά-ιφ
3337 5692 3433 5747 καὶ
3475 5688 3599 5752 ταῖς
3626 5689 3706 5752 είς

547 5804 588 5882 ξ’
623 5805 780 5882 Deut.
814 5808 968 5882 v55.
1049 5810 1091 5842 ⁸³
1113 5810 1274 5867 Deut.
1304 5827 1375 5876 iv,
1405 5813 1493 5867 55.
1570 5812 1613 5844 ”
1644 5812 1803 5868 Deui-
1833 5831 1887 5881 ν,
1926 5813 2011 5869 12-

2132 5816 2143 5848 ’
2170 5816 2325 5874 Joan.
2355 5834 2489 5879 ,xvn,
2520 5817 2574 5872 ὅ.
2642 5816 2684 5847 ⁸⁸
2712 5816 2869 5871 Joan.
2896 5828 3004 5882 xiv,
3030 5812 3114 5866 i7.
3190 5812 3232 5844 "
3261 5808 3439 5866 Exod.
3465 5820 3572 5873 xx,
3612 5803 3702 5861 12.

443 5874 485 5907 ¹⁸
508 5874 682 5942 Exod.
711 5878 926 5948 “1,15.
