4104 6442
409 435 523 493 509

1147 437 1236 493 DE
1274 436 1722 494 ADORATIONE
1763 438 1830 494 IN
1872 437 2144 497 SPlRiTU
2186 442 2277 497 ET
2321 444 2693 500 VERITATE.
2736 446 2866 502 LlB.
2912 446 3020 501 νη.

3621 453 3725 509 510

408 560 590 631 ἄκρον
616 558 831 630 ὀργαῖς,
850 556 995 611 οὕτω
1020 560 1117 612 καὶ
1142 558 1230 612 ἐπ’
1245 559 1428 615 αὐτῶν
1454 561 1564 614 τῶν
1584 560 1994 632 γεγεννηκότων

2122 564 2363 634 peccati,
2401 565 2458 621 in
2506 565 2631 622 illos
2674 566 2925 631 admissi,
2979 566 3179 637 aequali
3203 581 3461 623 mensura
3506 571 3719 641 puniat.

404 650 507 704 καὶ
548 649 653 721 τὴν
698 648 854 704 θείαν
888 650 989 721 μέν
1026 667 1112 715 τις
1151 650 1427 722 ἀθετήσας
1459 650 1720 721 ἐντολὴν,
1770 652 1864 706 καὶ
1896 655 2019 717 ταῖς

402 742 768 812 παραϐάσεσι
810 742 1152 798 καταλυπεῐν
1182 743 1461 816 ᾑρημένος
1506 744 1598 799 τὸν
1634 744 1983 814 παιδαγωγὸν
2000 786 2015 811 ,

402 835 588 907 χωρὶς
642 835 953 909 οἰκτιρμῶν
1006 836 1371 909 ἀποθνήσκει.
1418 836 1632 908 Πατρὺς
1669 836 1729 891 δὲ
1772 837 1936 907 τυχὸν
1980 835 2015 907 ἢ

404 926 630 998 μητρὸς
674 926 975 999 ὑποθηκῶν
1012 928 1320 1000 ἀλογήσας,
1368 927 1712 992 λιθόλευστος
1751 928 2013 1001 τελευτᾷ,

374 1020 580 1092 ἒνὸμου
626 1019 726 1075 τοῦ
761 1019 913 1076 θείου·
952 1020 1048 1079 καὶ
1090 1021 1213 1076 τόδε
1263 1019 1725 1093 προστεταχότος.
1766 1020 1915 1090 ’Ἔφη
1955 1019 2017 1074 δὲ

394 1112 582 1178 οὕτως
622 1115 682 1168 ὲν
710 1112 791 1185 τῷ
830 1114 1277 1186 Δευτερονομιφ·
1340 1132 1360 1167 ι
1406 1113 1535 1168 Ἐάν
1569 1114 1629 1168 δέ
1667 1124 1776 1169 τινι
1819 1111 1856 1187 ᾖ
1895 1112 2015 1178 υἱὸς

397 1205 647 1278 ἀπειθὴς
681 1206 780 1260 καὶ
803 1206 1114 1277 ἐρεθιστὴς,
1138 1206 1238 1278 οὐχ
1266 1205 1563 1261 ὑπακούων
1583 1204 1773 1277 φωνῆς
1802 1204 2013 1274 πατρὸς

396 1299 576 1355 αὐτοῦ
606 1300 702 1354 καὶ
725 1299 917 1371 φωνῆς
944 1299 1178 1373 μητρὸς,
1203 1299 1298 1354 καὶ
1319 1298 1690 1354 παιδεύσωσιν
1715 1299 2012 1366 comminui.

399 1391 481 1465 μὴ
521 1392 823 1466 εἰσακούσῃ
856 1392 1038 1448 αὐτῶν
1057 1408 1070 1421 ·
1107 1392 1205 1448 καὶ
1235 1391 1593 1456 συλλαϐόντες
1629 1390 1794 1445 αὐτὸν
1826 1392 1857 1444 6
1904 1400 2011 1445 πα-

392 1483 510 1555 τὴρ
535 1482 707 1538 αὑτοῦ
739 1484 837 1539 καὶ
862 1485 897 1557 ἡ
934 1485 1119 1556 μήτηρ
1158 1483 1350 1550 αὐτοῦ,
1392 1483 1677 1551 ἐξάξουσιν
1716 1483 1880 1540 αὐτὸν
1915 1484 2011 1539 επὶ

395 1572 501 1643 τὴν
531 1574 831 1646 γερουσίαν
858 1575 959 1646 τῆς
994 1574 1208 1640 πόλεως
1233 1575 1428 1642 αὐτοῦ,
1458 1577 1556 1631 καὶ
1583 1576 1680 1631 ἀπὶ
1705 1576 1806 1649 τὴν
1831 1575 2009 1649 πύλην

2121 656 2399 724 lisetiam,
2432 673 2556 730 quae
2579 659 2648 714 de
2672 660 2787 715 Deo
2831 667 3108 730 praecepta
3161 671 3313 722 sunt,
3357 678 3422 717 ea
3471 665 3721 733 proxime

2119 749 2382 821 conjungi
2429 750 2786 822 perspicuum
2819 760 2924 817 est,
2966 767 3090 822 qua:
3142 752 3212 808 ad
3249 765 3544 822 parentum
3595 757 3719 827 jura

2118 841 2423 912 pertinent.
2453 842 2520 899 Ut
2541 842 2714 907 enim,
2751 842 2798 899 si
2826 842 2961 913 quid
3000 843 3056 898 in
3097 843 3271 899 Deum
3315 844 3503 916 lingua
3527 862 3723 916 pecca-

2118 938 2237 985 tum
2258 930 2350 997 sit,
2380 939 2558 988 morte
2575 941 2939 1005 extremoque
2973 934 3253 1005 supplicio
3288 937 3559 992 multatur
3579 978 3593 1001 ,
3640 938 3720 992 si-

2116 1022 2327 1080 militer
2353 1024 2399 1081 si
2419 1025 2555 1097 quid
2579 1025 2639 1081 in
2663 1042 2761 1083 eos
2784 1041 3008 1098 quoque
3033 1028 3106 1082 sit
3132 1027 3441 1084 admissum
3486 1028 3580 1099 qui
3628 1044 3722 1100 ge-

2116 1122 2365 1172 nuerunt
2418 1133 2431 1173 :
2495 1132 2561 1174 ac
2597 1116 2849 1176 divinum
2898 1127 3053 1175 certe
3095 1118 3419 1176 mandatum
3466 1119 3719 1190 quisquis

2114 1206 2335 1263 irritum
2359 1206 2580 1276 fecerit,
2604 1217 2663 1267 et
2685 1212 2807 1283 ejus
2826 1211 3126 1267 violatione
3142 1211 3502 1284 paedagogum
3524 1213 3717 1267 volens

2113 1297 2431 1366 oll‘enderit,
2461 1301 2582 1356 sine
2609 1301 2722 1356 ulla
2744 1302 3103 1358 miseratione
3135 1303 3427 1358 occiditur.
3454 1303 3716 1375 Quisquis

2113 1387 2249 1445 item
2272 1392 2447 1461 patris
2473 1393 2735 1449 matrisve
2759 1392 2969 1452 monita
2991 1395 3407 1465 contempserit,
3435 1395 3715 1465 lapidibus

2111 1483 2348 1541 obrutus
2369 1494 2623 1555 necatur,
2669 1502 2799 1544 cum
2825 1487 2933 1543 hoc
2955 1485 3103 1542 idem
3133 1486 3321 1544 divina
3349 1488 3438 1543 lex
3456 1489 3708 1560 jusserit.

2110 1576 2260 1632 Dixit
2312 1585 2498 1633 autem
2533 1578 2603 1634 ad
2642 1578 2795 1634 hunc
2836 1579 3065 1634 modum
3108 1579 3166 1633 in
3230 1580 3707 1635 Deuteronomio:

389 1664 496 1720 τοῦ
525 1667 698 1722 τόπου
723 1667 916 1734 αὐτοῦ,
940 1668 1037 1724 καὶ
1064 1667 1252 1741 ἐροῦσι
1282 1671 1397 1733 τοῖς
1422 1668 1655 1741 άνδράσι
1677 1670 1777 1742 τῆς
1799 1668 2003 1735 πόλεως

2118 1688 2137 1721 ι
2172 1668 2229 1725 Si
2253 1677 2441 1726 autem
2464 1670 2707 1741 cuipiam
2728 1670 2898 1726 fuerit
2919 1669 3068 1727 ﬁlius
3090 1679 3390 1727 contumax
3431 1679 3488 1727 et
3526 1672 3713 1729 irrita-

387 1759 568 1815 αὐτοῦ
595 1760 872 1830 λέγοντες,
905 1762 991 1817 ὅτι
1033 1761 1092 1816 Ὀ
1121 1761 1240 1826 υἱός
1267 1762 1428 1833 ἡμῶν
1456 1756 1613 1827 οὗτος
1637 1762 1877 1830 ἀπειθεῖ,
1910 1765 2003 1819 καὶ

2110 1766 2217 1827 tor,
2247 1760 2344 1831 qui
2371 1775 2485 1816 non
2507 1759 2734 1816 obediat
2756 1759 2879 1816 voci
2903 1759 3080 1833 patris
3122 1759 3231 1827 sui,
3256 1765 3315 1815 et
3352 1758 3475 1815 voci
3518 1760 3713 1816 matris

387 1850 661 1922 ὲρεθίζει,
692 1855 790 1908 καὶ
814 1855 917 1908 οὐκ
942 1854 1222 1912 εἰσακούει
1263 1856 1367 1926 τῆς
1399 1856 1587 1928 φωνῆς
1631 1855 1829 1928 ἡμῶν,
1862 1874 2003 1928 συμ-

2110 1868 2245 1920 suae,
2284 1861 2343 1909 et
2386 1851 2761 1924 corripuerint
2816 1867 2981 1919 eum,
3028 1858 3086 1907 et
3144 1867 3257 1907 non
3301 1849 3543 1906 audierit
3589 1867 3707 1917 eos,

388 1945 714 2002 ϐολοκοπῶν
761 1948 1111 2019 οἰνοφλυγεῖ·
1148 1951 1245 2005 καὶ
1275 1949 1725 2023 λιθοϐολήσουσιν
1762 1927 1998 2006 αὐτὺνγσὶ

2107 1946 2586 2018 comprehendent
2629 1961 2760 2002 eum
2808 1953 2967 2016 pater
3017 1958 3153 2000 suus
3199 1952 3255 2000 et
3284 1953 3460 1999 mater
3505 1960 3626 2008 sua,
3652 1951 3711 2000 et

384 2040 593 2113 ἄνδρες
635 2041 736 2113 τῆς
777 2041 991 2105 πόλεως
1028 2042 1200 2096 αὑτοῦ
1240 2042 1444 2108 λίθοις,
1486 2044 1582 2097 καὶ
1618 2043 1994 2097 άποθανεῖται;

2105 2042 2313 2098 ducent
2333 2056 2462 2097 eum
2486 2039 2557 2098 ad
2580 2047 2838 2097 senatum
2871 2040 3047 2111 ipsius
3067 2037 3331 2104 civitatis,
3367 2048 3427 2094 et
3469 2037 3538 2093 ad
3582 2038 3712 2109 por;

383 2134 504 2188 Καὶ
542 2134 792 2207 ὲξαρεῖτε
838 2137 931 2190 τὸν
977 2136 1218 2208 πονηρὸν
1260 2136 1320 2204 ἐξ
1365 2136 1523 2209 ὑμῶν
1562 2136 1777 2203 αὐτῶν,
1813 2136 1908 2192 καὶ
1947 2137 1996 2191 οἱ

2107 2141 2219 2191 tam
2242 2135 2352 2190 loci
2386 2134 2536 2189 illius
2559 2175 2574 2199 ,
2609 2140 2667 2190 et
2691 2133 2879 2189 dicent
2901 2127 3223 2189 hominibus
3247 2132 3490 2188 civitatis
3518 2128 3705 2185 illius:

381 2224 662 2279 ἐπίλοιποι
692 2225 1034 2290 ἀκούσαντες
1065 2226 1494 2299 φοϐηθήσονται·
1537 2245 1556 2278 ι
1589 2223 1741 2300 τΑρά
1768 2243 1852 2280 σοι
1886 2226 1998 2280 λοι-

2106 2230 2282 2285 Filius
2333 2237 2527 2285 noster
2552 2227 2646 2283 hic
2686 2228 3020 2284 inobediens
3064 2235 3150 2283 est
3173 2227 3453 2290 etirritat,
3515 2234 3707 2293 etnon

380 2315 490 2370 πον
534 2315 836 2381 ἐνδοιάζειν
881 2316 962 2371 ἔτι
1013 2316 1107 2371 καὶ
1148 2316 1290 2388 μετά
1335 2316 1498 2371 τοῦτο
1535 2316 1725 2389 θέμις,
1761 2317 1841 2381 ὡς
1888 2313 1996 2372 εἶσι

2103 2319 2261 2375 audit
2282 2334 2476 2375 vocem
2521 2326 2793 2384 nostram,
2839 2314 3341 2374 comessationibus
3370 2323 3426 2371 et
3465 2312 3710 2371 ebrieta-

380 2407 509 2460 κατ’
551 2405 702 2478 ἴχνος
727 2409 829 2480 τῆς
864 2408 963 2462 τοῦ
992 2407 1129 2464 Θεοῦ
1156 2410 1326 2482 τιμῆς
1351 2410 1386 2481 ἡ
1419 2409 1501 2474 εἰς
1538 2408 1758 2482 πατέρα
1795 2426 1858 2466 τε
1899 2410 1995 2466 καὶ

2104 2412 2255 2466 tibus
2274 2418 2468 2465 vacat:
2497 2417 2553 2466 et
2578 2407 2902 2480 lapidabunt
2947 2426 3074 2465 eum
3126 2408 3232 2464 viri
3267 2405 3511 2464 civitatis
3540 2391 3707 2461 illius

382 2500 639 2573 μητέρας
2100 2502 2417 2574 lapidibus;
2442 2509 2500 2559 et
2525 2502 2818 2568 morietur,
2844 2510 2901 2558 et
2923 2501 3189 2558 auferetis
3212 2501 3419 2559 malum
3443 2516 3513 2557 ex
3545 2499 3707 2556 vobis

378 2596 520 2668 ipsis
542 2615 558 2666 ;
582 2606 638 2654 et
665 2599 853 2655 caeteri
874 2599 1169 2657 audientes
1192 2601 1468 2659 timebunt
1495 2603 1560 2659 ¹⁹.
1594 2623 1613 2656 ι
1649 2602 1796 2658 Num
1824 2601 2049 2658 tandem
2084 2600 2319 2677 posthac
2343 2598 2430 2657 fas
2479 2606 2566 2656 est
2588 2598 2890 2671 ambigere,
2925 2598 3061 2670 quin
3084 2597 3232 2669 patri
3259 2595 3504 2653 acmatri
3528 2596 3707 2653 honos

374 2688 608 2747 habitus
637 2694 891 2764 proxime
913 2693 982 2749 ad
1002 2709 1155 2756 eum.
1178 2696 1276 2767 qui
1305 2696 1419 2752 Deo
1445 2696 1732 2762 tribuitur,
1756 2690 2023 2751 accedat?

448 2787 670 2843 HAAA.
704 2789 994 2861 Οὐδαμῶς.
1031 2790 1376 2846 Ἐκδυσωπεῖ
1401 2793 1691 2865 γάριήμᾶς
1720 2794 1801 2857 εἰς
1835 2808 1899 2862 γε
1930 2790 1991 2845 τὸ

372 2881 582 2953 χρῆναι
612 2883 802 2953 τιμᾷν.
827 2884 923 2937 καὶ
952 2883 1015 2938 τὸ
1066 2885 1173 2939 ὑπό
1210 2903 1305 2940 του
1335 2885 1411 2955 (Ι)
1441 2885 1624 2958 σοφῶς
1653 2884 1950 2957 εἰρημένον
1970 2901 1983 2915 ⁸

379 2992 400 3026 ι
441 2975 758 3049 Μνήσθητι,
793 2977 876 3031 ὅτι
905 2978 976 3034 δι’
1004 2979 1187 3034 αὐτῶν
1229 2979 1555 3053 ἐγεννήθης.
1606 2999 1626 3032 ι
1672 2980 1783 3034 Καὶ
1823 2979 1930 3051 μὴν
1961 2978 1991 3032 ὁ

2100 2991 2129 3054 ξ
2153 2974 2394 3046 quodam
2416 2974 2697 3044 sapienter
2730 2980 2817 3029 est
2845 2972 3059 3028 dictum
3086 2988 3100 3025 :
3134 2991 3153 3022 ι
3186 2970 3505 3026 Recordare
3551 2967 3704 3039 quod

372 3070 733 3142 πατριάρχης
781 3070 982 3126 Ἰακὼϐ
1012 3075 1409 3133 ἐπιεικέστατα
1450 3071 1661 3162 λέγων·
1713 3091 1734 3125 ι
1774 3070 1840 3126 El
1863 3071 1992 3145 μὴὸ

2100 3083 2189 3140 per
2220 3083 2318 3124 eos
2348 3067 2567 3138 genitus
2589 3081 2650 3121 es
2691 3066 2766 3133 ²⁰;
2801 3084 2819 3117 ι
2862 3064 3036 3121 Jacob
3084 3079 3306 3134 quoque
3350 3061 3699 3133 patriarcha,

2167 2787 2368 2846 PALL.
2399 2786 2629 2843 Minime
2649 2785 2916 2843 dubium:
2945 2793 3006 2840 ut
3031 2785 3181 2840 enim
3214 2799 3312 2839 eos
3336 2778 3550 2838 honore
3580 2797 3708 2853 pro—

2089 2882 2405 2954 sequendos
2451 2888 2733 2952 putemus,
2778 2878 2918 2935 illud
2947 2894 3169 2950 quoque
3206 2874 3524 2949 persuadet,
3555 2875 3705 2947 quod

373 3161 546 3229 φόϐος
582 3164 768 3219 Ἰσαάκ
795 3164 892 3220 τοῦ
922 3167 1131 3240 πατρὸς
1158 3163 1227 3240 ἦν
1259 3184 1369 3240 μοι.
1412 3186 1435 3221 ι

444 3359 617 3421 ΚΥΡ.
653 3359 798 3438 Ἆρ’
822 3359 937 3431 οὖν,
969 3367 1092 3422 εἰπέ
1136 3382 1249 3439 μοι,
1277 3368 1339 3423 τὸ
1352 3364 1422 3422 δι’
1448 3366 1637 3423 αὐτῶν
1658 3365 1991 3439 malum:

370 3454 556 3552 λέγειν
575 3500 590 3523 ,
614 3454 716 3512 οὐκ
740 3457 927 3515 εἰκόνα
960 3458 1059 3515 τοῦ
1103 3460 1453 3533 Δημιουργοῦ
1483 3462 1579 3516 καὶ
1608 3460 1704 3552 τοῦ
1748 3459 1888 3532 πρὸς
1924 3459 1987 3513 τὸ
2014 3492 2057 3552 c

370 3550 515 3608 εἶναι
557 3551 861 3619 καλοῦντος
908 3554 978 3610 τά
1025 3555 1128 3610 οὐκ
1164 3555 1296 3610 ὄντα
1341 3556 1474 3610 ποτὲ
1505 3550 1878 3621 καταδείξειεν
1915 3552 1983 3610 ἂν

371 3642 627 3720 ἑναργῶς
656 3640 821 3712 ὄντας
849 3647 1085 3717 αὐτοὺς;
1112 3649 1174 3703 τὸ
1209 3648 1268 3703 δὲ
1305 3649 1372 3722 δὴ
1420 3650 1519 3705 καὶ
1545 3648 1701 3721 φόϐῳ
1721 3647 1799 3720 τῷ
1842 3647 1985 3721 πρὸς

370 3739 534 3809 ἡμῶν
565 3740 896 3813 τετιμῆσθαι
925 3740 1181 3812 πρέπειν,
1210 3742 1276 3796 οὐ
1310 3742 1596 3815 μονονουχὶ
1623 3743 1720 3797 καὶ
1741 3744 1801 3797 ιν
1830 3740 1984 3814 αὐτῷ

370 3830 696 3905 Δεσποτικῷ
725 3831 973 3888 τέθεικεν
996 3825 1270 3906 ἀξιώματι
1291 3846 1307 3902 ;

444 3997 662 4052 ΠΑΛΛ.
696 3997 810 4054 Καὶ
852 3996 1023 4070 μάλα.
1058 3998 1352 4072 Τοιγάρτοι
1383 4000 1482 4055 καὶ
1522 4000 1801 4073 ἐπαρᾶται
1838 4014 1983 4055 τισιν

369 4092 399 4144 6
432 4090 873 4163 Παροιμιαστὴς,
915 4090 1126 4160 λέγων·
1169 4110 1189 4144 ι
1243 4092 1557 4165 Ὀφθαλμὸν
1589 4093 1982 4163 καταγελῶντα

370 4183 624 4257 πατρὸς,
653 4184 750 4239 καὶ
784 4183 1125 4256 ἀτιμάζοντα
1153 4184 1336 4257 γῆρας
1381 4186 1612 4258 μητρὸς,
1642 4185 1982 4256 ὲκκὸψαισαν

328 4309 340 4321 ο
369 4278 539 4334 αὑτὸν
588 4278 831 4350 κόρακες
872 4279 938 4335 ἐκ
981 4277 1097 4334 τῶν
1149 4279 1476 4351 φαράγγων.
1523 4297 1544 4331 ι
1596 4279 1749 4352 Πλὴν
1802 4280 1981 4335 ἐκεῖνο

368 4371 653 4441 διασάφει,
680 4372 743 4427 τὸ
768 4373 917 4437 ὅπως
942 4371 1011 4427 ἂν
1038 4372 1204 4427 οἴοιτό
1222 4390 1309 4438 τις
1333 4372 1591 4445 εἰρῆσθαι
1614 4372 1803 4442 σαφῶς
1827 4373 1982 4447 παρὰ

366 4464 467 4521 τοῦ
498 4468 722 4522 πάντων
764 4466 1020 4540 Σωτῆρος
1061 4466 1341 4541 Χριστοῦ*
1378 4484 1399 4520 ι
1459 4465 1521 4522 ’0
1559 4467 1729 4539 φιλῶν
1768 4468 1983 4540 πατέρα

369 4559 405 4633 ἢ
440 4560 661 4634 μητῦρα
689 4560 832 4634 ὑπὲρ
857 4562 983 4634 ἐμὲ,
1013 4562 1116 4618 οὐκ
1143 4562 1263 4617 ἔστι
1291 4579 1395 4635 μου
1421 4561 1595 4630 ἄξιος.
1628 4581 1649 4615 ι
1686 4563 1984 4635 Μεμνήσοο

370 4671 475 4729 μαι
512 4654 574 4711 δὲ
614 4656 903 4711 κάκείνου·
937 4657 1154 4729 πατὲρα
1191 4656 1303 4729 γὰρ
1348 4655 1578 4712 θάπτειν
1617 4656 1716 4711 καὶ
1741 4671 1981 4730 γηροκοι

369 4751 505 4823 μεῖν,
532 4745 925 4822 δκλιπαροῦντι
970 4749 1051 4822 τῷ
1086 4749 1341 4822 μαθητῇ,
1374 4748 1437 4804 τδ
1465 4767 1486 4801 ι
1526 4747 1841 4804 Ἀκολούθει
1868 4766 1980 4821 μοι,

2090 3174 2218 3215 cum
2243 3158 2650 3215 modestissime
2674 3157 2812 3214 dicit
2845 3175 2859 3212 :
2914 3176 2932 3209 ι
2967 3156 3089 3213 Nisi
3125 3156 3289 3211 timor
3331 3154 3485 3210 Isaac
3530 3154 3705 3226 patris

2097 3251 2211 3308 mei
2238 3251 2460 3307 adesset
2483 3249 2621 3305 mihi
2646 3250 2713 3307 ¹¹.
2746 3268 2766 3301 ι

2165 3343 2327 3400 CYR.
2358 3344 2458 3400 Dic
2479 3343 2649 3415 igitur
2689 3342 2829 3397 mihi
2869 3340 2978 3398 hoc
3032 3340 3216 3412 ipsum
3239 3338 3389 3411 quod
3427 3354 3529 3409 per
3578 3337 3703 3395 illos

2090 3438 2307 3510 genitos
2329 3452 2431 3493 nos
2454 3451 2574 3493 esse
2597 3435 2807 3492 dictum
2830 3442 2937 3500 est,
2986 3448 3121 3489 num
3165 3446 3363 3505 parum
3412 3429 3700 3486 evidenter

2089 3530 2336 3588 ostendit
2357 3530 2653 3601 imaginem
2683 3544 2780 3585 eos
2818 3526 3050 3598 Opiﬁcis
3091 3532 3302 3591 tenere,
3345 3531 3403 3579 et
3432 3523 3574 3593 ejus,
3604 3520 3703 3592 qui

2089 3634 2257 3681 vocat
2275 3624 2344 3680 ad
2369 3621 2652 3680 exsistend
2663 3638 2755 3677 um
2781 3636 2846 3676 ea
2871 3634 2996 3691 quae
3020 3618 3152 3673 olim
3181 3633 3293 3673 non
3316 3623 3477 3672 erant
3494 3614 3518 3669 ?
3538 3608 3699 3684 237

2085 3722 2210 3780 Jam
2246 3737 2382 3778 vero
2408 3720 2515 3775 hoc
2563 3719 2766 3791 ipsum,
2821 3715 2973 3787 quod
2996 3721 3191 3771 nostro
3230 3725 3455 3784 quoque
3502 3709 3702 3763 timore

2086 3829 2185 3872 eos
2206 3815 2482 3870 honorare
2508 3812 2691 3876 decet,
2739 3825 2926 3867 nonne
2952 3807 3063 3863 illis
3112 3806 3289 3878 ipsam
3324 3817 3549 3877 quoque
3588 3799 3701 3855 Do-

2087 3908 2227 3965 mini
2250 3907 2579 3979 dignitatem
2606 3902 2844 3960 tribuit?

2157 4000 2358 4057 PALL.
2421 3999 2567 4056 Sane
2608 4013 2764 4054 vero.
2812 3994 3058 4065 Ideoque
3106 3988 3203 4050 ille
3261 3992 3700 4049 Proverbiorum

2085 4101 2281 4152 auctor
2301 4099 2628 4151 exsecratur
2652 4089 2944 4161 quosdam,
2986 4088 3216 4144 dicens:
3250 4105 3285 4167 ι,
3298 4084 3557 4152 Oculum,
3601 4088 3700 4157 qui

2083 4188 2283 4245 irridet
2302 4192 2529 4259 patrem.
2552 4193 2612 4241 et
2635 4183 2937 4241 dedecorat
2957 4187 3306 4238 senectutem
3329 4180 3548 4247 matris,
3564 4181 3701 4236 etl‘o—

2085 4282 2248 4339 diant
2265 4296 2396 4338 eum
2419 4278 2575 4336 corvi
2597 4278 2667 4336 de
2694 4277 3040 4334 torrentibus
3067 4276 3133 4331 ”.
3167 4294 3187 4327 ι
3219 4272 3362 4331 Illud
3393 4281 3579 4335 tamen
3604 4290 3699 4333 ex-

2082 4381 2261 4453 plices
2281 4378 2467 4444 velim,
2487 4373 2770 4449 quomodo
2794 4373 2865 4429 ab
2880 4372 3131 4429 omnium
3158 4370 3451 4427 Salvatore
3471 4367 3696 4426 Christo

2082 4473 2367 4546 sapienter
2392 4471 2604 4528 dictum
2626 4468 2813 4541 putari
2855 4466 3072 4539 possit:
3105 4486 3125 4519 ‹
3151 4464 3259 4534 Qui
3294 4472 3442 4520 auat
3479 4471 3697 4536 patrem

2082 4574 2183 4625 aut
2204 4574 2438 4624 matrem
2456 4576 2629 4637 super
2648 4579 2761 4630 me,
2784 4576 2899 4619 non
2921 4569 3009 4620 est
3033 4576 3123 4618 me
3146 4560 3350 4633 dignus
3365 4559 3436 4616 ".
3469 4578 3489 4611 ι
3517 4558 3698 4627 Quin-

2083 4661 2255 4720 etiam
2291 4659 2432 4717 illud
2478 4655 2932 4716 commemorabo
2963 4670 2978 4711 :
3020 4669 3149 4712 nam
3181 4662 3401 4726 patrem
3434 4650 3695 4723 sepelire,

2084 4759 2543 4825 senectutemque
2576 4749 2729 4808 illius
2777 4748 2927 4805 alere
2973 4746 3192 4818 roganti
3235 4744 3515 4816 discipulo
3554 4747 3632 4799 ait
3680 4760 3693 4796 :

364 4844 533 4916 φησι,
579 4845 674 4900 καὶ
714 4844 856 4917 άφεὰ
892 4847 1020 4910 τοὺς
1060 4846 1292 4918 νεκροὺς
1340 4844 1573 4901 θάπτειν
1601 4844 1731 4908 τοὺς
1772 4843 1984 4899 ἑαυτῶν

2100 4860 2115 4900 ι
2145 4845 2393 4918 Sequere
2418 4861 2545 4913 me;
2579 4852 2640 4901 et
2663 4842 2887 4900 dimitte
2908 4849 3164 4898 mortuos
3186 4837 3429 4910 sepelire
3448 4844 3699 4893 mortuos

368 4937 629 5010 νεκρούς.
670 4952 690 4990 ι

443 5022 612 5087 ΚΥΡ.
663 5027 800 5086 Εἶτα
833 5026 888 5085 τί
923 5031 989 5085 τὸ
1016 5032 1219 5087 ἄτοπον
1266 5030 1344 5103 (‘2)
1380 5032 1441 5086 ὲν
1474 5029 1723 5095 sedeate;
1752 5028 1982 5094 ἄναντες

320 5120 335 5137 “
370 5125 487 5199 γάρ
519 5125 695 5189 οὐδὲν,
736 5125 814 5191 ὥς
851 5125 917 5195 γε
954 5140 1046 5198 μοι
1083 5125 1265 5190 δοκεῖ,
1292 5124 1427 5198 ψιλὴ
1464 5124 1523 5179 δὲ
1552 5123 1676 5179 λίαν
1701 5123 1814 5180 τῶν
1845 5139 1983 5197 προ-

368 5221 650 5292 κειμένων
676 5223 710 5293 ή
735 5222 940 5291 γνῶσις
954 5261 969 5288 ,
991 5223 1089 5276 καὶ
1109 5220 1257 5277 ἑλεῖν
1278 5218 1607 5292 ἐτοιμοτάτη
1632 5220 1747 5283 τοῖς
1768 5216 1984 5274 {Mlaa-

368 5333 461 5370 σιν
485 5314 665 5389 ὀρθῶς
704 5316 869 5371 νοεῖν.
1476 5342 1485 5343 ί

442 5495 659 5551 ΠΛΛΛ.
696 5493 812 5550 Καὶ
843 5492 959 5567 μὴν
984 5494 1089 5550 οὐκ
1112 5489 1400 5567 ιλεύοερος
1429 5495 1713 5564 παντελῶς
1742 5495 1985 5569 ὑποψίας

2242 4939 2290 4973 ιι

2088 4952 2503 5099 “aufem
2527 5043 2663 5085 vero
2711 5027 2769 5085 in
2815 5026 2887 5083 iis
2933 5023 3161 5083 absurdi
3207 5022 3331 5079 est?
3374 5034 3503 5075 nam
3533 5014 3695 5073 ardui

2088 5124 2317 5198 quidem
2340 5130 2497 5180 certe
2518 5120 2686 5188 nihil,
2729 5128 2794 5177 ut
2837 5118 2977 5177 mihi
3022 5118 3266 5180 videtur,
3306 5112 3411 5170 sed
3460 5112 3698 5182 simplex

2090 5217 2391 5276 admdm
2414 5215 2666 5272 locorum
2690 5212 3109 5285 propositorum
3134 5217 3223 5266 est
3237 5205 3505 5279 cognitio,
3546 5213 3605 5261 et
3627 5204 3695 5260 ad

2091 5310 2515 5385 percipiendum
2537 5309 2629 5376 iis,
2657 5307 2755 5381 qui
2781 5314 2932 5364 recte
2954 5303 3269 5376 intelligere
3293 5298 3495 5365 velint,
3540 5296 3697 5353 facil-

2090 5405 2363 5555 Πηὲᾞω..
2418 5494 2591 5568 Atqui
2631 5508 2748 5550 non
2790 5496 2922 5549 sunt
2965 5506 3032 5549 ea
3076 5488 3248 5548 verba
3297 5504 3329 5545 a
3372 5484 3694 5557 suspicione

483 5653 528 5688 “
556 5603 719 5709 lleut.
773 5667 888 5717 xxx,
933 5650 1120 5709 18-21.
1220 5652 1267 5685 ’°
1293 5648 1469 5710 Eccli.
1497 5670 1593 5721 vn,
1638 5652 1727 5711 ὅθ.
1843 5654 1887 5686 ¹¹
1927 5654 2003 5712 Ge

2120 5672 2281 5723 uxr,
2327 5655 2414 5712 42.
2522 5655 2569 5689 ¹²
2610 5652 2771 5712 Prov.
2807 5666 2953 5718 xxx,
2997 5648 3085 5706 17.
3184 5644 3231 5682 ’⁸
3256 5639 3453 5706 Matth.
3489 5659 3559 5711 χ,
3598 5638 3690 5699 37.

370 5726 420 5757 "‘
450 5725 645 5781 Matth.
685 5740 803 5792 vm,
831 5723 924 5779 22.

483 5884 497 5936 I
573 5882 667 5938 Sic
700 5881 825 5938 cod.
858 5882 1007 5947 Vat.,
1056 5883 1231 5939 codex
1290 5880 1500 5947 Sirleti,
1534 5880 1641 5934 ὑπὸ
1678 5878 1774 5933 τοῦ
1820 5879 1981 5936 Θεοῦ.

451 5882 532 6031 ἓὲζ
560 5953 695 6013 Cod.
736 5953 945 6021 Sirlcti,
977 5954 1032 6009 τί
1061 5954 1121 6009 τὸ
1160 5952 1435 6019 ἄποπτον,
1483 5951 1623 6021 Quid
1648 5952 1978 6008 obscuritatis

560 5953 695 6013 Cod.
736 5953 945 6021 Sirlcti,
977 5954 1032 6009 τί
1061 5954 1121 6009 τὸ
1160 5952 1435 6019 ἄποπτον,
1483 5951 1623 6021 Quid
1648 5952 1978 6008 obscuritatis
2022 5950 2200 6007 inest?
