4104 6474
361 299 486 357 515

1099 295 1191 353 DE
1231 294 1680 354 ADORATIONE
1719 294 1787 352 IN
1830 293 2105 352 SPllllTU
2143 295 2234 351 ET
2285 262 2650 352 VERlTA-TE.
2692 294 2819 352 LIB.
2860 294 2975 353 VII.

3576 295 3683 360 ΕΗ

368 410 522 466 νατὰ
546 406 641 463 τὸν
669 408 856 481 νόμον,
887 408 984 474 τὰς
1026 407 1168 482 ὑπὲρ
1202 409 1354 481 σφῶν
1379 409 1562 465 αὐτῶν
1595 409 1984 483 ὁμολογοῦντες

2093 417 2497 468 et-consecrare
2549 412 2664 469 Deo
2702 428 2832 468 suas
2863 411 3095 477 animas,
3123 407 3179 464 iu
3233 408 3413 480 ﬁgura
3459 396 3683 479 quidem

365 503 545 575 τιμὰς
573 505 688 567 τοῖς
725 502 974 576 ἱερᾶσθαι
999 503 1250 575 λαχοῦσι,
1275 504 1371 557 καλ¹
1393 503 1472 576 τῷ
1492 503 1624 576 θείῳ
1649 502 1983 576 προσεδρεύ-

364 610 500 648 ουσι
551 593 948 666 θυσιαστηρίῳ.
1007 594 1148 647 Ἀλλ’
1179 588 1321 665 ἦσάν
1359 612 1526 660 τινες,
1551 595 1834 666 ἐφιέμενοι
1881 595 1983 666 μὲν

363 686 475 756 τῆς
501 686 721 740 τοιᾶσδε
749 685 930 758 δόξης,
956 686 1319 760 (ἡγιασμένοι
1344 689 1454 760 γὰρ
1475 688 1576 760 ἤδη
1592 689 1687 742 καὶ
1705 688 1865 761 ἱεροὶ,
1887 687 1984 743 καὶ

366 778 524 833 θεῖον
552 778 838 850 ἀνάθημα,
869 780 964 834 καὶ
990 780 1044 834 τί
1067 782 1178 854 γὰρ
1211 782 1336 854 οὐχὶ
1362 763 1473 837 τῶν
1508 781 1726 836 τοιῶνδε
1761 799 1984 854 χρημα-

365 871 553 935 τίζειν
573 870 810 943 ὴξίουν;)
856 872 1052 927 σπάνει
1067 873 1126 928 δὲ
1148 892 1254 948 χρη
1263 874 1449 947 μάτων
1465 874 1870 939 ἀνακόπτοντες
1883 873 1984 947 τὴν

368 962 704 1037 ἐπιθυμίαν,
739 965 838 1020 καὶ
863 966 1292 1038 δυσδιάφευκτον
1329 969 1548 1042 ἔχοντες
1590 967 1987 1041 παραπόδισμα

365 1054 472 1109 τοῦ
501 1055 834 1127 πράγματος
869 1055 971 1128 τὴν
1005 1058 1316 1129 πτωχείαν·
1340 1057 1762 1131 προτρεπόντων
1790 1057 1848 1112 δὲ
1884 1057 1986 1112 αύ-

366 1150 508 1214 τοὺς
535 1149 632 1202 καὶ
657 1147 805 1221 μάλα
829 1148 1129 1222 προθύμως
1149 1151 1244 1204 ἐπὶ
1280 1150 1342 1204 τὸ
1362 1150 1476 1205 δεῖν
1505 1150 1642 1205 ἱέναι
1664 1149 1804 1221 πρὸς
1826 1148 1987 1204 τοῦτο

367 1241 491 1296 τῶν
512 1241 900 1314 Γραμματέων
927 1243 1023 1296 καὶ
1048 1243 1363 1315 Φαρισαίων
1395 1241 1851 1315 (ὲρασιχρήματοι
1876 1241 1988 1315 γὰρ

370 1338 424 1391 οἱ
455 1336 658 1390 τοιοίδε
695 1335 850 1400 λίαν,
881 1338 978 1391 καὶ
992 1336 1303 1409 λημμάτων
1331 1337 1580 1408 αἰσχρῶν
1628 1335 1984 1408 ἡττώμενοι),

369 1428 482 1500 τὴν
506 1429 589 1492 είς
612 1425 810 1497 γονέας
843 1427 979 1484 αίδὼ
1013 1427 1414 1500 προετείνοντο,
1446 1426 1710 1483 δύνασθαί
1738 1443 1799 1480 τε
1830 1427 1986 1498 μόλις

376 1519 540 1592 σφίσι
571 1537 633 1573 τε
661 1519 850 1584 αὐτοῖς
875 1519 1154 1584 κάκείνοις
1181 1519 1252 1574 τὰ
1282 1519 1512 1592 ζωαρκῆ
1542 1517 1868 1592 πορίζεσθαι
1893 1536 1990 1572 τυ-

359 1614 502 1685 χὸν,
539 1613 574 1685 ἢ
611 1613 706 1667 καὶ
736 1611 920 1685 ἀμφια
955 1611 1258 1682 συλλέγειν,
1296 1611 1685 1684 ἀληθεύοντες,
1723 1611 1985 1683 ἔφασκον.

373 1704 506 1758 Οἵδε
551 1703 873 1759 ἀναπείθειν
924 1703 1209 1776 ἐτόλμων,
1256 1703 1389 1777 παρ’
1442 1703 1599 1759 οὐδὲν
1641 1702 1896 1775 ἡγεῖσθαι
1927 1701 1991 1756 τὸ

360 1795 578 1870 ,χρῆμα
619 1794 710 1849 διὰ
747 1794 919 1850 Θεόνο
962 1795 1068 1850 κᾶν
1114 1797 1163 1849 εἰ
1200 1796 1482 1868 προσίοιεν
1510 1796 1562 1849 οί
1591 1795 1986 1868 γεγεννηκότες
2019 1777 2061 1832 Β

372 1888 481 1956 τὴν
508 1887 719 1958 συνήθη
743 1887 874 1958 παρ’
897 1887 1079 1942 αὐτῶν
1103 1887 1396 1960 ζητοῦντες
1418 1888 1762 1960 ἐπικουρίαν,
1784 1887 1986 1959 χρῆναι

372 1979 565 2048 λέγειν
597 1979 881 2034 ἐδίδασκον
913 1981 1085 2051 πατρὶ
1111 1980 1206 2034 καὶ
1229 1979 1432 2051 μητρί·
1461 1999 1479 2032 ι
1509 1979 1717 2052 Δῶρον,
1743 1979 1773 2033 ὃ
1805 1979 1902 2034 ἐὰν
1927 1979 1988 2047 ἐξ

373 2072 519 2144 ἐμοῦ
567 2071 861 2145 ὠφεληθῇς
901 2072 990 2129 ἄν.
1032 2092 1051 2125 ι
1085 2071 1412 2140 Τουτέστιν,
1443 2072 1622 2145 Ὅπερ
1648 2072 1714 2128 ἂν
1741 2073 1801 2141 ἐξ
1850 2072 1986 2145 ἐμοῦ

370 2166 578 2239 λάϐῃς,
605 2165 668 2220 τὸ
701 2165 845 2221 θεῖον
875 2167 985 2221 ίσθι
1013 2185 1097 2221 τοι
1129 2166 1545 2238 παραϐλάπτων
1571 2166 1852 2238 ἀνάθημα,
1891 2168 1989 2221 καὶ

367 2261 664 2333 χρήμασιν
692 2259 858 2332 ἱεροῖς
888 2260 988 2324 τὰς
1017 2262 1212 2333 χεῖρας
1240 2258 1488 2330 ἐπάγων
1521 2258 1850 2314 ἀνατέθεικα
1877 2259 1988 2330 γὰρ

373 2352 627 2426 ἐμαυτὸν
657 2351 756 2407 καὶ
780 2352 858 2417 ὡς
885 2352 1058 2425 δῶρον
1089 2352 1444 2424 ὲπήγγελμαι
1471 2350 1551 2423 τῷ
1575 2350 1716 2422 Θεῷ.
1746 2351 1811 2404 Οἱ
1832 2350 1890 2404 δὲ
1917 2350 1988 2404 τὰ

375 2447 445 2501 ὲκ
457 2447 562 2518 τῆς
581 2444 889 2518 ἱεροσυλίας
904 2445 1136 2510 δεδιότες
1154 2443 1352 2516 βλάϐη,
1370 2444 1468 2498 καὶ
1487 2444 1614 2508 τοὺς
1633 2443 1727 2497 ἐπὶ
1745 2443 1883 2515 τῷδε
1904 2443 1988 2498 νό-

379 2556 524 2611 μους
543 2539 1026 2612 καταπεφρικότες
1044 2538 1206 2609 ἄγαν,
1220 2537 1613 2612 διεκαρτέρουν
1632 2536 1986 2609 οἰμώζοντες,

375 2632 478 2686 καὶ
499 2631 602 2702 τὴν
627 2633 709 2697 εἰς
733 2631 868 2686 Θεὸν
895 2631 1184 2686 εὐσέϐειαν
1213 2631 1493 2704 πρόφασιν
1522 2631 1711 2697 αὐτοῖς
1733 2631 1989 2702 γενέσθαι

367 2723 547 2796 λιμοῦ
572 2724 914 2790 διετείνοντο,
947 2723 1434 2796 κατακεκραγότες
1460 2725 1604 2796 τάχα
1631 2741 1738 2779 που
1760 2723 1856 2779 καὶ
1889 2724 1991 2795 τῆς

377 2815 536 2880 θείας
556 2816 803 2888 ἐντολῆς,
824 2815 902 2880 ὡς
922 2815 1219 2887 ἀδικούσης
1239 2816 1440 2880 αὐτοὺς
1456 2817 1537 2880 είς
1552 2815 1621 2870 τά
1633 2813 1987 2890 καιριώτατα.

377 2908 482 2962 Διὰ
509 2907 563 2962 τί
595 2908 776 2964 τοίνυν
815 2907 1004 2980 φησὶν,
1051 2928 1069 2962 ι
1110 2906 1466 2980 Ἦκυρὼσατε
1495 2908 1597 2981 τὴν
1629 2907 1853 2979 ἐντολὴν
1894 2905 1990 2961 τοῦ

377 2998 544 3068 Θεοῦ,
579 2999 670 3056 διὰ
696 2999 798 3072 τὴν
823 2997 1122 3072 παράδοσιν
1147 2999 1337 3072 ύμῶν;
1363 3017 1382 3051 ι
1423 2999 1574 3055 Ἔδει
1601 3001 1736 3074 γὰρ,
1778 2999 1885 3054 ἔδει
1910 3016 1993 3053 τι·

381 3094 496 3166 μᾷν
526 3092 659 3158 τοὺς
691 3091 993 3162 φύσαντας,
1022 3093 1084 3146 ού
1110 3093 1209 3164 τῆς
1239 3094 1321 3159 εἰς
1347 3092 1482 3148 Θεὸν
1513 3092 1799 3158 εὐσεϐείας
1826 3093 1991 3148 ἓνεκα
2018 3124 2062 3183 C

377 3184 476 3240 τὸν
508 3183 598 3238 ἐπ’
647 3183 835 3249 αὐτοῖς
885 3184 1182 3239 καταλύειν
1220 3184 1410 3261 νόμον.
1458 3184 1670 3239 Οὐκοῦν
1707 3183 1833 3239 οὔτε
1877 3183 1990 3240 τῶν

380 3276 507 3348 Θεῷ
551 3275 880 3348 πρεπόντων
915 3276 1223 3351 ἀμελητέον
1251 3276 1342 3332 διά
1373 3276 1443 3332 τά
1471 3275 1797 3348 ἀνθρώπινα
1818 3316 1834 3342 ,
1863 3276 1990 3331 οὕτε

380 3368 498 3442 μὴν
535 3368 775 3424 είσάπαν
809 3369 922 3424 τῶν
972 3369 1337 3443 ἀνθρωπίνων
1373 3369 1462 3424 διὰ
1505 3368 1641 3423 Θεὸν
1674 3368 1990 3442 καταραθυ-

376 3465 513 3534 μεῖν
569 3463 871 3534 ἀναγκαῖον
890 3479 906 3494 °
962 3464 1344 3536 ἀπονέμοντας
1401 3463 1460 3517 δὲ
1517 3462 1722 3535 μᾶλλον
1773 3462 1836 3518 τὸ
1889 3463 1993 3534 τῆς

376 3557 611 3630 ἀγάπης
633 3556 918 3631 ἐξαίρετον
937 3560 1006 3630 τῇ
1031 3557 1252 3613 πάντων
1277 3557 1445 3629 ἀρχῇ,
1476 3555 1727 3611 τουτέστι
1754 3555 1834 3628 τῷ
1848 3555 1992 3628 Θεῷ,

371 3651 482 3704 οιαὶ
513 3649 772 3723 καθάπερ
797 3650 857 3705 ὲν
884 3648 1038 3716 τάξει
1067 3648 1300 3722 δευτέρᾳ
1335 3650 1434 3704 καὶ
1475 3648 1715 3720 γείτονι,
1746 3666 1996 3724 παρακο-

377 3741 572 3814 μῖξειν
616 3741 785 3808 εὐθύς
829 3742 926 3797 καὶ
955 3744 1036 3808 είς
1060 3743 1190 3808 τοὺς
1216 3743 1318 3817 τῆς
1360 3743 1636 3814 γενέσεως
1684 3743 1999 3814 ὑπουργοὺς

373 3836 486 3900 τὰς
513 3835 703 3901 αὐτοῖς
731 3836 815 3891 δτι
849 3835 1093 3909 μάλιστα
1132 3835 1453 3910 πρεπούσας
1492 3835 1662 3908 τιμὰς
1696 3833 1997 3909 προσενθυο

382 3927 728 4000 μουμένους,
752 3923 836 3992 οἷς
863 3927 1006 4000 ἔφην
1033 3927 1129 3983 κεὶ
1151 3927 1295 3985 τόδε.

2083 501 2267 557 adhuc
2288 511 2346 558 et
2374 504 2593 571 umbra,
2643 512 2827 560 tamen
2865 519 2936 560 ex
2968 503 3106 575 legis
3151 502 3549 558 constitutione
3581 519 3682 559 eu—

2085 594 2344 666 piebant;
2397 607 2564 668 atque
2609 598 2699 665 iis,
2724 599 2820 670 qui
2856 597 3172 655 sacerdotio
3204 595 3599 668 fungebantur,
3629 605 3686 651 et

2085 687 2153 743 ad
2187 687 2441 744 divinum
2467 691 2640 747 altare
2669 692 3013 758 assidebant,
3047 706 3150 762 pro
3190 690 3391 762 seipsis
3445 691 3686 762 pretium

2084 777 2313 834 daturos
2335 778 2758 849 profitebantur.
2786 782 2958 839 Erant
2997 781 3169 853 igitur
3199 779 3392 852 aliqui,
3417 780 3514 852 qui
3535 781 3686 852 ejus-

2085 872 2235 928 modi
2273 873 2510 944 gloriam
2545 883 2877 946 expeterent
2941 873 3360 932 :sanctificatos
3423 879 3574 931 enim
3629 890 3688 929 se

2081 967 2196 1041 jam
2227 974 2286 1021 et
2335 980 2546 1032 sacros,
2578 976 2636 1023 et
2681 968 2796 1023 Deo
2824 968 3072 1024 dicatum
3104 967 3336 1034 donum,
3363 974 3422 1022 et
3459 967 3506 1022 si
3539 967 3687 1038 quod

2086 1061 2237 1117 aliud
2262 1060 2538 1133 ejusmodi
2575 1060 2912 1116 vocabulum
2939 1069 3048 1127 est,
3080 1061 3350 1132 appellari
3374 1069 3635 1132 optarent
3674 1081 3686 1117 :

2087 1162 2350 1210 caeterum
2378 1152 2564 1224 inopia
2598 1153 2850 1222 pecuniae
2884 1151 3266 1223 reprimebant
3319 1152 3429 1209 hoc
3473 1153 3689 1209 deside-

2088 1247 2258 1314 rium,
2293 1246 2442 1319 quod
2468 1245 2790 1302 inevitabile
2824 1245 2894 1300 ad
2923 1259 3047 1300 eam
3075 1260 3196 1300 rem
3233 1244 3691 1315 impedimentum

2089 1341 2383 1407 haberent,
2412 1354 2616 1410 nempe
2639 1343 3023 1409 paupertatem
3065 1354 3078 1390 :
3115 1336 3546 1392 adhortantibus
3591 1352 3689 1391 au-

2090 1441 2202 1489 tem
2233 1448 2352 1498 eos,
2380 1440 2436 1489 et
2468 1432 2696 1504 quidem
2727 1430 2969 1486 maximo
2999 1428 3184 1486 studio
3213 1428 3424 1485 Scribis
3454 1445 3520 1485 ae
3546 1429 3691 1485 Pha-

2091 1524 2288 1590 risaeis,
2308 1532 2370 1580 ut
2387 1523 2456 1580 ad
2481 1539 2604 1579 eam
2635 1538 2754 1579 rem
2778 1522 3188 1593 exsequendam
3214 1529 3516 1592 pergerent
3553 1521 3693 1593 (erat

2089 1618 2240 1674 enim
2264 1617 2320 1672 id
2345 1617 2634 1673 hominum
2671 1633 2846 1688 genus
2875 1629 3126 1681 avarum,
3156 1625 3212 1669 et
3242 1615 3420 1685 turpis
3449 1622 3694 1684 quaestus

2090 1711 2382 1782 cupiditati
2414 1709 2763 1782 obnoxium),
2805 1711 2884 1766 illi
2907 1709 3154 1767 revereri
3189 1724 3249 1764 se
3266 1716 3528 1780 parentes
3558 1724 3690 1764 eau-

2090 1806 2389 1872 sabantur,
2426 1807 2630 1876 vixque
2662 1819 2824 1876 posse
2863 1804 2970 1860 sibi
3013 1802 3148 1874 ipsis
3183 1810 3241 1858 et
3271 1802 3414 1868 illis,
3459 1818 3582 1873 qua:
3625 1802 3691 1858 ad

2089 1899 2298 1955 victum
2329 1899 2466 1955 satis
2486 1908 2695 1963 essent,
2718 1895 3099 1968 suppeditare,
3155 1902 3252 1949 aut
3308 1902 3494 1950 vestes
3545 1909 3696 1950 com-

2089 2006 2285 2062 parare
2320 1991 2599 2048 dicebant.
2658 1990 2824 2061 239
2850 1990 2920 2044 At
2946 1988 3005 2043 hi
3024 1987 3362 2060 persuadere
3392 1986 3692 2052 audebant,

2091 2090 2154 2137 ut
2177 2091 2410 2154 propter
2443 2083 2620 2139 Deum
2647 2098 2772 2138 eam
2799 2097 2917 2138 rem
2951 2096 3052 2152 pro
3079 2080 3256 2135 nihilo
3283 2079 3594 2145 haberent;
3629 2093 3696 2134 ac

2090 2180 2136 2234 si
2161 2181 2422 2252 parentes
2445 2176 2515 2233 ad
2554 2177 2705 2248 ipsos
2732 2175 3085 2240 accederent,
3141 2181 3199 2229 et
3245 2180 3575 2228 consuetum
3623 2171 3696 2228 ab

2092 2274 2227 2346 ipsis
2256 2271 2570 2329 subsidium
2602 2276 2882 2340 peterent,
2930 2267 3076 2340 patri
3111 2283 3176 2322 ac
3194 2264 3357 2321 matri
3395 2264 3696 2322 dicendum

2089 2380 2213 2420 esse
2251 2363 2527 2419 docebant
2566 2379 2580 2415 :
2618 2380 2637 2413 ι
2699 2361 2900 2416 Munus
2940 2357 3314 2430 quodcunque
3365 2366 3453 2416 est
3501 2375 3569 2414 ex
3605 2374 3696 2414 me

2091 2456 2192 2512 tibi
2246 2455 2422 2528 prosit
2445 2455 2511 2508 ’⁸.
2551 2473 2570 2505 ›
2613 2452 2730 2508 Hoc
2772 2462 2876 2517 est,
2931 2452 2977 2508 si
3011 2452 3145 2523 quid
3177 2468 3208 2508 a
3257 2469 3346 2510 me
3390 2451 3693 2524 acceperis,

2092 2547 2341 2602 divinum
2365 2554 2418 2601 te
2449 2543 2705 2600 fraudare
2731 2543 2941 2599 donum
2980 2545 3141 2610 scito,
3180 2553 3237 2600 et
3277 2545 3332 2600 in
3371 2561 3462 2602 res
3509 2558 3698 2600 sacras

2092 2650 2291 2692 manus
2330 2634 2584 2706 injicere,
2649 2648 2779 2688 nam
2841 2632 3118 2703 meipsum
3171 2633 3444 2700 dedicavi,
3493 2641 3549 2689 et
3583 2631 3698 2688 Deo

2093 2727 2251 2800 quasi
2288 2726 2595 2799 repositum
2624 2726 2834 2782 donum
2882 2726 3224 2781 consecravi.
3277 2726 3360 2781 Illi
3409 2742 3543 2782 vero
3568 2741 3698 2781 cum

2094 2821 2372 2894 sacrilegii
2407 2835 2630 2892 poenam
2665 2827 3024 2885 metuerent,
3065 2827 3122 2874 et
3175 2819 3328 2891 leges
3380 2834 3446 2875 ea
3498 2819 3568 2875 de
3635 2835 3698 2876 re

2094 2916 2428 2972 constitutas
2447 2913 2900 2978 extimescerent,
2914 2928 3213 2968 aerummas
3234 2913 3357 2968 illas
3381 2912 3700 2969 miserrime

2094 3004 2470 3076 perferebant,
2507 3011 2565 3057 et
2591 3001 2857 3073 pietatem
2880 3002 2938 3056 in
2972 3001 3148 3056 Deum
3188 3001 3294 3056 sibi
3340 3001 3503 3058 famis
3535 3017 3700 3058 oeca-

2095 3091 2308 3146 sionem
2343 3090 2514 3147 fuisse
2563 3089 2920 3156 accusabant,
2976 3105 3042 3145 ac
3072 3089 3308 3146 fortasse
3342 3091 3412 3146 de
3443 3091 3563 3163 ipso
3602 3093 3700 3148 Dei

2096 3184 2358 3240 mandato
2381 3183 2892 3254 conquerebantur,
2930 3192 3196 3255 tanquam
3223 3184 3293 3240 ab
3317 3200 3386 3240 eo
3422 3186 3480 3241 in
3531 3185 3702 3240 rebus

2097 3275 2338 3332 maxime
2392 3275 2724 3331 necessariis
2796 3274 3142 3332 violarentur
3198 3295 3212 3331 :
3265 3277 3501 3349 ideoque
3553 3278 3632 3333 ait
3683 3295 3700 3334 :
3757 3270 3760 3272 ⁷

2105 3389 2124 3424 ι
2151 3369 2375 3427 Irritum
2424 3369 2636 3425 fecistis
2681 3367 3004 3424 mandatum
3049 3369 3147 3426 Dei
3178 3379 3407 3441 propter
3444 3371 3701 3426 traditio-

2097 3481 2228 3521 nem
2254 3471 2499 3520 vestram
2548 3462 2616 3516 ".
2657 3481 2675 3514 ι
2705 3461 3026 3517 Honorandi
3076 3461 3227 3518 enim
3257 3470 3416 3518 erant
3452 3461 3704 3534 profecto

2099 3563 2385 3628 parentes;
2414 3568 2527 3609 non
2551 3551 2839 3624 religionis
2861 3567 3028 3608 causa
3070 3551 3178 3619 lex,
3217 3568 3342 3624 qua:
3367 3552 3436 3608 de
3459 3553 3705 3624 parenti-

2096 3648 2204 3706 bus
2235 3648 2347 3704 lata
2371 3656 2512 3715 erat,
2546 3645 2907 3702 destruenda.
2942 3645 3134 3717 Neque
3158 3645 3329 3718 igitur
3345 3662 3432 3714 ea,
3466 3663 3590 3718 qua“:
3631 3647 3703 3703 ad

2096 3743 2272 3800 Deum
2292 3741 2595 3814 pertinent,
2620 3741 2994 3795 humanarum
3026 3754 3213 3794 rerum
3248 3754 3417 3794 causa
3455 3747 3706 3798 eontem-

2097 3835 2282 3892 nenda
2309 3843 2460 3901 sunt,
2490 3849 2672 3904 neque
2704 3848 2903 3888 rursus
2933 3847 3026 3887 res
3056 3830 3311 3886 humana:
3333 3845 3565 3901 prorsus
3603 3830 3703 3885 Dei

2098 3935 2370 4001 praetextu
2425 3925 2798 3999 negligentiae;
2842 3923 2940 3981 sed
2976 3924 3197 3995 potius,
3257 3923 3355 3979 ubi
3396 3924 3706 3994 praecipuas

383 4022 682 4080 eharitatis
740 4031 928 4096 partes
998 4024 1078 4080 illi
1146 4024 1400 4080 omnium
1455 4022 1765 4097 principio,
1791 4025 1907 4082 Deo
1945 4024 2236 4092 nimirum,
2289 4023 2670 4088 tribuerimus,
2722 4030 2840 4077 tum
2879 4019 3127 4076 secundo
3176 4019 3301 4074 loco
3335 4034 3400 4074 ac
3450 4019 3706 4091 proximo

380 4134 610 4189 equum
636 4126 724 4176 est
756 4118 924 4175 etiam
967 4119 1102 4190 ipsis
1132 4119 1310 4176 nostri
1341 4128 1502 4176 ortus
1551 4119 1900 4177 administris
1946 4119 2169 4177 debitos
2195 4120 2256 4179 in
2286 4117 2484 4190 primis
2542 4115 2786 4172 honores
2845 4113 3114 4170 continuo
3172 4110 3414 4180 deferre,
3437 4121 3494 4169 et
3519 4111 3588 4167 ad
3637 4127 3706 4168 ea

384 4230 512 4287 quae
534 4215 652 4271 dixi
677 4213 811 4271 illud
841 4229 1064 4286 quoque
1086 4215 1378 4272 nobiscum
1399 4222 1678 4288 reputare.

457 4307 676 4362 HAAA.
707 4303 784 4362 Τὸ
815 4307 870 4362 τί
896 4307 962 4382 δὴ
985 4309 1130 4380 φής;

455 4403 629 4457 ΚΥΡ.
665 4401 876 4474 Χρῆμα
897 4402 1008 4475 γὰρ
1026 4403 1110 4456 ὅτι
1127 4401 1365 4473 μάλιστα
1387 4401 1499 4457 τῶν
1514 4400 1832 4470 ἀναγκαίων
1858 4402 1996 4474 ἡμῖν

383 4493 713 4564 ἀποφαίνων
743 4494 773 4546 ὁ
803 4493 1014 4566 Κύριος
1045 4492 1206 4566 ἡμῶν
1249 4492 1458 4565 Ἰησοῦς
1503 4492 1745 4567 Χριστὸς
1783 4493 1884 4566 τὴν
1912 4494 1997 4559 εἰς

380 4590 515 4653 τοὺς
539 4586 824 4658 φύσαντας
847 4585 1005 4654 αἰδὼ,
1031 4587 1249 4658 φειδοῦς
1272 4587 1426 4658 ἠξίου
1445 4589 1544 4643 καὶ
1567 4587 1728 4660 λόγου
1753 4587 1853 4661 τὴν
1874 4589 1998 4642 ὲαυ-

377 4680 477 4736 τοῦ
497 4679 737 4753 μητέρα.
756 4681 1004 4753 Ἀπηρτη
1014 4681 1173 4752 μένος
1185 4679 1296 4753 γὰρ
1310 4681 1413 4754 ἤδη
1429 4680 1525 4735 τοῦ
1535 4681 1718 4754 τιμίου
1733 4679 1994 4753 σταυροῦ,

380 4774 480 4828 καὶ
519 4773 599 4843 τῷ
632 4771 776 4844 ξύλῳ
803 4772 1256 4846 προσηλωμένος,
1289 4771 1367 4844 τῷ
1393 4773 1605 4844 γνησίῳ
1637 4771 1856 4844 μαθητῇ
1889 4761 1991 4844 τὴν

379 4863 550 4933 ἁγίαν
571 4862 746 4918 ἐδίδου
777 4862 1082 4934 Παρθένον,
1109 4864 1206 4918 καὶ
1228 4879 1298 4935 γη
1309 4863 1543 4936 ροκόμον
1563 4863 1703 4935 αὐτῇ
1721 4860 1990 4926 καθιστὰς

377 4958 472 5012 τὸν
497 4953 891 5026 ἠγαπημένον,
911 4954 1120 5025 ἐλεγενο
1149 4975 1169 5008 ι
1203 4954 1393 5022 Γύναι,
1424 4955 1534 5010 ἰδοὺ
1556 4956 1585 5010 ὁ
1609 4953 1725 5018 υἱός
1747 4970 1864 5008 σου·
1894 4953 1989 5009 καὶ

376 5048 458 5120 τῷ
499 5045 721 5119 μαθητῇ
751 5041 928 5102 εἶπενο
975 5046 1110 5102 Ἰδοὺ
1141 5049 1174 5118 ἡ
1209 5048 1395 5119 μήτηρ
1429 5064 1525 5101 σου
1550 5062 1563 5076 °
1589 5048 1688 5102 καὶ
1715 5047 1812 5100 ἀπ’
1842 5046 1989 5100 ὲκεί-

376 5155 483 5210 νης
525 5137 627 5209 τῆς
659 5135 832 5209 ὧρας,
878 5137 1084 5210 φησὶν,
1117 5136 1312 5192 ἕλαὸεν
1349 5138 1522 5210 αὐτὴν
1553 5139 1582 5192 ὁ
1613 5135 1864 5209 μαθητὴς
1906 5137 1990 5202 εἰς

374 5231 450 5287 τὰ
485 5229 618 5286 ἴδια.

452 5323 670 5378 ΠΑΛΛ.
711 5323 803 5387 Ὠς
832 5322 1035 5394 ἄριστά
1069 5339 1133 5393 γε
1183 5323 1320 5395 ἡμῖν
1364 5323 1394 5378 ὁ
1447 5322 1579 5395 περὶ
1622 5319 1780 5377 τοῦδε
1829 5319 1992 5391 λόγος

377 5417 791 5488 ἑκπεποιῆσθαι
821 5417 990 5471 δοκεῖ.
1077 5491 1079 5494 φ

463 5511 634 5564 ΚΥΡ.
673 5507 1031 5574 Καταζεύξας
1058 5505 1124 5578 δὴ
1161 5500 1255 5561 οῦν
1293 5501 1352 5562 εὖ
1389 5507 1537 5578 μάλα
1569 5508 1686 5571 τοῖς
1729 5522 1992 5577 γεγεννη-

379 5609 510 5666 κὸσι
553 5607 627 5662 τὰ
659 5605 720 5674 ἐξ
761 5599 980 5668 αὐτῶν,
1032 5600 1127 5653 καὶ
1158 5599 1251 5653 τὸν
1283 5600 1347 5652 ὲκ
1401 5601 1568 5671 νόμου
1605 5599 1700 5654 καὶ
1742 5599 1994 5671 ἀνάγκης

456 5789 506 5824 ιο
533 5757 840 5848 Μαιῆτιν.
868 5788 920 5845 5.
999 5789 1044 5821 »θ
1073 5786 1207 5844 ibid.
1237 5786 1291 5844 6.
1372 5783 1598 5842 “Joan.
1644 5799 1754 5848 xix,
1794 5765 1886 5851 ac,
1927 5782 2018 5838 27.

2025 4311 2069 4368 υ
2169 4275 2676 4368 ΡΑιιέριιίιιηειηι
2697 4298 2755 4355 id
2776 4297 2902 4354 est?

2170 4396 2332 4454 CYR.
2389 4394 2530 4450 Nam
2564 4407 2681 4448 rem
2705 4393 2758 4450 in
2781 4390 2978 4465 primis
3015 4386 3392 4444 necessariam
3438 4401 3563 4445 esse
3614 4404 3706 4445 re-

2098 4487 2411 4546 verentiam
2447 4484 2506 4540 in
2526 4492 2808 4555 parentes,
2833 4480 2996 4538 nobis
3035 4477 3284 4535 ostendit
3309 4477 3580 4534 Dominus
3601 4495 3705 4535 no-

2099 4591 2215 4638 ster
2256 4580 2422 4637 Jesus
2447 4578 2726 4642 Christus,
2758 4591 2887 4632 eum
2932 4589 3048 4630 sua:
3074 4573 3251 4644 ipsius
3286 4572 3483 4628 matris
3514 4589 3705 4630 curam

2099 4683 2267 4745 atque
2297 4672 2575 4729 rationem
2615 4670 2833 4726 habuit.
2877 4667 3144 4724 Sublatus
3191 4682 3434 4738 namque
3469 4666 3586 4738 jam
3648 4667 3706 4722 in

2093 4764 2477 4823 venerandam
2509 4763 2662 4818 illam
2696 4775 2942 4826 crucem,
2977 4768 3034 4816 et
3067 4759 3219 4831 ligno
3254 4757 3506 4824 sufﬁxus,
3534 4757 3706 4814 disci-

2091 4859 2225 4930 pulo
2251 4873 2356 4914 suo
2376 4871 2638 4930 germano
2663 4865 2912 4911 sanctam
2934 4853 3221 4924 Virginem
3248 4850 3500 4916 tradidit,
3526 4867 3591 4906 ac
3622 4867 3708 4906 se-

2089 4953 2332 5009 nectutis
2398 4951 2551 5006 illius
2599 4957 2843 5005 tutorem
2892 4947 3342 5016 nutritoremque
3413 4944 3708 5000 constituit

2093 5045 2360 5102 dilectum
2387 5043 2543 5098 illum
2574 5058 2760 5108 suum,
2797 5041 2992 5096 dicens
3027 5056 3040 5093 :
3081 5058 3099 5090 ‹
3138 5037 3358 5102 Mulier,
3393 5049 3524 5091 ecce
3558 5033 3707 5092 filius

2099 5147 2259 5205 tuus;
2290 5135 2493 5193 deinde
2520 5134 2834 5206 discipulo:
2867 5133 3011 5189 Ecce
3051 5137 3228 5186 mater
3266 5136 3392 5196 tua;
3419 5135 3478 5183 et
3511 5142 3580 5182 ex
3612 5127 3706 5183 illa

2099 5231 2237 5286 hora
2253 5228 2469 5300 accepit
2492 5243 2614 5284 eam
2636 5225 2946 5297 discipulus
2971 5224 3029 5279 in
3059 5238 3160 5279 sua
3177 5221 3244 5276 ³ο.
3285 5239 3305 5272 ι

2171 5320 2379 5379 PALL.
2414 5319 2685 5376 Praeclare
2709 5333 2842 5376 sane
2887 5317 2992 5373 hac
3033 5316 3104 5373 de
3133 5330 3194 5372 re
3228 5313 3408 5370 oratio
3451 5311 3708 5370 confecta

2098 5430 2222 5472 esse
2255 5415 2498 5469 videtur.

2169 5507 2330 5563 CYR.
2363 5505 2502 5562 Cum
2538 5505 2726 5576 itaque
2765 5503 2976 5560 liberos
3017 5501 3347 5575 parentibus
3397 5500 3709 5558 rectissime

2100 5599 2451 5672 subiecisset,
2477 5607 2534 5656 et
2553 5597 2862 5672 legitimum
2900 5597 2970 5654 iis
2999 5611 3064 5653 ac
3091 5595 3470 5653 necessarium
3511 5596 3704 5668 iugum
