4104 6456
439 310 545 369 516

1460 305 1515 359 S.
1557 296 1833 360 CYRlLLl
1872 300 2345 359 ALEXANDRINI
2389 294 2716 359 ARCHIEP.

3615 308 3721 362 516

440 425 815 499 imposuisset,
844 416 992 478 illico
1020 420 1211 491 quales
1240 418 1407 473 etiam
1447 425 1706 489 parentes
1737 432 1865 486 erga
1889 416 2031 471 libe-

2133 415 2319 479 αὐτοῖς
2342 414 2641 487 ἐπιῤῥίψας
2670 413 2854 485 ζυγδν,
2888 415 3065 469 ὁποῖοί
3094 432 3239 480 τινες
3264 409 3375 470 εἷεν
3396 416 3463 472 ἂν
3497 417 3628 489 περὶ
3652 416 3723 472 τὰ

441 535 536 575 ros
573 532 695 573 esse
739 521 1027 586 oporteat,
1070 511 1180 566 sia
1238 508 1337 563 Dei
1399 507 1685 562 voluntate
1741 507 2033 562 deﬂectere

440 612 638 672 nolint,
665 606 849 663 edicit.
888 607 966 659 Ac
987 602 1190 658 Paulus
1213 600 1438 673 quidem
1460 600 1903 669 sapientissimus
1923 600 2030 665 vir,

441 712 733 773 postquam
753 697 944 768 paucis
974 694 1139 766 240
1180 701 1235 748 et
1256 691 1511 763 expedite
1538 692 1730 747 liberis
1750 690 2030 762 praecepit,

444 803 504 849 ut
548 790 917 861 subjiciantur
961 785 1327 856 parentibus,
1377 784 1579 856 adjecit
1622 785 1791 838 etiam
1844 782 1981 838 illud
2016 800 2028 837 :

448 906 466 937 ι
498 885 709 946 Patres,
750 880 926 934 nolite
956 878 1025 932 ad
1054 877 1401 932 iracundiam
1438 892 1740 948 provocare
1768 875 1913 931 filios
1934 890 2032 930 ves

439 984 605 1039 stros,
625 972 721 1028 sed
750 970 983 1026 educato
1011 984 1108 1024 eos
1129 969 1189 1023 in
1211 969 1563 1040 correptione
1592 969 1811 1022 Domini
1830 969 1897 1035 ἰ,
1927 987 1945 1019 ι
1977 967 2032 1023 id

437 1075 543 1133 cst,
579 1065 914 1135 optimarum
942 1060 1363 1133 disciplinarum
1404 1061 1515 1115 illis
1543 1067 1801 1115 auctores
1830 1066 2029 1125 estote,

437 1166 602 1227 atque
626 1155 696 1209 ad
731 1154 904 1209 vitam
935 1153 1050 1207 Deo
1088 1159 1298 1222 gratam
1340 1150 1559 1221 legique
1606 1149 1845 1204 maxime
1896 1164 2031 1204 con-

438 1258 757 1303 sentaneam
787 1245 1030 1316 dirigite.
1060 1242 1131 1298 At
1158 1258 1293 1298 vero
1330 1258 1429 1313 per
1461 1241 1733 1297 ambitum
1762 1241 2031 1313 quodam-

2140 506 2294 577 σφῶν
2324 507 2508 562 αὐτῶν
2544 507 2865 579 γεννήματα
2901 506 2997 561 καὶ
3026 509 3076 561 οἱ
3107 510 3309 577 γονεῖς,
3333 510 3381 562 εί
3412 509 3474 563 τὸ
3500 511 3577 582 τῷ
3603 510 3724 587 Θεῷ

2134 598 2326 654 δοκοῦν
2380 599 2481 653 οὐκ
2529 598 2924 670 ὲκσοϐήσονται
2949 638 2964 663 ,
3016 600 3362 673 παραχρῆμα
3414 602 3719 674 νομοθετεῖ.

2135 691 2349 755 Παῦλος
2395 691 2493 762 μὲν
2524 686 2619 745 οὖν
2664 690 2693 743 ὂ
2733 690 3050 760 σοφώτατος
3082 692 3139 744 ἐν
3176 693 3371 763 βραχεῖ
3410 695 3505 749 καὶ
3552 697 3722 751 εὐαπ-

2137 780 2442 844 αλλάκτως,
2486 779 2887 835 ὑποτάττεσθαι
2925 781 3036 835 δεῖν
3065 785 3179 847 τοῖς
3215 784 3477 856 πατράσι,
3515 805 3726 860 παρεγ-

2134 868 2245 937 γυᾷ
2271 869 2386 930 τοῖς
2417 866 2634 931 τέκνοις
2654 884 2667 898 ·
2702 868 2808 940 ἔφη
2845 867 2925 933 δὲ,
2957 870 3039 922 ὅτι
3068 870 3166 924 καὶ
3201 888 3219 922 ι
3252 874 3314 926 Οἱ
3350 876 3607 948 πατέρες,
3646 879 3723 949 μὴ

2134 957 2497 1029 παροργίζετε
2531 959 2601 1014 τὰ
2644 960 2810 1015 τέκνα
2866 961 3043 1033 ὑμῶν,
3084 963 3200 1018 ἀλλ’
3236 968 3533 1038 ἐκτρέφετε
3582 973 3725 1029 αὐτὰ

2132 1051 2194 1103 ἐν
2223 1050 2477 1123 νουθεσίᾳ
2509 1051 2739 1124 Κυρίουο
2776 1073 2796 1107 ι
2822 1056 3092 1121 τουτέστι,
3124 1057 3245 1113 Τῶν
3275 1059 3514 1132 ἀρίστων
3537 1065 3724 1133 αὐτοῖς

2137 1138 2480 1210 μαθημάτων
2526 1143 2817 1215 είσηγηταὶ
2844 1148 3151 1217 γεγονότες,
3194 1152 3334 1223 πρὸς
3372 1153 3597 1228 θεοφιλῆ
3628 1161 3723 1214 καὶ

2135 1230 2521 1302 ἐννομωτάτην
2566 1232 2906 1289 ἀπευθύνετε
2949 1237 3251 1297 πολιτείαν.
3283 1243 3386 1297 Διὰ
3414 1245 3617 1302 κύκλου
3664 1251 3723 1311 δὲ

438 1338 603 1395 modo
631 1348 796 1410 atque
822 1338 1119 1393 circuitum
1151 1337 1253 1410 (sic
1275 1336 1425 1392 enim
1468 1334 1584 1391 fere
1610 1334 1916 1406 consuevit)
1938 1351 2031 1406 pa.

2133 1316 2324 1390 ὢσπερ
2343 1321 2373 1373 6
2391 1322 2556 1393 νόμος
2575 1322 2827 1396 (σύνηθες
2849 1328 2958 1398 γάρ
2976 1330 3126 1383 ἐστιν
3144 1330 3220 1397 ὡς
3241 1332 3331 1386 ἀεὶ
3348 1334 3508 1390 τοῦτο
3527 1337 3719 1410 αὐτῷ),

439 1431 693 1487 rentibus
739 1430 999 1501 inprimis
1034 1436 1092 1485 et
1130 1428 1354 1499 quidem
1399 1428 1708 1483 rectissime
1745 1429 2029 1499 praecipit,

440 1533 502 1576 ut
532 1521 600 1576 de
622 1521 925 1577 liberorum
949 1519 1224 1591 probitate
1252 1518 1476 1574 solliciti
1497 1519 1606 1573 sint
1635 1537 1647 1572 :
1682 1538 1702 1571 ‹
1738 1519 1858 1574 Non
1898 1534 2030 1589 pro~

438 1613 674 1677 fanabis,
718 1613 997 1683 inquiens.
1035 1611 1203 1668 filiam
1249 1620 1421 1677 tuam,
1453 1618 1516 1666 ut
1560 1610 1820 1667 fornicari
1861 1610 2032 1667 facias

439 1724 583 1773 eam,
608 1717 663 1762 et
685 1723 797 1762 non
835 1704 1202 1761 fornicabitur
1241 1714 1413 1769 terra,
1450 1710 1508 1759 et
1535 1711 1686 1759 terra
1724 1702 2032 1774 replebitur

2130 1413 2234 1485 τῆς
2261 1414 2371 1468 τῶν
2396 1414 2603 1471 τέκνων
2648 1419 2954 1486 ἐπιεικείας
2984 1428 3233 1494 προνοεῖν
3269 1427 3353 1481 ὅτι
3389 1428 3623 1500 μάλιστά
3656 1450 3721 1502 γε

2133 1505 2232 1599 κα)ζ
2273 1506 2428 1599 Δμάλα
2474 1507 2655 1581 ὀρθῶς
2705 1512 3040 1586 ἐπισκήπτει
3082 1520 3357 1591 πατράσιν
3381 1538 3395 1554 ο
3431 1541 3451 1575 ι
3490 1524 3563 1578 Οὐ
3612 1527 3720 1599 γὰρ

2135 1593 2487 1667 βεδηλώσεις,
2521 1617 2542 1653 ι
2568 1601 2722 1672 φησὶ,
2756 1621 2776 1654 ι
2817 1603 2916 1676 τὴν
2948 1604 3221 1681 θυγατέρα
3242 1627 3333 1664 σου
3354 1593 3721 1684 ἐκπορνεῦσαξι

2135 1688 2328 1761 αὐτὴν,
2350 1691 2449 1782 καὶ
2474 1693 2575 1782 οὐκ
2607 1695 2954 1772 ὲκπορνεύσῃ
2983 1699 3016 1771 ή
3042 1699 3137 1770 γῆ,
3173 1700 3324 1775 καὶὴ
3359 1707 3431 1777 γῆ
3472 1706 3721 1782 πλησθή-

439 1801 735 1871 iniquitate
783 1799 850 1854 ³⁸.
918 1816 937 1850 ι
990 1798 1128 1853 Nam
1193 1811 1493 1867 corporum
1534 1796 1844 1851 castitatem
1904 1804 2031 1851 ante

2133 1790 2292 1834 σεται
2341 1781 2594 1853 ἀνομίας.
2640 1784 2757 1857 Τὴν
2807 1784 2916 1858 γάρ
2952 1805 3035 1841 τοι
3070 1790 3340 1861 σωμάτων
3371 1795 3600 1864 ἁγνείαν
3627 1781 3722 1852 καὶ

440 1899 550 1953 alia
610 1897 780 1952 veluti
828 1895 1102 1967 primitias
1152 1893 1418 1966 quasdam
1484 1902 1684 1949 sanctae
1731 1904 2028 1949 conversa-

442 1989 610 2044 tionis
668 2005 697 2044 a
726 1988 889 2044 nobis
922 1987 1095 2058 exigit
1145 1994 1338 2041 noster
1370 1985 1670 2055 Conditor;
1708 1994 1838 2041 sunt
1880 1986 2030 2041 enim

440 2081 742 2150 corporalia
760 2080 876 2135 haec
892 2086 1215 2135 ornamenta
1228 2077 1382 2132 velut
1396 2076 1579 2132 aditus
1595 2077 1817 2147 quidam
1839 2077 1906 2132 ad
1922 2078 2033 2147 spi-

440 2171 581 2224 ritus
601 2170 928 2234 claritatem,
950 2184 1078 2224 cum
1107 2167 1470 2238 turpitudinis
1498 2182 1563 2222 ac
1593 2167 1891 2223 dedecoris
1924 2183 2031 2223 no-

439 2268 522 2319 tas
543 2264 825 2337 effugiant.
861 2263 1033 2334 Igitur
1054 2268 1558 2333 parentes‘oportet
1575 2268 1636 2316 ut
1663 2262 1731 2317 ad
1758 2276 1847 2317 res
1868 2276 2032 2332 quam

437 2359 673 2428 optimas
696 2357 807 2413 sint
849 2365 1105 2412 auctores
1139 2374 1152 2409 :
1190 2356 1276 2411 sin
1312 2355 1563 2426 resupini
1592 2363 1651 2410 et
1694 2356 2034 2427 negligentes

433 2455 606 2502 erunt
635 2446 938 2518 paedagogi,
961 2456 1126 2517 atque
1164 2445 1304 2501 adeo
1341 2460 1521 2512 secus,
1561 2460 1728 2516 quam
1766 2447 1913 2500 ratio
1939 2458 2035 2517 po-

438 2540 628 2603 stulat,
659 2534 728 2593 ad
769 2538 950 2608 turpia
978 2537 1122 2593 facta
1163 2537 1333 2592 duces
1360 2551 1425 2591 ac
1451 2536 1697 2607 magistri
1722 2537 2032 2607 deprehen-

438 2630 662 2693 dentur,
693 2637 941 2682 extrema
978 2627 1247 2698 supplicia
1280 2627 1653 2693 sustinebunt,
1687 2636 1748 2683 ut
1779 2628 1874 2699 qui
1908 2643 2036 2685 suos

438 2716 544 2787 ipsi
578 2716 789 2771 fructus
814 2726 1192 2787 corrumpant,
1226 2725 1283 2772 et
1319 2716 1379 2771 in
1415 2716 1571 2772 exitii
1620 2717 1806 2774 foveas
1837 2720 2033 2791 impel-

438 2808 574 2873 lant,
616 2823 718 2878 pro
744 2808 947 2877 quibus
977 2808 1225 2878 profecto
1258 2825 1477 2880 aequum
1518 2816 1639 2865 erat
1673 2819 1909 2866 mortem
1932 2827 2033 2883 0p-

398 2948 401 2951 .
439 2910 669 2969 petere:
696 2916 826 2955 nam
864 2900 919 2955 id
945 2901 1195 2971 patribus
1229 2910 1426 2958 natura
1467 2919 1686 2974 quoque
1736 2904 1853 2973 ipsa
1889 2920 2033 2975 prae-

440 2989 656 3044 scribit.
688 2990 793 3057 Qui
840 3008 971 3062 ergo
1006 3009 1076 3048 ex
1119 3009 1177 3049 se
1221 2994 1458 3066 puellam
1510 2995 1581 3051 ad
1622 2995 2033 3068 apertissimum

440 3081 708 3151 probrum
740 3084 1055 3141 volentibus
1085 3088 1335 3157 exponit,
1364 3087 1433 3143 ab
1458 3104 1526 3143 eo
1574 3106 1685 3145 non
1722 3106 1823 3161 pro
1848 3090 2031 3162 puclla

448 3172 713 3228 duntaxat
736 3175 981 3234 rationes
999 3195 1298 3252 poenasque
1327 3180 1514 3253 flagitii
1536 3182 1841 3254 justissimc
1870 3198 2029 3254 expo-

441 3278 558 3327 seet
595 3270 687 3325 ille
720 3271 965 3326 omnium
1001 3272 1200 3344 judex,
1238 3273 1335 3329 sed
1385 3273 1553 3329 etiam
1597 3290 1699 3344 pro
1747 3275 2026 3340 omnibus,

439 3365 537 3437 qui
567 3364 678 3419 sint
715 3363 785 3419 ad
837 3364 1247 3435 turpitudinem
1310 3365 1473 3437 lapsi.
1537 3367 1826 3439 Laqueum
1877 3370 2029 3424 enim

440 3455 734 3528 quemdam
779 3463 835 3511 et
870 3457 1066 3511 mortis
1098 3464 1215 3513 rete
1277 3474 1404 3513 cum
1456 3459 1771 3526 tetenderit,
1838 3474 2031 3515 omnes

442 3550 876 3620 comprehensos
914 3549 1084 3604 habet
1111 3590 1126 3616 ,
1167 3552 1423 3620 quamvis
1445 3566 1559 3606 non
1582 3566 1774 3606 omnes
1804 3551 2029 3621 capian-

444 3652 568 3708 tur;
598 3658 780 3712 neque
811 3641 962 3696 enim
988 3643 1214 3698 omnino
1236 3643 1417 3699 exitus
1460 3644 1543 3700 rei
1585 3649 1887 3715 spectatur,
1933 3642 2030 3701 sed

439 3739 749 3801 cmptorum
775 3733 860 3787 vis
892 3740 1056 3803 atque
1084 3732 1335 3789 facultas.
1360 3734 1437 3788 De
1460 3729 1731 3805 ejusmodi
1755 3748 1888 3790 vero
1905 3748 2030 3787 mu-

440 3823 578 3879 licre
649 3824 1089 3895 sapientissimus
1157 3841 1377 3896 quoque
1449 3825 1709 3880 Salomon
1775 3824 2027 3879 scribit:

446 3938 468 3967 ι
502 3915 807 3984 Mulierem,
850 3933 971 3988 qua:
996 3916 1227 3989 laqueus
1250 3924 1336 3974 est
1368 3925 1424 3973 et
1456 3925 1573 3973 rete
1613 3932 1710 3972 cor
1745 3917 1885 3988 ejus,
1912 3918 2034 3972 vin-

438 4007 565 4064 cula
590 4009 645 4062 in
686 4008 939 4065 manibus
973 4010 1093 4081 ejus
1112 4009 1179 4063 ”.
1224 4029 1242 4061 ι
1276 4008 1598 4064 Necessario
1639 4008 1823 4079 itaque
1862 4008 2029 4081 legis-

439 4101 617 4165 lator,
662 4119 680 4151 ‹
717 4100 841 4155 Non
893 4098 1233 4172 profanabis,
1288 4100 1491 4171 inquit,
1539 4099 1707 4155 ﬁliam
1738 4106 1918 4168 tuam,
1968 4109 2032 4156 ut

2131 1871 2239 1944 πρό
2258 1889 2323 1942 γε
2344 1872 2458 1927 τῶν
2485 1874 2685 1943 ἄλλων,
2704 1875 2801 1931 καλ⁸
2825 1880 3154 1950 πρωτόλειον
3177 1881 3328 1938 ὥσπε
3337 1901 3368 1956 ρ
3387 1902 3440 1938 τι
3472 1887 3570 1959 τῆς
3595 1890 3724 1944 εὐαι

2130 1964 2263 2033 γοῠς
2313 1966 2624 2034 πολιτείας,
2676 1968 2880 2037 ἐξαιτεῖ
2905 1971 3035 2046 παρ’
3078 1973 3235 2045 ἡμῶν
3266 1978 3295 2030 ὁ
3337 1979 3719 2053 Δημιουργός⁶

2131 2057 2483 2127 προεισδολαὶ
2503 2059 2613 2132 γὰρ
2639 2058 2829 2135 ὥσπερ
2856 2063 2961 2135 τῆς
2994 2066 3137 2121 κατὰ
3165 2067 3383 2141 πνεῦμα
3412 2070 3724 2148 λαμπρότη-

2130 2149 2320 2244 τος-τα
2351 2151 2647 2244 σωματικά
2672 2194 2688 2220 ,
2716 2153 2808 2209 τὸν
2836 2152 2924 2208 ἐπ’
2952 2155 3274 2231 αἰσχρότητί
3313 2178 3371 2215 τε
3400 2165 3494 2218 καὶ
3526 2167 3720 2244 ἀτιμίᾳ

2131 2237 2581 2311 διαδιδράσκοντα
2612 2245 2825 2316 μῶμον.
2857 2245 2940 2300 Τὰ
2977 2249 3197 2304 πάντων
3225 2245 3318 2305 οὖν
3349 2253 3549 2326 ἄριστα
3585 2237 3722 2330 πρέζ

2134 2348 2228 2385 ποι
2263 2333 2330 2386 ἂν
2359 2335 2492 2405 ἡμῖν
2521 2337 2863 2410 εἰσηγεῖσθαι
2904 2341 3175 2413 πατέρας.
3206 2344 3271 2398 Εί
3291 2345 3348 2399 δὲ
3377 2347 3440 2420 δὴ
3473 2350 3720 2420 μέλλοιεν

2135 2424 2463 2481 ὑπτιοῦσθαι
2500 2430 2598 2483 καὶ
2640 2429 2907 2502 ῥᾳθυμεῖν
2934 2435 2987 2486 ot
3023 2437 3385 2508 παιδαγωγοὶ,
3428 2444 3628 2514 μᾶλλον
3661 2447 3721 2501 δὲ

2134 2517 2227 2570 καὶ
2255 2517 2363 2571 τῶν
2395 2520 2686 2591 αἰσχιόνων
2708 2524 2898 2590 αὐτοῖς
2918 2530 3208 2599 γεγονότες
3234 2533 3473 2606 ἀρχηγοὶ
3504 2538 3599 2596 καὶ
3621 2557 3722 2594 κα-

2135 2606 2374 2680 θηγηταὶ
2403 2611 2732 2683 παραλόγως
2749 2615 3062 2689 ήλίσκοντο,
3094 2622 3288 2694 ποινὴν
3320 2624 3721 2699 ὑποστήσονται

2132 2702 2235 2771 τὴν
2265 2702 2536 2774 ἐσχάτην,
2583 2705 2659 2771 ὡς
2685 2707 2816 2773 τοὺς
2860 2710 3026 2777 ἰδίους
3057 2714 3212 2769 αὐτοὶ
3254 2721 3502 2791 καρποὺς
3555 2738 3723 2776 κατα-

2136 2792 2470 2885 ιρθείροντες,
2503 2799 2598 2853 καὶ
2632 2801 2746 2865 τοῖς
2777 2802 2878 2873 τῆς
2908 2805 3185 2874 ἀπωλείας
3210 2809 3446 2877 ἐνιέντες
3469 2811 3682 2885 βόθροις
3702 2856 3719 2881 ,

2133 2882 2208 2979 ὧν
2254 2883 2325 2961 ἦν
2350 2888 2521 2962 δήπου
2561 2894 2659 2947 καὶ
2690 2893 3096 2968 ὑπερθνῄσκειν
3131 2900 3357 2974 ἄμεινον
3390 2922 3403 2936 ·
3437 2882 3723 2979 νομοθετεῖ

2135 2977 2243 3051 γὰρ
2280 2982 2565 3037 καὶτοῦτο
2599 2987 2632 3056 ή
2664 2985 2828 3056 φύσις
2868 2991 3164 3063 πατράσιν.
3208 2993 3267 3048 Ὀ
3293 2994 3349 3051 δὲ
3377 2996 3441 3069 δὴ
3474 2977 3610 3071 πρὸς
3637 3001 3719 3054 αί-

2138 3073 2415 3146 σχρότητα
2457 3075 2556 3148 τὴν
2595 3079 3013 3154 ἐμφανεστάτην
3062 3089 3175 3151 τοῖς
3219 3088 3464 3144 ἐθέλουσι
3498 3092 3722 3164 προθεὶς

2130 3164 2195 3219 τὸ
2223 3166 2421 3222 ἑαυτοῦ
2450 3168 2655 3240 κόριον,
2679 3172 2779 3244 οὐχ
2803 3174 2949 3247 ὑπὲρ
2975 3176 3142 3231 αὐτοῦ
3162 3180 3266 3237 ¹καὶ
3303 3181 3466 3253 μόνου
3497 3184 3723 3253 δικαίως

2133 3258 2199 3313 ἂν
2218 3261 2492 3317 εὐθύνοιτό
2522 3281 2584 3318 τε
2728 3265 2990 3331 ἐξαιτοῖτο
3017 3269 3173 3337 δίκας
3196 3274 3348 3347 παρά
3365 3293 3427 3345 γε
3453 3276 3546 3330 τοῦ
3583 3279 3722 3334 πάν-

2132 3370 2242 3409 των
2266 3355 2480 3427 κριτοῦ,
2517 3356 2653 3412 ἀλλὰ
2676 3360 2769 3413 καὶ
2801 3360 2941 3432 ὑπὲρ
2969 3364 3171 3429 παντὸς
3195 3364 3290 3419 τοῦ
3331 3367 3469 3439 πρὸς
3495 3371 3720 3444 αἰσχρό-

2129 3462 2273 3518 τητα
2301 3448 2740 3521 διωλισθηκότος.
2763 3452 2841 3523 Θή
2851 3471 3050 3526 ρατρον
3074 3454 3181 3530 γὰρ
3205 3454 3355 3513 ὥσπε
3365 3477 3396 3535 ρ
3422 3479 3475 3515 τι
3501 3465 3722 3534 προθεὶς

2135 3539 2230 3592 καὶ
2259 3538 2494 3594 θανάτου
2533 3540 2696 3611 λίνον,
2724 3544 2935 3609 πάντας
2964 3544 3077 3617 ἔχει
3112 3547 3409 3619 συλλαϐὼν,
3447 3555 3544 3609 καὶ
3564 3556 3612 3609 εί
3642 3556 3720 3628 μὴ

2118 3628 2339 3695 ’πάντες
2386 3629 2713 3689 ἁλίσκοιντο.
2762 3636 3133 3706 Δοκιμάζεται
3181 3640 3289 3715 γὰρ
3332 3643 3457 3715 οὐχ).
3502 3645 3565 3718 δή
3617 3665 3719 3701 που

2136 3718 2353 3785 πάντως
2396 3721 2460 3775 τὸ
2494 3722 2797 3797 ἐκϐεϐηκὸς
2823 3766 2839 3790 ,
2891 3726 3029 3780 ἀλλὰ
3071 3727 3182 3785 τῶν
3234 3732 3653 3807 ἐγχειρημάτων
3684 3741 3718 3810 ή

2134 3810 2364 3885 δύναμις
2382 3828 2398 3845 ’
2422 3816 2686 3884 γυναικὸς
2712 3816 2769 3870 δὲ
2799 3816 2925 3890 πέρι
2952 3821 3186 3885 τοιᾶσδε,
3216 3823 3312 3877 καὶ
3336 3825 3366 3878 ὁ
3406 3826 3720 3898 σοφώτατος

2133 3905 2337 3978 γράφει
2360 3906 2613 3979 Σολομὼν
2632 3925 2645 3939 ·
2670 3925 2689 3960 ι
2714 3908 2826 3981 Τὴν
2872 3913 3132 3980 γυναῖκα,
3160 3913 3285 3985 ἥτις
3316 3915 3433 3971 ἐστὶ
3467 3918 3724 3992 θηρευμα

2130 3997 2231 4055 καὶ
2265 4000 2476 4073 σαγήνη
2496 4000 2694 4072 καρδία
2715 4001 2906 4075 αὐτῆς,
2930 4004 3130 4076 δεσμὸς
3156 4007 3236 4072 είς
3264 4010 3454 4080 χεῖρας
3475 4011 3665 4084 αὐτῆς.
3696 4031 3716 4065 ι

2146 4091 2486 4162 Ἀναγκαίως
2518 4092 2807 4167 τοιγαροῦν
2841 4094 2870 4147 ὁ
2909 4095 3232 4170 νομοθέτης,
3286 4116 3306 4151 ι
3357 4098 3431 4155 Οὐ
3481 4101 3725 4174 βεϐηλὼ-

438 4192 705 4248 fornicari
738 4192 907 4248 facias
950 4208 1093 4259 eam,
1139 4200 1196 4248 et
1225 4207 1337 4247 non
1383 4191 1751 4248 fornicabitur
1797 4203 1965 4249 terra.
2003 4213 2021 4246 ι

2136 4199 2275 4247 σεις⁷
2319 4202 2338 4235 ι
2362 4184 2517 4255 φησὶ,
2540 4203 2559 4237 ι
2592 4182 2693 4257 τὴν
2713 4184 2988 4260 θυγατέρα
3010 4205 3125 4257 σου,
3147 4189 3507 4263 ὲκπορνεῦσαι
3526 4194 3719 4267 αὐτὴν,

439 4284 575 4340 Nam
605 4283 651 4338 si
688 4285 836 4340 nulla
867 4284 1037 4340 fuerit
1063 4284 1309 4351 omnino,
1349 4298 1474 4339 cum
1500 4298 1608 4356 qua
1646 4283 2031 4341 fornicationis

2133 4278 2230 4332 καὶ
2255 4275 2355 4331 οὐκ
2379 4278 2723 4351 ἐκπορνεύσῃ
2745 4282 2778 4351 ή
2800 4280 2893 4351 γῆ.
2927 4299 2945 4333 ι
2973 4282 3049 4336 Οὐ
3071 4282 3181 4354 γὰρ
3211 4282 3380 4357 οὔσης
3406 4284 3565 4359 ὅλως,
3592 4287 3722 4360 περὶ

435 4375 650 4431 crimen
691 4374 1037 4443 admittatur,
1085 4374 1234 4431 haud
1276 4374 1497 4432 difﬁcile
1527 4378 1636 4433 erit
1664 4377 1775 4433 hoc
1822 4378 2031 4431 malum

2133 4367 2203 4439 ἣν
2240 4369 2307 4423 ἂν
2327 4369 2539 4439 γένοιτο
2573 4370 2740 4441 τυχὸν
2758 4370 2861 4443 τῆς
2887 4372 3142 4444 πορνείας
3168 4373 3229 4427 τὸ
3254 4372 3422 4447 ἕγκλη
3432 4393 3528 4447 μα,
3552 4377 3720 4448 χαλε-

433 4465 703 4538 cfl‘ugere,
741 4467 993 4537 quamvis
1036 4467 1307 4538 praacipiti
1346 4466 1417 4524 sit
1449 4467 1724 4539 quispiam
1763 4467 1820 4521 in
1871 4467 2031 4522 volu-

2135 4457 2238 4514 πδν
2269 4460 2421 4516 οὐδὲν
2438 4461 2505 4515 τὸ
2524 4461 2807 4535 διαδράναι
2827 4463 3039 4529 παθεῖν,
3073 4466 3167 4519 καὶ
3193 4465 3250 4519 εί
3264 4466 3340 4539 τῴ
3355 4485 3438 4532 τις
3465 4471 3551 4540 εῖη
3584 4471 3721 4541 πρὸς

440 4569 649 4630 ptatem
676 4557 860 4613 animo
885 4599 900 4625 ,
924 4566 980 4614 et
1001 4558 1069 4613 ad
1112 4559 1485 4615 resistendum
1527 4573 1756 4629 prorsus
1805 4557 2021 4627 ignavo.

438 4650 721 4708 Hactenus
743 4663 866 4703 cum
910 4649 1284 4720 praecepisset,
1312 4658 1376 4704 ut
1415 4648 1610 4704 liberis
1637 4662 1667 4700 a
1702 4646 2028 4716 parentibus

2132 4550 2327 4624 ἡδονὴν
2345 4553 2719 4624 εθπάροιστος.
2742 4555 2838 4609 καὶ
2852 4555 2913 4609 τὸ
2929 4556 3121 4612 άναλκι
3143 4558 3421 4625 παντελῶς
3439 4561 3722 4633 ἀρρωστή-

2122 4657 2235 4706 νσας
2252 4642 2444 4707 ὁνοῦς,
2470 4643 2771 4715 εὐκοσμίαν
2785 4644 2842 4699 δὲ
2857 4646 2957 4717 τὴν
2972 4646 3052 4711 είς
3068 4665 3131 4717 γε
3148 4649 3208 4703 τὺ
3231 4649 3391 4722 σῶμα
3407 4669 3472 4723 τη
3484 4652 3713 4724 ρεῖσθαι.

438 4742 700 4796 honestas
732 4740 983 4812 corporis
1028 4751 1364 4806 servaretur,
1420 4738 1578 4811 24],
1621 4744 1798 4829 morte
1858 4739 2023 4794 etiam

2134 4733 2287 4799 Τέως
2325 4734 2638 4806 προστάξας
2668 4735 2819 4808 παρὰ
2864 4737 2979 4793 τῶν
3021 4740 3276 4814 πατέρων
3320 4745 3434 4809 τοῖς
3468 4745 3714 4814 τέκνοις,

438 4835 657 4897 multat,
710 4833 754 4888 si
790 4833 917 4903 quis
969 4832 1165 4886 iueam
1218 4829 1549 4887 sententiam
1593 4825 1828 4897 venerit,
1855 4837 1915 4884 ut
1955 4829 2024 4886 ad

2133 4825 2353 4896 θανάτῳ
2389 4826 2635 4905 τιμᾶται
2663 4826 2883 4883 καὶτὸν
2936 4832 3016 4895 εἰς
3063 4830 3224 4885 τοῦτο
3257 4832 3405 4888 ίόντα
3448 4836 3667 4910 γνώμη.
3700 4876 3716 4902 ,

436 4924 857 4980 desciscendum
888 4940 919 4979 a
941 4924 1057 4978 Deo
1097 4935 1228 4977 suos
1251 4919 1458 4976 liberos
1497 4917 1763 4988 impellat.
1784 4916 1882 4974 Sic
1923 4935 2024 4975 an—

439 5024 549 5071 tem
574 5015 631 5071 in
654 5014 900 5072 Levitico
924 5013 1192 5083 scriptum
1215 5016 1300 5066 est
1328 5026 1342 5064 :
1376 5009 1474 5064 «Et
1499 5008 1717 5064 locutus
1729 5018 1814 5065 est
1836 5010 2026 5067 Domi-

440 5122 544 5163 nus
576 5107 643 5162 ad
675 5107 931 5178 Moysen,
964 5104 1153 5159 dicens
1210 5119 1224 5156 :
1253 5101 1310 5156 Si
1336 5099 1460 5171 quis
1483 5099 1552 5155 de
1589 5098 1718 5156 ﬁliis
1740 5100 1912 5158 lsrael
1936 5103 2026 5157 vel

439 5199 509 5254 de
534 5199 845 5271 proselytis,
887 5195 981 5268 qui
1015 5191 1349 5249 accesserint
1396 5191 1463 5247 ad
1494 5191 1686 5259 Israel,
1711 5190 1928 5248 dederit
1956 5191 2027 5248 de

440 5296 652 5350 semine
677 5309 778 5349 suo
802 5288 1063 5363 principi,
1088 5296 1264 5343 morte
1287 5287 1558 5345 moriatur
1578 5306 1591 5343 :
1609 5304 1762 5360 gens,
1791 5304 1912 5361 quae
1943 5297 2028 5345 est

442 5381 498 5434 iu
529 5390 674 5435 terra
701 5380 814 5443 illa,
836 5374 1159 5447 lapidabunt
1179 5390 1306 5431 eum
1347 5377 1661 5448 lapidibus;
1690 5385 1747 5433 et
1774 5393 1876 5450 ego
1923 5378 2024 5434 ob-

440 5470 672 5528 firmabo
693 5469 890 5525 faciem
918 5483 1097 5525 meam
1113 5484 1277 5542 super
1302 5470 1583 5527 hominem
1614 5470 1789 5535 illum,
1822 5479 1878 5523 et
1901 5485 2027 5540 per-

2124 4917 2210 4981 ὡς
2235 4917 2317 4979 είς
2344 4916 2647 4972 ἀπόστασιν
2695 4917 2793 4990 τὴν
2830 4921 2938 4975 άπὸ
2968 4918 3104 4976 Θεοῦ
3133 4924 3201 4978 τὰ
3230 4925 3337 4981 τδια
3371 4930 3718 5002 παραῤῥίψαι

2135 5009 2457 5079 γεννήματα
2477 5022 2493 5037 ⁸
2534 5008 2848 5083 γέγραπται
2877 5010 2933 5067 δὲ
2964 5012 3139 5080 οὕτως
3185 5016 3245 5071 ἐν
3276 5016 3354 5090 τῷ
3401 5020 3672 5094 Λευῖτικῷ
3698 5038 3717 5055 ο

2140 5117 2159 5151 ι
2180 5100 2290 5153 Καὶ
2313 5098 2542 5171 ὲλάλησε
2570 5100 2775 5174 Κύριος
2808 5105 2945 5177 πρὸς
2968 5107 3205 5179 Μωσῆν,
3231 5108 3406 5178 λέγων
3430 5127 3444 5143 ⁶
3471 5113 3581 5167 Καὶ
3604 5116 3718 5179 τοῖς

2135 5191 2271 5255 υἱοῖς
2286 5191 2501 5265 Ἰσραὴλ
2526 5192 2779 5265 λαλήσεις
2805 5194 2996 5265 λέγων·
3047 5197 3172 5251 Ἐάν
3198 5215 3282 5264 τις
3310 5200 3419 5255 ἀπὸ
3441 5201 3548 5256 τῶν
3583 5184 3717 5258 υἱῶν

2146 5280 2404 5355 Ἰσραήλ,
2448 5283 2481 5356 ἢ
2522 5283 2633 5339 τῶν
2686 5288 3221 5360 προσγεγενημένων
3258 5291 3617 5362 προσηλύτων
3658 5294 3716 5347 ἐν

2146 5375 2397 5448 Ἰσραὴλ,
2440 5376 2500 5441 ὃς
2533 5377 2599 5431 ἂν
2635 5376 2711 5450 δῷ
2755 5378 2851 5433 τοῦ
2896 5381 3211 5453 σπέρματος
3250 5383 3416 5438 αὑτοῦ
3463 5385 3729 5458 ἄρχοντι,⁴

2130 5469 2351 5542 θανάτῳ
2384 5469 2735 5525 θανατούσθω
2762 5489 2775 5503 ·
2807 5474 2869 5528 τὸ
2896 5473 3048 5538 ἔθνος
3075 5474 3136 5528 τὸ
3177 5477 3270 5529 ἐπὶ
3297 5477 3395 5548 τῆς
3429 5479 3533 5549 γῆς
3569 5477 3715 5533 λιθο-

441 5562 564 5620 dam
586 5577 714 5621 eum
738 5561 805 5617 de
822 5561 1029 5633 populo
1063 5577 1183 5629 suo,
1214 5563 1340 5635 quia
1381 5563 1449 5620 de
1496 5564 1709 5620 semine
1747 5577 1849 5618 suo
1871 5560 2025 5618 dedit

2133 5560 2453 5634 ϐολήσουσιν
2491 5564 2656 5622 αὐτὸν
2701 5567 2759 5622 ἐν
2801 5565 3004 5632 λίθοις⁹
3038 5570 3133 5624 καὶ
3174 5567 3287 5638 ἐγὼ
3319 5569 3605 5642 ἐπιστήσω
3652 5567 3715 5624 τδ

548 5739 589 5773 ⁸¹
627 5739 832 5811 Ephes.
854 5758 925 5809 vr,
973 5743 1025 5797 4.
1103 5744 1145 5776 ³²
1171 5742 1345 5799 Levit.
1372 5759 1484 5810 xxx,
1510 5743 1599 5799 29.
1644 5744 1688 5777 ³³
1712 5742 1894 5799 Eccle.
1920 5742 2118 5810 “1,97.
