4104 6436
381 279 499 342 517

382 395 687 469 πρόσωπόν
722 412 825 468 μου
852 395 944 452 ἐπὶ
972 397 1064 452 τὸν
1089 398 1375 471 ἄνθρωπον
1409 404 1638 470 ἐκεῖνον,

360 488 553 543 eam
589 489 657 545 ἐκ
682 487 780 542 τοῦ
812 488 943 543 λαοῦ
977 489 1177 556 αὑτοῦ,
1206 491 1288 545 ὃτι
1326 491 1423 547 τοῦ
1469 492 1787 566 σπέρματος
1817 494 1985 548 αὐτοῦ

376 582 591 638 ἔδωκεν
644 583 904 654 ἄρχοντι,
940 583 1029 638 ἳνα
1060 584 1225 656 μιάνῃ
1261 584 1331 641 τὰ
1362 585 1498 657 ἆγιά
1532 604 1658 658 μου,
1694 589 1790 643 καὶ
1820 587 1987 661 βεὸηο

374 674 533 745 λώσῃ
573 674 637 729 τὸ
666 674 843 745 ὄνομα
870 675 979 729 τῶν
1004 677 1359 748 ἡγιασμένων
1394 696 1508 749 μοι.
1551 697 1573 733 ο

450 767 669 823 ΠΑΛΛ.
723 765 993 838 Ἀμυδρὸς
1040 769 1068 821 ὁ
1101 769 1288 840 νόμος.
1337 771 1411 825 Οὐ
1458 769 1570 844 γὰρ
1618 772 1855 844 ἐναργές
1897 790 1986 828 πω

377 858 535 928 μάλα
575 859 638 914 τὸ
669 860 723 913 τί
772 860 840 917 ἂν
880 860 1124 931 βούλοιτο
1169 862 1390 935 δηλοῦν.
1444 864 1716 935 Διασάφει
1750 864 1820 937 δὴ
1866 860 1984 920 οὖν·

375 952 609 1023 δράσεις
632 951 744 1024 γὰρ
778 951 978 1022 ὀρθῶς.

450 1048 622 1103 ΚΥΡ.
648 1047 940 1105 Μωαϐῖται
963 1048 1058 1103 καὶ
1083 1047 1433 1120 Μαδιηναῖοι,
1458 1046 1783 1118 Γεργεσαῦοί
1807 1062 1868 1101 τε
1890 1045 1984 1102 καὶ

386 1140 717 1211 Ἀγαρηνοὶ,
763 1140 860 1194 καὶ
913 1139 1212 1211 βαρϐάρων
1260 1140 1435 1212 -ἓτερα
1491 1139 1633 1194 ἄττα
1668 1138 1804 1211 γένη
1833 1175 1850 1202 ,
1882 1137 1984 1210 τὴν

387 1233 679 1289 Ἰουδαίων
719 1233 1124 1306 προσοικοῦντα
1154 1233 1340 1305 χώραν
1366 1272 1382 1299 ,
1414 1230 1596 1287 ἔθεσιν
1639 1231 1985 1287 ἐπολιτεύετο

369 1330 494 1391 τοῖς
527 1326 886 1399 Ἑλληνικοῖς,
921 1327 1016 1383 καὶ⁸
1039 1321 1108 1397 ἦν
1137 1325 1356 1397 ἑκάστῳ
1383 1323 1654 1397 θρησκεία
1678 1323 1742 1380 τὸ
1766 1322 1981 1389 δοκοῦν,

373 1420 480 1474 καὶ.
516 1420 581 1474 τὸ
610 1422 691 1483 είς
725 1418 853 1473 νοῦν
880 1414 1019 1491 ἧκον
1067 1416 1258 1482 ἁπλῶς
1278 1457 1293 1482 ,
1323 1415 1705 1490 προσκύνησις
1755 1416 1851 1472 καὶ
1888 1416 1985 1472 λα-

371 1508 541 1580 τρεία
564 1525 577 1538 ·
615 1509 834 1580 ἀσφαλῆ
872 1508 931 1562 δὲ
963 1508 1121 1563 οῦπω
1169 1508 1265 1563 καὶ
1307 1507 1719 1580 ἐρηρεισμένην
1765 1506 1982 1578 ἔχοντες

368 1600 482 1671 τὴν
513 1599 756 1653 διάνοιαν
783 1600 863 1663 εἰς
895 1599 1173 1670 φιλοθεΐαν
1201 1602 1252 1653 οἱ
1283 1598 1345 1665 ἐξ
1379 1598 1619 1671 Ἰσραὴλ,
1652 1597 1849 1671 κομιδῇ
1882 1598 1982 1670 μὲν

367 1686 518 1763 ἦσαν
560 1691 914 1762 εὐπάροιστοι
940 1692 1078 1763 πρὸς
1108 1689 1435 1755 ἀπόστασιν,
1470 1687 1688 1747 εὔκολοι
1715 1686 1773 1742 δὲ
1807 1686 1981 1751 οὕτως

369 1787 456 1847 εἰς
482 1783 793 1855 ἀποφορὰν,
830 1784 905 1848 ὡς
930 1782 1180 1855 ἡγεῖσθαι
1214 1784 1347 1855 παρ’
1368 1782 1523 1837 οὐδὲν
1548 1780 1612 1834 τὸ
1643 1780 1741 1835 καὶ
1768 1781 1976 1845 αὐτοῖς,

364 1879 420 1930 εἰ
446 1875 624 1946 τύχοι,
654 1878 983 1947 προσκυνεῖν
1018 1878 1130 1940 τοῖς
1157 1875 1266 1928 τῶν
1292 1876 1511 1947 ὁμόρων
1534 1872 1699 1938 θεοῖς,
1731 1874 1827 1929 καὶ
1852 1889 1984 1928 συν-

360 1969 595 2023 ελέσθαι
637 1972 815 2022 νοσεῖν
860 1970 974 2032 τοῖς
1014 1968 1221 2038 γείτοσι
1269 1967 1368 2038 τὴν
1418 1965 1631 2023 ἀνωθεν
1683 1983 1745 2023 τε
1785 1968 1883 2020 καὶ
1919 1966 1981 2021 ὲν

366 2061 640 2132 Αἰγύπτῳ
674 2060 963 2132 πλάνησιν.
996 2044 1108 2116 καὶ
1124 2059 1258 2131 γοῦν
1285 2062 1407 2124 ταῖς
1440 2061 1506 2114 ἐκ
1535 2058 1769 2132 Μαδιάμ
1801 2059 1981 2113 νεανιε-

370 2174 460 2210 σιν
492 2155 861 2228 ἐπεμαίνοντό
891 2172 1024 2211 ποτε
1048 2195 1065 2222 ,
1092 2156 1188 2209 καὶ
1215 2154 1455 2225 γυναίων
1480 2154 1656 2227 ὥραις
1697 2170 1981 2225 συνηρπα-

376 2251 593 2320 σμένοι.
629 2249 1103 2304 συνεπεκαλοῦντο
1135 2249 1319 2313 αὐτοῖς
1350 2248 1445 2303 τδν
1482 2248 1828 2322 Βεελφεγώρ.
1865 2248 1978 2303 Ἐν-

364 2344 568 2398 τεῦθεν
599 2346 627 2397 ὁ
649 2344 951 2416 νομοθέτης
980 2341 1406 2416 προαναθρήσας
1432 2339 1493 2396 εὖ
1524 2342 1671 2413 μάλα
1696 2341 1759 2397 τὸ
1782 2341 1981 2413 σαθρόν

364 2456 433 2491 τε
470 2439 570 2491 καὶ
614 2436 1006 2491 εὑδιάκλαστον
1052 2436 1155 2507 τῆς
1198 2435 1431 2507 ἐνούσης
1478 2437 1665 2501 αὐτοῖς
1695 2437 1979 2503 διανοίας,

358 2532 639 2603 ἀπέφησε
674 2531 956 2596 παντελῶς
999 2532 1101 2603 τὴν
1148 2532 1280 2603 πρὸς
1312 2531 1630 2605 ἀλλοτρίους
1674 2532 1979 2603 ἐπιμιξίαν,

374 2625 702 2695 σαφέστατα
746 2625 959 2694 λέγων’
1003 2625 1174 2697 ‹,Τὴν
1223 2625 1509 2697 θυγατέρα
1560 2644 1654 2681 σου
1690 2628 1749 2683 οὑ
1784 2627 1982 2692 δώσεις

354 2720 451 2790 ’τῷ
483 2720 587 2791 υἱῷ
608 2719 802 2784 αὑτοῦ,
840 2719 935 2777 καὶ
964 2719 1065 2790 τὴν
1106 2719 1385 2790 θυγατέρα
1422 2719 1591 2775 αὐτοῦ
1625 2722 1688 2775 οὐ
1723 2721 1871 2795 λήψῃ
1905 2720 1983 2793 τῷ

354 2811 477 2884 ὐἱῷ
504 2829 602 2866 σου
628 2827 643 2842 ·
680 2813 987 2883 ἀποστήσει
1019 2812 1131 2883 γὰρ
1157 2812 1249 2866 τὸν
1284 2811 1401 2866 υἱόν
1430 2829 1526 2867 σου
1554 2812 1650 2867 ἀπ’
1688 2812 1850 2884 ἐμοῦ,
1880 2813 1980 2868 καὶ

368 2904 668 2979 πορευθεὶς
685 2904 978 2977 λατρεύσει
995 2905 1137 2968 θεοῖς
1159 2904 1390 2976 ἑτέροις.
1416 2924 1434 2957 ι
1470 2904 1692 2977 Ἐπειδὴ
1709 2906 1887 2961 τοίνυν
1912 2902 1981 2977 ἦν

370 2999 438 3071 δή
462 3015 569 3052 που
590 2998 831 3063 πάντως,
854 2998 950 3052 καὶ
970 2996 1114 3070 μάλα
1137 2997 1387 3062 εἰκότως,
1407 2995 1517 3051 τῶν
1536 2994 1595 3061 ἐξ
1624 2998 1845 3072 Ἰσραὴλ
1866 2998 1983 3053 ἑλέ*

1109 281 1198 338 DE
1236 281 1685 341 ADOBATIONE
1724 281 1793 341 1N
1825 280 1980 342 SPIR

2082 287 2104 344 J'
2140 286 2229 345 ΕΤ
2272 286 2645 348 νΕιιιτΑΤΕ.
2684 287 2814 348 LIB.
2858 286 2969 351 VII.

3578 295 3686 356 518

1675 405 1770 457 καὶ
1799 404 1986 504 bim?
2017 416 2058 468 Α
2091 428 2349 501 principi,
2380 442 2442 488 ut
2462 433 2740 503 pollueret
2763 440 2952 487 sancta
2978 445 3122 498 mea,
3154 438 3210 487 et
3240 431 3558 504 profanare!
3585 449 3690 492 no—

2090 537 2216 578 men
2262 525 2734 583 sanctiﬁcatorum
2762 525 2987 581 mihi".
3036 545 3056 579 θ

2158 772 2358 847 PALL.
2391 791 2646 849 Obscura
2675 794 2796 851 hac
2825 788 3053 862 estlex;
3076 810 3257 865 neque
3285 794 3434 850 enim
3472 803 3555 850 est
3595 796 3690 851 ad-

2021 920 2029 933 ,
2086 885 2199 940 huc
2222 885 2358 941 satis
2374 886 2752 957 perspicuum,
2777 889 2911 957 quid
2938 888 3044 944 sibi
3081 889 3218 943 velit
3244 905 3256 941 :
3294 888 3444 943 illam
3468 904 3602 960 ergo
3643 889 3688 943 si

2085 975 2408 1046 explicabis,
2435 977 2644 1046 optime
2667 975 2888 1032 feceris.

2157 1067 2318 1124 (ΠΗ.
2346 1068 2601 1125 Moabitae
2624 1077 2682 1125 et
2698 1069 3030 1136 Madianitae,
3055 1070 3327 1142 Gergesaai
3349 1080 3406 1127 et
3429 1073 3691 1143 Agareni,

2084 1170 2143 1220 et
2165 1164 2445 1220 nonnullae
2468 1164 2589 1220 aliae
2611 1164 2865 1221 barbarae
2904 1166 3176 1231 nationes,
3210 1182 3335 1236 quae
3370 1167 3689 1224 Iudaeorum

2085 1271 2371 1328 regionem
2399 1256 2739 1323 incolebant,
2768 1257 3022 1313 moribus
3070 1272 3136 1313 ac
3179 1258 3291 1312 ritu
3318 1260 3510 1330 gentili
3537 1261 3689 1315 vive-

2085 1345 2242 1413 bant,
2265 1354 2324 1401 et
2369 1361 2490 1401 eam
2540 1348 2869 1419 religionem
2931 1349 3169 1417 quisque
3224 1349 3690 1418 amplectebatur,

2084 1453 2209 1509 quae
2229 1439 2335 1495 sibi
2360 1440 2661 1510 placuisset
2689 1458 2702 1494 :
2729 1448 2786 1495 et
2806 1441 2954 1511 quod
2989 1441 3192 1511 cuique
3220 1449 3429 1497 temere
3457 1443 3512 1496 in
3539 1458 3692 1496 men-

2086 1537 2197 1585 tem
2222 1531 2491 1597 venisset,
2519 1530 2575 1586 id
2620 1530 2893 1587 adorabat
2917 1540 3083 1603 atque
3121 1532 3363 1588 colebat.
3394 1533 3534 1589 Cum
3559 1550 3691 1589 vero

2085 1619 2183 1676 filii
2212 1621 2381 1677 Israel
2404 1622 2463 1677 in
2488 1622 2586 1678 Dei
2626 1638 2816 1678 amore
2861 1622 3109 1678 nondum
3144 1626 3393 1679 animum
3438 1625 3573 1679 satis
3599 1626 3691 1679 tir-

2086 1731 2237 1770 nium
2267 1731 2332 1771 ac
2368 1715 2630 1771 stabilem
2654 1716 2956 1782 haberent,
2984 1718 3053 1772 ad
3080 1718 3366 1788 apostasia
3390 1718 3691 1773 admodum

2082 1808 2363 1881 proclives
2384 1816 2566 1875 erant,
2588 1815 2649 1865 et
2695 1809 2764 1865 ad
2786 1809 3159 1867 defectionem
3206 1812 3349 1865 adeo
3392 1809 3605 1875 faciles,
3630 1819 3693 1866 ut

2083 1915 2189 1971 pro
2224 1901 2402 1957 nihilo
2425 1901 2696 1958 ducerent
2723 1903 2873 1973 ipsos
2896 1918 3118 1974 quoque
3144 1903 3513 1958 finitimarum
3560 1919 3693 1973 gen-

2084 1993 2225 2047 tium
2260 1993 2397 2050 deos
2422 1994 2679 2061 adorare,
2702 2004 2759 2050 et
2784 1996 2949 2051 simul
2976 2012 3102 2051 cum
3138 1996 3342 2051 vicinis
3367 1997 3692 2052 nationibus

2082 2086 2296 2141 erroris
2320 2087 2442 2157 ejus
2465 2087 2663 2142 morbo
2691 2089 3078 2154 succumbere,
3105 2104 3216 2158 quo
3244 2089 3524 2159 superiori
3550 2098 3692 2143 tem-

2078 2194 2219 2250 pere
2254 2180 2313 2234 in
2344 2178 2577 2251 Egypto
2627 2180 3040 2246 laboraverant,
3084 2181 3277 2251 itaque
3333 2189 3445 2235 tam
3492 2181 3690 2236 insano

2083 2286 2271 2327 amore
2321 2273 2599 2343 quondam
2653 2273 2709 2327 in
2768 2273 3195 2328 Madianitarum
3248 2272 3691 2327 adolescentulas

2085 2372 2435 2429 exarserunt,
2484 2372 2565 2430 ut,
2618 2364 3074 2419 muliercularum
3119 2365 3297 2420 forma
3324 2363 3493 2433 capti,
3522 2363 3689 2418 simul

2080 2456 2251 2511 etiam
2272 2471 2402 2511 cum
2428 2455 2539 2511 illis
2570 2456 2914 2526 Beelphegor
2957 2457 3320 2511 invocarent:
3365 2454 3495 2511 inde
3519 2455 3688 2525 legis‘

2083 2548 2249 2612 lator,
2286 2563 2412 2603 cum
2439 2563 2634 2602 eorum
2659 2548 2831 2601 animi
2857 2547 3294 2602 imbecillitatem
3339 2563 3404 2602 ac
3427 2545 3693 2615 fragilitav

2080 2649 2196 2696 tem
2235 2640 2670 2712 prudentissime
2698 2640 3069 2711 prospiceret,
3111 2639 3401 2696 interdixit
3435 2640 3690 2705 omnino,
3752 2694 3761 2705 ,

2079 2750 2154 2791 ne
2182 2750 2307 2790 eum
2351 2732 2679 2804 alienigenis
2716 2732 3111 2799 miscerentur,
3146 2740 3312 2803 atque
3342 2731 3692 2803 apertissime

2080 2827 2296 2883 edixit:
2330 2845 2351 2877 ‹
2384 2826 2577 2881 Filiam
2604 2834 2753 2880 tuam
2776 2841 2887 2881 non
2911 2825 3073 2881 dabis
3099 2824 3213 2880 ﬁlio
3236 2825 3407 2887 illius,
3435 2831 3491 2879 et
3522 2822 3694 2877 tiliam

2080 2921 2234 2977 illius
2280 2935 2394 2974 non
2444 2919 2685 2990 accipies
2718 2918 2833 2974 filio
2888 2927 3028 2974 tuo:
3070 2927 3285 2974 avertet
3319 2919 3468 2973 enim
3519 2915 3693 2971 filium

2086 3023 2242 3069 tuum
2268 3028 2297 3066 a
2323 3027 2433 3077 me,
2452 3019 2509 3066 et
2531 3011 2741 3066 vadens
2764 3010 2971 3068 serviet
2992 3010 3101 3067 diis
3127 3010 3328 3066 alienis
3343 3011 3409 3064 ³⁸.
3446 3028 3463 3062 ι
3497 3010 3691 3082 Igitur,

370 3093 502 3148 σθαι
516 3092 692 3158 τινὰς.
709 3094 823 3156 τοῖς
845 3090 955 3146 τῶν
978 3089 1152 3144 ἐθνῶν
1165 3090 1654 3163 περιφανεστέροις
1671 3093 1980 3163 κατεγγυᾷν

2085 3106 2349 3177 quoniam
2370 3120 2472 3160 usu
2509 3112 2739 3160 venerat
2771 3104 3027 3171 fortasse,
3078 3104 3226 3175 quod
3264 3103 3566 3159 verisimile
3590 3103 3693 3158 ad-

371 3188 683 3260 θυγατέρας
715 3186 932 3257 πλούτῳ
954 3202 1262 3257 σεσαγηνευ
1273 3184 1462 3257 μένας,
1492 3184 1572 3248 εἷς
1602 3202 1667 3254 γε
1693 3184 1755 3239 τὸ
1776 3185 1974 3257 χρῆναι

362 3279 692 3351 λογίζεσθαι
731 3280 863 3352 παρ’
894 3279 1047 3333 οὐδὲν
1069 3278 1170 3350 τὴν
1199 3277 1532 3342 ἀπόστασιν.
1562 3275 1736 3347 ὀργὴν
1758 3278 1859 3332 καὶ
1882 3278 1974 3331 τὸν

371 3373 609 3431 θάνατον
655 3371 942 3444 καθορίζει
988 3371 1085 3427 τοῦ
1115 3369 1467 3441 τολμήματος
1489 3411 1504 3435 ,
1539 3370 1635 3424 καὶ
1679 3372 1792 3432 τοῖς
1843 3369 1977 3440 περὶ

368 3461 483 3517 τῶν
522 3462 775 3533 ἐσχάτων
804 3461 1075 3533 ὑποφέρει
1108 3460 1290 3528 λόγοις
1331 3460 1430 3532 τὴν
1477 3463 1699 3534 γραφήν
1725 3479 1737 3491 ·
1768 3456 1835 3533 ἦν
1866 3460 1975 3533 γὰρ

360 3556 678 3624 ἀναγκαῖον
709 3554 810 3624 τὴν
843 3553 1128 3622 ἀλλογενεῖ
1165 3551 1439 3620 δοθεῖσαν,
1465 3552 1726 3622 γενέσθαι
1748 3554 1843 3609 καὶ
1867 3554 1979 3607 ἑτε-

374 3645 637 3719 ρόιρρονα,
675 3644 770 3698 καὶ
798 3641 1096 3714 λατρεῦσαι
1119 3640 1374 3712 δαίμοσιν
1391 3658 1403 3669 ·
1426 3641 1505 3706 ὡς
1530 3640 1767 3713 ὀλετῆρα
1783 3640 1850 3713 δὴ
1883 3636 1977 3697 οὖν

369 3737 468 3793 τοῦ
503 3734 645 3792 ἰδίου
670 3734 916 3807 καρποῦ,
936 3737 1058 3799 ταῖς
1085 3735 1403 3807 ἰσορρόποις
1428 3734 1754 3806 ὑπέστρωσε
1772 3734 1976 3799 δίκαις.

360 3828 588 3883 Οὐκοῦν
613 3829 651 3899 ἡ
687 3827 787 3899 μὲν
814 3827 939 3900 ίερά
960 3844 1022 3880 τε
1045 3826 1145 3883 καὶ
1175 3826 1273 3882 νέα
1317 3825 1514 3899 Γραφὴ
1540 3830 1833 3900 παρεγγυᾷ
1864 3831 1978 3895 τοῖς

364 3920 655 3993 φύσωσιν,
704 3921 767 3975 ἐν
792 3920 1061 3993 νουθεσίᾳ,
1081 3920 1292 3992 Κυρίου
1329 3919 1610 4001 ποιεῖσθαι
1650 3919 1979 3987 σπουδάζειν

371 4016 471 4080 τάς
492 4014 603 4069 τῶν
623 4014 834 4070 τέκνων
866 4013 1205 4089 ἀνατροφὰς,
1235 4014 1265 4066 ὁ
1289 4012 1347 4068 δὲ
1366 4011 1793 4086 βραδύγλωσσος
1816 4014 1981 4085 νόμος

366 4109 460 4162 διὰ
491 4106 698 4164 κύκλου
729 4108 826 4164 καὶ
872 4109 1181 4181 περιφορᾶς
1236 4107 1337 4181 τὴν
1363 4108 1538 4179 αὐτὴν
1574 4108 1805 4163 εἴσεισιν
1833 4108 1976 4165 ὁδόν»

370 4200 448 4254 Τὸ
481 4202 593 4272 γάρ
625 4217 712 4257 τοι
754 4199 834 4273 μὴ
868 4201 1074 4274 χρῆναι
1102 4200 1351 4273 πατέρας
1389 4200 1730 4273 θυγατράσιν
1768 4202 1981 4271 ἐφεῖναι

368 4292 509 4366 δρᾷν
541 4292 613 4347 τά
663 4294 745 4357 εἰς
783 4293 1123 4367 αἰσχρότητα
1155 4294 1251 4349 καὶ
1283 4294 1577 4364 ἀσέλγειαν
1608 4293 1981 4364 πῳεπιτάξας

372 4381 432 4440 εὖ
469 4385 618 4457 μάλα
642 4427 657 4452 ,
687 4386 797 4441 δεῖν
837 4386 902 4458 δὴ
935 4385 1017 4441 ἐτι
1078 4388 1173 4441 καὶ
1221 4386 1363 4459 μετὰ
1393 4386 1555 4441 τοῦτό
1593 4403 1728 4458 φησι
1778 4386 1852 4441 τά
1900 4387 1983 4450 είς

2083 3197 2310 3252 modum
2327 3204 2430 3261 est,
2456 3202 2517 3250 ut
2541 3194 2794 3251 nonnulli
2819 3211 2887 3251 ex
2913 3196 3106 3261 Israel,
3135 3195 3455 3250 divitiarum
3474 3195 3694 3265 cupidi-

2084 3296 2195 3344 tate
2221 3288 2446 3353 irretiti,
2477 3286 2812 3358 quibusdam
2850 3287 3017 3344 claris
3042 3287 3177 3341 viris
3213 3270 3516 3357 gentilibus
3553 3288 3695 3343 tilias

2084 3382 2516 3454 desponderent,
2542 3383 2681 3438 adeo
2706 3390 2767 3437 ut
2801 3382 3082 3452 apostasia
3115 3391 3280 3452 atque
3308 3381 3482 3436 divini
3512 3381 3696 3437 cultus

2082 3477 2459 3534 desertionem
2482 3492 2585 3548 pro
2627 3477 2807 3532 nihilo
2857 3483 3147 3547 putarent;
3195 3475 3322 3531 ideo
3364 3475 3597 3529 multam
3640 3483 3697 3530 et

2083 3570 2283 3641 capitis
2299 3568 2635 3639 supplicium
2662 3568 2795 3623 huic
2826 3567 3061 3623 tacinori
3104 3567 3420 3632 constituit,
3466 3574 3523 3622 et
3565 3582 3695 3638 gra-

2084 3662 2328 3719 vissimis
2349 3661 2532 3733 ρωηίε
2555 3661 2781 3734 subiicit
2822 3661 2931 3717 hoc
2968 3661 3185 3717 crimen
3212 3678 3225 3715 :
3267 3660 3431 3732 242
3462 3676 3695 3716 necesse

2086 3759 2237 3814 enim
2266 3766 2390 3814 erat
2415 3756 2741 3829 alienigenae
2769 3757 2826 3811 in
2876 3755 3301 3812 matrimonium
3340 3754 3693 3819 collocatam,

2085 3852 2252 3908 aliam
2278 3866 2500 3922 quoque
2524 3857 2768 3905 mentem
2797 3848 3052 3916 induere,
3079 3856 3136 3904 et
3160 3847 3452 3903 daemoniis
3482 3846 3694 3901 cultum

2086 3943 2354 3999 exhibere
2382 3960 2395 3996 :
2422 3941 2659 4012 ideoque
2687 3939 2922 4011 perinde
2946 3955 3012 3995 ac
3035 3940 3121 3995 sui
3156 3938 3375 3993 fructus
3397 3946 3694 4009 corrupto-

2085 4048 2205 4089 rem
2230 4048 2297 4088 ac
2310 4032 2652 4104 perditor-em
2674 4030 2900 4086 easdem
2927 4045 3121 4101 pot-nas
3144 4029 3334 4085 subire
3357 4029 3558 4100 coegit.
3586 4030 3696 4099 lgi-

2088 4132 2180 4179 tur
2216 4137 2374 4179 sacra
2430 4134 2684 4192 novaque
2726 4121 3014 4192 Scriptura
3057 4119 3310 4191 praecipit
3341 4108 3692 4191 parentibus,

2086 4225 2151 4272 ut
2182 4216 2246 4270 in
2289 4213 2585 4286 disciplina
2613 4214 2833 4269 Domini
2866 4211 3077 4268 libems
3108 4211 3351 4268 educare
3395 4211 3690 4278 studeant;

2088 4309 2179 4365 te:
2226 4322 2362 4364 vero
2397 4306 2782 4377 tardiloquens
2824 4320 2927 4376 per
2974 4304 3273 4361 circuitum
3316 4310 3376 4359 et
3421 4299 3695 4359 ambitum

2092 4401 2346 4458 eamdem
2370 4400 2516 4455 viam
2555 4399 2758 4471 pergit.
2806 4399 2946 4454 Nam
2971 4413 3099 4454 cum
3134 4398 3291 4469 prius
3317 4396 3602 4464 edixisset,
3624 4413 3696 4456 nc

369 4478 712 4571 θεογνωσίαν
751 4479 946 4545 αὐταῖς
979 4478 1257 4534 ἀσάλευτα
1306 4482 1501 4552 τηρεῖν
1522 4519 1541 4546 ,
1587 4479 1683 4532 καὶ
1726 4477 1976 4551 βεϐήλοις

2082 4499 2343 4566 parentes
2369 4490 2763 4562 permitterent
2786 4489 3018 4571 filiasea
3030 4490 3238 4556 facere,
3271 4504 3395 4561 qua:
3417 4489 3490 4545 ad
3521 4492 3697 4560 ειη-νίς

368 4559 897 4644 “Stoloni-deﬁat;
927 4572 1031 4627 οὐκ
1061 4573 1157 4659 ἐᾷν
1182 4571 1586 4638 ἐναλίσκεσθαι,
1606 4570 1717 4625 κᾶν
1732 4572 1788 4624 εί
1812 4568 1982 4642 πολλή

2084 4583 2343 4639 tudinem
2365 4591 2419 4638 et
2440 4581 2923 4653 intemperantiam
2936 4581 3308 4652 pertinerent,
3332 4587 3449 4635 tum
3472 4586 3698 4652 pueror-

367 4678 456 4726 τις
488 4662 686 4731 αὑταῖς
718 4662 1009 4734 προκέοιτο
1027 4664 1322 4736 περιουσία
1340 4663 1669 4736 χρημάτωνο
1700 4662 1858 4735 ἀνδρὶ
1878 4662 1980 4735 μὲν

2088 4688 2159 4729 ea
2196 4673 2381 4743 inquit
2425 4686 2570 4744 opus
2618 4687 2743 4727 esse
2783 4680 2845 4728 ut
2898 4672 2998 4727 Dei
3050 4686 3280 4743 quoque
3319 4671 3695 4742 cognitionem

369 4756 487 4827 γὰρ
509 4754 816 4823 ἀλλογενεῇ
850 4755 1095 4827 πλουσίῳ
1115 4755 1164 4809 δ’
1192 4750 1285 4813 οὖν
1309 4756 1483 4826 ὅμως,
1503 4754 1657 4826 νόμῳ
1679 4753 1775 4809 τοῦ
1798 4755 1979 4826 γάμου

2090 4763 2307 4819 ﬁrmam
2332 4763 2441 4820 illis
2469 4773 2526 4819 et
2550 4764 2834 4821 immotam
2876 4771 3122 4827 servent,
3164 4756 3350 4834 neque
3378 4776 3478 4819 eas
3506 4764 3697 4819 sinant

371 4847 812 4921 τυνεζευγμένη,
838 4844 929 4920 ἆρ’
956 4850 1081 4921 οὐχὶ
1101 4849 1263 4904 τοῦτό
1288 4851 1406 4903 ἐστι
1430 4848 1527 4915 τὸ,
1564 4866 1583 4899 ι
1611 4846 1676 4903 Τί
1699 4847 1809 4920 γὰρ
1834 4848 1980 4917 ὤτρυ-

2086 4854 2340 4926 profanis
2363 4855 2639 4911 idolorum
2663 4854 2910 4910 cultibus
2935 4854 3241 4925 implicari;
3266 4855 3523 4925 quamvis
3548 4856 3696 4910 mul-

370 4941 677 5014 manu:
723 4939 1015 5011 ἀνθρωσως
1050 4939 1146 4995 ἐὰν
1170 4940 1265 5009 τὸν
1300 4939 1513 5010 κόσμον
1542 4938 1665 4995 ὅλον
1713 4938 1980 5012 κερδήσῃ,

2090 4953 2164 5003 ιω
2209 4945 2323 5001 sint
2360 4946 2473 5002 illis
2503 4946 2679 5017 copim
2716 4953 2893 5015 atque
2936 4957 3074 5016 opes
3114 4944 3435 5017 proposita,
3489 4946 3536 4999 si
3567 4954 3695 4999 cum

371 5036 479 5105 τὴν
505 5033 565 5087 δὲ
585 5032 767 5106 ψυχὴν
805 5032 975 5089 αὐτοῦ
1004 5032 1259 5106 ζημιωθῇ
1286 5051 1302 5101 ;
1342 5052 1366 5085 ο

2091 5035 2217 5093 vico
2246 5036 2558 5109 alienigena
2597 5036 2847 5108 quidem,
2876 5044 3078 5091 verum
3124 5034 3319 5100 divite,
3368 5035 3694 5105 nuptiarum

375 5130 500 5199 lege
543 5127 986 5197 conﬂigam;
1035 5141 1222 5182 nonne
1279 5126 1389 5182 hoc
1429 5124 1568 5182 illud
1605 5134 1734 5182 est:
1779 5144 1799 5178 ι
1829 5124 1973 5195 Quid
2011 5127 2165 5189 enin
2186 5128 2419 5201 prodest
2462 5130 2701 5198 homini,
2740 5130 2788 5188 si
2834 5130 3169 5190 universum
3201 5122 3698 5188 mundum‘tueré'

377 5227 493 5284 tur,
517 5217 718 5277 auium
753 5233 887 5274 vero
932 5233 1047 5277 sua
1093 5218 1488 5276 detrimentum
1533 5217 1777 5290 patiatur
1806 5217 1947 5273 ’5‘?»
3450 5234 3451 5239 π

448 5312 666 5371 ΠΔΛΔ,
702 5311 911 5384 Ὀρθῶς
927 5310 1089 5383 ἔφης.

451 5405 620 5458 ΚΥΡ.
657 5404 848 5459 Ἴδοιδ’
880 5404 946 5458 ἀν
975 5422 1080 5470 τις,
1122 5403 1218 5458 καὶ
1271 5403 1418 5475 μάλα
1451 5402 1675 5477 ῥᾳδίως,
1708 5402 1791 5473 ob,
1803 5401 1980 5477 βραχὺ

2154 5406 2320 5463 .CYR.
2344 5406 2691 5462 Facillimum
2726 5415 2815 5462 est
2839 5415 3024 5463 autem
3046 5406 3226 5464 cuivis
3250 5405 3320 5462 ad
3346 5406 3693 5480 perspicien-

376 5497 440 5552 τὸ
490 5496 861 5568 μεσολαϐοῦν,
908 5499 1022 5560 τοῖς
1048 5513 1109 5549 τε
1138 5497 1197 5549 ἐν
1226 5495 1449 5568 Χριστῷ
1495 5495 1942 5567 δεδικαιωμένοις
1962 5539 1977 5564 ,

2090 5495 2247 5563 dum,
2286 5512 2399 5551 non
2456 5512 2650 5567 parum
2687 5495 2957 5554 interesse
2997 5497 3146 5554 inter
3184 5512 3304 5564 eos,
3329 5499 3423 5570 qui
3468 5507 3598 5554 sunt
3634 5498 3693 5554 in

380 5590 473 5646 xei
516 5592 630 5655 τοῖς
676 5589 765 5642 διὰ
798 5590 967 5661 νόμου
1018 5588 1582 5661 παιδαγωγουμένοις.
1617 5589 1690 5643 Τὸ
1731 5588 1833 5660 μὲν
1869 5588 1979 5661 γὰρ

2088 5586 2309 5644 Christo
2330 5577 2637 5662 justificati,
2654 5596 2712 5645 et
2735 5604 2833 5646 eos
2853 5593 2950 5661 qui
2972 5604 3072 5663 per
3086 5590 3265 5663 legem
3287 5591 3687 5649 instituuntur:

2163 5313 2366 5370 PALL.
2410 5315 2584 5370 Recte
2606 5312 2766 5373 dicis.

502 5771 544 5802 ⁵⁸
569 5770 747 5829 chit.
777 5788 867 5838 xx,
888 5770 1011 5839 1,2.
1100 5772 1171 5843 _”
1203 5771 1361 5828 Deut.
1392 5786 1485 5837 vn,
1522 5771 1578 5838 5,
1609 5771 1663 5826 4.
1742 5768 2028 5826 "‘Matth.
2068 5785 2173 5828 xvi,
2209 5768 2297 5825 26.
