4104 6466
413 311 527 368 819

1447 300 1506 359 S.
1548 295 1827 358 CYRILLI
1867 287 2343 352 ALEXANDRINI
2381 287 2702 352 ARCHIEP.

3594 289 3708 349 i520

422 441 552 481 nam
595 439 722 480 cum
765 421 974 478 exteris
1012 419 1270 492 gentibus
1307 417 1548 481 conseri,
1584 424 1650 472 'et
1699 414 1862 469 simul
1887 427 2014 468 eum

2118 410 2348 474 ὀθνείοις
2383 409 2774 464 ὲπιπλέκεσθαί
2825 426 2986 476 τισιν,
3028 407 3191 481 ὁμόσε
3227 423 3283 460 τε
3331 404 3474 460 κατὰ
3509 404 3708 458 ταύτὸν

421 515 749 588 alienigenis
789 514 1109 578 convenire,
1151 510 1352 582 priscis
1400 509 1512 565 illis
1555 505 1877 562 hominibus
1905 520 2016 559 non

423 608 650 680 impune
683 606 866 661 licuit:
915 602 1079 659 nobis
1135 611 1321 656 autem
1359 599 1566 656 Paulus
1608 597 1807 652 melius
1853 604 2017 666 atque

422 697 791 754 conﬁdentius
834 695 1132 750 vivendum
1171 707 1293 749 esse
1353 691 1592 756 suadet,
1639 689 1872 744 dicens:
1910 706 1928 738 ι
1961 685 2016 742 Si

424 789 550 858 quis
572 788 658 842 vir
693 801 919 842 uxorem
943 785 1111 840 habet
1159 783 1458 848 inﬁdelem,
1503 789 1561 838 et
1590 781 1708 836 haec
1745 777 2020 835 consentit

424 881 676 936 habitare
702 893 831 935 cum
883 878 1026 950 ipso,
1076 892 1189 932 non
1225 876 1470 932 dimittat
1512 889 1670 940 eam;
1717 879 1775 927 et
1816 869 2018 925 mulier

425 973 473 1028 si
501 987 608 1044 qua
633 972 801 1027 habet
828 972 1011 1027 virum
1043 969 1343 1034 inﬁdelem,
1366 975 1423 1024 et
1445 967 1537 1022 hic
1559 963 1835 1022 consentit
1856 962 2016 1018 babi-

426 1073 542 1118 tare
564 1077 690 1118 cum
727 1063 840 1126 illa,
867 1078 979 1118 non
1003 1060 1250 1117 dimittat
1271 1058 1476 1114 virum.
1503 1053 1891 1112 Sanctiﬁcatus
1929 1060 2020 1107 est

422 1155 572 1210 enim
594 1155 678 1210 vir
703 1155 944 1211 inﬁdelis
971 1154 1028 1208 in
1052 1153 1305 1217 muliere,
1333 1159 1390 1207 et
1410 1148 1748 1204 sanctiﬁcata
1771 1154 1857 1202 est
1879 1159 2018 1199 uxor

428 1245 666 1301 inﬁdelis
689 1246 744 1301 in
770 1247 893 1301 viro
910 1246 973 1299 ³⁸.
1017 1265 1036 1297 ι
1065 1245 1326 1310 Quaenam
1353 1240 1521 1311 igitur
1543 1239 1704 1294 estin
1731 1236 1819 1291 his
1853 1235 2020 1291 rebus

425 1341 853 1413 dispensationis
880 1339 1058 1394 ratio?
1087 1336 1332 1404 Quamve
1356 1336 1428 1391 ob
1460 1349 1684 1390 causam
1716 1331 1850 1386 olim
1880 1345 2018 1386 con-

421 1432 768 1505 iunctionem
800 1445 926 1485 cum
954 1429 1044 1494 iis,
1087 1428 1181 1499 qui
1210 1428 1372 1481 aliter
1404 1425 1696 1489 sentirent,
1735 1422 1822 1476 lex
1844 1420 2019 1492 perti-

425 1524 707 1580 mescebat
727 1564 742 1589 ,
784 1537 932 1577 nunc
955 1537 1064 1576 non
1091 1521 1222 1574 item
1245 1519 1267 1572 ?
1289 1517 1427 1585 Quia
1450 1530 1650 1586 nempe
1682 1513 1870 1568 ﬁrmos
1899 1527 2017 1577 eos,

423 1617 519 1688 qui
543 1616 599 1669 in
638 1610 858 1670 Christo
880 1612 1059 1668 vocati
1083 1619 1233 1676 sunt,
1271 1619 1328 1665 et
1359 1609 1415 1663 in
1443 1608 1540 1663 Dei
1563 1621 1753 1662 amore
1793 1604 2022 1660 stabiles

424 1708 592 1764 eﬁicit
617 1709 684 1772 is,
711 1707 803 1776 qui
841 1707 897 1760 in
927 1705 1037 1760 illis
1067 1703 1300 1767 habitat,
1327 1701 1601 1772 Spiritus,
1636 1715 1736 1769 per
1767 1712 1932 1767 quem
1963 1704 2020 1751 et

432 1818 451 1850 ι
489 1799 544 1852 in
584 1812 695 1868 quo
760 1797 1084 1859 clamamus,
1131 1793 1309 1858 Abba,
1357 1793 1518 1848 Pater
1545 1791 1591 1822 ⁸⁷
1628 1810 1646 1842 ι
1707 1789 1786 1843 illi
1833 1796 2020 1843 autem

424 1887 670 1944 nonduin
697 1887 804 1941 hoc
817 1900 1046 1940 munere
1069 1882 1388 1953 locupletati
1407 1889 1587 1936 erant.
1614 1879 1772 1945 Nam,
1801 1887 1863 1934 ut
1885 1877 2018 1932 bea-

425 1987 516 2033 tus
550 1978 789 2034 Joannes
834 1977 949 2031 ait:
999 1996 1017 2027 ι
1047 1975 1287 2046 Spiritus
1325 1979 1552 2028 sanctus
1588 1970 1833 2026 nondum
1876 1977 2017 2035 erat,

425 2072 554 2142 quia
577 2071 735 2126 Jesus
759 2069 1002 2124 nondum
1026 2077 1144 2123 erat
1167 2065 1508 2138 gloriﬁcatus
1528 2065 1593 2118 ³⁸.
1627 2084 1644 2116 ι
1677 2063 1870 2119 Omnis
1885 2077 2019 2134 ergo

423 2163 690 2234 perfectio
738 2162 794 2216 in
834 2160 1054 2216 Christo
1107 2167 1224 2225 est;
1254 2174 1380 2213 nam
1420 2157 1558 2212 nihil
1599 2155 1667 2211 ad
1711 2155 2016 2226 perfectum

423 2253 652 2309 adduxit
671 2253 780 2317 lex,
805 2259 870 2307 ut
899 2251 1166 2320 scriptum
1193 2258 1299 2304 est.

492 2344 690 2400 PALL.
716 2342 987 2414 Equidem
1012 2341 1197 2412 cupio,
1234 2348 1295 2396 ut
1323 2341 1482 2407 mihi,
1525 2341 1572 2396 si
1607 2341 1808 2412 placet,
1836 2338 2015 2409 expli-

421 2453 535 2502 ces,
580 2451 822 2507 quonam
851 2433 1022 2490 modo
1049 2433 1342 2505 perspicua
1375 2433 1495 2488 ﬁeri
1537 2433 1712 2503 possit
1749 2432 1840 2486 illa
1879 2431 2017 2502 legis

421 2525 587 2600 35,3
613 2525 984 2597 imperfectio.

494 2618 652 2674 CYR.
693 2617 911 2673 Faciam
933 2617 1144 2683 libens;
1171 2616 1266 2671 sed
1292 2614 1360 2671 ad
1382 2632 1469 2681 ea,
1497 2622 1621 2686 quae
1653 2615 1862 2671 suntin
1893 2630 2012 2672 ma-

423 2711 611 2777 nibus,
638 2707 1040 2784 nostraoratio
1077 2707 1482 2779 proﬁciscetur,
1524 2717 1690 2779 atque
1728 2707 2014 2764 charitatis

423 2803 480 2859 in
508 2803 822 2874 proximum
856 2803 1410 2872 rationesexquiret;
1440 2817 1568 2857 cum
1602 2802 1820 2868 rudius,
1848 2817 2012 2872 quam

421 2902 728 2966 oporteret,
769 2895 874 2950 illae
897 2910 996 2965 per
1018 2894 1240 2966 Moysen
1274 2895 1476 2950 litterae
1501 2894 1606 2950 hac
1629 2894 1698 2950 dc
1723 2910 1782 2951 re
1805 2895 2012 2952 veteri-

422 2983 528 3039 bus
551 2983 658 3039 illis
679 2984 1004 3057 conscriptae
1027 2984 1375 3040 tradiderint.

493 3072 692 3130 PALL.
722 3075 891 3147 Perge
916 3075 1085 3147 igitur
1111 3076 1186 3132 ad
1204 3076 1310 3132 hoc
1333 3077 1517 3148 ipsum
1539 3077 1816 3134 alacriter.

493 3253 650 3312 CYR.
680 3255 854 3328 Igitur
885 3255 974 3311 lex
995 3255 1221 3327 quidem
1249 3257 1327 3311 ait
1353 3274 1364 3310 :
1399 3275 1418 3307 ι
1458 3255 1663 3327 Diliges
1698 3256 2013 3327 proximum

422 3356 579 3403 tuum
625 3347 770 3404 sicut
808 3359 862 3403 te
896 3349 1074 3418 ipsum
1103 3348 1182 3414 ";
1225 3368 1242 3399 ι
1271 3355 1328 3404 at
1358 3364 1491 3404 vero
1525 3349 1794 3404 Dominus
1823 3359 2012 3405 noster

419 3440 581 3497 Jesus
613 3440 868 3497 Christus
903 3441 1082 3496 mutui
1117 3441 1324 3497 amoris
1367 3441 1544 3513 legem
1590 3442 2014 3512 quamplurimis

421 3532 732 3588 rationibus
749 3533 910 3589 nobis
927 3533 1185 3599 inculcat,
1204 3549 1270 3588 ac
1284 3542 1543 3604 tanquam
1565 3542 1874 3604 patronam,
1890 3551 2014 3606 quae

421 3620 566 3676 hanc
587 3620 762 3692 legem
785 3629 1052 3690 tueretur,
1082 3624 1304 3679 insitam
1341 3624 1490 3678 illam
1514 3623 1571 3678 in
1596 3631 1795 3679 natura
1819 3625 2010 3696 cogni-

423 3715 632 3770 tionem
657 3722 714 3770 et
737 3715 1099 3782 voluntatem,
1143 3733 1267 3788 quae
1300 3716 1532 3788 singulis
1569 3717 1883 3788 quibusque
1907 3718 2009 3774 ho-

423 3805 669 3863 minibus
710 3808 886 3875 adest,
912 3810 1221 3876 constituit,
1250 3809 1434 3880 itaque
1461 3809 1538 3865 ait
1563 3827 1576 3863 :
1610 3829 1629 3862 ι
1658 3809 2010 3883 Quaecunque

420 3902 592 3959 vultis
614 3911 675 3958 ut
697 3902 898 3959 faciant
921 3904 1079 3961 vobis
1108 3903 1384 3970 homines,
1409 3903 1526 3959 haec
1561 3904 1753 3960 eadem
1789 3921 1888 3962 vos
1925 3905 2007 3960 fa-

423 3995 535 4051 cite
559 3996 668 4052 illis
693 3996 950 4053 similiter
974 3997 1043 4063 δθ,
1075 4016 1094 4049 ›
1131 3997 1266 4053 Nam
1308 3997 1376 4064 si,
1405 4013 1529 4068 quae
1557 3998 1791 4070 quisque
1817 4014 2011 4057 conse-

422 4087 518 4157 qui
541 4094 784 4158 exoptat,
825 4104 890 4144 ea
930 4089 1048 4159 ipse
1082 4101 1304 4158 quoque
1343 4089 1465 4144 aliis
1500 4088 1680 4144 facere
1711 4090 2006 4158 studuerit,

423 4176 653 4232 minime
683 4177 754 4232 ab
789 4191 858 4233 eo
892 4175 1043 4248 quod
1084 4186 1298 4249 spectat
1337 4177 1650 4246 aberrabit;
1686 4179 1782 4235 sed
1825 4181 2011 4250 potius

426 4276 577 4324 recto
600 4268 796 4326 itinere
823 4268 892 4325 ad
916 4268 1242 4326 charitatem
1266 4279 1478 4342 perget,
1513 4279 1572 4327 ct
1604 4271 1781 4326 mutui
1805 4273 2010 4330 amoris

423 4376 685 4417 coronam
729 4369 1118 4432 consequetur.

494 4450 693 4508 PALL.
729 4453 906 4510 Probe
937 4453 1098 4512 dicis.

495 4543 654 4599 CYR.
689 4545 788 4600 Est
813 4544 982 4617 igitur
1019 4546 1264 4602 eharitas
1300 4544 1438 4616 legis
1478 4542 1704 4613 quidem
1749 4543 2020 4615 impletio,

429 4633 536 4690 ﬁde
556 4649 692 4692 vero
714 4651 780 4691 ac
798 4652 896 4708 spe
920 4639 1290 4708 praestantior.
1328 4635 1420 4692 Sic
1447 4635 1598 4690 enim
1645 4635 1841 4690 scribit
1877 4637 2022 4692 divi-

429 4741 536 4783 nus
555 4727 642 4783 vir
659 4728 884 4784 Paulus.
907 4729 1096 4800 Itaque
1117 4729 1271 4784 velut
1291 4743 1323 4783 e
1349 4725 1536 4782 vernis
1555 4725 1787 4781 ﬁoribus
1807 4728 2025 4800 varium

431 4818 510 4875 illi
533 4819 940 4890 quodammodo
961 4829 1171 4877 sertum
1203 4820 1477 4883 intexens,
1506 4832 1701 4872 rursus
1725 4818 1804 4872 ait
1832 4837 1845 4872 τ
1887 4838 1905 4871 ι
1931 4819 2026 4875 Et-

429 4911 480 4969 si
509 4911 847 4970 distribuere
878 4927 1074 4970 omnes
1100 4911 1392 4968 facultates
1425 4923 1600 4977 meas,
1637 4917 1696 4964 et
1736 4910 1783 4966 si
1818 4910 2026 4973 dedero

431 5016 636 5075 corpus
658 5019 865 5071 eum,
890 5004 967 5058 ita
993 5012 1057 5061 ut
1085 5002 1334 5066 ardeam,
1355 4989 1681 5058 charitatem
1707 5011 1893 5061 autem
1913 5021 2027 5062 non

433 5094 686 5162 habeam,
726 5096 866 5153 nihil
913 5095 1051 5151 mihi
1088 5093 1335 5166 prodest.
1376 5091 1634 5150 Charitas
1673 5096 1891 5166 patiens
1919 5107 2026 5163 est,

434 5186 669 5260 benigna
695 5197 780 5244 est
811 5205 826 5243 :
858 5185 1103 5242 charitas
1125 5199 1236 5238 non
1273 5184 1585 5250 aemulatur,
1618 5201 1729 5242 non
1761 5189 1876 5259 agit
1896 5203 2026 5258 per-

434 5288 644 5352 peram,
668 5295 782 5335 non
807 5277 1052 5343 inﬂatur,
1091 5291 1204 5331 non
1229 5285 1314 5332 est
1335 5276 1647 5346 ambitiosa,
1677 5295 1791 5335 non
1827 5280 2026 5350 quaerit

545 5415 641 5470 “1
680 5413 810 5471 Cor.
851 5427 947 5479 vn,
983 5412 1172 5469 12-16.

510 5591 587 5665 (1)
617 5591 711 5648 Sic
748 5605 941 5666 omnes
977 5591 1195 5666 codices
1239 5593 1427 5666 Cyrilli
1461 5595 1667 5650 habent
1700 5609 1840 5665 quos
1875 5594 2010 5666 vidi.

438 5661 645 5735 Tamen
677 5663 800 5735 cod.
826 5663 945 5735 Vat.
967 5665 1117 5718 vocis
1140 5661 1299 5720 novae
1315 5665 1634 5735 adiunctum
1664 5661 1850 5730 habet,
1875 5665 1993 5719 δεδο
2010 5696 2024 5707 ο

441 5733 694 5815 μένονὴυι
723 5733 900 5815 Datini
947 5733 1396 5815 Patres_legunt,'
1435 5737 1716 5815 praecipue
1761 5735 2023 5815 augusti-

439 5802 565 5857 nus.
603 5802 701 5861 Sin
733 5806 826 5863 illa
859 5805 1023 5864 lectio
1054 5802 1372 5872 recipienda
1409 5802 1494 5863 est
1529 5802 2027 5882 sineverbo'6560-

1287 5415 1328 5446 ³⁷
1350 5413 1514 5471 Rom.
1553 5431 1669 5483 vm,
1702 5417 1790 5471 15.
1860 5415 1906 5449 ³⁸
1932 5417 2090 5474 Joan.
2133 5431 2228 5483 vn,
2255 5415 2344 5472 59.
2421 5416 2465 5449 ³ο
2491 5416 2669 5472 Levit.
2700 5433 2811 5486 xxx,
2840 5419 2927 5475 18.

2117 506 2229 564 τοῖς
2255 504 2605 574 ἀλλογενέσιν
2632 505 2786 569 ἰέναι,
2810 504 2924 566 τοῖς
2947 500 3326 573 ἀρχαιοτέροις
3346 500 3447 554 οὐκ
3473 498 3710 569 ἀζήμιον

2115 590 2182 666 ἦν
2202 611 2214 627 ·
2249 595 2382 666 ἡμῖν
2426 595 2484 648 δὲ
2510 598 2540 648 6
2574 593 2808 659 Παῦλος,
2841 592 3222 647 πολιτεύεσθαι
3254 593 3364 646 δεῖν
3393 589 3618 661 ἄμεινόν
3645 606 3707 643 τε

2117 686 2213 740 καὶ
2261 686 2693 758 εὐθαρσέστερον
2745 683 3128 757 συμϐουλεύει,
3175 684 3394 753 λέγων’
3444 701 3464 734 ι
3517 683 3586 736 Εἰ
3624 699 3708 746 τις

2116 780 2259 851 ἀνὴρ
2311 780 2550 850 γυναῖκα
2598 780 2712 852 ἔχει
2763 779 3015 845 ἄπιστον,
3055 777 3152 831 καὶ
3201 776 3345 847 αῦτη
3398 775 3710 829 συνευδοκεί

2116 873 2288 926 οἰκεῖν
2321 871 2441 943 μετ’
2468 870 2660 936 αὐτοῦ,
2696 869 2779 942 μὴ
2811 869 3020 939 ἀφιέτω
3045 867 3240 938 αὐτήνο
3280 867 3377 920 καί
3399 864 3559 937 γυνὴ,
3583 866 3707 937 ἥτις

2119 963 2233 1034 ἔχει
2271 962 2443 1035 ἄνδρα
2473 963 2723 1028 ἄπιστον,
2752 961 2847 1016 καὶ
2874 953 3032 1025 οὗτος
3056 960 3366 1013 συνευδοκεῖ
3388 961 3560 1012 οἰκεῖν
3587 959 3707 1030 μετ’

2117 1053 2308 1125 αὐτῆς,
2341 1053 2419 1124 μὴ
2452 1053 2660 1124 ἀφιέτω
2689 1051 2781 1106 τδν
2815 1047 3008 1124 ἄνδρα.
3051 1051 3346 1121 Ἠγίασται
3379 1050 3488 1121 γὰρ
3520 1052 3548 1105 6
3569 1049 3710 1122 ἀνὴρ

2117 1145 2350 1209 άπιστος
2383 1148 2441 1200 ὲν
2470 1149 2538 1216 τῇ
2565 1144 2787 1214 γυναικί
2808 1161 2824 1176 ο
2857 1145 2952 1198 καὶ
2983 1145 3242 1215 ἡγίασται
3272 1145 3305 1214 ή
3332 1143 3472 1214 γυνὴ
3502 1145 3537 1215 ἡ
3581 1142 3711 1196 ἀπι-

2121 1254 2246 1301 στος
2275 1238 2335 1291 ὲν
2365 1237 2444 1308 τῷ
2472 1237 2648 1309 ἀνδρί.
2684 1257 2703 1289 ι
2735 1237 2833 1301 Τίς
2862 1233 2956 1291 οῦν
2993 1237 3102 1308 άρα
3129 1237 3249 1290 ἐστὶ
3273 1237 3371 1307 τῆς
3398 1235 3454 1290 ἐν
3483 1253 3548 1306 γε
3580 1234 3706 1289 τού-

2119 1345 2233 1394 τοις
2253 1328 2568 1400 οἰκονομίας
2591 1329 2620 1382 ὁ
2638 1329 2841 1401 τρόπος
2868 1346 2884 1396 ;
2919 1328 3140 1383 Ἐδεδίει
3168 1328 3226 1382 δὲ
3247 1327 3364 1382 ἀνθ’
3390 1329 3515 1382 ὅτου
3538 1327 3709 1382 πάλαι

2125 1422 2224 1492 μὲν
2253 1424 2284 1476 6
2313 1422 2478 1494 νόμος
2507 1422 2608 1495 τὴν
2643 1422 2781 1494 πρὸς
2815 1423 3180 1494 έτερόφρονας
3205 1420 3520 1492 ἀναπλοκὴν
3541 1461 3556 1486 ,
3590 1421 3709 1476 νυνί

2119 1512 2178 1566 δὲ
2205 1513 2308 1567 οὐκ
2335 1513 2437 1582 ἔτι;
2457 1513 2735 1585 Ἐϐραίους
2761 1514 2862 1586 μὲν
2885 1515 2995 1588 γὰρ
3021 1517 3149 1580 τοὺς
3169 1517 3229 1570 ὲν
3255 1510 3478 1588 Χριστῷ
3506 1516 3707 1586 κεκλη-

2125 1605 2342 1676 μένους,
2382 1607 2478 1661 καί⁵
2511 1607 2907 1662 ἁκατάσειστον
2930 1608 3154 1680 ἔχοντας
3187 1609 3289 1679 τὴν
3312 1607 3618 1679 φιλοθεῒαν,
3646 1606 3709 1661 τὸ

2127 1696 2415 1755 κατοικοῦν
2447 1699 2506 1753 ὲν
2533 1698 2722 1760 αὐτοῖς
2753 1701 3130 1771 ἀπεργάζεται
3157 1699 3404 1772 Πνεῦμα,
3429 1702 3498 1755 δι’
3522 1696 3583 1756 οὗ
3613 1701 3708 1755 καὶ

2056 1753 2098 1812 Β
2131 1808 2150 1841 .
2185 1753 2244 1844 έν
2266 1781 2312 1858 ᾧ
2354 1790 2671 1861 κράζομεν·
2701 1753 2892 1846 ’Ἄσσὰ
2911 1753 3259 1866 ἰἠάέήξ
3279 1753 3404 1847 Si
3438 1753 3504 1846 δὲ
3533 1753 3710 1847 La...

2121 1880 2182 1936 τὸ
2211 1881 2384 1953 δῶρον
2426 1883 2746 1939 ἐπλούτουν.
2793 1884 2884 1949 Ὦς
2915 1885 3026 1956 γὰρ
3063 1888 3092 1940 6
3131 1884 3419 1950 Θεσπέσιος
3453 1884 3709 1956 Ἰωάννης

2121 1973 2310 2045 φησὶν,
2344 1991 2365 2028 ι
2401 1974 2570 2029 Οὔπω
2596 1976 2708 2048 γὰρ
2733 1972 2803 2049 ἦν
2826 1976 3052 2049 Πνεῦμα
3077 1978 3232 2047 άγιον
3253 1978 3353 2050 (1),
3377 1979 3459 2032 ὅτι
3499 1976 3708 2049 Ἰησοῦς

2118 2067 2332 2123 οὐδέπω
2383 2069 2669 2142 ἐδοξάσθη.
2731 2089 2750 2124 ι
2796 2071 3009 2125 Οὐκοῦν
3058 2073 3276 2143 ὴπᾶσα
3323 2070 3603 2134 τελείωσις
3650 2071 3709 2124 ὲν

2119 2160 2343 2232 Χριστῷ
2366 2201 2382 2226 ,
2420 2162 2740 2217 τετελείωκε
2784 2162 2843 2217 δὲ
2876 2164 2906 2216 6
2935 2163 3098 2234 νόμος
3127 2162 3300 2228 οὐδὲν,
3345 2161 3489 2216 κατά
3523 2161 3586 2215 τὸ
3611 2177 3706 2230 γε·

2119 2253 2461 2324 γραμμένον.

2191 2345 2400 2400 ΠΑΛΔ.
2444 2346 2667 2420 Φράσῃς
2691 2347 2756 2403 ἂν
2794 2341 2889 2401 οὗν
2933 2346 3202 2420 ἱμείροντί
3244 2362 3333 2418 μοι
3361 2345 3424 2399 τδ
3470 2345 3619 2409 ὅπως
3643 2343 3710 2400 ἂν

2119 2439 2330 2509 γένοιτο
2363 2442 2533 2512 σαφὲς
2555 2441 2618 2495 τὸ
2645 2441 2840 2506 ἀτελὲς
2871 2443 2929 2495 ὲν
2957 2441 3128 2512 νόμῳ.

2188 2619 2356 2675 ΚΥΡ.
2398 2620 2511 2674 Καὶ
2551 2619 2718 2691 μάλα.
2761 2619 3042 2674 Βαδιεῐται
3095 2619 3152 2672 δὲ
3204 2621 3337 2691 ἡμῖν
3384 2620 3479 2673 ἐπὶ
3530 2618 3601 2672 τὰ
3651 2619 3710 2673 ιν

2118 2711 2306 2784 χερσὶν
2329 2713 2358 2766 6
2384 2711 2562 2781 λόγος,
2585 2712 2680 2767 κάἰ
2699 2711 2922 2784 ἀγάπης
2945 2712 3048 2783 τῆς
3069 2714 3152 2776 εἰς
3173 2711 3265 2766 τὸν
3292 2712 3519 2783 πλησίον
3549 2712 3715 2767 ἐκϐάς

2118 2805 2294 2860 σανιεῖ
2324 2805 2452 2869 τοὺς
2477 2804 2714 2877 τρόπους
2733 2845 2748 2871 ,
2783 2804 3092 2878 παχύτερόν
3131 2822 3248 2869 πως
3286 2805 3319 2878 ἢ
3351 2803 3456 2878 χρὴ
3485 2805 3588 2876 τῆς
3624 2804 3714 2860 διά

2116 2897 2362 2964 Μωσέως
2408 2902 2738 2970 συγγραφῆς
2765 2939 2782 2966 ,
2830 2899 2946 2965 τοῖς
2985 2899 3367 2972 ἀρχαιοτέροις
3399 2900 3713 2971 είσκεκομιο

2119 2989 2346 3062 σμένης.

2041 3098 2089 3162 c
2191 3082 2403 3137 IIAAA.
2434 3079 2539 3135 Ἴθι
2561 3080 2628 3154 δὴ
2652 3075 2747 3135 οὖν
2766 3080 2856 3134 ἐπ’
2881 3081 3014 3136 αὐτὸ
3042 3079 3147 3154 [τὸ]
3164 3079 3230 3153 δὴ
3252 3078 3425 3148 τουτὶ,
3446 3079 3541 3134 καὶ
3569 3079 3715 3151 μάλα

2125 3172 2440 3244 προθύμως.

2195 3266 2362 3320 ΚΥΡ.
2403 3264 2614 3320 Οὐκοῦν
2638 3267 2668 3319 6
2713 3264 2812 3337 μὲν
2851 3266 3046 3335 νόμος,
3081 3283 3101 3316 ι
3151 3262 3485 3334 ’Δγαπήσεις
3507 3301 3522 3327 ,
3555 3261 3714 3333 φησί,

2121 3358 2213 3413 τὸν
2239 3358 2468 3431 πλησίον
2495 3375 2592 3412 σου
2623 3357 2700 3423 ὡς
2724 3357 2934 3412 ἑαυτόν·
2977 3377 2996 3409 ι
3028 3358 3058 3411 6
3086 3356 3144 3410 δὲ
3169 3355 3376 3427 Κύριος
3401 3353 3563 3426 ἡμῶν
3603 3354 3715 3426 ’1η-

2123 3451 2248 3513 σοῦς
2278 3450 2533 3523 Χριστὸς,
2558 3451 2658 3521 τῆς
2689 3445 3048 3520 φιλαλληλίας
3068 3447 3163 3502 τὸν
3191 3447 3355 3518 νόμον
3384 3446 3476 3500 διὰ
3505 3445 3717 3517 μυρίων

2121 3544 2263 3598 ὅσων
2284 3543 2416 3614 ἡμῖν
2448 3543 2753 3614 εἰσηγεῖται
2790 3540 2986 3610 λόγων,
3033 3539 3339 3611 συνήγορον
3368 3537 3426 3592 δὲ
3453 3538 3533 3609 τῷ
3567 3537 3718 3608 νόμῳ

2088 3696 2100 3718 ι
2119 3634 2220 3707 τὴν
2247 3633 2490 3707 ἔμφυτον
2520 3633 2749 3704 γνῶσιν,
2785 3633 2881 3687 καί
2907 3631 3008 3704 τὴν
3038 3632 3099 3685 ὲν
3118 3631 3337 3703 ἑκάστῳ
3361 3629 3582 3699 θέλησιν
3609 3631 3718 3682 οἰο-

2120 3728 2202 3782 νεὶ
2233 3725 2523 3794 καθιστὰς,
2576 3743 2597 3778 ι
2639 3727 2707 3780 ’Δ
2747 3723 2843 3781 οὖν
2876 3724 3096 3792 Θέλετε,
3130 3723 3322 3796 φησὶν,
3367 3724 3454 3778 ἵνα
3484 3721 3717 3777 ποιῶσιν

2121 3822 2252 3892 ὑμῖν
2295 3821 2346 3874 οἰ
2377 3819 2654 3890 ἅνθρωποι
2678 3859 2695 3884 ,
2741 3817 2916 3873 ταῦτα
2950 3818 3047 3872 καὶ
3080 3818 3246 3888 ὑμεῖς
3296 3817 3500 3869 ποιεῖτε
3531 3815 3720 3880 αὐτοῖς

2118 3915 2342 3986 ὁμοίως.
2374 3931 2393 3964 ι
2417 3912 2481 3966 Ei
2509 3911 2620 3984 γάρ
2647 3904 2833 3983 ὧνπερ
2870 3912 2936 3966 άν
2958 3927 3042 3974 τις
3066 3908 3284 3975 εὔξαιτο
3305 3909 3513 3978 τυχεῖν,
3543 3906 3720 3961 ταῦτα

2117 4007 2252 4078 δρᾷν
2299 4005 2476 4059 ἕλοιτο
2525 4004 2625 4060 καί⁵
2665 4003 2828 4068 αὐτὸς
2879 4001 3126 4075 ἑτέροις,
3180 4001 3284 4055 οὐκ
3319 3999 3721 4070 ἀποδραμεῖται

2123 4096 2355 4153 σκοποῦ·
2390 4097 2653 4168 βαδιεῖται
2681 4095 2739 4149 δὲ
2771 4094 2975 4167 μᾶλλον
3015 4095 3134 4148 κατ’
3169 4091 3303 4146 εὐθὺ
3330 4092 3432 4163 τῆς
3455 4089 3677 4162 ἀγάπης
3701 4125 3719 4154 ,

2118 4190 2214 4247 καὶ
2242 4190 2336 4246 τὸν
2358 4190 2454 4262 τῆς
2483 4187 2836 4261 φιλαλληλίας
2864 4187 3190 4260 ἀναδησεται
3214 4183 3510 4256 στέφανονέ

2049 4462 2096 4518 ι)
2198 4451 2410 4508 ΠΑΛΛ.
2439 4446 2515 4507 Εὖ
2542 4450 2747 4520 λέγεις.

2201 4544 2369 4600 ΚΥΡ.
2429 4544 2495 4598 Ἦ
2545 4543 2738 4613 ἀγάπη
2793 4540 2996 4608 τοίνυν,
3041 4541 3209 4614 νόμου
3250 4541 3348 4614 μὲν
3399 4529 3720 4614 πλήρωσις,

2133 4639 2368 4702 πίστεως
2396 4639 2456 4694 δὲ
2487 4637 2582 4692 καὶ
2610 4634 2824 4699 ἐλπίδος
2861 4635 3122 4705 ἀμείνων.
3159 4635 3367 4706 Γράφει
3397 4635 3509 4706 γὰρ
3547 4633 3724 4697 οὓτως

2131 4731 2266 4802 ἡμῖν
2295 4733 2326 4784 6
2345 4728 2634 4791 Θεσπέσιος
2654 4725 2884 4790 Παῦλος.
2921 4727 3217 4800 Τοιγάρτοι
3252 4726 3509 4797 καθάπερ
3547 4725 3606 4792 ἐξ
3633 4726 3726 4778 ἀν-

2132 4821 2270 4877 θέων
2290 4817 2494 4891 ὴρινῶν
2517 4815 2771 4886 πολυειδῆ
2786 4832 2910 4871 τινα
2926 4816 3194 4888 στέφανον
3215 4815 3541 4871 ἀναπλέκων
3560 4815 3721 4884 αὐτῇ,

2133 4911 2300 4966 πάλιν
2346 4908 2520 4978 φησί·
2574 4926 2594 4961 ι
2640 4895 2766 4962 Κᾶν
2789 4906 3029 4978 ψωμίσω
3071 4909 3250 4963 πάντα
3303 4907 3376 4961 τά
3406 4905 3725 4978 ὑπάρχοντά

2135 5019 2261 5074 μου,
2295 5002 2393 5054 καὶ
2423 4999 2519 5054 ὲάν
2555 4999 2785 5072 παραδῶ
2810 4999 2872 5053 τὺ
2905 4999 3068 5072 σῶμά
3092 5017 3196 5072 μου
3225 4999 3313 5054 ἴνα
3341 4999 3718 5071 καυθήσομαι,

2130 5095 2355 5165 ἀγάπην
2381 5093 2439 5147 δὲ
2477 5094 2553 5166 μὴ
2581 5092 2712 5165 ἔχω,
2737 5093 2890 5147 οὐδὲν
2911 5091 3255 5164 ὠφελοῦμαι.
3297 5093 3363 5146 Ἦ
3393 5092 3583 5164 ἀγάπη
3621 5108 3725 5163 μα-
3801 5111 3804 5114 ’

2133 5186 2422 5259 κροθυμεῖ,
2450 5184 2836 5257 χρηστεύεται,
2867 5187 2900 5256 ἡ
2955 5185 3147 5256 ἀγάπη
3181 5185 3243 5239 οὐ
3278 5182 3432 5255 ζηλοί
3452 5227 3466 5252 ,
3495 5184 3559 5237 οὐ
3589 5201 3724 5256 περ·

2135 5277 2429 5350 περεύεται
2453 5317 2470 5344 ,
2503 5278 2564 5330 οὐ
2595 5276 2928 5348 φυσιοῦται,
2957 5279 3060 5334 οὐκ
3099 5280 3441 5350 ἀσχημονεῖ,
3476 5279 3540 5332 οὐ
3569 5277 3728 5350 ζητεῖ

3041 5418 3108 5474 ⁸ο»
3124 5417 3318 5476 Matth.
3371 5437 3466 5489 τη,
3497 5420 3550 5478 1.

2127 5596 2308 5679 μένον,
2351 5595 2420 5653 de
2448 5599 2864 5679 operationibus
2895 5601 3356 5679 Spiritus_sancti
3397 5603 3507 5661 illis
3546 5605 3724 5679 admi-

2123 5668 2393 5754 rabilibus
2428 5668 2812 5754 accipiendum
2842 5668 2954 5754 est,
2979 5690 3090 5729 non
3105 5675 3205 5754 _de
3235 5686 3552 5754 personaet
3590 5677 3722 5732 sub-

2124 5738 2391 5868 ῗὲῖιὲἓξὲι
2428 5738 2668 5812 Spiritus
2705 5744 2903 5813 sancti,
2933 5738 3076 5818 qua:
3105 5738 3256 5802 Patri
3305 5759 3361 5804 et
3394 5747 3537 5804 Filio
3568 5761 3717 5806 cca»
