4104 6434
366 358 471 420 Sil

1091 358 1181 415 DE
1221 356 1669 419 ADORATIONE
1706 357 1776 415 IN
1815 355 2091 416 SPlRlTU
2128 357 2218 415 ΕΤ
2258 357 2628 416 l'ERlTATE.
2673 356 2800 413 LIB.
2838 357 2949 414 Vll.

3563 364 3668 422 5‘22

360 480 439 534 τὰ
465 478 693 549 ἑαυτῆς,
743 476 802 529 οὐ
831 472 1232 546 παροξύνεται,
1267 475 1328 529 ού
1359 473 1635 545 λογίζεται
1670 474 1734 528 τὸ
1770 472 1959 538 κακὸν,

2070 488 2193 543 qua:
2238 488 2335 528 sua
2374 482 2524 539 sunt,
2563 488 2674 528 non
2719 473 2994 538 irritatur,
3040 486 3152 529 non
3192 473 3393 546 cogitat
3436 480 3664 548 malum;

360 569 429 623 οὐ
464 567 651 639 χαίρει
691 565 783 619 ἐπὶ
812 566 877 635 τῇ
916 562 1102 635 ἀδικίᾳ
1124 602 1140 627 ,
1171 563 1460 636 συγχαίρει
1499 563 1556 615 δὲ
1594 566 1660 634 τῇ
1692 562 1924 636 ἀληθείᾳ
1946 581 1960 595 ·

360 659 554 714 πάντα
583 656 788 727 στέγει,
809 657 988 710 πάντα
1020 654 1290 720 πιστεύει,
1317 656 1498 710 πάντα
1519 654 1753 721 ἐλπίζει,
1786 655 1964 710 πάντα

360 751 637 822 ὑπομένει
671 751 706 821 ἡ
748 749 963 821 ἀγάπη,
1003 747 1262 802 οὐδέποτε
1295 748 1576 803 ἐκπίπτει.
1617 768 1637 802 ι
1690 749 1832 802 Ἀλλ’
1860 749 1964 821 ἐμ-

358 848 513 917 φανῆ
545 847 645 916 μὲν
677 844 906 907 ἅπασιν,
936 842 1011 907 ῶς
1035 860 1099 912 γε
1122 837 1299 914 οἶμαι,
1331 841 1515 904 ταυτὶ,
1537 845 1633 896 καὶ
1657 840 1870 914 μακρὸς
1899 844 1966 896 ἂν

356 938 584 1007 γένοιτο
608 935 731 989 λίαν
781 936 810 988 ὁ
842 933 972 1007 περὶ
1015 933 1197 989 αὐτῶν
1247 932 1426 1001 λόγος,
1462 933 1622 1004 εῐπερ
1672 950 1758 997 τις
1791 932 1966 987 ἕλοιτο

354 1026 585 1090 λεπτῶς
616 1024 687 1079 τά
720 1023 875 1095 παρὰ
905 1026 971 1095 τῇ
1003 1024 1120 1094 Νέᾳ
1144 1024 1488 1095 συναγείρειν
1516 1024 1732 1095 Γραφῇ.
1757 1024 1964 1095 Τετραο

353 1120 586 1193 ᾠόμεθα
620 1119 680 1172 δὲ
710 1118 828 1172 νυνὶ
860 1117 1003 1189 πρὸς
1031 1116 1131 1181 τὰς
1160 1117 1227 1170 ὲκ
1253 1118 1421 1188 νόμου
1455 1117 1637 1182 σκιὶις,
1669 1117 1765 1170 καὶ
1792 1115 1860 1171 τὰ
1889 1116 1966 1181 ὡς

355 1212 421 1265 ὲν
456 1210 654 1275 τύποις
676 1209 757 1264 ἔτι
785 1211 897 1273 τοῖς
930 1207 1099 1262 πάλαι
1132 1207 1563 1279 τεθεσπισμένα.

437 1305 657 1360 ΠΑΛΛ.
699 1303 937 1373 Ἀριστα
967 1300 1178 1372 διανοῇ.

435 1398 608 1452 ΚΥΡ.
642 1395 955 1467 Μελέτησις
994 1395 1093 1467 μὲν
1135 1396 1163 1448 ὁ
1197 1393 1362 1464 νόμος
1398 1388 1468 1465 ἦν
1495 1395 1576 1459 εἰς
1613 1392 1964 1467 δικαιοσύνην

359 1491 462 1547 καὶ
500 1488 832 1563 προεισδολή
881 1504 967 1552 τις
1000 1487 1192 1560 ὥσπερ
1245 1487 1355 1541 τῶν
1394 1488 1771 1558 εὑαγγελικῶν
1800 1488 1965 1560 ἀνδρ-

358 1582 772 1654 αγαθημάτων.
804 1580 1127 1651 Γέγραπται
1160 1578 1289 1651 γάρ·
1325 1597 1342 1629 σ
1378 1580 1547 1652 Ἀρχὴ
1572 1579 1693 1633 ὁδοῦ
1724 1580 1964 1649 ἀταθῆςι

357 1677 423 1730 τὸ
453 1676 634 1731 ποιεῖν
666 1672 737 1729 τά
771 1673 978 1728 δίκαια.
1021 1693 1038 1725 ι
1078 1673 1427 1742 Παιδαγωγεῖ
1468 1674 1579 1745 γάρ
1618 1678 1645 1729 ὁ
1671 1677 1837 1746 νόμος
1871 1675 1965 1728 ἐπὶ

360 1766 627 1841 Χριστὸν,
657 1766 754 1821 καὶ
782 1767 881 1838 τῆς
903 1768 961 1820 ἐν
990 1765 1140 1833 αὐτῷ
1168 1768 1468 1837 νοουμένης
1491 1766 1638 1839 ζωῆς
1662 1769 1724 1821 ού
1750 1768 1965 1838 διεψευ-

2069 581 2178 621 non
2210 566 2412 637 gaudet
2434 582 2603 638 super
2627 566 2943 638 iniquitate,
2966 567 3275 639 congaudet
3303 578 3487 625 autem
3523 574 3671 628 veri-

2070 659 2203 726 tati;
2230 660 2414 714 omnia
2439 659 2655 725 sutfert,
2683 660 2867 716 omnia
2889 660 3088 728 credit,
3113 662 3298 719 omnia
3318 674 3525 735 sperat,
3550 681 3671 721 om-

2068 750 2160 806 nia
2189 751 2458 817 sustinet;
2498 750 2742 807 charitas
2763 768 3047 824 nunquam
3082 753 3288 809 excidit
3310 755 3374 809 δ’.
3411 775 3430 808 ι
3459 757 3667 814 Verum

2069 842 2206 906 haec,
2233 850 2294 896 ut
2316 842 2536 913 opinor,
2572 843 2831 898 omnibus
2856 845 3147 916 perspicua
3184 855 3335 911 sunt,
3363 855 3420 902 et
3448 848 3665 921 longior

2067 936 2177 991 erit
2198 936 2267 992 de
2293 937 2379 993 his
2398 937 2660 993 omnibus
2681 940 2883 1004 oratio,
2910 940 2953 994 si
2977 940 3103 1010 quis
3129 940 3340 997 minute
3366 942 3518 1009 velit,
3541 961 3665 1015 quze

2070 1026 2123 1082 in
2144 1027 2294 1082 Nova
2317 1027 2602 1099 Scriptura
2623 1037 2772 1094 sunt,
2792 1030 3070 1100 colligere.
3096 1030 3202 1086 Sed
3218 1034 3333 1105 jam
3355 1033 3422 1089 ad
3442 1036 3666 1092 umbras

2068 1119 2224 1190 legis,
2265 1129 2322 1175 et
2343 1135 2410 1176 ea
2438 1137 2559 1191 qua
2592 1122 2793 1192 priscis
2824 1122 3146 1179 hominibus
3168 1135 3429 1197 tanquam
3451 1128 3506 1183 in
3529 1129 3667 1201 ﬁgu-

2067 1213 2148 1267 ris
2169 1213 2352 1269 adhuc
2372 1213 2553 1269 edicta
2583 1223 2732 1279 sunt,
2758 1225 3165 1271 convertamur.

2140 1305 2340 1360 PALL.
2369 1305 2588 1377 Optime
2618 1307 2844 1378 cogitas.

2137 1397 2296 1453 CYR.
2326 1399 2666 1456 Exercitatio
2700 1400 2951 1471 quaedam
2990 1400 3061 1455 ad
3094 1400 3365 1472 justitiam
3409 1404 3513 1462 fuit
3553 1408 3662 1473 lex,

2067 1498 2123 1544 et
2165 1490 2318 1546 velut
2361 1491 2546 1547 aditus
2572 1492 2800 1562 quidam
2837 1507 2902 1546 ac
2944 1492 3113 1549 limen
3150 1494 3220 1550 ad
3261 1498 3525 1566 prmelara
3572 1502 3664 1557 iila

2066 1582 2383 1653 evangelica
2413 1581 2585 1650 facta;
2620 1583 2890 1654 scriptum
2923 1592 3008 1639 est
3036 1585 3187 1641 enim
3218 1604 3231 1640 :
3265 1607 3283 1639 ι
3322 1589 3661 1663 Principium

2067 1671 2169 1727 via:
2202 1672 2360 1728 bona:
2395 1682 2481 1729 est
2519 1674 2700 1731 facere
2740 1676 2889 1746 justa
2926 1675 2989 1729 δ’.
3033 1696 3052 1728 ι
3086 1678 3246 1734 Ducit
3287 1680 3435 1737 enim
3467 1684 3554 1739 lex
3593 1686 3659 1740 ad

2066 1761 2368 1828 Christum,
2391 1773 2448 1819 et
2470 1766 2596 1820 vita:
2635 1765 2803 1832 illius,
2829 1782 2951 1837 qua:
2979 1767 3034 1822 in
3059 1767 3282 1825 Christo
3312 1771 3660 1848 intelligitur,

361 1862 583 1933 σμένην
626 1859 693 1914 ἂν
729 1858 842 1931 ἔχοι
880 1860 979 1931 τὴν
1011 1858 1171 1925 δόξαν
1196 1901 1211 1927 ,
1244 1862 1293 1914 εἰ
1333 1862 1507 1913 νοοῖτο
1542 1861 1959 1931 πνευματικῶς.

2070 1870 2180 1910 non
2206 1855 2397 1912 falsam
2433 1858 2795 1929 consequitur
2820 1858 3073 1931 gloriam,
3106 1860 3151 1915 si
3181 1843 3548 1933 spiritualiter
3576 1868 3677 1922 ιιι--

358 1955 478 2009 Kal
506 1954 692 2024 ἵστησι
719 1952 820 2025 μὲν
854 1954 937 2016 εἰς
965 1950 1335 2023 δικαιοσύνην,
1357 1952 1625 2023 ἀποφέρει
1651 1952 1708 2005 δὲ
1738 1951 1876 2023 πρὸς
1902 1952 1964 2006 τὸ

360 2050 509 2123 ὑπὲρ
540 2048 703 2103 τοῦτο
744 2047 828 2100 ἔτι
865 2046 925 2100 τὸ
972 2046 1205 2117 μάθημα
1239 2046 1300 2099 τὸ
1327 2046 1703 2116 εύαγγελικὸν.
1756 2045 1962 2117 Τρόποι

358 2141 418 2195 δὲ
460 2137 816 2210 δικαιοσύνης
838 2178 852 2202 ,
879 2136 1099 2210 πρῶτος
1142 2136 1265 2206 μὲν,
1299 2136 1434 2207 τιμὴ
1469 2135 1562 2188 καὶ
1590 2135 1890 2206 ἀγάπησις,
1924 2135 1958 2205 ἡ

361 2234 444 2297 είς
472 2231 567 2285 τὸν
595 2231 692 2284 ’ένα
718 2248 778 2284 τε
805 2230 899 2284 καὶ
927 2229 1088 2300 φύσει
1118 2229 1252 2282 Θεόν
1275 2245 1289 2259 ·
1331 2228 1527 2297 γείτων
1557 2227 1614 2280 δὲ
1652 2224 1839 2297 ὥσπερ
1867 2225 1963 2281 καὶ

364 2322 487 2394 μετ’
507 2324 690 2376 ἐκεῖνο
718 2321 885 2385 εὐθὺς
912 2323 945 2393 ἡ
970 2322 1049 2384 εἰς
1072 2320 1337 2389 ἀδελφοὺς
1367 2322 1460 2373 καί
1492 2320 1799 2391 ὁμογενεῖς,
1828 2333 1964 2389 προ-

360 2415 700 2487 εγκειμένης
731 2415 832 2487 τῆς
860 2416 941 2478 εἰς
970 2413 1166 2484 γονέας
1190 2412 1396 2476 αἰδοῦς.
1441 2414 1528 2465 Ἐν
1558 2412 1751 2482 κόσμῳ
1772 2411 1836 2480 δὴ
1866 2408 1962 2465 οὖν

359 2509 441 2578 τῷ
464 2508 733 2579 πρέποντι
768 2504 1016 2577 πρόεισιν
1044 2506 1177 2577 ἡμῖν
1209 2506 1236 2558 ὁ
1268 2503 1460 2573 Λόγος,
1493 2503 1631 2575 μετά
1662 2520 1726 2571 γε
1758 2504 1858 2574 τὴν
1881 2506 1963 2567 εἰς

360 2601 501 2654 Θεὸν
536 2599 850 2665 εὐσέϐειαν,
902 2600 998 2653 καὶ
1027 2599 1086 2652 τὸ
1113 2598 1193 2662 είς
1222 2597 1417 2666 γονέας
1441 2598 1673 2659 εὐλαϐὲς
1697 2638 1712 2661 ,
1746 2598 1828 2650 ὃτι
1859 2598 1962 2669 τῆς

361 2692 670 2755 ἐπιεικείας
695 2691 965 2764 προσήκει
984 2691 1086 2763 τὴν
1103 2688 1330 2756 ἔνδειξιν
1354 2689 1448 2741 καὶ
1464 2689 1543 2751 εἰς
1570 2688 1789 2759 ἐτέρους
1815 2691 1963 2761 ἡμᾶς

362 2784 641 2840 ποιεῖσθαι
679 2782 1033 2856 παρεγγυῶν.
1082 2782 1344 2853 Πανταχῆ
1387 2780 1499 2855 γὰρ
1547 2783 1575 2834 ὁ
1610 2781 1816 2854 νόμος,
1862 2782 1962 2855 τῆς

364 2879 619 2951 ἰσότητος
648 2880 887 2950 προνοεῖ,
924 2877 1016 2930 καὶ
1048 2877 1253 2948 ἀκριϐῆ
1289 2876 1385 2930 τοῦ
1438 2876 1651 2931 δικαίου
1688 2876 1961 2931 ποιεῖσθαι

360 2974 463 3047 τὴν
489 2972 748 3044 βάσανον,
778 2972 973 3042 ὁρᾶται
1006 2969 1373 3042 θεσμοθετῶν.
1420 2968 1732 3040 Γέγραπται
1761 2970 1870 3042 γὰρ
1905 2972 1962 3022 ἐν

361 3063 795 3136 Δευτερονομίῳ·
833 3084 851 3115 ι
883 3063 995 3117 Ούκ
1021 3061 1174 3116 ἔσται
1195 3064 1253 3117 ὲν
1270 3062 1348 3135 τῷ
1380 3063 1687 3136 μαρσίππῳ
1712 3080 1807 3117 σου
1832 3063 1962 3117 στά-

362 3156 527 3231 θμιον
556 3157 753 3229 μέγαῆ
775 3156 995 3228 μικρόν·
1018 3156 1284 3227 στάθμιον
1301 3155 1553 3228 ἀληθινὸν
1570 3156 1779 3211 δίκαιον
1806 3156 1958 3212 ἔσται

2067 1946 2368 2017 telligatur,
2391 1957 2448 2004 et
2478 1950 2534 2003 in
2555 1949 2767 2020 justitia
2795 1967 2897 2007 nos
2916 1952 3238 2021 constituit;
3270 1956 3435 2030 244
3452 1967 3508 2014 at
3530 1976 3666 2015 vero

2065 2040 2378 2111 evangelica
2405 2041 2697 2114 disciplina
2736 2059 2901 2115 supra
2945 2044 3053 2101 hoc
3091 2056 3357 2117 praeterea
3384 2052 3660 2122 perducit.

2067 2130 2208 2186 Sunt
2236 2142 2421 2189 autem
2448 2136 2677 2206 justitiae
2708 2153 2932 2209 genera,
2956 2138 3200 2211 primum
3229 2142 3452 2212 quidem
3482 2145 3666 2202 honor

2065 2233 2121 2279 et
2150 2240 2305 2281 amor
2332 2241 2461 2297 erga
2489 2244 2639 2294 eum,
2664 2230 2758 2300 qui
2778 2245 2923 2286 unus
2947 2247 3015 2286 ac
3036 2242 3233 2289 natura
3256 2234 3401 2292 Deus
3426 2246 3544 2304 est;
3574 2241 3663 2293 vi.

2065 2316 2227 2372 cinus
2247 2325 2354 2380 est,
2390 2327 2446 2373 et
2470 2319 2601 2375 huic
2629 2321 2914 2392 proximus
2944 2323 3036 2378 ille
3070 2339 3227 2380 amor
3260 2326 3317 2381 in
3354 2326 3576 2394 fratres,
3604 2340 3661 2385 et

2064 2408 2313 2478 ejusdem
2338 2413 2557 2482 generis
2591 2413 2864 2482 homines,
2892 2414 2965 2470 ita
2996 2425 3202 2484 tamen,
3231 2426 3291 2473 ut
3316 2417 3370 2472 in
3401 2430 3663 2489 parentes

2066 2502 2379 2558 reverentia
2410 2504 2625 2559 caeteris
2665 2515 3036 2576 praeponatur.
3082 2494 3660 2585 Convenienti’igitur

2064 2594 2260 2651 ordine
2283 2593 2571 2666 Scriptura
2594 2596 2967 2668 progreditur,
2996 2613 3121 2653 cum
3156 2608 3282 2669 post
3305 2600 3563 2672 pietatem
3604 2605 3658 2658 in

2063 2687 2259 2754 Deum,
2309 2697 2366 2744 et
2412 2705 2540 2761 erga
2583 2700 2839 2761 parentes
2886 2695 3279 2760 reverentiam,
3323 2695 3381 2750 in
3430 2704 3662 2753 Caeteros

2062 2794 2283 2851 quoque
2307 2781 2561 2837 homines
2588 2783 2867 2854 specimen
2897 2785 3194 2855 probitatis
3212 2803 3315 2845 nos
3331 2788 3497 2846 edere
3520 2806 3663 2862 pne-

2063 2873 2216 2943 cipit.
2248 2874 2463 2929 Etenim
2497 2875 2704 2947 ubique
2750 2877 2840 2933 lex
2880 2893 3070 2934 curam
3100 2881 3432 2952 aequalitatis
3469 2883 3657 2950 halm,

2061 2972 2116 3018 et
2138 2973 2451 3021 accuratam
2478 2968 2710 3037 justitia:
2734 2969 3008 3026 rationem
3027 2971 3338 3029 habendam
3363 2990 3487 3032 esse
3501 2991 3662 3047 aper-

2065 3064 2115 3110 te
2148 3055 2418 3111 decernit.
2462 3057 2742 3129 Scriptum
2769 3073 2855 3119 cst
2883 3063 3033 3117 enim
3073 3064 3131 3119 in
3176 3066 3606 3125 Deuteronomio
3639 3088 3655 3124 :

2070 3166 2087 3197 ‹
2125 3148 2246 3202 Non
2276 3150 2385 3204 erit
2419 3150 2476 3205 in
2498 3152 2719 3207 sacculo
2744 3162 2837 3208 tuo
2866 3154 3085 3224 pondus
3121 3172 3380 3228 magnum
3405 3166 3501 3214 aut
3526 3175 3657 3231 par-

363 3266 469 3317 σοι,
486 3252 583 3305 καὶ
603 3251 803 3322 μέτρον
819 3250 1068 3322 ἀληθινὸν
1090 3250 1299 3304 δίκαιον
1330 3249 1485 3304 ἔσται
1508 3266 1611 3313 σοι,
1666 3250 1754 3303 ἵνα
1788 3249 1954 3303 πολυ-

2063 3256 2189 3294 vum
2218 3258 2229 3293 :
2257 3241 2475 3310 pondus
2500 3257 2696 3299 verum
2725 3252 2783 3299 et
2799 3245 3012 3316 justum
3046 3247 3120 3301 sit
3148 3247 3273 3313 tibi,
3310 3258 3367 3305 et
3398 3230 3658 3308 mensura

360 3342 574 3413 ήμερος
589 3341 724 3414 γένῃ
744 3340 837 3394 ἐπὶ
858 3341 958 3410 τῆς
980 3341 1103 3412 γῆς,
1132 3334 1199 3411 ἧς
1224 3339 1427 3412 Κύριος
1453 3342 1481 3395 ὁ
1500 3340 1631 3405 Θεός
1653 3357 1746 3394 σου
1774 3340 1961 3395 δίδωσί

362 3450 447 3486 σοι
473 3435 535 3485 ἐν
569 3432 760 3503 κλήρῳ
781 3472 796 3497 ,
824 3433 907 3486 ὅτι
934 3433 1215 3504 βδέλυγμα
1247 3433 1441 3505 Κυρίῳ
1467 3433 1546 3503 τῷ
1573 3431 1694 3504 Θεῷ
1728 3449 1822 3487 σου
1851 3435 1961 3498 πᾶς

362 3524 536 3580 ποιῶν
563 3525 761 3593 ταῦτα,
796 3526 907 3590 πᾶς
934 3525 1106 3580 ποιῶν
1138 3527 1344 3581 ἄδικον.
1397 3545 1416 3578 ι
1465 3526 1576 3581 Καὶ
1608 3524 1772 3579 πάλιν
1796 3526 1855 3579 ὲν
1880 3524 1960 3597 τῷ

360 3616 667 3689 Λευῖτικῷο
706 3635 725 3669 ι
775 3616 867 3671 Ἐν
904 3617 1125 3688 μέτροις
1162 3619 1259 3672 καὶ
1295 3617 1597 3691 σταθμίοις,
1638 3617 1733 3673 καὶ
1774 3616 1960 3687 ζυγοῖς

359 3706 507 3778 ζυγὰ
538 3708 748 3773 δίκαια,
785 3709 881 3762 καὶ
912 3709 1156 3780 στάθμια
1186 3709 1375 3764 δίκαια
1396 3753 1411 3776 ,
1446 3712 1544 3765 καὶ
1579 3708 1709 3782 χοῦς
1750 3709 1958 3774 δίκαιος

360 3797 520 3853 ἔσται
567 3816 672 3853 σοι.
731 3817 750 3850 ι
799 3797 1038 3869 Μέτροις
1068 3797 1126 3852 δὲ
1167 3800 1266 3853 καὶ
1310 3798 1600 3870 σταθμίοις
1632 3801 1729 3853 καὶ
1774 3789 1958 3870 ζυγοῖς

360 3891 637 3964 παρισοῦν
673 3886 733 3946 εὖ
786 3891 934 3961 μάλα
978 3891 1080 3961 τῆς
1130 3890 1485 3964 δικαιοσύνης
1533 3892 1660 3955 τοὺς
1722 3891 1958 3961 τρόπους

357 3985 626 4058 ἠπείγετο
655 3984 750 4039 καὶ
780 3985 927 4056 μάλα
951 3984 1158 4056 ὀρθῶς⁶
1188 3985 1315 4048 νοῦς
1338 3984 1447 4055 γὰρ
1471 3984 1633 4047 εὐθύς
1657 4001 1715 4038 τε
1749 3984 1846 4038 καὶ
1872 4000 1958 4053 φι-

358 4079 631 4144 λοδίκαιος
656 4077 975 4133 ταλαντεύει
1007 4076 1213 4146 τρόπον
1245 4078 1367 4131 τινὰ
1397 4079 1493 4132 καὶ
1515 4077 1816 4148 άναμετρεῖ
1846 4075 1957 4129 τῶν

359 4171 714 4245 πραγμάτων
759 4170 859 4233 τὰς
906 4171 1129 4241 φύσεις,
1170 4170 1266 4222 καὶ
1302 4169 1395 4224 τὸν
1443 4169 1545 4241 τῆς
1577 4167 1823 4238 ἰσότητος
1857 4166 1955 4237 βα-

358 4263 574 4329 σανίζει
601 4263 782 4333 λόγον,
812 4259 1141 4335 λεπτότερόν
1164 4279 1224 4316 τε
1248 4260 1343 4316 καὶ
1364 4260 1780 4334 ἀκριϐέστερον,
1813 4261 1957 4332 ἤπερ
1986 4342 1989 4345 Ι

356 4353 426 4409 ἂν
455 4354 627 4409 οἴοιτό
654 4370 741 4417 τις
769 4355 894 4418 τοὺς
921 4354 1016 4407 ἐπὶ
1054 4354 1391 4422 πλάστιγγος
1416 4352 1513 4406 καὶ
1552 4350 1744 4421 ζυγοῦ,
1781 4348 1843 4404 τὺ
1871 4349 1957 4403 νό-

360 4464 549 4519 μισμα
603 4444 1039 4517 δοκιμάζοντας·
1086 4447 1377 4517 ἐπιμετρεῖ
1410 4442 1466 4498 δὲ
1502 4443 1693 4515 ὥσπερ
1739 4442 1957 4512 ἑκάστῳ

355 4541 470 4594 τῶν
506 4538 907 4611 θεωρουμένων
934 4539 994 4593 τὸ
1022 4540 1105 4593 ὅτι
1138 4538 1376 4611 μάλιστα
1402 4535 1611 4608 πρέπον
1635 4533 1806 4605 αύτῷ,
1831 4531 1955 4588 οὔτε

354 4632 437 4705 τῷ
456 4630 707 4703 περιττῷ
727 4631 828 4703 τῆς
850 4630 1115 4704 ἀκριϐοῦς
1142 4629 1388 4702 ἰσότητος
1414 4626 1711 4700 παραλύων
1735 4626 1953 4691 κάλλος,

354 4722 484 4776 οὔτε
514 4721 625 4793 μὴν
657 4723 724 4792 τῇ
760 4720 901 4793 πρὸς
940 4720 1004 4774 τὸ
1036 4722 1190 4789 μεῖον
1232 4716 1504 4788 ύποιρορᾷ,
1535 4715 1958 4787 παραχαράττε-

356 4814 487 4869 σθαι
511 4812 820 4884 συγχωρῶν
844 4812 906 4865 τὸ
933 4804 1010 4876 ὡς
1032 4813 1090 4864 ὲν
1120 4812 1328 4882 ἰσότητι
1356 4808 1600 4882 διαρκές.
1628 4809 1812 4863 Ἔστω
1841 4808 1956 4860 τοί-

354 4926 453 4962 νυν
475 4908 622 4975 ζυγὰ
645 4906 740 4959 καὶ
762 4904 1001 4975 στάθμια
1015 4904 1220 4970 δίκαια,
1242 4905 1337 4958 καὶ
1359 4903 1489 4975 χοῦς
1509 4900 1738 4967 δίκαιος,
1765 4900 1953 4972 φησίν·

355 4997 468 5054 εἷεν
502 4998 549 5051 δ’
584 4997 672 5065 ἂν,
697 4993 874 5068 οἶμαι,
919 4997 1099 5060 ταυτὶ,
1126 4995 1284 5050 τύποι
1313 4998 1460 5061 τινὲς
1498 4996 1689 5069 ὥσπερ
1730 4995 1823 5050 καὶ
1849 4995 1954 5065 ὲμη

354 5082 509 5161 φοινῆ
538 5087 966 5160 παραδείγματα
991 5129 1006 5153 ,
1031 5086 1269 5159 τρόπους
1300 5088 1433 5160 ἡμῖν
1469 5087 1860 5157 ὑποφαίνοντα,
1884 5083 1954 5137 δι’

350 5177 543 5255 ὧνπερ
573 5180 641 5237 ἂν
683 5183 816 5253 ἡμῖν
851 5183 880 5235 ὁ
909 5180 1009 5251 τῆς
1043 5178 1309 5254 ἀκριϐοῦς
1353 5180 1600 5252 ἰσότητος
1632 5175 1955 5249 διερευνῷτο

352 5277 515 5346 λόγος
536 5317 551 5341 ,
589 5274 685 5329 καὶ
714 5275 748 5346 ἡ
781 5272 884 5344 τῆς
926 5271 1279 5343 δικαιοσύνης
1315 5273 1675 5341 ἀναφανεῖται
1722 5269 1949 5339 γνῶσις.

352 5369 522 5432 Σύνες
540 5366 598 5421 δὲ
624 5366 707 5420 ὅτι
732 5366 1135 5436 συμμετρεῖται
1183 5364 1283 5435 μὲν
1309 5363 1380 5419 τά
1413 5367 1471 5420 ὲν
1490 5364 1665 5436 νόμῳ,
1699 5364 1796 5418 καὶ
1825 5364 1952 5436 ὅρον

349 5460 469 5533 ἔχει
498 5459 602 5532 τὴν
629 5454 1006 5527 δικαιοσύνην,
1031 5454 1258 5508 πλουτεῖ
1279 5454 1337 5508 δὲ
1362 5455 1424 5509 τὸ
1449 5455 1659 5529 μεῖζον,
1693 5454 1790 5509 καὶ
1814 5454 1950 5508 πολὺ

348 5555 417 5631 δὴ
450 5554 575 5609 λίαν
613 5550 877 5606 ἐπέκεινα
914 5548 1099 5622 τρέχει
1136 5546 1208 5600 τὰ
1246 5547 1338 5601 διά
1364 5547 1625 5620 Χριστοῦ.
1656 5538 1810 5619 Πέρα
1843 5548 1951 5618 γὰρ

348 5647 563 5703 δικαίου
591 5645 651 5699 τὸ
670 5642 896 5714 ἀγαθὸν,
916 5642 1185 5705 τουτέστι,
1216 5639 1316 5709 τῆς
1339 5640 1397 5693 ὲν
1416 5639 1641 5712 Χριστῷ
1674 5638 1951 5701 πολιτείας

350 5743 385 5814 ἡ
411 5740 567 5806 δόξα.

416 5837 458 5868 ⁸³
493 5835 513 5891 l
542 5836 670 5892 Cor.
704 5849 819 5895 xm,
847 5831 960 5885 πε.
1038 5831 1083 5862 δ’
1102 5829 1266 5885 Prov.
1297 5844 1407 5893 xvr,
1436 5829 1489 5884 5.

683 5926 954 5986 ΡΑτιιοι..
989 5924 1107 5987 Gn.
1147 5921 1429 5984 LXVI“.

2065 3349 2196 3388 vera
2220 3343 2276 3387 ct
2292 3334 2441 3405 justa
2464 3334 2537 3389 sit
2560 3334 2685 3401 tibi,
2710 3344 2773 3391 ut
2794 3337 3077 3408 longaevus
3098 3339 3176 3401 sis
3196 3339 3254 3395 in
3277 3348 3448 3408 terra,
3490 3359 3658 3413 quam

2064 3424 2331 3481 Dominus
2358 3427 2504 3481 Deus
2536 3435 2666 3483 tuus
2695 3427 2789 3483 dat
2824 3428 2925 3483 tibi
2967 3428 3022 3484 in
3061 3430 3487 3499 possessionem,
3527 3436 3659 3505 quia

2063 3516 2399 3574 abominatio
2416 3527 2501 3574 est
2522 3520 2755 3577 Domino
2774 3522 2887 3577 Deo
2913 3529 3008 3577 tuo
3028 3524 3228 3588 omnis,
3252 3525 3348 3595 qui
3367 3525 3499 3583 facit
3516 3527 3653 3589 hate.

2062 3613 2264 3675 omnis,
2290 3614 2383 3685 qui
2420 3615 2771 3686 iniquitatem
2799 3617 2932 3672 facit
2954 3617 3021 3672 ".
3071 3638 3090 3668 ι
3119 3618 3188 3672 Εῑ
3213 3618 3417 3675 iterum
3457 3620 3517 3676 in
3547 3620 3658 3678 Lc-

2061 3706 2231 3760 ritico
2262 3724 2275 3760 :
2310 3726 2328 3753 ι
2366 3707 2426 3762 In
2459 3709 2763 3775 mensuris,
2803 3718 2861 3765 et
2898 3710 3260 3781 ponderibus,
3302 3720 3359 3767 et
3397 3715 3653 3781 statcris;

2063 3806 2282 3855 staterae
2311 3800 2494 3871 justae.
2536 3808 2593 3855 et
2624 3800 2871 3873 pondera
2906 3804 3076 3873 justa,
3119 3812 3176 3858 et
3210 3819 3468 3861 mensura
3506 3807 3657 3879 justa

2062 3891 2174 3946 sint
2199 3891 2299 3947 tibi
2320 3891 2383 3945 “.
2418 3912 2435 3945 ι
2473 3892 2748 3949 Mensuris
2771 3893 2941 3966 igitur
2961 3902 3018 3951 et
3039 3895 3380 3966 ponderibus
3405 3904 3461 3952 et
3492 3906 3658 3954 state-

2063 3984 2141 4038 ris
2172 3982 2465 4054 diligenter
2492 3999 2815 4056 comparare
2837 3986 3067 4057 justitia:
3092 4002 3295 4058 genera
3332 3987 3564 4053 studuit,
3598 4000 3657 4046 et

2060 4071 2282 4142 quidem
2309 4072 2549 4143 optime;
2574 4073 2794 4129 animus
2821 4074 2968 4130 enim
3001 4084 3189 4130 rectus
3225 4084 3282 4131 et
3298 4076 3435 4148 justi
3461 4092 3654 4133 amans

2060 4161 2321 4233 appendit
2349 4161 2756 4232 quodammodo
2800 4171 2858 4217 et
2901 4163 3131 4218 metitur
3176 4178 3366 4219 rerum
3404 4173 3651 4230 naturas,

2058 4262 2114 4309 et
2135 4252 2466 4324 aequalitatis
2492 4254 2764 4309 rationem
2811 4254 3072 4310 subtilius
3110 4263 3167 4309 et
3205 4256 3521 4312 accuratius
3552 4272 3652 4311 ex-

2058 4344 2250 4415 quirit,
2274 4360 2438 4415 quam
2468 4345 2505 4399 ii
2530 4344 2710 4400 facere
2735 4353 3018 4416 putantur,
3046 4344 3142 4416 qui
3168 4346 3227 4401 in
3246 4347 3405 4402 lance
3429 4355 3487 4402 et
3508 4346 3650 4403 libra

2058 4439 2350 4509 pecuniam
2379 4438 2637 4509 probant,
2666 4448 2721 4494 et
2756 4438 2985 4509 singulis
3008 4437 3195 4504 rebus,
3233 4452 3371 4509 quas
3399 4446 3652 4494 contem-

2062 4530 2262 4601 platur,
2298 4530 2432 4602 quid
2466 4532 2702 4587 maxime
2744 4529 2955 4595 deceat,
2996 4531 3313 4596 admetitur,
3348 4544 3530 4602 neque
3558 4545 3651 4585 re-

2061 4623 2365 4679 dundantia
2427 4624 2759 4694 aequalitatis
2813 4623 3103 4693 exquisitae
3177 4622 3648 4695 pulchritudinem

2058 4715 2398 4785 corrumpit;
2431 4730 2610 4786 neque
2635 4731 2829 4772 rursus
2852 4715 3241 4771 imminutione
3266 4714 3320 4770 id
3346 4716 3650 4772 adulterari

2059 4807 2211 4873 sinit,
2244 4807 2393 4879 quod
2416 4818 2501 4863 est
2521 4808 2851 4879 aequalitatis
2875 4809 3085 4864 ratione
3114 4809 3268 4863 satis.
3304 4807 3427 4863 Sint
3461 4811 3651 4879 itaque

2059 4910 2279 4957 staterae
2303 4911 2359 4956 et
2392 4902 2636 4973 pondera
2656 4903 2827 4973 justa,
2858 4910 2915 4958 et
2945 4917 3203 4958 mensura
3236 4902 3408 4972 justa,
3450 4901 3650 4970 inquit.

2061 4993 2187 5049 llrec
2209 5003 2415 5058 autem,
2441 5003 2501 5049 ut
2521 4994 2739 5066 opinor,
2758 5002 3019 5064 tanquam
3042 4993 3228 5064 ﬁgurae
3251 4992 3500 5062 quaedam
3522 5001 3654 5046 sunt

2060 5089 2118 5135 et
2158 5084 2406 5153 exempla
2450 5084 2762 5154 perspicua,
2808 5098 2932 5153 qua:
2979 5081 3173 5137 modos
3212 5081 3376 5136 nobis
3416 5080 3652 5136 demon-

2061 5180 2258 5237 strant,
2290 5190 2391 5244 per
2430 5188 2570 5245 quos
2602 5190 2632 5229 a
2655 5173 2817 5227 nobis
2853 5179 3123 5227 accuratas
3148 5169 3479 5242 mqualitatis
3511 5172 3653 5225 ratio

2061 5263 2407 5333 exquiratur,
2445 5272 2503 5319 et
2533 5263 2763 5335 justitia:
2796 5261 3038 5333 cognitio
3071 5268 3354 5332 appareat.
3385 5260 3651 5318 Animad-

2061 5364 2216 5411 verte
2250 5366 2434 5412 autem
2457 5371 2544 5422 ea,
2570 5369 2695 5427 quae
2723 5361 2853 5408 sunt
2886 5354 2938 5408 in
2967 5353 3086 5424 lege
3112 5352 3450 5419 mensurari,
3482 5364 3540 5410 et
3559 5354 3653 5425 jn-

2059 5448 2210 5504 stitia
2237 5456 2496 5519 tanquam
2523 5448 2632 5502 line
2663 5444 2980 5510 terminari;
3005 5460 3124 5501 esse
3147 5454 3332 5514 autem
3361 5446 3650 5517 ampliora.

2059 5556 2182 5610 quae
2220 5556 2319 5610 per
2356 5539 2637 5595 Christum
2675 5538 2876 5593 tradita
2920 5544 3070 5600 sunt,
3117 5546 3176 5591 et
3219 5535 3380 5609 longe
3417 5536 3655 5592 ulterius

2060 5632 2345 5706 progredi;
2381 5648 2510 5688 nam
2542 5632 2618 5698 id,
2644 5631 2790 5703 quod
2823 5632 3034 5701 justum
3065 5636 3171 5695 est,
3196 5644 3227 5684 a
3252 5628 3418 5693 bono,
3453 5625 3509 5681 id
3543 5635 3650 5691 est,

2058 5743 2089 5783 a
2122 5725 2909 5801 Christianaeponversationis
2934 5723 3105 5795 gloria
3125 5763 3140 5785 ,
3165 5721 3471 5779 exceditur.

1564 5830 1608 5860 ⁸⁸³
1639 5829 1800 5883 Deut.
1846 5843 1970 5891 xw,
1995 5824 2179 5879 13-16.
2239 5824 2279 5855 ’⁸³
2314 5823 2490 5878 chit.
2519 5837 2631 5887 nx,
2655 5822 2743 5876 35.

3300 5908 3365 5969 l7
