4104 6432
452 376 555 433 59.3

1472 365 1527 420 S.
1569 364 1847 420 CYRILLI
1883 361 2353 418 ALEXANBNNI
2392 362 2709 419 ARCHIEP.

3618 364 3728 420 5'25

522 494 721 553 PALL.
747 490 1012 549 Praeclare
1042 489 1159 544 ais:
1189 484 1413 540 memini
1437 484 1587 538 enim
1613 483 1702 547 iis,
1724 481 1819 554 qui
1849 483 1905 537 in
1934 480 2040 536 tlde

2212 480 2423 535 HAAA.
2454 477 2527 534 Εὖ
2554 480 2752 549 λέγεις.
2792 479 3158 551 Μεμνήσομαι
3181 479 3289 553 γὰρ
3319 483 3431 544 τοῖς
3453 482 3513 534 ἐν
3546 482 3729 534 πίστει

448 585 733 663 iustiﬁcati
758 590 935 648 erant,
967 579 1254 637 Christum
1282 583 1472 647 aperte
1506 573 1713 630 dixisse
1739 593 1752 628 :
1776 594 1812 657 ἢ(
1850 574 2044 663 funeri,

2149 571 2589 643 δεδικαιωμένοις
2633 571 2934 634 διειπὸντος
2961 569 3231 642 Χριστοῦ·
3273 591 3292 622 ι
3341 571 3532 642 Ἀμὴν,
3556 571 3726 641 ἀμὴν,

453 652 615 738 amen
640 678 764 733 dico
791 674 967 737 vobis,
998 670 1105 726 nisi
1130 667 1294 741 245
1327 665 1695 723 abundaverit
1710 652 1925 738 iustitia
1955 681 2041 720 vc-

2148 664 2291 733 λέγω
2330 665 2483 736 ὑμῖν,
2525 663 2620 717 ἐὰν
2657 663 2733 734 μὴ
2774 664 3111 735 περισσεύσῃ
3148 664 3183 735 ἡ
3217 663 3534 734 δικαιοσύνη
3574 664 3733 733 ὑμῶν

451 782 563 829 stra
595 769 720 841 plus
739 780 904 838 quam
929 762 1249 819 Scribarum
1272 768 1329 814 et
1352 757 1780 824 Pharismorum,
1819 771 1929 812 non
1955 756 2043 810 in-

451 861 667 918 trabitis
706 859 763 914 in
789 869 1020 929 regnum
1043 852 1314 909 caelorum
1334 850 1403 903 “.
1439 868 1459 903 ι

517 951 676 1009 CYR.
704 949 813 1004 Sed
834 949 952 1003 hac
974 945 1199 1017 quidem
1230 942 1297 998 ad
1319 942 1471 997 hunc
1492 939 1719 996 modum
1742 937 2044 994 constituta

449 1046 577 1102 sint.
601 1044 719 1100 Jam
743 1083 758 1109 ,
783 1041 830 1097 si
860 1041 937 1095 ita
976 1038 1200 1093 videtur
1220 1076 1235 1100 ,
1269 1033 1521 1089 Mosaicae
1557 1031 1853 1103 probitatis
1884 1046 2042 1085 men-

448 1152 668 1202 suram,
713 1142 770 1191 et
813 1131 1044 1205 iustitia
1087 1127 1391 1185 secundum
1435 1126 1613 1196 legem
1649 1124 1879 1195 gloriam
1918 1139 2045 1194 per-

445 1227 813 1299 vestigemus:
839 1223 936 1294 qui
960 1220 1108 1276 enim
1129 1217 1357 1292 iustitiae
1378 1215 1749 1288 cognitionem
1774 1214 2041 1284 consequi

446 1327 595 1374 recte
618 1316 837 1381 studet,
862 1322 1029 1384 atque
1054 1312 1110 1367 in
1130 1309 1423 1382 diligendis
1444 1308 1745 1374 fratribus,
1768 1309 2041 1364 excellere

446 1423 706 1482 maguum
743 1414 930 1480 putat,
961 1421 1089 1461 eum
1131 1404 1351 1458 ﬁrmum
1377 1416 1441 1456 ac
1465 1400 1715 1477 stabilem
1739 1441 1756 1466 ,
1802 1399 2041 1471 denique

445 1504 644 1570 talem,
667 1501 849 1573 qualis
892 1513 1084 1554 revera
1108 1504 1223 1563 est,
1254 1494 1495 1567 spectari
1518 1493 1708 1560 decet,
1744 1510 1855 1549 non
1881 1493 2039 1548 inﬁr-

446 1610 600 1650 mum
627 1608 692 1649 ac
714 1593 894 1648 levem
912 1633 927 1658 ,
963 1605 1142 1660 neque
1186 1587 1371 1643 fucata
1396 1586 1671 1658 probitate
1697 1585 1992 1657 praeditum
2019 1628 2035 1653 ,

447 1704 511 1743 ac
532 1687 703 1743 veluti
729 1685 847 1741 ovis
889 1684 1031 1755 pelle
1070 1681 1185 1753 lupi
1211 1680 1445 1736 formam
1490 1685 1906 1749 contegentcm,
1940 1677 2036 1733 sed

448 1778 637 1848 potius
658 1776 799 1842 niti,
842 1783 902 1829 ut
929 1773 1133 1829 nudam
1160 1779 1217 1826 et
1258 1770 1711 1842 reprehensionis
1751 1777 2034 1840 expertem

2148 754 2315 810 πλέον
2340 754 2449 808 τῶν
2473 754 2854 825 Γραμματέων
2883 756 2978 809 καὶ
3002 753 3336 828 Φαρισαίων,
3363 755 3426 808 οὑ
3448 754 3526 827 μὴ
3555 756 3733 809 εἰσέλ-

2145 848 2273 920 θητε
2306 849 2386 912 εἰς
2414 847 2515 919 τὴν
2538 846 2815 918 βασιλείαν
2838 846 2948 901 τῶν
2976 847 3243 920 οὐρανῶν.
3275 866 3295 898 ι

2214 935 2377 993 ΚΥΡ.
2422 937 2564 990 Ἀλλ’
2600 930 2703 990 ὧδε
2736 938 2834 1007 μὲν
2862 939 2998 1009 ἡμῖν
3027 938 3201 1009 ἐχέτω
3230 939 3419 993 ταυτί·
3452 940 3733 1013 πολυπρα-

2143 1027 2437 1098 γμονῶμεν
2477 1027 2555 1094 δὲ,
2604 1028 2653 1080 εί
2694 1027 2863 1091 δοκεῖ,
2911 1029 3010 1100 τῆς
3067 1029 3374 1102 Μωᾶαῑκῆς
3421 1033 3735 1098 ἐπιεικείας

2143 1118 2210 1170 τὸ
2260 1118 2479 1190 μέτρον,
2530 1118 2622 1172 καὶ
2673 1118 2772 1189 τῆς
2827 1117 2970 1173 κατὰ
3014 1118 3178 1190 νόμον
3249 1121 3602 1193 δικαιοσύνης
3632 1124 3737 1197 τὴν

2141 1208 2301 1273 δόξαν
2322 1227 2334 1240 ·
2366 1209 2457 1263 τὸν
2489 1211 2682 1282 γάρτοι
2710 1211 3021 1285 φιλοθηρεῖν
3055 1210 3148 1266 τοῦ
3195 1211 3544 1285 δικαίου’τὴν
3584 1216 3728 1284 γνῶ-

2143 1318 2226 1355 σιν
2268 1300 2538 1372 ὀρθότατα
2580 1302 3029 1369 διεσπουδακότα,
3081 1306 3176 1359 καὶ
3232 1306 3341 1379 μὴν
3378 1309 3474 1362 καὶ
3516 1310 3578 1362 τὸ
3612 1311 3733 1365 δια-

2141 1391 2374 1464 πρέπειν
2424 1394 2483 1448 ἐν
2535 1394 2815 1467 ἀγαπήσει
2869 1397 3032 1468 τυχὸν
3086 1401 3151 1469 τῇ
3214 1399 3351 1470 πρὸς
3381 1401 3645 1469 ἀδελφοὺς
3672 1405 3734 1456 ἐν

2139 1485 2285 1557 λόγῳ
2337 1489 2730 1560 πεποιημένον,
2778 1492 2996 1564 ἀσφαλῆ
3042 1510 3103 1546 τε
3147 1494 3243 1548 καὶ
3290 1494 3584 1567 βεϐηκότα,
3638 1498 3734 1551 καὶ

2138 1580 2278 1651 ὅπερ
2307 1581 2455 1636 ἐστὶν
2489 1581 2727 1653 ἀληθῶς,
2755 1583 2987 1656 ὁρᾶσθαι
3020 1585 3242 1656 πρέπει,
3284 1588 3387 1641 οὑκ
3412 1588 3733 1643 εὐκατάσει-

2139 1687 2283 1739 στον,
2318 1673 2436 1727 οὐδὲ
2474 1673 2729 1747 ἐλαφρὸν,
2764 1676 2827 1729 οὐ
2853 1677 3233 1732 κατάπλαστον
3277 1677 3471 1751 ἔχοντα
3503 1680 3565 1734 τὸ
3592 1699 3731 1754 χρη·
3810 1716 3815 1721 -

2138 1762 2283 1829 στὸν,
2310 1766 2403 1818 καὶ
2430 1764 2619 1839 ὥσπερ
2646 1767 2757 1832 δῖος
2784 1768 2863 1839 τῷ
2885 1770 3065 1841 κωδίῳ
3093 1770 3452 1836 κατασκιάζει
3481 1773 3734 1828 ἐθέλοντα

449 1841 677 1924 suorum
701 1882 918 1923 morum
956 1864 1267 1921 libertatem
1293 1841 1560 1928 retineat;
1588 1860 1821 1930 ideoque
1863 1860 2041 1930 inquit

2143 1855 2240 1926 τὴν
2264 1855 2430 1910 λύκου
2464 1857 2699 1929 μορφὴν,
2736 1859 2939 1930 μᾶλλον
2978 1861 3037 1915 δὲ
3071 1863 3286 1934 γυμνὴν
3329 1865 3424 1918 καὶ
3468 1865 3732 1938 ἀνεπίλη-

448 1962 579 2017 lcx:
616 1980 634 2013 ι
662 1960 782 2015 Non
829 1956 1141 2014 ambulabis
1180 1954 1369 2010 dolose
1407 1954 1464 2008 in
1505 1961 1665 2024 gente
1691 1960 1814 2017 tua,
1859 1967 2040 2022 neque

447 2047 635 2102 oderis
677 2046 903 2101 fratrem
950 2053 1103 2099 tuum
1148 2043 1207 2097 in
1254 2041 1424 2097 corde
1473 2050 1569 2095 tuo
1612 2040 1676 2094 “.
1710 2061 1727 2091 ι
1776 2041 2040 2097 Eamdem

447 2153 665 2209 quoque
709 2152 825 2193 rem
872 2138 1034 2193 aliter
1073 2136 1271 2208 ponit:
1328 2153 1346 2185 ί
1394 2133 1463 2188 Ει
1508 2142 1692 2198 veste,
1739 2132 2042 2203 inquit,ex

447 2230 665 2285 duobus
712 2238 856 2284 texta
901 2243 1011 2283 non
1060 2226 1312 2283 indueris
1335 2225 1399 2279 ⁸⁷.
1433 2244 1449 2275 ι
1482 2225 1549 2280 Ει
1593 2240 1824 2279 rursus:
1860 2244 1878 2276 ι
1919 2224 2040 2279 Νοιι

447 2323 642 2378 indues
684 2321 1050 2377 adulteratam
1087 2327 1298 2375 vestem
1329 2333 1397 2374 ex
1440 2318 1563 2372 lana
1605 2316 1829 2387 linoque
1875 2316 2040 2372 simul

445 2412 752 2468 confectam
777 2410 844 2465 δ’.
874 2429 895 2463 ›
924 2408 1322 2467 Gravissimum
1346 2406 1495 2462 enim
1530 2421 1660 2461 sane
1684 2407 1897 2461 crimen
1920 2415 2039 2472 est,

443 2513 502 2559 et
528 2503 620 2559 cui
666 2502 817 2557 nulla
867 2500 1232 2572 reprehensio
1272 2499 1346 2556 sit
1381 2499 1549 2563 satis,
1584 2496 1676 2552 illa
1700 2497 1756 2551 in
1782 2498 2042 2568 Opinione

444 2594 741 2666 probitatis
785 2592 1000 2647 fallacia
1031 2601 1090 2647 et
1113 2591 1304 2658 dolus;
1350 2603 1528 2660 eaque
1568 2603 1660 2667 res
1701 2597 1789 2644 est
1824 2589 1938 2644 Deo
1981 2588 2041 2643 in

446 2686 645 2756 primis
667 2684 858 2740 odiosa
880 2722 895 2748 ,
921 2692 979 2739 et
1000 2691 1289 2755 cognatam
1300 2680 1417 2737 fere
1441 2695 1661 2752 semper
1684 2680 1852 2736 habet
1873 2680 2042 2735 animi

446 2776 858 2847 duplicitatem,
896 2783 954 2829 et
984 2773 1120 2829 illud
1165 2772 1455 2829 sententia
1499 2781 1759 2842 tanquam
1806 2772 2042 2828 biforme

445 2869 772 2938 variumque
836 2874 1192 2938 portentum;
1237 2865 1441 2936 quibus
1509 2865 1679 2920 rebus
1743 2880 1900 2920 mens
1948 2864 2040 2920 illa

446 2961 633 3016 divina
655 2968 712 3015 et
734 2958 1062 3015 immortalis
1083 2958 1151 3013 ad
1191 2959 1329 3012 iram
1379 2959 1616 3013 maxime
1636 2966 2037 3015 commovetur.

446 3052 597 3108 Dixit
633 3052 782 3108 enim
830 3058 979 3108 certe
1012 3050 1081 3106 de
1125 3049 1459 3121 quibusdam
1491 3069 1504 3104 ι
1539 3071 1557 3102 ι
1590 3050 1799 3121 Sagitta
1841 3051 2039 3107 vulne-

2144 1965 2277 2002 πτον
2312 1949 2456 2021 ἔχειν
2489 1952 2809 2021 ἐπείγεσθαι
2835 1953 2930 2008 τοῦ
2973 1954 3099 2008 ἰδίου
3122 1954 3331 2027 τρόπου
3360 1957 3459 2029 τὴν
3506 1959 3730 2012 ἐλευθε-

2145 2041 2287 2111 ρίαν.
2338 2041 2631 2113 Τοιγάρτοι
2671 2045 2836 2117 φησιν
2864 2048 2892 2100 6
2920 2047 3115 2118 νόμος·
3156 2068 3175 2099 ι
3203 2049 3278 2102 Οὑ
3310 2042 3563 2122 πορεύσῃΔ
3595 2050 3733 2122 δόλῳ

2141 2136 2200 2188 ἐν
2229 2134 2306 2187 τῶ
2349 2133 2493 2189 ἔθνει
2529 2153 2645 2201 σου,
2676 2138 2772 2190 καὶ
2817 2139 2880 2191 οὑ
2933 2141 3189 2212 μισήσεις
3219 2142 3311 2195 τὸν
3352 2142 3581 2213 ἀδελφόν
3634 2162 3733 2197 σου

2140 2228 2207 2298 τῇ
2244 2226 2444 2299 καρδία
2479 2244 2593 2283 σου.
2625 2249 2642 2282 ι
2688 2230 2886 2301 Τίθησί
2916 2249 2976 2285 τε
3013 2234 3107 2286 καὶ
3136 2233 3338 2305 ἑτέρως
3367 2235 3532 2289 αὑτό·
3563 2255 3582 2287 ι
3619 2238 3734 2290 Καὶ

2148 2316 2360 2387 ἱμάτιον
2407 2319 2537 2390 γὰρ,
2588 2320 2776 2392 φησὶν,
2825 2323 2891 2376 ὲκ
2919 2321 3013 2381 δύο
3055 2322 3365 2395 ὑφασμένον
3404 2324 3506 2379 οὑκ
3537 2326 3731 2380 ἐπιϐα-

2141 2408 2254 2473 λεῖς
2313 2410 2547 2482 σεαυτῷ·
2583 2431 2602 2464 ι
2641 2413 2736 2467 καὶ
2781 2413 2977 2469 πάλιν·
3032 2434 3050 2467 ι
3088 2418 3202 2470 Οὐκ
3236 2416 3433 2490 ἐνδύσῃ
3479 2418 3733 2492 κίϐδηλον

2141 2499 2287 2571 ἔριον
2333 2503 2427 2557 καὶ
2458 2503 2602 2558 λίνον
2635 2505 2695 2558 ἐν
2723 2504 2805 2576 τῷ
2839 2506 3008 2578 αὑτῷ.
3042 2525 3061 2559 ι
3101 2507 3390 2564 Πάνδεινον
3424 2510 3535 2582 γὰρ
3593 2510 3732 2584 άλη-

2142 2592 2252 2657 θῶς
2283 2593 2374 2648 κειὶ
2427 2594 2621 2666 μώμου
2660 2595 2863 2661 παντὸς
2891 2597 3172 2663 ἐπέκεινα,
3209 2601 3321 2663 τοῖς
3352 2600 3411 2655 ἐν
3449 2600 3718 2673 ὑπολήψει

2140 2689 2509 2759 χρηστότητος
2535 2687 2721 2761 ἀπάτη
2764 2689 2861 2744 καὶ
2882 2689 3032 2756 δόλος
3066 2707 3082 2722 ο
3133 2692 3225 2745 καὶ
3277 2692 3393 2747 ἔστι
3441 2693 3502 2748 τὸ
3542 2695 3733 2767 χρῆμα

2139 2778 2251 2832 τῶν
2298 2780 2441 2849 ἄγαν
2486 2781 2639 2853 παρὰ
2679 2779 2802 2853 Θεῷ
2848 2783 3368 2855 κατεστυγημένων,
3418 2787 3512 2839 καὶ
3565 2786 3733 2841 ἀδελο

2145 2870 2256 2943 φὴν
2292 2871 2415 2943 ἔχον
2459 2872 2547 2926 ἀεί
2580 2890 2699 2937 πως
2750 2872 2849 2946 τὴν
2889 2870 3162 2945 διψυχίαν,
3199 2876 3294 2930 καὶ
3332 2878 3394 2932 τὸ
3437 2879 3601 2933 οἱονεὶ
3634 2882 3733 2950 τῆς

2142 2963 2366 3034 γνώμης
2406 2965 2593 3034 διφυὲς
2643 2982 2703 3019 τε
2748 2966 2845 3020 καὶ
2891 2966 3348 3037 ἀλλοπρόσαλλον,
3388 2972 3474 3041 ἐφ’
3509 2966 3593 3037 οἷς
3643 2975 3731 3028 ὃτι

2146 3058 2382 3127 μάλιστα
2445 3056 2823 3129 καταθήγεται
2861 3059 3006 3131 ,πρὸς
3042 3060 3214 3132 ὀργὰς
3261 3064 3291 3117 6
3342 3062 3485 3128 θεῖός
3531 3082 3592 3118 τε
3639 3065 3734 3119 καὶ

447 3159 581 3199 rans
615 3142 801 3215 lingua
845 3157 1041 3198 eorum
1070 3160 1083 3195 :
1109 3141 1300 3198 dolosa
1348 3142 1497 3198 enim
1544 3151 1673 3197 sunt
1708 3142 1877 3198 verba
1923 3143 2039 3198 oris

457 3231 943 3251 --μμμψ-ηεμ,
1982 3248 2027 3251 μ

2143 3150 2418 3220 ἀκήρατος
2455 3148 2601 3214 νοῦς.
2646 3152 2791 3221 Ἔφη
2821 3151 2937 3224 γάρ.
2964 3169 3065 3206 που
3110 3153 3241 3226 περί
3271 3171 3435 3208 τινων
3457 3173 3472 3188 ·
3529 3175 3551 3207 r
3578 3156 3731 3220 Βολὶς

446 3247 670 3299 eorum;
696 3231 950 3302 proximo
992 3246 1094 3288 suo
1144 3231 1394 3301 loquitur
1417 3232 1644 3303 paciﬁca
1666 3275 1680 3299 ,
1705 3242 1762 3289 et
1785 3233 1929 3288 intra
1978 3248 2037 3289 se

446 3324 617 3381 habet
636 3323 977 3379 inimicitias.
1023 3323 1284 3396 Nunquid
1320 3339 1487 3397 super
1508 3326 1598 3382 bis
1622 3343 1735 3383 non
1757 3327 1993 3383 visitabo
2015 3328 2041 3381 ἲ

449 3413 589 3470 dicit
621 3413 923 3479 Dominus,
956 3422 1052 3467 aut
1098 3412 1154 3467 in
1204 3413 1409 3484 populo
1452 3414 1548 3469 tali
1585 3430 1697 3470 non
1738 3416 2038 3472 ulciscctur

448 3505 631 3561 anima
675 3519 797 3561 mea
838 3504 923 3558 W?
952 3526 970 3556 ι
1026 3504 1401 3561 Ascensurum
1433 3522 1653 3577 quoque
1695 3508 1752 3562 in
1797 3518 2039 3564 montem

390 3598 408 3617 ‘
450 3597 549 3652 Dei
580 3596 763 3668 inquit
784 3596 956 3651 David
980 3637 995 3661 ,
1044 3597 1395 3653 innocentem
1439 3599 1697 3654 manibus
1715 3640 1730 3665 ,
1754 3608 1812 3655 et
1833 3601 2041 3657 mundo

450 3688 657 3753 corde,
684 3687 781 3759 qui
822 3703 934 3743 non
976 3687 1108 3744 fecit
1146 3688 1333 3744 dolum
1375 3691 1432 3745 in
1475 3690 1661 3761 lingua
1686 3706 1818 3756 sua,
1861 3708 2041 3763 neque

452 3779 584 3836 fecit
623 3779 877 3851 proximo
914 3795 1015 3836 suo
1059 3781 1265 3836 malum
1291 3781 1360 3835 ⁸⁸.
1388 3782 1550 3838 Vetat
1593 3783 1764 3855 igitur
1804 3784 1893 3839 lex
1918 3793 2040 3840 tan-

450 3887 619 3943 quam
642 3887 761 3930 rem
788 3873 1163 3945 turpissimam
1186 3915 1201 3941 ,
1225 3882 1284 3930 et
1304 3876 1361 3930 in
1398 3876 1592 3947 primis
1616 3876 1911 3933 absurdam
1930 3892 2040 3944 ,‘ne

450 3965 579 4034 quis
611 3963 670 4018 in
711 3962 840 4020 dolo
882 3965 1163 4033 ambulet,
1209 3965 1265 4021 id
1309 3974 1426 4033 est,
1475 3983 1545 4023 ne
1584 3967 1837 4024 callidam
1876 3977 2041 4040 atque

450 4061 691 4110 astutam
712 4056 843 4112 vita:
871 4056 1140 4113 rationem
1164 4058 1527 4129 amplectatur
1546 4100 1561 4125 ,
1584 4068 1788 4116 etcum
1818 4062 1947 4134 justi
1957 4063 2044 4117 tia:

450 4144 692 4215 speciem
714 4144 969 4213 simulet,
1011 4148 1342 4220 contemptis
1363 4148 1649 4206 cbaritatis
1672 4149 1905 4222 legibus,
1929 4150 2044 4206 fra-

449 4245 567 4292 tres
585 4236 767 4292 laedat.
796 4236 1017 4307 Yestem
1063 4246 1333 4310 praeterea
1356 4255 1459 4297 nos
1495 4241 1701 4298 habere
1722 4258 1834 4298 non
1860 4243 2043 4299 sinite

451 4327 671 4385 duobus
715 4337 1062 4400 contextam;
1090 4348 1198 4404 qua
1240 4332 1298 4388 in
1345 4348 1406 4390 re
1452 4332 1685 4406 ﬁgurate
1728 4334 2001 4406 signiﬁcat
2027 4376 2042 4401 ,

451 4421 758 4477 cavendum
781 4439 903 4479 esse
925 4439 997 4479 ne
1036 4426 1205 4480 veluti
1230 4425 1612 4497 duplicitatem
1642 4429 1939 4498 quamdam
1986 4431 2043 4484 in

2141 3239 2523 3312 τιτρώσκουσα
2556 3241 2590 3312 ή
2645 3241 2869 3310 γλῶσσα
2912 3243 3092 3298 αὐτῶν
3122 3260 3136 3275 ⁸
3171 3246 3321 3300 δόλια
3358 3246 3470 3319 γάρ
3516 3246 3588 3302 τὰ
3635 3248 3735 3320 ῥή-

2147 3349 2294 3403 ματα
2345 3330 2442 3385 τοῦ
2490 3331 2759 3403 στόματος
2808 3333 2989 3387 αὑτῶν
3019 3351 3032 3365 ·
3085 3334 3166 3406 τῷ
3200 3335 3427 3408 πλησίον
3449 3338 3616 3393 αὑτοῦ
3639 3338 3740 3391 λα-

2143 3423 2228 3477 λεῖ
2268 3422 2338 3477 τὰ
2390 3423 2662 3494 εἰρηνικά,
2703 3425 2797 3479 καὶ
2841 3426 2900 3480 ἐν
2961 3428 3139 3500 ἐαυτῷ
3196 3428 3311 3500 ἔχει
3358 3428 3459 3500 τὴν
3508 3428 3736 3502 ἔχθραν.

2143 3514 2235 3586 Μὴ
2271 3514 2366 3568 ἐπὶ
2394 3514 2605 3579 τούτοις
2638 3516 2739 3569 οὐκ
2792 3519 3195 3591 ὲπισκέψομαι;
3227 3521 3376 3591 λέγει
3428 3521 3653 3594 Κύριος,
3698 3524 3739 3594 ἢ

2143 3607 2203 3661 ἐν
2228 3607 2345 3680 λαῷ
2374 3608 2602 3681 τοιούτῳ
2622 3611 2722 3664 οὑκ
2745 3612 3025 3684 ἐκδικήσει
3053 3614 3255 3686 ἡψυχὴ
3284 3632 3420 3687 μους
3460 3634 3479 3667 ι
3502 3616 3738 3687 Ἀναϐή-

2146 3698 2341 3753 σεσθαι
2370 3700 2427 3754 δὲ
2452 3702 2548 3757 καὶ
2578 3703 2660 3767 είς
2682 3702 2744 3757 τὺ
2770 3703 2895 3774 ὅρος
2927 3702 3021 3758 τοῦ
3053 3706 3261 3777 Κυρίου
3293 3706 3457 3778 φησὶν
3484 3709 3513 3760 ὁ
3545 3708 3740 3775 Δαδὶδ,

2116 3788 2236 3844 ’τὸν
2279 3789 2458 3845 ἀθῶον
2506 3795 2683 3865 χερσὶ,
2741 3794 2837 3848 καὶ
2864 3795 3107 3868 καθαρὸν
3157 3800 3223 3870 τῇ
3273 3799 3492 3871 καρδίᾳ,
3518 3799 3578 3864 ὃς
3632 3801 3737 3855 οὐκ

2143 3879 2402 3936 ἐδόλωσεν
2442 3884 2501 3937 ἐν
2526 3882 2765 3956 ιγλώσσῃ
2809 3884 2998 3952 αὑτοῦ,
3033 3886 3156 3940 οὐδὲ
3198 3887 3425 3960 ἐποίησε
3454 3886 3534 3960 τῷ
3594 3888 3739 3961 πλη-

2147 3975 2262 4029 σίον
2307 3973 2473 4029 αὑτοῦ
2528 3978 2719 4031 κακόν.
2770 3980 3106 4048 Ἀποφάσκει
3148 3980 3213 4051 δὴ
3237 3976 3332 4037 οὖν
3360 3984 3389 4036 6
3438 3982 3602 4054 νόμος
3658 3984 3740 4048 ὼς

2146 4066 2433 4139 αἴσχιστόν
2468 4085 2527 4121 τε
2565 4068 2659 4124 καὶ
2702 4070 2935 4141 ἀπηχὲς,
2981 4072 3150 4127 τὸέν
3189 4073 3326 4145 δόλῳ
3376 4075 3737 4146 πορεύεσθαι,

2144 4158 2413 4225 τουτέστι,
2446 4159 2507 4215 τὸ
2571 4159 2896 4232 πανούργως
2944 4162 3159 4218 ἑλέσθαι
3223 4163 3397 4236 βιοῦν,
3445 4167 3540 4219 καὶ
3587 4168 3733 4221 ὑπο-

2148 4252 2480 4317 πλάττεσθαι
2524 4254 2622 4325 μὲν
2671 4254 2771 4325 τῆς
2802 4254 3148 4328 δικαιοσύνης
3170 4257 3232 4311 τὸ
3260 4259 3465 4330 σχῆμα,
3503 4260 3737 4314 κατασίο

2146 4344 2335 4397 νεσθαι
2370 4345 2427 4398 δὲ
2468 4345 2752 4416 ἀδελφοὺς,
2793 4345 2903 4401 τῶν
2962 4348 3064 4419 τῆς
3103 4349 3326 4421 ἀγάπης
3348 4345 3528 4422 νόμων
3580 4353 3742 4423 ὴφει-

2147 4436 2353 4508 δηκότα
2379 4433 2403 4471 ·’
2430 4437 2635 4509 ἄμφιὸν
2673 4457 2737 4509 γε
2770 4440 2877 4512 μὴν
2908 4440 3053 4511 ἔχειν
3101 4442 3250 4513 ἡμᾶς
3298 4443 3399 4497 οὐκ
3438 4445 3504 4515 ἐᾷ
3560 4445 3624 4498 τὸ
3670 4447 3740 4498 ἐκ

450 4511 696 4567 animum
762 4513 1153 4581 admittamus;
1201 4513 1367 4587 246
1429 4515 1810 4586 duplicitatem
1874 4534 2041 4588 porro

2149 4528 2292 4583 δυοῖν
2315 4530 2648 4601 ὑφασμένον,
2686 4511 2920 4605 αἴνιγμά
2949 4552 3051 4588 που
3084 4511 3153 4589 τδν
3185 4536 3378 4609 χρῆμα
3414 4511 3613 4605 τιθεὶς,
3639 4539 3741 4592 τοῦ

452 4602 729 4658 internam
761 4619 826 4659 ac
852 4603 1197 4674 spiritualem
1229 4619 1351 4659 esse
1394 4604 1619 4674 inquam
1640 4646 1654 4671 ,
1702 4606 1851 4661 illam
1892 4623 2047 4664 exse-

450 4692 713 4749 crabilem
776 4693 1101 4751 hominibus
1166 4695 1417 4765 placendi
1479 4696 1873 4767 cupiditatem,
1924 4716 2046 4771 qua:

449 4780 604 4835 velut
641 4796 712 4837 ex
739 4780 956 4837 duobus
998 4782 1265 4838 intexitur
1297 4783 1527 4849 studiis,
1554 4801 1666 4841 non
1692 4787 2049 4847 mediocriter

451 4867 597 4923 inter
629 4883 689 4924 se
727 4869 1132 4927 ditl‘erentibus.
1175 4871 1308 4938 Quae
1343 4875 1492 4930 enim
1530 4876 1777 4946 qualisve
1817 4888 1902 4936 est
1940 4882 2044 4938 alia

418 4957 865 5042 iihypocritarum
889 4965 1034 5028 vita,
1077 4965 1220 5030 nisi,
1265 4974 1329 5020 ut
1363 4966 1422 5021 in
1470 4977 1767 5039 conspectu
1819 4973 2043 5042 quidem

424 5039 738 5109 rbominum
798 5055 929 5110 boni
967 5057 1072 5111 viri
1109 5068 1408 5128 appareant
1452 5077 1516 5116 ac
1558 5061 1849 5119 videantur
1890 5082 2043 5133 esse,

452 5158 563 5199 non
585 5146 697 5200 sint
718 5155 902 5203 tamen
933 5164 1122 5205 revera
1149 5151 1352 5221 probi?

521 5423 719 5480 PALL.
749 5425 891 5484 Sane
914 5445 1066 5488 vero.

516 5513 675 5572 ΟΥΕ.
702 5518 845 5592 Ergo
869 5522 1117 5595 duplices
1147 5539 1278 5585 sunt
1297 5531 1459 5587 nobis
1489 5550 1671 5590 mores
1696 5550 1726 5590 e
1750 5536 2034 5593 dissimili-

448 5603 553 5663 bus
591 5610 966 5673 voluntatibus
1010 5623 1272 5679 contexti.
1320 5623 1391 5679 At
1447 5642 1582 5682 vero
1625 5627 1820 5685 beatus
1864 5631 2034 5687 David

515 5789 562 5824 "
588 5793 778 5851 Matth.
803 5797 963 5862 V320.
1034 5797 1080 5831 ’⁵⁸
1134 5800 1309 5857 Levit.
1346 5820 1454 5873 xix,
1493 5806 1578 5859 l7.

2151 4622 2226 4694 μὴ
2274 4622 2583 4694 ἀνέχεσθαι,
2641 4624 2865 4697 διπλόην
2898 4627 3088 4699 ὥσπερ
3122 4628 3267 4700 ἔχειν
3321 4633 3402 4694 εἰς
3461 4631 3622 4686 νοῦν’
3653 4632 3739 4685 δι-

2147 4712 2317 4783 πλόην
2367 4713 2424 4766 δὲ
2482 4708 2623 4767 εδναί
2689 4732 2863 4785 φημι,
2916 4718 3015 4789 τὴν
3070 4718 3179 4773 ἔσω
3223 4722 3318 4774 καὶ
3368 4722 3583 4793 νοητὴν,
3638 4721 3742 4793 τὴν

2147 4804 2426 4876 ἐπάρατον
2497 4805 3054 4878 άνθρωπαρέσκειαν,
3126 4812 3160 4882 ἢ
3213 4812 3277 4865 ἐκ
3336 4812 3481 4866 δυοῖν
3547 4813 3743 4885 ὥσπερ

2146 4896 2513 4950 ἀναπλέκεται
2566 4897 3005 4970 σπουδασμάτοιν
3032 4944 3047 4967 ,
3095 4903 3195 4975 τὴν
3237 4905 3316 4969 είς
3367 4905 3574 4977 ἄλληλα
3618 4906 3741 4960 δια-

2147 4986 2354 5057 φθοράν
2383 4988 2445 5039 οὑ
2475 4978 2704 5059 μετρίαν
2741 4990 3204 5061 ὴῤῥωστηκότοιν.
3242 4995 3338 5060 Τίς
3381 4996 3491 5066 γὰρ
3521 4996 3555 5068 ἢ
3583 4999 3738 5060 ποῖος

2144 5077 2255 5133 τῶν
2292 5080 2603 5153 ὑποκριτῶν
2654 5083 2683 5134 6
2729 5082 2880 5154 βίος;
2945 5080 3033 5156 ἆρ’
3076 5087 3198 5158 οὐχὶ
3243 5088 3304 5141 τὸ
3363 5091 3422 5142 ἐν
3465 5090 3585 5159 ὄψει
3637 5090 3743 5161 μὲν

2145 5171 2450 5243 ἀνθρώπων
2505 5173 2734 5244 ὁρᾶσθαι
2799 5181 3093 5247 χρηστοὺς,
3149 5181 3333 5234 καὶτὸ
3401 5182 3580 5238 δοκεῖν
3640 5184 3746 5254 μὲν

2146 5261 2310 5331 εἶναι,
2350 5263 2425 5337 μὴ
2479 5266 2587 5336 μὴν
2621 5265 2702 5319 ἔτι
2750 5268 2846 5320 καὶ
2903 5266 3042 5324 εἶναι
3099 5271 3241 5325 κατὰ
3293 5273 3552 5345 ἀλήθειαν
3604 5291 3747 5346 χρη-

2149 5354 2309 5419 στούς
2334 5372 2349 5421 ;
2656 5395 2663 5402 .

2218 5445 2428 5502 ΠΑΛΛ.
2484 5448 2593 5503 Καὶ
2624 5449 2789 5520 μάλα.

2221 5539 2387 5591 ΚΥΡ.
2431 5540 2616 5607 Διττδς
2666 5539 2759 5598 οὖν
2796 5547 2825 5599 6
2867 5548 3064 5620 τρόπος
3098 5549 3155 5617 ἐξ
3189 5550 3459 5621 ἀνομοίων
3494 5551 3624 5620 ἡμῖν
3650 5548 3746 5601 θε-

2143 5630 2401 5704 λημάτων
2459 5631 2851 5708 ἐξυφασμένος.
2898 5640 3036 5695 Ἀλλ’
3084 5642 3112 5695 ὅ
3144 5658 3207 5712 γε
3257 5642 3543 5707 θεσπέσιος
3577 5641 3751 5696 Δαϐιὸ

1680 5807 1876 5865 "ibid.
1908 5811 1991 5866 l9.

2143 5817 2297 5874 Deut.
2331 5837 2461 5889 xxii,
2495 5823 2581 5877 Η.
2662 5827 2706 5860 δ’
2760 5826 2870 5884 Jer.
2901 5844 2985 5900 ix,
3024 5829 3075 5887 8.
3163 5832 3208 5864 '°
3239 5832 3557 5899 Psalmmv,
3588 5832 3643 5898 5,
3680 5828 3754 5883 ιι.
