4104 6434
367 346 479 409 5⁵25

1050 347 1140 403 DE
1173 343 1620 404 ADOBA-TIONE
1659 345 1727 402 IN
1770 343 2039 401 SPIRITU
2080 343 2169 399 ET
2208 343 2575 402 VERITATE.
2617 345 2745 403 LIB.
2788 348 2896 406 VII.

3576 343 3683 403 5‘16

367 464 701 533 ἀποδέχεται
752 458 846 515 τὸν
901 459 1235 533 μονότροπον
1291 462 1385 515 καὶ
1435 462 1650 530 φειδοῦς
1700 459 1971 528 ἀξιοῦσθαι

2089 455 2358 534 approbat
2379 463 2545 518 unius
2569 465 2743 519 moris
2765 464 2945 518 virum
2966 503 2980 527 ,
3006 475 3246 533 eumque
3281 468 3520 532 Superna
3550 476 3681 532 pro-

367 573 510 627 φησι
552 555 655 626 τῆς
696 552 946 608 ἄνωθεν·
1011 554 1262 626 «Κύριος
1292 554 1402 627 γὰρ
1460 554 1764 619 κατοικίζει
1817 572 1976 625 μονο-

363 651 631 723 τρόπους,
678 651 863 722 φησὶν,
918 650 976 704 ὲν
1025 648 1181 720 οἴκῳ.
1220 669 1238 702 ι
1303 649 1725 722 Διασκορπίζειν
1778 651 1834 705 δὲ
1891 651 1976 703 λέ-

362 761 533 813 γεται
577 745 672 797 καὶ
703 746 732 796 6
787 744 923 807 Θεὸς
969 744 1106 797 ὀστᾶ
1164 741 1693 816 ἀνθρωπαρέσκων·
1727 759 1978 814 καταμυ-

364 837 636 889 σάττεται
659 836 716 888 δὲ
748 837 810 888 τὺ
844 836 1035 907 χρῆμα
1076 835 1171 888 καὶ
1199 837 1227 888 6
1249 835 1482 900 Παῦλος,
1508 837 1683 906 λέγων
1713 851 1727 865 ·
1756 855 1776 886 ι
1818 838 1978 906 ’Ἀρτι

362 929 483 999 γὰρ
513 926 841 999 ἀνθρώπους
867 926 1064 989 πείθω,
1097 926 1129 997 ἢ
1163 925 1256 980 τὸν
1290 926 1461 993 Θεόν;
1511 928 1543 998 ἥ
1579 926 1728 998 ζητῶ
1761 926 1975 998 ἀνθρώ-

363 1038 499 1084 ποις
523 1021 816 1091 ἀρέσκειν;
863 1021 912 1072 εί
961 1018 1040 1071 ἔτι
1076 1018 1390 1090 ἀνθρώποις
1437 1019 1693 1092 ἤρεσκον,
1732 1017 1971 1092 Χριστοῦ

357 1113 562 1176 δοῦλος
590 1113 692 1165 οῦκ
729 1112 796 1164 ἂν
832 1112 1002 1183 ἤμην.
1031 1131 1049 1162 ι

444 1205 655 1258 ΠΑΛΛ.
696 1203 806 1257 Καὶ¹
846 1203 952 1256 τίνι
1003 1202 1113 1257 τῶν
1173 1204 1344 1259 ὄντων
1389 1207 1490 1259 οὐκ
1518 1205 1856 1276 ἀσυμφανὲς,
1901 1205 1977 1269 ὡς

361 1297 606 1350 ἔκτοπον
631 1295 850 1366 ἀληθῶς
886 1295 978 1348 καὶ
1024 1295 1126 1366 τῆς
1177 1295 1441 1370 ἀκριϐοῦς
1493 1296 1786 1369 ὀρθότητος
1823 1299 1976 1352 ἀπω-

363 1389 524 1445 τάτω
555 1388 617 1442 τὸ
646 1387 897 1458 διψυχεῖν
927 1404 988 1440 τε
1018 1388 1114 1440 καὶ
1153 1389 1578 1459 ὑποκρίνεσθαι;

441 1480 612 1536 ΚΥΡ.
662 1481 910 1550 Ἀγάπης
945 1475 1040 1532 οῦν
1079 1479 1188 1550 ἄρα
1233 1479 1446 1550 καρπὸς
1491 1480 1591 1550 τῆς
1656 1479 1976 1550 ἀμωμήτως

363 1571 790 1642 ἐσκευασμένης
825 1570 921 1623 καὶ
962 1570 1118 1641 ἀνδρὶ
1152 1569 1472 1641 πρεπούσης
1523 1569 1719 1640 δικαίῳ
1773 1586 1832 1622 τε
1880 1570 1976 1622 καὶ

363 1661 586 1732 ἀγαθῷ,
614 1662 674 1716 το
704 1661 1050 1733 ἀπηλλάχθαι
1079 1661 1252 1715 δόλου.
1287 1661 1398 1714 Καὶ
1430 1660 1587 1714 τοῦδε
1614 1661 1725 1714 δεῖν
1763 1660 1826 1732 δή
1867 1678 1972 1731 φη-

366 1773 460 1811 σιν
490 1757 520 1810 ό
563 1757 749 1828 νόμος,
806 1757 896 1810 τόν
964 1773 1030 1823 γε
1077 1755 1153 1819 ὡς
1203 1754 1422 1824 ἀληθῶς
1471 1755 1572 1824 τῆς
1623 1752 1975 1825 δικαιοσύνης

2083 552 2328 608 videntia
2367 554 2596 625 dignum
2621 556 2813 610 haberi
2855 555 3028 611 dicit:
3067 574 3084 607 ι
3114 555 3417 621 Dominus,
3465 554 3681 624 inquit,

2083 643 2396 700 inhabitare
2433 646 2563 702 facit
2587 648 2752 702 unius
2782 647 2955 703 moris
2991 647 3044 701 in
3071 645 3236 701 domo
3259 646 3325 700 ⁸¹.
3353 665 3370 697 ι
3401 645 3684 715 Dissipare

2079 736 2250 791 etiam
2306 737 2453 792 Deus
2491 738 2697 793 dicitur
2746 755 2870 794 ossa
2911 739 3233 794 hominibus
3291 738 3677 808 placentium:

2082 828 2226 885 idem
2252 846 2472 900 quoque
2511 831 2708 886 vitium
2730 833 2933 887 Paulus
2967 841 3324 898 exsecratur,
3353 847 3479 886 cum
3503 830 3676 886 dicit:

2088 941 2108 973 ‹
2139 923 2299 978 Modo
2323 924 2475 979 enim
2502 924 2825 980 hominibus
2848 926 3054 980 suadeo
3071 966 3086 990 ,
3115 942 3184 980 an
3225 925 3372 980 Deo?
3397 940 3467 978 an
3491 938 3679 994 quaero

2080 1014 2400 1071 hominibus
2443 1017 2696 1086 placere?
2719 1018 2764 1070 si
2803 1016 2985 1070 adhuc
3024 1017 3346 1072 hominibus
3368 1017 3672 1088 placerem,

2079 1108 2292 1164 Christi
2317 1125 2512 1164 servus
2534 1126 2644 1165 non
2668 1125 2849 1165 essem
2877 1111 2942 1163 δ’.
2970 1129 2988 1160 ι

2150 1199 2348 1254 PALL.
2373 1199 2474 1255 Cui
2496 1215 2627 1255 vero
2646 1215 2755 1254 non
2774 1201 2846 1254 sit
2859 1199 3156 1256 obscurum
3177 1241 3192 1266 ,
3217 1200 3352 1270 quin
3370 1200 3676 1256 absurdum

2079 1306 2211 1345 sane
2243 1298 2301 1344 et
2341 1307 2374 1345 a
2421 1291 2732 1346 rectissima
2775 1291 2999 1345 vivendi
3043 1292 3230 1361 regula
3272 1291 3675 1347 alienissimum

2079 1383 2286 1454 duplici
2311 1385 2496 1438 animo
2518 1399 2639 1440 esse
2656 1426 2669 1451 ,
2701 1400 2769 1439 ac
2791 1383 3094 1439 simulare?

2151 1474 2310 1530 CYR.
2338 1475 2601 1531 Perfecta
2646 1475 2813 1546 igitur
2852 1473 3174 1538 charitatis,
3200 1479 3258 1527 et
3299 1488 3423 1544 quae
3464 1475 3672 1544 justum

2077 1568 2397 1639 bonumque
2412 1569 2597 1624 virum
2615 1569 2829 1635 deceat,
2853 1569 3071 1624 fructus
3092 1576 3198 1634 est,
3234 1585 3264 1623 a
3284 1567 3412 1622 dolo
3433 1568 3673 1624 alienum
3730 1615 3734 1620 .

2076 1676 2218 1716 esse.
2256 1662 2348 1717 Ait
2375 1662 2561 1733 itaque
2587 1663 2674 1718 lex
2700 1663 2988 1718 hominem
3008 1664 3236 1734 justitize
3273 1663 3435 1734 plane
3459 1664 3675 1719 studio-

2082 1769 2204 1808 sum
2229 1763 2285 1809 et
2314 1755 2572 1810 fraterna:
2600 1756 2891 1811 charitatis
2914 1763 3194 1811 amantem
3219 1756 3534 1812 existimare
3574 1756 3673 1811 de-

365 1849 736 1921 ὲπιμελητὴν,
776 1849 871 1902 καὶ
903 1848 1128 1919 ἀγάπης
1167 1848 1268 1916 τῆς
1303 1849 1382 1911 είς
1415 1847 1679 1917 ἀδελφοὺς
1708 1845 1966 1918 ἐραστὴν,

2079 1848 2246 1914 bere,
2287 1850 2361 1904 ita
2405 1851 2526 1920 ejus
2569 1851 2650 1904 rei
2693 1850 2922 1920 gloriam
2949 1865 3070 1905 esse
3097 1850 3427 1920 perfectam,
3475 1849 3521 1905 si
3563 1864 3676 1904 non

361 1940 553 2010 ὀρθῶς
594 1941 740 2012 ἔχειν
777 1939 988 1994 οἴεσθαι
1018 1939 1118 2009 τὴν
1153 1938 1246 1990 ἐπὶ
1267 1938 1404 2009 τῷδε
1439 1938 1619 2002 δόξαν,
1655 1939 1757 1990 οὐκ
1809 1939 1970 2010 εἴπερ

367 2035 538 2098 αὐτός
582 2052 644 2087 τε
688 2036 783 2088 καὶ
820 2035 982 2106 μόνος
1023 2035 1341 2104 παραιτοῖτο
1372 2033 1598 2095 ἀδικεῖν,
1628 2031 1745 2086 ἀλλ’
1773 2034 1821 2084 εἰ
1877 2033 1971 2086 καὶ

366 2129 590 2198 γένοιτο
636 2126 938 2197 παιδευτὴς
998 2129 1095 2177 καλ⁸
1141 2125 1249 2179 τῶν
1310 2123 1459 2177 κατὰ
1505 2123 1662 2191 γένος
1716 2122 1966 2186 οἰκείων,

363 2221 542 2291 ἤγουν
589 2217 710 2274 καθ’
766 2217 956 2288 ἕτερόν
1006 2233 1130 2270 τινα
1165 2217 1368 2288 τρόπον
1426 2214 1595 2283 ἐγγὺς
1640 2212 1967 2282 γεγονότων,

365 2316 465 2369 καὶ
498 2313 560 2366 τὸ
615 2314 714 2384 τῆς
747 2312 884 2384 πρὸς
923 2312 1085 2365 αὐτὸν
1119 2310 1458 2380 οἰκειότητος
1496 2307 1674 2376 ὄνομα
1727 2306 1970 2359 πεπλου-

364 2408 642 2479 τηκότων.
690 2406 991 2478 Παρεγγυᾷ
1021 2404 1077 2458 δὲ
1123 2403 1220 2458 καὶ
1245 2405 1274 2457 6
1305 2401 1518 2464 Παῦλος
1568 2399 1661 2454 τὸν
1696 2398 1969 2470 ἐπιμελη-

368 2499 604 2569 σόμενον
644 2497 995 2569 Ἐκκλησίας,
1057 2496 1226 2549 τέκνα
1272 2494 1419 2565 ἔχειν
1465 2494 1523 2545 ὲν
1566 2493 1838 2564 ὑποταγῇ,
1873 2493 1970 2545 καὶ

367 2589 652 2656 ἀπόδειξιν
679 2589 742 2643 τὸ
796 2589 1037 2659 πρᾶγμα
1062 2587 1162 2658 τῆς
1213 2579 1440 2657 ἐνούσης
1479 2585 1630 2656 αὐτῷ
1665 2584 1968 2654 ἐπιεικείας

368 2685 466 2737 καὶ
506 2683 605 2754 μὴ,
645 2684 882 2736 ποιεῖται
911 2680 1090 2749 λέγων
1117 2696 1133 2713 ·
1165 2694 1192 2733 σ
1224 2677 1289 2732 Εἰ
1316 2678 1374 2732 δέ
1401 2697 1483 2743 τις
1513 2678 1604 2733 τοῦ
1649 2678 1782 2731 ίδίου
1817 2678 1967 2731 οἴκου

368 2774 680 2848 προστῆναι
715 2773 817 2826 οὐκ
850 2767 982 2836 οἵδε,
1015 2772 1134 2836 πῶς
1169 2769 1500 2841 Ἐκκλησίας
1523 2769 1660 2823 Θεοῦ
1697 2769 1967 2839 ἐπιμελή-

370 2885 529 2921 σεται
552 2884 567 2933 ;
603 2885 620 2917 ι
657 2865 758 2920 Διὰ
778 2862 938 2918 τοῦτό
961 2881 1126 2936 φησιν
1154 2865 1182 2916 6
1201 2863 1370 2934 νόμος
1387 2861 1464 2927 ὠς
1495 2863 1554 2915 ἐν
1584 2861 1967 2933 παραδείγμα-

368 2979 462 3026 τος
495 2961 708 3034 τρόπῳ,
743 2959 834 3012 καὶ
883 2955 1152 3028 ἐναργοῦς
1179 2956 1426 3021 εἰκόνος·
1485 2975 1504 3008 ι
1555 2956 1680 3009 Ἐὰν
1716 2955 1773 3009 δὲ
1799 2972 1969 3027 κέρα-ο

366 3055 495 3126 τίσῃ
545 3051 759 3123 ταῦροςι
798 3049 1032 3122 ἀνδραῆ
1067 3050 1323 3116 γυναῖκα,
1360 3048 1456 3102 καὶ
1494 3048 1763 3120 ἀποθάνῃ.
1797 3047 1970 3112 λίθοις

2075 1939 2193 2009 ipse
2237 1941 2506 1996 duntaxat
2540 1942 2699 2007 vitet,
2723 1957 2793 1996 ne
2827 1941 2985 1996 alteri
3016 1948 3241 2008 noceat;
3270 1941 3366 1997 sed
3407 1943 3576 1997 etiam
3609 1957 3676 1997 ea

2074 2031 2130 2086 in
2147 2047 2206 2087 re
2232 2033 2450 2087 caeteris
2474 2034 2737 2103 magister
2770 2034 2871 2099 sit,
2899 2034 2994 2104 qui
3034 2035 3121 2089 vel
3165 2049 3366 2107 genere
3389 2035 3675 2106 conjuncti

2074 2135 2234 2193 sunt,
2259 2129 2346 2183 vel
2391 2128 2503 2182 alio
2526 2129 2724 2198 quovis
2761 2129 2927 2184 modo
2951 2130 3105 2184 illum
3151 2131 3467 2201 attingunt,
3493 2138 3551 2186 et
3592 2129 3673 2184 illi

2073 2227 2204 2274 sunt
2233 2219 2662 2276 necessitudinis
2682 2221 2908 2276 nomine
2932 2221 3193 2276 devincti.
3223 2222 3478 2292 Praecipit
3505 2223 3674 2278 etiam

2073 2312 2309 2378 Paulus,
2344 2321 2437 2378 ut,
2476 2313 2572 2383 qui
2609 2314 2871 2369 Ecclesiae
2914 2329 3103 2369 curam
3139 2321 3226 2369 est
3256 2313 3582 2380 habiturus,
3613 2315 3675 2368 fi-

2071 2404 2176 2460 lios
2207 2405 2412 2461 habeat
2448 2407 2758 2478 subjectos,
2778 2417 2834 2463 et
2861 2423 2926 2463 ea
2956 2423 3018 2464 re
3044 2417 3304 2480 tanquam
3349 2405 3673 2481 argumento

2071 2497 2278 2562 utitur,
2319 2513 2430 2568 quo
2453 2499 2722 2568 probetur
2741 2539 2756 2564 ,
2798 2499 2942 2554 sitne
2965 2499 3022 2554 in
3049 2514 3117 2555 eo
3135 2514 3352 2555 morum
3389 2501 3671 2570 probitas,

2073 2605 2249 2646 necne
2271 2631 2285 2656 ,
2337 2605 2464 2646 cum
2501 2590 2640 2646 dicit
2679 2608 2693 2644 :
2757 2610 2784 2643 ‹·
2821 2590 2879 2647 Si
2929 2592 3054 2662 quis
3097 2601 3281 2647 autem
3315 2592 3534 2653 domui,
3561 2610 3678 2650 sua:

2073 2698 2309 2754 praeesse
2346 2683 2559 2748 nescit,
2592 2683 2872 2754 quomodo
2910 2677 3171 2741 Ecclesiae
3210 2685 3306 2740 Dei
3331 2685 3674 2757 diligentiam

2073 2776 2302 2831 habebit
2325 2775 2406 2830 ⁸³2
2441 2795 2459 2827 ι
2516 2776 2705 2846 itaque
2735 2777 2824 2831 lex
2857 2775 2928 2831 ob
2971 2792 3094 2832 eam
3142 2792 3386 2846 causam,
3415 2788 3672 2850 tanquam

2071 2867 2142 2923 ad
2173 2866 2556 2922 similitudinis
2600 2877 2660 2924 et
2699 2867 2974 2923 evidentis
3003 2869 3256 2941 imaginis
3287 2871 3547 2939 modum,
3585 2873 3676 2929 in-

2072 2962 2193 3031 quit
2221 2979 2235 3014 :
2272 2979 2290 3012 ι
2324 2959 2382 3016 Si
2412 2977 2585 3016 cornu
2631 2961 2971 3032 percusserit
3001 2970 3192 3018 taurus
3219 2963 3402 3019 virum
3434 2966 3522 3021 vel
3549 2982 3672 3020 mu-

2071 3055 2386 3119 lierem,'et
2412 3054 2713 3120 occiderit,
2747 3054 3030 3123 lapidibus
3070 3055 3339 3111 obruetur
3363 3063 3583 3122 taurus,
3619 3069 3675 3113 ct

368 3145 859 3216 λιθοϐοληθήσεται
910 3145 938 3196 ὁ
985 3141 1206 3213 ταῦρος,
1243 3142 1339 3195 καὶ⁸
1383 3142 1444 3194 ού
1498 3139 1843 3212 βρωθήσεται
1899 3141 1968 3194 τὰ

2077 3164 2269 3204 carnes
2307 3149 2427 3220 ejus
2455 3163 2564 3202 non
2599 3147 2964 3203 comedentur
2983 3189 2997 3213 ,
3030 3149 3290 3205 dominus
3317 3161 3501 3206 autem
3530 3153 3674 3207 tauri

370 3240 513 3309 κρέα
537 3237 727 3302 αὐτοῦ,
757 3238 785 3289 ὁ
817 3233 874 3288 δὲ
911 3233 1103 3307 κύριος
1146 3234 1241 3287 τοῦ
1275 3233 1482 3305 ταύρου
1541 3234 1718 3298 άθῶος
1775 3233 1965 3287 ἔσται·

373 3332 470 3386 ἐὰν
501 3331 561 3384 δὲ
590 3332 619 3383 6
656 3327 859 3401 ταῦρος
885 3327 1219 3398 κερατιστὴς
1319 3326 1427 3398 πρὸ
1455 3325 1556 3397 τῆς
1587 3325 1714 3396 χθὲς
1743 3326 1839 3379 καὶ
1863 3325 1972 3397 πρὸ

369 3425 475 3495 τῆς
515 3423 734 3496 τρίτης,
779 3421 874 3475 καὶ
925 3419 1409 3494 διαμαρτύρωνται
1453 3419 1533 3491 τῷ
1575 3419 1752 3491 κυρίῳ
1780 3418 1968 3486 αὐτοῦ,

372 3518 470 3572 καὶ
497 3515 574 3588 μὴ
603 3514 842 3586 ἀφανίσῃ
887 3514 1072 3580 αὐτὸν,
1126 3513 1296 3586 ἀνέλῃ
1323 3514 1381 3568 δὲ
1433 3512 1600 3584 ἄνδρα
1631 3513 1664 3582 ἢ
1713 3515 1969 3582 γυναῖκα,

369 3614 400 3665 6
425 3610 631 3681 ταῦρος
669 3607 1176 3679 λιθοϐοληθήσεται,
1208 3608 1302 3661 καὶ
1333 3609 1361 3660 ὁ
1399 3606 1589 3678 κύριος
1608 3606 1773 3661 αὑτοῦ
1801 3623 1972 3680 προσ-

372 3704 733 3759 αποθανεϊται
763 3718 774 3731 ·
809 3701 906 3754 saw
949 3699 1006 3754 δὲ
1057 3701 1230 3771 λύτρα
1279 3701 1548 3772 ἐπιϐληθῇ
1597 3700 1768 3772 αὐτῷ,
1810 3700 1972 3754 δώσει

369 3797 549 3869 λύτρα
569 3796 670 3866 τῆς
706 3791 888 3866 ψυχῆς
920 3794 1111 3858 αὑτοῦ,
1141 3795 1242 3847 ὅσα
1294 3794 1390 3847 ἐὰν
1427 3793 1760 3849 ἐπιϐάλωσιν
1796 3795 1968 3865 αὐτῷ.

384 3888 512 3942 Ἐάν
552 3887 608 3942 δὲ
641 3883 756 3941 υἱον
790 3887 823 3959 ἢ
874 3886 1151 3958 θυγατέρα
1197 3885 1463 3959 κερατίσῃ
1493 3887 1522 3938 6
1577 3887 1797 3958 ταῦρος,
1830 3886 1980 3940 κατὰ

371 3982 434 4036 τὸ
467 3980 758 4050 δικαίωμα
780 3977 938 4033 τοῦτο
982 3978 1300 4049 ποιήσουσιν
1334 3977 1504 4048 αὐτῷι
1552 3977 1678 4031 Ἐὰν
1711 3978 1768 4030 δὲ
1805 3977 1980 4030 παῖδα-

373 4073 696 4146 κερατίσῃῆ
731 4071 1046 4142 παιδίσκην,
1078 4071 1347 4142 ἀργυρίου
1372 4071 1671 4141 τριάκοντα
1696 4071 1972 4143 δίδραχμα

368 4167 538 4222 δώσει
563 4165 642 4235 τῷ
669 4163 842 4236 κυρίῳ
875 4162 1077 4230 αὐτῶν,
1106 4162 1202 4216 καὶ
1227 4167 1230 4170 ί
1253 4164 1281 4215 6
1308 4160 1510 4231 ταῦρος
1557 4160 1976 4232 λιθοϐοληθήσε-

370 4277 486 4314 ται.
523 4279 542 4312 ι
582 4253 738 4328 *Αρά
757 4274 839 4310 σοι
866 4257 1039 4327 σαφὲς
1064 4255 1126 4310 τδ
1151 4254 1570 4327 χρησμῴδημα;

445 4439 664 4495 ῐΙΑΛΛ.
690 4441 766 4493 Οῦ
794 4439 1021 4510 σφόδρα.

2077 3243 2345 3298 innocens
2379 3240 2520 3306 erit;
2563 3241 2609 3295 si
2653 3249 2836 3295 autem
2877 3248 3072 3296 taurus
3119 3253 3420 3313 cornupeta
3467 3244 3670 3311 fuerit,

2074 3344 2202 3393 ante
2249 3335 2574 3390 bestemum
2597 3342 2655 3388 et
2679 3341 2807 3388 ante
2835 3334 3062 3389 tertium
3087 3333 3234 3389 diem
3255 3377 3269 3401 ,
3299 3344 3356 3390 et
3385 3339 3673 3406 protestati

2073 3425 2282 3481 fuerint
2307 3424 2532 3479 domino
2563 3424 2685 3494 ejus
2702 3464 2718 3490 ,
2745 3431 2801 3479 et
2824 3440 2931 3479 non
2955 3425 3309 3506 absconderit
3335 3442 3484 3493 eum,
3504 3428 3676 3483 inter-

2070 3518 2269 3575 fecerit
2317 3529 2502 3576 autem
2544 3517 2728 3574 virum
2765 3518 2854 3572 vel
2906 3517 3226 3584 mulierem,
3269 3511 3440 3591 257'
3483 3526 3675 3575 taurus

2073 3612 2448 3684 lapidabitur,
2498 3621 2556 3668 et
2602 3610 2862 3667 dominus
2896 3611 3016 3681 ejus
3065 3609 3292 3681 insuper
3353 3611 3670 3667 morietur:

2075 3705 2221 3776 quod
2249 3706 2296 3759 si
2320 3705 2558 3776 pretium
2582 3721 2684 3776 pro
2714 3703 3096 3774 redemptione
3129 3719 3228 3758 sua
3262 3704 3313 3758 ei
3353 3704 3673 3774 impositum

2075 3797 2278 3863 fuerit,
2320 3798 2475 3854 dabit
2520 3799 2760 3868 pretium
2793 3813 2895 3867 pro
2945 3797 3127 3851 anima
3160 3812 3278 3861 sua,
3306 3797 3676 3869 quodcunque

2076 3889 2443 3959 imposuerint
2485 3889 2584 3943 illi.
2630 3889 2786 3956 Quod
2827 3889 2874 3941 si
2899 3887 3071 3942 filium
3097 3895 3193 3942 aut
3221 3887 3388 3942 filiam
3411 3889 3676 3947 cornibus

2078 3982 2305 4052 petierit
2342 3989 2554 4044 taurus,
2599 3979 2906 4033 secundum
2945 3979 3195 4033 eamdem
3223 3979 3674 4048 justificationem

2077 4073 2282 4128 facient
2311 4072 2361 4127 ei
2392 4089 2405 4125 :
2435 4071 2586 4141 quod
2627 4071 2674 4125 si
2726 4077 2946 4125 servum
2994 4071 3259 4126 cornibus
3301 4071 3527 4141 petierit
3585 4075 3674 4130 vel

2076 4165 2364 4229 ancillam,
2408 4162 2563 4217 dabit
2600 4162 2826 4216 domino
2861 4177 3056 4216 eorum
3102 4163 3327 4234 triginta
3365 4165 3530 4221 siclos
3578 4182 3672 4220 ar-

2078 4256 2263 4328 genti,
2296 4262 2359 4309 et:
2394 4261 2581 4308 taurus
2618 4253 2955 4324 lapidabitur
2975 4255 3042 4309 “.
3077 4274 3094 4306 ι
3130 4254 3271 4311 Num
3304 4266 3556 4327 apertum
3587 4270 3673 4314 est

2079 4349 2181 4404 tibi
2232 4349 2337 4402 hoc
2374 4347 2484 4402 Dei
2512 4348 2872 4416 responsum?

2148 4439 2345 4495 PALL.
2371 4439 2491 4494 Non
2520 4437 2816 4494 admodum
2845 4452 2995 4493 sane.

445 4533 618 4586 ΚΥΡ.
654 4530 846 4603 ’Δθρει
892 4531 956 4602 δὴ
998 4524 1107 4584 οῦν·
1138 4531 1176 4585 ὅ
1215 4546 1381 4602 φημι,
1441 4530 1535 4583 καὶ
1584 4531 1691 4603 πρό
1751 4547 1814 4599 γε
1861 4531 1970 4585 τῶν

2145 4531 2303 4587 CYR.
2331 4529 2569 4585 Attende
2602 4529 2799 4600 igitur,
2825 4528 2969 4600 quod
3000 4529 3249 4586 dicturus
3287 4545 3441 4596 sum,
3467 4539 3522 4587 et
3546 4543 3674 4588 ante

373 4626 572 4680 ἄλλων
602 4625 683 4688 είς
715 4623 840 4678 νοῦν
861 4623 954 4693 ἔχε
1004 4623 1098 4676 τὸν
1136 4621 1431 4695 ἱερώτατον
1480 4622 1715 4687 Παῦλον,
1743 4623 1842 4676 ὡδὶ
1879 4641 1973 4692 γε-

375 4718 671 4790 γραφότα·
705 4734 725 4768 t
771 4717 864 4788 Μὴ
896 4715 1006 4770 τῶν
1060 4715 1203 4786 βοῶν·
1256 4715 1409 4786 μέλει
1459 4714 1539 4786 τῷ
1586 4715 1743 4786 Θεῷ;
1795 4717 1867 4769 Ἣ
1905 4717 1972 4769 δι’

376 4811 531 4882 ἡμᾶς
557 4810 780 4872 πάντως
802 4809 985 4878 λέγει;
1023 4829 1041 4860 ι
1079 4807 1280 4881 Ταύρῳ
1317 4809 1382 4879 δὴ
1405 4805 1500 4862 οῦν
1533 4808 1860 4882 παρεικάζει
1881 4810 1972 4864 τὸν

376 4903 732 4976 ὑϐριστήν-τε
761 4904 854 4956 καὶ
881 4901 1136 4968 ἀλαζόνα,
1166 4903 1260 4956 καὶ
1292 4901 1636 4956 πλεονεκτεῖν
1679 4904 1934 4973 ίσχύοντα
1954 4944 1968 4956 .

375 4999 593 5069 Γαῦρον
647 4996 758 5066 γὰρ
800 4995 900 5050 ἀεί,
927 4995 1043 5059 πώς
1085 4996 1201 5048 ἐστι
1240 4996 1334 5047 καὶ
1381 4995 1663 5066 ἀγέρωχον
1708 4995 1768 5047 τὸ
1809 4993 1970 5060 ζῶον,

376 5094 476 5148 καὶ
539 5091 824 5145 πάνδεινον
881 5090 960 5153 είς
1011 5087 1206 5160 ἀλκὴν,
1257 5088 1350 5141 καὶ
1399 5086 1680 5141 δύσοιστον
1716 5087 1828 5158 ἔχει
1874 5087 1974 5157 τὴν

377 5186 592 5258 ἒνροδον.
623 5184 729 5237 Τὸν
761 5183 826 5253 δὴ
873 5181 1134 5247 τοιοῦτον,
1167 5182 1216 5234 εἱ
1243 5182 1476 5250 γένοιτο,
1532 5182 1715 5252 φησιν,
1751 5183 1970 5246 οἰκεῖος,

377 5281 477 5334 καὶ
506 5277 669 5332 οἱονεί
712 5293 830 5340 πως
880 5272 1314 5344 κατεζευγμένος
1365 5272 1474 5326 τῶν
1499 5273 1807 5344 ὁσιουργείν
1845 5275 1975 5344 ᾑρη-

384 5370 585 5441 μένων·
612 5368 741 5429 τινὶ,
791 5365 1126 5438 παραλύσειὲ
1168 5382 1249 5429 τε,
1306 5364 1506 5435 μᾶλλον
1561 5364 1617 5417 δὲ
1666 5366 1759 5418 καὶ
1796 5364 1974 5417 ἀνέλοι

384 5463 527 5527 τινὰ,
570 5460 926 5529 καταχωννὺς
955 5458 1097 5527 τάχα
1136 5473 1240 5509 που
1281 5459 1403 5520 ταῖς
1447 5454 1805 5521 πλεονεξίαις,
1837 5457 1978 5508 ἀποε-

383 5553 629 5608 τιννῦναι
676 5551 978 5624 δίκηνιτὴν
1012 5551 1100 5604 ἐπ’
1138 5547 1288 5619 αὑτῷ
1321 5549 1538 5620 θανάτῳ
1591 5549 1928 5620 προστέταχε
1957 5565 1971 5580 ο

381 5645 587 5717 χρῆναι
642 5643 748 5712 ἔφη
797 5642 1140 5696 λιθόλευστον
1189 5640 1470 5710 τελευτᾷν.
1519 5638 1884 5692 Ύποκλέπτει
1916 5637 1974 5691 δὲ

2079 4627 2186 4681 alia
2245 4623 2620 4679 animadverte
2679 4623 2828 4678 beati
2888 4624 3041 4679 Pauli
3088 4624 3256 4680 verba
3290 4625 3615 4682 scribentis
3657 4647 3672 4682 :

2089 4736 2107 4769 ι
2147 4711 2408 4787 Nunquid
2442 4715 2512 4769 de
2536 4714 2718 4770 bobus
2751 4729 2884 4770 cura
2910 4723 2995 4770 est
3024 4715 3137 4771 Deo
3160 4717 3184 4770 ?
3207 4717 3288 4771 An
3316 4728 3543 4789 prOpter
3569 4735 3676 4774 nos

2080 4813 2307 4868 omnino
2341 4811 2477 4866 dicit
2504 4810 2588 4865 "?
2612 4830 2629 4862 ι
2657 4810 2842 4865 Tauro
2869 4810 3038 4880 igitur
3063 4820 3348 4881 comparat
3395 4812 3672 4867 hominem

2079 4903 2540 4961 contumeliosum
2575 4909 2634 4958 et
2685 4908 3061 4972 arrogantem,
3095 4911 3154 4957 et
3188 4903 3282 4972 qui
3312 4903 3421 4957 vim
3473 4904 3693 4958 inferre

2081 4998 2293 5069 possit:
2329 4997 2630 5066 superbum
2668 5003 2753 5050 est
2785 4995 2934 5049 cnim
2979 4994 3095 5048 fere
3139 5000 3195 5048 et
3248 4997 3518 5051 tumidum
3568 4998 3675 5053 hoc

2079 5089 2312 5154 animal,
2343 5097 2400 5143 et
2427 5088 2492 5142 ad
2529 5101 2767 5158 pugnam
2793 5085 3228 5140 valentissimum
3249 5127 3263 5148 ,
3289 5087 3514 5158 ejusque
3567 5089 3674 5143 im-

2079 5189 2243 5252 petus
2289 5181 2511 5236 diﬂi'cile
2571 5177 2830 5236 sustineri
2879 5184 3079 5247 petest.
3145 5177 3427 5246 Ejusmodi
3489 5179 3674 5250 itaque

2080 5259 2396 5337 hominem,
2437 5272 2647 5342 inquit,
2679 5271 2725 5326 si
2771 5269 3108 5324 domesticus
3151 5266 3352 5332 fuerit,
3401 5277 3457 5323 et
3500 5270 3672 5325 veluti

2083 5368 2367 5438 subjectus
2383 5366 2555 5421 alicui
2572 5366 2666 5436 pio
2697 5365 2960 5435 justeque
2993 5361 3116 5416 viro
3135 5402 3149 5425 ,
3179 5377 3242 5417 ac
3263 5362 3636 5420 debilitaverit
3657 5407 3671 5428 ,

2082 5459 2196 5514 imo
2226 5472 2378 5515 vero-
2399 5459 2566 5513 etiam
2593 5455 2859 5514 occiderit
2904 5455 3217 5526 quempiam
3239 5497 3252 5521 ,
3278 5455 3522 5513 obruens
3547 5473 3675 5513 eum

2080 5549 2284 5619 iniquae
2331 5555 2633 5620 potestate,
2681 5546 2978 5602 admissum
3028 5547 3252 5602 crimen”
3294 5557 3472 5604 morte
3522 5547 3676 5603 luere

2077 5637 2279 5711 jussit;
2302 5640 2580 5711 lapidibus
2595 5654 2835 5710 namque
2857 5638 2995 5694 mori
3021 5653 3149 5694 eum
3182 5645 3441 5710 oportere
3471 5637 3672 5710 inquit.

455 5833 499 5865 ⁸³
531 5831 674 5887 Psal.
701 5846 862 5898 uvu,
900 5831 950 5883 7.
1019 5829 1080 5903 _"
1107 5825 1281 5882 Calat.
1310 5841 1346 5892 ι,
1376 5824 1458 5878 10.
1522 5824 1568 5856 ⁸³
1593 5823 1768 5877 lTim.
1795 5824 1939 5888 "1,5.

2077 5823 2233 5879 ama.
2265 5840 2373 5889 ut,
2408 5791 2593 5878 233-32.
2691 5826 2733 5857 ει
2759 5826 2775 5880 ι
2799 5825 2924 5882 Cor.
2952 5841 3024 5894 ιι,
3056 5825 3108 5891 9,
3161 5825 3243 5879 I0.
