4104 6436
461 331 564 384 5.27

1490 330 1545 383 S.
1586 325 1861 382 CYRILLI
1900 325 2372 382 ALEXANDRINI
2411 327 2730 388 ARCHIEP.

3626 328 3733 385 8‘23

463 442 749 498 Subtrahit
771 449 954 496 autem
982 439 1048 494 ab
1087 439 1189 494 hac
1213 453 1372 510 poena
1399 453 1792 508 possessorem,
1818 437 1865 492 si
1901 437 2038 492 illius

2153 441 2248 510 τῆς
2269 441 2437 512 ὀργῆς
2470 441 2560 494 τὸν
2586 440 2944 513 κεκτημένον,
2979 441 3024 494 εί
3063 441 3138 512 μὴ
3179 443 3277 512 τῆς
3311 441 3622 507 πλεονεξίας
3665 445 3735 497 εί-

463 537 680 606 iniquos
705 550 886 588 mores
918 531 1226 604 ignorabat,
1259 540 1315 585 et
1338 529 1594 599 nequitia:
1615 528 1799 583 socius
1819 529 2044 582 minime

461 627 625 678 fuisse
648 622 1092 693 deprehendatur
1119 638 1130 672 :
1157 634 1337 688 neque
1360 618 1508 673 enim
1537 617 1772 672 aliorum
1810 617 2045 671 crimina

461 725 646 770 nostra
670 723 829 777 sunt,
857 714 897 767 si
925 713 1062 767 clam
1088 711 1248 766 nobis
1271 710 1651 764 admittantur.
1677 709 1834 764 Vesci
1861 718 2047 763 autem

461 808 601 860 tauri
635 806 894 859 carnibus
929 811 1078 858 vetat
1105 821 1116 854 :
1146 803 1200 857 in
1224 818 1335 872 quo
1372 817 1482 856 non
1515 810 1771 871 oportere
1811 800 2046 854 aliorum

459 895 788 964 impuritatis
839 909 960 948 esse
1001 901 1321 957 consortes,
1369 892 1470 946 sub
1514 891 1771 945 vescendi
1820 891 2045 960 partici-

457 986 730 1056 pandique
779 985 952 1056 ﬁgura
997 985 1236 1038 latenter
1268 983 1541 1054 signiﬁcat
1573 1000 1585 1034 :
1621 997 1802 1036 annon
1858 990 2048 1052 aperte

457 1078 558 1131 hoc
603 1076 736 1130 illud
777 1085 861 1132 est
895 1094 906 1129 :
951 1095 968 1126 ι
1001 1075 1076 1130 Te
1104 1076 1284 1144 ipsum
1317 1083 1528 1129 castum
1577 1073 1821 1138 custodi,
1867 1081 1922 1127 et
1977 1089 2046 1128 ne

453 1168 949 1224 communicavcris
984 1166 1226 1236 peccatis
1251 1166 1448 1221 alienis
1470 1166 1548 1218 56?
1573 1185 1590 1217 ι

525 1257 722 1312 PALL.
750 1257 982 1311 Maxime
1006 1272 1158 1310 vero.

522 1350 677 1404 ΟΥΕ.
718 1349 894 1404 Simul
929 1357 1113 1403 autem
1144 1365 1269 1404 cum
1315 1359 1472 1402 tauro
1514 1346 1798 1402 dominum
1825 1363 2046 1418 quoque

453 1441 699 1494 damnari
737 1440 1014 1505 decernit,
1063 1441 1108 1495 si
1141 1441 1398 1511 injuriam
1445 1440 1652 1495 illatam
1693 1440 1950 1504 sciverit,
1992 1450 2047 1495 et

456 1532 603 1586 illius
653 1532 1002 1600 iniquitatem
1039 1547 1148 1586 non
1191 1533 1469 1603 ignorasse
1516 1543 1848 1604 coarguatur
1879 1550 1890 1586 :
1921 1550 2047 1588 nam

455 1640 612 1694 posse
641 1624 863 1694 quidem
890 1624 1108 1694 iniquos
1133 1642 1315 1680 mores
1344 1642 1600 1681 coercere
1620 1668 1634 1690 ,
1660 1634 1715 1680 et
1754 1627 1823 1680 ab
1847 1627 2046 1698 injuria

455 1717 614 1771 facile
651 1718 970 1786 prohibere,
996 1718 1091 1772 sed
1123 1718 1300 1773 facere
1330 1719 1474 1772 nolle
1495 1760 1509 1783 ,
1552 1719 1717 1789 idque
1743 1719 2045 1788 praesertim

2149 533 2262 604 δείη
2294 540 2385 587 τὸν
2409 533 2632 606 τρόπον,
2663 534 2797 606 μηδὲ
2838 534 2938 605 τῆς
3004 535 3214 589 ἐκείνου
3258 535 3593 605 φαυλότητος
3619 536 3733 590 ἀλί-

2153 642 2335 679 σκοιτο
2362 626 2616 689 κοινωνός
2636 644 2648 657 ·
2667 627 2728 679 ού
2751 625 2860 698 γὰρ
2873 627 3030 698 ἡμῶν
3065 627 3388 698 ἐγκλήματα
3411 628 3479 681 τά
3509 628 3733 699 ἐτέρων,

2150 719 2196 770 εί
2219 718 2452 790 λαθραῖα
2478 719 2686 787 γένοιτο
2713 719 2892 788 τυχόν.
2939 717 3172 772 Ἐσθίειν
3197 719 3240 772 δ’
3263 721 3363 771 οὐκ
3393 721 3456 790 ἐᾷ
3479 718 3576 772 τοῦ
3601 718 3732 772 ταύ-

2151 827 2246 882 ρου
2270 811 2338 864 τά
2368 812 2527 882 κρέα,
2554 811 2612 863 τό
2641 827 2722 862 τοι
2759 810 2834 880 μὴ
2864 813 3058 880 χρῆναι
3096 809 3421 879 μεταλαχεῖν
3471 812 3568 879 τῆς
3616 809 3735 863 ἑτέ-

2151 918 2260 972 ρων
2287 901 2644 973 ἀκαθαρσίας,
2677 901 2752 965 ὡς
2781 903 2838 952 ὲν
2873 899 3027 969 τύπῳ
3071 899 3150 969 τῷ
3180 899 3322 952 κατὰ
3373 899 3472 969 τὴν
3528 898 3732 969 βρῶσιν

2149 992 2241 1045 καὶ
2256 991 2351 1062 τὴν
2377 992 2537 1045 οἱονεὶ
2561 989 2778 1062 μέθεξιν
2799 990 3111 1043 ὑποτυπῶν·
3138 983 3225 1060 ἆρ’
3247 987 3370 1058 οὐχὶ
3397 987 3554 1041 τοῦτό
3583 988 3731 1040 ἐστιν

2148 1083 2414 1154 ἐναργῶς,
2450 1083 2530 1148 τὸ,
2569 1101 2586 1133 ι
2623 1080 2852 1133 Σεαυτδν
2880 1080 3044 1148 ἀγνδν
3082 1080 3261 1151 τήρει,
3302 1080 3396 1134 καὶ
3429 1078 3503 1150 μὴ
3540 1079 3732 1132 κοινώ-

2147 1190 2226 1228 νει
2261 1171 2558 1243 ἁμαρτίαις
2585 1171 2922 1240 ἀλλοτρίαις;
2958 1188 2976 1221 ι

2221 1265 2429 1318 ΠΑΛΛ.
2458 1262 2605 1316 Πάνυ
2635 1261 2735 1332 μὲν
2765 1257 2879 1315 οὖν.

2219 1354 2384 1408 ΚΥΡ.
2418 1353 3070 1421 Συγκαταδικάζεσθαιυδὲ
3091 1352 3167 1424 τῷ
3199 1351 3383 1422 μόσχῳ
3408 1350 3727 1404 δεδικαίωκε

2146 1444 2235 1498 τὸν
2265 1444 2552 1514 δεσπότην,
2589 1444 2746 1514 εἴπερ
2771 1443 2937 1513 εἰδείη
2963 1443 3024 1496 τὸ
3055 1442 3465 1514 πλημμεληθὲν,
3497 1443 3590 1494 καὶ
3624 1459 3730 1512 μα-

2147 1536 2256 1590 Θὼν
2296 1537 2571 1607 ἐλέγχοιτο
2618 1535 2716 1607 τὴν
2759 1535 3070 1601 πλεονεξίαν
3102 1550 3116 1565 ο
3168 1535 3227 1588 τὸ
3279 1535 3387 1606 γὰρ
3441 1534 3728 1606 ἀπείργειν

2147 1627 2406 1685 δύνασθαι
2427 1626 2523 1695 τῆς
2547 1625 2760 1688 ἀδικίας
2784 1625 2911 1688 τοὺς
2931 1626 3187 1696 τρόπους,
3221 1626 3316 1677 καὶ
3345 1624 3728 1677 κατακωλύειν

2149 1714 2206 1772 εὖ
2243 1717 2387 1788 μάλα
2413 1717 2474 1769 τὸ
2503 1715 2846 1787 πλημμελὲς,
2892 1711 3013 1769 εἶτα
3054 1715 3212 1768 τοῦτο
3243 1715 3374 1786 δρᾷν
3397 1715 3497 1768 οὐκ
3535 1715 3728 1786 ἀνέχε-

451 1824 519 1862 et
573 1809 872 1874 industria,
927 1811 1326 1880 propemodum
1388 1810 1592 1864 iudicat
1656 1811 1935 1865 hominem
1987 1811 2038 1864 in

2149 1811 2292 1871 σθαι,
2312 1813 2406 1864 καὶ
2427 1809 2544 1863 λίαν
2566 1807 3042 1878 ἐσπουδασμένως,
3077 1807 3359 1878 μονονουχὶ
3384 1808 3480 1861 καὶ
3510 1823 3729 1878 συνειρ-

451 1901 703 1956 faciendo
729 1903 936 1956 socium
965 1901 1160 1966 fuisse,
1192 1912 1247 1956 et
1286 1902 1432 1972 quod
1467 1901 1536 1956 ad
1575 1901 1913 1956 voluntatem
1935 1943 1948 1966 ,
1984 1911 2041 1956 et

451 2009 740 2049 commune
773 1995 1062 2050 consilium
1091 1995 1363 2064 pertinet,
1393 2010 1518 2049 cum
1557 1993 1655 2058 iis,
1699 1993 1794 2064 qui
1846 2003 2039 2049 contra

450 2086 532 2142 fas
551 2086 828 2156 quidpiam
859 2087 1201 2143 committere
1238 2088 1408 2142 velint
1433 2127 1448 2150 ,
1486 2102 1712 2157 operam
1739 2103 1955 2157 quoque
1985 2088 2040 2142 in

449 2197 512 2234 ea
539 2195 598 2234 re
621 2196 774 2235 suam
791 2181 1043 2236 conferre
1067 2181 1327 2236 voluisse.
1353 2180 1638 2252 Ejusmodi
1665 2181 1831 2251 igitur
1853 2181 2038 2245 homo,

450 2271 656 2340 inquit,
690 2281 867 2326 morte
909 2273 1202 2335 multetur,
1247 2270 1352 2325 nisi
1401 2270 1638 2340 pretium
1664 2278 1719 2323 et
1759 2285 1859 2339 pro
1890 2271 2040 2339 ejus-

448 2362 597 2416 modi
641 2363 970 2418 criminibus
1019 2363 1277 2417 admissis
1317 2363 1545 2416 multam
1601 2363 1816 2434 judices
1863 2363 2039 2431 impo-

449 2457 678 2511 suerint.
714 2456 881 2528 248
914 2456 1136 2526 Spectat
1158 2456 1307 2510 enim
1337 2455 1424 2510 lex
1471 2455 1538 2510 ad
1579 2455 1924 2510 clementiam
1947 2495 1961 2518 ,
1986 2461 2041 2508 et

448 2547 746 2602 voluntatis
777 2548 832 2601 in
856 2547 1134 2616 peccando
1159 2548 1476 2602 societatem
1495 2587 1509 2610 ,
1540 2554 1596 2600 et
1620 2547 1790 2600 solius
1813 2562 2041 2599 conson-

447 2639 620 2695 sionis
642 2655 994 2694 concursum.
1030 2659 1047 2690 ι
1072 2639 1273 2694 Levius
1297 2639 1475 2710 punit,
1505 2638 1798 2708 siquidem,
1827 2637 2035 2706 inquit,

443 2731 660 2800 judices
701 2732 772 2787 ita
811 2732 1151 2787 censuerint.
1186 2753 1203 2784 ι
1236 2733 1355 2786 Jam
1389 2731 1611 2803 ﬁguram
1637 2731 1820 2800 accipe
1858 2739 2040 2784 trans-

448 2824 611 2878 latam
635 2825 700 2879 ad
727 2825 976 2880 veritatis
997 2823 1481 2894 signiﬁcationem:
1510 2825 1599 2879 ille
1622 2824 1768 2878 enim
1794 2823 2037 2877 omnium

442 2918 613 2986 judex
656 2917 977 2987 gravissima
1026 2917 1258 2972 crimina
1315 2927 1490 2972 morte
1544 2917 1816 2982 vindicat;
1871 2916 2041 2970 mittit

448 3019 632 3063 tamen
685 3024 780 3063 eos
821 3009 916 3078 qui
960 3009 1270 3080 peccarint,
1310 3009 1354 3063 si
1390 3009 1569 3078 pretia
1613 3009 1878 3074 offerant,
1912 3010 2038 3078 qui-

449 3102 553 3156 bus
580 3109 801 3171 pcccata
831 3101 1115 3155 solvantur
1135 3142 1148 3166 ,
1179 3102 1446 3172 lacrymas
1478 3100 1738 3154 nimirum
1763 3101 2038 3170 pceniten-

2143 1900 2414 1970 γασμένον
2446 1898 2737 1968 ἀποφαίνει
2772 1897 2863 1950 τὸν
2913 1896 3219 1967 ἄνθρωπον,
3273 1897 3368 1949 καὶ
3412 1897 3536 1948 ὅσον
3593 1891 3728 1968 ἧκεν

2142 1993 2222 2055 είς
2247 1991 2463 2060 θέλησιν
2484 1992 2576 2042 καὶ
2597 1988 2987 2042 ταυτοϐουλίαν
3005 1991 3116 2051 τοῖς
3138 1987 3418 2041 ἐθέλουσιν
3445 1988 3729 2057 ἀνοσιουρ-

2142 2086 2261 2152 γεῖν
2291 2083 2385 2136 καὶ
2438 2084 2789 2136 συνεκπονεῖν
2831 2081 3128 2153 ᾑρημένον.
3185 2080 3441 2136 Τεθνάτω
3481 2080 3546 2152 δὴ
3579 2075 3672 2134 οὖν
3699 2083 3730 2133 ό

2143 2175 2368 2238 τοιόσδε,
2403 2175 2586 2244 φησὶν,
2646 2172 2784 2244 πλὴν
2831 2174 2879 2225 εί
2929 2174 3003 2244 μὴ
3037 2172 3208 2242 λύτρα
3257 2171 3350 2226 καὶ
3410 2172 3510 2236 τάς
3557 2172 3614 2225 ἐν
3664 2188 3729 2240 γε

2140 2265 2349 2329 τούτοις
2381 2265 2584 2336 ζημίας
2614 2265 2851 2317 ὲπιθεῖεν
2875 2266 2923 2317 οί
2957 2264 3159 2335 κριταί.
3190 2263 3388 2316 Βλέπει
3425 2262 3482 2317 δὲ
3510 2265 3538 2315 ό
3567 2261 3728 2332 νόμος

2143 2359 2281 2428 πρὸς
2312 2359 2373 2410 τὸ
2403 2358 2659 2429 χρηστὸν,
2690 2359 2786 2410 καὶ
2822 2356 3143 2428 συνθέλησιν
3177 2357 3278 2428 τὴν
3315 2359 3393 2419 είς
3431 2355 3728 2427 ἁμαρτίαν,

2143 2451 2236 2502 καὶ
2285 2448 2360 2512 ὡς
2409 2451 2468 2501 ἐν
2513 2448 2641 2519 ψιλῇ
2690 2449 2994 2502 συναινέσει
3053 2449 3374 2518 συνδρομήν.
3443 2467 3461 2500 ι
3499 2448 3729 2512 Κολάζει

2142 2540 2250 2610 γὰρ
2297 2539 2683 2609 μετριώτερον,
2716 2539 2875 2610 εἴπερ
2905 2539 3130 2601 ἕλοιντο,
3165 2539 3348 2607 φησὶν,
3386 2540 3435 2592 οί
3467 2537 3666 2610 κριταί.
3704 2558 3724 2587 ι

2143 2632 2252 2684 Καὶ
2283 2631 2438 2700 δέχου
2473 2630 2566 2683 τὸν
2593 2630 2764 2682 τύπον
2814 2631 2894 2692 είς
2925 2627 3184 2700 ἀλήθειαν
3217 2645 3230 2658 ·
3267 2629 3590 2700 κατακρίνει
3629 2628 3729 2698 μὲν

2142 2724 2249 2794 γὰρ
2309 2723 2522 2792 θανάτῳ
2552 2721 2620 2775 τά
2663 2720 2991 2792 παγχάλεπα
3044 2723 3151 2774 τῶν
3183 2721 3670 2792 πλημμελημάτων
3700 2723 3729 2773 ὁ

2143 2815 2360 2868 πάντων
2387 2815 2602 2886 κριτὴς,
2652 2814 2791 2884 πλὴν
2823 2813 3108 2886 προσίεται
3140 2815 3264 2878 τοὺς
3306 2811 3726 2885 ἡμαρτηκότας,

2143 2907 2238 2959 καὶ
2263 2907 2432 2978 λύτρα
2478 2907 2912 2978 προσφέροντας,
2946 2905 3016 2960 τὰ
3045 2907 3142 2976 τῆς
3188 2906 3462 2977 ἁμαρτίας
3507 2905 3725 2964 λυτικὰ.

2141 2997 2204 3051 τὺ
2243 2999 2306 3051 ὲκ
2355 2998 2644 3068 μετανοίας
2671 2999 2927 3069 δάκρυον,
2969 2997 3059 3051 τὸν
3088 2997 3180 3050 ἐπὶ
3204 2999 3324 3060 ταῖς
3353 2995 3728 3069 μεταγνώσεσι

2146 3096 2328 3160 πόνον,
2352 3096 2451 3166 τῆς
2482 3093 2850 3164 ὲλεημοσύνης
2894 3093 3020 3156 τοὺς
3058 3091 3296 3162 τρόπους
3320 3107 3334 3122 ·
3373 3109 3392 3142 ι
3421 3093 3724 3146 Κατακαυ-

451 3192 538 3246 tiae
559 3233 573 3256 ,
613 3191 966 3261 laboremque
1005 3190 1411 3255 conversionis,
1446 3200 1501 3247 et
1531 3191 1891 3263 eleemosynae
1923 3206 2038 3246 mo-

2150 3187 2311 3255 χᾶται
2371 3184 2480 3255 γὰρ
2539 3183 2686 3246 ἔλεος
2751 3182 3008 3254 κρίσεως,
3046 3201 3063 3232 ι
3124 3181 3267 3234 κατά
3314 3180 3412 3244 τὰς
3469 3180 3723 3253 Γραφάς.

447 3284 546 3338 dos
573 3303 584 3336 :
624 3304 640 3333 ‹
665 3282 1048 3352 Supercxaltat
1073 3283 1220 3337 enim
1239 3283 1614 3337 misericordia
1636 3283 1907 3353 judicium
1931 3284 2028 3347 ",i

442 3376 595 3446 juxta
635 3374 970 3444 Scriptu_ras.
1018 3373 1279 3444 Diligenti
1319 3389 1538 3444 quoque
1574 3375 1892 3430 discrimine
1950 3375 2038 3431 lex

445 3465 731 3536 distinguit
753 3480 850 3519 eos
869 3465 964 3533 qui
991 3464 1190 3535 injuria
1209 3465 1320 3518 sint
1343 3464 1522 3520 affecti
1542 3484 1554 3519 :
1571 3482 1694 3520 nam
1715 3507 1728 3532 ,
1755 3467 1801 3521 si
1825 3466 1997 3520 ﬁlium
2019 3488 2038 3531 ,

448 3558 654 3626 inquit,
682 3563 778 3610 aut
806 3555 974 3610 ﬁliam
1016 3566 1212 3611 taurus
1244 3556 1541 3622 occiderit,
1596 3559 1901 3626 moriatur,
1935 3577 2035 3616 nec

446 3649 592 3702 ullus
607 3648 680 3702 sit
705 3647 1044 3702 miserationi
1067 3647 1251 3703 locus:
1279 3650 1364 3704 sin
1391 3665 1608 3705 servum
1636 3660 1730 3705 aut
1757 3655 2032 3719 ancillam,

445 3745 733 3807 argentum
758 3752 858 3806 pro
889 3735 1000 3792 illis
1031 3738 1298 3808 exigatur.
1339 3739 1627 3796 Rationem
1671 3741 1838 3812 igitur
1872 3741 2036 3814 hujus

444 3828 778 3885 discriminis
823 3829 1104 3900 inquirere
1149 3831 1245 3901 qui
1282 3830 1402 3886 ﬁeri
1441 3841 1624 3902 potest
1661 3841 1721 3886 ut
1750 3832 2033 3905 indignum

444 3920 531 3980 sit,
582 3935 708 3975 cum
753 3920 1058 3990 praasertim
1099 3919 1260 3976 liberi
1304 3921 1556 3990 servique
1613 3921 1925 3976 dill'erentia
1979 3923 2032 3976 in

445 4010 604 4065 nobis
634 4026 743 4066 non
769 4020 976 4066 natura:
1004 4013 1202 4067 vitium
1234 4014 1341 4078 sit,
1369 4013 1547 4084 qualis
1584 4021 1670 4069 est
1708 4014 1900 4084 procul
1927 4015 2031 4069 du-

449 4103 538 4158 bio
570 4105 709 4158 mala
735 4105 990 4161 valetudo
1011 4148 1024 4171 ,
1053 4107 1149 4162 sed
1175 4123 1244 4161 ex
1271 4107 1642 4176 potentiorum
1675 4108 2030 4179 oppressione

444 4199 744 4251 nascatur?
787 4219 804 4248 ι
852 4198 1001 4254 Idem
1034 4215 1274 4268 namque
1331 4216 1431 4255 nos
1469 4201 1715 4258 condidit
1758 4203 1932 4265 Deus,
1975 4211 2032 4256 et

445 4303 586 4342 unus
623 4298 710 4343 εει
742 4289 985 4344 omnium
1020 4291 1182 4344 Pater
1219 4291 1288 4356 ⁵⁸,
1335 4313 1352 4342 ›
1416 4294 1570 4362 juxta
1613 4295 1896 4364 prophetre
1935 4310 2032 4347 vo-

440 4391 580 4430 cem.
613 4377 756 4432 Num
809 4379 975 4449 igitur
1014 4378 1279 4435 Conditor
1329 4392 1516 4438 noster
1552 4385 1834 4439 nonnullis
1859 4384 2026 4437 etiam

441 4469 764 4522 servitutem
811 4485 911 4538 pro
957 4468 1190 4524 crimine
1229 4473 1486 4526 ascribit?
1516 4490 1649 4527 num
1677 4474 1822 4543 apud
1849 4476 2025 4543 ipsum

2154 3273 2382 3346 ’Δκριϐῆ
2437 3273 2495 3327 δὲ
2545 3275 2572 3325 ό
2605 3274 2768 3343 νόμος
2814 3272 2907 3324 καὶ
2970 3272 3070 3341 τὴν
3111 3271 3204 3323 ἐπὶ
3251 3273 3362 3334 τοῖς
3429 3269 3728 3324 πεπονθόσι

2141 3370 2377 3420 ποιεῖται
2426 3365 2709 3434 διαστολὴν
2737 3381 2750 3394 ·
2783 3367 2832 3418 εί
2886 3363 2988 3435 μὲν
3042 3363 3150 3434 γάρ
3196 3363 3310 3416 υἱὸν
3349 3365 3380 3434 ἡ
3421 3362 3725 3434 θυγατέρα,

2140 3460 2324 3530 φησὶν,
2355 3459 2382 3510 ὁ
2423 3457 2621 3528 μόσχος
2655 3456 2839 3528 ἀνέλῃ,
2881 3455 3123 3509 τεθνάτω
3156 3456 3248 3508 καὶ
3302 3455 3722 3528 ἀφιλοικτιρμό-

2139 3568 2243 3614 νως
2276 3567 2288 3581 ’
2321 3553 2369 3603 εί
2416 3550 2472 3602 δὲ
2505 3549 2671 3605 παῖδα
2714 3549 2747 3620 ἢ
2791 3548 3108 3618 παιδίσκην,
3159 3547 3426 3620 ἀργύριον
3476 3548 3614 3602 ἔστω
3658 3550 3723 3601 τὸ

2138 3643 2279 3714 ὑπὲρ
2311 3642 2488 3696 αὐτῶν
2515 3642 2866 3715 ζητούμενον.
2904 3641 3000 3706 Τίς
3042 3636 3134 3695 οὖν
3173 3644 3201 3694 ὁ
3249 3641 3427 3709 λόγος,
3459 3641 3575 3704 πῶς
3619 3641 3722 3695 οὐκ

2137 3732 2286 3799 ἄξιον
2313 3733 2479 3800 ίδεῖν;
2513 3735 2690 3788 καίτοι
2738 3733 2802 3786 τὸ
2855 3732 3140 3804 ἐλεύθερόν
3181 3749 3239 3785 τε
3285 3733 3380 3786 καὶ
3434 3730 3620 3786 δοῦλον
3660 3735 3721 3785 έν

2134 3829 2292 3899 ἡμῖν,
2325 3826 2389 3878 ἐκ
2439 3824 2758 3891 πλεονεξίας
2803 3827 2900 3879 καὶ
2945 3825 3046 3880 οὐκ
3089 3825 3432 3897 ἀρρώστημα
3476 3825 3718 3894 φύσεως,

2135 3918 2390 3991 καθάπερ
2443 3918 2636 3989 ἀμέλει
2686 3918 2781 3972 κα)⁸
2824 3918 2886 3972 τὸ
2939 3918 3152 3970 νοσεῖψ
3211 3936 3229 3968 ι
3275 3910 3370 3980 Εἷς
3407 3914 3519 3988 γὰρ
3565 3918 3720 3986 ἡμᾶς

2135 4011 2316 4065 ἔκτισε
2342 4010 2497 4074 Θεὸς,
2529 4010 2624 4064 καὶ
2643 4003 2723 4074 εἷς
2740 4011 2768 4063 ό
2790 4009 3009 4064 πάντων
3043 4009 3288 4079 Πατὴρ,›
3323 4007 3464 4062 κατά
3493 4006 3591 4078 τὴν
3620 4007 3716 4060 τοῦ

2135 4104 2416 4175 προφήτου
2455 4105 2660 4176 φωνήν.
2684 4099 2808 4175 Ἆρ’
2837 4098 2931 4158 οὖν
2960 4103 3036 4167 ὡς
3074 4101 3326 4172 ἔγκλημα
3350 4099 3444 4154 καὶ
3467 4099 3718 4154 δουλείαν

2133 4195 2476 4268 καταγράφει
2499 4195 2663 4249 τινῶν
2691 4196 2720 4247 ὁ
2745 4194 3084 4266 Δημιουργός
3107 4212 3122 4261 ;
3151 4188 3260 4266 ἆρα
3285 4193 3380 4247 καὶ
3409 4195 3539 4265 παρ’
3565 4196 3718 4269 αὐτῷ

2131 4289 2192 4342 τὸ
2225 4289 2408 4342 δοῦλον
2440 4291 2497 4342 ὲν
2551 4289 2747 4360 μείοσι,
2790 4289 2883 4342 καὶ
2938 4286 3062 4360 δόξῃ
3103 4289 3418 4342 πλεονεκτεῖ
3451 4289 3513 4343 τὺ
3555 4289 3716 4344 ἐλεύ-

2131 4379 2317 4452 θερον;
2365 4381 2442 4434 Οὐ
2485 4381 2582 4451 μὲν
2613 4376 2726 4434 οὗν.
2761 4400 2779 4432 ι
2833 4378 2922 4434 Ἐν
2967 4379 3076 4452 γὰρ
3120 4379 3341 4452 Χριστῷ
3390 4379 3562 4452 Ἰησοῦ
3613 4384 3714 4436 οὐκ

2132 4471 2208 4524 ἔνι
2246 4471 2452 4537 δοῦλος,
2491 4472 2614 4526 οὔτε
2659 4471 2966 4542 ἐλεύθερος.
3002 4492 3020 4524 ι
3064 4472 3295 4535 Οὐκοῦν,
3348 4473 3476 4526 σκιά
3527 4472 3637 4544 γάρ
3683 4479 3714 4528 ό

439 4574 658 4629 quoque
695 4561 914 4616 servilis
951 4561 1194 4616 conditio
1230 4565 1368 4618 nihil
1398 4565 1683 4634 penditur,
1717 4574 1772 4620 et
1804 4567 2029 4626 libertas

2142 4565 2315 4634 νόμος,
2347 4565 2438 4618 διά
2479 4565 2580 4634 μὲν
2611 4563 2727 4617 υίοῧ
2762 4581 2820 4616 τε
2858 4565 2952 4618 καὶ
2987 4564 3277 4636 θύγατρος,
3309 4564 3371 4618 τὸ
3423 4564 3714 4635 ἐλεύθερον

440 4653 644 4722 majore
692 4652 864 4722 gloria
915 4653 1128 4722 pollet?
1175 4654 1396 4708 Minime
1445 4670 1617 4708 vero:
1651 4675 1667 4706 ι
1708 4656 1767 4710 ln
1805 4655 2026 4711 Christo

2142 4657 2236 4710 ιῶν
2261 4657 2430 4725 ἁγίων
2454 4656 2778 4727 σημαίνεται
2829 4655 2984 4723 γένος
3011 4671 3026 4686 ο
3067 4655 3157 4708 διά
3206 4654 3264 4708 δέ
3311 4672 3374 4725 γε
3416 4655 3606 4720 παιδός
3649 4671 3711 4708 τε

437 4740 586 4794 enim
605 4740 734 4795 Jesu
765 4755 876 4795 non
911 4751 995 4796 est
1029 4757 1254 4806 servus,
1288 4759 1467 4812 neque
1494 4743 1634 4797 liber
1661 4746 1727 4799 ‘9.
1769 4767 1786 4795 ι
1823 4747 2020 4817 Igitur,

2142 4748 2222 4799 ιαὶ
2250 4747 2564 4815 παιδίσκης,
2598 4747 2660 4798 τὸ
2697 4745 2879 4799 δοῦλον
2912 4746 2992 4800 ἔτι
3043 4747 3139 4800 καὶ
3179 4746 3284 4800 ὑπὸ
3317 4746 3481 4815 ζυγὸν
3523 4747 3711 4819 ἁμαρ-

436 4833 566 4901 quia
602 4833 690 4888 lex
729 4833 924 4889 umbra
959 4844 1068 4897 est,
1107 4852 1206 4904 per
1249 4835 1424 4890 ﬁlium
1463 4851 1526 4890 ac
1571 4835 1737 4891 ﬁliam
1781 4839 2020 4894 liberum

2142 4837 2263 4900 ιίας.
2311 4837 2467 4888 Ἐστι
2498 4835 2554 4888 δὲ
2585 4835 2642 4887 ού
2673 4836 2891 4901 ταυτὸν,
2923 4836 2981 4888 τὸ
3014 4837 3358 4908 πλημμελεῖν
3408 4838 3488 4899 είς
3519 4837 3710 4905 ἁγίους

434 4932 749 4979 sanctorum
778 4925 1062 4980 hominum
1085 4941 1256 4996 genus
1280 4925 1650 4996 signiﬁcatur;
1679 4945 1777 4999 per
1799 4946 2017 4986 servant

2142 4925 2554 4998 jdpaptwloﬁg.
2591 4925 2894 4990 Κολάζεται
2917 4928 2972 4980 δὲ
2997 4929 3098 4980 οὐκ
3146 4929 3203 4980 ἐν
3264 4929 3363 4997 ίσῳ
3415 4925 3600 4998 μέτρῳ
3638 4927 3710 4980 τά

435 5030 566 5070 vero
599 5024 655 5070 et
676 5016 926 5071 ancillam
967 5017 1100 5072 illud
1133 5017 1314 5072 adhuc
1348 5018 1545 5074 servile
1582 5036 1782 5090 genus,
1811 5030 1867 5076 et
1891 5007 2019 5092 pec-

2142 5017 2210 5070 ;π’
2243 5018 2444 5087 ἀμφοῖν
2475 5035 2488 5048 ·
2525 5018 2605 5072 ὅτι
2661 5017 2761 5089 μὲν
2819 5019 2930 5090 γὰρ
2982 5019 3202 5088 ἀδελφοὶ
3235 5019 3334 5091 τὴν
3372 5017 3556 5088 φύσιν,
3596 5018 3704 5070 οἶδε

434 5109 539 5162 cati
567 5109 697 5178 jugo
738 5108 1066 5178 subjectum.
1115 5109 1234 5164 Non
1262 5118 1345 5165 est
1385 5111 1553 5182 igitur
1586 5129 1684 5182 par
1723 5115 1920 5186 injuria
1959 5116 2015 5170 in

2142 5125 2182 5162 τε
2215 5109 2480 5172 κάκεῖνοι,
2509 5110 2672 5162 παντί
2707 5127 2783 5181 τῳ
2830 5099 3000 5180 σαφές
3021 5127 3032 5140 ·
3066 5110 3178 5162 ἀλλ’
3231 5109 3348 5162 ἐστι
3401 5109 3464 5162 τὸ
3521 5111 3700 5176 ᾶγιον,

433 5207 648 5254 sanctos
699 5207 862 5268 atque
896 5201 951 5254 in
1005 5211 1322 5270 peccatores
1379 5203 1547 5270 facta,
1589 5221 1767 5276 neque
1822 5207 2015 5262 eadem

2142 5217 2180 5254 .v
2209 5201 2448 5274 ὑπεροχῇ
2478 5205 2542 5274 τῇ
2574 5206 2937 5274 πνευματικῇ,
2969 5204 3060 5257 καὶ
3101 5206 3158 5256 ὲν
3190 5207 3303 5267 τοῖς
3349 5205 3451 5274 τῆς
3501 5203 3703 5272 ἀρετῆς

434 5304 686 5344 mensura
713 5290 1028 5360 plectuntur
1049 5302 1272 5362 peccata
1307 5294 1361 5348 in
1387 5303 1648 5366 utrosque
1676 5299 1968 5353 commissa
2000 5315 2012 5350 :

2142 5292 2379 5365 ιψώμασι
2407 5311 2420 5324 ⁸
2454 5297 2548 5348 καὶ
2577 5295 2729 5366 ποιρά
2759 5295 2837 5366 τῷ
2867 5296 2985 5367 Θεῷ
3025 5296 3227 5367 τίμιον,
3253 5297 3329 5359 ὼς
3354 5296 3448 5350 καὶ
3475 5297 3532 5348 ὲν
3580 5295 3700 5346 υίού

431 5392 558 5430 nam
581 5393 700 5433 esse
725 5379 948 5449 quidem
975 5389 1090 5436 tum
1117 5383 1245 5449 hos,
1272 5394 1387 5440 tum
1413 5387 1534 5441 illos
1557 5397 1752 5442 natura
1779 5387 2013 5453 fratres,

2142 5386 2271 5454 τάξει
2297 5387 2552 5456 γενέσθαι
2582 5391 2674 5441 καὶ
2710 5387 3002 5462 θύγατρος,
3034 5389 3128 5442 καὶ
3158 5388 3219 5441 τὸ
3271 5385 3613 5458 ἀνθρώπινόν
3641 5401 3695 5436 τε

429 5468 685 5524 omnibus
713 5470 918 5540 liquet;
966 5474 1059 5528 sed
1093 5485 1270 5530 tamen
1305 5485 1622 5533 sanctorum
1657 5479 1904 5534 conditio
1931 5488 2017 5534 est

2142 5479 2216 5532 :al.
2247 5478 2613 5550 δουλοπρεπὲς
2634 5479 3043 5553 ὑπερφέρεσθαι
3087 5481 3310 5552 μέτρον.
3363 5479 3696 5551 Ὀσιουργεῖν

429 5557 1065 5628 spiritualiexcelleutia,
1091 5575 1144 5619 et
1169 5565 1432 5620 virtutum
1471 5567 1809 5622 sublimitate
1838 5583 2009 5638 supe-

2142 5570 2174 5623 ἱὲ
2200 5571 2227 5622 ό
2253 5571 2418 5642 νόμος
2459 5574 2551 5625 καὶ
2595 5573 2818 5645 ἀγάπης
2865 5573 3084 5644 ἔχεσθαι
3141 5573 3237 5645 τῆς
3287 5575 3365 5638 είς
3411 5571 3692 5640 ἀδελφοὺς.

472 5738 514 5772 ⁵⁵
543 5739 726 5797 l'Tim.
759 5759 807 5812 ν,
841 5743 927 5797 ‘22.
994 5744 1036 5775 ⁵⁷
1067 5743 1253 5800 Jacob.
1279 5761 1336 5811 ιι,
1364 5746 1416 5800 5.
1481 5747 1524 5780 ⁸⁸
1555 5745 1781 5800 Malach.
1823 5761 1879 5813 ιι,
1913 5745 1996 5798 10.

2142 5745 2306 5802 Galat.
2334 5762 2412 5811 ιιι,
2449 5747 2540 5802 28.
