4104 6440
342 443 455 501 529

1039 444 1126 500 DE
1164 441 1611 501 ADORATIONE
1644 443 1714 500 IN
1754 442 2026 500 SPlRlTU
2066 441 2155 497 ΕΤ
2195 437 2566 497 VERITATE.
2608 434 2738 489 LIB.
2781 432 2893 488 ΥΠ.

3542 424 3650 484 ιςδο

342 564 445 618 καὶ
480 561 605 617 καθ’
640 560 862 635 ἑτέρους
906 561 1043 634 ἡμῖν
1097 562 1401 635 εἰσηγεῖται
1429 560 1686 632 τρόπους,
1715 557 1810 625 οὒς
1856 557 1944 613 καὶ

2057 557 2202 624 rior,
2227 564 2284 613 et
2314 557 2429 612 Deo
2461 555 2600 610 adeo
2629 550 2781 607 chari
2808 556 2967 614 sunt,
3005 554 3067 602 ut
3092 546 3149 601 in
3178 545 3277 601 filii
3299 551 3357 600 et
3388 541 3510 598 ﬁliae
3528 543 3651 600 loco

340 655 701 728 παραθέντες
750 655 972 727 ἐφεξῆς,
1012 655 1074 709 τὸ
1108 656 1189 720 είς
1223 653 1349 710 νοῦν
1402 648 1540 727 ἧκον
1592 655 1677 724 ἐφ’
1732 652 1951 725 ἑκάστῳ

340 746 612 820 ἐροῦμεν,
650 748 797 820 Ἔφη
848 747 959 819 γάρ
1000 747 1163 802 πάλιν
1193 762 1207 778 ο
1269 766 1288 800 ι
1339 747 1467 801 Ἐάν
1509 745 1568 800 δέ
1620 763 1704 810 τις
1763 745 1949 818 ἀνοίξῃ

339 836 582 902 λςῖκκον,
615 837 648 910 ἢ
681 837 968 910 λατομήσῃ
988 838 1220 904 λάκκον,
1267 839 1363 893 καὶ
1389 838 1465 910 μὴ
1502 835 1720 909 καλύψῃ
1762 836 1948 901 αὐτὸν,

340 930 447 984 καὶ
473 929 697 1001 ἐμπέσῃ
738 931 857 983 ἐκεῖ
888 930 1111 1001 μόσχος,
1142 930 1175 1001 ἢ
1205 929 1347 993 ὄνος,
1379 930 1409 982 6
1451 927 1641 1002 κύριος
1670 926 1766 981 τοῦ
1813 925 1944 981 λάκ-

340 1039 447 1076 κου
484 1020 759 1088 ἀποτίσει,
802 1021 1068 1094 ἀργύριον
1091 1022 1256 1076 δώσει
1293 1020 1372 1092 τῷ
1426 1021 1603 1094 κυρίῳ
1632 1019 1834 1084 αὐτῶν,
1890 1018 1951 1072 τὸ

336 1114 400 1168 δὲ
428 1113 837 1185 τετελευτηκὸς
886 1113 1037 1183 αὐτῷ
1071 1113 1248 1191 ἔσται.
1289 1132 1309 1166 ι
1344 1112 1516 1167 Τοῦτο
1542 1112 1599 1164 δέ
1630 1114 1779 1165 ἔστιν
1806 1111 1948 1165 αἰνι-

337 1205 685 1278 γματωδῶς,
734 1205 797 1259 τὸ
848 1204 923 1278 μὴ
979 1206 1187 1260 τιθέναι
1239 1205 1576 1277 πρόσκομμα
1617 1203 1696 1276 τῷ
1735 1201 1950 1274 ἀδελφῷ

339 1296 378 1371 ἥ
421 1297 753 1362 σκάνδαλον,
781 1299 879 1351 καὶ
901 1299 963 1352 τὸ
1003 1297 1234 1367 ὠφελεῖν
1262 1297 1508 1368 πεφυκὸς
1535 1298 1637 1351 οὐκ
1660 1299 1755 1370 ὲᾷν
1776 1296 1950 1370 ἄχρη-

341 1407 479 1444 στον
501 1389 760 1459 γενέσθαι
786 1391 951 1453 τισὶν,
977 1388 1101 1442 οὔτε
1137 1389 1244 1460 μὴν
1269 1388 1387 1442 όδδν
1412 1387 1642 1460 ὁρᾶσθαι
1676 1387 1816 1458 πρὸς
1855 1385 1950 1441 θά-

339 1499 537 1548 νατον,
579 1481 650 1536 τὰ
678 1484 813 1554 ἡμῖν
847 1497 909 1535 τε
937 1481 1034 1535 καὶ
1060 1481 1269 1553 ἑτέροις
1292 1482 1570 1550 ἀναγκαῖα
1600 1480 1741 1553 πρὸς
1769 1479 1940 1552 ζωήν.

341 1575 422 1629 ’Ἡ
447 1573 562 1648 γὰρ
621 1574 743 1646 οὐχὶ
785 1573 987 1629 λάκκον
1027 1591 1110 1637 τις
1140 1572 1394 1643 ἀνοίγων,
1425 1574 1460 1646 ἢ
1508 1573 1782 1645 λατομῶν,
1823 1574 1952 1626 ἐαυ-

336 1664 424 1737 τῷ
467 1683 519 1720 τι
564 1667 662 1721 καὶ
710 1666 921 1740 ἑτέροις
965 1666 1240 1741 χρήσιμόν
1262 1683 1321 1719 τε
1354 1667 1448 1721 καὶ
1488 1667 1789 1735 ἀναγκαῖον
1817 1667 1951 1721 ἀπο-

338 1757 527 1825 στελεῖς
570 1756 735 1813 Ἀλλὰ
763 1760 839 1831 μὴ
871 1759 1034 1825 ἔστω,
1070 1760 1227 1832 φησι,
1255 1758 1503 1815 κινδύνου
1523 1761 1799 1831 πρόφασις
1826 1759 1948 1813 ἐτέ-

341 1868 429 1922 ρῳ
467 1848 541 1905 τὰ
574 1851 663 1905 σά.
688 1872 707 1904 ι
728 1851 795 1906 Ἦ
821 1853 930 1924 γὰρ
959 1853 1172 1924 ἀγάπη,
1200 1871 1217 1904 ι
1250 1851 1395 1906 καθά
1419 1869 1584 1924 φησιν
1605 1853 1634 1906 6
1653 1852 1944 1918 θεσπέσιος

2054 650 2397 712 habeantur,
2453 655 2511 702 et
2552 646 2850 701 humanam
2909 640 3278 711 servilemque
3330 652 3648 694 mensuram

2057 741 2387 799 transiliant.
2416 737 2684 794 Pietatem
2710 751 2881 807 porro
2914 731 3118 798 colere,
3158 739 3215 785 et
3236 729 3560 786 charitatem
3594 727 3651 782 in

2053 835 2254 890 fratres
2296 831 2574 895 retinere,
2626 828 2716 883 lex
2746 827 2872 882 aliis
2918 839 3140 897 quoque
3186 821 3367 878 modis
3409 819 3649 884 suadet,

2053 942 2193 1000 quos
2222 924 2410 989 etiam,
2444 920 2538 977 ubi
2572 920 2835 991 deinceps
2860 916 3332 989 proposuerimus,
3365 913 3433 970 de
3466 913 3653 984 singu-

2052 1019 2141 1084 lis,
2159 1016 2383 1090 quodin
2408 1021 2650 1071 mentem
2678 1012 2914 1077 venerit,
2940 1010 3209 1066 dicemus.
3237 1008 3327 1063 Ait
3350 1007 3497 1063 enim
3532 1022 3656 1060 rur-

2052 1127 2185 1181 sus:
2220 1129 2239 1163 ι
2271 1108 2429 1177 Quod
2449 1108 2494 1163 si
2522 1106 2649 1178 quis
2685 1103 2971 1177 aperuerit
3010 1103 3212 1169 lacum,
3239 1110 3338 1158 aut
3379 1098 3653 1156 exciderit

2050 1205 2256 1269 lacum,
2281 1218 2463 1273 neque
2487 1217 2614 1257 eum
2637 1196 2943 1271 operuerit,
2971 1204 3028 1253 et
3057 1195 3323 1251 ceciderit
3346 1193 3479 1249 illuc
3501 1192 3651 1247 vitu-

2051 1297 2139 1352 lus
2172 1305 2269 1352 aut
2292 1294 2504 1358 asinus,
2539 1291 2803 1348 dominus
2834 1290 2940 1346 laci
2978 1288 3205 1353 reddet,
3235 1292 3525 1357 argentum
3553 1283 3652 1337 da-

2051 1390 2132 1446 bit
2152 1387 2379 1444 domino
2396 1385 2560 1458 249
2583 1384 2825 1449 illorum,
2843 1390 2899 1437 et
2914 1387 3193 1437 mortuum
3211 1377 3317 1433 erit
3332 1375 3507 1447 ipsius
3519 1375 3612 1428 ⁵¹⁶.
3627 1394 3646 1425 ι

2050 1479 2168 1535 Hoc
2189 1492 2323 1532 vero
2352 1475 2585 1547 ﬁgurate
2607 1471 2741 1528 illud
2771 1479 2892 1537 est,
2922 1486 3035 1526 non
3052 1483 3261 1540 ponere
3286 1465 3651 1522 oﬁ‘ensionem

2049 1571 2207 1628 fratri
2239 1575 2337 1625 aut
2378 1567 2697 1624 scandalum
2725 1605 2740 1630 ,
2772 1580 2954 1636 neque
2977 1563 3126 1634 pati,
3163 1568 3226 1617 ut
3263 1558 3414 1632 quod
3457 1565 3654 1628 suapte

2049 1672 2248 1719 natura
2276 1659 2411 1715 utile
2432 1668 2538 1724 est,
2580 1657 2863 1729 aliquibus
2884 1656 3082 1711 inutile
3112 1653 3239 1720 ﬁat;
3279 1667 3461 1722 neque
3498 1666 3654 1705 com-

2050 1755 2273 1811 mittere
2308 1759 2404 1817 ut,
2444 1765 2566 1821 quae
2598 1749 2759 1804 nobis
2784 1748 3017 1819 aliisque
3047 1743 3361 1801 necessaria
3406 1751 3538 1797 sunt
3586 1740 3656 1795 ad

2051 1849 2242 1915 vitam,
2268 1862 2333 1903 ea
2365 1846 2513 1901 viam
2537 1842 2605 1899 ad
2630 1852 2865 1899 mortem
2899 1841 3114 1913 aperire
3152 1838 3450 1894 videantur
3477 1853 3489 1889 :
3514 1851 3657 1889 nun-

339 1942 565 2008 Παῦλος
594 1983 611 2010 ,
652 1961 672 1996 t
712 1945 774 1998 ού
814 1923 972 2018 ζητεῖ
1002 1946 1070 2000 τὰ
1093 1944 1313 2017 ἑαυτῆς,
1346 1963 1365 1998 ι
1408 1923 1686 2015 λογίζεται
1718 1945 1776 2000 δὲ
1801 1946 1944 2018 μᾶλ-

2051 1941 2187 2015 quid
2210 1940 2359 1997 enim
2379 1981 2393 2005 ,
2422 1938 2517 2010 qui
2540 1938 2726 1993 lacum
2751 1926 2933 2007 aperit
2979 1940 3074 1989 aut
3095 1932 3235 1989 fodit
3257 1971 3272 1998 ,
3300 1944 3412 1985 non
3452 1928 3560 1984 sibi
3590 1941 3658 1983 ac

339 2034 441 2090 λον
480 2036 670 2091 καὶτὰ
699 2038 927 2111 ἑτέρων.

2052 2034 2271 2092 caeteris
2313 2032 2450 2088 utile
2494 2027 2782 2100 quidpiam
2822 2043 2888 2083 ac
2926 2024 3304 2082 necessarium
3328 2019 3531 2078 eﬂieit?
3573 2018 3655 2075 Ne

292 2167 304 2177 .
335 2129 699 2198 committas,
740 2132 951 2203 inquit,
991 2138 1052 2186 ut
1079 2147 1167 2188 res
1208 2138 1315 2187 tute
1353 2131 1512 2188 alteri
1534 2132 1883 2188 occasionem
1919 2130 2154 2204 periculi
2194 2129 2460 2184 afferant:
2494 2144 2512 2177 ι
2546 2123 2803 2180 Charitas
2826 2123 2975 2178 enim
3000 2162 3015 2189 ,
3050 2139 3069 2172 ι
3102 2126 3165 2175 ιιι
3187 2120 3265 2174 ait
3288 2118 3488 2173 beatus
3507 2115 3656 2170 Pau-

338 2227 467 2287 lus,
501 2242 518 2274 ι
552 2239 666 2278 non
692 2232 890 2295 quamt
912 2240 1034 2296 qua:
1077 2240 1177 2280 sua
1205 2232 1336 2279 sunt
1358 2225 1465 2292 I"‘;
1504 2244 1523 2277 ι
1556 2225 1765 2296 cogitat
1806 2232 1994 2279 autem
2030 2222 2221 2294 potius
2243 2220 2411 2276 etiam
2433 2231 2557 2288 quae
2586 2222 2717 2271 sunt
2742 2215 3002 2270 aliorum.

413 2318 632 2374 DAAA.
665 2319 779 2373 Καὶ
812 2318 896 2383 τίς
925 2320 955 2371 6
979 2319 1187 2374 λάκκον
1232 2319 1468 2389 ἀνοίγων
1500 2319 1535 2392 ἢ
1568 2317 1946 2392 λατομῶν,.τίς

341 2410 403 2465 δὲ
437 2411 468 2464 6
505 2410 732 2476 λάκκος,
759 2409 995 2483 ἐθέλοιμ’
1018 2410 1084 2467 ἂν
1113 2412 1315 2467 εἰδέναι
1344 2411 1548 2482 σαφῶς.

418 2582 587 2640 ΚΥΡ.
622 2583 698 2638 Τὸ
734 2584 834 2655 μὲν
862 2579 956 2638 οὖν
986 2584 1050 2638 ὲκ
1078 2584 1176 2655 τῆς
1207 2583 1456 2656 ἱστορίας
1486 2583 1949 2656 ύποδηλούμενον,

337 2675 446 2729 οὐκ
483 2676 812 2747 ἀσυμφανές
831 2692 846 2708 ο
875 2676 1073 2749 χρῆναι
1109 2676 1220 2750 γάρ
1265 2693 1400 2748 φησι
1427 2674 1947 2731 κατακαλύπτεσθαι

2070 2395 2075 2400 ν
2115 2315 2315 2373 PALL.
2348 2313 2484 2381 Quis
2526 2325 2660 2365 vero
2687 2309 2781 2365 ille
2823 2318 2928 2373 est,
2967 2307 3062 2378 qui
3103 2305 3286 2361 lacum
3325 2301 3525 2374 aperit,
3563 2307 3659 2355 aut

2046 2395 2261 2475 effodit,
2288 2407 2413 2479 quis
2437 2405 2603 2461 etiam
2632 2403 2808 2468 lacus,
2854 2401 3019 2458 velim
3057 2398 3317 2471 equidem
3361 2394 3658 2467 perspicue

2048 2517 2213 2559 110650
2222 2544 2234 2557 .

2121 2593 2282 2651 CYR.
2308 2592 2430 2647 Non
2455 2593 2758 2649 obscurum
2779 2596 2866 2643 est
2903 2583 3039 2656 quid
3070 2580 3308 2638 historia
3346 2576 3619 2650 signiﬁcet
3643 2617 3660 2643 ,

2050 2685 2415 2757 operiendum
2440 2683 2645 2755 quippe
2681 2682 2863 2737 lacum
2892 2691 3015 2733 esse
3038 2673 3240 2745 inquit,
3259 2687 3330 2727 ne
3355 2668 3503 2741 quod
3529 2666 3661 2723 inde

338 2766 572 2835 λάκκον,
606 2767 695 2823 ἵνα
738 2771 813 2841 μή
843 2786 898 2824 τι
956 2768 1154 2841 βλάϐος
1207 2769 1485 2844 συμϐαίνῃ
1542 2769 1705 2824 τισίν.
1742 2769 1944 2838 Ἤγουν

2051 2775 2316 2832 damnum
2351 2774 2633 2845 aliquibus
2659 2771 2979 2841 contingat:
3029 2773 3127 2822 aut
3169 2763 3329 2830 sciat;
3376 2759 3578 2830 inquit,
3611 2758 3660 2813 is

342 2859 501 2923 ἵστω,
560 2859 753 2930 φησὶν,
786 2861 816 2915 6
856 2862 931 2933 μὴ
975 2861 1133 2916 τοῦτο
1181 2861 1510 2933 πεπραχὼς,
1561 2861 1639 2926 ὡς
1690 2860 1851 2933 εἴπερ
1899 2878 1944 2915 τι

2053 2869 2149 2940 qui
2172 2869 2279 2924 hoc
2296 2867 2481 2922 facere
2504 2862 2832 2935 neglexerit,
2859 2859 2905 2916 si
2933 2858 3073 2929 quid
3096 2856 3353 2926 illapsum
3384 2851 3575 2916 fuerit,
3599 2865 3661 2905 se

339 2952 819 3023 κατολισθήσειεν,
837 2953 1106 3026 ἀργύριον
1129 2954 1402 3009 ἀποδώσει
1431 2955 1509 3026 τῷ
1552 2954 1729 3026 κυρίῳ
1759 2953 1944 3017 αὐτοῦ,

2052 2961 2176 3033 ejus
2211 2960 2295 3014 rei
2326 2958 2553 3014 domino
2589 2963 2879 3026 argentum
2903 2950 3351 3022 persoluturum;
3376 2952 3659 2999 mortuum

337 3046 407 3148 το
546 3045 813 3148 τεθνηκὸς
862 3046 1015 3101 ἔσται
1065 3048 1235 3119 αύτῷ.
1285 3046 1760 3119 Ἀναθρώσκοντες
1797 3046 1853 3100 δὲ
1891 3046 1944 3099 τὲ

2051 3069 2187 3109 vero
2201 3051 2439 3108 cadaver
2454 3050 2630 3119 ipsius
2650 3047 2922 3103 futurum.
2940 3043 3030 3110 At,
3057 3041 3103 3097 si
3122 3056 3187 3097 ea
3203 3054 3337 3111 quae
3348 3037 3405 3092 in
3429 3035 3660 3092 historia

339 3138 447 3208 τῆς
488 3136 737 3210 ἱστορίας
776 3140 1041 3210 ἐμφανὲς,
1076 3140 1170 3195 καὶ
1202 3142 1280 3204 είς
1319 3138 1552 3210 θεωρίαν
1587 3138 1944 3208 ἀναγαγόντες

2061 3154 2249 3218 aperta
2273 3152 2403 3200 sunt
2429 3141 2841 3212 reliquerimus,
2871 3136 3039 3207 idque
3061 3134 3270 3189 factum
3301 3128 3659 3187 transtuleri-

336 3231 407 3286 τὸ
461 3231 655 3304 χρῆμα
721 3231 1123 3304 πνευματικὴν,
1187 3233 1367 3286 ἐκεῖνο
1418 3230 1695 3305 ἐροῦμενσ
1733 3230 1944 3287 Λάκκοι

2059 3255 2184 3296 mus
2205 3239 2274 3294 ad
2295 3237 2643 3309 spiritualem
2668 3231 3112 3303 intelligentiam,
3148 3226 3286 3282 illud
3308 3225 3419 3280 dici
3444 3241 3474 3279 a
3497 3222 3663 3279 nobis

338 3325 525 3380 ἔοικεν
556 3324 849 3397 ὀνομάζειν
872 3326 1015 3397 ,ἡμῖν
1052 3326 1111 3380 ὲν
1134 3325 1347 3390 τούτοις
1379 3327 1408 3379 6
1442 3326 1629 3397 νόμος,
1683 3325 1785 3396 τῆς
1837 3324 1944 3379 θεο·

2059 3332 2282 3405 poterit,
2301 3332 2482 3386 lacum
2508 3329 2565 3383 in
2587 3328 2676 3383 his
2697 3324 2886 3382 verbis
2900 3320 3080 3378 videri
3100 3319 3263 3375 nobis
3284 3333 3315 3372 a
3336 3317 3455 3387 lege
3475 3314 3666 3385 appel-

338 3416 615 3472 πνεύστου
648 3416 874 3489 Γραφῆς
894 3417 994 3488 τὴν
1016 3417 1220 3487 γνῶσιν
1240 3460 1255 3485 ,
1285 3417 1488 3473 καὶτὸν
1514 3418 1642 3489 περὶ
1664 3417 1762 3489 τῆς
1794 3417 1944 3488 ἁγίας

2058 3427 2162 3482 lari
2198 3424 2508 3495 Scriptura}
2539 3419 2808 3476 divinitus
2839 3417 3121 3488 inspirata:
3166 3410 3537 3484 cognitionem
3568 3408 3661 3475 ⁸³’,

340 3512 442 3565 καὶ
486 3511 779 3580 όμοουσίου
821 3510 1051 3582 Τριάδος
1094 3510 1271 3580 λόγον,
1302 3510 1391 3564 καὶ
1419 3509 1513 3564 τοῦ
1546 3510 1690 3565 κατὰ
1719 3511 1944 3582 Χριστὸι

2059 3537 2123 3576 ac
2145 3521 2212 3575 de
2240 3527 2427 3574 sancta
2453 3526 2511 3573 et
2533 3510 2988 3571 consubstantiali
3021 3507 3289 3563 Trinitate
3329 3502 3663 3574 disputatio-

344 3604 655 3696 μυστηρίου
687 3603 788 3676 τὴν
833 3603 1043 3674 εἴδησιν
1065 3620 1078 3633 ·
1133 3606 1310 3657 κεῖται
1353 3602 1459 3678 γὰρ
1495 3602 1685 3677 ὥσπερ
1714 3605 1772 3657 ὲν
1799 3603 1944 3675 βάθει

2058 3630 2206 3681 nem,
2233 3622 2398 3684 atque
2434 3609 2640 3667 Christi
2686 3604 2934 3680 mysterii
2976 3601 3307 3658 scientiam:
3350 3598 3470 3653 haec
3510 3596 3663 3651 enim

340 3693 523 3762 ταυτὶ,
551 3695 647 3749 καλ⁵
680 3693 946 3759 ζωοποιὸν
978 3693 1090 3765 ἔχει
1121 3696 1221 3766 τὴν
1253 3693 1506 3766 δύναμιν·
1543 3696 1639 3750 καὶ
1663 3698 1944 3769 μαρτυρή-

2056 3717 2320 3779 tanquam
2367 3704 2423 3759 in
2460 3700 2738 3774 profundo
2777 3697 2956 3769 posita
3005 3702 3136 3751 sunt
3175 3693 3401 3763 vimque
3432 3690 3661 3744 vitalem

343 3804 431 3841 σει
454 3786 636 3856 λέγων
662 3787 827 3851 αὐτὸς
859 3788 888 3840 6
918 3787 1112 3858 Σωτήρ
1147 3803 1160 3817 ⁸
1217 3807 1236 3843 ι
1268 3788 1419 3861 Αὕτη
1452 3790 1510 3843 δέ
1553 3790 1702 3844 ἐστιν
1746 3792 1780 3863 ἡ
1817 3791 1944 3846 οιίώ-

2058 3801 2299 3867 habent;
2332 3800 2492 3871 cujus
2524 3796 2605 3852 rei
2636 3794 2792 3851 testis
2824 3800 2910 3848 est
2954 3791 3071 3862 ipse
3116 3788 3392 3852 Salvator,
3423 3784 3617 3840 dicens
3646 3801 3661 3839 :

340 3896 459 3942 νιος
489 3878 629 3949 ζωὴ,
668 3878 757 3932 ἵνα
780 3877 1096 3948 γινώσκωσι
1119 3894 1178 3932 σε
1207 3879 1299 3933 τὸν
1320 3881 1480 3951 μόνον
1509 3878 1763 3952 ἀληθινὸν
1787 3881 1944 3949 Θεὸν,

2065 3914 2083 3945 ι
2126 3893 2253 3949 Haec
2275 3900 2360 3948 θεῖ
2389 3902 2575 3946 autem
2602 3889 2717 3944 vita
2749 3896 2976 3950 aeterna,
3015 3891 3078 3938 ιιι
3107 3886 3442 3952 cognoscant
3487 3885 3542 3932 te
3569 3890 3661 3930 50-

341 3970 441 4024 καὶ
468 3969 530 4024 ὃν
559 3968 890 4032 ἀπέστειλας
929 3967 1140 4039 Ἰησοῦν
1168 3969 1426 4041 Χριστόν.
1457 3987 1485 4022 »ι
1513 3970 1725 4025 Ούκοῦν
1751 3973 1780 4027 6
1815 3988 1944 4041 σύγε

2056 3987 2172 4043 lum
2222 3999 2414 4040 verum
2457 3983 2655 4047 Deum,
2693 3988 2750 4034 et
2795 3993 2960 4049 quem
3006 3974 3231 4037 misisti,
3273 3971 3460 4027 Iesum
3495 3967 3661 4023 Chri-

338 4063 642 4136 γράμμασι
680 4061 779 4133 μὲν
817 4064 931 4125 τοῖς
965 4060 1345 4133 ἀρχαιοτέροις
1395 4060 1672 4133 ἐντυχὼν,
1710 4063 1806 4116 καὶ
1853 4062 1944 4117 σὺν

2055 4089 2203 4135 stum
2229 4077 2320 4130 “2
2354 4095 2372 4127 ι
2402 4074 2596 4146 Igitur,
2622 4072 2716 4143 qui
2743 4079 2933 4126 vetera
2959 4066 3162 4136 scripta
3185 4062 3340 4134 legit,
3380 4068 3436 4116 et
3457 4058 3661 4115 divine

340 4158 499 4228 πόνῳ
532 4151 1020 4226 πολυπραγμονῶν
1049 4156 1150 4225 τῆς
1173 4152 1536 4207 θεοπνεύστου
1567 4153 1793 4227 Γραφῆς
1820 4155 1944 4217 τοὺς

2057 4170 2359 4241 Scriptum
2395 4167 2559 4224 verba
2588 4181 2700 4220 non
2725 4163 2842 4220 sine
2867 4161 3058 4217 labore
3097 4154 3458 4229 pervestigat,
3484 4160 3541 4207 et
3563 4166 3657 4206 ac-

338 4248 564 4319 λόγους,
592 4247 690 4302 καὶ
717 4246 816 4320 τὴν
837 4244 1040 4319 ἀκριϐῆ
1067 4262 1127 4300 τε
1144 4245 1236 4300 καὶ
1263 4244 1568 4317 ἀκίϐδηλον
1582 4244 1785 4315 γνῶσιν
1814 4246 1944 4299 ἀνα-

2056 4269 2307 4319 curatam
2361 4260 2852 4328 incorruptamque
2894 4251 3266 4323 cognitionem
3304 4245 3570 4318 exquirit,
3610 4244 3661 4300 is

339 4340 549 4415 ζητῶν,
575 4338 777 4411 πολλὴν
808 4338 875 4393 ἂν
913 4338 1029 4410 ἔχοι
1067 4338 1168 4417 τὴν
1215 4337 1514 4410 ἐμφέρειαν
1557 4337 1697 4408 πρός
1747 4353 1811 4406 γε
1858 4336 1944 4391 τὸν

2055 4364 2140 4411 est
2170 4351 2402 4409 fodienti
2427 4350 2608 4404 lacum
2635 4360 2903 4418 perquam
2929 4342 3148 4408 similis,
3183 4354 3380 4412 aquam
3403 4337 3553 4393 enim
3575 4337 3658 4391 vi-

336 4435 642 4507 ὄρύττοντα
680 4432 914 4488 λάκκον·
974 4431 1130 4504 ζητεῖ
1160 4430 1271 4503 γὰρ
1327 4429 1473 4502 ὕδωρ
1534 4429 1820 4496 ζωοποιδν,
1855 4431 1944 4484 καὶ

2057 4446 2222 4503 talem
2267 4444 2486 4516 quaerit,
2515 4450 2571 4497 et
2600 4441 2809 4496 fontem
2852 4436 3243 4499 laetificantem,
3270 4440 3328 4488 et
3356 4438 3659 4487 torrentem

336 4528 532 4601 πηγὴν
565 4526 993 4598 ἐύφραίνουσαν,
1029 4527 1126 4580 καὶ
1150 4525 1492 4598 χειμάρρουν
1514 4525 1729 4596 τρυφῆς
1754 4541 1769 4556 ’
1810 4524 1839 4578 6
1886 4523 1943 4578 δέ

334 4640 405 4692 γε
437 4623 522 4685 είς
541 4619 701 4676 τοῦτο
728 4618 917 4674 λοιπὸν
948 4620 1223 4683 συνέσεως
1252 4618 1576 4690 ἀφιγμένος,
1603 4618 1681 4682 ὡς
1709 4618 1803 4672 καὶ
1836 4616 1944 4690 ἰδίᾳ

333 4713 609 4770 δύνασθαι
654 4713 992 4786 παραδοῦναι
1028 4713 1320 4785 συγγραφῇ
1367 4711 1461 4765 τοῦ
1511 4711 1821 4783 μυστηρίου
1851 4710 1945 4765 τὸν

333 4807 523 4879 λόγον,
565 4807 799 4878 λατομεῖ
834 4805 1036 4860 λάκκον
1058 4822 1071 4836 ο
1131 4807 1456 4878 καινουργεϊ
1483 4804 1594 4877 γὰρ
1644 4803 1839 4876 ὥσπερ
1869 4804 1933 4857 ού

332 4902 453 4964 τοῖς
493 4898 700 4970 ἑτέρων
738 4883 969 4969 ἱδρῶσιν
1008 4897 1409 4969 ὲποικοδομῶν,
1438 4895 1575 4951 ἀλλὰ
1624 4897 1740 4961 τοῖς
1793 4895 1945 4958 ίδίοις

334 4991 533 5047 ἑαυτόν
567 5007 626 5044 τε
661 4992 758 5045 καὶ
793 4991 1015 5063 ἑτέρους
1058 4989 1304 5059 ὠφελῶν.
1356 4989 1674 5061 Ὀρύττουσι
1702 4988 1761 5045 δὲ
1804 4988 1941 5044 λάκ-

333 5101 470 5148 κους
491 5084 1012 5155 συντετριμμένους,
1037 5082 1179 5137 κατὰ
1202 5082 1299 5155 τὴν
1318 5081 1414 5137 τοῦ
1435 5083 1717 5155 προφήτου
1734 5083 1940 5154 φωνὴν,

334 5176 435 5232 καὶ
466 5176 519 5229 οἱ
550 5177 652 5248 τῆς
676 5175 1035 5249 ψευδωνύμου
1068 5173 1322 5246 γνώσεως
1344 5175 1575 5249 ἐρασταί
1609 5192 1621 5204 ·
1661 5176 1816 5240 εἴτις
1840 5176 1943 5229 τοίο

333 5286 435 5323 νυν
473 5267 690 5340 ὀρύξειε
717 5267 942 5334 λάκκον,
994 5266 1416 5338 άσφαλιζέσθω,
1473 5269 1660 5341 φησιν,
1701 5268 1777 5341 μὴ
1833 5269 1940 5342 ἄρα

331 5358 485 5413 τισὶν
517 5358 746 5431 ὀλέθρου
786 5359 1003 5430 γένοιτο
1045 5361 1269 5432 τρόπος,
1298 5361 1359 5414 τὸ
1412 5361 1598 5427 καλῶς
1648 5362 1939 5435 εἰργάσθαι

330 5450 531 5505 δοκοῦν
555 5464 570 5477 ·
603 5450 687 5505 δεῖ
711 5451 823 5524 γὰρ
863 5451 1013 5524 ἡμᾶς
1040 5450 1217 5523 ὀρθῶς
1254 5467 1313 5505 τε
1343 5454 1436 5508 καὶ⁴
1458 5454 1940 5526 ἀπηκριϐωμένως

328 5541 429 5597 τὸν
461 5542 595 5615 περὶ
633 5540 770 5595 Θεοῦ
804 5541 1073 5597 ποιεῖσθαι
1122 5542 1301 5613 λόγον,
1341 5544 1417 5609 ὡς
1468 5546 1656 5617 μηδενὶ
1687 5544 1941 5616 γενέσθαι

332 5632 642 5688 σκανδάλου
674 5633 972 5707 πρόφασιν.
989 5633 1100 5689 Καὶ
1118 5634 1297 5698 τοῦτο,
1319 5630 1493 5706 οἶμαι,
1526 5637 1645 5690 ἐστὶ
1688 5638 1749 5691 τὸ
1773 5637 1941 5710 πῶμα

328 5726 651 5781 ἆπικεῖσθαι
699 5726 778 5799 τῷ
818 5727 1030 5799 λάκκῳ,
1080 5727 1142 5780 τὸ
1199 5728 1299 5800 τῆς
1356 5728 1708 5800 καθηκούσης
1763 5731 1941 5799 ἀσφα-

396 5848 465 5879 ’ν
486 5845 661 5904 Exod.
687 5864 799 5913 XXI,
822 5847 913 5912 53,
954 5848 1043 5905 54.
1123 5852 1190 5884 ⁸⁸·
1219 5853 1378 5911 Rom.
1404 5872 1507 5913 xw.
1540 5857 1591 5910 7.

328 5917 561 5984 5³Ρ⁵³¹’
588 5903 751 5990 ΠΗ»
777 5903 842 5987 9;
868 5903 1053 5990 lenii,
1074 5921 1157 5978 l5.
1219 5903 1378 5911 nm"
1404 5903 1507 5928 ““”

1656 5856 1721 5889 ⁵³⁸
1753 5856 1773 5913 l
1823 5856 1949 5912 Cor.
1978 5874 2090 5924 xm,
2119 5857 2170 5910 5.
2268 5856 2335 5889 ’δ’
2365 5856 2522 5911 Joan.
2551 5871 2679 5913 xvu.
2719 5852 2772 5906 5.

1976 4504 2023 4564 D
2048 4504 2349 4610 voluptatis
2370 4536 2437 4568 ⁸⁵⁸
2462 4504 2482 4589 τ’
2503 4542 2579 4599 at,
2610 4533 2705 4604 qui
2743 4530 2811 4587 ad
2844 4545 2966 4587 eam
2994 4525 3347 4599 prudentiam
3382 4522 3655 4594 pervenit,

2053 4642 2113 4689 ut
2144 4632 2261 4688 suis
2290 4629 2493 4685 litteris
2519 4625 2787 4682 mandare
2815 4631 2985 4695 queat
3022 4622 3145 4694 ejus
3188 4619 3439 4691 mysterii
3463 4617 3657 4688 dispu-

2051 4726 2339 4788 tationem,
2374 4722 2423 4777 is
2450 4719 2634 4775 lacum
2658 4718 2875 4790 aperit;
2901 4715 3030 4772 novi
3057 4714 3209 4770 enim
3231 4711 3490 4768 nonnihil
3516 4709 3653 4771 edit,

2048 4831 2161 4872 non
2201 4816 2259 4870 in
2298 4814 2536 4869 aliorum
2568 4809 2871 4867 sudoribus
2918 4802 3347 4879 superaediﬁcat,
3397 4802 3501 4858 sed
3538 4801 3656 4857 suis

2050 4909 2167 4978 ipse
2190 4904 2496 4971 laboribus,
2527 4909 2585 4959 et
2606 4917 2667 4959 se
2690 4908 2747 4959 et
2772 4908 3005 4958 caeteros
3019 4901 3196 4971 juvat.
3223 4896 3464 4953 Fodiunt
3484 4895 3655 4952 etiam

2052 4999 2207 5055 lacus
2229 4997 2517 5063 contritas,
2537 4996 2695 5067 juxta
2732 4993 3020 5065 propheta
3046 5004 3262 5055 vocem,
3288 4988 3409 5043 falsi
3434 5002 3654 5059 quoque

2051 5090 2294 5147 nominis
2318 5088 2565 5146 scientiae
2591 5094 2901 5152 amatores;
2929 5082 3183 5155 quisquis
3215 5080 3385 5152 igitur
3409 5077 3552 5133 fodit
3578 5079 3655 5133 la-

2050 5197 2199 5247 cum,
2228 5190 2438 5245 caveat,
2478 5179 2682 5250 inquit,
2724 5192 2817 5242 ne,
2867 5173 3016 5246 quod
3046 5171 3219 5244 probe
3244 5169 3504 5226 eﬂ‘eetum
3531 5183 3653 5225 esse

2049 5273 2292 5341 videtur,
2339 5273 2527 5345 aliquo
2564 5270 2729 5327 modo
2757 5268 3060 5341 perniciem
3088 5264 3372 5322 nonnullis
3404 5263 3601 5319 afferat
3635 5280 3647 5315 :

2047 5368 2319 5426 debemus
2349 5367 2498 5423 enim
2525 5373 2678 5420 recte
2714 5372 2769 5420 et
2792 5362 3088 5433 diligenter
3111 5359 3179 5415 de
3206 5357 3322 5414 Deo
3362 5354 3532 5411 verba
3566 5354 3650 5409 fa-

2048 5474 2205 5527 cere,
2253 5460 2349 5524 ita,
2390 5467 2453 5514 ut
2491 5456 2702 5513 nemini
2728 5456 3078 5513 occasionem
3122 5450 3365 5508 scandali
3400 5447 3650 5520 prmbea-
3765 5465 3780 5477 ε

2048 5564 2209 5606 mus:
2241 5548 2407 5632 251}
2426 5546 2593 5618 idque
2613 5556 2720 5613 est,
2744 5546 2965 5616 opinor,
2991 5543 3314 5617 operculum
3331 5540 3648 5610 impositum

2038 5657 2168 5698 esse
2192 5641 2333 5697 laeui
2364 5658 2376 5694 :
2401 5653 2601 5710 nempe
2628 5651 2943 5693 sermonem
2968 5652 3078 5692 non
3110 5651 3235 5691 esse
3261 5632 3490 5691 cautela:
3512 5645 3644 5685 con-

2050 5733 2323 5788 venientis
2347 5739 2651 5807 expertem.
2677 5728 2812 5784 Nam
2836 5727 2879 5782 si
2907 5727 3026 5788 bos.
3055 5727 3151 5790 ait,
3178 5736 3275 5781 aut
3293 5724 3484 5781 asinus
3504 5719 3667 5776 ccci-7

2838 5850 2901 5882 "'
2930 5849 3091 5907 Joan.
3124 5864 3197 5911 ιγ,
3224 5844 3308 5911 ll,
3354 5840 3492 5900 l’sal.
3519 5852 3643 5908 ην,
