4104 6432
468 381 565 440 δω

1515 381 1571 437 S.
1611 380 1889 437 CYRILLI
1919 383 2393 441 ALEXANDRINI
2431 385 2751 444 ARCHIEP.

3639 397 3742 452 553

468 501 635 566 derit,
662 500 758 571 qui
784 500 1056 559 laboravit
1091 498 1147 555 in
1175 497 1510 554 exstruendo
1533 498 1678 564 lacu,
1706 498 1822 570 ipse
1849 501 2054 571 persol-

2165 501 2314 566 λείας
2347 502 2422 573 μὴ
2451 504 2700 574 ἀμοιρεῖν
2730 503 2822 557 τὸν
2846 503 3022 574 λόγον.
3070 504 3199 559 Ἐὰν
3240 505 3351 579 γὰρ
3389 507 3555 582 πέσῃ,
3586 512 3741 580 φησι,

468 602 589 660 vet;
612 593 812 650 bovem
833 606 964 648 vero
987 600 1043 648 et
1065 592 1280 648 asinum
1310 606 1423 647 non
1449 590 1775 662 simpliciter
1801 593 2056 663 appellat,

469 684 563 741 sed
590 684 773 740 abdita
795 683 1004 740 ratione
1031 702 1044 738 :
1068 699 1137 740 ac
1170 682 1368 740 bovem
1394 682 1616 754 quidem
1641 683 1840 753 inquit,
1877 693 1937 738 ut
1972 685 2058 741 in-

470 776 680 848 telligas
704 792 923 833 sacrum
947 792 1013 835 ac
1045 793 1249 847 purum
1277 776 1565 831 hominum
1593 793 1799 850 genus;
1838 776 2057 832 asinum

468 879 619 930 vero,
655 874 716 921 ut
743 867 1035 936 profanum
1058 874 1115 922 et
1138 866 1449 937 impurum;
1476 882 1656 938 neque
1681 868 1829 923 enim
1864 868 1977 923 Deo
2000 868 2058 923 in

380 992 385 995 -
467 952 801 1011 sacriﬁcium
826 954 1059 1010 offertur
1087 973 1100 1009 :
1126 971 1346 1011 sacrum
1373 971 1541 1026 porro
1563 972 1736 1028 genus
1759 971 1823 1011 ac
1852 972 2056 1026 purum

465 1063 586 1102 esse
607 1047 842 1107 dicimus
864 1063 980 1113 eos,
1000 1049 1095 1119 qui
1112 1050 1225 1119 jam
1246 1064 1347 1120 per
1368 1048 1531 1106 {idem
1553 1048 1875 1104 sanctiﬁcati
1897 1058 2053 1116 sunt;

467 1139 756 1208 profanum
778 1148 836 1198 et
860 1141 1141 1210 impurum
1166 1156 1282 1206 eos,
1312 1141 1407 1212 qui
1443 1141 1688 1197 nondum
1713 1149 1839 1201 sunt
1865 1151 2057 1198 sancto

467 1231 797 1304 baptismate
819 1233 1065 1306 purgati,
1089 1233 1185 1289 sed
1209 1234 1420 1309 peccati
1447 1233 1689 1288 maculas
1721 1232 1903 1289 adhuc
1926 1233 2055 1289 inu-

466 1332 577 1380 stas
602 1325 831 1385 habent.
852 1325 1088 1382 Perinde
1112 1325 1280 1396 igitur
1301 1334 1405 1390 est,
1431 1341 1495 1380 ac
1513 1324 1560 1381 si
1589 1324 1820 1392 diceret,
1844 1325 1903 1382 Si
1924 1324 2057 1395 quid

464 1415 732 1472 acciderit
753 1415 939 1471 damni
964 1415 1131 1471 alicui
1155 1431 1221 1475 ex
1246 1416 1333 1481 iis,
1357 1416 1450 1486 qui
1477 1416 1589 1487 jam
1616 1414 1879 1486 baptizati
1906 1422 2054 1481 sunt,

463 1516 523 1564 et
540 1521 641 1578 per
662 1508 894 1579 gratiam
914 1507 984 1563 ad
1006 1508 1447 1579 conjunctionem
1464 1522 1589 1563 cum
1612 1508 1725 1563 Deo
1756 1507 2056 1565 ineundam

465 1596 688 1669 signati,
738 1605 835 1654 aut
874 1615 943 1654 ex
989 1598 1057 1654 iis
1097 1606 1267 1664 certe,
1311 1598 1406 1669 qui
1441 1598 1689 1654 nondum
1725 1599 1864 1656 tales
1898 1609 2052 1666 sunt,

464 1689 587 1760 ejus
606 1688 850 1746 scandali
882 1699 1079 1747 auctor
1116 1692 1301 1746 multa:
1323 1690 1599 1747 obnoxius
1621 1692 1748 1759 erit,
1775 1700 1831 1747 et
1857 1692 1925 1747 ad
1969 1692 2055 1763 ip-

465 1795 588 1841 sum
616 1780 921 1852 pertinebit
947 1782 1198 1837 exanime
1243 1780 1499 1849 cadaver,
1548 1781 1605 1837 id
1646 1790 1751 1848 est,
1796 1783 1918 1855 ejus
1944 1784 2057 1839 erit

2164 590 2358 665 βοῦςῆ
2396 593 2547 658 ὄνος,
2593 595 2623 646 ό
2670 595 2995 666 πεπονηκὼς
3043 595 3315 650 ἀποτίσει.
3366 596 3505 651 Βοῦν
3548 598 3607 654 δὲ
3654 602 3746 656 καὶ

2159 686 2279 740 ὄνον
2307 686 2561 758 ὀνομάζει
2595 689 2757 743 πάλιν
2778 689 2876 760 οὐχ
2896 687 3106 754 ἁπλῶς,
3136 688 3253 743 ἀλλ’
3285 689 3362 756 ὡς
3390 691 3449 744 ὲν
3474 690 3619 764 λόγῳ
3648 690 3751 765 βαο·

2160 779 2278 833 θεῖ’
2329 781 2423 834 καὶ
2481 779 2608 851 βοῦν
2661 780 2760 851 μέν
2808 798 2993 853 φησιν,
3039 782 3128 836 ἵνα
3161 783 3361 856 νοήσῃς
3401 783 3463 836 τὸ
3507 784 3652 854 ἱερόν
3685 801 3744 840 τε
3804 804 3811 811 ·

2159 873 2254 927 καὶ
2279 872 2519 945 καθαρὸν
2546 874 2724 941 γιξνος⁹
2751 874 2872 928 δνον
2896 874 2972 940 δὲ,
2994 875 3079 930 ἵνα
3105 878 3293 947 συνῇς,
3317 876 3379 929 τὸ
3405 875 3625 946 ἀνίερον
3649 877 3745 933 καὶ

2158 964 2470 1037 ἀκάθαρτον
2497 982 2513 1000 ο
2540 967 2601 1020 ού
2637 967 2747 1038 γὰρ
2780 968 3120 1040 προσάγεται
3151 968 3295 1023 κατά
3329 969 3495 1039 νόμον
3524 971 3607 1032 είς
3653 968 3746 1023 θυ-

2162 1056 2283 1110 σίαν
2302 1055 2423 1127 Θεῷ
2456 1056 2514 1110 τὸ
2544 1057 2855 1129 ἀκάθαρτον
2878 1076 2892 1090 ·
2939 1059 3080 1132 ἱερὸν
3116 1058 3173 1112 δὲ
3213 1058 3371 1125 γένος
3426 1061 3522 1113 καὶ⁵
3575 1059 3749 1114 καθα-

2160 1145 2253 1217 ρὸν
2282 1143 2420 1202 εἷναί
2452 1165 2653 1220 φαμεν,
2687 1149 2813 1213 τοὺς
2845 1149 3217 1220 ἡγιασμένους
3260 1149 3362 1222 ἤδη
3398 1149 3489 1203 διά
3531 1153 3632 1222 τῆς
3662 1150 3751 1204 πί·-

2160 1254 2333 1305 στεως
2364 1256 2376 1268 ·
2407 1238 2621 1310 ἀνίερον
2644 1239 2700 1293 δὲ
2742 1239 2839 1295 καὶ
2868 1239 3203 1311 ἀκάθαρτον,
3240 1240 3368 1305 τοὺς
3393 1238 3547 1294 οὔπω
3583 1257 3750 1295 κεκα-

2160 1328 2469 1402 θαρμένους
2507 1331 2597 1386 διά
2633 1330 2727 1385 τοῦ
2783 1332 2940 1401 ἁγίου
2998 1319 3399 1403 βαπτίσματος,
3448 1331 3563 1386 ἀλλ’
3603 1333 3750 1386 ἐντε-

2158 1421 2432 1494 τηγμένον
2473 1421 2691 1492 ἔχοντες
2726 1421 2808 1478 ἔτι
2852 1423 2954 1494 τῆς
2999 1424 3278 1495 ἁμαρτίας
3317 1423 3408 1477 τὸν
3450 1422 3745 1493 μολυσμόν.

2160 1514 2386 1585 Ὅμοιον
2431 1509 2526 1570 οὖν
2570 1514 2646 1579 ὡς
2696 1516 2747 1569 εί
2795 1515 2968 1584 λέγοι,
3013 1515 3084 1573 Ei’
3112 1533 3168 1569 τι
3200 1516 3414 1586 γένοιτο
3456 1514 3674 1586 βλάϐος,
3712 1516 3747 1587 ἦ

2160 1603 2289 1676 περί
2326 1620 2449 1659 τινα
2502 1603 2612 1658 τῶν
2648 1604 2751 1676 ἤδη
2799 1603 3252 1676 βεδαπτισμένων
3292 1604 3390 1658 καὶ
3440 1621 3750 1677 κατεσφρα-

2136 1695 2436 1766 γισμένων
2478 1694 2568 1749 διά
2607 1693 2708 1765 τῆς
2747 1694 2972 1767 χάριτος
3036 1696 3120 1758 είς
3169 1696 3483 1767 οἰκειότητα
3527 1695 3627 1766 τὴν
3674 1694 3751 1759 ὡς

2162 1786 2298 1858 πρὸς
2329 1785 2485 1849 Θεὸν,
2519 1787 2689 1857 ἡγουν
2715 1785 2797 1850 εῐς
2834 1802 2956 1841 τινα
2993 1785 3157 1857 τυχὸν
3213 1785 3323 1841 τῶν
3372 1785 3530 1841 οῦπω
3575 1784 3750 1840 τοιού-

465 1887 617 1931 mors
648 1872 816 1936 illius,
842 1873 936 1942 qui
962 1873 1224 1929 damnum
1251 1882 1337 1929 est
1364 1889 1577 1945 passus.
1609 1874 1797 1945 Itaque
1822 1890 2054 1946 praemo-

2164 1895 2293 1942 των,
2330 1876 2557 1950 ὀφλήσει
2590 1877 2749 1950 δίκην
2788 1878 2817 1931 ὁ
2857 1876 2952 1931 τοῦ
2984 1877 3289 1932 σκανδάλου
3336 1877 3621 1949 πρόξενος,
3653 1877 3751 1932 καὶ

464 1968 559 2016 net
581 1976 683 2016 nos
714 1961 829 2035 ipse
850 1978 1069 2033 quoque
1090 1962 1359 2028 Salvator,
1385 1963 1576 2019 dicens
1601 1982 1614 2017 :
1650 1983 1668 2015 ι
1697 1964 1802 2031 Qui
1824 1963 2055 2020 scanda-

463 2053 712 2111 lizaverit
752 2070 922 2110 unum
951 2070 1020 2109 ex
1042 2055 1259 2126 pusillis
1293 2056 1434 2121 istis,
1460 2057 1557 2127 qui
1591 2056 1649 2111 in
1676 2072 1764 2117 me
1794 2057 2050 2123 credunt,

461 2132 685 2216 expedit
732 2147 807 2213 ei,
855 2154 915 2201 ut
956 2147 1329 2217 suspendatur
1368 2148 1513 2203 mola
1557 2149 1797 2205 asinaria
1824 2150 1879 2204 in
1912 2150 2055 2206 collo

458 2237 598 2310 ejus,
621 2246 678 2293 et
708 2237 1058 2310 demergatur
1080 2238 1138 2295 in
1160 2238 1496 2310 profundum
1519 2239 1689 2295 maris
1711 2239 1798 2294 "‘.
1831 2258 1850 2291 ι

2161 1965 2311 2037 αύτῷ
2339 1969 2492 2037 μενεῖ
2524 1968 2586 2021 τὸ
2629 1966 2911 2039 τεθνηκὸς,
2959 1967 3262 2033 τουτέστιν,
3296 1967 3464 2021 αὐτοῦ
3522 1967 3751 2038 γενήσε-

2162 2077 2251 2112 ται
2289 2058 2385 2112 τοῦ
2420 2058 2688 2123 παθόντος
2728 2061 2757 2112 ό
2786 2057 3034 2124 θάνατος.
3083 2057 3467 2129 ’Δσφαλίζεταί
3513 2075 3582 2128 γε
3619 2056 3752 2127 γοῦν

2163 2149 2259 2202 καὶ
2293 2147 2455 2214 αὐτὸς
2481 2148 2510 2200 ό
2536 2147 2727 2220 Σωτὴρ
2755 2149 2786 2218 ή
2798 2148 2905 2218 μᾶς
2935 2147 3110 2215 λέγων
3129 2164 3143 2177 ·
3181 2165 3200 2198 ο
3236 2149 3334 2210 Ὃς
3380 2147 3479 2201 ἐὰν
3521 2147 3753 2202 σκανδα-

2163 2238 2291 2314 λίσῃ
2321 2240 2418 2295 ἕνα
2450 2238 2560 2293 τῶν
2593 2238 2805 2311 μικρῶν
2852 2238 3057 2292 τούτων
3103 2237 3213 2295 τῶν
3241 2237 3633 2295 ,πιστευόντων
3668 2238 3748 2300 εἰς

459 2332 584 2406 ἐμὲ,
633 2334 904 2405 συμφέρει
951 2333 1123 2406 αύτῷ,
1165 2334 1255 2388 ῖνα
1306 2334 1596 2406 κρεμασθῇ
1652 2333 1820 2407 μύλος
1867 2335 2048 2400 ὀνικὸς
2121 2336 2252 2408 περὶ¹
2288 2334 2381 2389 τὸν
2420 2334 2693 2407 τράχηλον
2736 2333 2902 2390 αὐτοῦ
2970 2334 3066 2389 καὶ
3120 2335 3525 2408 καταποντισθῇ
3581 2336 3641 2392 ὲν
3676 2336 3755 2409 τῷ

458 2427 686 2497 πελάγει
707 2429 807 2500 τῆς
833 2427 1132 2498 θαλάσσης.
1158 2447 1180 2480 ι

526 2517 727 2575 PALL.
753 2519 923 2575 Recte
950 2518 1112 2574 dicis.

527 2611 687 2669 CYR.
714 2612 897 2669 Facile
919 2620 1103 2667 autem
1125 2610 1359 2677 videbis,
1389 2612 1512 2667 aliis
1546 2612 1715 2668 etiam
1745 2610 1937 2683 ﬁguris
1965 2611 2053 2666 in-

457 2704 645 2763 dicare
670 2704 871 2773 legem,
897 2717 1062 2773 quam
1090 2702 1464 2775 periculosum
1488 2704 1559 2758 sit
1580 2718 1834 2773 peccare,
1865 2710 1922 2758 et
1947 2702 2056 2757 hoc

458 2797 516 2852 in
539 2795 741 2851 fratres
764 2811 783 2849 :
804 2810 931 2850 nam
956 2796 1013 2850 in
1035 2810 1124 2859 eo,
1151 2794 1298 2866 quod
1321 2795 1664 2866 percutimus
1687 2810 1880 2850 eorum
1903 2793 2056 2850 infir-

459 2902 607 2947 mam
629 2885 1048 2952 conscientiam,
1075 2894 1266 2941 nostra
1292 2885 1501 2941 ollensa
1531 2885 1599 2940 ad
1628 2884 1909 2942 Christum
1932 2900 2057 2955 per-

459 2981 601 3037 tinet
622 2977 710 3033 ⁸⁷⁸.
736 2978 976 3050 Ideoque
997 2978 1075 3034 ait
1099 2996 1112 3032 :
1144 2998 1164 3030 ‹
1197 2977 1355 3047 Quod
1383 2979 1428 3034 si
1456 2994 1713 3050 egressus
1737 2979 1880 3050 ignis
1904 2978 2058 3033 inve-

458 3072 609 3128 nerit
630 3072 837 3142 spinas,
873 3079 929 3127 et
958 3071 1124 3127 simul
1152 3071 1504 3127 succenderit
1528 3088 1703 3138 areas,
1733 3080 1827 3127 aut
1852 3071 2053 3142 spicas,

2230 2519 2443 2573 ΠᾹΛΛ.
2490 2516 2700 2588 Ὀρθῶς
2728 2516 2885 2590 ἔφης.

2227 2612 2394 2666 ΚΥΡ.
2439 2609 2599 2673 Ἰδοις
2624 2609 2668 2664 δ’
2693 2608 2759 2665 ἂν
2786 2606 3028 2672 εὐκόλως
3059 2607 3156 2662 καὶ
3186 2606 3254 2660 δι’
3276 2605 3479 2680 ἑτέρων
3510 2607 3639 2679 ἡμῖν
3669 2607 3754 2661 αἰ-

2156 2703 2440 2776 νιγμάτων
2465 2699 2885 2772 παραδηλοῦντα
2908 2698 3001 2753 τὸν
3041 2699 3208 2770 νόμον
3239 2698 3531 2770 σφαλερὸν,
3562 2697 3647 2751 ὅτι
3691 2697 3754 2752 τὸ

2157 2795 2499 2867 πλημμελεῖν
2535 2792 2815 2849 καὶτοῦτο
2839 2794 2920 2856 είς
2944 2791 3231 2863 ἀδελφούς
3268 2792 3331 2847 τὸ
3365 2791 3474 2863 γάρ
3525 2789 3755 2847 τύπτειν

2158 2887 2339 2941 αὐτῶν
2371 2878 2707 2939 ἀσθενοῦσαν
2734 2883 2835 2955 τὴν
2871 2882 3201 2953 συνείδησιν,
3224 2881 3303 2947 είς
3329 2882 3567 2954 Χριστὸν
3592 2878 3755 2954 ἡμῶν

2158 2982 2424 3055 ἀναφέρει
2465 2982 2527 3036 τὸ
2579 2980 2929 3053 πλημμελές.
2990 2979 3139 3050 Ἔφη
3198 2975 3414 3031 τοίνυν
3471 2994 3490 3027 ς
3526 2974 3653 3027 Ἐάν
3686 2976 3752 3034 δὲ

2158 3075 2374 3143 ἐξελθὸν
2402 3074 2515 3147 πῦρ
2550 3073 2690 3147 εὕρῃ
2743 3073 2991 3136 ἀκάνθας
3025 3071 3122 3126 καὶ
3157 3069 3569 3142 προσεμπρήσῃ
3611 3065 3754 3121 ἀλω-

457 3175 554 3224 aut
589 3182 866 3237 campum,
901 3166 1169 3231 exsolvet,
1201 3164 1297 3237 qui
1339 3165 1525 3236 ignem
1562 3164 1878 3220 accenderit
1901 3162 1991 3215 ⁸⁸⁸.
2027 3182 2045 3214 ι

2158 3139 2255 3232 νας
2286 3167 2319 3239 ἢ
2357 3139 2690 3238 στάχυας,
2726 3165 2927 3226 πεδίον.
2964 3139 3215 3219 ἀποτίσει
3240 3162 3301 3216 τὸ
3484 3139 3514 3212 ό
3543 3158 3751 3229 ἐγκαύ-

454 3260 577 3316 Non
620 3259 771 3319 enim
813 3257 1090 3325 convenit,
1137 3264 1199 3312 ut
1227 3256 1391 3311 simul
1423 3271 1549 3311 cum
1582 3255 1674 3321 iis,
1717 3271 1840 3325 quae
1863 3260 2054 3324 suapte

455 3358 656 3411 natura
684 3349 913 3413 laedunt,
940 3348 1108 3403 etiam
1137 3346 1286 3418 quod
1312 3346 1435 3401 usui
1476 3354 1582 3411 est,
1618 3351 1836 3415 pereat;
1873 3358 2055 3413 neque

456 3458 587 3502 cum
607 3442 958 3500 silvestribus
982 3439 1147 3497 simul
1174 3441 1571 3519 consumatur,
1600 3436 1749 3508 quod
1773 3435 2055 3491 excultum

456 3542 565 3592 est.

529 3626 730 3684 PALL.
764 3624 884 3693 Quo
908 3625 1130 3681 tandem
1158 3625 1304 3682 istud
1338 3624 1553 3681 modo?

527 3718 687 3775 CYR.
733 3718 934 3774 Annon
970 3719 1146 3789 spinis
1187 3718 1465 3776 montanis
1511 3726 1680 3788 atque
1707 3714 2056 3772 silvestribus

457 3810 762 3868 convenien
770 3811 977 3868 tissime
996 3811 1303 3883 comparari
1319 3817 1550 3884 possunt
1571 3809 1867 3879 impiorum
1882 3809 2057 3865 haere-

460 3904 695 3962 ticorum
719 3904 945 3973 scripta,
969 3913 1026 3961 et
1051 3904 1341 3978 gentilium
1378 3903 1699 3974 dogmatum
1725 3900 2056 3972 praestigiae?

456 4012 585 4054 nam
630 4014 753 4069 quae
793 3997 923 4054 inde
950 3998 1159 4054 utilitas
1190 3998 1245 4053 in
1281 3998 1497 4053 animos
1521 3995 1808 4050 hominum
1835 4012 2054 4067 perma-

455 4104 593 4145 nare
617 4089 830 4159 possit?
855 4089 966 4144 imo
989 4104 1144 4153 vero,
1170 4104 1295 4160 quae
1321 4101 1433 4141 non
1458 4084 1734 4156 pernicies
1760 4084 1830 4140 iis
1852 4076 2055 4141 a‘ﬂ‘era-

456 4189 570 4248 tur,
615 4183 709 4252 qui
746 4182 839 4239 illa
884 4184 939 4238 in
978 4183 1224 4238 animum
1250 4179 1546 4236 admittere
1571 4178 2057 4251 voluerint?lgnis

338 4271 359 4307 ’
455 4274 605 4335 enim
646 4274 914 4331 duntaxat
950 4276 1172 4331 altrices
1199 4282 1327 4328 sunt
1353 4272 1525 4343 spina:
1551 4279 1608 4328 et
1627 4271 1859 4327 ﬂammas
1881 4271 2056 4342 pabu-

453 4366 607 4431 lum;
636 4365 882 4423 ilammas
911 4366 1105 4423 itidem
1137 4364 1298 4420 nobis
1322 4364 1634 4421 accendunt
1662 4363 2053 4433 sempiternas,

456 4461 617 4535 251
642 4476 768 4517 cum
794 4478 934 4518 vana
957 4459 1264 4517 errantium
1282 4460 1558 4531 dogmata,
1578 4465 1695 4511 tum
1720 4472 1852 4511 vero
1883 4456 2055 4511 idolo-

455 4553 727 4612 latrarum
746 4556 925 4611 aniles
947 4552 1147 4610 fabulae
1168 4569 1181 4606 :
1214 4552 1365 4623 spica
1388 4566 1559 4623 porro
1579 4557 1637 4605 et
1656 4549 1903 4604 triticum
1927 4563 2055 4604 sua-

453 4648 716 4709 vissimus
729 4658 815 4704 est
838 4647 1017 4712 cibus,
1035 4653 1092 4702 et
1107 4644 1426 4700 hominibus
1441 4643 1508 4699 ad
1524 4642 1859 4697 vescendum
1878 4641 2052 4711 aptis-

456 4740 649 4805 simus,
674 4750 733 4799 et
768 4742 837 4805 ad
876 4754 1040 4798 usum
1078 4737 1454 4803 necessarius;
1483 4734 1735 4791 continet
1759 4732 1909 4788 enim
1950 4748 2054 4789 nos

456 4836 514 4890 in
543 4836 691 4904 vita;
725 4843 783 4893 et
822 4835 999 4906 ﬁgura
1035 4847 1158 4888 esse
1198 4829 1406 4901 poterit
1439 4829 1756 4899 dogmatum
1779 4825 2050 4892 veritatis,

454 4941 556 4996 per
585 4942 707 4997 qua:
735 4941 858 4989 nos,
883 4923 979 4994 qui
1006 4920 1306 4983 credimus,
1338 4918 1581 4983 Christo,
1610 4924 1873 4988 tanquam
1910 4932 2051 4988 pane

456 5017 667 5073 viventi
694 5032 760 5072 ac
789 5030 946 5079 vero,
983 5010 1286 5084 pascimur.
1328 5011 1545 5066 Rursus
1577 5024 1804 5080 campus
1823 5017 1909 5064 est
1931 5008 2052 5080 piae

455 5122 583 5173 nus,
609 5114 666 5163 et
688 5106 918 5163 minime
940 5119 1102 5173 asper
1126 5102 1215 5167 iis,
1240 5100 1336 5172 qui
1363 5110 1514 5157 recte
1546 5117 1648 5172 per
1671 5099 1828 5156 illum
1859 5099 2056 5155 ambu-

454 5198 573 5254 lare
605 5204 833 5262 norunt,
861 5195 1153 5265 Scriptura
1176 5192 1442 5251 divinitus
1469 5193 1734 5264 inspirata
1759 5210 1772 5248 :
1807 5211 1825 5243 c
1855 5190 2054 5247 Omnia

454 5289 608 5345 enim
642 5287 700 5342 in
735 5295 1031 5358 prospectu
1068 5294 1199 5342 sunt
1226 5285 1315 5352 iis,
1352 5285 1449 5356 qui
1481 5284 1795 5357 intelligunt
1817 5284 1905 5350 ‘9',
1938 5303 1957 5335 ι
1992 5291 2055 5340 ut

2157 3277 2277 3324 σας.
2311 3278 2330 3312 ›
2369 3260 2444 3313 Οὐ
2476 3259 2587 3333 γάρ
2626 3275 2709 3312 τοι
2760 3257 3032 3331 προσήκει
3071 3257 3186 3318 τοῖς
3220 3253 3427 3309 ἀδικεῖν
3477 3249 3754 3320 πεφυκόσι

2159 3351 2564 3406 συνδιόλλυσθαι
2606 3350 2669 3403 τὸ
2697 3349 2953 3421 χρηστὸν,
2978 3348 3101 3403 οὐδὲ
3143 3349 3257 3410 τοῖς
3295 3344 3511 3417 ἀγρίοις
3558 3342 3726 3398 συνδα

2156 3443 2435 3499 πανᾶσθαι
2459 3442 2521 3498 τὸ
2541 3444 2774 3516 ἥμερον.

2228 3618 2439 3673 ΠΔΛΛ.
2465 3617 2591 3682 Πῶς
2619 3616 2754 3687 ἔφης
2777 3631 2791 3682 ;
3534 3684 3541 3689 ἡ

2226 3708 2392 3767 ΚΥΡ.
2443 3711 2514 3764 Ἢ
2544 3710 2655 3782 γάρ
2687 3708 2809 3780 οὐχὶ
2831 3707 2951 3771 ταῖς
2970 3707 3029 3763 ὲν
3054 3706 3205 3780 δρεσί
3236 3723 3296 3760 τε
3325 3706 3421 3760 καὶ
3473 3706 3532 3762 ὲν
3557 3705 3755 3777 ἀγροῖς

2156 3785 2425 3869 ἀκάνθαις
2474 3802 2869 3876 παρεικάζοιτο
2926 3800 2992 3857 ἂν
3019 3802 3246 3866 εἰκότως
3270 3801 3340 3856 τὰ
3365 3800 3475 3854 τῶν
3518 3798 3755 3854 ἀνοσίων

2158 3896 2455 3971 αἱρετικῶν
2489 3895 2924 3970 συγγράμματα,
2972 3895 3069 3949 καὶ
3115 3895 3150 3966 ή
3207 3894 3318 3949 τῶν
3346 3894 3478 3965 παρ’
3520 3890 3754 3962 Ἕλλησι

2157 3990 2448 4063 δογμάτων
2469 3988 2726 4062 τερθρεία
2748 4008 2762 4055 ;
2796 3972 2881 4052 τίς
2904 3986 3015 4060 γὰρ
3042 3988 3109 4043 ἀν
3136 3986 3350 4057 γένοιτο
3372 3988 3493 4050 ταῖς
3524 3984 3636 4039 τῶν
3660 3984 3756 4037 ἀν·-

2158 4083 2394 4156 θρώπων
2426 4082 2626 4154 ψυχαῖς
2669 4081 2880 4136 ἐκεῖθεν
2909 4083 2943 4152 ἠ
2995 4080 3205 4151 ὄνησις,
3243 4078 3442 4150 μᾶλλον
3472 4078 3530 4132 δὲ
3595 4078 3755 4132 ποῖον

2156 4175 2258 4229 οὐκ
2286 4173 2439 4228 ἔσται
2470 4174 2669 4245 βλάϐος
2693 4175 2807 4237 τοῖς
2837 4174 2919 4236 είς
2941 4171 3068 4226 νοῦν
3110 4171 3387 4226 ἐθέλουσιν
3421 4171 3607 4224 ἐκεῖνα
3646 4168 3751 4222 λα-

2157 4268 2306 4337 6εῖν;
2334 4267 2516 4340 Πυρδς
2538 4267 2723 4322 τοίνυν
2745 4265 2908 4338 μόνου
2935 4263 3156 4336 τροφὸς,
3180 4264 3215 4333 ἡ
3241 4261 3475 4330 ἄκανθα,
3496 4260 3591 4317 καὶ
3617 4260 3753 4329 φλο-

2156 4361 2252 4431 γδς
2281 4360 2569 4432 διατροφὴ.
2614 4359 2963 4415 Ἀνακαίουσι
2987 4357 3046 4412 δὲ
3087 4356 3181 4411 καὶ
3224 4356 3431 4427 φλόγας
3473 4355 3608 4426 ἡμῖν
3647 4353 3752 4418 τάς

2158 4454 2237 4520 είς
2287 4450 2461 4505 αἰῶνα
2504 4452 2600 4505 καὶ
2638 4451 2750 4506 τῶν
2786 4449 3223 4521 πεπλανημένων
3250 4447 3322 4502 τὰ
3363 4446 3586 4519 ἐξίτηλα
3626 4446 3754 4515 δόγ-

2160 4562 2329 4617 ματα,
2370 4544 2464 4599 καὶ
2501 4543 2572 4598 τά
2600 4543 2707 4597 τῶν
2738 4541 3145 4613 είδωλολατρῶν
3184 4538 3517 4612 γραοπρεπῆ
3572 4536 3755 4609 μυθά-

2159 4653 2270 4709 ρια·
2312 4637 2553 4710 ἄσταχυς
2584 4636 2642 4690 δὲ
2672 4636 2767 4689 καὶ
2805 4637 2972 4703 σῖτος,
3008 4633 3343 4708 ἡμερωτάτη
3392 4631 3591 4705 τροφὴ,
3651 4630 3755 4685 καὶ

2154 4729 2466 4803 ἀνθρώποις
2522 4728 2780 4800 ἐδώδιμα,
2838 4729 2933 4781 καί
2990 4728 3263 4796 ἀναγκαῖα
3317 4724 3455 4797 πρὸς
3516 4724 3751 4798 ὄνησινο

2157 4823 2375 4894 συνέχει
2410 4822 2519 4892 γὰρ
2553 4822 2702 4892 ἡμᾶς
2727 4821 2808 4884 είς
2858 4819 3023 4892 ζωὴν,
3053 4819 3146 4874 καὶ
3182 4819 3354 4883 τύπος
3394 4817 3463 4871 ἀν
3509 4819 3597 4888 εἴη
3636 4815 3753 4872 τῶν

2156 4914 2256 4986 τῆς
2284 4913 2545 4985 ἀληθείας
2575 4911 2883 4984 δογμάτων,
2915 4912 2983 4968 δι’
3014 4907 3091 4969 ὧν
3122 4915 3171 4968 οἱ
3196 4911 3632 4974 πεπιστευκότες
3670 4910 3753 4975 ὠς

2152 5007 2303 5080 ἄρτῳ
2353 5006 2516 5073 ζῶντι
2559 5006 2883 5078 τρεφόμεθα
2933 5007 3030 5061 καὶ
3070 5005 3336 5078 ἀληθινῷ,
3381 5004 3459 5076 τῷ
3497 5002 3749 5077 Χριστῷ.

2156 5100 2315 5155 Ἔστι
2341 5098 2399 5152 δὲ
2432 5094 2499 5154 αὖ
2534 5100 2718 5153 πεδίον
2739 5098 2885 5153 λεῖον
2913 5098 3104 5170 ὥσπερ
3136 5115 3190 5152 τι
3225 5098 3320 5152 καὶ
3366 5097 3602 5169 ἄτραχυ,
3633 5097 3754 5160 τοῖς

2150 5192 2479 5263 διαστείχειν
2495 5190 2692 5245 εἰδόσιν
2707 5190 2886 5262 ὀρθῶς
2902 5193 2935 5264 ἡ
2955 5190 3314 5253 θεόπνευστος
3327 5189 3543 5262 Γραφὴο
3566 5209 3582 5237 ι
3603 5187 3753 5242 Πάν-

2149 5302 2221 5340 τα
2262 5285 2371 5358 γάρ
2411 5283 2644 5340 ἐνώπιον
2690 5285 2803 5347 τοῖς
2854 5281 3149 5349 cumcum,»
3203 5280 3349 5337 κατὰ
3406 5280 3462 5335 τὸ
3496 5297 3753 5352 γεγραμ-

456 5380 728 5450 scriptum
748 5388 861 5444 est,
891 5398 911 5430 ι
939 5387 995 5433 et
1016 5387 1168 5435 recta
1189 5377 1600 5434 invenientibus
1619 5376 1907 5433 scientiam
1933 5376 1998 5430 °°.
2024 5396 2044 5428 ι

2159 5379 2319 5451 μένον
2343 5395 2358 5410 ο
2402 5398 2422 5431 ι
2447 5380 2544 5434 καὶ
2570 5376 2838 5450 όρθὰτοῖς
2871 5378 3189 5451 εὑρίσκουσι
3216 5376 3443 5447 γνῶσιν.
3478 5394 3498 5427 ι
3534 5374 3751 5428 Οὐκοῦν

455 5471 629 5543 Igitur
661 5471 821 5541 spina
843 5471 1069 5541 quidem
1095 5479 1179 5526 est
1216 5471 1308 5526 illa
1340 5485 1730 5542 perversorum
1760 5469 2050 5524 hominum

2157 5470 2367 5526 ἄκανθα
2396 5471 2498 5542 μὲν
2553 5472 2589 5543 ἡ
2636 5471 3005 5543 μυσαρωτάτη
3034 5470 3129 5523 καὶ
3169 5467 3399 5540 βέϐηλος
3445 5468 3752 5539 ἀθυροστο-

455 5564 811 5621 exsecrabilis
830 5564 1067 5621 maxime
1091 5574 1147 5620 et
1175 5566 1407 5635 profana
1427 5565 1735 5636 loquacitas
1761 5582 1774 5617 :
1803 5562 2049 5619 triticum

2158 5562 2258 5635 μία
2296 5562 2408 5619 τῶν
2447 5561 2899 5634 διεστραμμένων
2922 5579 2938 5594 ο
3000 5563 3147 5625 σῖτος
3191 5558 3251 5612 δὲ
3306 5558 3402 5613 καλ⁴
3436 5558 3677 5630 ἄσταχυς
3715 5557 3753 5612 ὁ

454 5670 593 5713 vero
616 5662 675 5712 et
705 5655 858 5727 spica
891 5670 1077 5712 sermo
1098 5655 1374 5722 veritatis,
1408 5656 1505 5727 qui
1528 5655 1728 5712 animis
1752 5654 2050 5713 utilitatem

2157 5653 2482 5726 ψυχωφελής
2524 5670 2585 5708 τε
2636 5654 2735 5709 καὶ
2770 5651 3190 5726 τροφιμώτατος
3221 5651 3323 5722 τῆς
3352 5649 3613 5724 ἀληθείας
3651 5648 3747 5704 λό-

562 5835 632 5871 "'
662 5837 855 5894 Matth.
884 5853 1033 5903 xviii,
1065 5836 1117 5893 6.
1178 5836 1246 5873 δῖ’
1280 5837 1448 5895 lCor.
1480 5853 1592 5907 vni,
1631 5837 1717 5892 12.
1775 5838 1840 5873 ⁸⁸⁸
1861 5836 2034 5896 Exod.
2059 5852 2189 5903 mi,
2231 5835 2281 5893 6.
2359 5836 2421 5869 ’θ’
2448 5835 2583 5906 sap.
2619 5851 2693 5904 ix,
2733 5835 2813 5891 ιθ.
2869 5836 2911 5869 ⁶⁰
2935 5834 3103 5895 Prov.
3134 5832 3332 5907 m9.
