4104 6462
398 398 529 456 553

1092 400 1180 456 DE
1221 397 1669 456 ADORATIONE
1709 399 1779 456 IN
1822 395 2096 456 SPIRITU
2139 393 2228 451 ET
2262 392 2635 450 VERITATE.
2678 392 2809 447 LIB.
2852 378 2986 448 VIII.

3600 399 3704 456 53$

396 531 502 585 γος
529 532 545 548 ο
573 513 729 584 ψιλὸν
758 513 815 569 δὲ
861 514 1063 582 πεδίον,
1101 517 1135 588 ή
1175 517 1536 582 θεόπνευστος
1558 518 1776 590 Γραφή.
1829 518 1998 572 Ὅταν

2103 512 2284 578 aﬂ‘ert,
2307 519 2362 566 ct
2383 510 2451 565 ad
2473 509 2837 565 nutriendum
2857 516 2940 565 est
2967 510 3283 582 aptissimus
3305 511 3323 576 ξ
3351 508 3550 582 planus
3569 528 3706 568 vero

398 607 588 661 τοίνυν
617 603 707 661 οἷά
737 623 841 679 περ
863 605 1137 679 φλόγες,ἢ
1171 608 1281 682 πῦρ
1305 613 1419 674 τοῖς
1447 609 1557 665 τῶν
1585 609 1911 682 ἑτεροδόξων
1938 628 1998 664 τε

399 701 502 753 καὶ
532 700 798 770 Ἐλλήνων
819 704 1172 772 φενακισμοῖς
1202 703 1253 755 οἱ
1281 702 1390 757 τῶν
1423 703 1594 772 ἁγίων
1621 703 2002 774 μυσταγωγῶν

398 791 726 861 ὲπιφύοιντο
773 792 944 862 λόγοι,
984 795 1097 858 τοῖς
1128 795 1228 864 τῆς
1274 794 1534 864 ἀληθείας
1575 795 2004 868 συνηγοροῦντες

395 885 666 956 δόγμασι,
698 886 793 939 καὶ
822 884 890 939 τά
920 886 1061 941 κατὰ
1110 887 1277 958 μόνης
1315 887 1501 941 ἰόντων
1543 888 1791 960 ἀκάνθης
1834 891 1992 961 φησι,

397 978 502 1032 καί
540 977 999 1048 καταφλεγόντων
1059 980 1159 1051 μὲν
1199 979 1274 1045 ὡς
1312 979 1592 1052 ἄχρηστον
1643 981 1738 1034 καὶ
1801 981 2002 1052 ἀγρίαν

395 1070 560 1142 ὕλην,
600 1070 670 1126 τά
734 1073 864 1144 παρ’
910 1073 1140 1137 ἐκείνοις
1196 1075 1628 1145 συγγράμματα,
1670 1073 1744 1146 μὴ
1795 1073 2004 1128 συναδι-

397 1165 653 1218 κούντων
697 1164 754 1218 δὲ
785 1168 933 1220 σῖτον
983 1167 1016 1238 ἦ
1052 1167 1314 1238 ἀσταχυν,
1351 1166 1651 1234 τουτέστιν,
1682 1166 2001 1239 νηφέτωσαν

394 1259 450 1310 οξ
481 1259 855 1329 μυσταγωγοὶ,
887 1259 964 1330 μὴ
1007 1259 1115 1330 ἄρα
1143 1277 1196 1313 τι
1253 1261 1717 1333 καταπημήνειαν
1759 1255 2002 1332 τῶντῆς

395 1347 665 1419 ἀληθείας
695 1349 1007 1420 δογμάτωνο
1036 1351 1070 1422 ἣ
1105 1352 1260 1415 ἵστω,
1299 1352 1486 1423 φησὶν,
1519 1353 1548 1405 ό
1580 1354 1677 1407 σὺν
1728 1353 2000 1425 ἀσφαλείᾳ

396 1441 564 1495 τοῦτο
605 1442 740 1513 δρᾷν
779 1443 880 1497 οὐκ
942 1444 1291 1515 ἀνεχόμενος,
1321 1445 1398 1508 ὡς
1462 1443 1627 1518 εἴπερ
1675 1463 1728 1498 τι
1789 1446 2000 1514 γένοιτο

400 1534 954 1607 συγκαταφλεχθῆναι
992 1539 1106 1600 τοῖς
1130 1537 1358 1608 φαύλοις
1404 1537 1514 1592 τῶν
1553 1539 1868 1608 ἀναγκαίων
1919 1541 2000 1603 εἰς

395 1627 610 1698 ὄνησιν,
639 1628 890 1682 ἀποτίσει
919 1629 1020 1700 τῆς
1039 1629 1376 1702 ἀπροσεξίας
1400 1631 1529 1694 τοὺς
1561 1630 1771 1700 λόγους.
1801 1631 2000 1685 Λίσθά-

395 1735 470 1792 νῃ
503 1719 570 1791 δὴ
590 1715 684 1775 οὖν
706 1720 842 1792 ὅσην
859 1723 1009 1792 ἡμᾶς
1034 1721 1308 1776 ποιεῖσθαι
1339 1721 1438 1794 τὴν
1466 1723 1795 1794 ὲπιτήρησιν
1823 1739 1997 1796 προσ-

394 1815 632 1884 τέταχεν
673 1815 703 1868 ὁ
741 1814 1072 1886 νομοθετῶν,
1102 1815 1203 1886 τῆς
1241 1817 1324 1878 είς
1374 1815 1642 1886 ἀδελφοὺς
1675 1816 1896 1888 ἀγάπης
1936 1817 1998 1872 τὸ

396 1904 695 1975 εἰλικρινὲς
724 1904 994 1962 ἀθόλωτον
1028 1905 1330 1973 ἀποσὼζων
1362 1907 1651 1979 πανταχῆς

348 2005 357 2012 ’
470 1997 682 2052 ΠΑΛΛ.
716 1997 973 2072 Συνίημι.

2106 620 2333 674 campus
2355 603 2544 658 divina
2562 601 2870 674 Scriptura.
2890 602 3029 658 Cum
3052 603 3216 676 igitur
3238 603 3294 658 in
3316 603 3704 662 haereticorum

2104 697 2508 769 gentiliumque
2543 695 2802 766 ﬁgmenta
2838 703 3159 752 sanctorum
3187 695 3478 753 doctorum
3510 699 3702 766 verba,

2105 788 2378 861 dogmatis
2399 787 2652 842 veritatis
2673 787 3044 858 patrocinium
3065 789 3322 855 ferentia,
3355 790 3701 847 ﬂammarum

2105 891 2200 937 aut
2222 882 2364 952 ignis
2391 881 2586 946 instar,
2616 879 2883 950 impetum
2908 880 3164 946 fecerint,
3200 897 3300 954 per
3337 883 3524 954 spinas
3555 883 3701 938 dun—

2106 982 2257 1029 taxat
2283 973 2608 1037 decurrant,
2635 970 2838 1042 inquit,
2865 979 2921 1026 et
2950 972 3170 1027 illorum
3198 975 3406 1044 scripta
3441 983 3699 1046 tanquam

2104 1065 2357 1120 inutilem
2397 1063 2819 1133 silvestremque
2860 1054 3147 1119 materiam
3187 1066 3548 1134 comburam;
3588 1082 3704 1123 non

2103 1168 2290 1215 autem
2324 1158 2490 1214 simul
2517 1157 2760 1212 triticum
2790 1164 2886 1212 aut
2917 1158 3096 1228 spicas
3131 1159 3352 1226 laedant,
3395 1160 3451 1216 id
3480 1169 3586 1226 est,
3614 1159 3717 1246 ιιι-ς

2103 1249 2335 1305 tendant
2360 1250 2637 1316 doctores,
2667 1264 2736 1304 ne
2764 1250 2897 1320 quid
2923 1251 3186 1306 violente
3206 1251 3476 1322 dogmatis
3499 1253 3705 1308 verita-

2103 1344 2172 1400 tis
2205 1359 2221 1398 :
2256 1351 2352 1400 aut
2375 1343 2532 1410 sciat,
2568 1344 2769 1412 inquit,
2795 1344 2913 1414 qui,
2940 1344 2996 1399 id
3030 1352 3091 1398 ut
3126 1352 3286 1400 caute
3325 1345 3552 1411 faceret,
3588 1360 3702 1400 non

2100 1438 2394 1504 laboravit,
2444 1437 2490 1493 si
2527 1437 2658 1508 quid
2691 1453 2908 1504 eorum,
2945 1453 3068 1508 quae
3102 1438 3170 1493 ad
3197 1453 3360 1492 usum
3388 1437 3704 1494 necessaria

2101 1540 2251 1599 sunt,
2294 1533 2457 1587 simul
2500 1547 2627 1586 cum
2665 1531 2882 1588 vitiosis
2915 1530 3255 1603 conﬂagrare
3291 1531 3605 1603 contigerit,
3645 1529 3737 1587 se'

2099 1643 2295 1699 poenas
2316 1626 2703 1698 imprudentiae
2727 1627 3007 1682 daturum.
3032 1625 3290 1682 Advertis
3314 1626 3504 1698 igitur,
3530 1613 3719 1698 quan-1

2100 1730 2213 1777 tam
2239 1735 2342 1778 nos
2362 1720 2630 1777 adhibere
2652 1721 2964 1776 cautionem
2990 1720 3218 1792 jusserit
3249 1720 3553 1792 legislator,
3580 1718 3705 1775 ubi-

2100 1831 2207 1886 que
2233 1815 2523 1870 charitatis
2545 1814 2602 1868 in
2625 1812 2829 1870 fratres
2855 1812 3232 1870 sinceritatem
3269 1829 3465 1884 puram
3505 1821 3562 1869 et
3595 1813 3701 1868 im—

2100 1907 2484 1979 perturbatam
2524 1907 2792 1962 servans?

2172 1998 2372 2054 PALL.
2409 1998 2684 2070 Intelligo.
2782 2023 2806 2065 Α

390 2209 3683 2247 WM—m

971 2401 1369 2532 ΠΕΡΙ
1467 2401 1813 2534 ΤΗΣ
1919 2403 2127 2531 ΕΝ
2245 2394 3136 2536 ΠΝΕΥΜΑΤΙ

1661 2661 1860 2755 ΚΑΙ
1933 2661 2430 2759 ΑΛΗΘΕΙΑ

829 2883 2065 3003 ΠΡΟΣΚΥΝΗΣΕΩΣ
2141 2887 2423 3000 ΚΑΙ
2515 2879 3269 3002 ΛΑΤΡΕΙΑΣ

1589 3126 1961 3216 ΛΟΓΟΣ
2038 3127 2513 3220 ΟΓΔΟΟΣ.

529 3457 712 3570 DE
824 3453 1759 3575 ADORATIONE
1854 3459 2040 3576 ET
2141 3459 2625 3580 CULTU
2739 3458 2887 3583 IN
3007 3461 3596 3586 SPIRITU

1572 3725 1738 3830 ET
1835 3724 2504 3854 VERITATE

1511 3968 1876 4051 LIBER
1976 3972 2585 4055 OCTAVUS.

399 4282 530 4335 Ἔτι
564 4278 700 4358 περὶ
748 4279 994 4358 ἀγᾴπης
1047 4280 1158 4350 τῆς
1203 4283 1292 4358 είς
1343 4281 1672 4358 ἀδελφοὺς.
1704 4283 1806 4339 καὶ
1843 4285 1995 4340 κατὰ

2101 4287 2235 4343 Item
2270 4286 2334 4342 de
2371 4285 2634 4341 charitate
2666 4285 2723 4358 in
2746 4285 2961 4355 fratres,
3001 4294 3052 4341 et
3078 4286 3142 4341 de
3165 4302 3226 4342 eo
3249 4287 3341 4358 qui
3367 4287 3585 4358 furatur
3616 4287 3716 4347 vi-'

575 4351 683 4406 τοῦ
726 4349 1115 4418 κλέπτοντος
1148 4355 1394 4422 μόσχον
1420 4351 1458 4423 ἢ
1495 4349 1814 4423 πρόϐατον.

472 4464 821 4536 Πανταχόθεν
870 4465 957 4537 δὴ,
993 4460 1108 4531 οὖν,
1138 4460 1185 4521 ὧ
1211 4465 1500 4534 Παλλάδιε,
1534 4469 1686 4541 πάρα
1717 4487 1800 4524 σοι
1827 4473 1993 4536 νοεῖν,

393 4559 475 4623 ὡς
508 4559 704 4631 ὀρθούς
749 4561 811 4612 τε
860 4558 957 4612 καὶ
999 4559 1252 4630 ἀκριϐεῖς
1281 4561 1420 4629 άγαν
1460 4562 1736 4616 ποιεῖσθαι
1780 4562 1997 4618 κελεύει

394 4654 500 4724 τῆς
535 4651 929 4723 μυσταγωγίας
969 4653 1097 4717 τοὺς
1145 4653 1343 4722 λόγους
1377 4655 1473 4709 καὶ⁴
1523 4656 1551 4708 ὁ
1601 4656 1777 4712 πάλαι
1806 4658 1993 4728 νόμος.

397 4747 518 4802 Οὐκ
545 4744 782 4817 ἀζήμιον
812 4745 870 4799 δὲ
903 4735 1022 4809 τοῖς
1069 4745 1348 4818 ὲξαπατᾷν
1390 4746 1607 4802 εἰωθόσι
1648 4747 1758 4804 τῶν
1805 4749 1997 4803 ἀπλουο

400 4839 613 4912 στέρων
640 4838 794 4904 τινὰς
827 4839 888 4892 τὸ
919 4843 1111 4911 χρῆμα
1147 4841 1342 4908 τιθεὶς,
1380 4841 1484 4915 ἔφη
1509 4842 1672 4896 πάλιν
1691 4861 1705 4876 -
1743 4863 1762 4896 ι
1787 4842 1912 4898 Ἐἀν
1939 4843 1998 4898 δέ

396 4948 486 4994 τις
511 4929 688 5003 κλέψῃ
735 4931 938 5002 μόσχον
971 4931 1004 5004 ἢ
1034 4933 1329 5005 πρόϐατον,
1362 4935 1458 4988 καὶ
1493 4935 1672 5007 σφάξῃ
1703 4935 1735 5007 ἢ
1766 4935 1993 4990 ἀποδῶ-

395 5041 515 5088 ται,
549 5025 714 5078 πέντε
772 5025 1009 5096 μόσχους
1047 5027 1300 5081 ἀποτίσει
1353 5029 1475 5082 ἀντὶ
1517 5027 1611 5082 τοῦ
1646 5028 1872 5100 μόσχου,
1903 5030 2000 5082 καὶ

397 5116 646 5188 τέσσαρα
675 5116 930 5188 πρόϐατα
961 5118 1085 5171 ἀντὶ
1120 5119 1217 5172 τοῦ
1246 5120 1547 5191 προϐάτου.
1591 5120 1720 5176 Ἐὰν
1752 5120 1810 5175 δὲ
1840 5121 1899 5174 ὲν
1920 5119 1999 5193 τῷ

397 5207 730 5280 διορύγματι
753 5209 952 5282 εὑρεθῇ
993 5212 1022 5264 ὁ
1056 5210 1318 5283 κλέπτης,
1347 5213 1441 5266 καὶ
1467 5212 1698 5283 πληγεὶς
1727 5212 1999 5286 ἀποθάνῃ,

399 5300 505 5354 οὐκ
531 5300 681 5355 ἔστιν
708 5300 860 5372 αὐτῷ
899 5301 1060 5371 φόνος
1086 5320 1098 5334 ’
1139 5303 1233 5358 ἐὰν
1261 5304 1318 5357 δὲ
1355 5303 1615 5378 ἀνατείλῃ
1661 5306 1690 5357 ό
1731 5304 1883 5376 ἥλιος
1912 5303 2001 5359 ἐπ’

401 5391 573 5464 αὐτῷ,
626 5393 812 5465 ἔνοχος
857 5393 1034 5461 έσται,
1071 5396 1565 5468 ἀνταποθανεῖται..
1623 5397 1754 5452 Ἐὰν
1811 5397 1867 5451 δὲ
1926 5396 2004 5470 μὴ

361 5557 368 5561 _
405 5487 630 5558 ὑπάρχῃ
675 5485 848 5557 αὐτῷ,
897 5487 1168 5560 πραθήτω
1210 5489 1333 5543 ἀντὶ
1371 5489 1467 5544 τοῦ
1511 5489 1829 5562 κλέμματος
1854 5507 1870 5521 ο
1905 5489 2005 5544 ὲάνι

399 5578 461 5634 δὲ
488 5579 816 5652 καταληφθῇ
849 5581 945 5634 καὶ
967 5581 1170 5652 εὑρεθῇ
1194 5581 1252 5635 έν
1280 5585 1348 5655 τῇ
1381 5585 1526 5656 χειρὶ
1557 5583 1726 5638 αὐτοῦ
1752 5582 1998 5654 κλέμμα,

403 5673 517 5730 ἀπό
547 5691 607 5728 τε
645 5673 770 5728 δνου
799 5675 894 5729 καὶ
940 5674 1048 5739 ἓως
1089 5675 1365 5746 προϐάτου
1417 5677 1618 5747 ζῶντα,
1652 5676 1821 5734 διπλᾶ
1861 5678 1998 5732 ἀπο·

406 5765 550 5820 τίσει
576 5767 738 5823 αὐτά.
770 5786 788 5820 ι

478 5881 522 5914 ⁶¹
541 5883 716 5940 Exod.
743 5899 876 5952 χχιι,
906 5885 924 5939 l
949 5900 1103 5957 seqq.

2643 4356 2836 4422 tutum,
2863 4365 2958 4412 aut
2982 4373 3147 4412 ovem.

3709 4422 3736 4450 ,.

2168 4472 2330 4545 252
2358 4473 2612 4544 Undique
2639 4471 2829 4544 igitur,
2875 4471 3104 4540 Palladi,
3146 4473 3466 4546 perspicere
3499 4483 3682 4546 potes,

2097 4583 2264 4638 quam
2284 4574 2434 4622 recte
2457 4581 2522 4622 ac
2546 4565 2842 4638 diligenter
2864 4565 2932 4621 de
2953 4573 3274 4623 nostrorum
3301 4567 3696 4640 mysteriorum

2098 4658 2603 4716 ratione-disserere
2623 4658 2806 4730 prisca
2829 4674 3050 4730 quoque
3075 4659 3166 4715 lex
3184 4659 3532 4731 jubeatJam
3558 4674 3696 4716 vero

2099 4755 2169 4810 iis
2180 4754 2275 4826 qui
2291 4752 2658 4824 simpliciores
2687 4751 2956 4823 quosdam
2984 4751 3242 4823 decipere
3262 4761 3694 4818 consueverunt,

2099 4863 2220 4903 eam
2248 4861 2368 4902 rem
2394 4862 2508 4902 non
2538 4845 2773 4900 inultam
2798 4857 2922 4900 esse
2958 4845 3168 4911 sinens,
3196 4860 3393 4901 rursus
3428 4845 3507 4900 ait
3535 4863 3548 4898 :
3579 4864 3598 4894 ‹
3637 4843 3696 4900 Si

2099 4936 2225 5008 quis
2245 4934 2464 4991 furatus
2489 4933 2660 4991 fuerit
2685 4934 2884 4990 bovem
2907 4942 3004 4990 aut
3021 4950 3204 5000 ovem,
3233 4942 3290 4990 et
3310 4935 3576 4991 occiderit
3601 4947 3700 4991 aut

2098 5028 2433 5095 vendiderit,
2470 5026 2716 5098 quinque
2743 5027 2948 5083 vitulos
2974 5027 3253 5097 persolvet
3278 5043 3380 5097 pro
3417 5026 3613 5094 vitulo,
3639 5035 3700 5084 et

2101 5129 2339 5194 quatuor
2364 5136 2497 5178 oves
2517 5135 2620 5191 pro
2648 5134 2752 5175 ove
2777 5138 2792 5174 :
2815 5118 2963 5190 quod
3001 5119 3049 5173 si
3085 5117 3405 5189 perfodiens
3439 5116 3703 5176 inventus

2101 5212 2269 5270 fuerit
2288 5211 2399 5278 fur,
2427 5219 2484 5268 et
2505 5224 2806 5282 percussus
2839 5216 3096 5266 mortuus
3119 5209 3312 5275 fuerit,
3349 5226 3462 5265 non
3497 5218 3582 5266 est
3605 5210 3702 5268 ille

2102 5320 2233 5362 reus
2255 5304 2424 5362 caedis
2451 5321 2466 5358 :
2491 5303 2578 5358 sin
2602 5309 2760 5358 ortus
2779 5301 2950 5358 fuerit
2972 5301 3054 5357 sol
3077 5317 3244 5373 super
3266 5317 3417 5370 eum,
3441 5317 3573 5358 reus
3592 5303 3703 5359 erit

2103 5414 2206 5470 pro
2226 5397 2396 5464 crede,
2420 5395 2691 5451 morietur
2724 5391 2917 5466 {quod
2952 5394 3000 5450 si
3039 5411 3155 5450 non
3194 5393 3341 5451 adsit
3363 5395 3414 5450 ei
3438 5394 3704 5454 substan-
3755 5417 3758 5421 λ

2105 5493 2201 5559 tia,
2241 5491 2402 5563 253
2429 5488 2703 5546 vendatur
2736 5502 2840 5559 pro
2870 5486 3020 5543 furto
3048 5505 3060 5541 :
3088 5487 3184 5543 sed
3227 5487 3274 5544 si
3309 5488 3596 5544 inventum
3636 5503 3705 5546 ac

2109 5587 2518 5658 deprehensum
2547 5583 2718 5640 fuerit
2742 5583 2956 5639 furtum
2983 5581 3040 5636 in
3065 5597 3233 5636 manu
3262 5582 3404 5652 ejus,
3439 5580 3509 5636 ab
3543 5580 3704 5637 asino

2109 5688 2166 5737 et
2189 5693 2363 5751 usque
2390 5677 2457 5734 ad
2481 5691 2661 5742 ovem,
2690 5672 2954 5739 viventia,
2979 5670 3146 5743 dupla
3169 5687 3234 5728 ea
3262 5669 3592 5729 exsolvet“.
3625 5688 3646 5722 ι
