4104 6488
461 371 568 429 535

1496 370 1551 426 S.
1586 371 1862 427 CYRILLI
1903 371 2377 429 ALEXANDRJM
2415 374 2735 432 ARCHIEP.

3621 377 3727 436 556

527 438 917 543 PALL.‘Haud
944 500 1074 540 sane
1106 483 1431 554 perspicuus
1459 494 1543 538 est
1578 484 1671 538 hic
1703 484 1859 539 locus
1886 504 1897 538 :
1938 486 2042 540 ita—

2219 487 2429 540 ΠΑΛΛ.
2469 487 2544 541 Οὐ
2595 488 2799 561 σφόδρα
2849 492 3025 560 σαφὴς
3076 491 3105 542 6
3156 490 3329 559 λόγος.
3383 491 3459 546 Σὺ
3510 490 3566 544 δὲ
3606 493 3635 545 6
3674 491 3729 545 τί

456 596 563 652 que
585 579 819 645 enitere,
847 587 907 633 ut
928 576 1065 632 mihi
1092 575 1351 647 explices,
1376 575 1509 645 quid
1533 576 1755 632 tandem
1774 578 1923 634 istud
1947 580 2040 645 sit,

455 672 602 743 quod
627 686 726 741 per
752 669 983 739 aenigma
1006 668 1194 724 divino
1220 670 1327 724 hoc
1352 684 1619 741 responso
1644 670 1981 741 prrecipitur.

521 761 678 818 CYR.
719 760 942 815 Multam
968 760 1114 815 haud
1152 760 1223 815 ab
1265 776 1324 815 re
1358 762 1649 818 constituit
1688 763 1796 828 lex,
1836 764 1883 818 si
1921 764 2046 834 quis

454 868 648 925 rapere
686 852 969 923 quidpiam
1003 852 1249 915 tentarit,
1287 860 1344 907 et
1376 854 1602 910 cohibet
1637 854 2045 925 quodammodo

454 945 811 1015 impotentem
844 959 1036 1000 earum
1062 960 1248 999 rerum
1273 945 1651 1016 cupiditatem,
1685 963 1823 1018 quas
1845 957 1941 1004 aut
1965 950 2044 1004 vi-

453 1036 634 1099 cinus,
684 1044 782 1090 aut
817 1034 990 1090 frater
1022 1034 1210 1099 habet,
1259 1036 1332 1091 ita
1362 1046 1443 1103 ut,
1482 1038 1699 1093 etiamsi
1738 1041 2039 1112 contingat,

452 1128 651 1199 inquit,
682 1127 738 1182 in
764 1127 884 1197 ipso
915 1126 1065 1182 furto
1083 1126 1259 1184 occidi
1285 1144 1434 1194 eum,
1459 1130 1553 1199 qui
1582 1129 1687 1185 hoc
1709 1130 1916 1185 crimen
1944 1132 2044 1186 ad-

451 1219 640 1283 mittit,
668 1219 723 1273 id
750 1219 930 1275 fraudi
955 1234 1066 1273 non
1090 1219 1162 1274 sit
1183 1219 1269 1283 iis,
1296 1218 1390 1290 qui
1419 1220 1724 1276 occiderint
1750 1240 1762 1275 :
1786 1221 2042 1277 eumdem

452 1312 753 1384 ignominia
778 1327 997 1383 quoque
1033 1321 1208 1377 notat,
1237 1328 1363 1368 cum
1398 1312 1648 1368 decernit
1681 1314 1845 1369 vendi
1874 1330 2043 1384 opor-

453 1415 591 1467 tere,
650 1404 696 1459 si
745 1404 883 1459 adeo
932 1404 1114 1459 tenuis
1154 1411 1258 1469 est,
1291 1413 1355 1458 ut
1395 1404 1560 1474 pretii
1611 1405 2044 1474 persolutionem

450 1496 598 1550 ferre
638 1511 748 1550 non
792 1495 1000 1566 possit:
1040 1503 1100 1552 ut
1139 1494 1207 1549 ad
1249 1495 1419 1549 vitam
1463 1504 1611 1549 recte
1652 1496 2042 1552 instituendam

454 1597 606 1644 metu
631 1588 942 1659 compellat.
979 1587 1215 1642 Interior
1254 1603 1419 1658 porro
1459 1604 1653 1643 sensus
1696 1588 1941 1642 historia:
1973 1588 2043 1643 ab

460 1679 565 1734 hoc
614 1678 776 1748 longe
812 1676 1067 1732 diversus
1116 1684 1198 1731 est
1245 1677 1505 1747 quidem:
1538 1677 1789 1747 proinde,
1823 1687 1884 1733 ut
1921 1678 2043 1733 fieri

455 1779 656 1841 potest,
697 1771 902 1841 optime
935 1769 1291 1840 explicemus.
1326 1768 1431 1823 Bos
1454 1784 1586 1839 ergo
1608 1778 1664 1824 et
1685 1769 1804 1825 ovis
1831 1770 2042 1824 anima-

455 1864 527 1918 lia
554 1862 760 1919 munda
787 1871 916 1918 sunt
944 1863 1106 1917 ambo
1141 1870 1197 1917 et
1226 1877 1405 1927 sacra,
1447 1871 1504 1916 et
1545 1863 1658 1917 Deo
1707 1863 1763 1917 in
1808 1862 2037 1918 odorem

455 1956 743 2012 suavitatis
764 1955 1095 2011 offeruntur.
1122 1954 1229 2011 Sed
1255 1955 1356 2009 bos
1382 1955 1607 2025 quidem
1638 1956 1921 2026 praestanti
1955 1964 2042 2011 est

458 2065 767 2122 magnoque
814 2065 1068 2120 corpore,
1110 2048 1243 2103 illud
1288 2064 1422 2104 vero
1455 2049 1690 2104 alterum
1730 2065 1899 2119 pecus
1928 2065 2040 2104 non

458 2143 588 2199 item
620 2161 632 2196 :
671 2158 798 2198 nam
841 2143 981 2197 bove
1020 2144 1200 2196 minor
1238 2151 1323 2197 est
1373 2141 1511 2197 ovis.
1565 2141 1738 2197 Boum
1783 2142 1950 2213 igitur
1983 2151 2041 2198 et

453 2235 662 2298 ovium,
713 2243 770 2289 et
802 2232 1137 2287 mundorum
1192 2232 1600 2303 quodammodo
1645 2248 2041 2304 sacrorumque

454 2327 776 2383 animalium
809 2326 982 2381 instar
1009 2334 1095 2382 est
1130 2326 1221 2380 illa
1246 2326 1531 2380 hominum
1569 2341 1668 2396 per
1689 2325 1852 2381 fidem
1873 2327 2039 2397 justi-

456 2421 744 2476 licatorum
780 2428 970 2475 sancta
1001 2418 1319 2483 multitudo,
1347 2427 1405 2474 et
1442 2418 1659 2475 ﬁndunt
1688 2419 1947 2492 ungulam
1985 2428 2042 2475 et

456 2517 765 2580 ruminant,
813 2516 968 2586 juxta
1021 2514 1219 2585 legem,
1264 2520 1321 2568 et
1366 2512 1710 2567 excultorum
1759 2512 2041 2568 fructuum

455 2620 585 2663 sunt
609 2609 852 2679 operarii
880 2626 892 2660 :
924 2608 1023 2661 bos
1053 2606 1202 2662 enim
1243 2615 1448 2660 terram
1476 2605 1713 2671 excolit;
1756 2604 1876 2660 ovis
1899 2621 2041 2675 quo-

454 2720 562 2774 que
605 2702 887 2757 fructuosa
930 2709 1014 2754 est
1050 2717 1063 2753 :
1109 2709 1275 2769 atque
1316 2699 1407 2754 ille
1449 2698 1675 2769 quidem
1722 2686 2041 2755 vocatorum

455 2810 588 2865 grex
620 2793 675 2847 in
703 2791 905 2847 divinis
925 2790 1101 2846 caulis
1122 2791 1370 2846 inclusus
1396 2799 1500 2858 est,
1525 2790 1580 2845 in
1608 2790 1858 2847 ecclesiis
1882 2806 2041 2847 nem-

455 2901 557 2956 pe;
596 2884 690 2941 sed
723 2884 1042 2955 complures
1067 2883 1146 2939 illi
1178 2882 1327 2939 fures
1375 2881 1731 2949 insidiantur,
1765 2883 1861 2953 qui
1904 2883 2043 2939 effo-

455 2976 618 3032 diunt
650 2981 707 3029 et
733 2973 937 3029 sensim
966 2974 1234 3045 irrepunt,
1275 2991 1339 3031 ac
1376 2974 1545 3029 variis
1572 2973 2045 3031 ludiﬁcationibus

454 3065 668 3121 animas
692 3066 980 3121 hominum
1001 3066 1402 3137 simpliciorum
1426 3067 1746 3133 extrahunt,
1768 3084 1854 3135 ac,
1871 3084 2044 3139 prope

2152 576 2282 629 ποτέ
2316 578 2431 630 ἐστι
2454 577 2514 630 τὸ
2546 576 2621 641 ὡς
2651 579 2710 630 ὲν
2741 577 3026 648 αἰνίγματι
3067 577 3584 650 χρησμῳδούμενον,
3611 597 3731 634 πει-

2153 668 2230 740 ρῶ
2258 686 2349 739 μοι
2384 668 2588 736 λέγειν.

2218 762 2381 815 ΚΥΡ.
2424 762 2639 834 Ζημίαν
2675 765 2703 817 ὁ
2754 764 2917 835 νόμος
2964 764 3249 837 καθορίζει
3298 765 3588 837 χρησίμως
3633 767 3732 819 τοῦ

2148 855 2491 910 πλεονεκτεῖν
2525 856 2825 921 ἐθέλοντος,
2862 858 2956 912 καὶ
2988 857 3339 932 ἀνασειράζει
3369 860 3570 929 τρόπον
3608 859 3733 913 τινά

2146 948 2237 1000 τὸν
2268 946 2572 1003 ἀκάθεκτον
2621 951 2702 1013 είς
2746 951 3069 1022 ἐπιθυμίαν,
3117 945 3193 1006 ὧν
3238 952 3304 1007 ἂν
3346 951 3461 1022 ἔχοι
3499 950 3729 1022 τυχδνῆ

2148 1042 2367 1109 γείτων,
2403 1040 2435 1113 ἢ
2481 1041 2737 1111 ἀδελφὸς,
2765 1042 2906 1096 ὥστε
2948 1043 3052 1098 κᾶν
3089 1045 3138 1097 εί
3191 1042 3423 1113 γένοιτο,
3449 1044 3635 1114 φησιν,
3671 1044 3734 1096 ὲν

2146 1133 2296 1204 αύτῷ
2326 1133 2580 1188 τεθνάναι
2609 1133 2686 1204 τῷ
2717 1134 2971 1189 κλέπτειν
2992 1135 3085 1189 τὸν
3119 1135 3214 1189 ἐπὶ
3258 1133 3395 1205 τῷδε
3449 1151 3732 1203 κατεγνω-

2149 1227 2366 1296 σμένον,
2385 1225 2576 1279 οὐδένα
2605 1229 2718 1289 τοῖς
2731 1227 3032 1300 ἀνῃρηκόσι
3058 1227 3481 1298 προστρίϐεσθαι
3514 1225 3728 1297 μῶμον.

2160 1320 2356 1391 Ἀτιμᾷ
2385 1319 2443 1372 δὲ
2488 1319 2583 1374 καὶ
2613 1319 2809 1388 λέγων,
2843 1321 2927 1375 ὅτι
2968 1322 3237 1392 προσήκει
3270 1320 3607 1391 πιπράσκειν
3633 1320 3733 1372 αύ-

2145 1411 2256 1475 τὸν,
2288 1413 2336 1464 εί
2378 1409 2454 1481 μὴ
2494 1411 2628 1482 πρὸς
2666 1410 2875 1482 λύτρων
2918 1412 3139 1483 ἀντέχοι
3184 1410 3515 1481 καταϐολὴν,
3551 1413 3633 1474 εἰς
3664 1427 3730 1478 γε

2146 1504 2205 1555 τὸ
2231 1502 2429 1573 χρῆναι
2463 1501 2615 1572 βιοῦν
2649 1502 2865 1557 ἑλέσθαι
2898 1503 3083 1567 καλῶς
3117 1503 3458 1557 συνελαύνων
3490 1505 3602 1565 τοῖς
3623 1501 3731 1554 δεί-

2149 1611 2303 1666 μασι.
2338 1594 2480 1657 Νοῦς
2512 1611 2576 1662 γε
2599 1593 2707 1664 μὴν
2740 1595 2838 1665 τῆς
2874 1593 3116 1662 ἱστορίας
3146 1595 3174 1647 ό
3197 1592 3583 1664 κεκρυμμένος
3613 1592 3731 1646 ἓτε-

2149 1703 2240 1757 ρος
2272 1685 2338 1739 ἂν
2388 1684 2473 1756 είη
2518 1684 2671 1757 παρά
2724 1684 2911 1739 τοῦτον
2950 1684 3109 1748 πολὺ,
3153 1685 3249 1738 xui
3297 1684 3379 1736 δεῖ
3424 1684 3518 1736 καὶ
3548 1682 3730 1752 λέγειν

2147 1779 2296 1849 ἡμᾶς
2327 1777 2402 1841 ὡς
2447 1777 2529 1831 ἔνι
2558 1777 2761 1843 καλῶς.
2790 1777 3013 1848 Μόσχος
3041 1777 3141 1848 μὲν
3180 1776 3246 1846 δὴ
3298 1776 3399 1831 xui
3432 1775 3727 1846 πρόϐατον,
3793 1846 3802 1854 _

2143 1872 2361 1944 καθαρά
2396 1890 2457 1925 τε
2506 1872 2677 1943 ἄμφω
2722 1872 2818 1925 καὶ
2865 1871 3008 1941 ίερά,
3050 1869 3145 1924 xui
3180 1871 3261 1934 είς
3293 1868 3468 1940 ὀσμὴν
3499 1869 3730 1930 εὐωδίας

2141 1962 2579 2035 ἀνακομιζόμενα
2605 1962 2684 2033 τῷ
2703 1961 2841 2032 Θεῷ.
2879 1960 3018 2014 Ἀλλ’
3047 1962 3077 2014 ὁ
3115 1959 3212 2029 μὲν
3247 1959 3447 2030 μόσχος
3474 1957 3532 2008 ὲν
3560 1956 3729 2025 ὑπερ-

2140 2060 2237 2126 οχῇ
2278 2057 2371 2109 καὶ
2415 2055 2636 2126 μεγέθει
2678 2053 2959 2125 σώματος·
3010 2050 3237 2122 θάτερόν
3299 2066 3364 2119 γε
3425 2049 3572 2119 μὴν,
3630 2046 3729 2116 οὐχ

2140 2146 2303 2200 οὕτω.
2341 2146 2560 2217 Μόσχου
2603 2145 2714 2218 γὰρ
2757 2147 2910 2215 μεῖον
2942 2143 3006 2197 τὸ
3051 2142 3349 2214 πρόϐατον.
3404 2141 3615 2210 Μόσχοι
3663 2138 3728 2208 δὴ

2140 2234 2232 2294 οὖν
2260 2239 2353 2293 καὶ
2368 2238 2614 2310 πρόϐατα
2647 2237 2838 2309 ὥσπερ
2867 2235 2990 2290 τινὰ
3014 2235 3128 2300 ζῶα
3155 2232 3374 2305 καθαρά
3391 2248 3451 2285 τε
3470 2229 3565 2285 καὶ
3581 2227 3731 2299 ίερὼ·

2140 2349 2297 2396 τατα,
2341 2330 2450 2385 τῶν
2487 2329 2576 2384 διά
2609 2329 2847 2392 πίστεως
2879 2325 3322 2397 δεδικαιωμένων
3362 2324 3397 2395 ὴ
3432 2322 3564 2393 ἁγία
3595 2321 3730 2390 πλη-

2141 2426 2262 2492 θὺς,
2323 2425 2420 2480 καὶ
2466 2422 2811 2496 διχηλοῦντες
2848 2420 3042 2494 ὁπλὴν,
3095 2419 3193 2473 xui
3248 2414 3593 2488 μηρυκισμὸν
3639 2413 3732 2467 ἀν-
3846 2466 3852 2472 ,

2143 2520 2388 2590 ἀγοντες,
2413 2518 2553 2572 κατὰ
2595 2517 2686 2570 τὸν
2716 2517 2900 2587 νόμον,
2928 2515 3024 2568 καὶ
3057 2511 3288 2585 καρπῶν
3316 2509 3538 2582 ἡμέρων
3565 2507 3731 2579 ὲργάο

2142 2627 2261 2664 ται·
2283 2610 2516 2679 γηπονεῖ
2541 2605 2651 2678 γὰρ
2682 2608 2710 2659 6
2739 2606 2937 2676 μόσχος
2955 2621 2969 2635 ·
3002 2603 3284 2674 ἔγκαρπον
3311 2601 3367 2655 δὲ
3391 2601 3486 2654 xui
3511 2599 3572 2654 τὸ
3597 2596 3731 2669 πρό-

2144 2700 2328 2764 ϐατον,
2369 2699 2464 2751 καὶ
2517 2697 2917 2767 ὲνσεσήκασται
2971 2695 3070 2765 μὲν
3124 2695 3244 2756 ταῖς
3289 2692 3462 2756 θείαις
3516 2691 3729 2755 αὐλαῖς,

2142 2790 2441 2855 τουτέστιν,
2474 2790 2532 2843 ὲν
2562 2788 2885 2859 ἐκκλησίαις
2921 2789 2953 2859 ὴ
2983 2786 3091 2840 τῶν
3126 2785 3479 2858 κεκλημένων
3512 2783 3685 2854 ἀγέλη
3712 2798 3727 2814 ·

2145 2883 2331 2936 πολλοὶ
2363 2881 2422 2936 δὲ
2447 2881 2567 2936 λίαν
2595 2884 2644 2935 οἱ
2676 2880 2906 2934 κλέπται
2961 2879 3090 2950 περὶ
3138 2877 3329 2948 αὐτὴν,
3364 2874 3736 2947 διορύττοντές

2145 2995 2203 3031 τε
2231 2977 2324 3031 xui
2349 2973 2825 3047 παρεισδύνοντες,
2860 2972 2954 3026 καὶ
2984 2970 3347 3041 πολυτρόποις
3375 2953 3731 3037 φενακισμοῖς

2149 3071 2247 3136 τὰς
2275 3070 2384 3125 τῶν
2421 3067 2809 3139 ἁπλουστέρων
2847 3065 3026 3137 ψυχὰς
3053 3062 3385 3131 ὲξέλκοντες,
3416 3061 3513 3114 καὶ
3544 3076 3732 3131 μσνον-

455 3156 712 3221 dixerim,
746 3156 1161 3211 exterminatori
1194 3155 1409 3213 Satanae
1440 3157 1689 3213 vendunt
1717 3177 1728 3211 :
1760 3168 2042 3226 caeterum,

2150 3164 2268 3235 ουχὶ
2322 3160 2875 3232 καταπιπράσκοντες
2933 3157 3011 3229 τῷ
3071 3154 3415 3227 όλοθρεύοντι
3464 3151 3683 3220 Σατανᾷ
3712 3164 3728 3181 ο

454 3249 548 3318 qui
578 3248 684 3303 tale
711 3246 998 3317 quidpiam
1024 3247 1211 3312 audet,
1235 3246 1479 3317 quinque
1508 3247 1697 3313 boves,
1723 3248 1922 3318 inquit,
1947 3265 2046 3320 pro

457 3356 568 3396 uno
592 3338 899 3411 persolvet;
926 3348 1167 3409 quatuor
1202 3340 1358 3405 item,
1388 3355 1489 3410 pro
1520 3355 1650 3405 una,
1680 3356 1811 3397 oves
1839 3358 1852 3394 :
1880 3341 2044 3412 quin:

456 3448 565 3503 que
596 3433 746 3488 enim
771 3432 1025 3503 partibus
1057 3433 1327 3502 majorem
1363 3446 1465 3502 pro
1498 3432 1637 3486 hove
1667 3433 1918 3498 multam,
1946 3448 2047 3502 pro

459 3537 567 3576 una
594 3536 788 3576 rursus
817 3535 941 3586 ove,
969 3520 1331 3590 quadruplam
1369 3520 1481 3576 furi
1510 3536 1634 3576 esse
1674 3522 2043 3592 irrogandam,

457 3610 641 3680 inquit
678 3628 691 3664 :
735 3610 790 3664 in
832 3625 964 3679 quo,
1012 3620 1073 3665 ut
1107 3626 1229 3665 mea
1260 3610 1369 3665 fert
1400 3612 1608 3681 opinio,
1649 3627 1752 3681 pro
1787 3627 2048 3668 mensura

459 3701 766 3772 spirituaiis
794 3701 851 3755 in
875 3701 1081 3756 virtute
1114 3701 1529 3772 magnitudinis,
1562 3718 1727 3772 quam
1754 3705 1848 3773 qui
1872 3704 2051 3775 perie-

460 3801 592 3848 runt
630 3791 928 3857 habebant,
965 3793 1195 3847 multam
1239 3792 1523 3863 imposuit.
1564 3792 1661 3848 Est
1706 3802 1891 3849 autem
1936 3810 2048 3850 non

460 3884 699 3942 absurde
728 3883 901 3956 ﬁgura
926 3894 984 3940 et
1013 3884 1210 3939 umbra
1236 3884 1383 3939 illius
1412 3884 1469 3938 in
1492 3885 1696 3940 virtute
1727 3885 2051 3955 quantitatis

462 3980 580 4035 haec
616 3992 881 4050 corporea
904 3977 1259 4049 magnitudo;
1292 3992 1531 4047 namque
1572 3978 1835 4050 majorem
1869 3979 2049 4034 mino-

459 4086 645 4127 remve
664 4071 995 4141 probitatem
1022 4070 1077 4125 in
1098 4069 1167 4125 iis
1188 4079 1358 4135 certe,
1383 4069 1475 4140 qui
1497 4070 1876 4136 crediderunt,
1903 4072 2049 4127 haud

460 4161 682 4219 difﬁcile
709 4171 797 4219 est
828 4162 1020 4218 videre
1049 4181 1061 4216 ε
1091 4179 1274 4233 neque
1311 4163 1459 4219 enim
1488 4178 1644 4234 aequa
1680 4173 1766 4219 est
1792 4165 2053 4221 omnibus

462 4270 725 4311 mensura
758 4274 771 4309 :
813 4254 978 4328 255.
1009 4274 1028 4307 ι
1065 4254 1175 4312 Sed
1202 4256 1582 4327 unusquisque
1624 4264 1878 4313 nostrum
1918 4274 2048 4328 pro-o

461 4348 643 4418 prium
686 4347 857 4403 habet
896 4347 1102 4402 donum
1150 4363 1217 4402 ex
1242 4347 1357 4403 Deo
1393 4365 1406 4402 :
1448 4348 1541 4403 hic
1577 4349 1800 4420 quidem
1827 4350 1925 4415 sic,
1960 4351 2051 4407 ille

462 4454 598 4495 vero
627 4439 708 4495 sic
730 4440 795 4493 ⁶².
827 4458 845 4491 ι
877 4439 934 4494 Si
962 4439 1129 4510 igitur
1152 4437 1347 4504 furari,
1371 4439 1660 4510 perfodere
1683 4451 1972 4512 praeterea,
1997 4455 2054 4500 et

2145 3258 2287 3330 πλὴν
2325 3260 2353 3311 6
2381 3252 2660 3327 δεδρακώς
2700 3270 2753 3306 τι
2788 3248 3052 3314 τοιοῦτον,
3094 3247 3258 3301 πέντε
3308 3245 3543 3317 μόσχους
3594 3243 3731 3295 ἀπο-

2146 3350 2310 3414 τίσει,
2350 3347 2538 3417 φησὶν,
2566 3343 2686 3398 ἀνθ’
2718 3342 2856 3406 ἐνὸς,
2898 3340 2994 3395 xui
3033 3340 3277 3409 τέσσαρα
3326 3334 3576 3407 πρόϐατα
3610 3331 3733 3385 ἀντὶ

2145 3439 2240 3495 τοῦ
2269 3438 2563 3511 προϐἀτευσ
2589 3433 3030 3490 πενταπλασίονα
3055 3432 3153 3500 μὲν
3173 3430 3282 3500 γὰρ
3304 3429 3397 3482 ὲπὶ
3420 3427 3497 3496 τῷ
3522 3426 3730 3498 μόσχῳ,
3762 3464 3769 3475 .

2147 3532 2224 3603 τῷ
2263 3531 2551 3599 κεκλοφότι
2594 3528 2694 3600 τὴν
2742 3527 2926 3597 δίκην,
2962 3522 3397 3597 τετραπλασίονα
3428 3519 3484 3573 δὲ
3513 3519 3622 3603 δεῖν
3648 3517 3731 3582 ἐφ’

2149 3602 2229 3674 ἑνὶ
2254 3620 2511 3693 προϐάτῳ
2543 3617 2798 3687 γενέσθαι
2833 3616 2988 3686 φησὶ,
3026 3612 3169 3667 κατά
3212 3611 3271 3664 τὸ
3326 3610 3545 3680 μέτρον,
3578 3602 3733 3677 οἶμαί

2150 3732 2277 3779 που,
2320 3715 2420 3784 τῆς
2449 3710 2829 3781 πνευματικῆς
2875 3707 2997 3760 κατ’
3025 3705 3226 3777 ἀρετὴν
3275 3703 3594 3772 ποσότητος,
3627 3698 3734 3752 τῶν

2149 3804 2541 3874 ἀπολλυμένων
2586 3800 2795 3865 ἐπιθεὶς
2841 3799 2940 3870 τὴν
2991 3797 3232 3853 κόλασιν.
3261 3795 3303 3848 Τ
3310 3796 3442 3857 ύπος
3479 3793 3522 3846 δ’
3552 3791 3619 3845 ἂν
3647 3790 3737 3863 εἴη

2152 3899 2244 3953 xxi
2285 3897 2412 3952 σκιά
2452 3896 2549 3967 τῆς
2586 3896 2643 3949 ὲν
2686 3895 2856 3965 ἀρετῇ
2905 3891 3225 3961 ποσότητος,
3258 3889 3291 3959 ἡ
3324 3884 3643 3957 σωματική-
3673 3883 3747 3941 τὸ,

2151 3992 2342 4061 γάρτοι
2374 3986 2617 4059 μεῖζονῆ
2658 3987 2808 4057 μεῖον
2861 3986 2919 4038 ὲν
2959 3980 3308 4043 ὲπιεικείαις,
3350 3975 3735 4046 ἀταλαίπωρον

2155 4083 2282 4137 ίδεῖν
2313 4080 2370 4134 ἓν
2402 4097 2464 4149 γε
2494 4081 2608 4142 τοῖς
2637 4074 3083 4136 πεπιστευκόσιν,
3116 4070 3239 4124 ἐπεὶ
3272 4070 3346 4141 μὴ
3381 4071 3439 4121 ὲν
3468 4067 3569 4136 ἴσῳ
3599 4066 3749 4143 ’πάν--¹

2151 4193 2241 4239 τες
2263 4173 2424 4244 τυχόν
2448 4190 2459 4203 ’
2497 4191 2514 4223 ι
2562 4169 2702 4224 Ἀλλ’
2735 4169 2965 4230 ἕκαστος
2994 4164 3151 4237 ἡμῶν
3174 4163 3306 4217 [διον
3338 4162 3452 4231 ἔχει
3487 4161 3736 4231 χάρισμα

2152 4269 2217 4321 ὲκ
2235 4263 2394 4328 Θεοῦ,
2412 4266 2439 4317 6
2457 4263 2556 4334 μὲν
2572 4261 2764 4325 οὕτως,
2787 4263 2815 4314 6
2841 4259 2896 4312 δὲ
2928 4257 3118 4320 οὕτως.
3132 4273 3150 4307 ι
3172 4255 3235 4307 Et
3251 4253 3307 4306 δὲ
3328 4251 3392 4323 δὴ
3408 4250 3656 4304 κλέπτων
3676 4265 3735 4302 τε

2154 4352 2248 4406 xui
2266 4349 2554 4423 διορύττων
2578 4348 2680 4412 ἔτι,
2700 4349 2793 4402 καὶ
2820 4346 2890 4400 τά
2918 4345 3019 4415 τῆς
3043 4342 3297 4416 λῃστείας
3326 4339 3460 4412 ἔργα
3491 4337 3736 4410 πληρῶν,

2155 4443 2230 4505 ὡς
2262 4443 2319 4494 ὲν
2350 4442 2505 4495 νυκτί
2542 4458 2603 4494 τε
2638 4440 2733 4493 καὶ
2768 4438 2946 4506 σκότῳ
2977 4432 3424 4504 καταφωραθείη,
3453 4431 3607 4502 φησὶ,
3642 4430 3739 4483 καὶ

461 4530 602 4586 furis
634 4545 866 4586 munera
884 4531 1107 4600 explere
1137 4529 1207 4585 de
1226 4539 1387 4586 nocte
1415 4540 1473 4587 et
1501 4531 1559 4586 in
1583 4533 1828 4589 tenebris
1850 4534 2045 4605 depre-

2153 4532 2460 4587 ὲκτεθνάτω
2489 4532 2639 4585 τότε·
2677 4529 2773 4583 καὶ
2810 4529 2870 4582 τὸ
2910 4528 3122 4599 χρῆμα,
3164 4526 3225 4578 ού
3264 4525 3444 4592 ῳόνος,
3493 4521 3615 4575 οὐδὲ
3658 4518 3739 4590 τῷ

464 4620 674 4677 hensus
712 4619 901 4686 fuerit,
929 4619 1129 4691 inquit,
1169 4630 1283 4675 tum
1319 4636 1452 4676 vero
1474 4622 1637 4679 liceat
1672 4623 1960 4691 occidere;
1995 4634 2052 4680 et

463 4730 528 4770 ea
550 4728 643 4771 res
664 4729 773 4769 non
813 4721 899 4769 est
922 4713 1119 4779 credes,
1157 4728 1339 4784 neque
1380 4712 1607 4779 faciens,
1642 4714 1892 4771 criminis
1923 4732 2053 4772 reus

463 4806 593 4863 erit.
623 4805 736 4861 Fur
765 4804 914 4862 enim
937 4814 1077 4870 erat,
1105 4804 1201 4876 qui
1236 4805 1437 4861 cecidit
1458 4815 1516 4861 et
1539 4806 1650 4861 vim
1676 4806 1966 4874 inferebat,
1997 4817 2054 4864 et

463 4898 595 4955 belli
616 4900 743 4970 jure
769 4912 945 4953 caesus
973 4906 1059 4953 est
1084 4914 1096 4950 :
1126 4906 1203 4962 at,
1229 4897 1343 4952 sole
1368 4898 1479 4969 jam
1507 4908 1652 4965 orto,
1679 4908 1842 4972 atque
1864 4901 2053 4973 elapso

461 4989 683 5047 furandi
706 5000 977 5061 tempore,
1000 4988 1223 5045 cohibet
1244 4989 1605 5059 percutientis
1622 5007 1867 5058 manum,
1888 4992 2052 5064 idque

463 5082 680 5140 facinus
703 5085 988 5142 homicidii
1014 5084 1225 5141 crimen
1250 5099 1372 5141 esse
1396 5084 1606 5141 deﬁnit.
1630 5086 1769 5141 Dum
1791 5087 1939 5143 enim
1964 5088 2054 5144 fur

464 5174 789 5245 spiritualis,
819 5180 1056 5235 animam
1081 5179 1359 5235 credentis
1386 5179 1443 5235 in
1464 5178 1749 5236 Christum
1771 5180 2054 5252 depraeda—

465 5274 576 5327 tur,
610 5277 669 5323 et
702 5284 733 5323 a
770 5269 1040 5326 charitate
1067 5269 1165 5325 Dei
1203 5270 1495 5335 abstrahit,
1531 5272 1573 5326 si
1610 5271 1667 5326 in
1693 5271 1814 5343 ipso
1843 5273 2052 5327 scelere

466 5353 849 5426 deprehensus
887 5358 1084 5424 fuerit,
1125 5376 1237 5416 non
1283 5361 1483 5434 injuria
1527 5371 1705 5418 morte
1741 5363 2047 5418 multatur:

467 5447 707 5502 animam
733 5449 880 5504 enim
903 5452 1123 5519 occidit,
1149 5468 1270 5524 quae
1297 5455 1648 5525 praestantior
1671 5464 1757 5511 est
1778 5469 2009 5525 corpore
2036 5474 2047 5509 :

468 5548 526 5594 at
561 5554 715 5605 vero,
758 5556 886 5596 cum
924 5544 981 5599 in
1011 5545 1131 5617 ejus
1168 5563 1389 5618 quoque
1429 5557 1670 5604 mentem
1708 5549 1788 5604 sol
1829 5558 2053 5604 exortus

469 5626 656 5697 fuerit,
687 5647 920 5704 eamque
954 5650 1081 5691 vera
1118 5639 1380 5710 cognitio,
1415 5638 1558 5696 lucis
1599 5656 1661 5695 ac
1704 5640 1813 5696 diei
1856 5641 2048 5707 instar,

578 5808 621 5843 ε’
651 5807 812 5865 lCor.
848 5825 942 5877 vn,
971 5810 1020 5863 7.

2155 4625 2414 4694 δράσαντι
2462 4624 2671 4696 γραφή.
2712 4621 3049 4691 Πλεονέκτης
3095 4616 3204 4688 γὰρ
3244 4616 3338 4671 καὶ
3378 4615 3549 4685 βίαιος
3583 4615 3612 4667 6
3640 4627 3739 4665 πε·-

2160 4718 2289 4780 σὼν,
2321 4719 2415 4772 καὶ
2444 4717 2686 4786 πολέμου
2720 4713 2988 4782 τέτρωται
3022 4710 3175 4782 νόμῳ
3199 4725 3212 4739 ·
3249 4708 3400 4778 ἡλίου
3437 4706 3493 4760 δὲ
3522 4704 3739 4759 ἀνατεί-

2159 4813 2371 4876 λαντος,
2405 4810 2497 4865 καὶ
2526 4807 2932 4880 παρελάσαντος
2959 4803 3059 4875 ἤδη
3091 4803 3186 4856 τοῦ
3208 4803 3307 4873 τῆς
3340 4799 3594 4874 λῃστείας
3615 4815 3738 4851 και-

2163 4902 2282 4976 ροῦ,
2311 4902 2412 4971 τὴν
2464 4898 2558 4954 τοῦ
2610 4896 2936 4967 πλήττοντος
2986 4893 3161 4963 εἴργει
3210 4894 3387 4962 χεῖρα,
3425 4890 3520 4943 καὶ
3575 4888 3737 4957 φόνου

2161 4993 2379 5065 γραφὴν
2423 4987 2700 5060 καθορίζει
2727 4986 2822 5041 τοῦ
2864 4985 3229 5056 τολμήματος.
3256 4984 3403 5045 Ἕως
3448 4981 3546 5052 μὲν
3568 4980 3678 5051 γὰρ
3710 4980 3742 5032 6

2159 5087 2399 5153 κλέπτης
2429 5085 2458 5138 6
2486 5080 2693 5153 νοητὸς,
2720 5080 2820 5152 τὴν
2840 5078 2934 5133 τοῦ
2971 5074 3356 5138 πιστεύσαντος
3387 5076 3466 5137 είς
3504 5072 3740 5143 Χριστὸν

2162 5177 2545 5235 καταλωϐἂται
2596 5174 2793 5245 ψυχὴν,
2846 5172 2940 5226 καὶ
2987 5169 3209 5239 ἀγάπης
3268 5166 3476 5232 ὲξέλκει
3521 5164 3622 5234 τῆς
3661 5165 3741 5225 είς

2160 5271 2398 5336 Θεὸν,-εί
2432 5270 2489 5323 ὲν
2521 5269 2705 5330 αὐτοῖς
2739 5266 2892 5336 ἀλοίη
2940 5265 3055 5329 τοῖς
3088 5260 3545 5334 πλημμελήμασι,
3578 5256 3740 5310 πάθοι

2161 5365 2228 5421 ἂν
2264 5364 2363 5418 οὐκ
2395 5361 2595 5425 ἀδίκως
2625 5358 2718 5412 καί¹
2765 5357 2825 5411 τὸ
2869 5354 3186 5410 ὲκτεθνάναι
3228 5352 3338 5407 δεῖν
3361 5368 3374 5380 ’
3417 5348 3594 5420 ψυχὴν
3632 5345 3742 5416 γὰρ

2161 5457 2469 5520 ἀπέκτεινε,
2501 5451 2601 5524 τὴν
2643 5448 2854 5521 ἀμείνω
2901 5447 3188 5519 σώματος’
3236 5443 3388 5516 ἡλίου
3426 5442 3483 5495 δὲ
3525 5438 3739 5495 ἀνατείη

2159 5549 2349 5612 λαντος
2384 5546 2475 5602 xui
2503 5542 2650 5615 αὐτῷ
2672 5543 2814 5597 κατά
2843 5538 2986 5604 νοῦν,
3020 5540 3114 5594 xui
3152 5534 3551 5607 διαυγαξούσης
3575 5533 3653 5595 ὡς
3681 5530 3739 5582 ὲν

2158 5640 2307 5706 τάξει
2360 5639 2536 5711 φωτὸς
2588 5637 2679 5692 xui
2722 5635 2959 5708 ἡμέρας,
3018 5633 3117 5704 τῆς
3169 5630 3403 5703 ἀληθοῦς
3461 5628 3736 5699 γνώσεως..
