4104 6440
193 5531 224 5540 Α

329 392 440 454 537

1005 394 1094 449 DE
1131 395 1576 452 ADORA'I‘IONE
1617 397 1682 452 IN
1722 396 1991 452 SPIRITU
2033 396 2122 451 ET
2162 396 2532 452 VERITATE.
2577 394 2706 452 LIB.
2736 394 2868 451 VIII.

3517 393 3624 450 538

328 508 666 566 κινδυνεύειν
698 507 797 562 οὐκ
829 509 915 580 ἐᾷ,
960 509 1250 575 κολάζεται
1287 511 1398 583 γὰρ
1449 510 1518 565 τά
1553 512 1746 576 νυκτὸς
1781 511 1917 584 ἔργα

2024 510 2404 578 illustraverit,
2432 512 2735 582 periclitari
2764 527 2873 566 non
2897 509 3028 566 sinit
3052 528 3063 564 :
3091 526 3216 564 nam
3243 526 3412 582 opera
3440 513 3625 568 noctis

325 605 430 658 καὶ
451 603 697 667 σκότους,
719 603 787 656 τά
815 602 871 656 δὲ
898 601 975 666 ὡς
1002 603 1061 656 ὲν
1091 604 1230 674 φωτὶ
1255 605 1460 671 λοιπὸν,
1493 606 1593 658 οὐκ
1621 604 1722 660 ἔτι.
1760 607 1924 660 ’Δνεῖ-

325 698 459 751 σθαι
477 696 535 750 δὲ
555 695 664 750 τῶν
695 696 939 766 ἀρχαίων
973 697 1360 769 ἐγκλημάτων,
1391 701 1485 752 καὶ
1514 698 1624 752 τῶν
1647 701 1706 752 ἐν
1729 700 1922 770 ἀγνοίᾳ

324 789 428 844 καὶ
463 789 662 860 σκότῳ,
697 787 1016 842 δεδικαίωκε
1062 789 1213 853 θεός.
1270 791 1380 843 Καὶ
1429 791 1492 861 δὴ
1536 791 1628 844 καὶ
1679 789 1923 860 λεγέσθω

192 918 210 928 ς
319 885 444 946 τοῖς
494 881 554 948 ἐξ
607 879 882 952 ἁμαρτίας
934 882 1014 946 είς
1066 881 1182 951 φῶς
1239 882 1567 951 ἀφιγμένοις
1604 882 1666 934 τὸ
1710 882 1920 950 νοητὸν,

328 994 346 1026 ι
387 971 536 1028 τΗτέ
571 991 700 1029 ποτε
735 974 947 1038 σκότος,
985 974 1102 1028 νυνὶ
1134 975 1191 1027 δέ
1219 973 1336 1045 φῶς
1380 977 1437 1028 ἐν
1465 974 1676 1045 Κυρίῳ.
1709 994 1727 1026 ι
1765 974 1922 1028 Οὕτω

320 1066 679 1121 δεδικαίωκεν
702 1067 730 1120 ὁ
763 1066 972 1138 Κύριος
1009 1068 1104 1120 καὶ
1129 1067 1220 1120 τὸν
1258 1067 1546 1122 θεσπέσιον
1570 1067 1804 1129 Παῦλον,
1831 1068 1922 1121 τὸν

321 1158 598 1231 πρότερον
637 1159 766 1213 ὄντα
801 1159 1143 1232 βλάσφημον,
1179 1161 1274 1214 καὶ
1314 1161 1572 1232 διώκτην,
1617 1161 1711 1214 καὶ
1762 1160 1920 1232 ὑϐριο

322 1253 499 1324 στήνο
551 1252 672 1306 καθ’
721 1253 1025 1324 ὑπερϐολὴν
1066 1255 1178 1326 γὰρ
1217 1255 1408 1309 ἐδίωκε
1451 1254 1549 1326 τὴν
1595 1255 1922 1325 Ἐκκλησίαν

317 1343 422 1396 τοῦ
447 1342 606 1408 Θεοῦ,
635 1343 730 1397 καὶ
762 1343 986 1417 ἐπόρθει
1014 1346 1208 1414 αὑτήν.

396 1523 606 1578 ΠΑΛΛ.
644 1523 876 1594 Ἀριστα
904 1523 1006 1594 ἔφη
1016 1541 1062 1587 ς.

395 1615 566 1670 ΚΥΡ.
622 1615 748 1669 Ἑάν
788 1615 844 1670 δέ
885 1617 960 1686 μὴ
1003 1615 1251 1688 δύνηται,
1295 1617 1448 1688 φησὶ,
1487 1615 1647 1669 πέντε
1687 1615 1922 1686 μόσχους

317 1705 445 1761 ἀνθ’
481 1705 622 1770 ἐνὸς,
657 1707 751 1760 καὶ
783 1707 1032 1777 πρόϐατα
1057 1706 1301 1779 τέσσαρα
1334 1708 1450 1762 ἀνθ’
1491 1707 1638 1772 ἐνὸς,
1658 1706 1922 1777 πραθήτω

2024 617 2088 657 ac
2141 601 2500 657 tenebrarum
2542 606 2879 674 puniuntur;
2915 619 3039 674 quae
3081 611 3267 658 autem
3314 603 3372 659 in
3413 603 3624 659 lumine

2025 694 2186 758 ﬁunt,
2221 709 2332 748 non
2370 694 2540 750 item:
2584 696 2888 750 condonari
2923 704 3107 750 autem
3147 706 3334 752 vetera
3376 695 3620 752 crimina

2024 795 2081 840 et.
2115 787 2170 840 in
2204 786 2421 840 inscitia
2444 802 2508 840 ac
2534 787 2783 842 tenebris
2813 788 3071 854 admissa,
3099 804 3318 859 aequum
3346 804 3468 843 esse
3493 804 3623 844 cen-

2025 876 2136 930 suit
2161 876 2322 931 Dcus.
2352 877 2540 947 Itaque
2569 877 2783 933 dicatur
2805 879 2893 943 iis,
2918 879 3013 949 qui
3044 879 3112 934 de
3138 886 3365 950 peccato
3408 879 3475 933 ad
3504 880 3618 949 spi-

2025 969 2224 1024 rituale
2261 969 2446 1024 lumen
2483 979 2897 1040 pervenerunt:
2939 991 2955 1022 ι
2993 971 3172 1026 Eratis
3205 973 3503 1042 aliquando
3535 979 3619 1026 te-

2023 1061 2245 1126 nebrm;
2279 1078 2427 1116 nunc
2460 1070 2645 1116 autem
2686 1063 2778 1116 lux
2816 1063 2872 1116 in
2912 1063 3144 1117 Domino
3175 1065 3238 1118 ⁸³.
3286 1084 3304 1115 ι
3340 1064 3430 1118 Sic
3453 1064 3618 1134 justi-

2026 1151 2208 1206 ﬁcavit
2247 1152 2516 1206 Dominus
2555 1151 2724 1206 etiam
2769 1152 2991 1206 beatum
3038 1153 3290 1217 Paulum,
3329 1153 3423 1223 qui
3465 1154 3622 1223 prius

2022 1241 2204 1298 fuerat
2224 1243 2603 1314 blasphemus,
2633 1251 2689 1298 et
2709 1253 3052 1313 persecutor,
3077 1252 3132 1299 et
3152 1247 3618 1312 contumeliosus;

2024 1351 2190 1406 supra
2217 1337 2444 1392 modum
2477 1337 2626 1391 enim
2672 1337 3110 1408 persequebatur
3151 1337 3452 1394 Ecelesiam
3498 1340 3618 1404 Dei,

2023 1439 2080 1484 et
2103 1429 2434 1484 devastabat
2458 1429 2606 1484 illam
2637 1429 2701 1484 “.

2093 1523 2293 1578 PALL.
2325 1521 2548 1593 Optime
2575 1523 2737 1578 dicis.

2093 1614 2251 1671 CYR.
2290 1614 2498 1683 Quodsi
2529 1630 2640 1670 non
2683 1617 2914 1686 poterit,
2945 1616 3148 1689 inquit,
3183 1620 3429 1690 quinque
3453 1619 3625 1676 boves

2023 1724 2122 1778 pro
2168 1723 2301 1773 uno,
2341 1716 2580 1778 quatuor
2609 1709 2775 1764 etiam
2815 1725 2946 1765 oves
2984 1725 3086 1780 pro
3129 1727 3238 1766 una
3282 1712 3622 1782 persolvere,

316 1795 449 1850 ἀντὶ
475 1795 571 1849 τοῦ
596 1796 927 1866 κλέμματος.
967 1797 1130 1868 Ὁρᾷς
1153 1798 1302 1861 ὅπως
1328 1798 1554 1868 ἀτιμίαν
1582 1800 1610 1851 ὁ
1634 1797 1798 1867 νόμος
1821 1795 1920 1867 τὴν

2024 1799 2295 1853 vendatur
2319 1814 2421 1869 pro
2458 1798 2629 1854 furto.
2659 1799 2824 1856 Vides
2855 1809 2917 1855 ut
2949 1800 3038 1855 lex
3064 1802 3420 1873 ignominiam
3448 1804 3623 1859 servi-

314 1887 670 1960 δουλοπρεπῆ
725 1889 1076 1959 καταγράφει
1137 1889 1326 1959 σαφῶς
1378 1888 1488 1942 τῶν
1541 1889 1766 1960 διηνεκῆ
1821 1889 1916 1942 καὶ

2024 1893 2126 1947 lem
2146 1898 2335 1961 aperte
2358 1892 2601 1947 sanxerit
2627 1893 2682 1946 in
2704 1907 2820 1956 eos,
2845 1893 2961 1962 qui,
2982 1909 3109 1948 cum
3130 1896 3350 1950 assidue
3371 1903 3622 1965 peccent,

315 1981 648 2034 ἁνέκνιπτον
683 1980 919 2052 ἐχόντων
968 1979 1068 2052 τὴν
1118 1979 1425 2051 ἁμαρτίαν,
1466 1981 1561 2034 καὶ
1605 1980 1749 2050 μηδ’,
1793 1979 1916 2032 ὅσον

314 2072 520 2136 εἰπεῖν,
565 2069 786 2143 λύτροις
829 2070 1234 2141 ἀποκρούεσθαι
1275 2070 1343 2124 τά
1391 2070 1718 2142 ἐγκλήματα
1757 2070 1918 2124 δυνα-

317 2163 526 2232 μένων,
554 2163 644 2216 διά
665 2179 724 2216 τε
748 2163 810 2216 τὸ
832 2163 932 2234 τῆς
951 2163 1178 2234 γνώμης
1207 2163 1432 2228 ἀσθενὲς
1452 2164 1551 2217 οὐκ
1573 2163 1918 2234 ἀνεχομένων

318 2255 509 2325 ῖδροῦν
531 2256 611 2318 είς
645 2255 1009 2326 μετάγνωσιν,
1047 2257 1142 2310 καὶ
1171 2256 1259 2309 διὰ
1287 2256 1396 2310 τῶν
1431 2257 1510 2320 είς
1542 2256 1702 2310 τοῦτο
1737 2256 1918 2311 πόνων

313 2345 764 2416 ἐκμειλίττεσθαι
791 2346 959 2412 Θεόν;
993 2347 1414 2420 Πιπράσκεσθαι
1455 2349 1518 2418 δὴ
1553 2343 1646 2402 οὖν
1687 2344 1746 2401 εὖ
1774 2349 1919 2420 μάλα

313 2437 508 2510 φησίν.
547 2439 990 2512 Ἐναριθμεῖσθαι
1016 2440 1126 2511 γὰρ
1155 2441 1256 2494 οὐκ
1297 2443 1362 2512 ἐᾷ
1389 2443 1500 2505 τοῖς
1527 2441 1618 2494 διὰ
1640 2441 1739 2512 τῆς
1769 2440 1920 2506 Θείας

311 2536 546 2604 χάριτος
577 2532 1065 2604 ¹ηλευθερωμένοις,
1101 2535 1229 2597 τοὺς
1257 2533 1402 2587 οὕτω
1449 2533 1917 2606 μεμολυσμένους.

328 2627 732 2698 Ἑξωθούμενοι
769 2627 827 2680 δέ
858 2628 959 2697 τῆς
989 2630 1104 2692 τοῖς
1133 2627 1440 2699 ἐλευθέροις
1488 2628 1806 2701 πρεπούσης
1848 2647 1923 2683 τι·

318 2719 456 2790 μῆς,
473 2718 802 2774 ἀκούσονται
825 2721 918 2774 καὶ
943 2721 1097 2774 αὐτοί
1117 2735 1130 2750 ·
1159 2741 1177 2772 ι
1203 2721 1332 2775 Ἰδοὺ
1351 2724 1471 2785 ταῖς
1490 2721 1746 2793 άνομίαις
1767 2723 1922 2794 ὑμῶν

313 2811 626 2884 ἐπράθητε.
652 2832 670 2866 ι
704 2813 768 2866 Εἰ
788 2813 1145 2884 δὲκεκλοφὼς
1175 2815 1270 2886 μέν
1290 2816 1465 2886 ἁλοίη,
1485 2816 1673 2886 φησὶν,
1693 2813 1846 2869 οὔπω
1865 2816 1922 2869 δὲ

313 2903 552 2970 ἀνελὼν,
577 2905 882 2972 τουτέστιν,
901 2907 951 2960 εἰ
973 2908 1311 2978 φενακισμοῦ
1331 2908 1426 2962 καὶ
1441 2909 1660 2980 ἀπάτης
1677 2909 1924 2980 ἀρξάμε-

312 3015 409 3062 νος
429 2999 530 3070 τῆς
545 3000 622 3063 εἰς
637 2998 856 3072 ἐτέρους
877 3001 1349 3071 καταλαμϐάνοιτο
1369 3019 1454 3065 τις
1468 3001 1578 3054 τῶν
1592 3003 1923 3074 ἐτεροδοξεῖν

313 3092 620 3156 εἰωθότων,
645 3093 949 3165 νενικηκὼς
981 3094 1038 3148 δὲ
1086 3093 1239 3148 οῠπω
1291 3097 1386 3148 καὶ
1425 3097 1805 3166 κατακομίσας
1844 3098 1924 3161 είς

2020 1997 2132 2036 non
2162 1989 2347 2035 tamen
2386 1983 2599 2052 peccati
2635 1983 2882 2038 maculas
2919 1984 3174 2051 abluunt,
3206 2002 3410 2056 neque,
3455 1997 3514 2041 ut
3550 1988 3625 2042 ita

2021 2074 2221 2138 dicam,
2259 2075 2442 2144 pretio
2465 2072 2615 2140 dato,
2640 2083 2871 2145 possunt
2893 2077 3125 2132 crimina
3147 2078 3420 2148 depellere
3442 2097 3454 2133 :
3477 2079 3624 2150 quod

2020 2165 2222 2219 mentis
2267 2163 2588 2219 inﬁrmitate
2635 2165 2867 2223 sudores
2904 2168 3248 2237 poenitentiae
3273 2171 3542 2240 perferre,
3568 2179 3625 2226 et

2021 2257 2194 2311 Deum
2228 2255 2501 2326 ejusmodi
2528 2257 2815 2314 laboribus
2841 2260 3062 2329 placare
3087 2262 3302 2316 nolint?
3325 2263 3498 2318 Vendi
3525 2264 3626 2334 igi-

2023 2357 2115 2404 tur
2137 2364 2234 2404 eos
2259 2348 2570 2404 rectissime
2591 2349 2751 2420 jubet
2776 2368 2788 2404 :
2826 2367 3009 2421 neque
3031 2353 3179 2408 enim
3209 2354 3462 2410 homines
3485 2355 3624 2411 adeo

2022 2443 2343 2513 inquinatos
2365 2442 2640 2512 permittit
2662 2443 2807 2498 inter
2829 2459 2925 2499 eos
2947 2448 3253 2512 numerari,
3285 2449 3378 2517 qui
3410 2465 3507 2518 per
3526 2448 3624 2503 Dei

2022 2534 2256 2604 gratiam
2293 2531 2458 2586 liberi
2492 2530 2623 2585 facti
2656 2539 2804 2585 sunt.
2839 2533 3066 2603 Expulsi
3111 2543 3296 2589 autem
3333 2535 3401 2588 ab
3433 2550 3501 2589 eo
3526 2534 3628 2588 ho-

2023 2642 2179 2690 nore,
2209 2626 2304 2696 qui
2327 2627 2521 2681 liberis
2543 2628 2824 2689 convenit,
2851 2627 3080 2681 audient
3104 2628 3270 2682 etiam
3299 2628 3403 2697 ipsi
3432 2646 3444 2680 :
3480 2645 3497 2678 ι
3525 2629 3628 2682 Ec~

2024 2736 2085 2775 ce
2110 2721 2164 2774 in
2195 2719 2585 2791 iniquitatibus
2617 2719 2816 2774 vestris
2836 2719 3048 2776 venditi
3072 2721 3207 2774 estis
3233 2721 3299 2774 ⁸⁸,
3343 2739 3361 2770 ›
3395 2719 3550 2786 Quod
3581 2721 3627 2775 si

2025 2813 2232 2869 furtum
2258 2816 2482 2885 quidem
2505 2815 2704 2872 fecisse
2729 2823 3046 2885 compertus
3066 2813 3254 2880 fuerit,
3277 2813 3522 2868 nondum
3548 2821 3629 2868 ta-

2025 2922 2153 2961 men
2185 2907 2475 2973 occidissc,
2505 2908 2560 2963 id
2589 2917 2692 2977 est,
2729 2908 2891 2978 255
2930 2907 2976 2962 si
3007 2908 3132 2978 quis
3169 2907 3331 2961 aliter
3358 2907 3624 2971 sentiens,

2025 3015 2189 3069 quam
2225 2999 2363 3056 ﬁdes
2387 3009 2539 3056 recta
2579 3001 2908 3070 prtescribit,
2939 3000 3128 3053 fallere
3155 2999 3380 3068 quidem
3405 3004 3460 3052 et
3480 2997 3630 3052 deci-

2025 3107 2159 3161 pere
2182 3105 2412 3148 caateros
2445 3094 2671 3148 molitus
2709 3109 2831 3148 esse
2868 3091 3340 3162 deprehendatur,
3377 3088 3625 3144 nondum

312 3183 547 3256 ὄλεθρον
576 3186 702 3248 τοὺς
729 3186 1141 3257 ἀκροωμένους,
1172 3188 1421 3242 ἀποτίσει
1453 3188 1637 3242 διπλᾶ.
1685 3188 1918 3261 Ἀναλή-

2031 3193 2213 3240 tamen
2243 3184 2444 3240 vicisse
2472 3195 2567 3240 aut
2593 3185 2660 3240 ad
2687 3185 2989 3256 perniciem
3014 3185 3296 3239 auditores
3332 3181 3626 3253 perduxis-

310 3274 486 3344 ψεται
522 3274 633 3348 γὰρ
659 3276 722 3329 τὸ
755 3278 954 3330 οἰκεῖον
977 3278 1004 3329 ὁ
1053 3279 1151 3349 τῆς
1181 3279 1386 3350 ἀγέλης
1414 3279 1705 3349 δεσπότης,
1747 3297 1919 3352 προσ-

312 3367 747 3439 εξαιτηθήσεται
775 3368 831 3422 δὲ
862 3371 956 3422 καὶ
972 3370 1164 3439 λόγους
1196 3373 1224 3424 ὁ
1251 3370 1592 3442 βωμολόχος·
1624 3371 1784 3425 τοῦτο
1812 3373 1921 3445 γὰρ

311 3460 387 3514 ἂν
444 3461 532 3533 εἴη
573 3460 636 3514 τὸ
682 3461 741 3514 ἐν
785 3461 990 3532 διπλῷ·
1025 3463 1120 3516 καὶ
1155 3461 1359 3533 ζημίαν
1393 3464 1658 3532 ὑπομενεῖ
1689 3464 1788 3535 τὴν
1841 3467 1922 3528 είς

314 3553 579 3608 θάνατον.
616 3555 682 3608 Ὃ
711 3555 822 3625 γάρ
869 3555 1106 3627 ἠθέλησε
1160 3556 1294 3628 δρᾷν
1346 3558 1427 3621 εἰς
1476 3557 1720 3629 ἐτέρους,
1756 3559 1920 3614 πάθοι

314 3647 386 3702 ἂν
411 3647 578 3705 αὐτὸς
601 3647 694 3701 καὶ
734 3647 880 3719 μάλα
909 3647 1158 3713 εἰκότως.

397 3740 608 3794 [ῙΔΛΛ.
665 3739 752 3805 Ὠς
779 3739 1020 3812 ὀλέθριόν
1047 3759 1104 3794 τε
1133 3740 1228 3795 καὶ
1259 3743 1541 3797 πάνδεινον
1571 3743 1786 3814 ἀληθῶς
1813 3743 1922 3798 τῶν

315 3832 579 3901 φενάκων
624 3832 686 3886 τὸ
731 3833 940 3904 χρῆμα,
983 3833 1114 3905 περὶ
1139 3826 1212 3887 ὧν
1242 3831 1398 3904 οἶμαί
1444 3853 1546 3889 που
1595 3835 1690 3888 καὶ
1756 3835 1922 3890 αὑτὸν

316 3919 738 3991 προαγορεῦσαι
772 3921 1037 3992 Χριστόνσ
1078 3941 1096 3974 ι
1143 3923 1448 3994 Προσέχετε
1480 3925 1590 3978 ἀπὸ
1625 3925 1736 3978 τῶν
1766 3928 1925 4000 ἐρχοω

319 4014 510 4086 μένων
545 4015 682 4086 πρὸς
709 4016 854 4086 ὑμᾶς
894 4017 950 4069 ἐν
982 4014 1244 4086 ἐνδύμασι
1279 4017 1590 4087 προϐάτων,
1623 4018 1826 4074 ἔσωθεν
1865 4021 1922 4073 δέ

317 4109 434 4159 είσι
464 4106 619 4160 λύκοι
647 4107 916 4180 ἅρπαγες.
959 4126 978 4158 ι

394 4197 562 4252 ΚΥΡ.
617 4197 825 4268 Ὀρθῶς
871 4192 962 4251 οὗν
999 4199 1028 4252 ὁ
1056 4197 1220 4269 νόμος
1248 4197 1324 4261 ὡς
1359 4198 1542 4270 θηρῶν
1589 4201 1818 4272 ἀγρίων,
1861 4202 1923 4256 τὸ

317 4287 648 4342 ἐκτεθνάναι
682 4287 794 4341 δεῖν
839 4288 1039 4352 παντὸς
1073 4285 1280 4340 τοιοῦδε
1324 4288 1786 4359 καταψηφίζεται.
1821 4292 1921 4344 Γέο

317 4393 573 4448 γραπται
600 4376 708 4448 γὰρ
748 4377 805 4430 ἐν
839 4376 938 4447 μὲν
992 4379 1059 4448 τῇ
1124 4375 1350 4447 Ἐξόδῳ·
1397 4396 1416 4427 ι
1468 4378 1595 4431 Ἐὰν
1635 4379 1811 4452 κλέψῃ
1839 4381 1922 4445 τίς

316 4485 450 4524 τινα
475 4467 586 4522 τῶν
621 4468 755 4522 υἱῶν
800 4468 1036 4541 Ἰσραὴλ,
1068 4468 1163 4522 καὶ
1201 4467 1714 4534 καταδυναστεύσας
1757 4471 1924 4526 αὑτὸν

2025 3293 2104 3342 se,
2149 3273 2378 3347 duplum
2422 3279 2700 3348 persolvet
2729 3297 2740 3332 :
2774 3294 2903 3332 nam
2967 3277 3225 3332 dominus
3254 3276 3434 3347 gregis
3463 3292 3624 3332 suum

2023 3369 2276 3439 recipiet,
2313 3377 2371 3424 et
2423 3369 2518 3424 ille
2559 3385 2784 3440 quoque
2826 3369 3118 3423 insidiator
3155 3383 3348 3438 poenas
3388 3367 3504 3424 luet
3549 3367 3625 3439 (id

2022 3461 2172 3514 enim
2191 3470 2276 3515 cst
2298 3460 2575 3531 duplum),
2603 3475 2666 3515 ac
2691 3460 2885 3514 mortis
2912 3475 3071 3529 pcena
3098 3458 3444 3513 multabitur.
3469 3455 3626 3524 Quod

2023 3552 2173 3606 enim
2206 3552 2329 3608 aliis
2368 3552 2553 3608 facere
2593 3553 2797 3618 voluit,
2839 3553 2894 3607 id
2930 3553 3046 3622 ipse
3090 3552 3215 3622 jure
3261 3551 3472 3622 Optimo
3526 3566 3626 3622 pa-

2024 3646 2219 3700 tietur.
2256 3708 2260 3711 _

2035 3797 2048 3806 ,
2095 3739 2294 3794 PALL.
2344 3741 2728 3796 Perniciosum
2755 3755 2887 3795 sane
2930 3755 2994 3795 ac
3043 3754 3206 3810 grave
3228 3745 3313 3792 est
3359 3737 3627 3806 decepto-

2025 3850 2149 3888 rum
2175 3835 2410 3900 crimen,
2468 3835 2537 3889 de
2586 3835 2790 3904 quibus
2834 3834 3014 3903 ipsum
3075 3847 3298 3901 quoque
3341 3829 3624 3884 Christum

2023 3927 2348 3996 praedixisse
2387 3935 2558 3996 puto:
2595 3948 2611 3978 ι
2644 3925 2930 3980 Attenditc
2957 3925 3026 3978 ab
3051 3924 3118 3978 iis
3152 3924 3244 3993 qui
3281 3922 3518 3977 veniunt
3553 3921 3622 3976 ad

2023 4033 2122 4072 vos
2152 4018 2206 4071 in
2231 4018 2583 4073 vestimentis
2640 4017 2862 4081 ovium,
2904 4015 3244 4069 intrinsecus
3273 4020 3458 4068 autem
3493 4019 3625 4067 sunt

2024 4111 2140 4181 lupi
2166 4127 2397 4180 rapaces
2421 4111 2485 4164 ⁸⁸.
2511 4129 2530 4160 ι

2096 4200 2256 4255 CYR.
2280 4201 2451 4254 Recte
2477 4201 2646 4270 igitur
2667 4200 2756 4253 lex
2769 4196 3168 4268 delmjusmodi
3192 4195 3473 4261 omnibus,
3496 4202 3624 4250 tan-

2026 4307 2192 4360 quam
2216 4289 2285 4344 de
2319 4289 2451 4344 feris
2475 4289 2698 4354 belluis,
2756 4297 3068 4343 extremum
3105 4286 3446 4357 supplicium
3490 4301 3620 4340 san-

2024 4385 2123 4438 xit.
2153 4383 2436 4454 Scriptum
2461 4391 2549 4438 est
2581 4383 2732 4437 enim
2759 4382 2814 4436 in
2839 4380 3029 4436 Exodo
3057 4379 3280 4450 quidem
3305 4397 3318 4434 :
3360 4398 3378 4431 ι
3410 4378 3466 4434 Si
3496 4378 3622 4448 quis

2026 4479 2245 4533 furatus
2272 4477 2443 4533 fuerit
2466 4477 2704 4547 aliquem
2729 4475 2798 4532 de
2840 4473 2968 4530 ﬁliis
3017 4474 3210 4539 Israel,
3235 4481 3292 4529 et
3325 4473 3379 4529 vi
3428 4473 3620 4544 oppri-

317 4560 626 4625 ἀποδῶται,
661 4563 757 4615 καὶ
781 4560 978 4633 εὑρεθῇ
1011 4563 1068 4614 ἐν
1104 4559 1275 4631 αὐτῷ,
1313 4560 1528 4632 θανάτῳ
1553 4560 1912 4617 τελευτάτω.»

2027 4587 2184 4627 mens
2225 4585 2354 4626 eum
2396 4570 2746 4634 vendiderit,
2771 4575 2828 4624 et
2869 4568 3134 4623 inventus
3175 4567 3345 4622 fuerit
3390 4567 3445 4620 in
3478 4565 3620 4636 ipso,

329 4652 425 4709 Ἐν
482 4652 561 4706 δέ’
591 4669 655 4723 γε
711 4653 789 4724 τῷ
839 4652 1274 4724 Δευτερονομίῳέ
1322 4671 1340 4703 ι
1405 4653 1530 4706 Ἐὰν
1574 4653 1632 4708 δὲ
1675 4654 1790 4725 ἁλῷ
1828 4655 1923 4710 ἀν-

317 4747 546 4820 θρωπος
588 4746 837 4800 κλέπτων
867 4745 1047 4819 ψυχὴν
1077 4748 1142 4800 ἐκ
1170 4746 1278 4800 τῶν
1309 4746 1555 4816 ἀδελφῶν
1589 4748 1778 4814 αὐτοῦ,
1813 4749 1922 4802 τῶν

314 4841 459 4896 υἱῶν
505 4839 744 4913 Ἰσραὴλ,
770 4840 866 4894 καὶ
889 4839 1401 4904 καταδυναστεύσας
1432 4840 1594 4895 αὐτὸν
1621 4839 1920 4908 ἀποδῶται,

314 4931 680 4987 ἀποθανεῖται
713 4932 742 4985 ὁ
789 4930 1031 5001 κλέπτης
1067 4931 1295 4995 ἐκεῖνος.
1334 4951 1354 4986 ι
1393 4933 1468 4986 Οὐ
1509 4933 1618 5004 γάρ
1650 4950 1732 4987 τοι
1763 4934 1922 5005 θέμις

312 5023 380 5077 τὸ
410 5021 558 5094 ἱερὸν
585 5023 643 5074 ἐν
678 5021 902 5094 Χριστῷ
933 5021 1340 5094 καταδῃοῦσθαι
1363 5022 1538 5092 γένος,
1563 5025 1660 5078 καὶ⁹
1691 5025 1771 5088 εἰς
1800 5025 1922 5080 δου-

313 5117 474 5171 λείαν
499 5116 600 5170 οὐκ
634 5117 858 5188 ἐντριὸἦ
897 5116 1366 5188 κατακομίζεσθαι
1409 5135 1500 5172 ποι
1530 5119 1684 5189 παρά
1716 5135 1781 5188 γε
1807 5119 1918 5174 τῶν

311 5205 484 5262 τοῦτο
527 5207 663 5281 δρᾷν
706 5208 1012 5264 εἰωθότωνο
1069 5209 1260 5280 ῶσπερ
1317 5209 1426 5282 γὰρ
1469 5212 1519 5264 οῖ
1552 5211 1622 5265 τά
1655 5213 1920 5284 μειράκια

315 5297 732 5368 φενακίζοντες,
773 5300 982 5365 πόλεώς
1022 5299 1086 5354 τε
1115 5303 1210 5357 καὶ
1246 5302 1435 5358 οἰκιῶν
1464 5305 1915 5375 ἀπονοσφίζουσι,

314 5391 416 5444 καὶ
463 5390 800 5462 αὐχημάτων
848 5392 988 5447 αὐτὰ
1014 5393 1124 5447 τῶν
1167 5394 1471 5468 ἐλευθέρων
1512 5397 1914 5468 ἐκπέμποντες,

313 5484 435 5545 τοῖς
463 5483 563 5554 τῆς
596 5484 902 5554 ἀναγκαίας
934 5484 1178 5551 δουλείας
1216 5487 1551 5560 ὑποφέρουσι
1588 5488 1795 5559 ζυγοῖς·
1828 5490 1918 5545 τὸν

316 5573 506 5638 αὐτὸν,
523 5574 701 5647 οἶμαι,
728 5577 953 5648 τρόπον,
983 5579 1034 5631 οἱ
1050 5580 1173 5643 τοὺς
1199 5578 1335 5650 ὀρθά
1353 5584 1573 5652 φρονεῖν
1599 5583 1912 5654 ἑλομένους,

317 5664 417 5718 καὶ
445 5664 535 5719 τὸν
565 5667 874 5739 ἐλευθέροις
905 5669 1185 5740 πρέποντα
1211 5670 1317 5740 βίον
1348 5673 1785 5744 ἐπιτηδεύοντας,
1818 5678 1911 5730 ἐπὶ

2029 4674 2207 4722 morte
2242 4665 2516 4720 moriatur
2544 4665 2611 4718 θ’.
2637 4683 2654 4716 ι
2707 4663 2770 4718 In
2824 4661 3260 4718 Deuteronomio
3301 4674 3474 4715 vero:
3511 4679 3528 4710 ι
3559 4657 3619 4713 Si

2028 4767 2215 4814 autem
2260 4757 2645 4828 deprehensus
2668 4755 2844 4811 fuerit.
2869 4755 3039 4810 homo
3061 4753 3237 4808 furari
3271 4751 3510 4808 animam
3553 4765 3621 4805 ex

2025 4845 2291 4902 fratribus
2315 4848 2452 4912 suis,
2483 4847 2613 4902 ﬁliis
2636 4847 2831 4910 Israel,
2856 4854 2913 4900 et
2945 4845 2997 4899 vi
3044 4831 3387 4915 opprimens,
3437 4840 3618 4910 ipsum

2027 4940 2363 5006 vendiderit,
2411 4941 2686 4995 morietur
2713 4939 2803 4995 fur
2827 4939 2921 4994 ille
2945 4937 3011 4992 ⁸⁸.
3047 4957 3064 4988 ι
3094 4936 3214 4991 Νοη
3239 4934 3387 5000 enim
3414 4931 3496 4986 fas
3531 4937 3618 4984 est.

2027 5031 2166 5087 illud
2212 5048 2434 5087 sacrum
2483 5033 2540 5087 in
2583 5031 2810 5088 Christo
2855 5044 3030 5103 genus
3057 5026 3257 5099 praedae
3305 5023 3614 5094 expositum

2023 5125 2243 5190 esse,'et
2265 5124 2334 5180 ad
2360 5125 2686 5180 servitutem
2712 5124 2989 5178 insuetam
3017 5121 3086 5177 ab
3112 5120 3182 5174 iis
3220 5117 3426 5188 quibus
3445 5113 3500 5169 id
3529 5111 3614 5166 fa—

2024 5233 2152 5273 cere
2175 5217 2351 5272 moris
2376 5226 2484 5282 est,
2509 5217 2784 5288 pertrahi.
2811 5216 2883 5271 Ut
2916 5213 3068 5270 enim
3093 5212 3189 5283 qui
3240 5223 3444 5282 pueros
3466 5205 3615 5260 deci-

2024 5309 2208 5380 piunt,
2238 5325 2336 5366 eos
2359 5326 2391 5366 a
2415 5310 2643 5366 civitate
2669 5316 2726 5364 et
2775 5307 3036 5363 domibus
3073 5305 3190 5361 suis
3233 5302 3535 5363 abducunt,
3559 5305 3616 5352 ct

2025 5405 2372 5460 ornamentis
2393 5404 2673 5460 libertatis
2713 5402 3071 5472 exspoliatos,
3099 5407 3305 5466 coactae
3327 5391 3615 5450 servitutis

2021 5497 2155 5567 jugo
2182 5497 2510 5568 subjiciunt,
2540 5495 2760 5559 eodem,
2786 5502 2850 5548 ut
2874 5495 3098 5563 opinor,
3127 5490 3317 5552 modo,
3343 5486 3436 5556 qui
3467 5483 3610 5538 mul-

2024 5589 2308 5659 tiplicibus
2331 5596 2772 5644 commentorum
2797 5599 3026 5639 suorum
3056 5578 3478 5650 deceptionibus
3517 5589 3615 5626 eos

2021 5683 2115 5750 qui
2143 5690 2296 5737 recte
2324 5680 2598 5743 sentiunt,
2645 5687 2702 5731 et
2731 5677 2858 5731 vita:
2905 5689 3078 5744 genus
3117 5670 3377 5725 excolunt
3419 5664 3610 5719 liberis

433 5855 858 5928 “Ephes.v,8.
935 5855 1257 5925 “ITim.t,
1295 5859 1381 5917 l5.
1445 5857 1685 5927 “Isau,
1739 5861 1780 5914 1.
1835 5859 1920 5914 “I

2024 5859 2095 5914 Ih.
2129 5875 2215 5913 γη.
2255 5859 2336 5912 15.
2409 5859 2449 5889 ετ
2481 5855 2651 5912 Exod.
2678 5873 2786 5920 xxI,
2827 5855 2913 5910 l6.
2967 5855 3009 5886 “'
3039 5856 3194 5910 Deut.
3228 5850 3440 5915 xxtv,7.
