4104 6432
521 353 626 411 5'59

1543 352 1600 408 S.
1642 352 1919 410 CYRILLI
1957 354 2431 416 ALEXANDRIM
2469 359 2787 415 ARCHIEP.

3691 362 3800 420 540

523 464 844 520 hominibus
870 463 1119 537 dignum,
1148 465 1216 521 ad
1242 481 1397 521 suam
1440 466 1829 523 stultissimam
1874 478 2083 525 sentcn-

2210 473 2272 527 τὸ
2328 474 2511 544 σφίσιν
2550 475 2735 538 αὐτοῖς
2781 472 3117 544 ἀνοητότατα
3168 470 3383 540 δοκοῦν,
3434 474 3799 543 πολυπλόκοις

522 557 657 612 tiam
678 555 979 621 adducunt,
1004 556 1073 612 de
1115 556 1266 612 furto
1288 573 1354 613 ac
1413 559 1706 616 latrocinio
1739 561 2107 620 humanarum

520 648 829 704 animarum
853 650 933 704 rei
957 650 1158 705 merito
1186 650 1341 716 fient,
1370 667 1674 725 poenasque
1701 664 1950 711 extremo
1973 672 2105 728 sup-

520 737 690 806 plicio
716 738 896 794 luent.
952 739 1285 810 Hujusmodi
1334 742 1659 799 hominibus
1706 761 1887 816 neque
1946 746 2083 802 (AW

2208 748 2366 818 ποινὴ
2392 749 2447 802 δὲ
2475 750 2657 813 αὐτοῖς
2676 752 2706 803 6
2726 748 2971 812 θάνατος.
2999 748 3122 811 Τοῖς
3145 748 3425 815 τοιούτοις,
3455 748 3589 820 μηδὲ
3611 767 3630 800 ι
3660 749 3797 805 Χαί-
3890 764 3897 773 ·

522 826 776 882 dixeritis
803 829 870 894 “,
905 848 922 881 ι
974 829 1158 900 inquit
1205 831 1507 887 Salvatoris
1539 834 1716 888 nostri
1760 834 2101 905 discipulus:

520 932 632 973 non
656 918 804 987 quod
829 918 1148 975 inhumanis
1174 935 1276 975 nos
1299 937 1423 977 esse
1455 923 1708 978 moribus
1760 924 1977 992 doceat,
2004 928 2103 983 sed

519 1009 669 1079 quod
690 1011 757 1066 ad
781 1015 1116 1070 commercia
1166 1030 1293 1070 cum
1346 1016 1477 1092 lupo
1521 1017 1784 1085 ineunda,
1812 1020 2001 1090 inepta
2025 1022 2101 1077 sit

517 1102 661 1168 ovis,
712 1111 769 1160 et
820 1104 968 1160 inter
998 1122 1116 1172 eos,
1169 1108 1264 1178 qui
1303 1109 1757 1166 animi'sensibus
1814 1110 2098 1179 differunt,

514 1197 670 1252 nulla
692 1199 988 1252 conventio
1011 1214 1133 1254 esse
1164 1200 1339 1269 possit
1365 1218 1377 1254 :
1417 1220 1434 1251 ι
1461 1200 1592 1267 Quae
1622 1203 1770 1257 enim
1797 1219 1925 1273 pars
1950 1204 2098 1260 ﬁdeli

512 1301 641 1340 cum
665 1285 874 1341 infideli
889 1288 970 1340 7°?
988 1307 1007 1339 ι
1035 1288 1313 1344 Praeterea
1335 1306 1460 1345 cum
1484 1290 1914 1349 fornicatoribus
1936 1295 2100 1366 hujus

512 1375 707 1429 mundi
730 1391 842 1430 non
866 1378 1215 1433 commisceri
1236 1380 1638 1437 scribitbeatus
1660 1383 1886 1440 Paulus.
1934 1385 2100 1456 256

509 1465 592 1521 Ne
616 1467 711 1537 qui
756 1469 928 1538 igitur
956 1478 1217 1540 tanquam
1248 1487 1279 1527 e
1315 1474 1512 1543 patriis
1550 1474 1694 1530 focis
1734 1489 1801 1531 ex
1844 1476 2096 1534 Ecclesia

511 1558 610 1613 Dei
651 1560 961 1629 rapiantur,
996 1571 1053 1617 et
1100 1563 1160 1617 in
1206 1565 1469 1621 ecclesias
1501 1567 1919 1638 malignantium
1942 1570 2095 1626 defe-

512 1659 727 1716 rantur,
761 1651 892 1708 dum
924 1653 994 1707 ad
1034 1654 1266 1711 vitiosos
1309 1673 1491 1713 mores
1537 1659 1892 1716 divertendos
1931 1677 2094 1717 suum

511 1741 757 1797 animum
770 1744 1179 1815 quodammodo
1201 1748 1476 1805 vendunt:
1509 1770 1527 1803 ι
1548 1750 1923 1824 Corrumpunt
1943 1756 2092 1811 enim

512 1843 697 1886 mores
743 1832 920 1889 bonos
968 1835 1243 1907 colloquia
1290 1839 1433 1894 mala
1462 1841 1536 1893 τίς
1574 1859 1590 1891 ι
1624 1843 1821 1899 mortis
1872 1861 2093 1915 poenam
2124 1819 2169 1880 Β

510 1919 601 1975 lex
622 1924 909 1981 constituit
932 1926 993 1981 in
1011 1943 1108 1983 eos
1134 1929 1232 1999 qui
1277 1929 1338 1985 id
1357 1929 1546 1988 facere
1572 1934 1782 1991 nefarie
1806 1938 1927 1992 ausi
1968 1939 2092 1995 fue-

510 2012 644 2071 rint.
674 2015 856 2072 Facile
883 2026 1068 2074 autem
1089 2020 1279 2077 videas
1306 2023 1413 2079 hoc
1429 2025 1619 2095 ipsum
1637 2034 1647 2045 ⁵
1665 2028 1887 2098 oblique
1930 2031 2092 2086 nobis

510 2104 620 2160 alio
646 2122 867 2178 quoque
893 2126 1162 2181 responso
1181 2114 1361 2185 legem
1392 2132 1587 2174 rursus
1631 2120 1913 2177 indicare:
1962 2139 2090 2200 nam

508 2199 781 2267 apertiore
802 2204 1040 2272 quadam
1083 2206 1468 2280 intelligentia,
1499 2221 1557 2267 et
1584 2227 1706 2283 quae
1731 2229 1763 2268 a
1798 2199 2091 2285 quibusvis

508 2286 666 2345 facile
689 2294 899 2365 percipi
923 2298 1121 2366 possit,
1149 2315 1240 2356 res
1281 2302 1552 2361 humanas
1594 2308 1899 2376 componit,
1924 2317 1981 2364 et
2020 2310 2091 2365 ad

506 2390 721 2438 rectum
748 2393 953 2441 statum
998 2401 1251 2448 revocat:
1279 2408 1461 2464 neque
1503 2396 1654 2451 enim
1698 2397 1988 2455 historiam
2031 2403 2090 2457 in

505 2474 575 2529 iis
597 2484 750 2532 certe
799 2493 922 2549 qua:
946 2483 1188 2538 maximo
1210 2487 1339 2540 usui
1362 2495 1512 2554 sunt,
1537 2497 1804 2560 tanquam
1826 2492 2090 2564 frigidam

503 2580 568 2620 ac
594 2576 838 2625 veterem
875 2572 1134 2630 tollemus
1164 2593 1178 2629 ε
1206 2578 1360 2634 utilis
1384 2588 1471 2635 est
1495 2582 1648 2637 enim
1689 2599 2090 2658 nonnunquam

502 2659 853 2717 auditoribus
872 2663 990 2734 ipsa
1012 2682 1237 2739 quoque
1285 2670 1495 2739 littera,
1522 2674 1619 2730 sed
1646 2690 1711 2731 ea
1754 2684 1939 2735 tamen
1964 2688 2087 2737 tan-

504 2763 671 2817 quam
696 2751 756 2806 in
792 2754 1068 2823 profundo
1087 2760 1335 2816 continet
1380 2778 1471 2819 res
1512 2766 1848 2835 spirituales,
1872 2777 1929 2825 et
1951 2772 2086 2828 sub-

504 2835 750 2894 tiliorum
774 2857 1038 2899 sensuum
1062 2847 1173 2902 vim
1212 2856 1471 2921 tanquam
1501 2854 1558 2908 in
1583 2857 1845 2921 tenuibus
1875 2862 2087 2919 umbris

500 2930 907 3000 complectitur.
934 2936 1082 2992 Dixit
1103 2938 1271 3010 igitur
1296 2942 1352 2997 in
1376 2943 1565 3001 Exodo
1588 2964 1817 3007 rursus:
1851 2953 1939 3009 «Si
1961 2958 2086 3026 quis

500 3035 635 3076 vero
661 3022 943 3097 deceperit
963 3029 1236 3102 virginem
1279 3047 1391 3090 non
1437 3037 1848 3109 desponsatam,
1873 3052 1931 3100 et
1953 3022 2086 3102 dor-

499 3110 820 3169 mieritcum
841 3129 926 3183 ea,
952 3118 1078 3175 dote
1099 3121 1449 3181 dotahiteam
1462 3127 1569 3184 sibi
1589 3129 1643 3184 in
1659 3147 1886 3188 uxorem
1908 3138 2082 3206 :quod

497 3200 543 3256 si
569 3217 810 3260 renuens
849 3216 1068 3275 renuat,
1094 3217 1152 3265 et
1194 3212 1335 3268 nolit
1373 3224 1533 3285 pater
1577 3218 1728 3275 illius
1778 3222 1911 3279 dare
1933 3200 2082 3281 illam

495 3293 603 3349 sibi
636 3313 888 3366 uxorem,
939 3314 1227 3373 argentum
1275 3308 1458 3363 solvet
1508 3312 1654 3380 patri
1699 3313 1857 3384 juxta
1896 3316 2084 3374 dotem

494 3387 779 3458 virginum
803 3392 872 3447 ⁷³.
904 3412 925 3446 ι
980 3394 1096 3451 Hoc
1118 3397 1216 3453 Dei
1242 3409 1582 3471 praeceptum
1606 3403 1845 3463 dilatans
1886 3408 2083 3467 beatus

493 3476 710 3551 Moyses
752 3482 811 3539 in
851 3484 1319 3557 Deuteronomio,
1368 3492 1582 3564 inquit:
1615 3515 1634 3548 ι
1665 3495 1723 3552 Si
1758 3508 1944 3555 autem
1995 3502 2082 3558 in-

492 3578 696 3628 ventus
718 3573 884 3630 fuerit
904 3577 1071 3634 homo
1093 3580 1378 3647 dormiens
1411 3601 1539 3641 cum
1572 3586 1778 3645 femina
1811 3592 2077 3650 collocata

491 3659 634 3729 viro,
670 3666 938 3723 occidetis
962 3671 1175 3739 ambos,
1208 3675 1391 3731 virum
1432 3678 1799 3739 dormientem
1843 3701 1969 3741 cum
1992 3688 2075 3743 fe-

490 3750 660 3819 mina,
689 3764 746 3810 et
778 3758 1065 3835 mulierem
1091 3763 1303 3833 ipsam:
1330 3776 1387 3823 et
1419 3771 1639 3829 auferes
1682 3777 1886 3834 malum
1917 3780 1987 3836 de
2009 3782 2076 3836 fi-

491 3839 581 3896 liis
602 3842 788 3901 Israel.
817 3846 874 3903 Si
897 3859 1081 3907 autem
1117 3854 1287 3911 fuerit
1328 3862 1510 3929 puella
1554 3865 1708 3937 virgo
1745 3867 2076 3940 desponsata

489 3934 635 4001 viro,
664 3945 723 3993 et
750 3939 1042 4001 inveniens
1065 3961 1187 4002 eam
1215 3948 1383 4008 homo
1408 3953 1465 4010 in
1504 3934 1746 4026 civitate,
1781 3962 2075 4021 dormierit

488 4041 615 4080 cum
651 4028 799 4098 ipsa:
825 4032 1077 4093 educetis
1106 4041 1298 4098 ambos
1323 4044 1391 4100 ad
1414 4055 1629 4117 portam
1658 4053 1899 4111 civitatis
1920 4056 2073 4127 ipso-

418 4192 431 4210 δ
488 4133 636 4186 rum,
659 4130 719 4177 et
740 4123 1020 4195 lapidibus
1042 4130 1372 4203 obruentur,
1399 4147 1457 4194 et
1493 4144 1843 4213 morientur;
1880 4123 2071 4203 adole-

486 4214 816 4304 scentulam,
861 4220 993 4289 quia
1032 4238 1146 4280 non
1184 4225 1444 4288 clamavit
1476 4232 1533 4287 in
1564 4236 1823 4304 civitate;
1859 4248 1919 4295 et
1961 4241 2068 4296 ho-

485 4302 714 4372 minem,
765 4309 896 4378 quia
930 4310 1245 4376 bumiliavit
1288 4336 1520 4377 uxorem
1565 4327 1801 4394 proximi
1846 4331 1961 4385 sui:
2013 4341 2072 4388 et

482 4394 745 4493 auferetis
767 4401 1212 4466 malumavobis
1238 4411 1393 4482 ipsis.
1442 4412 1540 4469 Sin
1590 4425 1778 4473 autem
1828 4421 1886 4476 in
1936 4438 2069 4493 agro

2210 566 2426 620 ἐννοιῶν
2476 567 2713 649 ἀπάταις
2755 564 3206 636 ἁποκομίζοντες,
3264 565 3520 637 λῃστείας
3568 569 3800 636 εἰκότως

2207 657 2307 727 τῆς
2340 658 2433 710 ἐπὶ
2459 656 2658 728 ψυχαῖς
2691 655 3014 727 ἀνθρώπων,
3056 655 3390 726 ὑπομενοῦσι
3419 655 3519 727 τήν
3547 659 3791 729 γραφήψ

2208 856 2324 913 ρειν
2353 840 2561 909 λέγετε,
2603 859 2623 893 ι
2661 840 2795 911 φησὶ
2825 839 2919 892 τοῦ
2949 838 3201 910 Σωτῆρος
3226 839 3254 890 ὁ
3282 838 3550 910 μαθητὴς,
3584 839 3685 892 οὐκ
3712 842 3795 904 είς

2203 933 2420 1005 τρόπων
2467 934 2615 1004 ἡμᾶς
2664 934 2967 1005 ἀγριότητα
3016 931 3406 1002 παιδαγωγῶν,
3439 931 3554 985 ἀλλ’
3586 933 3667 985 ὅτι
3712 932 3795 1004 τῷ

2201 1024 2352 1096 λύκῳ
2398 1026 2460 1080 τὸ
2512 1024 2785 1097 πρόϐατον
2841 1026 2923 1089 είς
2975 1024 3243 1089 διαθέσεις
3289 1024 3390 1078 οὐκ
3448 1025 3788 1096 ἐπιτήδειον⁸

2202 1115 2494 1186 ἀσύμδατα
2541 1116 2599 1169 δὲ
2647 1115 2837 1187 ὥσπερ
2880 1114 3154 1186 ἀλλήλοιν,
3201 1113 3271 1168 τὰ
3331 1114 3792 1186 ἑτερογνωμονεῖν

2200 1205 2445 1260 εἰωθότα·
2486 1226 2505 1258 ι
2546 1205 2643 1270 Τίς
2688 1205 2799 1275 γὰρ
2857 1205 3015 1277 μερὶς
3050 1204 3228 1276 πιστῷ
3265 1203 3403 1275 μετὰ
3448 1203 3721 1271 ἀπίστους
3758 1222 3782 1261 ι

2199 1298 2309 1350 Καὶ
2356 1297 2491 1369 πρός
2540 1314 2604 1366 γε
2637 1296 2700 1369 δὴ
2739 1297 2970 1363 τούτοις,
3018 1300 3131 1362 τοῖς
3177 1297 3401 1368 πόρνοις
3444 1296 3539 1350 τοῦ
3593 1297 3788 1364 αἰῶνος

2196 1385 2387 1439 τούτου
2414 1388 2488 1459 μὴ
2528 1387 3032 1442 συναναπλέκεσθαι
3057 1388 3188 1452 δεῖν,
3214 1390 3242 1442 6
3267 1388 3553 1453 θεσπέσιος
3574 1389 3789 1455 Παῦλος

2196 1478 2423 1549 γράφει.
2467 1478 2583 1533 Ἵνα
2605 1479 2787 1534 τοίνυν
2817 1480 2893 1552 μὴ
2932 1479 3187 1552 καθάπερ
3212 1481 3278 1534 ἐκ
3311 1479 3574 1553 πατρῴας
3594 1480 3787 1547 ἑστίας

2195 1570 2295 1640 τῆς
2336 1569 2660 1643 Ἐκκλησίας
2706 1570 2803 1625 τοῦ
2834 1570 2969 1625 Θεοῦ
3013 1571 3450 1644 καθαρπάζοιντό
3498 1590 3661 1640 τινες,
3688 1575 3787 1628 καὶ

2194 1664 2276 1726 εἰς
2324 1662 2619 1734 ἐκκλησίας
2665 1662 3026 1735 ἀποφέροιντο
3058 1664 3529 1736 πονηρευομένων,
3555 1668 3675 1729 ταῖς
3700 1668 3785 1732 είς

2194 1754 2508 1826 φαυλότητα
2544 1758 2927 1828 παρατροπαῖς
2965 1756 3056 1810 τὸν
3089 1757 3290 1811 οἰκεῖον
3316 1754 3507 1829 ὥσπερ
3541 1775 3783 1812 καταπι-

2200 1847 2538 1919 πράσκοντες
2576 1846 2724 1912 νοῦν,
2760 1867 2780 1901 ι
2813 1847 3100 1919 Φθείρουσι
3145 1847 3255 1919 γὰρ
3279 1847 3382 1919 ήθη
3416 1848 3629 1920 χρηστὰ
3651 1851 3781 1921 ὁμι-

2198 1939 2306 1993 λίαι
2336 1940 2525 2004 κακαὶ,
2563 1957 2582 1990 ι
2626 1938 2851 1993 θάνατον
2880 1938 3052 2010 ὁρίζει
3090 1939 3189 2011 τήν
3226 1939 3380 2010 δίκην
3408 1943 3437 1994 6
3475 1940 3640 2011 νόμος
3665 1944 3783 2006 τοῖς

2196 2031 2353 2085 τοῦτο
2400 2032 2532 2104 δρᾷν
2575 2030 2915 2086 ἀνοσιώτατα
2959 2031 3483 2102 προτεθυμημένοις.
3532 2033 3691 2098 Ἴδοις
3733 2034 3777 2088 δ’

2196 2121 2263 2178 ἂν
2286 2123 2418 2178 αὐτὸ
2439 2122 2685 2192 πλαγίως
2710 2125 2840 2194 ἡμῖν
2875 2123 3239 2192 ὑποφαίνοντα
3274 2123 3437 2178 πάλιν
3462 2123 3648 2195 νόμον,
3680 2124 3780 2180 καὶ

2196 2217 2263 2270 δι’
2295 2217 2482 2289 ἐτέρου
2534 2218 3034 2289 χρησμῳδήματος.
3078 2216 3492 2289 Καταρυθμίζει
3535 2218 3644 2290 γὰρ
3685 2219 3781 2274 ἐπὶ

2167 2310 2258 2364 -τὸ
2284 2310 2407 2381 ἔχον
2453 2309 2630 2382 ὀρθῶς
2674 2310 2742 2364 τὰ
2771 2312 2830 2364 ὲν
2858 2310 3049 2382 κόσμῳ
3082 2310 3404 2382 πράγματα,
3434 2309 3525 2365 διὰ
3549 2311 3653 2382 τῆς
3680 2313 3780 2383 ὲμ-

2196 2402 2534 2473 φανεστέρας
2560 2403 2656 2456 καὶ
2684 2401 2906 2474 ἑτοίμης
2939 2403 3080 2456 ἑλεῖν
3105 2404 3217 2464 τοῖς
3238 2401 3485 2456 ἐθέλουσι
3517 2403 3777 2474 θεωρίας.

2195 2495 2269 2548 Οὐ
2299 2494 2407 2564 γάρ
2426 2511 2511 2547 τοι
2531 2492 2629 2566 τὴν
2651 2494 2889 2564 ἱστορίαν
2914 2492 2970 2547 ἐν
2991 2511 3055 2563 γε
3079 2496 3194 2557 τοῖς
3214 2495 3295 2548 ὅτι
3324 2493 3558 2566 μάλιστα
3582 2494 3778 2566 χρησί-

2196 2602 2319 2656 μοις
2345 2585 2421 2648 ὠς
2446 2585 2611 2639 ἕωλον
2656 2587 3043 2658 ἀναιρήσομεν.
3103 2586 3318 2656 Ὀνήσει
3368 2586 3479 2657 γὰρ
3525 2586 3641 2640 ἔσθ’
3684 2586 3775 2641 ὅτε

2194 2679 2288 2731 καὶ
2341 2676 2473 2731 αὐτὸ
2504 2678 2576 2734 ,τὸ
2618 2679 2854 2750 γράμμα
2896 2679 3026 2743 τοὺς
3063 2679 3474 2751 ἀκροωμένους,
3504 2678 3684 2734 ὠδίνει
3714 2679 3773 2734 δὲ

2193 2768 2381 2840 ὥσπερ
2409 2771 2468 2824 ὲν
2497 2769 2652 2839 βάθει
2673 2770 2741 2824 τὰ
2770 2769 3139 2841 πνευματικὰ,
3172 2771 3265 2825 καὶ
3305 2769 3415 2824 τῶν
3447 2770 3773 2843 ίσχνοτέρων

2192 2859 2409 2913 ἐννοιῶν
2439 2860 2538 2931 τὴν
2556 2859 2785 2931 δύναμιν
2805 2861 2881 2924 ὡς
2908 2862 2966 2914 ὲν
2992 2862 3172 2923 σκιαῖς
3197 2859 3310 2931 ἔχει
3341 2859 3586 2925 λεπταῖς.
3622 2861 3768 2932 Ἔφη

2192 2951 2250 3005 δὲ
2280 2952 2339 3005 ἐν
2370 2956 2439 3024 τῇ
2482 2951 2677 3024 Ἐξόδῳ
2702 2952 2885 3007 πάλιν·
2918 2970 2939 3005 ι
2989 2952 3114 3007 Ἐὰν
3146 2952 3207 3006 δέ
3234 2970 3315 3016 τις
3345 2953 3603 3024 ἀπατήσῃ
3628 2969 3772 3024 παρ-

2169 3040 2341 3120 ,θένον
2371 3043 2766 3114 ἀμνήστευτον,
2811 3044 2906 3097 καὶ
2938 3042 3176 3116 κοιμηθῇ
3212 3043 3330 3115 μετ’
3372 3043 3565 3114 αὐτῆς,
3595 3045 3767 3116 φερνῇ

2192 3137 2405 3206 φερνιεῖ
2453 3133 2623 3206 αὐτὴν
2672 3135 2853 3206 ἑαυτῷ
2910 3137 3163 3205 γυναῖκα.
3232 3135 3356 3189 Ἐὰν
3396 3135 3453 3188 δὲ
3488 3133 3769 3190 ἀνανεύων

2184 3227 2486 3301 ἀνανεύσῃ,
2520 3228 2617 3282 καὶ
2656 3228 2733 3301 μή
2776 3227 3032 3300 βούληται
3085 3230 3116 3282 6
3159 3227 3343 3300 πατὴρ
3371 3226 3543 3298 αὐτῆς
3581 3225 3767 3281 δοῦναι

2184 3318 2356 3393 αὐτὴν
2404 3318 2556 3391 αὺτῷ
2587 3323 2844 3389 γυναῖκα,
2869 3319 3135 3393 ἀργύριον
3184 3319 3434 3375 ἀποτίσει
3470 3317 3547 3389 τῷ
3594 3319 3768 3389 πατρὶ

2182 3406 2302 3462 καθ’
2330 3409 2454 3464 ὅσον
2497 3411 2648 3464 ἐστὶν
2693 3412 2727 3482 ἡ
2767 3411 2939 3482 φερνή
2972 3410 3079 3466 τῶν
3108 3410 3414 3482 παρθένων.
3446 3428 3465 3462 ι
3507 3409 3768 3482 ’Δνευρύ-

2180 3517 2287 3554 νων
2337 3500 2395 3555 δὲ
2432 3500 2624 3573 ὥσπερ
2656 3503 2788 3574 ἡμῖν
2830 3503 2930 3575 τὴν
2961 3500 3111 3558 θείαν
3140 3502 3381 3575 ὶντολὴν,
3410 3504 3439 3556 6
3477 3500 3767 3567 θεσπέσιος

2179 3592 2387 3662 Μωσῆς
2420 3594 2479 3647 ὲν
2516 3594 2595 3666 τῷ
2641 3597 3042 3668 Δευτερονομίῳ
3086 3598 3280 3670 φησίν·
3343 3617 3363 3652 ι
3409 3597 3536 3653 Ἐὰν
3576 3598 3633 3652 δὲ
3668 3599 3763 3652 εὑ-

2183 3685 2311 3757 ρεθῇ
2361 3685 2646 3758 ἄνθρωπος
2707 3689 3051 3760 κοιμώμενος
3140 3691 3283 3762 μετά
3336 3691 3590 3761 γυναικὸς
3630 3709 3759 3746 συνο

2177 3776 2489 3847 ῳκισμένης
2511 3777 2687 3850 ἀνδρὶ,
2719 3782 3067 3836 ἀποκτενεῖτε
3085 3782 3451 3854 ἀμφοτέρους,
3470 3783 3562 3838 τὸν
3588 3784 3760 3856 ἄνδρα

2176 3872 2266 3926 τὸν
2290 3871 2635 3943 κοιμώμενον
2660 3871 2798 3943 μετὰ
2825 3874 2922 3944 τῆς
2953 3875 3232 3942 γυναικὸς,
3256 3876 3352 3930 καὶ
3372 3875 3472 3948 τὴν
3499 3878 3759 3945 γυναῖκα,

2176 3966 2271 4019 καὶ
2313 3963 2531 4037 ὲξαρεῑς
2572 3965 2637 4019 τὸ
2674 3967 2913 4037 πονηρὸν
2960 3965 3021 4030 ἐξ
3074 3966 3206 4021 υἱῶν
3239 3968 3478 4039 Ἰσραήλ.
3523 3968 3651 4022 Ἐὰν
3699 3968 3764 4023 δὲ

2173 4057 2398 4126 γένηται
2426 4055 2698 4126 παρθένος
2735 4058 3192 4129 μεμνηστευμένη
3241 4060 3415 4132 ἀνδρὶ,
3455 4060 3550 4115 καὶ
3579 4060 3760 4132 εὑρὼν

2172 4150 2343 4221 αὐτὴν
2367 4148 2655 4222 ἄνθρωπος
2682 4152 2742 4205 ὲν
2785 4151 2968 4214 πόλει,
3004 4150 3241 4223 κοιμηθῇ
3273 4152 3387 4223 μετ’
3439 4151 3633 4223 αὐτῆς,
3669 4152 3758 4218 ἐξ-

2172 4239 2328 4307 ἀξετε
2357 4240 2703 4313 ἀμφοτέρους
2723 4241 2817 4295 ἐπὶ
2855 4242 2956 4313 τὴν
2983 4241 3159 4313 πύλην
3193 4242 3291 4312 τῆς
3313 4242 3524 4305 πόλεως
3547 4242 3754 4309 αὐτῶν,

2172 4335 2267 4388 καὶ
2292 4322 2808 4406 λιθοϐοληθήσονται
2844 4335 2904 4389 ὲν
2940 4335 3130 4400 λίθοις,
3173 4336 3269 4389 καὶ
3310 4333 3713 4390 ἀποθανοῦνται
3735 4353 3751 4369 ο

2170 4425 2268 4498 τὴν
2298 4426 2501 4488 νεάνιν,
2525 4428 2610 4482 ὅτι
2635 4428 2735 4481 οὐκ
2761 4426 2987 4498 ἐϐόησεν
3014 4429 3072 4481 ὲν
3101 4428 3168 4499 τῇ
3208 4425 3381 4490 πόλει,
3415 4426 3511 4480 καὶ
3543 4426 3634 4481 τὸν
3658 4426 3755 4482 ἄν-

484 4482 761 4545 invenerit
785 4490 951 4549 homo
973 4499 1213 4566 puellam
1244 4501 1656 4574 desponsatam,
1705 4516 1763 4563 et
1793 4510 1847 4564 vi
1880 4482 2069 4583 oppri-

2184 4519 2413 4589 3pm1tov,
2469 4519 2552 4573 ὅτι
2604 4519 2937 4573 ἐταπείνωσε
2975 4520 3075 4590 τὴν
3120 4520 3357 4588 γυναῖκα
3385 4517 3481 4572 τοῦ
3523 4519 3753 4588 πλησίον

483 4590 643 4635 mens
693 4580 988 4642 dormierit
1028 4605 1155 4645 cum
1189 4608 1275 4658 ea,
1312 4595 1581 4651 occidetis
1623 4580 1932 4669 hominem,
1953 4580 2068 4675 qui

2184 4580 2368 4663 ιύτοῦο
2400 4580 2511 4665 ’καὶ
2541 4609 2788 4682 ὲξαρεῖτε
2837 4609 2899 4663 τὺ
2948 4580 3183 4682 πονηρόν
3232 4610 3294 4676 ἐξ
3343 4609 3499 4681 ὑμῶν
3546 4580 3748 4667 αὐτῶν.

483 4668 748 4730 dormivit
777 4692 902 4734 cum
927 4696 1016 4747 ea,
1059 4682 1361 4754 duntaxat;
1418 4687 1842 4750 adolescentulae
1882 4668 2068 4754 autem

482 4762 623 4819 nihil
678 4766 923 4827 facietis:
973 4789 1085 4829 non
1145 4777 1254 4832 erit
1315 4779 1739 4841 adolescentulae
1781 4799 2067 4858 peccatum

481 4857 706 4927 mortis;
733 4863 865 4932 quia
907 4864 1052 4920 sicut
1103 4867 1150 4925 si
1175 4870 1301 4939 quis
1339 4872 1595 4944 insurgat
1639 4857 1806 4936 homo
1853 4882 2067 4954 inpro-

480 4949 696 5008 ximum
738 4970 900 5013 suum
926 4998 941 5023 ,
970 4968 1027 5015 et
1055 4962 1273 5017 occidat
1295 4966 1417 5036 ejus
1439 4969 1702 5038 animam,
1743 4974 1825 5030 sic
1846 4949 1955 5034 hoc
1977 4980 2057 5037 fa-

479 5050 664 5113 ctum;
697 5049 829 5118 quia
857 5050 915 5106 in
937 5066 1073 5123 agro
1095 5054 1310 5111 invenit
1360 5074 1505 5129 eam,
1552 5064 1812 5124 clamavit
1867 5072 2059 5129 adole-

480 5138 733 5195 scentula
776 5140 1131 5212 desponsata,
1184 5155 1243 5202 et
1292 5164 1406 5206 non
1457 5152 1583 5220 fuit,
1627 5159 1722 5227 qui
1772 5162 2062 5234 adjuvaret

477 5231 687 5324 eam".
721 5249 742 5284 ι
768 5232 930 5304 357
984 5235 1141 5302 Quod
1164 5239 1334 5311 igitur
1354 5244 1425 5299 ad
1460 5246 1749 5306 historiam
1794 5231 2056 5324 pertinet,

478 5320 655 5414 nulla,
682 5329 747 5377 ut
773 5324 990 5393 opinor,
1039 5331 1383 5401 expositione
1431 5337 1661 5410 indiget,
1688 5351 1751 5397 ut
1794 5320 2055 5414 cuiquam

477 5411 765 5480 perspicua
788 5414 914 5469 fiat:
941 5431 1129 5489 aperta
1151 5434 1284 5481 sunt
1302 5429 1452 5484 enim
1475 5434 1660 5488 omnia
1680 5444 1846 5505 atque
1874 5411 2055 5494 mani-

475 5498 645 5593 festa:
694 5510 1054 5574 quamobrem
1104 5516 1243 5586 haec,
1288 5528 1351 5575 ut
1394 5523 1531 5578 mihi
1595 5498 1836 5593 videtur,
1887 5531 2054 5587 nobis

475 5591 779 5651 omittenda
820 5607 953 5657 sunt
997 5603 1068 5659 ad
1121 5621 1386 5677 praesens,
1418 5620 1475 5667 et
1500 5628 1598 5682 per
1640 5591 1964 5673 interiorem
1990 5621 2053 5675 il-

582 5773 624 5805 "
651 5774 714 5846 ll,
739 5776 1007 5853 JoanJO.
1071 5785 1116 5818 7°
1142 5785 1187 5841 ll
1221 5787 1347 5843 Cor.
1370 5805 1439 5857 vi,
1485 5790 1567 5847 13.
1629 5794 1671 5827 τι
1704 5794 1721 5849 l
1750 5795 1875 5853 Cor.
1907 5815 1993 5869 xv,
2021 5801 2107 5856 55.

2177 4701 2305 4757 Ἐὰν
2328 4702 2385 4756 δὲ
2409 4704 2467 4756 ὲν
2500 4701 2668 4773 πεδίῳ
2693 4700 2828 4774 εὕρῃ
2868 4701 3156 4775 ἄνθρωπος
3189 4703 3289 4773 τὴν
3330 4705 3752 4775 μεμνηστευμέ-

2166 4806 2285 4860 νην,
2324 4792 2421 4845 καὶ
2461 4789 2791 4861 βιασάμενος
2833 4790 3072 4863 κοιμηθῇ
3122 4791 3242 4862 μετ’
3289 4791 3479 4861 αὐτῆς,
3511 4793 3751 4846 ἀποκτε-

2165 4885 2306 4936 νεῖτε
2347 4882 2438 4935 τὸν
2489 4882 2798 4953 ἄνθρωπον,
2853 4883 2946 4937 τὸν
2994 4882 3339 4955 κοιμώμενον
3386 4884 3508 4955 μετ’
3553 4885 3748 4954 αὐτῆς,

2172 4975 2361 5046 μόνον·
2418 4976 2487 5045 τῇ
2513 4974 2572 5027 δὲ
2608 4973 2810 5028 νεάνιδι
2849 4976 3109 5046 ποιήσετε
3148 4974 3322 5041 οὐδὲν,
3359 4975 3461 5029 οὐκ
3498 4973 3651 5029 ἔσται
3678 4978 3746 5047 τῇ

2165 5063 2365 5119 νεάνιδι
2396 5064 2702 5136 ἁμάρτημα
2735 5063 2993 5131 θανάτου,
3022 5066 3106 5119 ὅτι
3143 5065 3220 5128 ὼς
3254 5066 3312 5118 εῐ
3350 5082 3436 5129 τις
3469 5066 3747 5136 ἐπαναστῇ

2166 5155 2450 5228 ἄνθρωπος
2482 5156 2575 5209 ἐπὶ
2618 5155 2712 5209 τὸν
2753 5156 2982 5227 πλησίον
3024 5154 3215 5218 αὑτοῦ,
3252 5156 3350 5210 καὶ
3387 5155 3623 5226 φονεύσῃ
3643 5157 3747 5209 αὑ-

2164 5251 2259 5305 τοῦ
2295 5250 2393 5322 τὴν
2433 5251 2635 5323 ψυχὴν,
2673 5250 2849 5316 οὕτως
2884 5254 2947 5307 τὸ
2989 5253 3223 5324 πρᾶγμα
3259 5249 3438 5315 τοῦτο,
3464 5251 3546 5304 ὅτι
3576 5250 3635 5303 ὲν
3665 5248 3748 5320 τῷ

2165 5343 2323 5414 ἀγρῷ
2348 5335 2511 5414 εὗρεν
2535 5343 2728 5415 αὐτὴν,
2756 5344 2984 5415 ὲόόησεν
3025 5344 3058 5415 ή
3088 5344 3268 5407 νεάνις
3304 5346 3343 5414 ἠ
3399 5358 3748 5414 μεμνηστευ-

2166 5437 2327 5506 μένη,
2357 5437 2452 5490 καὶ
2473 5434 2810 5508 ὁ,βοηθήσων
2830 5437 2933 5491 οὐκ
2959 5432 3029 5508 ἦν
3057 5435 3216 5508 αὐτῇ.
3259 5455 3279 5489 ι
3300 5436 3374 5489 Τὸ
3404 5436 3503 5507 μὲν
3533 5430 3627 5488 οὖν
3644 5434 3746 5504 τῆς

2163 5529 2421 5598 ἱστορίας,
2441 5528 2655 5593 οὐδενὸς
2682 5524 2837 5600 οἶμαί
2863 5544 2965 5583 που
2987 5528 3278 5600 δεήσεσθαι
3306 5528 3490 5597 λόγου,
3518 5526 3655 5599 πρὸς
3681 5524 3745 5579 τὸ

2163 5620 2402 5675 συνιέναι
2437 5621 2694 5675 δύνασθαί
2725 5636 2835 5675 τισι
2858 5637 2873 5653 °
2912 5623 3057 5691 σαφῆ
3086 5619 3198 5691 γὰρ
3227 5619 3346 5674 λίαν
3371 5619 3467 5674 καὶ
3509 5614 3738 5690 δναργῆι

2161 5802 2204 5836 ⁷²
2241 5803 2413 5860 Exod.
2442 5821 2575 5873 xm,
2606 5803 2693 5871 16,
2734 5804 2816 5858 17.
2883 5805 2928 5839 ⁷³
2951 5804 3112 5862 Deut.
3139 5804 3368 5876 xxu,'22
3397 5818 3554 5878 seqq.
