4104 6446
190 950 227 965 υ

293 415 400 472 551

1024 410 1114 466 DE
1151 404 1596 467 ADORATIONE
1632 410 1702 466 IN
1743 410 2016 469 SPIRITU
2056 413 2148 469 ET
2191 413 2563 473 VERITATE.
2594 414 2737 470 ‘LlB.
2778 416 2918 473 VIII.

3504 419 3611 476 5.ίὲ

295 531 398 583 Δεῖ
427 527 489 580 δὲ
522 525 697 598 ἡμᾶς,
732 522 809 588 ὡς
837 519 1006 586 ἔοικε,
1028 520 1191 574 ταυτὶ
1227 520 1491 591 μεθέντας
1511 523 1590 588 είς
1620 521 1680 576 τὸ
1714 523 1911 595 παρὸν,

2031 527 2127 580 ἔσω
2153 525 2629 596 occultioremque
2690 527 2947 583 semitam
3012 515 3607 602 est'iagrediendum.

182 656 187 659 ν
292 623 402 694 τὴν
438 618 554 673 ἐσω
580 634 643 671 τε
685 614 781 670 καὶ
818 611 1215 686 κεκρυμμένην
1240 612 1381 669 ἰέναι
1415 612 1625 684 τρίϐον.

371 711 595 766 ΠΔΛΔ.
622 707 772 762 Πάνυ
802 707 899 777 μὲν
925 701 1042 760 οὖν.
1698 764 1703 767 ν

369 804 551 859 ΚΥΡ.
588 800 738 872 Φημὶ
766 800 831 872 δὴ
868 795 984 865 οὖν,
1019 799 1100 853 ὅτι
1131 797 1323 869 ὥσπερ
1351 799 1411 852 ὲν
1444 800 1556 862 τοῖς
1577 799 1659 862 είς
1679 800 1914 867 γυναῖκα

302 892 787 968 πλημμελήμασι,
831 890 895 945 τὸ
949 890 1171 945 πάντων
1222 889 1290 945 ἂν
1320 891 1408 961 εἴη
1461 890 1842 961 παγχάλεπον,
1876 893 1911 962 ἡ

306 985 576 1060 pomata}:
603 983 696 1039 τὸν
739 982 929 1053 ἑτέρου
982 981 1130 1047 τινὸς
1176 979 1534 1053 παραλύουσα
1572 982 1773 1052 γάμον,
1821 981 1917 1035 καὶ

298 1080 416 1134 τῶν
473 1078 578 1149 ἤδη
616 1075 983 1147 συνημμένων
1017 1073 1247 1128 ποιοῦσα
1297 1073 1593 1141 διάζευξιν,
1645 1073 1788 1129 κατὰ
1822 1073 1917 1128 τὸν

300 1173 502 1238 αὐτὸν,
543 1166 722 1241 οἶμαι,
756 1168 973 1223 τουτονὶ
1020 1166 1247 1239 τρόπον,
1293 1166 1403 1221 τῶν
1443 1169 1525 1231 είς
1568 1166 1919 1238 ἀνθρωπίνας

300 1265 494 1338 ψυχὰς
542 1262 909 1334 αίτιαμάτων,
946 1261 1009 1314 τὸ
1037 1260 1258 1315 πάντων
1306 1258 1547 1331 μάλιστα
1583 1261 1700 1314 ἐστι
1729 1259 1918 1313 δυσσε-

304 1355 577 1430 ϐέστερόν
606 1372 669 1411 τε
717 1354 812 1410 καὶ
840 1353 1268 1425 ἀφορητότερον,
1313 1352 1376 1406 τὸ
1417 1351 1775 1424 ἐπιτηδεῦσαι
1813 1352 1917 1422 τὴν

303 1448 700 1522 παραφθορὰν,
742 1446 845 1501 οὐκ
888 1448 971 1507 είς
991 1445 1091 1517 τὴν
1123 1443 1393 1515 τυχοῦσαν
1423 1442 1630 1509 ἁπλῶς,
1665 1443 1805 1498 ἀλλὰ
1838 1445 1919 1507 είς

303 1540 409 1613 τὴν
453 1539 559 1612 ήδη
608 1537 817 1609 τρόπον
864 1535 990 1589 τινὰ
1036 1534 1454 1607 συνῳκισμένην
1480 1534 1577 1589 καὶ
1626 1531 1920 1588 ἐνωθεῖσαν

303 1629 559 1705 Χριστῷ,
593 1628 674 1701 τῷ
699 1627 906 1683 ἄνωθέν
931 1645 991 1680 τε
1015 1626 1111 1681 καὶ
1139 1625 1199 1693 ἐξ
1221 1625 1455 1699 οὐρανοῦ
1477 1627 1701 1698 νυμφίῳ
1720 1642 1733 1657 ο
1767 1622 1920 1679 ἐνού-

310 1723 459 1797 μεθα
501 1720 617 1794 γὰρ
659 1719 815 1792 αὐτῷ
865 1719 954 1774 διά
995 1736 1057 1774 τε
1084 1720 1187 1791 τῆς
1236 1718 1494 1785 πίστεως,
1538 1718 1635 1773 καὶ
1669 1716 1917 1789 προσέτι,

2085 705 2285 762 PALL.
2312 706 2458 762 Sane
2484 670 2730 777 quidem.

2078 799 2245 857 CYR.
2294 799 2557 855 Arbitror
2594 802 2764 871 igitur
2806 810 2868 858 ut
2898 803 3047 859 inter
3094 813 3319 875 peccata
3347 804 3404 862 in
3446 806 3609 863 femi-

2015 907 2146 947 nam
2201 891 2445 948 admissa
2489 894 2879 963 gravissimum
2922 904 3011 953 est
3057 896 3414 962 adulterium,
3460 901 3610 970 quod

2015 982 2240 1054 nuptias
2253 983 2486 1039 alterius
2510 983 2703 1052 violet,
2732 992 2788 1040 et
2813 986 2926 1055 jam
2950 990 3274 1060 conjunctos
3286 990 3566 1063 disjungat
3592 1007 3608 1056 ;

2018 1076 2102 1132 sie
2123 1092 2353 1147 prorsus
2377 1076 2678 1131 criminum
2701 1076 2759 1132 in
2782 1077 3052 1134 humanas
3086 1082 3298 1136 animas
3328 1092 3613 1154 perpetra-

2020 1175 2207 1222 torum
2231 1166 2482 1221 omnium
2531 1167 2771 1222 maxime
2814 1168 3116 1235 nefarium,
3155 1186 3221 1225 ac
3266 1173 3496 1230 minime
3526 1175 3608 1231 fe-

2019 1259 2258 1314 rendum
2291 1274 2434 1326 esse,
2463 1259 2648 1314 moliri
2668 1260 3062 1331 corruptelam,
3090 1278 3202 1317 non
3227 1262 3285 1317 in
3307 1266 3615 1334 quamlibet

2018 1351 2262 1407 animam
2291 1359 2521 1417 temere,
2539 1352 2638 1407 sed
2663 1352 2720 1407 in
2744 1368 2866 1408 eam
2906 1369 3029 1424 quae
3046 1355 3159 1425 jam
3185 1356 3352 1412 modo
3373 1359 3613 1428 quodam

2019 1445 2289 1503 collocata
2334 1453 2455 1500 erat
2493 1452 2550 1499 et
2588 1445 2885 1516 conjuncta
2928 1444 3151 1502 Christo
3178 1487 3194 1513 ,
3243 1463 3487 1519 superno
3530 1450 3616 1506 illi

2027 1537 2355 1606 caelestique
2380 1551 2616 1607 sponso:
2641 1536 2926 1608 iungimur
2949 1544 3139 1592 autem
3163 1538 3244 1593 illi
3289 1555 3391 1609 per
3412 1539 3579 1596 ﬁdem
3598 1580 3615 1608 ,

2020 1640 2077 1687 et
2103 1639 2373 1700 praeterea
2409 1646 2509 1700 per
2562 1628 2806 1701 Spiritus
2854 1631 3033 1687 sancti
3083 1632 3615 1705 participationem;

2030 1741 2048 1775 ι
2079 1721 2185 1789 Qui
2208 1722 2356 1778 enim
2380 1722 2628 1779 adhaeret
2654 1723 2908 1790 Domino,
2954 1741 3102 1782 unus
3129 1726 3361 1797 spiritus
3389 1734 3477 1783 est
3492 1728 3562 1790 τι,
3590 1746 3610 1781 r

305 1814 403 1869 τοῦ
435 1814 776 1887 μεταλαχεῖν
806 1811 966 1882 ἁγίου
998 1810 1320 1882 Πνεύματος
1341 1827 1357 1843 ο
1397 1830 1416 1864 ι
1474 1810 1532 1865 '0
1563 1810 1675 1884 γὰρ
1713 1807 1919 1865 κολλώ-

2031 1816 2330 1872 secundum
2345 1815 2566 1887 Scriptu
2574 1817 2718 1873 ras.J
2724 1833 2821 1873 ure
2836 1818 3022 1889 itaque
3034 1820 3123 1875 lex
3139 1820 3304 1875 simul
3318 1835 3443 1875 cum
3458 1819 3623 1877 adul-

311 1926 478 1982 μενος
505 1907 589 1979 τῷ
624 1907 837 1979 Κυρίῳ,
869 1905 927 1960 ἒν
960 1904 1180 1976 πνεῦμά
1209 1908 1349 1973 ἐστι,
1392 1923 1412 1958 ›
1447 1903 1591 1960 κατὰ
1635 1905 1736 1969 τὰς
1774 1904 1918 1975 Γρα-

2031 1915 2238 1963 terante
2250 1906 2616 1963 adulteratam
2633 1924 2854 1979 quoque
2869 1918 3047 1965 morte
3070 1911 3273 1966 multat
3290 1929 3303 1965 :
3331 1911 3487 1966 illum
3499 1911 3624 1983 qui-

309 2002 442 2073 φάς.
483 1998 718 2070 Θανάτῳ
762 1996 827 2070 δὴ
860 1992 953 2052 οὖν
984 1997 1013 2050 ὁ
1056 1996 1224 2067 νόμος
1270 1998 1500 2068 τιμᾶται
1529 1997 1755 2061 δικαίως
1781 1994 1919 2067 ὁμοῦ

308 2093 389 2165 τῷ
412 2091 768 2167 μοιχεύσαντι
817 2090 916 2161 τὴν
949 2089 1424 2162 πεπορνευμένην,
1454 2089 1551 2144 καὶ
1585 2088 1802 2161 τὸνμὲν
1844 2086 1922 2152 ὡς

311 2185 537 2241 ἐνιέντα
577 2185 678 2255 τῆς
705 2182 936 2254 ἐνούσης
965 2183 1116 2254 αὐτῷ
1143 2180 1469 2245 δυσσεϐείας
1502 2181 1572 2235 τὰ
1603 2180 1920 2252 σπέρματα,

311 2286 413 2357 τὴν
443 2284 528 2350 δὲ,
570 2284 654 2338 ὅτι
680 2281 775 2337 τὸν
814 2283 916 2355 τῆς
947 2280 1305 2353 γνησιότητος
1337 2278 1686 2350 ἀτιμάζουσα
1733 2278 1921 2353 νόμον,

314 2376 491 2449 ἑτέρῳ
511 2375 730 2445 γέγονε,
758 2374 854 2429 καὶ
871 2376 993 2439 ταῖς
1019 2372 1232 2428 ἐκείνου
1262 2371 1652 2444 παραφθοραῖς
1675 2368 1925 2427 ἁπλοῦσα

314 2473 407 2529 τὸν
440 2470 594 2540 νοῦν,
623 2470 719 2529 τὸν
742 2470 804 2538 ἐξ
837 2468 1201 2542 ἀνθρωπίνων
1242 2466 1577 2541 εὑρημάτων
1613 2463 1925 2534 είσεδέξατο

320 2564 628 2637 μολυσμόν.

387 2656 608 2713 ΠΔΔΛ.
651 2651 884 2717 Πιθανὸς
910 2654 940 2708 ὁ
967 2651 1150 2721 λόγος.

387 2748 558 2802 ΚΥΡ.
600 2745 829 2803 Γυναικὶ
880 2744 981 2817 μὲν
1015 2740 1132 2809 οὖν,
1171 2742 1330 2814 ἀνδρὶ
1361 2740 1506 2799 κατὰ
1544 2741 1747 2812 νόμους
1797 2753 1937 2815 συντ

317 2839 631 2915 ῳκισμένῃ,
677 2834 1078 2908 παρεικαστέον
1124 2829 1186 2891 εὖ
1218 2832 1367 2905 μάλα
1408 2831 1509 2903 τὴν
1558 2830 1647 2886 διὰ
1688 2827 1928 2893 πίστεώς

316 2952 377 2988 τε
406 2934 507 2988 καὶ
529 2930 853 3001 Πνεύματος
878 2926 1104 3001 Χριστῷ
1135 2925 1550 2997 συνῳκισμένην
1582 2925 1677 2979 καὶ
1711 2922 1929 2978 ένωθεϊ-

320 3044 423 3085 σαν
451 3025 661 3096 ψυχήν.
695 3021 976 3095 Παρθένον
1008 3020 1069 3074 δὲ
1112 3015 1254 3073 εἶναι
1299 3016 1793 3090 μεμνηστευμένην
1840 3014 1930 3069 λο-

317 3118 617 3192 γιούμεθα,
654 3118 757 3189 τὴν
804 3113 1155 3187 κεκλημένην
1185 3114 1267 3177 είς
1295 3110 1474 3184 ἀρχὰς
1506 3110 1762 3180 γνώσεως
1788 3109 1928 3180 ἀλη-

318 3213 471 3278 θοῦς,
508 3209 669 3264 οῦπω
703 3208 763 3263 δὲ
791 3204 1054 3270 ὁλοτελῶς
1089 3204 1390 3261 ένωθεῖσαν
1417 3201 1661 3276 Χριστῷ,
1695 3199 1930 3273 περιμέ-

318 3304 525 3363 νουσὰν
568 3320 632 3357 τε
682 3301 765 3367 ἔτι
812 3298 1066 3370 καθάπερ
1113 3296 1241 3353 τινὰ
1265 3296 1446 3369 γάμον
1488 3296 1587 3351 καὶ
1629 3292 1928 3364 συναφείας

316 3397 528 3472 τρόπον
564 3395 660 3450 τὸν
707 3391 1090 3465 ἀληθέστερον,
1121 3392 1222 3463 τὴν
1262 3389 1353 3445 διὰ
1384 3389 1482 3445 τοῦ
1540 3388 1700 3458 ἁγίου
1736 3387 1932 3459 βαπτί-

321 3504 535 3560 σματος
576 3485 760 3559 χάριν,
787 3484 885 3538 καὶ
907 3481 1007 3556 τὴν
1033 3481 1130 3537 τοῦ
1158 3480 1316 3551 ἁγίου
1342 3479 1662 3552 Πνεύματος
1684 3477 1932 3551 μέθεξιν,

318 3575 631 3652 ἀρραϐῶνα
675 3591 742 3645 γε
789 3574 919 3647 μὴν,
962 3573 1061 3628 καὶ
1100 3571 1321 3643 ὁμιλίας
1360 3570 1552 3642 ὥσπερ
1594 3569 1792 3641 ἀρχὴν,
1840 3567 1933 3622 τὸν

320 3673 422 3743 τῆς
458 3670 829 3742 κατηχήσεως
857 3667 1015 3737 λόγον
1062 3666 1499 3735 είσδεδεγμένην.
1534 3663 1692 3718 Οὕτω
1739 3663 1842 3735 τὴν
1874 3660 1934 3727 ὲξ

321 3762 499 3818 ἐθνῶν
543 3758 875 3831 Ἐκκλησίαν
896 3760 928 3812 ὀ
961 3757 1105 3821 θεῖος
1133 3759 1266 3828 ἡμῖν
1300 3756 1683 3828 μυσταγωγὸς,
1718 3753 1935 3818 Παῦλος

322 3857 383 3911 δὲ
410 3851 596 3921 οὗτος,
637 3852 984 3925 παρεκόμισε
1010 3851 1088 3923 τῷ
1117 3850 1342 3923 Χριστῷ
1364 3867 1378 3882 ⁸
1418 3852 1614 3923 γράφει
1654 3848 1764 3921 γὰρ
1791 3841 1893 3902 ὧδε
1914 3864 1929 3880 ο

329 3969 352 4003 ι
403 3948 779 4020 Ἦρμοσάμην
807 3946 920 4017 γὰρ
960 3945 1106 4015 ὑμᾶς
1137 3944 1219 3998 ἐνὶ
1258 3943 1437 4015 ἀνδρὶ,
1464 3942 1738 4014 παρθένον
1764 3940 1935 4012 ἁγνὴν

326 4041 689 4114 παραστῆσαι
717 4038 796 4111 τῷ
832 4037 1075 4109 Χριστῷ.
1107 4056 1126 4089 ο
1160 4036 1271 4090 Καὶ
1303 4037 1468 4100 αὐτὸς
1495 4036 1553 4090 δέ
1575 4035 1678 4090 πού
1705 4053 1872 4107 φησιν
1905 4037 1935 4089 ὁ

324 4134 588 4208 Νυμφίος
617 4132 708 4187 διὰ
738 4132 925 4203 φωνῆς
956 4128 1254 4202 προφητῶν
1273 4147 1286 4161 ’
1326 4146 1346 4181 ι
1380 4127 1493 4182 Καὶ
1523 4126 1934 4199 μνηστεύσομαί

327 4250 388 4286 σε
438 4227 670 4302 ἐμαυτῷ
714 4227 795 4291 είς
852 4225 945 4280 τὸν
983 4223 1190 4288 αἰῶνα,
1244 4224 1304 4277 ὲν
1356 4221 1699 4293 δικαιοσύνῃ,
1739 4221 1835 4274 καὶ
1875 4221 1936 4274 ὲν

326 4326 587 4399 κρίματι,
625 4320 722 4376 καὶ
761 4321 819 4373 ὲν
849 4318 1006 4387 ἐλέῳ,
1055 4317 1151 4371 καὶ
1179 4317 1238 4369 ὲν
1268 4315 1608 4385 οίκτιρμοίς’
1655 4312 1751 4374 καί
1793 4327 1933 4382 μνη-

330 4415 642 4488 στεύσομαί
674 4430 733 4468 σε
759 4414 818 4466 έν
843 4411 1049 4475 πίστει,
1079 4410 1176 4465 καὶ
1205 4406 1487 4479 ὲπιγνώσῃ
1516 4407 1608 4461 τὸν
1641 4405 1869 4478 Κύριον.
1910 4423 1930 4458 ι

328 4512 393 4565 El
425 4508 614 4563 τοίνυν
655 4505 888 4576 γένοιτο,
925 4504 1080 4575 φησι,
1114 4502 1217 4574 τῆς
1246 4500 1609 4573 παραφθορᾶς
1632 4499 1705 4553 τὰ
1732 4498 1933 4571 ὲγκλήυ

332 4620 508 4676 ματα,
540 4601 638 4656 καὶ
682 4598 777 4652 ὲπί
805 4615 913 4652 τινι
942 4595 1123 4668 τοιᾷδε
1165 4594 1337 4668 ψυχῇ,
1374 4594 1594 4666 μοιχείᾳ
1635 4592 1937 4665 γεγράφθω

326 4696 393 4750 τὸ
446 4693 675 4766 χρῆμα⁶
713 4691 1000 4762 ὑπόχρεως
1041 4688 1152 4760 γὰρ
1206 4690 1241 4761 ἡ
1306 4686 1788 4759 μεμνηστευμένη,
1842 4685 1939 4739 καὶ

330 4788 445 4844 ὑπὸ
485 4789 647 4859 χεῖρα
669 4784 858 4839 λοιπὸν
876 4782 971 4838 τοῦ
1013 4782 1153 4855 μετὰ
1180 4781 1356 4855 βραχὺ
1392 4779 1651 4853 νυμφίου.
1703 4778 1845 4832 Ἀλλ’
1888 4779 1939 4832 εί

332 4882 441 4956 μὲν
462 4884 523 4937 ὲν
549 4880 704 4935 πόλει
728 4879 940 4949 γένοιτο
971 4878 1034 4932 τὸ
1063 4877 1330 4949 ἀδίκημα,
1372 4877 1530 4948 φησι,
1557 4872 1860 4938 τουτέστιν,
1901 4872 1936 4945 ἢ

328 4974 394 5028 ὲν
437 4970 744 5042 Ἐκκλησία
768 4965 1032 5040 Χριστοῦ,
1059 4967 1157 5022 καὶ
1184 4969 1243 5022 ἐν
1264 4967 1420 5022 πόλει
1457 4964 1597 5021 Θεοῦ
1621 4964 1843 5030 ζῶντος,
1869 4963 1939 5037 ἢν

330 5063 692 5122 κατοικοῦσιν
738 5062 987 5133 ἄγγελοι,
1033 5064 1130 5118 καὶ
1161 5060 1354 5133 ἄνδρες
1400 5060 1571 5130 ἅγιοι,
1622 5057 1941 5129 καθηγηταί.

331 5161 435 5215 καὶ
488 5157 804 5214 διδάσκαλοι
831 5158 946 5221 τοῖς
989 5155 1383 5220 κινδυνεύουσι,
1419 5154 1516 5209 καὶ
1553 5153 1943 5224 ἀπατωμένοις

331 5249 646 5321 ἐπαμύνειν
677 5243 782 5303 οἷοί
814 5266 895 5314 τε,
931 5246 1390 5302 συναποτεθνάτω
1425 5244 1507 5317 τῷ
1550 5245 1748 5315 φένακι
1785 5244 1940 5315 καὶὴ

332 5339 599 5393 παθοῦσα
623 5338 914 5411 παρθένος.
967 5337 1119 5403 Ἐξδν
1141 5337 1251 5410 γὰρ
1275 5336 1512 5408 ἑτοίμως
1536 5336 1821 5407 διαδράναι
1840 5332 1942 5407 τὴν

336 5432 731 5506 παραφθορὰν,
767 5434 818 5488 εί
844 5435 958 5497 τοῖς
987 5430 1278 5497 διασώζειν
1306 5432 1474 5487 είδόσι
1507 5431 1942 5503 καταμεμήνυκε

331 5526 704 5592 διδασκάλοις,
743 5525 1052 5581 ἐθελούσιον
1099 5523 1431 5597 ἡῤῥώστησε
1470 5524 1533 5578 τὸ
1585 5521 1805 5587 παθεῖν,
1847 5522 1945 5576 καὶ

333 5621 444 5675 οὐκ
469 5619 531 5686 ἐξ
559 5619 810 5690 ἀνάγκης
838 5618 952 5690 ἔχει
968 5618 1068 5691 τὴν
1093 5620 1174 5683 είς
1194 5617 1258 5672 τὸ
1279 5617 1482 5688 φαῦλον
1512 5616 1839 5688 ἀπαγωγήν.
1877 5616 1945 5670 Et

334 5711 396 5767 δὲ
447 5710 513 5783 δὴ
564 5710 645 5783 μὴ
683 5709 929 5780 γένοιτο,
993 5709 1180 5783 φησὶν,
1238 5711 1297 5765 ὲν
1348 5707 1672 5781 Ἐκκλησία,
1714 5706 1852 5780 μηδὲ
1885 5708 1946 5761 ἐν

392 5892 445 5928 ⁷⁸
468 5890 489 5949 l
516 5890 645 5950 Cor.
669 5907 744 5959 vr,
939 5890 1047 5948 "li
1070 5891 1196 5948 Cor.
1230 5908 1304 5959 χι,
1331 5890 1383 5945 2.
1451 5891 1496 5924 "
1518 5889 1755 5957 Oseem,
1796 5888 1972 5958 19,520.

2023 1998 2173 2065 dem,
2206 2007 2269 2054 ut
2315 1999 2415 2070 qui
2459 2000 2766 2071 impietatis
2810 2002 3024 2057 semina
3071 2017 3194 2072 quae
3223 2002 3331 2058 sibi
3374 2003 3617 2069 inerant,

2024 2091 2323 2149 infuderit:
2351 2092 2502 2147 illam
2525 2108 2681 2158 vero,
2710 2093 2841 2163 quia
2867 2093 3202 2165 contemptis
3224 2092 3508 2149 ﬁdelitatis
3537 2093 3621 2149 le-

2024 2183 2204 2255 gibus,
2234 2183 2397 2240 alteri
2426 2184 2616 2255 juncta
2653 2183 2746 2248 sit,
2799 2183 3061 2255 illiusque
3099 2184 3435 2255 corruptelis
3462 2200 3622 2240 men-

2026 2280 2137 2329 tem
2175 2274 2459 2344 aperiens,
2517 2289 2588 2330 ex
2634 2273 2896 2330 humanis
2918 2275 3249 2331 commentis
3301 2274 3487 2332 labem
3518 2273 3622 2331 ad-

2023 2366 2266 2425 miserit.

2094 2654 2299 2711 .PALL.
2321 2654 2637 2711 Probabilis
2673 2655 2874 2711 oratio.

2100 2749 2263 2806 ΟΥΕ.
2287 2747 2507 2804 Mulieri
2539 2748 2728 2819 igitur,
2753 2750 2879 2805 viro
2912 2749 3224 2807 secundum
3252 2748 3404 2819 leges
3445 2743 3623 2802 collo-

2029 2837 2504 2909 cataz,persimilis
2526 2847 2614 2895 est
2640 2854 2707 2894 ea
2732 2841 2920 2896 anima
2960 2840 3213 2912 putanda
3257 2852 3380 2909 quae
3422 2853 3523 2909 per
3556 2835 3629 2894 ﬂ-

2029 2932 2155 2987 dem
2174 2946 2240 2987 ac
2266 2930 2537 3002 Spiritum
2585 2931 2811 2987 Christo
2833 2940 2919 2989 est
2975 2934 3244 2989 collocata
3283 2939 3448 3003 atque
3497 2945 3631 2991 con-

2025 3024 2240 3096 juncta.
2303 3023 2701 3094 Desponsatam
2749 3038 2885 3079 vero
2947 3023 3220 3095 virginem
3275 3022 3626 3092 putabimus,

2030 3129 2154 3185 quae
2185 3113 2255 3168 ad
2294 3114 2454 3169 initia
2490 3129 2638 3169 verae
2664 3114 3000 3185 cognitionis
3024 3121 3219 3169 vocata
3270 3122 3357 3168 est
3383 3113 3477 3166 illa
3500 3113 3628 3182 qui-

1955 3236 1999 3294 ο
2032 3206 2180 3275 dem,
2206 3222 2319 3261 non
2347 3214 2530 3261 tamen
2557 3206 2742 3261 adhuc
2764 3206 3011 3276 perfecte
3035 3206 3259 3262 Christo
3308 3207 3626 3277 conjuncta,

2033 3299 2131 3356 sed
2173 3297 2358 3353 adhuc
2380 3297 2559 3353 sancti
2611 3296 2963 3367 baptismatis
3012 3297 3284 3368 gratiam,
3340 3296 3631 3366 sanctique

2034 3392 2275 3463 Spiritus
2305 3391 2758 3447 communionem
2780 3398 3048 3461 tanquam
3074 3391 3303 3461 nuptias
3337 3389 3628 3460 quasdam,

2031 3480 2418 3551 verioremque
2440 3479 2854 3552 coniunctionis
2884 3480 3112 3536 modum
3152 3487 3473 3551 exspectat:
3516 3481 3631 3551 jam

2032 3581 2218 3629 tamen
2240 3572 2398 3643 quasi
2434 3572 2809 3628 arrhabonem
2857 3580 2915 3628 et
2957 3571 3389 3628 consuetudinis
3428 3571 3634 3627 futura:

2033 3666 2278 3734 initium,
2307 3667 2620 3726 catechesis
2642 3681 2959 3725 sermonem
2980 3666 3215 3736 accepit.
3243 3665 3337 3721 Sic
3380 3666 3529 3719 illam
3566 3680 3634 3720 ex

2033 3759 2292 3830 gentibus
2323 3760 2634 3816 Eeclesiam
2666 3760 2892 3816 divinus
2912 3758 3004 3814 ille
3024 3765 3220 3814 noster
3240 3757 3630 3831 mysteriorum

2035 3852 2253 3920 doctor,
2280 3853 2504 3919 Paulus,
2525 3855 2773 3924 inquam,
2792 3852 3025 3909 adduxit
3054 3851 3123 3907 ad
3145 3850 3465 3907 Christum:
3491 3852 3635 3905 scri-

2036 3946 2120 4001 bit
2138 3946 2290 4025 enim
2316 3945 2387 4000 ad
2405 3945 2559 4001 hunc
2575 3946 2841 4002 modum:
2880 3965 2898 3997 ι
2917 3944 3200 4017 Despondi
3235 3943 3385 3998 enim
3412 3957 3515 3997 vos
3536 3941 3635 3996 uni

2036 4039 2179 4103 viro,
2228 4037 2499 4108 virginem
2550 4046 2761 4094 castam
2815 4038 3083 4094 exhibere
3127 4037 3350 4092 Christo
3405 4035 3514 4089 ⁷⁸.»
3565 4034 3638 4089 Et

2037 4127 2155 4199 ipse
2201 4127 2454 4199 Sponsus
2500 4138 2653 4185 certe
2708 4145 2813 4201 per
2844 4145 3039 4185 vocem
3080 4128 3479 4200 prophetarum
3521 4125 3633 4180 ait:

2046 4238 2064 4270 ι
2088 4218 2157 4273 Ει
2180 4218 2534 4289 desponsabo
2564 4227 2617 4275 te
2639 4220 2779 4274 mibi
2805 4219 2909 4290 ipsi
2933 4219 2989 4273 in
3012 4227 3303 4284 aeternum,
3329 4218 3383 4272 in
3398 4216 3635 4289 justitia,

2038 4318 2095 4364 et
2116 4308 2174 4363 in
2193 4308 2429 4380 judicio,
2455 4319 2512 4366 et
2535 4311 2595 4365 in
2643 4309 3059 4376 misericordia,
3089 4317 3146 4366 et
3172 4311 3229 4364 in
3265 4308 3640 4364 miserationi-

2038 4406 2171 4474 bus;
2196 4404 2619 4476 etdesponsabo
2651 4412 2706 4459 te
2731 4403 2867 4471 mihi
2903 4403 2959 4458 in
3000 4403 3130 4469 ﬁde,
3163 4410 3220 4459 et
3258 4403 3401 4458 scies
3442 4400 3637 4457 Domi-

2042 4516 2178 4556 num
2201 4501 2268 4555 ⁷⁸.
2294 4518 2312 4552 ι
2357 4497 2526 4570 258
2549 4496 2607 4553 Si
2636 4497 2806 4568 igitur
2843 4497 2899 4551 in
2948 4497 3132 4568 aliqua
3167 4494 3484 4567 bujusmodi
3513 4494 3639 4550 ani-

2042 4609 2129 4648 ma
2165 4591 2498 4662 corruptelae
2561 4589 2796 4656 crimen,
2840 4589 3043 4660 inquit,
3098 4589 3403 4645 admissum
3444 4588 3636 4654 fuerit,

2043 4685 2319 4758 ejusmodi
2346 4685 2554 4740 factum
2601 4690 2663 4739 ut
2691 4682 3031 4739 adulterium
3075 4683 3390 4739 habeatur:
3435 4681 3641 4738 obstri-

2044 4788 2131 4836 cta
2159 4779 2307 4835 enim
2341 4784 2429 4835 est
2465 4777 2798 4848 desponsata
2827 4777 3055 4842 femina,
3101 4785 3159 4832 et
3182 4777 3293 4847 jam
3342 4775 3447 4830 sub
3489 4775 3643 4830 illius

2043 4879 2319 4949 potestate
2362 4871 2461 4942 qui
2478 4885 2610 4925 mox
2628 4877 2714 4925 est
2740 4884 2978 4941 sponsus
3003 4869 3248 4924 futurus.
3270 4866 3567 4932 Caeterum,
3591 4865 3641 4921 si

2044 4968 2103 5023 in
2136 4966 2277 5022 urbe
2300 4966 2408 5021 hoc
2445 4965 2519 5020 sit
2539 4964 2755 5020 crimen
2779 4963 3105 5028 admissum,
3141 4961 3197 5017 id
3231 4969 3338 5025 est,
3366 4959 3426 5014 in
3446 4957 3643 5014 Eccle-

2046 5061 2129 5118 sia
2152 5059 2361 5116 Christi
2382 5066 2440 5115 et
2463 5059 2520 5114 in
2537 5058 2765 5114 civitate
2806 5057 2906 5113 Dei
2928 5055 3189 5119 viventis,
3235 5054 3294 5109 in
3334 5067 3444 5123 qua
3478 5049 3641 5135 habif-

2047 5158 2168 5209 tant
2189 5152 2390 5223 angeli,
2422 5160 2480 5207 et
2503 5151 2609 5206 viri
2638 5149 2838 5214 sancti,
2871 5147 3126 5219 magistri
3143 5154 3201 5201 et
3241 5145 3519 5208 doctores,
3543 5141 3639 5213 qui

2047 5245 2117 5301 iis
2159 5244 2254 5315 qui
2301 5243 2691 5315 periclitantur
2764 5251 2823 5296 et
2876 5239 3221 5295 seducuntur
3279 5249 3442 5306 opem
3495 5233 3644 5289 ferre

2047 5338 2325 5408 possunt:
2366 5334 2533 5391 simul
2571 5348 2699 5389 cum
2738 5332 3032 5389 seductore
3064 5329 3223 5400 virgo
3267 5341 3490 5398 quoque
3527 5324 3647 5381 vio-

2047 5431 2159 5487 lata
2184 5430 2492 5488 moriatur:
2541 5444 2672 5485 nam
2720 5444 2850 5485 cum
2906 5427 3106 5482 liceret
3143 5416 3407 5496 perfacile
3447 5437 3645 5477 corm-

2047 5525 2295 5597 ptionem
2318 5525 2588 5596 eﬁ‘ugere,
2624 5523 2670 5579 si
2699 5521 2980 5595 magistris
3030 5517 3290 5575 servandi
3314 5515 3513 5588 peritis
3527 5528 3648 5570 rem

2048 5616 2369 5682 indicasset,
2391 5614 2707 5671 voluntarie
2729 5613 3085 5671 violationem
3111 5624 3373 5682 perpessa
3397 5613 3502 5671 est,
3534 5620 3647 5660 non

2049 5718 2238 5766 coacto
2260 5708 2328 5765 ad
2350 5708 2770 5781 improbitatem
2805 5706 3067 5765 adducta.
3105 5702 3205 5761 Sin
3222 5708 3410 5758 autem
3444 5697 3498 5754 id
3532 5711 3644 5752 non
