4104 6488
496 410 604 474 545

1505 422 1561 477 s.
1603 420 1879 478 cvmua
1920 420 2389 479 ALEXANDRINI
2427 382 2766 480 aacmsp.‘

3646 418 3756 477 544

498 526 555 584 in
579 528 823 585 Ecclesia
837 529 1147 602 contigerit,
1172 547 1351 603 neque
1375 533 1433 589 in
1457 534 1677 591 civitate
1701 535 1798 591 Dei
1816 536 2071 602 viventis,

2179 537 2331 592 πόλει
2350 536 2483 591 Θεοῦ
2511 537 2730 603 ζῶντος,
2755 535 2871 591 ἀλλ’
2894 536 3083 608 ὥσπερ
3106 537 3165 592 ἐν
3192 535 3359 607 πεδίῳ
3379 535 3474 590 καὶ
3495 537 3551 590 ἐν
3573 536 3755 607 ἀγρῷ,

497 620 597 676 sed
627 621 682 675 in
709 635 900 690 campo
923 629 1089 692 atque
1116 623 1173 677 in
1195 639 1346 695 agro,
1374 624 1470 679 ubi
1488 626 1768 697 magister,
1794 628 1889 697 qui
1914 643 2073 697 opem

496 710 689 776 ferret,
721 714 905 769 nullus
936 722 1077 781 erat,
1116 714 1173 769 in
1212 730 1411 787 magna
1464 717 1762 773 solitudine
1787 718 2073 773 hominum

495 803 590 871 qui
625 804 695 856 ad
729 804 1013 860 meliorem
1042 807 1366 862 sententiam
1391 808 1680 864 traducere
1726 818 1972 879 possent,
2017 819 2075 865 et

497 900 756 962 tanquam
781 895 838 948 in
870 895 1101 965 penuria
1134 898 1554 969 paedagogorum
1603 900 1757 955 fraus
1793 907 1878 955 est
1928 916 2077 955 com-

495 982 693 1037 missa:
720 985 811 1041 ille
836 985 1103 1043 duntaxat
1149 989 1206 1043 in
1252 989 1559 1059 periculum
1585 991 1788 1053 veniat,
1838 992 1933 1062 qui
1960 992 2073 1046 vim

495 1071 710 1128 intulit:
736 1091 862 1129 nam
889 1091 977 1132 res
1026 1087 1178 1149 gesta
1202 1094 1301 1148 per
1349 1082 1763 1149 oppressionem
1793 1080 1916 1146 fuit,
1959 1097 2075 1137 ma-

492 1163 719 1235 lumque
772 1168 921 1238 quod
964 1183 1030 1225 ea
1076 1185 1337 1241 perpessa
1382 1181 1467 1227 est
1514 1173 1786 1243 ejusmodi
1827 1173 1955 1237 fuit,
2014 1182 2075 1227 ut

493 1256 776 1317 subveniri
802 1259 881 1314 illi
926 1276 1039 1315 non
1076 1272 1290 1331 posset:
1341 1263 1528 1333 itaque
1557 1264 1641 1319 vis
1684 1265 1868 1331 allata,
1914 1267 2076 1337 cujus

2171 624 2232 684 οὗ
2272 629 2629 700 μυσταγωγὸς
2663 632 2693 683 6
2719 627 3014 700 ἐπαμύνων
3041 628 3142 682 οὐκ
3182 623 3273 700 ἦν,
3306 627 3399 681 καὶ
3432 627 3542 681 τῶν
3584 645 3753 701 μετα-

2172 719 2381 774 πείθειν
2401 719 2513 772 ἐπὶ
2545 719 2606 773 τὸ
2638 719 2862 789 ἄμεινον
2891 716 3161 774 εἰωθότων
3198 716 3404 787 ἐρημία
3432 715 3623 787 πολλὴ,
3658 717 3755 770 καὶ

2170 808 2247 871 ὡς
2280 809 2338 861 ἐν
2364 808 2555 862 σπάνει
2576 807 2942 876 παιδαγωγῶν
2965 808 2994 861 6
3020 807 3372 877 φενακισμὸς,
3396 805 3754 860 κινδυνευέτω

2176 900 2334 970 μόνος
2356 901 2385 953 6
2419 899 2748 970 βιασάμενος
2771 914 2784 927 ·
2815 896 3097 961 πλεονεξία
3122 896 3228 967 γὰρ
3256 897 3356 968 ήδη
3385 897 3446 950 τὸ
3471 896 3753 968 δρώμενον

2174 991 2270 1045 καὶ
2302 989 2475 1053 πάθος
2501 987 2952 1060 άνεπικούρητον,
2980 988 3077 1042 καὶ
3100 988 3315 1056 ἀνάγκη
3346 1003 3430 1050 τις
3457 987 3752 1055 δυσδιάφυ-

2174 1098 2325 1146 κτος,
2352 1079 2796 1154 παρακρούσεται
2828 1079 2928 1150 τὴν
2952 1079 3172 1150 γραφήν
3191 1096 3203 1107 ·
3232 1078 3266 1149 ἢ
3295 1081 3408 1140 τοῖς
3436 1077 3755 1147 ἀϐουλήτως
3854 1093 3861 1098 '

2173 1172 2629 1244 ἐπενηνεγμένοις
2670 1172 2746 1235 ὡς
2782 1170 3079 1236 ἀκουσίοις,
3116 1171 3377 1240 ἐπιτιμᾷν
3409 1170 3471 1223 οὐ
3500 1169 3753 1239 περιττὸν

2173 1263 2311 1319 εἶναι
2341 1267 2584 1336 φήσομεν
2600 1282 2615 1331 ;

491 1346 730 1403 vitandae
764 1350 915 1404 nulla
962 1349 1196 1407 facultas
1236 1352 1362 1417 fuit,
1420 1353 1683 1408 amolitur
1742 1355 1972 1409 crimen.
2035 1355 2120 1410 An
2175 1369 2331 1419 vero,
2371 1369 2495 1424 quae
2540 1361 2741 1426 prater
2780 1354 3120 1409 voluntatem
3162 1367 3265 1408 nos
3300 1351 3640 1422 opprimunt,
3689 1366 3755 1407 ea

492 1438 722 1508 perinde
743 1455 810 1496 ac
837 1440 883 1495 si
898 1442 1209 1498 voluntarie
1235 1444 1473 1501 admissa
1502 1446 1631 1510 sint,
1666 1461 1948 1512 accusare,
1990 1462 2099 1501 non
2133 1446 2299 1501 nimis
2337 1445 2598 1500 acerbum
2627 1462 2748 1501 esse
2765 1445 3054 1503 dicemus?

562 1537 764 1593 PALL.
790 1538 905 1593 Imo
941 1554 1074 1594 vero
1099 1555 1360 1611 prorsus:
1379 1543 1528 1613 justa
1565 1551 1652 1597 est
1677 1543 1826 1597 enim
1850 1542 1958 1597 lex.

548 1628 726 1701 .CYR.
756 1629 928 1685 Recte
977 1629 1136 1685 dicis.
1173 1630 1464 1686 Subtiliori
1489 1632 1671 1701 itaque
1698 1632 1949 1687 examine
1988 1631 2069 1686 fa-

495 1727 582 1774 cta
604 1718 892 1791 dijudicat,
920 1731 977 1777 et
996 1738 1097 1792 pro
1120 1737 1379 1778 mensura
1401 1733 1752 1793 peccatorum
1772 1723 2071 1778 vindictam

2246 1541 2453 1594 ΠΔΛΛ.
2497 1542 2817 1594 Παντάπασι
2855 1541 2956 1611 μὲν
2979 1536 3103 1595 οὖν·
3137 1539 3282 1603 ὅσιος
3311 1537 3420 1611 γάρ
3442 1541 3471 1592 6
3498 1541 3681 1610 νόμος.

2244 1632 2411 1686 ΚΥΡ.
2434 1627 2506 1685 Εὖ
2530 1632 2729 1700 λέγεις’
2756 1631 3069 1701 ίσχνοτέραν
3088 1631 3144 1685 δέ
3168 1629 3277 1684 τῶν
3298 1630 3593 1701 δρωμένων
3609 1633 3759 1685 ποιεῖ

2175 1722 2275 1794 τὴν
2307 1721 2558 1793 βάσανον,
2597 1722 2694 1776 καὶ
2729 1723 3019 1792 ἐπιμετρεῐ
3048 1723 3252 1793 τρόπον
3284 1721 3404 1776 τινὰ
3430 1724 3543 1785 τοῖς
3571 1722 3757 1792 πλημ-

498 1811 764 1867 adhibet:
791 1813 888 1879 ita,
914 1821 977 1869 ut
998 1829 1179 1883 neque
1221 1814 1277 1869 in
1302 1814 1472 1879 rebus
1515 1815 1818 1871 levioribus
1863 1814 2071 1870 admis-

2181 1810 2455 1882 μελήμασι
2474 1810 2573 1875 τὰς
2600 1811 2793 1884 ὀργάς,
2825 1810 2949 1865 οὔτε
2969 1811 3064 1865 τοῦ
3090 1811 3415 1876 κολάζεσθαι
3443 1813 3553 1866 δεῖν
3580 1813 3760 1868 ἁπαλ-

495 1915 617 1954 sum
641 1910 931 1971 peccatum
969 1904 1197 1959 omnino
1244 1904 1537 1970 condonet,
1563 1906 1860 1976 quominus
1882 1906 2077 1977 punia-

496 1999 620 2059 tur;
651 2009 833 2063 neque
852 2010 1050 2050 rursus
1076 1996 1429 2066 gravioribus
1459 2006 1743 2068 exaequet;
1767 1999 1863 2054 sed
1888 2014 2077 2069 parem

493 2084 821 2140 criminibus
843 2086 1107 2142 ultionem
1128 2088 1415 2158 rependit:
1437 2089 1513 2144 ait
1533 2088 1679 2145 enim
1705 2091 1905 2145 iterum
1934 2108 1946 2144 :
1981 2111 1997 2141 ι
2018 2089 2077 2145 Si

496 2183 683 2231 autem
738 2177 1018 2233 invenerit
1057 2180 1333 2250 quispiam
1364 2181 1603 2251 puellam
1640 2180 1911 2253 virginem
1955 2197 2077 2252 quae

492 2278 601 2318 non
641 2265 1087 2336 sitdesponsata,
1117 2275 1176 2324 et
1228 2269 1550 2339 Opprimens
1595 2285 1739 2336 eam,
1788 2270 2077 2326 dormierit

490 2370 617 2409 cum
640 2371 726 2422 ea,
760 2365 818 2413 et
860 2357 1120 2415 inventus
1162 2360 1351 2427 fuerit,
1402 2361 1556 2416 dabit
1597 2362 1762 2416 homo
1812 2362 1908 2432 qui
1944 2362 2075 2416 dor-

491 2446 677 2502 mierit
700 2464 826 2503 cum
852 2466 937 2515 ea,
970 2450 1117 2520 patri
1146 2452 1345 2521 puellae
1376 2452 1777 2523 quinquaginta
1800 2453 1966 2508 siclos
1989 2468 2078 2507 ar-

490 2539 660 2608 genti,
699 2548 757 2595 et
780 2541 887 2596 erit
918 2542 1091 2611 ipsius
1132 2558 1304 2609 uxor;
1336 2558 1437 2613 pro
1458 2559 1525 2599 eo
1559 2544 1710 2614 quod
1755 2544 2074 2599 humiliavit

492 2631 673 2685 illam:
705 2647 817 2685 non
838 2633 1046 2701 poterit
1071 2632 1352 2689 dimittere
1375 2649 1499 2688 eam
1519 2635 1671 2689 omni
1704 2637 2066 2705 temporelh

490 2721 663 2791 Igitur
683 2721 940 2777 adulterii
970 2723 1202 2779 crimine
1233 2725 1409 2778 teneri
1436 2726 1635 2780 statuit
1675 2726 1926 2796 quisquis
1948 2741 2074 2781 cum

492 2814 825 2884 desponsata
862 2829 1192 2885 congressus
1217 2815 1407 2880 fuerit,
1438 2816 1507 2871 iis
1536 2824 1718 2873 tamen
1763 2818 1963 2883 modis,
1985 2817 2073 2873 ni-

493 2907 717 2972 mirum,
744 2923 883 2977 quos
906 2907 1070 2963 modo
1105 2908 1365 2964 diximus.
1415 2907 1521 2964 Sed
1556 2909 1601 2964 si
1641 2910 1850 2965 nemini
1893 2910 2075 2965 adhuc

493 2998 842 3068 conjunctam
867 2998 1037 3054 fuisse
1062 3007 1296 3065 constet,
1326 3000 1564 3055 necdum
1587 2999 1810 3055 Christo
1833 3000 2072 3071 despon-

493 3096 666 3144 satam
692 3105 791 3159 per
823 3089 1008 3156 ﬁdem,
1030 3099 1287 3161 tanquam
1336 3091 1518 3162 specie
1547 3091 1778 3163 virginis
1811 3092 2070 3158 animam,

2176 1904 2386 1958 λάττων
2413 1904 2649 1957 είσάπαν
2681 1904 2742 1957 τὸ
2779 1904 2871 1957 ἐπὶ
2906 1906 3020 1968 τοῖς
3048 1903 3227 1974 μείοσι
3258 1904 3598 1975 πλημμελὲς,
3628 1904 3759 1958 οὔτε

2179 1997 2287 2068 μὴν
2333 1998 2391 2049 ἐν
2437 1996 2538 2067 ἴσῳ
2567 1998 2680 2058 τοίς
2731 1996 2871 2068 ὑπὲρ
2910 1996 3068 2050 τοῦτο
3108 1996 3308 2063 τιθεὶς,
3357 1996 3646 2068 ίσομεγέθη
3696 1997 3760 2051 δὲ

2174 2086 2365 2158 ῶσπερ
2406 2088 2518 2149 τοῖς
2564 2086 2888 2156 αἰτιάμασιν
2932 2085 3312 2157 άποτορνεύων
3358 2085 3458 2157 τὴν
3517 2085 3751 2154 κίνησιν.

2178 2179 2323 2248 Ἔφη
2347 2176 2458 2249 γὰρ
2491 2177 2651 2231 πάλιν
2670 2193 2686 2209 ·
2729 2195 2750 2228 ε
2797 2175 2923 2231 Ἐάν
2955 2177 3014 2230 δέ
3056 2194 3141 2240 τις
3164 2176 3299 2250 εὕρῃ
3328 2177 3428 2250 τὴν
3458 2178 3624 2233 παῖδα
3654 2179 3758 2249 τὴν

2174 2268 2481 2340 παρθένον,
2527 2268 2650 2339 ἥτις
2685 2269 2751 2322 οὐ
2800 2269 3240 2340 μεμνήστευται,
3276 2270 3372 2324 καὶ
3423 2270 3756 2342 βιασάμενος

2174 2361 2346 2427 αὐτὴν
2383 2360 2620 2432 κοιμηθῇ
2651 2359 2766 2431 μετ’
2812 2360 3004 2430 αὐτῆς,
3033 2361 3127 2414 καὶ
3158 2360 3380 2432 εὑρεθῇ,
3406 2361 3569 2414 δώσει
3601 2364 3630 2415 6
3663 2362 3758 2416 άν-

2174 2452 2391 2523 θρωπος
2415 2454 2443 2506 6
2471 2452 2758 2524 κοιμηθεὶς
2791 2452 2908 2524 μετ’
2942 2453 3116 2522 αὐτῆς
3139 2451 3218 2523 τῷ
3246 2454 3412 2522 πατρὶ
3442 2453 3543 2524 τῆς
3572 2454 3756 2507 νεάνι-

2171 2543 2261 2607 δος
2299 2544 2639 2615 πεντήκοντα
2670 2544 2943 2614 δίδραχμα
2971 2545 3257 2616 ἀργυρίου,
3286 2545 3383 2599 καὶ
3406 2545 3573 2599 αὑτοῦ
3600 2544 3758 2601 ἔσται

2172 2635 2330 2705 γυνὴ,
2372 2635 2489 2689 ἀνθ’
2542 2630 2617 2691 ὧν
2668 2636 3033 2690 ἐταπείνωσεν
3083 2637 3292 2708 αὑτήν
3355 2637 3425 2690 οὑν
3465 2637 3756 2708 δυνήσεται

2173 2724 2551 2789 ἐξαποστεῖλαι
2598 2724 2768 2797 αὐτὴν
2817 2726 2909 2780 τὸν
2946 2726 3161 2780 ἅπαντα
3202 2727 3411 2798 χρόνον.
3454 2744 3472 2777 ι
3523 2726 3757 2798 Μοιχεία

2176 2816 2275 2888 μὲν
2318 2811 2414 2870 οὖν
2460 2817 2714 2888 ὑπόχρεω
2750 2816 3123 2887 κατεστήσατο
3150 2816 3243 2870 τὸν
3282 2816 3508 2871 συνόντα
3546 2832 3758 2887 μεμνη-

2175 2910 2467 2981 στευμένῃ,
2499 2910 2639 2963 κατὰ
2662 2908 2895 2981 τρόπους
2932 2907 2988 2960 δὲ
3016 2906 3257 2977 δηλονότι
3290 2907 3417 2972 τοὺς
3442 2907 3542 2979 ήδη
3568 2924 3757 2979 προει-

2174 3002 2466 3073 ρημένους.
2490 3002 2553 3055 El
2579 3001 2636 3055 δὲ
2657 3001 2723 3073 δὴ
2749 3001 3008 3071 φαίνοιτο,
3042 3002 3196 3072 φησὶ,
3221 3000 3317 3053 καὶ
3341 2998 3623 3071 άσυναφὴς
3648 2998 3753 3066 ἔτι,

2173 3092 2611 3163 κατεγγυηθεῖσα
2659 3093 2716 3147 δὲ
2767 3090 2922 3146 οὔπω
2964 3090 3185 3162 Χριστῷ
3230 3090 3318 3145 διὰ
3363 3090 3462 3161 τῆς
3493 3089 3749 3154 πίστεως,

493 3180 658 3251 259
700 3181 901 3237 deinde
923 3183 1196 3254 quispiam
1237 3183 1426 3239 verbis
1462 3184 1530 3238 ad
1577 3183 1916 3253 impietatem
1941 3199 2068 3253 per-

2172 3185 2247 3249 ὼς
2280 3188 2336 3238 ἐν
2367 3185 2497 3238 εῐδει
2528 3184 2799 3257 παρθένου
2828 3183 2998 3254 ψυχὴ,
3044 3178 3167 3236 εἶτά
3203 3198 3288 3245 τις
3325 3179 3497 3250 αὐτὴν
3525 3181 3638 3242 τοῖς
3671 3181 3754 3242 εις

493 3272 827 3328 ducentibus
869 3289 989 3329 eam
1029 3275 1350 3345 inquinasse
1394 3274 1773 3345 deprehensus
1798 3275 1890 3339 sit,
1926 3282 1982 3330 et
2004 3290 2073 3329 ex

493 3379 606 3419 uno
631 3381 819 3421 errore
844 3366 911 3421 ad
945 3366 1181 3422 alterum
1227 3366 1560 3432 traduxisse,
1604 3373 1667 3420 ut
1707 3366 1952 3420 haeretici
1987 3365 2071 3420 fa-

492 3456 668 3521 ciunt,
687 3457 782 3526 qui
809 3459 1103 3514 nonnullos
1127 3474 1195 3512 ex
1216 3458 1475 3528 gentibus
1495 3472 1916 3526 nonnunquam,
1931 3463 1988 3510 et
2005 3472 2073 3510 ex

492 3547 700 3603 Iudaeis
740 3548 986 3618 rapiunt,
1032 3559 1110 3615 et,
1152 3559 1213 3605 ut
1258 3560 1585 3621 sequantur,
1630 3550 1994 3620 persuadent:
2025 3548 2073 3605 is

493 3639 719 3707 quidem
747 3656 858 3695 non
878 3640 988 3695 erit
1011 3657 1136 3696 eam
1168 3658 1285 3696 rem
1305 3643 1530 3712 impune
1565 3659 1769 3709 ausus;
1795 3643 2073 3713 persolvet

494 3730 644 3785 enim
667 3731 810 3801 patri
832 3733 1149 3802 spirituum,
1176 3734 1231 3788 id
1258 3742 1363 3799 est,
1383 3734 1514 3800 Deo,
1532 3734 1615 3789 sui
1631 3735 1839 3805 peccati
1861 3750 2070 3805 poenas,

493 3837 617 3892 quae
647 3830 904 3893 tanquam
941 3824 994 3879 in
1019 3841 1084 3881 ea
1120 3827 1367 3895 pecunia:
1390 3826 1563 3881 multa
1602 3842 1712 3881 non
1747 3826 1985 3882 absurde
2012 3826 2074 3881 ﬁ-

493 3923 782 3983 gurantur.
832 3914 971 3971 Illud
1028 3933 1195 3988 porro
1242 3935 1254 3971 :
1304 3918 1483 3989 Ipsius
1535 3919 1646 3973 erit
1701 3934 1859 3984 uxor,
1904 3918 2071 3974 etiam

487 4006 647 4075 juxta
669 4005 959 4061 historiam
992 4007 1126 4063 utile
1149 4015 1251 4063 est.

566 4093 763 4150 PALL.
787 4095 1038 4168 Intelligo
1061 4113 1193 4153 sane
1225 4097 1373 4168 quod
1397 4097 1567 4153 dicis:
1591 4097 1798 4168 duplex
1811 4104 1895 4153 est
1922 4098 2071 4153 enim

492 4187 600 4253 lex,
625 4190 861 4246 carnalis
887 4206 951 4247 ac
972 4191 1295 4262 spiritualis.

562 4282 719 4339 CYR.
772 4284 880 4341 Sed
933 4287 1096 4341 velim
1154 4285 1420 4341 observes
1468 4302 1536 4341 ne
1590 4287 1796 4341 veteris
1847 4285 2071 4356 quidem

492 4375 734 4431 mandati
756 4392 1066 4433 sermonem
1088 4379 1389 4448 ignorasse,
1438 4378 1586 4447 quod
1635 4377 1889 4433 Christus
1934 4376 2073 4431 dixit

492 4467 563 4522 de
609 4465 730 4521 viro
769 4474 933 4536 atque
979 4467 1246 4523 muliere:
1310 4466 1507 4532 «Quod
1563 4466 1711 4521 Deus
1760 4465 2066 4536 conjunxit,

493 4556 660 4610 homo
682 4572 795 4611 non
815 4565 1034 4626 separet
1054 4558 1119 4613 ⁷⁸.
1146 4575 1164 4608 ι
1194 4557 1372 4627 Ipsius
1393 4556 1565 4619 enim,
1593 4554 1794 4624 inquit,
1812 4554 1886 4609 sit
1909 4569 2066 4619 uxor,

493 4663 597 4717 pro
623 4661 691 4702 eo
712 4646 862 4717 quod
908 4648 1223 4703 humiliavit
1245 4648 1434 4702 illam:
1484 4662 1596 4701 non
1638 4646 1843 4716 poterit
1881 4646 2071 4701 dimit-

497 4746 613 4792 tere
642 4751 764 4792 eam
786 4738 937 4793 omni
959 4746 1225 4808 tempore.
1245 4737 1382 4792 Illud
1406 4745 1670 4807 praeterea
1700 4737 1866 4793 velim
1891 4735 2070 4792 anim-

492 4826 768 4893 advertas,
804 4836 1008 4898 quanta
1042 4827 1113 4883 sit
1137 4825 1496 4885 sanctissima:
1523 4825 1853 4897 virginitatis
1884 4826 2071 4897 gloriae

494 4918 836 4975 sublimitas:
874 4935 1002 4975 nam
1026 4919 1173 4975 illius
1193 4917 1627 4983 deﬂorationem,
1652 4933 1822 4974 sacrae.
1845 4919 2073 4974 divinae-

491 5026 601 5081 que
630 5010 853 5068 Littera:
877 5027 988 5066 non
1030 5010 1208 5067 solum
1251 5026 1372 5066 esse
1396 5011 1833 5067 humiliationem
1876 5026 2067 5067 sense-

493 5114 647 5171 runt,
680 5106 776 5163 sed
797 5106 966 5162 etiam
994 5104 1375 5176 appellandam
1398 5114 1740 5161 censuerunt
1768 5106 1926 5176 quasi
1972 5119 2067 5160 ve-

491 5197 796 5252 nerationis
815 5195 1106 5267 quamdam
1135 5194 1505 5251 amissionem.

562 5286 759 5341 PALL.
786 5288 956 5343 Recte
984 5285 1141 5342 dicis.

560 5376 718 5432 CYR.
755 5378 891 5434 Cum
949 5379 1133 5450 itaque
1192 5379 1577 5436 haereticorum
1615 5381 1669 5435 in
1724 5381 2066 5453 decipiendis

493 5467 812 5524 hominibus
848 5469 1119 5527 fallaciam
1151 5481 1405 5542 tanquam
1458 5473 1568 5526 Deo
1625 5488 1847 5528 exesam
1874 5489 1941 5528 ac
1971 5489 2062 5529 re-

491 5574 622 5614 vera
678 5559 963 5627 nefariam,
1016 5571 1073 5617 et
1136 5577 1328 5618 eorum
1389 5562 1484 5632 qui
1533 5571 1685 5618 recte
1746 5564 2062 5620 incedentes

491 5662 847 5721 corrumpere
878 5661 1303 5717 consueverunt,
1351 5653 1595 5707 studium
1638 5654 1920 5709 avertendi
1955 5673 2060 5711 cae-

596 5831 639 5862 "
660 5830 818 5887 Dcul.
855 5847 980 5900 xm,
1005 5831 1189 5897 28,29.
1250 5833 1291 5864 ⁷⁸
1321 5832 1483 5887 Marc.
1516 5849 1569 5901 χ,
1590 5834 1644 5889 9.

2173 3275 2492 3330 δυσσέϐειαν
2522 3275 2702 3345 λόγοις
2735 3274 3077 3344 καταμιάνας
3108 3271 3240 3343 ἁλῷ,
3279 3271 3374 3326 καὶ
3403 3269 3759 3342 παρενεγκὼν

2172 3368 2237 3421 ἐκ
2262 3367 2469 3438 πλάνης
2500 3369 2579 3431 εἰς
2608 3366 2895 3438 πλάνησιν,
2929 3363 3110 3418 ὁποῖόν
3132 3380 3186 3416 τι
3214 3362 3412 3433 δρῶσιν
3459 3362 3751 3433 αίρετικοὶ,

2172 3456 2300 3520 τοὺς
2343 3454 2403 3521 ἐξ
2434 3455 2606 3510 ἐθνῶν
2652 3454 2766 3508 ἐσθ’
2802 3455 2891 3507 ὅτε
2929 3453 3025 3508 καὶ
3082 3451 3348 3506 Ἰουδαίων
3390 3449 3752 3521 ἁρπάζοντες,

2171 3548 2403 3602 ἕπεσθαί
2434 3565 2493 3601 τε
2521 3548 2703 3617 σφίσιν
2737 3547 2921 3609 αὐτοῖς
2954 3544 3356 3621 ἀναπείθοντες,
3391 3542 3494 3595 οὐκ
3518 3541 3751 3611 ἀζήμιον

2172 3639 2401 3710 εὑρήσει
2423 3638 2483 3690 τὸ
2506 3638 2830 3709 ἐγχείρημα.
2876 3636 3154 3690 Ἀποτίσει
3186 3636 3295 3706 γάρ
3333 3634 3413 3704 τῷ
3443 3634 3613 3705 πατρὶ
3642 3634 3751 3687 τῶν

2174 3729 2522 3796 πνευμάτων,
2575 3730 2851 3792 τουτέστι,
2898 3727 2978 3799 τῷ
3023 3726 3162 3799 Θεῷ,
3220 3726 3323 3796 τῆς
3376 3724 3753 3796 πλημμελείας

2171 3824 2298 3888 τοὺς
2327 3822 2541 3891 λόγους,
2569 3822 2645 3886 ὡς
2677 3823 2735 3873 ἐν
2764 3820 2938 3892 ζημία
2964 3819 3262 3891 χρημάτων
3301 3816 3755 3888 ὑποτυπουμένης

2173 3910 2234 3969 εὖ
2268 3914 2433 3986 μάλα.
2467 3914 2541 3967 Τὸ
2570 3914 2649 3980 δὲ,
2689 3913 2866 3967 Αὐτοῦ
2897 3912 3050 3967 ἔσται
3077 3911 3237 3982 γυνὴ,
3265 3912 3333 3982 τῇ
3364 3909 3574 3982 ίστορίᾳ
3614 3909 3752 3981 χρή-

2174 4023 2356 4077 σιμον.

2243 4098 2452 4153 ΠΑΛΛ.
2506 4097 2735 4169 Συνίημι
2786 4097 2814 4151 δ
2867 4095 3012 4168 φής·
3058 4093 3278 4158 διπλοῦς
3324 4094 3435 4164 γὰρ
3482 4094 3512 4146 6
3544 4091 3747 4163 νόμος’

2173 4190 2439 4263 σαρκικός
2473 4208 2534 4244 τε
2572 4191 2668 4244 καὶ⁹
2691 4186 3081 4259 πνευματικός.

2241 4283 2406 4337 ΚΥΡ.
2447 4282 2727 4354 Ἐπιτήρει
2763 4280 2840 4347 δὲ,
2874 4280 3024 4344 ὅπως
3060 4277 3183 4332 οὐδέ
3219 4279 3249 4331 6
3272 4276 3371 4347 τῆς
3398 4274 3631 4346 ἀρχαίας
3661 4273 3750 4327 ἐν-

2170 4374 2332 4445 τολῆς
2369 4373 2607 4444 ἠγνόησε
2641 4372 2820 4441 λόγος,
2851 4371 2992 4440 ὅπερ
3034 4369 3140 4439 ἔφη
3184 4366 3419 4440 Χριστὸς
3463 4365 3654 4437 ἀνδρός
3689 4380 3750 4417 τε

2173 4468 2298 4537 πέρι
2333 4466 2426 4520 καὶ
2452 4463 2712 4535 γυναικός
2735 4479 2749 4492 ·
2805 4481 2824 4515 ι
2869 4463 2934 4516 Ὃ
2961 4456 3054 4515 οὖν
3089 4459 3220 4523 Θεὸς
3263 4457 3581 4522 συνέζευξεν
3605 4494 3620 4519 ,
3650 4455 3749 4509 ἄν·

2173 4555 2388 4626 θρωπος
2408 4554 2482 4626 μὴ
2506 4551 2807 4625 χωριζέτω.
2844 4567 2864 4600 ι
2892 4548 3066 4603 Δι’)τοῦ
3083 4548 3190 4620 γὰρ
3214 4547 3354 4601 ἔστω
3369 4547 3527 4616 γυνὴ,
3561 4543 3748 4615 φησὶν,

2172 4645 2288 4700 ἀνθ’
2327 4639 2404 4701 ὧν
2437 4643 2803 4699 ἐταπείνωσεν
2852 4640 3053 4712 αὐτήν·
3104 4641 3165 4694 οὐ
3211 4639 3500 4712 δυνήσεται
3549 4635 3747 4702 ἐξαπο-

2173 4737 2377 4791 στεῖλαι
2421 4736 2591 4804 αὐτὴν
2643 4732 2734 4792 τὸν
2783 4733 3000 4786 ἅπαντα
3053 4731 3264 4802 χρόνον.
3340 4730 3450 4785 Καὶ
3502 4728 3640 4798 πρός
3683 4743 3748 4796 γε

2170 4828 2382 4900 τούτῳ,
2416 4824 2629 4881 διανοοῦ
2681 4826 2783 4896 τῆς
2835 4823 3113 4892 πανάγνου
3166 4822 3466 4894 παρθενίας
3490 4861 3505 4887 ,
3552 4820 3748 4875 ὁπόσον

2173 4921 2291 4976 ἐστὶ
2322 4920 2384 4973 τὸ
2419 4919 2497 4981 ὡς
2537 4919 2597 4971 ἐν
2645 4917 2958 4989 αὐχήμασιν
3004 4915 3241 4988 ὑψηλόν·
3276 4915 3607 4970 ταπείνωσιν
3641 4913 3750 4984 γὰρ

2170 5006 2277 5066 οἶδέ
2313 5026 2374 5062 τε
2400 5009 2495 5063 καὶ
2521 5006 2806 5078 ὀνομάζειν
2837 5005 2979 5072 ἀξιοῖ
3006 5006 3107 5077 τῆς
3132 5005 3494 5059 θεοπνεύστου
3527 5004 3567 5056 Γ
3573 5004 3749 5075 ραφῆς

2169 5106 2197 5158 6
2228 5102 2404 5171 λόγος,
2438 5102 2538 5172 τὴν
2584 5097 3058 5168 διαπαρθένευσιν,
3098 5100 3193 5154 καὶ
3227 5098 3389 5152 οίονεὶ
3420 5097 3517 5167 τῆς
3550 5093 3744 5166 σεμνό-

2168 5208 2330 5262 τητος
2357 5190 2454 5261 τὴν
2488 5188 2772 5246 ἀπόθεσιν.

2243 5284 2451 5337 ΠΛΛΛ.
2495 5281 2699 5352 Ὀρθῶς
2731 5280 2891 5354 ἔφης.

2240 5376 2407 5430 ΚΥΡ.
2458 5375 2772 5446 ’Δποφήσας
2799 5375 2863 5445 δὴ
2903 5368 2995 5433 οὖν
3028 5373 3103 5436 ὡς
3131 5369 3362 5441 θεομισῆ
3394 5369 3490 5422 καὶ⁵
3536 5365 3747 5419 ἀνόσιον

2170 5468 2388 5541 ἀληθῶς
2414 5467 2506 5520 τὸν
2533 5467 2643 5520 τῶν
2676 5466 2998 5539 ἑτεροδόξων
3027 5461 3387 5533 φενακισμὸν,
3416 5459 3512 5512 καὶ
3542 5457 3639 5529 τὴν
3667 5457 3745 5520 είς

2171 5561 2482 5632 φαυλότητα
2507 5559 2870 5632 παρατροπὴν
2898 5558 3007 5613 τῶν
3036 5552 3433 5625 παραφθείρειν
3477 5547 3746 5604 εἰωθότων

2170 5655 2294 5718 τοὺς
2324 5652 2635 5725 ὀρθοποδεῖν
2678 5650 3008 5724 ᾑρημένους,
3041 5649 3135 5703 καὶ
3173 5647 3271 5717 τὴν
3297 5645 3380 5715 ἐφ’
3408 5643 3447 5699 ἃ
3479 5640 3556 5714 μὴ
3586 5654 3751 5711 προσ-
