4104 6434
319 339 430 398 545

997 331 1086 390 DE
1125 328 1571 388 ADORA’IIONE
1610 330 1678 386 IN
1719 326 1988 386 SPIRITU
2029 327 2117 384 ET
2157 330 2525 388 VERITATE.
2568 333 2697 387 LIB.
2741 332 2875 389 VIII.

3504 328 3608 386 ειε

328 457 472 527 ἧκεν
500 448 826 520 ἀπαγωγὴν,
862 444 1184 518 ἒπινενόηκέ
1213 465 1264 502 τι
1295 448 1390 502 καὶ
1437 448 1645 520 ἕτερον,
1679 447 1707 500 ὃ
1740 446 1804 516 δὴ
1829 442 1913 498 καλ

2029 454 2176 500 teros
2197 446 2264 500 ad
2296 447 2729 516 improbitatem,
2769 454 2827 501 et
2859 443 2926 500 ad
2981 459 3046 499 ea
3096 457 3219 514 quae
3255 457 3368 498 non
3401 457 3607 498 conve-

313 545 486 608 αὐτὸς
510 545 641 614 ἡμῖν
667 543 694 594 ὁ
723 539 1012 602 θεσπέσιος
1051 538 1267 602 Παῦλος
1319 538 1668 611 μαθημάτων
1693 537 1914 609 ἄριστον

314 638 578 698 ἐποιεῖτο,
618 633 822 702 λέγων’
850 633 884 684 ἰ
926 631 1020 702 Μὴ
1061 631 1392 702 λογομαχεῖν
1429 632 1518 685 ἐπ’
1569 629 1745 683 οὐδενὶ
1777 644 1914 698 χρη-

256 710 267 725 ’
315 730 490 800 σίμῳ,
522 727 556 798 ἢ
591 727 682 779 ἐπὶ
712 727 1065 794 καταστροφῇ
1105 723 1216 777 τῶν
1245 709 1576 777 ἆκουόντων.
1631 741 1648 774 ι
1699 721 1765 773 Αἱ
1803 719 1915 790 γὰρ

313 822 586 894 περιτταὶ.
610 818 877 883 διαλέξεις
905 857 920 881 ,
954 818 1050 872 καὶ
1094 817 1156 870 τὸ
1201 816 1507 886 φιλόνεικον
1542 812 1741 885 κομιδῇ
1785 812 1916 884 περὶ

313 914 584 985 ζητήσεις
606 953 620 976 ,
668 913 769 966 οὐκ
824 910 1134 980 ἀναγκαίας
1163 908 1398 979 γεννῶσι
1442 908 1624 979 μάχας
1645 947 1660 972 ,
1700 905 1794 959 καὶ
1825 906 1915 958 τὸν

309 1005 429 1058 τῶν
454 1003 822 1075 ἀκροωμένων
850 1000 1117 1054 τύπτουσι
1142 998 1266 1052 νοῦν
1293 1016 1304 1028 ·
1343 999 1392 1051 οἱ
1424 997 1522 1068 μὲν
1549 995 1678 1066 γὰρ,
1703 994 1761 1060 ἐξ
1788 993 1916 1046 ὲλαο

311 1099 490 1171 φρίας
513 1138 527 1160 ,
555 1096 616 1150 τὸ
650 1095 728 1166 μὴ
757 1093 936 1167 ὀρθῶς
972 1093 1094 1165 ἔχον
1127 1108 1188 1144 τε
1223 1091 1319 1145 καὶ
1348 1089 1639 1161 εἰρημένον
1684 1087 1796 1141 ἔσθ’
1825 1087 1915 1140 ὅτε

312 1189 576 1262 προαλῶς
603 1205 662 1241 τε
689 1188 786 1241 καὶ
817 1185 1045 1257 ἀμαθῶς
1093 1183 1432 1254 είσδέχονταί
1460 1198 1519 1236 τε
1543 1185 1636 1235 καὶ
1672 1181 1915 1233 ἐπαινεῖν

313 1283 717 1348 σπουδάζουσιν
742 1295 755 1308 ·
785 1281 834 1332 οἱ
865 1280 940 1344 δὲ,
973 1281 1086 1342 τοῖς
1111 1278 1360 1347 ἀρίστοις
1388 1276 1485 1347 τὴν
1514 1274 1709 1346 αἰσχίω
1735 1273 1913 1343 ψῆφον

325 1377 655 1444 ἐπάγοντες,
683 1373 784 1445 τὴν
813 1373 934 1442 ῐσην
960 1372 1069 1433 τοῖς
1089 1369 1273 1432 ἄλλοις
1300 1366 1720 1440 ὴρῤωστηκότες
1749 1366 1916 1418 ἀπαι-

319 1469 568 1530 δευσίαν,
604 1467 783 1522 ἁλοῖεν
820 1465 916 1520 ἄν·
952 1462 1122 1531 ὀλίγοι
1154 1462 1211 1516 δὲ
1237 1460 1517 1523 παντελῶς
1543 1462 1593 1512 οί
1619 1457 1914 1529 διακρίνειν

311 1563 538 1624 ειδότες,
569 1561 665 1614 καὶ
692 1557 787 1613 τοῦ
822 1555 1212 1611 κατασίνεσθαι
1256 1554 1560 1623 πεφυκότος
1590 1551 1914 1623 προτάττειν

310 1656 376 1708 τὸ
422 1652 689 1723 ὠφελοῦν.
741 1649 1000 1719 Ἀπληγα
1025 1648 1082 1701 δὲ
1116 1647 1208 1701 τὸν
1248 1646 1377 1699 νοῦν
1418 1640 1564 1700 οὗτοι
1593 1641 1912 1714 διατηροῦσι

317 1747 476 1818 μόλις
522 1748 580 1799 ὲν
628 1746 748 1806 ταῖς
783 1741 891 1795 τῶν
919 1740 1123 1811 ἑτέρων
1167 1738 1547 1810 λογομαχίαις.
1595 1735 1806 1790 Οὐκοῦν
1835 1734 1912 1798 ὼς

307 1839 470 1892 ἔσται
508 1838 569 1890 τὸ
615 1835 807 1907 χρῆμα
854 1837 964 1898 τοῖς
1015 1833 1149 1904 δρᾷν
1179 1831 1455 1885 ἐθέλουσιν
1503 1830 1604 1883 οὐκ
1651 1827 1906 1899 ἀζήμιον,

313 1931 691 1986 ὐπαινίττεται
717 1927 881 1980 πάλιν
899 1927 1030 1998 ἡμῖν
1053 1928 1080 1979 ὁ
1099 1925 1283 1995 νόμος,
1312 1924 1506 1994 λέγων·
1527 1922 1695 1988 «Ἐὰν
1723 1919 1779 1973 δὲ
1809 1921 1911 1991 μά·-

307 2035 520 2090 χωνται
557 2017 649 2070 δύο
680 2015 893 2086 ἄνδρες,
926 2015 1022 2068 καὶ
1052 2011 1336 2076 πατάξωσι
1359 2013 1595 2080 γυναῖκα
1618 2009 1677 2062 ὲν
1709 2005 1910 2078 γαστρὶ⁵

307 2111 568 2180 ἔχουσαν,
607 2109 700 2161 καὶ
736 2105 928 2178 ἐξέλθῃ
961 2106 1022 2158 τὸ
1064 2105 1280 2158 παιδίον
1335 2104 1508 2173 αὐτῆς
1543 2102 1618 2174 μὴ
1658 2101 1912 2166 ὲξεικονι-

310 2202 538 2273 σμένον,
572 2200 862 2270 ἐπιζήμιον
890 2197 1326 2269 ζημιωθήσεται,
1359 2195 1551 2250 καθότι
1575 2194 1640 2248 ἂν
1676 2193 1911 2264 ἐπιϐάλῃ

305 2295 336 2347 ὁ
383 2293 530 2364 ἀνὴρ
579 2293 677 2364 τῆς
711 2291 1009 2360 γυναικὸς,
1057 2291 1151 2343 καὶ
1191 2288 1356 2342 δώσει
1393 2287 1532 2358 μετὰ
1575 2286 1907 2358 ἀξιώματος.

321 2387 453 2440 Ἐὰν
479 2386 536 2438 δὲ
567 2383 1000 2453 ὲξεικονισμένον
1023 2379 1080 2457 ᾖ,
1110 2381 1270 2435 δώσει
1297 2380 1476 2452 ψυχὴν
1502 2381 1622 2434 ἀντὶ
1653 2379 1850 2451 ψυχῆς.
1885 2397 1904 2432 ι

307 2483 484 2552 Λόγος
520 2481 617 2553 μὲν
642 2475 768 2547 οῦν,
801 2481 858 2533 ὲν
892 2481 1080 2550 μήτρᾳ
1118 2478 1179 2530 τὸ
1209 2477 1470 2550 ἔμϐρυον,
1508 2475 1910 2545 άνθρωποειδὲς

304 2575 546 2646 ὁρᾶσθαι
585 2574 738 2645 μόλις
762 2615 776 2638 ,
819 2575 913 2626 καὶ
950 2573 1030 2635 είς
1069 2571 1240 2624 τύπον
1274 2570 1411 2623 ἰέναι
1457 2568 1553 2622 τοῦ
1604 2568 1728 2622 καθ’
1764 2569 1912 2639 ἡμᾶς

309 2659 573 2738 σώματος
607 2667 759 2729 τότε,
805 2667 894 2719 ὅτε
937 2667 1030 2719 καὶ
1064 2664 1299 2738 ἀριθμὸς
1339 2665 1426 2716 ἐπ’
1457 2661 1606 2733 αὐτῷ
1638 2679 1912 2733 τεσσαρα-

306 2761 746 2832 κοστῆςήμέρας
769 2758 1199 2830 διαπεραίνεται.
1233 2755 1504 2830 Ταύτῃτοί
1546 2771 1681 2824 φασι
1706 2754 1910 2808 Μωσέα

312 2855 426 2927 μὲν
453 2853 544 2907 τὸν
578 2854 914 2925 πανάριστον
937 2852 1002 2905 ὲκ
1027 2851 1127 2920 τῆς
1157 2851 1214 2903 ὲν
1239 2847 1506 2918 Αἰγύπτῳ
1535 2847 1747 2916 πλάνης
1772 2849 1911 2900 οίονε

307 2947 361 3000 εί
399 2963 521 3009 πως
553 2944 882 2998 ἀνωδίνοντὰ
914 2960 973 2996 τε
998 2943 1091 2996 καὶ
1117 2940 1540 3012 ἀναμορφοῦντα
1562 2939 1651 2992 τὸν
1690 2938 1910 3011 Ἰσραὴλ

307 3041 395 3104 εἰς
431 3039 531 3109 τὴν
562 3039 618 3092 ὲν
648 3037 800 3108 νόμῳ
827 3034 994 3105 ζωὴν,
1023 3035 1208 3088 σιτίων
1246 3031 1550 3103 ἀπέχεσθαι
1575 3033 1670 3086 καί
1694 3031 1907 3084 ποτῶν·

312 3153 335 3186 ς
390 3134 592 3203 ’Λρτον
621 3131 751 3202 γὰρ,
801 3129 987 3200 φησὶν,
1041 3129 1140 3181 οὐκ
1184 3127 1408 3198 ἔφαγον,
1462 3125 1556 3178 καλ¹
1612 3123 1756 3194 ὕδωρ
1810 3123 1912 3176 οὐκ

306 3229 472 3283 ἔπιον
501 3226 918 3299 τεσσαράκοντα
949 3224 1184 3296 ἡμέρας.
1224 3242 1242 3273 ι
1281 3222 1391 3275 Καὶ
1436 3222 1517 3284 είς
1549 3220 1695 3291 ἡμᾶς
1723 3218 1779 3272 δὲ
1815 3220 1914 3272 αύ-

305 3322 482 3384 τοὺς,
521 3317 896 3386 ὑποτοπητέον
942 3315 1141 3387 δράσαι
1190 3331 1251 3366 τε
1285 3312 1439 3366 τοῦτο
1477 3311 1573 3366 καὶ
1622 3311 1913 3381 ὑπομεῖναι

307 3411 572 3485 Χριστόν.
617 3407 1020 3480 Ἀνεμορφοῦτο
1054 3405 1160 3477 γὰρ
1195 3406 1254 3459 ἐν
1279 3403 1429 3474 αὐτῷ
1469 3402 1605 3474 πρὸς
1638 3400 1914 3472 ἁγιασμὺν

304 3506 376 3560 δι’
432 3503 768 3576 ἐγκρατείας
817 3502 851 3571 ὴ
889 3499 1088 3570 φύσις,
1139 3497 1200 3562 ἐξ
1240 3496 1519 3569 ἀκρατοῦς
1576 3495 1812 3566 ὀρέξεως
1855 3496 1914 3547 ἐν

307 3600 518 3670 ἀρχαῖς
571 3597 630 3649 ὲν
663 3594 742 3662 τῷ
789 3593 1206 3665 πρωτοπλάστῳ
1243 3591 1336 3644 τὸν
1367 3593 1448 3654 είς
1495 3588 1777 3660 ἁμαρτίαν
1821 3588 1915 3641 καὶ

310 3687 636 3759 παράϐασιν
671 3685 1078 3763 ἀρέωστήσασα
1114 3680 1412 3753 μολυσμόν.
1447 3680 1619 3734 Ταυτὶ
1647 3680 1745 3750 μὲν
1765 3681 1915 3750 ἡμᾶς

307 3785 420 3837 οὐκ
449 3780 712 3836 ἀπίθανον
754 3779 957 3832 ἐννοεῖν
983 3792 997 3807 ’
1045 3775 1205 3846 πλὴν,
1241 3775 1389 3839 ὅπως
1421 3773 1542 3827 ποτ’
1580 3772 1647 3827 ἂν
1677 3771 1790 3842 ἔχοι
1816 3773 1916 3842 τῆς

311 3873 567 3945 ἱστορίας
593 3875 622 3927 ό
652 3872 833 3942 λόγος,
857 3869 1143 3943 παρείσθω
1174 3868 1293 3922 νυνί
1314 3886 1328 3900 ·
1362 3867 1480 3932 πῶς
1510 3867 1556 3922 δ’
1579 3866 1647 3922 ἂν
1669 3867 1913 3922 νοεῖσθαι

309 3965 557 4039 πρέποι,
585 3965 645 4019 τὸ
672 3966 910 4034 γυναῖκα
945 3961 1282 4032 πλήττεσθαι
1318 3962 1418 4031 τὴν
1449 3962 1507 4014 ἐν
1529 3959 1730 4030 γαστρὶ
1767 3959 1916 4029 ἔχου-

312 4076 444 4126 σαν,
481 4057 620 4130 πρὸς
651 4056 760 4110 τῶν
799 4053 1072 4109 εἰωθότων
1093 4053 1450 4122 λογομαχεῖν,
1485 4048 1620 4121 φέρε
1652 4050 1742 4121 δὴ,
1776 4049 1912 4120 φέρε

308 4147 777 4220 διαπεπτώμεθα
797 4165 810 4179 ·
846 4146 908 4201 τὸ
929 4147 1039 4218 γάρ
1063 4161 1146 4198 τοι
1167 4144 1290 4198 λίαν
1318 4141 1666 4212 ἰσχνομυθεῖν
1686 4140 1751 4194 ἐν-
1764 4157 1827 4208 γε
1848 4140 1913 4210 δὴ

309 4239 568 4304 τούτοις,
607 4240 710 4292 οὐκ
754 4234 1014 4307 ἀτερπές.
1064 4229 1276 4286 Οὐκοῦν
1324 4229 1538 4301 καρπὸς
1585 4227 1651 4280 ἂν
1701 4227 1788 4296 εἴη
1819 4227 1913 4280 καὶ

311 4332 513 4402 κύημα
546 4329 658 4394 νοῦ,
696 4330 879 4392 πίστις
913 4329 946 4400 ἡ
987 4326 1068 4390 εἰς
1101 4320 1358 4394 Χριστὸν,
1387 4322 1455 4374 δι’
1485 4319 1733 4381 ἐντελοῦς
1767 4321 1914 4389 ἡμᾶς

311 4421 577 4493 γνώσεως
627 4421 1048 4476 ἀναπλάττουσα
1095 4417 1232 4489 πρὸς
1269 4414 1472 4479 αὐτὸν,
1524 4413 1618 4466 καὶ
1661 4413 1741 4475 είς
1773 4411 1914 4465 θεῖον

1939 1795 1986 1855 Β

2018 539 2182 593 niunt
2221 539 2554 604 abducendi,
2583 539 2987 610 prohibuisset,
3020 536 3170 592 aliud
3201 535 3466 606 quiddam
3507 551 3608 591 ex-

2018 632 2302 703 cogitavit,
2331 631 2479 700 quod
2506 633 2686 701 ipsum
2721 631 2918 685 beatus
2965 644 3188 698 quoque
3223 627 3446 689 Paulus,
3483 635 3608 687 tan-

2017 739 2182 795 quam
2243 723 2508 793 optimam
2568 722 2729 776 nobis
2784 720 3135 790 disciplinam
3182 717 3443 772 tradidit:
3488 716 3609 771 «Ne

2017 829 2326 888 pugnemus
2353 812 2562 878 verbis,
2598 827 2721 881 qua:
2762 811 2830 866 ad
2861 811 3102 865 nihilum
3135 809 3343 874 valent,
3380 808 3490 862 nisi
3537 805 3608 861 ad

2017 906 2442 962 subversionem
2503 903 2851 958 audientium
2887 904 2998 957 ⁷⁸.»
3055 902 3193 957 Nam
3250 912 3610 970 supervacuae

2019 999 2124 1053 illa:
2152 997 2580 1068 disputationes,
2616 1002 2672 1049 et
2720 994 2891 1048 nimia
2927 994 3097 1068 _circa
3131 992 3470 1063 quaestiones
3499 990 3607 1043 mi-

2017 1091 2165 1144 nime
2183 1088 2525 1144 necessarias
2551 1085 2856 1149 contentio,
2885 1065 3405 1156 generantpugnas,
3430 1092 3488 1137 et
3512 1098 3610 1136 au-

2017 1182 2288 1238 dientium
2324 1180 2538 1234 animos
2588 1178 2836 1232 feriunt:
2873 1193 2902 1231 e
2938 1177 3144 1246 quibus
3182 1175 3433 1230 nonnulli
3485 1173 3611 1244 qui.

2016 1273 2141 1328 dem
2173 1287 2242 1326 ex
2269 1271 2514 1334 levitate,
2561 1267 2708 1338 quod
2755 1282 2938 1337 neque
2997 1275 3146 1320 recte
3207 1266 3395 1330 habet,
3425 1280 3609 1332 neque

2015 1365 2227 1420 dictum
2259 1372 2363 1428 est,
2396 1371 2602 1417 temere
2643 1368 2700 1416 et
2752 1359 2952 1413 inscite
3003 1370 3403 1426 nonnunquam
3453 1357 3607 1411 θεοῖο

2015 1459 2193 1529 piunt,
2219 1463 2276 1512 et
2301 1455 2560 1511 laudibus
2597 1454 2836 1508 tollunt:
2891 1451 2983 1506 alii
3015 1465 3211 1504 rursus
3263 1449 3333 1504 de
3385 1449 3610 1518 Optimis

2013 1551 2152 1607 viris
2176 1557 2336 1620 turpe
2371 1547 2645 1619 judicium
2674 1547 2963 1611 facientes,
3021 1543 3238 1605 eadem,
3276 1557 3386 1612 qua
3417 1541 3607 1611 primi,

2017 1641 2237 1696 inscitia
2305 1639 2563 1693 laborare
2602 1636 3146 1708 deprehenduntur:
3200 1633 3362 1704 pauci
3421 1640 3610 1686 autem

2015 1733 2312 1788 admodum
2337 1730 2609 1802 judicare,
2640 1736 2696 1784 et
2727 1728 2897 1783 rebus
2927 1726 3110 1783 noxiis
3157 1726 3314 1781 utilia
3350 1723 3611 1795 praeferre

2017 1827 2238 1891 sciunt,
2296 1825 2501 1894 vixque
2530 1823 2568 1877 ii
2620 1821 2890 1876 duntaxat
2938 1820 2995 1874 in
3049 1820 3286 1875 aliorum
3319 1818 3610 1873 hominum

2017 1918 2318 1973 verborum
2363 1914 2563 1986 pugnis
2603 1913 3015 1967 invulneratum
3063 1911 3310 1965 animum
3362 1918 3607 1964 servant.

2019 2011 2209 2081 Itaque
2248 2009 2304 2063 id
2331 2006 2668 2063 facientibus
2705 2021 2817 2060 non
2859 2004 3194 2075 impunitum
3231 2002 3350 2058 fore
3400 2002 3612 2056 indicat

2019 2117 2241 2157 rursum
2271 2101 2380 2165 lex,
2413 2114 2540 2154 cum
2565 2097 2736 2152 dicit:
2783 2116 2801 2149 ι
2830 2096 2888 2152 Si
2913 2112 3047 2151 vero
3088 2095 3199 2150 duo
3230 2094 3335 2149 viri
3361 2109 3612 2164 pugnan-

2021 2204 2104 2250 tes
2157 2191 2537 2264 percusserint
2589 2191 2884 2245 mulierem
2945 2190 3001 2244 in
3072 2196 3234 2244 utero
3287 2186 3608 2247 habentem.

2019 2288 2186 2358 260
2239 2294 2296 2341 et
2340 2285 2541 2342 exierit
2593 2284 2774 2340 infans
2809 2285 2949 2355 ejus,
3010 2279 3259 2335 nondum
3317 2277 3606 2341 formatus,

2017 2383 2192 2437 multa
2218 2380 2565 2446 multabitur,
2613 2385 2880 2449 quantum
2930 2373 3194 2428 indixerit
3240 2370 3324 2425 vir
3362 2369 3612 2424 mulieris

2012 2462 2189 2539 illius,
2217 2471 2447 2528 etdabit
2476 2487 2602 2526 cum
2628 2468 3037 2540 postulatione;
3072 2466 3158 2520 sin
3182 2464 3452 2519 formatus
3487 2461 3610 2516 fue-

2021 2569 2112 2633 rit,
2136 2567 2291 2624 dabit
2336 2565 2577 2620 animam
2637 2577 2739 2633 pro
2777 2563 2962 2616 anima
3008 2560 3074 2612 3°.
3107 2578 3124 2610 ι
3176 2556 3384 2612 Ferunt
3445 2554 3612 2625 igitur

2020 2660 2195 2716 fetum
2223 2661 2281 2714 in
2314 2668 2478 2714 utero
2495 2658 2586 2714 vix
2617 2655 2843 2712 tandem
2900 2653 2970 2708 ad
3030 2653 3333 2706 humanam
3370 2649 3612 2719 speciem

2019 2752 2261 2810 effictum
2295 2753 2496 2819 videri,
2531 2760 2588 2806 et
2618 2749 2687 2805 ad
2735 2747 2965 2819 figuram
3008 2742 3184 2798 nostri
3224 2739 3480 2810 corporis
3510 2753 3605 2792 ac-

2021 2845 2239 2910 cedere,
2261 2859 2498 2899 numero
2532 2839 2897 2912 quadraginta
2926 2835 3144 2891 dierum
3180 2831 3400 2900 expleto
3457 2827 3611 2882 ideo-

2019 2951 2128 3007 que
2168 2936 2324 2990 aiunt
2365 2934 2607 3005 Moysen,
2634 2931 2818 2985 virum
2872 2927 3165 2998 Optimum,
3220 2937 3345 2977 cum
3398 2919 3614 2975 Israelis

2022 3004 2288 3096 populum
2315 3040 2383 3078 ex
2419 3004 2514 3077 illo
2537 3018 2754 3091 Egypti
2787 3030 2977 3072 errore
3006 3012 3075 3067 ad
3102 3011 3273 3065 vitam
3305 3004 3612 3063 secundum

2020 3119 2196 3189 legem
2224 3115 2535 3171 ducendam
2595 3113 2797 3167 iterum
2857 3101 3265 3179 quodammodo
3310 3099 3614 3171 parturirct

2019 3229 2083 3268 ac
2114 3213 2464 3273 reformaret,
2502 3207 2630 3264 cibo
2659 3212 2715 3260 et
2766 3210 2900 3273 potu
2945 3197 3283 3255 abstinuisse
3315 3212 3327 3248 :
3363 3213 3380 3244 ι
3405 3193 3613 3247 Panem

2017 3307 2188 3369 enim,
2215 3303 2414 3375 inquit,
2449 3316 2562 3356 non
2589 3295 2828 3362 comedi,
2850 3303 2907 3349 et
2932 3305 3133 3363 aquam
3173 3304 3286 3343 non
3334 3286 3452 3341 bibi
3477 3300 3614 3356 qua-

2018 3401 2272 3472 draginta
2329 3397 2529 3453 diebus
2573 3395 2640 3448 8‘.
2680 3412 2698 3443 ι
2763 3390 2915 3446 Idem
2959 3399 3179 3456 quoque
3230 3389 3458 3452 propter
3510 3393 3615 3472 nos

2018 3471 2168 3565 ipsos
2218 3487 2648 3547 existimandum
2705 3491 2791 3541 est
2846 3491 2902 3537 et
2951 3478 3169 3542 fecisse,
3199 3485 3258 3530 et
3316 3471 3614 3544 pertulisse

2017 3561 2336 3640 Christum:
2363 3576 2773 3634 reformabatur
2798 3572 2948 3628 enim
2980 3571 3038 3623 in
3072 3583 3139 3623 eo
3188 3564 3258 3620 ad
3296 3561 3615 3620 sanctifica-

2019 3677 2228 3732 tionem
2260 3689 2360 3744 per
2378 3668 2800 3741 temperantiam
2858 3671 3050 3718 nostra
3108 3668 3327 3721 natura,
3373 3671 3498 3726 quae
3545 3653 3616 3707 ab

2019 3764 2180 3819 initio
2203 3761 2258 3816 in
2292 3761 2518 3815 homine
2545 3759 2786 3830 primum
2819 3753 3078 3817 formato,
3096 3765 3198 3820 per
3241 3747 3613 3816 intemperan-

2020 3864 2133 3912 tem
2167 3853 2499 3926 appetitum,
2530 3849 2746 3922 peccati
2778 3843 3349 3915 transgressionisque
3399 3837 3616 3893 macula

2018 3952 2203 4007 fuerat
2225 3948 2532 4019 inquinata.
2558 3945 2740 4013 Atque
2792 3941 2910 3994 haec
2941 3953 2973 3992 a
3014 3935 3177 3991 nobis
3220 3931 3447 4002 quidem
3502 3945 3615 3984 non

2019 4041 2466 4116 improbabiliter
2510 4035 2950 4106 excogitantur:
3005 4026 3212 4090 tamen,
3280 4038 3614 4094 quocunque

2019 4113 2184 4193 modo
2219 4149 2279 4190 se
2309 4131 2512 4187 habeat
2542 4126 2790 4183 historia:
2825 4121 2989 4185 ratio,
3048 4117 3117 4172 ad
3167 4129 3412 4186 praesens
3445 4113 3612 4168 omit-

2020 4238 2197 4285 tatur:
2238 4222 2515 4295 quomodo
2569 4227 2757 4274 autem
2804 4209 3040 4282 intelligi
3092 4206 3389 4262 conveniat
3448 4203 3610 4266 illud,

2018 4318 2313 4375 mulierem
2365 4314 2423 4368 in
2464 4320 2627 4366 utero
2674 4306 2976 4362 habentem
3031 4300 3100 4355 ab
3135 4299 3202 4353 iis
3255 4298 3352 4368 qui
3398 4309 3614 4367 pugnas

2017 4410 2323 4466 verborum
2357 4417 2617 4460 exercere
2641 4388 3331 4461 consueverunt,percuti,
3359 4402 3456 4457 age
3497 4386 3612 4456 jam

310 4479 696 4585 διαμορφοῦσα
731 4513 931 4567 τύπον·
966 4512 1064 4564 καὶ
1102 4479 1234 4578 γοῦν
1263 4507 1314 4560 οἱ
1362 4503 1792 4568 πεπιστευκότες
1825 4503 1913 4557 διὰ

2021 4499 2462 4558 consideremus:
2489 4507 2617 4548 nam
2679 4487 2959 4544 subtiliter
2996 4481 3294 4540 admodum
3329 4479 3611 4534 disserere

313 4609 508 4674 φωνῆς
551 4607 796 4670 Ἡσαΐου,
823 4604 1004 4666 τοῦτο,
1038 4599 1193 4674 οἶμαί
1219 4617 1350 4665 που,
1385 4597 1914 4669 κατασημαίνοντες,

311 4694 378 4752 εὖ
419 4698 565 4769 μάλα
597 4696 1047 4768 κατακεκράγασι
1075 4712 1088 4726 ο
1128 4713 1147 4747 ι
1186 4693 1287 4747 Διὰ
1319 4693 1412 4746 τὸν
1444 4691 1608 4761 φόϐον
1643 4707 1738 4743 σου
1759 4733 1772 4752 ,
1804 4690 1919 4742 Κύ-

316 4808 406 4863 ριε
435 4830 452 4854 ,
489 4791 545 4842 ὲν
597 4790 797 4860 γαστρὶ
851 4789 1118 4859 ἐλάϐομεν
1147 4826 1161 4851 ,
1215 4786 1310 4839 καὶ
1382 4783 1730 4855 ὠδινήσαμεν
1758 4824 1772 4847 ,
1823 4782 1918 4835 καὶ

312 4883 612 4952 ἐτέκομεν,
665 4880 886 4951 πνεῦμα
941 4878 1220 4951 σωτηρίας
1273 4894 1368 4930 σου
1426 4877 1769 4946 ἐποιήσαμεν
1822 4874 1916 4926 ἐπὶ

310 4973 420 5043 τῆς
448 4971 576 5041 γῆς.
611 4991 629 5023 ι
665 4972 876 5026 Οὐκοῦν
907 4971 1123 5043 καρπὸς
1148 4969 1217 5024 ἂν
1244 4969 1333 5039 εἴη
1355 4969 1450 5022 καὶ
1491 4966 1684 5038 κύημα
1723 4965 1814 5020 νοῦ
1852 4965 1912 5019 τὸ

311 5063 698 5133 πνευματικὸν
731 5065 826 5117 καὶ
861 5065 1154 5135 σωτήριον,
1199 5062 1380 5124 πίστις
1409 5062 1442 5132 ὴ
1470 5061 1551 5122 εἰς
1588 5059 1845 5130 Χριστὸν,
1877 5058 1912 5127 ἢ

313 5158 419 5210 καὶ
467 5155 598 5218 τοὺς
666 5155 846 5220 θείους
898 5158 1034 5227 ἡμῖν
1091 5154 1451 5228 χαρακτῆρας
1499 5150 1909 5222 ἐνσημαίνεται.

313 5246 451 5308 Τοῖς
491 5245 622 5314 γοῦν
675 5246 740 5298 ὲκ
778 5243 1117 5316 τελεωτέρας
1158 5241 1415 5313 γνώσεως
1479 5239 1913 5311 μετερρυηκόσιν

312 5337 554 5409 ἀμαθῶς
579 5338 660 5402 είς
700 5339 801 5409 τὴν
846 5337 986 5408 μείω
1013 5353 1074 5390 τε
1111 5336 1208 5390 καὶ
1239 5333 1603 5405 ἁτελεστέραν
1629 5373 1644 5398 ,
1676 5332 1916 5385 Γαλάται

311 5431 375 5484 δὲ
434 5424 584 5485 οῦτοι
610 5469 626 5494 ,
662 5428 1010 5502 προσεφώνει
1057 5429 1231 5496 λέγων
1270 5429 1298 5480 ὁ
1328 5426 1613 5488 θεσπέσιος
1661 5423 1872 5486 Παῦλος
1901 5437 1914 5452 ⁸

319 5540 344 5570 ι
399 5523 606 5577 Τεκνία
639 5541 764 5595 μου,
791 5523 886 5587 οὓς
913 5521 1074 5578 πάλιν
1109 5521 1284 5575 ὠδίνω
1308 5561 1322 5585 ,
1354 5521 1514 5591 ἄχρις
1553 5512 1614 5572 οὗ
1651 5516 1916 5588 μορφωθῇ

315 5611 566 5678 Χριστὸς
599 5615 658 5668 ἐν
683 5614 836 5684 ύμῖν.
876 5631 894 5666 ι
943 5608 1331 5682 Ἐναρξάμενοι
1355 5608 1464 5681 γὰρ
1508 5604 1920 5678 πνεύματι,τὴν

2023 4594 2081 4648 in
2104 4591 2192 4646 his
2221 4597 2372 4645 certe
2397 4586 2586 4648 rebus,
2624 4597 2734 4636 non
2760 4577 3124 4650 iniucundum
3157 4583 3262 4628 est.
3300 4572 3398 4627 Est
3447 4571 3614 4642 igitur

2027 4679 2246 4735 fructus
2275 4692 2343 4732 ac
2391 4675 2542 4729 fetus
2576 4669 2800 4732 mentis,
2835 4667 2972 4721 fides
3022 4666 3077 4720 in
3136 4663 3442 4726 Christum,
3490 4675 3614 4730 quae

2023 4785 2130 4825 nos
2179 4767 2427 4838 perfecta
2479 4761 2796 4833 cognitione
2849 4757 2920 4811 ad
2983 4756 3134 4811 illius
3190 4751 3611 4822 similitudinem

2021 4861 2251 4932 efﬁngit,
2279 4867 2336 4914 et
2363 4858 2432 4913 ad
2462 4855 2692 4927 ﬁguram
2747 4850 2991 4906 divinam
3049 4847 3341 4903 reformat:
3379 4845 3614 4913 ideoque

2025 4953 2228 5024 fideles.
2246 4965 2345 5020 per
2389 4947 2543 5002 Isaia:
2597 4957 2790 4998 vocem
2834 4942 2961 5005 hoc,
2988 4948 3050 4994 ut
3078 4938 3296 5008 opinor,
3347 4934 3506 5005 plane
3533 4933 3614 4987 si-

2023 5020 2368 5114 gnificantes,
2394 5038 2666 5093 clamant:
2703 5054 2720 5085 ι
2743 5034 2976 5101 PrOpter
3016 5029 3273 5083 timorem
3304 5033 3479 5085 tuum,
3507 5020 3614 5073 Do-

2025 5134 2198 5197 mine,
2225 5132 2282 5186 in
2339 5137 2534 5186 ventre
2590 5127 2934 5196 accepimus,
2985 5129 3041 5175 et
3093 5113 3611 5188 parturivimus,et

2021 5225 2345 5298 peperimus
2386 5221 2644 5294 spiritum
2695 5217 2890 5273 salutis
2953 5223 3078 5277 tum,
3115 5223 3237 5279 quae
3287 5206 3521 5260 fecimus
3553 5202 3611 5257 in

2025 5329 2179 5375 terra
2209 5319 2275 5372 ⁸³.
2303 5338 2322 5370 ›
2363 5317 2599 5372 Fructus
2631 5312 2800 5383 igitur
2831 5305 3036 5362 mentis
3071 5318 3135 5356 ac
3171 5300 3316 5354 fetus
3342 5297 3606 5367 spiritua-

2020 5415 2092 5470 lis
2120 5421 2286 5483 atque
2317 5408 2575 5466 salutaris
2601 5414 2685 5461 est
2714 5403 2850 5459 ﬁdes
2875 5402 2929 5454 in
2958 5397 3266 5457 Christum,
3321 5407 3442 5461 quae
3472 5389 3611 5444 divi-

2024 5521 2124 5561 nos
2158 5519 2380 5574 quoque
2402 5503 2457 5555 in
2487 5499 2648 5554 nobis
2677 5497 3025 5552 characteres
3084 5487 3368 5558 imprimit.
3418 5484 3608 5554 Itaque

2023 5613 2122 5654 eos
2143 5601 2292 5648 certe
2320 5592 2414 5661 qui
2456 5607 2485 5645 e
2515 5585 2830 5659 perfectiori
2885 5581 3200 5654 cognitione
3227 5577 3292 5633 ad
3335 5576 3609 5632 minorem

390 5801 508 5877 ’χιι
537 5801 680 5858 Tim.
703 5817 762 5868 ιι,
789 5801 876 5856 14.
941 5799 986 5833 ⁸⁸
1014 5797 1186 5854 Exod.
1223 5813 1329 5864 χχι,
1357 5795 1447 5862 22,
1481 5796 1570 5853 25.
1630 5797 1670 5828 ⁸¹
1707 5797 1865 5850 Deut.
1898 5809 1911 5846 ι

2027 5790 2110 5846 IS.
2176 5787 2219 5818 ἠ
2261 5787 2360 5840 Isa.
2392 5781 2644 5844 xxv1,18.
