4104 6432
555 337 658 394 547

1549 331 1604 387 S.
1645 329 1920 387 CYRILLI
1960 325 2431 384 ALEXANDRINI
2469 323 2787 382 ARCHIEP.

3714 328 3818 386 διδ

555 456 613 503 et
667 444 1130 517 imperfectiorem
1178 443 1344 497 stulte
1399 441 1746 496 deduxerant
1787 441 2014 512 (Galatae
2075 439 2131 492 hi

2237 437 2378 492 κατὰ
2409 437 2588 509 σάρκα
2620 435 2898 490 τελείωσιν
2926 432 3274 505 ἐπετήδευον,
3303 434 3384 498 είς
3414 435 3513 508 τὴν
3531 433 3628 490 τοῦ
3656 438 3819 508 νόμου

557 539 762 608 erant),
801 536 1187 609 alloquebatur
1205 535 1404 588 beatus
1429 533 1654 598 Paulus,
1708 532 1902 586 dicens
1931 549 1941 582 :
1995 549 2012 580 ‹
2043 529 2134 582 Fi-

558 631 671 685 lioli
718 629 858 693 mei,
915 642 1055 696 quos
1122 626 1323 679 iterum
1385 622 1657 693 parturio,
1711 621 1888 675 donec
1931 620 2134 674 forme—

561 736 650 781 tur
672 725 924 781 Christus
963 723 1019 776 in
1073 722 1232 775 vobis
1290 721 1357 774 ⁸³.
1390 738 1407 770 ›
1460 718 1598 774 Cum
1645 718 1794 772 enim
1843 717 2138 786 cmpissent

557 812 777 884 spiritu,
804 811 985 864 carnis
1009 809 1408 880 perfectionem
1437 807 1505 861 ad
1528 807 1758 876 legalem
1787 807 1996 860 cultum
2029 815 2138 860 tra-

556 901 728 964 ducti,
755 899 1127 963 sectabantur,
1148 899 1219 951 ob
1250 912 1482 966 eamque
1498 910 1717 950 causam
1741 893 2052 950 efﬁciebant
2079 903 2139 948 ut

557 994 614 1048 in
647 992 846 1062 seipsis
871 991 962 1046 illa
992 988 1492 1054 Christiformatio
1532 987 1601 1041 ad
1629 986 1794 1040 finem
1848 985 2140 1057 perfectio-

555 1099 792 1154 nemque
820 1083 1047 1136 minime
1075 1080 1414 1151 perveniret,
1446 1079 1653 1132 bonum
1707 1077 1842 1132 illud
1884 1077 2032 1147 quod
2082 1079 2138 1131 in

557 1175 692 1244 ipsis
717 1183 977 1243 tanquam
1011 1174 1066 1227 in
1123 1181 1282 1226 utero
1311 1172 1555 1242 positum
1604 1177 1743 1235 erat,
1778 1171 1930 1225 velut
1971 1171 2139 1225 abor-

557 1265 778 1319 tientes.
808 1265 982 1334 Igitur
1017 1262 1107 1315 illa
1151 1262 1482 1332 cognitionis
1538 1260 1821 1330 perfectio,
1875 1270 1933 1314 et
1980 1262 2135 1331 261

557 1354 845 1424 integritas
881 1352 1027 1418 fidei,
1074 1353 1377 1407 Salvatoris
1430 1352 1608 1406 nostri
1662 1351 2044 1407 formationem
2084 1353 2140 1406 in

553 1455 774 1500 nostros
803 1443 1050 1497 omnium
1076 1444 1289 1497 animos
1345 1441 1589 1507 inducet,
1621 1457 1795 1511 eaque
1840 1458 1929 1496 res
1981 1442 2141 1496 nobis

557 1537 733 1590 instar
765 1536 937 1590 divini
988 1535 1274 1605 cujusdam
1323 1534 1551 1589 seminis
1598 1534 1724 1588 erit.
1772 1533 1912 1589 Cum
1971 1534 2141 1604 igitur

555 1627 920 1697 quorumdam
997 1627 1292 1681 verborum
1359 1627 1810 1680 contentionibus
1888 1625 2140 1679 nonnulli

2237 528 2496 598 λατρείαν
2535 523 3025 597 μετενηνεγμένοιο
3068 524 3330 594 ταύτητοι
3387 525 3483 578 καὶ
3531 526 3822 596 ἁτελεσφό-

2241 636 2404 690 ρητον
2427 621 2485 672 ὲν
2516 620 2729 681 ἑαυτοῖς
2764 617 2864 688 τὴν
2887 617 2983 670 τοῦ
3029 616 3268 687 Χριστοῦ
3305 617 3590 687 μόρφωσιν
3619 619 3820 674 ἀπετέ-

2237 713 2384 778 λουν,
2434 711 2598 764 οἱονεί
2631 727 2749 774 πως
2793 709 3272 780 ἁπαμϐλίσκοντες
3317 709 3378 762 τὸ
3417 709 3476 762 ἐν
3527 726 3593 778 γε
3639 711 3822 781 σφίσιν

2237 804 2420 866 αὐτοῖς
2448 804 2524 866 ὡς
2567 804 2625 857 ὲν
2679 801 2834 873 νηδύϊ
2879 801 3130 871 κείμενον
3159 799 3383 869 ἀγαθόν.
3431 801 3642 855 Οὐκοῦν
3671 803 3734 855 τὸ
3765 805 3823 856 ὲν

2235 891 2438 960 γνώσει
2477 892 2684 944 τέλειον
2736 892 2831 944 καὶ
2888 891 2948 944 τὸ
2999 891 3300 962 ἀκραιφνὲς
3343 893 3427 956 είς
3473 893 3678 957 πίστιν,
3730 892 3822 946 τοῦ

2239 983 2490 1053 Σωτῆρος
2517 983 2615 1054 τὴν
2641 984 2924 1053 μόρφωσιν
2945 987 3063 1046 ταῖς
3091 983 3348 1036 ἁπάντων
3374 984 3536 1054 ἡμῶν
3552 986 3826 1038 εἰσοικιεί-

2237 1088 2329 1124 ται
2365 1072 2590 1142 ψυχαῖς,
2639 1073 2736 1126 καὶ
2772 1073 2932 1126 τοῦτο
2983 1075 3041 1126 ὲν
3080 1075 3215 1144 ἡμῖν
3261 1074 3337 1138 ὡς
3387 1074 3510 1129 θεία
3558 1091 3643 1139 τις
3672 1075 3824 1130 ἐσται

2241 1164 2438 1235 σπορὰ.
2487 1163 2657 1216 ’Ὅταν
2686 1163 2865 1216 τοίνυν
2896 1163 2974 1228 ὡς
3022 1164 3130 1216 ἀπό
3160 1181 3223 1231 γε
3256 1165 3355 1234 τῆς
3385 1181 3547 1218 τινων
3591 1165 3822 1236 λογομα-

2239 1254 2364 1324 χίας
2416 1253 2852 1318 σκανδαλίζοιντό
2901 1271 3079 1318 τινεςο
3125 1251 3245 1308 εἶτα
3294 1257 3327 1325 ἡ
3380 1255 3540 1309 τοῦτο
3577 1255 3819 1310 παθοῦσα

2238 1347 2407 1417 ψυχὴ,
2438 1347 2538 1418 τὴν
2577 1348 2652 1408 ὡς
2693 1347 2750 1401 ὲν
2781 1346 2935 1400 ὠδίσι
2975 1345 3262 1417 κειμένην,
3305 1347 3399 1400 καὶ¹
3437 1349 3517 1410 εἰς
3556 1346 3681 1400 νοῦν
3718 1347 3822 1400 ἔσω

2244 1437 2776 1508 τεθησαυρισμένην,
2825 1435 3201 1504 ἀπαμϐλίσκοι
3235 1437 3422 1490 πίστιν
3464 1452 3524 1490 τε
3563 1438 3662 1490 καὶ
3683 1437 3823 1505 γνῶ-

2244 1548 2347 1596 σιν,
2387 1532 2562 1601 εἰμὲν
2609 1530 2715 1600 είή,
2758 1530 2912 1599 φησὶ,
2947 1528 3021 1599 μὴ
3045 1527 3478 1598 ἐξεικονισμένη,
3517 1529 3814 1594 τουτέστιν,

2242 1625 2292 1675 εί
2347 1622 2545 1690 ἀτελὴς
2589 1621 2670 1674 ἔτι
2712 1622 2807 1674 καὶ
2861 1621 3238 1691 ἁκαλλεστέρα
3265 1661 3278 1684 ,
3321 1620 3526 1691 ζημίαν
3563 1622 3823 1692 ὑπομενεῖ

556 1718 1032 1783 scandalizantur;
1068 1718 1266 1771 deinde
1298 1710 1480 1770 anima
1531 1717 1587 1770 id
1637 1731 1928 1786 perpessa,
1988 1717 2132 1770 illam

2247 1715 2424 1784 πάντη
2466 1728 2524 1764 τε
2562 1712 2655 1764 καὶ
2690 1711 2908 1773 πάντως
2957 1711 2985 1762 ὁ
3018 1709 3114 1762 τοῦ
3165 1708 3463 1763 σκανδάλου
3499 1710 3820 1779 παραίτιος,

554 1825 719 1880 quam
748 1809 803 1862 in
832 1816 990 1863 utero
1019 1809 1286 1877 gestabat,
1330 1813 1387 1861 et
1414 1808 1469 1860 in
1507 1809 1692 1861 animo
1716 1807 1908 1862 intime
1942 1823 2132 1862 recon-

2240 1809 2314 1877 ἣν
2341 1783 2687 1876 ἂνὲπιϐάλῃ,
2724 1804 2908 1874 φησὶν,
2937 1804 2967 1856 ό
2999 1802 3204 1873 ταύτης
3243 1803 3474 1873 νυμφίος
3496 1844 3511 1869 ,
3545 1803 3820 1866 τουτέστι,

555 1901 729 1955 ditam
762 1900 1023 1963 habebat,
1077 1899 1239 1953 ﬁdem
1275 1907 1331 1953 et
1358 1899 1728 1968 cognitionem
1785 1899 2130 1963 abortiverit,

554 1991 848 2061 siquidem,
900 1991 1098 2060 inquit,
1131 1991 1376 2045 nondum
1429 1990 1660 2045 formata
1713 1991 1900 2055 fuerit,
1938 1991 1992 2045 id
2029 1999 2131 2055 est,

554 2082 737 2136 adhuc
782 2080 1104 2151 imperfecta
1158 2091 1214 2136 et
1266 2082 1559 2146 informis,
1628 2082 1857 2136 multam
1907 2082 2134 2135 omnino

465 2209 468 2212 ~
553 2174 869 2240 sustinebit,
898 2175 992 2244 qui
1035 2174 1280 2230 scandali
1307 2191 1530 2230 causam
1570 2176 1743 2240 dedit,
1792 2191 1956 2246 quam
1993 2175 2137 2230 indi-

551 2267 717 2332 xerit,
748 2267 949 2336 inquit,
994 2267 1144 2321 illius
1200 2282 1458 2337 sponsus,
1511 2284 1711 2339 nempe
1738 2268 2031 2336 Christus;
2080 2276 2137 2324 et

552 2356 705 2411 dabit
727 2371 854 2411 cum
879 2357 1276 2426 postulatione,
1310 2358 1510 2428 inquit,
1547 2358 1602 2412 id
1622 2366 1726 2424 est,
1765 2359 1967 2428 gratias
1992 2366 2133 2429 aget,

551 2444 699 2514 quod
740 2461 851 2500 non
889 2445 1067 2514 plenae
1105 2446 1436 2515 perditionis
1467 2462 1688 2518 ptenam
1729 2449 2020 2504 sustineat.
2069 2449 2139 2503 At

552 2535 598 2589 si
623 2534 930 2604 spiritualis
954 2535 1126 2589 animi
1186 2535 1334 2591 fetus
1359 2537 1684 2591 eﬂ‘ormatus
1729 2535 1918 2602 fuerit,
1943 2537 1997 2592 id
2031 2546 2134 2603 est,

551 2624 597 2679 si
629 2624 872 2694 cognitio
902 2639 968 2678 ac
1016 2624 1151 2679 fides
1192 2624 1583 2682 formationem
1610 2627 1818 2683 Christi
1859 2628 2134 2694 habuerit,

551 2723 805 2769 extremo
857 2715 1130 2784 supplicio
1164 2718 1489 2788 subjacebit,
1527 2727 1589 2774 ut
1648 2719 1741 2789 qui
1784 2721 1898 2790 jam
1962 2712 2139 2775 homiw

553 2807 674 2863 cida
707 2808 809 2862 sit:
837 2824 964 2864 nam
991 2809 1221 2879 integrae
1251 2809 1377 2864 fidei
1402 2811 1646 2875 amissio,
1669 2821 1728 2865 et
1773 2812 2030 2880 perfectae
2048 2828 2139 2866 cos

553 2900 818 2972 gnitionis
836 2901 1074 2971 jactura,
1102 2917 1251 2956 mors
1296 2903 1622 2957 cstanimaa.
1671 2903 1861 2972 Itaque
1910 2905 2135 2972 partici-

551 3007 677 3063 pem
706 3007 826 3047 esse
880 2993 1214 3049 nefariarum
1242 2995 1685 3064 persuasionum,
1735 3011 1798 3050 ac
1823 3009 2138 3051 sermonum

2249 1897 2486 1968 Χριστός
2504 1913 2518 1928 ·
2555 1899 2650 1950 καὶ
2677 1897 2836 1949 δώσει
2867 1895 3006 1966 μετὰ
3034 1895 3341 1966 ἀξιώματος
3366 1938 3380 1961 ,
3408 1895 3656 1948 τουτέστι
3679 1937 3693 1960 ,
3727 1896 3821 1949 καὶ

2238 1988 2575 2059 όμολογείτω
2611 1988 2792 2058 χάριν,
2829 1986 2904 2057 μὴ
2942 1987 3041 2057 τὴν
3065 1987 3147 2049 είς
3180 1985 3401 2057 ὄλεθρον
3431 1986 3667 2058 παντελῆ
3695 2003 3819 2039 ποι-

2238 2079 2334 2150 νὴν
2356 2078 2614 2141 ὑποστάς.
2648 2079 2710 2130 Εἰ
2738 2078 2794 2130 δὲ
2818 2075 2902 2147 εἴη
2921 2116 2934 2139 ,
2965 2077 3162 2147 φησὶν,
3186 2078 3614 2147 ὲξεικονισμένον
3637 2077 3698 2130 τὸ
3725 2077 3824 2146 τῆς

2237 2170 2419 2240 ψυχῆς
2471 2167 2663 2238 κύημα
2693 2167 2902 2238 νοητὸν,
2940 2167 3240 2232 τουτέστιν,
3290 2170 3339 2220 εί
3371 2168 3574 2235 γνῶσις
3613 2167 3700 2236 εἴη
3729 2167 3825 2221 καὶ¹

2240 2261 2421 2325 πίστις
2461 2258 2555 2312 τοῦ
2595 2258 2830 2330 Χριστοῦ
2879 2259 3119 2329 φοροῦσα
3180 2257 3480 2329 μόρφωσιν,
3527 2261 3639 2321 τοῖς
3695 2257 3824 2328 περὶ

2241 2352 2348 2406 τῶν
2377 2351 2622 2422 ἐσχάτων
2670 2349 3022 2403 ὑποκείσεται
3071 2349 3286 2418 λόγοις,
3329 2349 3404 2412 ὡς
3443 2349 3545 2420 ήδη
3578 2350 3673 2402 καὶ
3721 2365 3819 2418 φοι

2239 2443 2424 2513 νευτή.
2453 2443 2642 2512 Ψυχῆς
2665 2441 2772 2512 γὰρ
2800 2441 3050 2504 θάνατος,
3069 2442 3104 2511 ἡ
3131 2441 3230 2511 τῆς
3259 2441 3565 2511 ἀμωμήτου
3589 2438 3823 2503 πίστεως

2239 2533 2517 2596 ἀπόθεσις,
2549 2534 2644 2586 καὶ
2675 2533 2774 2602 τῆς
2804 2533 3010 2603 ἀρτίως
3037 2531 3267 2602 ἐχούσης
3296 2531 3602 2602 γνώσεωςή
3626 2531 3818 2602 ζημία.

2239 2625 2527 2695 Τοιγάρτοι
2555 2623 2616 2676 τὸ
2648 2626 2844 2695 χρῆναι
2877 2623 3203 2694 μεταλαχεῖν
3237 2623 3470 2677 ἀνοσίων
3501 2624 3813 2692 είσηγημά-

2239 2737 2370 2786 των,
2413 2718 2508 2772 καὶ
2545 2713 2620 2770 ὧν
2650 2716 2716 2770 ἂν
2746 2718 2952 2769 ποιοῖτο
2975 2715 3170 2784 λόγων,
3195 2714 3355 2786 ἀνὴρ,
3387 2713 3627 2783 γεγονὼς
3661 2714 3820 2767 κατάρ

2241 2811 2438 2882 ὁρωμα
2483 2807 2813 2872 διαδολικὸν,
2856 2807 3083 2877 καὶτῆς
3129 2807 3240 2861 τῶν
3283 2807 3580 2877 δαιμονίων
3622 2805 3818 2878 ἀγέλης

2239 2903 2400 2956 οἱονεί
2430 2919 2547 2964 πως
2575 2899 2772 2971 τροφὴ,
2807 2901 3084 2971 μολυσμὸν
3117 2896 3258 2954 εἷναί
3292 2917 3426 2970 φησι
3447 2917 3459 2930 ·
3487 2899 3583 2953 καὶ
3605 2900 3820 2972 ἀποφά-

2243 3014 2364 3050 σκει
2391 2996 2575 3058 πάλιν,
2602 2995 2678 3057 ὡς
2711 2997 2768 3047 ὲν
2799 2995 3083 3065 αἰνίγματι
3106 2993 3302 3062 λέγων,
3337 3013 3355 3046 ι
3395 2994 3504 3046 Καὶ
3535 2993 3704 3064 κρέας
3732 2992 3821 3064 θη-

551 3098 691 3154 quos
715 3083 1045 3140 habueritis
1104 3087 1198 3155 qui
1249 3101 1376 3140 esca
1432 3086 1704 3141 diabolica
1749 3087 1924 3142 factus
1946 3098 2050 3153 est,
2082 3097 2132 3142 et

2245 3090 2504 3162 ριάλωτον
2537 3089 2637 3141 οὐκ
2679 3087 2897 3140 ἔδεσθε·
2935 3086 3014 3157 τῷ
3056 3088 3180 3140 κυνὶ
3212 3086 3560 3158 ἀπορρίψατε
3608 3087 3759 3140 αὑτό.
3796 3105 3814 3136 ι

551 3173 862 3229 daemonum
885 3177 1064 3246 gregis
1097 3177 1268 3230 veluti
1319 3178 1497 3242 cibus,
1548 3194 1662 3232 rem
1700 3179 1972 3248 impuram
2010 3195 2132 3234 esse

549 3267 660 3321 ait:
689 3267 852 3336 idque
893 3268 1152 3337 prohibet
1186 3285 1428 3335 rursum,
1457 3278 1715 3340 tanquam
1764 3286 1863 3341 per
1899 3272 2132 3342 aenigma

549 3358 772 3415 dicens:
808 3380 826 3412 ι
850 3360 920 3414 Ει
941 3376 1161 3415 carnem
1181 3370 1396 3430 captam
1429 3377 1466 3414 a-
1490 3361 1666 3416 bestia
1714 3377 1828 3415 non
1871 3363 2130 3417 comede-

549 3450 621 3503 tis
657 3469 668 3502 :
699 3450 823 3505 cani
871 3451 1122 3521 projicite
1167 3451 1316 3504 illam
1340 3449 1408 3504 ⁸⁵.
1443 3471 1462 3502 ι
1506 3451 1622 3506 Mos
1664 3459 1749 3506 est
1798 3453 1947 3506 enim
1985 3453 2134 3508 Scri-

550 3551 725 3610 ptura?
777 3557 969 3594 canem
1016 3542 1293 3610 appellare
1335 3541 1711 3612 impudentem
1748 3551 1804 3598 et
1851 3545 2129 3614 impurum

549 3632 868 3686 hominem:
897 3634 1236 3687 conveniens
1256 3642 1340 3687 est
1371 3643 1556 3694 autem
1600 3635 1870 3704 ejusmodi
1895 3636 2125 3702 homini,

549 3733 611 3780 ut
635 3723 851 3793 Opinor,
878 3724 1062 3793 quivis
1108 3739 1292 3779 sermo
1342 3724 1592 3794 impurus
1615 3741 1679 3780 ac
1701 3725 1926 3793 fetidus,
1961 3737 2015 3783 et
2057 3731 2126 3785 ab

549 3815 670 3884 ipso
697 3815 1005 3868 Beelzebub
1023 3815 1379 3884 compositus,
1405 3824 1663 3886 tanquam
1693 3833 1724 3871 a
1769 3817 1882 3873 fera
1920 3820 2124 3887 bellua,

547 3923 669 3976 quae
699 3907 974 3963 subditam
1000 3907 1104 3962 sibi
1153 3915 1209 3963 et
1231 3909 1284 3963 in
1310 3924 1375 3964 ea
1400 3924 1459 3964 re
1473 3909 1871 3980 obsequentem
1889 3914 2126 3968 animam

547 4004 703 4049 vorat
732 4015 743 4049 :
777 4017 796 4046 ‹
826 3997 998 4051 Nemo
1030 3997 1176 4051 enim
1198 3997 1354 4062 dicit,
1380 3997 1684 4054 Anathema
1719 3999 1898 4065 Jesus,
1928 4003 2040 4058 nisi
2070 4003 2127 4056 in

545 4087 854 4143 Beelzebub
902 4089 1012 4143 ⁸⁸.»
1071 4089 1118 4144 Α
1165 4090 1371 4145 sanctis
1429 4099 1615 4146 autem
1679 4093 1814 4148 viris
1852 4094 2125 4164 ejusmodi

545 4179 788 4248 turpium
835 4195 898 4234 ac
973 4179 1235 4238 falsarum
1291 4183 1691 4237 sententiarum
1733 4183 1906 4238 simul
1948 4193 2124 4254 atque

541 4279 628 4324 est
658 4271 806 4325 cnim
831 4272 1124 4326 conventio
1151 4272 1293 4328 lucis
1316 4273 1385 4327 ad
1413 4273 1671 4329 tenebras
1702 4274 1767 4327 “.
1796 4294 1813 4324 ι

616 4363 808 4418 PALL.
860 4362 938 4417 Ita
958 4371 1060 4416 est.

610 4452 769 4507 CYR.
815 4453 949 4507 Esse
997 4461 1180 4506 autem
1234 4452 1302 4507 iis
1363 4453 1702 4524 vigilandum
1746 4455 1840 4524 qui
1887 4457 2133 4527 magistri

542 4543 708 4599 creati
758 4543 869 4597 sint
897 4552 953 4597 et
999 4543 1169 4598 duces
1212 4560 1469 4614 gregum,
1520 4561 1717 4600 rursus
1761 4546 1953 4600 edixit.
1999 4548 2134 4614 Quis

541 4643 724 4689 autem
761 4633 816 4687 in
852 4650 916 4687 ea
946 4649 1006 4689 re
1043 4635 1337 4704 probitatis
1374 4636 1572 4690 modus
1618 4653 1649 4690 a
1685 4637 1848 4692 nobis
1884 4642 2133 4708 praestari

543 4724 759 4788 debeat,
796 4724 1034 4780 latenter
1080 4725 1288 4779 indicat
1319 4726 1375 4779 in
1405 4725 1671 4792 Levitico,
1697 4727 1894 4783 dicens
1926 4747 1938 4783 :
1989 4750 2005 4782 ι
2028 4733 2132 4787 Pe-

541 4813 710 4869 cudes
760 4823 886 4869 tuas
933 4829 1043 4869 non
1093 4829 1371 4884 suppones
1415 4814 1636 4870 diverso
1681 4819 1869 4887 generi
1905 4837 1918 4872 :
1953 4830 2010 4876 et
2046 4822 2129 4876 vi-

539 4919 699 4959 neam
763 4914 910 4960 tuam
970 4920 1081 4959 non
1139 4919 1290 4959 seres
1356 4905 1592 4961 diversis
1651 4909 1952 4982 seminibus
2015 4915 2126 4966 ⁸⁷.»

544 4996 699 5066 262
729 4994 999 5067 Gregibus
1031 4997 1177 5051 enim
1205 5011 1496 5066 caprarum
1528 5008 1582 5054 et
1608 5001 1814 5066 ovium,
1843 5013 1937 5059 aut
1961 5005 2134 5062 vinea:

538 5089 837 5159 persimilis
889 5103 1010 5143 esse
1048 5089 1211 5158 plane
1243 5091 1518 5146 censenda
1543 5102 1627 5147 est
1681 5094 1912 5165 subjecti
1944 5100 2132 5168 populi

539 5176 852 5230 multitudo.
881 5177 1098 5230 Dictum
1143 5185 1226 5232 est
1264 5181 1410 5234 enim
1445 5181 1608 5236 beato
1642 5184 1808 5239 Petro
1845 5204 1857 5238 :
1897 5207 1915 5237 ι
1943 5187 2133 5243 Simon

535 5264 708 5330 Jonn,
755 5266 941 5336 diligis
985 5269 1109 5322 me?
1153 5285 1314 5338 pasce
1359 5286 1528 5342 agnos
1554 5289 1740 5341 meos,
1793 5293 1953 5347 pasce
1993 5295 2122 5334 oves

537 5360 772 5412 meas".
806 5379 824 5410 ι
864 5361 1134 5416 Praeterea
1180 5362 1247 5417 de
1298 5363 1425 5420 filiis
1451 5365 1613 5420 Israel
1656 5370 1922 5439 propheta
1953 5371 2122 5427 Isaias

533 5447 674 5502 dixit
707 5467 718 5502 :
761 5469 778 5501 ι
804 5451 974 5506 Vinea
1001 5453 1147 5508 enim
1186 5455 1401 5510 Domini
1429 5457 1698 5525 Sabaoth,
1735 5461 1932 5517 domus
1953 5464 2118 5518 Israel

531 5544 652 5604 est;
680 5547 734 5593 et
780 5539 946 5595 homo
976 5542 1114 5598 Juda
1136 5585 1150 5610 ,
1179 5561 1403 5616 germen
1443 5548 1704 5604 dilectum
1727 5551 1790 5605 ⁸⁸.
1824 5571 1842 5602 ι
1879 5554 2119 5609 Pastoris

716 5661 1092 5758 Gala_t._iv,i9.
1174 5688 1218 5720 3"
1249 5689 1570 5758 Exodxxu,
1604 5696 1690 5748 5i.
1770 5698 1814 5731 ⁸⁸
1848 5699 1868 5753 I
1908 5698 2033 5754 Cor.
2065 5716 2136 5755 xu

515 5747 723 5846 ⁵ίῖΗῚ.
815 5747 1060 5821 ⁸⁹Ιεο.ν,
1105 5758 1153 5811 7.
1558 5747 1569 5758 ’
1646 5747 1687 5748 Ἡ
1745 5778 1750 5781 “

2240 3182 2393 3237 Κύνα
2427 3181 2524 3250 μὲν
2559 3179 2686 3250 γὰρ,
2725 3178 2815 3232 τὸν
2844 3178 3039 3248 ἀναιδῆ
3065 3179 3160 3231 καὶ
3191 3178 3500 3248 ἀκάθαρτον
3534 3177 3820 3247 ἄνθρωπον

2238 3273 2524 3344 ὀνομάζειν
2550 3272 2671 3337 ἔθος
2707 3277 2774 3344 τῇ
2803 3271 2926 3343 θείᾳ
2958 3273 3171 3343 Γραφῇ.
3224 3271 3442 3344 Πρέπον
3467 3271 3510 3324 δ’
3544 3271 3610 3324 ἂν
3636 3270 3722 3341 εἴη
3745 3270 3820 3340 τῷ

2235 3364 2423 3434 τοιῷδε
2445 3365 2626 3435 τυχὸν,
2649 3366 2792 3427 ὄιπας
2815 3382 2896 3425 τις
2927 3360 3040 3430 οὖν,
3063 3359 3112 3416 οἶ
3120 3381 3238 3433 μαι,
3261 3364 3416 3433 λόγος
3446 3364 3696 3434 βδελυρὸς
3728 3364 3822 3417 καὶ

2236 3455 2496 3526 δυσώδης,
2525 3459 2619 3510 καὶ
2658 3457 2717 3521 ἐξ
2745 3456 2908 3510 αὑτοῦ
2941 3457 3300 3525 συγκείμενος
3331 3457 3426 3511 τοῦ
3467 3456 3817 3520 Βεελζεϐοὺλ,

2239 3548 2314 3611 ὡς
2364 3548 2529 3619 θηρὸς
2581 3549 2776 3619 ἀγρίου
2828 3549 3249 3620 κατεδηδοκότος
3293 3549 3391 3620 τὴν
3441 3547 3820 3602 ὑποπεσοῦσαν

2236 3639 2385 3709 αὐτῷ
2411 3641 2504 3693 καὶ¹
2531 3640 2909 3712 ὑπηρετοῦσαν
2939 3642 3018 3704 είς
3040 3639 3198 3694 τοῦτο
3225 3640 3402 3711 ψυχήν
3422 3658 3436 3672 ο
3478 3659 3504 3692 ι·
3530 3640 3691 3709 Λέγει
3715 3639 3822 3710 γὰρ

2236 3731 2430 3796 οὐδεὶς,
2473 3733 2744 3804 Ἀνάθεμα
2797 3731 3034 3803 Ἰησοῦς,
3076 3733 3235 3804 εἰμὴ
3284 3734 3344 3786 ὲν
3393 3731 3740 3796 Βεελζεϐούλ.
3798 3751 3815 3784 ι

2249 3823 2453 3892 Ἀγίοις
2490 3841 2555 3893 γε
2606 3828 2717 3896 μὴν
2748 3825 2810 3878 τὸ
2855 3827 2912 3878 ὲν
2959 3825 3176 3897 μεθέξει
3208 3825 3468 3894 γενέσθαι
3506 3825 3618 3878 τῶν
3645 3824 3818 3888 οὕτως

2235 3915 2541 3986 αἰσχρῶνῆ
2584 3916 3086 3987 κεκιϐδηλευμένων
3127 3917 3346 3970 ἐννοιῶν
3375 3930 3435 3969 τε
3485 3914 3579 3969 κα)⁸
3621 3916 3818 3984 λόγων,

2233 4006 2576 4077 ἀνάρμοστον
2619 4007 2834 4080 κομιδῇ.
2879 4025 2898 4058 ι
2952 4009 3222 4062 Κοινωνία
3258 4007 3380 4078 γὰρ·
3410 4006 3635 4079 οὐδεμία
3683 4007 3823 4077 φωτὶ

2236 4101 2372 4171 πρὸς
2398 4101 2608 4164 σκότος.
2648 4120 2666 4154 ι

2185 4204 2502 4244 sermonum
2565 4191 2919 4261 participatio
2963 4205 3192 4261 prorsus
3227 4198 3313 4246 est
3360 4189 3570 4245 aliena:
3606 4209 3624 4241 ι
3655 4189 3820 4245 Nulla

2172 4377 2222 4436 D
2319 4370 2525 4422 ΠΑΛΛ.
2588 4368 2830 4438 Ἀληθές.

2307 4460 2473 4513 ΚΥΡ.
2511 4459 2903 4530 Ἑγρηγορέναι
2923 4459 2979 4512 δὲ
3003 4460 3083 4513 ὅτι
3113 4459 3382 4530 προσήκει
3411 4459 3537 4522 τοὺς
3560 4457 3822 4530 καθηγεῖ-

2236 4549 2360 4603 σθαι
2387 4550 2690 4621 λαχόντας,
2725 4550 2820 4602 καὶ
2862 4551 3200 4620 ἡγουμένους
3225 4548 3512 4619 ποιμνίων,
3546 4565 3821 4619 κατεχρη-

2236 4643 2490 4712 σμῴδησε
2534 4642 2717 4696 πάλιν.
2765 4643 2862 4703 Τίς
2902 4642 2946 4695 δ’
2978 4641 3060 4696 ἀνΔ
3090 4642 3304 4710 γένοιτο
3350 4642 3449 4712 τῆς
3487 4642 3625 4714 πρὸς
3659 4641 3820 4713 ἡμῶν

2234 4733 2536 4810 ἐπιεικείας
2572 4733 2654 4794 είς
2680 4731 2844 4786 τοῦτο’
2871 4733 3068 4803 τρόπος
3089 4773 3103 4798 ,
3147 4733 3504 4802 ὑπεμφαίνει,
3553 4733 3730 4801 λέγων
3761 4734 3818 4785 ἐν

2232 4823 2312 4894 τῷ
2345 4823 2646 4892 Λευῖτικῴ·
2679 4842 2698 4872 ι
2729 4823 2808 4876 Τά
2831 4824 3003 4894 κτήνη
3035 4839 3128 4876 σου
3145 4823 3206 4875 οὐ
3243 4821 3602 4892 κατοχεύσεις
3625 4823 3818 4893 ἑτερο-

2233 4917 2416 4986 ζύγῳ,
2447 4916 2543 4970 καὶ
2586 4916 2678 4969 τὸν
2709 4914 3006 4986 ἀμπελῶνά
3041 4933 3134 4970 σου
3185 4916 3246 4969 οὐ
3289 4917 3658 4986 κατασπερεῖς
3698 4915 3820 4968 διά-

2238 5024 2424 5080 φορον.
2466 5025 2483 5057 ι
2511 5006 2692 5060 Πώεσι
2717 5009 2816 5078 μὲν
2837 5007 2946 5080 γὰρ
2970 5007 3144 5076 αἰγῶν
3176 5007 3272 5060 καὶ
3301 5006 3612 5079 προϐάτων,
3644 5007 3821 5076 ἤγουν

2235 5099 2520 5174 ἀμπελῶνι
2584 5101 2980 5171 παρεικαστέον
3028 5097 3087 5154 εὖ
3138 5099 3284 5171 μάλα
3333 5098 3432 5170 τὴν
3492 5099 3596 5152 ὑπὸ
3658 5101 3823 5168 χεῖρα

2234 5189 2465 5260 πληθύν.
2510 5193 2714 5244 Ἤκουε
2749 5192 2848 5262 μὲν
2875 5193 2983 5263 γὰρ
3025 5194 3053 5245 ό
3082 5192 3369 5254 θεσπέσιος
3397 5191 3603 5260 Πέτρος
3624 5205 3639 5219 ο
3674 5209 3694 5241 ι
3733 5188 3822 5242 Σί-

2239 5299 2356 5350 μων
2426 5283 2582 5336 Ἰωνᾶ
2620 5323 2634 5348 ,
2693 5283 2870 5352 φιλεῖς
2934 5301 3037 5354 με;
3094 5283 3258 5354 βόσκε
3321 5281 3392 5335 τὰ
3450 5281 3622 5352 ἀρνία
3666 5297 3773 5351 μου
3802 5320 3816 5344 ,

2231 5374 2488 5445 ποίμαινε
2523 5375 2599 5428 τὰ
2625 5376 2872 5446 πρόῦατά
2901 5393 3023 5447 μου.
3061 5395 3078 5428 ι
3116 5377 3252 5446 Περὶ
3279 5374 3338 5428 δέ
3370 5391 3436 5443 γε
3474 5372 3670 5439 τῶν-ἐξ
3713 5374 3856 5430 Ἰσοι

2234 5467 2388 5537 ραὴλ,
2421 5469 2448 5520 ὁ
2480 5469 2764 5545 προφήτης
2791 5468 3026 5538 ἔφασκεν
3058 5468 3313 5530 Ἠσαῖας’
3343 5485 3362 5518 ι
3410 5466 3606 5537 ’(ὶγὰρι
3626 5467 3816 5535 ἀμπε-

2227 5558 2333 5611 λὼν
2366 5560 2572 5631 Κυρίου
2620 5561 2847 5614 Σαϐαὼθ
2870 5603 2883 5629 ,
2925 5557 3073 5625 οἶκος
3113 5560 3207 5613 τοῦ
3259 5558 3476 5631 Ἰσραήλ
3513 5561 3628 5610 ἐστι
3657 5597 3669 5620 .
3714 5555 3814 5609 καιὶ

2145 5743 2158 5765 ,
2200 5703 2251 5756 5.
2321 5704 2364 5735 ⁸⁸
2393 5704 2436 5759 II
2464 5704 2590 5760 Cor.
2620 5724 2692 5772 vi,
2727 5708 2810 5762 15.
2883 5706 3354 5774 "l.cvit.xlx,19.
3435 5707 3479 5739 ⁸⁸
3503 5705 3662 5762 Joan.
3692 5717 3809 5767 xxx,
