4104 6492
368 408 479 465 849

1090 415 1180 471 DE
1218 413 1665 474 ADORA'I‘IONE
1699 416 1767 472 IN
1803 416 2075 474 SPIRITU
2118 416 2207 471 ET
2242 415 2613 473 VERITATE.
2653 415 2783 472 LIB.
2827 416 2964 473 VIII.

3573 422 3681 482 ὄϊν)

367 527 666 602 ἄνθρωπος
692 531 787 586 τοῦ
826 531 998 588 Ἰούδα
1023 573 1038 600 ,
1075 536 1336 606 νεόφυτον
1374 540 1755 611 ἠγαπημένον.
1790 560 1808 593 ι
1844 543 1952 596 Ποι-

2080 537 2248 609 igitur
2273 536 2452 592 virtus
2473 545 2557 592 est
2584 537 2784 593 ovibus
2804 553 2916 593 non
2947 536 3241 593 admittere
3267 536 3472 593 diversi
3508 554 3679 610 gene-

369 624 543 695 μένος
570 622 636 695 δὴ
664 618 760 677 οὖν
791 624 985 696 ἀρετὴ,
1011 624 1073 678 τὸ
1107 625 1182 697 μὴ
1206 627 1502 696 ἐπαφιέναι
1532 630 1826 702 προϐάτοις
1856 634 1973 686 ἑτε-

364 714 581 786 ροειδὲς
615 732 670 768 τι
701 714 862 780 ζῶον,
893 715 970 781 ὡς
996 720 1117 781 ταῖς
1150 718 1367 774 όθνείου
1394 721 1559 791 τυχὸν
1593 722 1802 793 ὀχείαις
1837 726 1971 779 ὑπο-

359 811 589 874 πεσεῖν,
643 808 731 862 ἵνα
779 808 855 880 μὴ
900 809 1196 882 ὲτεροφυὲς
1241 812 1401 887 τέκῃ,
1451 815 1547 868 καὶ
1600 815 1702 887 τῆς
1740 817 1970 890 ἐνούσης

358 902 516 975 αὐτῷ
549 903 787 974 φυσικῆς
818 905 1103 975 εὐγενείας
1142 909 1497 975 ὲκνενευκός·
1538 912 1881 984 ἀμπελώνων
1910 914 1968 969 δὲ

354 997 386 1049 6
425 997 753 1067 μελεδωνὸς,
775 997 937 1071 εἴπερ
959 999 1047 1072 εἴη
1065 1002 1344 1076 νουνεχὴς,
1364 1005 1455 1058 καὶ
1476 1009 1735 1076 γηπονεῖν
1767 1006 1969 1080 ἄριστα

358 1090 768 1163 μεμελετηκὼς
789 1131 804 1158 ,
850 1094 950 1148 οὐκ
983 1093 1059 1177 ἂν,
1084 1096 1376 1172 ἀνάσχοιτό
1404 1116 1536 1154 ποτε
1576 1102 1645 1155 τὰ
1687 1100 1828 1174 ξηρά
1854 1102 1965 1158 τῶν

357 1185 706 1255 σπερμάτων
752 1186 846 1240 ὑπ’
899 1189 1096 1254 αὐταῖς
1129 1189 1364 1260 φύεσθαι
1405 1197 1528 1258 ταῖς
1559 1195 1849 1266 ἀμπέλοις,
1876 1197 1963 1251 ἵνα

358 1274 440 1347 μὴ
462 1275 866 1351 δαπανωμένης
882 1281 1073 1346 αὐταῖς
1102 1283 1201 1354 τῆς
1220 1285 1449 1359 ἰκμάδος
1468 1289 1549 1351 είς
1570 1288 1631 1341 τὸ
1657 1288 1959 1360 ἀλλότριον,

354 1368 704 1441 ὑστερίζοιεν
734 1365 897 1427 αὗται
932 1376 1061 1447 περὶ
1090 1376 1152 1428 τὸ
1185 1377 1405 1433 οἰκεῖον.
1441 1378 1547 1432 Ἴθι
1570 1379 1634 1453 δὴ
1667 1376 1760 1435 οὖν
1792 1381 1868 1446 ὡς
1900 1381 1961 1448 ἐξ

352 1463 574 1526 εἰκόνος
616 1465 719 1537 ἤδη
770 1468 921 1532 πως,
960 1469 1053 1522 ἐπὶ
1084 1470 1173 1524 τὸν
1216 1471 1623 1544 πνευματικὸν,
1666 1473 1734 1528 τά
1765 1474 1960 1544 λογικὰ

350 1553 678 1627 θρέμματα,
711 1558 787 1628 μὴ
821 1561 936 1622 τοῖς
967 1559 1078 1612 τῶν
1115 1561 1616 1632 ἐτεροδιδασκάλων
1648 1564 1957 1634 ὑπάγεσθαι

350 1647 739 1721 συγχωρῶμεν
769 1652 1002 1716 ἀνοσίως
1031 1651 1221 1725 ὥσπερ
1250 1659 1712 1729 σπερματισμοῖς,
1746 1663 1958 1731 νοητοῖς

346 1740 620 1812 δηλονότι,
654 1743 751 1796 καὶ
773 1747 894 1809 ταῖς
925 1746 1001 1809 ὡς
1032 1749 1088 1800 ὲν
1115 1747 1262 1819 λόγῳ
1289 1748 1682 1821 εἰσηγήσεσιν·
1714 1752 1956 1826 ἀκαλλὴς

346 1834 460 1906 γὰρ
491 1835 614 1889 λίαν
643 1838 671 1889 ό
698 1835 758 1901 ἐξ
810 1838 1070 1909 ἀνομοίου
1103 1840 1317 1912 καρπὸς
1351 1842 1608 1915 γνώμης,
1644 1844 1738 1898 καὶ
1767 1846 1814 1898 oi
1844 1845 1955 1899 τῶν

345 1925 449 1996 οὐχ
478 1926 805 1996 όμοπίστων
829 1927 1000 1999 λόγοι,
1030 1929 1251 1999 φαύλων
1283 1931 1351 1986 ἂν
1373 1932 1615 2001 γένοιντο
1652 1936 1953 2007 κυημάτων

347 2016 609 2089 πρόξενοι
643 2021 757 2083 τοῖς
796 2020 1232 2092 είσδεδεγμένοις
1269 2022 1468 2088 αὐτούς
1490 2039 1504 2053 ο
1536 2024 1870 2096 ἀμπελῶνας
1898 2027 1952 2080 δὲ

344 2111 513 2176 ὄντας
542 2113 575 2183 ἡ
584 2113 716 2184 μᾶς,
746 2113 843 2167 καὶ⁸
868 2115 926 2166 ὲν
945 2114 1193 2186 όρχάτων
1219 2114 1377 2183 τάξει
1400 2117 1711 2189 κειμένους,
1741 2137 1953 2190 μονοει-

344 2204 431 2258 δεῖ
467 2205 673 2277 τρόπον
700 2205 825 2259 τινὰ
854 2208 1126 2279 προσήκει
1165 2207 1567 2277 στεφανοῦσθαι
1598 2211 1818 2283 καρπῷ,
1856 2216 1952 2268 καὶ

345 2295 438 2350 τὸν
460 2296 631 2366 διφυᾶ
660 2298 1053 2369 παραιτεῖσθαι
1080 2299 1301 2370 τρόπον.
1326 2300 1501 2370 Λόγος
1528 2300 1636 2373 γὰρ
1661 2302 1838 2369 οὐδεὶς
1871 2305 1952 2371 είς

344 2388 647 2462 ὁμοιότητα
679 2374 941 2462 φυσικὴν,
987 2391 1119 2463 σίτῳ
1155 2391 1250 2445 καὶ
1295 2390 1573 2465 βότρυσιν.
1630 2396 1951 2470 Ἀλλοτρίων

349 2478 415 2551 δὴ
459 2477 559 2535 οὖν
591 2482 940 2553 σπερμάτων.
957 2481 1144 2555 μηδεὶς
1168 2483 1329 2557 ὴμῶν
1355 2483 1495 2539 ἔστω
1515 2486 1700 2553 τόπος.

419 2572 629 2627 ΠΛᾹΛ.
671 2569 748 2629 Εὖ
773 2574 976 2644 λέγεις.

417 2666 587 2721 ΚΥΡ.
617 2666 730 2720 Καὶ
758 2668 884 2721 καθ’
918 2668 1109 2742 ἓτερον
1135 2668 1194 2724 δὲ
1221 2672 1424 2744 τρόπον
1456 2671 1535 2745 (1)
1571 2673 1826 2747 ἀσυναφῆ
1853 2676 1950 2730 καὶ

343 2759 642 2832 ἀσύμϐατα
669 2804 684 2828 ,
720 2762 944 2834 καὶτῆς
977 2765 1115 2836 πρὸς
1149 2766 1357 2839 ἄλληλα
1416 2768 1712 2833 κοινωνίας
1749 2767 1949 2840 διεσχι-

344 2854 523 2926 σμένα
563 2854 632 2908 τά
655 2856 1124 2928 ἐτεροτροποῦντα
1157 2858 1415 2925 δεικνύει,
1446 2860 1715 2934 παραθεὶς
1752 2862 1833 2926 είς
1855 2861 1950 2916 τύ-

342 2963 447 3002 πον
478 2946 581 3019 τὴν
622 2950 1015 3022 ὲκτοπωτάτην
1058 2952 1153 3008 καὶ
1187 2953 1482 3008 ἀλλόκοτον
1515 2954 1717 3027 κομιδῇ
1745 2954 1842 3009 τοῦ
1869 2956 1949 3009 λο-

340 3040 501 3109 γικοῦ
533 3041 676 3108 ζὼου
707 3041 949 3109 σύνοδον,
984 3044 1123 3115 πρὸς
1162 3046 1224 3100 τὸ
1249 3047 1323 3119 μὴ
1351 3047 1614 3114 τοιοῦτον,
1648 3049 1949 3119 ἑτεροειδὲς

339 3131 400 3185 δὲ
434 3134 529 3187 καὶ
558 3133 816 3203 ἔκφυλον.
850 3136 962 3190 Καὶ
991 3136 1057 3209 δὴ
1078 3137 1170 3192 καί
1196 3155 1363 3210 φησιν
1388 3140 1447 3194 ὲν
1483 3139 1582 3210 μὲν
1612 3142 1679 3212 τῇ
1721 3138 1944 3211 Ἐξόδῳο

347 3227 482 3290 PO;
514 3224 580 3279 ἂν
614 3226 855 3300 κοιμηθῇ
893 3227 1034 3299 μετὰ
1059 3229 1313 3300 κτήνους,
1349 3229 1563 3301 θανάτῳ
1593 3230 1945 3285 ἀποκτενεῖτε
1974 3261 2016 3319 C

338 3317 562 3372 αὐτόν.»
589 3319 935 3392 Σαφέστερον
962 3319 1020 3374 δὲ
1052 3320 1217 3374 πάλιν
1247 3322 1305 3374 ὲν
1341 3321 1421 3393 τῷ
1449 3321 1746 3393 Λευῖτικῴ⁶
1781 3343 1798 3375 ι
1834 3325 1946 3379 Καὶ

338 3408 402 3474 ὃς
447 3410 547 3464 ἐὰν
593 3409 670 3480 δῷ
706 3410 990 3465 κοιτασίαν
1024 3409 1193 3466 αὐτοῦ
1244 3412 1303 3464 ὲν
1349 3411 1681 3482 τετράποδι,
1728 3411 1946 3486 θανάτῳ

338 3500 719 3566 θανατούσθω,
744 3503 840 3556 καὶ
864 3502 925 3557 τὸ
950 3502 1258 3573 τετράπουν
1283 3503 1658 3559 ἀποκτενεῖτε⁸
1688 3505 1784 3559 καὶ
1805 3505 1942 3578 γυνὴ

334 3593 463 3664 ἥτις
486 3593 918 3665 προσελεύσεται
941 3594 1080 3666 πρὸς
1102 3597 1212 3648 πᾶν
1233 3594 1434 3666 κτῆνος
1464 3594 1753 3668 βιασθῆναι
1773 3591 1971 3670 αὐτὴν

338 3688 435 3741 ὑπ’
460 3685 631 3741 αὑτοῦ
654 3729 671 3752 ,
708 3687 1064 3741 ἀποκτενεῖτε
1089 3687 1190 3759 τὴν
1212 3689 1475 3757 γυναῖκα,
1502 3689 1597 3743 καὶ
1619 3689 1680 3744 τὸ
1713 3690 1936 3762 κτῆνος·

338 3777 562 3849 θανάτῳ
603 3776 1092 3832 θανατούσθωσανο
1136 3777 1310 3851 ἔνοχοί
1356 3781 1513 3834 εἰσιν.
1549 3799 1566 3832 ι
1611 3780 1852 3854 Ὀμιλίαι
1881 3801 1941 3836 τε

334 3869 471 3942 γὰρ,
504 3870 602 3924 καὶ
633 3869 801 3923 οἱονεὶ
824 3869 1001 3941 μίξεις
1020 3871 1075 3925 αἱ
1105 3873 1298 3942 νοηταὶ
1321 3873 1418 3927 καὶ
1450 3874 1690 3939 σύνοδοι,
1719 3874 1777 3929 αί
1803 3874 1940 3947 πρὸς

334 3960 433 4026 οὓς
462 3960 529 4016 ἂν
552 3963 759 4034 ἥκιστα
806 3963 1032 4035 πρέποι,
1062 3963 1158 4018 καὶ
1190 3960 1274 4028 οἷς
1306 3964 1747 4038 κατηρῤὡστησε
1800 3967 1939 4040 πρὸς

335 4053 568 4125 ἀλογίαν
599 4056 629 4109 6
658 4053 784 4120 νοῦς
821 4056 923 4127 τὴν
960 4056 1234 4129 ἐσχάτην,
1268 4056 1503 4113 θανάτου
1538 4057 1819 4132 πρόξενοι,
1842 4060 1937 4114 καὶ

335 4149 525 4212 αὐτοῖς
556 4151 673 4213 τοῖς
694 4148 1158 4221 παραφθείρουσι,
1188 4150 1283 4205 καὶ
1314 4154 1428 4217 τοῖς
1456 4152 1765 4209 ἐθελούσιον
1801 4154 1938 4209 ὑπο-

337 4242 567 4310 μένουσι
591 4242 692 4314 τὴν
714 4244 1103 4319 παραφθορὰν.
1182 4315 1192 4320 _

408 4423 622 4477 HAAA.
684 4421 988 4496 Ὀρθότατά
1027 4440 1089 4477 τε
1129 4424 1227 4479 καὶ
1281 4424 1426 4496 μάλα
1474 4425 1644 4490 ὁσίως
1690 4428 1719 4480 6
1770 4427 1937 4500 νόμος

333 4513 496 4585 φησί.

331 4696 438 4751 πού
490 4713 666 4763 τινας,
701 4696 777 4761 ὡς
809 4696 871 4762 ὲξ
913 4697 1195 4770 ἀφορήτου
1242 4699 1582 4768 πλεονεξίας,
1618 4703 1713 4758 καὶ
1757 4705 1807 4757 εἰ
1859 4703 1935 4777 μὴ

332 4791 618 4862 βούλοιντο
659 4790 822 4863 τυχὸν
869 4791 969 4864 τὴν
1015 4791 1077 4860 ἐξ
1121 4794 1417 4867 ὀρθότητος
1464 4796 1688 4851 ἐννοιῶν
1730 4799 1826 4853 ἐπὶ
1872 4799 1936 4853 τὸ

332 4885 589 4955 πλαγίως
624 4883 747 4956 ἔχον
779 4886 1073 4956 ὑπομεῖναι
1102 4887 1488 4961 παραφθορὰν,
1536 4890 1633 4944 καὶ
1679 4891 1934 4965 καθάπερ

330 4977 390 5045 ἐξ
416 4976 693 5047 ἀνάγκης,
719 4977 820 5030 οὐκ
850 4976 1118 5049 ἀδακρυτὶ
1136 4978 1279 5049 τάχα
1312 4996 1415 5034 που
1441 4979 1639 5035 παθεῖν
1670 4982 1769 5054 τὴν
1795 4983 1935 5037 πλά-

328 5086 513 5141 νησιν.
547 5069 664 5123 Οὐκ
703 5067 1143 5141 ἁνεπικούρητον
1176 5070 1360 5126 τοίνυν
1391 5072 1421 5124 6
1457 5073 1626 5145 νόμος
1670 5079 1934 5149 περιορᾷν

328 5160 492 5232 ἠξίου
530 5161 629 5217 καὶ
657 5161 721 5215 τὺ
740 5160 982 5216 τοιοῦτον
1008 5161 1187 5232 γένος.

402 5421 620 5475 ΠΑΛΛ.
652 5420 726 5477 Τὸ
760 5422 993 5494 ποῖόνίτι
1019 5421 1185 5496 φῄςςῖ

402 5602 573 5656 ΚΥΡ.
610 5601 684 5656 Τὸ
730 5603 882 5675 ζυγῷ
914 5602 1163 5667 δουλείας
1197 5606 1637 5677 κατεσφιγμένον
1679 5609 1773 5664 καὶ
1812 5614 1935 5677 ταῖς

312 5693 440 5751 ητῶν
470 5697 802 5767 πριαμένων
832 5695 1106 5763 ἐξουσίαις
1138 5697 1590 5768 κατησχοιμένον.

436 5807 485 5840 ’⁸
514 5807 692 5864 Exod.
730 5825 862 5874 xm,
885 5808 973 5863 19.
1068 5809 1113 5842 ⁹¹
1146 5809 1324 5866 Levit.
1359 5827 1452 5879 xx,
1475 5812 1563 5879 15,
1594 5814 1684 5872 16.

404 5899 484 5973 (1)
518 5898 656 5956 Cod.
690 5899 890 5968 Vatia,
916 5900 1097 5968 τόκον,
1131 5901 1404 5974 biformem
1438 5914 1674 5975 partum.

2075 629 2152 683 ris
2184 627 2422 693 animal,
2447 628 2524 683 ita
2563 636 2624 683 ut
2650 629 2843 684 alienae
2876 629 3107 699 pecudis
3136 628 3527 702 congressibus
3544 645 3682 702 sup-

2073 727 2382 791 ponantur,
2406 734 2483 774 ne
2511 720 2645 790 quid
2689 721 3009 792 ambiguum
3037 722 3288 793 pariant,
3315 730 3371 778 et
3410 722 3480 777 ab
3511 722 3683 778 insita

2070 811 2312 867 naturali
2363 810 2549 866 indole
2581 811 2863 867 diversum
2890 833 2904 868 :
2935 816 3113 870 cultor
3136 822 3322 870 autem
3362 815 3676 880 vinearum,

2071 905 2116 961 si
2159 905 2327 961 modo
2373 906 2623 977 prudens
2663 904 2866 974 fuerit,
2908 916 2965 964 et
3000 910 3209 980 Optime
3255 917 3460 965 terram
3506 925 3675 965 exco~

2067 997 2183 1054 lere
2235 998 2552 1065 studuerit,
2594 1012 2881 1069 nunquam
2929 1000 3204 1070 patietur,
3239 1008 3301 1056 ut
3335 1001 3676 1056 exsiccantia

2066 1090 2279 1146 semina
2303 1091 2408 1147 sub
2431 1091 2566 1162 ipsis
2588 1091 2798 1146 vitibus
2823 1100 3153 1160 nascantur;
3178 1108 3248 1149 ne
3280 1093 3511 1159 humor,
3537 1093 3673 1149 dum

2065 1183 2232 1238 alieni
2257 1184 2522 1256 germinis
2569 1184 2762 1241 usibus
2793 1186 3174 1250 consumitur,
3201 1185 3323 1241 illas
3366 1186 3587 1243 deﬁciat
3613 1189 3672 1244 in

2065 1278 2201 1333 suis.
2228 1278 2403 1349 Perge
2447 1278 2616 1349 igitur
2633 1279 2748 1350 jam
2776 1286 3035 1349 tanquam
3067 1293 3135 1332 ex
3173 1278 3410 1351 imagine
3434 1281 3503 1335 ad
3538 1295 3670 1336 sen'—

2063 1384 2185 1424 sum
2214 1370 2560 1440 spiritualem
2583 1412 2597 1436 ,
2631 1386 2701 1425 ne
2743 1370 3045 1426 rationales
3069 1385 3227 1436 oves,
3277 1373 3669 1443 magistrorum

2062 1462 2282 1519 diversa
2306 1463 2626 1518 docentium
2654 1462 2879 1519 nefariae
2906 1463 3288 1530 seminationi,
3314 1465 3667 1522 intellectua-

2061 1555 2100 1609 li
2126 1597 2140 1621 ,
2174 1540 2399 1626 inquam
2420 1597 2434 1622 ,
2462 1563 2518 1611 et
2542 1556 2722 1627 qualis
2761 1555 2821 1611 in
2862 1556 3217 1611 sermonibus
3254 1565 3419 1627 atque
3443 1572 3669 1628 persua-

2060 1646 2312 1703 sionibus
2358 1663 2478 1704 esse
2532 1649 2858 1714 consuevit,
2905 1648 3167 1721 subjungi
3236 1649 3669 1719 patiamurzest

2059 1739 2206 1795 enim
2241 1740 2401 1811 plane
2445 1740 2712 1797 deformis
2754 1740 2939 1796 editus
2971 1757 3041 1796 ex
3085 1741 3342 1797 dissimili
3392 1743 3669 1799 sententia

2057 1834 2276 1891 fructus
2298 1878 2311 1902 ,
2337 1847 2393 1891 et
2419 1837 2708 1893 hominum
2738 1837 2795 1891 in
2821 1836 2927 1891 ﬁde
2953 1836 3311 1892 dissimilium
3345 1851 3632 1892 sermones
3651 1878 3665 1904 ,

2058 1925 2127 1980 iis
2166 1926 2261 1997 qui
2302 1927 2426 1982 illos
2469 1927 3043 1998 admittunt,-pravos
3084 1934 3279 1998 partus
3320 1928 3663 1984 conciliant:

2056 2018 2152 2073 sed
2188 2035 2313 2074 cum
2355 2022 2498 2076 vites
2532 2037 2633 2076 nos
2674 2020 2780 2091 ipsi
2830 2020 3034 2086 simus,
3068 2027 3126 2074 et
3160 2020 3477 2075 vinctorum
3517 2020 3667 2076 vices

2057 2115 2346 2164 teneamus
2363 2151 2377 2176 ,
2411 2110 2578 2165 unius
2604 2110 2755 2166 modi
2801 2109 3043 2181 quodam
3067 2107 3235 2165 modo
3265 2109 3450 2165 fructu
3476 2111 3666 2166 ornari

2058 2201 2356 2267 convenit,
2407 2210 2465 2256 et
2510 2200 2779 2256 biformes
2832 2214 3017 2256 mores
3062 2200 3273 2268 vitare;
3328 2200 3469 2256 nihil
3512 2202 3663 2259 enim

2055 2294 2241 2350 tritico
2275 2303 2331 2350 et
2376 2295 2536 2361 uvis,
2567 2295 2716 2365 quod
2761 2294 2831 2350 ad
2877 2293 3191 2348 naturalem
3239 2293 3662 2351 similitudinem

2052 2389 2359 2459 pertineat,
2385 2404 2681 2445 commune
2725 2397 2833 2445 est.
2860 2388 3057 2443 Nullus
3105 2386 3274 2459 igitur
3299 2388 3357 2443 in
3400 2387 3565 2445 nobis
3588 2390 3665 2445 sit

2052 2482 2249 2538 alienis
2286 2483 2595 2539 seminibus
2628 2483 2805 2539 locus.

2122 2573 2323 2629 PALL.
2353 2575 2525 2630 Recte
2551 2574 2716 2632 dicis.

2120 2666 2279 2722 (ΠΒ.
2307 2666 2429 2723 Alia
2455 2683 2677 2739 quoque
2702 2667 2922 2724 ratione
2947 2686 3061 2727 non
3087 2672 3369 2729 cohaerere
3394 2670 3542 2727 inter
3563 2688 3623 2728 sc
3641 2713 3659 2737 ,

2050 2776 2233 2832 neque
2257 2760 2558 2817 convenire
2602 2776 2795 2833 posse,
2846 2777 2972 2832 quae
3022 2762 3262 2820 diversis
3298 2763 3528 2836 praedita
3550 2763 3664 2820 sint

2051 2854 2331 2920 moribus,
2372 2863 2430 2910 et
2448 2842 2651 2911 'mutua
2678 2853 2824 2910 inter
2852 2870 2911 2911 se
2940 2856 3331 2913 communione
3363 2857 3661 2931 disiuncta,

2051 2945 2425 3010 demonstrat,
2469 2946 2539 3001 ad
2585 2947 2707 3017 ejus
2745 2945 2828 3001 rei
2865 2945 3099 3018 ﬁguram
3136 2963 3455 3019 proponens
3503 2949 3662 3005 illum

2052 3037 2456 3094 alienissimum
2493 3078 2508 3104 ,
2569 3046 2627 3093 et
2689 3039 2853 3109 plane
2917 3048 3303 3110 portentosum
3374 3041 3663 3097 rationalis

2049 3130 2349 3186 animantis
2384 3146 2510 3185 cum
2556 3145 2624 3186 eo
2671 3146 3063 3202 congressum,
3092 3132 3242 3203 quod
3286 3135 3408 3204 ejus
3447 3143 3663 3190 natura:

2049 3239 2162 3280 non
2189 3224 2297 3290 sit,
2335 3223 2435 3279 sed
2461 3222 2669 3279 diversi
2714 3225 2970 3296 generis,
2996 3231 3054 3280 et
3083 3233 3433 3280 extraneum.
3468 3224 3662 3296 Itaque

2052 3315 2106 3370 in
2134 3315 2326 3371 Exodo
2357 3314 2477 3370 ait:
2515 3334 2534 3366 ι
2578 3313 2845 3382 Omnem,
2882 3315 2979 3386 qui
3007 3316 3210 3371 coierit
3235 3332 3362 3371 cum
3408 3316 3657 3387 pecude,

2049 3418 2231 3464 morte
2256 3407 2507 3464 allicietis
2529 3424 2660 3464 eum
2682 3408 2752 3464 '°.
2785 3428 2805 3462 ι
2835 3410 3062 3466 Planius
3087 3418 3271 3465 autem
3299 3409 3355 3463 in
3377 3409 3657 3465 Levitico:

2058 3519 2077 3551 ‹
2107 3500 2176 3555 Ει
2201 3499 2456 3571 quisquis
2499 3499 2721 3555 dederit
2747 3499 3103 3557 cubationem
3147 3516 3306 3556 suam
3330 3500 3388 3556 in
3415 3501 3661 3571 quadru—

2046 3591 2188 3663 pede
2214 3633 2229 3659 ,
2259 3601 2439 3648 morte
2466 3592 2774 3661 moriatur;
2806 3601 2864 3649 et
2897 3592 3219 3665 quadrupes
3240 3594 3612 3651 interficietur
3640 3614 3655 3663 ;

2048 3691 2106 3738 et
2141 3684 2342 3739 mulier
2388 3699 2736 3754 quaecunque
2786 3684 3087 3740 accesserit
3130 3684 3200 3740 ad
3247 3700 3411 3742 omne
3454 3701 3657 3758 pecus,

2047 3784 2109 3832 ut
2134 3776 2204 3831 ab
2228 3792 2297 3832 eo
2327 3776 2707 3843 inscendatur,
2742 3775 3094 3833 interficietis
3128 3778 3424 3835 mulierem
3459 3780 3518 3835 et
3555 3797 3656 3852 pc-

2048 3886 2178 3936 cus;
2214 3878 2394 3925 morte
2419 3870 2858 3937 interﬁciantur;
2885 3869 2970 3926 rei
2996 3872 3213 3926 sunt".
3245 3890 3266 3924 ι
3313 3873 3476 3945 263
3514 3872 3661 3929 Con-

2046 3963 2374 4019 suetudines
2409 3963 2616 4028 animi,
2661 3972 2718 4018 et
2760 3962 2931 4018 veluti
2984 3963 3353 4020 admistiones
3391 3965 3658 4036 spiritua-

2044 4056 2129 4112 les
2170 4063 2227 4111 et
2262 4070 2622 4126 congressus,
2648 4071 2776 4110 cum
2828 4054 3035 4125 quibus
3080 4057 3309 4112 minime
3358 4061 3555 4125 decet,
3599 4069 3658 4114 ct

2043 4163 2280 4218 quorum
2339 4147 2560 4202 animus
2600 4146 3090 4203 irrationabilitate
3139 4164 3354 4205 summa
3404 4148 3659 4219 laborat,

2041 4239 2240 4293 mortis
2282 4253 2450 4292 causa
2492 4243 2623 4293 sunt
2679 4244 2796 4291 tum
2841 4236 2978 4307 ipsis
3021 4239 3485 4309 corruptoribus,
3530 4247 3666 4310 tum

2042 4331 2208 4383 etiam
2245 4328 2312 4384 iis
2345 4326 2437 4398 qui
2469 4315 2534 4383 se.
2558 4335 2751 4398 sponte
2782 4328 3066 4399 corrumpi
3091 4329 3405 4400 patiuntur.

2114 4420 2312 4476 PALL.
2338 4420 2666 4475 Rectissime
2687 4460 2701 4487 ,
2727 4429 2784 4475 et
2827 4420 3135 4493 justissime
3163 4422 3252 4478 lex
3271 4421 3541 4480 decrevit.

614 4604 943 4674 Θαυμάσαις
971 4604 1016 4659 δ’
1055 4605 1123 4660 ἂν
1165 4605 1249 4661 ἔτι
1295 4607 1391 4661 καὶ
1416 4606 1538 4661 τόδε
1564 4624 1578 4639 ο
1612 4604 1682 4684 ἦν
1725 4609 1836 4682 γὰρ
1870 4610 1932 4685 δή

2054 4560 2078 4573 β
2111 4566 2269 4655 CYR.
2314 4597 2457 4656 Illud
2498 4598 2647 4654 enim
2675 4598 3043 4657 admiratione
3087 4601 3319 4675 dignum
3366 4612 3485 4673 est;
3511 4578 3648 4663 τοπι-

2040 4692 2254 4763 tingere
2297 4692 2448 4747 enim
2497 4692 2688 4763 utique
2732 4701 2981 4765 poterat,
3013 4702 3079 4750 ut
3109 4697 3364 4753 nonnulli
3412 4697 3651 4757 aliorum

2038 4784 2096 4839 vi
2121 4793 2179 4841 et
2200 4785 2447 4856 potentia
2472 4800 2584 4840 non
2606 4785 2835 4842 ferenda
2856 4788 3139 4858 superati,
3173 4790 3393 4847 etiamsi
3419 4791 3652 4849 minime.

2039 4877 2274 4934 fortasse
2317 4878 2553 4943 vellent,
2582 4893 2614 4933 a
2661 4887 2815 4934 recto
2861 4896 3031 4937 sensu
3056 4881 3127 4938 ad
3151 4882 3432 4954 cbiiquam
3481 4893 3649 4957 atque

2040 4986 2360 5042 perversam
2401 4971 2723 5042 Opinionem
2763 4973 3013 5044 corrupti
3057 4978 3555 5045 pertraherentur,
3584 4993 3650 5032 ac

2041 5064 2214 5119 veluti
2239 5064 2449 5131 coacti,
2475 5080 2585 5120 non
2628 5064 2748 5120 sine
2772 5064 3032 5138 lacrymis
3054 5065 3294 5124 fortasse
3315 5069 3373 5122 in
3395 5083 3647 5124 errorem

2042 5157 2467 5214 seducerentur.
2495 5157 2617 5213 Non
2653 5158 2838 5229 itaque
2881 5159 2968 5214 lex
3002 5160 3110 5217 hoc
3157 5176 3335 5232 genus
3355 5161 3646 5219 hominum

2041 5253 2162 5309 sine
2209 5254 2338 5311 ullis
2382 5256 2605 5313 auxiliis
2670 5257 3098 5329 relinquendum
3142 5275 3208 5315 ac
3254 5261 3645 5333 negligendqu

2042 5345 2278 5399 censuit.

2111 5436 2310 5494 PALL.
2360 5438 2531 5507 Quale
2592 5440 2816 5498 tandem
2881 5442 3030 5500 istud
3086 5461 3263 5518 genus
3317 5454 3436 5513 est,
3491 5447 3643 5519 quod

2043 5528 2219 5586 dicis?
3148 5566 3157 5581 ο
3709 5538 3718 5575 ⁷

2113 5621 2271 5679 CYR.
2301 5625 2441 5682 Illud
2485 5630 2750 5687 nimirum
2774 5629 3065 5686 servitutis
3081 5631 3215 5704 jugo
3241 5633 3602 5691 constrictum
3618 5669 3644 5702 ,

2044 5721 2100 5769 et
2127 5714 2477 5776 dominorum
2505 5722 2740 5795 imperio
2763 5734 3188 5796 praegravatum.
