4104 6474
451 5803 462 5866 ξ

464 372 562 429 $5!

540 483 735 541 PALL.
762 480 876 549 Qua
912 481 1124 536 ratione
1152 478 1220 534 iis
1242 478 1331 534 lex
1356 494 1517 549 opem
1542 479 1706 534 tulit?

535 673 694 729 ΟΥΕ.
726 669 903 725 Solvit
933 668 1083 723 enim
1119 664 1356 720 vinculis
1392 673 1450 720 et
1482 665 1765 720 coactione
1785 705 1800 731 ,
1829 664 1876 720 si
1899 664 2051 719 dam-

468 780 601 821 num
645 763 714 817 ad
754 761 991 816 animam
1029 758 1335 828 pertineat,
1377 771 1442 813 ac
1484 757 1750 811 violatum
1789 756 2053 828 aufugere

470 857 516 911 si
562 855 730 919 velit,
766 852 987 906 nemine
1038 848 1402 919 impediente,
1452 848 1800 918 apertissime
1849 847 2049 902 sanxit.

471 947 561 1003 Sic
582 946 727 1001 enim
769 943 994 1013 oblique
1037 941 1176 996 dixit
1200 941 1258 995 in
1281 939 1472 995 Exodo
1499 958 1512 993 :
1545 959 1563 991 ι
1595 938 1651 994 Si
1678 938 1801 1009 quis
1825 953 2054 1009 percus-

469 1039 604 1094 serit
626 1036 847 1091 oculum
873 1034 1019 1088 servi
1046 1034 1171 1098 sui,
1196 1033 1283 1088 vel
1328 1032 1548 1086 oculum
1577 1031 1790 1085 ancilla:
1834 1046 1975 1096 suae,
1999 1039 2057 1086 et

469 1126 825 1184 excaecaverit
844 1166 858 1191 ,
887 1124 1096 1179 liberos
1119 1122 1363 1178 dimittet
1395 1137 1492 1178 eos
1503 1137 1615 1192 .pro
1638 1122 1797 1177 oculo
1818 1136 2010 1178 eorum
2039 1138 2053 1174 :

468 1220 513 1278 si
538 1228 722 1273 autem
748 1220 969 1271 dentem
1000 1215 1149 1270 servi
1195 1214 1316 1279 sui,
1343 1214 1429 1269 vel
1456 1214 1677 1268 dentem
1702 1214 1914 1269 ancillae
1945 1229 2058 1269 suae

469 1307 778 1364 excusserit
797 1347 811 1371 ,
837 1306 1044 1360 liberos
1065 1303 1308 1358 dimittet
1321 1318 1417 1358 eos
1434 1318 1534 1373 pro
1551 1303 1714 1357 dente
1740 1318 1933 1358 eorum
1952 1304 2017 1356 ".
2032 1322 2050 1353 ι

468 1398 625 1466 Quod
662 1397 810 1451 enim
846 1395 916 1450 ad
963 1394 1325 1464 conspicuum
1362 1407 1615 1456 sensum,
1661 1400 1718 1447 et
1753 1393 2058 1462 expositam

470 1499 823 1560 apertamque
851 1485 1268 1556 intelligentiam
1307 1483 1583 1554 pertinet,
1608 1484 1866 1554 prohibet
1888 1483 2058 1538 auda-

471 1581 612 1637 ciam
641 1620 654 1644 ,
703 1588 759 1635 et
803 1578 1155 1633 dominorum
1204 1575 1301 1630 ira:
1352 1575 1577 1629 modum
1631 1575 1833 1645 ponit,
1880 1591 2061 1646 neque

471 1686 716 1742 eousque
738 1669 993 1741 progredi
1018 1669 1169 1733 vult,
1218 1666 1366 1722 unde
1397 1659 1800 1738 consequatur,
1829 1676 1923 1733 ut,
1965 1670 2061 1740 qui

473 1767 604 1814 sunt
627 1774 818 1815 eorum
867 1759 1174 1813 dominatui
1220 1757 1483 1830 subjecti,
1525 1760 1797 1814 naturalis
1829 1760 2060 1831 integri-

1452 360 1511 417 S.
1554 360 1831 418 CYRILLI
1869 359 2340 416 ALEXANDRINI
2380 354 2697 413 ARCHIEP.

2076 485 2123 542 Α
2224 478 2433 552 ΠΑΔᾼ.
2464 472 2780 545 Βεδοήθηκε
2803 468 2861 523 δὲ
2882 466 3003 521 τίνα
3040 452 3106 540 δὴ
3135 466 3243 538 ἄρα
3266 467 3467 538 τρόπον
3495 467 3587 523 καὶ
3607 470 3736 526 τού-

2151 587 2268 634 τοις
2299 571 2328 624 6
2358 568 2520 638 νόμος
2542 584 2557 633 ;

3621 349 3738 410 559.

2225 661 2390 716 ΚΥΡ.
2435 658 2644 730 Ἀνίησι
2675 654 2783 728 γὰρ
2804 653 3005 726 δεσμοῦ
3028 653 3120 707 καὶ
3141 651 3412 724 ἀνάγκης,
3439 653 3488 706 εί
3510 652 3572 707 τὸ
3609 654 3739 725 βλά·

2158 750 2254 814 6ος
2283 750 2371 820 είη
2418 747 2549 818 περὶ
2582 745 2784 817 ψυχὴν,
2816 743 2914 798 καὶ
2960 742 3285 813 ἀποτρέχειν
3314 743 3363 797 εί
3405 742 3649 814 βούλοιτο
3677 745 3740 799 τὸ

2154 841 2485 915 ἠδικημένον
2554 834 3018 910 παραποδίζοντος
3080 834 3293 899 οὐδενὸς
3314 876 3330 903 ,
3383 835 3740 891 δεδικαίωκεν

2156 932 2426 1005 ἐναργῶς.
2485 931 2632 1002 Ἔφη
2684 928 2795 1001 γὰρ
2838 921 2941 983 ὧδε
2988 926 3237 996 πλαγίως
3273 928 3332 982 ἐν
3376 930 3444 1000 τῇ
3502 927 3728 997 Ἐξέδφ·

2162 1046 2183 1080 ι
2239 1027 2364 1081 Ἐὰν
2404 1024 2463 1079 δέ
2509 1042 2596 1089 τις
2646 1021 2864 1097 πατάξῃ
2909 1021 3001 1077 τὸν
3048 1021 3327 1093 ὀφθαλμὸν
3374 1020 3471 1075 τοῦ
3526 1022 3741 1077 οἰκέτου

2160 1117 2349 1183 αὐτοῦ,
2391 1117 2424 1188 ἢ
2463 1116 2554 1170 τὸν
2594 1114 2874 1186 ὀφθαλμὸν
2916 1114 3015 1183 τῆς
3042 1112 3381 1184 θεραπαίνης
3410 1112 3599 1177 αὐτοῦ,
3644 1113 3744 1167 καὶ

2160 1208 2518 1281 ἐκτυφλώσῃ,
2570 1207 2913 1279 ἐλευθερίους
2950 1204 3305 1271 ἐξαποστελεῖ
3349 1206 3569 1270 αὐτοὺς,
3616 1206 3744 1259 ἀντὶ

2158 1301 2252 1356 τοῦ
2298 1299 2580 1372 ὀφθαλμοῦ
2625 1298 2839 1354 αὐτῶν·
2884 1299 2980 1351 ἐὰν
3008 1297 3065 1351 δὲ
3097 1297 3190 1351 τὸν
3224 1296 3417 1351 ὀδόντα
3447 1298 3546 1368 τῆς
3579 1297 3744 1368 θερα-

2162 1396 2363 1467 παίνης
2397 1392 2562 1449 αὐτοῦ
2593 1394 2826 1464 ἐκκόψῃ,
2858 1392 2891 1464 ἢ
2930 1391 3022 1446 τὸν
3052 1390 3239 1445 ὀδόντα
3271 1390 3367 1444 τοῦ
3402 1390 3613 1444 οἰκέτου
3644 1391 3742 1443 αὺ-

2161 1488 2279 1552 τοῦ,
2306 1486 2622 1556 ἐλευθέρους
2639 1472 2991 1554 ἐξαποστελεῖ
3012 1484 3232 1548 αὐτοὺς,
3262 1486 3383 1538 ιίιντὶ¹
3408 1484 3504 1537 τοῦ
3531 1484 3742 1548 ὀδόντος

2163 1577 2367 1633 αὐτῶν.
2417 1595 2436 1631 ι
2472 1578 2637 1630 Ὅσον
2669 1575 2769 1647 μὲν
2809 1576 2916 1648 γὰρ
2943 1572 3080 1648 ἦκεν
3109 1577 3188 1640 είς
3227 1574 3462 1646 θεωρίαν
3490 1573 3741 1646 ἐξωφανῆ

2163 1670 2258 1723 καὶ
2289 1670 2580 1742 πρόχειρον
2609 1664 2757 1733 νοῦν,
2784 1666 3129 1721 κατακωλύει
3153 1666 3214 1721 τὸ
3240 1666 3460 1740 θράσος,
3479 1666 3576 1719 καὶ
3605 1682 3744 1736 συμ-

2170 1763 2404 1833 μέτρους
2428 1760 2687 1815 ἀποτελεῖ
2718 1760 2819 1823 τὰς
2848 1759 2957 1813 τῶν
3003 1759 3363 1831 κτησαμένων
3406 1757 3600 1831 ὀργὰς,
3645 1759 3744 1813 καὶ

476 1851 605 1905 tatis
641 1852 909 1921 jacturam
956 1849 1283 1920 patiantur:
1318 1828 1501 1921 neque
1554 1851 1668 1905 ullo
1724 1852 1890 1907 modo
1937 1828 2063 1923 per-

2171 1828 2228 1905 ού
2263 1828 2457 1922 μέχρις
2490 1848 2712 1903 ἐκείνων
2745 1850 2880 1904 ἱέναι
2911 1828 3279 1921 βούλεταιξδί
3303 1843 3379 1904 ὧν
3410 1828 3476 1903 ἂν
3509 1849 3745 1919 γένοιτο,

474 1943 674 2007 mittit,
722 1951 784 1997 ut
827 1942 987 1997 furor
1024 1941 1289 1997 effrenate
1334 1941 1580 2008 feratur,
1631 1952 2065 2015 exerceaturque

469 2039 582 2109 jam
610 2038 666 2092 in
693 2038 813 2108 ipsa
849 2044 1048 2091 natura
1068 2076 1083 2102 ,
1112 2037 1270 2106 cujus
1296 2036 1388 2091 ille
1425 2036 1693 2091 duntaxat
1719 2053 1841 2093 esse
1877 2039 2067 2093 Domi-

474 2144 581 2183 nus
603 2128 956 2198 intelligitur,
984 2127 1078 2197 qui
1101 2128 1329 2183 crcavit.
1358 2129 1493 2183 Nam
1521 2129 1793 2194 servitus,
1821 2138 1908 2194 et,
1946 2146 2069 2201 quae

476 2219 529 2273 in
554 2235 620 2274 ea
663 2220 948 2295 sequitur,
994 2212 1277 2275 calamitas
1316 2221 1544 2275 minime
1580 2221 1670 2276 illa
1717 2222 1938 2291 quidem
1983 2230 2069 2276 est

474 2318 688 2365 natura:
730 2311 994 2375 morbus,
1041 2310 1137 2366 sed
1183 2311 1474 2381 iniquitate
1515 2312 1952 2382 opprimentium
1981 2314 2066 2368 in-

475 2410 689 2456 vectus.
714 2401 775 2456 In
798 2400 1025 2457 Christo
1049 2401 1217 2471 igitur
1242 2401 1387 2456 Deus
1409 2417 1473 2457 ac
1514 2403 1678 2456 Pater
1700 2410 1869 2456 totam
1896 2403 2071 2457 conti-

477 2510 588 2549 nuo
634 2501 890 2549 naturam
936 2493 1005 2548 ad
1056 2508 1183 2547 eum
1232 2502 1436 2548 statum
1498 2493 1795 2559 reformat,
1843 2510 1953 2564 quo
1998 2494 2070 2550 ab

477 2585 634 2639 initio
657 2585 856 2639 fuerat.
888 2604 907 2636 ι
938 2584 996 2639 Si
1018 2584 1143 2653 quis
1157 2584 1306 2638 enim
1331 2585 1387 2638 in
1402 2584 1624 2639 Christo
1645 2626 1659 2650 ,
1684 2601 1827 2640 nova
1847 2594 2070 2642 creatu-

480 2691 540 2730 ra
567 2677 632 2728 ".
667 2694 685 2726 ι
714 2675 904 2744 Itaque
929 2677 1144 2731 tollitur
1191 2676 1419 2730 omnino
1457 2675 1744 2731 servitutis
1784 2676 2026 2732 dedecus
2054 2695 2067 2730 :

484 2766 681 2821 scribit
720 2766 869 2820 enim
891 2766 1096 2820 Paulus
1125 2784 1139 2820 :
1175 2786 1193 2817 ι
1224 2767 1284 2821 In
1308 2760 1684 2822 Christo’Jesu
1710 2781 1821 2822 non
1845 2775 1929 2822 est
1951 2783 2069 2823 ser-

480 2873 614 2923 vus,
660 2872 839 2927 neque
872 2857 1015 2912 liber
1067 2859 1132 2912 “.
1171 2877 1189 2909 ›
1238 2857 1401 2930 264
1446 2858 1676 2913 Interim
1748 2866 1930 2915 tamen
1984 2861 2071 2914 lex

482 2946 678 3017 puerili
703 2948 859 3017 prius
882 2947 1229 3002 institutione
1255 2963 1356 3002 nos
1379 2947 1445 3002 ad
1468 2949 1865 3018 perfectionem
1888 2950 2067 3004 dedu-

481 3053 641 3102 cens,
698 3036 880 3091 aufert
930 3037 1391 3108 intemperantem
1440 3055 1603 3094 usum
1651 3042 1966 3110 potestatis,
2012 3052 2069 3098 et

2167 1942 2266 2012 τὴν
2296 1942 2377 2004 είς
2402 1940 2464 1993 τὸ
2494 1935 2552 1992 εὖ
2579 1935 2719 1993 εἶναι
2739 1938 2944 2010 ζημίαν
2961 1939 3102 2002 -τοὺς
3128 1939 3589 2009 ύπεζευγμένους,
3614 1941 3751 1994 ἀπο·-

2170 2032 2382 2102 στῆναι.
2430 2032 2650 2103 Ἐφίησι
2679 2030 2736 2084 δέ
2769 2029 3021 2102 οὐδαμῶς
3064 2029 3337 2101 ἀχαλίνως
3388 2031 3524 2086 ἰέναι
3572 2031 3641 2086 τὰ
3684 2035 3752 2086 ἐκ

2169 2123 2368 2196 θυμοῦ,
2399 2123 2495 2177 καὶ
2527 2125 2608 2188 είς
2636 2123 2805 2195 αὐτὴν
2833 2122 2935 2195 ἥδη
2970 2122 3306 2194 πράττεσθαι
3335 2122 3433 2195 τὴν
3473 2122 3655 2192 φύσιν,
3679 2120 3751 2198 ἦς

2168 2214 2235 2269 ἂν
2264 2217 2437 2272 νοοῖτο
2495 2217 2654 2287 μόνος
2688 2215 2949 2286 ὑπάρχων
2991 2214 3270 2285 Δεσπότης
3313 2216 3341 2269 6
3366 2216 3713 2288 Δημιουργός
3733 2234 3747 2247 ·

2169 2306 2381 2362 δουλεία
2410 2307 2520 2379 γὰρ
2551 2308 2643 2361 καὶ
2670 2308 2732 2361 τδ
2775 2308 2868 2361 ἐπὶ
2907 2305 3032 2379 τῇδε
3071 2307 3242 2370 πάθος
3272 2306 3371 2361 ούκ
3409 2307 3754 2381 ἀρρώστημα

2171 2402 2419 2471 φυσικὸν,
2454 2400 2569 2454 ἀλλ’
2598 2399 2908 2470 εἰσποιητὸν
2937 2401 3000 2452 ὲκ
3030 2397 3364 2465 πλεονεξίας.
3398 2401 3485 2453 Ἐν
3530 2400 3755 2473 Χριστῷ

2176 2494 2275 2563 μὲν
2321 2489 2415 2546 οὖν
2452 2496 2480 2547 ὀ
2510 2492 2642 2555 Θεὸς
2690 2492 2784 2546 καὶ
2825 2491 3014 2562 Πατὴρ
3057 2491 3186 2560 ὃλην
3217 2493 3546 2547 ἀναπλάττει
3587 2492 3752 2559 εὐθὺς

2174 2588 2313 2658 πρὸς
2344 2585 2404 2638 τὸ
2422 2587 2478 2638 ὲν
2504 2585 2698 2655 ἀρχαῖς
2721 2584 2819 2654 τὴν
2852 2584 3030 2653 φύσιν.
3058 2602 3076 2634 ι
3104 2584 3170 2637 Εἴ
3187 2602 3271 2648 τις
3286 2586 3393 2657 γὰρ
3423 2586 3481 2638 ὲν
3502 2586 3749 2657 Χριστῷ,

2171 2678 2332 2748 καινὴ
2350 2678 2546 2741 κτίσις.
2575 2695 2594 2727 ι
2630 2677 2960 2747 Ἀναιρεῖται
2992 2675 3048 2728 δὲ
3077 2676 3352 2742 παντελῶς
3379 2678 3478 2746 τῆς
3504 2677 3751 2742 δουλείας

2170 2771 2231 2823 τὸ
2259 2765 2451 2840 αἶσχος
2472 2787 2485 2801 ·
2527 2768 2730 2838 γράφει
2760 2768 2870 2838 γὰρ
2895 2769 2922 2821 6
2951 2767 3183 2835 Παῦλος,
3216 2769 3299 2823 ὃτι
3338 2788 3357 2821 ι
3411 2770 3499 2824 Ἐν
3532 2769 3753 2841 Χριστῷ

2188 2861 2387 2933 Ἰησοῦ,
2411 2861 2512 2915 ούκ
2542 2860 2621 2915 ἔνι
2643 2860 2848 2925 δοῦλος,
2876 2860 2996 2914 οὐδὲ
3024 2860 3327 2934 ἐλεύθερος.
3360 2881 3378 2914 ι
3410 2863 3754 2936 ’Λφαιρεῖται

2170 2954 2227 3011 δὲ
2261 2953 2399 3017 τέως
2425 2955 2453 3006 6
2482 2954 2646 3022 νόμος
2688 2953 3198 3025 προσπαιδαγωγῶν
3249 2956 3329 3019 είς
3367 2954 3427 3008 τὸ
3459 2955 3663 3009 τέλειον
3691 2955 3753 3009 τὸ

2170 3046 2271 3116 τῆς
2317 3045 2570 3110 ἐξουσίας
2627 3044 2954 3109 ἀκάθεκτον,
3015 3046 3109 3099 καὶ
3151 3045 3212 3099 τὸ
3249 3047 3507 3101 ἐπέκεινα
3551 3046 3752 3118 μέτρου

481 3124 761 3180 licentiam
778 3166 791 3191 ,
818 3141 941 3196 qua:
975 3126 1119 3181 ultra
1143 3126 1368 3181 modum
1394 3128 1812 3184 convenientem
1838 3145 2067 3200 progre-

2171 3138 2266 3192 τοῦ
2295 3136 2656 3210 καθήκοντος,
2709 3136 2914 3209 ζημίαν
2971 3138 3233 3202 ἐπιτιθεὶς
3270 3141 3386 3203 τοῖς
3428 3139 3754 3211 ὀλιγωροῦσι

481 3215 666 3283 ditur,
710 3217 1052 3287 multamque
1097 3219 1273 3273 sancit
1332 3219 1389 3273 in
1434 3227 1844 3291 contemptores
1895 3222 2067 3292 legis,

479 3306 742 3362 nimirum
794 3308 969 3378 ipsam
994 3323 1190 3363 eorum
1214 3310 1309 3379 qui
1335 3310 1524 3366 violati
1573 3319 1735 3377 sunt,
1764 3313 2071 3368 manumis-

480 3399 715 3454 sionem.
742 3400 950 3455 Verum
975 3400 1092 3454 haec
1114 3400 1339 3470 quidem
1364 3401 1432 3457 de
1473 3401 1645 3473 ﬁgura
1668 3411 1725 3457 et
1768 3403 1965 3458 umbra
1983 3443 1998 3464 ,
2024 3403 2072 3458 si

420 3572 425 3577 ι
481 3491 570 3546 cui
608 3491 779 3546 libeat
820 3492 926 3545 hac
971 3506 1191 3561 quoque
1229 3494 1446 3548 ratione
1488 3494 1836 3565 intelligere:
1867 3494 1962 3549 sed
1993 3495 2070 3559 si,

481 3582 631 3653 quod
666 3590 878 3652 spectat
924 3582 1043 3647 lex,
1083 3582 1139 3636 id
1190 3584 1556 3653 spiritualiter
1603 3585 2070 3655 interpretemur,

483 3673 592 3727 alio
617 3688 836 3743 quoque
862 3671 1025 3726 modo
1046 3713 1059 3736 ,
1105 3673 1344 3738 Palladi,
1374 3673 1443 3728 ad
1469 3674 1617 3729 illius
1652 3675 2074 3744 contemplatio-

483 3778 612 3817 nem
668 3762 932 3818 accedere
1001 3763 1252 3832 poteris:
1287 3763 1431 3819 hanc
1491 3765 1695 3835 quippe
1742 3765 2075 3821 mundanam

485 3855 669 3909 lucem
693 3855 943 3924 corporis
966 3856 1142 3911 oculis
1165 3856 1474 3926 excipimus
1495 3866 1551 3912 et
1574 3857 1913 3913 admiramur
1941 3877 1953 3912 :
1982 3859 2076 3913 lux

484 3954 671 4001 autem
701 3946 792 4000 illa
816 3945 1179 4018 intelligibilis
1194 3947 1250 4001 in
1275 3948 1482 4003 nostris
1506 3948 1770 4004 cordibus
1791 3950 2073 4005 exoritur:

486 4037 738 4106 corporis
776 4036 911 4091 item
937 4038 1096 4093 cibus
1129 4038 1391 4094 dentibus
1428 4038 1718 4095 conﬁcitur
1739 4082 1753 4107 ,
1798 4049 1989 4112 estque
2011 4055 2077 4095 ea

488 4141 580 4181 res
603 4126 671 4182 ad
712 4128 883 4182 vitam
908 4128 1171 4184 tuendam
1196 4130 1284 4184 via
1315 4147 1326 4183 :
1359 4130 1454 4186 sed
1479 4131 1789 4186 divinarum
1827 4141 2076 4189 eontem-

488 4216 796 4285 plationum
843 4216 1097 4272 soliditas
1139 4227 1304 4289 atque
1358 4218 1651 4275 difﬁcultas
1692 4222 1893 4277 mentis
1938 4225 2077 4279 viri-

491 4308 595 4363 bus
636 4315 894 4379 tanquam
929 4309 1190 4366 dentibus
1226 4312 1623 4381 propemodum
1651 4315 2075 4381 comminuitur,

490 4399 764 4468 et,pascit
801 4400 1067 4455 animum.
1090 4400 1280 4470 Itaque
1305 4399 1584 4471 Sapientia
1630 4403 1793 4459 nobis
1838 4405 2079 4462 divinam

2172 3231 2265 3285 τοῦ
2306 3232 2496 3302 νόμου,
2525 3230 2632 3284 τῶν
2654 3231 2997 3302 ἠδικημένων
3026 3231 3125 3303 τὴν
3155 3233 3368 3301 ἄφεσιν.
3411 3232 3572 3286 Ἀλλὰ
3594 3234 3754 3287 ταυτὶ

2178 3319 2277 3391 μὲν
2311 3322 2389 3383 είς
2421 3320 2658 3391 γράμμα
2688 3321 2780 3373 καὶ
2802 3321 2983 3389 σκιὰν,
3018 3323 3178 3395 εἴπερ
3202 3322 3378 3376 ἓλοιτό
3398 3340 3481 3387 τις
3511 3324 3607 3377 καὶ
3627 3325 3753 3394 τῇδε

2174 3415 2347 3467 νοεῖν·
2391 3414 2439 3465 εί
2477 3413 2530 3465 δὲ
2565 3412 2630 3484 δὴ
2674 3412 3087 3484 διερμηνεύοιτο
3147 3415 3534 3486 πνευματικῶς
3583 3419 3612 3470 6
3660 3416 3755 3471 τοῦ

2176 3503 2343 3573 νόμου
2391 3502 2614 3566 σκοπὸς,
2656 3492 3030 3573 ’προσϐάλλοις
3082 3503 3169 3569 ἂν,
3220 3498 3265 3558 ὦ
3318 3503 3615 3568 Παλλάδιε,
3661 3507 3758 3560 καὶ

2177 3594 2301 3648 καθ’
2347 3594 2531 3666 ἕτερον
2568 3594 2769 3664 τρόπον
2799 3596 2911 3658 τοῖς
2943 3595 3002 3647 ἐν
3052 3594 3202 3666 αὐτῷ
3248 3596 3603 3668 θεωρήμασι⁹
3638 3601 3757 3668 φῶς

2180 3687 2280 3757 μὲν
2305 3687 2414 3758 γὰρ
2439 3686 2592 3739 τουτὶ
2616 3684 2677 3739 τὸ
2697 3685 2990 3757 ἐγκόσμιον
3018 3688 3131 3749 τοῖς
3153 3686 3246 3740 τοῦ
3280 3687 3532 3760 σώματος
3558 3688 3759 3758 ὀφθαλ-

2181 3780 2302 3848 μοῖς
2363 3775 2718 3848 είσδεχόμεθά
2759 3793 2818 3830 τε
2867 3776 2961 3830 καὶ
3003 3777 3383 3848 θαυμάζομεν·
3437 3779 3553 3849 φῶς
3601 3780 3658 3833 δὲ
3694 3781 3758 3833 τὸ

2178 3866 2320 3920 θεῖον
2349 3866 2444 3920 καὶ
2473 3866 2662 3937 νοητὸν
2698 3867 2754 3918 ὲν
2783 3867 2906 3927 ταῖς
2928 3866 3226 3938 ἡμετέραις
3243 3868 3452 3939 ἀνίσχει
3471 3867 3723 3941 καρδίαις
3741 3884 3754 3899 ·

2178 3957 2276 4011 καί⁵
2304 3957 2606 4029 τροφὴκμέν
2634 3960 2667 4027 ὴ
2696 3957 2790 4012 τοῦ
2818 3957 3090 4029 σώματος,
3112 3956 3290 4010 ὀδοῦσι
3321 3957 3756 4021 καταλεαίνεται,

2178 4050 2275 4103 καλ⁸
2308 4047 2461 4102 ἔσται
2488 4050 2551 4101 τὸ
2583 4050 2773 4121 χρῆμα
2814 4051 2948 4120 πρὸς
2986 4048 3131 4121 ζωὴν
3159 4048 3306 4113 ὁδός·
3342 4048 3410 4102 τὰ
3441 4049 3498 4103 δέ
3537 4066 3601 4119 γε
3649 4049 3760 4103 τῶν

2181 4140 2339 4194 θείων
2369 4140 2761 4212 θεωρημάτων,
2797 4140 3030 4213 σκληρὰ,
3062 4141 3155 4194 καὶ
3174 4139 3471 4209 δυσέφικτα
3504 4140 3762 4213 καθάπερ

2178 4233 2354 4287 ὀδόντι
2383 4235 2448 4304 τῇ
2477 4234 2578 4304 τῆς
2596 4232 2835 4297 διανοίας
2871 4232 3016 4303 ἰσχύϊ
3051 4232 3332 4303 μονονουχὶ
3363 4231 3761 4303 συνθρύπτεται

2179 4322 2274 4375 καὶ⁴
2312 4321 2614 4393 ἀποτρέψει
2643 4321 2845 4393 ψυχήν.
2879 4322 2992 4375 Καὶ
3035 4321 3166 4390 γοῦν
3204 4323 3238 4393 ἡ
3280 4320 3451 4390 Σοφία
3477 4321 3576 4392 τὴν
3610 4320 3761 4374 θείαν

2180 4415 2315 4484 ἡμῖν
2338 4414 2434 4467 καὶ
2460 4414 2841 4486 πνευματικὴν
2860 4411 3107 4467 άπλοῦσα
3121 4412 3422 4483 τράπεζαν,
3459 4429 3478 4463 ι
3511 4411 3757 4476 Ἐλθετε,

492 4490 946 4560 spiritualemquc
992 4507 1243 4546 mensam
1283 4508 1595 4562 apponens,
1620 4494 1697 4548 ait
1731 4514 1744 4549 :
1792 4515 1811 4547 ι
1841 4497 2034 4555 Venite
2063 4539 2069 4565 ε

2186 4503 2392 4572 φάγετε
2433 4504 2526 4558 τὸν
2570 4504 2704 4574 ἐμὸν
2756 4505 2940 4573 ἄρτον,
2991 4521 3010 4555 ι
3065 4504 3250 4574 φησίν.
3303 4501 3511 4557 Οὐκοῦν
3559 4503 3663 4557 κᾶν
3708 4505 3759 4556 εἰ

490 4579 641 4636 edite
688 4594 888 4649 panem
921 4596 1105 4635 meum
1132 4582 1199 4634 ’⁵.
1235 4600 1254 4632 ι
1285 4582 1490 4653 Igitur,
1528 4586 1744 4641 etiamsi
1785 4604 1947 4644 servo
1968 4590 2083 4644 for-

495 4679 641 4725 tasse
667 4670 725 4722 in
760 4668 1077 4738 hujusmodi
1114 4671 1284 4725 rebus
1309 4671 1518 4742 aliquid
1544 4675 1726 4729 damni
1753 4679 2079 4750 contigerit,

492 4758 803 4813 insaniente
843 4758 1089 4825 domino,
1117 4769 1281 4830 atque
1324 4773 1553 4834 cogente
1586 4776 1647 4820 ut
1672 4768 1887 4825 simula
1929 4782 2079 4828 recta

493 4846 808 4916 dogmatum
844 4848 1030 4918 regula
1075 4849 1142 4903 ad
1175 4850 1446 4908 absurdos
1486 4871 1710 4913 errores
1752 4859 2075 4931 delabatur,

493 4937 768 5003 solvatur,
818 4939 1028 5010 inquit,
1077 4956 1284 5005 nexus,
1330 4950 1388 4998 et
1432 4946 1548 5017 jugi
1611 4951 1861 5018 servilis,
1908 4964 2073 5027 atque

493 5045 594 5101 per
618 5029 731 5083 vim
756 5030 1033 5101 impositi,
1060 5032 1211 5086 nulla
1251 5036 1393 5089 ratio
1436 5038 1722 5097 habeatur.
1771 5044 2075 5115 Abjiciatur

492 5123 659 5175 etiam
704 5122 992 5192 potestatis
1035 5130 1246 5187 metus,
1291 5140 1467 5197 eoque
1514 5142 1706 5203 pergat
1748 5135 1840 5190 ille
1880 5137 2074 5193 aliena:

493 5212 749 5281 potestati
773 5213 1082 5283 subjectus,
1108 5215 1423 5288 ubicunque
1448 5222 1566 5277 sine
1590 5240 1703 5280 sure
1744 5226 2077 5299 integritatis

492 5300 828 5355 detrimento
850 5317 906 5356 se
932 5318 1055 5359 esse
1078 5320 1238 5375 posse
1279 5314 1549 5379 repererit
1574 5332 1588 5381 ;
1635 5317 1814 5372 anima
1839 5334 2075 5390 namque

494 5394 841 5460 praestantius
867 5394 1002 5447 nihil
1046 5403 1130 5451 est
1158 5416 1169 5450 :
1197 5415 1361 5470 quam
1388 5412 1446 5457 ut
1473 5415 1688 5473 servet,
1735 5423 1765 5463 a
1808 5412 2077 5467 servitute

494 5482 756 5571 solvatur.
784 5484 927 5539 Vera
953 5494 1135 5543 autem
1151 5493 1319 5548 verba
1353 5494 1470 5551 haec
1494 5512 1645 5565 esse,
1674 5516 1849 5571 eaque
1872 5504 2080 5559 nostris

495 5569 675 5625 adhuc
698 5574 1039 5642 temporibus
1063 5577 1315 5649 impleri,
1343 5583 1499 5640 facile
1523 5594 1606 5642 est
1645 5569 1832 5645 videre
1862 5610 1873 5643 :
1899 5608 2079 5663 neque

2183 4594 2372 4666 οἰκέτῃ
2397 4612 2460 4647 συ
2470 4594 2686 4665 μϐαίνοι
2711 4592 2873 4663 τυχὸν
2891 4594 3018 4664 περί
3044 4610 3097 4646 τι
3125 4593 3235 4646 τῶν
3255 4593 3509 4647 τοιούτων
3539 4592 3757 4664 βλόιΰος,

2185 4684 2592 4756 παραπαίοντος
2623 4684 2885 4737 δεσπότου
2917 4684 3013 4737 καὶ
3049 4682 3395 4755 παρολισθεῖν
3424 4685 3759 4753 ἀναγκάζον-

2180 4793 2270 4839 τος
2304 4775 2361 4843 ἐξ
2409 4776 2701 4846 ὀρθότητος
2734 4774 3023 4845 δογμάτων
3063 4777 3144 4838 εἰς
3194 4773 3425 4828 ἔκτοπον
3471 4774 3759 4846 πλάνησιν,

2181 4865 2445 4926 λελύσθω,
2494 4864 2681 4934 φησὶν,
2720 4864 2748 4916 ό
2777 4863 2996 4933 δεσμὸς,
3041 4863 3136 4915 καὶ
3173 4861 3330 4931 λόγος
3388 4861 3529 4916 ἔστω
3575 4863 3763 4933 μηδεὶς

2182 4955 2481 5024 ἀναγκαίου
2518 4954 2707 5022 ζυγοῦ.
2742 4953 3048 5026 Διερρίιρθω
3070 4953 3126 5005 δέ
3158 4971 3248 5005 ποι
3273 4952 3368 5006 καὶ
3392 4953 3492 5023 τῆς
3513 4950 3764 5017 ἐξουσίας

2181 5048 2245 5101 τὸ
2278 5047 2460 5117 δεῖμα,
2498 5048 2597 5101 ἴτω
2635 5034 2914 5100 τε’λοιπὸν
2962 5048 2990 5099 6
3043 5045 3499 5116 κατεζευγμένος,
3531 5046 3764 5115 ὅποιπερ

2182 5135 2250 5191 ἂν
2280 5136 2430 5205 αύτῴ
2481 5136 2541 5190 τὸ
2569 5136 2866 5206 ἁλωϐἡτως
2888 5134 3031 5205 ἔχειν
3067 5134 3373 5205 εὑρίσκοιτο
3392 5149 3405 5162 ⁸
3446 5131 3626 5204 ψυχῆς
3654 5131 3764 5203 γὰρ

2179 5227 2401 5297 ἄμεινον
2417 5228 2570 5281 οὐδὲν
2598 5223 2687 5297 ἦν.
2724 5227 2834 5279 Καὶ
2864 5226 2950 5281 ἵνα
2984 5226 3154 5296 σώσῃ,
3190 5227 3377 5297 φησὶν,
3412 5223 3765 5279 ἀπολελύσθω

2179 5318 2450 5382 δουλείας.
2473 5319 2635 5381 Ἰδοις
2656 5317 2700 5370 δ’
2724 5318 2790 5372 ἂν
2810 5317 2985 5388 ἀληθῆ
3013 5318 3106 5370 τὸν
3134 5317 3312 5385 λόγον,
3338 5316 3431 5370 καὶ¹
3462 5318 3519 5368 ἐν
3549 5316 3763 5387 καιροῖς

2181 5410 2262 5464 έτι
2288 5414 2400 5475 τοῖς
2428 5410 2548 5465 καθ’
2579 5411 2729 5480 ἡμᾶς
2773 5408 3180 5480 πληρούμενον·
3232 5407 3293 5460 ού
3334 5406 3443 5477 γὰρ
3480 5406 3761 5476 ἀνέχονται

2181 5502 2457 5556 δεσποτῶν
2481 5502 2690 5556 οἰκέται
2722 5502 3213 5573 παρακομιζόντων
3243 5501 3320 5562 είς
3343 5498 3632 5567 πλάνησιν,
3660 5497 3762 5567 τῆς

2184 5596 2396 5666 ἐπηρτη
2407 5594 2574 5665 μένης
2592 5594 2778 5658 αὐτοῖς
2798 5592 3045 5657 ἐξουσίας
3069 5589 3505 5659 ὑπεξαγαγόντες
3530 5586 3762 5659 γενικῶς

598 5753 832 5809 "Exod.
859 5774 966 5827 7m,
1001 5762 1091 5831 26,
1118 5766 1207 5820 27.
1297 5770 1343 5801 ⁹³
1370 5767 1412 5822 ll
1430 5768 1555 5824 Cor.
1588 5786 1639 5834 v,
1673 5769 1752 5822 l7.
1831 5770 2101 5827 9‘Coloss.
2135 5789 2213 5832 tu,
2254 5774 2335 5827 ll.
2418 5769 2641 5831 "Prov.
2670 5777 2814 5843 tx,5.
