4104 6468
380 434 490 491 553

1133 436 1225 491 DE
1260 435 1706 493 ADORATIONE
1745 438 1812 493 ΙΝ
1846 437 2122 495 SPIRITU
2162 440 2250 495 ET
2290 442 2659 498 V'ERiTATE.
2705 442 2975 499 LIBXIII.

3565 456 3671 514 554

375 554 445 603 16
471 547 531 602 ἐν
561 564 627 617 γε
652 549 829 619 τούτῳ
847 547 1129 620 πειθήνιον
1149 567 1163 579 ·
1190 549 1349 621 ἄχθει
1382 551 1480 622 μὲν
1501 551 1703 625 γὰρτῷ
1732 552 1964 617 δουλείας

2073 553 2223 608 enim
2249 557 2394 611 servi
2438 558 2712 613 sustinent
2758 559 3014 615 dominos
3055 564 3124 615 ad
3174 574 3422 617 errorem
3447 575 3669 635 pertra—

376 637 474 691 16v
522 637 618 691 τοῦ
672 637 926 710 σώματος
979 640 1374 708 ὺπενεγκόντες
1423 642 1646 715 αὐχένα,
1708 644 1970 715 τηροῦσιν

377 728 655 784 ἀθόλωτον
703 731 763 784 ὲν
805 732 1021 796 ἑαυτοῖς
1052 732 1146 786 τὸν
1178 731 1326 798 νοῦν,
1377 735 1472 788 καὶ
1512 735 1576 789 τὸ
1619 735 1731 789 δεῖν
1768 736 1968 790 εἰδέναι

377 822 574 892 σαφῶς
591 839 654 876 τε
688 822 785 876 καὶ
806 823 1064 890 ἀπλανῶς
1091 826 1185 880 τὸν
1209 827 1339 898 περὶ
1364 827 1461 898 τῆς
1480 828 1716 900 ἀληθοῦς
1731 829 1969 895 πίστεως

375 913 560 983 λόγον,
595 914 794 969 πολλοῦ
842 916 909 988 δὴ
936 916 1081 986 λίαν,
1128 910 1331 989 μᾶλλον
1369 920 1428 973 δὲ
1472 920 1567 974 τοῦ
1603 921 1803 986 παντὸς
1829 918 1969 975 εἶναι

375 1007 532 1073 ἄξιον
566 1007 994 1074 πεπιστεύκασι,
1024 1010 1120 1064 καὶ
1145 1009 1352 1081 τροφὴν
1384 1010 1446 1064 16
1468 1014 1658 1084 χρῆμα
1685 1011 1969 1067 ποιοῦνται

274 1118 279 1121 ⁷
375 1100 784 1172 πνευματικὴν,
824 1095 915 1156 οἷά
959 1119 1069 1173 περ
1095 1101 1270 1156 ὀδόντι
1308 1101 1388 1174 τῷ
1437 1102 1513 1175 νῷ
1545 1103 1970 1177 κατατρίϐοντες

372 1194 440 1247 16
470 1195 552 1257 είς
582 1188 676 1256 οὖς
701 1193 1024 1265 ἐρχόμενον,
1055 1195 1154 1248 καὶ
1192 1191 1293 1264 τὴν
1320 1195 1431 1249 τῶν
1476 1195 1637 1251 θείων
1680 1195 1969 1269 νοημάτων

370 1286 808 1361 ἀναμασώμενοι
840 1287 1091 1358 δύναμιν.

452 1561 664 1615 ΠΔΔΛ.
726 1560 819 1625 Ὠς
870 1558 1050 1631 σαφής
1096 1573 1158 1610 τε
1216 1557 1374 1629 ⁴ἡμῖν,
1426 1556 1523 1611 καὶ
1565 1555 1743 1630 ὀρθῶς
1776 1555 1968 1629 ἔχωνὸ

374 1655 560 1709 λόγος.

478 1671 509 1708 ο
544 1694 560 1709 .

409 1654 621 1803 όῖίξῬ.
655 1744 980 1819 Προσεθίζει
1005 1745 1065 1800 δὲ
1091 1744 1187 1799 καὶ
1225 1743 1429 1816 ἑτέρως
1453 1744 1482 1797 6
1506 1743 1672 1815 νόμος
1711 1744 1862 1815 ἡμᾶς
1889 1745 1970 1809 είς

373 1839 779 1913 φιλαλληλίαν,
818 1840 987 1910 τιμᾷν
1039 1837 1355 1893 ἀναπείθων
1397 1837 1461 1891 16
1502 1837 1969 1907 συγκαθίστασθαι

2071 645 2300 713 bentes,
2334 656 2391 704 et
2432 665 2499 704 ex
2545 651 2804 721 imposita
2847 652 2953 707 sibi
3001 653 3352 710 dominorum
3395 666 3670 727 potestate

2071 738 2410 795 subtrahunt
2446 741 2686 813 ingenue
2725 744 2783 798 in
2814 744 2919 800 hac
2958 761 3018 801 re
3044 757 3196 802 certe
3239 747 3479 804 oﬁicium
3504 750 3672 807 obse-

2071 830 2313 900 quendi;
2341 847 2499 899 nam,
2527 849 2652 888 cum
2677 850 2819 891 onus
2866 836 3152 893 servitutis
3177 841 3390 897 cervice
3416 843 3670 914 corporis

2071 923 2339 991 subeant,
2384 941 2589 996 purum
2645 927 2705 981 in
2749 928 2949 999 seipsis
2991 931 3240 987 animum
3287 935 3563 1004 retinent,
3612 946 3670 993 et

2069 1015 2233 1086 plane
2250 1030 2321 1071 ac
2341 1015 2581 1072 ﬁrmiter
2597 1033 2764 1073 nosse
2782 1035 2930 1075 verae
2973 1020 3101 1077 ﬁdei
3145 1023 3419 1080 rationem
3441 1027 3668 1098 plurimi

2068 1105 2281 1162 faciunt
2297 1148 2312 1173 ,
2338 1107 2451 1164 imo
2477 1122 2612 1163 vero
2637 1108 2698 1164 in
2721 1124 2791 1165 eo
2813 1125 3085 1166 summam
3107 1122 3285 1170 totam
3306 1133 3429 1174 esse
3462 1121 3672 1176 consti—

2069 1206 2261 1265 tuunt,
2299 1214 2534 1271 eamque
2571 1216 2691 1256 rem
2714 1201 2773 1256 in
2799 1202 2987 1258 cibum
3032 1206 3378 1276 spiritualem
3402 1220 3667 1279 vertunt,

2070 1300 2126 1346 et
2148 1291 2296 1362 quod
2319 1292 2554 1349 auribus
2579 1302 2952 1364 acceperunt,
2992 1306 3177 1353 mente
3208 1306 3467 1371 tanquam
3503 1304 3670 1361 dente

2069 1384 2491 1453 comminuunt,
2540 1386 2971 1462 divinorumque
3004 1398 3269 1446 sensuum
3292 1393 3403 1448 vim
3446 1410 3669 1453 reman-

2070 1474 2229 1532 dunL
2554 1486 2555 1489 ‘

2142 1566 2343 1622 PALL.
2372 1567 2677 1641 Perspicua
2707 1585 2845 1626 sane
2864 1578 2987 1638 est,
3020 1587 3091 1628 ac
3133 1583 3283 1631 recte
3308 1575 3477 1633 habet
3497 1594 3670 1651 expo-

2073 1658 2224 1715 sitio.
2990 1705 3020 1715 ..
3058 1708 3071 1717 .

2139 1751 2299 1808 CYR.
2337 1751 2514 1810 Aliter
2535 1770 2756 1825 quoque
2802 1756 2892 1812 lex
2914 1773 3018 1814 nos
3056 1758 3388 1827 assuefacit,
3434 1769 3498 1816 ut
3524 1760 3672 1819 inter

2071 1860 2177 1902 nos
2222 1861 2509 1914 amemus,
2556 1864 2683 1905 cum
2727 1851 2911 1907 colere
2954 1851 3153 1909 suadet
3174 1855 3521 1923 societatem,
3563 1875 3673 1929 qua

369 1933 492 1996 τοῖς
517 1931 709 2001 ἐγγὺς,
736 1931 984 1994 καὶτοὺς
1001 1930 1100 2001 τῆς
1133 1928 1454 1999 ἀνισότητος
1481 1929 1964 2003 καταμυσαττόμεε

2068 1953 2193 1994 cum
2237 1940 2506 2011 proximis
2542 1944 2940 2015 eongruimus,
2968 1954 3026 2003 et
3068 1947 3413 2018 inaequaliter
3446 1928 3671 2007 vivendi

367 2023 467 2088 νὸς
500 2040 562 2077 τε
590 2022 689 2077 καὶ
718 2021 966 2088 κολάζων
995 2022 1255 2095 τρόπους.

443 2117 658 2171 ΠΔΛΛ.
679 2116 805 2181 Πῶς
830 2116 898 2189 δὴ
925 2117 1069 2188 φής;

444 2212 617 2267 ΚΥΡ.
656 2213 862 2266 Ἄκουε
887 2210 988 2284 δή⁸
1021 2211 1227 2284 γράφει
1253 2211 1364 2284 γὰρ
1391 2210 1558 2266 πάλιν
1579 2227 1596 2243 ·
1639 2229 1659 2262 ‹
1703 2209 1833 2265 Ἐὰν
1873 2226 1971 2264 κε-

370 2305 577 2380 ρατίσῃ
619 2304 763 2370 τινὸς
809 2306 1013 2376 ταῦρος
1051 2305 1143 2360 τὸν
1187 2303 1390 2376 ταῦρον
1435 2303 1530 2358 τοῦ
1574 2302 1824 2375 πλησίον,
1873 2302 1970 2357 καὶ

364 2393 697 2469 τελευτήσῃ,
733 2394 1111 2450 ἀποδώσονται
1146 2396 1240 2449 16v
1270 2395 1473 2468 ταῦρον
1508 2394 1602 2449 16v
1636 2394 1840 2463 ζῶντα,
1872 2394 1969 2449 καὶ

365 2488 676 2543 διελοῦνται
724 2489 785 2543 τὸ
819 2489 1084 2560 ἀργύριον
1128 2487 1322 2555 αὐτοῦ,
1352 2489 1449 2542 καὶ
1496 2489 1591 2542 16v
1634 2488 1837 2561 ταῦρον
1877 2488 1969 2543 τὸν

364 2582 676 2653 τεθνηκότα
708 2581 1036 2636 διελοῦνται.
1080 2581 1207 2636 Ἐὰν
1236 2581 1294 2635 δὲ
1331 2580 1672 2653 γνωρίζηται
1699 2582 1728 2634 6
1764 2580 1969 2654 ταῦρος

363 2679 452 2733 ὅτι
487 2678 821 2752 κερατιστής
851 2679 968 2730 ἐστι
990 2676 1096 2748 πρὸ
1124 2677 1227 2748 τῆς
1247 2676 1374 2747 χθὲς
1399 2676 1493 2731 καὶ
1519 2678 1627 2747 πρὸ
1652 2675 1753 2746 τῆς
1777 2675 1966 2749 τρίτης

364 2769 616 2842 ἡμέρας·
664 2768 759 2824 καὶ
786 2767 1380 2841 διαμεμαρτυρημένα
1407 2761 1511 2823 ὦσι
1540 2766 1621 2839 τῷ
1662 2767 1838 2840 κυρίῳ
1871 2766 1970 2823 αὐ-

364 2862 490 2927 τοῦ,
520 2860 729 2934 καὶμὴ
760 2860 1003 2935 ἀφανίσῃ
1049 2860 1238 2927 αὑτὸν,
1284 2861 1536 2915 ἀποτίσει
1589 2860 1792 2933 ταῦρον
1841 2858 1968 2915 ἀντὶ

363 2957 596 3030 ταύρου,
621 2959 651 3011 6
679 2956 736 3011 δὲ
758 2954 1169 3027 τετελευτηκὼς
1193 2954 1344 3027 αὐτῷ
1364 2954 1540 3012 ἔσται.
1572 2973 1593 3008 ι
1612 2956 1776 3029 Ὁρᾷς
1802 2954 1864 3009 16
1881 2954 1967 3008 αἶα

364 3065 568 3120 νιγμα,
605 3048 701 3102 καὶ
716 3047 1001 3110 οίονείπως
1027 3047 1159 3118 ἡμῖν
1183 3048 1247 3100 ὲκ
1271 3045 1718 3118 παραδείγματος
1740 3046 1967 3116 ὲναργε·

366 3142 573 3197 στάτου
607 3139 746 3213 πρὸς
770 3140 833 3194 16
856 3138 987 3194 εὐθὺ
1015 3137 1394 3209 διαστείχοντα
1427 3138 1518 3192 16v
1559 3137 1655 3192 ἐπὶ
1703 3137 1842 3207 τῷδε
1878 3137 1967 3192 λό-

364 3252 504 3306 γον;
536 3234 602 3288 Εἰ
645 3233 757 3306 γὰρ
800 3233 1015 3302 γένοιτο
1056 3232 1336 3298 τεθνάναι,
1388 3232 1545 3303 φησὶ,
1571 3231 1664 3286 τὸν
1688 3230 1784 3286 τοῦ
1813 3230 1965 3285 δεῖνα

362 3327 593 3401 ταῦρον,
641 3329 738 3382 καὶ
772 3326 861 3396 ὑφ’
908 3325 1099 3398 ἑτέρου
1151 3324 1357 3398 ταύρου
1401 3327 1609 3394 πεσεῖν,
1655 3322 1960 3378 διελοῦνται

362 3421 462 3478 τὸν
510 3421 717 3493 ταῦρον
758 3421 854 3475 τὸν
895 3419 1097 3488 ζῶντα,
1132 3421 1228 3474 καὶ
1276 3421 1482 3490 ἀμφοῖν
1528 3418 1683 3472 ἔσται
1728 3417 1890 3472 πάλιν
1930 3418 1962 3471 6

362 3514 674 3587 τεθνηκὼς,
705 3515 1008 3579 τουτέστιν,
1050 3515 1101 3569 εἰ
1149 3511 1466 3578 πλεονεξίας
1514 3511 1820 3581 ἐπιγένοιτο
1867 3511 1963 3565 καὶ

363 3608 588 3673 ἀδικίας
637 3607 842 3679 τρόπος
869 3605 1003 3679 παρ’
1037 3605 1138 3677 οὐχ
1174 3605 1392 3669 ἑκόντος
1438 3603 1584 3668 τινὸς
1634 3604 1714 3668 εἰς
1750 3602 1959 3673 ἕτερον,

363 3700 717 3773 ὲνντρυφάτω,
742 3698 930 3770 φησὶν,
954 3698 983 3750 6
1010 3697 1345 3769 ἠδικημένος
1363 3699 1480 3761 τοῖς
1497 3695 1590 3751 τοῦ
1617 3696 1964 3769 λυπήσαντος

364 3791 621 3862 ἀγαθοῖς,
654 3792 751 3845 καὶ
782 3789 969 3854 κοινὰς
993 3787 1167 3860 ἐχέτω
1191 3787 1291 3853 τάς
1320 3787 1610 3860 θυμηδίας.
1633 3787 1806 3843 Τοῦτο
1829 3786 1959 3857 γὰρ,

364 3883 550 3958 οἶμαι,
598 3883 741 3949 ἐστι,
800 3885 864 3937 16
891 3880 1170 3936 διελέσθαι
1218 3883 1311 3937 τὸν
1360 3882 1565 3952 ταῦρον
1613 3879 1704 3934 τὸν
1743 3878 1958 3945 ζῶντω

351 3978 575 4062 ’Κοινάς
619 3976 676 4029 δὲ
711 3975 957 4043 ποιείτω,
1004 3975 1160 4047 φησὶ,
1197 3974 1292 4028 καὶ
1331 3974 1673 4044 ἀνεθελήτως
1721 3990 1962 4045 προσκε-

368 4070 629 4146 κρουκὼς
657 4072 758 4134 τὰς
786 4069 883 4123 τοῦ
929 4067 1267 4131 πεπονθότος
1317 4066 1635 4139 συμφοράς·
1667 4066 1821 4120 τουτί
1851 4064 1962 4138 γὰρ

363 4160 526 4235 οἶμαι
554 4161 928 4234 παραδηλοῦν,
946 4160 1007 4214 τὸ
1032 4157 1307 4213 διελέσθαι
1326 4159 1419 4213 τὸν
1441 4157 1763 4229 τεθνηκότα.
1796 4157 1962 4228 Ὁρᾷς

359 4251 463 4310 οὖν
509 4254 664 4317 ὅπως
689 4255 719 4308 6
762 4251 928 4324 νόμος
959 4249 1382 4319 αἰνιγματωδῶς
1411 4248 1494 4303 ἔτι
1533 4247 1629 4302 καὶ
1668 4264 1963 4303 κατεσκια-

367 4346 590 4420 σμένως
613 4347 709 4401 τὸν
733 4344 1058 4416 φιλάλληλον
1082 4344 1386 4414 εἰσηγεῖται
1405 4341 1636 4412 τρόπον;
1660 4341 1732 4394 Ἢ
1753 4340 1875 4411 οὐχὶ
1894 4339 1962 4409 δὴ

362 4440 530 4496 τοῦτό
562 4441 679 4493 ἐστι
706 4439 789 4506 τὸ,
825 4456 844 4490 ι
869 4437 1099 4511 Χαίρειν
1129 4436 1268 4509 μετά
1289 4434 1613 4508 χαιρόντων,
1643 4431 1962 4504 καί-κλαίειν

367 4535 514 4608 μετά
549 4533 849 4590 κλαιόντων
868 4548 884 4599 ;
922 4550 942 4583 ι

437 4628 650 4683 ΠΑΛΛ.
689 4627 898 4681 Ἕοικε.

436 4719 607 4774 ΚΥΡ.
634 4720 697 4773 Et
727 4718 785 4773 δὲ
810 4718 898 4790 δὴ,
923 4718 1110 4788 φησιν,
1129 4720 1158 4772 6
1188 4718 1526 4773 πλεονεκτῶν
1549 4718 1716 4791 είδείη
1746 4720 1957 4790 σαφῶς,

358 4818 448 4872 ὅτι
480 4815 739 4870 πείσεταί
771 4832 824 4868 τι
859 4814 1036 4869 δεινὸν
1067 4817 1097 4868 6
1136 4813 1329 4879 πέλας,
1365 4812 1476 4869 τῶν
1506 4813 1608 4884 τῆς
1642 4812 1962 4879 πλεονεξίας

362 4914 589 4986 τρόπων
640 4911 743 4967 οὐκ
791 4908 1188 4982 ἀνῃρημένων,
1224 4907 1432 4980 ζημίαν
1474 4907 1639 4971 αὐτὸς
1678 4907 1778 4980 τὴν
1839 4906 1962 4979 ῐσην

364 5006 659 5077 ὑπομενεῖ,
695 5004 792 5058 καὶ⁹
832 5004 932 5074 τὴν
972 5001 1070 5057 τοῦ
1124 5002 1393 5064 παθόντος
1444 5000 1733 5073 συμφορὰν
1789 5002 1959 5055 ὲπαν-

356 5100 555 5171 τλήσει
588 5097 728 5172 μόνῃ
750 5099 817 5170 τῇ
854 5097 965 5168 ἰδίᾳ
993 5095 1163 5168 ψυχῇ.
1184 5094 1359 5150 Τοῦτο
1381 5094 1492 5167 γὰρ
1515 5092 1954 5165 αἰνιγματωδῶς,

356 5196 445 5258 16,
484 5212 503 5246 ι
544 5191 825 5245 ’Λποτίσει
845 5189 1048 5263 ταῦρον
1080 5188 1203 5244 ἀντὶ
1234 5188 1461 5258 ταύρου,
1491 5189 1520 5242 6
1547 5187 1605 5240 δὲ
1639 5186 1953 5259 τετελευτη-

359 5284 479 5347 κὼς
505 5282 676 5339 αὐτοῦ
705 5281 883 5336 ἔσται.
921 5300 941 5333 ι
993 5280 1070 5335 Οὐ
1109 5281 1220 5352 γάρ
1257 5281 1423 5351 μέχρι
1470 5279 1565 5333 τοῦ
1604 5280 1716 5335 τῶν
1741 5279 1959 5333 οἰκείων

336 5374 590 5445 ,ἀγαθῶν
617 5375 920 5429 ἀποπεσεῖν
947 5375 1059 5437 τοῖς
1090 5372 1372 5428 ἀδικοῦσιν
1398 5375 1427 5427 6
1454 5371 1632 5442 λόγος,
1673 5372 1791 5428 ἀλλ’
1818 5373 1958 5428 ἰδίαν

354 5467 545 5536 ἕξουσι
580 5466 895 5538 συμφορὰν,
931 5467 1027 5520 καὶ
1053 5464 1235 5519 αὐτῶν
1264 5464 1419 5520 ἔσται
1442 5466 1635 5534 πάθος,
1662 5464 1726 5519 16
1751 5464 1829 5537 τῷ
1855 5466 1958 5520 πέ-

353 5561 460 5626 λας
494 5559 867 5634 συμϐεϐηκός.

429 5738 645 5795 ΠΑΔΛ.
690 5740 779 5804 Ὣς
804 5734 864 5794 εὖ
894 5755 957 5808 γε
987 5740 1121 5811 ἡμῖν
1148 5741 1176 5794 6
1213 5738 1373 5809 λόγος
1402 5740 1534 5813 ἔχει.

2073 2044 2258 2087 mores
2281 2030 2588 2087 detestatur
2611 2029 2676 2089 a'c
2698 2034 2877 2105 punit.

2142 2122 2306 2194 265
2332 2124 2530 2180 PALL.
2564 2124 2686 2193 Quo
2713 2127 2935 2183 tandem
2961 2127 3111 2185 istud
3139 2130 3340 2189 modo?

2139 2212 2299 2270 CYB.
2357 2214 2562 2287 Accipe
2610 2218 2762 2288 jam;
2808 2218 3005 2274 scribit
3058 2221 3210 2277 enim
3262 2238 3461 2278 rursus
3501 2240 3515 2277 :
3551 2242 3569 2275 ι
3610 2222 3671 2281 Si

2071 2322 2247 2363 cornu
2279 2310 2619 2380 percusserit
2640 2310 2879 2383 alicujus
2923 2320 3118 2370 taurus
3163 2322 3386 2371 taurum
3430 2318 3668 2387 proximi

2070 2398 2180 2462 sui,
2228 2409 2286 2455 et
2331 2410 2589 2456 mortuus
2612 2400 2803 2467 fuerit,
2829 2402 3077 2459 vendent
3114 2411 3336 2460 taurum
3362 2407 3666 2475 viventem,

2070 2498 2129 2544 et
2149 2490 2398 2547 divident
2421 2491 2665 2562 pretium
2689 2493 2811 2564 ejus
2839 2510 2855 2560 ;
2889 2500 3109 2549 taurum
3136 2510 3357 2566 quoque
3384 2504 3669 2555 mortuum

2071 2583 2342 2641 divident.
2370 2585 2527 2653 Quod
2556 2587 2602 2643 si
2627 2587 2912 2659 cognitum
2938 2588 3128 2654 fuerit,
3155 2590 3302 2660 quod
3329 2597 3523 2645 taurus
3545 2606 3671 2646 cor-

2068 2684 2278 2748 nupeta
2302 2686 2451 2733 esset
2481 2686 2610 2734 ante
2635 2678 2961 2735 hesternum
2996 2691 3058 2736 et
3082 2690 3209 2736 ante
3231 2682 3460 2736 tertium
3495 2681 3666 2748 diem,

2069 2779 2127 2826 et
2153 2770 2430 2828 testiﬁcati
2457 2771 2669 2828 fuerint
2690 2771 2918 2828 domino
2940 2773 3081 2845 ejus,
3103 2780 3160 2829 et
3182 2788 3293 2827 non
3305 2773 3670 2831 absconderit

2069 2878 2235 2924 eum.
2276 2863 2473 2920 reddet
2496 2871 2717 2920 taurum
2754 2879 2857 2936 pro
2882 2872 3075 2931 tauro,
3110 2874 3167 2920 et
3202 2876 3459 2921 mortuus
3491 2866 3669 2937 ipsius

2067 2954 2178 3011 erit
2199 2955 2265 3008 9‘.
2312 2974 2332 3006 ι
2374 2954 2545 3011 Vides
2591 2955 2847 3027 mnigma,
2899 2961 2956 3010 et
3002 2954 3301 3026 Scriptura:
3351 2954 3456 3011 hac
3486 2955 3557 3011 de
3602 2971 3665 3012 re

2068 3046 2241 3102 verba
2274 3046 2683 3117 quodammodo
2721 3061 2789 3102 ex
2828 3045 3252 3102 evidentissima
3295 3048 3549 3118 exemplo
3592 3048 3665 3104 ad

2069 3138 2127 3194 id
2167 3138 2418 3203 tendere,
2448 3138 2598 3209 quod
2629 3147 2843 3194 rectum
2865 3139 2991 3195 est?
3013 3138 3070 3193 Si
3095 3139 3267 3205 enim,
3297 3139 3497 3209 inquit,
3526 3154 3675 3203 con:

2070 3231 2259 3303 tigerit
2293 3232 2435 3287 mori
2458 3231 2772 3303 cujuspiam
2799 3241 3045 3299 taurum,
3071 3240 3128 3288 et
3153 3233 3224 3288 ab
3244 3233 3479 3289 alterius
3504 3242 3664 3290 lauro

2067 3325 2270 3391 occidi,
2301 3324 2552 3382 divident
2576 3325 2855 3381 viventem
2888 3334 3132 3392 taurum,
3156 3335 3214 3382 et
3237 3325 3528 3381 amborum
3571 3327 3665 3383 iti-

2064 3419 2190 3475 dem
2213 3419 2321 3474 erit
2341 3419 2578 3481 occisus,
2605 3418 2661 3473 id
2676 3428 2761 3474 est
2782 3436 2799 3472 :
2825 3419 2872 3473 si
2897 3417 3043 3489 quod
3077 3418 3453 3491 oppressionis
3474 3428 3532 3474 et
3556 3418 3665 3475 ini-

2063 3512 2293 3583 quitatis
2317 3529 2492 3584 genus
2514 3512 2583 3567 ab
2603 3512 2791 3582 aliquo
2814 3527 2923 3567 non
2947 3512 3192 3577 volente,
3218 3511 3276 3566 in
3297 3513 3537 3567 alterum
3561 3512 3664 3567 dc-

2063 3609 2302 3663 rivatum
2329 3607 2422 3672 sit,
2444 3607 2588 3679 ejus,
2624 3605 2826 3676 inquit,
2873 3604 3038 3662 bonis
3079 3606 3174 3676 qui
3213 3605 3465 3671 oﬁ'endit,
3495 3605 3543 3660 is
3566 3607 3663 3676 qui

2062 3699 2306 3754 violatus
2378 3704 2485 3763 est,
2541 3696 2893 3768 perfruamr,
2946 3704 3003 3751 et
3052 3696 3365 3751 communia
3426 3696 3667 3751 habeant

2062 3791 2352 3847 commoda
2376 3797 2542 3861 atque
2568 3789 2784 3846 solatia.
2830 3790 2947 3845 Hoc
2985 3790 3135 3845 enim
3175 3798 3286 3855 est,
3326 3789 3546 3860 Opinor,
3576 3788 3664 3844 di-

2020 3876 2037 3897 ‘
2062 3884 2255 3939 videre
2300 3883 2579 3938 viventem
2629 3891 2848 3938 taurum
2888 3899 2903 3936 :
2949 3896 3384 3952 communesque
3421 3882 3662 3949 habeat,

2064 3975 2265 4046 inquit,
2290 3975 2386 4046 qui
2418 3975 2507 4030 vel
2543 3975 2739 4030 nolens
2780 3973 3034 4039 offendit,
3074 3974 3196 4044 ejus
3220 3973 3313 4044 qui
3342 3974 3544 4029 damno
3579 3984 3666 4030 est

2062 4070 2316 4135 aﬂ‘ectus,
2344 4067 2689 4123 calamitates
2714 4084 2731 4121 :
2778 4065 2835 4121 id
2855 4065 3007 4120 enim
3026 4080 3101 4119 ex
3122 4080 3193 4120 eo
3228 4064 3538 4136 signiﬁcari
3575 4082 3666 4121 ar-

2063 4161 2264 4225 bitror,
2319 4157 2472 4229 quod
2519 4156 2700 4213 dividi
2737 4157 2968 4229 jubetur
3002 4154 3243 4212 occisus.
3289 4155 3458 4211 Vides
3495 4155 3666 4227 igitur

2065 4260 2129 4306 ut
2169 4251 2260 4304 lex
2288 4247 2582 4318 aanigmata
2605 4255 2664 4302 et
2683 4246 2912 4302 umbras
2936 4244 3005 4300 ad
3030 4251 3238 4300 mutuae
3262 4244 3666 4301 benevolentia:

2066 4356 2250 4397 mores
2289 4340 2588 4396 hortetur?
2629 4354 2816 4395 annon
2854 4339 2963 4395 hoc
2999 4337 3137 4393 illud
3175 4344 3302 4394 est:
3353 4357 3371 4389 ι
3404 4337 3662 4395 Gaudere

2066 4448 2193 4490 cum
2219 4432 2611 4505 gaudentibus,
2636 4441 2697 4489 et
2718 4431 2851 4489 ﬂere
2875 4446 3003 4487 cum
3025 4430 3289 4487 ﬂentibus
3304 4431 3386 4485 ’7?
3422 4450 3440 4483 ›

1998 4639 2041 4695 D
2136 4637 2338 4693 PALL.
2379 4637 2461 4692 Ita
2493 4636 2733 4691 videtur.

2132 4728 2293 4785 CYB.
2338 4728 2398 4784 Si
2436 4745 2570 4785 vero
2606 4730 2700 4785 ille
2729 4744 3024 4800 oppressor
3067 4729 3229 4799 plane
3273 4730 3441 4794 norit,
3468 4729 3516 4785 si
3545 4729 3661 4800 ipse

2062 4821 2441 4893 oppressionis
2484 4835 2598 4876 sure
2627 4836 2813 4875 mores
2857 4835 2971 4875 non
3028 4820 3366 4885 cohibuerit,
3408 4820 3663 4891 proximo

2064 4913 2273 4984 aliquid
2318 4912 2655 4969 incommodi
2698 4912 2972 4979 futurum,
3018 4913 3139 4984 pari
3175 4912 3377 4969 damno
3397 4913 3661 4968 multabi-

2065 5017 2179 5071 tur,
2208 5016 2267 5061 et
2289 5006 2412 5076 ejus
2437 5005 2838 5061 detrimentum
2879 5007 2978 5077 qui
3004 5005 3249 5061 violatus
3271 5015 3375 5061 est.
3401 5021 3514 5060 suae
3540 5006 3662 5060 ani-

2064 5117 2167 5157 mae
2221 5100 2398 5156 solius
2452 5100 2707 5171 periculo
2773 5100 3084 5156 exhauriet.
3152 5098 3269 5153 Hoc
3320 5097 3468 5152 enim
3523 5098 3662 5152 illud

2061 5194 2296 5266 aenigma
2343 5193 2618 5263 signiﬁcat
2663 5211 2678 5247 :
2731 5214 2750 5245 ι
2804 5192 3018 5248 Reddet
3060 5200 3284 5246 taurum
3328 5206 3430 5261 pro
3464 5197 3659 5259 tauro;

2062 5299 2317 5344 mortuus
2336 5296 2522 5343 autem
2556 5285 2732 5357 ipsius
2754 5287 2864 5342 erit
2886 5286 2955 5339 ³⁸.
2990 5303 3008 5336 ι
3028 5284 3220 5354 Neque
3242 5283 3391 5339 enim
3421 5298 3547 5339 cum
3570 5278 3660 5350 iis,

2063 5381 2159 5452 qui
2185 5381 2447 5453 injuriam
2481 5379 2748 5445 inferunt,
2790 5379 2865 5432 ita
2896 5377 3171 5432 duntaxat
3209 5385 3424 5449 agetur,
3466 5386 3529 5431 ut
3561 5393 3662 5432 sua

2064 5471 2230 5527 modo
2276 5471 2419 5526 bona
2464 5469 2738 5534 amittant,
2777 5468 2873 5523 sed
2923 5465 3146 5538 propria
3187 5465 3412 5522 illorum
3436 5465 3661 5522 eritca-

2063 5562 2284 5619 lamitas
2320 5579 2333 5616 :
2375 5571 2431 5617 et
2457 5559 2561 5631 ipsi
2586 5559 2793 5614 malum
2821 5560 2928 5615 hoc
2949 5558 3247 5629 patientur,
3278 5556 3428 5630 quod
3469 5556 3662 5629 proxi-

2063 5672 2155 5710 mo
2184 5654 2438 5726 contigit.

2137 5745 2337 5802 PALL.
2370 5746 2638 5803 Prteclare
2663 5760 2796 5803 sane
2830 5762 2890 5802 se
2918 5743 3089 5799 habet
3112 5742 3314 5800 oratio.

471 5857 716 5916 "Exod.
743 5858 1083 5925 “1,795,156..
1140 5858 1183 5892 ’⁷
1219 5859 1379 5913 Rom.
1434 5876 1530 5928 vn,
1582 5861 1668 5918 l5.
1749 5863 1794 5897 "
1834 5863 2009 5920 Exod.
2056 5881 2165 5926 xxi,
2212 5865 2314 5920 56.

681 5953 962 6016 PATROL.
1008 5954 1125 6016 Gn.
1174 5954 1434 6015 LXVIII.

3301 5943 3371 6007 18
