4104 6474
487 454 592 510 535
1214 476 1254 513 ο

1493 446 1548 503 S.
1590 440 1864 503 CYRILLl
1905 444 2374 503 ALEXANDle
2404 447 2719 505 ARCHIEP.

3637 448 3731 507 558

549 562 707 620 ογιι.
733 560 1199 634 Sapientissimam
1232 572 1400 628 porro
1441 558 1604 614 nobis
1632 566 1838 613 mutuae
1879 558 2048 613 chari-

2239 560 2404 615 ΚΥΡ.
2456 561 2629 630 Σοφὸν
2669 561 2727 616 δὲ
2769 562 2900 633 ήμῖν
2937 561 3037 633 τῆς
3088 562 3170 626 είς
3220 562 3482 634 ἀλλήλους
3519 564 3727 639 ἀγάπης

487 656 614 709 latis
663 654 839 724 legem
883 652 1009 705 tulit
1051 651 1247 705 beatus
1296 649 1535 715 Paulus,
1590 664 1718 704 cum
1763 648 1839 704 ita
1879 649 2062 704 dixit:

492 768 510 798 ι
541 747 661 801 Νοιι
699 759 821 815 quae
856 752 1040 799 vestra
1081 742 1329 813 ipsorum
1374 747 1506 796 sunt
1539 748 1869 811 quaerentes,
1891 740 1987 795 sed
2009 749 2067 795 et

482 851 603 908 quae
623 836 857 891 aliorum
875 836 954 900 ⁹⁹;
981 854 998 884 ι
1020 834 1261 889 charitas
1282 835 1429 890 enim
1453 847 1564 887 non
1584 833 1802 903 quaerit,
1826 846 1947 902 qua:
1965 847 2063 887 sua

482 937 611 984 sunt
628 928 718 993 ”‘,
748 927 844 983 sed
879 926 1064 997 potius
1090 925 1405 981 considerat
1426 924 1595 981 etiam
1616 940 1738 995 quae
1764 931 1892 980 sunt
1921 923 2062 979 alio-

484 1035 626 1087 rum,
651 1029 708 1075 et
730 1029 793 1075 ut
814 1035 936 1090 quae
975 1026 1103 1074 sunt
1138 1017 1392 1083 fratrum,
1418 1017 1560 1073 bene
1584 1032 1643 1073 se
1666 1017 1924 1072 habeant.
1946 1016 2063 1072 Hoc

480 1116 660 1183 ipsum
684 1110 874 1165 itidem
897 1117 1113 1163 veteres
1131 1106 1355 1161 Litterae
1377 1105 1517 1162 clam
1544 1104 1808 1168 indicant,
1835 1119 1958 1174 qua:
1980 1103 2061 1159 sic

480 1204 685 1259 habent
720 1219 732 1253 :
784 1220 802 1253 ι
835 1200 891 1256 Si
923 1200 1185 1269 depastus
1223 1197 1347 1268 quis
1397 1196 1569 1251 fuerit
1624 1210 1813 1266 agrum
1854 1201 1951 1250 aut
1978 1195 2063 1248 vi-

476 1310 657 1360 neam,
700 1302 755 1349 et
804 1290 1079 1347 dimiserit
1108 1291 1421 1361 jumentum
1449 1302 1631 1352 suum,
1673 1288 1837 1359 εδδ
1870 1295 1933 1342 ut
1963 1286 2060 1341 de-

476 1396 731 1457 pascatur
767 1398 958 1455 agrum
991 1381 1253 1446 alienum,
1291 1379 1482 1435 reddet
1508 1394 1574 1433 ex
1596 1393 1728 1450 agro
1766 1393 1868 1433 suo
1901 1380 2056 1449 juxta

475 1480 715 1534 fructum
752 1477 906 1548 ejus;
950 1475 995 1528 si
1034 1482 1219 1529 autem
1250 1487 1471 1528 omnem
1504 1485 1696 1541 agrum
1742 1471 1861 1540 ejus
1885 1469 2055 1539 depa-

474 1576 620 1623 stum
652 1564 839 1627 fuerit,
868 1563 1073 1633 optima
1112 1561 1230 1634 agri
1265 1562 1374 1627 sui,
1407 1569 1465 1615 et
1493 1559 1699 1630 optima
1729 1560 1901 1614 vinea:
1942 1574 2056 1615 sum

477 1658 729 1714 reddet‘.
765 1676 781 1706 ι
817 1656 954 1710 Nam
988 1654 1085 1725 qui
1135 1655 1282 1725 agris
1327 1652 1527 1708 alienis
1557 1666 1719 1707 suum
1739 1653 2054 1722 jumentum

474 1747 744 1812 immittit,
772 1746 861 1801 ille
889 1745 1004 1801 suis
1026 1743 1249 1815 quidem
1278 1744 1445 1799 rebus
1471 1741 1764 1797 utilitatem
1788 1740 1968 1805 affert,
1996 1748 2054 1795 et

471 1853 569 1891 sua
596 1832 1003 1907 quodammodo
1030 1832 1248 1903 quaerit,
1291 1846 1402 1887 non
1434 1838 1619 1885 tamen
1642 1844 1706 1884 ea
1743 1843 1804 1883 re
1826 1827 2046 1899 quaerit,

2167 650 2334 703 ἐτίθει
2367 650 2533 721 νόμον
2561 651 2657 705 καὶ
2687 653 2717 705 ὁ
2748 649 3032 716 Θεσπέσιος
3055 651 3286 718 Παῦλος,
3324 652 3497 723 ὡδίπη
3529 653 3724 722 λέγων’

2174 762 2192 794 ι
2221 742 2311 812 Μὴ
2341 745 2412 797 τὰ
2449 743 2661 798 ἑαυτῶν
2691 743 3003 814 ζητοῦντες,
3036 743 3174 798 ἀλλά
3213 746 3309 799 καὶ
3345 744 3415 798 τὰ
3451 745 3671 818 ἑτέρων.
3703 761 3724 801 >

2164 835 2239 888 οὐ
2270 836 2424 905 ζητεῖ
2455 836 2621 907 γάρή
2652 836 2843 906 ἀγάπη
2875 834 2945 890 τὰ
2967 834 3199 905 ἑαυτῆς·
3228 836 3656 907 περισκέπτεται
3676 834 3727 890 δι

2167 923 2369 994 μᾶλλον
2399 926 2494 978 καὶ
2530 924 2599 978 τὰ
2616 924 2840 996 ἑτέρων,
2866 922 2963 976 καὶ
2990 922 3140 986 ὅπως
3166 922 3232 977 ἀν
3260 921 3372 993 ἔχοι
3401 922 3470 976 τὰ
3494 921 3729 993 ἀδελφῶν

2161 1012 2242 1070 εῦ.
2290 1015 2461 1070 Τοῦτό
2498 1033 2583 1070 τοι
2620 1015 2783 1070 πάλιν
2832 1015 2892 1069 τὸ
2937 1017 3162 1086 ἀρχαῖον
3193 1017 3324 1086 ἡμῖν
3366 1015 3725 1069 ὑπαινίττεται

2160 1107 2415 1180 Γράμμα⁸
2454 1108 2568 1180 ἔχει
2596 1108 2653 1162 δὲ
2681 1106 2853 1172 οὔτως
2875 1124 2891 1139 ο
2920 1127 2938 1159 ι
2978 1108 3105 1161 Ἐὰν
3129 1106 3186 1161 δὲ
3215 1106 3607 1179 καταϐοσκήσῃ
3650 1123 3727 1169 τις

2160 1201 2330 1272 ἀγρὸν
2366 1203 2399 1273 ἢ
2431 1202 2750 1274 ἀμπελῶνα,
2778 1203 2874 1257 καὶ
2903 1203 3014 1275 ἀφῇ
3043 1203 3106 1256 τὸ
3137 1202 3333 1273 κτῆνος
3361 1201 3548 1267 αὑτοῦ,
3574 1219 3729 1256 κατα-

2160 1292 2434 1364 ϐοσκῆσαι
2458 1293 2628 1367 ἀγρὸν
2653 1293 3127 1365 ἑτερον,ἀποτίσει
3149 1295 3215 1348 ὲκ
3238 1293 3333 1347 τοῦ
3367 1293 3539 1365 ἀγροῦ
3567 1293 3724 1350 αὐτοῦ

2158 1385 2298 1439 κατὰ
2340 1385 2403 1439 τὸ
2446 1386 2691 1458 γέννημα
2737 1386 2943 1440 αὐτοῦ·
2990 1388 3084 1440 ἑὰν
3117 1386 3174 1440 δὲ
3208 1385 3387 1441 πάντα
3426 1374 3526 1440 τὸν
3565 1386 3726 1458 ἀγρὸν

2157 1471 2568 1544 καταϐοσκήσῃ,
2602 1473 2671 1528 τά
2706 1473 2960 1545 βέλτιστα
2989 1473 3081 1528 τοῦ
3114 1474 3285 1546 ἀγροῦ
3310 1474 3498 1543 αὑτοῦ,
3546 1476 3640 1530 καὶ
3662 1478 3724 1531 τὰ

2158 1554 2410 1633 βέλτιστα
2442 1564 2536 1617 τοῦ
2580 1564 2906 1636 ἀμπελῶνος
2940 1563 3107 1619 αὐτοῦ
3148 1565 3418 1620 ἀποτίσει.
3460 1584 3480 1617 ι
3526 1565 3586 1620 '0
3636 1566 3725 1635 μὲν

2154 1655 2262 1724 γὰρ
2284 1656 2472 1727 ἀγροῖς
2505 1655 2707 1726 ἑτέρων
2731 1657 2792 1711 τὸ
2828 1656 2959 1710 ἴδιον
2986 1656 3186 1727 κτῆνος
3224 1658 3501 1727 ἐπαφιεὶς,
3526 1659 3724 1729 ὀνίνησι

2157 1743 2258 1812 μὲν
2291 1745 2361 1798 τὰ
2390 1743 2512 1798 καθ’
2543 1746 2757 1811 ἑαυτδν,
2796 1745 2891 1799 καὶ
2917 1745 3074 1815 ζητεῖ
3095 1763 3212 1810 πως
3251 1745 3321 1799 τά
3346 1744 3562 1811 ἑαυτοῦ,
3592 1747 3726 1818 πλὴν

2153 1833 2252 1889 οὐκ
2290 1834 2349 1902 ἐξ
2394 1829 2469 1890 ὧν
2512 1837 2541 1888 ὁ
2592 1836 2785 1904 γείτων
2831 1837 3205 1908 εὐφραίνεται,
3259 1837 3382 1891 οὐδὲ
3415 1839 3502 1908 ἐφ’
3542 1833 3626 1904 οἷς
3663 1838 3728 1894 ἀν

472 1928 617 1984 unde
643 1929 779 1983 alter
803 1926 1039 1990 laetetur,
1058 1931 1153 1980 aut
1177 1922 1325 1979 unde
1347 1922 1635 1993 proximus
1660 1920 1894 1992 gaudeat
1915 1960 1929 1985 ,
1953 1918 2048 1975 sed

2151 1925 2329 1996 ἥδοιτό
2357 1943 2441 1990 τις
2468 1926 2578 1980 τῶν
2612 1926 2801 1993 πέλας,
2824 1928 2940 1983 ἀλλ’
2961 1927 3020 1995 ἑξ
3049 1921 3124 1981 ὧν
3147 1928 3215 1981 ἂν
3237 1918 3525 1983 λυπεῖσθαί
3548 1946 3609 1982 τε
3635 1932 3725 1986 καὶ

473 2019 615 2075 unde
670 2030 797 2074 eum
843 2017 1049 2072 offendi
1088 2031 1154 2072 ac
1201 2014 1325 2071 laedi
1357 2014 1656 2084 contingat.
1684 2011 2051 2080 Quaerendum

468 2122 551 2168 rst
579 2112 744 2183 igitur
768 2110 915 2180 quod
956 2108 1116 2164 nobis
1139 2109 1338 2179 prosit,
1362 2107 1470 2163 hoc
1492 2114 1599 2171 est,
1625 2106 1772 2177 quod
1797 2113 2051 2161 nostrum

466 2216 568 2267 est,
620 2219 727 2259 non
773 2203 914 2258 alios
959 2200 1346 2272 opprimendo,
1407 2200 1504 2255 sed
1551 2200 1618 2255 iis
1670 2200 1906 2265 artibus,
1950 2213 2050 2269 per

464 2312 598 2368 quas
620 2295 814 2352 eodem
841 2294 1152 2365 pervenire,
1186 2294 1326 2348 nihil
1366 2294 1576 2364 peccati
1602 2291 1968 2357 admittendo,
1993 2297 2050 2346 et

463 2389 690 2444 alterius
712 2388 880 2443 animi
904 2387 1359 2457 tranquillitatem
1397 2385 1689 2449 servando,
1729 2383 2044 2455 possimus:

464 2480 515 2535 id
539 2479 687 2536 enim
712 2480 872 2551 plane
901 2486 987 2533 est
1011 2491 1259 2547 quaerere
1286 2475 1451 2531 etiam
1477 2490 1598 2545 qua:
1624 2483 1755 2530 sunt
1773 2473 2045 2540 aliorum;

461 2570 665 2642 alioqui
701 2570 870 2635 sciat,
918 2570 965 2624 si
1009 2568 1151 2623 nihil
1193 2574 1372 2632 cavet,
1422 2581 1492 2621 ne
1541 2565 1744 2620 fratres
1779 2562 2045 2627 oﬂ'endat,

463 2679 641 2734 neque
678 2663 791 2718 ulla
833 2670 918 2717 est
970 2660 1046 2715 illi
1095 2659 1164 2715 de
1200 2659 1452 2729 proximo
1492 2672 1645 2721 cura,
1696 2655 1849 2722 dum,
1898 2654 2045 2725 quod

460 2768 622 2809 suum
652 2761 757 2819 est,
787 2753 1053 2807 duntaxat
1079 2758 1308 2822 spectet,
1340 2766 1399 2806 se
1422 2766 1522 2821 par
1543 2750 1804 2805 damnum
1834 2749 2047 2804 subitu-

462 2861 607 2910 rum,
634 2855 690 2900 et
734 2844 883 2899 illam
916 2843 1069 2898 falsae
1117 2843 1375 2898 utilitatis
1424 2843 1665 2914 speciem
1701 2840 2046 2897 charissimis

464 2937 631 2992 rebus
677 2936 963 2991 interitum
1001 2935 1318 2989 allaturum.
1373 2933 1433 2989 Id
1480 2934 1629 2988 enim
1675 2941 1761 2987 est
1805 2931 2040 3001 opinor:

469 3047 487 3078 ι
524 3025 743 3084 Reddet
776 3026 984 3096 optima
1012 3024 1125 3095 agri
1158 3024 1241 3078 sui
1287 3030 1345 3078 et
1368 3022 1540 3077 vineae
1574 3037 1705 3077 suae.
1731 3040 1750 3072 ι
1778 3020 2045 3076 Convenit

458 3120 648 3185 etiam,
678 3117 897 3174 utmihi
933 3116 1157 3186 quidem
1185 3114 1424 3179 videtur,
1472 3114 1881 3184 propositorum
1917 3128 2041 3166 ver-

460 3214 656 3267 borum
678 3210 762 3264 vis
792 3208 848 3262 in
885 3207 1156 3262 haeresum
1200 3205 1553 3270 inventores;
1597 3216 1836 3274 quorum
1859 3204 2040 3273 impu-

2151 2016 2457 2073 ἀδικεῖσθαι
2510 2018 2816 2097 συμϐαίνοι.
2869 2020 3137 2089 Ζητητέον
3180 2018 3275 2075 οῦν
3322 2022 3433 2093 ἀρα
3471 2022 3532 2075 τὸ
3581 2025 3725 2094 ἡμᾶς

2149 2109 2416 2177 ὠφελοῦν,
2458 2109 2725 2171 τουτέστι,
2750 2112 2810 2163 τὸ
2836 2111 3065 2177 ἑαυτῶν,
3088 2112 3149 2165 οὐ
3174 2111 3262 2165 διὰ
3281 2112 3380 2183 τῆς
3405 2112 3486 2176 είς
3509 2114 3723 2184 ἑτέρους
3776 2112 3779 2113 ⁷

2151 2195 2480 2264 πλεονεξίας,
2516 2197 2652 2252 ἀλλά
2683 2199 2749 2252 δι’
2777 2192 2851 2253 ὧν
2882 2198 2948 2253 ἂν
2978 2199 3189 2267 γένοιτο
3217 2200 3355 2272 πρὸς
3377 2201 3535 2256 τοῦτο
3568 2205 3721 2270 ἱέναι,

2150 2291 2606 2363 πλημμελοῦντας
2627 2293 2800 2356 οὐδὲν,
2833 2294 3041 2365 καὶτῆς
3072 2294 3169 2348 τοῦ
3201 2294 3441 2364 γείτονος
3462 2296 3725 2368 εὐθυμίας

2150 2385 2394 2456 ἑστώσης
2412 2386 2610 2456 ὀρθῶς.
2647 2386 2817 2440 Τοῦτο
2852 2386 2961 2457 γὰρ
2989 2386 3056 2441 ἂν
3088 2387 3172 2458 εἴη
3203 2388 3414 2458 σαφῶς,
3451 2389 3516 2442 τὸ
3543 2387 3724 2459 ζητεῖν

2149 2477 2242 2530 καὶ
2272 2477 2341 2531 τά
2393 2476 2616 2547 ἑτέρων.
2655 2476 2725 2530 Ἢ
2756 2476 2889 2530 ἴστω
2928 2492 3032 2540 τις,
3071 2477 3259 2548 φησὶν,
3304 2479 3352 2531 εί
3400 2477 3727 2549 ἀφυλάκτως

2147 2569 2321 2624 ἕλοιτο
2363 2569 2699 2623 καταλυπείν
2740 2566 3023 2637 ἀδελφοὺς,
3070 2568 3166 2620 καὶ
3217 2569 3568 2640 ἀπρονοήτως
3614 2568 3726 2639 ἔχοι

2146 2660 2242 2715 τοῦ
2272 2659 2463 2726 πέλας,
2486 2661 2566 2724 είς
2607 2658 2767 2731 μόνον
2795 2658 2937 2730 τάχα
2962 2672 3066 2711 που
3104 2658 3167 2711 rb
3196 2657 3328 2713 ῐδιον
3360 2657 3593 2729 βλέπων,
3625 2660 3726 2730 τὴν

2148 2755 2269 2825 ἴσην
2303 2754 2597 2823 ὑπομενεῖν
2639 2750 2867 2823 ζημίαν,
2904 2751 2997 2805 καὶ
3025 2748 3116 2805 τὸν
3159 2750 3258 2821 τῆς
3281 2749 3550 2823 δοκούσης
3580 2749 3726 2818 ὠφε-

2145 2843 2293 2908 λείας
2334 2844 2560 2915 τρόπον,
2600 2841 2710 2896 τῶν
2751 2842 2835 2895 ὃτι
2886 2840 3124 2911 μάλιστα
3180 2839 3514 2909 φιλαιτάτων
3573 2839 3725 2909 αὐτῷ

2145 2934 2494 3005 προξενήσων
2531 2933 2629 3003 τὴν
2671 2930 2966 2986 ἀπώλειαν.
2997 2926 3172 3000 ιΤουτὶ
3204 2930 3333 3002 γὰρ,
3375 2926 3553 3001 οἶμαι,
3600 2928 3724 2982 ἔστι

2143 3026 2227 3093 τὸ,
2250 3044 2269 3077 ι
2314 3025 2590 3095 Ἀποτίσει
2619 3023 2688 3078 τά
2715 3023 2967 3095 βέλτιστα
2988 3021 3083 3076 τοῦ
3104 3022 3277 3094 ἀγροῦ
3306 3021 3493 3085 αὐτοῦ,
3516 3018 3722 3075 καὶτοῦ

2144 3117 2463 3189 ἀμπελῶνος
2498 3116 2686 3172 αὑτοῦ.
2725 3135 2744 3169 ι
2788 3097 3045 3188 Ἀρμόξει
3074 3115 3118 3168 δ’
3145 3116 3235 3182 ἂν,
3268 3114 3343 3178 ὥς
3372 3114 3438 3183 γέ
3470 3130 3561 3184 μοι
3591 3113 3721 3183 φαί-

2146 3226 2317 3275 νεται,
2347 3209 2455 3263 τῶν
2497 3209 2878 3280 προκειμένων
2903 3210 2937 3279 ἡ
2968 3208 3196 3279 δύναμις
3224 3207 3319 3261 καὶ
3346 3208 3460 3270 τοῖς
3488 3205 3597 3259 τῶν
3630 3204 3719 3258 αί-

460 3303 663 3359 rissimi
697 3317 762 3356 ac
807 3298 1116 3356 stultissimi
1154 3296 1431 3368 discipuli,
1471 3297 1763 3352 brutorum
1787 3294 2038 3350 animan-

2151 3271 2346 3372 ρέσεων
2373 3271 2645 3372 εὑρεταῖς,
2676 3271 2751 3359 ῶν
2778 3302 2829 3354 οἱ
2857 3271 3226 3372 βδελυροίκαὶ
3250 3297 3570 3352 ἀνούστατοι
3613 3314 3721 3367 μα·-

460 3397 596 3451 tium
624 3394 819 3459 instar,
844 3398 1057 3463 segetes
1081 3405 1146 3445 ac
1170 3389 1360 3445 vineas
1386 3388 1690 3445 dominicas
1726 3389 2037 3458 depascun-

2151 3393 2322 3465 B‘nrai,
2354 3394 2569 3467 κτηνῶν
2595 3394 2806 3463 ἀλόγων
2829 3394 3004 3462 δίκην,
3034 3392 3163 3464 λήῖά
3179 3410 3240 3446 τε
3270 3391 3365 3445 καὶ
3392 3389 3724 3461 ἀμπελῶνας

459 3498 566 3553 ωτι
604 3487 661 3541 in
705 3499 898 3541 00mm
948 3482 1217 3555 Ῑυάίοίυῐη
1255 3489 1421 3551 atque
1462 3481 1783 3544 νίιιάίοῑθιην
1824 3479 1919 3548 (ιυί
1951 3491 2040 3533 ει·-
2140 3487 2537 3556 κατανέμονται
2558 3487 2686 3549 τοὺς
2715 3485 3088 3548 δεσποτικοὺς,
3113 3485 3195 3549 είς
3227 3483 3404 3556 κρίμα
3433 3482 3529 3535 καὶ
3558 3481 3722 3535 κόλα-

458 3593 614 3635 rores
651 3578 1020 3638 invenerunt;
1067 3572 1349 3643 continget
1395 3572 1543 3628 enim
1597 3571 1708 3625 illis
1751 3576 1814 3623 ut
1869 3568 2037 3623 rebus

2151 3594 2223 3631 τιν
2274 3578 2382 3631 τῶν
2426 3578 2529 3648 τῆς
2574 3578 2841 3647 αἱρέσεως
2881 3575 3158 3648 εὑρετῶν
3222 3574 3565 3644 συμϐήσεται
3605 3574 3720 3642 γὰρ

455 3666 946 3743 ρηιξειειιιίεείιιιίε,
980 3663 1035 3718 id
1069 3672 1174 3728 est,
1200 3663 1375 3733 ipsius
1406 3662 1605 3716 anima:
1631 3658 1859 3714 interitu
1898 3657 2038 3711 mul-

2151 3667 2365 3731 ὲκείνοις
2409 3668 2444 3737 ή
2475 3665 2584 3720 τῶν
2621 3666 2921 3720 καλλίστων
2948 3664 3142 3735 ζημία,
3180 3663 3480 3727 τουτέστιν,
3524 3662 3553 3715 ό
3589 3659 3719 3732 περὶ

455 3771 673 3817 tentur:
705 3759 864 3815 vinea
893 3759 1041 3814 enim
1080 3771 1143 3811 ac
1176 3762 1379 3826 segete,
1419 3760 1476 3808 et
1502 3751 1730 3807 omnino
1762 3747 2035 3805 universis

2151 3757 2306 3829 ιὺτὴν
2352 3756 2572 3830 ὄλεθρος
2617 3759 2716 3829 τὴν
2755 3758 2954 3829 ψυχήν·
3000 3754 3324 3827 ἀμπελῶνος
3366 3753 3497 3825 γὰρ,
3547 3753 3719 3824 ἤγουν

456 3853 641 3920 rebus,
670 3867 793 3923 qua;
813 3850 956 3921 apud
988 3864 1108 3915 nos,
1134 3846 1482 3919 praestantior
1503 3852 1586 3899 est
1619 3842 1820 3897 anima.

2151 3849 2287 3920 ιη’ῖου
2318 3849 2502 3919 τυχὸν,
2540 3850 2636 3903 καὶ
2670 3850 2773 3903 ἀνά
2807 3849 2974 3920 μέρος
3002 3848 3233 3901 ἑκάστου
3261 3846 3369 3899 τῶν
3404 3844 3528 3899 καθ’
3566 3846 3714 3914 ἡμᾶς

2132 3941 2441 4012 νοουμένων
2466 3942 2527 3994 τὸ
2556 3943 2613 3995 ἑν
2639 3940 2788 4011 αὐτῷ
2824 3940 3101 4010 βέλτιστον
3126 3938 3159 4009 ή
3184 3938 3328 4008 ψυχή
3363 3936 3461 4007 (1).

524 4029 719 4085 PALL.
758 4029 1016 4083 Fructum
1056 4026 1224 4097 igitur
1256 4038 1321 4078 ac
1353 4035 1553 4075 munus
1595 4020 1879 4077 charitatis
1908 4034 2029 4075 esse

2202 4034 2411 4087 IIAAA.
2446 4034 2677 4104 Καρπὸν
2700 4030 2793 4088 οὖν
2838 4035 2944 4105 ἀρα
2969 4035 3066 4103 τῆς
3110 4031 3329 4101 ἀγάπης
3364 4025 3503 4083 εἷναί
3532 4045 3721 4099 φαμεν

452 4122 720 4186 dicemus,
755 4134 1001 4190 quaerere
1043 4133 1108 4173 ea
1148 4130 1273 4186 qua:
1314 4114 1550 4168 aliorum
1585 4122 1733 4177 sunt,
1782 4128 1889 4167 non
1929 4127 2027 4166 sua

2151 4124 2189 4178 rb
2224 4122 2422 4195 χρῆναι
2464 4124 2647 4195 ζητεῖν
2678 4124 2745 4179 τά
2783 4124 3007 4195 ἑτέρων,
3050 4123 3144 4176 καὶ
3189 4122 3312 4192 οὐχὶ
3352 4121 3417 4192 δὴ
3455 4119 3614 4191 μόνον
3641 4120 3716 4174 τὰ

453 4219 696 4286 ipsorum
719 4213 1003 4268 duntaxat.

2151 4214 2355 4269 εαυτῶν.

518 4305 676 4362 CYR.
704 4304 938 4360 Prorsus
987 4305 1061 4358 ita
1109 4311 1213 4363 est,
1246 4296 1452 4355 Palladi
1488 4317 1501 4351 ε
1547 4307 1603 4353 et
1642 4297 1873 4366 implere
1906 4294 2026 4365 qui-

2196 4302 2361 4358 ΚΥΡ.
2397 4304 2547 4359 Πάνυ
2582 4307 2682 4376 μὲν
2707 4300 2821 4369 οῦν,
2854 4300 2898 4361 ὧ
2931 4304 3219 4371 Παλλάδιε,
3244 4306 3339 4359 καὶ
3368 4305 3429 4359 τὸ
3454 4306 3552 4376 μὲν
3573 4304 3714 4376 χρῆ-

448 4398 572 4453 dem
604 4385 934 4451 charitatem
986 4395 1042 4448 in
1077 4392 1297 4457 fratres,
1351 4391 1464 4447 Deo
1513 4404 1646 4444 sane
1682 4384 2023 4457 iucundissi-

2151 4412 2217 4450 ἀι
2248 4395 2491 4468 πληροῦν
2520 4395 2618 4468 τὴν
2652 4399 2734 4462 είς
2762 4398 3025 4467 ἀδελφοὺς
3059 4398 3359 4467 ἀγάπησιν,
3388 4394 3465 4461 ὼς
3488 4397 3712 4466 ἥδιστον

449 4502 600 4543 mum
633 4494 718 4542 est
744 4504 758 4553 ;
784 4485 1004 4541 onerari
1035 4498 1165 4537 vero
1194 4498 1225 4536 a
1252 4481 1415 4536 nobis
1447 4478 1741 4534 immodico
1764 4492 1830 4531 ac
1851 4474 2022 4529 nimio

2151 4482 2201 4555 τῷ
2222 4483 2360 4554 Θεῷ,
2389 4484 2885 4554 καταφορτίζεσϐαι
2919 4484 2975 4538 δὲ
2998 4484 3096 4556 τὴν
3120 4484 3340 4556 ἀγάπην
3368 4484 3446 4555 τῷ
3465 4483 3713 4555 περιττῷ

447 4579 623 4633 ahusu
665 4577 990 4632 charitatem
1033 4572 1268 4642 sapienti
1297 4569 1529 4625 consilio
1559 4582 1670 4622 non
1707 4564 2017 4636 permittit:

2151 4554 2220 4627 ιαὶ
2250 4573 2457 4628 πλείονι
2494 4575 2595 4645 τῆς
2624 4575 2760 4643 πρὸς
2802 4573 2961 4643 ήμῶν
2986 4554 3398 4646 καταχρήσεως,
3420 4554 3709 4645 οἰκονομι-

448 4687 574 4725 nam
618 4668 777 4725 facile
806 4668 975 4724 etiam
1021 4666 1163 4720 bene
1198 4662 1419 4716 firmum
1465 4658 1707 4713 animum
1748 4654 2021 4720 concutit,

2151 4666 2245 4730 ιῶς
2279 4666 2383 4720 οὐκ
2431 4668 2526 4736 ἐᾷ’
2572 4665 2921 4719 κατασίνεται
2955 4667 3063 4738 γὰρ
3109 4666 3346 4730 εὐκόλως
3393 4667 3487 4720 καὶ
3517 4665 3610 4719 τὸν
3643 4660 3711 4720 εὖ

445 4763 697 4832 quamvis
728 4761 820 4815 ille
844 4758 912 4814 ad
937 4757 1253 4828 praaelaram
1280 4752 1336 4807 in
1364 4764 1583 4821 quoque
1615 4761 1814 4820 genere
1851 4746 2025 4800 virtu-

2151 4757 2404 4826 Ξεόηκότα
2440 4755 2587 4818 νοῦν,
2634 4754 2738 4810 κάν
2777 4756 2827 4808 εί
2860 4758 2918 4809 ὲν
2951 4756 3102 4828 καλῷ
3146 4758 3356 4827 γένοιτο
3398 4757 3563 4827 τυχὸν
3601 4755 3711 4827 τῆς

446 4866 556 4911 tem
591 4851 930 4925 pervenerit,
962 4860 1301 4920 quascunque
1336 4844 1420 4897 vis
1452 4840 1687 4911 impulsu
1724 4839 1869 4894 haud
1899 4854 2019 4894 nie-

444 4948 639 5013 diocri,
667 4945 764 5001 sed
795 4944 977 5013 potius
1000 4941 1228 5010 impetu,
1260 4936 1348 4992 cui
1382 4934 1574 4990 obsisti
1604 4949 1712 4987 non
1745 4933 1935 5003 possit,
1963 4932 2018 4988 in

443 5041 598 5095 iilum
645 5036 923 5105 irrumpit.

511 5128 707 5185 PALL.
747 5126 889 5192 Quid
945 5122 1091 5179 istud
1149 5120 1366 5175 tandem
1397 5126 1500 5182 est,
1537 5116 1683 5188 quod
1734 5116 1859 5172 ais?
1905 5124 2045 5172 non‘

442 5221 590 5274 enim
633 5217 767 5272 satis
800 5214 1067 5283 intelligo.

509 5304 666 5366 CYR.
709 5309 790 5362 An
820 5315 879 5361 tu
900 5305 1137 5365 .minime
1174 5303 1366 5360 fateris
1395 5318 1517 5358 esse
1538 5302 1822 5366 virtutem,
1858 5315 2016 5354 man-

438 5399 790 5455 suetudinem
818 5407 985 5467 atque
1019 5397 1383 5468 patientiam?

511 5491 705 5547 PALL.
738 5490 943 5557 Quidni
981 5489 1202 5544 fatear?

2126 4849 2212 4919 ἐφ’
2240 4849 2348 4919 ὅτῳ
2374 4844 2468 4902 οῦν
2497 4848 2717 4920 ἀρετῆς,
2745 4848 2806 4901 τὸ
2831 4847 2904 4920 μὴ
2925 4850 3162 4920 μετρίως
3181 4850 3350 4919 αὐτῷ,
3384 4849 3708 4921 δυσαντήτῳ

2124 4942 2180 4994 δὲ
2207 4942 2407 5011 μᾶλλον
2429 4940 2550 4994 ἐπιο
2561 4940 2771 5010 ρῶσκον
2804 4943 2971 5012 ὁρμῇ.

2197 5119 2407 5172 ΠΑΛΛ.
2474 5119 2640 5173 Ὅσον
2685 5120 2748 5191 δὴ
2796 5120 2849 5173 τί
2896 5123 3034 5192 φής;
3084 5122 3145 5175 οὑ
3188 5123 3298 5193 γάρ
3340 5131 3423 5175 τοι
3476 5121 3706 5192 συνίημι

2125 5228 2332 5279 σαφως.

2196 5304 2362 5357 ΚΥΡ.
2399 5304 2467 5357 Ἦ
2495 5305 2595 5356 οὐκ
2626 5305 2827 5377 ἀρετὴν
2859 5300 2999 5359 εἷναι
3040 5294 3169 5376 (ᾇὴς,
3201 5306 3263 5359 τὸ
3305 5304 3480 5377 πρᾶόν
3510 5320 3572 5359 τε
3605 5307 3708 5361 καὶ

2125 5393 2447 5459 ἀνεξίκακον
2468 5414 2481 5460 ;

2195 5486 2401 5539 ΠᾹΛΛ.
2441 5487 2563 5550 Πῶς
2592 5487 2698 5558 γὰρ
2737 5489 2831 5554 οῦ;

512 5650 555 5682 ⁸³
588 5645 824 5717 Philipp.
866 5661 922 5710 ιι,
950 5645 1011 5699 2|
1040 5662 1055 5711 ;
1084 5645 1128 5699 ll
1151 5643 1276 5699 Cor.
1325 5659 1419 5707 xu,
1451 5643 1535 5696 l4.
1616 5642 1660 5673 ’θ
1686 5642 1701 5660 ‘
1729 5640 1750 5693 l
1784 5638 1913 5704 Cor,
1947 5655 2041 5695 xm

2188 5638 2403 5694 ‘Exod.
2447 5656 2576 5702 χχιι,
2615 5642 2667 5695 5.

506 5803 765 5874 (ullane
789 5802 1113 5874 sententiam
1136 5799 1217 5874 “ad
1260 5799 1407 5874 hunc
1441 5796 1665 5874 modum
1712 5795 1878 5874 habet
1908 5810 2004 5874 co-

433 5866 540 5929 dci
563 5866 852 5928 Vaticanus
872 5911 884 5925 .
920 5870 1260 5943 Ἀμπελῶνος
1295 5869 1404 5938 γὰρ
1440 5868 1607 5936 ήγουν
1640 5866 1792 5937 ληΐου
1817 5867 1998 5935 τυχὸν,

2114 5796 2205 5872 καὶ
2228 5796 2402 5867 ἀναμέ
2413 5813 2503 5872 ρος
2524 5797 2755 5872 ἑκάστου
2779 5797 2900 5872 τῶνΔ
2920 5798 3041 5851 καθ’
3066 5799 3211 5869 ἡμᾶς
3241 5800 3545 5871 νοουμένων
3570 5800 3705 5872 βελ-

2110 5867 2305 5919 τίστων
2335 5867 2659 5937 τιμιώτερον
2693 5869 2727 5937 ή
2764 5867 2932 5937 ψυχή.
