4104 6450
491 417 595 473 559

1509 411 1564 467 S.
1606 412 1880 468 CYRILLI
1918 411 2386 468 ALEXANDRINI
2425 413 2740 471 ARCHIEP.

3645 416 3758 474 560

487 530 766 600 Scriptum
821 535 906 584 est
956 528 1102 583 enim
1144 527 1198 581 in
1235 529 1701 583 Deutcronomio:
1737 549 1755 579 ‹
1794 529 1851 584 Si
1879 536 2052 584 autem

2166 531 2589 601 Δευτερονομίῳ·
2629 548 2647 580 ι
2673 528 2798 582 Ἐἀν
2839 527 2894 581 δὲ
2939 527 3275 599 συναντήσῃς
3310 527 3499 598 νοσσιᾷ
3545 528 3748 599 ὀρνέων

486 624 795 680 occurreris
832 622 963 677 nido
992 623 1175 676 avium
1231 630 1358 676 ante
1402 631 1758 692 conspectum
1807 631 1959 675 tuum
2006 622 2064 675 in

487 716 596 780 via,
633 714 719 781 vel
761 713 814 768 in
855 713 1004 767 omni
1059 711 1281 776 arbore,
1307 711 1393 767 vel
1436 726 1601 782 super
1630 719 1855 776 terram,
1897 709 2063 780 pullis

484 811 570 865 vel
598 809 736 873 ovis,
769 816 827 862 ct
846 816 1020 861 mater
1051 805 1198 862 fovet
1221 822 1385 877 super
1400 806 1588 876 pullis,
1615 806 1702 860 vel
1739 820 1905 876 super
1920 805 2057 867 ovis,

482 915 593 955 non
651 899 888 969 accipies
925 906 1156 953 matrem
1216 913 1341 952 cum
1377 897 1546 962 ﬁliis;
1602 894 1930 951 dimittendo
1971 894 2059 949 di-

481 991 668 1046 mittes
705 1000 958 1054 matrem,
999 989 1142 1044 ﬁlios
1169 1003 1352 1045 autem
1395 987 1633 1058 accipies
1669 987 1786 1051 tibi,
1829 995 1890 1041 ut
1917 986 2058 1041 bene

477 1083 551 1139 sit
577 1083 698 1146 tibi,
727 1091 783 1136 et
814 1081 1094 1152 longaevus
1119 1081 1194 1136 sis
1218 1081 1256 1134 ³.
1289 1101 1307 1132 ι

547 1175 743 1230 PALL.
768 1174 909 1242 Quid
938 1173 1158 1229 tandem
1189 1173 1335 1228 istud
1373 1173 1501 1228 est?
1531 1186 1708 1242 neque
1740 1171 1890 1226 enim
1919 1171 2054 1225 mihi

475 1267 830 1339 perspicuum
861 1266 1071 1320 esthoc
1097 1265 1346 1336 aenigma.

549 1359 706 1415 CYR.
737 1358 920 1425 Quid?
963 1373 1147 1413 nonne
1179 1359 1285 1412 hoc
1313 1367 1500 1428 aperte
1531 1355 1835 1426 intelligis?
1857 1370 2054 1426 nempe

475 1451 518 1505 si
554 1451 679 1520 quis
728 1450 938 1520 ceperit
983 1449 1170 1518 pullis,
1207 1456 1301 1504 aut
1336 1448 1454 1502 ovis
1478 1447 1840 1501 incubantem
1874 1461 2050 1511 avem,

473 1543 634 1597 liceat
703 1540 780 1595 illi
837 1538 1187 1595 commodum
1243 1547 1300 1593 et
1358 1539 1790 1593 emolumentum
1853 1553 1921 1592 ex
1966 1537 2054 1592 bis

472 1629 780 1700 percipere,
817 1644 939 1698 quas
1001 1643 1070 1682 ex
1130 1628 1221 1681 illa
1255 1635 1376 1681 orta
1420 1634 1578 1692 sunt;
1635 1626 1785 1680 illam
1846 1634 2049 1694 tamen,

474 1723 626 1777 nullo
658 1721 858 1776 damno
917 1719 1188 1784 aﬁ'ectam,
1227 1718 1484 1774 dimittat.
1888 1776 1900 1782 ,γ

541 1814 738 1870 PALL.
776 1814 852 1868 Ita
895 1822 982 1867 est
1008 1830 1019 1865 :
1049 1827 1172 1866 nam
1218 1812 1323 1867 hoc
1359 1819 1442 1866 est
1477 1811 1774 1881 Scriptum
1805 1813 2053 1882 proposi—

476 1919 609 1964 tum.

538 1999 693 2055 CYR.
763 1997 955 2068 Aspice
1015 1995 1181 2067 igitur
1236 1995 1330 2060 id,
1392 1995 1537 2064 quod
1573 1995 1820 2049 abditum
1857 2003 1961 2060 est,
1996 2003 2052 2049 et

471 2089 625 2159 quasi
648 2089 867 2144 evoluto
903 2087 1112 2143 umbra:
1142 2086 1431 2150 velamine,
1465 2084 1754 2140 considera
1785 2085 2050 2156 spiritua-

470 2182 598 2236 litcr
627 2180 937 2235 veritatem.
972 2178 1108 2233 Nam
1134 2193 1477 2247 unaquaque
1510 2177 1688 2232 virtus
1731 2177 1904 2232 veluti
1932 2193 2050 2232 ma-

473 2285 554 2328 ter
589 2281 673 2328 est
695 2279 751 2325 et
787 2271 941 2342 origo
970 2286 1160 2325 eorum
1200 2269 1494 2334 bonorum,
1525 2284 1646 2338 qua:
1672 2285 1740 2324 ex
1773 2271 1890 2340 ipsa
1924 2284 2052 2339 pro-

472 2363 819 2427 ﬁciscuntur,
868 2362 1022 2416 verbi
1072 2360 1268 2432 gratia,
1312 2360 1658 2430 benignitas,
1715 2361 1958 2416 Charitas
1990 2361 2049 2414 in

469 2471 763 2525 pauperes,
793 2453 1179 2516 mansuetudo,
1225 2452 1510 2522 patientia.
1542 2453 1637 2507 Est
1669 2453 1815 2506 enim
1851 2469 1961 2508 non
1994 2454 2050 2508 in

470 2561 528 2600 se
563 2545 857 2614 quisquam
889 2542 1060 2613 magis
1092 2540 1384 2611 benignus,
1421 2556 1584 2609 quam
1617 2539 1672 2594 in
1707 2550 1954 2607 caeteros,
1994 2550 2052 2596 et

467 2653 535 2692 ex
558 2636 826 2692 charitate
866 2649 994 2704 erga
1034 2647 1304 2702 pauperes
1347 2632 1384 2684 ii
1438 2632 1676 2686 fructum
1714 2633 2046 2704 percipiunt,

467 2730 563 2799 qui
596 2729 860 2798 indigent,
900 2736 957 2781 et
999 2726 1192 2781 eodem
1230 2724 1392 2780 modo
1421 2741 1488 2783 ex
1518 2726 1942 2783 mansuetudine
1985 2743 2052 2784 ac

470 2820 751 2891 patientia.
793 2819 1140 2888 Unaquaeque
1180 2817 1345 2888 igitur
1381 2818 1558 2872 virtus
1617 2828 1792 2874 mater
1821 2820 2048 2892 intelligi

469 2918 671 2982 potest,
695 2920 751 2966 et
779 2911 935 2981 quasi
975 2909 1195 2964 initium
1225 2925 1418 2965 eorum
1445 2910 1738 2976 bonorum,
1773 2927 1894 2982 qua:
1935 2921 2049 2966 tum

470 3004 572 3074 ipsi
624 3003 832 3067 insunt,
876 3011 991 3056 tum
1026 3017 1093 3057 ex
1120 3016 1184 3056 ea
1213 3001 1643 3071 proﬁciscuntur
1675 3021 1687 3056 :
1719 3002 1834 3057 nidi
1859 3013 2046 3059 autem

467 3094 876 3166 quodammodo
899 3093 1169 3148 virtutum
1196 3094 1393 3149 anima:
1418 3101 1568 3159 sunt,
1598 3109 1720 3164 quae
1750 3095 1869 3150 illas
1898 3111 2050 3151 coms

468 3189 802 3257 plectuntur,
843 3194 900 3241 et
927 3186 1066 3240 intra
1099 3186 1306 3256 seipsas
1331 3185 1619 3241 continent
1664 3204 1678 3240 :
1711 3202 1849 3258 opus
1882 3188 2048 3260 igitur
2075 3211 2118 3268 ο

467 3296 586 3336 esse
635 3281 722 3336 lex
765 3281 841 3336 ait
867 3295 986 3345 eos,
1025 3279 1120 3350 qui
1163 3280 1218 3334 in
1254 3279 1507 3335 homines
1539 3279 1814 3345 incidunt,
1842 3281 1897 3335 in
1921 3281 2048 3352 qui-

469 3375 572 3429 bus
621 3373 730 3428 sint
774 3373 1008 3427 virtutes
1061 3381 1320 3440 tanquam
1383 3372 1438 3426 in
1484 3371 1618 3428 nido
1655 3373 1955 3438 collocatae,
1982 3388 2051 3428 ex

467 3479 659 3521 eorum
699 3463 972 3520 fructibus
1005 3463 1438 3518 emolumentum
1484 3464 1797 3534 percipere,
1830 3481 1941 3519 non
1963 3473 2048 3520 ta-

468 3573 592 3612 men
641 3557 933 3622 virtutem,
977 3565 1125 3610 recte
1170 3554 1442 3610 factorum
1491 3563 1746 3619 matrem,
1797 3556 1996 3612 laedere
2033 3576 2046 3610 :

468 3647 703 3702 violatur
743 3655 926 3702 autem
961 3646 1030 3701 ab
1060 3647 1246 3717 aliquo
1279 3646 1457 3701 virtus
1490 3661 1756 3704 concussa
1790 3648 1857 3703 iis
1884 3648 2052 3704 ratio-

467 3738 649 3803 nibus,
675 3755 812 3810 quas
846 3739 1009 3794 modo
1043 3739 1303 3794 diximus.

533 3829 700 3900 269
724 3829 919 3884 PALL.
955 3829 1318 3884 [tt-conditum
1351 3836 1436 3884 est
1475 3844 1606 3885 sane
1650 3829 1753 3884 hoc
1795 3831 2045 3900 aenigma.

533 3922 688 3977 (ΠΒ.
714 3923 790 3976 lta
817 3929 921 3988 est,
949 3930 1096 3976 recte
1120 3920 1279 3975 dicis.
1309 3920 1437 3986 Sed,
1463 3931 1521 3975 ut
1548 3921 1753 3992 aliquid
1801 3922 2050 3978 dicamus

467 4011 610 4066 beati
641 4011 794 4066 Pauli
819 4011 1050 4066 vocibus
1077 4009 1357 4080 persimile
1385 4029 1396 4064 :
1435 4030 1452 4061 ι
1486 4010 1742 4081 Nunquid
1769 4011 1836 4066 de
1863 4013 2050 4067 avicu-

467 4103 534 4156 lis
557 4117 689 4157 cura
721 4111 805 4158 est
841 4102 989 4157 Deo?
1024 4117 1094 4156 an
1133 4109 1360 4172 propter
1399 4118 1499 4158 nos
1544 4103 1736 4173 utique
1774 4103 1909 4158 dicit
1947 4104 2040 4157 ‘1'»

467 4195 702 4250 Mandati
739 4211 974 4266 namque
1000 4211 1096 4265 per
1125 4194 1345 4266 Moysen
1371 4195 1485 4251 dati
1509 4195 1696 4262 verba,
1721 4195 1926 4254 formas
1951 4211 2050 4252 no—

465 4285 552 4340 bis
578 4301 784 4350 rerum,
811 4302 920 4340 non
961 4285 1106 4356 ipsas
1139 4293 1327 4356 aperte
1366 4300 1456 4341 res
1494 4294 1794 4356 exponunt.
1826 4287 2049 4357 Perspi-

465 4392 588 4432 cere
629 4385 813 4432 autem
855 4376 1013 4434 facile
1042 4385 1220 4449 potes,
1266 4377 1730 4446 quemadmodum
1770 4378 1938 4432 etiam
1979 4379 2048 4433 ad

466 4483 691 4521 summa:
715 4468 862 4523 illius
887 4468 1285 4524 benevolentiae
1319 4483 1503 4523 mores
1534 4483 1635 4522 nos
1662 4469 1924 4536 paulatim
1949 4467 2048 4524 dc-

2168 623 2276 693 πρὸ
2305 624 2598 694 προσώπου
2634 640 2727 675 σου
2756 624 2813 676 ἐν
2831 625 2897 694 τῇ
2936 621 3059 692 ὁδῷ,
3115 622 3149 693 ἢ
3181 621 3276 674 ἐπὶ
3332 623 3497 676 παντὶ
3525 621 3747 693 δένδρῳ,

2166 714 2198 785 ἢ
2235 716 2329 767 ἐπὶ
2354 716 2453 786 τῆς
2482 716 2604 786 γῆς,
2627 717 2890 777 νεοσσοῖς,
2923 713 2954 784 ἢ
2987 714 3133 778 ὼοῖς,
3159 714 3253 766 καὶ
3285 715 3317 784 ἡ
3337 715 3528 784 μήτηρ
3565 713 3746 784 θάλπῃ

2166 807 2260 858 ἐπὶ
2287 807 2396 859 τῶν
2427 807 2686 874 νεοσσῶν,
2721 806 2754 877 ἢ
2790 805 2884 860 ἐπὶ
2919 805 3030 860 τῶν
3060 806 3202 871 ὠῶν,
3237 807 3298 860 οὐ
3331 805 3477 879 λήψῃ
3505 805 3605 877 τὴν
3651 823 3747 876 μη-

2164 895 2296 966 τέρα
2331 897 2467 966 μετά
2520 896 2627 950 τῶν
2670 895 2894 950 τέκνων.
2942 895 3235 967 Ἀποστολῇ
3274 895 3592 960 ἀποστελεῖς
3647 896 3746 967 τὴν

2166 987 2400 1058 μητέρα,
2427 988 2497 1041 τὰ
2519 989 2576 1041 δὲ
2599 987 2787 1042 παιδία
2822 987 2968 1060 λήψῃ
3001 988 3236 1058 σεαυτῷ,
3271 988 3358 1042 ἵνα
3387 983 3446 1042 εὖ
3473 1005 3557 1042 σοι
3590 988 3746 1060 γένη-

2159 1097 2272 1143 ται,
2303 1084 2396 1134 καὶ
2419 1081 2766 1152 πολυήμερος
2787 1079 2904 1152 ἔσῃ.
2945 1099 2966 1131 ι

2235 1173 2440 1228 ΠΑΛΛ.
2473 1172 2586 1226 Καὶ
2609 1171 2661 1225 τί
2697 1170 2761 1242 δὴ
2789 1171 2947 1224 τοῦτό
2976 1171 3158 1236 ἐστιν;
3199 1171 3260 1224 οὑ
3297 1171 3406 1242 γάρ
3442 1189 3532 1242 μοι
3571 1171 3744 1242 σαφὲς

2157 1265 2218 1318 τὸ
2239 1264 2380 1331 αῖνιγ
2390 1280 2486 1334 μα.

2229 1355 2395 1410 ΚΥΡ.
2425 1356 2494 1408 Ἦ
2527 1355 2627 1408 οὒκ
2662 1354 2912 1427 ἐναργῶς
2935 1355 3182 1420 ἐπαῖεις;
3214 1351 3289 1417 ὥς
3323 1354 3482 1427 εῐπερ
3511 1373 3596 1419 τις
3628 1355 3741 1409 ’ἐλοι

2157 1446 2544 1501 νεοττεύουσαν
2592 1446 2670 1500 ἔτι
2723 1445 2822 1517 τὴν
2884 1445 3054 1517 ὄρνιν,
3113 1446 3283 1516 ῆγουν
3347 1447 3735 1512 ἐπωάζουσαν,

2157 1538 2415 1591 ποιείσθω
2467 1537 2567 1607 μὲν
2611 1536 2794 1608 ὄνησίν
2833 1553 2893 1590 τε
2929 1536 3024 1590 καὶ
3066 1535 3284 1608 εὕρημα
3317 1537 3387 1592 τά
3431 1538 3490 1605 ἐξ
3531 1537 3737 1610 αὐτῆςο

2155 1628 2530 1700 ἀποπεμπέτω
2555 1645 2615 1697 γε
2645 1629 2773 1700 μὴν,
2801 1628 2954 1682 οὐδὲν
2977 1628 3200 1699 ἐποίησε
3236 1629 3451 1700 βλάϐος.

2224 1811 2433 1865 ΠΑΛΔ.
2463 1809 2602 1864 Nai‘
2643 1812 2672 1862 ὁ
2696 1809 2804 1880 γάρ
2854 1826 2936 1862 τοι
2973 1809 3068 1863 τοῦ
3103 1810 3437 1883 Γράμματος
3492 1805 3647 1876 οὗτος
3673 1812 3742 1866 ἂν

2157 1905 2241 1973 εἴη
2277 1903 2499 1966 σκοπός.

2225 1995 2389 2050 ΚΥΡ.
2409 1993 2620 2049 Οὐκοῦν
2637 1993 2792 2066 ἄθρει
2813 1995 2873 2048 τὸ
2895 1995 3301 2068 κεκρυμμένον,
3325 1996 3420 2048 καὶ
3436 1995 3599 2049 οἱονεὶ
3621 1995 3742 2049 δια-

2156 2084 2363 2151 πτύξας
2388 2086 2484 2157 τὴν
2515 2086 2696 2150 σκιὰν,
2716 2088 3097 2141 κατασκέπτου
3129 2086 3330 2157 νοητῶς
3347 2085 3446 2156 τὴν
3462 2087 3736 2158 ἀλήθειαν.

2165 2179 2398 2248 Ἐκάστη
2427 2178 2526 2249 μὲν
2542 2177 2850 2251 γάράρετὴ,
2885 2181 3066 2250 μήτηρ
3082 2173 3171 2232 οἷά
3182 2178 3264 2241 τίς
3289 2178 3404 2231 ἐστι
3430 2179 3539 2232 τῶν
3565 2179 3624 2244 ἐξ
3644 2181 3743 2234 αὐ-

2151 2272 2249 2340 τῆς
2265 2269 2486 2337 ἀγαθῶν
2509 2269 2602 2322 καὶ
2627 2269 2860 2337 γένεσις,
2885 2263 2996 2322 οἷον
3012 2269 3066 2322 εἴ
3087 2286 3167 2331 τις
3191 2267 3340 2337 λέγοι
3373 2268 3470 2340 τὴν
3505 2271 3739 2342 χρηστό-

2150 2377 2308 2432 τητα,
2340 2359 2437 2430 τὴν
2480 2360 2898 2430 φιλοπτωχείαν,
2929 2361 3026 2432 τὴν
3065 2361 3371 2432 πραότητα,
3404 2363 3502 2433 τὴν
3541 2379 3742 2435 μακροο

2153 2453 2370 2523 θυμίαν.
2405 2452 2780 2523 Χρηστεύεται
2826 2454 2935 2524 γάρ
2972 2470 3056 2514 τις
3094 2453 3192 2523 οὺχ
3224 2454 3405 2524 ἑαυτῷ
3459 2455 3660 2524 μᾶλλον
3701 2455 3738 2527 ἢ

2151 2549 2357 2620 ἑτέροις
2377 2563 2390 2576 ’
2423 2548 2747 2618 μετάσχοιεν
2788 2545 2832 2598 δ’
2860 2541 2926 2599 αὖ
2959 2546 3058 2616 τῆς
3091 2545 3506 2617 φιλοπτωχείας,
3535 2549 3584 2599 οί
3613 2546 3742 2601 ταύ-

2150 2658 2250 2710 της
2289 2639 2620 2710 δεδεημένοι,
2651 2639 2747 2692 καὶ
2785 2639 3094 2710 πραότητος
3135 2639 3338 2709 ὁμοίως
3378 2639 3472 2692 καὶ
3523 2657 3736 2712 μακρο-

2151 2732 2368 2802 θυμίας.
2401 2731 2610 2785 Οὐκοῦν
2634 2731 2804 2802 ἀρετὴ
2832 2731 2928 2802 μὲν
2962 2731 3169 2800 ἑκάστη
3212 2732 3397 2801 μήτηρ
3445 2731 3510 2785 ἂν
3537 2735 3736 2798 νοοῖτο,

2151 2825 2245 2878 καὶ
2275 2823 2439 2878 οἱονεί
2479 2841 2564 2886 τις
2605 2822 2746 2895 ἀρχὴ
2771 2821 2879 2876 τῶν
2920 2824 2977 2875 ἐν
3019 2822 3156 2893 αὐτῇ
3191 2839 3250 2875 τε
3299 2823 3394 2875 καὶ
3451 2823 3511 2888 ἐξ
3567 2824 3738 2894 αὐτῆς

2149 2914 2392 2983 ἀγαθῶν.
2426 2914 2656 2968 Νοσσιαὶ
2675 2914 2732 2968 δέ
2781 2912 2971 2985 ῶσπερ
3000 2914 3231 2986 ἀρετῶν,
3266 2914 3322 2968 αἱ
3367 2915 3574 2979 ταύτας
3617 2917 3740 2971 ὡδί-

2151 3025 2358 3073 νουσαι,
2399 3007 2492 3061 καὶ
2525 3009 2583 3060 ἐν
2613 3006 2798 3075 σφίσιν
2845 3005 3036 3069 αὐταῖς
3091 3005 3310 3059 ἑλοῦσαι
3349 3006 3540 3078 ψυχαί.
3591 3009 3739 3080 Χρῆο

2151 3115 2236 3151 ναι
2263 3096 2328 3168 δὴ
2363 3095 2456 3151 οὖν
2504 3097 2613 3168 ἄρα
2650 3095 2814 3167 φησὶν
2846 3097 2876 3148 ό
2926 3095 3112 3166 νόμος,
3147 3097 3275 3160 τοὺς
3315 3098 3540 3170 ἀνδράσι
3583 3117 3740 3172 περι-

2149 3189 2536 3259 τυγχάνοντας,
2598 3188 2656 3240 ἐν
2707 3183 2789 3251 οἷς
2829 3187 2896 3241 ἂν
2947 3181 3057 3242 εἷεν
3103 3189 3296 3260 ἀρεταὶ
3349 3192 3601 3264 καθάπερ
3657 3194 3740 3258 εἰς

2150 3279 2368 3333 νοσσιὰν
2411 3278 2936 3350 συγκεκομισμέναι,
2988 3279 3260 3333 ποιεῖσθαι
3312 3281 3412 3352 μὲν
3456 3283 3622 3355 κέρδη
3667 3283 3741 3341 τὰ

2148 3369 2208 3434 ἐξ
2235 3369 2435 3434 αὐτῶν,
2478 3369 2551 3438 μὴ
2588 3368 2696 3439 μὴν
2734 3367 2815 3420 ἔτι
2866 3367 3254 3422 κατασίνεσθαι
3307 3369 3482 3438 φιλεῖν
3511 3371 3738 3443 ἀρετὴν,

2149 3461 2246 3534 τὴν
2264 3461 2372 3514 τῶν
2401 3461 2641 3532 ἀρίστων
2658 3459 3098 3530 κατορθωμάτων
3125 3461 3355 3532 μητέραο
3386 3461 3654 3516 ἀδικεῖται
3679 3463 3740 3518 δὲ

2149 3552 2342 3624 ἀρετὴ,
2373 3551 2768 3622 κατασειομένη
2809 3550 2948 3622 πρός
2985 3568 3149 3615 τινος,
3192 3554 3335 3606 κατά
3373 3570 3435 3621 γε
3480 3554 3607 3618 τοὺς
3634 3555 3735 3628 ἤδη

2151 3642 2586 3716 προειρημένους
2621 3644 2872 3712 τρόπους.

2221 3827 2424 3880 ΠΑΛΛ.
2466 3827 2555 3890 Ὠς
2580 3825 2714 3896 βαθὺ
2743 3826 2804 3879 τὸ
2836 3827 3104 3898 αῐνιγμαί

2218 3919 2384 3971 ΚΥΡ.
2409 3917 2516 3970 Ναί
2527 3931 2543 3948 ο
2570 3916 2752 3985 λέγεις
2785 3916 2978 3988 ὀρθῶς.
3011 3918 3178 3983 ’Δλλ’,
3210 3920 3298 3974 ἵνα
3318 3937 3372 3973 τι
3403 3919 3592 3992 φῶμεν
3615 3925 3736 3987 ταῖς

2148 4010 2241 4064 τοῦ
2284 4009 2555 4080 μακαρίου
2586 4008 2797 4065 Παύλου
2840 4009 3137 4080 συμϐαῖνον
3177 4015 3418 4081 φωναῖς,
3451 4032 3469 4065 ι
3503 4013 3594 4085 Μὴ
3623 4015 3735 4068 τῶν

2154 4103 2452 4176 στρουθίων
2483 4102 2634 4174 μέλει
2652 4101 2731 4173 τῷ
2755 4102 2906 4172 Θεῷ;
2929 4103 2962 4174 ἢ
2989 4103 3053 4156 δι’
3077 4106 3224 4176 ἡμᾶς
3249 4105 3467 4170 πάντως
3494 4106 3673 4174 λέγει;
3708 4126 3728 4158 ι

2147 4195 2354 4256 τύπους
2385 4191 2496 4263 γὰρ
2525 4193 2658 4262 ἡμῖν
2713 4191 3080 4263 πραγμάτων,
3125 4194 3226 4247 οὐκ
3263 4193 3402 4248 αὐτὰ
3433 4195 3618 4264 σαφῶς
3647 4194 3734 4262 ἐξ-

2149 4289 2364 4357 ηγεῖται
2384 4285 2454 4338 τὰ
2473 4284 2792 4356 πράγματα,
2806 4285 2903 4356 τῆς
2923 4283 3008 4338 διὰ
3021 4285 3261 4350 Μωσέως
3279 4287 3534 4360 ὲντολῆςὸ
3555 4288 3733 4358 λόγος·

2153 4379 2283 4442 ἴδοις
2316 4377 2362 4432 δ’
2391 4376 2478 4441 ἂν,
2510 4377 2658 4440 ὅπως
2680 4377 2827 4448 ἡμᾶς
2855 4377 2949 4430 καὶ
2973 4378 3052 4440 είς
3079 4377 3314 4448 τρόπους
3339 4377 3436 4450 ἤδη
3464 4381 3564 4450 τῆς
3595 4381 3736 4434 ἀνω·

2151 4471 2298 4526 τάτω
2324 4469 2675 4542 φιλαλληλίας
2707 4469 3029 4540 ἀνακομίζει
3059 4469 3202 4524 κατὰ
3233 4469 3428 4542 βραχύ.
3469 4472 3734 4544 Πειρᾶται

465 4557 668 4612 ducat:
711 4567 942 4614 conatur
982 4560 1129 4613 enim
1158 4558 1513 4628 persuadere,
1547 4566 1607 4611 ut
1648 4557 1795 4627 ipsos
1830 4575 2051 4628 quoque

2155 4563 2263 4635 γὰρ
2309 4563 2646 4627 ἀναπείθειν,
2697 4562 2791 4614 καὶ
2835 4561 3034 4626 αὐτοὺς
3075 4562 3297 4634 ἀγαπᾷν
3326 4564 3453 4626 τοὺς
3493 4581 3733 4635 προσκε-

465 4649 775 4720 diligamus,
815 4649 909 4718 qui
953 4664 1053 4702 nos
1081 4647 1433 4703 offenderunt
1477 4656 1572 4702 :et
1616 4648 1777 4712 iram,
1807 4664 1912 4718 qua
1957 4649 2052 4704 ad-

466 4755 658 4794 versus
699 4739 951 4794 inimicos
994 4739 1310 4801 incitamur,
1355 4753 1710 4807 superemus,
1742 4753 1810 4792 ne
1851 4754 1880 4793 a
1909 4741 2051 4796 malo

466 4831 773 4896 vincamur,
795 4830 890 4886 sed
912 4831 1096 4901 potius
1115 4830 1398 4884 vincamus
1422 4830 1477 4884 in
1499 4830 1644 4886 bono
1669 4831 1887 4886 malum.
1907 4833 2054 4888 Dixit

471 4923 619 4978 enim
644 4938 835 4977 rursus
865 4925 919 4976 in
945 4922 1131 4977 Exodo
1155 4921 1378 4991 quidem
1405 4940 1417 4974 :
1452 4941 1470 4973 ι
1502 4921 1558 4980 Si
1585 4939 1715 4978 vero
1739 4927 2053 4982 occurreris

464 5009 598 5064 .bovi
643 5010 850 5066 inimici
880 5009 981 5074 tui,
1024 5011 1108 5064 vel
1149 5005 1419 5082 subjugali
1460 5013 1600 5084 ejus,
1635 5016 1949 5073 errantibus
1993 5020 2047 5072 in

467 5098 573 5163 via,
599 5099 870 5154 reducens
897 5097 1095 5152 reddes
1121 5098 1224 5169 ipsi
1254 5117 1268 5165 ;
1303 5099 1347 5154 si
1370 5117 1502 5156 vero
1528 5103 1734 5158 videris
1762 5107 2046 5178 subjugale

471 5191 681 5246 inimici
717 5190 798 5243 tui
824 5189 1090 5246 cecidisse
1121 5192 1224 5246 sub
1261 5194 1474 5249 sarcina
1497 5197 1635 5266 ejus,
1679 5212 1788 5252 non
1813 5208 2044 5268 praeter-

425 5270 447 5278 ’
469 5281 573 5335 ibis
598 5279 754 5345 illud,
781 5279 875 5335 sed
903 5280 1064 5336 simul
1099 5283 1359 5339 allevabis
1388 5301 1514 5340 cum
1547 5287 1666 5357 ipso
1687 5288 1727 5341 ⁸.
1763 5307 1780 5338 ι
1814 5289 1871 5343 ln
1899 5290 2044 5345 Deu-

2153 4655 2491 4727 κρουκότας,
2547 4655 2643 4707 καὶ
2692 4651 2872 4722 λύπης
2911 4653 3172 4724 ἀμείνους
3223 4654 3454 4728 ὁρᾶσθαι
3504 4656 3606 4726 τῆς
3655 4658 3734 4718 είς

2154 4746 2401 4818 ἐχθροὺς,
2432 4745 2506 4817 μὴ
2532 4745 2638 4798 ὑπὸ
2665 4744 2757 4799 τοῦ
2784 4744 2956 4799 κακοῦ
2987 4747 3350 4818 νικωμένους,
3383 4748 3652 4811 νικῶντας
3677 4749 3734 4802 δὲ

2159 4838 2362 4909 μᾶλλον
2404 4837 2462 4890 ἐν
2499 4835 2578 4905 τῷ
2605 4835 2795 4907 ἀγαθῷ
2822 4837 2882 4888 τὸ
2911 4836 3099 4891 κακόν.
3148 4839 3291 4910 Ἔφη
3329 4840 3435 4909 γὰρ
3482 4840 3646 4892 πάλιν
3675 4841 3736 4891 έν

2157 4931 2255 4998 μὲν
2304 4929 2370 4998 τῇ
2417 4927 2644 4998 Ἐξόδῳο
2684 4947 2702 4978 ι
2755 4928 2881 4982 Ἐἀν
2934 4929 2990 4982 δὲ
3038 4933 3377 5004 συναντήσῃς
3405 4932 3484 5003 τῷ
3525 4932 3608 5002 βοῒ
3639 4932 3732 4987 τοῦ

2155 5015 2350 5088 ἐχθροῦ
2380 5034 2474 5070 σου
2499 5059 2514 5085 ,
2545 5017 2578 5088 ἢ
2617 5017 2696 5088 τῷ
2725 5018 3006 5090 ὑποζυγίῳ
3033 5021 3198 5074 αὐτοῦ
3220 5063 3233 5086 ,
3263 5023 3639 5092 πλανωμένοις
3676 5025 3734 5076 ἐν

2155 5109 2221 5178 τῇ
2255 5104 2382 5177 ὁδῷ,
2405 5107 2756 5178 ἀποστρέψας
2782 5107 3082 5172 ἀποδώσεις
3114 5110 3264 5180 αὐτῷ
3285 5128 3299 5142 ο
3327 5112 3422 5165 ἐὰν
3446 5113 3502 5166 δέ
3534 5113 3648 5185 ἴδῃς
3673 5115 3735 5167 τὸ

2155 5197 2449 5266 ὑποζύγιον
2486 5197 2579 5252 τοῦ
2614 5198 2812 5269 ἐχθροῦ
2844 5217 2936 5253 σου
2979 5203 3268 5266 πεπτωκὸς
3299 5203 3405 5256 ὑπὸ
3441 5205 3532 5258 τὸν
3564 5205 3736 5275 γόμον

2152 5289 2338 5356 αὐτοῦ,
2381 5289 2442 5341 οὐ
2477 5290 2794 5362 παρελεύσῃ
2844 5290 2998 5356 αὐτὸ,
3047 5291 3184 5345 ἀλλὰ
3241 5297 3550 5365 συνεγερεῖς
3601 5296 3734 5348 αὐτὸ

469 5371 776 5425 teronomio
808 5380 990 5427 autem
1018 5392 1030 5427 :
1063 5395 1079 5426 ι
1110 5377 1187 5431 Ne
1207 5377 1400 5434 videns
1423 5380 1619 5436 bovem
1649 5382 1834 5438 fratris
1860 5386 2045 5442 tuivel

2157 5383 2272 5453 μετ’
2297 5379 2482 5434 αὑτοῦ.
2502 5399 2518 5431 ι
2557 5381 2644 5433 Ἐν
2673 5380 2826 5452 δὲτῷ
2852 5385 3255 5456 Δευτερονομίῳ
3275 5403 3288 5417 ο
3319 5405 3338 5437 ι
3368 5387 3457 5456 Μὴ
3485 5385 3608 5440 ἰδὼν
3642 5388 3733 5441 τὸν

467 5474 624 5514 ovem
639 5460 829 5529 ipsius,
847 5471 1094 5520 errantes
1109 5466 1164 5520 in
1182 5468 1287 5528 via,
1303 5467 1572 5539 despicias
1590 5471 1677 5525 illa
1702 5491 1712 5524 :
1736 5474 2048 5529 reducendo

2157 5473 2356 5544 μόσχον
2385 5471 2478 5526 τοῦ
2509 5472 2738 5540 ἀδελφοῦ
2769 5491 2884 5539 σου,
2916 5475 2949 5545 ἢ
2981 5475 3040 5528 τὸ
3077 5477 3350 5548 πρόϐατον
3375 5477 3564 5542 αὑτοῦ,
3595 5479 3732 5532 πλα-

470 5549 700 5606 reduces
715 5553 829 5622 ipsa
844 5553 1000 5608 fratri
1024 5565 1116 5612 tuo
1137 5559 1310 5627 :quod
1336 5560 1380 5613 si
1399 5561 1568 5616 frater
1597 5570 1722 5616 tuus
1749 5578 1856 5616 non
1880 5562 2048 5618 fuerit

2154 5565 2369 5634 νώμενα
2394 5567 2450 5618 ἐν
2482 5567 2549 5634 τῇ
2578 5563 2704 5633 ὁδῷ,
2743 5567 3006 5637 ὑπερίδῃς
3031 5569 3171 5623 αὐτά
3195 5587 3208 5599 ο
3239 5571 3560 5643 ἀποστροφῇ
3601 5572 3733 5624 ἀπο-

468 5655 639 5711 prope
663 5650 735 5708 te,
757 5660 935 5715 neque
957 5650 1179 5704 noveris
1199 5666 1348 5714 eum,
1373 5651 1544 5707 duces
1567 5668 1629 5707 ea
1658 5653 1802 5707 intra
1822 5655 2045 5710 domum

2156 5657 2406 5728 στρέψεις
2436 5659 2574 5712 αὑτά
2622 5658 2700 5730 τῷ
2734 5659 2949 5731 ἀδελφῷ
2985 5677 3077 5714 σου
3101 5677 3113 5692 ο
3145 5660 3240 5716 ὲάν
3273 5662 3330 5716 δὲ
3365 5661 3438 5734 μὴ
3466 5661 3664 5736 ἐγγίζῃ
3703 5673 3736 5724 ὁ

541 5816 563 5848 ³
587 5816 746 5874 Deut.
798 5836 926 5888 nn,
963 5821 1014 5886 6,
1051 5823 1098 5875 7.
1178 5825 1240 5879 ⁸1
1275 5824 1399 5879 Cor.
1439 5840 1512 5890 rx,
1545 5828 1597 5890 9,
1641 5827 1720 5882 10.
1801 5828 1820 5860 ⁸
1857 5829 2027 5884 Exod.
2079 5847 2231 5896 xxi",
2268 5829 2380 5887 4-6'.
