4104 6446
367 421 470 477 561

1083 419 1173 475 DE
1208 417 1655 477 ADORATIONE
1695 420 1764 476 IN
1807 416 2080 475 SPIRITU
2123 416 2212 472 ET
2253 412 2624 474 VERITATE.
2671 413 2800 470 LIB.
2845 409 2977 469 Vill.

3548 414 3654 472 562

364 537 597 606 ἀδελφός
622 553 720 589 σου
751 536 888 606 πρὸς
917 533 998 598 σε,
1021 535 1158 606 μηδὲ
1193 536 1462 607 ἐπιστήσῃ
1490 536 1674 602 αὐτὸν,
1711 533 1958 600 συνάξεις

2064 541 2239 596 tuam,
2274 539 2332 586 et
2358 538 2520 586 erunt
2544 539 2750 596 tecum,
2777 543 3066 600 quousque
3089 527 3372 597 quasrerit
3394 540 3459 582 ea
3482 525 3654 581 frater

365 627 512 680 αὐτὰ
549 626 698 679 ἔνδον
733 627 812 690 εἰς
837 624 938 694 τὴν
969 624 1147 679 οἰκίαν
1182 643 1297 692 σου,
1333 627 1427 679 καὶ¹
1451 624 1605 679 ἔσται
1643 625 1782 695 μετά
1813 624 1908 678 σοῦ
1937 668 1953 691 ,

362 715 476 780 ἓως
521 716 587 769 ἂν
636 715 848 786 ζητήσῃ
888 713 1026 768 αὐτὰ
1056 714 1084 766 ὀ
1118 713 1346 783 ἀδελφός
1379 731 1494 781 σου,
1530 716 1627 767 καὶ
1657 714 1957 780 ἀποδώσεις

365 807 513 861 αὕτά
555 806 744 877 αὐτῷ·
787 805 962 872 οὕτως
1014 810 1266 879 ποιήσεις
1312 807 1404 860 τὸν
1447 806 1568 861 ὄνον
1617 808 1783 862 αὐτοῦ
1810 849 1824 874 ,
1865 809 1960 863 καὶ

365 898 544 961 οὕτως
593 898 842 968 ποιήσεις
874 897 936 950 τὸ
969 897 1184 968 ἱμάτιον
1223 899 1387 952 αὑτοῦ
1408 939 1422 963 ,
1457 899 1552 953 καὶ
1590 899 1764 964 οὕτως
1808 901 1961 972 ποιή-

368 1007 489 1055 σεις
529 989 675 1044 κατὰ
717 990 900 1043 πᾶσαν
947 989 1224 1044 ἀπώλειαν
1256 990 1350 1043 τοῦ
1387 989 1622 1060 ἀδελφοῦ
1675 1009 1770 1044 σου
1797 1033 1812 1058 ,
1860 992 1961 1046 ὅσα

365 1082 469 1135 ἐὰν
525 1081 796 1151 ἀπόληται
839 1082 969 1152 παρ’
1019 1081 1184 1135 αὐτοῦ
1212 1122 1227 1148 ,
1268 1084 1364 1136 καὶ
1417 1081 1588 1155 εὕρῃς
1613 1125 1628 1150 ,
1661 1085 1722 1137 οὐ
1755 1084 1961 1157 δυνήσῃ

367 1172 652 1245 ὑπεριδεῖν
697 1171 872 1227 αὑτά·
911 1172 1009 1243 οὐχ
1056 1173 1320 1246 ὕπερόψει
1357 1174 1450 1228 τὸν
1495 1174 1617 1228 ὄνον
1669 1175 1764 1230 τοῦ
1803 1177 1962 1232 ἀδελ-

367 1264 478 1335 φοῦ
532 1283 660 1330 σου,
715 1265 748 1337 ἦ
789 1265 882 1319 τὸν
935 1266 1135 1337 μόσχον
1204 1265 1372 1320 αὐτοῦ
1414 1269 1742 1322 πεπτωκότα
1801 1271 1859 1323 ὲν
1894 1274 1961 1342 τῇ

366 1356 510 1429 ὁδῴ’
567 1357 641 1429 μὴ
681 1357 983 1429 ὑπερίδῃς,
1016 1357 1252 1412 ἀνιστῶν
1292 1359 1622 1431 ἀναστήσεις
1665 1362 1805 1416 αύτά
1843 1365 1962 1433 μετ’

367 1449 560 1504 αὑτοῦ.
583 1470 603 1502 ι
626 1451 821 1522 Συνίης
849 1447 964 1514 οὖν,
994 1450 1141 1514 ὅπως
1163 1451 1311 1522 ἡμᾶς
1345 1451 1668 1507 ἀστειότατα
1688 1454 1964 1524 παιδαγω-

368 1542 461 1610 γεῖ
485 1542 622 1614 πρὸς
654 1542 717 1596 τὸ
743 1541 884 1611 ἄγαν
903 1543 1004 1614 ήδη
1038 1559 1155 1605 πως
1187 1541 1284 1595 καὶ
1315 1541 1514 1606 τελέως
1541 1543 1770 1611 ἀγαθὸν,
1806 1546 1964 1616 μελέ-

366 1651 532 1703 τησιν
577 1632 766 1706 ὥσπερ
807 1633 1219 1706 ἀμνησικακίας
1271 1634 1542 1688 ποιεῖσθαι
1589 1637 1961 1706 προστάττων,

365 1724 471 1796 τὴν
503 1726 584 1790 εἰς
608 1726 677 1780 τὰ
702 1726 875 1797 κτήνη
907 1723 1074 1795 φειδὼ
1102 1723 1196 1777 τοῦ
1222 1723 1610 1796 λελυπηκότος,
1639 1725 1698 1780 ὃν
1729 1727 1824 1782 καὶ
1853 1728 1966 1784 ἀνω

365 1831 431 1868 τε
463 1813 562 1868 καὶ
599 1815 752 1869 κάτω
779 1814 858 1886 τῷ
893 1815 992 1886 τῆς
1018 1813 1382 1885 ἀδελφότητος
1410 1815 1636 1886 ὀνόματι
1676 1822 1960 1888 στεφανοῖ,

2062 633 2210 690 tuus,
2237 633 2294 680 et
2320 624 2521 679 reddes
2547 640 2612 680 ea
2647 625 2787 695 ipsi;
2813 624 2892 679 sic
2921 622 3092 678 facies
3119 620 3277 676 asino
3299 621 3439 692 ejus,
3479 628 3538 676 et
3573 621 3654 676 sic

2060 716 2230 773 facies
2245 716 2386 772 vesti
2409 716 2550 787 ejus,
2576 724 2634 770 et
2653 716 2734 770 sic
2759 715 2925 771 facies
2947 714 3000 769 in
3027 729 3356 785 quacunque
3377 729 3458 779 re,
3485 727 3652 784 quam

2060 809 2368 880 perdiderit
2413 808 2585 863 frater
2627 814 2785 874 tuus;
2815 823 3158 878 quaecunque
3197 806 3415 878 perdita
3443 805 3654 861 fuerint

2060 901 2130 956 ab
2174 901 2314 971 ipso,
2343 907 2400 956 et
2442 898 2742 962 inveneris,
2782 914 2893 954 non
2934 898 3143 970 poteris
3184 898 3462 969 negligere
3503 896 3650 967 ipsa;

2061 1007 2173 1047 non
2195 991 2470 1063 despicies
2492 991 2710 1046 asinum
2736 990 2927 1047 fratris
2948 992 3050 1057 tui,
3078 991 3164 1046 vel
3185 990 3421 1046 vitulum
3455 989 3650 1061 ipsius,

2061 1085 2158 1156 qui
2194 1084 2456 1140 ceciderit
2483 1084 2539 1139 in
2562 1083 2650 1138 via
2674 1101 2687 1137 :
2715 1097 2786 1138 ne
2812 1082 3056 1153 negligas
3075 1097 3160 1147 ea,
3195 1082 3490 1137 sublevans
3516 1081 3650 1137 sub-

2059 1175 2271 1232 levabis
2307 1190 2374 1230 ea
2408 1189 2536 1230 cum
2561 1174 2680 1244 ipso
2704 1173 2745 1227 ⁸.
2780 1192 2798 1225 ι
2833 1172 3100 1243 lntelligis
3144 1172 3332 1244 igitur,
3382 1172 3649 1245 quemad-

2061 1268 2288 1324 modum
2310 1266 2718 1339 elegantissime
2757 1280 2860 1320 nos
2890 1266 3004 1336 jam
3040 1265 3108 1320 ad
3137 1271 3488 1335 prastantem
3526 1279 3655 1335 per-

2061 1359 2371 1431 fectamque
2392 1359 2654 1415 virtutem
2693 1358 2885 1423 ducat,
2929 1357 3134 1430 jubens
3172 1366 3254 1422 ut,
3295 1372 3426 1412 cura
3456 1357 3510 1411 in
3533 1358 3655 1429 ejus

2057 1455 2315 1525 jumenta
2358 1453 2454 1523 qui
2488 1467 2591 1508 nos
2626 1451 2879 1516 offendit,
2918 1450 3189 1522 impensa,
3214 1451 3367 1505 velut
3389 1450 3658 1506 exercita-

2064 1545 2212 1600 tione
2247 1543 2316 1599 ad
2357 1542 2767 1599 obliviscendas
2806 1542 3040 1614 injurias
3061 1548 3322 1596 utamur:
3349 1555 3513 1611 quem
3541 1539 3656 1596 fre-

2063 1635 2428 1708 quentissime
2468 1633 2658 1690 fratris
2715 1635 2938 1690 nomine
3001 1634 3260 1698 decorat,
3316 1632 3656 1704 prohibens,

2063 1735 2126 1782 ut
2150 1725 2368 1798 opinor,
2396 1725 2508 1780 iras
2530 1725 2908 1796 implacabiles
2955 1731 3013 1780 et
3042 1724 3273 1780 nimiam
3311 1723 3380 1778 ad
3411 1724 3660 1779 simulta-

2067 1823 2150 1870 tes
2169 1813 2619 1885 propensionem,
2645 1821 2702 1870 et
2723 1820 2936 1868 naturae
2963 1813 3162 1885 legem,
3190 1820 3450 1884 tanquam
3473 1812 3657 1867 chari-

375 1905 757 1960 κατακωλύων
777 1947 791 1972 ,
823 1883 978 1978 οἶμαί
1011 1924 1136 1970 που,
1170 1906 1230 1959 τὸ
1255 1883 1468 1960 ἔντονον
1507 1883 1588 1972 είς
1620 1883 1824 1980 ὀργὰς,
1866 1883 1962 1966 καίν

2069 1883 2196 1960 tatis
2211 1883 2496 1968 arbitram,
2520 1902 2707 1958 ferens
2731 1919 2744 1956 :
2768 1901 2824 1957 Si
2852 1901 3001 1956 enim
3025 1883 3323 1967 inveneris,
3349 1901 3550 1971 inquit,
3573 1915 3660 1956 cr-

367 1998 434 2052 τδ
482 1999 739 2072 περιττὸν
762 2058 767 2062 _
789 1999 868 2062 είς
899 1999 1266 2070 μικροψυχίας
1290 2037 1305 2063 ,
1335 1999 1429 2052 καὶ
1466 1998 1557 2054 τὸν
1602 2001 1701 2073 τῆς
1745 2003 1962 2070 φύσεως

367 2089 560 2161 νόμον,
595 2089 902 2164 βραϐευτὴν
936 2090 1126 2164 ὥσπερ
1151 2092 1276 2146 τινὰ
1300 2092 1400 2163 τῆς
1423 2093 1647 2165 ἀγάπης
1666 2095 1956 2167 εἰσφέρων.

368 2183 476 2234 "Av
515 2182 625 2255 γὰρ
673 2182 859 2257 εὕρῃς,
901 2185 1088 2256 φησὶν,
1123 2184 1475 2257 πλανώμενον
1503 2188 1719 2258 κτῆνος,
1757 2187 1790 2260 ἢ
1826 2190 1962 2243 ἀπο-

366 2275 544 2340 λωλὸς
579 2275 819 2347 ἱμάτιον,
851 2276 1178 2349 περισώσεις
1199 2278 1338 2332 αὐτὰ
1363 2277 1442 2349 τῷ
1461 2277 1678 2349 ἀδελφῷ
1704 2295 1820 2332 σου⁹
1858 2281 1961 2335 κᾶν

368 2373 421 2424 εἰ
442 2370 655 2440 γένοιτό
675 2387 728 2424 τι
762 2370 876 2424 τῶν
935 2371 1262 2444 ἀχθοφορεῖν
1310 2369 1580 2424 εἰωθότων
1639 2371 1962 2444 κατολισθῆ-

370 2479 473 2515 σαν
503 2463 584 2525 εἰς
611 2463 715 2534 γῆν
739 2462 832 2516 ὑπ’
860 2462 1009 2535 αὑτῷ
1049 2461 1432 2534 συντρίϐεσθαι
1462 2463 1541 2535 τῷ
1563 2465 1768 2538 φορτίῳ
1787 2509 1802 2533 ,
1837 2483 1964 2521 συνο

367 2552 588 2624 εργάσῃ
603 2552 698 2606 καὶ
718 2569 912 2622 συνεγε
921 2555 1052 2624 ρεῖς.
1072 2553 1298 2624 Ἕτερον
1314 2554 1372 2608 δὲ
1386 2553 1545 2608 τοῦτό
1567 2557 1714 2610 ἐστιν
1735 2557 1910 2621 οὐδὲν,
1923 2557 1958 2628 ἢ

367 2641 463 2694 τὸν
491 2642 834 2712 κεκτημένον
864 2639 1119 2712 ὠφελεῖν,
1144 2643 1240 2696 καὶ
1276 2641 1476 2714 μελέτη
1510 2643 1646 2715 πρὸς
1668 2644 1838 2711 ἔλεον,
1868 2646 1964 2698 καὶ

368 2733 720 2803 παιδαγωγία
761 2734 896 2804 πρὸς
946 2735 1380 2806 φιλοικειότητα,
1427 2736 1522 2790 καὶ
1569 2737 1630 2790 τὸ
1677 2736 1964 2793 λυπεῖσθαι

372 2822 566 2894 μακρὰ
597 2821 976 2895 παρωθεῖσθαι
1009 2821 1215 2894 ζητεῖν,
1239 2825 1334 2878 καὶ
1365 2825 1754 2896 παραιτεῖσθαι
1777 2827 1967 2898 διαφο·

372 2914 498 2985 ρᾶς,
537 2913 677 2987 ὑπέρ
705 2931 771 2983 γε
816 2913 908 2968 τοῦ
951 2914 1027 2986 μὴ
1047 2915 1223 2969 δοκεῖν
1251 2916 1616 2988 προσκρούειν
1650 2918 1838 2992 ἀγάπῃ
1871 2919 1967 2974 καὶ

370 3004 527 3074 νόμῳ
555 3002 634 3074 τῷ
670 3004 750 3067 είς
786 3003 1161 3074 φιλαδελφίαν.
1202 3005 1364 3069 Εἰκὸς
1393 3007 1451 3060 δὲ
1480 3007 1544 3078 δή
1567 3025 1620 3061 τι
1648 3009 1740 3062 καὶ
1777 3009 1966 3081 ἕτερον

370 3093 826 3160 ὑπαινίττεσθαι,
884 3095 944 3147 τὸ
998 3096 1422 3168 χρησμῴδημαο
1465 3099 1513 3150 εἱ
1563 3097 1672 3170 γὰρ
1724 3102 1966 3173 τοσαύτη

370 3187 568 3256 γέγονε
595 3185 674 3255 τῷ
699 3185 965 3258 νομοθέτῃ
1001 3187 1224 3259 φροντὶς
1246 3227 1260 3251 ,
1304 3188 1379 3252 ὡς
1403 3191 1454 3242 εί
1481 3189 1574 3243 καί
1612 3208 1663 3243 τι
1699 3189 1806 3244 τῶν
1841 3190 1967 3245 ἀλό-

369 3298 486 3349 γων
514 3279 601 3351 εἴη
640 3280 703 3334 τὸ
729 3280 998 3344 πεπονθὸς
1021 3323 1036 3347 ,
1065 3280 1281 3350 ὀρέγειν
1308 3282 1455 3351 ἡμᾶς
1484 3280 1582 3352 τὴν
1614 3283 1961 3353 ἐπικουρίαν,

370 3373 493 3435 πῶς
509 3373 612 3425 οὐκ
631 3353 702 3425 ἂν
725 3370 876 3442 αὐτῷ
901 3372 1164 3442 μειζόνως
1184 3373 1435 3444 ἀρέσειεν
1469 3374 1502 3443 ἡ
1538 3375 1618 3437 είς
1640 3373 1965 3445 ἀνθρώπους

373 3459 564 3532 φειδὼ,
591 3462 686 3514 καὶ
713 3463 747 3532 ή
771 3465 884 3526 τοῖς
911 3461 1228 3532 όμογενέσιν
1249 3462 1575 3534 ὀφειλομένη
1602 3463 1963 3536 φιλαλληλία;

370 3555 570 3610 οὐκοῦν
602 3554 704 3610 κᾶν
731 3557 780 3609 εἰ
805 3555 1000 3628 ἐχθρὸς
1029 3555 1282 3627 πλανῷτο
1320 3556 1502 3627 τυχὸν,
1526 3557 1846 3628 μανθανέτω
1867 3557 1965 3628 τὴν

372 3645 462 3698 ἐπ’
489 3647 645 3711 εὐθὺ,
669 3650 767 3702 καὶ
791 3647 858 3701 δι⁹
887 3647 1049 3719 ήμῶν
1076 3649 1280 3701 νευέτω
1311 3647 1387 3720 (1)
1418 3649 1555 3720 πρὸς
1580 3649 1642 3702 τὸ
1662 3650 1961 3721 συμφέρον.

372 3735 534 3789 Οὕτω
569 3738 662 3791 καὶ
691 3741 720 3792 ὁ
757 3739 994 3810 Χριστὸς
1013 3777 1027 3803 ,
1067 3737 1236 3803 λίθοις
1269 3739 1368 3810 μὲν
1393 3739 1647 3794 ἐϐάλλετο
1675 3741 1828 3814 παρά
1857 3742 1968 3797 τῶν

372 3829 434 3896 ἐξ
466 3829 708 3902 Ἰσραὴλ,
735 3831 1004 3900 ἐπεφώνει
1033 3831 1092 3887 δὲ
1119 3834 1269 3904 ὅμως
1289 3849 1303 3863 ·
1336 3852 1354 3885 ι
1387 3835 1529 3899 Ἕως
1557 3834 1619 3887 τὸ
1641 3835 1757 3904 φῶς
1792 3835 1966 3906 ἔχετε,

383 3925 749 3991 περιπατεῖτε
781 3924 841 3976 ὲν
876 3921 956 3994 τῷ
988 3924 1147 3993 φωτὶ,
1179 3925 1266 3977 ἵνα
1300 3925 1374 3997 μὴ
1410 3927 1598 3980 σκοτία
1625 3927 1770 3998 ὑμᾶς
1794 3945 1967 3983 κατα-

372 4014 537 4086 λάϐῃ.
563 4033 582 4065 ι
611 4014 723 4068 Καὶ
739 4016 788 4068 εἰ
806 4015 956 4086 πόνῳ
979 4032 1064 4079 τις
1085 4016 1180 4069 καὶ
1207 4020 1534 4088 πειρασμοῖς
1549 4018 1846 4073 ἐνθλίόοιτο
1859 4019 1968 4073 τῶν

373 4105 925 4176 προσκεκρουκότων,
959 4107 1052 4160 καὶ
1071 4105 1351 4170 οίονείπως
1380 4109 1460 4171 είς
1480 4108 1584 4178 γῆν
1611 4109 1965 4182 ἐρριμμένος,

371 4198 642 4266 ἀφύκτοις
657 4198 926 4268 ἀνάγκαις
943 4198 1349 4263 καταπιέζοιτο,
1368 4201 1551 4270 φησὶν,
1571 4202 1970 4274 ὲπικουρείσθω

371 4291 512 4362 πρὸς
541 4291 720 4362 ήμῶν,
736 4294 826 4346 καὶ
839 4293 979 4346 ἔστω
994 4291 1171 4364 λύπης
1195 4292 1493 4363 ἀμείνων,ό
1509 4294 1765 4367 διάφορος
1791 4296 1969 4366 (ἓ).’Ἡ

370 4385 495 4455 οὐχὶ
517 4385 584 4456 δὴ
605 4385 765 4439 τοῦτό
799 4387 970 4452 ἐστιν,
1001 4407 1020 4437 ι
1049 4383 1123 4441 Εὖ
1155 4387 1357 4439 ποιεῖτε
1383 4387 1509 4450 τοὺς
1533 4386 1763 4459 ἐχθροὺς
1791 4388 1964 4460 ὑμῶν,

370 4477 470 4530 καὶ
503 4477 875 4548 προσεύχεσθε
909 4478 1050 4549 ὑπὲρ
1069 4479 1177 4532 τῶν
1205 4477 1622 4550 ἐπηρεαζόντων
1647 4480 1792 4550 ὑμᾶς
1821 4498 1836 4547 ;
1887 4501 1905 4533 ι

445 4568 657 4622 ΠΑΛΛ.
701 4569 936 4640 Ἀριστα.
973 4569 1128 4638 ἔφης.

443 4659 616 4713 ΚΥΡ.
646 4659 1008 4730 Ἀγιοπρεπὲς
1037 4655 1129 4714 οὖν
1154 4659 1284 4732 ἄρα,
1309 4660 1371 4715 τὺ
1395 4662 1507 4725 τοῖς
1540 4661 1811 4732 κάμνουσι
1837 4679 1965 4715 συν-

369 4752 562 4820 ἀλγεῖν
586 4792 602 4817 ,
645 4751 741 4805 καὶ⁵
772 4752 893 4823 οὐχὶ
936 4751 1000 4824 δὴ
1039 4752 1238 4824 μᾶλλον
1273 4751 1344 4806 τά
1381 4753 1466 4822 ἐφ’
1510 4747 1593 4818 οἷς
1629 4749 1698 4824 ἦν
1737 4755 1964 4825 ἄμεινον

369 4842 818 4915 ἐποικτείρεσθαι
871 4843 1019 4909 δεῖν,
1078 4843 1392 4910 πλεονεξίας
1453 4845 1553 4914 τῆς
1603 4846 1725 4899 κατ’
1780 4845 1963 4899 αὐτῶν

369 4935 651 4989 ποιεῖσθαι
697 4935 995 5007 πρόφασιν,
1035 4935 1482 5007 ἐπιθρώσκοντάς
1522 4953 1584 4989 τε
1625 4936 1718 4990 καὶ
1757 4937 1965 5009 ἐπιμη-

366 5028 608 5091 νιῶντας
637 5027 720 5080 ἔτι
741 5030 854 5091 τοῖς
887 5026 1262 5098 ἠδικημένοις.
1289 5027 1408 5081 Κᾶν
1443 5030 1489 5082 εἰ
1515 5025 1732 5082 δύναιτό
1755 5046 1841 5094 τις
1865 5029 1963 5082 λα-

367 5119 596 5190 θραίους
625 5119 911 5172 ἀποτελεῖν
937 5120 1038 5191 τῆς
1068 5118 1362 5190 ἐπιϐουλῆς
1395 5120 1524 5184 τοὺς
1553 5119 1810 5188 τρόπους,
1836 5120 1969 5174 ἀπο-

367 5211 598 5281 σχέσθαι
625 5211 733 5265 δεῖν
766 5211 795 5263 δ
820 5211 985 5281 νόμος
1024 5205 1084 5264 εὖ
1129 5211 1273 5282 μάλα
1300 5211 1435 5282 φησὶ
1474 5210 1570 5264 καὶ⁸
1601 5209 1710 5263 τῶν
1732 5211 1826 5263 ἐπὶ
1856 5210 1961 5282 τῷ-

363 5304 420 5356 δε
439 5301 952 5374 κακουργημάτων·
976 5302 1081 5374 ἔφη
1102 5303 1211 5373 γὰρ
1239 5300 1404 5356 πάλιν
1424 5318 1436 5329 ·
1467 5320 1485 5352 ι
1513 5301 1587 5353 Οὐ
1608 5299 1793 5363 κακῶς
1817 5301 1966 5370 ἐρεῖς

367 5394 577 5464 κωφὸν,
619 5394 714 5447 καὶ
743 5393 1005 5448 ἀπέναντι
1049 5391 1255 5462 τυφλοῦ
1283 5393 1344 5446 οὐ
1373 5391 1706 5464 προσθήσεις
1729 5390 1960 5443 σκάνδα-

368 5485 480 5540 λον.
526 5503 546 5539 ι
583 5485 694 5540 Καί
717 5503 800 5540 τοι
822 5486 940 5550 πῶς
969 5486 1070 5538 οὐκ
1101 5484 1346 5555 ἄμεινον,
1369 5485 1598 5547 καὶτοῖς
1627 5483 1768 5553 ἄγαν
1793 5484 1960 5536 ἐπιει-

368 5581 524 5636 κέσιν
546 5580 632 5634 ὅτι
664 5581 899 5652 μάλιστα
925 5579 1128 5652 πρέπει
1166 5577 1228 5632 τὸ
1259 5576 1475 5649 χαλινὸν
1505 5575 1698 5646 ὥσπερ
1724 5576 1872 5648 ἔχειν
1901 5577 1962 5629 ἐν.

2063 2011 2192 2052 rans
2221 1998 2537 2070 jumentum
2585 2004 2682 2050 aut
2706 1994 2987 2066 perditum
3014 1995 3438 2061 vestimentum,
3467 2011 3657 2050 serva-

2062 2088 2148 2144 bis
2173 2105 2237 2146 ea
2260 2088 2418 2144 fratri
2452 2096 2580 2154 tuo;
2605 2087 2775 2143 etiam
2809 2087 2857 2142 si
2875 2088 3188 2159 jumentum
3215 2087 3438 2158 aliquod
3471 2087 3658 2146 oneri-

2062 2180 2169 2236 bus
2206 2179 2452 2235 ferendis
2493 2186 2777 2234 assuetum
2808 2179 2865 2233 in
2902 2187 3108 2234 terram
3151 2179 3438 2245 ceciderit,
3467 2188 3524 2235 et
3554 2180 3659 2234 sub

2063 2273 2184 2344 ipso
2209 2287 2378 2327 onere
2421 2279 2762 2337 conteratur,
2806 2271 2970 2326 simul
2995 2271 3285 2343 adjuvabis
3309 2279 3366 2327 et
3388 2271 3569 2343 eriges
3593 2271 3663 2326 il-

2061 2363 2180 2418 lud.
2207 2363 2266 2418 Id
2290 2378 2422 2418 vero
2444 2362 2585 2416 nihil
2609 2361 2761 2417 aliud
2790 2371 2897 2429 est,
2925 2377 3089 2432 quam
3125 2363 3419 2418 Dominum
3439 2363 3658 2434 juvare.

2063 2462 2121 2510 et
2146 2454 2214 2509 ad
2247 2453 2687 2509 misericordiam
2728 2453 2998 2518 exerceri,
3025 2461 3082 2508 et
3106 2453 3175 2508 ad
3215 2454 3660 2510 benevolentiam

2064 2544 2300 2610 institui,
2327 2545 2492 2615 270
2514 2553 2572 2600 et
2600 2545 2871 2617 repellere
2895 2545 3191 2601 diuturnas
3225 2545 3579 2611 offensiones,
3603 2554 3661 2600 et

2064 2639 2242 2693 vitare
2264 2637 2516 2703 dissidia,
2542 2652 2613 2692 ne
2637 2637 2966 2693 charitatem
3004 2643 3062 2692 et
3097 2635 3462 2692 fraternitatis
3483 2637 3660 2707 legem

2064 2729 2274 2784 violare
2296 2727 2849 2784 videamur.Videtur
2865 2736 3052 2783 autem
3070 2728 3176 2784 hoc
3191 2728 3380 2783 divino
3395 2743 3664 2798 responso

2065 2822 2232 2878 etiam
2265 2821 2416 2877 aliud
2451 2821 2717 2892 quiddam
2744 2820 3045 2893 signiﬁcari
3082 2839 3094 2876 :
3125 2822 3171 2876 si
3195 2821 3343 2876 enim
3371 2828 3534 2875 tanta:
3555 2820 3664 2875 fuit

2041 2930 2214 2970 ccum
2239 2913 2562 2985 legislatori,
2591 2921 2673 2980 ut,
2699 2913 2746 2969 si
2771 2914 2862 2969 cui
2894 2914 3162 2969 animanti
3196 2914 3427 2969 rationis
3447 2914 3662 2984 experti

2067 3001 2337 3072 ejusmodi
2375 3016 2538 3056 casus
2579 3001 2893 3068 accidisset,
2920 3018 3022 3058 nos
3061 3002 3335 3058 ferremus
3368 3003 3660 3067 auxilium,

2067 3091 2346 3164 quomodo
2371 3107 2482 3147 non
2507 3093 2684 3147 multo
2707 3093 2880 3164 magis
2902 3093 2982 3148 illi
3011 3101 3228 3165 gratum
3255 3094 3424 3150 fuerit
3449 3094 3667 3165 impen-

2069 3197 2190 3236 sum
2217 3183 2271 3236 in
2287 3182 2542 3237 homines
2558 3181 2966 3238 conservandos
2987 3182 3256 3248 studium,
3279 3193 3336 3238 et
3356 3183 3411 3238 in
3428 3199 3524 3239 cos
3564 3185 3660 3253 qui

2069 3272 2332 3327 societate
2369 3279 2581 3328 naturae
2622 3273 2914 3328 nobiscum
2957 3274 3235 3344 conjuncti
3278 3282 3426 3340 sunt,
3472 3274 3661 3330 debita

2067 3363 2275 3418 amoris
2317 3363 2676 3419 vicissitudo?
2715 3365 2907 3436 Igitur,
2954 3363 3171 3421 etiamsi
3213 3366 3471 3422 inimicus
3511 3374 3663 3422 erret

2065 3457 2319 3522 fortasse,
2345 3466 2563 3513 rectum
2603 3457 2710 3512 iter
2743 3457 3031 3522 doceatur,
3055 3465 3132 3522 et,
3172 3457 3335 3513 nobis
3373 3473 3660 3513 common-

2065 3550 2405 3616 strantibus,
2451 3564 2518 3605 eo
2561 3549 2752 3604 tendat
2810 3565 2921 3620 quo
2982 3548 3223 3620 expedit.
3277 3549 3369 3605 Sic
3406 3549 3664 3606 Christus

2065 3657 2288 3714 quoque
2336 3642 2618 3713 lapidibus
2658 3641 2884 3712 quidem
2930 3641 3225 3713 petebatur
3268 3641 3337 3697 ab
3377 3640 3662 3708 lsraelitis,

2065 3743 2122 3790 et
2149 3742 2332 3790 tamen
2367 3750 2464 3790 eos
2490 3733 2916 3804 alloquebatur:
2953 3752 2972 3784 ι
3021 3733 3164 3788 Dum
3204 3732 3384 3789 lucem
3422 3733 3660 3800 habetis,

2066 3829 2346 3886 ambulate
2363 3829 2419 3884 in
2438 3829 2584 3894 luce,
2603 3844 2673 3884 ne
2699 3826 2943 3883 tenebrae
2966 3842 3064 3882 vos
3080 3827 3610 3898 comprehendam".
3636 3847 3656 3880 ι

2066 3923 2156 3987 Et,
2182 3921 2227 3978 si
2261 3921 2385 3992 quis
2421 3921 2680 3975 inimicus
2707 3919 2896 3975 labore
2923 3925 2981 3974 et
3013 3919 3412 3975 tentationibus
3435 3919 3666 3976 afﬂicte-

2065 4023 2176 4080 tur,
2204 4029 2268 4068 ac
2300 4014 2452 4068 velut
2474 4013 2629 4066 humi
2653 4019 2962 4082 prostratus
2981 4010 3183 4081 jaceat,
3213 4019 3271 4066 et
3292 4011 3444 4082 gravi
3469 4027 3664 4067 ncces-

2067 4105 2229 4160 sitatc
2264 4111 2572 4174 prematur,
2602 4100 2943 4165 sublevetur,
2973 4098 3178 4170 inquit,
3201 4116 3236 4178 _a
3269 4101 3458 4166 vobis;
3485 4109 3544 4156 et
3565 4108 3663 4171 qui

2067 4195 2390 4262 dissidebat,
2410 4194 2596 4248 vincat
2615 4191 2938 4248 offensionis
2972 4191 3316 4246 memoriam.
3339 4191 3534 4246 Annon
3556 4193 3664 4249 hoc

2067 4287 2202 4344 illud
2227 4295 2312 4343 est
2339 4304 2351 4339 :
2387 4305 2405 4338 ι
2439 4283 2754 4340 Benefacite
2778 4282 3018 4340 inimicis
3040 4285 3264 4351 vestris,
3301 4292 3358 4341 et
3381 4292 3537 4342 orate
3559 4301 3663 4358 pro

2067 4377 2529 4450 persequentibus
2550 4391 2650 4431 vos
2673 4375 2726 4429 3?
2756 4394 2775 4426 ι

1997 4585 2043 4641 D
2141 4558 2339 4621 PALL.
2368 4556 2584 4628 Optime
2613 4557 2774 4613 dicis.

2139 4648 2300 4705 CYR.
2330 4649 2500 4704 Decet
2522 4647 2689 4719 igitur
2712 4654 2934 4702 sanctos
2959 4645 3109 4701 viros
3132 4645 3514 4704 laborantibus
3534 4664 3666 4704 con-

2071 4739 2291 4807 dolere;
2318 4755 2500 4810 neque
2522 4755 2588 4794 ea
2616 4739 2735 4810 ipsa
2758 4745 2987 4809 propter
3008 4754 3131 4808 quae
3155 4738 3452 4794 miserandi
3477 4738 3676 4811 potius

2069 4837 2250 4896 erant,
2295 4830 2364 4884 ad
2407 4829 2758 4884 occasionem
2808 4827 3023 4900 injuriae
3060 4836 3227 4900 atque
3263 4830 3571 4887 insolentia:
3607 4833 3664 4886 in

2070 4938 2169 4978 eos
2189 4921 2510 4977 exercendae
2535 4928 2878 4986 convertere,
2907 4921 2965 4974 in
2993 4935 3187 4975 eorum
3224 4921 3476 4976 miserias
3507 4921 3664 4977 insu—

2072 5031 2173 5086 per
2223 5015 2641 5092 insultantesaet
2683 5011 3039 5079 invehentes;
3071 5013 3206 5083 quin
3237 5013 3401 5068 etiam
3435 5013 3480 5068 si
3520 5013 3666 5068 clam

2068 5106 2351 5162 insidiosis
2374 5107 2483 5162 illis
2505 5105 2684 5161 modis
2705 5103 2787 5159 uti
2809 5104 3082 5174 quispiam
3099 5105 3257 5161 facile
3278 5105 3662 5175 possit,tamen

2067 5199 2138 5255 ab
2164 5198 2478 5270 hujusmodi
2505 5197 2844 5269 malignitate
2873 5197 3265 5253 abstinendum
3294 5213 3436 5263 esse,
3461 5198 3550 5252 lex
3567 5199 3660 5270 ju-

2067 5295 2197 5350 bet:
2223 5292 2303 5348 ait
2325 5293 2473 5347 enim
2499 5306 2729 5346 rursus:
2763 5309 2781 5341 ι
2808 5290 2928 5345 Non
2951 5290 3248 5346 maledices
3263 5291 3456 5358 surdo,
3477 5308 3660 5364 neque

2066 5403 2251 5445 coram
2276 5401 2423 5442 caeco
2444 5399 2617 5455 pones
2639 5382 3035 5439 oll‘endiculum
3062 5384 3103 5438 '.
3145 5403 3163 5436 ›
3191 5383 3358 5455 Atqui
3381 5385 3660 5454 quomodo

2063 5495 2177 5535 non
2200 5477 2552 5548 praestantius
2570 5484 2675 5542 est,
2706 5483 2763 5531 et
2782 5475 2974 5545 probis
3001 5475 3323 5532 hominibus
3343 5491 3659 5549 congruen-

2066 5571 2200 5634 tius,
2223 5567 2280 5623 in
2301 5569 2493 5640 lingua
2515 5567 2732 5623 frenum
2756 5566 2982 5633 habere,
3007 5575 3173 5638 atque
3208 5582 3426 5635 cavere,
3451 5584 3521 5625 ne
3544 5584 3661 5627 uta-

450 5773 472 5804 ⁸
497 5772 665 5828 Deut.
689 5785 824 5833 nu,
859 5767 972 5820 1-4.
1052 5765 1071 5795 ⁷
1105 5765 1263 5818 Joan.
1296 5778 1392 5828 xu,
1435 5761 1524 5817 55.
1598 5760 1840 5817 ’Matth.
1873 5761 1929 5829 5,
1961 5798 1963 5805 ι

2133 5762 2153 5792 ⁹
2177 5759 2357 5816 Levit.
2387 5776 2498 5824 xu,
2528 5759 2615 5813 Η.

446 5885 527 5958 (1)
566 5883 704 5942 Cod.
738 5882 942 5948 Vatia,
981 5877 1038 5934 εὖ
1065 5880 1197 5951 ήτω.

2143 5873 2220 5950 (2)
2249 5876 2401 5932 Idem
2430 5874 2554 5931 cod.
2589 5874 2794 5932 omittit
2825 5872 2852 5926 ό
2882 5869 3160 5941 διάφορος.
