4118 6462
459 347 567 404 565

1492 340 1546 394 S.
1589 339 1866 395 CYRILLI
1905 340 2375 396 ALEXANDRINI
2414 341 2731 396 ARCHIEP.

3627 338 3731 393 5ῧᾶ

465 455 727 511 Iedictum
765 453 822 508 in
859 452 1108 522 quamvis
1134 466 1269 515 rem,
1305 451 1414 503 imo
1437 465 1571 504 vero
1594 451 1848 520 quemvis
1873 451 2053 507 homi-

2170 452 2409 525 γλώττῃ,
2444 456 2537 508 καὶ
2580 456 2680 524 τὴν
2728 455 2815 524 ἐφ’
2852 451 3053 524 ὁτῳοῦν
3078 493 3091 517 ,
3137 450 3338 523 μᾶλλον
3367 451 3424 504 δέ
3465 450 3741 526 ἀνθρώπῳ

465 561 594 600 nem
623 543 894 616 jactetur?
926 541 1107 595 Nolite
1146 539 1460 603 detrahere,
1497 538 1698 594 fratres
1734 540 1865 604 mei,
1905 540 2050 594 invi-

468 651 608 700 cem,
671 634 850 704 inquit
895 632 987 686 ille
1045 631 1347 686 Salvatoris
1393 630 1581 684 nostri
1645 630 1952 701 discipulus
1985 631 2048 685 ¹⁰.

466 727 625 782 Nunc
657 734 840 780 autem
866 724 954 778 lex
983 723 1162 792 inquit
1205 739 1218 775 :
1253 741 1271 773 ι
1317 722 1436 777 Non
1478 723 1772 778 maledices
1799 723 1994 788 surdo;
2027 742 2044 774 ι

466 817 726 871 nimirum
754 831 854 886 per
883 814 1116 885 aenigma
1153 812 1461 883 significare
1500 815 1709 878 volens,
1736 813 2054 881 hominibus

468 925 598 966 sane
620 909 808 978 probis
826 923 947 964 esse
974 907 1287 962 necessario
1327 907 1398 961 ab
1428 905 1712 961 inferenda
1740 906 1940 976 injuria
1964 906 2052 960 fu-

467 1003 724 1074 giendum
769 1019 781 1055 :
816 1000 1032 1056 etiamsi
1064 1000 1287 1069 quidam
1335 999 1606 1069 ejusmodi
1649 1000 1778 1063 sint,
1813 1008 1873 1053 ut
1901 999 2054 1054 nullo

467 1093 688 1163 negotio
730 1092 813 1146 eis
853 1090 1046 1145 inferri
1081 1091 1256 1159 possit
1301 1105 1317 1142 :'
1351 1089 1553 1144 surdus
1595 1090 1744 1143 enim
1787 1097 1844 1144 et
1877 1103 2056 1144 caecus

467 1200 576 1238 non
607 1192 736 1239 sunt
778 1200 808 1238 a
847 1181 1042 1236 morbo
1067 1181 1262 1246 liberi;
1295 1181 1548 1235 laborant
1575 1181 1775 1252 quippe
1803 1180 2057 1251 corporis

467 1276 653 1340 vitiis,
698 1291 762 1330 ac
803 1275 1060 1330 sensibus
1092 1273 1288 1344 privati
1321 1280 1468 1335 sunt,
1504 1277 1759 1342 aspectu,
1809 1275 2051 1342 inquam,

469 1375 526 1420 et
553 1367 742 1420 auditu
777 1385 789 1419 :
817 1382 995 1436 neque
1027 1366 1216 1420 audire
1240 1372 1420 1434 potest
1443 1363 1645 1420 surdus
1669 1381 1816 1430 eum,
1841 1366 1935 1434 qui
1962 1364 2056 1418 de-

470 1458 694 1513 trahere
720 1458 877 1521 velit,
905 1472 1085 1526 neque
1115 1471 1290 1510 aecus
1322 1470 1448 1510 eum
1476 1456 1742 1525 aSpiccre,
1770 1455 1859 1524 qui
1884 1454 2058 1508 offen-

472 1549 718 1603 diculum
749 1551 921 1619 ponit.
949 1549 1094 1603 Nihil
1127 1549 1294 1619 igitur
1321 1547 1526 1617 negotii
1556 1555 1659 1610 est,
1693 1563 1821 1602 eum
1861 1547 2054 1610 latere,

472 1641 568 1711 qui
599 1641 708 1696 illis
741 1641 991 1696 insidiari
1031 1640 1181 1694 velit.
1230 1639 1387 1707 271
1435 1637 1564 1702 Sed,
1610 1653 1750 1708 quos
1801 1637 2054 1692 miserari

473 1733 648 1802 magis
670 1747 887 1801 atquum
915 1739 1055 1795 erat,
1084 1738 1146 1784 ut
1169 1730 1264 1799 qui
1295 1744 1363 1784 ex
1390 1731 1587 1798 seipsis
1614 1745 1710 1783 sua
1760 1729 1870 1799 jam
1907 1728 2055 1782 cala-

2160 545 2321 598 παντὶ
2337 545 2719 616 παραιτεῖσθαι
2736 545 3097 617 κατάρῤησιν;
3125 544 3176 596 Μ
3183 543 3216 613 ἡ
3236 541 3586 596 καταλαλεῖτε
3608 543 3740 616 γὰρ,

2159 637 2344 707 φησὶν,
2365 636 2583 705 ἀδελφοί
2604 653 2725 707 μου,
2747 635 3013 706 ἀλλήλων,
3034 633 3128 687 τοῦ
3145 635 3295 704 Σωτῆ
3305 650 3396 703 ρος
3416 635 3444 687 ὁ
3469 634 3738 706 μαθητής.

2157 727 2274 780 Νῦν
2303 727 2360 782 δέ
2385 745 2550 798 φησιν
2569 729 2598 780 ό
2619 727 2804 797 νόμοςο
2834 744 2853 778 ι
2880 726 2953 781 Ού
2981 725 3168 788 κακῶς
3201 725 3348 794 ἐρεῖς
3383 724 3587 793 κωφὸν,
3620 743 3638 776 ι
3673 726 3740 778 δι’

2160 821 2500 889 αἰνίγματος,
2527 813 2682 888 οἶμαί
2702 835 2802 870 που
2822 859 2837 882 ,
2861 817 3299 885 κατασημαίνειν
3324 814 3525 868 ἐθέλων
3547 816 3608 869 τὸ
3629 816 3744 869 δεῖν

2159 910 2479 978 ἀναγκαίως
2516 909 2641 972 τούς
2670 925 2735 978 γε
2762 908 2836 972 ὡς
2871 907 3087 978 ἀληθῶς
3111 909 3376 969 ἐπιεικεῖς
3402 906 3491 960 τὸν
3517 909 3742 978 τρόπον,

2157 1003 2460 1074 ἀποφοιτᾷν
2476 1002 2708 1067 ἀδικίας,
2738 1000 2840 1055 κᾶν
2863 1003 2911 1054 εί
2937 1001 2998 1053 τὸ
3022 999 3214 1053 παθεῖν
3235 999 3465 1069 ἐτοίμως
3481 998 3744 1051 δύνασθαι

2161 1093 2439 1163 συμϐαίνῃ
2467 1093 2610 1144 τισί·
2644 1091 2828 1161 κωφὸς
2859 1093 2960 1163 μὲν
2993 1091 3102 1161 γὰρ
3126 1091 3158 1161 ἢ
3181 1091 3401 1159 τυφλὸς,
3431 1090 3746 1161 ἀρρωστίας

2159 1184 2259 1236 οὐκ
2303 1182 2614 1252 ἐλεύθερον
2669 1182 2886 1236 νοσοῦσι
2931 1181 3039 1253 γὰρ
3085 1182 3148 1253 δὴ
3197 1181 3266 1235 τὰ
3315 1182 3423 1235 ἀπὸ
3453 1182 3743 1252 σώματος,

2163 1277 2256 1329 καὶ
2288 1275 2387 1338 τάς
2421 1273 2703 1344 αἰσθήσεις
2743 1273 3103 1346 πεπήρωνται
3127 1314 3142 1337 ,
3196 1274 3318 1342 ὄψιν
3362 1274 3420 1326 δὲ
3471 1274 3614 1342 λέγω
3649 1275 3746 1329 καὶ

2161 1368 2353 1438 ἀκοήν.
2403 1367 2634 1420 Καὶόὺκ
2652 1367 2718 1420 ἂν
2745 1366 3028 1422 ἀκούσειεν
3056 1369 3082 1419 ό
3103 1367 3286 1435 κωφὸς
3305 1365 3399 1419 τοῦ
3421 1366 3746 1422 καταλαλεῖν

2163 1459 2459 1521 ἐθέλοντος.
2484 1459 2598 1512 ἀλλ’
2631 1458 2737 1511 οὐδ’
2766 1458 2830 1511 ἂν
2855 1458 3170 1528 καταθεῷτο
3186 1457 3384 1526 τυφλὸς
3416 1458 3506 1511 τὸν
3530 1475 3746 1530 προστιο

2163 1552 2326 1607 θέντα
2378 1553 2690 1606 σκάνδαλον.
2743 1553 2941 1605 Λαοεῖν
2990 1549 3084 1605 οὖν
3121 1552 3228 1622 ἄρα
3280 1552 3515 1621 χαλεπὸν
3571 1551 3744 1623 οὐδὲν,

2164 1644 2264 1698 κᾶν
2304 1646 2352 1697 εί
2389 1643 2628 1714 βούλοιτό
2667 1661 2751 1708 τις
2794 1643 3165 1697 ἐπιϐουλεύειν
3209 1646 3413 1706 αὐτοῖς.
3472 1644 3610 1696 Ἀλλ’
3652 1643 3747 1706 οὓς

2165 1737 2269 1789 ἔδει
2301 1735 2499 1807 μᾶλλον
2526 1735 2667 1788 ἐλεῖν
2687 1777 2701 1802 ,
2720 1734 2793 1797 ὡς
2816 1734 3246 1805 ἡρρωστηκότας
3281 1735 3380 1803 ἤδη
3407 1735 3504 1804 τῆς
3533 1733 3747 1786 οἴκοθεν

475 1826 666 1878 mitate
685 1825 1017 1886 laborarent,
1040 1837 1135 1876 eos
1157 1821 1384 1890 insuper
1406 1821 1607 1890 injuria
1628 1818 1844 1874 allicere
1867 1818 2063 1888 depre-

2170 1830 2470 1898 συμφορᾶς,
2501 1829 2597 1880 καὶ
2623 1826 3082 1898 προσαδικοῠντες
3112 1825 3431 1891 ἁλώσονται,
3464 1819 3748 1898 σκανδάλῳ

475 1917 827 1979 henduntur,
871 1929 995 1967 cum
1037 1912 1372 1968 offcndiculo
1449 1912 1670 1980 quidem
1715 1926 1916 1966 caecum
1961 1926 2086 1964 ne-.

477 2008 741 2062 scientem
772 2008 827 2060 in
858 2021 1046 2060 casum
1072 2013 1258 2075 agant,
1290 2003 1358 2058 de
1390 2002 1648 2057 convitiis
1677 2019 1809 2058 vero
1832 1985 2063 2057 surdum

478 2109 734 2169 tanquam
761 2099 828 2152 de
859 2097 1135 2160 laudibus,
1168 2095 1444 2149 interdum
1464 2095 1645 2150 ridere
1669 2095 2060 2165 persuadeant,

477 2206 640 2260 quem
666 2192 988 2260 plerumque
1014 2188 1069 2242 in
1099 2186 1267 2240 rebus
1291 2187 1588 2256 praecipuis
1617 2184 1837 2240 feriunt.
1872 2185 2061 2255 Igitur,

478 2284 522 2338 si
541 2284 667 2352 quis
686 2284 801 2337 hzec
823 2282 1001 2337 facere
1024 2279 1322 2341 studuerit,
1349 2279 1565 2333 occulta
1589 2277 1812 2348 quidem
1837 2277 1890 2330 in
1915 2285 2065 2330 utro-

478 2389 586 2443 que
610 2375 717 2428 erit
745 2374 865 2444 ejus
886 2371 1230 2442 malignitas;
1259 2370 1481 2424 saevitia:
1504 2384 1634 2422 vero
1660 2377 1716 2422 ct
1750 2366 2064 2422 inhumani-

481 2468 610 2521 tatis
636 2467 884 2520 maximae
907 2465 1118 2519 crimen
1143 2462 1291 2517 haud
1316 2476 1557 2531 unquam
1589 2460 1834 2530 effugiet.

551 2558 748 2612 PALL.
785 2557 988 2612 Verum
1023 2564 1128 2610 est.

553 2650 710 2705 CYR.
739 2649 876 2704 Nam
905 2655 1146 2702 veterem
1175 2659 1393 2715 quoque
1420 2645 1616 2714 legem,
1647 2643 1788 2696 inter
1811 2657 1911 2696 nos
1939 2657 2064 2696 mu-

482 2751 578 2798 tuo
599 2743 846 2814 diligere,
865 2749 922 2796 et
949 2737 1334 2794 misericordes
1363 2752 1483 2792 esse
1503 2737 1662 2799 velle,
1681 2734 1839 2790 facile
1863 2735 2062 2800 disces,

482 2833 528 2888 si
548 2832 696 2887 illius
713 2831 880 2887 verba
907 2830 1118 2893 audies,
1143 2828 1400 2893 dicentis,
1425 2843 1574 2882 nunc
1592 2827 1814 2898 quidem
1842 2844 1854 2879 :
1881 2846 1899 2878 ‹
1926 2827 2066 2897 Ape-

483 2924 678 2979 riendo
709 2924 924 2994 aperies
960 2922 1175 2978 viscera
1221 2929 1313 2975 tua
1345 2935 1509 2990 super
1554 2919 1830 2991 indigente
1895 2919 2067 2973 fratre

483 3015 577 3085 qui
596 3015 750 3072 estin
777 3025 830 3070 te
854 3015 1000 3081 “-“;
1026 3033 1044 3066 ›
1073 3028 1366 3068 nuncvero
1395 3032 1408 3066 :
1437 3011 1540 3066 «Et
1559 3011 1824 3067 advenam
1848 3027 1957 3066 non
1981 3009 2064 3065 af-

2169 1919 2265 1988 μέν
2307 1919 2398 1989 τὸν
2432 1917 2631 1987 τυφλὸν
2663 1919 2762 1970 ούκ
2803 1918 2982 1970 εἰδότα
3013 1915 3388 1986 συντρίϐοντες
3412 1957 3426 1980 ,
3457 1915 3747 1988 λοιδορίαις

2163 2009 2219 2062 δὲ
2253 2009 2345 2062 τὸν
2384 2009 2589 2077 κωφὸν,
2617 2008 2691 2072 ὡς
2733 2008 2819 2062 ἐπ’
2844 2007 3168 2078 εὐφημίαις,
3219 2007 3329 2060 ἔσθ’
3359 2008 3448 2060 ὅτε
3491 2007 3587 2061 καὶ
3629 2024 3749 2077 μει-

2164 2102 2280 2172 διᾷν
2307 2101 2693 2162 ἀναπείθοντες
2714 2141 2727 2165 ,
2768 2098 3093 2170 πλήττοντές
3126 2115 3189 2166 γε
3233 2098 3338 2169 μὴν
3377 2099 3470 2151 καὶ
3497 2100 3577 2162 είς
3607 2097 3749 2153 αύτὰ

2169 2208 2269 2242 που
2310 2191 2573 2253 πολλάκις
2625 2193 2695 2243 τὰ
2737 2189 3101 2261 καιριώτατα.
3132 2189 3343 2242 Οὐκοῦν
3387 2190 3745 2260 κεκρυμμένη

2171 2284 2290 2353 μὲν,
2326 2282 2487 2352 εἴπερ
2515 2281 2692 2334 ἐλοιτό
2730 2299 2812 2344 τις
2833 2325 2847 2346 ,
2893 2285 2925 2352 ἡ
2957 2283 3042 2334 ἐπ’
3074 2283 3278 2352 ἀμφοῖν
3304 2279 3370 2333 ἂν
3404 2282 3612 2348 γένοιτο
3645 2298 3747 2334 κα-

2167 2374 2400 2445 κουργία
2425 2415 2438 2440 ,
2470 2373 2838 2444 σκληρότητος
2870 2374 2924 2426 δέ
2958 2374 3051 2427 καὶ
3079 2375 3178 2443 τῆς
3210 2373 3349 2442 ἀγαν
3391 2370 3747 2443 μισαλληλίας

2165 2469 2265 2520 οὐκ
2293 2467 2358 2520 ἂν
2381 2466 2692 2537 διεξοίχοιτο
2721 2468 2958 2538 γραφήν.

2240 2559 2446 2612 ΠΛΛΛ.
2496 2559 2737 2628 Ἀληθές.

2239 2649 2402 2705 ΚΥΡ.
2438 2650 2798 2719 Φιλαλλήλους
2846 2649 2953 2719 γάρ
2993 2649 3076 2702 ὅτι
3119 2649 3215 2704 καὶ
3262 2647 3744 2719 φιλοικτίρμονας,

2169 2742 2263 2794 καὶ
2299 2741 2360 2794 τὸ
2393 2741 2617 2812 ἀρχαῖον
2644 2742 2793 2812 ἡμᾶς
2832 2741 3123 2811 καθίστησι
3161 2739 3458 2809 θέσπισμα,
3500 2739 3634 2809 ῥᾷον
3679 2737 3748 2791 ἂν

2172 2833 2362 2906 μάθοις
2401 2833 2607 2886 ἐπαΐων
2661 2831 2940 2901 λέγοντος,
2996 2833 3084 2885 ότέ
3137 2832 3256 2902 μὲν,
3305 2831 3386 2885 ὅτι
3427 2849 3444 2883 ι
3491 2830 3749 2899 Ἀνοίγων

2169 2925 2403 2990 ἀνοίξεις
2433 2926 2500 2980 τὰ
2543 2924 2830 2994 σπλάγχνα
2885 2941 2977 2977 σου
3028 2923 3105 2991 τῷ
3147 2923 3359 2994 ἀδελφῷ
3391 2940 3483 2978 σου
3514 2919 3592 2992 τῷ
3626 2921 3750 2973 ἐπι-

2169 3017 2408 3090 δεομένῳ
2431 3019 2490 3071 ἐν
2509 3018 2590 3070 σοί
2614 3031 2625 3044 '
2656 3036 2674 3067 ι
2701 3016 2788 3068 ὁτὲ
2816 3015 2870 3068 δὲ
2900 3011 2989 3078 αὖ,
3028 3037 3045 3067 ι
3075 3017 3185 3069 Καὶ
3208 3014 3546 3086 προσήλυτον
3567 3012 3629 3065 ού
3649 3029 3750 3064 κα-

484 3107 703 3180 ﬂigetis,
736 3122 914 3176 neque
936 3105 1259 3176 opprimetis
1287 3119 1448 3170 eum;
1477 3104 1647 3158 eratis
1671 3106 1817 3158 enim
1843 3103 2066 3157 advena

2172 3109 2401 3172 κώσετε,
2437 3110 2559 3164 οὐδὲ
2593 3109 2668 3181 μὴ
2699 3108 2914 3179 θλίψετε
2940 3108 3120 3161 αὐτόν’
3152 3103 3250 3179 ἦτε
3280 3108 3389 3178 γάρ
3420 3103 3749 3177 προσήλυτοι

485 3202 539 3256 in
580 3209 729 3255 terra
767 3198 1003 3270 Egypti.
1031 3197 1262 3253 Omnem
1295 3196 1514 3250 viduam
1554 3203 1610 3249 et
1647 3194 1918 3266 pupillum
1957 3209 2066 3248 non

2173 3203 2230 3254 ἐν
2258 3205 2329 3273 γῇ
2355 3199 2491 3269 Αίγύ
2503 3217 2655 3254 πτου.
2691 3201 2876 3254 Πᾶσαν
2905 3201 3079 3271 χῆραν
3113 3199 3209 3252 καὶ
3229 3199 3462 3269 ὀρφανὸν
3482 3197 3542 3250 ού
3563 3194 3748 3249 κακώ-

485 3292 736 3364 amigetis
767 3309 780 3346 :
806 3291 952 3361 quod
976 3291 1022 3345 si
1049 3288 1338 3359 aﬂligendo
1359 3286 1662 3341 alllixeritis
1684 3285 1852 3355 ipsos,
1878 3293 1935 3340 et
1958 3285 2070 3339 cla-

487 3392 700 3439 mantes
729 3380 1088 3437 clamaverint
1121 3380 1188 3434 ad
1220 3394 1330 3444 me,
1382 3377 1576 3432 auditu
1622 3377 1840 3432 audiam
1880 3391 2071 3432 vocem

485 3490 677 3531 eorum
710 3480 767 3528 et
800 3473 1005 3526 irascar
1047 3471 1149 3534 ira,
1191 3478 1247 3525 et
1289 3466 1616 3526 interﬁciam
1653 3483 1751 3522 vos
1791 3465 1992 3537 gladio,
2019 3472 2075 3520 et

487 3573 654 3621 erunt
692 3578 897 3619 uxores
936 3568 1135 3617 vestrae
1175 3559 1387 3626 viduae,
1413 3566 1470 3615 et
1513 3558 1613 3613 ﬁlii
1645 3557 1816 3613 vestri
1857 3555 2070 3628 pupilli.

488 3656 644 3725 Quod
672 3657 716 3712 si
741 3666 1026 3727 argentum
1048 3652 1387 3708 mutuavcris
1409 3651 1569 3706 fratri
1588 3660 1683 3704 tuo
1705 3650 1955 3720 pauperi,
1978 3650 2075 3721 qui

489 3757 576 3804 est
605 3748 748 3818 apud
795 3755 868 3810 te,
900 3762 1011 3802 non
1054 3744 1278 3816 urgebis
1321 3759 1469 3818 eum,
1511 3757 1694 3812 neque
1736 3743 1986 3811 impones
2021 3743 2072 3796 ei

491 3852 718 3891 usuram
745 3853 760 3890 :
787 3835 934 3906 quod
975 3835 1020 3890 si
1063 3833 1401 3906 pignerando
1432 3831 1750 3902 pigneratus
1781 3831 1952 3886 fueris
1979 3846 2074 3886 ve-

491 3936 628 3984 stem
659 3927 894 3998 proximi
925 3927 1026 3992 tui,
1062 3934 1190 3979 ante
1234 3923 1369 3978 solis
1404 3937 1660 3978 occasum
1701 3922 1900 3978 reddes
1925 3923 2026 3993 ipsi
2059 3942 2072 3977 :

492 4019 583 4074 hic
604 4020 752 4076 enim
778 4027 864 4075 est
884 4019 1118 4075 amictus
1141 4015 1314 4088 ipsius
1345 4015 1544 4079 solum,
1569 4013 1676 4070 hoc
1699 4022 2076 4086 tegumentum

493 4113 852 4184 turpitudinis
882 4113 1022 4184 ejus,
1063 4111 1121 4164 in
1154 4124 1264 4182 quo
1290 4107 1561 4164 dormiet?
1593 4106 1650 4162 Si
1681 4107 1848 4180 igitur
1871 4109 2075 4167 clama-

490 4206 632 4261 verit
646 4206 714 4260 ad
731 4221 839 4270 me,
854 4203 1143 4260 exaudiam
1161 4215 1288 4258 eum
1305 4218 1318 4268 ;
1337 4200 1654 4256 misericors
1667 4201 1814 4256 enim
1832 4217 1954 4272 sum
1975 4201 2036 4255 “.
2050 4221 2068 4253 ι

496 4297 662 4353 Audis
685 4313 792 4368 qua
817 4297 1052 4362 ratione,
1081 4309 1207 4350 cum
1230 4281 1607 4364 proposuisset
1630 4292 1845 4350 dulcem
1874 4301 2078 4348 mutuae

493 4384 889 4440 benevolentiae
923 4383 1292 4452 disciplinam,
1335 4381 1562 4451 insuper
1594 4380 1733 4436 iram
1761 4389 1926 4451 atque
1951 4383 2076 4437 vin-

493 4476 697 4530 dictam
719 4482 804 4529 est
833 4474 1217 4538 comminatus,
1251 4481 1309 4527 et
1344 4473 1413 4528 iis
1452 4471 1549 4542 qui
1571 4471 1870 4528 vindictam
1900 4472 2071 4536 illam,

493 4566 599 4620 nisi
630 4563 1027 4619 misericordiae
1067 4564 1123 4617 in
1160 4562 1359 4617 fratres
1395 4562 1640 4617 studium
1680 4561 2072 4632 impenderint,

494 4653 730 4710 subituri
753 4660 899 4715 sunt,
923 4651 1160 4721 benigne
1182 4651 1580 4721 propemodum
1615 4665 1838 4704 causam
1861 4651 2076 4709 reddit?

493 4741 635 4816 Quia
664 4743 954 4814 benignus,
991 4743 1265 4813 inquiens,
1310 4757 1465 4808 sum;
1513 4741 1567 4796 id
1610 4749 1714 4804 est,
1758 4757 1884 4797 cum
1916 4743 2074 4799 beni-

496 4854 634 4910 gnus
653 4843 849 4891 natura
873 4835 999 4901 sim,
1021 4843 1077 4890 et
1098 4832 1429 4898 misericors,
1452 4841 1643 4904 utpote
1662 4833 1757 4904 qui
1781 4834 1927 4891 Deus
1949 4837 2071 4904 sim,

494 4931 760 5003 accipiam
790 4930 1014 4985 omnino
1035 4928 1215 4983 vexati
1237 4925 1475 4981 hominis
1501 4927 1818 4995 clamorem,
1851 4937 1906 4984 et
1941 4947 2075 4987 con-

499 5025 650 5079 tinuo
673 5020 978 5078 miserebor
999 5020 1365 5089 lacrymarum
1385 5031 1576 5072 eorum
1625 5019 1718 5090 qui
1743 5023 2078 5092 paupertatis

498 5117 642 5172 mole
667 5123 1014 5186 premuntur.
1034 5109 1288 5166 Cavenda
1312 5117 1396 5163 est
1426 5109 1593 5180 igitur
1610 5114 1867 5183 pauperis
1883 5115 2079 5170 advel».

501 5223 594 5261 sus
609 5221 710 5260 nos
731 5202 1069 5258 vociferatio.
1100 5202 1231 5256 Esse
1255 5208 1439 5255 autem
1464 5201 1530 5255 ad
1558 5203 2076 5274 communicandum

501 5297 690 5352 faciles
734 5301 1021 5364 oportere,
1062 5301 1118 5348 et
1164 5292 1488 5347 cbaritatem
1532 5293 1585 5347 in
1623 5310 1892 5364 pauperes
1931 5310 2079 5349 sum-

504 5403 595 5442 mo
652 5383 836 5440 studio
898 5384 1330 5455 amplectendam
1378 5392 1607 5454 putare,
1647 5385 1820 5440 suasit
1886 5402 2079 5441 rursus

503 5479 562 5534 in
589 5477 1040 5542 Deuteronomio,
1077 5477 1267 5532 dicens
1295 5493 1308 5530 :
1355 5495 1373 5526 ι
1406 5477 1525 5532 Non
1558 5475 1837 5531 fraudabis
1870 5492 2081 5532 merce-

503 5570 629 5627 dem
649 5569 902 5640 pauperis
931 5579 1025 5626 aut
1048 5568 1345 5641 indigentis
1372 5585 1440 5624 ex
1468 5569 1732 5624 fratribus
1757 5569 1918 5638 272
1947 5570 2075 5636 tuis,

585 5751 628 5783 ¹⁰
660 5750 770 5805 Jac.
804 5766 873 5814 iv,
913 5751 995 5805 Η.

2176 3311 2298 3346 σετε
2323 3311 2336 3323 ·
2367 3292 2531 3347 ἐὰνδὲ
2557 3292 2727 3364 κακίᾳ
2754 3289 3044 3361 κακώσητε
3068 3289 3264 3353 αὐτοὺς
3288 3332 3302 3356 ,
3336 3290 3430 3343 καὶ
3453 3287 3752 3360 κράξαντες

2173 3381 2556 3452 καταϐοήσωσι
2587 3380 2722 3451 πρὸς
2753 3381 2841 3450 μέ,
2869 3381 3006 3451 ἀκοῇ
3036 3379 3538 3450 είσακούσομαιτῆς
3565 3376 3749 3446 φωνῆς

2172 3473 2383 3538 αὐτῶν,
2447 3471 2541 3525 καὶ
2592 3471 3002 3542 ὁργισθήσομαι
3055 3472 3247 3544 θυμῷ,
3298 3473 3393 3525 καὶ
3453 3466 3741 3524 ἀποκτενῶ

2174 3566 2318 3637 ὑμᾶς
2359 3564 2607 3636 μαχαίρᾳ
2624 3606 2637 3629 ,
2658 3565 2751 3618 καὶ
2778 3563 2994 3619 ἔσονται
3021 3565 3074 3618 αί
3101 3567 3360 3633 γυναῖκες
3383 3563 3536 3633 ὑμῶν
3558 3562 3748 3631 χῆραι,

2174 3660 2268 3712 καὶ
2292 3657 2360 3711 τά
2380 3656 2569 3710 παιδία
2605 3655 2761 3726 ὑμῶν
2789 3657 3019 3728 ὀρφανά.
3062 3656 3188 3710 Ἐὰν
3217 3655 3273 3708 δὲ
3298 3654 3558 3726 ἀργύριον
3589 3652 3753 3706 ἐκδα-

2174 3750 2358 3821 νείσῃς
2388 3748 2466 3820 τῷ
2510 3747 2728 3820 ἀδελφῷ
2766 3765 2879 3801 »σου
2928 3747 3171 3818 πενιχρῷ
3208 3746 3285 3818 τῷ
3319 3747 3470 3817 παρά
3502 3747 3613 3810 σοὶ,
3652 3745 3753 3798 ούκ

2173 3841 2271 3913 ἔσῃ
2313 3839 2475 3895 αὐτὸν
2512 3840 2882 3908 κατεπείγων,
2914 3839 3034 3894 οὐδὲ
3069 3839 3350 3909 ἐπιθήσεις
3377 3829 3526 3908 αύτῷ
3563 3836 3751 3894 τόκον·

2175 3933 2272 3986 ἐὰν
2305 3932 2361 3985 δὲ
2405 3930 2754 4003 ἐνεχύρασμα
2783 3929 3120 4000 ἐνεχυράσῃς
3144 3929 3206 3983 τὸ
3232 3929 3446 3998 ἱμάτιον
3490 3927 3584 3981 τοῦ
3617 3925 3754 3997 πλη-

2177 4023 2292 4077 σίον
2332 4041 2447 4089 σου,
2489 4023 2594 4095 πρὸ
2620 4021 2840 4094 δυσμῶν
2868 4023 3020 4093 ἡλίου
3056 4021 3356 4084 ἀποδώσεις
3391 4018 3561 4090 αὐτῷ.
3595 4019 3753 4072 Ἐστι

2174 4115 2285 4183 γάρ
2305 4111 2462 4166 τοῦτο
2494 4111 2839 4183 περιϐόλαιον
2863 4109 3026 4164 αὐτοῦ
3059 4109 3238 4180 μόνον,
3265 4109 3424 4164 τοῦτο
3448 4108 3510 4162 τὺ
3539 4097 3754 4179 ἱμάτιον

2177 4200 2565 4274 ἀσχημοσύνης
2604 4199 2799 4253 αὐτοῦ·
2838 4202 2896 4254 ἐν
2925 4200 3029 4254 τίνι
3054 4199 3490 4270 κοιμηθήσεται;
3526 4197 3620 4251 ἐὰν
3661 4194 3756 4252 οὖν

2176 4293 2492 4365 καταϐοήσῃ
2534 4292 2672 4365 πρός
2712 4309 2800 4364 με,
2836 4291 3227 4365 εἰσακούσομαι
3276 4287 3440 4345 αὐτοῦ
3462 4307 3477 4322 ·
3509 4292 3756 4363 ἐλεήμων

2176 4385 2286 4456 γάρ
2312 4387 2447 4454 εἰμι.
2489 4402 2509 4437 ι
2551 4383 2794 4447 Ἀκούεις
2816 4383 2964 4447 ὅπως
2991 4383 3052 4436 τὸ
3076 4383 3248 4452 γλυκὺ
3278 4383 3379 4453 τῆς
3404 4381 3757 4454 φιλαλληλίας

2106 4507 2152 4566 D
2182 4476 2414 4549 μάθημα
2439 4474 2735 4566 προτιθεῖς,
2769 4474 3176 4545 προσηπείλησε
3207 4473 3306 4546 τὴν
3341 4475 3537 4545 ὀργήν;
3565 4489 3756 4546 μονον-

2180 4568 2302 4638 ουχὶ
2330 4566 2387 4620 δὲ
2437 4566 2532 4619 καὶ
2558 4564 2908 4634 ἀπολογεῖται
2959 4563 3210 4635 χρηστῶς
3239 4566 3351 4627 τοῖς
3406 4562 3574 4634 αὐτὴν
3622 4563 3757 4616 ὑπο-

2184 4660 2366 4728 μεῖναι
2397 4655 2704 4728 μέλλουσιν,
2732 4654 2779 4706 εί
2816 4653 2889 4724 μὴ
2918 4656 3154 4707 ποιοῖντο
3180 4652 3268 4707 διά
3296 4646 3538 4724 σπουδῆς
3551 4654 3651 4724 τὴν
3678 4654 3757 4717 είς

2181 4748 2442 4817 ἀδελφοὺς
2471 4744 2910 4814 εὐσπλαγχνίαν;
2957 4743 3237 4815 Ἐλεήμων
3275 4743 3385 4815 γάρ
3413 4747 3550 4815 εἰμι,
3584 4743 3716 4815 φησὶ
3739 4781 3756 4806 ,

2181 4839 2484 4900 τουτέστιν,
2513 4835 2718 4905 ἀγαθὸς
2747 4835 2825 4890 ὢν
2847 4835 2987 4890 κατά
3024 4835 3206 4905 φύσιν,
3241 4836 3336 4889 καὶ
3356 4835 3658 4906 οἰκτίρμων
3682 4834 3757 4898 ὼς

2183 4932 2337 4994 Θεὸς,
2378 4928 2744 5001 προσδέξομαι
2788 4927 3005 4998 πάντως
3038 4927 3138 4999 τὴν
3165 4926 3261 4981 τοῦ
3293 4927 3560 4991 παθόντος·
3589 4943 3760 4979 κατα-

2183 5023 2335 5095 ϐοὴν,
2361 5022 2457 5076 καὶ
2493 5021 2702 5091 ἐλεὴσω
2733 5019 3040 5092 προχείρως
3066 5019 3176 5073 τῶν
3205 5020 3272 5090 τῇ
3304 5018 3464 5089 πενίᾳ
3503 5016 3763 5087 κατηχθι-

2188 5113 2403 5184 σμένων
2428 5110 2489 5163 τὸ
2517 5108 2772 5181 δάκρυον.
2799 5107 3178 5179 Παραιτητέον
3203 5103 3295 5161 οὖν
3327 5107 3434 5178 ἀρα
3468 5105 3560 5159 τοῦ
3595 5106 3762 5176 πένη-

2182 5195 2274 5268 τος
2297 5203 2394 5275 τὴν
2421 5203 2785 5275 κατάῤῥησιν.
2823 5201 2947 5254 ’Ότι
2977 5200 3088 5270 γὰρ
3110 5195 3252 5252 εἶναι
3279 5199 3549 5270 προσήκει
3573 5214 3763 5250 κοινω-

2186 5297 2390 5361 νικοὺς,
2425 5295 2521 5348 καὶ
2559 5293 2800 5363 σπουδῆς
2825 5291 3012 5356 ἀξιοῦν
3039 5292 3143 5362 τῆς
3168 5289 3635 5362 προύργιαιτάτης
3663 5286 3764 5358 τὴν

2187 5386 2573 5458 φιλοπτωχίαν,
2613 5383 3029 5453 ἐκδεδυσώπηκε
3052 5383 3214 5452 πάλιν
3253 5383 3311 5434 ὲν
3343 5380 3420 5452 τῷ
3446 5383 3768 5452 Δευτερονσ-

2191 5479 2319 5550 μίῳ,
2347 5477 2542 5546 λέγων,
2577 5495 2595 5528 ι
2620 5476 2735 5530 Οὐκ
2769 5475 3171 5545 ἀποστερήσεις
3206 5473 3397 5544 μισθὸν
3439 5473 3696 5540 πένητος,
3730 5469 3765 5538 ἢ

2189 5568 2401 5632 ἐνδεοῦς
2427 5570 2490 5622 ἐκ
2519 5567 2626 5622 τῶν
2655 5567 2897 5638 ἀδελφῶν
2929 5586 3046 5636 σου,
3083 5567 3114 5638 ἦ
3155 5569 3218 5621 ἐκ
3256 5565 3364 5620 τῶν
3411 5560 3769 5638 προσηλύτων

1082 5754 1192 5784 ¹¹¹¹²
1247 5753 1402 5807 Deut.
1442 5767 1528 5815 xv,
1560 5751 1609 5802 7.
1689 5749 1731 5783 ’³
1764 5749 1932 5806 Exod.
1972 5766 2096 5817 xx",
2145 5749 2328 5804 ﬁll-27.
