4118 6430
388 387 498 443 565

1105 387 1194 443 DE
1233 385 1679 446 ADORATIONE
1720 388 1786 443 ΙΝ
1829 383 2099 442 SPlRlTU
2142 383 2229 438 ET
2274 381 2644 439 VERITATE.
2687 381 2815 435 LIB.
2861 381 2992 436 V‘lll.

3597 381 3701 437 566

385 503 500 560 τῶν
530 505 589 556 ἐν
619 506 739 568 ταῖς
771 503 962 558 πόλεσι
989 521 1105 569 σου,
1135 505 1504 578 αὑθημερινὺν
1535 505 1840 569 ἀποδώσεις
1878 507 1970 561 τὸν
2004 543 2012 564 Α

2116 503 2160 556 el
2174 517 2242 557 ex
2257 501 2485 557 advenis
2497 501 2592 571 qui
2610 508 2740 556 sunt
2771 499 2825 554 in
2846 498 3080 554 urbibus
3099 498 3236 563 tuis;
3255 498 3448 552 eodem
3477 498 3566 554 die
3583 500 3704 554 red"-

391 590 592 664 μισθὸν
621 591 811 646 αὑτοῦ.
844 592 958 646 Ούκ
983 592 1300 648 ὲπιδύσεται
1327 596 1354 648 ὁ
1383 597 1538 666 ἦλιος
1575 597 1663 651 ἐπ’
1696 597 1878 668 αὐτῷ,
1907 601 1988 655 ὅτι

2116 593 2194 649 les
2209 592 2520 648 mercedem
2535 592 2706 662 ipsius
2721 610 2736 658 ;
2752 606 2864 646 non
2877 589 3093 646 occidet
3108 589 3188 644 sol
3206 604 3374 659 super
3388 589 3560 654 illam,
3575 591 3704 660 quia

390 683 568 756 πένης
609 684 764 749 ἐστὶ,
795 685 891 739 καὶ
932 686 1020 739 ἐπ’
1067 686 1216 758 αὐτῷ
1258 687 1373 759 ἔχει
1412 689 1514 760 τὴν
1544 689 1764 744 ἐλπίδα·
1802 692 1898 744 καὶ
1928 694 1988 746 οὐ

392 776 800 848 καταϐοήσεται
823 777 968 832 κατὰ
995 778 1091 832 σοῦ
1127 780 1268 851 πρὸς
1297 780 1528 854 Κύριον,
1567 784 1663 837 καὶ
1701 785 1804 837 οὐκ
1837 785 1990 840 ἔσται

391 871 453 924 ὲν
487 871 571 924 σοὶ
593 872 896 942 ἁμαρτία.)
929 872 1129 944 Συνίης
1152 871 1247 929 οὖν
1276 875 1359 928 ὅτι
1391 874 1485 928 τοῦ
1513 875 1748 946 πένητος
1774 877 1872 949 τὴν
1898 897 1994 932 κα-

391 963 607 1036 ταϐοὴν
633 965 1006 1036 κατορρωδεῖν
1039 967 1347 1032 ἀναπείθει,
1375 967 1721 1024 συνελαύνων
1752 972 1834 1034 εἰς
1865 972 1991 1041 φιλ-

392 1057 696 1128 αλληλίαν;
725 1059 824 1114 καὶ
854 1061 886 1130 ἡ
920 1059 1022 1130 μὲν
1071 1059 1168 1116 νέα
1192 1077 1252 1113 τε
1284 1061 1378 1115 καὶ
1401 1060 1492 1115 διὰ
1515 1061 1754 1132 Χριστοῦ
1780 1064 1820 1117 Γ
1827 1081 1934 1135 ραφ
1946 1065 1994 1136 ὴ,

390 1151 459 1205 τὸ
479 1151 705 1216 τελείως
727 1151 935 1220 ἀγαθὸν
965 1153 1317 1226 εἰσφέρουσα,
1347 1172 1366 1205 ι
1391 1153 1694 1225 Πωλήσατε
1723 1155 1794 1209 τὰ
1821 1156 1996 1227 ὑπάρ-

393 1259 587 1322 χοντα,
617 1243 784 1315 φησὶ,
811 1245 908 1298 καὶ
944 1245 1066 1299 δότε
1100 1245 1496 1316 ἐλεημοσύνην,
1539 1247 1637 1301 καὶ
1670 1247 1781 1300 ἰδοὺ
1820 1249 2000 1303 πάντα

397 1335 562 1390 εὔοδα
592 1339 668 1407 (1)
701 1340 832 1408 ὑμῖν
863 1338 1047 1393 ἔσται’
1077 1359 1094 1391 ι
1125 1339 1154 1392 ὃ
1175 1339 1238 1410 δὴ
1259 1339 1355 1393 καὶ
1372 1340 1668 1412 δεδράκασι
1696 1340 1805 1394 τῶν
1837 1359 2001 1394 πεπι-

401 1431 712 1484 στευκότων
749 1432 914 1496 τινές.
953 1451 970 1484 ι
1000 1431 1412 1503 Προσεκόμιζον
1439 1433 1548 1504 γὰρ
1581 1433 1800 1506 χωρίων
1821 1451 1880 1486 τε
1907 1435 2001 1488 καὶ

397 1522 612 1576 οἰκιῶν
639 1522 841 1594 τιμὰς,
877 1525 972 1578 καὶ
1015 1524 1270 1578 ἐτίθεσαν
1316 1525 1474 1597 παρά
1517 1525 1649 1588 τοὺς
1692 1525 1863 1586 πόδας
1895 1525 2002 1580 τῶν

398 1615 722 1670 ἀποστόλων
749 1655 763 1682 ,
818 1617 1075 1671 διεδίδοτο
1121 1617 1177 1672 δὲ
1242 1619 1463 1689 ἑκάστῳ
1493 1658 1507 1682 ,
1546 1618 1736 1672 καθότι
1796 1617 1860 1671 ἄν
1921 1635 2006 1680 τις

397 1707 595 1779 χρείαν
623 1704 824 1779 εἶχεν.»
867 1710 1088 1781 Ἐπειδὴ
1109 1711 1164 1764 δὲ
1203 1711 1556 1781 στοιχειωτής
1590 1712 1741 1764 ἐστιν
1763 1713 1791 1765 ὀ
1819 1712 2002 1781 νόμος,

397 1799 498 1852 καὶ
538 1800 618 1862 είς
652 1799 830 1870 ἀρχὰς
857 1800 1128 1870 ἀποφέρει
1166 1799 1276 1852 τῷν
1313 1799 1513 1868 λογίων
1546 1799 1640 1853 τοῦ
1675 1799 1834 1863 Θεοῦ,
1867 1817 2001 1872 προ-

401 1889 703 1961 μελέτησιν
731 1890 924 1962 ὥσπερ
957 1891 1078 1944 τινὰ
1114 1891 1216 1961 τῆς
1258 1893 1338 1954 είς
1384 1890 1572 1944 τοῦτον
1605 1892 1795 1963 τρίϐου
1829 1894 1994 1945 ποιεῖ-

401 1983 538 2036 σθαι
567 1983 897 2054 προστάττει
926 1985 988 2037 τὸ
1012 1984 1090 2048 ὡς
1123 1986 1180 2037 ὲν
1216 1983 1418 2052 ὀλίγοις
1445 1983 1698 2053 ἄφθονον,
1728 1983 1816 2038 διὰ
1845 1984 2005 2038 τοῦτό

287 2097 294 2104 -
400 2089 572 2142 φησιν
595 2090 608 2104 ·
639 2092 658 2125 ι
685 2072 812 2128 Ἐὰν
839 2075 895 2127 δὲ
916 2075 1137 2146 ἀμήσῃς
1166 2075 1377 2145 ἀμητόν
1402 2091 1496 2127 σου
1520 2077 1576 2128 ὲν
1610 2073 1686 2144 τῷ
1701 2075 1860 2146 ἀγρῷ
1887 2092 2003 2141 σου,

400 2165 501 2219 καὶ
531 2164 767 2236 ὲπιλάθῃ
794 2165 1012 2236 δράχμα
1049 2169 1106 2218 ὲν
1138 2165 1216 2236 τῷ
1255 2166 1411 2238 ἀγρῷ
1445 2183 1561 2231 σου,
1594 2167 1694 2220 οὐκ
1726 2168 2003 2238 ἀναστρα-

401 2258 557 2327 φὴσῃ
599 2255 784 2310 λαϐεῖν
813 2256 968 2310 αὑτό·
1016 2257 1094 2328 τῷ
1143 2257 1365 2328 πτωχῷ,
1420 2259 1513 2312 καὶ
1557 2257 1637 2329 τῷ
1681 2259 2007 2330 προσηλύτῳ

403 2350 504 2404 καὶ
541 2349 620 2422 τῷ
651 2350 876 2422 ὀρφανῷ
909 2351 1005 2405 καὶ
1035 2355 1101 2424 τῇ
1134 2354 1279 2423 χήρᾳ
1307 2351 1482 2416 ἔσται,
1519 2353 1607 2405 ἵνα
1642 2353 1916 2426 εὐλογήσῃ
1948 2370 2008 2405 σε

404 2441 617 2514 Κύριος
641 2445 670 2496 ὀ
707 2443 840 2507 Θεός
875 2461 969 2497 σου
1010 2445 1068 2496 ὲν
1103 2445 1236 2498 πᾶσι
1273 2447 1388 2508 τοῖς
1427 2445 1612 2517 ἔργοις
1645 2445 1754 2499 τῶν
1807 2445 2009 2516 χειρῶν

409 2549 526 2586 σουο
561 2533 660 2586 ἐὰν
684 2533 741 2587 δὲ
769 2533 1084 2605 ἑλαιολογῇς
1115 2534 1193 2606 (2)
1244 2535 1345 2588 οὐκ
1376 2535 1814 2607 ὲπαναστρέῲεις
1841 2536 2011 2590 καλα-

411 2623 698 2694 μήσασθαι
751 2625 820 2679 τά
863 2626 1041 2680 ὀπίσω
1084 2643 1200 2692 σου,
1264 2626 1343 2697 τῷ
1409 2627 1738 2700 προσηλύτῳ
1786 2629 1882 2681 καὶ
1933 2627 2011 2698 τῷ

405 2717 632 2787 ὀρφανῷ
664 2719 758 2771 καὶ
779 2721 843 2790 τῇ
873 2720 1019 2790 χήρᾳ
1045 2719 1221 2786 ἔσται,
1251 2719 1344 2774 καὶ
1373 2720 1664 2792 μνησθήσῃ
1689 2723 1770 2774 ὅτι
1793 2709 2012 2791 οἰκέτης

407 2800 556 2876 ἦσθα
590 2807 648 2858 ὲν
683 2809 754 2877 γῇ
785 2807 1087 2877 Αἰγύπτου,
1122 2809 1210 2862 διὰ
1244 2809 1404 2862 τοῦτο
1435 2811 1546 2878 ἐγώ
1577 2827 1660 2864 σοι
1693 2811 2013 2882 ἐντέλλομαι

409 2896 589 2948 ποιεῖν
611 2895 672 2948 τὸ
695 2897 848 2968 ῥῆμα
864 2897 1044 2952 τοῦτο.
1072 2900 1199 2954 Ἐὰν
1218 2901 1276 2954 δὲ
1295 2902 1470 2973 τρυγή
1481 2918 1578 2974 σῃς
1600 2903 1690 2956 τὸν
1713 2903 2016 2974 ἀμπελῶνα

412 3003 530 3052 σου,
561 2988 664 3041 οὐκ
699 2989 1165 3064 ἐπανατρυγήσῃς
1214 2993 1376 3046 αὑτὸν
1424 2994 1494 3047 τά
1543 2995 1719 3049 ὀπίσω
1770 3014 1886 3062 σου,
1930 2997 2010 3066 τῷ

410 3079 747 3153 προσηλύτῳ
775 3084 871 3136 καὶ⁸
902 3083 982 3154 τῷ
1023 3085 1246 3156 ὀρφανῷ
1293 3088 1387 3139 καὶ
1419 3089 1486 3158 τῇ
1527 3088 1677 3159 χήρα
1713 3087 1888 3153 ἔσται,
1922 3093 2017 3144 καὶ

2096 701 2305 757 pauper
2315 695 2419 750 est,
2433 695 2489 740 et
2504 686 2558 740 in
2571 687 2662 740 illa
2676 686 2843 739 habet
2857 699 3008 754 spem
3025 701 3036 736 :
3052 691 3108 738 et
3121 698 3230 737 non
3243 681 3502 737 clamabit
3515 690 3707 736 contra

2099 786 2150 833 te
2164 778 2229 833 ad
2246 778 2568 843 Dominum;
2588 786 2770 833 etnon
2788 779 2896 832 erit
2911 776 2966 831 in
2987 785 3038 831 te
3056 784 3344 846 peccatum
3367 776 3432 829 ιδ.
3459 795 3476 827 ι
3503 774 3706 831 Intelli-

2095 872 2179 940 gis
2201 869 2367 940 igitur
2399 867 2864 940 quemadmodum
2884 869 2951 922 ad
2987 869 3434 924 benevolentiam
3454 884 3555 923 nos
3586 883 3707 922 mu-

2101 971 2250 1018 tuam
2292 962 2660 1032 compellens,
2709 960 2971 1031 pauperis
3013 961 3312 1015 clamorem
3344 961 3706 1015 extimescere

2100 1054 2364 1110 suadeat?
2382 1053 2462 1109 Ac
2488 1068 2628 1108 nova
2645 1053 2870 1122 quidem
2893 1052 3200 1123 Scriptura,
3221 1061 3277 1108 et
3304 1069 3405 1122 per
3421 1053 3705 1108 Christum

2100 1145 2324 1209 tradita,
2350 1143 2650 1214 perfectam
2677 1143 2941 1198 virtutem
2970 1142 3213 1198 inferens
3249 1161 3259 1194 :
3291 1160 3310 1192 ι
3340 1141 3596 1204 Venditc,
3618 1139 3706 1194 in-

2101 1239 2243 1308 quit,
2265 1252 2389 1307 qua:
2409 1234 2648 1299 habetis,
2673 1243 2729 1290 et
2749 1235 2873 1290 date
2897 1235 3335 1305 eleemosynam;
3360 1244 3416 1288 et
3440 1248 3568 1288 ecce
3592 1247 3709 1286 om-

2102 1329 2194 1386 nia
2217 1343 2482 1398 prospere
2504 1325 2705 1384 cedent
2725 1326 2885 1381 vobis
2914 1326 2977 1379 ".
3013 1345 3030 1378 ›
3062 1325 3220 1392 Quod
3252 1326 3432 1395 ipsum
3461 1324 3711 1384 fecerunt

2102 1420 2284 1485 exiis,
2323 1420 2419 1490 qui
2454 1418 2812 1475 crediderant
2836 1419 3091 1474 nonnulli
3121 1438 3134 1472 :
3170 1439 3187 1470 ι
3219 1418 3541 1473 Alferebant
3560 1417 3709 1472 enim

2104 1529 2364 1586 agrorum
2401 1520 2458 1567 et
2488 1512 2783 1568 domorum
2818 1513 3019 1583 pretia,
3048 1520 3106 1566 et
3135 1512 3416 1582 ponebant
3445 1511 3514 1565 ad
3545 1509 3713 1580 pedes

2103 1606 2481 1678 apostolorum
2503 1623 2515 1658 :
2536 1605 2976 1660 distribuebatur
3003 1612 3187 1660 autem
3209 1604 3528 1674 unicuique,
3548 1613 3716 1673 prout

2107 1699 2310 1770 cuique
2333 1715 2474 1769 opus
2497 1706 2620 1754 erat
2654 1699 2716 1752 ¹⁶.
2752 1718 2769 1750 ι
2802 1697 2931 1762 Sed,
2958 1698 3220 1768 quoniam
3242 1698 3327 1752 lex
3355 1695 3714 1753 elementaria

2111 1801 2216 1857 est,
2251 1800 2308 1847 et
2348 1793 2417 1847 ad
2448 1791 2605 1847 initia
2636 1791 2788 1848 ducit
2813 1807 3135 1847 sermonum
3169 1791 3288 1856 Dei,
3321 1791 3479 1862 jubet
3513 1801 3574 1844 ut
3614 1790 3718 1844 hac

2108 1883 2164 1939 in
2195 1884 2412 1954 exiguis
2437 1885 2607 1940 rebus
2631 1883 2988 1948 liberalitate,
3013 1883 3244 1953 perinde
3273 1898 3339 1937 ac
3357 1881 3558 1952 praevia
3584 1897 3720 1952 qua-

2107 1977 2234 2032 dam
2266 1977 2686 2040 exercitatione,
2715 1976 2972 2032 homines
3013 1984 3259 2040 utantur,
3303 1991 3413 2045 qua
3440 1975 3508 2030 ad
3534 1973 3718 2045 perfe-

2109 2069 2310 2126 ctionis
2342 2071 2463 2140 ejus
2489 2070 2741 2125 semitam
2777 2069 3252 2140 perducerentur;
3281 2077 3578 2138 propterea
3632 2067 3720 2120 in-

2109 2162 2231 2231 quit
2277 2180 2344 2216 :t
2393 2161 2454 2217 Si
2490 2162 2788 2217 messueris
2824 2176 3060 2217 messem
3115 2171 3265 2214 tuam
3311 2161 3368 2215 in
3406 2175 3539 2229 agro
3587 2169 3718 2222 tuo,

2111 2265 2167 2312 et
2200 2258 2427 2313 latuerit
2478 2265 2530 2312 te
2579 2257 2896 2327 manipulus
2937 2256 2994 2310 in
3042 2271 3174 2326 agro
3219 2264 3337 2317 tuo,
3378 2269 3490 2308 non
3527 2268 3720 2307 rever-

2112 2349 2246 2404 teris
2303 2349 2496 2404 tollere
2538 2348 2727 2413 illum;
2778 2347 3046 2418 pauperi,
3096 2355 3154 2400 et
3184 2346 3470 2415 orphano,
3521 2353 3577 2398 et
3621 2339 3721 2397 ad-

2112 2443 2298 2506 venae,
2361 2449 2419 2496 et
2475 2441 2656 2496 vidua:
2703 2440 2840 2506 erit;
2902 2447 2964 2493 ut
3017 2438 3311 2494 benedicat
3364 2445 3416 2492 te
3453 2436 3724 2492 Dominus

2113 2536 2260 2591 Deus
2292 2544 2421 2590 tuus
2451 2535 2507 2590 in
2539 2535 2805 2604 operibus
2827 2549 3092 2588 manuum
3123 2542 3373 2596 tuarum;
3399 2539 3476 2594 et,
3505 2530 3550 2585 si
3574 2531 3725 2586 oleas

2113 2626 2422 2696 collegeris,
2439 2642 2548 2680 non
2566 2623 2861 2679 reverteris
2877 2623 2944 2678 ad
2965 2623 3205 2692 reliquas
3235 2620 3573 2690 colligendas
3601 2633 3727 2691 qua:

2116 2728 2247 2774 sunt
2279 2726 2402 2788 post
2436 2726 2523 2783 te;
2558 2717 2802 2782 advenae,
2828 2725 2886 2771 et
2911 2715 3181 2786 orphano.
3208 2723 3265 2768 et
3293 2713 3475 2768 viduae
3514 2719 3722 2767 erunt:

2115 2817 2174 2863 et
2207 2808 2588 2864 recordaberis
2613 2807 2762 2878 quod
2786 2823 2981 2862 servus
3011 2805 3182 2860 fueris
3217 2805 3273 2860 in
3304 2814 3451 2860 terra
3465 2801 3722 2874 Egypti:

2119 2898 2245 2954 ideo
2276 2915 2378 2970 ego
2405 2899 2671 2970 praecipio
2705 2898 2899 2954 tibi.ut
2929 2897 3098 2954 facias
3132 2896 3365 2952 verbum
3410 2896 3534 2952 hoc.
3562 2897 3631 2950 Et
3679 2896 3724 2951 si

2118 2991 2549 3046 vindemiave-ris
2573 2991 2789 3046 vineam
2816 3000 2988 3054 tuam,
3018 3005 3130 3044 non
3153 2988 3589 3046 revindemiabis
3604 3003 3729 3058 quae

2119 3092 2251 3138 sunt
2276 3092 2401 3153 post
2425 3093 2476 3138 te
2494 3101 2507 3149 ;
2527 3083 2774 3148 advenae,
2790 3091 2845 3138 et
2862 3083 3134 3154 orphano,
3153 3091 3210 3137 et
3232 3081 3413 3136 vidua:
3433 3090 3602 3136 erunt
3628 3097 3642 3135 :
3670 3088 3730 3136 et

415 3171 710 3245 μνησθήσῃ
749 3174 832 3228 ὅτι
883 3175 1102 3248 οἰκέτης
1147 3172 1292 3248 ἦσθα
1347 3178 1404 3230 ὲν
1459 3181 1528 3249 γῇ
1583 3179 1865 3252 Αἰγύπτῳ.
1918 3181 2012 3234 Διά

2123 3175 2508 3232 recordaberis
2545 3175 2696 3246 quod
2735 3191 2931 3232 servus
2977 3174 3150 3230 fueris
3189 3174 3245 3228 in
3275 3180 3433 3228 terra
3461 3171 3680 3245 Aigypti
3710 3190 3724 3226 :

412 3264 708 3335 τοῦτο’ὲγὼ
733 3284 814 3321 σοι
843 3268 1161 3340 ἐντέλλομαι
1185 3271 1359 3324 ποιεῖν
1385 3271 1446 3324 τὸ
1477 3272 1628 3342 ρἧα
1658 3271 1834 3326 τοῦτο.
1853 3293 1870 3324 ι
1904 3275 2022 3328 Κα-

413 3355 506 3410 λὸν
541 3357 654 3430 γὰρ
698 3360 756 3412 ὲν
799 3359 1091 3432 εὐθυμίαις
1136 3362 1197 3416 τὸ
1244 3363 1650 3435 διαμεμνῆσθαι
1691 3366 1891 3430 πόνων,
1925 3366 2022 3420 καὶ

413 3449 654 3520 θλίψεως
680 3452 782 3522 τῆς
809 3453 1170 3527 ἀρχαιοτέρας
1193 3472 1206 3486 '
1240 3455 1400 3509 καλεῖ
1431 3457 1541 3529 γὰρ
1571 3457 1632 3511 τὸ
1665 3459 1856 3531 χρῆμα
1883 3459 2021 3532 πρὸς

415 3543 815 3616 φιλοπτωχίαν,
844 3547 940 3601 καὶ
982 3548 1082 3619 τῆς
1117 3549 1421 3620 εὐημερίας
1459 3550 1519 3604 τὸ
1564 3551 1786 3616 πλάτος,
1839 3553 2021 3626 ἀμνη-

417 3639 606 3708 μονεῖν
635 3637 738 3690 οὐκ
758 3638 822 3709 ἐᾷ
847 3637 956 3694 τῶν
988 3641 1046 3695 ὲν
1071 3639 1250 3712 ἐνδείᾳ
1277 3641 1486 3695 κακῶν.

491 3812 706 3882 ΠᾼΛΛ.
745 3813 995 3886 Ἀληθές.

492 3909 660 3964 ΚΥΡ.
699 3909 810 3964 Θέα
837 3910 896 3964 δὲ
931 3911 1079 3974 ὅπως
1128 3912 1278 3982 ἡμᾶς
1324 3911 1727 3984 εὐτεχνέστατα
1765 3917 1860 3969 καὶ
1901 3916 2022 3970 λίαν

418 4000 657 4067 ἀστείως
695 4003 950 4067 ἀπεθίζει
990 4004 1090 4074 μὲν
1123 4005 1233 4059 τῶν
1275 4005 1561 4076 χειρόνων,
1605 4007 1698 4060 καὶ
1743 4009 2022 4062 ἀποσπου-

418 4095 609 4160 δάζειν
649 4093 936 4148 ἀναπείθει
971 4095 1034 4148 τὸ
1081 4095 1428 4166 ἀσυμπαθὲς,
1486 4098 1757 4166 προσάγει
1809 4097 1870 4151 δὲ
1907 4101 2022 4162 τοῖς

420 4185 695 4257 ἀμείνοσι,
733 4187 827 4240 καὶ
864 4188 979 4251 τοῖς
1029 4191 1130 4258 τῆς
1175 4187 1533 4260 φιλαλληλίας
1570 4189 1860 4259 ὲμὸιὸἀζει
1894 4190 2021 4262 τρό-

423 4297 547 4343 ποις
573 4295 588 4310 ·
642 4279 945 4350 προτρέπει
999 4281 1099 4351 μὲν
1139 4281 1248 4352 γάρ
1283 4279 1428 4334 είτου
1469 4281 1674 4335 δέοιντο
1707 4283 1890 4353 τυχὸν,
1929 4285 2022 4336 ὲκ-

419 4371 690 4436 δανείζειν
719 4371 989 4440 ἀδελφοῖς,
1042 4372 1299 4443 ἀπείργει
1347 4371 1403 4425 δὲ
1440 4373 1638 4437 τόκων,
1678 4373 1776 4428 καὶ
1815 4373 2022 4428 διωθεῖ-

423 4463 552 4516 σθαι
582 4465 914 4534 προστάττει
948 4462 1345 4535 πλεονασμούς.
1378 4464 1795 4536 Προσεπιτάξας
1821 4463 1877 4517 δὲ
1908 4463 2021 4517 δεῖν

2125 3268 2250 3322 ideo
2297 3284 2400 3339 ego
2443 3270 2705 3339 praecipio
2749 3270 2850 3324 tibi
2892 3277 2952 3324 ut
2990 3268 3158 3325 facias
3193 3269 3426 3324 verbum
3476 3268 3582 3323 hoc
3611 3267 3673 3321 ⁸⁷.
3700 3285 3719 3319 ι

2125 3360 2456 3415 Praeclarum
2481 3371 2565 3417 est
2585 3362 2734 3416 enim
2761 3363 2814 3416 in
2843 3361 3033 3417 laetitia
3055 3362 3374 3416 meminisse
3398 3361 3613 3416 laborm
3631 3375 3650 3414 ι
3672 3367 3729 3414 et

2124 3452 2436 3508 alﬂictionis
2471 3455 2732 3524 antiquae,
2775 3470 2902 3509 nam
2945 3469 3010 3510 ea
3051 3470 3138 3510 res
3171 3455 3238 3510 ad
3297 3454 3622 3509 charitatem
3667 3452 3722 3506 in

2125 3558 2398 3613 pauperes
2420 3545 2657 3601 excitat:
2687 3553 2743 3599 et
2766 3554 2994 3616 propter
3017 3545 3298 3602 felicitatis
3329 3545 3720 3602 abundantiam

2124 3636 2378 3691 oblivisci
2429 3653 2540 3692 non
2578 3637 2710 3692 sinit
2743 3638 3014 3694 malorum
3052 3655 3176 3710 quae
3214 3638 3726 3710 pertulimus,.culn

2126 3727 2182 3782 in
2212 3743 2396 3782 rerum
2423 3728 2610 3801 inopia
2633 3745 3010 3785 versaremur.

2196 3818 2395 3874 PALL.
2428 3820 2569 3878 Vera
2597 3819 2756 3876 dicis.

2193 3912 2352 3969 ΟΥΕ.
2381 3913 2516 3971 Vide
2540 3923 2727 3970 autem
2762 3931 2929 3986 quam
2957 3915 3253 3972 artiﬁciose
3276 3927 3332 3972 et
3353 3917 3728 3988 eleganterab

2124 4006 2481 4076 improbitate
2514 4023 2730 4062 morum
2763 4025 2868 4064 nos
2899 4009 3148 4074 abducit,
3185 4017 3242 4064 et
3281 4009 3569 4064 dediscere
3596 4025 3726 4065 sua-

2124 4101 2218 4155 det
2248 4100 2744 4167 inhumanitatem;
2777 4102 3002 4158 adducit
3030 4103 3161 4157 item
3189 4102 3258 4157 ad
3293 4103 3580 4157 meliorem
3607 4102 3725 4157 fru-

2124 4209 2268 4264 gem,
2307 4201 2366 4247 et
2415 4193 2485 4248 ad
2539 4202 2794 4248 mutuum
2835 4209 3082 4250 amorem
3127 4195 3424 4250 transfert:
3474 4196 3728 4252 hortatur

2124 4285 2273 4341 enim
2305 4292 2366 4339 ut
2388 4283 2679 4352 fratribus,
2715 4286 2760 4341 si
2788 4302 2898 4358 qua
2929 4301 2988 4341 re
3015 4287 3314 4358 indigeant,
3355 4296 3673 4344 mutuemus
3709 4306 3723 4343 :

2123 4375 2387 4447 prohibet
2408 4385 2592 4432 autem
2619 4393 2837 4442 usuras,
2860 4386 2916 4432 ct
2939 4377 3498 4448 superabundantiam
3522 4395 3587 4434 ac
3607 4394 3730 4434 sor-

2127 4468 2198 4522 tis
2221 4476 2575 4539 augmentum
2603 4469 2872 4540 repellere
2893 4467 3070 4540 jubet.
3100 4468 3184 4523 Ad
3220 4468 3356 4534 haec,
3383 4484 3509 4524 cum
3533 4470 3728 4540 jussis-

426 4555 504 4628 μὴ
545 4548 688 4608 εἶναι
719 4555 1034 4625 φορτικοὺς,
1065 4555 1202 4627 μήτε
1241 4553 1348 4624 μὴν
1380 4551 1663 4621 ἐγκεῖσθαι
1692 4555 1804 4616 τοῖς
1835 4552 2012 4622 ὼφλη⁴

2128 4565 2232 4625 set,
2266 4574 2337 4614 ne
2383 4559 2603 4615 molesti
2645 4559 2840 4622 simus,
2871 4574 3053 4629 neque
3091 4558 3373 4614 debitores
3407 4575 3723 4630 urgeamus,

425 4646 600 4711 κόσιν,
643 4646 837 4714 ἄφεσιν
881 4647 1061 4720 χρεῶν
1102 4648 1378 4700 ποιεῖσθαι
1427 4645 1662 4700 κελεύει.
1718 4647 1927 4718 Γράφει
1965 4647 2023 4701 δὲ

422 4738 600 4803 οὕτως
626 4755 640 4768 θ
678 4759 695 4792 ι
731 4739 846 4794 Ούκ
894 4742 1162 4804 ὲκτοκιεῖς
1202 4740 1280 4810 τῷ
1321 4739 1539 4810 ἀδελφῷ
1596 4757 1692 4792 σου
1736 4741 1895 4793 τόκον
1926 4739 2025 4810 ἀρ-

423 4833 643 4904 γυρίου,
697 4834 795 4886 καὶ
852 4833 1014 4886 τόκον
1065 4832 1396 4905 βρωμάτων,
1464 4833 1560 4887 καὶ
1605 4833 1765 4886 τόκον
1821 4832 2024 4897 παντὸς

423 4925 777 4995 πράγματος,
821 4919 883 4980 οὗ
917 4925 1014 4978 ὲάν
1043 4925 1360 4998 ἐκδανείσῃς
1393 4926 1471 4996 τῷ
1493 4925 1778 4996 ἀλλοτρίῳ,
1806 4925 1906 4978 οὐκ
1933 4925 2026 4978 ὲκ-

421 5021 663 5081 τοκιεῖς’
710 5017 799 5071 ἵνα
851 5017 1124 5090 εύλογήσῃ
1168 5017 1372 5089 Κύριος
1421 5019 1452 5071 ὀ
1494 5018 1629 5080 Θεός
1656 5035 1750 5070 σου
1784 5020 1842 5071 ὲν
1887 5017 2022 5070 πᾶσι

422 5114 539 5174 τοῖς
585 5111 771 5182 ἔργοις
813 5129 908 5164 σου
952 5111 1045 5162 ἐπὶ
1091 5109 1192 5180 τῆς
1243 5111 1378 5180 γῆς,
1429 5111 1497 5181 ἣν
1556 5110 1853 5182 εἰσπορεύῃ
1907 5112 2025 5164 ἐκεῖ

424 5203 839 5274 κληρονομῆσαι
867 5204 1058 5274 αὑτήν.
1098 5221 1118 5254 ι
1156 5203 1321 5256 Ὅσον
1367 5202 1466 5273 μὲν
1511 5202 1624 5273 γάρ
1662 5197 1797 5274 ἧκεν
1837 5202 1918 5264 εῖς
1958 5218 2024 5270 γε

423 5297 525 5370 τὴν
559 5295 654 5349 τοῦ
677 5296 972 5367 νομοθέτου
1007 5295 1283 5366 βούλησιν,
1317 5297 1612 5369 προῦκειτο
1642 5295 1712 5349 ἂν
1751 5294 2024 5364 ἀφθόνως,

424 5389 504 5453 ὼς
552 5387 747 5460 ὀθνείῳ
802 5405 861 5442 τε
899 5387 1036 5458 ὀμοῦ
1082 5388 1180 5441 καὶ
1219 5388 1467 5456 ἀδελφοῖς
1511 5387 1578 5440 τὸ
1600 5386 1710 5440 τῶν
1743 5387 1801 5440 ὲν
1834 5385 2028 5440 πλάτει

429 5482 774 5553 περιουσίας,
823 5482 999 5548 δεξιὸν
1047 5481 1140 5536 καὶ
1169 5481 1453 5553 φιλότιμον
1482 5499 1494 5510 ·
1541 5501 1560 5533 ι
1591 5481 1763 5534 Παντὶ
1806 5479 1915 5548 γὰρ
1949 5479 2028 5550 τῷ

428 5574 675 5632 αἰτοῦντί
730 5592 791 5628 σε
823 5574 990 5638 δίδου,
1042 5575 1208 5644 φησὶν
1251 5575 1279 5627 ό
1322 5574 1594 5646 Χριστὸς,
1645 5574 1738 5628 καὶ
1775 5574 1884 5628 ἀπὸ
1933 5572 2028 5626 τοῦ

510 5694 555 5725 ⁸⁸
589 5694 928 5758 Βουιηχιιν,
973 5693 1060 5760 Μ,
1108 5693 1193 5748 15.

439 5766 524 5830 19,
560 5765 651 5819 20.

514 5884 588 5956 (Ι)
626 5883 806 5942 Graeci
831 5883 1013 5949 codd,
1048 5882 1281 5954 καθαρά,
1324 5883 1540 5936 munda.

1302 5694 1344 5724 ¹⁸
1385 5693 1520 5748 Luc.
1551 5710 1653 5759 xu,
1686 5693 1773 5748 55.

1882 5693 1926 5724 ¹⁶
1948 5692 2070 5747 Act.
2103 5708 2174 5757 Iv,
2220 5691 2308 5756 54,
2341 5691 2428 5745 55.

2129 4650 2292 4720 273
2337 4650 2722 4705 remissionem
2768 4668 2993 4724 quoque
3035 4654 3352 4710 debitorum
3397 4654 3515 4710 ﬁeri
3545 4654 3724 4725 jubet.

2131 4741 2337 4796 Scribit
2358 4751 2546 4798 autem
2566 4741 2636 4796 ad
2657 4742 2807 4798 hunc
2829 4745 3055 4800 modum
3078 4764 3090 4800 :
3126 4765 3143 4797 ι
3173 4746 3294 4800 Νοη
3322 4745 3603 4801 fenerabis
3619 4744 3728 4800 fra-

2131 4833 2202 4888 tri
2237 4842 2331 4889 tuo
2359 4850 2584 4889 usuram
2609 4837 2844 4907 argenti,
2875 4847 2932 4892 et
2952 4853 3176 4893 usuram
3206 4838 3481 4904 ciborum,
3503 4845 3560 4892 et
3591 4851 3726 4892 usu-
3789 4873 3792 4876 η

2130 4940 2248 4979 ram
2284 4926 2662 4997 cujuscunque
2700 4927 2800 4992 rei,
2828 4943 2992 4998 quam
3033 4935 3227 4982 mutuo
3268 4927 3508 4992 dederis,
3542 4933 3726 4981 extra-

2131 5033 2238 5072 neo
2271 5033 2384 5072 non
2423 5018 2734 5087 fenerabis;
2758 5028 2820 5076 ut
2843 5020 3139 5076 benedicat
3164 5021 3266 5075 tibi
3291 5019 3558 5074 Dominus
3580 5019 3728 5074 Deus

2134 5118 2260 5166 tuus
2281 5111 2335 5166 in
2355 5113 2616 5168 omnibus
2639 5114 2904 5183 operibus
2924 5114 3034 5168 tuis
3050 5128 3218 5183 super
3236 5120 3460 5176 terram,
3474 5110 3543 5165 ad
3559 5126 3725 5181 quam

2133 5201 2440 5272 ingrederis
2470 5203 2858 5273 possidendam
2902 5204 2962 5257 ⁸⁸.
3003 5222 3020 5254 ι
3051 5202 3211 5268 Nam,
3248 5201 3398 5272 quod
3432 5201 3631 5257 attinet
3658 5202 3727 5257 ad

2133 5291 2462 5363 legislatoris
2496 5295 2857 5360 voluntatem,
2899 5295 3181 5365 proposita
3222 5293 3449 5366 quidem
3479 5305 3589 5350 tam
3628 5311 3726 5351 ex-

2135 5394 2254 5439 tero
2281 5402 2447 5456 quam
2490 5385 2754 5442 fratribus
2797 5386 2994 5442 fuisset
3019 5403 3214 5442 eorum
3243 5387 3338 5467 qui
3372 5387 3730 5459 amplissimis

2133 5478 2334 5547 opibus
2345 5491 2550 5542 essent,
2569 5477 2879 5550 benignitas
2892 5486 3057 5550 atque
3073 5480 3509 5552 magnificentia:
3529 5499 3547 5532 ι
3567 5478 3729 5536 Omni

2135 5575 2306 5640 cnim,
2336 5574 2517 5644 inquit
2541 5573 2816 5638 Christus,
2845 5574 3051 5644 petenti
3090 5582 3162 5639 te,
3203 5575 3417 5641 tribue;
3463 5582 3521 5629 et
3559 5573 3629 5628 ab
3659 5588 3728 5628 eo

2537 5691 2577 5721 ¹⁷
2611 5689 2769 5746 Deut.
2818 5707 2963 5755 xxw,
2994 5690 3182 5746 19-21.
3294 5691 3338 5722 ⁸⁸
3364 5690 3522 5745 Deut.
3562 5704 3724 5752 χχιιι,

2213 5878 2286 5948 (:2)
2324 5875 2458 5931 Cod.
2507 5875 2699 5942 Vatia,
2738 5875 2834 5931 ἐὰν
2867 5878 2922 5930 δε
2957 5876 3144 5933 ἐλαίαν
3183 5876 3438 5947 ἀλοήσῃς.
