4118 6430
475 373 578 432 567

1502 380 1557 434 S.
1601 380 1876 436 CYRILLI
1916 380 2386 436 ALEXANDRINI
2425 381 2745 437 ARCHIEP.

3632 384 3740 444 563

472 492 570 561 qui
594 489 776 544 aufert
795 504 916 559 qua:
939 500 1027 543 tua
1049 498 1197 555 sunt,
1223 504 1292 543 ne
1318 501 1538 560 repetas
1556 494 1617 546 ".
1646 493 1774 558 Sed,
1795 495 1922 564 quia
1949 510 2043 549 nor

2160 493 2407 566 αἴροντος
2438 494 2504 547 τὰ
2550 493 2637 556 σὰ,
2674 493 2748 564 μὴ
2781 493 3020 547 ἀπαίτει.
3057 512 3074 544 ι
3126 493 3341 564 Ἐπειδὴ
3378 493 3434 546 δὲ
3464 495 3563 548 οὐκ
3593 496 3734 564 ἄγαν

470 592 594 638 erat
620 583 926 653 priscorum
947 582 1231 635 hominum
1255 583 1473 638 animus
1498 585 1552 639 in
1571 586 1786 655 justitia
1809 588 1943 642 satis
1965 589 2057 642 ﬁr-

409 673 439 684 ’
475 690 627 739 mus,
662 674 731 728 ad
772 674 1033 727 virtutem
1080 673 1291 744 integre
1328 674 1719 744 perﬁciendam
1742 719 1756 742 ,
1792 681 2055 750 paulatim

470 763 820 834 progreditur
849 763 938 818 lex
967 762 1036 816 ad
1079 777 1201 816 eam
1242 779 1360 818 rem
1391 764 1702 842 instituens,
1739 779 1796 824 et
1828 771 2056 839 iustitia:

470 857 695 911 modum
731 854 954 910 interim
979 855 1244 911 fratribus
1274 841 1579 929 vicinisque
1605 861 1830 915 metitur
1853 880 1867 914 :
1888 876 2054 917 accu-

470 958 645 1003 ratam
669 948 816 1002 illam
843 947 1237 1002 misericordia
1255 947 1507 1015 formam,
1529 958 1585 1003 et
1606 951 1662 1004 in
1683 959 1971 1007 extraneos
1990 953 2056 1008 li-

470 1040 832 1103 beralitatem,
859 1047 915 1093 et
936 1039 991 1092 in
1017 1053 1209 1094 omnes
1231 1039 1482 1096 homines
1500 1043 1944 1098 communicandi
1969 1043 2052 1099 fa—

465 1129 755 1195 cilitatem,
776 1128 1093 1200 perfectiori
1118 1130 1454 1185 institutioni
1478 1147 1786 1196 reservans,
1811 1148 1935 1187 nam
1958 1148 2052 1188 us-

464 1236 574 1290 que
609 1219 678 1275 ad
714 1229 934 1290 tempus
966 1221 1332 1277 correctionis
1373 1223 1910 1294 umbrzeviguerunt
1945 1226 1992 1258 ³ο
2037 1243 2050 1278 :

465 1311 575 1366 hoc
603 1326 738 1366 vero
767 1319 987 1382 tempus
1013 1311 1148 1366 illud
1174 1312 1296 1377 fuit,
1327 1328 1437 1382 quo
1461 1312 1715 1370 Christus
1737 1315 1980 1371 advenit.

534 1400 733 1456 PALL.
763 1401 1186 1472 Elegantissime
1201 1402 1412 1458 dixisti.

533 1491 693 1546 ΟΥΕ.
720 1490 859 1546 Cum
894 1491 1079 1562 itaque
1105 1493 1381 1563 iussisset,
1425 1503 1484 1550 ut
1516 1504 1711 1552 mutuo
1743 1497 1962 1563 darent,
1997 1508 2054 1553 et

467 1584 721 1639 usuraria
742 1584 1082 1640 incrementa
1117 1586 1485 1656 praecidisset,
1525 1589 1723 1658 iisque,
1754 1591 1849 1661 qui
1889 1590 1943 1646 id
1969 1591 2054 1646 fa-

464 1687 678 1743 cerent,
736 1679 1184 1735 benedictionem
1239 1691 1386 1737 esset
1441 1684 1752 1753 pollicitus,
1819 1687 2055 1756 septimo

464 1780 588 1839 post
621 1786 700 1826 aes
733 1772 974 1827 alienum
1012 1781 1353 1828 contractum
1388 1791 1532 1832 anno
1560 1785 1830 1842 vertente,
1862 1779 2052 1832 remit-

2157 583 2415 652 εὐσθενὴς
2449 583 2557 635 τῶν
2599 584 2657 635 ὲν
2694 583 2890 652 ἀρχαῖς
2921 582 3013 635 ἐπὶ
3064 582 3378 654 δικαιοσύνῃ
3410 584 3438 635 6
3479 583 3625 650 νοῦς,
3655 587 3738 650 εἷς

2155 689 2220 741 γε
2269 671 2332 724 τὸ
2382 670 2662 742 περαίνειν
2711 670 3030 740 ἀμωμήτως
3078 668 3334 723 δύνασθαι
3384 669 3448 722 τὸ
3491 671 3735 740 ἀγαθὸν,

2156 759 2296 813 κατά
2329 757 2504 829 βραχὺ
2540 758 2785 829 πρόεισιν
2815 758 2901 810 ἐπ’
2935 757 3066 809 αὐτὸ
3095 757 3465 826 παιδαγωγῶν
3494 759 3522 810 6
3548 759 3735 829 νόμος,

2155 851 2250 904 καὶ
2290 849 2382 903 τὸν
2424 849 2526 919 τῆς
2575 847 2924 919 δικαιοσύνης
2975 848 3175 920 τρόπον
3221 850 3622 918 ὲπιμετρεῖταυ
3657 851 3736 915 ὡς

2155 942 2236 1005 εἰς
2287 939 2552 1009 ἀδελφοὺς
2601 939 2694 992 καὶ
2752 939 3031 1007 γείτονας,
3081 939 3182 1008 τῆς
3233 938 3636 1009 εὐσπλαγχνίας
3675 940 3738 993 τὸ

2155 1032 2410 1104 ἀκριϐὲς,
2435 1033 2530 1086 καὶ
2553 1031 2613 1084 τὸ
2641 1032 2722 1095 είς
2740 1029 2976 1093 ὀθνείους
2996 1029 3245 1098 ἄφθονον,
3273 1031 3363 1083 καὶ
3382 1029 3443 1082 τὸ
3469 1031 3550 1094 εἰς
3571 1031 3740 1084 ᾶπαν-

2154 1139 2254 1186 τας
2286 1121 2622 1184 κοινωνικὸν,
2665 1119 3015 1190 παιδαγωγίᾳ
3059 1119 3241 1190 τηρῶν
3292 1121 3357 1191 τῇ
3407 1120 3736 1191 τελεωτέρα,

2157 1213 2320 1284 μέχρι
2342 1211 2452 1283 γάρ
2488 1210 2678 1282 καιροῦ
2709 1209 3048 1281 διορθώσεως
3072 1210 3128 1263 αἱ
3151 1210 3318 1262 σκιαί·
3345 1209 3537 1280 καιρὸς
3571 1210 3628 1263 δὲ
3664 1207 3738 1282 ἦν

2155 1297 2309 1367 οὗτος
2342 1307 2370 1357 6
2403 1303 2503 1373 τῆς
2541 1302 2778 1374 Χριστοῦ
2814 1301 3135 1372 παρουσίας.

2225 1396 2436 1450 ΠΑΛΛ.
2490 1393 2838 1448 Ἀστειότατα
2859 1392 3015 1463 ἔφης.

2225 1489 2389 1542 ΚΥΡ.
2433 1483 2845 1558 Προσεπιτάξας
2876 1482 2940 1554 δὴ
2973 1476 3066 1536 οῦν
3103 1482 3164 1535 τὸ
3197 1482 3392 1553 χρῆναι
3421 1481 3730 1553 διακιχρᾷν,

2156 1579 2249 1634 καὶ
2307 1577 2680 1646 πλεονασμοὺς
2731 1571 3044 1643 ἀποτεμὼν,
3095 1573 3190 1625 καὶ
3229 1575 3342 1636 τοῖς
3382 1571 3540 1626 τοῦτο
3595 1573 3731 1644 δρᾷν

2154 1668 2433 1740 ἑλομένοις
2479 1667 2731 1736 εὐλογίαν
2765 1663 3214 1736 ὑπισχνούμενος,
3245 1662 3387 1717 ἑπτὰ
3416 1666 3530 1727 τοῖς
3565 1664 3734 1736 ὀφλή-

2158 1777 2322 1831 μασιν
2365 1758 2792 1828 ὲπελιττομένων
2823 1756 3106 1819 ἐνιαυτῶν,
3137 1757 3344 1810 ἀνεῖναι
3377 1757 3730 1826 προστάττει,

465 1871 582 1917 tere
606 1862 784 1934 jubet,
817 1873 1036 1935 tempus
1060 1865 1195 1921 illud
1228 1875 1576 1933 venerantes,
1613 1884 1724 1938 quo
1758 1869 2043 1924 universo-

2150 1853 2241 1906 τὸν
2269 1851 2370 1921 τῆς
2388 1850 2643 1904 ἁπάντων
2665 1849 2910 1918 ἀφέσεως
2928 1847 3205 1918 τιμῶντας
3227 1847 3436 1918 καιρὸν,
3462 1849 3729 1914 τουτέστι,

464 1969 588 2007 rum
625 1955 879 2009 remissio
902 1955 1088 2011 futura
1141 1964 1282 2022 erat,
1337 1957 1396 2012 id
1455 1968 1560 2023 est,
1609 1958 2054 2028 wmpustristi

462 2043 755 2109 adventus,
788 2061 900 2116 quo
939 2062 1133 2102 omnes
1173 2046 1457 2118 iustiﬁcati
1496 2063 1690 2103 sumus
1731 2063 1830 2118 per
1850 2048 2052 2116 fidem;

460 2145 520 2190 et
550 2145 803 2192 veterum
831 2146 1184 2207 peccatorum
1201 2139 1539 2196 oblivionem
1569 2140 1774 2211 adepti,
1809 2157 1935 2195 eum
1964 2142 2056 2196 ille

460 2243 575 2282 sua:
601 2231 751 2284 cruci
768 2230 1216 2300 chirographum,
1245 2233 1388 2302 quod
1406 2242 1524 2288 erat
1550 2234 1712 2288 nobis
1737 2233 2052 2298 adversum,

458 2317 693 2374 alﬁxerit
715 2321 780 2384 “,
815 2329 872 2375 et
908 2323 1173 2390 rationes,
1197 2340 1336 2394 quas
1363 2326 1611 2380 omnium
1623 2326 1800 2396 judiei
1818 2326 2054 2382 reddere

457 2411 830 2477 debebamus,
879 2413 948 2469 de
1004 2415 1189 2469 medio
1249 2415 1458 2470 tulerit.
1522 2417 1668 2471 Dicit
1723 2426 1912 2470 autem
1968 2418 2053 2474 sic

456 2517 657 2556 rursus
696 2503 755 2557 in
798 2504 1254 2570 Deuteronomio,
1299 2525 1318 2557 ι
1364 2506 1611 2576 Septimo
1647 2524 1866 2578 quoque
1905 2505 2052 2565 anno

456 2591 627 2646 facies
655 2593 1040 2649 remissionem
1078 2613 1091 2647 :
1145 2605 1201 2650 et
1233 2596 1550 2667 hujusmodi
1575 2606 1660 2652 est
1687 2598 1931 2652 edictum
1958 2615 2050 2654 re-

456 2684 760 2750 missionis,
796 2686 1069 2742 Remittes
1099 2701 1262 2743 omne
1299 2687 1549 2743 debitum
1578 2691 1876 2760 privatum,
1900 2692 2048 2761 quod

457 2775 627 2830 debet
669 2775 769 2830 tibi
800 2777 1115 2846 proximus;
1162 2787 1220 2834 et
1264 2794 1295 2833 a
1338 2777 1508 2834 fratre
1542 2789 1640 2834 tuo
1666 2795 1779 2835 non
1808 2791 2046 2851 repetes,

455 2869 587 2939 quia
615 2869 819 2926 indicta
835 2879 924 2926 est
949 2872 1204 2927 remissio
1227 2873 1460 2927 Domino
1481 2872 1595 2927 Deo
1618 2879 1712 2928 tuo
1742 2891 1755 2926 :
1778 2873 1846 2928 ab
1866 2874 2048 2928 alieno

458 2969 698 3030 repetes,
731 2977 1070 3033 quaecunque
1114 2971 1207 3018 tua
1252 2964 1460 3019 fuerint
1500 2965 1646 3034 apud
1675 2965 1862 3031 illum;
1889 2966 2044 3021 fratri

455 3059 642 3106 autem
667 3059 766 3107 tuo
792 3054 1175 3110 remissionem
1206 3056 1376 3110 facies
1405 3055 1599 3121 debiti,
1626 3057 1772 3126 quod
1812 3059 1911 3112 tibi
1951 3059 2047 3113 de-

453 3143 568 3207 bet,
587 3143 718 3214 quia
746 3161 854 3200 non
877 3148 984 3202 crit
1010 3148 1065 3202 in
1094 3160 1149 3204 te
1167 3149 1570 3220 indigens,quia
1591 3149 1924 3206 benedicens
1942 3151 2042 3206 be-

451 3235 675 3292 nedieet
704 3237 805 3292 tibi
838 3239 1107 3296 Dominus
1134 3243 1277 3296 Deus
1304 3251 1431 3296 tuus
1461 3243 1516 3295 in
1545 3251 1691 3296 terra
1739 3259 1904 3312 quam
1926 3246 2037 3298 Do-

451 3327 642 3383 minus
688 3329 837 3385 Deus
891 3341 1020 3387 tuus
1080 3333 1176 3388 dat
1228 3334 1327 3389 tibi
1382 3335 1438 3388 in
1492 3335 1926 3404 possessionem,
1976 3346 2037 3392 ut

451 3417 740 3485 possideas
792 3434 914 3474 eam
954 3422 1019 3474 ³².
1070 3441 1091 3471 ›
1149 3421 1218 3475 Et
1261 3430 1385 3490 post
1445 3422 1550 3476 alia
1609 3439 1803 3478 rursus
1845 3440 1858 3476 :
1921 3442 1939 3473 ι
1980 3421 2036 3477 Si

452 3515 640 3563 autem
669 3509 836 3564 fuerit
876 3510 933 3565 in
964 3518 1018 3566 te
1048 3511 1302 3582 indigens
1329 3528 1397 3567 ex
1419 3512 1688 3568 fratribus
1714 3514 1823 3568 tuis
1847 3514 1902 3567 in
1929 3529 2036 3568 una

453 3601 742 3656 civitatum
789 3610 1036 3668 tuarum,
1085 3604 1141 3658 in
1177 3613 1320 3658 terra
1397 3621 1563 3674 quam
1604 3606 1872 3661 Dominus
1893 3607 2040 3660 Deus

455 3700 588 3747 tuus
615 3692 712 3746 dat
762 3692 887 3758 tibi,
923 3709 1033 3748 non
1081 3703 1299 3750 avertes
1339 3711 1436 3749 cor
1463 3704 1640 3762 tuum,
1660 3696 1824 3768 274
1858 3713 2038 3767 neque

455 3787 805 3857 constringes
847 3801 1069 3842 manum
1107 3793 1255 3843 tuam
1287 3804 1318 3842 a
1365 3787 1537 3843 fratre
1576 3798 1672 3844 tuo
1711 3789 2034 3861 indigente:

453 3878 712 3948 aperiens
731 3879 952 3949 aperies
976 3893 1201 3933 manum
1217 3886 1370 3933 tuam
1390 3878 1527 3949 ipsi;
1552 3886 1804 3934 mutuum
1821 3886 2038 3934 mutua-

454 3967 543 4022 bis
559 3966 665 4038 ipsi
695 3974 966 4038 quantum
994 3968 1332 4038 poposcerit,
1352 3975 1409 4022 et
1439 3976 1928 4040 quantumcunque
1954 3969 2038 4023 in-

453 4056 713 4128 diguerit.
745 4058 982 4114 Attende
1026 4058 1149 4121 tibi,
1195 4073 1264 4114 ne
1300 4058 1523 4128 quando
1570 4060 1641 4114 sit
1675 4061 1909 4115 verbum
1938 4077 2036 4115 oc-

452 4148 666 4204 cultum
696 4149 755 4206 in
778 4149 948 4206 corde
977 4157 1096 4215 tuo,
1130 4150 1416 4220 iniquitas,
1440 4151 1634 4208 dicens
1672 4169 1686 4205 :
1721 4153 2034 4224 Appropins

452 4249 588 4310 quat
623 4242 893 4312 septimus
944 4258 1127 4298 annus
1179 4244 1544 4308 remissionis,
1591 4253 1651 4298 et
1682 4261 1920 4314 nequam
1965 4247 2036 4301 sit

452 4332 650 4388 oculus
672 4343 800 4388 tuus
831 4349 962 4404 erga
995 4333 1223 4388 fratrem
1263 4342 1419 4389 tuum
1449 4334 1817 4405 indigentem;
1843 4344 1901 4390 et
1921 4352 2031 4390 non

453 4423 556 4477 des
579 4423 680 4493 ipsi
711 4441 726 4476 :
762 4433 820 4479 et
855 4424 1114 4478 clamabit
1147 4423 1439 4478 adversum
1462 4434 1516 4479 te
1547 4424 1616 4478 ad
1641 4425 1954 4486 Dominum,
1978 4432 2035 4478 et

453 4515 560 4568 erit
592 4512 694 4567 tibi
723 4523 1012 4582 peccatum
1059 4529 1316 4582 magnum
1358 4531 1373 4566 :
1414 4513 1599 4568 dando
1634 4514 1791 4568 dabis
1823 4514 1948 4582 ipsi,
1977 4524 2035 4568 et

455 4611 650 4656 mutuo
667 4602 949 4656 mutuabis
991 4601 1119 4670 ipsi,
1151 4610 1642 4671 quantumcunque
1670 4603 1772 4656 abs
1809 4610 1863 4655 te
1895 4617 2036 4671 opus

455 4692 716 4747 habuerit
747 4709 760 4744 :
795 4701 851 4748 et
886 4707 995 4746 non
1030 4692 1453 4746 contristaberis
1479 4692 1536 4746 in
1565 4693 1729 4748 corde
1761 4703 1876 4758 tuo,
1906 4709 2032 4748 cum

456 4785 560 4839 das
585 4784 722 4853 ipsi;
749 4784 879 4854 quia
911 4789 1136 4853 propter
1180 4782 1290 4836 hoc
1325 4781 1557 4848 verbum
1602 4783 1894 4839 benedicet
1930 4787 2030 4841 tibi

456 4881 723 4935 Dominus
740 4880 888 4934 Deus
918 4888 1050 4932 tuus
1063 4876 1119 4928 in
1141 4875 1401 4929 omnibus
1436 4874 1700 4944 operibus
1719 4875 1847 4941 tuis,
1884 4883 1941 4930 et
1973 4876 2029 4932 in

454 4973 734 5036 omnibus,
771 4971 840 5026 ad
870 4985 993 5040 qua:
1027 4967 1283 5038 inieceris
1314 4983 1536 5022 manum
1563 4979 1711 5024 tuam
1741 4969 1810 5022 ’³.
1853 4989 1870 5020 ι
1908 4970 2028 5024 Non

455 5063 888 5126 contristaberis,
931 5061 1131 5130 inquit,
1167 5062 1222 5115 in
1254 5060 1420 5116 corde
1449 5069 1562 5125 tuo,
1597 5077 1723 5117 cum
1758 5062 1858 5117 das
1880 5064 1980 5132 ipsi
2014 5082 2028 5115 :

461 5180 481 5208 ς
510 5158 750 5212 Hilarem
793 5155 940 5210 enim
973 5154 1220 5210 datorem
1249 5153 1426 5225 diligit
1465 5154 1627 5219 Deus,
1684 5173 1702 5204 ι
1747 5165 1808 5208 ut
1840 5155 2033 5210 beatus

455 5248 659 5304 Paulus
679 5247 816 5301 dixit
838 5247 907 5298 “.

526 5339 726 5394 PALL.
757 5338 865 5394 Sed
887 5354 1127 5408 quonam
1149 5340 1312 5395 modo
1331 5340 1598 5409 septimus
1623 5356 1800 5394 annus
1825 5341 2030 5396 adven-

453 5437 576 5486 tum
595 5429 896 5484 Salvatoris
909 5431 1080 5485 nostri
1099 5430 1390 5502 signiﬁcat,
1407 5447 1519 5501 quo
1545 5440 1760 5502 tempus
1787 5433 2032 5486 omnium

457 5519 744 5574 hominum
769 5519 1112 5575 remimionis
1133 5521 1471 5576 declaratum
1502 5530 1609 5587 est,
1639 5537 1742 5578 seu
1761 5537 1945 5576 mores
1962 5525 2030 5576 ad

457 5611 763 5682 perfectum
800 5609 1049 5680 perducti
1066 5611 1092 5663 ?

541 5797 583 5830 "
608 5795 743 5850 Luc.
775 5812 850 5862 ri,
872 5795 961 5850 δυ.
1038 5795 1082 5827 ³ο
1112 5796 1278 5850 Hebr.
1310 5813 1383 5862 ix,
1415 5797 1496 5850 10.
1573 5796 1613 5826 ¹¹
1645 5794 1742 5849 Col
1798 5810 1856 5859 Il,
1896 5795 1979 5850 ll.

2155 1941 2255 2010 τῆς
2279 1938 2372 1990 τοῦ
2404 1935 2642 2008 Χριστοῦ
2676 1935 2998 2006 παρουσίας,
3043 1935 3165 1988 καθ’
3191 1934 3250 1989 ὃν
3280 1937 3329 1988 οἱ
3363 1937 3560 2000 πάντες
3587 1937 3729 1990 δεδι-

2155 2026 2445 2098 καιώμεθα
2486 2029 2553 2098 τῇ
2590 2027 2792 2091 πίστει,
2832 2026 2941 2079 τῶν
2970 2027 3212 2097 ἀρχαίων
3241 2026 3731 2098 πλημμελημάτων
3831 2062 3840 2068 -

2155 2117 2253 2188 τὴν
2295 2119 2600 2188 ἀμνηστίαν
2635 2117 3106 2189 ἀποκερδαίοντες,
3142 2117 3592 2188 προσηλώσαντος
3631 2121 3731 2173 αύ-

2151 2209 2247 2262 τοῦ
2275 2209 2354 2280 τῷ
2399 2209 2512 2276 ἰδίῳ
2542 2209 2759 2279 σταυρῷ
2791 2211 2852 2262 τὸ
2880 2209 3003 2263 καθ’
3030 2210 3188 2281 ημῶν
3219 2211 3601 2282 χειρόγραφον,
3633 2213 3732 2265 καὶ

2151 2306 2246 2370 οὓς
2265 2307 2597 2378 ὠφλήσαμεν
2621 2307 2812 2375 λόγους
2832 2305 2914 2377 τῷ
2935 2309 3118 2378 κριτῇ,
3155 2306 3512 2377 πεποιηκότος
3540 2309 3605 2360 ὲκ
3629 2306 3730 2375 μὲ-

2153 2416 2268 2452 σου.
2296 2399 2459 2468 Λέγει
2490 2398 2549 2452 δὲ
2577 2398 2719 2452 οὕτω
2745 2398 2905 2452 πάλιν
2932 2401 2990 2454 ὲν
3015 2400 3092 2468 τῷ
3129 2399 3569 2470 Δευτερονομίῳο
3602 2419 3621 2450 ι
3645 2399 3729 2452 Δι’

2151 2490 2293 2544 ἐπτά
2312 2491 2447 2545 ἑτῶν
2465 2492 2709 2561 ποιήσεις
2736 2492 2948 2561 ἄφεσιν,
2982 2494 3076 2547 καὶ
3104 2493 3276 2556 οὕτως
3307 2492 3369 2545 τὸ
3398 2492 3730 2563 πρόσταγμα

2149 2579 2248 2648 τῆς
2275 2578 2522 2646 ἀφέσεως
2541 2596 2556 2610 ο
2588 2579 2844 2648 ’Δφήσεις
2876 2582 2983 2635 πᾶν
3013 2581 3170 2652 χρέος
3191 2582 3340 2670 ἴδιον,
3357 2581 3389 2634 6
3411 2581 3617 2650 ὀφείλει
3640 2597 3726 2634 σοι

2147 2671 2178 2722 6
2223 2669 2470 2739 πλησίον,
2506 2670 2602 2723 καὶ
2631 2670 2726 2725 τὸν
2750 2671 2980 2742 ἀδελφόν
3011 2691 3104 2734 σου
3137 2674 3238 2727 οὐκ
3277 2669 3617 2743 ἀπαιτήσεις,
3645 2673 3730 2725 ὅτι

2149 2763 2505 2834 ἐπικέκληται
2549 2763 2743 2832 ἄφεσις
2787 2765 2978 2837 Κυρίῳ
3022 2765 3102 2836 τῷ
3138 2767 3255 2838 Θεῷ
3284 2784 3398 2824 σου.
3436 2768 3541 2820 Τὸν
3567 2767 3727 2819 ἀλλό-

2145 2872 2296 2926 τριον
2332 2855 2658 2924 ἀπαιτήσεις
2704 2855 2804 2908 ὅσα
2835 2856 2931 2910 ὲάν
3039 2874 3120 2910 σοι
3160 2859 3288 2927 παρ’
3337 2857 3506 2928 αύτῷ.
3549 2858 3640 2928 Τῷ
3667 2857 3726 2911 δὲ

2145 2945 2360 3016 ἀδελφῷ
2392 2963 2489 2998 σου
2511 2945 2706 3015 ἄφεσιν
2735 2948 2984 3018 ποιήσεις
3007 2947 3102 3002 τοῦ
3127 2949 3320 3019 χρέους
3362 2965 3478 3012 σου,
3513 2950 3594 3003 ὅτι
3625 2949 3726 3003 οὐκ

2145 3037 2299 3091 ἔσται
2323 3041 2381 3092 ὲν
2407 3039 2488 3092 σοὶ
2515 3039 2724 3110 ἐνδεὴς,
2753 3039 2837 3093 ὅτι
2868 3041 3104 3109 εὐλογῶν
3129 3041 3410 3112 εύλογήσει
3439 3059 3496 3094 σε
3521 3041 3724 3112 Κύριος

2143 3129 2171 3181 6
2203 3130 2335 3193 Θεός
2363 3147 2456 3183 σου
2477 3131 2536 3183 ἐν
2566 3133 2631 3200 τῇ
2664 3133 2758 3202 γῇ,
2847 3132 3053 3203 Κύριος
3085 3134 3113 3185 6
3142 3131 3274 3196 Θεὸς
3305 3149 3398 3186 σου
3426 3133 3607 3188 δίδωσί
3640 3149 3725 3185 σοι

2145 3222 2204 3275 ὲν
2237 3221 2422 3291 κλήρῳ
2451 3222 2996 3294 κατακληρονομῆσαι
3019 3223 3240 3294 αὐτὴν.»
3269 3225 3380 3278 Καὶ
3411 3223 3531 3294 μεθ’
3561 3223 3724 3295 ἔτερα

2145 3313 2308 3366 πάλιν
2330 3330 2342 3343 ·
2373 3331 2390 3362 ι
2417 3315 2539 3366 Ἐὰν
2555 3313 2611 3366 δὲ
2640 3314 2864 3383 γένηται
2882 3315 2939 3368 ὲν
2957 3315 3041 3368 σο)⁸
3057 3315 3238 3388 ἐνδεὴς
3255 3317 3319 3370 ὲκ
3344 3317 3454 3370 τῶν
3476 3315 3724 3384 ἀδελφῶν

2146 3417 2261 3464 σου,
2292 3402 2350 3456 ὲν
2393 3403 2492 3473 μιᾷ
2533 3401 2638 3455 τῶν
2676 3403 2886 3457 πόλεών
2914 3423 3029 3468 σου,
3068 3407 3129 3458 ἐν
3149 3409 3215 3478 τῇ
3259 3410 3329 3478 γῇ
3367 3408 3432 3478 ἢν
3460 3407 3663 3479 Κύριος
3695 3409 3726 3460 6

2143 3492 2274 3556 Θεός
2317 3510 2411 3545 σου
2458 3493 2639 3546 δίδωσί
2669 3512 2774 3559 σοι,
2805 3496 2904 3548 οὐκ
2948 3496 3306 3569 ἀποστρέψεις
3345 3499 3444 3571 τὴν
3491 3499 3724 3570 καρδίαν

2145 3600 2261 3649 σου,
2312 3583 2432 3636 οὐδὲ
2489 3583 2564 3654 μὴ
2616 3585 2917 3656 συσφίγξῃς
2969 3585 3067 3657 τὴν
3109 3589 3266 3658 χεῖρά
3315 3604 3408 3640 σου
3466 3588 3574 3640 ἀπὺ
3623 3586 3722 3640 τοῦ

2144 3674 2374 3742 ἀδελφοῦ
2402 3692 2516 3739 σου,
2541 3675 2633 3728 τοῦ
2661 3675 3030 3745 ὲπιδεομένου.
3082 3678 3336 3747 Ἀνοίγων
3367 3678 3598 3742 ἀνοίξεις
3621 3679 3724 3748 τὴν

2143 3767 2302 3838 χεῖρά
2332 3783 2426 3818 σου
2447 3767 2614 3837 αύτῷ,
2639 3769 2848 3822 δάνειον
2874 3769 3072 3833 δανιεῖς
3092 3770 3239 3841 αύτῷ
3264 3772 3387 3824 ὅσον
3410 3771 3478 3824 ἂν
3499 3772 3720 3841 ὲπιδέη-

2141 3875 2252 3924 ται,
2272 3859 2365 3911 καὶ⁸
2380 3858 2501 3912 καθ’
2518 3859 2641 3912 ὅσον
2663 3859 2990 3932 ὑπερείται.
3015 3861 3258 3932 Πρόσεχε
3279 3861 3490 3934 σεαυτῷ
3510 3864 3721 3934 μήποτε

2143 3949 2370 4020 γένηται
2401 3950 2551 4021 ῥῆμα
2575 3952 2820 4022 κρυπτὸν
2842 3955 2900 4006 ὲν
2920 3948 2986 4023 τῇ
3011 3953 3210 4024 καρδία
3231 3971 3324 4008 σου
3351 3956 3522 4026 ἀνόμη
3533 3973 3610 4025 μα
3637 3955 3724 4007 λέ-

2143 4058 2285 4110 γων·
2324 4040 2562 4111 Ἐγγίξει
2585 4043 2648 4096 τὸ
2671 4043 2790 4107 ἔτος
2816 4044 2879 4097 τὸ
2897 4043 3145 4115 ἕϐδομον,
3173 4046 3292 4110 ἔτος
3317 4047 3420 4113 τῆς
3445 4048 3720 4116 ἀφέσεως,

2146 4134 2241 4188 καί¹
2269 4134 2674 4205 πονηρεύσηται
2698 4137 2726 4188 6
2745 4135 3027 4206 ὀφθαλμός
3051 4153 3144 4190 σου
3167 4138 3242 4208 τῷ
3267 4137 3482 4208 ἀδελφῷ
3513 4155 3606 4192 σου
3639 4137 3720 4208 τῷ

2142 4228 2499 4299 ἐπιδεομένῳ,
2532 4229 2625 4282 καὶ
2645 4229 2704 4281 ού
2726 4228 2833 4300 δῷς
2857 4230 3026 4301 αὐτῷ,
3055 4229 3149 4283 καὶ
3175 4230 3430 4301 βοήσεται
3449 4231 3588 4285 κατά
3623 4229 3721 4284 σοῦ

2141 4318 2278 4389 πρὸς
2304 4318 2530 4390 Κύριον,
2557 4320 2652 4373 καὶ
2686 4318 2840 4374 ἐσται
2875 4337 2958 4373 σοι
2983 4322 3228 4394 ἀμαρτία
3266 4322 3506 4393 μεγάλη’
3540 4321 3718 4384 διδοὺς

2140 4411 2331 4474 δώσεις
2366 4411 2537 4482 αὐτῷ,
2573 4412 2668 4464 καὶ
2708 4412 2919 4466 δάνειον
2939 4413 3138 4476 δανιείς
3175 4413 3328 4483 αὺτῷ
3347 4416 3470 4468 ὅσον
3492 4414 3562 4468 ἂν
3599 4415 3722 4467 ἐπι-

2140 4503 2326 4574 δέηταί
2358 4521 2475 4564 σου,
2518 4504 2610 4557 καὶ
2647 4505 2710 4555 οὐ
2742 4504 3033 4577 λυπηθήσῃ
3065 4509 3132 4578 τῇ
3167 4506 3364 4577 καρδίᾳ
3400 4524 3514 4572 σου,
3542 4506 3715 4560 διδόν-

2137 4614 2228 4659 τος
2259 4596 2355 4650 σοῦ
2393 4596 2576 4667 αὐτῷ·
2607 4597 2690 4649 ὅτι
2736 4597 2826 4649 διά
2856 4597 2918 4649 τὸ
2965 4599 3118 4668 ῥῆμα
3145 4599 3304 4652 τοῦτο
3333 4600 3617 4671 εύλογήσει
3652 4617 3713 4652 σε

2138 4687 2339 4758 Κύριος
2385 4690 2414 4741 6
2446 4688 2576 4751 Θεός
2609 4705 2725 4749 σου,
2761 4689 2821 4740 ὲν
2854 4690 2988 4742 πᾶσι
3011 4691 3123 4754 τοῖς
3165 4691 3348 4762 ἔργοις
3380 4710 3495 4758 σου,
3531 4693 3624 4745 καὶ
3655 4693 3717 4745 ὲν

2137 4779 2306 4832 πᾶσιν
2322 4771 2384 4831 οὗ
2405 4778 2472 4832 ἂν
2501 4779 2763 4852 ἐπιϐάλῃς
2789 4781 2888 4852 τὴν
2909 4783 3070 4852 χεῖρά
3087 4801 3202 4838 σου.
3235 4803 3254 4835 ι
3290 4786 3368 4840 Ού
3399 4785 3709 4856 λυπηθήσῃ,

2138 4870 2294 4939 φησὶ,
2315 4873 2382 4941 τῇ
2403 4871 2602 4941 καρδίᾳ.
2614 4871 2846 4935 διδόντος
2865 4873 2962 4926 σοῦ
2982 4872 3178 4944 cum?”
3208 4877 3414 4949 ’ἱλαρὸν
3436 4878 3545 4949 γάρ
3556 4878 3712 4947 δότην

2136 4961 2326 5031 ἀγαπᾷ
2369 4961 2399 5012 6
2433 4960 2565 5025 Θεὸς
2586 5004 2603 5026 ,
2629 4980 2648 5013 ι
2685 4963 2826 5017 κατά
2878 4963 2978 5033 τὴν
3031 4965 3128 5018 τοῦ
3178 4967 3451 5037 μακαρίου
3497 4967 3713 5020 Παύλου

2136 5053 2340 5122 φωνήν.

2206 5341 2410 5395 ΠᾹΛΛ.
2453 5336 2586 5393 Εἶτα
2620 5339 2737 5404 πῶς
2784 5339 2845 5392 τὸ
2887 5338 3006 5403 ἔτος
3031 5338 3092 5392 τὸ
3140 5337 3366 5407 ἕϐδομον
3409 5335 3592 5389 τοῦτο*
3611 5335 3715 5407 τὴν

2131 5432 2225 5486 τοῦ
2255 5431 2506 5502 Σωτῆρος
2535 5430 2689 5502 ἡμῶν
2731 5431 3027 5501 καταδηλοί
3071 5429 3394 5500 παρουσίαν,
3441 5427 3564 5481 καθ’
3589 5427 3655 5498 ἣν
3681 5429 3714 5480 6

2130 5527 2229 5594 τῆς
2255 5523 2509 5577 ἁπάντων
2548 5523 2795 5593 ἀφέσεως
2824 5521 3104 5592 ἀνεδείχθη
3150 5519 3362 5592 καιρὸς,
3413 5520 3531 5590 ἦτοι
3557 5532 3714 5572 τετε-

2130 5615 2348 5666 λείωται
2377 5613 2576 5683 τρόπος
2595 5631 2613 5679 ;

2134 5796 2292 5850 Deut.
2325 5797 2411 5863 15,
2444 5796 2555 5850 1-5.
2633 5795 2677 5827 ’³
2707 5793 2847 5850 Ibid.
2883 5793 3038 5849 7-10.
3075 5795 3118 5841 ’ξ
3147 5795 3193 5850 Il
3225 5794 3355 5851 Cor.
3390 5810 3466 5863 ix,
3491 5794 3548 5852 7.
