4118 6432
413 366 520 423 569

1127 364 1216 420 DE
1253 363 1696 420 ADORATIONE
1736 364 1803 420 IN
1845 360 2116 418 SPIRITU
2155 362 2245 416 ET
2279 360 2649 419 VERITATE.
2692 360 2822 415 LIB.
2857 359 2992 416 VIII.

3597 365 3704 420 570

484 479 654 535 ΚΥΡ.
702 479 774 532 Ἦ
812 478 875 532 οὐ
922 479 1179 550 μεμνήσῃ
1227 479 1584 551 διειρηκότων
1622 479 1779 551 ήμῶν
1825 481 1920 533 καὶ
1952 479 1989 530 ἐκ

2183 475 2344 531 CYR.
2384 477 2466 531 An
2489 487 2549 532 tu
2575 477 2781 532 oblitus
2811 492 2893 541 es,
2926 491 3030 530 nos
3069 477 3328 545 superius
3347 492 3568 546 quoque
3588 479 3701 548 jam

411 574 526 636 τοῖς
556 570 660 642 ήδη
704 570 1116 642 παρῳχηκόσιν,
1149 570 1233 624 ὅτι
1265 569 1495 641 σύνηθες
1526 573 1594 641 τῇ
1638 571 1759 642 θείᾳ
1790 571 2001 641 Γραφῇ,

407 661 508 717 τοῦ
557 660 827 733 παρόντος
874 661 970 714 καὶ
1016 662 1371 732 ἐνεστηκότος
1419 662 1616 726 αἰῶνος
1667 663 1727 715 τὸ
1785 661 2007 732 σύμπαν

407 754 690 825 διάστημα
713 751 1052 824 παρομοιοῦν
1080 753 1358 824 ὲὸδομάδι,
1385 753 1476 806 διὰ
1503 755 1603 824 τὴν
1633 753 1712 816 εἰς
1739 752 1800 804 τὸ
1828 753 2008 821 ἀπαρ-

410 848 514 917 χῆς
554 845 662 899 τῶν
704 846 930 916 ήμερῶν
968 844 1384 910 ἀνακύκλωσιν;
1427 845 1599 914 πέρας
1634 844 1743 915 γὰρ
1769 844 2004 914 ἐϐδομά-

407 938 536 1002 δος,
582 939 644 991 τδ
681 931 984 1001 Σάϐϐατον,
1031 941 1127 991 καὶ
1167 937 1362 1006 γείτων
1390 935 1616 1007 εύθὺςή
1655 937 1841 1006 ὀγδόη,
1877 936 2005 990 νέαν

405 1032 545 1100 ἡμῖν
599 1029 790 1102 ὥσπερ
837 1030 1034 1093 αἰῶνος
1074 1029 1251 1100 ἀρχὴν
1293 1028 1704 1100 είσκομίσουσα,
1757 1028 1846 1082 διὰ
1903 1028 2004 1098 τῆς

404 1121 765 1184 ἀναστάσεως
791 1119 885 1174 τοῦ
917 1119 1182 1191 Χριστοῦ.

480 1213 692 1268 ΠΔΛΛ.
734 1213 1127 1284 Μεμνήσομαι.

390 1344 398 1353 .
475 1303 648 1357 ΚΥΡ.
702 1302 1105 1373 Ἐπιδεδήμηκε
1130 1301 1316 1356 τοίνυν
1335 1299 1480 1354 κατά
1503 1299 1600 1363 τὰς
1630 1299 1876 1372 Γραφάς,
1907 1300 2000 1353 ἐπὶ

404 1395 694 1468 συντελείᾳ
720 1396 814 1450 τοῦ
865 1397 1132 1467 παρόντος
1173 1393 1390 1459 αἰῶνος,
1437 1395 1530 1447 καὶ
1575 1393 1736 1447 οἱονεί
1782 1410 1899 1456 πως
1941 1395 2000 1446 έν

401 1489 674 1560 Σαϐϐάτῳ
701 1490 958 1561 Χριστὸς,
985 1489 1074 1543 ὅτε
1104 1489 1199 1542 καὶ
1243 1488 1447 1559 ἀνῆκεν
1488 1487 1756 1552 ἅπαντας,
1792 1487 1999 1557 σειραῖς

397 1577 511 1629 τῶν
543 1577 764 1631 οἰκείων
787 1577 1076 1649 ἁμαρτιῶν
1099 1577 1594 1647 κατεσφιγμένους,
1627 1576 1721 1630 καὶ
1750 1565 1998 1647 ὲπιυφλη-

397 1667 570 1732 κότας
604 1668 758 1740 αὐτῷ
783 1672 908 1734 τοὺς
931 1670 1033 1738 τῆς
1059 1669 1430 1742 παραϐάσεως
1459 1671 1670 1740 λόγους.
1704 1669 1996 1739 Τοιγάρτοι

395 1761 495 1815 καὶ
518 1762 578 1814 ὲν
607 1763 722 1824 τοῖς
755 1762 1130 1830 Εὑαγγελίοις,
1162 1761 1467 1832 ὀφειλέταις
1495 1763 1644 1833 ἡμᾶς
1672 1761 1996 1831 παρεικάζει

2109 567 2532 632 dixissc,moris
2582 584 2704 624 esse
2760 568 2962 623 divina:
3013 568 3336 638 Scriptum,
3381 569 3702 624 universum

2107 661 2295 716 saeculi
2321 661 2610 730 praesentis
2650 663 2910 732 spatium,
2937 671 3166 732 propter
3193 663 3347 716 illam
3384 662 3601 717 dicrum
3632 664 3700 718 ad

2106 754 2329 808 initium
2369 755 2774 809 revolutionem
2823 755 3155 810 hebdomadi
3183 757 3546 826 comparare?
3573 757 3702 812 finis

2105 846 2254 900 enim
2281 845 2641 899 hcbdomadaa
2688 845 2990 900 Sabbatum
3031 856 3146 913 est;
3196 848 3362 918 eique
3412 849 3700 918 proximus

2104 937 2369 992 continuo
2393 947 2477 991 est
2511 937 2632 991 dies
2655 946 2900 1002 octavus,
2937 941 3031 1008 qui
3064 957 3266 995 novum
3293 941 3700 1010 quodammodo

2105 1031 2289 1084 Steculi
2312 1029 2532 1084 initium
2555 1046 2654 1100 per
2679 1029 2885 1085 Christi
2917 1033 3378 1088 resurrectionem
3406 1033 3587 1088 affert.

2174 1204 2372 1259 PALL.
2408 1205 2654 1260 Memini.

2172 1294 2329 1350 CYR.
2359 1296 2598 1351 Advenit
2632 1296 2800 1366 igitur
2823 1297 3130 1353 secundum
3166 1298 3480 1368 Scripturas
3503 1299 3558 1353 in
3585 1299 3694 1354 fine

2100 1387 2388 1456 prtesentis
2413 1389 2620 1453 saeculi,
2673 1405 2737 1443 ac
2791 1389 2949 1458 quasi
3001 1390 3057 1443 in
3099 1389 3341 1444 Sabbato
3395 1390 3690 1446 Christus:

2100 1494 2226 1533 eum
2252 1481 2418 1534 etiam
2468 1497 2661 1537 omnes
2703 1483 2961 1538 homines
2997 1483 3252 1546 exsolvit,
3287 1484 3523 1539 vinculis
3565 1499 3696 1553 pee-

2099 1580 2346 1626 catorum
2385 1589 2617 1628 suorum
2647 1576 2998 1639 constrictos,
3023 1583 3078 1630 et
3109 1577 3561 1646 transgressionis
3581 1591 3696 1630 sua:

2099 1658 2410 1714 rationibus
2445 1662 2743 1716 reddendis
2769 1664 3062 1718 obnoxios.
3109 1665 3302 1735 Itaque
3335 1675 3393 1720 ct
3428 1668 3483 1719 in
3509 1666 3692 1720 Evan-

2100 1749 2256 1818 geliis
2281 1764 2384 1804 nos
2415 1749 2766 1806 debitoribus
2794 1761 3096 1822 comparat,
3127 1753 3361 1810 dicens:
3397 1775 3413 1806 ι
3449 1756 3565 1810 Duo
3593 1756 3694 1809 de-

394 1851 606 1920 λέγων·
643 1869 664 1904 ι
693 1851 797 1906 Δύο
821 1827 1218 1924 χρεωφειλέται
1249 1849 1390 1925 ἦσαν
1419 1827 1693 1926 ἀνθ-ρώπῳ
1715 1827 1794 1906 ἑνί
1818 1867 1830 1881 ·
1861 1853 1890 1905 6
1913 1847 1989 1916 εἷς

2100 1838 2312 1894 bitores
2369 1851 2528 1896 erant
2583 1839 2803 1896 cuidam
2854 1842 3190 1909 feneratori;
3251 1861 3397 1900 unus
3454 1845 3694 1900 debebat

395 1941 634 2012 ὤφειλεν
669 1943 820 2015 αὐτῷ
845 1945 1078 2017 δηνάρια
1109 1946 1463 2009 πεντακόσια,
1493 1947 1522 1999 6
1550 1945 1608 1999 δὲ
1639 1945 1827 2017 ἔτερος
1860 1961 1992 1997 πεν-

393 2039 659 2107 τήκοντα.
700 2038 792 2110 Μὴ
821 2040 1052 2109 ἐχόντων
1082 2039 1141 2092 δὲ
1175 2038 1358 2093 αὐτῶν
1401 2039 1718 2104 ἀποδοῦναι,
1749 2037 1995 2110 ἀμφοτέ-

394 2146 516 2200 ροις
551 2131 868 2201 ἐχαρίσατο.
927 2149 946 2182 ι
1002 2132 1115 2185 Καὶ
1173 2131 1311 2202 πρὸς
1362 2133 1572 2195 τούτοις
1628 2130 1709 2184 ἔτι
1753 2130 1846 2182 τὸν
1896 2129 1994 2200 τῆς

391 2223 714 2292 προσευχῆς
761 2222 892 2293 ήμῖν
945 2221 1289 2276 διαπλάττων
1333 2221 1528 2286 τύπον,
1587 2239 1606 2273 ι
1661 2220 1852 2283 Οὕτως
1896 2216 1992 2273 οὖν

392 2314 562 2382 ὑμεῖς
599 2311 995 2383 προσεύχεσθε,
1031 2315 1166 2385 φησι
1186 2331 1200 2346 ο
1234 2313 1418 2386 Πάτερ
1442 2313 1597 2384 ἡμῶν
1624 2315 1652 2367 6
1680 2314 1738 2365 ὲν
1765 2315 1872 2375 τοῖς
1897 2313 1992 2364 ού-

393 2407 606 2477 ρανοίς,
644 2403 964 2476 ἁγιασθήτω
996 2406 1059 2458 τὸ
1085 2405 1260 2476 ὄνομά
1297 2423 1416 2471 σου,
1455 2405 1658 2460 ἐλθέτω
1683 2406 1719 2476 ή
1745 2403 1992 2475 βασιλεία

393 2511 516 2557 σου,
568 2493 862 2566 γενηθήτω
914 2494 977 2546 τὸ
1036 2493 1252 2566 θέλημά
1304 2512 1399 2549 σου
1427 2495 1503 2560 ὡς
1539 2494 1858 2566 ἐνεούρανῷ
1896 2496 1992 2548 καὶ

391 2587 491 2639 ἐπὶ
517 2586 617 2659 τῆς
645 2587 770 2656 γῆς,
816 2585 909 2639 τὸν
940 2584 1103 2658 ἄρτον
1136 2587 1296 2658 ἡμῶν
1322 2587 1412 2642 τὸν
1444 2587 1718 2641 ἐπιούσιον
1743 2587 1831 2651 δὸς
1858 2589 1991 2658 ήμῖν

392 2678 661 2749 σήμερον,
709 2677 805 2730 καὶ
849 2676 988 2747 ἀφες
1027 2679 1161 2750 ἡμῖν
1195 2679 1262 2732 τὰ
1301 2680 1650 2750 ὀφειλήματα
1697 2678 1878 2751 ἡμῶν,
1914 2679 1992 2742 ὼς

391 2771 490 2825 καὶ
515 2771 679 2841 ἡμεῖς
725 2771 960 2842 ἀφίεμεν
992 2773 1106 2836 τοῖς
1145 2771 1451 2841 ὀφειλέταις
1472 2771 1652 2844 ήμῶν.
1684 2791 1702 2823 ι
1738 2771 1990 2840 Πλαγίως

390 2858 489 2918 οὖν
537 2864 649 2936 ἀρα
689 2863 783 2916 καὶ
819 2863 1237 2934 αἰνιγματωδῶς
1285 2864 1315 2916 6
1361 2864 1525 2934 νόμος
1573 2863 1635 2916 τὸ
1667 2862 1810 2917 θεῖον
1856 2863 1988 2932 ἡμῖν

392 2955 668 3026 ὑπεδήλου
713 2956 1035 3026 μυστήριον,
1075 2956 1270 3024 ἄφεσιν
1315 2953 1589 3007 ποιεῖσθαι
1633 2954 1990 3025 προστάττων

389 3048 491 3120 τὴν
515 3048 584 3101 δι’
637 3049 776 3101 ἐτῶν
811 3047 972 3111 ἑπτὰ,
1011 3048 1103 3101 καὶ
1132 3049 1252 3111 ταῖς
1293 3047 1395 3116 τῆς
1422 3046 1793 3118 χρηστότητος
1826 3045 1987 3116 ἐμϐι-

2097 1931 2354 1987 denarios
2399 1934 2754 2006 quingentos,
2795 1936 2936 1990 alter
2986 1938 3383 2008 quinquaginta
3427 1956 3440 1991 :
3482 1947 3693 1994 etcum

2094 2037 2205 2076 non
2233 2023 2503 2079 haberent
2531 2026 2678 2081 unde
2704 2027 3026 2093 redderent,
3045 2029 3273 2084 donavit
3294 2031 3544 2100 utrisque
3569 2032 3636 2086 “.
3667 2051 3686 2083 ι

2089 2113 2175 2170 Ad
2197 2115 2335 2180 haec,
2358 2132 2484 2170 cum
2507 2117 2739 2172 formam
2763 2134 2982 2188 quoque
3007 2120 3203 2176 orandi
3226 2121 3386 2177 nobis
3411 2123 3652 2177 traderet
3676 2141 3692 2176 :

2102 2224 2120 2256 ι
2157 2204 2275 2270 Sic,
2305 2206 2516 2276 inquit,
2562 2223 2662 2263 vos
2711 2217 2866 2263 orate
2906 2228 2918 2262 :
2963 2211 3124 2265 Pater
3162 2221 3371 2276 noster,
3405 2212 3502 2282 qui
3532 2228 3596 2267 es
3631 2213 3692 2267 in

2093 2298 2270 2363 caelis,
2301 2300 2680 2355 sanetiiicctur
2719 2316 2922 2356 nomen
2953 2310 3140 2370 tuum;
3176 2303 3433 2358 adveniat
3462 2320 3691 2374 regnum

2091 2397 2272 2457 tuum,
2315 2390 2409 2446 ﬁat
2433 2393 2692 2447 voluntas
2735 2399 2828 2447 tua
2857 2393 3002 2448 sicut
3048 2394 3106 2448 in
3150 2395 3292 2450 cmlo
3318 2402 3376 2449 et
3413 2395 3470 2449 in
3510 2404 3689 2464 terra;

2091 2499 2290 2554 panem
2312 2492 2564 2540 nostrum
2585 2485 2971 2555 quotidianum
3000 2486 3070 2541 da
3099 2487 3265 2542 nobis
3292 2488 3488 2553 hodie,
3521 2497 3577 2543 et
3601 2489 3692 2542 di-

2092 2577 2248 2632 mitte
2280 2576 2442 2647 275
2474 2577 2636 2632 nobis
2657 2578 2846 2633 debita
2880 2588 3092 2644 nostra,
3121 2580 3264 2634 sicut
3289 2588 3345 2634 et
3367 2597 3471 2636 nos
3498 2581 3695 2638 dimit-

2095 2669 2270 2725 timus
2289 2670 2640 2726 debitoribus
2660 2669 2869 2726 nostris
2889 2671 2957 2724 ’⁸.
2993 2690 3012 2723 ›
3058 2670 3293 2742 Oblique
3317 2673 3484 2743 igitur
3513 2682 3569 2728 et
3591 2689 3694 2744 per

2089 2763 2322 2833 aenigma
2381 2764 2544 2819 nobis
2584 2764 2672 2819 lex
2710 2763 2959 2818 divinum
3015 2766 3341 2836 mysterium
3399 2766 3689 2833 indicavit;

2089 2870 2217 2909 cum
2233 2856 2470 2926 septimo
2489 2872 2709 2927 quoque
2734 2872 2878 2912 anno
2903 2857 3326 2913 remissionnem
3351 2856 3469 2911 fieri
3491 2859 3688 2929 jussit:

2092 2955 2150 3000 et
2180 2948 2344 3002 simul
2373 2949 2444 3003 ad
2477 2949 2842 3021 benignitatis
2881 2951 3108 3005 semitas
3142 2950 3375 3013 inducit,
3403 2951 3534 3006 dum
3559 2953 3694 3007 cha-

2092 3045 2312 3126 ritatem
2346 3046 2402 3101 in
2423 3046 2627 3102 fratres
2655 3047 2868 3102 divitiis
2897 3063 3221 3118 praponerc
3251 3047 3433 3110 docet,
3456 3047 3692 3104 etfacile

390 3141 554 3206 ϐάζει
571 3139 804 3212 τρίϐοις,
839 3158 943 3212 χρη
955 3140 1141 3212 μάτων
1168 3140 1378 3210 ἀμείνω
1401 3137 1674 3192 ποιεῖσθαι
1695 3137 1984 3202 διδάσκων,

2092 3138 2217 3193 aliis
2262 3139 2537 3210 impertiri
2587 3147 2752 3209 atque
2792 3140 3205 3196 communicare
3259 3141 3454 3196 suadet
3486 3150 3690 3212 :atque

387 3234 492 3304 τὴν
529 3235 612 3298 εἰς
655 3232 918 3301 ἀδελφοὺς
969 3232 1274 3301 ἀγάπησιν,
1317 3229 1711 3301 εὐμεταδότους
1756 3246 1816 3282 τε
1845 3225 1988 3282 εἶναι

390 3327 488 3381 καὶ
543 3327 901 3389 κοινωνικούς
945 3325 1288 3384 ἀναπείθων,
1340 3325 1436 3378 καὶ
1480 3323 1647 3376 οἱονεὶ
1701 3322 1990 3393 μελέτησίν

388 3435 514 3471 τινα
556 3419 657 3488 τῆς
687 3418 768 3480 εἰς
817 3416 1066 3480 ἅπαντας
1099 3415 1490 3486 ἀφθονωτέρας
1525 3414 1730 3480 αἰδοῦς,
1775 3416 1875 3485 τὴν
1908 3415 1988 3478 είς

388 3510 621 3580 ἀδελφὸν
662 3512 758 3564 καὶ
800 3510 1017 3578 γείτονα
1042 3509 1181 3574 τέως
1210 3509 1528 3581 ἡμερότητα
1555 3507 1747 3571 τιθείς.

461 3605 674 3658 ΠΑΛΛ.
718 3596 847 3657 Ὧδε
883 3602 1018 3673 ἔχει.
1062 3602 1453 3674 Συναινέσαιμι
1496 3601 1608 3673 γὰρ
1639 3602 1987 3673 ἁριστοεπεῖν

389 3697 448 3751 ὲθ
459 3697 632 3751 ἐλοντί
663 3714 766 3751 σοι.

455 3789 622 3844 ΚΥΡ.
650 3789 762 3843 Καὶ
785 3788 846 3842 r6
868 3787 949 3842 ἔτι
979 3788 1188 3860 μεῖζον,
1214 3789 1262 3842 εί
1285 3787 1500 3861 μάθοις,
1531 3787 1990 3860 καταθαυμάσαις

389 3881 476 3948 ἂν,
512 3876 560 3935 ὧ
589 3882 884 3937 Παλλάδιε,

460 3971 678 4026 ΠΑΛΛ.
715 3971 788 4024 Τὸ
821 3973 978 4024 ποῖον
996 3988 1014 4036 ;

459 4064 628 4118 ΚΥΡ.
657 4064 1043 4134 Χρηστότητος
1071 4061 1181 4133 γὰρ
1211 4061 1304 4116 καὶ
1333 4061 1688 4132 φιλαλληλίας
1721 4063 1798 4124 είς
1828 4060 1991 4114 τοῦτο

388 4159 661 4230 προήκειν
687 4155 836 4226 ἡμᾶς
863 4155 892 4207 6
920 4153 1085 4225 νόμος
1120 4151 1392 4224 βούλεται,
1425 4151 1500 4214 ὡς
1531 4151 1683 4204 οῦδὲν
1710 4149 1983 4220 ἡγεῖσθαι,

386 4251 488 4321 τῆς
522 4250 603 4312 εἰς
628 4247 894 4318 ἀδελφοὺς
921 4245 1143 4317 ἀγάπης
1175 4246 1237 4297 τὸ
1269 4243 1606 4298 ἰσοστατούν.
1637 4242 1989 4296 Κατακολουο

387 4341 500 4396 θεῖν
547 4341 606 4394 δὲ
653 4339 798 4394 οὕτω
827 4337 1092 4409 γεννικῶς
1135 4340 1256 4400 ταῖς
1305 4336 1392 4390 ἐπ’
1426 4337 1610 4399 αὐτοῖς
1640 4333 1984 4405 δυσθυμίαις,

386 4434 460 4498 ὡς
522 4433 619 4487 καὶ
665 4432 744 4504 (l)
783 4431 956 4504 ὀργῆς
1007 4428 1240 4502 ὁρᾶσθαι
1274 4427 1625 4500 κρείττονας,
1679 4426 1782 4480 κᾶν
1821 4428 1870 4479 εί
1911 4424 1988 4496 μὴ

2092 3231 2237 3286 hanc
2265 3232 2488 3286 interim
2515 3233 2568 3286 in
2593 3231 2821 3286 fratrem
2849 3241 2905 3286 et
2929 3232 3246 3302 proximum
3281 3233 3688 3290 humanitatem

2091 3325 2248 3396 quasi
2274 3326 2730 3382 exercitationem
2758 3327 3058 3397 quamdam
3090 3330 3372 3398 proponit,
3400 3346 3498 3400 per
3520 3347 3688 3400 quam

2091 3418 2158 3473 ad
2189 3418 2564 3473 liberaliorem
2596 3419 2746 3474 illam
2771 3435 2903 3492 erga
2923 3436 3118 3477 omnes
3136 3422 3393 3477 homines
3423 3423 3688 3493 pietatem

2089 3507 2468 3576 perveniatur.

2160 3599 2358 3654 PALL.
2400 3600 2492 3656 Sic
2519 3617 2578 3658 se
2609 3617 2702 3658 res
2723 3601 2893 3658 habet
2925 3603 3059 3658 :tibi
3081 3604 3232 3660 enim
3253 3605 3460 3676 optima
3481 3606 3686 3663 dicenti

2089 3693 2383 3747 assentior.

2159 3785 2319 3840 CYR.
2353 3786 2544 3857 Atqui,
2567 3788 2612 3843 si
2643 3787 2720 3856 id,
2758 3789 2907 3860 quod
2934 3791 3114 3862 majus
3138 3799 3249 3857 est,
3279 3791 3565 3857 didiceris,
3591 3791 3691 3848 ad-

2089 3878 2386 3944 mirabere,
2421 3880 2652 3934 Palladi.

2160 3970 2363 4025 PALL.
2394 3971 2538 4038 Quid
2565 3973 2712 4027 istud
2753 3975 2974 4029 tandem
2992 3975 3017 4027 ἶ

2166 4062 2434 4118 CYR.Ad
2475 4079 2596 4118 eam
2650 4065 2798 4118 enim
2847 4066 2935 4120 lex
2984 4065 3382 4137 benignitatem
3424 4067 3685 4137 progredi

2088 4171 2193 4210 nos
2212 4154 2352 4218 vult,
2373 4161 2435 4208 ut
2459 4154 2599 4207 nihil
2623 4155 2880 4209 charitati
2906 4157 2964 4209 in
2999 4155 3202 4211 fratres
3220 4157 3549 4227 aequandum
3576 4173 3684 4226 pu-

2089 4259 2270 4303 temus
2299 4266 2314 4300 :
2340 4247 2479 4301 adeo
2495 4247 2661 4301 etiam
2685 4247 2752 4301 iis
2767 4248 2965 4304 cedere
3008 4263 3072 4303 ac
3095 4248 3311 4304 fortiter
3327 4249 3470 4305 ferre
3486 4265 3683 4304 eorum

2090 4343 2427 4396 inhumanos
2466 4349 2632 4410 atque
2668 4357 2898 4411 asperos
2941 4357 3148 4407 mores,
3185 4349 3251 4396 ut
3292 4343 3430 4396 iram
3458 4360 3683 4414 quoque

2087 4435 2396 4497 vincamus,
2420 4433 2674 4503 quamvis
2701 4433 2780 4488 illi
2809 4450 2919 4488 non
2945 4435 3216 4505 ejusmodi
3255 4435 3367 4489 sint
3391 4451 3520 4506 erga
3553 4452 3679 4503 nos,

385 4527 634 4596 γένοιντο
658 4525 794 4594 πρὸς
817 4525 966 4602 ἡμᾶς
988 4522 1207 4586 ὁποίους
1230 4517 1370 4575 εἶναί
1392 4539 1450 4573 τε
1477 4520 1575 4572 καὶ
1595 4518 1825 4591 ὁρᾶσθαι
1854 4519 1982 4591 χρὴ,

2092 4526 2283 4597 quales
2325 4540 2422 4580 eos
2462 4540 2583 4579 esse
2629 4540 2694 4579 ac
2738 4525 2916 4579 videri
2953 4525 3247 4580 conveniat
3290 4525 3466 4595 :quin
3511 4526 3682 4581 etiam

384 4621 479 4675 καὶ
525 4621 647 4681 ταῖς
678 4616 1124 4688 ἀφιλοστοργίαις
1172 4615 1379 4668 ἕλοιντο
1417 4612 1630 4665 λυπεῖν.
1667 4613 1855 4682 Ἔχεις
1886 4613 1983 4666 καὶ

387 4713 542 4768 τοῦδε
582 4711 676 4766 τὸν
704 4710 875 4764 τύπον
902 4713 960 4765 ὲν
982 4711 1095 4772 τοῖς
1136 4709 1446 4780 Ἀριθμοῖς·
1482 4727 1499 4760 ι
1529 4708 1641 4762 Καὶ
1689 4707 1978 4771 ἀπέστειλε

381 4809 516 4877 γὰρ,
534 4805 722 4878 φησὶν,
737 4805 766 4857 6
782 4805 986 4872 Μωσῆς
1017 4804 1284 4876 ἀγγέλους
1315 4803 1381 4856 ἐκ
1397 4802 1580 4873 Κάδης
1602 4803 1739 4874 πρὸς
1751 4801 1980 4872 βασιλέα

396 4899 599 4970 Ἐδὼμ,
637 4897 812 4966 λέγων
834 4914 848 4926 ·
901 4896 1041 4949 Τάδε
1084 4895 1234 4965 λέγει
1266 4897 1294 4948 ὁ
1323 4892 1553 4964 ἀδελφός
1587 4911 1680 4947 σου
1721 4894 1975 4964 Ἰσραήλ·

383 4988 456 5041 Σὺ
488 4988 690 5059 ἐπίστῃ
725 4985 903 5038 πάντα
936 4985 1026 5038 τὸν
1061 4984 1260 5056 μόχθον
1294 4983 1384 5037 τὸν
1419 4983 1650 5055 εὑρόντα
1683 4985 1851 5055 ἡμᾶς,
1885 4985 1980 5038 καὶ

381 5075 698 5146 κατέϐησαν
726 5077 774 5128 οἱ
809 5075 1049 5148 πατέρες
1074 5076 1234 5147 ἡμῶν
1258 5077 1339 5139 εἰς
1378 5074 1675 5143 Αἴγυπτον,
1715 5077 1811 5130 καὶ
1834 5094 1978 5149 παρ-

379 5169 576 5240 ῳκήσα
584 5185 683 5240 μεν
706 5169 763 5220 έν
790 5167 1050 5239 Αἰγύπτῳ
1065 5169 1278 5240 ἡμέρας
1302 5167 1542 5233 πλείους,
1569 5168 1663 5221 καὶ
1687 5169 1978 5222 ἐκάκωσαν

381 5261 532 5331 ἡμᾶς
587 5262 638 5314 οἱ
688 5258 980 5328 Αἰγύπτιοι
1029 5261 1125 5313 καὶ
1171 5261 1299 5324 τοὺς
1342 5259 1590 5330 πατέρας
1643 5260 1841 5330 ἡμῶν,
1881 5263 1977 5315 καὶ

376 5352 762 5425 ἀνεὸοήσαμεν
790 5351 926 5423 πρὸς
952 5351 1177 5422 Κύριον,
1203 5353 1296 5424 καξι
1325 5353 1616 5422 εἰσήκουσε
1645 5351 1849 5422 Κύριος
1876 5353 1976 5422 τῆς

381 5450 571 5517 φωνῆς
625 5445 816 5516 ήμῶν,
860 5443 956 5497 καὶ
1008 5443 1339 5507 ἀποστείλας
1390 5443 1648 5511 ἄγγελον,
1703 5441 1974 5512 ἐξήγαγεν

376 5534 530 5604 ἡμᾶς
561 5533 619 5600 ἐξ
644 5532 948 5602 Αἰγύπτου,
977 5531 1070 5586 καὶ
1098 5531 1193 5585 νῦν
1221 5534 1388 5603 ἐσμεν
1416 5534 1473 5585 ἐν
1501 5531 1686 5602 Κάδης
1710 5531 1880 5598 πόλει,
1909 5534 1975 5587 ἐκ

453 5694 501 5726 ⁸⁸
529 5691 667 5749 Luc.
701 5710 796 5759 vn,
834 5693 924 5759 41,
955 5693 1044 5748 42.
1121 5694 1166 5724 ’⁸
1197 5693 1476 5762 Matthxi,
1505 5697 1661 5754 9-l'5.

2087 4621 2271 4675 animo
2301 4634 2330 4672 a
2353 4617 2558 4690 pietate
2584 4632 2815 4687 prorsus
2856 4617 3058 4682 alieno,
3093 4616 3258 4672 nobis
3308 4616 3555 4672 dolorem
3596 4617 3686 4671 in-

2085 4727 2248 4767 urere
2268 4717 2488 4766 curcnt.
2504 4709 2687 4763 Habes
2708 4708 2875 4779 hujus
2897 4725 3116 4778 quoque
3130 4708 3211 4764 rei
3233 4707 3460 4780 ﬁguram
3485 4709 3540 4763 in
3563 4709 3684 4763 Nu-

2084 4803 2253 4857 meris
2272 4821 2289 4855 1
2317 4821 2333 4853 ι
2357 4802 2425 4856 Et
2465 4799 2649 4865 misit,
2679 4799 2877 4869 inquit,
2923 4800 3135 4871 Moyses
3155 4800 3384 4854 nuntios
3411 4815 3478 4854 ex
3502 4799 3684 4856 Cades
3731 4850 3733 4852 .

2085 4894 2152 4948 ad
2193 4910 2379 4966 regem
2429 4894 2628 4958 Edam,
2678 4894 2870 4949 dicens
2919 4911 2934 4946 :
2981 4893 3108 4948 Ilzec
3151 4891 3287 4948 dicit
3330 4891 3499 4946 frater
3549 4899 3684 4950 tuus

2082 4988 2251 5044 Israel
2287 4987 2412 5042 :Tu
2435 4988 2545 5042 scis
2584 5003 2804 5042 omnem
2852 4987 3126 5050 laborem,
3175 4985 3269 5054 qui
3304 4984 3514 5039 invenit
3538 5000 3676 5052 nos;

2080 5087 2141 5134 et
2159 5079 2566 5134 descenderunt
2592 5089 2776 5150 patres
2798 5081 2973 5136 nostri
2997 5082 3052 5134 in
3071 5080 3391 5152 IEgyptum,
3426 5088 3483 5132 et
3505 5078 3681 5134 adve-

2082 5188 2168 5226 nte
2191 5171 2402 5226 fuimus
2425 5171 2479 5225 in
2505 5171 2736 5244 [Egypto
2760 5171 2881 5227 dies
2910 5172 3258 5241 complures;
3290 5179 3346 5223 ct
3367 5169 3680 5225 afﬂixerunt

2085 5281 2186 5320 nos
2223 5264 2488 5336 Egyptii,
2528 5272 2584 5319 ct
2619 5273 2804 5334 patres
2847 5272 3066 5319 nostros
3097 5271 3194 5317 :ct
3221 5261 3580 5317 clamavimus
3605 5264 3677 5319 ad

2084 5359 2402 5424 Dominum,
2425 5365 2481 5412 et
2503 5357 2787 5412 exaudivit
2808 5357 3081 5411 Dominus
3107 5371 3299 5410 vocem
3327 5363 3594 5421 nostram,
3619 5366 3682 5412 et

2084 5451 2310 5505 mittens
2335 5452 2612 5521 angelum,
2657 5449 2849 5503 eduxit
2887 5464 2992 5502 nos
3036 5465 3105 5503 ex
3156 5446 3412 5518 Egypto.
3435 5447 3503 5502 Et
3527 5465 3678 5504 nunc

2083 5556 2145 5594 su
2156 5555 2278 5594 mus
2300 5539 2358 5593 in
2381 5539 2603 5593 civitate
2623 5539 2802 5596 Gades
2823 5555 2890 5594 ex
2913 5547 3069 5609 parte
3086 5538 3386 5596 confinium
3412 5546 3673 5594 tuorum:

455 5837 538 5909 (ί)
563 5838 701 5894 Cod.
727 5837 925 5900 Vatia,
960 5834 1381 5890 κατακολουθεῖν
1407 5833 1463 5890 δὲ
1493 5835 1634 5892 οὕτω
1663 5838 1755 5892 καὶ
1792 5833 1976 5910 φέρειν

2092 5837 2218 5904 ςέπ’
2257 5838 2441 5903 afﬁci;
2463 5835 2786 5909 δυσθυμίας,
2817 5836 2893 5901 ὡς
2929 5837 3042 5906 καί,
3075 5847 3187 5893 etc.
