4118 6496
928 329 984 340 ..α
1001 329 1221 339 ..νυ-...μ-κη

479 392 578 448 571

1512 377 1569 454 ἒ.
1609 396 1891 455 CYRILLI
1927 396 2399 454 ALEXANDRINI
2437 398 2749 456 ARCHIEP.
2786 464 2801 477 κ

3647 400 3746 457 572

482 511 841 567 transibimus
863 526 962 581 per
1001 520 1198 566 terram
1236 518 1406 576 tuam,
1444 526 1555 566 non
1586 514 1944 570 transibimus
1965 529 2050 585 pel

2170 512 2366 583 μέρους
2395 513 2503 565 τῶν
2534 513 2698 585 ὁρίων
2737 528 2851 565 σου.
2893 500 3352 580 Παρελευσόμεθα
3391 506 3480 562 διὰ
3511 508 3612 581 τῆς
3642 513 3747 582 γῆς

477 618 639 673 agros
661 611 804 667 tuos,
831 616 1009 671 neque
1034 602 1288 657 bibemus
1323 617 1520 672 aquam
1545 603 1614 659 de
1647 605 1905 660 cisternis
1928 605 2056 669 tuis,

475 696 564 752 via
588 695 736 766 regia
762 694 1095 764 gradiemur,
1118 711 1231 749 non
1247 695 1647 752 declinabimus
1666 696 1733 751 ad
1755 697 2057 764 dexteram,

474 801 653 856 neque
671 786 738 839 ad
759 786 1060 850 sinistram,
1093 802 1379 856 quousque
1414 789 1845 857 praeterierimus
1866 787 2058 842 termi-

473 893 576 932 nos
601 885 741 932 tuos.
770 878 836 931 Et
856 877 998 931 dixit
1023 877 1091 932 ad
1127 892 1254 932 eum
1293 878 1466 932 Edom
1496 896 1507 932 :
1532 878 1653 933 Non
1698 877 2060 948 pertransibis

472 984 572 1039 per
593 969 941 1038 me;alioqui
970 968 1025 1022 in
1065 967 1210 1021 bello
1252 967 1416 1023 exibo
1463 968 1520 1022 in
1563 982 1854 1023 occursum
1879 974 2054 1022 tuum.

472 1060 826 1115 Etdicuntei
853 1060 950 1114 ﬁlii
983 1061 1151 1121 Israel
1196 1079 1210 1115 :
1255 1062 1432 1130 Prope
1471 1069 1714 1115 montem
1745 1060 2056 1130 prmteribi-

471 1164 625 1213 IIIIIS;
654 1149 801 1218 quod
826 1151 872 1204 si
899 1166 966 1203 ex
991 1166 1132 1220 aqua
1157 1159 1247 1205 tua
1273 1150 1582 1205 biberimus
1606 1165 1706 1219 ego
1735 1152 2056 1221 etjumenta

470 1253 611 1301 mea,
644 1238 901 1292 dabimus
923 1238 1164 1307 pretium
1196 1237 1327 1304 tibi;
1364 1238 1461 1292 sed
1489 1254 1577 1293 res
1612 1238 1769 1307 parvi
1792 1237 2055 1291 momenti

468 1339 578 1393 est;
597 1344 768 1399 prepe
792 1336 1032 1383 montem
1058 1328 1640 1398 pertransibimulele
1665 1343 1797 1383 vero
1816 1327 1893 1383 ait
1909 1347 1920 1380 :
1936 1328 2055 1382 Non

469 1419 832 1488 pertransibis
865 1435 965 1488 per
1001 1434 1109 1472 me.
1161 1419 1229 1472 Et
1255 1419 1387 1473 exiit
1418 1420 1592 1473 Edom
1640 1419 1698 1473 in
1756 1419 1920 1489 276
1957 1433 2054 1474 oc-

469 1517 694 1562 CUrsum
719 1509 799 1561 illi
839 1508 894 1561 in
936 1506 1289 1562 multitudine
1314 1508 1485 1578 gravi,
1515 1516 1571 1562 et
1612 1508 1669 1562 in
1700 1523 1865 1563 manu
1893 1507 2050 1574 forti;

467 1606 525 1651 et
549 1597 727 1651 noluit
759 1598 932 1651 Edom
977 1597 1296 1664 permittere
1338 1596 1547 1662 Israeli,
1600 1603 1658 1650 ut
1690 1596 2054 1665 pertransiret

470 1702 568 1755 per
594 1688 859 1743 terminos
902 1704 1066 1753 suos;
1107 1699 1163 1742 et
1206 1686 1505 1741 declinavit
1531 1687 1699 1742 Israel
1737 1687 1805 1742 ab
1828 1702 1896 1743 eo
1925 1688 1992 1741 ⁸⁷.
2025 1706 2043 1739 ι

469 1780 640 1834 Audis
670 1794 783 1845 eos,
810 1783 902 1851 qui
934 1783 999 1836 de
1026 1796 1227 1853 genere
1259 1790 1416 1834 erant
1444 1779 1634 1845 Israel,
1661 1780 1728 1834 iis
1767 1781 2047 1844 aerumnis,

2170 621 2285 667 σου,
2313 605 2374 656 οὐ
2400 603 2790 675 διελευσόμεθα
2817 603 2883 657 δι’
2909 602 3117 674 ἀγρῶν,
3137 601 3261 654 οὐδὲ
3289 600 3359 654 δι’
3383 599 3744 671 ἀμπελώνων,

2165 695 2288 749 οὐδὲ
2338 695 2576 767 πιόμεθα
2624 694 2770 764 ὕδωρ
2822 695 2889 747 ὲκ
2936 693 3140 746 λάκκου
3180 707 3307 757 σου,
3345 689 3450 760 ὁδῷ
3492 690 3744 763 βασιλικῇ

2166 784 2571 858 πορευσόμεθα,
2602 784 2702 837 οὐκ
2742 783 3097 853 ὲκκλινοῦμεν
3137 781 3291 848 δεξιά
3319 780 3441 833 οὐδὲ
3466 779 3743 850 εὐώνυμα,

2163 874 2270 937 ἓως
2298 875 2363 934 ἂν
2393 875 2754 947 παρέλθωμεν
2783 873 2853 927 τὰ
2882 874 3009 946 ὅριά
3038 890 3152 927 σου.
3187 873 3297 925 Καὶ
3325 868 3447 925 εἶπε
3477 872 3615 941 πρὸς
3649 873 3747 926 αὐο

2163 965 2256 1019 τὸν
2291 965 2500 1037 Ἐδώμ’
2529 966 2605 1019 Οὐ
2639 965 2885 1037 διελεύσῃ
2907 964 2973 1018 δι’
3007 961 3165 1035 ἐμοῦ,
3197 964 3245 1015 εί
3276 963 3334 1016 δὲ
3368 962 3464 1033 μὴ,
3500 963 3558 1015 ὲν
3587 961 3747 1015 πολέ-

2167 1075 2253 1127 μῳ
2293 1057 2643 1128 ἑξελεύσομαι
2692 1059 2772 1121 είς
2818 1055 3145 1126 συνάντησιν
3184 1072 3284 1107 σοι.
3337 1054 3448 1107 Kal
3494 1053 3743 1121 λέγουσιν

2163 1148 2312 1218 αὑτῷ
2340 1149 2390 1201 oi
2415 1149 2521 1201 υἱοὶ
2560 1148 2776 1217 Ἰσραήλ
2796 1165 2807 1176 ·
2840 1145 3000 1217 Παρά
3025 1146 3087 1199 τὸ
3111 1145 3236 1215 ὅρος
3260 1143 3708 1216 παρελευσόμεθα
3724 1159 3738 1171 ·

2163 1237 2258 1288 ἐὰν
2289 1238 2344 1289 δὲ
2374 1235 2468 1289 τοῦ
2498 1236 2688 1299 ὕδατός
2720 1252 2812 1288 σου
2844 1235 3058 1304 πίωμεν
3084 1234 3196 1302 ἐγώ
3241 1249 3301 1286 τε
3335 1234 3429 1286 καὶ
3460 1232 3530 1286 τὰ
3565 1232 3737 1302 κτήνη

2165 1343 2288 1396 μου,
2316 1325 2471 1379 δώσω
2516 1327 2682 1396 τιμήν
2712 1340 2829 1378 σοι·
2872 1323 3037 1377 Ἀλλά
3065 1324 3127 1379 τὸ
3156 1325 3389 1395 πρᾶγμα
3418 1322 3568 1376 οὐδέν
3597 1325 3734 1390 ἐστι,

2161 1420 2312 1481 τιαρά
2354 1418 2415 1471 τὸ
2464 1416 2591 1487 ὅρος
2642 1415 3109 1487 παρελευσόμεθα.
3149 1415 3209 1468 '0
3241 1415 3298 1468 δὲ
3332 1410 3518 1468 εἶπεν
3544 1414 3620 1468 Οὐ
3656 1412 3737 1467 δι-

2159 1509 2354 1580 ελεύσῃ
2398 1507 2464 1561 δι’
2508 1506 2665 1579 ἐμοῦ.
2703 1508 2811 1560 Καὶ
2838 1506 3061 1578 ἐξῆλθεν
3104 1506 3284 1576 Ἐδὼμ
3307 1506 3388 1569 είς
3416 1503 3737 1575 συνάντησιν

2158 1598 2305 1669 αὐτῷ
2337 1601 2394 1654 ὲν
2435 1598 2575 1669 ὔχλῳ
2619 1598 2793 1670 βαρεῖ,
2823 1597 2917 1651 καὶ
2952 1598 3011 1650 ὲν
3039 1597 3184 1668 χειρὶ
3231 1596 3451 1666 ἰσχυρᾷ.
3493 1595 3603 1647 Καὶ
3635 1595 3738 1648 οὐκ

2155 1691 2421 1761 ἠθέλησεν
2476 1689 2655 1760 Ἐδὼμ
2694 1689 2876 1743 δοῦναι
2915 1689 2995 1760 τῷ
3052 1688 3271 1759 Ἰσραὴλ
3313 1685 3606 1757 παρελθεῖν
3647 1685 3737 1740 διὰ

2156 1783 2263 1837 τῶν
2285 1782 2449 1854 ὁρίων
2480 1781 2666 1848 αὐτοῦ,
2696 1781 2788 1833 καὶ¹
2815 1780 3085 1847 ἐξέκλινεν
3126 1779 3341 1851 Ἰσραὴλ
3368 1777 3462 1831 ἀπ’
3491 1776 3677 1830 αὑτοῦ.
3710 1795 3730 1828 ι

468 1888 605 1941 quas
628 1874 681 1926 in
704 1874 935 1945 Egypto
960 1876 1321 1944 pertulerant,
1350 1881 1659 1942 opportune
1691 1871 2049 1938 enumeratis,

2170 1874 2414 1938 Ἀκούεις
2442 1875 2589 1937 ὅπως
2609 1916 2623 1940 ,
2655 1875 2706 1926 oi
2744 1875 2841 1944 μὲν
2873 1874 2934 1939 ἐξ
2973 1874 3205 1945 αῖματος
3257 1872 3504 1944 Ἰσραὴλ,
3544 1871 3643 1936 τὰς
3676 1872 3734 1925 ὲν

466 1969 524 2013 et
548 1962 771 2031 superbi
803 1963 951 2017 illius
975 1964 1291 2018 dominatus
1333 1962 1512 2017 modis
1547 1962 1865 2032 frequenter
1888 1971 2053 2033 atque

468 2059 595 2119 apte
621 2055 1085 2118 commemoratis,
1114 2053 1464 2119 beneficium,
1502 2053 1647 2123 quod
1677 2054 1816 2107 nihil
1841 2053 2053 2109 incom-

469 2141 615 2195 modi
650 2142 891 2206 alIerret,
926 2128 1163 2213 petere;
1185 2144 1582 2214 propemodum
1606 2153 1891 2217 cognatam
1917 2159 2052 2215 gen-

469 2239 577 2284 tem
623 2233 947 2303 adjutrieem
994 2236 1097 2290 sibi
1164 2235 1464 2306 adjungcrc
1513 2236 1801 2290 studentes
1873 2234 2054 2305 (erant

464 2323 611 2377 enim
637 2339 702 2378 ex
727 2326 868 2380 Esau
912 2327 1078 2381 fratre
1102 2326 1323 2398 Iacob);
1369 2326 1462 2380 sed
1488 2342 1627 2395 quos
1652 2328 1718 2381 ad
1743 2327 2054 2380 miscricor-

464 2415 611 2470 diam
637 2434 829 2472 eorum
859 2421 1191 2475 commoveri
1216 2436 1435 2490 :equum
1467 2419 1665 2485 fuerat,
1706 2427 1763 2474 et
1793 2419 1901 2475 illis
1923 2435 2051 2489 pcr-

466 2509 707 2574 mittere,
735 2518 880 2565 utea
914 2512 1178 2578 facerent,
1216 2528 1338 2582 qua:
1374 2513 1480 2567 sibi
1507 2512 1661 2566 utilia
1687 2520 1743 2567 et
1765 2511 2052 2567 commoda

464 2615 587 2683 esse
606 2603 840 2668 ‘scirent,
874 2619 970 2657 eos
994 2604 1162 2658 duros
1185 2604 1354 2659 fuisse
1398 2612 1456 2660 et
1490 2620 1733 2674 asperos,
1758 2614 1814 2660 et
1844 2621 1875 2659 a
1897 2620 2050 2659 com-

466 2694 820 2751 miseratione
870 2697 1098 2763 alienos,
1129 2699 1371 2769 ipsarum
1398 2714 1584 2753 rerum
1610 2700 1790 2754 exitus
1803 2713 2051 2768 compro-

464 2782 617 2838 bavit
648 2801 659 2837 :
687 2785 978 2855 prohibent
1006 2788 1152 2842 enim
1179 2804 1274 2844 eos
1297 2806 1328 2844 a
1353 2790 1466 2853 via,
1487 2790 1737 2861 quamvis
1754 2791 1846 2846 ille
1871 2806 2049 2861 popu-

465 2876 554 2929 lus
577 2885 762 2945 aperte
789 2878 1018 2944 diceret,
1045 2896 1103 2935 sc
1149 2897 1331 2952 neque
1370 2882 1567 2947 vineis,
1596 2897 1773 2952 neque
1796 2898 2049 2953 agrorum

466 2967 741 3024 fructibus
784 2987 1015 3041 usquam
1065 2972 1324 3028 damnum
1373 2974 1693 3028 illaturum:
1730 2974 1862 3041 quin
1883 2974 2048 3029 etiam

466 3058 640 3127 ipsam
682 3077 901 3131 quoque
950 3080 1146 3134 aquam
1195 3065 1447 3120 nousiue
1487 3065 1664 3135 pretio
1696 3067 2043 3121 hausturum.

465 3150 562 3205 ille
582 3168 733 3218 vero,
760 3154 865 3208 nisi
882 3155 951 3209 ab
972 3155 1058 3219 iis,
1082 3170 1202 3225 qum
1226 3156 1506 3225 petebant,
1526 3156 1908 3221 abscederent,
1937 3173 2045 3211 non

2155 1964 2418 2036 Αἰγύπτῳ
2460 1965 2833 2035 ταλαιπωρίας
2884 1966 3168 2037 χρησίμως
3220 1964 3731 2036 ἀπαριθμούμενοι,

2155 2056 2251 2110 καὶ
2285 2057 2385 2126 τῆς
2429 2056 2743 2121 πλεονεξίας
2771 2058 2897 2120 τοὺς
2940 2061 3177 2128 τρόπους
3215 2057 3326 2111 ἀνω
3356 2071 3416 2108 τε
3451 2057 3544 2108 καὶ
3582 2055 3734 2108 κάτω

2157 2148 2523 2214 συντιθέντες,
2576 2149 2806 2212 ἀστείως
2840 2150 2939 2219 τὴν
2987 2149 3140 2203 οὐδὲν
3189 2148 3482 2201 ἀδικοῦσαν
3519 2146 3731 2201 αίτοῦοι

2152 2234 2333 2305 χάριν,
2370 2236 2651 2304 μονονουχὶ
2676 2236 3021 2308 συλλήπτορα
3047 2238 3317 2290 ποιεῖσθαι
3343 2237 3733 2299 σπουδάζοντες

2151 2325 2242 2377 τὸν
2267 2326 2522 2397 ὁμογενῆ·
2547 2328 2642 2381 καὶ
2667 2328 2775 2397 γὰρ
2798 2323 2940 2399 ἦσαν
2961 2328 3023 2393 ἐξ
3057 2327 3229 2382 Ἠσαῦ
3255 2328 3472 2398 ἀδελφοὶ
3510 2327 3730 2381 Ἰακώϐ·

2151 2416 2202 2468 οἱ
2253 2416 2311 2470 δὲ
2377 2418 2551 2472 καίτοι
2597 2423 2967 2493 κατοικτεῖραι
3016 2421 3157 2486 δέον,
3235 2421 3447 2491 ἐφεῖναι
3498 2439 3558 2475 τε
3597 2421 3733 2493 δρᾷν

2151 2508 2291 2582 ὅπερ
2324 2511 2391 2565 ἂν
2433 2512 2623 2565 εἰδεῖεν
2659 2514 2929 2584 χρήσιμόν
2961 2530 3021 2568 τε
3060 2517 3155 2568 καὶ
3192 2512 3472 2583 ἐπωφελὲς
3512 2512 3731 2578 αὐτῶν,

2153 2601 2380 2673 σκληροί
2406 2620 2465 2656 τε
2485 2605 2576 2657 καὶ
2598 2606 2933 2677 ἀτεράμονες
2961 2608 3056 2661 καὶ
3078 2608 3364 2677 συναλγεῖν
3383 2607 3484 2660 οὐκ
3507 2605 3730 2670 ειδότες,

2149 2691 2217 2745 δι’
2249 2692 2427 2747 αὐτῶν
2452 2694 2741 2764 ἠλέγχοντο
2766 2696 2874 2749 τῶν
2903 2698 3268 2767 πραγμάτων·
3290 2696 3595 2769 ὲξείργουσι
3620 2696 3735 2768 γὰρ

2147 2782 2270 2837 ὀδοῦ
2294 2824 2308 2847 ,
2366 2784 2542 2839 καίτοι
2582 2785 2832 2855 λέγοντος
2862 2788 3106 2859 ἐναργῶς
3135 2788 3230 2842 τοῦ
3257 2787 3409 2850 λαοῦ,
3461 2789 3597 2858 μήτε
3621 2789 3731 2856 ἀμ-

2149 2875 2354 2929 πελῶσι
2376 2917 2390 2934 .
2425 2877 2561 2948 μήτε
2593 2878 2781 2949 ἀγρῶν
2828 2880 3155 2951 εὐκαρπίαις
3189 2878 3575 2933 κατασίνεσθαί
3608 2893 3730 2945 ποι,

2149 2967 2287 3021 ἀλλά
2332 2969 2425 3022 καὶ¹
2466 2968 2609 3040 ὕδωρ
2644 2970 2930 3042 ἀνι-λήσειν
2960 2973 3060 3026 οὐκ
3092 2972 3422 3042 ἀνάργυρον.
3477 2971 3535 3023 '0
3570 2971 3651 3036 δὲ,
3682 2969 3732 3023 εί

2153 3058 2227 3130 μὴ
2260 3058 2534 3128 βούλοιντο
2574 3059 2682 3115 τῶν
2714 3061 3045 3131 αίτηθέντων
3080 3063 3390 3132 ἀποχωρεῖν
3410 3099 3425 3123 ,
3469 3061 3531 3113 οὐ
3562 3076 3733 3131 προσ-

2149 3151 2412 3221 ηπείλησε
2457 3153 2618 3222 μόνον
2653 3152 2754 3225 τὴν
2798 3153 3019 3222 ἔφοδον,
3050 3153 3165 3206 ἀλλ’
3202 3150 3271 3225 ἦν
3306 3154 3400 3207 καὶ
3440 3154 3498 3206 ὲν
3543 3153 3732 3218 ὅπλοις

473 3244 639 3297 modo
664 3261 721 3300 se
743 3261 840 3301 eos
866 3246 1187 3302 invasurum
1213 3249 1579 3303 comminatus
1601 3257 1684 3303 est
1704 3265 1718 3314 ;
1745 3249 1839 3303 sed
1859 3249 1970 3319 jam
1998 3247 2050 3303 in

2155 3243 2279 3315 ἥδη,
2311 3245 2407 3298 καὶ
2449 3246 2776 3314 πανστρατὶ,
2827 3245 3214 3319 παρετάττετο.
3255 3245 3366 3298 Καὶ
3403 3244 3458 3296 τί
3498 3244 3560 3314 δὴ
3594 3242 3732 3314 πρὸς

464 3337 632 3391 armis
645 3344 784 3402 erat,
797 3347 851 3393 et
874 3338 1145 3394 universis
1155 3339 1328 3409 copiis
1348 3340 1583 3405 eductis,
1608 3340 1778 3395 aciem
1796 3340 2055 3395 adversus

462 3445 560 3484 eos
586 3431 914 3486 instruebat.
941 3430 1081 3497 Quid
1105 3446 1273 3502 porro
1296 3431 1364 3487 ad
1392 3432 1508 3487 haec
1529 3433 1697 3487 Israel
1713 3433 1738 3486 *ί
1757 3432 1891 3487 vicit
1913 3432 2056 3488 indi-

466 3522 747 3592 gnationis
791 3522 1298 3592 perturbationem;
1350 3522 1643 3578 declinavit
1667 3524 1816 3578 enim
1840 3523 1908 3577 ab
1934 3523 2049 3592 illo,

464 3613 666 3682 inquit,
692 3613 1102 3667 contentionem
1127 3612 1392 3667 adversus
1417 3612 1620 3667 fratres
1641 3613 1903 3667 nimirum
1925 3629 2049 3669 sus-

466 3704 653 3773 cipere
701 3704 902 3768 vitans,
930 3719 995 3758 ac
1026 3703 1454 3774 propinquitatis
1491 3705 1668 3772 legem
1711 3720 1924 3761 summa
1953 3723 2048 3777 pa-

470 3794 662 3853 tientia
700 3801 1012 3849 veneratus.
1044 3784 1127 3850 Au
1163 3794 1279 3851 haec
1304 3810 1415 3852 non
1444 3794 1519 3853 ita
1544 3810 1602 3850 se
1626 3795 1829 3852 habere
1856 3798 2050 3871 putas?

539 3883 738 3943 PALL.
765 3883 845 3942 Ita
880 3900 1127 3959 prorsus.

537 3974 693 4029 CYB.
730 3975 903 4046 Igitur
933 3976 1365 4048 indignationem
1396 3977 1719 4048 reprimere,
1745 3987 1801 4034 et
1827 3979 1936 4035 iras
1951 3994 2048 4035 co-

473 4066 689 4131 hibere,
720 4083 783 4121 ac
805 4084 905 4139 pro
929 4070 1357 4140 uniuscujusque
1382 4073 1620 4140 peccatis
1635 4086 1809 4141 poena:
1824 4073 2048 4127 modum

467 4159 752 4222 adhibere,
802 4171 1067 4230 prarterea
1126 4163 1197 4217 de
1257 4178 1589 4232 unoquoque
1640 4172 1789 4218 recta
1832 4172 1889 4219 et
1927 4180 2048 4235 qua:

463 4251 690 4305 omnino
712 4252 1040 4321 reprehendi
1064 4269 1175 4309 non
1212 4254 1447 4324 possint,
1473 4269 1503 4307 a
1520 4254 1680 4309 nobis
1703 4254 1820 4310 fieri
1839 4256 2047 4327 judicia

464 4342 706 4401 fructum
733 4343 787 4398 id
824 4360 946 4401 esse
971 4361 1035 4401 ac
1057 4360 1258 4401 munus
1281 4346 1569 4401 charitatis
1593 4347 1648 4401 in
1671 4347 1887 4414 fratres,
1913 4364 2046 4405 cen-

463 4436 695 4497 sendum
721 4444 825 4491 est.

534 4530 730 4584 PALL.
766 4530 835 4584 Et
856 4529 1079 4599 quidem
1103 4532 1229 4602 jure
1251 4533 1483 4602 Optimo.

531 4618 689 4672 CYR.
722 4618 780 4672 In
806 4627 1065 4688 promptu
1091 4628 1175 4676 est
1202 4621 1368 4692 igitur
1397 4622 1613 4686 audire,
1639 4622 1686 4676 si
1708 4622 1862 4687 velis,
1896 4639 2043 4678 nunc

462 4710 686 4779 quidem
708 4709 987 4764 dicentem
1030 4728 1042 4763 :
1078 4730 1096 4762 ι
1125 4712 1195 4766 Ει
1238 4728 1350 4768 non
1394 4714 1648 4768 irasceris
1689 4712 1817 4769 filiis
1854 4715 2040 4785 populi

464 4802 546 4855 tui
570 4801 636 4854 ’⁸.
661 4820 679 4852 ›
702 4801 852 4856 Alias
876 4811 1060 4858 autem
1086 4821 1098 4856 ε
1131 4822 1150 4856 ι
1194 4803 1251 4859 Si
1280 4804 1449 4860 fuerit
1473 4806 1849 4861 controversia
1898 4810 2043 4862 inter

2154 3334 2311 3388 τοῦτο
2336 3351 2350 3399 ;
2382 3335 2647 3404 κρείττων
2666 3331 2735 3407 ἦν
2760 3336 3126 3408 μικροψυχίας
3154 3337 3181 3390 ὁ
3215 3335 3434 3406 Ἰσραήλ
3451 3351 3467 3366 ο
3489 3333 3732 3399 ἐξέκλινε

2153 3424 2264 3497 γὰρ
2292 3426 2386 3480 ἀπ’
2419 3425 2606 3493 αὐτοῦ,
2642 3426 2795 3496 φησὶ,
2822 3426 2885 3480 τὸ
2910 3426 3047 3498 πρὸς
3076 3425 3339 3496 ἀδελφοὺς
3371 3424 3557 3496 δύσερι
3585 3441 3731 3495 παρ-

2153 3517 2480 3589 ωθούμενος,
2512 3519 2607 3573 καὶ
2640 3519 2740 3589 τῆς
2772 3517 3090 3589 ἀγχιστείας
3119 3517 3210 3570 τὸν
3237 3517 3421 3587 νόμον,
3449 3518 3569 3580 ταῖς
3591 3516 3732 3582 ᾶγαν

2152 3606 2528 3675 άνεξικακίαις
2570 3608 2966 3681 ὲκτετιμηκὼς.
3010 3608 3080 3662 Ἦ
3117 3608 3215 3679 οὐχ
3254 3600 3355 3662 ὧδε
3385 3606 3530 3679 ἔχειν
3568 3605 3732 3678 οίήσῂ

2148 3703 2308 3757 ταυτί
2323 3719 2337 3770 ;

2224 3902 2433 3956 ΠΑΛΛ.
2462 3902 2573 3956 Καὶ
2598 3901 2761 3957 πάνυ.

2220 3994 2387 4049 ΚΥΡ.
2423 3991 2634 4047 Οὐκοῦν
2667 3985 2727 4048 τδ
2760 3992 2967 4065 θυμοὺς
3009 3992 3336 4046 ἀνακόπτειν
3376 3991 3471 4045 καὶ
3509 3989 3726 4044 ἀνασει-

2152 4086 2338 4159 ράζειν
2384 4084 2574 4156 ὀργὰς,
2631 4084 2726 4139 καὶ
2773 4085 3090 4154 ὲπιμετρεῖν
3122 4082 3398 4151 ἀναλόγως
3436 4082 3532 4146 τάς
3574 4079 3730 4144 δίκας

2146 4181 2261 4241 τοῖς
2289 4177 2521 4230 ἑκάστου
2562 4175 2869 4245 πταίσμασι
2893 4215 2907 4239 ,
2935 4176 3029 4229 καὶ
3070 4175 3176 4247 μὴν
3205 4176 3302 4228 καὶ
3331 4173 3392 4226 τὸ
3423 4172 3533 4226 δεῖν
3561 4171 3730 4243 όρθάς

2148 4272 2242 4325 καὶ
2286 4268 2645 4339 ἀδιαϐλήτους
2686 4267 2964 4332 παντελῶς
3013 4266 3350 4337 πράττεσθαι
3393 4265 3531 4338 πρὸς
3571 4263 3731 4335 ἡμῶν

2147 4362 2244 4424 τὰς
2266 4361 2350 4430 ἐφ’
2376 4357 2592 4431 ἑκάστῳ
2614 4346 2847 4431 κρίσεις,
2876 4359 3097 4430 ἀγάπης
3118 4355 3256 4411 εἶναι
3279 4356 3459 4425 λογιού
3469 4356 3610 4428 μεθα
3629 4357 3730 4427 τῆς

2118 4482 2121 4485 -
2147 4454 2226 4516 είς
2255 4452 2515 4521 ἀδελφοὺς
2544 4450 2756 4521 καρπόν
2787 4467 2846 4503 τε
2877 4450 2972 4504 καὶ
3000 4450 3368 4521 ἀποτέλεσμα.

2219 4543 2427 4596 ΠΑΛΛ.
2456 4543 2567 4596 Καὶ
2597 4541 2744 4612 μάλα
2771 4541 3019 4604 δικαίως.

2211 4635 2375 4689 ΚΥΡ.
2418 4635 2577 4706 Πάρα
2619 4634 2684 4702 δὴ
2741 4626 2833 4686 οὖν
2882 4631 3126 4686 ὲθέλοντί
3174 4647 3289 4694 σοι,
3348 4632 3726 4687 διαπείθεσθαι

2147 4725 2328 4785 πάλιν,
2360 4724 2488 4777 ποτὲ
2516 4723 2616 4793 μὲν
2638 4722 2911 4791 λέγοντος,
2942 4742 2961 4774 ι
2999 4722 3109 4777 Καὶ
3130 4723 3192 4776 οὐ
3221 4726 3435 4796 μηνιεῖς
3454 4727 3568 4788 τοῖς
3589 4726 3730 4787 υἱοῖς

2145 4816 2238 4868 τοῦ
2263 4815 2393 4869 λαοῦ
2410 4832 2503 4868 σου
2523 4814 2707 4867 ἰποτὲ
2727 4814 2783 4867 δὲ
2808 4811 2874 4868 αὖ
2897 4833 2944 4866 ἰ
2969 4815 3096 4869 Ἐὰν
3121 4814 3178 4869 δὲ
3203 4815 3427 4887 γένηται
3450 4816 3728 4886 ἀντιλογία

462 4892 735 4959 homines,
759 4900 817 4949 et
842 4896 1177 4951 accesserint
1193 4897 1260 4951 ad
1279 4896 1570 4968 judicium,
1585 4906 1641 4952 et
1655 4898 2042 4971 judicaverint,

2154 4907 2252 4960 ἀνὰ
2281 4906 2444 4977 μέσον
2471 4904 2776 4976 ἀνθρώπων
2798 4946 2812 4971 ,
2858 4907 2953 4960 καὶ
2986 4905 3358 4978 προσέλθωσιν
3401 4909 3481 4971 είς
3519 4907 3726 4978 κρίσιν,

462 4982 842 5054 justilicahunt
858 4986 1090 5057 justum,
1122 4994 1184 5051 et,
1220 4987 1665 5043 condemnabunt
1690 4989 1917 5060 impium
1949 5010 1961 5046 :
1990 5001 2047 5048 et

464 5071 593 5136 erit,
620 5073 666 5126 si
705 5072 872 5129 fuerit
903 5074 1103 5144 dignus
1144 5076 1340 5146 plagis,
1385 5077 1481 5147 qui
1526 5078 1861 5149 impietatem
1892 5080 2043 5147 fecit,

465 5171 784 5233 prosternes
803 5179 931 5219 eum
956 5181 1140 5221 coram
1157 5168 1455 5239 iudicibus,
1471 5177 1527 5224 et
1549 5169 1899 5242 ﬂagellabunt
1918 5188 2045 5227 eum

467 5268 647 5309 coram
690 5256 845 5325 ipsis,
893 5259 1195 5314 secundum
1243 5258 1577 5331 impietatem
1625 5265 1762 5334 ejus,
1812 5280 2044 5319 numero

469 5346 828 5417 quadraginta
853 5347 1204 5419 ﬂagellabunt
1229 5368 1389 5419 eum;
1420 5370 1528 5408 non
1568 5355 1801 5409 addent:
1828 5355 1974 5425 quod
1998 5354 2045 5409 si

468 5435 782 5491 addiderint
811 5437 1083 5510 ﬂagellare
1122 5458 1248 5497 eum
1284 5445 1424 5499 ultra
1460 5445 1558 5501 has
1604 5445 1789 5515 plagas
1836 5445 2043 5514 plures,

470 5526 853 5596 deturpabitur
875 5526 1043 5583 frater
1071 5537 1196 5587 tuus
1235 5548 1418 5587 coram
1461 5542 1512 5587 te
1544 5534 1609 5587 '°.
1643 5551 1661 5583 ι

2148 4999 2243 5054 καὶ
2279 4997 2506 5068 κρίνωσι
2544 4996 2639 5050 καὶ
2689 4997 3020 5052 δικαιώσωσι
3058 4999 3150 5053 τὸν
3186 4998 3395 5052 δίκαιον
3446 4999 3541 5052 καὶ
3594 5015 3727 5052 κατ-

2148 5087 2354 5157 ἀγνῶσι
2380 5088 2474 5142 τοῦ
2519 5089 2769 5152 ἀσεϐοῦς,
2805 5089 2900 5143 καὶ
2929 5089 3023 5144 ἐὰν
3050 5087 3199 5154 ἄξιος
3292 5087 3514 5160 πληγῶν
3546 5089 3574 5142 ὁ
3601 5089 3727 5141 ἀσε-

2148 5179 2280 5243 6ῶν,
2323 5181 2418 5233 καὶ
2464 5181 2671 5247 καθιεὶς
2717 5180 2880 5234 αὑτὸν
2925 5181 3166 5235 ἐναντίον
3201 5181 3312 5235 τῶν
3362 5180 3599 5254 κριτῶν,
3633 5180 3729 5234 καὶ

2152 5267 2584 5337 μαστιγώσουσιν
2654 5269 2816 5323 αὐτὸν
2874 5270 3115 5323 ἐναντίον
3168 5269 3367 5336 αὐτοῦ,
3426 5270 3568 5324 κατά
3629 5269 3728 5340 τὴν

2149 5358 2402 5412 ἀσέϐειαν
2433 5357 2621 5425 αὐτοῦ,
2663 5360 2884 5432 ἀριθμῷ
2904 5361 3314 5431 τεσσαράκοντα
3347 5359 3727 5432 μαστιγώσου-

2152 5465 2237 5503 σιν
2283 5450 2478 5513 αὑτὸν,
2533 5451 2593 5503 οὐ
2639 5450 3075 5522 προσθήσουσιν,
3122 5451 3216 5506 ἐὰν
3262 5453 3319 5506 δὲ
3373 5451 3727 5523 προσθήσωσι

2154 5539 2495 5609 μαστιγῶσαι
2525 5542 2708 5607 αὐτὸν,
2734 5542 2875 5614 ὑπὲρ
2900 5542 3104 5605 ταύτας
3125 5543 3225 5606 τὰς
3247 5542 3462 5615 πληγάς
3486 5542 3726 5608 πλείους,

2149 5631 2521 5699 ἁσχημονήσει
2544 5632 2573 5684 ὁ
2592 5631 2819 5702 ἁδελφός
2851 5649 2945 5687 σου
2980 5633 3221 5688 ἐναντίον
3249 5650 3369 5688 σου.
3414 5653 3434 5687 ι

548 5808 591 5840 ³⁷
623 5807 784 5864 Num.
820 5824 907 5875 xx,
944 5809 1121 5866 ιιι-ει.
1201 5811 1246 5845 ³⁸
1276 5809 1453 5867 Levit.
1489 5825 1596 5879 nx,
1625 5810 1709 5866 l7.
1788 5812 1832 5843 ¹⁹
1860 5811 2019 5868 Deut.
2048 5826 2169 5869 xxv.
2199 5810 2312 5867 1-4.
