4118 6450
382 357 495 416 575

1107 360 1193 415 DE
1231 356 1675 445 acerrumus
1714 360 1783 415 IN
1821 360 1981 417 smn:

2083 368 2092 416 ι
2133 357 2225 414 ΕΤ
2266 352 2637 414 VERITATE.
2678 352 2809 409 LIB.
2833 348 2987 409 -Vlll.

3580 350 3682 408 5'34

465 475 683 530 ΠΛΛΛ.
718 474 830 528 Καὶ
865 474 949 538 τίς
975 475 1040 528 ἂν
1072 473 1246 549 ὁρῷτο
1286 474 1448 529 πάλιν
1474 476 1609 546 ἡμῖν
1630 478 1659 530 6
1689 475 1866 546 λόγος,
1891 474 1981 529 τοῦ

2162 475 2361 530 PALL.
2398 474 2530 541 Quae
2568 480 2756 529 autem
2804 485 3001 526 rursus
3044 482 3311 541 apparere
3355 466 3517 524 nobis
3546 471 3688 525 ratio

387 568 589 640 χρῆναι
641 566 879 638 πληγαῖς
933 566 1155 639 ἀριθμῷ
1198 567 1612 640 τεσσαράκοντα
1650 568 1842 640 μόναις
1885 585 1987 621 κα-

385 659 723 715 ταπαίεσθαι
756 662 886 724 τοὺς
918 660 1439 732 κατεγνωσμένους;
1472 659 1720 731 αἰσχύνει
1750 660 1807 714 δὲ
1838 661 1988 725 ὅπως

385 750 566 814 τινὰς,
594 750 656 803 τὸ
690 750 829 822 ὑπὲρ
851 748 1044 804 τούτου
1076 750 1308 824 φράσον.

468 931 632 985 ΚΥΡ.
679 931 842 985 Κατὰ
891 929 1122 992 πολλοὺς
1168 933 1303 1003 ἡμῖν
1349 932 1589 1003 τρόπους
1638 931 1698 984 τὸ
1747 930 1986 1003 Χριστοῦ

393 1024 704 1094 μυστήριον
746 1025 1173 1093 σκιαγραφεῖται
1221 1022 1404 1089 καλῶς
1456 1024 1545 1077 διὰ
1595 1023 1696 1093 τῆς
1752 1022 1988 1095 ἀρχαίας

389 1111 639 1183 ἐντολῆς,
663 1110 760 1164 καὶ
781 1111 844 1164 τὸ
874 1112 1144 1184 σωτήριον
1171 1112 1304 1182 ἡμῖν
1336 1113 1503 1167 οἱονεὶ
1529 1113 1986 1185 πλαστουργεῖται

389 1201 585 1265 πάθος,
612 1203 673 1255 ὲν
694 1194 761 1269 ᾧ,
798 1202 893 1256 καὶ
920 1204 990 1256 δι’
1019 1195 1081 1257 οὗ
1111 1202 1312 1267 παντὸς
1341 1202 1742 1276 ἀπηλλάγμεθα
1765 1202 1859 1256 τοῦ
1888 1220 1987 1256 κα-

388 1293 523 1347 κοῦν
558 1293 873 1364 ἰσχύοντος,
908 1294 1002 1347 καὶ
1032 1293 1352 1365 ἀνηκέστοις
1386 1295 1534 1366 ἡμᾶς
1567 1293 1802 1357 ὲνιέντος
1843 1310 1984 1365 συμ-

387 1385 584 1451 φοραῖς
606 1399 620 1414 °
670 1384 765 1438 καὶ
799 1384 989 1455 ὥσπερ
1017 1382 1245 1454 ἔναγχος
1285 1382 1444 1454 ἔφην,
1481 1383 1542 1436 τὸ
1576 1383 1645 1435 δι’
1670 1382 1810 1436 ὲπτά
1846 1380 1984 1436 ἑτῶν

384 1474 637 1528 ἀνεῖσθαι
677 1475 806 1538 τοὺς
828 1474 1151 1546 ὠφληκότας
1172 1516 1185 1542 ,
1209 1474 1301 1528 τὸν
1328 1475 1430 1545 τῆς
1456 1475 1710 1529 ἁπάντων
1733 1474 1985 1543 ἀφέσεως

388 1569 586 1639 καιρὸν
625 1567 1023 1622 ὑπαινίττεται.
1056 1565 1469 1637 Δεδικαιὼμεθα
1501 1566 1610 1637 γάρ
1633 1567 1689 1618 ὲν
1722 1563 1945 1637 Χριστῷ
1966 1607 1980 1629 ,

386 1661 485 1715 καὶ
505 1661 871 1733 δεδιδάγμεθα
891 1661 1073 1731 λέγειν
1095 1662 1152 1714 ὲν
1175 1662 1532 1732 προσευχαῖς,
1556 1658 1696 1730 πρὸς
1719 1659 1809 1712 τὸν
1826 1662 1884 1712 ὲν
1903 1661 1986 1712 o6-

388 1752 576 1820 ρανοῖς
599 1750 816 1821 Πατέρα
840 1751 934 1804 καλ⁸
960 1749 1114 1815 Θεὸν,
1142 1770 1160 1802 ι
1177 1751 1350 1820 ’Ἄφες
1382 1750 1514 1822 ἡμῖν
1534 1750 1604 1804 τὰ
1637 1750 1983 1822 ὀφειλήματα

2090 565 2288 637 possit,
2307 563 2765 634 curplagi5277
2789 576 3022 617 numero
3036 559 3398 631 quadraginta
3421 559 3691 616 duntaxat

2090 656 2446 713 condemnati
2475 655 2725 710 caedendi
2754 654 2901 709 sint?
2938 668 3117 724 quave
3145 651 3358 707 ratione
3389 651 3692 721 deturpen—

2090 756 2200 813 tur,
2229 748 2276 803 si
2301 748 2396 818 qui
2421 762 2587 817 supra
2609 747 2759 801 hunc
2786 761 3079 801 numerum
3105 744 3409 809 credantur,
3446 743 3692 814 explices

2088 841 2277 896 velim.
2758 854 2765 859 ·

2152 932 2309 989 CYR.
2337 930 2522 985 Multis
2547 928 2729 984 modis
2743 927 2950 983 Christi
2977 930 3300 1000 mysterium
3326 937 3478 984 recte
3509 925 3686 982 veteri

2088 1004 2349 1079 mandato
2378 1022 2542 1077 nobis
2579 1020 2966 1086 adumbratur,
3003 1031 3060 1077 et
3098 1020 3506 1092 quodammodo
3534 1018 3690 1074 ciliu-

2088 1119 2236 1190 gitur
2253 1116 2432 1188 passio
2454 1115 2775 1181 Salvatoris,
2804 1114 2858 1169 in
2883 1131 2993 1185 qua
3039 1124 3096 1169 et
3118 1131 3220 1186 per
3250 1132 3416 1185 quam
3440 1116 3510 1170 ab
3534 1116 3687 1171 omni

2088 1210 2232 1265 malo
2261 1208 2480 1267 liberati
2530 1223 2723 1261 sumus
2765 1207 2913 1277 quod
2937 1223 3041 1262 nos
3064 1222 3260 1263 vexare
3280 1216 3520 1277 poterat,
3552 1216 3609 1262 et
3633 1209 3688 1262 in

2085 1313 2361 1354 aerumnas
2395 1296 2729 1352 insanabiles
2753 1297 3303 1368 conjecerat.Atquc.
3330 1297 3474 1352 sicut
3499 1315 3684 1368 nuper

2087 1388 2221 1454 dixi,
2265 1388 2371 1442 hoc
2393 1388 2595 1457 ipsum,
2630 1386 2780 1457 quod
2813 1388 3048 1457 septimo
3090 1402 3311 1457 quoque
3337 1404 3480 1443 anno
3522 1388 3691 1443 ﬁebat

2087 1480 2400 1537 debitorum
2423 1470 2694 1547 remiSsio,
2729 1490 2946 1552 tempus
2983 1481 3377 1536 universorum
3405 1483 3688 1539 remissio--

2087 1572 2173 1626 nis
2199 1572 2425 1643 ﬁgurate
2451 1571 2764 1642 signiﬁcare
2833 1571 2851 1644 (
2883 1571 3170 1644 justiﬁcati
3210 1588 3449 1642 namque
3498 1588 3692 1628 sumus

2086 1659 2143 1715 in
2181 1660 2421 1727 Christo,
2450 1670 2508 1716 et
2547 1660 2845 1717 didicimus
2887 1661 3074 1716 dicere
3123 1662 3178 1717 in
3221 1662 3570 1719 orationibus
3615 1665 3686 1719 ad

2085 1752 2256 1806 Deum
2313 1761 2367 1806 et
2389 1752 2627 1817 Patrem,
2669 1752 2764 1822 qui
2793 1753 2847 1806 in
2892 1751 3048 1807 caelis
3072 1760 3230 1807 cstu
3260 1752 3481 1809 Dimitte
3526 1754 3692 1817 nobis

384 1841 565 1912 ἡμῶν·
580 1862 599 1893 ›
622 1839 767 1895 οὕτω
789 1841 1041 1907 κάνθάδε,
1062 1842 1123 1895 τὸ
1144 1841 1304 1913 μέχρι
1326 1842 1551 1913 πληγῶν
1572 1842 1981 1913 τεσσαράκοντα

2084 1846 2270 1902 debita
2303 1854 2493 1901 nostra
2516 1847 2560 1878 ⁸ο
2589 1844 2640 1919 ;)
2676 1865 2694 1898 ι
2729 1847 2811 1901 sic
2837 1847 2944 1902 hoc
2974 1862 3197 1918 quoque
3233 1847 3357 1901 loco
3383 1845 3533 1916 quod
3561 1862 3690 1901 ver-

383 1937 654 2006 προήκειν
705 1937 819 1998 τοῖς
869 1935 1160 2001 παίουσιν,
1207 1935 1326 2006 ἤτοι
1378 1934 1700 2005 παιομένοις
1742 1934 1844 1998 τὰς
1889 1933 1979 1988 διὰ

347 2027 674 2097 ’μαστίγων
720 2028 934 2092 αἰκίας,
985 2028 1077 2083 τὸν
1129 2026 1458 2100 τριπόθητον
1501 2028 1633 2099 ἡμῖν
1688 2026 1791 2097 τῆς
1840 2024 1980 2098 μετά

385 2120 592 2190 σαρκὸς
616 2120 931 2191 οἰκονομίας
958 2119 1053 2173 τοῦ
1078 2119 1420 2188 Μονογενοῦς
1445 2118 1736 2188 ἀποφαίνει
1760 2118 1973 2192 καιρὸν,

382 2210 511 2263 καθ’
547 2210 609 2264 ὃν
642 2210 719 2282 τῷ
760 2211 989 2282 μώλωπι
1033 2211 1200 2265 αὑτοῦ
1246 2214 1410 2282 ἡμεῖς
1447 2210 1708 2283 ἰάθημεν,
1749 2210 1843 2263 καὶ
1883 2226 1980 2280 με-

385 2301 724 2372 μαλάκισται
758 2303 858 2375 μὲν
894 2304 1057 2368 αὐτὸς
1089 2303 1177 2357 διὰ
1212 2304 1311 2366 τὰς
1346 2303 1620 2374 ἁμαρτίας
1653 2301 1843 2374 ἡμῶν,
1876 2300 1979 2369 ἐμ-

381 2396 840 2469 παροινησάντων
877 2399 958 2460 εἰς
1007 2397 1171 2450 αὑτὸν
1215 2396 1325 2450 τῶν
1376 2396 1435 2463 ἐξ
1480 2394 1719 2467 Ἰσραὴλ,
1757 2394 1979 2458 καὶτὰς

380 2487 529 2541 κατὰ
570 2487 759 2542 νώτων
791 2489 1008 2560 πληγὰς
1043 2488 1431 2558 ἐπενεγκόντος
1472 2487 1742 2552 Πιλάτου,
1785 2486 1979 2556 ποινῆς

379 2580 438 2633 δὲ
466 2582 634 2651 ἡμεῖς
666 2581 764 2634 καὶ
800 2581 1077 2650 κολάσεως
1111 2579 1447 2660 ὲξῃρήμεθα.
1488 2580 1667 2634 Πάλαι
1700 2578 1809 2650 γὰρ
1838 2573 1980 2649 ἦσαν

382 2674 579 2728 πολλαὶ
602 2676 657 2728 αἰ
682 2674 949 2745 μάστιγες
972 2673 1068 2727 τοῦ
1093 2660 1446 2745 ἀμαρτωλοῦ,
1471 2671 1613 2727 κατὰ
1640 2672 1702 2725 τὸ
1729 2687 1980 2742 γεγραμ-

384 2766 569 2835 μένον,
606 2765 723 2820 ἀλλ⁹
756 2763 900 2837 ὑπὲρ
936 2764 1095 2837 ἡμῶν
1125 2764 1429 2836 ὲμαστίχθη
1472 2763 1709 2836 Χριστός
1732 2780 1749 2795 ο
1789 2761 1980 2835 ὥσπερ

2079 1937 2275 1993 herum
2299 1938 2588 2009 supplicia,
2618 1949 2727 1993 tam
2750 1939 2906 1993 caesis
2929 1954 3095 2009 quam
3127 1938 3492 2004 czcdentihus,
3514 1953 3691 2009 usque

2080 2030 2148 2103 ad
2204 2031 2700 2107 quadragenarium
2748 2031 3038 2102 plagarum
3099 2047 3397 2089 numerum
3459 2046 3690 2102 progre-

2079 2123 2327 2189 diuntur,
2363 2124 2414 2178 id
2463 2124 2611 2179 illius
2663 2124 2933 2194 unigeniti
2970 2124 3115 2189 Filii,
3164 2133 3449 2196 assumpta
3496 2138 3688 2186 carne,

2080 2217 2507 2287 dispensationis
2560 2227 2779 2287 tempus
2843 2217 3005 2271 nobis
3056 2217 3538 2287 exoptatissimum
3596 2216 3679 2270 in—

2079 2308 2245 2373 dicat,
2272 2326 2382 2379 quo
2400 2317 2644 2379 tempore
2665 2309 2838 2363 livore
2867 2310 2989 2380 ejus
3023 2311 3339 2379 noshsanati
3372 2323 3603 2374 sumus;
3629 2314 3690 2361 et

2081 2400 2197 2470 ipse
2224 2401 2450 2471 quidem
2476 2401 2786 2455 inﬁrmatus
2814 2408 2899 2454 est
2922 2408 3150 2470 propter
3176 2409 3402 2471 peccata
3429 2408 3619 2455 nostra
3644 2400 3688 2432 ³⁸

2080 2504 2204 2544 cum
2251 2490 2472 2560 injuriis
2516 2506 2643 2544 eum
2689 2490 3016 2554 affecerunt,
3063 2489 3156 2559 qui
3206 2506 3274 2544 ex
3314 2490 3480 2545 Israel
3512 2505 3690 2561 genus

2080 2581 2384 2659 ducebant,
2418 2588 2586 2651 atque
2634 2581 2690 2635 in
2724 2583 2846 2653 ejus
2875 2588 3091 2652 tergum
3130 2581 3342 2635 Pilatus
3369 2582 3557 2652 plagas
3597 2581 3691 2635 in-

2080 2673 2255 2740 ﬁixit;
2309 2689 2409 2730 nos
2442 2673 2688 2728 vicissim
2714 2690 2745 2727 a
2772 2673 2953 2743 poenis
2991 2681 3157 2742 atque
3188 2672 3461 2742 supplicio
3500 2685 3696 2728 sumus

2079 2766 2277 2838 erepti.
2318 2765 2459 2821 Olim
2488 2781 2725 2836 namque
2752 2766 2923 2819 multa
2943 2774 3100 2820 erant
3119 2764 3331 2836 ﬂagella
3354 2765 3688 2835 peccatoris,

381 2856 494 2927 γάρ
521 2855 665 2926 ὑπὲρ
699 2855 923 2909 πάντων
948 2855 1221 2909 ἀπέθανεν
1244 2895 1259 2920 ,
1291 2853 1435 2908 οὕτω
1463 2854 1557 2908 καὶ
1587 2853 1731 2922 ὑπὲρ
1760 2853 1980 2907 πάντων

2084 2871 2143 2915 ω
2162 2859 2429 2929 scriptum
2452 2868 2539 2914 est
2569 2858 2639 2924 ³¹,
2665 2858 2761 2913 sed
2786 2873 2888 2929 pro
2910 2858 3073 2913 nobis
3097 2858 3400 2930 ﬂagellatus
3426 2866 3511 2913 est
3531 2856 3695 2913 Chri-

381 2947 753 3019 ἐμαστιγοῦτο
794 2948 984 3014 πάλιν,
1020 2944 1102 3011 είς
1138 2945 1213 3001 ὣν
1243 2947 1272 2999 6
1308 2946 1527 3001 πάντων
1568 2943 1840 3011 ἀντάξιος.
1876 2943 1979 2996 Τὸν

2083 2954 2203 3011 tus:
2235 2957 2294 3004 ut
2330 2951 2480 3005 enim
2513 2965 2614 3021 pro
2637 2949 2897 3005 omnibus
2930 2957 3183 3005 mortuus
3204 2959 3311 3017 est,
3339 2951 3411 3005 ita
3440 2966 3543 3021 pro
3565 2966 3683 3005 om-

380 3039 439 3093 δέ
477 3057 543 3110 γε
581 3040 1173 3113 τεσσαρακονθήμερον
1211 3037 1447 3117 ἀριθμὸν
1478 3039 1559 3103 εἰς
1601 3039 1692 3093 τὸν
1720 3035 1981 3099 πεντάκις

2083 3040 2249 3096 nibus
2272 3057 2493 3111 quoque
2533 3040 2861 3112 ﬂagellatus,
2891 3056 3019 3095 cum
3062 3057 3206 3096 unus
3230 3042 3403 3095 instar
3435 3040 3686 3096 omnium

379 3132 529 3186 ὀκτὼ
558 3133 911 3205 κατατεμὼν,
949 3135 1225 3205 χρήσιμον
1253 3132 1511 3206 εὑρήσεις
1545 3134 1613 3203 τῇ
1651 3131 1745 3201 τοῦ
1774 3120 1977 3203 καιροῦ

2083 3140 2251 3189 esset.
2294 3133 2600 3188 Numerum
2645 3148 2811 3203 porro
2850 3133 3218 3203 quadraginta
3258 3133 3500 3198 dierum,
3560 3134 3606 3188 si
3635 3133 3694 3187 in

382 3223 656 3295 σημασίᾳ,
685 3189 785 3278 τὸν
807 3189 1087 3279 πέντέκάὶ
1114 3189 1207 3277 τὸν
1247 3189 1396 3276 6x:th
1420 3261 1435 3287 ,
1465 3189 1832 3291 ἐπιδεδήμηκε
1868 3189 1977 3293 γὰρ

2083 3221 2378 3291 quinquies
2400 3232 2524 3278 octo
2559 3222 2935 3287 distribueris,
2971 3222 3292 3293 quinarium
3338 3222 3589 3293 reperies
3638 3232 3697 3279 et

379 3317 411 3368 6
442 3315 761 3386 Μονογενὴς
794 3317 853 3369 ἐν
889 3314 1131 3387 πέμπτῳ
1155 3311 1336 3383 καιρῷ
1355 3351 1371 3377 ,
1398 3311 1543 3366 κατά
1572 3327 1638 3379 γε
1665 3309 1766 3382 τὴν
1799 3309 1979 3378 Εὐαγ-

2083 3313 2441 3379 octonarium,
2467 3322 2623 3383 aptos
2656 3328 2922 3368 numeros
2959 3314 3027 3368 ad
3058 3315 3179 3386 ejus
3208 3315 3475 3384 temporis
3516 3313 3695 3385 signi—

380 3405 614 3478 γελικὴν
639 3407 992 3480 παραϐολήν·
1028 3405 1351 3480 Ἐμισθοῦτο
1381 3403 1493 3476 γάρ
1521 3420 1606 3468 τις
1635 3404 1714 3466 εἰς
1744 3402 1837 3456 τὸν
1866 3402 1977 3472 ἁμὲ

2083 3404 2389 3461 ﬁcationem
2434 3424 2446 3459 :
2494 3405 2721 3461 advenit
2766 3405 2916 3460 enim
2965 3406 3058 3461 ille
3109 3405 3441 3476 Unigenitus
3493 3405 3697 3477 quinto

380 3500 603 3555 πελῶνα
640 3502 772 3564 τοὺς
810 3501 1051 3572 ἐργάτας
1072 3518 1088 3533 ο
1129 3498 1364 3570 ἐξελθὼν
1413 3499 1471 3553 δὲ
1509 3497 1640 3570 περ).
1679 3496 1779 3569 τὴν
1829 3495 1978 3568 ὤραν

2083 3498 2519 3569 tempore,juxta
2553 3496 2701 3551 illam
2726 3496 3103 3567 evangelicam
3145 3497 3465 3566 parabolam
3495 3515 3509 3551 :
3544 3495 3694 3552 Con-

381 3590 611 3664 πρώτην
628 3632 644 3657 ,
687 3576 883 3665 τρίτην
904 3610 965 3646 τε
997 3591 1094 3646 καὶ
1114 3591 1283 3663 ἕκτην
1301 3632 1316 3656 ,
1340 3589 1436 3644 καὶ
1461 3589 1692 3660 ὲννάτην
1715 3588 1810 3641 καὶ
1829 3586 1978 3641 ἑνδε-

380 3685 589 3756 κάτην·
619 3686 920 3757 ἐγήγερται
943 3684 1001 3739 δὲ
1036 3683 1181 3740 κατὰ
1206 3683 1313 3757 τὴν
1339 3683 1534 3756 ὀγδόην
1556 3723 1573 3751 ,
1612 3681 1708 3736 τοῦ
1745 3681 1976 3736 θανάτου

2083 3682 2225 3738 circa
2268 3682 2466 3736 horam
2508 3682 2767 3752 primam,
2817 3683 3059 3745 tertiam,
3106 3687 3317 3736 sextam
3368 3696 3593 3752 quoque
3632 3695 3697 3736 ac

380 3776 696 3841 καταλύσας
721 3776 782 3831 τὸ
805 3777 1027 3851 κράτος,
1052 3779 1148 3831 καὶ
1174 3777 1273 3849 τῆς
1297 3776 1626 3831 ἐπεισάκτου
1651 3774 1860 3846 φθορᾶς
1878 3773 1978 3845 τὴν

2083 3790 2276 3831 nonam
2305 3784 2363 3831 et
2406 3774 2756 3830 undecimam
2788 3774 2835 3806 ³³
2868 3792 2882 3829 :
2933 3775 3241 3831 resurrexit
3264 3781 3447 3830 autem
3500 3783 3697 3830 octavo

385 3868 603 3942 μητέρα
639 3869 956 3934 συνδιολλὺς
980 3867 1131 3941 αὑτῷ
1150 3908 1165 3932 ,
1189 3868 1337 3922 τοῦτ’
1359 3868 1532 3934 ἔστιν,
1560 3867 1840 3941 ἁμαρτίαν
1863 3908 1876 3931 ,
1909 3862 1977 3940 ἧς

2083 3866 2188 3933 die,
2212 3866 2498 3923 destructo
2528 3866 2726 3921 mortis
2763 3866 3021 3936 imperio,
3051 3873 3108 3921 et
3131 3881 3258 3921 cum
3286 3881 3354 3923 eo
3401 3865 3695 3927 adventitii

380 3961 741 4033 ἀνῃρημένης
759 4000 774 4025 ,
804 3962 998 4033 ἀργεῖν
1040 3959 1257 4032 ἀνάγκη
1291 3960 1387 4014 καὶ
1420 3959 1726 4031 μάστιγας,
1752 3959 1850 4013 καὶ
1877 3957 1977 4023 τάς

2083 3960 2337 4018 interitus
2387 3968 2619 4031 parente
2665 3960 2829 4015 simul
2892 3959 3255 4029 interempto,
3306 3968 3557 4030 peccato,
3606 3960 3696 4015 ἰοε-

260 4071 269 4081 ’
379 4054 450 4109 δι’
489 4054 662 4125 αὐτὴν
698 4055 893 4119 ποινάς
934 4054 1030 4108 καὶ
1066 4052 1338 4117 κολάσεις.
1387 4053 1501 4107 Οὐκ
1528 4054 1592 4124 ἐᾷ
1620 4049 1912 4124 τοιγαροῦν
1950 4051 1979 4104 6

2083 4068 2264 4123 quam,
2309 4066 2420 4121 quo
2463 4051 2704 4116 sublato,
2740 4050 2977 4105 verbera
3012 4065 3232 4120 quoque
3284 4064 3349 4104 ac
3397 4065 3593 4120 poenas
3635 4058 3696 4105 et

379 4144 547 4216 νόμος
592 4144 953 4217 ὑπερτρέχειν
993 4143 1074 4198 ἔτι
1102 4144 1203 4216 τὴν
1246 4143 1489 4214 μάστιγα
1517 4143 1610 4197 τὸν
1636 4159 1977 4213 τεσσαρακο-

2083 4141 2350 4212 supplicia
2399 4147 2627 4210 peccato
2658 4138 2847 4194 debita
2895 4153 3116 4193 cessare
3163 4153 3390 4194 necesse
3413 4145 3520 4194 est.
3566 4138 3693 4196 Fla'

380 4240 510 4294 στὸν
565 4238 829 4311 ἀριθμὸν,
893 4237 1057 4313 μέχρι
1097 4237 1196 4313 τῆς
1245 4235 1486 4309 Χριστοῦ
1541 4235 1844 4308 παρουσίας
1882 4235 1979 4290 καὶ

2083 4234 2217 4306 gella
2242 4233 2412 4304 igitur
2442 4230 2955 4302 quadragenarium
3000 4230 3183 4285 adhuc
3212 4245 3509 4285 numerum
3532 4245 3695 4286 exce-

377 4331 547 4386 niovel
570 4348 689 4396 πως
713 4329 867 4395 ἱστὰς
894 4328 966 4384 τὰ
991 4329 1348 4400 κολαστήρια,
1372 4328 1467 4383 καὶ
1491 4327 1582 4382 τὸν
1601 4329 1702 4399 τῆς
1726 4327 1977 4398 ἀφέσεως

2083 4326 2210 4381 dere
2232 4340 2345 4380 non
2367 4324 2640 4395 permittit
2664 4324 2773 4390 lex,
2803 4323 2934 4393 quia
2958 4339 3134 4393 usque
3158 4325 3227 4377 ad
3249 4322 3458 4378 Christi
3485 4322 3697 4381 adven-

381 4424 818 4497 κατασημαίνων
853 4423 1065 4497 καιρόν.
1098 4422 1212 4494 Τῆς
1237 4423 1348 4495 γὰρ
1374 4421 1632 4492 ἀληθείας
1658 4423 1708 4476 οἰ
1730 4421 1892 4475 τύποι
1915 4421 1979 4475 τὸ

2083 4426 2198 4474 tum
2221 4416 2492 4488 supplicia
2510 4432 2580 4472 ne
2600 4416 2746 4471 ultra
2769 4415 3265 4488 progrederemur,
3288 4413 3697 4485 quodammodo

383 4514 583 4579 κάλλος
633 4514 936 4570 ὠδίνουσιν.
1010 4512 1203 4569 Ἱστέον
1257 4512 1315 4566 δὲ
1367 4512 1449 4566 ὅτι
1511 4510 1896 4585 προσκρούσας
1950 4508 1980 4566 6

2083 4511 2245 4575 sistit,
2280 4525 2345 4565 ac
2370 4510 2532 4573 simul
2573 4509 2921 4565 remissionis
2976 4516 3198 4580 tempus
3249 4507 3697 4580 designatmam

393 4608 638 4683 Ἰσραήλ,
668 4608 1109 4681 τεσσαρακοστὸν
1144 4606 1264 4670 ἔτος
1295 4604 1564 4659 ἐπλανᾶτο
1595 4604 1694 4676 τὴν
1733 4603 1939 4677 ἔρημον
1962 4622 1975 4637 ·

2083 4600 2554 4672 pulchritudinem
2571 4599 2822 4655 veritatis
2847 4598 3036 4671 ﬁgura:
3058 4597 3511 4655 continent.lllud
3528 4613 3699 4669 porro

377 4702 532 4773 ὅρκῳ
554 4702 661 4774 γὰρ
692 4700 909 4772 ὤμοσεν
936 4701 966 4754 6
989 4699 1145 4764 Θεὸς,
1182 4699 1261 4772 μὴ
1289 4695 1529 4765 εἰσάξειν
1555 4697 1754 4761 αὐτοὺς
1775 4699 1856 4762 εἰς
1879 4696 1979 4768 τὴν

2083 4694 2369 4750 sciendum
2391 4700 2476 4751 est
2514 4694 2797 4758 lsraelem,
2820 4690 3144 4764 278quod
3168 4691 3340 4746 Deum
3352 4690 3697 4758 odendisset,

378 4793 489 4865 γῆν
535 4792 636 4866 τῆς
669 4792 1024 4863 ἐπαγγελίας.
1072 4793 1184 4848 Καὶ
1210 4788 1281 4865 ἦν
1314 4793 1441 4864 ὅρος
1470 4785 1628 4863 οὗτος
1660 4791 1844 4854 αὐτοῇ
1879 4792 1981 4863 τῆς

2083 4784 2447 4859 quadraginta
2492 4799 2670 4841 annos
2706 4799 2807 4856 per
2844 4782 3129 4839 desertum
3172 4783 3492 4839 oberrasse:
3539 4783 3698 4854 jura—-

377 4886 588 4961 όργῆς,
632 4884 1032 4957 παρῳχηκότος
1057 4884 1115 4938 δὲ
1153 4881 1251 4937 τοῦ
1283 4881 1479 4955 καιροῦ
1500 4921 1515 4947 ,
1549 4879 1769 4935 λέλυται
1804 4881 1904 4953 μὲν
1944 4882 1979 4953 ἠ

2085 4887 2275 4935 mento
2301 4880 2452 4934 enim
2503 4877 2714 4951 juravit
2771 4878 2942 4943 Deus,
2989 4892 3103 4932 non
3145 4892 3204 4932 se
3250 4876 3698 4930 introducturum

377 4976 523 5048 ὀργὴ
546 5017 561 5042 ,
605 4976 866 5049 διέϐησαν
897 4975 956 5029 δὲ
988 4975 1083 5029 τὸν
1131 4973 1400 5046 Ἰορδάνην
1447 4975 1498 5027 οἰ
1538 4971 1600 5038 ἐξ
1633 4973 1842 5036 αὐτῶν,
1887 4972 1981 5026 καί¹

2083 4971 2253 5035 eosin
2299 4979 2513 5027 terram
2566 4969 2990 5041 promissionis;
3056 4970 3217 5037 isque
3267 4973 3389 5021 erat
3439 4965 3549 5021 illis
3599 4965 3697 5021 im

2078 3588 2237 3644 duxit
2256 3590 2405 3644 enim
2429 3589 2656 3660 quidam
2669 3590 2960 3658 operarios
2986 3590 3042 3644 in
3067 3590 3309 3655 vineam,
3339 3605 3467 3644 cum
3490 3590 3697 3645 exisset
3812 3578 3815 3579 ⁷

376 5070 725 5142 είσέφρησαν
770 5068 853 5131 εἰς
893 5065 994 5139 τὴν
1042 5065 1177 5137 γῆν,
1224 5067 1325 5136 οὐχ
1373 5064 1836 5137 ὑπερδραμούσης
1883 5065 1981 5136 τῆς

2086 5063 2356 5120 terminus
2395 5061 2781 5134 praestitutus:
2812 5076 2923 5131 quo
2938 5059 3126 5131 elapso
3153 5067 3418 5128 tempore,
3458 5056 3697 5115 cessavit
3812 5132 3817 5137 _

377 5161 814 5234 ἀγανακτήσεως
858 5158 920 5213 τὸ
965 5157 1405 5229 τεσσαρακοστὸν
1462 5157 1604 5229 ἔτος.
1654 5156 1838 5220 Τύπος
1887 5152 1981 5211 οὖν

2083 5155 2185 5222 ira,
2222 5171 2287 5212 ac
2313 5156 2618 5211 Iordanem
2652 5154 2875 5209 illorum
2903 5152 3112 5224 posteri
3139 5151 3499 5222 trajecerunt,
3534 5155 3592 5204 et
3636 5148 3694 5209 in

375 5254 489 5328 ἄρα
520 5253 616 5307 καὶ
638 5251 793 5306 τοῦδε
826 5249 1028 5322 σαφὴς,
1053 5247 1114 5303 τὸ
1137 5249 1300 5321 μέχρι
1323 5246 1549 5321 πληγῶν
1566 5249 1976 5319 τεσσαράκοντα

2083 5261 2276 5309 terram
2308 5252 2543 5326 ingressi
2565 5257 2715 5317 sunt,
2744 5265 2874 5305 cum
2909 5249 3003 5303 illa
3031 5244 3341 5317 indignatio
3381 5243 3527 5299 ultra
3551 5259 3694 5314 qua~

376 5343 789 5401 καταπαίεσθαι
822 5341 1001 5407 τινὰς,
1032 5341 1286 5409 ἀφέσεως
1317 5341 1426 5414 γὰρ
1453 5341 1483 5394 6
1511 5340 1651 5412 μετά
1676 5341 1833 5395 τοῦτο
1859 5357 1977 5394 και-ο

2083 5344 2445 5419 dragesimum
2462 5359 2668 5400 annum
2697 5358 2809 5397 non
2865 5348 3015 5396 esset
3039 5353 3281 5412 egressa.
3312 5336 3487 5408 Igitur
3525 5336 3695 5408 hujus

379 5438 474 5505 ρὸς
494 5478 510 5502 ,
539 5436 792 5492 διάϐασιν
820 5437 955 5508 ἡμῖν
993 5433 1262 5505 εἰσφέρων
1294 5433 1394 5506 τὴν
1432 5432 1527 5487 τοῦ
1573 5432 1835 5505 Ἰορδάνου
1876 5432 1974 5504 τὴν

2083 5451 2296 5509 quoque
2330 5436 2409 5492 rei
2433 5434 2662 5491 evidens
2701 5432 2873 5505 ﬁgura
2901 5430 3025 5496 fuit,
3063 5427 3219 5503 quod
3263 5442 3445 5498 usque
3473 5426 3543 5482 ad
3557 5441 3695 5496 qua-

377 5527 689 5600 μυστικὴν,
716 5526 813 5582 καὶ
857 5526 967 5600 μὴν
1001 5524 1097 5579 καὶ
1125 5523 1404 5596 μαχαίρας
1437 5524 1702 5596 πετρίνας
1721 5564 1737 5588 ,
1765 5524 1794 5577 6
1822 5525 1936 5578 ἐστι
1957 5563 1972 5587 ,

372 5621 479 5694 τήν
511 5621 571 5675 ὲν
600 5619 875 5692 πνεύματι
902 5615 1229 5692 περιτομὴν,
1258 5617 1353 5671 καὶ
1383 5615 1487 5689 τὴν
1528 5615 1705 5688 Ἰησοῦ
1740 5634 1975 5689 στρατη-

453 5813 499 5847 ³⁸
532 5812 724 5870 Matth.
755 5829 831 5877 vr,
862 5812 949 5870 12.
1026 5813 1067 5847 ³⁸
1096 5812 1198 5869 lsa.
1234 5827 1346 5879 Lm,
1382 5812 1433 5867 5.

2074 5527 2326 5599 draginta
2340 5527 2528 5597 plagas
2555 5524 2725 5596 aliqui
2749 5523 3106 5579 czedebantur
3130 5538 3146 5576 :
3168 5518 3510 5576 remissionis
3540 5517 3689 5573 enim

2074 5627 2292 5691 tempus
2315 5626 2454 5687 erat,
2482 5618 2631 5690 quod
2652 5625 2778 5689 post
2811 5632 2943 5675 eum
2974 5629 3278 5691 numerum
3307 5608 3688 5682 consequeba-

1513 5813 1557 5846 ³³
1586 5812 1726 5869 Psal.
1772 5829 1917 5877 xxxx,
1966 5812 2044 5868 10.
2128 5812 2171 5845 ³³
2205 5811 2398 5870 Matth.
2447 5828 2536 5874 xx.
2578 5802 2720 5867 1—16.
