4118 6500
451 418 559 477 575

1483 425 1539 481 S.
1581 424 1858 482 CYRILLI
1897 425 2370 486 ALEXANDRINI
2408 430 2726 490 ARCHIEP.
3504 442 3539 456 ‘

3606 425 3713 485 576

450 549 562 606 tur,
598 539 889 595 transitum
937 540 1096 596 nobis
1125 542 1417 614 mysticum
1463 543 1721 600 Iordanis
1771 545 2029 613 aﬂ‘erens,

2139 548 2265 617 γίαν
2284 565 2297 578 ·
2332 550 2522 619 γέγονε
2550 551 2659 623 γὰρ
2687 552 2821 623 ἡμῖν
2866 548 3186 623 καθηγητὴς
3222 548 3251 603 6
3281 545 3541 621 Χριστὸς,
3572 544 3713 618 μετά

445 646 661 685 necnon
708 630 952 701 lapideos
1005 633 1232 699 cultros,
1273 634 1327 688 id
1369 642 1491 700 est,
1534 636 1685 690 illam
1732 636 1789 691 in
1826 637 2025 706 spiritu

2133 638 2337 694 Μωσέα
2360 642 2450 695 καὶ
2474 643 2658 713 νόμον.

446 721 942 785 circumcisionem,
971 729 1027 775 et
1061 722 1211 776 illam
1266 722 1395 778 Jesu
1437 723 1849 795 imperatoriam
1884 730 2256 795 potestatem:
2302 729 2413 784 dux
2466 732 2669 803 quippe
2707 731 2870 807 nobis
2918 731 3095 787 factus
3138 738 3224 787 est
3285 729 3543 787 Christus
3588 726 3714 795 post

446 814 666 884 Moysen
685 827 749 866 ac
778 812 975 883 legem.

517 902 713 956 PALL.
735 902 1043 958 Assentior.

512 992 670 1048 CYR.
704 992 775 1048 Ut
803 992 971 1063 igitur
1000 1001 1151 1048 recto
1173 1001 1337 1065 atque
1371 995 1690 1066 incorrupto
1710 995 1942 1067 judicio,
1981 995 2028 1051 si

449 1096 570 1153 quae
597 1082 723 1138 lites
758 1082 1075 1149 inciderint,
1107 1084 1457 1151 dirimantur,
1505 1095 1563 1140 et
1596 1086 1812 1157 injuria:
1865 1095 2029 1154 atque

442 1175 746 1245 iniquitatis
772 1191 973 1247 genera
998 1177 1283 1231 tollantur:
1316 1196 1334 1229 ι
1353 1177 1596 1244 .ludices,
1617 1179 1815 1249 inquit,
1839 1188 1895 1234 et
1917 1194 2031 1233 ma-

440 1266 639 1336 gistros
672 1267 979 1322 constitues
1008 1268 1108 1323 tibi
1149 1269 1207 1323 in
1238 1270 1500 1347 omnibus
1559 1270 1876 1324 civitatibus
1921 1269 2031 1325 tuis

440 1370 578 1424 quas
604 1356 870 1411 Dominus
894 1358 1040 1414 Deus
1072 1359 1165 1413 dat
1207 1358 1329 1425 tibi,
1354 1375 1453 1429 per
1485 1359 1695 1425 tribus;
1728 1367 1784 1414 et
1813 1359 2029 1431 judica-

439 1445 581 1500 bunt
604 1446 869 1517 populum
889 1448 1039 1519 justo
1070 1448 1311 1519 judicio:
1353 1467 1464 1505 non
1494 1450 1853 1506 declinabunt
1877 1450 2028 1521 judi-

330 1614 336 1625 θ
440 1537 607 1603 cium,
667 1554 847 1609 neque
894 1549 1195 1612 agnoscent
1248 1541 1468 1607 faciem,
1519 1557 1700 1612 neque
1757 1542 2030 1612 accipient

441 1642 669 1681 munera
691 1645 703 1681 :
727 1644 957 1684 munera
974 1631 1410 1686 enim'excaecant
1424 1632 1613 1686 oculos
1627 1632 1956 1701 sapientum,
1974 1638 2031 1686 et

438 1719 697 1773 auferunt
709 1734 990 1776 sermones
996 1723 1270 1793 justorum
1283 1722 1327 1754 ³⁸
1349 1742 1369 1774 ›
1387 1721 1625 1793 [Equum
1640 1723 1787 1777 enim
1804 1722 2033 1793 putabat

441 1809 547 1872 lex,
571 1818 627 1863 et
654 1810 849 1865 merito
879 1814 1194 1883 quicunque
1218 1812 1286 1867 ad
1314 1813 1520 1884 judicia
1536 1813 1841 1868 exercenda
1863 1813 2033 1868 collo-

440 1901 548 1955 cati
569 1910 772 1969 essent,
807 1919 905 1959 eos
942 1906 1185 1959 suilucri
1210 1915 1375 1975 atque
1408 1906 1779 1960 emolumenti
1809 1905 2029 1975 cupidi-

442 1997 553 2045 tate
600 1991 825 2047 minime
874 1994 1017 2063 capi,
1058 2009 1256 2065 neque
1299 1994 1534 2049 aliorum
1579 1995 1767 2065 gratia:
1817 2002 2031 2049 tantum

440 2083 708 2150 tribuere,
739 2094 800 2141 ut
832 2100 862 2140 a
904 2093 1055 2141 recto
1093 2086 1414 2157 integreque
1440 2085 1617 2140 ollicio
1651 2086 2025 2151 declinarent;

2195 903 2406 959 BAAA.
2435 904 2719 975 Πείθομαι.

2200 995 2366 1050 ΚΥΡ.
2395 996 2512 1052 Ἵνα
2539 998 2719 1051 τοίνυν
2740 993 2917 1068 ὀρθῶς
2935 1011 2997 1048 τε
3019 994 3113 1049 καὶ
3136 993 3454 1059 ἀδεκάστως
3475 995 3545 1049 τὰ
3570 1012 3685 1068 παρ

2129 1088 2473 1155 εμπίπτοντα
2496 1088 2843 1160 διακρίνοιτο,
2874 1087 2969 1142 καὶ
2994 1090 3044 1140 ot
3068 1086 3171 1157 τῆς
3197 1086 3515 1152 πλεονεξίας
3536 1089 3712 1157 ἀφαν-

2133 1175 2328 1240 ίζοιντο
2360 1178 2570 1250 τρόποι,
2609 1196 2627 1229 ι
2668 1178 2895 1250 Κριτάς,
2937 1178 3102 1249 φησὶ,
3158 1179 3254 1232 καὶ
3298 1195 3716 1250 γραμματοεισ-

2129 1271 2367 1337 αγωγεῖς
2409 1271 2775 1341 καταστήσεις
2822 1269 3033 1341 σεαυτῷ
3071 1272 3128 1324 ὲν
3158 1272 3362 1336 πάσαις
3389 1274 3512 1335 ταῖς
3527 1274 3715 1327 πόλεσι

2131 1379 2247 1425 σου,
2278 1355 2367 1425 αἷς
2407 1360 2610 1433 Κύριος
2642 1363 2670 1415 6
2702 1360 2835 1424 Θεὸς
2850 1360 3032 1414 δίδωσί
3062 1377 3183 1427 σοι,
3214 1360 3359 1416 κατά
3398 1360 3571 1430 φυλὰς
3620 1363 3716 1416 καὶ

2130 1452 2380 1524 κρινοῦσι
2424 1452 2516 1506 τὸν
2559 1451 2687 1506 λαὸν
2724 1451 2941 1506 δικαίαν
2986 1453 3191 1522 κρίσιν.
3245 1453 3361 1508 Οὐκ
3405 1451 3714 1507 ὲκκλινοῦσι

2131 1545 2340 1616 κρίσιν,
2373 1545 2494 1599 οὐδὲ
2522 1545 2916 1614 ὲπιγνὼσονται
2951 1544 3266 1616 πρόσωπον,
3298 1545 3421 1599 οὐδὲ
3448 1544 3714 1616 λήψονται

2129 1635 2279 1708 δῶρα
2300 1650 2314 1665 ⁶
2342 1635 2412 1689 τὰ
2440 1635 2549 1708 γὰρ
2575 1635 2726 1706 δῶρα
2754 1636 3013 1705 ὲκτυφλοῖ
3037 1635 3350 1706 ὀφθαλμοὺς
3378 1635 3560 1705 σοφῶν
3578 1676 3593 1701 ,
3618 1635 3715 1689 καὶ

2131 1724 2338 1797 ἐξαίρει
2371 1726 2564 1795 λόγους
2607 1726 2853 1781 δικαίων.
2903 1745 2921 1778 ι
2964 1726 3124 1797 ’ῼετο
3165 1723 3274 1797 γὰρ
3306 1726 3418 1779 δεῖν
3453 1726 3483 1779 6
3515 1725 3712 1796 νόμος,

2131 1818 2227 1871 καὶ
2265 1817 2413 1888 μάλα
2440 1818 2665 1882 εἰκότως
2693 1818 3008 1888 τοὺςιοῖπερ
3035 1816 3102 1871 ἂν
3124 1813 3235 1873 εἷεν
3262 1818 3343 1881 είς
3371 1817 3434 1871 τὸ
3470 1817 3716 1883 δικάζειν

2131 1907 2383 1979 ἠγμένοι,
2412 1908 2507 1962 καὶ
2540 1908 2635 1962 τοῦ
2658 1906 3093 1980 χρηματίζεσθαι
3120 1906 3296 1976 φιλεῖν
3329 1906 3561 1978 ὁρᾶσθαι
3591 1905 3715 1975 βελ-

2130 1998 2300 2061 τίους,
2336 1998 2433 2052 καὶ
2456 2001 2523 2069 τῇ
2555 1999 2691 2069 πρός
2722 2016 2875 2063 τινας
2910 1998 3048 2053 αἰδοῖ
3077 1999 3152 2071 μὴ
3184 1999 3584 2070 χαριζομένους
3618 1999 3725 2053 τοῦ

2132 2088 2313 2151 καλῶς
2343 2091 2441 2143 καὶ
2466 2089 2804 2159 ἀδιαὸλήτως
2840 2090 3054 2161 ἔχοντος
3092 2090 3190 2160 τὴν
3235 2089 3580 2162 παράϐασιν,
3622 2091 3718 2143 καὶ

437 2174 534 2229 sed
574 2177 759 2245 potius
791 2177 941 2232 illam
979 2178 1036 2232 in
1080 2178 1309 2233 alteram
1361 2186 1574 2248 partem
1619 2177 2032 2231 inclinationem

2137 2180 2244 2251 μὴν
2278 2182 2373 2234 καὶ
2416 2183 2476 2234 τὸ
2522 2182 2886 2254 ἐτεροκλινὲς,
2919 2182 2996 2245 ὡς
3036 2181 3251 2235 ἀνόσιον
3289 2181 3715 2252 ἀποσειομένους

439 2266 610 2320 veluti
636 2267 902 2323 nefariam
939 2269 1260 2340 rejiciendo',
1295 2284 1359 2323 ac
1397 2269 1637 2340 singulas
1664 2285 1752 2323 res
1786 2268 2027 2339 legitime

436 2360 815 2429 ponderanda,
866 2362 1073 2418 imitari
1116 2363 1272 2417 illum
1321 2363 1713 2417 universorum
1756 2361 2026 2432 iudicem,

437 2449 719 2505 Christum
767 2452 1042 2517 videlicet,
1097 2468 1262 2523 quem
1297 2452 1415 2522 ipsa
1465 2467 1684 2523 quoque
1725 2451 1814 2506 lex
1840 2460 2029 2521 aperte

436 2544 847 2611 pmnuntiavit,
882 2560 1007 2599 cum
1051 2545 1228 2611 illum,
1264 2553 1460 2615 utpote
1513 2544 1612 2615 qui
1664 2543 1810 2598 Deus
1861 2550 2026 2607 esset,

438 2633 606 2687 etiam
647 2634 892 2705 judicem
947 2644 1292 2707 agnosceret.
1344 2635 1436 2691 Sic
1478 2636 1626 2690 enim
1670 2650 1861 2688 rursus
1904 2634 2027 2688 ait:

447 2744 466 2776 ι
491 2725 549 2780 Si
580 2742 714 2781 vero
746 2727 1026 2797 ingressus
1051 2729 1227 2783 fueris
1259 2728 1317 2781 in
1343 2736 1549 2783 terram
1576 2741 1741 2798 quam
1764 2724 2030 2780 Dominus

440 2818 588 2873 Deus
616 2828 744 2874 tuus
770 2818 863 2873 dat
908 2819 1008 2874 tibi
1060 2819 1119 2874 in
1169 2819 1597 2890 possessionem,
1633 2826 1689 2872 et
1717 2814 2031 2887 possederis

439 2927 586 2975 eam,
621 2919 679 2965 et
711 2911 1045 2968 habitaveris
1081 2913 1137 2966 in
1180 2928 1268 2977 ea,
1308 2920 1366 2966 et
1397 2911 1602 2965 dixeris
1630 2927 1643 2963 :
1685 2908 2030 2965 Constituam

441 3003 577 3056 mihi
602 3002 925 3073 principem,
948 3013 1009 3057 ut
1034 3012 1090 3058 et
1118 3004 1239 3057 alia:
1274 3011 1465 3073 gentes
1531 3018 1653 3071 qua:
1677 3007 1807 3056 sunt
1833 3000 1890 3054 in
1919 3000 2030 3054 cir-

440 3096 594 3151 cuitu
628 3111 778 3162 meo;
813 3096 1159 3151 constituens
1238 3093 1541 3149 constitues
1567 3092 1668 3147 tibi
1720 3091 2031 3163 principem

439 3203 605 3258 quem
636 3188 864 3259 elegerit
885 3187 1153 3243 Dominus
1179 3187 1324 3243 Deus
1353 3195 1511 3254 tuus;
1540 3187 1720 3258 ipsum
1749 3186 1818 3240 de
1845 3184 2031 3240 fratri-

441 3278 544 3335 bus
574 3278 683 3335 tuis
707 3277 1012 3334 constitues
1053 3293 1218 3348 super
1249 3284 1301 3333 te
1321 3278 1623 3349 principem
1651 3295 1663 3331 :
1690 3291 1800 3331 non
1828 3274 2034 3346 poteris

441 3371 780 3425 constituere
824 3384 991 3440 super
1022 3375 1074 3424 te
1108 3369 1415 3440 principem
1460 3368 1739 3423 hominem
1769 3367 2033 3438 alienige~

2130 2271 2559 2336 ταλαντεύοντάς
2588 2290 2647 2326 τε
2681 2274 2960 2344 συννόμως
2985 2272 3192 2326 ἕκαστα
3219 2272 3327 2328 τῶν
3352 2274 3714 2345 πραγμάτων,

2131 2363 2225 2416 καὶ
2262 2363 2352 2416 τὸν
2384 2361 2492 2416 τῶν
2532 2363 2669 2416 ὅλων
2698 2362 3096 2434 ἀπομιμεῖσθαι
3125 2364 3350 2436 κριτὴν,
3391 2363 3535 2417 τοῦτ⁸
3577 2362 3716 2428 ἐστι,

2132 2454 2402 2525 Χριστὸν,
2440 2453 2500 2507 ὃν
2540 2454 2634 2507 καὶ
2667 2453 2831 2518 αὐτὸς
2882 2454 2910 2506 6
2958 2454 3121 2525 νόμος
3171 2452 3717 2525 προαναπετρώνηκεν

2130 2545 2412 2617 ἐναργῶς,
2444 2545 2540 2599 καὶ
2580 2546 2775 2616 κριτὴν
2815 2545 2946 2599 ὅντα
2976 2545 3131 2609 εἰδὼς
3164 2547 3239 2610 ὠς
3280 2546 3434 2601 Θεόν.
3479 2546 3623 2615 Ἔφη
3660 2544 3719 2598 δὲ

2131 2638 2274 2692 οὕτω
2303 2638 2486 2692 πάλιν·
2530 2656 2548 2689 ι
2596 2636 2721 2692 Ἐὰν
2744 2638 2800 2692 δὲ
2820 2637 3068 2710 εἰσέλθῃς
3107 2638 3188 2699 εις
3218 2638 3318 2708 τὴν
3346 2637 3448 2707 γῆν
3467 2676 3482 2702 ,
3506 2637 3572 2707 ἢν
3601 2635 3719 2689 Κύ-

2136 2746 2250 2802 ριος
2288 2730 2316 2783 6
2361 2729 2497 2794 Θεός
2535 2747 2630 2783 σου
2673 2728 2856 2783 δίδωσί
2884 2745 2966 2783 σοι
2994 2730 3053 2783 ὲν
3078 2728 3265 2800 κλήρῳ
3288 2769 3302 2792 ,
3338 2729 3434 2781 καὶ
3465 2728 3719 2799 κληρονο-

2135 2823 2316 2895 μήσῃς
2349 2823 2541 2893 αὐτὴν,
2574 2822 2669 2876 καὶ
2702 2822 3037 2893 κατοικήσῃς
3064 2822 3151 2874 ἐπ’
3172 2821 3368 2892 αὐτῆς,
3398 2821 3494 2874 καὶ
3517 2819 3681 2890 εἴπῃς
3703 2860 3718 2882 .

2131 2915 2475 2985 Καταστήσω
2514 2915 2603 2967 ἐπ’
2630 2913 2866 2985 ἐμαυτὸν
2894 2913 3132 2985 ἄρχοντα
3163 2912 3311 2966 καθά
3340 2912 3433 2966 καὶ
3457 2911 3527 2964 τὰ
3556 2910 3720 2964 λοιπὰ

2133 3004 2258 3077 ἔθνη
2283 3006 2351 3059 τά
2379 3005 2563 3077 κύκλῳ
2597 3023 2724 3077 μου,
2756 3005 3030 3060 καθιστῶν
3052 3005 3415 3074 καταστήσεις
3438 3003 3532 3057 ἐπὶ
3557 3019 3718 3057 σεαυ-

2131 3094 2225 3148 τὸν
2249 3093 2506 3167 ἄρχοντα,
2535 3094 2594 3147 ὃν
2622 3093 2687 3148 ἂν
2721 3092 3008 3165 ἐκλέξηται
3030 3092 3234 3165 Κύριος
3265 3095 3293 3147 6
3321 3092 3454 3157 Θεός
3477 3109 3595 3157 σου,
3628 3093 3723 3145 αύ-

2132 3187 2225 3242 τδν
2270 3189 2334 3241 ὲκ
2376 3186 2486 3241 τῶν
2522 3185 2767 3254 ἀδελφῶν
2808 3202 2902 3239 σου
2949 3186 3313 3256 καταστήσεις
3352 3186 3446 3238 ἐπὶ
3494 3184 3720 3239 σεαυτὸν

2134 3280 2374 3351 ἄρχοντα
2392 3292 2408 3310 ⁸
2438 3279 2497 3332 ού
2518 3278 2724 3349 δυνήσῃ
2754 3276 3101 3347 καταστῆσαι
3126 3277 3220 3330 ἐπὶ
3251 3277 3477 3330 σεαυτὸν
3509 3275 3722 3346 ἄνθρω-

2136 3388 2236 3425 πον
2268 3368 2565 3441 ἀλλότριον,
2600 3368 2681 3423 ὄτι
2712 3367 2811 3424 οὐκ
2848 3367 3079 3437 ἀδελφός
3125 3366 3219 3421 σού
3260 3369 3433 3422 ἐστιν.
3475 3384 3495 3417 ι
3534 3366 3610 3420 Οὐ
3644 3366 3725 3419 δεῖ

445 3474 592 3524 nam,
628 3459 756 3526 quia
779 3474 891 3513 non
918 3467 1001 3512 est
1025 3458 1192 3513 frater
1208 3467 1335 3513 tuus
1352 3458 1419 3511 ³⁸.
1452 3477 1469 3509 ι
1497 3456 1725 3528 Oportet
1756 3458 1904 3512 enim
1933 3472 2032 3511 nos

2137 3461 2248 3534 γὰρ
2285 3462 2434 3532 ἡμᾶς
2475 3463 2542 3532 τῇ
2586 3459 2763 3514 κτίσει
2809 3459 3096 3532 λατρεύειν
3135 3459 3287 3530 παρὰ
3324 3459 3416 3513 τὸν
3460 3456 3724 3512 κτίσαντα

632 3508 756 3526 ,___
781 3508 891 3513 em
923 3508 999 3512 -_-
1025 3508 1182 3513 η---
1211 3508 1333 3513 η--
1406 3508 1417 3511 -
1452 3508 1461 3509 κ
1508 3508 1723 3528 Ἴων,
1935 3508 2030 3511 η--

442 3566 473 3604 a
527 3551 794 3606 servitute
836 3557 1106 3605 creaturae
1148 3551 1333 3621 potius
1395 3566 1560 3621 quam
1602 3549 1868 3605 creatoris
1913 3548 2012 3603 Dei

2138 3508 2292 3618 ὁεδν,
2307 3508 2608 3616 Evt-acuti);
2637 3551 2893 3606 ἐσωτάτω
2915 3508 3033 3615 ’τοῖς
3056 3551 3154 3620 τῆς
3177 3508 3439 3621 ἀληθείας
3464 3546 3724 3620 προσκλί-

443 3641 764 3712 longissime
803 3641 1163 3713 refugientes,
1194 3644 1263 3698 ad
1312 3642 1563 3697 veritatis
1588 3656 1873 3697 sermones
1904 3655 2032 3711 pro-

2138 3642 2328 3699 νεσθαι
2351 3641 2530 3710 λόγοις
2555 3641 2632 3711 (ι)
2651 3682 2667 3707 ,
2704 3641 2797 3695 καὶ
2818 3641 3131 3695 εἰσκαλέσαι
3166 3640 3264 3712 μὲν
3293 3639 3483 3711 ῶσπερ
3508 3641 3588 3703 εἰς
3620 3638 3725 3707 γῆν

447 3747 649 3802 penses
668 3747 809 3798 esse,
837 3740 894 3786 et
935 3748 1223 3788 accurrere
1258 3732 1666 3803 quodammodo
1700 3733 1757 3787 in
1791 3738 2032 3787 sancta'm

2138 3732 2240 3803 τὴν
2267 3730 2448 3799 ἁγίαν,
2484 3729 2628 3784 τοῦτ’
2662 3729 2802 3794 ἐστι,
2834 3730 2934 3800 τὴν
2956 3730 3292 3800 ἐπαγγελίαν
3325 3728 3419 3782 τοῦ
3458 3727 3594 3782 Θεοῦ
3628 3726 3725 3796 τὴν

451 3833 674 3889 terram,
705 3822 869 3894 279
888 3823 943 3877 id
962 3833 1065 3888 est,
1089 3823 1158 3878 ad
1194 3819 1743 3895 promissionem‘Dei,
1762 3840 1861 3895 per
1875 3824 2032 3879 ﬁdem

2139 3823 2231 3877 διὰ
2266 3821 2500 3885 πίστεως
2536 3821 2633 3891 τῆς
2670 3821 2729 3874 ὲν
2768 3820 3026 3892 Χριστῷ·
3061 3820 3404 3890 καταστῆσαι
3457 3818 3516 3872 δὲ
3552 3817 3726 3880 οὕτως

447 3927 573 3981 qua:
604 3921 689 3967 est
716 3912 772 3967 in
800 3912 1038 3979 Christo,
1078 3924 1242 3983 atque
1270 3914 1347 3968 ita
1375 3914 1717 3974 constituere
1745 3932 1911 3986 super
1939 3934 2032 3975 nos

2142 3914 2227 3985 ἐφ’
2252 3915 2467 3977 ἑαυτοῖς
2490 3912 2726 3984 ἄρχοντα
2752 3913 2848 3966 καὶ
2870 3912 3064 3985 κριτὴν
3082 3913 3173 3967 τὸν
3201 3914 3267 3966 ὲκ
3287 3909 3422 3966 Θεοῦ
3443 3907 3727 3979 πεφυκότα

449 4003 754 4075 principem
767 4020 831 4060 ac
853 4005 1096 4077 judicem
1122 4005 1278 4059 illum
1313 4007 1406 4075 qui
1442 4021 1508 4060 ex
1527 4006 1640 4061 Deo
1664 4016 1819 4064 ortus
1840 4011 2040 4076 est,Fi-

2144 4008 2294 4069 Υίὸν,
2314 4003 2417 4059 κᾶν
2437 4006 2486 4058 εἰ
2508 4006 2682 4058 νοοῖτο
2704 4003 2841 4073 μετά
2866 4004 3068 4075 σαρκός
3086 4020 3100 4035 ⁸
3125 4003 3276 4071 λέγει
3300 4018 3362 4055 τε
3384 4000 3514 4072 περὶ
3540 4000 3722 4073 ἡμῶν·

448 4095 608 4159 lium,
639 4096 892 4165 quamvis
921 4111 1045 4150 cum
1076 4110 1243 4150 carne
1272 4095 1633 4167 intelligatur,
1656 4099 1752 4168 qui
1786 4099 1856 4155 de
1882 4101 2032 4157 nobis

2150 4118 2167 4147 ε
2220 4094 2364 4165 Ἐγὼ
2390 4094 2448 4148 δὲ
2478 4093 2821 4165 κατεστάθην
2850 4092 3103 4162 βασιλεὺς
3133 4092 3224 4146 ὑπ’
3248 4091 3436 4156 αὐτοῦ,
3464 4092 3558 4144 έπι
3588 4089 3726 4142 Σιὼν

457 4190 592 4244 dicit
631 4206 644 4242 :
691 4209 709 4241 ι
747 4187 857 4259 Ego
881 4198 1062 4242 autem
1092 4188 1423 4243 constitutus
1455 4206 1574 4245 sum
1607 4206 1702 4247 rex
1731 4192 1800 4247 ab
1842 4209 1907 4249 eo
1938 4210 2031 4249 su-

455 4297 555 4352 per
581 4280 710 4335 Sion
743 4288 982 4334 montcm
1013 4287 1261 4335 sanctum
1293 4281 1430 4351 ejus,
1462 4282 1765 4351 praedicans
1791 4300 2034 4355 praecep-

457 4381 571 4426 tum
604 4371 816 4425 Domini
845 4371 910 4424 ³⁸.
942 4387 956 4424 ι
998 4370 1176 4427 Alium
1216 4381 1397 4426 autem
1429 4372 1569 4427 ultra
1612 4373 1763 4427 illum
1807 4375 2033 4430 omnino

457 4463 807 4518 admittemus
845 4464 1142 4529 neminem.
1183 4482 1361 4537 neque
1392 4475 1705 4522 exterorum
1744 4465 1874 4536 jugo
1912 4480 2033 4521 cer-

459 4555 631 4609 vicem
662 4555 1076 4613 submittemus:
1112 4573 1254 4613 unus
1290 4568 1373 4613 est
1393 4558 1538 4613 enim
1578 4558 1737 4612 nobis
1775 4558 2031 4627 magister

450 4643 781 4699 Christus".
822 4645 997 4700 Miseri
1022 4656 1203 4701 autem
1226 4646 1396 4701 Judaai
1419 4645 1621 4700 exclusi
1652 4654 1779 4699 sunt
1808 4654 2030 4715 prepter

2143 4191 2270 4260 ὅρος
2301 4188 2363 4242 τὸ
2400 4187 2555 4256 ἅγιον
2581 4187 2767 4249 αὐτοῦ.
2803 4186 3135 4256 διαγγέλλων
3164 4185 3228 4239 τὸ
3250 4185 3581 4257 πρόσταγμα
3616 4183 3729 4235 Κυ-

2150 4282 2288 4354 ρίου.
2318 4299 2337 4334 ι
2374 4278 2604 4351 Ἕτερόν
2641 4296 2706 4349 γε
2738 4279 2846 4351 μὴν
2878 4280 2964 4332 ἐπ’
2995 4276 3145 4348 αὐτῷ
3171 4276 3233 4329 τὸ
3263 4274 3504 4346 σύμπαν,
3535 4272 3727 4328 οὐδένα

2148 4372 2596 4445 παραδεξόμεθα,
2631 4371 2863 4433 καὶτοῖς
2895 4368 3118 4424 ὀθνείων
3162 4368 3349 4437 ζυγοῖς
3381 4368 3480 4437 οὐχ
3512 4364 3729 4419 ὕποίσο-

2151 4483 2251 4537 μεν
2281 4466 2373 4520 τὸν
2401 4465 2606 4535 αὐχένα
2628 4481 2640 4495 ο
2668 4459 2749 4528 εἷς
2772 4464 2880 4535 γὰρ
2907 4464 3038 4533 ἡμῖν
3060 4464 3184 4515 ἑστι
3207 4458 3523 4531 καθηγητὴς
3541 4459 3569 4510 6
3592 4458 3728 4525 Χρι-

2151 4557 2295 4621 στός.
2354 4555 2597 4610 Ἰουδαῖοι
2630 4553 2739 4626 γὰρ
2774 4553 2826 4607 οι
2871 4552 3097 4616 τάλανες
3135 4550 3240 4616 ἔξω
3280 4549 3619 4621 μεμενήκασι
3662 4546 3728 4599 δι’

2151 4648 2428 4711 ἀπιστίαν,
2453 4648 2546 4702 καὶ
2563 4646 2763 4717 ἥκιστα
2789 4645 2891 4714 μὲν
2925 4645 3010 4713 ἐφ’
3043 4645 3269 4707 ἑαυτοῖς·
3291 4642 3371 4705 είς
3406 4640 3645 4711 ἄρχοντά
3670 4655 3728 4691 τε

456 4730 857 4799 infidelitatem,
881 4750 1057 4805 neque
1077 4733 1182 4789 sibi
1201 4732 1507 4803 principem
1543 4747 1607 4787 ac
1626 4732 1868 4803 judiccm
1893 4748 2032 4791 accc.

2151 4742 2246 4797 καὶ
2275 4741 2469 4814 κριτὴν
2509 4737 2865 4803 κατεδέξαντο
2908 4736 3002 4789 τὸν
3041 4735 3308 4805 Χριστὸν,
3342 4732 3437 4788 καί
3471 4749 3555 4787 τοι
3596 4747 3728 4785 κατ-

454 4820 1234 4893 perunt'Christum,quamvis
1250 4822 1340 4876 ille
1363 4821 1431 4877 de
1458 4823 1599 4877 coelo
1628 4824 1725 4878 Dei
1750 4824 1928 4881 Patris
1955 4841 2032 4881 vo

2151 4831 2389 4904 ηγμένον
2418 4829 2479 4895 ἐξ
2505 4828 2736 4899 οὐρανοῦ
2756 4869 2771 4893 ,
2796 4825 3011 4896 Θελήσει
3037 4843 3098 4878 τε
3121 4826 3216 4879 καὶ
3240 4822 3457 4893 εὐδοκία
3482 4821 3573 4875 τοῦ
3593 4817 3730 4873 Θεοῦ

445 4913 668 4981 [luntate
687 4930 750 4969 ac
771 4917 1113 4985 beneplacito
1128 4915 1520 4982 descendisset;
1538 4916 1634 4970 sed
1653 4916 1876 4988 insuper
1893 4918 2059 4976 homi-

456 5017 584 5057 nem
604 5003 985 5075 alienigenam,
1009 5005 1225 5075 quisibi
1243 5004 1554 5074 imperaret,
1576 5008 2040 5078 elegerunt,illum

458 5092 787 5162 perditionis
803 5093 998 5159 lilium,
1029 5094 1428 5150 Antichristum
1454 5096 1599 5162 dico,
1631 5109 1950 5157 extraneum
1985 5111 2042 5159 et

458 5185 840 5257 alienigenam,
866 5202 1043 5256 neque
1066 5202 1132 5241 ex
1156 5202 1355 5258 genere
1391 5187 1559 5245 Israel
1589 5200 1790 5258 ortum,
1818 5195 2038 5251 tametsi

459 5278 549 5332 lex
572 5287 762 5346 aperte
797 5278 1163 5349 prohibuerit,
1204 5298 1222 5330 ι
1258 5279 1375 5334 Νοιι
1405 5282 1631 5351 poteris,
1658 5284 1856 5355 inquit,
1903 5302 2038 5340 con-

462 5367 693 5433 stituere
721 5382 886 5438 super
921 5369 1165 5440 teipsum
1198 5371 1475 5427 hominem
1504 5373 1886 5446 alienigenam,
1910 5376 2040 5446 quia

464 5477 574 5515 non
595 5471 677 5517 est
700 5461 873 5517 frater
894 5470 1020 5519 tuus
1046 5465 1124 5531 ⁸⁸;
1168 5484 1186 5516 ›
1220 5474 1275 5519 οι
1306 5466 1484 5537 ipsum
1512 5483 1733 5538 quoque
1756 5468 2039 5524 Christum

2146 4925 2242 4979 καὶ
2267 4920 2497 4992 Πατρὸς,
2531 4917 2778 4988 καὶπρὸς
2800 4916 3011 4980 τούτοις
3034 4917 3116 4970 ὅτι
3148 4917 3241 4969 καὶ
3259 4913 3547 4985 ἄνθρωπον
3575 4909 3726 4963 ἀλλό-

2144 5026 2296 5084 τριον
2326 5011 2409 5077 ἐφ’
2439 5009 2653 5070 ἑαυτοῖς
2686 5007 3166 5077 κεχειροτονήκασι
3197 5003 3289 5057 τὸν
3319 5003 3420 5073 τῆς
3453 4999 3731 5061 ἀπωλείας

2147 5103 2288 5168 υἱὸν,
2322 5099 2469 5153 τοῦτ’
2511 5098 2649 5161 ἐστι,
2685 5098 2779 5152 τὸν
2818 5097 3221 5169 ’Δντίχριστον,
3264 5093 3498 5163 ἐκφυλόν
3539 5109 3599 5144 τε
3639 5092 3733 5144 καὶ

2146 5191 2434 5261 ἀλλογενῇ
2474 5190 2568 5244 καὶ
2591 5190 2699 5243 οὐδ’
2729 5189 2788 5254 ἐξ
2820 5190 3053 5259 αἵματος
3102 5185 3351 5258 Ἰσραὴλ,
3381 5184 3474 5239 καί
3516 5201 3598 5238 τοι
3636 5179 3732 5237 τοῦ

2146 5286 2314 5357 νόμου
2359 5283 2661 5346 διειπόντος
2707 5281 2915 5352 σαφῶς,
2964 5299 2983 5332 ι
3031 5280 3108 5333 Οὐ
3141 5279 3347 5352 δυνήσῃ
3391 5275 3734 5346 καταστῆσαι

2145 5381 2239 5433 ἐπὶ
2287 5377 2515 5432 σεαυτὸν
2546 5374 2831 5445 ἄνθρωπον
2884 5372 3199 5442 ἀλλότριον,
3237 5371 3319 5423 ὅτι
3367 5368 3469 5421 ούκ
3507 5365 3733 5433 ἁδελφὸς

2148 5468 2242 5523 σού
2267 5471 2435 5522 ἐστιν.
2472 5486 2490 5518 ι
2525 5466 2764 5519 Ἤκουον
2794 5463 2851 5516 δὲ
2884 5462 3135 5530 λέγοντος
3165 5459 3260 5514 καὶ
3290 5457 3456 5512 αὑτοῦ
3478 5455 3574 5509 τοῦ
3600 5457 3736 5528 Χρι-

537 5614 584 5648 ³⁵
608 5615 767 5672 Deut.
801 5634 909 5685 xvr,
944 5618 1032 5686 18,
1075 5619 1161 5675 19.
1237 5621 1282 5653 ³⁵
1311 5621 1469 5675 Deut.
1494 5637 1624 5686 xvn,
1664 5621 1753 5687 14,
1780 5622 1865 5678 l5.
1947 5622 1991 5656 ”
2024 5624 2032 5679 l

2137 5624 2165 5678 ι.
2192 5640 2251 5690 ιι,
2293 5621 2347 5678 6.
2425 5622 2469 5654 "’
2500 5598 2691 5676 Matth.
2728 5634 2877 5683 χχιιι,
2918 5615 2969 5670 8.
3047 5614 3092 5648 ⁸⁸
3124 5615 3283 5670 Deut.
3314 5630 3441 5681 xvu,
3479 5614 3566 5670 15.

540 5770 618 5845 (1)
650 5771 785 5829 Cod.
811 5777 985 5832 Vatic.
1013 5795 1026 5831 :
1052 5779 1143 5833 Δεῖ
1172 5779 1283 5850 γὰρ
1335 5779 1482 5903 and;
1510 5778 1573 5858 τᾷ
1606 5794 1698 5859 ,κε

540 5844 722 5903 nitela;
763 5848 952 5903 προκλ.
988 5849 1186 5903 λόγοις.
1227 5866 1335 5903 nuo
1407 5847 1648 5903 reddidit
1686 5864 1698 5903 ι

469 5843 722 5916 ἀληθείας
763 5848 952 5918 προκλ.
988 5843 1196 5919 λόγοις,
1227 5843 1648 5920 ιίιιοιῖισριιιίλὶιίἰι
1686 5843 1975 5920 interpres.

1377 5777 1802 5852 μᾶς-τδηκτίσει
1832 5778 2111 5850 λατρεύειν
2155 5779 2306 5852 παρὰ
2334 5778 2425 5833 τὸν
2465 5776 2727 5831 κτίσαντα
2768 5772 2902 5831 Θεὸν
2945 5775 3123 5839 ἱέντας
3167 5772 3460 5839 ἀπωτάτω,
3488 5771 3601 5834 τοῖς
3637 5774 3733 5842 τῆς
