4118 6512
400 396 490 452 S77
1085 398 1172 454 DE
1213 395 1659 454 ADORATIONE
1699 396 1767 452 ΙΝ
1807 395 2076 453 SPllllTU
2119 396 2208 452 ET
2248 398 2615 455 VERITATE.
2663 397 2792 454 LIB.
2829 399 2960 454 Vill.

3583 402 3688 458 578

375 511 517 564 στοῦ
536 529 548 542 ·
588 529 608 563 ι
634 511 776 580 Ἐγὼ
798 510 1033 581 ἐλήλυθα
1053 513 1111 564 ἐν
1134 512 1212 584 τῷ
1233 513 1460 584 ὀνόματι
1484 513 1578 566 τοῦ
1612 513 1823 584 Πατρός
1863 530 1983 582 μου,

2094 512 2353 567 audirem
2407 513 2706 568 dicentem:
2761 533 2778 565 ι
2817 515 2932 585 Ego
2980 514 3106 568 veni
3139 514 3199 567 in
3232 511 3458 570 nomine
3509 517 3690 576 Patris

372 604 478 656 καὶ
509 605 572 658 ού
602 602 916 675 λαμϐάνετέ
949 621 1037 675 με.
1081 605 1208 658 Ἐὰν
1239 606 1400 670 ἄλλος
1426 606 1556 678 ἔλθῃ
1579 607 1636 659 ἐν
1659 605 1737 677 τῷ
1763 606 1989 676 ὀνόματι

372 695 461 766 τῷ
495 695 638 766 ἰδίῳ,
669 697 878 749 ἐκεῖνον
899 696 1158 767 λήψεσθε.
1196 715 1214 747 ι
1255 697 1655 768 Ἐπιδεδήμηκε
1677 697 1784 769 γὰρ
1809 700 1836 750 6
1857 701 1991 770 Χρι-

375 789 511 853 στὸς
543 790 626 852 εἰς
651 787 810 854 δόξαν
837 789 972 842 Θεοῦ
1003 790 1240 862 Πατρός.
1269 792 1426 856 ’Ἥξει
1455 791 1512 844 δέ
1538 789 1681 845 κατά
1711 792 1939 857 καιροὺς
1963 795 1990 846 ὁ

371 880 484 950 τῆς
516 879 751 950 ἀνομίας
798 880 914 943 υἱὸς
933 920 946 945 ,
976 880 1077 934 οὐκ
1106 882 1185 944 εἰς
1215 881 1372 948 δόξαν
1400 881 1535 936 Θεοῦ
1564 880 1798 953 Πατρδς,
1834 883 1990 936 τοῦτο

370 968 491 1040 γὰρ
524 965 677 1039 οἶμαι
707 964 849 1022 εῐναι
879 969 959 1032 τὸ,
1007 970 1095 1022 Ἐν
1125 969 1203 1042 τῷ
1230 970 1453 1041 ὀνόματι
1484 969 1579 1022 τοῦ
1611 970 1842 1041 Πατρὺς,
1875 969 1988 1022 ἀλλ’

374 1060 496 1128 ἰδίᾳ
544 1059 758 1130 κεφαλῇ
796 1059 1098 1130 περιτιθεὶς
1144 1063 1172 1113 6
1214 1060 1445 1125 δείλαιος
1490 1061 1549 1114 τὸ
1589 1059 1688 1130 τῆς
1735 1061 1990 1131 θεότητος

370 1151 580 1221 ὄνομα.
609 1170 626 1202 ι
658 1151 946 1204 Καθιεῖται
967 1151 1076 1222 γὰρ
1100 1152 1181 1216 είς
1207 1153 1298 1206 τὸν
1317 1149 1464 1206 οἶκον
1495 1153 1588 1206 τοῦ
1613 1152 1749 1206 Θεοῦ
1774 1155 1989 1208 ἀποδει-

371 1244 518 1307 κνὺς
540 1243 750 1311 ἐαυτὸν,
773 1244 856 1296 ὅτι
881 1245 996 1297 ἐστὶ
1025 1245 1175 1309 Θεός.
1204 1265 1222 1298 ι
1262 1246 1400 1298 Ἀλλ’
1427 1247 1526 1298 οὐκ
1552 1245 1617 1300 ἂν
1646 1247 1796 1317 αύτῷ
1819 1264 1985 1319 προσ-

373 1336 718 1404 κυνήσουσιν
776 1335 1048 1402 Ἰουδαῖοι,
1101 1338 1210 1390 οὐδ’
1247 1337 1313 1390 ἂν
1360 1337 1435 1400 ὡς
1481 1339 1718 1408 Χριστὸν
1751 1340 1988 1412 παραδέ-

377 1423 576 1488 ξαιντό
614 1443 746 1480 ποτε
789 1426 1088 1497 τηροῦντες
1133 1427 1223 1480 τὸν
1267 1427 1462 1498 νόμονσ
1509 1428 1569 1492 ἐξ
1604 1429 1834 1499 αἵματος
1875 1430 1984 1500 γὰρ

388 1518 615 1590 Ἰσραὴλ
643 1519 915 1588 ἀναφύναι
954 1519 1212 1590 Χριστὸν,
1251 1523 1680 1592 προμεμήνυκεν
1715 1522 1982 1592 ἐναργῶς.

373 1612 446 1663 υἱ
474 1611 555 1674 δὲ,
592 1610 867 1666 καὶτοῦτο
895 1611 1152 1682 μεθέντες
1183 1613 1256 1676 ὡς
1288 1612 1476 1678 ἕωλον,
1507 1613 1796 1685 ἄνθρωπον
1831 1615 1986 1669 ἀλλό-

374 1718 539 1773 τριον
568 1701 664 1756 καὶ
691 1701 958 1773 ἀλλογενῆ
993 1700 1411 1774 παραδέξονται.

453 1793 668 1846 ΠΑΛΛ.
700 1791 914 1846 Οὐκοῦν
937 1791 1146 1846 ἔδονται
1175 1792 1274 1862 τῆς
1309 1791 1517 1846 ἑαυτῶν
1546 1791 1668 1846 ὁδοῦ
1695 1794 1821 1857 τοὺς
1853 1810 1986 1864 καρ-

2094 602 2226 668 mei,
2266 612 2323 656 et
2349 617 2460 656 non
2481 603 2865 674 accipitisme:
2904 604 2948 658 si
2973 603 3116 658 alius
3138 605 3356 658 venerit
3382 605 3438 660 in
3465 609 3690 662 nomine

2094 709 2215 760 suo,
2252 693 2408 747 illum
2447 695 2734 763 accipietis
2767 695 2846 760 ³⁰;
2883 714 2900 746 ι
2939 695 3161 750 advenit
3182 711 3329 750 enim
3361 697 3689 754 Christusin

2092 785 2324 856 gloriam
2364 785 2461 839 Dei
2497 785 2700 852 Patris,
2733 786 2788 840 id
2831 788 2980 841 enim
3011 804 3133 844 esse
3156 797 3311 858 puto,
3361 789 3422 843 In
3456 793 3683 847 nomine

2092 877 2304 944 Patris;
2340 877 2527 932 veniet
2556 886 2741 932 autem
2767 879 2882 932 suis
2907 881 3251 949 temporibus
3279 882 3372 936 ille
3406 882 3553 938 ﬁlius
3582 885 3688 938 ini-

2091 970 2342 1038 quitatis,
2373 985 2484 1024 non
2515 969 2572 1023 in
2619 969 2850 1040 gloriam
2880 970 2977 1024 Dei
3008 971 3205 1037 Patris,
3233 973 3330 1027 sed
3380 951 3481 1028 suo
3515 977 3684 1044 capiti

2091 1063 2261 1118 miser
2289 1062 2535 1133 imponet
2564 1061 2873 1117 divinitatis
2897 1078 3120 1117 nomen.
3159 1083 3176 1115 ι
3201 1064 3592 1121 Sedebitenim
3628 1068 3685 1123 in

2091 1153 2257 1208 domo
2296 1153 2392 1208 Dei
2427 1153 2726 1207 ostendens
2784 1153 3024 1223 seipsum
3075 1155 3223 1224 quod
3264 1156 3336 1210 sit
3381 1157 3530 1212 Deus
3554 1158 3622 1212 "°.
3657 1177 3678 1210 ι

2092 1245 2197 1299 Sed
2220 1260 2505 1314 nunquam
2547 1244 2700 1298 illum
2725 1245 2900 1300 Judaei
2929 1254 3124 1299 essent
3167 1246 3472 1313 adoraturi,
3504 1265 3685 1320 neque

2091 1347 2152 1393 ut
2192 1338 2474 1394 Christum
2503 1338 2837 1408 suscepturi,
2866 1338 2912 1393 si
2940 1339 3119 1408 legem
3151 1340 3529 1406 observarent,
3560 1358 3687 1413 qua:

2087 1432 2380 1487 manifeste
2436 1433 2843 1502 pronuntiavit,
2892 1431 3010 1486 fore
3059 1441 3120 1486 ut
3151 1448 3217 1487 ex
3253 1433 3470 1488 lsraelis
3513 1433 3684 1505 stir'pe

2087 1521 2347 1578 Christus
2375 1523 2642 1577 oriretur.
2692 1523 2800 1578 Sed
2824 1522 2925 1588 illi,
2956 1523 3010 1577 id
3047 1539 3266 1593 quoque
3295 1531 3554 1593 tanquam
3585 1541 3685 1579 ve-

2090 1627 2179 1674 tus
2227 1635 2292 1673 ac
2322 1619 2576 1689 putidum
2634 1616 2970 1688 rejicientes,
3011 1615 3292 1670 hominem
3320 1615 3586 1682 alienum,
3627 1627 3686 1674 et

2087 1711 2451 1782 alienigenam
2475 1710 2769 1780 recipient.

2155 1803 2355 1860 PALL.
2379 1803 2553 1874 Igitur
2575 1801 2744 1857 edent
2777 1801 2992 1856 fructus
3045 1801 3148 1856 vite
3186 1816 3298 1856 suae
3341 1800 3408 1865 “,
3450 1808 3506 1854 et
3544 1801 3684 1855 adeo

370 1883 538 1947 ποὺς,
581 1883 811 1955 καὶτῆς
851 1883 1085 1954 αἰσχρᾶς
1130 1881 1532 1948 εἰκαιοϐουλίας
1591 1883 1692 1954 τὴν
1745 1883 1976 1955 ίσοπαλῆ

2088 1898 2264 1968 turpis
2294 1898 2352 1951 in
2380 1896 2616 1950 consilio
2641 1895 2916 1968 capiendo
2942 1894 3276 1949 temeritatis
3324 1893 3521 1964 dignas
3561 1909 3684 1964 pa:—

371 1975 712 2047 κομιοῦνται
747 1975 924 2049 δίκην.

451 2069 620 2122 ΚΥΡ.
693 2065 770 2122 Εὖ
834 2068 1009 2141 ἔφηςο
1057 2069 1086 2122 6
1144 2067 1337 2139 γάρτοι
1396 2069 1465 2122 τὰ
1536 2069 1722 2122 δίκαια
1780 2069 1984 2141 κρίνων

371 2159 537 2227 Θεὸς,
569 2162 817 2231 διανεμεῖ
847 2160 913 2232 δὴ
950 2161 1170 2224 πάντως
1200 2161 1418 2232 ἑκάστῳ
1443 2163 1587 2215 κατὰ
1612 2163 1672 2216 τὸ
1693 2162 1856 2234 ἔργον
1882 2163 1982 2216 αὑ-

374 2252 498 2308 τοῦ.
533 2254 645 2307 Καὶ
696 2247 800 2307 ὦδε
839 2254 942 2325 μὲν
971 2255 1105 2326 ἡμῖν
1148 2254 1319 2324 ἐχέτω
1363 2255 1540 2319 ταυτὶ,
1587 2257 1684 2308 καὶ
1720 2255 1982 2328 ἀποχρῶν

374 2345 525 2398 ἔστω
554 2347 582 2399 6
612 2345 792 2414 λόγος.
836 2343 1005 2416 Ἀτάρ
1037 2345 1101 2417 δὴ
1129 2347 1242 2409 τοῖς
1291 2347 1371 2411 εἰς
1419 2347 1480 2400 τὸ
1515 2347 1723 2419 κρίνειν
1763 2347 1982 2418 ἐτέρους

377 2438 669 2508 ἠγμένοις,
697 2441 795 2492 καὶ
826 2439 907 2501 είς
951 2439 1044 2492 τὸν
1087 2441 1202 2502 τοῖς
1247 2438 1530 2504 δικάζουσι
1559 2440 1840 2514 πρέποντα
1873 2440 1982 2494 θῶ-

378 2547 499 2597 κον,
529 2529 803 2600 ἐπεφώνει
836 2530 998 2584 πάλιν
1041 2533 1069 2584 6
1104 2531 1264 2601 νόμος
1289 2548 1302 2562 ·
1345 2551 1362 2583 ι
1397 2534 1472 2586 UO
1498 2533 1779 2606 παραδέξῃ
1809 2534 1983 2604 ἀκοὴν

393 2621 662 2691 ματαίαν,
696 2639 715 2702 ι
751 2619 896 2674 τοῦτ’
927 2619 1063 2684 ἔστι,
1097 2619 1253 2689 λόγον
1284 2620 1453 2693 ψευδῆ
1487 2622 1583 2675 καὶ
1618 2622 1982 2691 συκοφαντίας

376 2712 643 2784 ἔμπλεω·
685 2732 702 2765 ι
734 2714 808 2766 Ού
851 2712 1202 2785 προστεθήσῃ
1266 2713 1406 2784 μετὰ
1464 2713 1703 2784 πλήθους
1735 2714 1980 2767 ἐκκλῖναι

2092 2007 2192 2046 nas
2225 1991 2492 2046 referent.

2162 2083 2321 2139 CYR.
2351 2084 2522 2139 Recte
2555 2084 2656 2147 ais,
2682 2097 2810 2136 nam
2839 2081 2888 2135 is
2940 2079 3036 2150 qui
3064 2086 3215 2134 recta
3250 2078 3466 2150 judicat
3510 2079 3676 2145 Deus,

2091 2176 2390 2231 distribuet
2449 2189 2680 2246 prorsus
2705 2171 3007 2242 unicuique
3031 2172 3188 2242 juxta
3212 2185 3353 2240 opus
3388 2185 3571 2223 suum.
3604 2167 3686 2223 Ac

2091 2269 2160 2323 de
2193 2267 2282 2322 bis
2328 2267 2554 2339 quidem
2601 2267 2873 2321 hactenus
2939 2263 3150 2318 dictum
3187 2261 3278 2316 sit.
3329 2262 3439 2316 Eos
3469 2270 3680 2326 autem,

2090 2361 2186 2430 qui
2223 2359 2290 2414 ad
2327 2357 2658 2430 judicandos
2712 2364 2942 2410 caeteros
2986 2352 3273 2408 constituti
3320 2359 3468 2414 sunt,
3525 2360 3584 2404 et
3623 2351 3682 2405 in

2084 2453 2357 2525 judicium
2387 2451 2516 2506 sede
2575 2448 2853 2511 collocati,
2902 2445 3287 2515 alloquebatur
3330 2443 3531 2496 iterum
3558 2441 3678 2496 lex:

2099 2545 2254 2600 «Non
2292 2543 2531 2612 accipies
2555 2541 2804 2596 auditum
2848 2552 3052 2592 vanum
3084 2537 3151 2599 ",
3177 2553 3194 2585 ›
3229 2533 3284 2587 id
3319 2542 3424 2598 est,
3467 2547 3680 2587 sermo-

2089 2651 2218 2691 nem
2254 2635 2476 2697 falsum,
2517 2639 2573 2686 et
2603 2629 2893 2685 calumniae
2916 2627 3140 2698 plenum
3173 2642 3185 2677 :
3223 2643 3239 2674 ‹
3271 2623 3391 2677 Non
3416 2622 3685 2693 adjungas

2091 2735 2143 2784 te
2166 2724 2534 2788 multitudini,
2557 2730 2619 2777 ut
2647 2722 2894 2776 declines
2950 2733 3077 2772 cum
3118 2715 3374 2786 pluribus
3407 2714 3475 2768 ad
3505 2713 3680 2768 decli-

379 2805 528 2877 μετὰ
559 2805 849 2870 πλειόνων,
879 2804 1022 2859 ὥστε
1054 2805 1305 2858 ἐκκλῖναι
1348 2804 1550 2874 κρίσιν.
1583 2825 1600 2856 ι
1649 2805 1762 2859 Καὶ
1813 2804 1980 2859 πάλιν

379 2897 504 2968 μεθ’
538 2897 706 2971 ἐτερα
727 2915 740 2930 ·
777 2916 796 2950 ι
829 2897 903 2950 Οὐ
926 2897 1275 2969 διαστρέψεις
1303 2900 1484 2968 κρῖμα
1516 2897 1750 2968 πένητος
1778 2898 1837 2951 ἐν
1868 2897 1982 2970 κρί-

2089 2821 2330 2875 nandum
2353 2816 2627 2890 judicium
2654 2815 2739 2881 ‘3;
2777 2834 2795 2865 ›
2838 2811 3003 2882 280
3050 2818 3106 2864 et
3153 2823 3348 2863 rursus
3384 2814 3509 2876 post
3537 2821 3681 2859 non-

2089 2911 2240 2966 nulla
2277 2909 2416 2964 alia:
2456 2907 2618 2962 «Non
2667 2909 2953 2974 pervertes
2989 2897 3262 2972 judicium
3306 2895 3571 2967 pauperis
3623 2894 3682 2949 in

380 3007 470 3042 σει
516 2989 708 3054 αὑτοῦ,
736 2989 846 3044 ἀπὸ
878 2989 1086 3054 παντὸς
1121 2991 1372 3062 ῥήματος
1402 2989 1588 3042 ἀδίκου
1614 2990 1920 3062 ἀποστήσῃ.
1955 3008 1974 3043 ι

2088 3002 2295 3074 judicio
2361 3015 2462 3056 suo
2513 3017 2527 3051 :
2583 2997 2654 3051 ab
2695 2991 3074 3050 omniverbo
3142 2989 3349 3059 injusto
3433 2985 3681 3040 abstine-

379 3083 601 3154 Πρέποι
632 3084 742 3155 γὰρ
790 3084 858 3138 ἂν
887 3084 970 3137 ὅτι
1015 3083 1254 3154 μάλιστά
1286 3099 1372 3153 γε,
1402 3083 1465 3136 τὸ
1505 3082 1874 3153 ἀνεπίληπτον
1921 3085 1981 3137 ἐν

2088 3093 2174 3149 bis
2211 3093 2276 3146 “.
2303 3111 2320 3144 ι
2360 3091 2499 3146 Nam
2539 3104 2710 3160 pones
2759 3100 2900 3156 quos
2927 3090 3013 3137 est
3056 3079 3343 3151 judicandi
3407 3087 3678 3148 potestas,

377 3174 566 3246 λόγοις
614 3180 730 3240 τοῖς
779 3176 876 3230 τοῦ
933 3175 1177 3241 δικάζειν
1231 3175 1486 3249 κυρίοις,
1545 3175 1639 3228 καὶ⁸
1697 3175 1980 3246 ὀρθοεπεῖν

2088 3197 2279 3237 eorum
2331 3179 2645 3249 orationem
2686 3191 2811 3232 esse
2865 3173 3104 3228 alienam
3147 3187 3178 3225 a
3234 3167 3680 3239 reprehensione

376 3245 598 3339 ἀνάγκη
631 3267 725 3323 τὸν
776 3269 863 3339 ἐφ’
887 3269 1106 3339 ἑκάστῳ
1138 3267 1249 3321 τῶν
1279 3245 1779 3340 κατηγορουμένων
1804 3267 1980 3340 ψηφο-

2088 3272 2322 3328 maxime
2356 3245 2638 3335 convenit,
2683 3275 2737 3324 et
2762 3276 2914 3322 recte
2961 3263 3115 3333 loqui
3154 3277 3383 3318 necesse
3434 3268 3519 3314 est
3550 3276 3680 3314 eum

377 3361 500 3432 ρείν
528 3359 818 3430 ὀφείλοντα
870 3360 932 3414 τὸ
969 3358 1048 3430 τῷ
1097 3357 1368 3432 νομοθέτῃ
1407 3356 1619 3411 δοκοῦν.
1687 3356 1981 3427 Ἐπενήνε-

2088 3365 2177 3436 qui
2217 3372 2303 3420 est
2367 3363 2448 3417 de.
2495 3375 2836 3431 unoquoque
2908 3355 3144 3412 crimine
3189 3349 3550 3407 'sententiam
3611 3367 3681 3406 ex

380 3454 589 3508 κταιδὲ
620 3453 910 3525 χρησίμως
932 3453 1129 3520 καὶτὸ,
1183 3471 1202 3504 ι
1243 3451 1463 3522 Πένητα
1487 3451 1589 3504 οὐκ
1633 3449 1878 3523 ἐλεήσεις
1923 3451 1980 3504 ἐν

2088 3455 2412 3528 legislatoris
2445 3454 2672 3510 decreto
2697 3453 2933 3507 laturus.
2971 3447 3116 3504 Illud
3147 3461 3371 3517 quoque
3417 3460 3530 3500 non
3576 3444 3681 3499 abs

377 3549 586 3620 κρίσει.
603 3548 934 3619 »Πρόχειρον
951 3547 1059 3617 γάρ
1075 3547 1330 3618 τιχρῆμα
1349 3546 1439 3599 καὶ
1460 3543 1718 3618 προαλὲς,
1741 3544 1896 3614 παρά
1918 3561 1982 3612 γε

2088 3564 2143 3604 re
2170 3548 2527 3619 subjunctum
2560 3553 2646 3601 est
2687 3563 2700 3598 :
2744 3564 2762 3595 ‹
2788 3541 3053 3613 Pauperis
3090 3556 3202 3595 non
3230 3537 3592 3592 misereberis
3620 3537 3680 3592 in

373 3643 492 3704 τοῖς
520 3639 769 3710 κρίνουσι
805 3638 868 3692 τὸ
891 3638 976 3690 ἐπ’
1002 3638 1171 3708 ἄμφω
1207 3636 1451 3708 βλέπειν,
1492 3637 1581 3690 ὅτε
1611 3636 1687 3707 μὴ
1727 3635 1983 3700 πλούσιος

2088 3641 2290 3712 iudicio
2314 3640 2432 3708 Ιν”;›
2481 3654 2633 3704 nam,
2681 3637 2778 3691 ubi
2823 3651 2955 3691 reus
3009 3633 3239 3688 minime
3286 3630 3440 3685 dives
3488 3629 3677 3693 fuerit,

375 3734 406 3785 6
436 3731 784 3804 κρινόμενος,
813 3731 908 3783 καὶ
939 3729 1344 3800 εύκατάτροχον
1374 3728 1578 3800 κομιδῆ
1601 3727 1738 3800 πρὸς
1759 3728 1982 3782 πλεονε-

377 3824 526 3892 ξίαν,
558 3824 702 3896 ἀνὴρ
733 3823 894 3894 πενίᾳ
935 3821 1392 3893 κατηχθισμένος·
1425 3820 1538 3892 ἔχει
1563 3819 1620 3874 δέ
1659 3819 1761 3873 οὐκ
1790 3820 1984 3874 ἀνικά-

376 3935 488 3982 νως
538 3915 655 3970 ἔσθ’
687 3918 776 3971 ὅτε
829 3916 924 3969 καὶ
961 3915 1098 3986 πρός
1128 3931 1192 3983 γε
1219 3913 1284 3968 τὸ
1333 3911 1594 3967 δύνασθαι
1637 3911 1729 3965 τὸν
1777 3911 1872 3964 τοῦ
1907 3911 1985 3964 δι-

378 4010 545 4063 καίου
599 4008 1053 4063 καταϐιάσασθαι-
1097 4006 1280 4076 λόγον,
1316 4004 1500 4060 καλῶν
1545 4005 1627 4068 είς
1674 4002 1826 4058 ἔλεον
1855 4003 1985 4066 τοὺς

376 4101 493 4155 τῶν
548 4099 883 4163 δικαζόντων
936 4098 1346 4170 ἁπαλωτέρους.
1383 4096 1652 4167 Ἐξείργει
1699 4094 1764 4168 δὴ
1819 4093 1914 4150 οὖν
1957 4096 1986 4149 6

385 4192 556 4263 νόμος
612 4191 708 4244 καὶ
763 4189 860 4244 τοῦ
925 4187 1367 4243 πλεονεκτεῖσθαι
1420 4186 1532 4239 δεῖν
1581 4185 1800 4240 καὶτοῦ
1850 4203 1986 4239 κατ-

381 4284 686 4357 οικτείρειν
718 4284 847 4347 τοὺς
877 4284 935 4337 ἐν
958 4282 1138 4353 ἐνδείᾳ
1169 4281 1263 4334 καὶ
1286 4279 1586 4351 ἀθλιότητι,
1610 4279 1712 4351 τῆς
1742 4279 1987 4333 δικαιοκ-

386 4377 574 4450 ρισίας
604 4377 667 4431 τὸ
697 4376 892 4441 κάλλος
917 4375 1102 4449 τηρῶν
1130 4372 1546 4445 ἀπαράφθορον,
1567 4373 1781 4444 καὶτῆς
1813 4371 1988 4442 ἰσότη-

379 4490 477 4536 τος
526 4471 798 4545 πρύτανιν
845 4470 1097 4542 πανταχῆ
1130 4469 1222 4523 τὸν
1257 4467 1549 4532 δικάζοντα
1605 4465 1776 4530 τιθείς
1797 4483 1812 4497 ο
1847 4483 1865 4517 ι
1896 4463 1986 4519 Δι-

380 4565 561 4629 καίως
612 4563 721 4638 γὰρ
757 4564 819 4618 τὸ
855 4563 1066 4618 δίκαιον
1109 4561 1353 4624 διώξεις,
1382 4580 1401 4612 ι
1448 4561 1632 4632 φησίν.
1677 4559 1767 4624 Ὠς
1797 4559 1857 4612 τό
1899 4575 1983 4612 τοι

379 4658 590 4712 λυποῦν
623 4658 716 4712 τὸν
747 4657 934 4728 νόμον,
963 4657 1070 4711 κᾶν
1100 4655 1154 4710 εἴ
1179 4672 1232 4708 τι
1286 4655 1394 4708 τῶν
1440 4653 1661 4723 ἀγαθῶν
1711 4653 1980 4724 ὑπάρχειν

380 4752 538 4824 δοκῇ,
572 4752 731 4806 νοοῖτ⁹
758 4752 824 4805 ἂν
850 4749 1075 4812 εἰκότως
1099 4748 1200 4801 οὐκ
1225 4745 1612 4818 ἁπλημμελές·
1649 4747 1837 4798 «Ἔστι
1868 4743 1979 4815 γὰρ

380 4845 594 4910 δίκαιος
628 4843 1001 4914 ἀπολλύμενος
1031 4843 1088 4895 ἐν
1113 4839 1308 4912 δικαίῳ
1341 4837 1528 4906 αὐτοῦ,
1557 4857 1575 4890 ι
1607 4836 1750 4891 κατὰ
1788 4836 1850 4889 τὸ
1880 4852 1977 4904 γε-

379 4937 732 5010 γραμμένον.
759 4936 938 4988 Δεῖται
970 4932 1035 5004 δὴ
1071 4929 1165 4986 οὖν
1209 4931 1493 5001 εὐτεχνίας
1523 4929 1585 4983 τὸ
1619 4926 1843 4996 ἀγαθὸν,
1882 4925 1978 4979 καὶ

380 5031 446 5085 τὸ
473 5028 841 5100 ἐποικτείρειν
870 5027 972 5081 οὐκ
1003 5027 1061 5079 ἐν
1092 5023 1289 5095 καιρῷ,
1328 5023 1428 5093 τῆς
1462 5023 1544 5085 εἰς
1575 5022 1740 5091 νόμον
1766 5017 1981 5082 ἀδικίας

379 5123 485 5178 οὐκ
533 5122 602 5177 ἂν
652 5121 913 5191 διαφύγοι
960 5117 1201 5189 γραφήν.
1243 5115 1386 5180 Τοὺς
1449 5113 1550 5186 μὲν
1585 5108 1680 5168 οὖν
1735 5111 1980 5184 μετρίοις

379 5212 930 5285 ἐγκατειλημμένους
984 5208 1296 5280 αἰτιάμασι,
1354 5207 1478 5270 ταῖς
1551 5205 1642 5260 διὰ
1699 5205 1980 5273 μαστίγων

380 5303 594 5367 αἰκίαις
649 5301 963 5374 ἐπανορθοῖ.
1006 5299 1117 5355 Θέα
1173 5299 1232 5353 δὲ
1287 5299 1437 5363 ὅπως
1491 5297 1862 5368 δουλοπρεπὲς
1920 5296 1980 5350 τὸ

380 5397 580 5470 χρῆμα
620 5396 718 5450 καὶ
765 5393 1127 5463 ἀνελεύθερον
1155 5391 1375 5462 κομίδῆ,
1419 5390 1517 5444 καὶ
1548 5391 1622 5462 μή
1652 5407 1735 5443 τοι
1768 5389 1982 5459 θαυμά-

383 5506 489 5562 σῃς
509 5508 522 5521 ·
553 5489 776 5560 πνεῦμα
803 5487 912 5560 γὰρ
957 5483 1026 5559 ἦν
1063 5487 1122 5538 ἐν
1151 5485 1337 5548 αὐτοῖς
1365 5483 1632 5546 δουλείας.
1675 5482 1776 5536 Διὰ
1820 5481 1978 5536 τοῦτο

381 5583 596 5655 πληγαὶ
630 5584 730 5655 μὲν
763 5581 952 5636 οὐκέτι
1009 5582 1123 5643 τοῖς
1169 5577 1260 5632 διὰ
1315 5575 1557 5651 Χριστοῦ
1609 5577 1977 5648 θεσπίσμασιν

2084 3733 2327 3806 proclive
2361 3747 2426 3788 ac
2447 3731 2608 3787 facile
2657 3739 2763 3793 est,
2793 3736 2854 3783 ut
2873 3727 3094 3799 judices
3126 3724 3184 3778 in
3222 3721 3494 3777 utramvis
3549 3737 3681 3791 par-

2085 3838 2195 3883 tem
2223 3833 2585 3898 spectent;et
2637 3822 2857 3894 injuria:
2890 3819 3181 3891 expositus
3221 3823 3307 3871 est
3353 3812 3680 3877 admodum,

2084 3918 2180 3988 qui
2214 3916 2400 3987 inepia
2419 3914 2720 3986 premitur:
2742 3927 2925 3982 neque
2952 3909 3198 3965 vicissim
3221 3905 3274 3960 id
3310 3919 3506 3976 parum
3538 3904 3684 3958 valet

2087 4007 2370 4064 interdum
2397 4006 2465 4060 ad
2486 4004 2716 4076 justitia;
2729 4003 3002 4057 rationem
3025 3997 3366 4062 violandam,
3393 3994 3542 4064 quod
3562 4010 3679 4058 eos,

2086 4099 2182 4170 qui
2209 4107 2339 4152 sunt
2363 4097 2420 4150 in
2441 4093 2744 4167 judicando
2775 4091 3082 4156 molliores,
3113 4089 3186 4144 ad
3230 4084 3680 4141 misericordiam

2084 4190 2277 4246 ﬂectit.
2304 4187 2571 4244 Prohibet
2603 4187 2791 4254 itaque
2825 4185 2935 4249 lex,
2967 4198 3039 4237 ne
3065 4189 3161 4236 aut
3201 4186 3462 4250 potentes
3486 4175 3680 4245 oppri-

2084 4289 2258 4346 mant,
2301 4287 2396 4334 aut
2430 4276 3280 4346 misericordia'prosequantur
3317 4283 3414 4324 eos
3472 4266 3567 4336 qui
3625 4266 3681 4320 in
3730 4319 3736 4324 ,

2085 4381 2409 4446 paupertate
2437 4379 2494 4425 et
2535 4368 2763 4424 miseria
2816 4372 3145 4429 versantur;
3179 4362 3235 4416 in
3281 4375 3392 4431 quo
3413 4358 3552 4430 justi
3586 4357 3682 4427 ju-

2089 4467 2222 4522 dicii
2255 4462 2731 4536 pulchritudinem
2778 4465 2963 4515 servat
3010 4457 3412 4524 incorruptam,
3458 4448 3684 4519 etjudi-

2089 4575 2208 4617 cem
2232 4557 2561 4630 aequalitatis
2583 4555 2855 4610 arbitrum
2870 4551 3078 4621 ubique
3103 4548 3266 4603 facit;
3293 4566 3310 4597 ι
3327 4545 3482 4602 Juste
3506 4542 3681 4608 enim,

2091 4651 2241 4724 quod
2281 4652 2492 4724 justum
2539 4654 2655 4714 est,
2725 4643 3112 4717 persequeris,
3143 4662 3162 4694 ι
3219 4639 3403 4710 inquit
3436 4637 3511 4703 ‘3;
3551 4651 3682 4689 nam

2086 4746 2297 4800 violare
2323 4744 2524 4815 legem,
2550 4740 2804 4812 quamvis
2825 4736 3038 4808 aliquid
3061 4732 3337 4807 ejusmodi
3372 4731 3468 4795 sit,
3503 4736 3565 4782 ut
3587 4727 3685 4783 be-
3755 4808 3757 4810 η

2087 4856 2158 4894 ne
2180 4838 2300 4894 ﬁeri
2321 4836 2599 4900 videatur,
2635 4843 2820 4889 tamen
2850 4847 2970 4886 esse
2998 4846 3028 4884 a
3045 4835 3272 4900 peccato
3301 4824 3528 4879 minime
3552 4821 3686 4876 alie-

2086 4947 2242 4996 num,
2268 4929 2416 4984 haud
2437 4925 2714 4983 immerito
2742 4923 3104 4994 intelligitur:
3143 4940 3161 4970 ι
3187 4920 3284 4973 Est
3307 4917 3455 4973 enim
3475 4916 3680 4986 justus,

2089 5022 2183 5093 qui
2211 5020 2359 5091 perit
2395 5019 2452 5074 in
2477 5018 2691 5090 justitia
2709 5032 2829 5080 sua,
2859 5035 2876 5066 ι
2909 5014 3054 5068 sicut
3077 5010 3344 5078 scriptum
3370 5014 3455 5060 est
3490 5005 3558 5093 ⁸⁷.
3581 5003 3685 5074 lgi-

2089 5092 2180 5170 tur
2208 5112 2458 5184 probitas
2471 5110 2696 5166 solertia
2713 5122 2854 5177 opus
2883 5104 3082 5158 habet:
3114 5114 3238 5154 nam
3257 5095 3403 5152 istud
3431 5092 3680 5162 quidem,

2087 5207 2281 5261 nonin
2333 5213 2585 5274 tempore
2631 5195 3020 5256 misericordia
3065 5186 3426 5250 commoveri,
3471 5184 3680 5238 crimen

2087 5297 2306 5351 violatae
2337 5294 2472 5365 legis
2496 5305 2780 5361 nunquam
2817 5285 3066 5355 eﬂ‘ugiet.
3095 5282 3203 5335 Eos
3250 5278 3440 5350 igitur,
3468 5274 3562 5345 qui
3598 5276 3680 5330 le-

2088 5388 2337 5444 vioribus
2361 5393 2620 5442 tenentur
2649 5381 2848 5451 culpis,
2880 5375 3212 5432 verberibus
3263 5370 3512 5442 corrigit.
3542 5369 3682 5424 Vide

2086 5490 2272 5538 autem
2319 5495 2486 5551 quam
2512 5476 2734 5533 servilis
2763 5474 2836 5528 sit
2866 5488 2932 5527 ea
2979 5485 3088 5533 res,
3135 5476 3192 5523 et
3235 5465 3415 5520 libero
3457 5462 3681 5518 homine

2085 5573 2501 5646 indignissima:
2532 5584 2710 5640 neque
2743 5581 2878 5621 vero
2921 5562 3022 5619 tibi
3065 5561 3120 5616 id
3151 5559 3354 5614 mirum
3385 5555 3678 5610 videatur:

461 5795 507 5827 ³⁵
537 5791 694 5847 Joan.
729 5809 788 5856 v,
822 5790 910 5845 45.
974 5790 1020 5822 ’⁸ο
1059 5789 1106 5844 Π
1135 5787 1330 5842 Thess.
1360 5802 1419 5848 η,
1459 5787 1510 5840 4.
1584 5790 1628 5821 ’δι
1658 5789 1824 5844 Prov.
1857 5806 1896 5853 ι,
1936 5789 1983 5841 5!

2096 5787 2135 5818 “
2166 5781 2339 5837 Exod.
2368 5795 2520 5842 xxm,
2560 5776 2612 5831 1.
2675 5775 2722 5808 ⁸³
2755 5772 2895 5829 ibid.
2927 5773 2982 5828 2.
3045 5770 3089 5803 “
3108 5766 3244 5824 ibid.
3269 5765 3321 5820 6.
3384 5761 3428 5792 “
3451 5755 3586 5812 ibid.
3618 5751 3674 5808 5.

386 5862 436 5898 ⁴⁶
465 5864 633 5920 Deut.
677 5879 788 5928 xvi,
821 5861 907 5916 20.
994 5862 1037 5894 "’
1064 5859 1251 5915 Eccle.
1276 5872 1372 5922 vn,
1402 5857 1488 5913 16.
