4118 6496
419 453 523 509 579

1444 445 1499 501 S.
1542 445 1817 502 CYRILLI
1860 444 2331 505 ALEXANDRINI
2370 440 2690 498 ARCIIIEP.

3578 446 3683 502 580

421 564 703 621 servitutis
723 576 959 631 namque
990 559 1218 630 spiritus
1249 558 1303 612 in
1332 559 1442 613 illis
1474 569 1611 614 erat.
1660 559 1744 617 Oh
1766 577 1990 633 eamque

2098 559 2341 624 ἕπονται,
2394 556 2537 611 καθὰ
2585 557 2680 610 καὶ
2734 554 2812 623 τῷ
2868 556 3037 611 πάλαι
3079 553 3242 626 νόμῳ.
3300 555 3597 628 Πρόκειται
3626 558 3682 612 δὲ

421 671 644 710 causam
670 653 872 709 Christi
911 652 1203 722 praeceptis
1250 665 1363 703 non
1410 650 1649 720 amplius
1703 651 1873 721 plagae
1898 650 1996 705 ad-

416 748 624 819 iunctae
644 754 793 809 sunt,
822 753 884 798 ut
907 743 963 797 in
983 743 1102 813 lege
1127 741 1326 807 veteri,
1361 740 1458 796 sed
1482 742 1666 812 potius
1704 758 1768 797 ea
1794 757 1991 812 propo-

422 841 526 894 sita
545 880 560 905 ,
584 854 704 908 quae
727 838 931 892 liberos
954 836 1173 901 decent,
1195 835 1434 889 illustria
1457 834 1731 904 dignaque
1748 833 1993 903 praemia,

420 942 477 987 et
501 931 871 1001 spiritualium
895 929 1172 983 honorum
1214 927 1475 998 primitiae
1491 968 1505 992 ,
1533 936 1699 996 atque
1723 926 1970 997 pollicita
1998 966 2002 969 -

422 1025 621 1087 tiones,
656 1030 714 1077 et
759 1020 1135 1075 heatitudines
1158 1025 1308 1073 recte
1355 1017 1516 1072 factis
1565 1017 1997 1072 convenientes:

419 1126 599 1181 neque
621 1111 804 1165 adhuc
826 1110 1010 1175 mina,
1036 1108 1133 1164 sed
1156 1106 1574 1162 adhortationes
1586 1106 1771 1177 potius
1793 1106 1862 1161 ad
1886 1106 2001 1162 vir-

421 1210 615 1257 tutem.
640 1201 776 1257 Cum
803 1200 1004 1272 priscis
1054 1200 1205 1254 enim
1238 1197 1349 1252 illis
1373 1196 1692 1253 hominibus
1739 1204 1997 1268 tanquam

418 1309 543 1347 cum
568 1293 809 1357 famulis,
846 1300 908 1346 ut
929 1290 1166 1346 famulus
1198 1300 1363 1359 atque
1408 1302 1709 1342 conservus
1728 1287 1997 1358 loqueba-

418 1392 510 1439 tur
541 1384 780 1456 Moyses;
808 1382 1065 1438 Christus
1100 1395 1236 1435 vero
1265 1395 1392 1434 eum
1441 1376 1590 1442 filiis,
1615 1385 1677 1433 ut
1709 1379 1902 1445 Filius,
1943 1387 2001 1436 et

2108 649 2307 720 μᾶλλον
2337 647 2406 702 τὰ
2435 645 2745 717 ἐλευθέροις
2768 645 3068 717 πρέποντα,
3111 646 3364 717 λαμπραὶ
3407 647 3499 699 καὶ
3537 646 3686 711 ἀξιόο

2103 739 2298 811 ληπτοι
2334 739 2555 809 δωρεαὶ,
2603 741 2699 793 καὶ
2730 737 3127 810 πνευματικῶν
3162 737 3384 806 ἀγαθῶν
3436 739 3683 809 ἀπαρχαί

2106 851 2165 887 τε
2195 835 2288 887 καί
2325 832 2670 903 ὑποσχέσεις,
2696 832 2792 886 καὶ
2822 832 3163 904 μακαρισμοὶ
3182 835 3295 896 τοῖς
3323 824 3684 904 κατορθώμα-

2107 942 2161 978 σι
2194 924 2518 996 πρέποντες,
2574 924 2669 977 καὶ
2712 922 2911 994 ἀπειλὴ
2957 922 3055 994 μὲν
3104 908 3312 990 οὐκέτι,
3347 921 3683 995 προκλήσεις

2101 1016 2159 1069 δὲ
2202 1015 2404 1087 μᾶλλον
2442 1014 2529 1068 ἐπ’
2559 1014 2782 1087 ἀρετήν.
2823 1012 3081 1080 Οἰκέταις
3129 1015 3228 1086 μὲν
3269 1014 3378 1086 γὰρ
3420 1013 3497 1075 ὡς
3532 1012 3684 1067 obti-

2101 1122 2201 1177 της
2241 1106 2337 1160 καὶ
2377 1104 2764 1175 συνομόδουλος
2810 1103 3135 1177 προσελάλει
3181 1105 3408 1175 Μωσῆς,
3431 1104 3544 1167 τοῖς
3583 1104 3692 1173 άρ-

2104 1198 2427 1270 χαιοτέροις,
2463 1195 2700 1268 Χριστὸς
2738 1196 2795 1249 δὲ
2827 1197 2965 1262 υἱοῖς
3001 1197 3076 1260 ὡς
3108 1195 3256 1260 Υἱὸς,
3296 1195 3390 1249 καὶ
3428 1194 3504 1258 ὼς
3527 1193 3685 1247 ἁδελ-

2104 1293 2225 1361 φοῖς
2257 1290 2398 1345 κατά
2426 1289 2641 1355 θέσιν,ὀ
2673 1287 2890 1358 άληθῶς
2921 1287 3015 1341 καὶ
3035 1288 3259 1361 γνήσιος
3289 1288 3355 1341 ὲκ
3383 1285 3520 1339 Θεοῦ
3562 1284 3680 1338 Πα-

2103 1382 2254 1454 τρός.

420 1488 680 1544 tanquam
726 1489 852 1528 cum
891 1471 1159 1527 fratribus
1200 1485 1299 1540 per
1332 1467 1708 1538 adoptionem,
1743 1472 1811 1536 is,
1843 1470 1938 1542 qui
1974 1486 2103 1527 vere
2137 1481 2193 1528 et
2236 1488 2531 1544 germanus
2561 1480 2683 1528 erat
2713 1489 2782 1529 ex
2817 1474 2932 1529 Deo
2966 1474 3128 1530 Patre
3160 1472 3359 1532 Filius.

490 1567 688 1624 PALL.
709 1566 882 1622 Recte
904 1582 963 1622 se
986 1565 1157 1620 habet
1178 1564 1377 1619 oratio.

488 1661 644 1717 CYR.
673 1660 848 1714 Morte
878 1658 1048 1729 igitur
1070 1658 1406 1713 homicidam
1434 1658 1612 1731 punit,
1631 1672 1694 1712 ac
1726 1671 1890 1728 poena
1913 1663 2000 1711 ta-

418 1752 588 1807 lionis
615 1750 939 1804 eﬂrenatam
977 1746 1264 1803 audaciam
1310 1748 1556 1812 cohibet,
1587 1747 1747 1817 281
1788 1752 1847 1800 et
1888 1761 1999 1800 non

2176 1568 2390 1621 ΠΑΛΛ.
2441 1566 2645 1637 Ὀρθῶς
2676 1566 2811 1637 ἔχει.

2177 1660 2342 1713 ΚΥΡ.
2384 1658 2609 1730 Θανάτῳ
2646 1675 2711 1729 γε
2756 1659 2864 1731 μὴν
2890 1659 2983 1713 τὺν
3014 1659 3308 1729 φονεύοντα
3336 1659 3546 1731 ζημιοῖ,
3584 1663 3681 1716 καὶ

2100 1752 2221 1813 ταῖς
2260 1748 2369 1804 τῶν
2420 1750 2549 1804 ῐσων
2594 1751 2928 1818 ἐπαγωγαῖς,
2960 1750 3022 1804 τὸ
3047 1750 3302 1821 ἀχάλινον
3327 1751 3681 1823 ἀνασειράζει

420 1842 708 1900 ferendum
754 1841 1000 1896 furorem
1042 1839 1520 1896 animadversione
1565 1838 1803 1893 maxima
1824 1845 1882 1893 et
1901 1853 1990 1893 ex-

2099 1843 2320 1915 θράσος,
2353 1843 2448 1897 καὶ
2477 1842 2567 1897 τὸν
2599 1841 2785 1896 οὐκέτι
2823 1841 3075 1919 φορητὸν⁸
3093 1843 3314 1909 κολάζει
3340 1843 3511 1914 θυμὸν
3541 1845 3680 1915 ἀφο-

422 1946 597 1991 tremo
623 1933 893 2004 supplicio
930 1932 1149 2002 plectit;
1176 1932 1331 2002 prius
1352 1941 1539 1986 autem
1578 1930 1873 2002 diligenter
1892 1944 1991 1995 ex-

416 2027 623 2080 aminat
660 2041 770 2095 quo
822 2025 1007 2079 animo
1060 2022 1286 2090 fecerit;
1327 2039 1412 2089 ac,
1461 2023 1507 2078 si
1541 2030 1738 2093 sponte
1776 2021 1850 2075 sit
1891 2019 1990 2076 ad-

419 2120 647 2173 missum
672 2117 903 2182 crimen,
930 2116 1145 2170 nullum
1170 2115 1564 2171 misericordia:
1595 2115 1779 2169 locum
1819 2112 1992 2167 relin—

416 2211 557 2280 quit,
582 2225 762 2281 ncque
789 2208 1227 2264 benevolentiam
1246 2208 1481 2278 turpiter
1499 2208 1854 2279 languescere
1871 2219 1994 2274 per—

416 2302 619 2367 mittit,
653 2301 1042 2372 intempestiva
1076 2299 1432 2356 miseratione
1455 2298 1710 2364 fractam,
1739 2306 1902 2367 atque
1934 2296 1993 2350 in

414 2396 484 2450 iis
511 2394 696 2460 rebus,
743 2395 800 2449 in
833 2394 1037 2464 quibus
1061 2391 1288 2446 minime
1319 2398 1559 2461 oportet,
1584 2389 1653 2444 ad
1684 2386 1991 2443 molliorem

413 2487 671 2541 affectum
698 2485 1001 2540 detractam
1026 2501 1041 2550 ;
1080 2483 1157 2537 ita
1185 2482 1334 2537 enim
1374 2482 1542 2537 dixit:
1577 2500 1593 2532 ι
1614 2478 1772 2547 Quod
1794 2478 1838 2534 si
1866 2478 1992 2548 quis

412 2593 704 2647 aggressus
726 2577 892 2632 fuerit
925 2576 1148 2631 fratrem
1195 2590 1378 2635 suum,
1426 2572 1495 2627 ad
1549 2568 1991 2626 interficiendum

410 2685 539 2722 eum
565 2670 711 2731 dolo,
730 2678 786 2723 et
809 2668 1153 2737 confugerit;
1180 2667 1250 2721 ab
1271 2666 1430 2720 altari
1460 2680 1583 2719 meo
1605 2663 1842 2733 accipies
1862 2676 1990 2717 eum

416 2770 476 2815 ut
521 2761 821 2815 interficias
864 2762 927 2814 ".
957 2780 974 2812 ι
1010 2760 1107 2814 Sin
1153 2767 1340 2814 autem
1392 2758 1512 2827 ejus
1557 2754 1988 2820 incommodum,

410 2851 510 2921 qui
531 2849 787 2920 injuriarn
810 2865 841 2904 a
860 2863 1183 2920 percussore
1205 2862 1401 2918 passus
1421 2855 1527 2911 est,
1557 2845 1824 2913 tantisper
1848 2843 1990 2899 dun-

414 2950 563 2997 taxat
594 2940 947 3012 processerit,
975 2947 1037 2994 ut
1059 2939 1368 3010 langueret,
1399 2952 1575 3008 poena:
1618 2935 1844 2991 modum
1890 2934 1991 2989 ad-

2100 1935 2248 2007 ρήτῳ
2267 1935 2391 2005 δίκῃ
2424 1934 2518 1988 καὶ
2554 1938 2667 1998 τοῖς
2696 1936 2777 1998 είς
2808 1932 2962 2003 λῆξιν
2988 1935 3132 1990 ίοῦσι
3161 1936 3355 1998 κακοῦ,
3391 1935 3676 2006 προϐασα-

2094 2027 2258 2092 νίζων
2288 2022 2347 2081 εὖ
2383 2027 2528 2098 μάλα
2586 2026 2678 2080 τοῦ
2721 2026 3044 2098 δεδρακότος
3079 2027 3170 2081 τὸν
3214 2028 3446 2082 σκοπόν·
3495 2028 3590 2082 καὶ
3626 2029 3678 2082 εί

2096 2114 2196 2185 μὲν
2224 2114 2473 2167 ἑκούσιον
2508 2115 2592 2185 εἴη
2620 2114 2680 2168 τὸ
2713 2113 3126 2186 πλημμεληθὲν,
3153 2117 3366 2188 ἀναιρεί
3389 2118 3482 2172 τὸν
3505 2116 3675 2172 ἔλεον.

2105 2206 2458 2276 Ἀσχημονεῖν
2497 2206 2553 2259 δὲ
2590 2207 2691 2261 οὐκ
2725 2208 2791 2277 ἑᾷ
2816 2210 2915 2278 τὴν
2943 2208 3317 2281 φιλαλληλίαν,
3365 2211 3674 2282 θρυπτομέ-

2093 2315 2191 2369 νην
2216 2299 2316 2352 οὐκ
2349 2300 2408 2352 ὲν
2434 2298 2629 2371 καιρῷ,
2671 2300 2766 2352 καὶ
2814 2298 2899 2369 ἐφ’
2930 2298 3013 2365 οἷς
3058 2300 3261 2371 ἥκιστα
3316 2302 3451 2374 χρὴ,
3508 2320 3678 2358 κατα-

2094 2391 2387 2461 σπωμένην
2416 2390 2606 2461 ὥσπερ
2637 2390 2731 2443 ἐπὶ
2771 2389 2832 2443 τὸ
2877 2390 3325 2465 μαλθακώτερον.
3376 2396 3519 2465 Ἔφη
3566 2395 3677 2467 γὰρ

2092 2481 2264 2546 οὕτως
2284 2499 2298 2512 ·
2327 2501 2347 2534 ι
2372 2481 2495 2537 Ἐὰν
2520 2482 2573 2535 δέ
2604 2499 2687 2546 τις
2723 2482 2978 2554 ἐπίθηται
3003 2483 3081 2553 τῷ
3102 2484 3330 2556 πλησίον
3359 2486 3678 2547 ἀποκτεῖναι

2094 2576 2253 2629 αὑτὸν
2294 2574 2451 2646 δόλῳ,
2481 2574 2575 2628 καὶ
2623 2574 2934 2647 καταφύγῃ,
2987 2577 3096 2629 ἀπὸ
3131 2577 3227 2631 τοῦ
3286 2576 3675 2649 θυσιαστηρίου

2097 2683 2199 2735 μου
2227 2663 2391 2736 λήψῃ,
2421 2663 2584 2718 αὐτὸν
2613 2663 2943 2719 θανατῶσαι.
2977 2684 2995 2716 ι
3021 2666 3154 2719 Είδὲ
3187 2666 3347 2738 μέχρι
3374 2666 3466 2721 τοῦ
3494 2670 3669 2740 ἀρρω-

2095 2757 2288 2827 στῆσαι
2329 2754 2489 2826 μόνον
2530 2756 2760 2827 προήκει
2803 2753 2881 2827 τῷ
2915 2756 3131 2810 παίοντι
3177 2756 3270 2811 τοῦ
3315 2757 3675 2828 βεϐιασμένου

2092 2849 2155 2902 τὸ
2185 2847 2389 2912 πάθοςο
2420 2849 2713 2918 ὲπιμετρεί
2751 2848 2851 2918 τὴν
2888 2847 3066 2918 δίκην,
3101 2848 3195 2902 καὶ
3239 2848 3403 2921 μέχρι
3450 2851 3674 2921 χρημά-

2091 2957 2200 2994 των
2240 2938 2567 3012 προστάττει
2603 2939 2857 3007 γενέσθαι
2903 2938 2963 2993 τδ
3000 2939 3215 3009 βλάϐος.
3247 2942 3391 3013 Ἔφη
3432 2942 3541 3013 γὰρ
3571 2936 3675 2995 ὦδε

409 3034 660 3099 metitur,
707 3041 764 3087 et
804 3032 1067 3088 damnum
1120 3030 1255 3086 illud
1298 3028 1536 3099 pecunia
1581 3026 1846 3082 luendum
1868 3042 1990 3082 esse

2096 3031 2256 3086 πάλιν
2276 3048 2289 3062 ·
2329 3052 2348 3084 ι
2378 3030 2505 3085 Ἐὰν
2540 3031 2597 3085 δὲ
2645 3030 2989 3102 λοιδορῶνται
3021 3031 3115 3085 δύο
3140 3032 3349 3104 ἄνδρες,
3376 3033 3470 3086 καὶ
3494 3032 3670 3085 πατά-

412 3125 680 3181 decernit.
707 3124 959 3187 lta.enim
981 3138 1178 3179 rursus
1230 3121 1337 3176 ait:
1374 3139 1392 3172 ι
1423 3118 1578 3185 Quod
1623 3117 1670 3174 si
1694 3116 1988 3173 conviciati

2096 3123 2161 3195 ξῃ
2191 3141 2275 3187 τις
2311 3123 2407 3177 τὸν
2447 3123 2673 3195 πλησίον
2706 3123 2859 3193 λίθῳ,
2892 3122 2925 3193 ἢ
2958 3126 3176 3193 πυγμῇ,
3215 3125 3307 3179 καὶ
3354 3126 3428 3196 μὴ
3465 3126 3675 3181 ἀποθά-

411 3217 617 3273 fuerint
649 3218 761 3271 duo
788 3216 921 3281 viri,
946 3222 1003 3270 et
1025 3212 1366 3284 percusserit
1406 3212 1531 3282 quis
1562 3210 1876 3281 proximum
1900 3209 1982 3265 la-

2096 3231 2175 3285 νῃ,
2209 3211 2508 3283 κατακλιθῇ
2543 3213 2599 3266 δὲ
2624 3212 2719 3265 ἐπὶ
2738 3212 2944 3281 κοίτης,
2978 3212 3072 3265 ἐὰν
3101 3213 3400 3278 ἐξαναστὰς
3419 3216 3678 3288 ὁάνθρω-

409 3310 559 3379 pide,
584 3317 679 3364 aut
704 3322 908 3378 pugno,
930 3302 999 3359 ἐι
1028 3305 1120 3359 ille
1144 3312 1398 3361 mortuus
1413 3319 1524 3361 non
1544 3302 1736 3369 fuerit,
1766 3301 1862 3358 sed
1886 3301 1984 3357 de-

409 3400 665 3456 cubuerit
701 3399 759 3453 in
784 3398 961 3461 lecto;
990 3394 1036 3449 si
1062 3409 1366 3465 exsurgens
1391 3394 1557 3449 homo
1604 3394 1695 3448 ille
1739 3392 1987 3447 ambula-

410 3490 555 3544 verit
597 3487 733 3543 foris
776 3487 834 3540 in
880 3486 1054 3555 virga,
1104 3482 1365 3538 immunis
1410 3484 1853 3553 critpercussor,
1876 3480 1986 3537 nisi

405 3578 556 3647 quod
582 3592 683 3647 pro
711 3576 1016 3630 cessatione
1047 3575 1168 3645 ejus
1205 3575 1503 3644 persolvet,
1531 3582 1587 3629 et
1635 3584 1903 3644 expensas
1931 3573 1987 3627 in

411 3669 743 3724 medicinam
783 3666 952 3721 factas
978 3667 1044 3720 δν.
1069 3687 1086 3718 ›
1122 3667 1302 3737 Atque
1355 3666 1473 3721 haec
1519 3666 1741 3736 quidem
1775 3666 1864 3720 lex
1901 3667 1991 3737 ju-

410 3762 506 3816 bet
537 3776 551 3823 ;
580 3758 827 3812 Salvator
861 3764 1067 3822 autem,
1113 3758 1208 3826 qui
1256 3755 1513 3826 perfectae
1549 3757 1770 3813 virtutis
1812 3758 1988 3829 legem

413 3848 828 3921 promulgaret:
873 3866 891 3897 ι
925 3845 981 3901 Si
1027 3847 1173 3916 quis,
1212 3847 1415 3917 inquit,
1460 3855 1513 3902 te
1556 3847 1894 3918 percusserit
1932 3848 1987 3903 in

411 3943 694 3996 dexteram
744 3939 1043 4004 maxillam,
1088 3947 1244 3994 verte
1290 3939 1370 3993 illi
1402 3948 1458 3994 et
1502 3939 1733 3994 alteram
1761 3938 1827 3994 "°.
1861 3948 1880 3992 ί
1911 3941 1988 3996 Βε

411 4032 585 4088 servis
601 4047 821 4102 quoque
849 4032 966 4087 haac
986 4031 1212 4087 statuit:
1255 4051 1272 4082 ι
1291 4030 1448 4097 Quod
1473 4031 1517 4086 si
1548 4031 1674 4101 quis
1700 4046 1989 4101 percusse-

412 4128 487 4180 rit
533 4140 753 4180 servum
801 4140 984 4188 suum,
1037 4132 1133 4180 aut
1178 4124 1436 4180 ancillam
1480 4139 1637 4179 suam
1684 4124 1905 4192 baculo,
1930 4134 1988 4180 et

410 4222 666 4268 mortuus
691 4213 979 4268 fueritsub
995 4213 1253 4269 manibus
1293 4218 1435 4285 ejus,
1461 4214 1735 4285 supplicio
1769 4215 1825 4269 in
1858 4231 1986 4270 eum

410 4305 912 4371 animadvertetur;
962 4305 1047 4360 sin
1090 4314 1276 4359 autem
1340 4307 1711 4375 supervixerit
1756 4322 1867 4361 uno
1897 4306 1987 4363 die

410 4395 495 4449 vel
519 4393 756 4458 duobus,
781 4409 894 4448 non
920 4394 1393 4448 animadvertetur
1435 4395 1492 4448 in
1513 4408 1670 4461 eum;
1699 4402 1987 4464 argentum

407 4487 559 4542 enim
607 4486 784 4555 ipsius
810 4495 893 4541 est
930 4488 996 4540 ⁵¹.
1028 4506 1044 4536 ι
1093 4486 1376 4541 Summam
1421 4485 1588 4556 igitur
1630 4487 1766 4540 iram
1812 4495 1987 4541 morte

2093 3320 2193 3367 πος
2221 3304 2570 3375 περιπατήσῃ
2600 3301 2703 3367 ἔξω
2732 3304 2825 3356 ἐπὶ
2855 3303 3071 3374 ῥάϐδου,
3101 3305 3275 3369 ἀθῶος
3319 3305 3470 3359 ἔσται
3504 3308 3532 3359 ό
3566 3324 3678 3361 πα-

2092 3393 2281 3459 τάξας,
2339 3394 2479 3464 πλὴν
2515 3394 2615 3464 τῆς
2670 3394 2872 3465 ἀργίας
2920 3384 3085 3449 αὑτοῦ
3148 3397 3416 3461 ἀποτίσει,
3465 3398 3560 3452 καὶ
3607 3401 3678 3453 τὰ

2096 3484 2326 3555 ἰατρεῖα.
2351 3503 2369 3537 ι
2402 3484 2510 3538 Καὶ
2538 3484 2694 3538 ταυτὶ
2730 3486 2828 3555 μὲν
2864 3485 2893 3537 ὁ
2923 3486 3104 3556 νόμος.
3144 3486 3281 3540 Ἀλλ’
3309 3488 3337 3541 ὅ
3360 3506 3421 3557 γε
3464 3478 3679 3562 Σωτὴρ,

2090 3574 2152 3627 τὸ
2165 3574 2382 3638 τελείως
2408 3576 2613 3644 ἀγαθὸν
2650 3577 2941 3649 είσφέρωψ
2970 3596 2989 3629 ί
3015 3579 3057 3631 Τ
3061 3578 3104 3648 ᾦ
3123 3580 3334 3645 παίοντί
3359 3599 3467 3644 σε,›
3489 3587 3675 3655 φησὶν,

2102 3668 2222 3720 «ἐπὶ
2237 3666 2336 3738 τὴν
2357 3665 2534 3730 δεξιὰν
2555 3668 3036 3741 σιαγόνα,στρέψον
3055 3672 3202 3742 αύτῷ
3223 3675 3317 3727 καὶ
3338 3676 3434 3745 τὴν
3453 3677 3635 3748 ἄλλην.
3654 3698 3673 3731 ι

2095 3758 2335 3812 υίκετῶν
2363 3758 2421 3811 δὲ
2450 3759 2575 3830 πέρι
2601 3760 2883 3829 νομοθετεῖ
2906 3762 3054 3816 τάδε·
3083 3783 3101 3815 ι
3127 3764 3251 3820 Ἐὰν
3274 3767 3330 3821 δέ
3359 3786 3443 3832 τις
3462 3770 3679 3843 πατάξῃ

2094 3849 2185 3903 τὸν
2217 3848 2383 3903 παῖδα
2425 3850 2612 3912 αὑτοῦ,
2659 3850 2692 3920 ἦ
2730 3852 2830 3923 τὴν
2871 3854 3165 3925 παιδίσκην
3195 3856 3359 3910 αὑτοῦ
3389 3860 3444 3911 ὲν
3472 3861 3675 3932 ῥάϐδῳ,

2095 3941 2191 3995 καὶ
2218 3940 2463 4012 ἀποθάνῃ
2499 3942 2604 3995 ὑπὸ
2644 3941 2745 4007 τὰς
2788 3947 2975 4015 χεῖρας
3012 3946 3197 4011 αὐτοῦ,
3230 3948 3352 4020 δίκῃ
3390 3953 3678 4025 ὲκδικηθή-
3716 4008 3719 4011 _

2098 4049 2271 4098 σεται,
2305 4031 2403 4085 ἐὰν
2438 4031 2495 4086 δὲ
2538 4032 2802 4107 διαϐιώσῃ
2836 4035 3051 4108 ἡμέραν
3093 4037 3220 4108 μίαν
3249 4039 3281 4110 ἢ
3310 4040 3422 4106 δύο,
3457 4045 3557 4097 οὐκ
3588 4046 3681 4100 ἑκ-

2095 4120 2470 4193 δικηθήσεται·
2503 4123 2565 4176 τὸ
2588 4125 2696 4195 γὰρ
2722 4126 2984 4197 ἀργύριον
3013 4129 3179 4184 αὑτοῦ
3210 4132 3377 4186 ἐστιν.
3406 4153 3423 4185 ι
3451 4134 3679 4207 Θανάτῳ
3706 4176 3713 4183 .

2099 4213 2198 4283 μὲν
2224 4210 2315 4268 οὖν
2352 4216 2579 4286 τιμᾶται
2609 4217 2707 4287 τὴν
2738 4219 2973 4273 είσάπαν
2996 4222 3165 4293 ὀργήν
3185 4239 3199 4255 ο
3225 4226 3285 4277 οὐ
3313 4225 3420 4297 γὰρ
3444 4228 3565 4281 ἐπεί
3593 4248 3677 4284 τοι

2095 4306 2400 4377 γεγόναμεν
2434 4306 2499 4361 ὲκ
2531 4308 2841 4393 πλεονεξίας
2869 4311 3148 4377 δεσπόται,
3177 4317 3272 4369 καὶ
3304 4317 3450 4388 ζωῆς
3480 4321 3677 4392 ἀπείρ-

2094 4412 2213 4464 γειν
2253 4397 2424 4468 αὐτῆς
2462 4399 2637 4469 ἐφῆκε
2672 4400 2823 4469 Θεὸς,
2859 4403 2986 4467 τοὺς
3014 4402 3120 4457 ὑπὸ
3151 4408 3308 4477 χεῖρα
3358 4409 3452 4463 καὶ
3488 4412 3676 4481 ζυγόν.

2097 4488 2531 4544 Συναναπλέκειν
2575 4490 2632 4544 δὲ
2662 4494 2781 4557 ταῖς
2829 4493 3020 4565 ὀργαῖς
3062 4497 3347 4553 ἀναπείθει
3383 4501 3473 4555 τὸν
3505 4503 3676 4567 ἔλεον,

410 4576 646 4630 multat:
699 4577 1075 4646 nequeenim,
1133 4577 1284 4646 quia,
1341 4592 1466 4630 cum
1514 4576 1638 4646 plus
1678 4592 1987 4646 possemus,

2096 4578 2286 4650 ποινὴν
2308 4580 2613 4653 καθορίζων
2653 4582 2748 4636 τοῦ
2789 4585 3106 4654 φονεύοντος
3141 4590 3241 4661 τὴν
3284 4592 3538 4664 ἐσχάτην.
3571 4616 3590 4649 ι
3611 4598 3675 4650 Et

409 4667 620 4723 domini
646 4666 775 4723 facti
802 4684 1013 4734 sumus,
1043 4671 1191 4734 ideo,
1239 4668 1333 4737 qui
1360 4669 1417 4721 in
1463 4677 1653 4722 nostra
1693 4676 1986 4738 potestate,

406 4768 466 4814 et
499 4759 603 4813 sub
622 4760 755 4828 jugo
776 4769 964 4815 nostro
981 4770 1130 4824 sunt,
1157 4775 1254 4814 eos
1277 4759 1445 4813 etiam
1475 4765 1534 4812 ut
1576 4759 1688 4813 vita
1739 4759 1989 4829 privare-

408 4863 552 4911 mus,
578 4848 830 4917 permisit
853 4850 1030 4913 Deus;
1067 4848 1164 4903 sed
1186 4862 1313 4903 eum
1343 4848 1425 4900 ira
1466 4847 1903 4904 misericordiam
1932 4859 1991 4905 ut

409 4941 740 4996 misceamus
760 4941 975 5007 suadet,
1004 4950 1251 4996 extremo
1275 4938 1547 5008 supplicio
1574 4940 1627 4994 in
1656 4941 1988 4998 homicidam

407 5030 731 5085 constituto.
781 5049 798 5085 ι
832 5030 928 5085 Sin
971 5041 1157 5085 autem
1201 5029 1590 5098 supervixerit,
1631 5030 1829 5103 inquit,
1878 5050 1990 5090 uno

409 5119 500 5174 die
523 5127 618 5172 aut
641 5118 879 5183 duobus,
929 5132 1042 5172 non
1070 5118 1124 5171 in
1169 5131 1297 5171 eum
1351 5118 1852 5187 animadvertetur;
1899 5138 1989 5177 ar-

409 5214 635 5276 gentum
670 5206 845 5276 ipsius
867 5214 971 5260 est.
999 5223 1017 5256 ι
1060 5206 1463 5276 Propemodum
1491 5208 1638 5264 enim
1667 5209 1837 5266 dicit:
1866 5211 1986 5266 Non

408 5296 773 5367 percutientis
805 5296 883 5350 ira
905 5295 1164 5352 effectum
1187 5305 1291 5363 est,
1327 5297 1474 5369 quod
1501 5314 1784 5369 percusso,
1839 5311 1988 5372 post-

411 5399 647 5454 eaquam
698 5393 785 5439 est
810 5400 842 5439 a
868 5384 1129 5457 languore
1177 5396 1459 5459 utcunque
1499 5399 1799 5455 recreatus,
1836 5393 1984 5447 acci-

410 5472 527 5539 dit;
568 5488 747 5542 neque
774 5474 920 5529 enim
944 5476 1235 5550 quisquam
1264 5480 1532 5536 voluisset
1560 5497 1780 5536 servum
1823 5497 1986 5538 suum

411 5562 686 5628 amittere,
720 5579 881 5633 quem
906 5570 1198 5624 coemisset
1223 5580 1451 5641 argento
1476 5581 1533 5625 et
1575 5573 1808 5641 pecunia
1857 5572 1982 5628 data

411 5663 802 5723 comparasset.
830 5656 957 5725 Sed,
1014 5660 1057 5715 si
1084 5669 1281 5731 praeter
1321 5663 1660 5719 voluntatem
1703 5664 1982 5720 hominem

2094 4663 2151 4718 δὲ
2181 4666 2429 4739 διαϐιῴη,
2463 4670 2648 4741 φησὶν,
2682 4671 2891 4743 ἡμέραν
2945 4675 3072 4742 μίαν
3103 4676 3135 4749 ἢ
3165 4678 3277 4743 δύο,
3312 4682 3411 4736 οὐκ
3457 4663 3675 4756 ἐκδικη-

2095 4756 2341 4830 θήσεται,
2374 4762 2434 4815 τὸ
2475 4763 2739 4834 ἀργύριον
2783 4765 2947 4819 αὐτοῦ
2982 4770 3150 4825 ἐστιν.
3178 4790 3196 4824 ι
3231 4774 3530 4847 Μονονουχὶ
3565 4780 3676 4851 γάρ

2096 4865 2279 4918 φησιν,
2313 4851 2389 4903 Ού
2426 4854 2525 4924 τῆς
2563 4853 2657 4907 τοῦ
2699 4855 2952 4922 παίοντες
2985 4859 3145 4932 ἔργον
3173 4862 3344 4936 ὀργῆς
3366 4865 3428 4919 τὸ
3454 4866 3531 4938 τῷ
3571 4885 3675 4924 πα-

2095 4939 2239 4993 θόντι
2276 4942 2643 5015 συμϐεϐηκὸς,
2680 4946 2819 5016 μετά
2850 4965 2911 5017 γε
2952 4952 3011 5005 τὸ
3053 4953 3398 5027 εύρωστῆσαί
3422 4976 3559 5022 πως.
3595 4962 3671 5015 Οὐ

2094 5032 2204 5103 γὰρ
2231 5030 2297 5085 ἂν
2337 5032 2571 5105 ἠθέλησέ
2600 5053 2684 5101 τις
2717 5039 3013 5095 ἀποϐαλεῖν
3048 5045 3137 5098 τὸν
3169 5045 3299 5100 ἴδιον
3329 5046 3566 5119 οἰκέτην,
3615 5051 3676 5105 ὃν

2093 5122 2377 5194 ἀργυρίοις
2427 5125 2679 5197 ἐπρίατο,
2731 5129 2827 5183 καὶ
2879 5133 3139 5205 χρήματα
3182 5136 3328 5205 δοὺς,
3382 5141 3671 5213 ἐκτήσατο.

2107 5214 2386 5279 Ἀκούσιος
2416 5216 2473 5270 δὲ
2518 5220 2568 5272 εί
2607 5219 2822 5289 γένοιτο
2855 5227 3073 5293 φονεὺς,
3129 5227 3362 5299 ζημιοῦν
3411 5234 3675 5306 ἀειφυγίᾳ

2087 5305 2289 5399 δικαιοί
2322 5308 2529 5399 πάλινό
2561 5311 2722 5383 νόμος
2755 5314 2938 5382 αὑτὸν,
2964 5319 3263 5393 συμμέτρῳ
3296 5305 3671 5399 φιλανθρωπίά

2091 5395 2335 5485 κεράσας
2378 5398 2479 5468 τὴν
2523 5400 2761 5469 κόλασιν,
2795 5404 2891 5458 καὶ
2935 5407 2996 5460 τὸ
3039 5409 3375 5483 ἀνεθελήτως
3415 5395 3669 5485 πλημμελ

2090 5483 2275 5577 ληφθέν,
2310 5486 2412 5540 οὐκ
2461 5489 2519 5542 ἐν
2576 5488 2668 5562 ἴσῃ
2723 5493 2888 5566 μοίρᾳ
2933 5499 3046 5562 τοῖς
3077 5497 3402 5567 έθελουσίοις
3430 5499 3490 5558 εὖ
3523 5483 3670 5577 μάλα

2089 5576 2278 5641 τιθείς.
2315 5579 2505 5643 Πόλεις
2532 5581 2587 5635 δὲ
2621 5583 2977 5654 ἀφορίζεσθαι
3005 5594 3154 5661 τρεῖς
3179 5576 3570 5668 προστέταχεν,
3603 5598 3670 5664 ἃς

2091 5669 2183 5721 καὶ
2211 5669 2320 5723 τῶν
2346 5671 2796 5746 Φυγαδευτηρίων
2824 5679 3099 5753 ὠνόμασε,
3133 5687 3446 5742 συνελαύνει
3480 5706 3539 5744 τε
3574 5690 3671 5744 οὕς

484 5852 528 5885 “
558 5853 731 5908 Exod.
767 5870 875 5921 χχι,
910 5858 993 5911 ll.
1073 5859 1115 5890 δί’
1143 5859 1311 5914 Exod.
1337 5875 1483 5924 xvm,
1528 5859 1613 5912 19.
1692 5860 1737 5892 ⁵⁰
1766 5860 1956 5917 Matth.

2096 5865 2175 5920 59.
2254 5868 2295 5899 ⁵⁸
2321 5868 2491 5925 Exod.
2526 5887 2636 5939 xxr,
2668 5872 2756 5939 20,
2783 5874 2869 5931 ΩΙ.
