4118 6484
307 418 413 477 581

1015 417 1107 474 DE
1144 416 1593 480 ADORATIONE
1632 418 1701 474 IN
1742 415 2018 476 SPIBITU
2056 419 2146 475 ET
2181 420 2556 477 VERITATE.
2600 420 2730 475 LIB.
2762 420 2897 476 VIII.

3517 416 3621 473 εει

305 551 421 598 τως
475 533 598 587 ἐκεῖ
646 531 776 596 τοὺς
822 532 910 587 ἐπ’
943 532 1222 598 ἁκουσίοις
1250 533 1560 605 πταίσμασι
1602 533 1921 604 φεύγοντας.

2033 532 2324 600 occiderit,
2351 549 2478 589 eum
2506 534 2590 589 lex
2623 549 2818 589 rursus
2840 541 3112 605 perpetuo
3138 530 3338 587 exsilio
3379 531 3624 588 multan-

305 626 428 680 Καὶ
456 623 656 697 καιρὸν
693 623 946 694 ἀφέσεως
983 624 1155 698 ὁρίζει
1191 626 1357 681 πάλιν
1396 627 1634 685 καὶτοῖς
1661 619 1765 681 ὧδε
1827 642 1925 679 πε-

306 717 593 787 πραχόσιν
645 715 867 782 ἀθλίως,
907 717 1101 788 ἱερέως
1143 716 1377 772 θάνατον
1400 717 1495 771 τοῦ
1523 717 1924 790 ὑπερκειμένου

308 808 411 862 καὶ
437 806 795 881 προύχοντος.
832 808 1044 880 Γράφει
1071 806 1128 862 δὲ
1162 807 1339 873 οὕτως
1364 810 1423 862 ὲν
1453 811 1569 873 τοῖς
1611 806 1920 880 Ἀριθμοῖςο

314 920 336 954 σ
375 901 509 956 Ἐὰν
537 900 594 956 δὲ.
631 899 898 972 ἐξαπίνης
926 900 988 955 ού
1014 900 1082 955 δι’
1104 900 1309 973 ἔχθραν
1347 899 1472 974 ὣσῃ-
1493 899 1678 968 αὑτὸν,
1710 898 1926 972 nemp-

314 993 454 1066 ῥίψῃ
482 996 575 1049 ἐπ’
614 994 781 1049 αὐτὸν
811 996 924 1049 πᾶν
969 994 1184 1060 σκεῦος,
1219 995 1320 1050 οὐκ
1350 994 1411 1060 ἐξ
1440 995 1658 1067 ὲνέδρου
1692 992 1726 1066 ἢ
1759 994 1925 1048 παντὶ

313 1089 477 1159 λίθῳ,
513 1091 571 1145 ἐν
604 1082 650 1157 ᾧ
681 1089 1038 1145 ἀποθανεῖται
1091 1091 1151 1144 ὲν
1211 1089 1364 1163 αύτῷ
1415 1091 1519 1145 οὐκ
1586 1089 1766 1155 εἰδὼς,
1829 1089 1925 1143 καλ⁵

315 1182 565 1255 ἐπιπέσῃ
625 1183 714 1237 ἐπ’
771 1183 959 1253 αὐτὸν,
1010 1184 1108 1238 καὶ
1153 1183 1403 1256 ἀποθάνῃ
1434 1227 1447 1249 ,
1500 1166 1666 1248 αὐτὸς
1714 1182 1773 1237 δὲ
1821 1183 1925 1236 οὐκ

321 1274 425 1346 ὲχθ
438 1274 531 1348 ρδς
551 1276 721 1330 αὐτοῦ
749 1270 840 1348 ἦν,
858 1276 980 1330 οὐδὲ
1007 1273 1190 1346 ζητῶν
1217 1276 1609 1346 κακοποιῆσαι,
1629 1275 1727 1330 καὶ
1745 1277 1924 1348 κρινεῖ

318 1366 356 1435 ἡ
393 1365 708 1438 Συναγωγή
747 1366 854 1421 ἀνὰ
903 1366 1071 1438 μέσον
1121 1366 1218 1420 τοῦ
1258 1367 1624 1434 πατάξαντος,
1677 1366 1773 1421 καὶ
1817 1366 1924 1421 ἀνὰ

318 1456 491 1527 μέσον
519 1456 616 1511 τοῦ
647 1458 1080 1530 ἀγχιπεύοντος
1112 1458 1175 1512 τὸ
1213 1453 1356 1532 αἷμα
1407 1458 1553 1514 κατὰ
1575 1459 1646 1514 τὰ
1678 1459 1923 1531 κρίματα

313 1547 517 1616 ταῦτα,
544 1549 643 1604 καὶ
694 1550 963 1619 ὲξελεῖται
1005 1553 1039 1625 ἡ
1090 1553 1392 1625 Συναγωγὴ
1437 1553 1531 1607 τὸν
1582 1552 1921 1623 φονεύσαντα

317 1642 433 1698 ἀπὸ
458 1642 556 1697 τοῦ
595 1641 1019 1716 ἀγχιστεύοντος
1070 1645 1132 1701 τὺ
1183 1641 1346 1718 αἷμα.
1389 1647 1500 1701 Καὶ
1534 1646 1923 1718 ἀποκαταστή-

266 1762 271 1767 ο
320 1752 513 1791 σουσιν
544 1737 711 1791 αὑτὸν
743 1739 779 1811 ἡ
816 1739 1119 1812 Συναγωγὴ
1151 1741 1235 1806 είς
1265 1740 1366 1811 τὴν
1416 1740 1573 1796 πόλιν
1612 1738 1709 1794 τοῦ
1744 1756 1923 1810 φυγα-

309 1828 628 1903 δευτηρίου,
670 1823 735 1886 οὗ
772 1832 1084 1916 κατέφυγε·
1124 1833 1217 1888 καὶ
1265 1834 1588 1905 κατοικήσει
1651 1835 1769 1887 ἐκεῖ
1814 1833 1922 1896 ἕως

2030 625 2164 681 dum
2188 635 2398 692 censet,
2426 641 2490 681 ac
2512 625 2800 681 moderata
2822 625 3119 681 clementia
3162 638 3383 695 primam
3416 632 3627 695 tempe-

2030 728 2136 783 rat,
2162 727 2239 784 et,
2266 719 2417 789 quod
2446 728 2653 789 praster
2674 720 3023 775 voluntatem
3047 718 3354 773 admissum
3377 726 3484 782 est,
3513 734 3625 773 non

2029 812 2195 883 282
2218 812 2564 868 eodemlloco
2610 812 2801 879 habet,
2847 828 2960 884 quo
2998 813 3314 868 voluntaria
3362 812 3621 878 crimina,

2029 905 2198 977 idque
2219 906 2540 978 aequissimo
2565 907 2694 978 jure
2730 906 2883 961 facit.
2933 906 3111 963 Urbes
3150 915 3337 962 autem
3377 915 3490 964 tres
3529 907 3625 963 de-

2028 997 2182 1052 cerni
2200 998 2386 1069 juss'rt,
2412 1012 2552 1067 quas
2571 996 2760 1061 etiam,
2800 995 3023 1068 Refugii
3062 997 3132 1064 “,
3161 997 3416 1065 vocavit;
3443 1013 3624 1069 eoque

2027 1090 2311 1160 compellit
2336 1097 2459 1155 'eos,
2501 1090 2598 1160 qui
2640 1089 2714 1145 ob
2755 1088 2991 1144 crimina
3016 1104 3131 1145 non
3176 1090 3489 1146 voluntarie
3519 1091 3621 1147 ad-

2027 1182 2197 1239 missa
2250 1183 2589 1238 exsularent.
2631 1182 2717 1238 ~Ac
2752 1182 2938 1238 denuo
3004 1191 3223 1253 tempus
3277 1184 3625 1241 remissionis

2026 1276 2343 1347 praescribit
2369 1277 2439 1332 iis
2493 1276 2684 1342 etiam,
2736 1266 2841 1346 qui
2879 1276 3198 1347 hujusmodi
3241 1276 3448 1333 infelici
3495 1278 3624 1334 vita:

2026 1369 2349 1424 conditione
2395 1377 2723 1424 uterentur:
2755 1368 2894 1423 illud
2917 1368 3206 1435 nimirum,
3239 1385 3351 1440 quo
3369 1386 3621 1427 summus

2025 1476 2090 1517 ac
2114 1461 2612 1532 praestantissimus
2639 1462 2905 1517 sacerdos
2940 1469 3275 1517 moreretur.
3303 1462 3395 1518 Sic
3435 1472 3623 1517 autem

2025 1555 2221 1612 scribit
2244 1556 2304 1611 in
2328 1555 2623 1611 Numeris:
2661 1575 2679 1609 ι
2702 1555 2761 1612 Si
2786 1556 3090 1627 derepente
3115 1571 3226 1611 non
3256 1563 3486 1626 propter
3511 1556 3621 1610 ini-

2023 1650 2264 1706 micitias
2300 1649 2585 1720 impulerit
2604 1664 2755 1715 eum,
2786 1661 2885 1704 aut
2906 1650 3209 1720 conjecerit
3232 1649 3289 1702 in
3309 1663 3438 1702 eum
3460 1663 3623 1703 omne

2023 1758 2143 1808 vas,
2171 1757 2285 1798 non
2308 1756 2379 1798 ex
2397 1741 2644 1807 insidiis,
2673 1750 2770 1796 aut
2802 1741 2955 1796 omni
3002 1741 3212 1812 lapide,
3266 1741 3324 1796 in
3351 1755 3464 1811 quo
3501 1755 3622 1795 mo-

2024 1835 2203 1891 rietur
2227 1834 2285 1890 in
2311 1834 2454 1906 ipso,
2481 1834 2758 1900 nesciens,
2810 1840 2868 1890 et
2919 1834 3190 1890 ceciderit
3228 1850 3397 1905 super
3416 1835 3623 1905 ipsum,

312 1921 382 1976 ἀν
436 1922 687 1996 ἀποθάνῃ
734 1926 765 1979 6
822 1926 1004 1997 ἱερεὺς
1045 1926 1242 1997 μέγας,
1278 1926 1339 1980 ὃν
1385 1925 1610 1999 ἔχρισαν
1643 1926 1806 1981 αὑτὸν
1837 1927 1918 1999 τῷ

2023 1938 2082 1984 et
2105 1934 2363 1982 mortuus
2385 1926 2578 1991 fuerit,
2597 1935 2654 1982 et
2677 1925 2796 1997 ipse
2813 1940 2928 1981 non
2956 1935 3080 1981 erat
3126 1926 3412 1992 inimicus,
3440 1939 3625 1997 neque

310 2015 484 2087 ἐλαίῳ
528 2017 610 2089 τῷ
655 2017 818 2089 ἁγίῳ.
846 2038 865 2073 ι
897 2015 1035 2075 Εἶτα
1089 2021 1208 2091 μεθ’
1238 2021 1403 2093 ἕτερα
1427 2036 1442 2052 ο
1479 2039 1499 2073 ι
1528 2021 1640 2075 Καὶ
1691 2023 1827 2093 μετά
1853 2021 1918 2077 τὸ

2024 2035 2153 2077 eum
2179 2019 2466 2091 quaerebat
2495 2018 2781 2074 offendere
2812 2036 2825 2072 :
2848 2019 3124 2091 iudicabit
3165 2018 3453 2091 Synagoga
3476 2018 3624 2073 inter

307 2106 609 2164 ἀποθανεῖν
648 2110 741 2167 τὸν
775 2111 928 2184 ἱερέα
957 2113 1048 2167 τὸν
1098 2111 1295 2185 μέγαν,
1328 2113 1734 2186 ὲπαναστρέψει
1765 2115 1795 2168 6
1825 2129 1919 2185 φο-

2022 2113 2449 2187 percutientem,
2491 2120 2549 2167 et
2570 2125 2700 2166 eum
2728 2109 2825 2182 qui
2871 2110 3161 2181 proximus
3206 2119 3292 2167 est
3343 2110 3621 2182 sanguini,

307 2200 512 2265 νεύσας
541 2203 627 2267 είς
654 2202 753 2277 τὴν
785 2206 892 2278 γῆν
916 2207 1016 2278 τῆς
1045 2205 1435 2277 κατασχέσεως
1459 2205 1650 2262 αὑτοῦ.
1674 2225 1693 2261 ι

2022 2210 2175 2282 juxta
2196 2207 2316 2262 hac
2336 2203 2580 2277 judicia:
2602 2210 2660 2259 et
2689 2211 2851 2259 eruet
2880 2202 3169 2277 Synagoga
3203 2219 3333 2261 eum
3357 2205 3450 2275 qui
3475 2204 3627 2259 οοεί-

307 2295 480 2363 derit,
506 2296 578 2352 ab
613 2312 681 2353 eo
720 2298 816 2369 qui
850 2297 1145 2369 proximus
1174 2307 1264 2355 est
1305 2298 1598 2372 sanguini;
1625 2309 1683 2355 et
1713 2302 2018 2361 constituet
2050 2316 2181 2358 eum
2219 2299 2503 2372 Synagoga
2542 2297 2600 2352 in
2640 2297 2839 2353 urbem
2880 2296 3102 2369 refugii,
3126 2312 3239 2367 quo
3270 2296 3537 2368 confugit,
3565 2301 3627 2353 et

309 2387 592 2443 habitabit
622 2386 721 2454 ibi,
744 2403 1034 2460 quousque
1056 2389 1332 2445 moriatur
1365 2388 1627 2445 sacerdos
1648 2407 1902 2464 magnus,
1945 2409 2113 2467 quem
2155 2396 2439 2447 unxerunt
2479 2388 2605 2443 oleo
2653 2396 2847 2467 sancto
2888 2387 2955 2443 ”.
2978 2407 2996 2441 ι
3033 2386 3246 2444 Deinde
3305 2396 3430 2459 post
3475 2389 3619 2445 alia:

316 2500 335 2533 ι
366 2474 437 2536 Et
462 2489 830 2553 posteaquam
884 2489 1145 2538 mortuus
1184 2482 1354 2539 fuerit
1378 2482 1642 2540 sacerdos
1657 2461 1915 2558 magnus,
1955 2461 2274 2544 revertetur
2302 2481 2584 2538 homicida
2636 2461 2926 2537 in‘terram
2979 2479 3353 2551 possessionis
3379 2496 3493 2537 suae
3517 2482 3617 2535 ³⁸.»

381 2573 597 2628 ΠΑΛΛ.
638 2574 809 2640 Λύσις
837 2570 933 2629 οὖν
966 2577 1078 2649 ἄρα
1097 2577 1199 2649 τῆς
1217 2577 1509 2648 ἀειφυγίας
1528 2579 1738 2646 αὐτοῖς,
1761 2582 1791 2635 ό
1817 2580 1915 2635 τοῦ

310 2666 711 2740 προλεχθέντωι
731 2669 865 2740 ἡμῖν
895 2669 1101 2741 ἀρτίως
1126 2669 1319 2741 ἱερέως
1345 2670 1598 2737 θάνατος.

380 2758 554 2814 ΚΥΡ.
593 2760 792 2832 Σχῆμα
841 2761 1003 2815 τοῦτο
1025 2764 1139 2828 τοῖς
1168 2761 1382 2829 τύποις.
1432 2765 1705 2821 Ὠδίνουσι
1741 2766 1802 2821 δὲ
1857 2765 1918 2820 τὸ

309 2850 409 2907 τοῦ
439 2849 687 2924 Χριστοῦ
715 2854 1018 2926 μυστήριον
1049 2855 1105 2909 ai
1138 2854 1311 2911 σκιαί.

381 2943 602 2999 ΠΑΛΛ.
642 2945 781 2999 Τίνα
807 2945 1036 3017 τρόπον;

381 3034 555 3091 ΚΥΡ.
597 3036 715 3089 Οὐκ
739 3035 1024 3103 ἀπίθανον,
1064 3028 1110 3091 ὧ
1155 3036 1450 3108 Παλλάδιε,
1502 3040 1564 3094 τό
1607 3057 1671 3110 γε
1709 3040 1920 3096 οίεσθαι

307 3129 475 3202 τυχὸν
500 3130 629 3194 τοὺς
656 3131 779 3194 ταῖς
799 3129 1102 3203 ἁμαρτίαις
1121 3132 1687 3204 ὲγκατειλημμένους,
1726 3152 1919 3205 φονευ-

307 3197 412 3289 τάξ
435 3222 632 3296 ὥσπερ
659 3222 816 3287 τινὰς
975 3224 1113 3290 ἰδίας
1147 3197 1759 3298 ύπάρχεινλεὶίυχῆςααλ.
1787 3245 1918 3281 κατ·
1942 3197 1986 3255 c

309 3317 601 3389 ολισθῆσαι
651 3319 733 3382 είς
791 3317 952 3373 τοῦτο
994 3319 1375 3392 ταλαιπωρίας
1418 3321 1520 3374 οὐκ
1562 3321 1914 3392 ἐθελουσίως,

307 3407 787 3481 ὲκδεϐιασμὲνους
806 3409 863 3464 δὲ
890 3410 1084 3483 ὥσπερ
1132 3413 1213 3476 είς
1255 3412 1593 3484 παράϐασιν,
1621 3416 1715 3469 καὶ
1749 3417 1830 3479 είς
1859 3417 1920 3470 τὸ

308 3501 695 3575 προσκροῦσαι
728 3502 870 3574 Θεῷ,
895 3504 985 3559 διά
1009 3505 1071 3559 τὸ
1100 3504 1382 3574 ἐγκεῖσθαι
1410 3507 1510 3578 τὴν
1535 3507 1774 3562 διάνοιαν
1820 3508 1933 3562 τοῦ·

308 3595 608 3666 ἀνθρώπου
640 3596 733 3651 ἐπὶ
755 3597 823 3650 τά
864 3597 1080 3670 πονηρὰ
1108 3601 1174 3653 ὲκ
1196 3599 1467 3671 νεότητος,
1493 3599 1587 3654 καὶ
1616 3601 1706 3655 διὰ
1736 3602 1830 3656 τὸν
1860 3603 1919 3658 ὲν

309 3687 425 3752 τοῖς
474 3686 667 3759 μέλεσι
705 3687 805 3760 τῆς
859 3690 1064 3761 σαρκὸς
1118 3690 1217 3762 τῆς
1248 3690 1546 3746 ἀτιθάσσου
1582 3692 1915 3765 φιληδονίας,

308 3782 732 3852 τυραννήσαντα
760 3782 946 3853 νόμον.
977 3784 1128 3856 Φυγῇ
1158 3785 1449 3859 τοιγαροῦν
1472 3788 1540 3860 τῇ
1571 3787 1679 3842 ἀπὸ
1708 3789 1916 3861 κόσμου

308 3876 407 3930 καὶ
434 3873 692 3947 σώματος
721 3879 754 3948 ἠ
779 3876 940 3932 ἀθλία
960 3877 1105 3950 ψυχὴ
1137 3878 1231 3932 τοῦ
1259 3877 1551 3954 ἀνθρώπου
1594 3879 1914 3953 ζημιοῦται,

308 3970 409 4024 καὶ
442 3968 635 4043 ὥσπερ
660 3972 740 4035 εἰς
779 3970 931 4025 πόλιν
990 3972 1114 4026 τινὰ
1170 3972 1609 4045 φυγαδευτηρίου
1659 3976 1773 4040 τοῖς
1822 3974 1916 4029 τοῦ

308 4063 547 4117 θανάτου
574 4068 768 4136 μυχοῖς
792 4065 1113 4138 ὲνιζήσασα,
1140 4068 1388 4139 μακροὺς
1414 4067 1643 4123 διετέλει
1665 4070 1916 4143 χρόνους,

306 4154 503 4228 ἀνείθη
545 4155 607 4210 δὲ
666 4155 823 4228 μόλις
864 4156 1233 4223 ἀποθανόντος
1272 4158 1512 4231 Χριστοῦ
1552 4158 1646 4213 τοῦ
1674 4161 1917 4232 μεγάλου

310 4248 529 4321 ίερέως,
560 4248 622 4313 ὃς
649 4249 741 4302 τὸν
767 4249 910 4321 ὑπὲρ
934 4250 1158 4305 πάντων
1185 4250 1417 4305 θάνατον
1464 4251 1723 4319 ἀνατλὰς,
1746 4269 1918 4308 κατα-

318 4341 630 4413 πεφοίτηκε
670 4342 773 4413 μὲν
798 4345 879 4408 εἰς
916 4343 1082 4415 ᾅδου,
1102 4342 1277 4408 πύλας
1302 4344 1357 4398 δὲ
1388 4344 1568 4416 ἤνοιξε
1597 4348 1712 4410 τοῖς
1739 4346 1914 4412 κάτω,

307 4435 407 4491 καὶ
432 4434 653 4505 δεσμῶν
681 4435 855 4507 ἠφίει,
892 4456 911 4489 ι
931 4436 1108 4506 λέγων
1128 4440 1242 4501 τοῖς
1262 4438 1321 4489 ὲν
1342 4436 1580 4509 δεσμοῖς,
1613 4436 1914 4506 Ἐξέλθατε,

306 4527 406 4581 καὶ
431 4528 548 4592 τοῖς
582 4528 641 4581 ὲν
664 4527 743 4599 τῷ
776 4528 980 4595 σκότει,
1026 4527 1555 4584 Ἀνακαλύπτεσθε.›

380 4621 599 4675 ΠΑΛΛ.
653 4620 742 4685 Ὠς
777 4620 954 4692 σαφὴς
977 4622 1005 4675 6
1029 4619 1208 4690 λόγος.

379 4712 554 4767 ΚΥΡ,
599 4712 678 4765 Οὐ
712 4711 835 4766 καθ’
874 4713 971 4766 ἕνα
994 4712 1051 4766 δὲ
1099 4713 1303 4785 τρόπον
1336 4713 1646 4784 εὐδοκιμεῖν
1687 4714 1918 4769 ἀναπεί-

305 4803 422 4858 θων
466 4804 601 4868 τοὺς
659 4804 1054 4876 ἀρχαιοτέρους
1097 4805 1127 4858 6
1177 4804 1362 4875 νόμος,
1397 4804 1513 4858 ἀλλ’
1542 4799 1602 4860 εὖ
1644 4806 1920 4860 συντεθεῖ-

309 4893 441 4948 σθαι
467 4892 569 4947 διά’
589 4893 834 4960 πάντων,
883 4894 980 4948 καὶ
996 4894 1072 4958 ὡς
1104 4892 1306 4965 ἄριστα
1340 4894 1511 4965 ἔχειν,
1544 4895 1632 4948 ἵνα
1730 4896 1920 4967 ἄρτιος

304 4986 336 5039 6
364 4985 464 5040 τοῦ
492 4984 632 5039 Θεοῦ
675 4985 983 5058 ἄνθρωπος,
1010 4986 1148 5058 πρὸς
1180 4988 1291 5042 πᾶν
1315 4986 1476 5058 ἔργον
1526 4986 1732 5055 ἀγαθὸν
1756 4987 1920 5061 ὲξηρ-

304 5078 573 5150 τημὲνος,
611 5080 708 5133 καὶ
746 5078 1000 5144 συνόδους
1020 5079 1268 5151 γαμικὰς
1311 5078 1750 5152 καταρῤυθμίζει
1777 5080 1917 5153 πρὸς

303 5173 369 5227 τὸ
421 5170 646 5244 σεμνὸν.
693 5174 791 5228 καὶ
835 5172 915 5238 ὡς
949 5172 1020 5228 ἂν
1063 5174 1391 5245 ἀμωμήτως
1413 5173 1708 5245 πράττοιτο
1754 5173 1916 5228 ταυτὶ

304 5266 465 5339 παρὰ
512 5276 574 5319 τε
617 5264 739 5336 Θεῷ
796 5265 893 5319 καὶ⁹
936 5264 1270 5339 ἀνθρώποις,
1301 5265 1628 5338 καθίστησιν
1660 5266 1912 5338 ἐναργές.

305 5357 583 5431 Πορνείαν
627 5357 730 5429 μὲν
781 5352 878 5413 οὖν
923 5358 1018 5412 καὶ
1068 5356 1415 5430 ἀκαθαρσίαν
1443 5355 1681 5431 ἐξορίζει
1715 5375 1917 5412 παντε-

303 5450 441 5509 λῶς.
498 5448 898 5523 ἀρρενομιξίαν
944 5448 1004 5503 δὲ
1062 5449 1159 5504 καὶ
1203 5465 1471 5522 μοιχειαν,
1501 5450 1580 5515 ὡς
1638 5450 1915 5506 ἀπωτάτω

304 5542 573 5608 ποιεῖται,
615 5539 792 5610 λέγων
834 5541 893 5594 ὲν
945 5541 1025 5613 τῷ
1071 5541 1377 5614 Δευιτικῷ·
1440 5562 1460 5596 ι
1489 5545 1602 5600 Καὶ
1646 5544 1785 5618 πρὸς
1810 5544 1915 5616 τὴν

303 5634 552 5701 γυναῖκα
575 5632 672 5688 τοῦ
719 5634 952 5706 πλησίον
987 5650 1082 5687 σου
1121 5634 1183 5687 ού
1213 5633 1407 5709 δώσεις
1430 5637 1621 5709 κοίτην
1657 5638 1912 5710 σπέρμασ-

302 5722 401 5788 τός
430 5742 551 5793 σου,
582 5724 949 5797 ὲκμιανθῆναι
987 5725 1126 5796 πρὸς
1171 5725 1364 5797 αὐτὴν,
1418 5728 1517 5783 καὶ
1569 5731 1712 5802 μετά
1748 5730 1915 5803 ἀρσε-

2089 2579 2291 2638 PALL.
2317 2577 2472 2633 Finis
2495 2576 2668 2648 igitur
2690 2575 2875 2631 exsilii
2899 2575 3012 2631 illis
3041 2574 3155 2630 erit
3180 2588 3335 2630 mors
3357 2577 3624 2633 sacerdo-

2019 2676 2113 2741 tis,
2141 2688 2309 2749 quem
2355 2669 2521 2726 modo
2547 2668 2813 2724 diximus.

2087 2765 2588 2837 CYR.Figurarum
2618 2762 2845 2834 quidem
2866 2762 3112 2820 exterior
3136 2764 3362 2820 habitus
3377 2763 3624 2835 ejusmo-

2013 2860 2069 2916 di
2096 2856 2318 2915 est.Sed
2341 2856 2792 2927 complectuntur
2808 2856 3020 2911 umbrae
3042 2854 3252 2912 Christi
3269 2853 3621 2928 mysterium.

2087 2950 2290 3008 PALL.
2318 2950 2442 3017 Quo
2468 2948 2697 3005 tandem
2732 2949 2933 3003 modo?

2083 3046 2243 3103 CYR.
2270 3046 2391 3100 Non
2415 3053 2501 3100 est
2524 3043 2918 3114 improbabile,
2976 3038 3207 3108 Palladi,
3249 3052 3449 3114 putare
3497 3042 3618 3098 for-

2019 3139 2184 3195 tassis
2231 3153 2349 3202 eos,
2381 3137 2478 3208 qui
2526 3136 2773 3208 peccatis
2814 3136 3087 3208 implicati
3135 3143 3285 3201 sunt,
3332 3152 3446 3191 sua:
3490 3136 3620 3190 ani-

2020 3247 2125 3287 mae
2161 3230 2314 3286 velut
2336 3229 2647 3284 homicidas
2670 3243 2813 3295 esse,
2840 3237 3008 3299 atque
3052 3228 3121 3284 ad
3168 3244 3290 3284 eam
3340 3229 3623 3285 miseriam

2022 3341 2136 3402 non
2166 3332 2366 3395 sponte
2407 3322 2688 3393 delapsos,
2714 3321 2812 3377 sed
2858 3322 2930 3377 ad
2975 3323 3156 3394 legem
3200 3322 3516 3377 violandam
3564 3331 3625 3377 et

2022 3419 2199 3473 Deum
2224 3415 2622 3473 offendendum
2674 3423 2903 3470 coactos
2928 3431 3057 3471 esse
3109 3415 3521 3485 quodammodo
3565 3425 3624 3469 et

2022 3510 2311 3580 impulsos,
2336 3523 2405 3563 eo
2428 3507 2579 3577 quod
2601 3522 2780 3577 prona
2803 3507 2875 3562 sit
2900 3522 3061 3562 mens
3107 3507 3352 3562 hominis
3386 3507 3454 3561 ad
3478 3507 3621 3562 mala

2021 3615 2087 3655 ex
2108 3600 2399 3670 iuventute
2421 3598 2491 3662 ⁵⁵,
2525 3605 2582 3652 et
2627 3595 2914 3651 indomita:
2955 3597 3423 3667 concupiscentiae
3448 3596 3536 3652 lex
3564 3597 3623 3652 in

2021 3691 2288 3748 membris
2310 3691 2496 3746 carnis
2517 3689 2859 3744 dominetur.
2887 3690 3063 3760 Igitur
3088 3690 3282 3760 procul
3323 3706 3351 3743 a
3409 3690 3622 3745 mundo

2020 3792 2076 3841 et
2098 3790 2129 3838 a’
2153 3797 2386 3853 corpore
2410 3780 2654 3836 hominis
2678 3782 2864 3837 anima
2890 3782 3082 3837 infelix
3116 3782 3315 3837 exsilio
3340 3783 3621 3839 multaba-

2022 3887 2135 3942 tur,
2163 3876 2413 3947 atquein
2435 3875 2644 3952 abditis
2667 3876 2867 3931 mortis
2916 3892 2982 3931 ac
3026 3876 3410 3947 penetralibus
3460 3878 3622 3943 locis,

2022 3976 2289 4037 tanquam
2328 3967 2386 4021 in
2417 3966 2557 4023 urbe
2604 3968 2844 4037 quadam
2894 3967 3094 4039 refugii
3140 3956 3411 4033 residens,
3458 3970 3624 4042 longo

2020 4071 2267 4133 tempore
2291 4060 2720 4132 perseverabat;
2752 4070 2977 4117 mortuo
3001 4067 3191 4115 autem
3219 4060 3451 4117 Christo
3498 4078 3621 4119 ma-

2021 4170 2129 4226 gno
2151 4154 2461 4220 sacerdote,
2503 4154 2598 4208 vix
2644 4153 2869 4209 tandem
2917 4154 3146 4209 dimissa
3182 4162 3287 4209 est.
3336 4153 3463 4221 Qui,
3494 4170 3621 4210 cum

2020 4262 2124 4317 pro
2189 4245 2450 4301 omnibus
2530 4245 2857 4314 pertulisset
2916 4252 3198 4310 mortem,
3260 4243 3331 4298 ad
3402 4244 3622 4300 inferna

2020 4338 2329 4403 descendit,
2354 4345 2520 4408 atque
2551 4345 2743 4408 portas
2794 4336 2989 4392 inferis
3035 4336 3275 4406 aperuit,
3315 4352 3622 4408 eorumque

2020 4431 2241 4487 vincula
2281 4430 2575 4496 relaxavit,
2626 4429 2863 4485 «dicens
2912 4429 3017 4495 eis,
3074 4429 3172 4499 qui
3221 4429 3619 4485 vinctierant:

2026 4526 2215 4590 Exite;
2241 4534 2297 4579 et
2338 4523 2407 4577 iis
2432 4523 2526 4594 qui
2555 4523 2613 4577 in
2635 4510 2884 4577 tenebris
2913 4540 2925 4575 :
2954 4521 3296 4578 Revelamini
3324 4525 3392 4578 ⁸⁸.
3416 4544 3436 4576 ›

2094 4614 2294 4671 PALL.
2325 4609 2535 4685 Aperta
2559 4629 2692 4668 sane
2713 4611 3010 4683 expositio.

2091 4708 2252 4766 CYR.
2282 4708 2580 4771 Craterum,
2610 4706 2743 4777 quia
2767 4704 2936 4777 283
2961 4705 3051 4760 lex
3075 4719 3190 4760 non
3219 4720 3334 4761 uno
3355 4705 3625 4762 duntaxat

2028 4818 2237 4876 genere
2262 4800 2489 4856 virtutis
2514 4800 2777 4869 antiquos
2801 4798 2927 4854 illos
2950 4799 3331 4854 commendari
3380 4799 3621 4863 volebat,

2020 4895 2119 4953 sed
2143 4895 2210 4950 ad
2235 4893 2425 4949 omnia
2451 4892 2793 4961 compositos
2816 4906 2963 4957 esse,
3003 4900 3061 4947 et
3114 4891 3325 4962 optime
3372 4900 3619 4961 paratos,

2021 4995 2084 5044 ut
2115 4986 2394 5059 perfectus
2416 4992 2566 5040 esset
2589 4985 2758 5040 homo
2781 4985 2907 5050 Dei,
2932 4984 3003 5039 ad
3025 4999 3193 5039 omne
3236 4999 3377 5054 opus
3410 4985 3622 5040 bonum

2023 5089 2252 5152 paratus
2276 5078 2344 5145 ",
2371 5077 2499 5134 ideo
2524 5076 2847 5148 nuptiarum
2892 5077 3344 5149 conjunctionem
3381 5078 3452 5133 ad
3496 5095 3622 5134 mo-

2021 5188 2150 5229 rum
2207 5172 2557 5226 honestatem
2598 5168 2911 5239 componit:
2960 5175 3018 5225 et
3065 5185 3176 5240 qua
3227 5170 3442 5225 ratione
3504 5171 3622 5228 haec

2023 5266 2144 5322 ﬁeri
2168 5266 2244 5323 ita
2264 5265 2506 5336 possint,
2529 5270 2590 5318 ut
2611 5261 3051 5333 reprehensione
3082 5271 3203 5317 tum
3225 5262 3372 5334 apud
3420 5263 3620 5332 Deum,

2021 5367 2139 5414 tum
2186 5373 2322 5414 vero
2369 5355 2515 5428 apud
2554 5354 2810 5410 homines
2855 5360 3104 5419 careant,
3162 5356 3409 5426 exponit.
3448 5357 3623 5430 Igitur

2019 5450 2451 5508 fornicationem
2473 5456 2531 5503 et
2548 5445 2962 5502 immunditiam
2983 5463 3219 5519 prorsus
3250 5450 3464 5522 rejicit;
3499 5469 3622 5510 ma-

2021 5544 2302 5600 sculorum
2330 5557 2464 5598 vero
2488 5540 2849 5597 concubitum
2875 5547 2931 5597 et
2950 5539 3295 5598 adulterium
3319 5560 3486 5615 quam
3503 5547 3622 5604 lon-

2020 5637 2244 5709 gissime
2270 5635 2512 5707 repellit,
2535 5634 2728 5690 dicens
2754 5633 2812 5687 in
2836 5630 3118 5689 Levitico:
3156 5653 3175 5687 ι
3194 5635 3264 5691 Et
3286 5636 3357 5692 ad
3392 5654 3624 5695 uxorem

2020 5728 2257 5802 proximi
2288 5728 2367 5783 tui
2398 5741 2511 5782 non
2532 5726 2692 5783 dabis
2718 5727 3043 5783 cucubitum
3065 5728 3293 5785 seminis
3316 5728 3421 5795 tui,
3446 5738 3509 5786 ut
3532 5729 3622 5785 in—

391 5889 439 5921 "
458 5913 624 5969 Deut.
651 5928 726 5974 ιν.
753 5911 841 5967 tl.
897 5911 944 5944 ιι
965 5911 1128 5968 Num.
1152 5927 1314 5976 xxxv,
1339 5908 1531 5963 22.25.
1591 5909 1639 5942 νο
1665 5908 1801 5964 ibid.
1836 5909 1921 5965 es.

2022 5913 2051 5944 "
2071 5910 2274 5966 Genes.
2298 5926 2413 5978 vin,
2453 5911 2542 5965 21.
2625 5911 2799 5968 “15a.
2832 5931 2977 5983 xux,
3006 5915 3060 5972 9.
3139 5916 3184 5951 "
3211 5916 3258 5972 ll
3282 5914 3425 5985 Tim,
3446 5930 3507 5983 ιι,
3528 5916 3623 5973 Si.
