4118 6464
519 393 624 452 585

1543 390 1598 444 S.
1643 389 1919 446 CYRILLI
1959 385 2432 447 ALEXANDRI‘NI
2471 390 2790 449 ARCHIEP.

3657 411 3744 469 584

520 511 769 584 quineris
784 526 908 566 cum
921 525 1013 576 ea;
1033 518 1089 563 et
1114 524 1237 563 cum
1256 507 1498 562 masculo
1514 524 1624 562 non
1649 509 1892 566 dormies
1908 527 2093 566 concu-

2212 527 2300 574 νος
2329 512 2391 563 οὐ
2435 513 2744 583 κοιμηθήσῃ
2793 511 2980 583 κοίτην
3014 513 3348 581 γυναικείαν
3372 516 3627 592 βδέλυγμα
3653 539 3745 598 γαρ

518 604 637 658 bitu
655 603 919 667 femineo;
938 600 1272 656 exsecrabile
1287 598 1432 653 enim
1449 600 1606 653 est”.
1621 619 1638 650 ι
1662 599 2003 672 llujusmodi,
2021 603 2108 655 in-

517 692 865 762 quit,ﬂagitia
887 707 982 744 sua
1006 698 1200 759 sponte
1219 689 1475 744 damnata
1497 699 1647 756 sunt,
1673 700 1729 746 et
1751 709 2018 748 summam
2035 694 2110 748 iis

517 783 738 854 ﬂagitiis
760 782 1061 837 foeditatem
1079 782 1259 836 inesse
1282 782 1639 852 perspicuum
1664 794 1746 838 est
1770 801 1783 849 ;
1813 801 1915 840 nec
1933 786 2107 854 pluri-

516 875 620 928 bus
639 874 822 927 verbis
837 889 976 942 0pus
1001 873 1109 926 erit
1131 883 1192 928 ut
1210 873 1333 928 illos
1356 875 1450 942 qui
1471 874 1538 928 ad
1561 890 1682 929 eam
1708 876 2107 945 turpitudinem

514 975 873 1032 venerunt,ut
891 965 994 1035 ipsi
1012 974 1210 1036 sponte
1228 965 1366 1021 adeo
1384 967 1527 1036 turpi
1541 967 2106 1036 etdel‘ormiopinionc

514 1057 1126 1127 laborarentipsamque
1151 1069 1408 1113 naturam
1436 1067 1785 1114 accusantem
1812 1059 2100 1125 haberent,

513 1164 891 1217 coarguamus.
918 1149 1196 1218 Hisigitur
1218 1149 1622 1218 przetermissis,
1641 1165 1763 1218 quae
1784 1149 2022 1220 legitime
2047 1160 2104 1206 et

513 1239 819 1293 secundum
845 1241 1118 1293 rationem
1147 1238 1304 1305 ﬁunt,
1341 1239 1639 1310 examinat,
1667 1239 1856 1294 dicens
1880 1241 1934 1294 in
1956 1241 2102 1295 Deu-

515 1331 860 1384 teronomio:
906 1350 923 1380 ι
951 1329 1006 1384 Si
1043 1331 1171 1400 quis
1217 1331 1498 1400 acceperit
1535 1346 1784 1396 uxorem,
1832 1340 1889 1385 et
1932 1332 2100 1387 coha-

516 1422 780 1476 bitaverit
813 1433 939 1476 cum
964 1438 1050 1487 ea,
1075 1431 1133 1477 et
1165 1424 1296 1488 erit,
1321 1424 1366 1478 si
1394 1423 1484 1478 illa
1531 1439 1641 1478 non
1662 1423 1938 1478 invenerit
1973 1440 2098 1494 gra-

514 1515 643 1567 tiam
678 1515 732 1566 in
758 1525 1056 1584 conspectu
1083 1516 1226 1584 ejus,
1272 1515 1400 1584 quia
1430 1515 1641 1568 invenit
1664 1514 1718 1568 in
1735 1531 1799 1568 ea
1843 1531 1958 1570 rem
1984 1525 2100 1570 tur-

511 1621 670 1674 pem;
702 1604 910 1659 scribet
933 1605 984 1659 ei
1027 1605 1274 1661 libellum
1325 1607 1645 1676 repudii,et
1691 1607 1847 1662 dabit
1892 1607 1946 1661 in
1978 1624 2098 1662 ma-

512 1713 620 1751 nus
651 1697 792 1767 ejus,
815 1705 875 1750 et
898 1696 1140 1752 dimittet
1159 1713 1279 1752 eam
1305 1713 1336 1752 e
1367 1699 1530 1753 domo
1571 1713 1700 1752 sua:
1729 1708 1784 1752 et
1809 1699 1855 1752 si
1905 1698 2097 1753 abiens

511 1788 679 1842 fuerit
705 1789 864 1842 alteri
888 1788 1032 1854 viro,
1061 1798 1116 1843 et
1137 1790 1319 1845 oderit
1341 1806 1462 1846 eam
1494 1791 1580 1844 vir
1603 1791 1848 1856 ultimus,
1877 1799 1932 1846 et
1957 1792 2097 1846 scri-

511 1879 746 1947 pseritei
771 1880 1016 1933 libellum
1044 1882 1281 1955 repudii,
1307 1893 1363 1938 et
1389 1882 1607 1937 dederit
1632 1882 1687 1937 in
1719 1899 1918 1938 manus
1946 1885 2090 1954 ejus,
2128 1861 2168 1917 Β

512 1978 571 2022 et
603 1969 878 2024 dimiserit
905 1988 1026 2026 eam
1059 1955 1091 2026 ὅ
1129 1973 1294 2028 domo
1346 1989 1464 2038 sua,
1490 1981 1585 2028 aut
1620 1982 1883 2029 mortuus
1927 1975 2099 2030 fuerit

511 2060 597 2113 vir
622 2062 739 2131 ejus
763 2062 1008 2128 ultimus,
1035 2064 1131 2134 qui
1155 2064 1371 2134 accepit
1393 2081 1516 2119 eam
1557 2065 1665 2120 sibi
1691 2081 1952 2131 uxorem;
1985 2080 2096 2120 non

511 2152 715 2220 poterit
739 2153 847 2218 vir,
875 2155 970 2224 qui
999 2156 1157 2224 prius
1193 2155 1407 2210 dimisit
1446 2171 1590 2221 eam,
1617 2157 1800 2211 denuo
1844 2155 2098 2226 accipere

510 2246 616 2301 sibi
649 2248 704 2302 in
733 2263 985 2314 uxorem,
1014 2262 1377 2322 posteaquam
1416 2253 1628 2322 polluta
1665 2262 1780 2318 est;
1835 2253 1967 2322 quia
1997 2268 2094 2308 ex-

508 2336 777 2393 secrabile
803 2349 888 2394 est
909 2340 966 2394 in
988 2351 1290 2412 conspectu
1342 2343 1560 2397 Domini
1612 2344 1710 2398 Dei
1739 2345 1852 2409 tui;
1886 2353 1943 2398 et
1983 2358 2096 2398 non

508 2427 770 2496 polluetis
825 2440 1243 2502 terram,quam
1274 2435 1542 2489 Dominus
1582 2435 1728 2490 Deus
1781 2446 1964 2490 vester
2003 2437 2097 2493 dat

509 2520 667 2575 vobis
692 2521 746 2574 in
772 2524 1178 2590 possessionem
1205 2527 1270 2578 δ’,
1300 2545 1316 2575 ι
1351 2525 1506 2590 Nam,
1539 2542 1658 2596 qua:
1679 2527 1843 2598 justis
1873 2527 1938 2583 de
1961 2545 2094 2584 cau-

508 2612 586 2666 sis
605 2628 636 2666 a
661 2613 782 2667 viro
807 2613 1085 2685 disjuncta
1114 2625 1217 2681 est,
1247 2625 1302 2671 et
1327 2618 1556 2672 alterius
1601 2619 1705 2672 viri
1738 2619 2093 2674 concubitum

511 2718 692 2771 passa,
741 2719 863 2759 eam
904 2706 1204 2776 legitimam
1232 2707 1336 2762 sibi
1365 2725 1593 2763 uxorem
1630 2708 1923 2774 asciscere,
1948 2711 2093 2766 haud

514 2801 695 2847 tutum
734 2802 839 2858 est,
867 2794 978 2849 imo
998 2811 1133 2851 vero
1171 2797 1592 2852 stultissimum:
1616 2815 1763 2864 nam,
1824 2820 1840 2849 ι
1861 2799 1964 2866 Qui
1994 2801 2092 2856 ba-

513 2882 609 2937 bet
653 2885 979 2950 adulteram,
1019 2886 1217 2956 inquit,
1255 2889 1456 2943 stultus
1503 2899 1589 2944 est
1619 2898 1675 2945 et
1727 2891 1927 2960 impius
1965 2893 2029 2946 ⁸⁸.
2066 2911 2084 2943 ι

513 2973 586 3027 Ut
614 2984 803 3028 autem
833 2976 1094 3045 prohibet
1141 2992 1211 3031 ne
1242 2978 1332 3043 iis,
1392 2995 1513 3048 quae
1561 2981 1855 3050 perspicue
1912 2983 2093 3052 turpia

511 3074 662 3129 sunt,
680 3076 735 3121 et
759 3067 878 3121 sine
912 3070 1292 3124 controversia
1315 3070 1668 3136 damnantur,
1715 3072 2087 3140 oblectemur;

511 3157 600 3210 sic
622 3173 817 3212 rursus
863 3175 973 3212 non
998 3161 1274 3229 permittit
1320 3169 1381 3215 ut
1423 3162 1675 3227 honesta,
1713 3173 1970 3232 tanquam
2001 3165 2086 3218 in-

511 3247 740 3302 honesta
762 3249 894 3313 sint,
924 3266 1247 3307 accusemus
1273 3271 1284 3305 :
1338 3268 1436 3322 par
1461 3252 1607 3308 enim
1669 3263 1955 3323 peccatum
1979 3264 2084 3320 est,

511 3337 567 3390 id
595 3339 959 3394 adamandum
989 3352 1208 3411 putare,
1247 3343 1394 3413 quod
1417 3342 1584 3414 284
1612 3341 1801 3413 fugere
1833 3353 2084 3413 praestat;

509 3439 566 3484 et
593 3431 660 3484 ad
692 3432 825 3486 illud
882 3435 1036 3488 nullo
1075 3434 1280 3488 alfectu
1333 3434 1673 3504 permoveri,
1709 3435 1857 3504 quod
1913 3436 2088 3492 vitare

512 3527 672 3590 turpe
709 3530 813 3575 est.
863 3541 881 3572 ε
907 3523 999 3576 Vae
1047 3523 1216 3586 enim,
1251 3523 1347 3587 ait,
1382 3523 1475 3592 qui
1518 3521 1702 3576 dicitis
1743 3523 1902 3577 dulce
1936 3540 2086 3579 ama-

511 3628 655 3675 rum,
683 3621 1010 3666 etamarum
1043 3612 1238 3679 dulce;
1289 3613 1495 3667 bonum
1521 3613 1747 3678 malum,
1789 3623 1846 3668 et
1883 3615 2085 3670 malum

511 3703 867 3773 bonum;qui
916 3704 1126 3773 ponitis
1183 3705 1363 3759 lucem
1390 3705 1667 3770 tenebras,
1729 3714 1785 3760 et
1832 3707 2087 3763 tenebras

512 3795 694 3847 lucem
729 3795 795 3847 ".
819 3813 837 3846 ι
871 3795 1042 3864 Igitur
1071 3796 1346 3850 asciscere
1371 3795 1554 3850 denuo
1596 3795 1938 3864 repudiatam
1975 3813 2086 3852 non

509 3887 875 3956 sinit;neque
920 3896 1104 3942 tamen
1150 3887 1394 3942 vicissim
1439 3889 1732 3958 permittit,
1784 3898 1880 3954 ut,
1922 3890 2090 3944 rebus

510 3978 754 4032 nondum
778 3979 1174 4044 condemnatis,
1193 3978 1428 4048 quadam
1456 3979 1800 4050 vituperandi
1830 3980 2089 4035 facilitate

511 4070 766 4141 injuriam
793 4070 1124 4126 inferamus:
1152 4071 1231 4126 sic
1259 4071 1406 4127 enim
1431 4071 1511 4126 ait
1533 4087 1764 4126 rursus:
1800 4091 1816 4120 ε
1836 4069 1994 4138 Quod
2039 4070 2086 4124 si

508 4163 634 4233 quis
682 4164 959 4234 acceperit
1003 4179 1252 4231 uxorem,
1285 4170 1342 4218 et
1393 4163 1728 4218 habitaverit
1764 4178 1889 4216 cum
1918 4177 2004 4225 ea,
2033 4168 2091 4216 et

409 4297 422 4315 ,
507 4254 686 4308 oderit
708 4270 850 4320 eam,
881 4264 938 4309 et
965 4254 1210 4324 imponat
1254 4255 1306 4309 ei
1335 4255 1647 4310 occasionis
1676 4255 1866 4317 verba,
1896 4261 1953 4308 et
1988 4252 2088 4306 de-

509 4347 699 4401 tulerit
721 4364 841 4402 eam
877 4347 945 4402 de
976 4349 1121 4402 malo
1165 4347 1412 4410 nomine,
1464 4355 1520 4400 et
1554 4346 1788 4401 dixerit:
1848 4345 2088 4401 Uxorem

508 4438 650 4492 hanc
687 4438 894 4508 accepi,
930 4448 986 4492 et
1007 4439 1276 4493 accedens
1305 4437 1374 4490 ad
1404 4451 1547 4499 eam,
1591 4452 1702 4489 non
1745 4435 1930 4489 inveni
1971 4435 2092 4504 ejus

2212 603 2380 656 ἐστιν.
2437 621 2455 654 ι
2512 604 2770 670 Αύτόθεν,
2806 606 2961 674 φησὶ,
2989 606 3058 662 τά
3103 607 3328 662 τοιαῦτα
3353 609 3414 662 τὸ
3461 617 3749 687 κατακεκρί-

2216 693 2341 746 σθαι
2370 697 2535 757 νοσεῖ,
2565 696 2662 748 καὶ
2706 695 2840 748 πολὺ
2880 698 2941 749 τὸ
2996 697 3229 762 δυσῶδες
3253 701 3541 771 ἐντετηκὸς
3567 705 3746 771 αὐτοῖς,

2210 785 2612 857 ἀταλαιπώρως
2644 786 2976 856 εὑρίσκεται,
3014 791 3107 842 καὶ
3143 791 3356 860 μακροῦ
3402 793 3533 864 πρὸς
3556 795 3750 866 ἔλεγχον

2208 877 2270 930 ού
2317 877 2499 946 δεήσει
2546 876 2704 945 λόγου
2751 880 2863 941 τοῖς
2895 881 2971 942 εἰς
3002 879 3162 933 τοῦτο
3188 881 3471 952 βδελυρίας
3501 885 3750 956 ἠγμένοις,

2205 965 2282 1030 ὡς
2326 966 2538 1020 οἴκοθεν
2586 967 2731 1037 ἔχειν
2782 969 3012 1039 αἰσχρὰν
3037 969 3180 1024 οὕτω
3206 972 3302 1025 καὶ
3333 973 3540 1045 ἀκαλλῆ
3572 977 3657 1048 τὴν
3678 981 3754 1032 ἰςό⁴

2208 1057 2324 1125 ξαν,
2360 1060 2455 1112 καὶ
2488 1077 2562 1112 πα
2575 1061 2621 1128 ρ’
2656 1060 2828 1129 αὐτῆς
2860 1061 2958 1130 τῆς
2999 1062 3213 1130 φύσεως
3256 1065 3356 1136 τὴν
3385 1068 3617 1137 γραφήν.
3646 1069 3753 1124 Τοι-

2205 1150 2313 1220 γάρ
2359 1165 2439 1202 τοι
2493 1152 2688 1220 παρεὶς
2719 1151 2786 1204 τὰ
2816 1152 3060 1217 τοιαῦτα,
3091 1153 3160 1208 τὰ
3205 1155 3483 1226 συννόμως
3505 1157 3751 1229 δρώμενα,

2203 1241 2298 1294 καὶ
2327 1241 2427 1294 οὐκ
2453 1239 2556 1305 ἐξω
2587 1241 2748 1309 λόγου
2798 1243 3096 1314 βασανίζει,
3129 1245 3300 1314 λέγων
3334 1248 3392 1299 ἐν
3421 1247 3497 1318 τῷ
3523 1251 3754 1323 Δευτερο-

2202 1332 2372 1403 νομίῳ
2396 1345 2409 1359 ⁸
2445 1349 2464 1382 ‹
2507 1333 2630 1386 Ἐἀν
2659 1333 2716 1387 δέ
2759 1352 2843 1397 τις
2877 1335 3015 1407 λάϐῃ
3066 1339 3300 1405 γυναῖκα
3335 1340 3428 1392 καὶ
3483 1343 3757 1416 συνοικήσῃ

2206 1422 2344 1492 αὐτῇ
2365 1440 2376 1454 ·
2406 1423 2500 1477 xai
2524 1422 2696 1486 ἔσται,
2722 1423 2817 1476 ὲάν
2850 1425 2924 1495 μὴ
2949 1425 3085 1497 εὕρῃ
3109 1425 3268 1498 χάριν
3296 1429 3539 1482 ἐναντίον
3573 1431 3722 1484 αύτοῦ
3739 1451 3752 1464 ·

2199 1517 2283 1568 ὅτι
2338 1507 2496 1585 εὗρεν
2531 1517 2588 1570 ἐν
2625 1516 2762 1587 αὐτῇ
2802 1518 3050 1588 ἄσχημον
3084 1521 3349 1591 πρᾶγμα,
3393 1522 3591 1593 γράψει
3628 1526 3755 1596 αὐτῇ

2201 1609 2406 1678 βιϐλίον
2438 1608 2795 1674 ἀποστασίου,
2835 1609 2930 1662 καὶ
2983 1609 3252 1664 ἀποδώσει
3311 1613 3393 1677 εἰς
3434 1613 3536 1679 τάς
3586 1619 3760 1689 χεῖρας

2199 1700 2400 1771 αὐτῆς,
2426 1701 2519 1754 καὶ
2561 1701 2852 1754 ἀποστελεί
2883 1702 3054 1773 αὐτὴν
3111 1705 3176 1756 ἐκ
3217 1704 3318 1774 τῆς
3359 1706 3539 1770 οἰκίας
3583 1708 3752 1762 αὑτοῦ·

2199 1793 2290 1846 καὶ
2313 1792 2407 1844 ἐὰν
2432 1791 2742 1846 ἀπελθοῦσα
2771 1793 2994 1864 γένηται
3032 1793 3186 1864 ἀνδρὶ
3217 1795 3408 1867 ἑτέρῳ,
3439 1798 3538 1850 καὶ
3566 1801 3758 1871 μισήσῃ

2195 1884 2362 1954 αὐτὴν
2393 1883 2532 1954 ἀνὴρ
2560 1884 2588 1936 6
2615 1884 2864 1954 ἔσχατος,
2897 1886 2993 1938 καὶ
3034 1885 3225 1958 γράψῃ
3255 1889 3390 1960 αὐτῇ
3416 1890 3616 1960 βιϐλίον
3635 1892 3761 1944 ἀπο-

2200 1975 2442 2040 στασίου,
2470 1975 2564 2028 καὶ
2585 1974 2732 2049 δώσῃ
2755 1978 2834 2040 είς
2877 1977 2977 2042 τὰς
3028 1981 3216 2050 χεῖρας
3241 1981 3431 2052 αὐτῆς,
3454 1983 3548 2034 καὶ
3577 1983 3763 2047 ἐξαπο-

2199 2067 2385 2140 στείλῃ
2421 2066 2590 2138 αὐτὴν
2632 2069 2697 2121 ἐκ
2723 2067 2822 2138 τῆς
2851 2069 3028 2134 οἰκίας
3061 2069 3252 2135 αὐτοῦ,
3281 2072 3313 2142 ἧ
3347 2076 3440 2126 καὶ
3465 2074 3706 2146 ἀποθάνῃ
3736 2077 3763 2128 6

2197 2157 2335 2228 ἀνὴρ
2377 2158 2544 2227 αὐτῆς
2571 2160 2599 2212 6
2625 2158 2874 2229 ἔσχατος,
2920 2160 2978 2224 ὃς
3019 2159 3212 2214 ἐλαϐεν
3249 2161 3418 2233 αὐτὴν
3467 2163 3644 2234 ἐαυτῷ
3672 2182 3768 2233 γυ-

2198 2252 2383 2312 ναῖκα,
2411 2249 2471 2302 οὐ
2505 2250 2795 2320 δυνήσεται
2825 2251 2853 2302 6
2875 2252 3013 2322 ἀνὴρ
3035 2254 3063 2306 6
3092 2253 3357 2324 πρότερον
3381 2253 3766 2319 ἐξαποστείλας

2197 2340 2386 2409 αὐτὴν,
2420 2341 2834 2410 ἐπαναστρέψας
2861 2341 3049 2400 λαϐεῖν
3099 2345 3269 2414 αὐτὴν
3310 2345 3485 2416 ἐαυτῷ
3515 2349 3767 2415 γυναῖκα,

2200 2430 2337 2503 μετά
2386 2430 2446 2483 τὸ
2488 2430 2776 2502 μιανθῆναι
2806 2432 2996 2503 αὐτὴν,
3026 2433 3108 2486 ὅτι
3133 2433 3410 2505 βδέλυγμά
3437 2437 3588 2488 ἐστιν
3616 2436 3770 2488 ἐναν-

2195 2521 2307 2573 τίον
2352 2520 2556 2591 Κυρίου
2595 2519 2687 2573 τοῦ
2715 2520 2846 2574 Θεοῦ
2882 2539 2999 2584 σου.
3031 2525 3127 2576 καὶ
3151 2524 3211 2576 ού
3259 2526 3490 2595 μιάνητε
3517 2525 3614 2596 τὴν
3643 2525 3768 2596 γῆν,

2196 2611 2262 2679 ἢν
2309 2610 2513 2680 Κύριος
2561 2611 2589 2662 6
2633 2611 2766 2675 Θεὸς
2812 2612 2967 2680 ὑμῶν
2995 2613 3209 2666 δίδωσιν
3253 2615 3472 2684 ὑμῖνέν
3505 2615 3712 2685 κλήρῳ.
3745 2633 3764 2665 ι

2197 2702 2309 2773 Τὴν
2336 2701 2444 2773 γάρ
2483 2704 2568 2756 ἐπ’
2595 2703 2797 2766 αἰτίαις
2818 2703 3061 2772 εὐλόγοις
3087 2705 3280 2776 ἀνδρὸς
3305 2707 3773 2776 διεσχοινισμένην

2197 2793 2292 2845 καὶ
2328 2791 2636 2846 ἀνατλᾶσαν
2667 2793 2820 2864 ὓϐριν
2850 2795 2946 2864 τὴν
2978 2795 3065 2863 ὑφ’
3088 2796 3280 2866 ἑτέρῳ,
3329 2798 3555 2866 γνήσιον
3601 2797 3777 2848 ποιεῖ-

2197 2883 2318 2936 σθαι
2349 2882 2615 2948 σύνοικον,
2650 2885 2750 2938 οὐκ
2796 2885 3057 2954 ἀσφαλὲς,
3090 2887 3288 2957 μᾶλλον
3318 2887 3374 2940 δὲ
3416 2889 3510 2941 καὶ
3535 2886 3773 2940 εἰσάπαν

2199 2974 2428 3045 ἀμαθές.
2463 2993 2481 3026 ι
2505 2975 2563 3028 '0
2594 2974 2702 3046 γὰρ
2733 2977 3000 3046 κατέχων,
3040 2978 3193 3048 φησὶ,
3235 2977 3537 3050 μοιχαλίδα.
3582 2979 3778 3050 ἄφρων

2196 3067 2291 3120 καὶ
2314 3067 2570 3138 ἀσεϐής.»
2621 3068 2831 3140 ’Ὠσπερ
2873 3069 2930 3122 δὲ
2976 3071 3283 3140 ἁποφάσκει
3347 3072 3461 3133 τοῖς
3512 3069 3780 3140 ἐμφανῶς

2194 3158 2439 3228 αἰσχροῖς
2478 3157 2572 3210 καὶ
2608 3159 2994 3229 ἀναμφιϐόλως
3032 3161 3518 3230 κατεγνωσμένοις,
3579 3161 3646 3214 τὸ
3687 3163 3786 3228 ἐφ-

2193 3248 2415 3318 ήδεσθαι
2445 3249 2574 3315 δεῖν,
2595 3250 2740 3304 οὕτω
2757 3250 2821 3320 δὴ
2841 3251 3000 3304 πάλιν
3026 3253 3126 3305 οὐκ
3153 3253 3217 3323 ἐᾷ
3245 3251 3314 3304 τά
3351 3254 3520 3323 σεμνά
3553 3252 3784 3307 διαϐάλ-

2188 3339 2322 3403 λειν,
2374 3339 2451 3403 ὡς
2500 3341 2732 3411 ἄσεμνα.
2784 3343 2872 3396 Ἐν
2925 3342 3024 3412 ῐσῳ
3052 3343 3160 3414 γὰρ
3205 3344 3590 3415 πλημμελείας
3633 3345 3789 3416 λόγῳ

2189 3431 2432 3484 κείσεται
2455 3431 2514 3484 τὸ
2537 3431 2924 3503 φιλοστοργίας
2973 3435 3179 3501 ἀξιοῦν,
3213 3435 3240 3487 6
3281 3435 3502 3504 φεύγειν
3524 3436 3785 3506 ἄμεινον,

2190 3523 2285 3576 καὶ
2315 3522 2376 3574 τὸ
2410 3522 2702 3586 διαθέσεως
2734 3526 3083 3596 ἀποστερεῖν,
3111 3526 3139 3579 6
3169 3526 3556 3598 παραιτεῖσθαι
3591 3527 3790 3596 φόϐος.

2200 3634 2218 3666 ‹
2248 3614 2384 3669 Ούαὶ
2417 3614 2544 3685 γὰρ,
2571 3617 2756 3686 φησὶν,
2791 3618 2840 3669 oi
2885 3617 3132 3685 λέγοντες
3154 3618 3213 3670 τὸ
3235 3619 3405 3686 γλυκὺ
3433 3619 3672 3691 πικρὸν,
3693 3619 3793 3672 καὶ

2192 3707 2252 3760 τὺ
2285 3706 2480 3778 πικρὸν
2505 3705 2708 3776 γλυκύο
2740 3707 2802 3761 τὸ
2831 3709 2994 3762 καλὸν
3035 3710 3292 3780 πονηρὸν,
3324 3711 3418 3764 xai
3443 3711 3504 3764 τὸ
3534 3710 3796 3782 πονηρὸν

2191 3797 2382 3850 καλόψ
2437 3798 2487 3850 οἰ
2537 3797 2776 3861 τιθέντες
2811 3799 2873 3850 τὸ
2927 3800 3044 3868 φῶς
3083 3801 3290 3864 σκότος,
3335 3801 3429 3854 καὶ
3469 3802 3534 3854 τὸ
3591 3802 3798 3864 σκότος

2190 3889 2358 3957 φῶς.»
2391 3887 2598 3942 Οὐκοῦν
2615 3888 2970 3944 εἰσποιεῖσθαι
2996 3891 3095 3961 μὲν
3117 3892 3198 3955 εἰς
3228 3888 3384 3956 αὖθις
3405 3892 3502 3962 τὴν
3535 3910 3801 3962 γεγενη-

2193 3977 2359 4048 μένην
2392 3977 2758 4048 ἀπόπεμπτον
2813 3980 2913 4032 οὐκ
2964 3982 3050 4052 ἐᾷ,
3103 3980 3228 4035 οὔτε
3286 3982 3390 4053 μὴν
3419 3982 3617 4054 ἐφίησι
3676 3987 3803 4048 τοῖς

2189 4070 2341 4123 οὔπω
2369 4071 2838 4142 κατεγνωσμένοις
2877 4071 2946 4124 τὰ
2983 4073 3046 4125 ἐκ
3071 4072 3381 4142 φιλολογίας
3408 4075 3806 4147 ἐπιφέρεσθαι

2192 4162 2386 4232 βλάϐη.
2418 4163 2563 4232 Ἔφη
2587 4162 2643 4214 δὲ
2667 4162 2810 4216 οὓτω
2833 4162 3012 4216 πάλιν·
3043 4182 3060 4214 ι
3085 4162 3210 4217 Ἐἀν
3233 4163 3288 4216 δέ
3316 4180 3399 4226 τις
3414 4163 3558 4237 λάϐῃ
3593 4170 3806 4234 γυναῖ-

2189 4271 2282 4320 κα,
2315 4255 2410 4306 καὶ
2435 4256 2731 4328 συνοικήσῃ
2757 4255 2915 4326 αὐτῇ,
2941 4255 3036 4309 καὶ
3068 4257 3271 4326 μισήσῃ
3302 4255 3492 4326 αὐτὴν,
3523 4260 3633 4311 καὶ
3669 4259 3808 4312 ἐπι-

2190 4343 2254 4414 θῇ
2285 4345 2423 4415 αὐτῇ
2465 4347 2927 4416 προφασιστικοὺς
2959 4345 3169 4414 λόγους,
3198 4345 3292 4400 καὶ
3337 4345 3665 4420 κατενέγκῃ
3697 4348 3809 4400 αὑ-

2189 4435 2288 4504 τῆς
2336 4435 2506 4505 ὄνομα
2537 4436 2792 4508 πονηρὸν,
2839 4438 2933 4491 καὶ
2969 4437 3126 4508 λέγῃ.
3157 4437 3268 4507 Τὴν
3294 4439 3527 4504 γυναῖκα
3564 4437 3810 4508 ταύτην

507 4530 836 4600 virginalia:
869 4537 924 4583 et
941 4531 1219 4598 accipiens
1237 4539 1396 4598 pater
1417 4527 1614 4596 puellae
1639 4534 1695 4580 et
1720 4536 1918 4590 mater,
1954 4540 2084 4594 pro-

2195 4524 2412 4596 εἴληφα,
2443 4525 2538 4578 καὶ
2581 4525 2896 4596 προσελθὼν
2925 4527 3063 4597 αὐτῇ
3103 4527 3200 4596 οὐχ
3239 4525 3450 4598 εὕρηκα
3487 4527 3686 4598 αὐτῆς
3731 4529 3814 4581 τὰ

523 4621 737 4675 ducent
766 4621 1054 4690 virginalia
1088 4620 1283 4688 puellae
1312 4619 1383 4672 ad
1416 4627 1667 4672 senatum
1726 4617 1783 4670 in
1832 4625 2048 4686 portam
2075 4657 2089 4681 ,

2195 4615 2488 4686 παρθένια·
2515 4617 2610 4670 καὶ
2641 4615 2821 4669 λαϐὼν
2850 4618 2880 4668 6
2906 4617 3089 4687 πατὴρ
3112 4617 3210 4688 τῆς
3236 4617 3424 4680 παιδὸς
3451 4618 3546 4670 καὶ
3596 4621 3639 4689 ἡ
3693 4621 3818 4691 μή-

506 4721 565 4765 et
605 4710 753 4764 dicet
819 4720 975 4779 pater
1036 4709 1232 4778 puellae
1274 4708 1342 4762 ad
1394 4718 1675 4762 senatum:
1728 4707 1921 4760 Filiam
1950 4707 2093 4762 hanc

2195 4724 2323 4778 τηρ,
2359 4707 2627 4771 ἐξοίσουσι
2673 4707 2744 4760 τὰ
2791 4707 3059 4778 παρθένια
3103 4707 3204 4777 τῆς
3255 4709 3440 4771 παιδὸς
3483 4709 3642 4780 πρὸς
3697 4712 3818 4780 τὴν

516 4814 696 4852 meam
722 4798 848 4852 dedi
881 4798 1091 4852 homini
1131 4797 1262 4851 huic
1294 4811 1557 4860 uxorem;
1611 4804 1668 4851 et
1700 4811 1824 4850 cum
1853 4796 1928 4850 illi
1965 4796 2093 4850 odio

2195 4808 2479 4878 γερουσίαν
2511 4807 2601 4858 ἐπὶ
2625 4805 2722 4875 τὴν
2755 4805 2952 4876 πύλην,
2973 4807 3065 4859 καὶ
3095 4807 3213 4877 ἐρεῖ
3239 4809 3268 4860 6
3299 4807 3480 4878 πατὴρ
3509 4808 3626 4877 τῆς
3666 4827 3820 4862 παι-

507 4900 677 4955 csset,
719 4906 866 4944 nunc
894 4890 1007 4960 ipse
1034 4889 1268 4958 imponit
1292 4889 1369 4943 illi
1398 4887 1704 4943 occasionis
1756 4889 1948 4953 verba,
2003 4890 2089 4944 di-

2195 4908 2275 4970 δὸς
2298 4909 2362 4978 τῇ
2391 4906 2681 4978 γερουσίᾳ’
2717 4907 2826 4977 Τὴν
2855 4906 3130 4978 θυγατέρα
3181 4924 3282 4978 μου
3314 4909 3516 4979 ταύτην
3559 4908 3822 4963 δέδωκα.

506 4997 671 5036 cens:
713 4982 832 5037 Non
864 4981 1047 5034 inveni
1079 4979 1202 5034 ﬁliae
1243 4989 1348 5034 tuae
1373 4979 1686 5050 virginalia:
1726 4989 1781 5035 et
1802 4996 1929 5035 ecce
1960 4979 2077 5035 vir-

506 5068 708 5137 ginalia
733 5068 857 5122 ﬁlia:
896 5083 1049 5122 meae.
1096 5067 1162 5123 Et
1205 5069 1559 5137 explicabunt
1585 5069 1808 5138 pallium
1855 5070 1911 5124 in
1944 5085 2078 5124 con-

507 5166 695 5226 spectu
729 5166 951 5212 senatus
984 5158 1222 5213 civitatis
1263 5159 1444 5225 illius;
1489 5167 1545 5214 et
1567 5160 1799 5228 accipiet
1856 5169 2079 5215 senatus

505 5248 747 5303 civitatis
767 5247 914 5303 illius
939 5249 1216 5305 hominem
1251 5251 1426 5315 illum,
1450 5259 1506 5305 et
1532 5251 1904 5306 verberabunt
1926 5267 2075 5317 eum,

438 5384 443 5395 τ
505 5345 669 5405 atque
713 5337 1026 5394 multabunt
1081 5347 1302 5394 centum
1361 5341 1541 5405 siclis;
1591 5353 1648 5394 et
1693 5340 1900 5394 dabunt
1939 5341 2082 5410 patri

505 5426 946 5494 adolescentulm,
983 5432 1110 5500 quia
1136 5432 1368 5501 protulit
1406 5413 1606 5486 nomen
1658 5432 1860 5485 malum
1913 5447 2080 5500 super

507 5514 720 5584 virgine
738 5515 1076 5583 lsraelitide;
1107 5528 1163 5572 et
1191 5519 1364 5589 ipsius
1389 5520 1497 5574 erit
1534 5535 1706 5585 uxor;
1735 5536 1846 5574 non
1879 5520 2081 5590 poterit

504 5604 788 5661 dimittere
825 5622 942 5662 eam
971 5621 1237 5680 perpetuo
1272 5621 1517 5681 tempore
1545 5611 1610 5663 “.
1638 5630 1655 5662 ›
1690 5611 1861 5666 Audis
1886 5611 2076 5681 igitur,

2183 5009 2263 5078 τῷ
2292 5007 2565 5080 ἀνθρώπῳ
2593 5009 2766 5080 τούτῳ
2787 5012 3040 5080 γυναῖκα,
3077 5010 3175 5064 καὶ
3206 5012 3442 5082 μισήσας
3463 5010 3660 5082 αὐτὴν
3700 5011 3821 5066 νῦν

2183 5103 2357 5173 οὗτος,
2405 5109 2714 5181 ἐπιτίθησιν
2745 5111 2881 5183 αὐτῇ
2922 5112 3388 5181 προφασιστικοὺς
3442 5111 3686 5179 λόγους,
3719 5113 3825 5167 λέ-

2192 5225 2329 5277 γων,
2384 5208 2496 5280 Οὐχ
2530 5209 2744 5282 εὕρηκα
2789 5214 2855 5282 τῇ
2897 5211 3126 5284 θυγατρί
3177 5228 3270 5265 σου
3319 5210 3637 5282 παρθένιοιο
3713 5215 3831 5268 καὶ

2187 5307 2361 5362 ταῦτα
2383 5309 2453 5363 τὰ
2483 5308 2754 5380 παρθένια
2785 5310 2886 5379 τῆς
2914 5309 3188 5381 θυγατρός
3227 5328 3348 5379 μου.
3378 5311 3491 5363 Καὶ
3527 5311 3834 5366 ἀναπτύ-

2189 5404 2336 5469 ξουσι
2364 5408 2424 5460 τὸ
2448 5407 2661 5478 ἱμάτιον
2681 5409 2920 5463 ἐναντίον
2950 5410 3048 5479 τῆς
3077 5410 3365 5480 γερουσίας
3398 5411 3496 5480 τῆς
3532 5387 3834 5477 πόλεως,

2188 5507 2280 5559 καὶ
2311 5505 2541 5577 λήψεται
2574 5509 2606 5576 ἡ
2649 5508 2908 5580 γερουσία
2940 5510 3040 5577 τῆς
3069 5507 3277 5568 πόλεως
3307 5507 3520 5576 ἐκείνης
3558 5507 3682 5560 τὸν
3717 5511 3838 5562 ἅνα-

2663 5789 2832 5843 “lsa.
2876 5785 3038 5852 17,20.
3122 5785 3165 5817 ⁶¹
3191 5785 3347 5840 Deut.
3380 5801 3510 5851 χιιι,
3583 5782 3834 5857 1549,

615 5779 664 5811 ³³
691 5780 869 5838 Levit.
906 5799 1057 5850 xvm,
1102 5784 1287 5841 20—32.
1382 5788 1426 5820 ⁸⁹
1453 5788 1614 5842 Deut.
1638 5803 1780 5852 xxiv,
1812 5787 1928 5840 1-4.
2031 5788 2075 5818 ⁸ο

2195 5805 2274 5843 ov.
2300 5805 2448 5853 xvm,
2474 5788 2561 5842 ‘22.

2189 5607 2405 5678 θρωπον
2424 5610 2647 5676 ἐκεῖνον,
2685 5609 2780 5662 καὶ
2810 5607 3190 5661 παιδεύσουσιν
3221 5607 3406 5674 αὑτὸν,
3437 5606 3528 5660 καὶ
3551 5603 3839 5678 ζημιώ-

3957 2285 3968 2317 ᾗ

3960 2389 3969 2410 ι

3959 3849 3964 3866 ἱ

3957 2285 3968 2317 ,

3960 2364 3970 2410 ἑ

3958 2453 3969 2499 ἀ

3932 2699 3945 2978 ι
3967 2919 3972 2936 .

3937 3053 3975 3354 ἰᾷ

3976 3503 3979 3511 λ

3975 4469 3991 4769 l

3988 4931 3992 5010 Ι
