4118 6468
69 2954 85 2989 ιδ

69 3046 89 3080 Ν

69 3138 93 3184 ις

69 3234 99 3284 ᾗ,

69 3311 101 3362 λ.

69 3421 105 3473 Ἦ

69 3516 107 3557 νδ,

69 3607 109 3652 3;.

69 3681 113 3737 ul

69 3778 115 3849 ὧν

69 3882 119 3929 τις

69 3982 120 4031 ni.

69 4058 124 4115 rit

70 4153 127 4206 θαι

69 4244 130 4301 ναῖε

69 4352 131 4396 :1?

77 4427 136 4484 τε.

276 435 392 495 535

276 564 472 604 σουσιν
497 543 662 601 αὑτὸν

273 641 382 712 τῆς
412 637 678 699 νεάνιδος,
711 633 795 686 ὅτι
826 626 1121 699 ἐξήνεγκεν
1150 620 1327 691 ὄνομα
1354 614 1589 712 πονηρὸν
1733 627 1879 712 παρ-

274 703 438 788 θένον
472 725 822 801 ’1σραηλίτιν,
860 719 955 774 καὶ
998 713 1167 772 αὑτοῦ
1209 713 1364 801 ἔσται
1400 709 1564 779 γυνή.
1608 703 1883 801 Οὐ-δυνή-

278 841 441 877 σεται
471 795 852 886 ἐξαποστεῖλαι
875 809 1047 882 αὐτὴν
1061 808 1152 863 τὸν
1165 795 1381 862 ἅπαντα
1401 801 1611 874 χρόνον.
1642 817 1662 851 ›
1689 795 1883 866 Συνίης

281 910 381 968 οὖν
410 916 561 974 ὅπως
587 911 687 964 οὐκ
723 904 959 977 ἀζήμιον
988 896 1269 960 παντελῶς
1307 889 1747 948 ἀπαλλάττεσθαι
1772 888 1884 941 δεῖν

282 1005 375 1059 τοῦ
401 1002 704 1074 συνεδρίου,
738 994 1079 1070 προστέταχε
1113 991 1207 1044 τὸν
1231 988 1436 1049 ἀδίκως
1460 983 1886 1074 ὀλιγωρήσαντα

283 1095 383 1164 τῆς
423 1069 582 1145 οὔπω
615 1069 1096 1156 κατεγνωσμένης.
1126 1079 1340 1151 Χρῆναι
1387 1074 1498 1146 γὰρ
1537 1069 1693 1144 οἶμαι
1724 1087 1889 1164 ,πε-ρι-

228 1189 235 1193 ’
281 1161 443 1239 ἐπειν
471 1180 530 1237 εὖ
561 1180 706 1252 μάλα
736 1177 799 1231 τὸ
823 1173 1029 1244 ἀγαθὸν
1056 1169 1154 1241 (1),
1184 1168 1278 1223 καὶ
1304 1167 1380 1239 μὴ
1401 1164 1678 1236 ωικὸρως
1710 1161 1888 1215 τεσθαι

281 1276 423 1345 πρὸς
457 1273 518 1326 τὺ
561 1251 754 1323 δοκοῦν
807 1265 870 1319 τὸ
905 1262 1104 1332 σεμνὸν
1141 1259 1217 1323 ὡς
1261 1259 1500 1328 ἄσεμνον
1533 1251 1890 1322 συκοφαντεῖν

284 1342 630 1440 ᾑρημένους*
666 1358 966 1431 πειρᾶσθαι
1016 1354 1088 1409 δὲ’
1125 1351 1326 1424 μᾶλλον
1371 1347 1557 1411 αἰδοῦς
1586 1344 1792 1440 ἀξιοῦν,
1829 1342 1892 1440 τὸ

491 1451 852 1526 προσκεῖσθαι
904 1445 1075 1517 καλῷ,
1106 1445 1204 1499 καὶ
1235 1445 1350 1507 τοῖς
1399 1440 1646 1512 ἀρίστοις
1693 1437 1774 1501 εἰς
1807 1435 1893 1489 εὐ·

287 1644 460 1716 μέσου
491 1640 600 1693 τῶν
651 1633 1000 1708 πραγμάτων
1026 1629 1261 1702 ἀκηδίας
1292 1626 1368 1698 (9.)
1409 1626 1471 1679 ού
1507 1622 1890 1716 προσιέμενος,

279 1713 378 1788 τὸν
415 1732 502 1801 ἐφ’
529 1726 614 1792 οἷς
661 1728 727 1784 ἂν
762 1727 976 1797 γένοιτο
1011 1721 1193 1785 καλῶς
1243 1717 1608 1790 ἀποπεραίνει
1667 1713 1891 1768 σκοπόν.

283 1829 416 1882 ’Ὁτι
467 1826 527 1880 δὲ
578 1820 721 1878 εἶναι
768 1820 1040 1892 προσήκει
1095 1814 1373 1876 τοιούτους
1422 1812 1569 1883 ἡμᾶς
1628 1807 1894 1880 ὑπεδήλου

285 1916 458 1972 πάλιν
533 1917 563 1968 ὁ
637 1884 827 1983 νόμος,
872 1884 1177 1977 ὑποψωνῶν
1209 1921 1223 1935 ·
1269 1922 1288 1955 ι
1340 1901 1469 1956 Ἐὰν
1523 1898 1892 1970 οἰκοδομήσης

2004 1885 2135 1941 lario
2201 1894 2299 1941 tuo
2342 1903 2356 1938 :

282 2010 474 2064 οἰκίαν
524 2005 741 2077 καινὴν,
779 2003 1028 2072 ποιήσεις
1078 1997 1351 2068 στεφάνην
1383 1992 1462 2066 τῷ
1507 1991 1720 2064 δώματι
1775 2008 1890 2046 σου.

279 2102 403 2156 Καὶ
439 2101 503 2154 οὐ
537 2099 786 2169 ποιήσεις
833 2094 996 2165 φόνον
1044 2093 1103 2145 ὲν
1156 2092 1225 2162 τῇ
1261 2087 1411 2160 οἰκίᾳ
1453 2102 1569 2151 σου,
1618 2082 1715 2137 ἐὰν
1750 2082 1894 2155 πέσῃ

285 2198 322 2249 ὁ
384 2192 571 2247 πεσὼν
625 2190 713 2243 ἐπ’
757 2185 946 2242 αὑτοῦ.
1002 2202 1023 2238 ι
1062 2183 1273 2254 Ὥσπερ
1303 2179 1414 2250 γάρ
1466 2178 1617 2231 ἐστιν
1652 2172 1898 2245 ἁκαλλὴς

275 2288 439 2344 οἰκία
508 2285 716 2345 ταινίας
761 2282 967 2352 ἐρήμη,
1024 2275 1119 2330 καὶ
1180 2271 1288 2326 τῶν
1359 2265 1761 2340 ὑστεροδομιων
1796 2264 1898 2317 οὐκ

274 2376 753 2450 ἐπενηνεγμένων
807 2372 947 2443 αὐτῇ
978 2411 994 2436 ,
1035 2368 1127 2422 τὸν
1181 2363 1366 2429 αὐτὸν,
1432 2357 1611 2433 οἶμαι,
1654 2357 1894 2450 τρόπον,

270 2446 560 2528 ἀπίθανον
588 2465 787 2538 κομιδῆ
819 2464 929 2517 πᾶν
957 2462 1117 2533 ἔργον
1151 2459 1284 2529 ἡμῖν
1315 2454 1543 2524 ἀγαθὸν,
1573 2452 1622 2505 εἰ
1651 2451 1728 2522 μὴ
1757 2446 1899 2521 πρὸς

275 2568 471 2639 πέρας
505 2564 690 2633 ἄγοιτο
718 2560 779 2615 τὸ
808 2557 1021 2630 πρέπον
1047 2551 1218 2623 αὐτῷ’
1256 2551 1351 2604 καὶ
1381 2548 1443 2601 ού
1481 2541 1896 2639 μέχρι-τούτων,

268 2632 411 2714 ἀλλ’
444 2656 637 2727 ἕψεται
655 2653 770 2716 τοῖς
807 2647 1114 2722 ῥᾳθυμοῦσι
1137 2644 1234 2699 καὶ
1261 2640 1530 2704 κίνδυνος.
1562 2634 1735 2691 Τοῦτο
1765 2632 1896 2727 γᾷρ,

961 418 1053 476 DE
1088 407 1534 472 ADORATIONE
1572 405 1641 462 IN
1676 400 1900 461 SPlRlT

2004 397 2080 454 ET
2119 395 2489 455 VERITATE.
2532 394 2660 450 LIB.
2702 392 2838 449 VIII.

691 536 888 595 ἑκατὸν
920 533 1162 597 σίκλους,
1193 527 1292 583 καὶ
1317 526 1551 579 δώσουσι
1590 519 1669 591 τῷ
1709 516 1878 588 πατρὶ

2004 509 2451 582 juemadmodum
2473 506 2859 578 haudimpune
2886 502 3092 560 dimitti
3126 519 3157 558 a
3197 501 3438 559 concilio
3451 506 3576 578 jus-

3459 386 3568 446 586

1983 602 2142 667 serit,
2172 601 2427 671 quisquis
2448 600 2652 671 injuria
2693 597 2943 654 nondum
2973 595 3396 652 condemnatam
3439 612 3576 652 con-

1985 692 2343 764 tempsisset?
2373 691 2473 749 Est
2495 691 2646 746 enim
2671 690 2946 762 probitas,
2973 706 3097 745 mea
3123 691 3420 758 sententia,
3446 690 3579 747 dili-

1984 785 2309 859 gentissime
2363 784 2785 854 amplectenda,
2812 798 2993 854 neque
3025 770 3137 839 cito
3186 783 3445 840 satietate
3490 798 3585 840 ca-

1986 887 2114 950 ptos
2128 878 2189 935 id
2215 877 2375 948 sequi
2419 883 2660 947 oportet,
2686 876 2835 946 quod
2874 876 3094 931 libitum
3127 870 3321 944 fuerit,
3370 894 3435 934 ac
3463 894 3579 934 rem

1988 972 2305 1034 honestam,
2360 976 2624 1038 tanquam
2677 967 3028 1024 inhonestam
3062 970 3433 1039 calumniari;
3486 954 3623 1028 sed.

1990 1063 2180 1135 potius
2202 1059 2553 1125 enitendum,
2598 1066 2660 1113 ut
2691 1058 2949 1114 omnibus
2971 1062 3253 1131 praeclaris
3294 1062 3464 1118 rebus
3484 1063 3583 1118 ad—

1994 1157 2232 1221 haerere,
2282 1163 2340 1210 et
2380 1170 2507 1209 cum
2557 1153 2627 1209 iis
2671 1169 2794 1224 qua:
2820 1152 2889 1208 ad
2912 1153 3133 1210 laudem
3178 1156 3588 1213 conciliandam

1992 1244 2626 1316 suntprzestantissima,
2666 1245 3127 1302 consuetudinem
3180 1247 3427 1314 habere,
3460 1250 3588 1319 plu—

1993 1337 2119 1393 rimi
2142 1337 2453 1403 faciamus;
2490 1350 2621 1391 nam
2670 1335 2766 1406 qui
2809 1336 3057 1404 taedium,
3106 1339 3254 1408 quod
3301 1339 3359 1393 in
3402 1340 3591 1395 medio

1994 1431 2277 1486 actionum
2299 1443 2468 1484 cursu
2506 1443 2627 1489 sese
2652 1428 2956 1499 interponit
2982 1429 3210 1485 minime
3231 1430 3495 1499 admittit,
3519 1433 3589 1500 is,

1995 1538 2361 1596 quascunque
2395 1536 2487 1577 res
2534 1521 2776 1594 agendas
2800 1524 3133 1594 susceperit,
3170 1526 3404 1596 optime,
3439 1526 3592 1596 quod

1996 1616 2105 1672 sibi
2122 1613 2434 1687 proposuit,
2463 1613 2731 1669 absolvet.
2762 1614 2898 1670 Esse
2929 1622 3120 1672 autem
3137 1632 3242 1673 nos
3267 1617 3406 1673 tales
3428 1633 3596 1689 opor-

1998 1718 2156 1772 tere,
2218 1707 2310 1762 lex
2357 1705 2552 1761 eadem
2610 1720 2807 1761 rursus
2841 1705 3112 1763 indicavit
3160 1707 3439 1763 clamans:
3492 1706 3594 1765 «Si

1996 1796 2358 1853 aediﬁcaveris
2400 1796 2627 1853 domum
2684 1812 2920 1865 novam,
2973 1798 3145 1857 facies
3199 1815 3463 1856 coronam
3501 1816 3596 1856 δοι-

2419 1893 2477 1940 et
2519 1900 2630 1940 non
2680 1884 2853 1943 facies
2901 1887 3109 1951 aedem
3155 1887 3215 1944 in
3255 1887 3423 1944 domo
3476 1882 3594 1956 tua,

2001 1975 2048 2030 si
2103 1975 2381 2047 quispiam
2450 1975 2703 2034 cadendo
2768 1977 3039 2036 ceciderit
3102 1979 3175 2037 ab
3240 1994 3310 2037 eo
3359 1982 3425 2038 θ’.
3459 2000 3477 2034 ι
3524 1982 3600 2040 Ut

2002 2069 2151 2123 enim
2218 2070 2420 2126 domus
2489 2085 2699 2126 corona
2762 2085 3000 2139 carens,
3063 2079 3124 2128 et
3176 2071 3414 2147 fastigiis
3484 2090 3598 2130 non

2004 2164 2279 2234 impositis
2304 2206 2319 2231 ,
2365 2164 2630 2222 deformis
2695 2172 2824 2234 est;
2881 2167 2963 2222 sic
3015 2165 3208 2224 itidem
3276 2168 3442 2240 285
3494 2169 3598 2224 ah-

2003 2259 2234 2315 surdum
2286 2274 2418 2314 sane
2466 2266 2553 2315 est
2612 2274 2778 2316 omne
2828 2267 3086 2316 nostrum
3127 2275 3270 2332 opus
3337 2261 3547 2317 bonum
3577 2298 3598 2327 ,

2004 2350 2112 2406 nisi
2142 2351 2210 2406 ad
2241 2350 2407 2408 ﬁnem
2438 2352 2544 2407 sibi
2569 2352 2993 2409 convenientem
3014 2352 3389 2424 perducatur;
3416 2366 3603 2424 neque

2004 2461 2140 2501 vero
2177 2445 2284 2501 hac
2324 2445 2381 2500 in
2419 2461 2481 2501 re
2510 2447 2730 2519 jactura
2777 2445 3068 2513 consistet,
3111 2445 3211 2502 sed
3257 2445 3604 2519 negligentes

2004 2538 2174 2593 etiam
2204 2537 2516 2609 periculum
2548 2547 2927 2610 consequetur
2958 2556 2973 2594 :
3004 2539 3113 2595 hoc
3138 2538 3290 2594 enim
3330 2546 3438 2605 est,
3477 2539 3603 2610 opi-

2005 2643 2130 2696 nor,
2157 2629 2271 2684 labi
2301 2629 2545 2701 aliquem
2574 2645 2644 2686 ex
2678 2629 2866 2687 domo.
2909 2649 2928 2682 ‹
2970 2629 3066 2687 Vat
3102 2630 3276 2697 enim,
3317 2650 3336 2683 ι
3397 2630 3601 2702 inquit,

282 2720 500 2824 οἶμαι,⁷
519 2749 637 2802 ἐστι
669 2745 731 2800 τὸ
749 2720 1090 2799 κατολισθεῖν
1124 2740 1188 2791 ὲκ
1209 2736 1310 2807 τῆς
1342 2732 1532 2824 οἰκίας
1558 2729 1701 2824 τινά.
1764 2726 1902 2824 (luat

2014 2740 2034 2773 ι
2067 2722 2163 2792 qui
2186 2720 2372 2777 facitis
2413 2738 2552 2793 opus
2574 2722 2674 2778 Dei
2702 2720 3063 2795 negligenter
3082 2722 3148 2778 “.
3192 2743 3212 2775 ι
3245 2720 3607 2795 Quampluri-

282 2813 431 2915 γάρ,
447 2813 707 2911 ι’φησὶνμ
741 2839 789 2890 οἱ
821 2832 1100 2894 ποιοῦντες
1119 2830 1180 2883 τὸ
1201 2826 1471 2901 ἒργονηΚυ
1482 2822 1598 2893 ρίου
1622 2816 1894 2915 ὰμελῶς,›

2008 2814 2115 2869 mis
2150 2813 2322 2886 igitur
2354 2814 2462 2870 viis
2498 2816 2587 2870 lex
2623 2813 2695 2870 ad
2732 2814 2791 2870 id
2848 2813 2998 2886 quod
3041 2813 3289 2887 expedit,
3326 2831 3432 2872 nos
3472 2831 3605 2888 per-

283 2906 398 2992 Διά
431 2906 643 3006 μυρίων
665 2926 759 2984 οὖν
790 2929 932 2982 ὅσων
965 2926 995 2978 ὁ
1026 2925 1190 2994 νόμος
1220 2922 1368 2993 ἡμᾶς
1397 2915 1728 2988 ἁποκομίζει
1764 2912 1903 3006 πρδς

2009 2906 2165 2963 ducit
2192 2925 2205 2961 :
2231 2916 2288 2963 et
2328 2922 2512 2965 escam
2545 2906 2772 2979 quidem
2808 2908 3060 2965 nondum
3096 2907 3331 2980 apponit
3358 2908 3481 2965 viro
3516 2909 3606 2964 di-

282 3030 353 3085 τὺ
388 2998 690 3098 συμξρέρον.
727 3021 835 3076 Καὶ
867 3018 1076 3092 τροφὴν
1108 3017 1207 3088 μὲν
1246 3013 1400 3068 οῦπω
1430 3008 1770 3083 παρατίθησι
1802 3005 1902 3078 τὴν

2009 3012 2171 3068 gnam
2198 3007 2255 3053 et
2291 2998 2546 3063 solidam,
2592 2998 2692 3054 sed
2723 2998 2865 3054 lacte
2899 2999 3310 3070 quodammodo
3343 3007 3608 3071 tanquam

284 3087 757 3193 ἀνδρσπρεπῆπε
785 3113 881 3167 καὶ
908 3087 1317 3181 στερεωτέραν,
1348 3104 1584 3174 γάλακτι
1612 3100 1672 3155 δὲ
1707 3099 1901 3193 ὥσπερ

2009 3088 2193 3144 adhuc
2217 3087 2477 3155 infantes,
2514 3088 2771 3145 homines
2808 3089 2937 3145 illos
2964 3097 3187 3147 veteres
3227 3091 3426 3158 nutrit,
3466 3106 3608 3162 pau-

284 3174 725 3287 ῦηπιίουςόντας
774 3174 1120 3272 παιδοκομεῖ,
1160 3174 1288 3262 τοὺς
1340 3193 1745 3287 ἀρχαιοτέρους
1786 3189 1903 3243 δια-

2009 3174 2165 3234 latim
2192 3180 2507 3250 provehens
2530 3180 2600 3235 ad
2639 3178 2853 3236 Christi
2878 3179 3226 3253 mysterium.
3257 3181 3393 3238 Esse
3421 3190 3609 3238 autem

283 3267 546 3366 cfea.ch
594 3267 738 3353 κατᾶ
786 3295 963 3368 βραχὺ
1176 3291 1237 3345 τὸ
1286 3285 1526 3362 Χριστοῦ
1576 3284 1901 3370 μυστήριον.

2005 3267 2183 3339 legem
2220 3268 2588 3338 spiritualem,
2615 3278 2694 3341 et,
2732 3269 2881 3340 quod
2916 3269 2987 3325 ad
3026 3268 3282 3325 umbram
3314 3277 3373 3326 et
3403 3270 3609 3343 ﬁguras

288 3360 572 3464 Ὅτι-γὰρ
606 3360 978 3461 πνευματικά
1020 3360 1064 3439 ὁ-
1095 3385 1282 3461 νρμος,
1317 3360 1413 3435 καὶ
1450 3380 1574 3433 ὅσον
1622 3378 1719 3449 μὲν
1769 3369 1904 3448 ἧκεν

2006 3360 2226 3427 attinet,
2257 3361 2665 3431 quodammodo
2713 3360 2864 3418 haud
2912 3363 3277 3431 esculentam,
3324 3364 3507 3435 neque
3538 3364 3609 3419 ad

284 3494 377 3554 είς
412 3488 575 3542 σκιὰν
607 3485 703 3539 καὶ
733 3482 961 3545 τύπους,
994 3478 1158 3532 οἱονεί
1188 3494 1305 3540 πως
1333 3476 1437 3528 οὐκ
1468 3471 1759 3542 ἐδώδιμος,
1780 3468 1906 3525 οὔτε

293 3587 415 3659 μὴν
452 3581 749 3648 ἀναγκαῖος
782 3578 864 3639 εἰς
897 3568 1279 3642 πνευματικὴν
1322 3566 1389 3622 ἂν
1421 3566 1634 3635 γένοιτο
1672 3563 1905 3659 τροιρὴν,

287 3650 462 3729 ἔσται
491 3671 548 3725 δὲ
574 3667 839 3730 τοιοῦτος,
878 3665 928 3717 εἰ
962 3662 1094 3732 γοῦν
1130 3655 1562 3731 μεταπλάττοιτο
1591 3652 1729 3725 πρὸς
1771 3650 1908 3705 θεω-

293 3768 432 3842 ρίαν
473 3759 880 3831 εὐαγγελικὴν,
926 3754 1024 3809 καὶ¹
1060 3755 1141 3815 είς
1191 3751 1253 3803 τὸ
1296 3745 1536 3842 Χριστοῦ
1583 3744 1905 3842 μυστήριρν,

292 3837 567 3930 συνήσεις
589 3850 649 3909 εὖ
681 3852 827 3925 μάλα
857 3845 1198 3921 γεγραφότος
1225 3842 1323 3897 ὡδὶ
1350 3839 1445 3894 τοῦ
1471 3837 1762 3930 πανσοφου-
1778 3837 1910 3891 Μω-

298 3927 449 4013 σέως
466 3949 596 4019 περὶ
614 3944 805 4000 αὑτοῦ.
836 3943 985 4011 ’Ἔφη
1015 3937 1126 4009 γὰρ
1161 3936 1220 3988 ὲν
1249 3930 1328 4004 τῷ
1366 3927 1660 3999 Λευιτικῷ’
1694 3946 1713 3981 ι
1740 3928 1908 3982 Ὅταν

288 4047 362 4099 δὲ
384 4041 637 4113 είσέλθῃς
660 4040 741 4102 εἰς
766 4036 865 4109 τὴν
884 4036 1011 4105 γῆν,
1037 4032 1103 4104 ἢν
1129 4027 1333 4099 Κύριος
1360 4027 1388 4078 ὁ
1415 4023 1547 4088 Θεός
1575 4039 1670 4075 σου
1693 4020 1908 4075 δίδωσιν

296 4137 465 4207 ὑμῖν,
497 4132 592 4185 καὶ
632 4125 1085 4197 καταφυτεύσητε
1123 4121 1231 4174 πᾶν
1277 4116 1434 4184 ξύλον
1469 4113 1906 4207 βρώσιμον,-πε;

297 4200 691 4301 ρικαθαριεϊτε
720 4220 819 4290 τὴν
848 4212 1192 4301 ἀκαθαρσίαν
1226 4207 1415 4265 αὐτοῦ·
1444 4204 1715 4301 δ-καρπδς
1741 4200 1906 4257 αὑτοῦ

293 4293 437 4389 Συρία
463 4316 559 4386 ἔτη
594 4313 746 4365 ἔσται
773 4310 902 4380 ὑμῖν
930 4300 1407 4392 ἀπρικάθαρτος,
1439 4298 1500 4392 ού
1537 4293 1905 4392 βρωθήσεταιὶ

292 4382 418 4466 Kal.
448 4382 678 4476 ⁸τιῖίέἰτει
716 4400 793 4467 τῷ
826 4397 1077 4470 τετάρτῳ
1107 4393 1262 4447 ἔσται
1303 4389 1412 4453 πᾶς
1439 4389 1468 4442 ὁ
1501 4384 1714 4458 καρπὸς
1740 4382 1907 4436 αὐτοῦ

294 4504 485 4571 ἅγιος,
503 4475 735 4559 γαίνιτδς
754 4492 834 4564 τῷ
854 4489 1065 4563 Κυρίῳ.
1108 4487 1197 4541 Ἐν
1228 4483 1287 4537 δὲ
1313 4480 1391 4553 τῷ
1420 4480 1530 4535 ἔτει
1556 4478 1637 4549 τῷ
1671 4475 1908 4571 πέμπτῳ

2006 3452 2355 3524 spiritualem
2406 3455 2595 3509 cibum
2629 3455 2859 3525 utilem;
2912 3455 3186 3527 ejusmodi
3234 3464 3421 3512 autem
3465 3455 3608 3523 fore,

2009 3545 2057 3600 si
2093 3547 2162 3601 ad
2191 3547 2719 3617 contemplationem
2750 3544 3150 3621 evangelicam,
3196 3556 3255 3605 et
3298 3548 3369 3605 ad
3402 3547 3611 3606 Christi

2009 3638 2335 3710 mysterium
2385 3638 2777 3708 transferatur,
2808 3648 3001 3712 aperte
3032 3640 3327 3713 intelliges,
3374 3658 3502 3698 cum
3541 3650 3611 3705 ait

2010 3727 2161 3786 hunc
2182 3731 2409 3787 modum
2445 3732 2540 3787 ille
2566 3732 3011 3803 sapientissimus
3032 3734 3248 3807 Moyses
3279 3734 3350 3791 de
3377 3751 3443 3792 ea
3472 3737 3616 3792 scri-

2008 3822 2206 3893 pserit.
2242 3821 2333 3877 Ait
2367 3823 2520 3879 enim
2545 3823 2604 3879 in
2631 3823 2883 3881 Levitico
2919 3843 2932 3879 :
2978 3844 2998 3878 ι
3040 3823 3182 3882 Cum
3215 3841 3353 3883 vero
3377 3826 3612 3900 ingressi

2008 3915 2230 3972 fueritis
2272 3917 2331 3971 in
2354 3924 2560 3971 terram
2611 3931 2779 3988 quam
2823 3917 3094 3973 Dominus
3134 3917 3282 3974 Deus
3336 3924 3469 3974 tuus
3517 3918 3611 3974 dat

2010 4006 2191 4069 vobis,
2217 4014 2273 4060 et
2290 4006 2680 4076 plantaveritis
2700 4022 2863 4062 omne
2887 4007 3101 4078 lignum
3123 4006 3492 4073 esculentum,
3516 4022 3615 4062 ex-

2012 4098 2324 4170 purgabitis
2373 4098 2754 4169 impuritatem
2802 4100 2951 4171 ejus;
3007 4097 3225 4155 fructus
3268 4099 3392 4170 ejus
3430 4099 3611 4155 tribus

2011 4191 2174 4246 annis
2228 4191 2339 4245 erit
2383 4191 2542 4246 vobis
2590 4190 2957 4247 immundus:
2992 4207 3108 4248 non
3143 4194 3507 4260 comedetur;
3552 4202 3613 4248 et

2011 4298 2160 4339 anno
2194 4291 2394 4354 quarto
2421 4283 2531 4338 erit
2559 4283 2742 4340 omnis
2772 4282 2988 4339 fructus
3033 4285 3157 4355 ejus
3198 4291 3449 4353 sanctus,
3484 4285 3574 4342 lau
3594 4317 3609 4329 -

2011 4374 2214 4430 dabilis
2269 4374 2538 4443 Domino;
2587 4390 2735 4430 anno
2795 4383 2983 4431 autem
3047 4376 3247 4448 quinto
3304 4376 3610 4434 comedetis

2011 4466 2255 4523 fructum
2302 4468 2443 4540 ejus.
2484 4468 2775 4540 Appositio
2816 4469 2976 4525 vobis
3010 4475 3179 4526 erunt
3220 4467 3437 4526 fructus
3467 4470 3607 4542 ejus.

584 4589 680 4645 τὸν
710 4560 1160 4658 καρπὸν-αὐτοῦ.
1192 4574 1499 4667 Πρόσθεμσι
1520 4568 1752 4667 ύμῖν-τὰ

2014 4560 2131 4633 Ego
2158 4560 2429 4617 Dominus
2473 4562 2620 4618 Deus
2654 4568 2841 4618 vester
2883 4562 2947 4617 ⁸⁸.
2986 4582 3004 4614 ι
3055 4561 3246 4618 Hortis
3272 4561 3423 4618 enim
3453 4561 3613 4618 ferti-

294 4657 533 4757 ύήματα
553 4678 743 4736 αὐτοῦ.
785 4657 930 4745 Ἐγὼ
955 4671 1210 4744 Κύριοςκὸ
1232 4667 1366 4730 Θεὸς
1386 4664 1562 4737 ὑμῶν.
1595 4681 1625 4757 »ν
1643 4657 1908 4757 Παραδεί-

300 4751 425 4841 σοις
455 4775 557 4847 μὲν
583 4772 693 4844 γὰρ
719 4771 832 4832 τοῖς
854 4763 1266 4838 εὐερνεστάτοις
1286 4761 1321 4830 ή
1343 4759 1589 4820 Μωσέως
1607 4755 1742 4847 ἡμῖν
1766 4751 1910 4805 ἔοικε

297 4846 636 4939 Συγγραφὴ,
665 4858 922 4930 πολυειδῆ
941 4855 1332 4926 θεσπισμάτων
1355 4848 1619 4905 ὠδίνουσα
1646 4846 1907 4939 βλάστην,

298 4936 409 5017 καί
430 4936 612 5024 ξύλοις
634 4954 827 5027 ὥσπερ
853 4951 1192 5019 κατάκομος,
1212 4946 1325 5008 τοῖς
1346 4941 1433 5013 ἐφ’
1454 4939 1674 5009 ἑκάστῳ
1698 4936 1906 5007 νόμοις.

311 5051 467 5107 Ἀλλ’
506 5051 594 5118 ἐφ’
622 5046 842 5117 ἑκάστῳ
883 5041 1026 5113 ξύλῳ
1056 5038 1397 5110 καθαριεῖτε,
1427 5031 1617 5104 φησιν,
1646 5028 1746 5101 τὴν
1777 5028 1914 5082 ἀκα-

303 5144 550 5218 θαρσίαν
584 5137 774 5205 αὑτοῦ,
809 5132 955 5190 τοῦτ’
986 5132 1133 5199 ἔστι,
1175 5129 1236 5184 τὸ
1270 5127 1370 5199 τῆς
1422 5121 1912 5218 ιστορίαίείκαίον

302 5208 636 5304 ἀποτεμεῖς,
660 5229 756 5283 καὶ
781 5227 842 5280 τὸ
859 5224 1025 5280 οἱονεὶ
1048 5220 1283 5290 ξυλῶδες
1310 5214 1584 5288 περιελεῖς
1608 5208 1703 5266 τοῦ
1734 5227 1764 5279 γ
1773 5208 1913 5304 ραμ-

309 5300 509 5402 ματος,
541 5323 630 5377 ἐπ’
676 5318 848 5392 αὐτὴν
894 5317 953 5372 δὲ
1001 5313 1152 5386 ἣξεις
1186 5311 1280 5365 τοῦ
1323 5306 1493 5379 φυτοῦ
1525 5306 1625 5376 τὴν
1658 5300 1911 5402 καρδίαν,

303 5396 459 5475 Ιτοῦτ’
473 5416 615 5479 ἐστι,
629 5413 725 5468 τοῦ
738 5406 1170 5478 τεθεσπισμένου
1189 5402 1281 5457 τὸν
1297 5401 1406 5456 ἔσω
1422 5396 1764 5473 περιεργάσει
1778 5411 1915 5466 καρ-

308 5512 413 5568 πὸν
430 5508 535 5583 (3).
555 5508 652 5562 καὶ
670 5504 804 5560 αὐτὸ
829 5501 1032 5573 ποιήσῃ
1054 5497 1315 5571 τροφήν.ι
1340 5492 1481 5548 Ἀλλ’
1504 5491 1680 5555 ἔσται,
1694 5488 1909 5559 »φησὶν,

2016 4653 2247 4710 lissimis
2278 4653 2454 4726 Moysi
2479 4653 2771 4725 Scriptura
2793 4653 2996 4713 similis
3020 4652 3188 4709 nobis
3224 4651 3471 4717 videtur,
3491 4667 3615 4724 qua:

2019 4747 2311 4818 multiplex
2368 4756 2776 4820 praeceptorum
2827 4763 3058 4820 germen
3104 4746 3514 4818 complectitur,
3557 4751 3615 4802 et

2022 4848 2284 4913 tanquam
2322 4840 2621 4896 arboribus
2655 4840 2845 4897 densis
2888 4848 3087 4897 ornata
3130 4846 3240 4906 est,
3263 4822 3502 4911 legibus,
3524 4836 3616 4893 in-

2018 4950 2206 5005 quam,
2232 4933 2302 4990 de
2336 4948 2558 5005 quaque
2581 4949 2640 4989 re
2663 4933 3004 4989 constitutis.
3031 4932 3139 4988 Sed
3177 4928 3617 5000 uniuscujusque

2020 5027 2258 5093 arboris,
2302 5026 2506 5097 inquit,
2545 5025 2927 5099 expurgabitis
2967 5024 3371 5097 impuritatem,
3416 5021 3473 5077 id
3506 5028 3614 5085 est,

2019 5120 2168 5190 quod
2186 5120 2240 5174 in
2267 5119 2503 5175 historia
2519 5120 2768 5191 ineptum
2786 5127 2892 5185 est,
2919 5117 3245 5185 abscindes;
3270 5112 3533 5187 quodque
3559 5112 3616 5167 in

2018 5213 2202 5269 littera
2264 5214 2433 5268 veluti
2489 5212 2831 5269 corticosum
2861 5252 2876 5280 ,
2918 5209 3307 5275 circumcides,
3337 5215 3506 5279 atque
3547 5204 3614 5261 ad

2020 5307 2202 5376 ipsum
2230 5321 2326 5361 cor
2358 5304 2577 5361 arboris
2612 5305 2931 5376 pervenies,
2964 5304 3022 5360 id
3047 5310 3156 5371 est,
3194 5301 3452 5359 intimum
3475 5314 3621 5372 prae-

2019 5397 2164 5467 cepti
2200 5396 2443 5451 fructum
2468 5396 2929 5467 perscrutaberis,
2967 5404 3134 5470 atque
3157 5394 3214 5452 in
3242 5393 3431 5450 cibum
3460 5405 3619 5447 assu-

2019 5504 2158 5544 mes.
2217 5509 2233 5539 ς
2270 5488 2376 5546 Sed
2400 5488 2528 5555 erit,
2565 5508 2582 5541 ι
2612 5489 2816 5561 inquit,
2851 5509 2870 5544 ι
2903 5492 3028 5564 ejus
3058 5488 3278 5546 fructus
3301 5486 3483 5542 tribus
3508 5498 3618 5540 an-

384 5632 435 5666 ”
489 5630 654 5686 Deut.
682 5642 817 5692 ιω,
855 5624 909 5679 8.
986 5621 1032 5654 ⁸⁵
1056 5620 1171 5677 Jer.
1209 5630 1394 5683 xnvm,
1431 5613 1518 5669 10.
1599 5611 1644 5644 ⁸⁸
1666 5609 1846 5666 Levit.
1880 5625 1904 5662 ι

2017 5607 2212 5664 25-25.
2255 5615 2261 5621 '

498 5802 579 5874 lita
613 5815 739 5872 cod.
784 5802 996 5876 Vatic.;
1050 5806 1242 5863 Sirleti
1295 5802 1482 5859 autem
1531 5802 1766 5865 ἀδικίας,
1805 5808 2087 5872 corrupte.

409 5750 437 5804 1
498 5745 594 5803 Sic
619 5744 798 5801 Vatis.
819 5759 835 5809 ς
860 5738 986 5796 cod.
1011 5734 1222 5800 Sirleti,
1253 5734 1321 5788 τὸ
1351 5731 1571 5805 ἀληθές,
1597 5732 1816 5786 veritas.

498 5817 579 5874 Ita
613 5815 739 5872 cod.
784 5811 996 5876 Vatic.;
1050 5806 1242 5863 Sirleti
1295 5812 1482 5859 autem
1531 5802 1766 5865 ἀδικίας,
1805 5815 1816 5852 ε

384 5748 639 5964 {gi-pud.
678 5882 888 5947 Sirleti,
920 5879 1143 5941 σκοπόν,
1171 5891 1409 5947 scopum.

409 5891 448 5948 3

469 5887 639 5962 βοά.
678 5882 888 5947 Sirleti,
920 5879 1143 5941 σκοπόν,
1171 5891 1409 5947 scopum.

520 5970 527 5975 ’
647 5979 923 6043 Ρλτιιοι.
971 5973 1088 6034 Gn.
1132 5966 1398 6031 vam.

3187 5942 3255 6005 19
