4118 6454
550 405 654 466 581

1583 400 1641 455 s.
1682 380 1959 456 CYRILLl
1999 387 2474 459 ALEXANDRINI
2510 401 2829 464 ARCHIEP.

3728 416 3836 474 588

551 530 639 584 nis
671 527 1008 590 immundus,
1053 537 1165 577 non
1194 518 1643 574 manducabitur.
1679 539 1696 572 ι
1739 522 1962 576 Annum
1985 523 2138 591 ponit

2252 543 2270 576 ι
2300 525 2328 578 ό
2352 527 2562 597 καρπὸς
2579 528 2767 594 αὐτοῦ,
2789 530 2915 602 τρία
2940 530 3035 603 ἔτη
3061 532 3599 605 ἀπερικάθαρτοςοοὺ
3621 536 3834 608 βρωθῆ-

551 639 652 694 pro
679 631 962 691 tempore;
989 617 1096 671 tria
1127 615 1276 669 enim
1303 613 1484 684 prima
1517 622 1766 684 tempora
1801 615 1958 670 fuere
2015 614 2142 684 qui-

549 715 654 766 bus
685 711 866 765 adhuc
908 708 996 762 lex
1035 714 1155 761 erat
1203 705 1444 774 impura,
1483 704 1737 762 historia
1769 706 2142 762 crassitudine

548 810 907 873 priegravata,
935 808 992 854 et
1019 798 1270 853 umbram
1300 807 1563 868 tanquam
1600 797 1849 853 inutilem
1880 797 2142 853 corticem

549 889 1002 960 circumpositam
1045 888 1307 943 habebat.
1349 887 1481 942 Tria
1515 903 1683 958 porro
1733 895 1982 958 tempora
2023 903 2143 946 esse

547 982 656 1045 aio,
701 995 812 1051 quo
855 981 1089 1051 Moyses,
1120 995 1232 1050 quo
1258 980 1446 1046 Josue,
1483 995 1593 1050 quo
1615 979 1839 1036 Judices
1880 979 2142 1048 fuerunt;

548 1082 806 1142 quartum
831 1079 1023 1142 postea
1047 1070 1170 1136 fuit,
1199 1086 1311 1141 quo
1335 1071 1572 1126 illustris
1589 1071 1984 1142 prophetarum
2007 1072 2141 1128 cho-

547 1179 644 1218 rus
669 1171 898 1218 exortus
921 1171 1035 1230 est;
1063 1172 1178 1218 tum
1200 1162 1420 1218 fructus
1458 1164 1595 1235 legis
1619 1172 1844 1219 sanctus
1862 1172 1947 1220 est
1962 1163 2142 1220 factus

545 1264 603 1311 et
617 1255 912 1310 laudabilis
940 1273 952 1307 :
970 1255 1136 1326 286
1151 1270 1278 1309 nam
1295 1270 1325 1310 a
1342 1255 1628 1326 prophetis
1650 1257 1873 1322 sanctis,
1885 1271 2007 1327 quae
2021 1256 2141 1328 lege

547 1347 1002 1411 continebantur,
1033 1346 1291 1418 abrogari
1315 1354 1444 1401 sunt
1467 1355 1647 1418 empta
1673 1363 1686 1413 ;
1723 1357 1780 1402 et
1802 1363 1872 1402 ne
1897 1363 2140 1403 comme-

548 1439 756 1493 morari
789 1439 1012 1508 quidem
1037 1454 1102 1493 ea
1152 1453 1275 1509 quae
1297 1439 1354 1493 in
1381 1439 1594 1493 umbris
1627 1446 1808 1503 erant,
1837 1450 2140 1510 contraque

547 1531 756 1586 Veritas
779 1530 1066 1602 praedicari
1090 1531 1292 1601 palam,
1320 1539 1376 1586 et
1397 1529 1603 1586 Christi
1630 1531 1902 1586 adventus
1933 1541 2139 1604 myste-

549 1625 693 1678 rium
731 1621 1127 1679 commendari.
1180 1621 1293 1677 Hos
1322 1622 1571 1693 proxime
1599 1623 1748 1678 illiCO
1794 1634 2018 1678 secutus
2054 1628 2140 1679 est

549 1717 642 1770 ille
680 1731 1016 1787 prascursor,
1049 1715 1293 1770 clamans
1322 1730 1387 1770 ac
1415 1715 1609 1771 dicens
1637 1732 1649 1768 :
1701 1734 1719 1767 ι
1749 1716 2140 1772 Pmnitentiam

549 1809 724 1878 agite;
751 1808 1219 1879 appropinquavit
1251 1806 1402 1862 enim
1443 1817 1672 1877 regnum
1717 1808 2066 1862 cmlorum“.
2113 1825 2132 1859 ›

2249 633 2453 671 σεται.»
2491 618 2563 673 Τὸ
2590 620 2710 684 ἔτος
2740 621 2956 694 τίθησιν
2989 626 3068 690 είς
3093 626 3306 699 καιρόνο
3334 628 3518 700 καιροὶ
3542 629 3652 701 γὰρ
3683 629 3836 701 πρῶ-

2245 721 2328 758 τοι
2360 708 2617 775 γεγόνασι
2645 713 2794 780 τρεῖς
2817 753 2832 777 ,
2863 712 2984 766 καθ’
3010 713 3105 778 οὓς
3132 710 3201 786 ἦν
3224 714 3254 769 ὸ
3275 717 3440 786 νόμος
3463 719 3836 790 ἅπερικάθαρ-

2243 812 2336 860 τος
2365 795 2468 862 ἔτι,
2501 797 2579 868 τῷ
2609 799 2711 870 τῆς
2747 802 2988 873 ἱστορίας
3028 804 3191 875 πάχει
3233 807 3704 878 κατηχθισμὲνος,
3740 807 3833 864 καὶ

2245 885 2436 959 ῶσπερ
2483 891 2692 944 εἰκαῖον
2742 894 3010 964 συρφετὸν
3059 894 3445 966 περικείμενος
3495 896 3597 968 τὴν
3647 899 3830 955 σκιάν.

2244 979 2487 1050 Χρόνους
2509 981 2566 1035 δὲ
2585 985 2736 1054 τρεῖς
2758 979 2895 1039 εἶναι
2917 1003 3079 1057 φημι,
3101 986 3195 1041 τὸν
3218 988 3484 1053 Μωσέως,
3503 988 3598 1045 τὸν
3631 988 3830 1062 Ἰησοῦ,

2243 1071 2336 1126 τὸν
2359 1073 2601 1143 Κριτῶν⁶
2638 1075 2828 1146 καιρὸς
2877 1077 2992 1146 μετ’
3031 1077 3273 1142 ἐκείνους
3295 1079 3554 1150 τέταρτος
3581 1075 3671 1151 ἦν,
3707 1080 3832 1134 καθ’

2244 1161 2302 1216 ὃν
2350 1162 2380 1214 ό
2417 1163 2669 1235 λαμπρὸς
2720 1166 2829 1220 τῶν
2876 1167 3048 1236 ἁγίων
3083 1169 3382 1240 προφητῶν
3427 1170 3598 1239 ἀνέφυ
3647 1173 3829 1244 χορός.

2245 1253 2380 1306 Τότε
2412 1253 2636 1324 γέγονεν
2660 1258 2689 1310 ὁ
2711 1257 2807 1311 τοῦ
2848 1258 3016 1329 νόμου
3055 1260 3268 1331 καρπὸς
3295 1259 3451 1328 ἅγιός
3472 1267 3533 1314 τε
3563 1263 3658 1315 καὶ
3686 1265 3835 1317 alve-

2243 1344 2353 1407 τός.
2381 1340 2625 1418 Ἤρξατο
2642 1345 2751 1419 γὰρ
2779 1348 2845 1400 ὲκ
2871 1347 3169 1419 προφητῶν
3197 1347 3389 1416 ἁγίων,
3417 1342 3729 1403 ἀθετεῖσθαι
3759 1351 3832 1404 τὰ

2244 1437 2303 1491 tv
2333 1438 2504 1511 νόμῳ,
2534 1440 2632 1493 καὶ
2665 1440 2788 1494 οὐδὲ
2815 1440 3176 1514 ὀνομάζεσθαι
3205 1442 3276 1495 τὰ
3308 1441 3384 1506 ὡς
3410 1441 3471 1496 tv
3503 1444 3700 1505 σκιαῖς,
3728 1458 3833 1512 κη-

2247 1531 2537 1603 ρύττεσθαι
2570 1533 2629 1587 δὲ
2662 1532 2913 1604 φανερῶς
2960 1533 2995 1604 ὴ
3033 1532 3294 1604 ἀλήθεια,
3337 1532 3432 1586 καὶ
3465 1532 3565 1603 τῆς
3591 1532 3832 1604 Χριστοῦ

2245 1624 2550 1697 παρουσίας
2595 1624 2938 1677 ἐπαινεῖσθαι
2986 1624 3047 1677 τὸ
3112 1625 3431 1696 μυστήριονε
3477 1623 3590 1678 Καὶ
3631 1623 3833 1692 γείτων

2244 1715 2407 1780 εὐθὺς
2433 1715 2462 1767 ὁ
2499 1716 2802 1788 πρόδρομος
2840 1711 2932 1787 ἦν,
2965 1715 3361 1786 ἀνακεκραγώς
3397 1724 3459 1769 τε
3499 1715 3592 1768 καὶ
3631 1713 3827 1783 λέγων⁴

2251 1823 2270 1857 ι
2295 1807 2626 1860 Μετανοεῖτε
2647 1823 2659 1836 ·
2698 1807 2900 1878 ἧγγικε
2921 1807 3032 1877 γὰρ
3051 1809 3084 1878 ἡ
3117 1807 3365 1878 βασιλεία
3388 1806 3499 1860 τῶν
3513 1805 3777 1879 οὐρανῶν.
3804 1825 3827 1859 ι

549 1901 720 1971 Igitur
740 1911 935 1972 quarto
963 1911 1230 1972 tempore,
1257 1915 1380 1970 qua:
1423 1900 1480 1954 in
1503 1901 1622 1972 lege
1660 1900 1862 1955 tradita
1895 1899 2136 1966 fuerant,

2242 1897 2450 1952 υὺκοῦν
2473 1900 2532 1952 tv
2553 1899 2800 1971 τετάρτῳ
2828 1899 3010 1971 χρόνῳ
3046 1899 3184 1970 πρὸς
3215 1897 3389 1970 ἀρχὰς
3423 1898 3517 1952 τοῦ
3546 1897 3834 1953 διακαθαί-

549 1995 844 2066 expurgari
875 2001 1193 2064 coeperunt;
1222 2001 1453 2065 eratque
1472 1996 1586 2066 jam
1609 2002 1834 2050 sanctus
1866 1994 2138 2064 quodam-

549 2087 716 2142 modo
763 2089 884 2158 ejus
917 2087 1132 2143 fructus
1169 2102 1182 2141 :
1232 2095 1619 2142 verumtamen
1668 2087 1863 2156 quinto
1891 2094 2140 2157 tempore

548 2173 618 2232 ad
650 2178 837 2233 cibum
882 2178 987 2234 fuit
1032 2189 1213 2250 aptus,
1251 2195 1361 2249 quo
1389 2186 1636 2249 tempore
1665 2177 1871 2233 Christi
1910 2178 2140 2249 contigit

546 2268 838 2336 adventus,
874 2269 1202 2326 testificatus
1225 2281 1257 2327 'a
1282 2271 1402 2341 lege
1417 2277 1475 2324 et
1498 2269 1803 2340 prophetis.
1837 2269 2139 2339 Propterea

549 2359 772 2431 inquit:
815 2381 832 2412 ι
867 2362 990 2417 Erit
1026 2362 1242 2418 fructus
1276 2363 1398 2432 ejus
1429 2361 1702 2432 appositio
1723 2361 1902 2416 vobis.
1948 2381 1966 2412 ›
2002 2361 2139 2416 Nam

547 2462 751 2522 praeter
789 2456 1138 2526 evangelicas
1163 2453 1609 2526 praedicationes,
1650 2453 1766 2523 ipsa
1791 2468 2012 2523 quoque
2057 2455 2138 2510 le-

547 2543 686 2613 galis
707 2544 950 2600 eruditio
987 2543 1057 2598 ad
1086 2542 1614 2613 contemplationem
1654 2541 2001 2610 spiritualem
2025 2549 2139 2598 tra-

547 2634 734 2700 ducta,
802 2636 1067 2693 studiosis
1125 2637 1422 2692 utilissima
1459 2643 1566 2700 est,
1629 2633 1868 2702 ideoque
1921 2632 2142 2688 dicebat

547 2723 800 2784 Salvator
835 2743 849 2780 :
891 2747 909 2780 ε
953 2726 1146 2783 Omnis
1189 2729 1372 2783 scriba
1406 2727 1604 2790 doctus
1647 2726 1705 2780 in
1765 2740 1934 2796 regno
1968 2725 2138 2780 cmlo-

549 2834 698 2884 rum,
734 2818 932 2874 similis
956 2829 1040 2875 est
1079 2819 1292 2875 homini
1327 2819 1509 2885 diviti,
1548 2819 1643 2890 qui
1679 2817 1888 2890 profert
1913 2817 1982 2874 de
2018 2817 2141 2874 the-

545 2922 715 2963 sauro
771 2924 872 2964 suo
922 2925 1067 2964 nova
1114 2919 1172 2965 et
1223 2918 1414 2964 vetera
1467 2911 1555 2962 "t
1599 2927 1617 2960 ι
1672 2923 1814 2962 nova
1857 2907 2140 2977 appellans

543 2998 883 3070 evangelica,
919 3008 1108 3056 vetera
1128 3009 1335 3064 autem,
1359 3015 1482 3070 qua:
1503 3000 1562 3054 in
1585 2999 1704 3070 lege
1728 2997 2087 3053 continentur
2122 3016 2134 3052 :

541 3101 665 3157 quae
686 3087 848 3144 nobis
870 3088 1024 3144 illam
1068 3089 1126 3143 in
1154 3086 1377 3145 Christo
1402 3087 1774 3159 cognitionem
1816 3101 1928 3141 non
1962 3086 2136 3143 inele-

539 3188 736 3249 ganter
763 3181 1083 3247 conciliant,
1105 3196 1270 3252 quem
1309 3181 1469 3236 decet
1495 3179 1690 3250 gloria,
1741 3178 1920 3236 honor
1942 3186 1998 3234 et
2035 3177 2136 3234 ad-

2242 1988 2434 2061 ρεσθαι
2459 1989 2530 2044 τὰ
2561 1992 2618 2045 tv
2646 1991 2798 2064 νόμῳ
2825 1992 3042 2062 γέγονε,
3077 1989 3174 2047 καὶ
3201 1987 3271 2064 ἦν
3289 1993 3390 2064 ήδη
3415 2007 3532 2056 πως
3559 1992 3587 2044 ό
3617 1989 3835 2061 καρπὸς

2241 2081 2416 2151 ἅγιος.
2449 2082 2618 2154 Πλὴν,
2637 2084 2695 2137 tv
2715 2083 2954 2156 πέμπτῳ
2979 2083 3280 2157 βρώσιμος,
3303 2084 3427 2138 καθ’
3449 2083 3508 2138 ὃν
3531 2085 3566 2156 η
3589 2080 3834 2153 Χριστοῦ

2241 2175 2514 2245 παρουσία
2546 2177 2967 2248 μαρτυρουμένη
2992 2177 3081 2234 διὰ
3099 2195 3159 2231 τε
3177 2177 3274 2231 τοῦ
3292 2176 3461 2248 νόμου
3485 2175 3579 2229 καὶ
3602 2173 3692 2228 διὰ
3721 2173 3834 2227 τῶν

2242 2265 2556 2338 προφητῶν.
2584 2267 2685 2323 Διὰ
2699 2268 2859 2322 τοῦτό
2881 2285 3067 2340 φησιν,
3096 2289 3114 2321 ι
3143 2270 3338 2323 Ἔσται
3376 2271 3405 2321 ό
3427 2267 3638 2339 καρπὸς
3659 2263 3833 2320 αὐτοῦ

2241 2355 2531 2427 πρόσθεμα
2559 2358 2709 2428 ὑμῖν.
2737 2375 2756 2409 ι
2784 2357 2930 2430 Πρὸς
2951 2358 3061 2430 γὰρ
3110 2360 3224 2421 τοῖς
3252 2356 3631 2425 εὐαγγελικοῖς
3660 2354 3837 2426 κηρύ-

2241 2464 2415 2518 γμασι
2445 2449 2540 2502 καὶ
2569 2450 2605 2521 ἡ
2639 2449 2838 2520 νομικὴ
2867 2449 3150 2511 παίδευσις
3191 2448 3327 2520 πρὸς
3353 2448 3586 2519 Θεωρίαν
3613 2444 3834 2516 ἠγμένη

2241 2540 2619 2609 πνευματικὴν
2639 2543 2753 2604 τοῖς
2785 2541 3108 2612 φιλομαθέσι
3129 2539 3551 2613 χρειωδεστάτη⁶
3582 2538 3677 2591 καὶ
3700 2536 3836 2606 γοῦν

2240 2629 2478 2700 ἔφασκεν
2500 2633 2854 2705 ὁΣωτὴρ,ὅτι
2880 2652 2898 2687 ι
2931 2635 3046 2698 Πᾶς
3076 2612 3442 2706 γραμματεὺς
3471 2631 3832 2702 μαθητευθεὶς

2240 2725 2305 2793 τῇ
2359 2721 2608 2795 βασιλεία
2653 2727 2761 2779 τῶν
2803 2725 3072 2798 οὐρανῶν,
3122 2724 3308 2796 ὅμοιός
3354 2725 3504 2777 ἐστιν
3556 2721 3837 2794 ἀνθρώπῳ

2240 2811 2522 2884 πλουσίῳ,
2573 2815 2723 2879 ὅστις
2781 2816 3032 2871 ἐκϐάλλει
3079 2816 3144 2869 ὲκ
3210 2815 3304 2869 τοῦ
3347 2812 3625 2886 θησαυροῦ
3661 2813 3836 2866 αὐτοῦ

2239 2902 2403 2957 καινὰ
2435 2905 2787 2972 καὶζπαλαιά·
2814 2925 2833 2959 ι
2859 2907 3020 2962 καινὰ
3049 2907 3246 2976 λέγων,
3274 2906 3344 2960 τὰ
3375 2905 3702 2974 Εὐαγγέλια,
3731 2907 3835 2958 καὶ

2240 2994 2449 3050 παλαιὰ
2476 2995 2554 3061 δὲ,
2595 2997 2664 3052 τὰ
2700 3000 2757 3051 tv
2786 2999 2958 3071 νόμῳ,
3000 2998 3096 3070 τὴν
3122 2999 3180 3052 tv
3205 2997 3428 3070 Χριστῷ
3465 2996 3666 3066 γνῶσιν
3693 2998 3834 3066 ἡμῖν

2237 3087 2340 3142 οὐκ
2371 3087 2612 3157 ἀγεννῶς
2661 3091 3110 3162 συνεισφέροντα*
3154 3089 3304 3160 αὺτῷ
3345 3091 3379 3160 ἠ
3421 3089 3549 3155 δόξα
3589 3089 3668 3152 είς
3701 3087 3835 3152 τοὺς

2238 3179 2446 3244 αἰῶνας
2475 3180 2587 3236 τῶν
2618 3181 2854 3248 αἰώνων,
2902 3183 3099 3254 Ἀμήν.
3536 3170 3543 3178 ’

539 3271 759 3338 oratio,
801 3288 928 3328 cum
967 3274 1165 3340 Patre,
1217 3272 1314 3343 qui
1366 3271 1487 3327 sine
1527 3269 1803 3342 principio
1822 3280 1928 3338 est,
1959 3278 2016 3327 et
2053 3285 2179 3328 cum
2215 3271 2586 3340 sanctissimo,
2635 3281 2691 3329 et
2729 3273 2898 3340 bono,
2953 3282 3009 3330 et
3041 3271 3357 3330 viviﬁcante
3394 3271 3627 3345 Spiritu,
3677 3279 3837 3327 nunc

538 3375 598 3421 α
621 3379 863 3436 semper,
897 3374 956 3422 et
987 3365 1046 3421 in
1067 3365 1269 3421 saecula
1309 3363 1659 3419 saeculorum.
1690 3365 1887 3420 Amen.

615 3482 662 3512 “
720 3479 1128 3546 Matth.lv,l7.
1209 3479 1254 3512 ⁸⁷
1288 3477 1484 3534 Matth.
1535 3493 1653 3544 mn,
1706 3475 1797 3533 52.

565 3661 3822 3702 Μ

1122 3836 1522 3971 ΠΕΡΙ
1621 3833 1967 3964 ΤΗΣ
2071 3836 2138 3960 13

2242 3834 2281 3958 ί
2383 3826 3266 3966 ΠΝΕΥΜΑΤΙ

1756 4067 1952 4159 ΚΑΙ
2000 4065 2489 4159 ΑΛΗΘΕΙΑ

955 4264 2184 4390 ΠΡΟΣΚΥΝΗΣΕΩΣ
2299 4262 2586 4378 ΚΑΙ
2690 4253 3436 4380 ΛΑΤΡΕΙΑΣ

1713 4486 2082 4574 ΛΟΓΟΣ
2157 4479 2696 4574 ΕΝΝΑΤΟΣ.

581 4663 802 4869 ’ΒΕ
915 4749 1852 4870 ADORATIONE
1997 4663 2237 4870 ΕΤ*
2297 4754 2778 4876 CULTU
2885 4759 3039 4875 IN
3162 4759 3747 4879 SPlBITU

1703 4994 1872 5098 ET
1980 4995 2293 5100 VBRI
2318 4994 2381 5097 Γ
2391 4993 2645 5101 ΑΤΕ

1816 5217 1915 5295 LI
1931 5215 2120 5295 BER
2192 5219 2574 5300 NONUS.

534 5546 700 5623 28⁵1
731 5546 810 5604 De
852 5561 1036 5608 sancto
1070 5553 1598 5636 tabernacylotquod
1639 5551 1836 5608 Christi
1874 5551 2125 5608 Ecclesia

2242 5553 2373 5623 Περὶ
2415 5554 2528 5624 τῆς
2563 5554 2738 5636 ἁγίας
2781 5555 3024 5636 σκηνῇ-ς
3049 5596 3063 5621 ,
3114 5557 3204 5636 ότι
3243 5559 3446 5636 ’τύπος
3485 5557 3567 5630 ἦν
3604 5546 3720 5629 τῆς
3752 5558 3860 5614 ἐν

1137 5633 1290 5695 typus
1321 5624 1504 5693 fuerit.

540 5784 544 5789 ἢ
607 5714 911 5772 Charitatis
935 5716 1126 5788 igitur,
1155 5726 1212 5770 et
1247 5716 1368 5786 ejus
1411 5731 1533 5784 qua.
1567 5716 1623 5769 in
1675 5715 1869 5779 Deum,
1909 5723 1965 5769 et
2003 5731 2124 5785 quae

2685 5627 2918 5694 Χριστῷ
2965 5628 3348 5696 Ἐκκλησίας.

2313 5716 2565 5788 Ἀγάπης
2601 5717 2700 5788 μὲν
2742 5713 2836 5772 οὖν
2866 5720 2947 5782 είς
2979 5718 3112 5773 Θεόν
3150 5737 3209 5774 τε
3239 5723 3334 5776 καὶ
3366 5720 3632 5790 ἀδελφοὺς
3661 5736 3854 5789 περι-

537 5804 594 5866 in
622 5807 823 5863 fratres
849 5807 1182 5875 ostenditur,
1215 5807 1448 5879 insignia
1476 5805 1738 5877 praeclara
1756 5815 1905 5864 sunt.
1937 5816 1993 5863 et
2024 5807 2121 5861 ha-

2242 5809 2372 5881 ρανῆ
2390 5811 2458 5867 τὰ
2477 5810 2793 5882 αὐχήματα,
2823 5812 2917 5867 καὶ
2943 5813 3374 5887 ἀποπεραίνεται
3403 5813 3504 5886 μὲν
3525 5815 3593 5869 δι’
3614 5815 3856 5885 ἀμφοῖν
