4118 6468
356 371 467 430 589

1120 356 1210 426 ne
1243 354 1693 427 nonanona
1733 356 1800 426 ια
1841 355 2111 427 SPIRITU
2155 363 2242 426 ΕΤ
2285 371 2652 428 manus.
2695 369 2824 426 LIB.
2853 353 2944 426 ιιι.

3553 357 3656 429 590

348 486 591 557 ὀνόμος.
615 484 880 548 Εὐκλείας
909 501 972 553 γε
1002 485 1108 557 μὴν
1135 487 1215 549 εἰς
1249 484 1410 539 τοῦτο
1435 484 1792 556 κατηντηκὼς
1822 485 1947 540 ἄπας

2071 501 2196 540 rum
2230 497 2465 556 utraque
2498 487 2587 542 lex
2631 487 2921 558 perficitur
2956 502 2968 538 :
3007 499 3090 549 ac,
3129 483 3380 555 quisquis
3419 484 3488 538 ad
3530 489 3659 539 eum

349 595 443 638 τις
473 573 594 642 οὖν,
621 575 878 648 λαμπρός
908 592 968 627 τε
1005 575 1097 630 καὶ
1133 574 1490 643 ἀξιάγαστος,
1525 574 1620 628 καὶ
1651 575 1709 627 ἐν
1737 576 1850 638 τοῖς
1881 576 1962 628 ὅτι

350 670 604 740 μάλιστα
642 667 893 737 γνησίοις
937 666 1404 732 κατατετάξεται,
1455 667 1694 738 Χριστοῦ
1730 665 1962 737 βοῶντος

346 760 455 814 καὶ
480 759 808 829 λέγοντος,ξ‹
828 753 927 823 Εὖ,
958 757 1111 811 δοῦλε
1143 757 1315 828 ἀγαθὲ
1345 758 1442 812 καὶ
1469 757 1649 822 πιστὲ,
1681 756 1773 810 ἐπὶ
1803 757 1961 827 ὀλίγα

346 850 426 926 ῆς
452 855 670 918 πιστὸς,
691 855 785 907 ἐπὶ
809 852 1022 906 πολλῶν
1045 870 1105 906 σε
1134 856 1486 924 καταστήσω·
1519 851 1728 905 εἴσελθε
1755 851 1835 914 είς
1859 851 1959 922 τήν

346 949 538 1019 χαρὰν
575 946 672 999 τοῦ
711 947 922 1019 Κυρίου
958 963 1075 1000 σου.
1117 960 1137 998 ι
1173 943 1560 998 Είσελεύσεται
1599 943 1710 1016 γὰρ
1754 943 1819 1016 δὴ
1866 945 1960 1000 καὶ

353 1038 510 1110 μάλα
539 1036 780 1110 ἑτοίμως
806 1039 890 1102 είς
941 1038 1041 1110 τὴν
1069 1036 1389 1108 ἐπουράνιον
1445 1036 1801 1109 Ἰερουσαλήμ
1821 1079 1836 1104 ,
1865 1037 1960 1090 καὶ

345 1132 478 1194 ταῖς
509 1128 622 1184 ἂνω
654 1131 845 1200 μοναῖς
889 1128 1308 1200 ἐνδιαιτήσεται,
1359 1130 1472 1191 τοῖς
1516 1128 1658 1198 ὑπὲρ
1701 1126 1825 1180 νοῦν
1863 1126 1958 1181 καὶ

348 1221 517 1290 λόγον
540 1220 824 1293 ἐντρυφῶν
849 1219 1092 1289 ἀγαθοῖς.
1119 1219 1396 1273 Τοιουτονί
1418 1235 1470 1272 τι
1496 1219 1591 1273 καὶ
1617 1221 1644 1273 6
1669 1218 1956 1290 προφήτης

355 1315 602 1377 Ἦσαῒας
631 1312 816 1385 φησίν·
857 1319 876 1365 '¢
908 1313 970 1367 Οί
1001 1297 1272 1384 ὀφθαλμοί
1297 1330 1392 1366 σου
1419 1311 1662 1382 ὄψονται,
1684 1311 1956 1382 Ἰερουσα-

345 1405 491 1477 λὴμ,
527 1405 711 1465 πόλεις
747 1403 1032 1468 πλουσίας,
1071 1402 1310 1473 σκηνὰς,
1339 1403 1394 1456 αἲ
1425 1402 1488 1458 οὐ
1531 1402 1605 1472 μὴ
1643 1401 1951 1466 σεισθῶσιν,

2066 579 2254 650 gloriae
2295 579 2526 648 gradum
2556 579 2896 648 pervenerit,
2926 577 3160 633 illustris
3186 577 3295 633 erit
3323 584 3380 632 et
3412 575 3659 630 admira—

2064 670 2214 736 bilis,
2247 678 2303 725 et
2328 671 2477 725 inter
2514 670 2868 727 ﬁdelissimos
2900 670 2999 726 Dei
3027 684 3222 725 servos
3248 668 3656 734 numerabitur,

2066 778 2193 817 cum
2217 763 2473 817 clamabit
2491 761 2765 829 Christus,
2790 778 2855 817 ac
2871 762 3050 818 dicet:
3083 781 3102 814 ι
3124 761 3296 834 Euge,
3325 777 3485 817 serve
3513 761 3660 818 bone

2063 862 2120 910 et
2169 854 2368 920 ﬁdelis,
2399 855 2456 909 in
2484 870 2661 925 pauca
2709 854 2866 910 fuisti
2913 854 3126 924 ﬁdelis,
3185 871 3352 926 supra
3394 856 3568 911 multa
3603 865 3658 910 te

2062 945 2432 1010 constituam;
2472 944 2618 999 intra
2653 942 2712 999 in
2749 944 3014 1015 gaudium
3048 945 3268 1001 Domini
3297 945 3381 999 tui
3405 945 3470 998 ⁸⁸.
3513 965 3532 997 ›
3563 945 3656 1000 ln-

2061 1037 2344 1108 gredietur
2373 1036 2544 1101 enim,
2575 1043 2633 1091 et
2679 1036 2907 1106 quidem
2945 1036 3222 1106 expedite,
3267 1037 3324 1091 in
3369 1035 3518 1091 illam
3546 1051 3659 1091 cce-

2060 1127 2256 1184 lestem
2288 1129 2623 1195 Jerusalem,
2663 1135 2721 1183 et
2759 1128 2818 1182 in
2856 1127 3115 1199 supernis
3143 1129 3252 1183 illis
3275 1128 3658 1184 mansionibus

2060 1220 2243 1293 deget,
2275 1229 2332 1276 et
2371 1220 2534 1276 bonis
2576 1235 2700 1290 quae
2743 1235 2968 1276 omnem
3020 1219 3404 1291 intelligentia:
3445 1220 3656 1275 oratio-

2058 1313 2256 1384 nisque
2307 1313 2626 1368 facultatem
2671 1320 2966 1383 superant,
3003 1311 3339 1382 perfruetur.
3371 1309 3654 1382 Ejusmodi

2055 1404 2225 1474 288
2279 1403 2563 1474 quidpiam
2613 1401 2785 1458 etiam
2847 1403 3121 1474 propheta
3173 1402 3343 1456 Isaias
3402 1402 3585 1472 inquit
3638 1419 3653 1457 :

343 1497 478 1552 δεδι
513 1497 589 1569 μὴ
616 1496 918 1566 κινηθῶσιν
957 1498 1006 1548 οί
1035 1493 1304 1550 πάσσαλοι
1333 1495 1432 1564 τῆς
1464 1493 1699 1565 σκηνῆς,
1735 1493 1855 1548 οὐδὲ
1885 1493 1947 1548 τὰ

2064 1513 2082 1546 ι
2115 1493 2274 1550 Oculi
2310 1495 2390 1549 tui
2410 1487 2682 1550 videbunt
2711 1495 3038 1560 Jerusalem,
3069 1493 3321 1550 civitates
3344 1495 3656 1564 Opulentas,

348 1589 570 1660 σχοινία
591 1589 764 1658 αὐτῆς
785 1587 850 1642 οὐ
886 1587 960 1658 μὴ
986 1586 1346 1659 διαρραγῶσι.
1389 1599 1411 1638 ι
1443 1584 1692 1656 Παράγει
1724 1585 1822 1656 μὲν
1843 1585 1947 1659 γὰρ

2055 1586 2413 1641 tabernacula
2442 1595 2565 1655 quae
2609 1600 2962 1656 nequaquam
3014 1584 3425 1650 concutientur,
3472 1598 3657 1653 neque

341 1679 411 1757 τὸ
463 1679 651 1750 σχῆμα
692 1677 786 1732 τοῦ
836 1678 1045 1747 κόσμου
1087 1675 1305 1741 τούτου,
1357 1674 1500 1728 κα·τά
1543 1674 1645 1740 τὰς
1703 1676 1947 1746 Γραφάς.

2054 1677 2427 1733 movebuntur
2452 1677 2641 1748 paxilli
2671 1675 3037 1741 tabernaculi,
3071 1687 3265 1757 neque
3291 1675 3452 1731 funes
3481 1675 3657 1745 ipsius

355 1755 724 1844 Ἒδραιοτάτη
769 1768 825 1821 δὲ
876 1767 1081 1836 σφόδρα
1119 1765 1216 1819 καὶ
1264 1764 1600 1835 ἀκράδαντος
1645 1764 1867 1828 πάντως
1915 1765 1947 1835 ἡ

2057 1769 2480 1839 disrumpentur
2521 1769 2606 1835 ‘9;
2669 1787 2689 1819 ι
2749 1766 3000 1838 praeterit
3043 1764 3194 1821 enim
3255 1755 3432 1836 ﬁgura
3487 1765 3656 1835 hujus

340 1834 471 1916 τῶν·
497 1834 776 1930 ἐσομένων
805 1834 978 1920 ἐλπίς.
1013 1834 1186 1910 »Ἀλλά
1225 1834 1431 1911 τούτων
1462 1856 1719 1922 ἁπάντων
1747 1834 1947 1926 λυομέέ

2055 1858 2250 1916 mundi
2277 1834 2355 1926 ἓτ’,
2389 1867 2451 1914 ut
2499 1834 2801 1929 Scripturaa
2847 1857 3077 1923 dicunt;
3110 1856 3204 1910 illa
3232 1834 3368 1911 vero
3407 1869 3534 1926 spes
3562 1834 3654 1910 lu-

339 1965 480 2019 νων,
513 1952 656 2007 καθά
692 1951 787 2005 καὶ
822 1949 914 2004 τοῦ
953 1949 1208 2020 Σωτῆρος
1238 1948 1614 2032 διισχυρίσατο
1656 1946 1943 2018 μαθητὴς,

340 2046 639 2116 ποταμοὺς
681 2042 762 2096 δεῖ
790 2040 1081 2112 εὑρεθῆναι
1119 2040 1297 2111 ἡμᾶς,
1327 2039 1517 2109 ἁγίους
1557 2039 1650 2093 καὶ
1685 2035 1948 2109 ἀμώμους

337 2133 477 2190 κατ’
505 2134 738 2188 ἐνώπιον
778 2131 944 2186 αὑτοῦ
965 2171 979 2194 ,
1022 2131 1420 2201 πνευματικαῖς
1470 2129 1566 2200 μὲν
1594 2127 1810 2192 θυσίαις
1846 2140 1948 2180 κα-

335 2227 786 2301 ταγεραίροντας
823 2207 899 2286 ὦς
937 2221 1173 2292 Σωτῆρα
1216 2218 1308 2275 καὶ
1347 2219 1664 2291 Λυτρωτήν,
1707 2220 1859 2293 ἱερὰν
1891 2220 1949 2274 δὲ

337 2322 445 2376 καὶ
479 2318 802 2380 ἁπόλεκτον,
845 2313 940 2368 καὶ
972 2315 1087 2376 τοῖς
1127 2311 1504 2380 εὖαγγελικοῖς
1543 2311 1947 2384 συμϐαίνουσαν

333 2411 536 2481 νόμοις
579 2405 1003 2477 ἐπιτηδεύοντας
1075 2401 1386 2456 πολιτείαν·
1445 2401 1698 2474 καθάπερ
1754 2401 1949 2474 ἀμέλει

335 2505 463 2564 τοῖς
505 2498 887 2573 ἀρχαιοτέροις
926 2497 955 2549 6
998 2494 1162 2566 νόμος
1202 2492 1303 2564 τὴν
1338 2491 1482 2546 οὕτω
1521 2495 1727 2564 σεπτήν
1764 2510 1823 2546 τε
1855 2494 1950 2547 καὶ

333 2594 680 2664 ἀξιόληπτον
724 2585 1087 2656 ἐσκιαγρᾶφει
1115 2584 1284 2656 ζωήνο
1319 2583 1694 2654 μηλοσφαγεῖν
1727 2585 1950 2638 ἐπιτάτ-

333 2705 482 2750 των,
527 2683 624 2737 καὶ
661 2680 764 2744 τὰς
807 2679 874 2732 δι’
919 2675 1170 2748 αἱμάτων
1222 2674 1498 2728 ποιεῖσθαι
1545 2675 1946 2748 προσαγωγὰς,

333 2780 590 2841 δεκάτας
613 2793 672 2828 τε
706 2773 801 2828 καὶ
834 2768 1091 2842 ἀπαρχὰς
1120 2767 1382 2839 ἀφιεροῦν
1412 2767 1491 2839 τῷ
1521 2767 1661 2838 Θεῷ,
1691 2768 1785 2822 καί¹
1812 2770 1948 2839 πρὸς

336 2871 564 2934 τούτοις
581 2867 661 2920 ἔτι
680 2865 1032 2938 χαριστήρια.
1057 2859 1225 2930 Πλὴν,
1249 2859 1348 2912 οὐκ
1366 2857 1472 2924 ἔξω
1491 2858 1649 2912 ταυτὶ
1668 2860 1766 2930 τῆς
1787 2859 1951 2929 ἁγίας

339 2957 692 3036 πράττεσθαι
722 2957 830 3011 δεῖν
855 2951 1165 3023 ἐνομοθέτει
1195 2951 1420 3024 σκηνῆς.
1459 2951 1784 3004 Ἀπόλεκτον
1807 2952 1864 3005 δὲ
1891 2952 1951 3006 τὸ

336 3055 418 3108 ὲκ
451 3049 582 3105 Λευῖ
608 3047 766 3116 γένος
803 3043 1041 3099 ἀνετίθει
1085 3041 1164 3112 τῷ
1210 3042 1350 3113 Θεῷ,
1375 3041 1545 3095 τύπον
1574 3043 1706 3112 ἡμῖν
1750 3043 1846 3096 καὶ
1870 3044 1950 3107 είς

2053 1959 2309 2008 turorum
2351 1952 2627 2007 bonorum
2679 1949 2998 2005 ﬁrmissima
3037 1956 3158 2016 est,
3208 1962 3389 2018 neque
3428 1948 3653 2004 concuti

2052 2044 2164 2099 ullo
2190 2044 2355 2098 modo
2403 2050 2604 2113 potest.
2657 2042 2786 2107 Sed,
2827 2056 2956 2096 cum
3017 2040 3137 2095 haec
3174 2040 3362 2094 omnia
3421 2040 3648 2094 solvan-

2067 2143 2158 2190 tur
2191 2137 2275 2206 (ut
2329 2134 2632 2190 salvatoris
2680 2131 2856 2188 nostri
2907 2147 3129 2203 quoque
3158 2130 3463 2202 discipulus
3507 2131 3654 2186 aﬂir—

2056 2226 2274 2298 mavit),
2310 2226 2502 2297 quales
2534 2241 2636 2281 nos
2673 2223 2910 2281 inveniri
2945 2230 3167 2295 oportet
3206 2225 3250 2257 “
3273 2265 3288 2289 ,
3337 2234 3558 2282 sanctos
3595 2235 3651 2280 et

2052 2318 2432 2373 immaculatos
2469 2318 2527 2372 in
2552 2321 2853 2388 conspectu
2884 2317 3036 2388 ejus;
3084 2315 3281 2372 hostiis
3322 2316 3450 2370 eum
3482 2317 3649 2386 spiri-

2053 2411 2298 2467 t'u‘alibus
2332 2419 2394 2466 ut
2434 2411 2777 2467 Salvatorem
2814 2414 2879 2465 ac
2909 2408 3340 2479 Redemptorem
3371 2424 3650 2464 veneran-

2055 2508 2157 2566 tes,
2207 2517 2272 2556 ac
2304 2515 2516 2556 sacram
2556 2507 2612 2554 et
2637 2499 2914 2570 egregiam
2942 2498 3418 2553 conversationem
3437 2539 3450 2562 ,
3484 2513 3652 2554 evan-

2051 2593 2351 2664 gelicisque
2393 2593 2608 2662 legibus
2650 2598 3051 2662 congruentem
3084 2594 3382 2659 sequentes
3416 2607 3429 2642 :
3460 2591 3647 2661 cujus-

2052 2682 2201 2737 modi
2230 2682 2453 2737 vivendi
2490 2697 2663 2753 genus
2703 2681 2844 2737 adeo
2873 2679 3252 2735 venerandum
3289 2689 3346 2734 et
3373 2680 3525 2734 omni
3553 2681 3650 2735 οὐδ

2052 2774 2350 2829 miratione
2392 2775 2623 2844 dignum
2675 2774 2763 2829 lex
2818 2772 3020 2844 priscis
3061 2772 3174 2827 illis
3201 2771 3522 2827 hominibus
3547 2773 3649 2827 ad-

2053 2867 2354 2932 umbravit,
2394 2882 2519 2921 cum
2557 2866 2799 2939 pecudes
2844 2865 3081 2931 caedere,
3115 2870 3172 2920 et
3206 2867 3464 2920 cruentas
3490 2865 3648 2921 obla—
3688 2905 3693 2910 .

2053 2958 2236 3012 tiones
2261 2958 2496 3023 offerre,
2533 2958 2779 3014 decimas
2807 2964 3099 3028 praeterea,
3131 2963 3190 3012 et
3235 2954 3509 3027 primitias
3536 2957 3648 3011 Deo

2052 3055 2402 3112 consecrare,
2443 3053 2677 3105 munera
2715 3048 2979 3119 denique,
3031 3047 3236 3118 quibus
3281 3047 3350 3103 de
3407 3047 3650 3117 acceptis

336 3147 498 3217 ἡμᾶς
538 3140 735 3204 αὐτοὺς
773 3137 834 3191 τὸ
870 3139 1061 3208 χρῆμα
1092 3135 1284 3199 τιθείς.
1330 3134 1664 3204 Κεκλήμεθα
1695 3133 1804 3207 γὰρ
1851 3135 1946 3188 καὶ

2052 3139 2339 3199 beneﬁciis
2373 3143 2562 3214 gratia:
2605 3149 2926 3212 agerentur,
2976 3141 3175 3219 afferre
3213 3139 3457 3212 juberet.
3519 3139 3648 3195 Πίου

334 3239 512 3310 ἡμεῖς
543 3232 695 3305 πα.ρά
719 3249 782 3300 γε
813 3233 932 3289 ταῖς
955 3227 1124 3289 θείαις
1151 3226 1398 3296 Γραφαῖς
1429 3243 1446 3276 ι
1481 3225 1637 3292 γένος
1661 3225 1940 3294 ἐκλεκτὸν,

334 3329 623 3404 βασίλειον
649 3324 972 3396 ἱεράτευμα,
1005 3320 1157 3384 ἔθνος
1187 3321 1360 3388 ἆγιον,
1386 3319 1515 3383 λαὸς
1538 3321 1617 3382 είς
1650 3320 1942 3392 περιποίηο

337 3436 458 3474 σιν.
494 3437 512 3468 ι
552 3412 946 3483 Εἱσελαύνομεν
975 3411 1032 3463 δὲ
1064 3408 1159 3462 καὶ
1185 3410 1264 3473 είς
1287 3408 1490 3480 σκηνὴν
1521 3407 1621 3480 τὴν
1647 3409 1943 3479 ἀληθεστέ-

335 3527 477 3584 ραν,
505 3509 571 3578 ἣν
613 3505 814 3577 ἔπηξεν
853 3505 882 3556 6
914 3501 1119 3573 Κύριος
1156 3499 1252 3554 καὶ
1298 3500 1398 3553 οὐκ
1436 3499 1758 3571 ἄνθρωπος,
1798 3501 1942 3555 τοῦτ.

333 3603 464 3655 ἔστι
533 3597 636 3670 τὴν
687 3593 1036 3666 Ἐκκλησίαν,
1081 3593 1144 3646 οὑ
1183 3592 1269 3646 διά
1317 3591 1534 3663 μόσχων
1593 3593 1688 3646 καὶ
1723 3593 1942 3664 τράγων

333 3688 826 3764 ἐκμειλισσόμενοι
846 3688 939 3741 τὸν
961 3685 1070 3740 τῶν
1092 3684 1228 3739 ὅλων
1253 3685 1618 3756 Δημιουργὸν,
1645 3685 1761 3738 ἀλλ’
1783 3685 1860 3749 ὡς
1881 3687 1941 3740 ὲν

332 3782 484 3855 ὀρθῇ
537 3797 597 3832 τε
646 3778 741 3832 καὶ
788 3778 1078 3848 ἀμωμήτῳ
1137 3775 1318 3829 πίστει
1364 3775 1794 3854 διαπρέποντες,
1845 3777 1940 3830 καὶ

333 3870 745 3942 πνευματικαῖς
799 3865 1201 3940 καρποφορίαις
1266 3864 1470 3936 νοητῶς
1532 3864 1939 3930 εὐωδιάζοντες.

339 3971 363 4011 δ
406 3961 697 4025 Τοιαύταις
727 3959 837 4032 γὰρ
863 3958 928 4029 δὴ
953 3956 1167 4022 θυσίαις
1191 3956 1572 4028 εὐαρεστεῖται
1604 3956 1760 4023 Θεὸς,
1795 3971 1814 4010 ο
1844 3957 1939 4011 καὶ

331 4057 474 4120 τοὺς
514 4051 958 4126 προσκυνοῦντας
991 4049 1174 4114 αὑτὸν,
1206 4050 1263 4103 ὲν
1289 4048 1561 4120 πνεύματι
1584 4049 1679 4104 καὶ
1711 4050 1940 4124 ἀληθείᾳ

331 4143 426 4206 δεῖ
447 4147 798 4220 προσκυνεῖν,
826 4142 971 4198 κατά
988 4143 1087 4214 τὴν
1105 4141 1198 4196 τοῦ
1229 4141 1484 4212 Σωτῆρος
1512 4144 1718 4214 φωνήν.

2049 3243 2234 3290 tamen
2271 3235 2478 3300 omnia,
2513 3250 2585 3290 ne
2612 3241 2768 3290 extra
2800 3241 3052 3288 sanctum
3085 3231 3508 3287 tabernaculum
3545 3231 3644 3286 ﬁes

2045 3334 2191 3390 rent,
2224 3325 2536 3381 constituit.
2569 3323 2846 3380 Selectum
2899 3328 3066 3392 porro
3109 3321 3432 3377 Levitarum
3470 3335 3647 3392 genus

2043 3417 2156 3474 Deo
2195 3417 2430 3485 dicavit;
2465 3424 2573 3488 qua
2611 3416 2839 3488 quidem
2889 3415 2948 3470 in
3001 3431 3062 3471 re
3107 3414 3271 3470 nobis
3308 3413 3538 3486 ﬁguram
3574 3415 3642 3470 ad

2042 3523 2144 3563 nos
2171 3508 2319 3580 ipsos
2341 3507 2712 3580 pertinentem
2739 3505 2894 3560 dedit
2928 3521 2941 3557 :
2975 3519 3104 3559 nam
3151 3503 3208 3559 in
3255 3503 3460 3560 divinis
3499 3503 3646 3560 Scri-

2045 3601 2229 3672 pturis
2268 3615 2370 3655 nos
2397 3613 2620 3670 quoque
2652 3607 2849 3652 sumus
2887 3615 2906 3649 ι
2952 3611 3129 3668 genus
3167 3596 3430 3662 electum,
3463 3598 3644 3666 regale

2049 3689 2442 3756 sacerdotium,
2464 3703 2598 3762 gens
2625 3695 2839 3752 sancta,
2865 3686 3106 3759 populus
3135 3685 3520 3755 acquisitionis
3541 3686 3589 3718 '-"
3619 3707 3637 3738 ›

2051 3783 2351 3854 appellati;
2391 3782 2487 3854 qui
2536 3781 2706 3838 etiam
2747 3779 2938 3836 Verius
2984 3779 3406 3835 tabernaculum
3428 3819 3444 3844 ,
3495 3781 3643 3850 quod

2050 3874 2170 3929 ﬁxit
2199 3875 2367 3941 Deus,
2400 3883 2457 3930 et
2493 3890 2606 3929 non
2648 3873 2817 3928 homo
2857 3871 2925 3936 ⁷³,
2967 3869 3024 3925 id
3067 3877 3154 3926 est
3187 3869 3514 3936 Ecclesiam,
3555 3870 3644 3926 in-

2046 3965 2368 4036 gredimur;
2403 3981 2516 4021 non
2541 3963 2690 4036 quod
2722 3962 3115 4018 universarum
3151 3976 3341 4016 rerum
3371 3959 3642 4016 Condito-
3729 4013 3736 4022 ,

2046 4071 2163 4112 rem
2188 4057 2377 4112 vitulis
2418 4050 2476 4113 et
2523 4056 2694 4112 hircis
2720 4055 3025 4126 placemus,
3058 4051 3156 4108 sed
3191 4062 3342 4108 recta
3373 4052 3661 4108 immacu-s'

2044 4149 2264 4219 lataque
2300 4148 2407 4204 ﬁde
2440 4149 2615 4205 simus
2677 4146 2881 4212 ornati,
2932 4159 2998 4201 ac
3037 4145 3356 4215 spirituaies
3401 4145 3641 4202 oblatio-

337 4250 466 4313 lies,
514 4240 879 4315 intelligentia
925 4238 1254 4305 sublimiori,
1307 4239 1365 4294 in
1411 4239 1642 4295 odorem
1708 4242 1997 4300 suavitatis
2073 4245 2451 4301 incendamus.
2489 4264 2508 4298 ‹
2561 4244 2790 4301 Talibus
2841 4242 2992 4298 enim
3039 4239 3241 4298 hostiis
3291 4253 3643 4314 promeretur

334 4342 494 4399 Deus
518 4339 568 4371 ⁷³
593 4357 606 4392 :
648 4357 666 4390 ι
703 4344 760 4392 et
787 4350 884 4390 eos
913 4333 1009 4404 qui
1047 4333 1282 4389 adorant
1310 4348 1460 4399 eum,
1489 4342 1550 4388 ut
1579 4333 1832 4391 Salvator
1853 4344 2043 4393 noster
2082 4337 2241 4403 dixit,
2297 4337 2353 4394 in
2409 4337 2612 4409 spiritu
2647 4336 2960 4392 etveritat‘e
2989 4333 3223 4389 adorare
3248 4341 3467 4404 oportet
3496 4336 3565 4390 ⁷⁸.

417 4436 625 4490 ΠᾹΛΛ.
679 4429 886 4504 Ὀρθῶς
919 4429 1075 4500 ἔφης.
1113 4429 1222 4482 Καὶ¹
1264 4428 1480 4492 θυσίαις
1523 4429 1621 4499 μὲν
1648 4433 1770 4495 ταῖς
1799 4432 1940 4505 ὑπὲρ

2116 4433 2315 4490 PALL.
2349 4435 2520 4491 Recte
2547 4449 2679 4489 sane
2711 4432 2869 4488 dicis.
2897 4431 3105 4487 Verum
3133 4429 3332 4485 hostiis
3379 4431 3638 4501 equidem

334 4530 508 4599 νόμον
530 4528 613 4580 ὅτι
635 4523 915 4595 προσῆκεν
937 4522 1083 4591 ἡμᾶς
1105 4519 1434 4590 εὐδοκιμεῖν,
1459 4519 1627 4590 φαίην
1650 4520 1716 4575 διν
1741 4520 1936 4591 ἔγωγε.

337 4622 688 4695 συνθήσομαι
727 4619 855 4686 γάρ.
887 4615 1057 4686 Πλὴν,
1101 4617 1281 4670 ἐκεῖνο
1309 4615 1538 4687 φράσον·
1587 4609 1679 4688 ἆρ⁴
1717 4618 1817 4672 οὐκ
1861 4621 1941 4684 είς

334 4715 514 4773 τύπον
543 4713 676 4784 ἡμῖν
699 4709 798 4780 τῆς
829 4710 886 4776 ἐξ
927 4709 1098 4762 ἐθνῶν
1142 4707 1471 4777 Ἐκκλησίας
1499 4709 1532 4770 ἡ
1569 4708 1774 4763 παλαιὰ
1801 4711 1941 4765 κατὰ

334 4806 442 4880 τὴν
467 4804 675 4877 ἔρημον
695 4802 1022 4871 διεπήγνυτο
1047 4798 1243 4869 σκηνὴ.
1273 4799 1373 4868 τῆς
1403 4794 1940 4873 ἀληθεστέραξάμυ-

332 4897 467 4974 δρόν
495 4905 612 4960 πως
650 4895 731 4948 ἔτι
761 4895 823 4947 τὸ
851 4893 1046 4955 κάλλος
1072 4891 1437 4961 ὲκφαίνουσας

410 5164 581 5221 ΚΥΡ.
617 5151 768 5218 Πάνυ
833 5159 934 5233 μὲν
994 5155 1110 5214 οὗνι
1175 5160 1356 5232 Ἐφην
1399 5160 1457 5214 δὲ
1516 5163 1614 5216 καὶ
1675 5163 1883 5235 ἀρτίως
1919 5205 1935 5232 ,

333 5242 424 5318 δτὶ
496 5259 593 5313 καὶ⁵
634 5256 696 5310 τὸ
742 5255 943 5326 ἃριστα
976 5252 1086 5306 δεῖν
1139 5251 1396 5322 εἰλῆφθαι
1438 5253 1573 5325 πρὸς
1621 5253 1774 5324 ίερὰς
1832 5256 1940 5310 λει-

329 5353 602 5426 τουργίας
657 5349 786 5412 τοὺς
839 5345 899 5413 ἐξ
957 5345 1184 5415 αἵματος
1225 5343 1391 5409 Λευῖ,
1435 5345 1530 5399 καὶ
1560 5347 1936 5420 ἷκεκλημένων

332 5447 400 5501 ὲν
456 5444 639 5498 πίστει
703 5441 840 5504 πρὸς
893 5437 1048 5508 ἱερὰν
1106 5438 1200 5490 καὶ
1247 5436 1550 5508 ἀμώμητον
1605 5439 1774 5510 ζωὴν,
1831 5460 1936 5514 φη-

337 5541 406 5613 μὶ
453 5538 518 5607 δὴ
564 5535 662 5606 τὴν
711 5535 770 5586 ὲν
811 5528 1066 5603 Χριστῷ,
1108 5527 1275 5593 τύπος
1333 5528 1399 5582 ἂν
1457 5529 1544 5600 είη
1605 5532 1788 5588 πάλιν.

2039 4545 2162 4600 quae
2193 4529 2303 4584 sint
2329 4527 2600 4599 legalibus
2627 4527 2738 4582 illis
2766 4523 3202 4597 praestantiores,
3225 4538 3328 4579 nos
3358 4538 3641 4581 commen-

2039 4617 2158 4676 dari
2183 4629 2445 4690 oportere
2466 4618 2695 4674 minime
2722 4615 3048 4682 abnuerim;
3092 4613 3194 4672 tibi
3225 4615 3375 4670 enim
3401 4615 3641 4674 libenter

2038 4711 2332 4768 assentior.
2377 4710 2487 4766 Sed
2527 4720 2713 4766 tamen
2738 4706 2877 4764 illud
2921 4707 3166 4778 explices
3189 4707 3379 4772 velim,
3419 4725 3486 4763 an
3527 4726 3637 4765 non

2041 4804 2097 4859 in
2130 4804 2308 4876 ﬁgura
2356 4803 2620 4860 Ecclesiae
2664 4819 2734 4858 ex
2771 4801 3031 4874 gentibus
3065 4805 3227 4857 vetus
3267 4803 3403 4857 illud
3451 4802 3638 4858 t'a’berx

2041 4896 2300 4952 naculum
2333 4911 2436 4966 per
2476 4910 2728 4951 eremum
2763 4893 2837 4949 sit
2873 4892 3064 4958 ﬁXum,
3090 4892 3240 4963 quod
3269 4893 3420 4948 illius
3451 4895 3637 4948 verio-

2042 4989 2120 5045 ris
2160 4988 2540 5044 obscuriorem
2576 4986 2985 5060 quodammodo
3027 4984 3212 5041 adhuc
3243 4985 3481 5055 speciem
3524 5001 3637 5054 prie

2040 5094 2101 5135 se
2134 5078 2341 5134 ferret?

2085 5168 2269 5240 ,CYR.
2296 5169 2527 5226 Maxime
2556 5182 2689 5225 vero
2721 5185 2736 5222 :
2766 5167 2880 5223 dixi
2914 5167 3083 5222 etiam
3115 5162 3278 5234 paulo
3307 5170 3456 5226 ante,
3486 5161 3541 5216 in
3568 5180 3637 5218 eo

2042 5263 2190 5334 quod
2230 5264 2299 5318 ad
2351 5274 2507 5320 sacra
2555 5261 2820 5333 obsequia
2869 5260 2909 5315 ii
2957 5259 3061 5314 rite
3095 5255 3412 5312 assumendi
3450 5265 3631 5321 erant,

2043 5357 2140 5427 qui
2173 5356 2241 5411 de
2270 5371 2473 5427 genere
2502 5355 2637 5411 Levi
2678 5354 2787 5410 orti
2826 5360 3034 5416 essent,
3068 5363 3264 5404 rursus
3298 5363 3492 5404 eorum
3536 5351 3632 5421 qui

2043 5447 2110 5501 ad
2157 5463 2370 5503 sacram
2429 5445 2951 5516 immaculatamque
2995 5441 3204 5507 vitam,
3258 5441 3527 5507 nimirum
3574 5443 3634 5498 in

2044 5537 2285 5606 Christo,
2314 5539 2496 5595 vocati
2557 5546 2763 5603 essent,
2824 5536 2992 5607 289
3054 5535 3284 5606 ﬁguram
3337 5535 3631 5590 contineri,

411 5713 673 5768 “Matth.
730 5727 853 5771 xxv,
910 5711 1000 5764 2!.
1077 5713 1120 5744 ‘9
1164 5712 1498 5782 lsatxxxm,
1539 5709 1628 5764 20.
1707 5698 1947 5770 "lCor,

2051 5733 2084 5782 ι,
2115 5717 2204 5772 51.
2283 5718 2325 5748 ⁷¹
2357 5717 2401 5772 ll
2423 5715 2540 5771 Pet.
2580 5731 2660 5772 ιιι.
2708 5716 2794 5772 Η.
2881 5716 2968 5771 τί
3008 5715 3124 5772 pet,
3159 5729 3216 5779 ιι,
3247 5713 3300 5768 9,
3375 5709 3422 5743 τι
3455 5690 3590 5764 H‘eb-

339 5801 456 5850 vm,
492 5785 543 5855 Ξ.
622 5784 671 5816 τι
701 5782 868 5838 Hebr;
895 5798 1009 5850 xm,
1049 5782 1135 5839 16.
1212 5783 1257 5813 ’³⁵
1279 5781 1434 5838 Joan.
1467 5796 1541 5849 ιν,
1569 5781 1662 5836 24.
