4118 6426
511 365 520 372 ’
559 383 655 448 391

1589 388 1643 442 S.
1684 389 1963 446 CYRILLI
2001 386 2473 446 ALEXANDRINI
2515 384 2834 440 ARClllEP.

3727 380 3828 438 592

627 507 824 563 PALL.
872 507 1033 562 Visne
1064 497 1231 576 igitur
1262 504 1513 558 nonnihil
1554 504 1623 559 de
1667 517 1858 560 sancto
1887 507 2144 562 taberna-

2323 504 2532 558 ΠΑΛΛ.
2575 493 2762 556 Βούλει
2813 500 2876 572 δὴ
2925 491 3016 554 οὖν
3062 494 3218 568 ὀλίγα
3266 495 3402 552 am
3455 498 3582 569 περί
3627 516 3689 552 τε
3730 499 3828 570 τῆς

555 599 701 663 culo,
730 609 785 652 et
814 598 880 652 dc
918 597 1076 667 legali
1109 595 1418 651 sacerdotio
1473 597 1744 662 dicamus,
1796 599 1870 653 ita
1915 607 1976 654 ut
2017 614 2146 669 quae

556 690 895 745 sanctissime
926 696 1054 742 sunt
1084 695 1317 756 utraque
1354 687 1424 743 de
1466 704 1527 744 re
1563 690 1793 756 sancita,
1823 700 2012 745 nostra
2047 706 2144 744 ex-

555 783 740 851 quirat
768 779 982 836 oratio?

619 935 777 991 CYR.
826 936 922 989 Est
953 935 1177 1005 quidem
1221 950 1284 990 ea
1339 951 1428 993 res
1476 938 1622 992 haud
1655 937 1832 992 facilis
1869 936 2146 991 :maxima

553 1043 789 1097 namque
818 1028 1261 1097 nobis'opera'et
1290 1028 1500 1094 labore,
1524 1028 1754 1093 Palladi,
1776 1027 1842 1082 ad
1878 1028 1995 1083 haec
2028 1036 2146 1082 tum

553 1117 928 1186 intelligenda,
955 1121 1072 1172 tum
1113 1119 1279 1173 etiam
1305 1117 1650 1183 disserenda,
1679 1134 1816 1188 opus
1853 1119 1979 1173 erit.
2013 1117 2143 1183 Sed,

553 1209 598 1261 si
624 1209 699 1262 ita
729 1208 965 1271 videtur,
997 1209 1097 1264 Dei
1131 1209 1334 1264 auxilio
1376 1210 1532 1272 freti,
1563 1210 1942 1281 aggrediamur
1981 1227 1994 1262 :
2045 1225 2146 1263 au-

555 1301 685 1354 disti
718 1300 866 1354 enim
898 1301 1050 1355 illum
1089 1309 1281 1372 aperte
1312 1302 1588 1356 dicentem
1625 1312 1647 1353 ':
1691 1321 1709 1352 ι
1731 1301 1875 1368 Quis
1901 1301 2055 1355 dedit
2086 1317 2149 1356 os

555 1394 767 1449 homini
791 1394 815 1447 ἲ
839 1403 895 1448 et
923 1395 1048 1464 quis
1080 1394 1211 1448 fecit
1267 1403 1480 1447 mutum
1545 1402 1603 1448 et
1657 1393 1909 1458 Surdum,
1946 1394 2145 1448 viden-

559 1494 668 1540 tem
700 1494 754 1540 ct
781 1502 986 1542 caacum
1008 1486 1032 1539 ?
1056 1501 1239 1540 nonne
1274 1501 1374 1556 ego
1402 1485 1669 1540 Dominus
1702 1486 1885 1540 Deus?
1910 1483 1977 1540 Et
2001 1500 2148 1540 nunc

557 1579 716 1644 vade,
754 1585 811 1634 et
853 1594 953 1648 ego
978 1577 1221 1650 aperiam
1251 1593 1314 1632 os
1341 1585 1496 1631 tuum
1521 1578 1588 1630 ⁷⁸.
1631 1595 1648 1628 ›

631 1825 824 1879 PALL.
860 1827 1031 1897 Perge
1062 1826 1246 1897 igitur,
1282 1833 1340 1880 et
1383 1826 1536 1880 illum
1592 1824 1876 1896 sapientia
1923 1825 2150 1896 largito-

563 1931 677 1969 rem
711 1915 778 1970 ad
809 1929 928 1970 eam
961 1931 1078 1970 rem
1112 1916 1421 1986 adjutorem
1461 1915 1682 1970 adhibe.

627 2051 1053 2123 (IUL-Pergam
1089 2052 1368 2128 equidem,
1411 2061 1576 2122 atque
1609 2054 1723 2123 jam
1757 2043 2042 2124 aggrediar
2082 2051 2150 2107 ad

557 2143 872 2206 dicendum,
911 2158 974 2197 ac
1006 2142 1074 2196 de
1122 2142 1294 2197 sacris
1327 2142 1551 2198 Litteris
1586 2142 1882 2212 diligenter
1905 2141 2154 2196 testimo-

558 2235 647 2288 nia
678 2234 948 2304 colligam.
986 2233 1284 2288 Descendit
1325 2232 1495 2305 igitur
1526 2233 1667 2304 ignis
1695 2233 1878 2303 specie
1906 2233 1961 2286 in
1992 2247 2151 2286 mon-

559 2339 668 2382 tem
704 2327 834 2381 Sina
856 2327 1005 2381 Deus
1041 2326 1133 2382 ille
1163 2327 1552 2381 universorum
1591 2325 1865 2389 conditor,
1894 2323 2152 2394 legesque

558 2418 682 2473 tulit
735 2418 939 2488 quibus
985 2418 1183 2472 liceret
1238 2418 1486 2489 singulas
1536 2418 1784 2471 actiones
1833 2415 1901 2469 ad
1945 2423 2151 2469 rectam

557 2525 856 2579 veramque
889 2524 1140 2564 normam
1178 2509 1440 2580 dirigere.
1477 2508 1708 2572 Deinde,
1749 2515 1811 2561 ut
1850 2507 1972 2561 illos
1998 2524 2029 2561 a
2063 2522 2155 2561 ve-

558 2603 662 2656 teri
692 2618 884 2658 errore
931 2601 1237 2657 abduceret
1259 2642 1274 2667 ,
1313 2608 1477 2672 atque
1501 2617 1532 2655 a
1567 2600 1706 2655 falso
1742 2600 1894 2654 cultu
1945 2599 2151 2669 longis-

556 2693 695 2750 sime
740 2703 1070 2760 removeret,
1136 2694 1357 2750 locutus
1406 2701 1491 2749 est
1554 2692 1621 2747 ad
1681 2691 1925 2762 Moysen,
1959 2691 2054 2760 qui
2088 2706 2153 2744 eo

563 2800 806 2855 tempore
881 2784 1157 2839 mediator
1206 2792 1346 2840 erat.
1392 2804 1410 2837 ‹
1456 2785 1583 2840 Haec
1639 2783 1830 2849 dices,
1879 2803 1896 2835 ι
1936 2783 2149 2853 inquit,

553 2894 584 2925 ~¢
611 2873 803 2930 domui
840 2875 1034 2941 Jacob,
1066 2875 1503 2930 et-annuntiabis
1531 2875 1657 2930 filiis
1691 2877 1858 2931 Israel
1898 2893 1910 2929 :
1940 2877 2049 2931 Vos
2075 2877 2154 2928 vi”

556 2969 720 3024 distis
781 2969 930 3038 quod
956 2984 988 3023 e
1028 2969 1168 3024 crelo
1211 2969 1432 3024 locutus
1467 2969 1568 3023 sim
1600 2969 1757 3024 vobis
1791 2987 1802 3021 :
1841 2985 1951 3022 non
1981 2968 2149 3023 facie--

541 3064 629 3117 ~tis
660 3060 818 3116 vobis
839 3061 973 3116 deos
998 3067 1313 3132 argenteos,
1351 3067 1407 3114 et
1429 3059 1563 3115 deos
1586 3075 1787 3114 aureos
1807 3076 1919 3115 non
1941 3047 2152 3114 facietis

553 3151 712 3205 vobis
751 3151 885 3222 ipsis
910 3152 974 3205 ⁷⁷.
1011 3170 1028 3202 ›
1057 3151 1202 3206 Deos
1227 3151 1375 3205 enim
1400 3149 1538 3205 falso
1575 3151 1800 3206 nomine
1850 3153 2154 3222 appellatos

553 3243 736 3298 colere
766 3259 880 3298 non
911 3242 1302 3312 permittebat;
1345 3241 1442 3297 sed
1467 3242 1518 3296 ei
1541 3242 1642 3297 soli
1670 3243 1945 3298 inhaerere
1970 3244 2150 3314 jubet,

545 3334 648 3405 qui
701 3333 768 3389 de
809 3333 1027 3403 superis
1067 3333 1205 3388 locis
1244 3349 1308 3387 ac
1351 3333 1419 3388 de
1461 3334 1602 3389 coelo
1645 3341 1893 3400 venerat,
1945 3335 2152 3404 quique

540 3441 749 3481 revera
839 3425 1012 3480 rebus
1071 3425 1346 3480 universis
1403 3424 1830 3491 dominabatur,
1885 3427 2151 3496 cujusque

555 3515 817 3587 splendor
844 3532 955 3570 non
989 3516 1261 3571 materiali
1300 3517 1484 3587 specie
1531 3525 1696 3586 atque
1747 3517 1932 3572 colore
1971 3517 2150 3572 conti-

550 3607 832 3673 nebatur;
871 3605 968 3662 sed
1003 3605 1061 3660 in
1093 3622 1161 3661 eo
1199 3607 1346 3677 quod
1381 3623 1542 3662 suum
1575 3623 1696 3663 esse
1737 3608 1937 3662 coelum
1962 3616 2152 3663 osten-

543 3697 744 3753 debat.
791 3699 924 3754 Erat
967 3705 1152 3754 autem
1190 3697 1600 3770 quodammodo
1645 3699 2039 3764 necessarium,
2067 3708 2150 3764 ut,

545 3793 760 3864 quibus
780 3792 1000 3864 jussum
1036 3798 1201 3858 erat,
1228 3807 1259 3846 a
1289 3791 1465 3845 veteri
1509 3791 1791 3862 impietate
1828 3792 2150 3863 nefarioque

551 3883 710 3938 cultu
745 3883 1037 3948 recedere,
1093 3882 1130 3936 ii
1186 3881 1254 3937 ad
1304 3882 1764 3938 consuetudinem
1795 3884 1959 3938 aliam
2001 3884 2150 3940 illico

559 3975 879 4040 transirent,
921 3991 984 4030 ac
1023 3975 1134 4030 'Dei
1177 3975 1324 4029 illius
1385 3976 1480 4044 qui
1543 3977 1847 4032 secundum
1894 3986 2150 4032 naturam

561 4073 704 4125 Deus
726 4077 832 4135 est,
871 4069 1105 4133 cultum,
1151 4075 1414 4138 tanquam
1447 4071 1638 4142 jugum
1680 4071 1980 4142 quoddam,
2019 4071 2151 4127 sub-

559 4164 704 4217 irent
736 4180 748 4213 :
777 4160 996 4215 animus
1026 4159 1228 4230 quippe
1256 4160 1399 4217 liber
1430 4178 1495 4218 ac
1521 4164 1736 4220 solutus
1761 4164 2008 4219 cohiberi
2033 4180 2146 4220 non

557 4261 761 4325 potest,
807 4253 1177 4323 facillimeque
1226 4253 1295 4308 ad
1325 4254 1719 4312 absurdissima
1747 4273 1976 4327 quaeque
2003 4272 2146 4327 pra:-

556 4361 688 4415 eeps
717 4345 894 4400 fertur
922 4364 934 4398 :
969 4345 1135 4411 idem,
1187 4347 1232 4402 si
1270 4356 1453 4403 metus
1482 4356 1647 4418 atque
1694 4348 2011 4403 sollicitudo
2040 4348 2147 4401 im-

558 4436 784 4499 mineat,
828 4435 980 4490 nullo
1013 4437 1233 4507 negotio
1263 4437 1330 4492 ad
1358 4444 1570 4492 rectum
1615 4437 1720 4491 iter
1764 4437 2008 4492 accurrit
2031 4477 2045 4501 ,
2093 4446 2149 4490 et

2256 597 2417 666 ἁγίας
2453 594 2660 664 σκηνῆς
2678 633 2693 658 ,
2721 593 2935 664 καὶτῆς
2965 591 3107 646 κατά
3133 592 3301 662 ’νόμον
3337 588 3830 662 ίερωσύνηςλέγω-

2259 705 2392 758 μεν,
2432 685 2815 758 βασανίζοντος
2862 686 2994 756 ἡμῖν
3035 685 3130 738 τοῦ
3179 683 3340 752 λόγου
3382 684 3452 736 τά
3501 683 3586 735 ἐπ’
3629 683 3830 754 ἀμφοῖν

2253 781 2415 845 ὁσίως
2444 773 2847 850 τεθεσπισμένα
2871 793 2886 844 ;

2325 935 2492 988 ΚΥΡ.
2539 933 2654 987 Οὐκ
2697 919 2908 1005 ἀτραχυ
2940 930 3039 1002 μὲν
3067 931 3129 984 τὸ
3159 930 3368 1002 χρῆμα·
3406 931 3571 984 πόνου
3597 930 3732 1003 γὰρ,
3758 927 3831 985 οῖ-

2258 1044 2379 1098 μαι,
2409 1025 2591 1097 δεήσει
2630 1022 2866 1096 μακροῦ,
2907 1023 3002 1076 καὶ
3030 1023 3252 1094 ἱδρῶτος
3280 1023 3432 1092 ἡμῖν,
3463 1015 3509 1076 ὦ
3544 1022 3829 1087 Παλλάδιε,

2256 1117 2391 1188 πρός
2431 1133 2492 1168 τε
2529 1116 2589 1167 τὸ
2635 1113 2896 1168 δύνασθαι
2940 1113 3180 1167 συνιέναι
3219 1113 3411 1178 ταυτὶ,
3461 1113 3557 1166 καὶ
3597 1113 3704 1185 μὴν
3745 1115 3833 1166 καὶ

2256 1208 2481 1278 φράσαι.
2530 1205 2717 1276 Ἀτάρ,
2751 1206 2885 1258 εῐτοι
2921 1205 3089 1268 δοκεῖ,
3119 1204 3238 1274 Θεῷ
3278 1205 3492 1258 πίσυνοι
3521 1203 3834 1275 διαστείχω-

2259 1316 2380 1371 μεν·
2415 1297 2672 1352 διεπύθου
2708 1295 2818 1367 γάρ
2873 1296 3126 1363 λέγοντος
3169 1295 3450 1366 ἐναργῶς,
3487 1313 3505 1346 ι
3549 1295 3644 1360 Τίς
3671 1295 3833 1349 ἔδωκε

2258 1392 2432 1462 στόμα
2487 1388 2790 1460 ἀνθρώπῳ;
2844 1387 2937 1442 καὶ⁸
2989 1386 3070 1449 τίς
3128 1386 3354 1458 ἐποίησε
3407 1387 3696 1455 δύσκωφον
3746 1387 3836 1441 καὶ

2255 1482 2469 1551 κωφὸν,
2521 1481 2786 1552 βλέποντα
2833 1480 2930 1533 καὶ
2973 1478 3207 1548 τυφλόν;
3253 1480 3354 1531 οὐκ
3401 1478 3515 1548 ἐγὼ
3561 1480 3764 1550 Κύριος
3809 1483 3836 1532 ὁ

2256 1575 2416 1639 Θεός;
2475 1575 2571 1628 καὶ
2609 1572 2704 1628 νῦν
2751 1572 2984 1644 πορεύου
3039 1571 3131 1624 καὶ
3176 1569 3288 1639 ἐγὼ
3327 1571 3528 1636 άνοίξω
3567 1571 3630 1624 τὸ
3663 1571 3833 1642 στόμα

2258 1681 2371 1719 σου.
2416 1684 2435 1717 θ

2328 1820 2539 1872 ΠΑΛΛ.
2580 1818 2682 1871 Ἴθι
2715 1817 2779 1887 δὴ
2803 1813 2918 1880 οὖν,
2946 1815 3290 1886 συλλήπτορα
3321 1816 3414 1868 καὶ
3439 1815 3574 1886 πρός
3599 1831 3661 1882 γε
3691 1813 3836 1867 τουτὶ

2255 1907 2346 1962 τὸν
2368 1910 2467 1978 τῆς
2496 1908 2691 1977 σοφίας
2733 1907 3058 1977 ποιούμενος
3087 1907 3343 1978 χορηγόν.

2326 2044 2492 2097 ΚΥΡ.
2525 2041 2734 2096 Οὐκοῦν
2785 2037 2901 2112 εῖμί
2943 2057 3058 2105 τοι,
3098 2041 3193 2094 καὶ
3244 2040 3307 2111 δὴ
3357 2040 3453 2093 καὶ
3502 2039 3633 2112 ἐρῶ,
3670 2041 3740 2094 τὰ
3781 2041 3840 2107 ἐξ

2257 2135 2418 2209 ἱερῶν
2470 2135 2819 2207 Γραμμάτων
2864 2128 2924 2187 εὖ
2974 2133 3120 2205 μάλα
3161 2133 3521 2202 συνενεγκών.
3565 2133 3838 2205 Κατέθορε

2259 2230 2357 2300 μὲν
2403 2228 2512 2299 γάρ
2559 2231 2616 2281 ἐν
2664 2227 2793 2279 εῖδει
2843 2225 3017 2296 πυρὸς
3056 2226 3149 2278 ἐπὶ
3189 2223 3315 2295 ὅρος
3365 2224 3429 2278 τό
3473 2225 3606 2278 Σινᾶ
3641 2223 3772 2288 Θεὸς
3811 2225 3840 2278 ὀ

2259 2323 2475 2375 πάντων
2503 2318 2859 2391 δημιουργὸς,
2895 2317 2990 2370 καὶ
3040 2317 3238 2387 νόμους
3277 2315 3469 2379 ἐτίθει,
3501 2315 3627 2370 καθ’
3655 2314 3749 2380 οῦς
3773 2310 3839 2387 ἦν

2255 2415 2464 2468 ἕκαστα
2504 2411 2613 2466 τῶν
2657 2409 2947 2479 πρακτέων
2995 2407 3368 2478 ἀποφέρεσθαι
3414 2406 3548 2478 πρὸς
3603 2404 3665 2460 τι
3711 2408 3835 2462 εὐθὺ

2256 2507 2349 2559 καὶ
2400 2503 2701 2575 ἀκιϐδήλως
2733 2501 2874 2572 ἔχον.
2924 2497 3058 2554 Εἶτα
3091 2501 3188 2572 τῆς
3241 2500 3611 2572 ἀρχαιοτέρας
3643 2501 3839 2563 αὐτοὺς

2257 2595 2607 2667 αποκομίζων
2642 2593 2872 2666 πλάνης,
2911 2594 3006 2648 καὶ
3050 2593 3148 2664 τῆς
3187 2594 3246 2646 ἐν
3279 2593 3542 2663 Αἰγύπτῳ
3575 2591 3838 2661 ψευδολα-

2255 2689 2441 2760 τρείας
2487 2685 2563 2752 ὡς
2615 2685 2890 2740 ἀπωτάτω
2929 2686 3134 2752 τιθεὶς,
3168 2685 3498 2756 προσελάλει
3546 2686 3720 2757 Μωσῇ
3766 2683 3840 2756 τῷ

2261 2772 2510 2849 mundtiis
2535 2778 2896 2850 μεσιτεύοντι.
2935 2797 2954 2830 ι
2979 2778 3117 2832 Τάδε
3151 2778 3354 2849 ἐρεῖς,›
3387 2778 3554 2849 φησὶ,
3576 2777 3682 2850 «τῷ
3712 2779 3841 2847 οἴκῳ

2271 2871 2488 2937 Ἰακὼϐ,
2534 2872 2629 2925 καὶ
2671 2871 2994 2940 ἀναγγελεῖς
3037 2873 3151 2934 τοῖς
3193 2873 3328 2934 υἱοῖς
3373 2867 3611 2942 Ἰσραήλο
3656 2870 3842 2941 Ὑμεῖς

2256 2966 2560 3037 ἑωράκατε,
2596 2964 2677 3018 ὅτι
2709 2965 2775 3017 ἐκ
2809 2962 2904 3017 τοῦ
2935 2963 3166 3034 ούρανοῦ
3200 2962 3476 3032 λελάληκα
3502 2962 3638 3032 πρὸς
3677 2963 3838 3033 ὑμᾶς,

2257 3059 2317 3110 οὐ
2352 3058 2608 3128 ποιήσετε
2636 3046 2855 3120 ἑαυτοῖς
2890 3055 3046 3119 θεοὺς
3077 3047 3376 3127 ἀργυροῦς,
3407 3055 3510 3107 ’καὶ
3535 3054 3692 3118 θεοὺς
3719 3071 3844 3124 χρυ-

2259 3149 2385 3212 σοῦς
2427 3149 2486 3202 οὐ
2533 3151 2789 3220 ποιήσετε
2840 3142 2969 3218 ὑμῖν
3025 3148 3260 3211 ἑαυτοῖς.
3318 3165 3337 3199 ι
3369 3145 3532 3211 ’Θεοῖς
3581 3147 3681 3218 μὲν
3729 3146 3840 3217 γάρ

2257 3245 2356 3297 οὐκ
2389 3243 2541 3313 ἠφίει
2580 3245 2695 3306 τοῖς
2723 3241 3099 3312 ψευδωνύμοις
3131 3230 3438 3312 λατρεύειν.
3481 3239 3846 3312 Προσκεῖσθαι

2253 3335 2310 3389 δὲ
2339 3334 2450 3388 δεῖν
2493 3334 2774 3389 ἐπιτάττει
2807 3333 2954 3405 μόνῳ
2977 3332 3054 3403 τῷ
3077 3323 3289 3387 ’ἀνωθεν
3317 3329 3506 3402 ἥκοντι
3539 3332 3632 3386 καὶ
3666 3332 3724 3398 ἐξ
3749 3333 3846 3384 ού-

2256 3421 2447 3494 ρανοῦ,
2493 3423 2590 3476 καὶ
2638 3421 2718 3493 τῷ
2767 3423 2909 3476 κατὰ
2957 3422 3176 3476 πάντων
3218 3420 3497 3485 οὐσιωδῶς
3544 3421 3846 3493 ἀνημμένῳ

2252 3512 2314 3565 τὸ
2362 3512 2566 3584 κράτος
2587 3554 2600 3578 ,
2632 3513 2735 3565 οὐκ
2781 3513 2839 3565 ἐν
2890 3512 3168 3582 εὐχροίαις
3213 3506 3358 3565 ὖλῶν
3391 3511 3568 3583 ἔχοντι
3599 3511 3660 3565 τὸ
3691 3530 3849 3584 περι-

2254 3604 2444 3672 φανὲς,
2478 3603 2592 3656 ἀλλ’
2623 3605 2680 3656 ἐν
2716 3603 2796 3674 τῷ
2829 3604 3098 3658 δεικνύειν
3144 3603 3274 3658 ίδιον
3317 3603 3446 3658 ὅντα
3477 3605 3566 3659 τὸν
3594 3605 3842 3678 οὐρανόν.

2251 3692 2361 3750 Ἦν
2392 3697 2450 3750 δέ
2483 3715 2598 3760 πως
2644 3697 2891 3768 ἀνάγκη,
2921 3697 3050 3762 τοὺς
3090 3698 3190 3770 τῆς
3227 3698 3460 3769 ἀρχαίας
3497 3699 3848 3771 ἀνοσιότητος

2253 3789 2348 3840 καὶ
2397 3787 2625 3860 βεϐήλου
2675 3787 2933 3859 λατρείας
2987 3791 3294 3860 ἀποφοιτᾷν
3354 3790 3843 3860 ἐπιτεταγμένους,

2253 3884 2338 3951 ἐφ’
2367 3882 2561 3953 ἑτέραν
2594 3882 2758 3945 εὐθὺς
2806 3883 3200 3955 μεταχωρῆσαι
3247 3883 3560 3953 συνήθειαν,
3597 3885 3692 3936 καὶ
3730 3883 3845 3938 ὥσ-

2252 3991 2359 4046 περ
2393 3973 2518 4028 τινά
2561 3975 2728 4043 ζυγὸν
2759 3974 3010 4028 ὑπελθεῖν
3040 3974 3140 4046 τὴν
3185 3974 3291 4028 ὑπὸ
3318 3975 3440 4047 8εῷ
3468 3976 3545 4046 τῷ
3572 3976 3714 4031 κατά
3743 3979 3848 4047 φύε

2253 4083 2359 4132 σιν,
2392 4067 2673 4141 λατρείαν.
2711 4067 3020 4138 Ἀνειμένος
3048 4067 3156 4139 γὰρ
3199 4067 3348 4134 νοῦς,
3390 4067 3719 4134 ἀκάθεκτος,
3750 4072 3850 4124 καὶ

2251 4158 2386 4212 πολὺ
2418 4157 2539 4212 λίαν
2572 4158 2792 4230 ἕτοιμος
2821 4159 2902 4223 εἰς
2937 4158 3244 4231 ἀποφορὰν,
3273 4159 3375 4231 τὴν
3414 4162 3495 4223 είς
3524 4163 3634 4216 πᾶν
3663 4163 3847 4217 ὁτιοῦν

2251 4253 2360 4307 τῶν
2388 4253 2786 4306 ὲκτοπωτάτων
2815 4251 3087 4323 δειμάτων
3127 4268 3188 4305 τε
3229 4252 3326 4306 καὶ
3355 4253 3636 4325 φροντίδος
3667 4255 3846 4326 ἐπηρ-

2247 4347 2520 4418 τημένων,
2551 4344 2956 4417 ἀταλαιπώρως
2981 4345 3180 4416 κομιδῆ
3205 4345 3410 4399 διάττει
3436 4346 3573 4418 πρὸς
3599 4347 3660 4400 τὸ
3684 4349 3844 4412 εὐθὺ,

2249 4437 2345 4491 καὶ
2376 4437 2632 4491 ἀπονεύει
2675 4435 2811 4508 πρὸς
2840 4435 2900 4489 τὸ
2928 4437 3227 4509 συμφέρον.
3274 4437 3494 4510 Ἐπειδὴ
3521 4438 3578 4491 δὲ
3615 4439 3682 4492 δι’
3709 4439 3846 4492 Υίοῦ

555 4526 624 4579 ad
682 4526 735 4581 id
774 4527 920 4595 quod
970 4527 1104 4584 utile
1145 4537 1232 4583 est
1274 4529 1636 4585 convertitur.
1688 4528 1959 4593 Quoniam
2015 4544 2146 4582 vero

2253 4529 2522 4600 πρόσιμεν
2551 4529 2630 4599 τῷ
2661 4518 2853 4600 Πατρί·
2901 4547 2919 4580 ι
2955 4530 3144 4594 Οὐδεὶς
3177 4529 3287 4600 γάρ
3333 4529 3552 4601 ἔρχεται
3582 4531 3722 4597 πρὸς
3750 4531 3849 4583 τὸν

555 4631 654 4686 per
702 4615 898 4670 Filium
932 4616 1246 4671 recedimus
1286 4616 1354 4672 ad
1394 4617 1613 4671 Patrem
1657 4634 1669 4666 :
1717 4635 1734 4665 ι
1783 4616 1956 4670 Nemo
1995 4616 2143 4670 enim

553 4697 706 4760 venit
730 4707 796 4759 ad
826 4707 1080 4770 Patrem,
1113 4725 1130 4756 ι
1173 4704 1381 4774 inquit,
1414 4724 1429 4754 ι
1458 4705 1564 4758 nisi
1590 4719 1688 4773 per
1728 4720 1814 4758 me
1856 4706 1936 4771 7“;
1966 4727 1981 4756 ›
2021 4706 2144 4762 ideo

552 4809 779 4849 necesse
810 4794 999 4848 fuitut
1021 4795 1201 4864 ipsum
1218 4807 1325 4860 per
1347 4783 1546 4847 Filium
1584 4807 1885 4859 accessum,
1905 4802 1960 4848 et
1986 4797 2140 4852 obla-

549 4884 786 4948 tionum,
837 4899 960 4953 quae
1004 4899 1104 4954 per
1136 4883 1318 4951 ipsum
1364 4880 1662 4936 offerenda:
1709 4892 1896 4949 erant,
1939 4886 2142 4957 figuras

549 4975 668 5046 lege
697 4975 958 5038 sanciret,
984 4974 1176 5027 dicens
1203 4988 1216 5023 :
1256 4990 1275 5022 ‹
1301 4972 1489 5027 Altare
1512 4989 1580 5027 ex
1605 4984 1751 5028 terra
1782 4975 1950 5032 facies
1974 4979 2134 5042 mihi,

549 5065 715 5136 200
731 5073 788 5120 et
809 5061 1170 5117 immolabitis
1189 5075 1354 5130 super
1379 5061 1499 5131 ipso
1525 5061 1842 5118 holocausta
1858 5072 1913 5118 et
1929 5065 2138 5122 hostias

551 5168 781 5220 vestras,
815 5171 947 5211 oves
975 5162 1030 5208 ct
1066 5154 1236 5209 boves
1268 5162 1481 5209 vestros
1502 5153 1558 5207 in
1588 5155 1737 5208 omni
1771 5155 1893 5212 loco
1944 5158 1998 5212 in
2026 5174 2138 5228 quo

548 5260 822 5302 vocavero
858 5261 1062 5300 nomen
1115 5260 1301 5299 meum
1355 5244 1429 5300 ibi
1463 5262 1474 5297 :
1505 5254 1561 5300 et
1607 5247 1825 5301 veniam
1868 5249 1934 5302 ad
1977 5258 2051 5314 te,
2085 5258 2142 5304 et

549 5339 876 5394 benedicam
927 5337 1047 5391 tibi.
1089 5337 1145 5391 Si
1174 5345 1360 5394 autem
1394 5339 1462 5394 de
1491 5339 1767 5410 lapidibus
1793 5341 1964 5397 altare
1988 5342 2138 5397 fece-

551 5431 628 5486 ris
659 5430 817 5496 mihi,
859 5445 970 5485 non
1001 5429 1302 5487 aediﬁcabis
1335 5448 1432 5488 eos
1477 5442 1688 5500 sectos;
1726 5434 1939 5489 cultum
1987 5435 2136 5490 enim

551 5530 707 5577 tuum
741 5524 977 5595 injecisti
1028 5539 1195 5595 super
1250 5525 1431 5595 ipsos,
1474 5534 1532 5581 et
1572 5525 1847 5596 inquinati
1877 5529 2129 5581 sunt".»

549 5615 854 5672 Terrenum
882 5618 1031 5674 enim
1063 5618 1256 5683 altare,
1289 5618 1471 5689 ipsum
1499 5618 1823 5674 Emmanuel
1853 5619 2094 5691 appellat
2120 5638 2131 5671 :

2253 4621 2529 4690 Πατέρα,›
2567 4621 2786 4691 φησὶν,‹
2814 4620 2862 4673 εί
2896 4619 2972 4691 μὴ
2991 4619 3057 4673 δι’
3080 4619 3269 4691 ἐμοῦ.»
3302 4621 3502 4675 Λοιπὸν
3522 4622 3849 4690 ἀναγκαίως

2248 4712 2346 4783 τὴν
2383 4712 2451 4764 δι’
2484 4710 2615 4764 Υἱοῦ
2651 4710 2911 4782 πρόσοδον
2933 4711 3026 4766 καὶ
3068 4713 3168 4782 τῆς
3191 4712 3248 4764 ἐν
3279 4711 3429 4782 αὐτῷ
3456 4715 3849 4786 καρποφορίας

2248 4803 2376 4866 τοὺς
2409 4802 2638 4867 τύπους,
2671 4800 3022 4870 ἐθεσμοθέτει
3053 4800 3250 4870 λέγων’
3295 4821 3311 4853 ι
3345 4801 3744 4876 Θυσιαστήριον
3774 4804 3851 4859 ἐκ

2247 4894 2350 4964 γῆς
2399 4895 2648 4962 ποιήσεις
2680 4910 2802 4964 μοι,
2841 4894 2936 4947 καὶ
2965 4892 3159 4947 θύσετε
3195 4893 3282 4946 ἐπ’
3327 4893 3477 4964 αὐτῷ
3505 4893 3575 4947 τὰ
3612 4895 3850 4948 ὁλοκαυ-

2246 4984 2498 5056 τώματα,
2535 4986 2630 5038 καὶ
2663 4985 2761 5048 τὰς
2793 4984 2986 5048 θυσίας
3011 4985 3190 5056 ὑμῶν,
3216 4985 3285 5038 τά
3310 4985 3560 5056 πρόὸατα
3589 4987 3686 5041 καὶ
3713 4988 3850 5052 τοὺς

2249 5075 2378 5145 βόας
2427 5076 2602 5146 ὑμῶν,
2652 5076 2710 5129 ἐν
2763 5078 2929 5130 παντὶ
2991 5077 3143 5148 τόπῳ
3285 5076 3352 5131 ἂν
3403 5079 3734 5148 ἐπονομάσω
3781 5079 3853 5132 τὸ

2247 5166 2420 5237 ὄνομά
2443 5184 2544 5238 μου
2578 5167 2714 5220 ἐκεῖ·
2749 5168 2844 5221 καὶ
2889 5167 3005 5238 ἥξω
3039 5168 3176 5240 πρὸς
3207 5169 3287 5234 σὲ,
3317 5169 3411 5222 καὶ
3439 5169 3726 5240 εὐλογήσω
3757 5188 3848 5225 σε.

2259 5258 2384 5310 Ἐὰν
2414 5256 2470 5310 δέ
2501 5257 2566 5310 ἐκ
2597 5256 2762 5311 λίθων
2802 5255 3193 5330 θυσιαστήριον
3219 5261 3383 5329 ποιῇς
3416 5277 3527 5329 μοι,
3555 5259 3655 5312 οὐκ
3689 5261 3852 5312 οἰκο-

2243 5349 2506 5419 δομήσεις
2551 5347 2754 5412 αὐτοὺς
2806 5349 3069 5420 τμητούς·
3111 5349 3172 5402 τὸ
3208 5348 3316 5422 γὰρ
3364 5348 3692 5420 ἐγχειρίδιόν
3745 5365 3852 5402 σου

2245 5434 2615 5504 ὲπιόέϐληκας
2637 5436 2728 5488 ἐπ’
2759 5435 2914 5500 αὐτὸ,
2959 5439 3053 5490 καὶ
3084 5437 3410 5507 μεμίανται.
3450 5455 3470 5488 ν
3510 5438 3550 5490 Γ
3554 5439 3705 5508 ήῖνον
3739 5436 3854 5508 μὲν

2243 5525 2351 5597 γὰρ
2385 5525 2643 5597 ὀνομάζει
2688 5527 3074 5600 θυσιαστήριον
3123 5529 3217 5581 τὸν
3271 5529 3643 5601 Ἐμμανουήλ*
3681 5547 3701 5581 ι
3745 5529 3852 5582 Γέο

2243 5635 2366 5686 γονε
2393 5619 2503 5690 γὰρ
2531 5619 2669 5689 σὰρξ
2704 5622 2732 5672 ὁ
2761 5620 2954 5689 Λόγος.
2980 5639 2998 5670 ι
3037 5620 3113 5690 Γῆ
3137 5619 3196 5672 δὲ
3219 5621 3283 5673 ἐκ
3309 5621 3414 5692 γῆς
3441 5622 3474 5694 ή
3499 5622 3701 5692 σαρκός
3719 5622 3853 5673 ἐστι

624 5789 861 5856 7“Em.
899 5819 970 5869 ιν,
1010 5802 1210 5869 11,12.
1292 5803 1334 5834 ττ
1363 5800 1532 5859 Exod.
1568 5817 1656 5867 xx,
1691 5799 1892 5867 22,25.
1949 5802 2327 5877 ._"Joan.xw,
2365 5802 2414 5857 6.
2494 5803 2540 5835 τε
2603 5800 2776 5857 Exod.
2837 5816 2930 5869 xx,
2981 5800 3074 5871 24,
3110 5800 3202 5856 25.

2185 6378 2240 6386 --μ
