4118 6444
305 419 425 478 593
1074 420 1159 476 DE
1196 418 1646 476 ADORATIOXE
1683 419 1762 474 IN.
1795 415 2068 478 SPIRITU
2113 415 2198 470 ET
2241 413 2609 470 VEIIITATE.
2653 414 2780 469 LIB.
2825 413 2916 468 IX.
3497 405 3606 465 ’ὁθῶ

310 533 508 602 φύσις.
565 534 655 587 Ἑν
683 533 904 607 Χριστῷ
932 534 996 606 δὴ
1027 533 1120 590 οὖν
1150 538 1184 607 ή
1225 539 1379 592 πᾶσα
1425 535 1777 610 καρποφορία
1815 536 1909 590 καὶ

2031 552 2036 584 ι
2089 531 2330 587 Verbum
2379 532 2526 586 enim
2579 547 2708 587 caro
2756 531 2963 586 factum
3002 529 3178 586 est“.
3224 547 3242 580 ι
3289 526 3459 582 Terra
3506 541 3608 579 au-

312 627 476 678 πᾶσα
509 628 847 699 προσαγωγή
877 645 889 658 ’
944 629 1078 700 φησὶ
1111 629 1221 702 γὰρ
1261 629 1448 696 αὐτὸς,
1482 647 1501 683 ι
1540 628 1725 700 Χωρὶς
1753 628 1911 700 ἐμοῦ.

2031 634 2128 678 tem
2162 630 2384 688 eterra,
2411 623 2527 693 ipsa
2558 623 2742 678 carnis
2769 631 2970 677 natura
3014 620 3212 688 est.,ln
3246 618 3469 695 Christo
3503 617 3610 688 igi-

309 717 380 770 ού
418 715 653 770 δύνασθε
710 721 885 771 ποιεῖν
931 719 1107 774 οὐδέν.
1163 739 1182 772 ι
1224 721 1438 792 Ὠσπερ
1483 719 1594 791 γὰρ
1643 719 1712 773 δι’
1747 718 1913 774 αὑτοῦ

2031 726 2108 772 tur
2132 717 2313 772 omnis
2341 716 2570 781 oblatio,
2603 725 2658 770 et
2684 717 2866 771 omnis
2891 729 3149 778 accessus
3181 721 3306 779 est;
3348 712 3426 766 ait
3461 712 3610 764 enim
3685 771 3688 774 ,

309 808 421 880 τὴν
465 808 836 879 προσαγωγὴν
863 811 1199 883 ἐσχήκαμεν,
1233 809 1380 870 οὕτω
1417 810 1514 865 καὶ
1561 812 1714 864 πᾶσα
1752 808 1916 864 θυσία

2031 812 2134 878 Lpse
2167 824 2182 860 :
2222 827 2241 859 ι
2284 806 2414 864 Sine
2449 823 2538 863 me
2566 807 2705 861 nihil
2736 807 2968 878 potestis
2991 806 3176 861 facere
3201 805 3268 860 ⁸¹.
3303 823 3321 856 ι
3361 803 3432 860 Ut
3461 801 3613 857 enim

309 900 488 971 δεκτὴ
535 899 602 952 δι’
659 901 860 966 αὑτοῦ,
915 901 1024 958 τῶν
1070 902 1168 975 τὴν
1217 903 1404 958 πίστιν
1465 901 1910 972 είσδεδεγμένων.

329 991 778 1060 Ἐπαγγέλλεται
807 994 864 1046 δέ
907 997 1021 1058 τοῖς
1047 995 1109 1048 τὸ
1154 997 1220 1050 ἐκ
1249 996 1354 1066 γῆς
1406 997 1586 1049 ἱστᾶσι
1617 993 1914 1066 θυσιαστή-

313 1100 476 1154 ριον,
523 1084 706 1154 ἄφιξίν
750 1102 810 1138 τε
843 1086 938 1138 καὶ
959 1087 1232 1156 εὐλογίαν.
1267 1107 1286 1140 ι
1326 1087 1478 1160 Ἦξω
1515 1088 1626 1160 γὰρ
1649 1127 1663 1150 ,
1708 1106 1726 1139 ι
1756 1086 1914 1157 φησὶ,

321 1194 341 1224 ι
387 1175 529 1248 πρὸς
571 1176 653 1242 σέ,
681 1177 777 1230 καὶ
808 1177 1090 1250 εὐλογήσω
1122 1197 1204 1234 σε.
1248 1199 1266 1232 ι
1290 1177 1768 1252 Παραδεξαμένοις
1805 1177 1916 1252 γὰρ

312 1267 460 1340 ἡμῖν
482 1266 570 1319 διὰ
608 1266 704 1321 τοῦ
749 1269 1031 1338 πανσόφου
1073 1271 1317 1332 Μωσέως
1349 1273 1450 1342 τῆς
1487 1269 1750 1341 ἀληθείας
1788 1271 1917 1334 τοὺς

313 1355 668 1421 τύπους,κ,αὶ
686 1357 826 1430 αῦτη
855 1359 1000 1413 κατὰ
1018 1362 1244 1432 καιροὺς
1267 1361 1583 1432 ἐπέλαμψεν
1610 1365 1642 1432 ή
1666 1361 1914 1432 ἀλήθεια,

313 1448 476 1506 τοῦτ’
510 1449 629 1504 ἐστι
674 1452 913 1523 Χριστὸς
934 1492 950 1516 ,
982 1453 1050 1506 δι’
1079 1445 1140 1510 αὖ
1175 1455 1269 1508 καὶ
1309 1455 1369 1506 ἐν
1395 1447 1440 1522 ᾧ
1469 1453 1566 1525 τὴν
1592 1453 1798 1514 ἄνωθεν
1829 1453 1919 1510 εὑ-

316 1541 519 1609 λογίαν
548 1541 642 1596 καὶ
670 1544 826 1614 παρὰ
854 1544 1070 1616 Πατρὸς
1092 1547 1917 1618 πεπλουτήκαμεν,κατεσφρα-

315 1635 584 1706 γισμένοι
637 1636 777 1708 πρὸς
848 1639 1124 1692 υἱοθεσίαν
1179 1641 1238 1694 ἐν
1295 1639 1437 1710 ἁγίῳ
1495 1638 1810 1709 Πνεύματι,
1860 1640 1920 1692 ἐν

2016 914 2117 968 per
2151 899 2332 969 ipsum
2383 914 2667 954 accessum
2701 899 3020 965 habuimus,
3061 899 3142 955 sic
3184 897 3366 955 omnis
3391 911 3614 967 quoque

2017 991 2198 1046 hostia
2223 1007 2419 1046 eorum
2477 991 2572 1062 qui
2620 991 2783 1046 fidem
2810 999 3199 1066 perceperunt,
3237 997 3460 1060 accepta
3489 1003 3613 1058 gra—

2017 1095 2182 1157 taque
2231 1103 2332 1159 per
2380 1086 2562 1156 ipsum
2607 1093 2711 1140 est.
2756 1085 3057 1140 Pollicetur
3095 1094 3279 1141 autem
3332 1083 3402 1142 iis
3459 1081 3616 1152 quie

2006 1191 2169 1245 terra
2201 1179 2374 1236 altare
2407 1178 2832 1244 constituerent,
2859 1194 2918 1234 se
2947 1185 3264 1241 venturum,
3294 1185 3351 1231 et
3378 1175 3485 1229 illis
3515 1174 3616 1227 be-

2018 1271 2370 1329 nedicturum
2393 1312 2405 1324 .
2432 1290 2450 1322 ‹
2482 1270 2712 1326 Veniam
2739 1270 2913 1335 enim,
2940 1289 2956 1321 ι
2993 1268 3196 1339 inquit,
3225 1287 3244 1320 (
3285 1275 3342 1321 et
3381 1263 3615 1321 benedi-

2019 1379 2139 1419 cam
2171 1363 2294 1418 tibi.
2347 1383 2364 1415 ι
2396 1362 2534 1418 Cum
2582 1362 2732 1417 enim
2772 1377 2872 1432 per
2914 1360 3384 1432 sapientissimum
3435 1357 3618 1417 virum

2019 1455 2243 1528 Moysen
2273 1455 2527 1510 veritatis
2550 1454 2756 1526 ﬁguras
2789 1455 3216 1524 accepissemus,
3243 1453 3363 1523 ipsa
3395 1449 3620 1506 tandem

2019 1547 2227 1603 veritas
2259 1547 2500 1613 affulsit,
2559 1547 2614 1602 id
2657 1555 2743 1602 est
2789 1546 3085 1612 Christus,
3121 1561 3221 1616 per
3259 1559 3423 1616 quem
3463 1551 3520 1597 et
3563 1541 3621 1596 in

2022 1654 2132 1708 quo
2156 1654 2396 1710 superna
2431 1638 2527 1694 illa
2561 1638 2950 1694 benedictione
2999 1638 3163 1693 etiam
3206 1653 3236 1692 a
3269 1638 3429 1692 Patre
3461 1633 3619 1690 ditati

319 1727 556 1798 Χριστῷ
582 1726 640 1782 δὲ
664 1727 728 1799 δὴ
755 1727 918 1782 πάλιν
961 1730 1057 1783 κα)⁸
1085 1729 1244 1783 τοῦτο
1269 1729 1702 1804 διαπεραίνεται.
1739 1748 1758 1781 ι
1794 1729 1920 1807 Ἐὰν

2031 1746 2234 1797 sumus,
2267 1731 2544 1802 obsignati
2593 1732 2651 1786 in
2683 1730 2896 1802 Spiritu
2938 1738 3130 1785 sancto
3165 1730 3222 1784 in
3264 1729 3622 1799 adoptionem

319 1817 384 1874 δὲ
425 1816 814 1890 θυσιαστήριον
844 1821 908 1872 ἐκ
938 1818 1102 1874 λίθων
1135 1823 1296 1891 ποιῇς
1325 1839 1435 1893 μοι,
1475 1841 1494 1873 ι
1531 1821 1718 1891 φησὶν,
1753 1839 1771 1872 ι
1818 1819 1920 1873 οὐκ

2031 1821 2264 1879 ﬁliorum
2294 1823 2340 1855 ⁸⁸
2376 1843 2388 1877 :
2424 1823 2574 1894 quod
2621 1824 2804 1894 ipsum
2843 1824 3009 1879 etiam
3051 1823 3106 1878 in
3145 1821 3368 1878 Christo
3396 1821 3620 1892 perfici-

321 1883 717 1980 οἱκοδομήσεις
770 1911 972 1974 αὐτοὺς
1023 1883 1287 1984 τμητούςξ
1325 1883 1362 1966 ἰ
1420 1883 1554 1968 Θύκ.
1591 1883 1658 1986 ἐᾷ
1706 1883 1924 1986 ⁷σιδήρῳ

2031 1925 2138 1972 tur.
2189 1936 2206 1968 ‹
2240 1915 2297 1972 Si
2335 1883 2524 1972 autem
2563 1883 2739 1971 altare
2761 1930 2830 1970 ex
2857 1914 3138 1986 lapidibus
3165 1913 3367 1970 feceris
3397 1883 3572 1983 inibi,
3596 1934 3637 1969 ι,

321 1999 881 2069 κατατιτρώσκεσθαι
901 2002 1031 2065 τοὺς
1050 2003 1176 2072 ἀφιε
1187 2003 1462 2074 ρωμένους
1483 2003 1558 2076 τῷ
1578 2003 1698 2075 Θεῷ
1719 2004 1922 2068 λίθους.

2031 2008 2226 2079 inquit,
2261 2027 2278 2060 ι
2302 2023 2414 2062 non
2454 2007 2762 2064 mdificabis
2784 2021 2881 2061 eos
2905 2013 3102 2060 sectos.
3144 2024 3161 2056 ι
3202 2005 3322 2060 Non
3353 2003 3626 2074 permittit

320 2088 499 2152 Λίθος
541 2089 657 2160 γὰρ
705 2085 774 2161 ἦν
819 2091 1116 2158 ἐκλεκτὸς,
1161 2094 1590 2166 ἅκρογωνιαῖος,
1618 2095 1867 2168 ἔντιμος,
1897 2097 1926 2150 6

2031 2099 2140 2154 Deo
2190 2107 2544 2154 consecratos
2597 2096 2810 2168 lapides
2853 2095 3002 2151 ferro
3061 2094 3233 2160 credi;
3287 2093 3424 2165 lapis
3473 2093 3623 2148 enim

319 2182 594 2254 Χριστὸς,
629 2183 873 2255 ἄτρωτος
901 2185 1000 2256 μὲν
1024 2187 1343 2259 ἁμαρτίαις,
1371 2189 1473 2252 τὰς
1497 2189 1554 2242 δέ
1580 2191 1644 2244 ἐκ
1676 2189 1925 2244 διαδόλου

2031 2197 2146 2246 erat
2187 2190 2420 2256 electus,
2480 2187 2781 2258 angularis,
2822 2186 3122 2257 pretiosus,
3175 2174 3470 2248 Christus,
3526 2183 3623 2253 qui

323 2275 550 2347 πληγὰς
587 2276 784 2331 παθεῖν
827 2279 930 2333 οὐκ
961 2279 1139 2347 εἰδὼς,
1170 2283 1230 2335 οὐ
1273 2284 1676 2354 μεμερισμένος
1713 2284 1833 2356 Θεῷ
1866 2301 1926 2338 τε

2031 2287 2208 2351 neque
2244 2279 2488 2350 peccatis
2516 2278 2819 2345 vulnerari,
2857 2294 3036 2348 neque
3075 2277 3280 2332 diaboli
3306 2276 3492 2346 plagas
3525 2290 3623 2328 ex-

322 2369 429 2420 καὶ
455 2366 669 2438 κόσμῳ,
703 2369 798 2423 καὶ
828 2371 876 2422 εί
917 2371 1110 2440 γέγονε
1135 2372 1292 2444 σὰρξ,
1326 2373 1440 2426 ἁλλ’
1466 2375 1587 2439 ὅλος
1627 2375 1702 2429 ὢν
1747 2377 1927 2446 ἅγιος,

322 2459 392 2512 οὺ
443 2458 828 2530 διαιρούμενος
873 2463 954 2526 εἰς
1007 2463 1142 2518 Θεὸν
1201 2465 1342 2536 ἰδίᾳ,
1388 2469 1484 2520 καὶ
1518 2469 1600 2531 είς
1641 2467 1929 2540 ἄνθρωπον

327 2549 526 2614 ίδικῶς
565 2551 708 2622 μετὰ
756 2552 856 2624 τὴν
910 2554 1149 2626 ἄρρητον
1196 2557 1424 2624 ἕνωσιν,
1471 2560 1592 2632 ’ήτοι
1641 2560 1741 2632 τὴν
1792 2561 1929 2632 πρὸς

326 2644 520 2715 σάρκα
569 2643 811 2710 σύνοδον,
841 2645 957 2699 ἀλλ’
984 2639 1067 2712 εἷς
1102 2647 1366 2720 ὑπάρχων
1390 2649 1545 2715 Θεὸς,
1579 2652 1675 2704 καὶ
1713 2650 1928 2722 ἄνθρω-

339 2752 450 2798 πος
477 2737 506 2788 ό
540 2735 727 2799 αὐτός.
765 2737 1114 2807 Μεμέρισται
1139 2741 1248 2811 γὰρ
1273 2741 1526 2814 οὐδαμῶς
1547 2782 1560 2809 ,
1601 2743 1748 2797 καθὰ
1771 2744 1862 2796 καὶ
1902 2746 1930 2797 6

329 2828 508 2897 σοφὸς
533 2826 741 2898 γράφει
771 2828 1002 2893 Παῦλος.

409 3006 625 3061 ΗΑΛΛ.
659 3009 734 3062 Τὸ
760 3009 824 3062 ἐκ
847 3009 952 3081 γῆς
981 3005 1076 3064 οὖν
1109 3011 1219 3084 ἄρα
1250 3010 1636 3088 θυσιαστήριον
1656 3056 1670 3081 ,
1703 3017 1798 3070 καὶ
1823 3023 1930 3089 μην

327 3101 434 3153 καὶ
475 3100 528 3152 oi
576 3099 825 3172 ἀπλῆγες
871 3101 1045 3169 λίθοι,
1103 3105 1431 3175 σημαίνουσι
1485 3108 1753 3178 Χριστὸν,
1791 3111 1932 3163 κατὰ

326 3191 469 3254 τοὺς
497 3191 599 3264 ἤδη
631 3194 1070 3266 προειρημένους
1105 3197 1343 3267 τρόπους
1366 3216 1380 3265 ἶ

413 3283 583 3341 ΚΥΡ.
615 3283 772 3338 Οὕτω
804 3285 970 3356 φημί·
1003 3288 1377 3357 πνευματικὸς
1401 3288 1508 3361 γὰρ
1526 3293 1554 3344 6
1581 3289 1769 3362 νόμος,
1788 3293 1930 3346 κατά

325 3376 438 3438 τὰς
470 3375 714 3445 Γραφάς.
771 3377 990 3448 Ἐπειδὴ
1020 3377 1090 3438 δέ.
1108 3379 1168 3431 τὸ
1207 3380 1447 3450 Χριστοῦ
1477 3384 1800 3454 μυστήριον,
1835 3385 1930 3437 καὶ

325 3468 443 3537 τὴν
490 3466 556 3519 δι’
605 3467 772 3521 αὐτοῦ
832 3469 1097 3540 πρόσοδον
1157 3471 1574 3542 αἰνιγματωδῶς
1625 3474 1930 3540 ὑπετύπου,

327 3555 464 3609 τότε
485 3554 570 3627 δὴ,
617 3558 742 3611 τότε
785 3559 882 3614 καὶ
922 3559 1023 3637 τῆς
1065 3561 1398 3632 Ἐκκλησίας
1444 3564 1826 3636 προαναδεῖξαι
1873 3566 1934 3620 τὸ

330 3647 530 3717 σχῆμα
562 3646 696 3710 Θεὸς
743 3649 1062 3709 ἐσκέπτετο.
1104 3652 1312 3712 Μωσέα
1355 3653 1454 3724 μὲν
1491 3650 1583 3709 οῦν
1613 3656 1797 3710 ἐκάλει
1840 3659 1933 3712 καὶ

333 3741 441 3792 σὺν
491 3738 644 3811 αὐτῷ
689 3741 784 3795 τὸν
837 3743 1047 3811 Ἰησοῦν
1092 3745 1186 3803 ἐπὶ
1237 3746 1296 3801 τὸ
1348 3747 1474 3818 ὅρος
1514 3750 1575 3802 τὸ
1624 3751 1776 3806 me.
1824 3739 1934 3807 Kal.

331 3829 505 3892 σύνες
530 3830 807 3897 ἐντεῦθεν,
831 3832 914 3887 ὃτι
949 3835 1044 3887 καὶ
1068 3837 1254 3900 αὐτοῖς
1283 3839 1397 3901 τοῖς
1426 3839 1604 3916 ἁγίοις
1628 3843 1935 3914 προφήταις

328 3923 407 3976 δι’
432 3922 566 3974 Υἱοῦ
593 3924 852 3996 προσιτὸ,ς
880 3928 909 3982 6
940 3927 1152 3998 Πατήρῗ
1188 3929 1603 4000 ἀναθρώσκουσι
1634 3933 1742 4005 γὰρ
1767 3934 1934 4006 ἀλλή-

329 4016 460 4079 λοις
488 4017 698 4091 Μωσῆς
726 4036 788 4072 τε
830 4019 925 4077 καὶ
963 4020 1190 4092 Ἰησοῦς.
1221 4022 1536 4095 Γέγραπται
1586 4026 1728 4098 γὰρ,
1775 4047 1793 4080 ι
1823 4030 1934 4082 Καὶ

329 4107 578 4180 ἐλάλησε
609 4111 814 4186 Κύριος
841 4111 980 4183 πρὸς
1005 4112 1217 4184 Μωσῆν
1243 4114 1438 4186 λέγων·
1465 4111 1632 4171 Εἶπον
1661 4123 1773 4182 τοῖς
1799 4122 1934 4185 υἱοῖς

342 4200 593 4273 Ἰσραὴλ,
628 4203 726 4261 καὶ
753 4203 950 4257 λάϐετέ
983 4222 1075 4276 μοι
1108 4206 1365 4280 ἀπαρχὰς
1397 4211 1552 4282 παρὰ
1582 4212 1830 4280 πάντων,
1852 4208 1935 4277 οἷς

329 4298 403 4352 ἂν
435 4297 568 4370 δόξῃ
604 4301 675 4370 τῇ
714 4300 955 4376 καρδία,
981 4301 1220 4373 λήψεσθε
1250 4304 1348 4368 τὰς
1382 4305 1639 4378 ἀπαρχάς
1677 4325 1798 4378 μου,
1839 4309 1935 4362 καὶ

329 4389 481 4460 αὕτη
539 4392 690 4446 ἐστὶν
731 4393 767 4464 ἡ
823 4393 1078 4465 ἀπαρχὴ,
1137 4395 1204 4465 ἣν
1253 4395 1488 4467 λήψεσθε
1541 4401 1673 4470 παρ’
1716 4401 1930 4470 αὐτῶν,

328 4484 567 4556 χρυσίον
611 4484 709 4538 καὶ
747 4485 1035 4558 ἀργύριον,
1070 4486 1274 4558 χαλκὸν
1303 4489 1398 4542 καὶ
1434 4490 1764 4558 ὑακίνθινον,
1800 4511 1935 4566 πορ-

2029 2372 2215 2444 cipere
2242 2379 2463 2443 posset;
2513 2385 2618 2426 nec
2662 2370 2776 2425 Deo
2823 2378 2880 2424 et
2911 2369 3119 2424 mundo
3169 2369 3380 2423 divisus
3429 2375 3622 2430 esset;

2029 2479 2179 2528 nam,
2207 2463 2312 2517 etsi
2339 2478 2470 2518 caro
2501 2461 2680 2517 factus
2724 2469 2830 2526 est,
2873 2470 3023 2517 totus
3051 2470 3239 2516 tamen
3264 2468 3350 2516 est
3377 2468 3622 2522 sanctus,

2030 2553 2128 2623 qui
2155 2561 2282 2624 post
2311 2553 2461 2606 illam
2487 2552 2820 2619 ineffabilem
2861 2552 3146 2619 unionem,
3175 2569 3273 2608 seu
3309 2568 3434 2622 cum
3459 2567 3625 2607 carne

2031 2661 2409 2717 congressum,
2439 2660 2548 2701 non
2586 2645 2644 2699 in
2670 2647 2842 2702 Deum
2866 2655 2951 2701 est
2975 2646 3271 2716 separatim
3311 2645 3626 2700 hominem-

2033 2755 2140 2809 que
2181 2756 2433 2795 seorsum
2460 2739 2693 2806 divisus,
2721 2740 2818 2796 sed
2857 2756 3004 2795 unus
3044 2747 3350 2810 permanet,
3383 2738 3530 2793 Deus
3569 2748 3626 2795 et

2033 2830 2200 2885 homo
2240 2830 2408 2886 idem.
2443 2831 2634 2900 Neque
2669 2831 2817 2887 enim
2857 2832 2971 2888 ullo
3000 2831 3165 2886 modo
3192 2829 3404 2886 divisus
3432 2839 3537 2896 cst,
3567 2840 3628 2884 ut

2035 2922 2230 2977 scribit
2257 2923 2454 2978 beatus
2483 2923 2689 2981 Paulus
2716 2925 2783 2978 3’.

2105 3012 2305 3068 PALL.
2334 3014 2508 3085 Igitur
2542 3014 2715 3068 altare
2744 3013 2812 3068 de
2841 3021 2987 3069 terra
3010 3022 3413 3080 constructum,
3441 3022 3497 3068 et
3521 3015 3628 3068 mi-

2037 3103 2183 3156 nime
2226 3102 2397 3157 dolati
2422 3103 2664 3173 lapides,
2697 3103 2784 3168 iis,
2816 3119 2958 3176 quos
2998 3104 3207 3171 dixisti,
3232 3105 3432 3170 modis,
3462 3104 3626 3160 Chri-

1958 3221 2000 3278 ρ
2034 3204 2180 3248 stum
2209 3180 2557 3266 significant?

2107 3289 2265 3345 CYR.
2316 3290 2395 3346 Ita
2445 3291 2624 3348 sentio
2678 3309 2692 3346 :
2739 3291 2828 3346 lex
2863 3291 3011 3345 enim
3051 3291 3356 3362 spiritualis
3401 3297 3518 3355 est,
3567 3299 3628 3344 ut

2036 3381 2336 3452 Scripturze
2374 3383 2618 3438 tradunt.
2665 3383 2857 3455 Igitur,
2898 3390 3256 3454 posteaquam
3281 3382 3487 3438 Christi
3513 3397 3631 3452 mya

2035 3475 2290 3538 sterium,
2339 3482 2397 3530 et
2437 3474 2594 3530 illum
2646 3493 2746 3547 per
2783 3491 2912 3531 cum
2953 3490 3239 3531 accessum
3283 3473 3626 3545 aanigmatice

2033 3565 2444 3636 prmﬁguravit,
2493 3575 2612 3622 tum
2667 3583 2800 3623 vero
2847 3567 3015 3622 etiam
3073 3566 3334 3622 Ecclesiae
3393 3565 3626 3621 formam

2034 3656 2179 3714 Deus
2213 3658 2374 3729 longe
2421 3667 2550 3714 ante
2592 3659 2890 3715 ostendere
2932 3657 3241 3714 constituit.
3272 3657 3498 3731 Moysen
3523 3657 3626 3728 igi-

2035 3757 2147 3816 tur,
2192 3760 2400 3807 etcum
2439 3767 2506 3808 eo
2539 3752 2726 3808 Jesum
2769 3752 2837 3807 ad
2863 3761 3136 3818 ,montem
3182 3751 3316 3808 Sina
3355 3751 3626 3807 evocavit.

2034 3841 2216 3912 Atque
2261 3843 2393 3899 hinc
2448 3845 2726 3917 intelligas
2774 3845 2962 3912 velim,
2995 3845 3132 3918 ipsis
3163 3859 3384 3915 quoque
3423 3843 3632 3897 sanctis

2035 3934 2324 4004 prophetis
2381 3952 2482 4006 per
2536 3936 2737 3991 Filium
2789 3940 2982 4008 patere
3052 3936 3123 3993 ad
3174 3936 3394 3991 Patrem
3439 3948 3630 3989 acces-

2037 4042 2160 4081 sum
2218 4045 2230 4080 :
2289 4027 2452 4082 simul
2507 4028 2657 4083 enim
2717 4028 3028 4083 ascendunt
3077 4027 3292 4099 Moyses
3343 4033 3399 4081 et
3439 4024 3626 4084 Iesus.

2035 4117 2196 4188 291
2217 4117 2493 4188 Scriptum
2522 4127 2608 4180 est
2633 4119 2781 4174 enim
2810 4137 2824 4173 :
2860 4139 2878 4171 ι
2909 4120 2977 4174 Et
3003 4120 3224 4174 locutus
3247 4125 3332 4174 est
3363 4117 3630 4197 Dominus

2036 4207 2105 4262 ad
2150 4208 2392 4280 Moysen,
2441 4209 2633 4265 dicens
2671 4227 2684 4264 :
2717 4209 2818 4265 Dic
2862 4209 2992 4266 filiis
3041 4211 3212 4266 Israel
3242 4229 3254 4265 :
3281 4211 3352 4265 Et
3392 4210 3627 4280 accipite

2037 4303 2172 4357 mihi
2197 4303 2469 4374 primitias
2497 4303 2568 4358 ab
2599 4302 2878 4369 omnibus,
2907 4319 3144 4374 quorum
3182 4302 3339 4358 cordi
3375 4302 3625 4365 libuerit,

2035 4394 2107 4450 ab
2135 4394 2203 4448 iis
2233 4393 2517 4464 accipietis
2543 4393 2820 4464 primitias
2848 4408 2998 4448 meas
3026 4411 3038 4446 :
3071 4400 3128 4448 et
3164 4393 3249 4464 ha;
3275 4399 3405 4447 sunt
3430 4390 3626 4462 primi-

2040 4487 2130 4542 tiae
2176 4501 2313 4557 quas
2355 4485 2641 4556 accipietis
2683 4485 2752 4541 ab
2791 4485 2946 4557 ipsis,
2980 4501 3177 4549 aurum
3223 4493 3278 4540 et
3317 4491 3628 4556 argentum,

330 4575 408 4644 φύ
419 4592 523 4647 ραν
552 4578 647 4630 καὶ
687 4577 946 4633 κόκκινον
972 4579 1218 4647 διπλοῦν,
1252 4582 1345 4636 καὶ
1375 4581 1576 4652 βυσσὸν
1609 4565 1929 4658 κεκλωσμέ-

2038 4593 2114 4634 aes
2141 4584 2198 4632 et
2225 4577 2607 4647 byacintbum,
2642 4591 2947 4647 purpuram
2987 4584 3043 4632 et
3082 4575 3368 4632 coccinum
3403 4572 3630 4645 duplex,

329 4683 468 4736 νην,
499 4668 595 4721 καὶ
627 4668 824 4740 τρίχας
863 4671 1115 4739 αἰγείαις,
1143 4673 1240 4726 καὶ
1286 4673 1534 4745 δέρματα
1589 4675 1758 4746 κριῶν
1800 4679 1938 4749 ήρυ-

331 4759 774 4831 θροδανωμένα,
834 4763 930 4817 καὶ
987 4764 1236 4836 δέρματα
1295 4765 1613 4832 ὑακίνθινα,
1661 4768 1757 4821 καὶ
1804 4768 1938 4834 ξύλα

328 4855 599 4923 ἄσηπτα,
651 4857 748 4910 καὶ
799 4855 983 4921 λίθους
1035 4858 1289 4930 σαρδίου,
1329 4860 1426 4913 καὶ
1477 4859 1662 4923 λίθους
1710 4863 1789 4925 είς
1837 4861 1936 4934 τὴν

330 4945 582 5016 γλυφὴν,
612 4947 695 5010 είς
743 4946 842 5018 τὴν
881 4947 1156 5018 ἐπωμίδα,
1189 4949 1286 5003 καὶ
1318 4951 1400 5014 είς
1438 4949 1530 5003 τὸν
1561 4949 1796 5023 ποδήρη,
1840 4951 1935 5005 καὶ

329 5037 592 5107 ποιήσεις
623 5055 716 5108 μοι
763 5037 1046 5108 ἀγίασμα,
1079 5039 1176 5092 καὶ
1201 5039 1514 5112 ὀφθήσομαι
1549 5041 1606 5094 ἐν
1643 5041 1791 5112 ὑμῖν.
1825 5041 1936 5094 Καὶ

330 5129 596 5200 ποιήσεις
639 5149 730 5201 μοι
773 5131 919 5185 κατὰ
965 5131 1145 5186 πάντα
1193 5132 1297 5187 ὅσα
1335 5133 1400 5188 ἄν
1445 5151 1528 5187 σοι
1569 5133 1728 5198 δείξω
1763 5136 1822 5187 ὲν
1859 5131 1937 5204 τῷ

329 5223 458 5294 δρει
483 5221 547 5276 τὸ
573 5223 929 5297 παράδειγμα
956 5225 1060 5296 τῆς
1086 5226 1315 5298 σκηνῆς,
1354 5225 1450 5280 καὶ
1477 5226 1540 5280 τὸ
1582 5226 1937 5297 παράδειγμα

331 5316 564 5371 πάντων
588 5314 702 5369 τῶν
732 5316 947 5370 σκευῶν
978 5316 1170 5386 αὐτῆς,
1192 5314 1369 5380 οὕτως
1398 5317 1667 5389 ποιήσεις.
1705 5335 1723 5368 ι
1774 5317 1938 5388 Ὁρᾷς

328 5409 490 5471 ὅπως
536 5409 632 5461 ἐπὶ
673 5407 736 5462 τὸ
781 5409 982 5481 χρῆναι
1026 5412 1403 5482 καρποφορεῖν
1445 5409 1508 5464 τὸ
1553 5408 1834 5474 λυσιτελές
1878 5426 1939 5464 τε

329 5499 433 5554 καὶ
489 5499 943 5572 χρειωδέστατον,
994 5501 1074 5566 εἰς
1114 5501 1443 5574 Ἐκκλησίας
1494 5503 1757 5556 σύστασιν
1795 5520 1930 5574 προ-

329 5590 535 5662 τρέπει
568 5591 756 5657 λαοὺς,
785 5594 1259 5664 προσκομίζοντας
1291 5593 1492 5667 ἱλαρῶς
1519 5595 1587 5649 τὰ
1621 5595 1742 5648 κατ’
1775 5595 1932 5666 ίσχύν

332 5701 395 5737 τε
429 5684 526 5738 καὶ
576 5682 840 5757 γνῶμηνς
877 5686 953 5738 Οὐ
989 5686 1099 5757 γάρ
1151 5704 1232 5740 τοι
1285 5686 1485 5758 χρυσὸν
1515 5685 1700 5756 ἐζήτει
1749 5687 1930 5756 μόνον,

411 5865 457 5896 ’ν’
487 5867 704 5931 Joan.r,
741 5867 821 5922 lli.
903 5867 943 5898 "
987 5867 1252 5932 Joan.xv,
1283 5867 1331 5922 5.
1415 5868 1456 5898 θ’
1485 5865 1742 5936 Ephesi,
1783 5866 1832 5919 5.

1914 5866 1957 5897 ³³
1991 5864 2010 5920 Ι
2039 5866 2184 5938 Cor.“
2223 5882 2292 5918 \’l.
2337 5865 2379 5893 “"
2408 5861 2576 5916 Exod.

2035 4679 2092 4727 et
2117 4672 2342 4744 byssum
2368 4677 2575 4736 netam,
2604 4679 2661 4725 et
2693 4671 2835 4742 pilos
2866 4687 3180 4742 caprarum,
3206 4679 3262 4726 et
3287 4669 3459 4740 pelles
3482 4657 3632 4726 ario-

2038 4771 2154 4817 tum
2185 4763 2520 4826 rubricatas,
2546 4769 2603 4817 et
2632 4762 2805 4834 pelles
2830 4762 3239 4835 hyacinthinas,
3267 4768 3324 4816 et
3347 4761 3495 4832 ligna
3519 4760 3630 4817 im-

2037 4853 2344 4923 putribilia,
2369 4861 2425 4908 et
2450 4853 2663 4923 lapides
2689 4852 2924 4919 sardios,
2952 4862 3008 4909 et
3034 4853 3244 4924 lapides
3283 4853 3350 4906 ad
3378 4853 3628 4922 sculptu-

2035 4961 2176 5011 ram,
2217 4943 2289 4998 ad
2327 4944 2786 5014 superhumerale
2825 4951 2883 4998 et
2915 4943 2984 4998 ad
3021 4943 3265 4998 tunicam
3298 4942 3548 5007 talarem,
3573 4957 3630 4997 et

2034 5037 2205 5093 facies
2229 5035 2367 5090 mihi
2395 5036 2793 5102 sanctuarium,
2818 5046 2876 5092 et
2904 5035 3184 5106 apparebo
3213 5032 3372 5088 vobis
3405 5049 3418 5086 :
3448 5038 3506 5086 et
3543 5031 3628 5086 fa-

2035 5129 2150 5184 cies
2171 5128 2308 5183 mibi
2340 5129 2499 5201 juxta
2527 5127 2714 5186 omnia
2739 5139 3084 5198 quaecunque
3107 5131 3489 5180 monstravero
3527 5123 3627 5178 tibi

2036 5225 2091 5278 in
2141 5232 2329 5279 monte
2369 5223 2650 5293 exemplar
2689 5221 3052 5284 tabernaculi,
3089 5226 3145 5275 et
3184 5219 3467 5290 exemplar
3505 5235 3629 5276 om-

2035 5318 2189 5372 nium
2222 5331 2480 5372 vasorum
2519 5314 2715 5385 ipsius,
2748 5313 2829 5369 sic
2871 5312 3130 5368 facies".
3167 5330 3185 5363 ι
3233 5310 3404 5367 Vides
3456 5318 3518 5366 ut
3559 5311 3627 5366 ad

2036 5426 2103 5466 ea
2147 5425 2270 5480 quas
2297 5408 2364 5464 ad
2395 5397 2831 5464 exstructionem
2859 5405 3119 5460 Ecclesiae
3145 5403 3546 5471 conducerent,
3572 5411 3630 5459 et

2039 5504 2163 5559 usui
2194 5503 2434 5558 maximo
2466 5500 2652 5556 futura
2688 5504 2875 5554 essent
2911 5496 3215 5563 offerenda,
3245 5495 3499 5551 hortetur
3527 5510 3629 5565 po-

2040 5593 2199 5664 pulos
2225 5592 2476 5647 hilariter
2513 5607 2614 5661 pro
2659 5589 2822 5644 modo
2850 5587 3075 5654 virium,
3109 5595 3166 5643 et
3193 5603 3263 5643 ex
3293 5587 3462 5642 animi
3483 5581 3630 5643 sen-

2041 5687 2213 5742 tentia
2247 5683 2632 5741 conferentes?
2655 5683 2845 5752 Neque
2869 5681 3018 5738 enim
3045 5695 3240 5736 aurum
3275 5680 3439 5735 modo
3477 5693 3630 5750 qum-

2624 5877 2743 5923 xxv,
2787 5861 2897 5914 l--9.
