4118 6464
566 476 672 534 595

1563 473 1619 528 S.
1659 472 1934 528 CYRILLI
1971 472 2439 527 ALEXANDRINI
2477 472 2796 553 ARCHIEP.

3713 471 3796 529 596

563 590 742 657 rebat,
769 596 865 646 aut
896 605 960 648 ea
993 589 1223 646 fortasse
1288 605 1409 660 quae
1437 591 1601 661 vulgo
1633 591 1975 661 suppeditari
2001 589 2140 654 diﬁi-

2247 591 2415 662 ῆγουν
2445 589 2512 644 τὰ
2543 591 2758 658 πολλοῖς
2783 589 3115 662 δυσπόριστα
3144 590 3329 660 τυχὸν,
3351 589 3489 657 άλλὰ
3514 591 3609 658 καὶ
3626 592 3799 665 τρίχας

562 681 668 735 cile
696 689 940 752 possent,
975 679 1071 736 sed
1106 680 1272 734 etiam
1316 678 1457 750 pilos
1489 695 1781 753 caprarum
1820 688 1876 734 et
1909 680 2143 734 arietum

559 771 753 842 pelles,
794 777 855 825 ut
897 769 1217 825 ostenderet
1265 769 1524 842 exiguum
1573 785 1638 827 ac
1681 770 1788 824 vile
1835 785 2056 839 munus,
2096 770 2143 824 si

559 862 702 916 nihil
736 861 784 916 is
828 861 923 933 qui
956 861 1160 919 oﬂ‘erre
1183 860 1514 927 decreverit,
1543 859 1894 930 praestantius
1922 859 2142 930 habeat,

558 951 785 1006 minime
821 965 854 1005 a
895 951 1009 1006 Deo
1051 949 1261 1020 respui,
1287 959 1452 1019 atque
1485 949 1652 1004 etiam
1690 947 1928 1002 fortasse
1981 946 2145 1002 rebus

557 1057 680 1112 quae
705 1042 764 1096 in
787 1043 1027 1097 maximo
1052 1041 1231 1113 pretio
1258 1049 1407 1106 sunt,
1431 1040 1660 1111 aequari,
1689 1049 1784 1094 aut
1812 1039 1985 1110 magis
2009 1055 2146 1109 quo-

555 1150 664 1204 que
690 1133 930 1200 laudari,
954 1141 1018 1190 ut
1047 1141 1201 1195 certe
1222 1132 1479 1188 Christus
1508 1133 1659 1198 fecit,
1686 1148 1811 1187 cum
1844 1133 1992 1201 haud
2024 1131 2144 1197 sine

555 1224 923 1281 admiratione
944 1224 1167 1292 viduam
1195 1224 1346 1282 illam
1378 1224 1615 1297 excepit,
1643 1241 1765 1295 quae
1789 1223 2144 1295 Jerosolymis

556 1317 615 1370 in
661 1317 1115 1388 gazophylacium
1154 1317 1413 1388 exiguum
1453 1315 1588 1370 illud
1627 1315 1873 1386 quidem,
1904 1323 1961 1371 et
1996 1317 2143 1387 quod

555 1407 816 1462 facillime
855 1407 1163 1478 comparari
1187 1414 1393 1480 posset,
1425 1407 1630 1472 intulit,
1657 1407 1754 1461 sed
1787 1422 2042 1478 magnum
2076 1407 2144 1478 iis

555 1499 792 1568 fortasse
836 1498 932 1570 qui
968 1500 1024 1554 in
1068 1513 1281 1555 summa
1314 1499 1501 1569 inOpia
1533 1507 1847 1564 versantur,
1874 1513 2013 1568 quos
2044 1514 2141 1554 ve-

556 1587 786 1644 risimile
828 1595 915 1644 est
961 1589 1127 1644 etiam
1172 1587 1562 1656 vilissimarum
1609 1602 1794 1644 rerum
1845 1588 2141 1654 amissione

553 1679 762 1732 vexari.
787 1678 1042 1749 Acceptis
1064 1695 1194 1751 ergo
1220 1679 1504 1751 primitiis,
1539 1698 1557 1729 ‹
1586 1678 1972 1736 Sanctuarium
2003 1679 2138 1737 mihi

564 1769 810 1837 cfacies,»
851 1771 1085 1842 inquit,¢
1114 1779 1170 1826 et
1192 1763 1472 1842 apparebo
1489 1771 1688 1836 vobis:
1719 1789 1735 1821 ι
1761 1770 1951 1836 illucet
1991 1771 2140 1840 enim

555 1859 612 1920 in
668 1859 911 1916 Ecclesia
956 1861 1246 1927 Christus,
1296 1867 1354 1916 et
1412 1861 1482 1917 iis
1537 1862 1632 1932 qui
1667 1863 1723 1917 in
1777 1877 1842 1933 ea
1893 1869 2137 1928 manent,

2250 682 2497 758 αἰγεξας,
2540 683 2635 748 καὶ
2681 681 2851 753 κριῶν
2898 683 3180 754 δέρματα,
3225 683 3441 750 δεικνὺς
3490 683 3572 740 ὅτι
3620 685 3710 738 καὶ
3748 686 3801 748 τὸ

2247 770 2422 844 βραχύ
2455 789 2514 827 τε
2544 772 2638 826 καὶ
2667 771 2903 837 εὐτελὲς,
2940 775 2988 825 εἱ
3037 771 3202 842 μηδὲν
3243 772 3353 848 ἔχθη,
3381 773 3754 846 λαμπρότερον
3776 777 3802 828 ὁ
3849 778 3852 780 ν

2245 864 2616 935 καρποφορεῖν
2665 862 2971 937 ᾑρημένος,
3005 863 3106 926 οὐκ
3148 861 3456 934 ἀπόϐλητον
3488 862 3568 935 τῷ
3614 861 3742 934 Θεῷ
3773 864 3802 935 ἢ

2243 952 2384 1022 τάχα
2430 971 2530 1016 που
2570 953 2663 1006 καὶ
2707 955 2765 1008 ὲν
2815 953 2914 1023 ἴσῳ
2959 955 3072 1016 τοῖς
3119 943 3496 1023 τιμιωτάτοις,
3532 953 3567 1024 ἢ
3621 954 3714 1021 καὶ
3755 956 3806 1008 ἐν

2245 1042 2454 1114 ἐπαίνῳ
2483 1045 2709 1115 μείζονι,
2741 1045 2989 1116 καθάπερ
3027 1044 3219 1115 suae:
3249 1043 3346 1113 καὶ
3381 1044 3410 1096 ὁ
3451 1043 3685 1113 Χριστὸς
3719 1044 3808 1097 οὐκ

2243 1123 2595 1206 ἀθαύμαστον
2633 1136 2786 1204 ὴφίει
2821 1136 2921 1206 τὴν
2966 1138 3023 1190 ὲν
3055 1139 3166 1199 τοῖς
3205 1134 3597 1207 Ἰεροσολύμοις
3624 1137 3806 1204 χήραν,

2242 1224 2318 1295 τῷ
2365 1224 2750 1298 γαζοφυλακίῳ
2798 1223 3182 1297 προσάγουσαν
3223 1221 3396 1294 βραχύ
3438 1239 3490 1286 τι
3521 1222 3616 1274 καὶ
3659 1220 3806 1272 εὐπό-

2245 1304 2429 1388 ριστον
2467 1315 2697 1388 κομιδῆ,
2733 1318 2873 1387 μέγα
2910 1315 2955 1368 δ’
3003 1314 3132 1379 ἴσως
3164 1317 3278 1378 τοῖς
3309 1315 3368 1368 ὲν
3399 1314 3604 1393 ἐσχάτῃ
3635 1310 3801 1381 πενίᾳ,

2243 1405 2334 1471 οὒς
2363 1407 2428 1478 δὴ
2459 1410 2554 1461 καὶ
2584 1407 2946 1482 κατατρύχειν
2987 1406 3134 1475 εἰκὸς
3171 1406 3266 1460 καὶ
3300 1405 3410 1460 τῶν
3438 1405 3576 1474 ἄγαν
3605 1401 3804 1456 εὐτελε-

2247 1485 2456 1554 στάτων
2499 1497 2599 1570 τὴν
2645 1499 2991 1569 ἀπεμπολήν.
3039 1496 3367 1572 Ληφθεισῶν
3399 1495 3457 1556 δὲ
3499 1494 3606 1557 τῶν
3641 1495 3804 1564 ἁπαρτ

2243 1589 2376 1660 χῶν,
2409 1607 2427 1640 ι
2473 1589 2748 1661 Ἀγίασμᾴ
2776 1606 2866 1660 μοι
2901 1589 3164 1658 ποιήσεις,
3202 1606 3221 1650 ι
3263 1587 3417 1658 φησὶ,
3467 1605 3486 1639 ε
3523 1586 3618 1640 καὶ
3647 1585 3803 1656 ὀφθή-

2245 1698 2410 1751 σομαι
2459 1683 2518 1735 ἐν
2567 1682 2714 1751 ὑμῖν.
2767 1699 2784 1732 ι
2827 1679 3200 1749 Ἐπιφαίνεται
3253 1679 3360 1755 γὰρ
3408 1679 3466 1732 ὲν
3523 1677 3805 1748 Ἐκκλησία

2243 1769 2492 1842 Χριστὸς,
2529 1770 2623 1822 καὶ
2669 1769 2969 1840 ἐπιλάμπει
3007 1771 3119 1831 τοῖς
3171 1771 3229 1822 ὲν
3275 1761 3447 1839 αὐτῇ,
3479 1768 3622 1822 κατά
3660 1784 3718 1835 γε
3750 1759 3807 1832 τὸ

2243 1864 2300 1915 ὲν
2331 1861 2612 1932 ιΓάλμοῖς,
2645 1881 2663 1912 ‹
2716 1860 2848 1924 Θεὸς
2900 1859 3126 1930 Κύριος,
3167 1859 3261 1912 καὶ¹
3301 1852 3569 1928 ὲπέφανεν
3600 1861 3745 1929 ἡμῖν.
3782 1878 3801 1912 ι

555 1951 798 2024 aﬁ‘ulget,
827 1961 889 2007 ut
923 1961 1009 2009 est
1045 1953 1101 2008 in
1130 1952 1364 2009 Psalmis
1389 1970 1402 2007 :
1440 1973 1458 2005 ι
1487 1930 1634 2010 Deus
1664 1930 1949 2021 Domi-nus,
1981 1962 2037 2010 et
2067 1955 2135 2010 ila-

2255 1930 2531 2024 Ἐπιτήρει
2578 1952 2634 2004 δὲ
2675 1953 2858 2014 ὅπως,
2909 1950 3087 2016 καίτοι
3163 1949 3558 2023 καταὸεὸηκὼς
3618 1952 3709 2003 ἐπὶ
3749 1953 3810 2014 τὸ

558 2044 693 2100 luxit
719 2044 880 2101 nobis
901 2045 967 2101 ".
1000 2065 1019 2098 ι
1055 2046 1195 2112 Illud
1227 2056 1412 2104 autem
1445 2047 1708 2102 observes
1729 2046 1916 2112 velim,
1940 2061 2136 2116 quam:
2171 2031 2186 2044 ”

555 2138 639 2204 vis
673 2139 763 2194 ille
802 2139 945 2210 ignis
987 2140 1170 2211 specie
1208 2139 1586 2196 descendisset
1629 2140 1684 2212 in
1727 2149 1990 2203 montem,
2019 2147 2074 2193 et
2105 2154 2136 2193 a

557 2230 760 2299 populo
782 2231 1041 2286 universo
1069 2231 1225 2295 visus
1244 2239 1392 2288 esset
1421 2231 1521 2303 (sic
1545 2231 1690 2286 enim
1717 2230 1982 2300 scriptum
2006 2228 2135 2300 est);

555 2329 738 2377 tamen
769 2321 849 2377 sic
874 2337 1005 2388 eum
1035 2322 1242 2388 dicere,
1264 2323 1556 2394 Apparebo
1578 2323 1756 2388 vobis,
1780 2328 2138 2392 posteaquam

553 2420 895 2470 exstructum
931 2412 1102 2470 fuerit
1138 2414 1537 2478 sanctuarium,
1568 2412 1724 2484 quasi
1765 2412 2010 2468 nondum
2037 2427 2136 2484 ap-

554 2504 867 2578 paruisset:
899 2518 1040 2576 pene
1085 2503 1236 2569 enim
1277 2513 1465 2574 aperte
1510 2505 1751 2560 clamare
1790 2503 2010 2559 videtur
2057 2505 2138 2559 vi-

554 2593 742 2658 siones
775 2596 897 2663 illas
929 2611 1072 2666 verae
1109 2596 1257 2651 illius
1299 2596 1393 2652 Dei
1424 2595 1656 2667 visionis
1679 2595 1904 2667 umbras
1931 2595 2134 2662 fuisse;

552 2698 744 2738 veram
775 2693 961 2756 autem
997 2686 1371 2749 ostensionem
1396 2685 1575 2755 ipsum
1601 2701 1657 2741 se
1684 2684 1965 2741 Christum
1992 2698 2135 2756 esse,

555 2772 614 2834 in
645 2789 755 2843 quo
791 2773 971 2846 ipsum
1009 2791 1230 2852 quoque
1261 2775 1476 2829 Patrem
1503 2774 1908 2847 conspeximus.
1950 2773 2138 2843 Itaque

553 2863 809 2940 Judmos,
847 2866 942 2947 qui
979 2882 1039 2929 se
1084 2866 1497 2921 arbitrabantur
1533 2881 1716 2920 rerum
1755 2866 2136 2920 universarum

553 2956 731 3026 Deum
759 2957 817 3030 in
852 2966 1038 3028 monte
1078 2957 1208 3031 Sina
1245 2974 1372 3013 vere
1413 2958 1787 3028 conspexisse,
1817 2957 2138 3012 stultissime

555 3047 612 3116 id
649 3048 756 3119 sibi
792 3049 1132 3119 persuasisse
1170 3049 1440 3120 coarguit,
1473 3049 1665 3117 dicens
1699 3067 1710 3102 :
1751 3070 1768 3100 ‹
1801 3049 1990 3120 Neque
2037 3064 2136 3104 vo-_

553 3155 678 3211 cent
720 3142 846 3214 ejus,
883 3142 1136 3214 audistis,
1166 3143 1329 3212 292
1366 3159 1546 3212 neque
1583 3143 1823 3213 speciem
1849 3144 1967 3212 ejus
1993 3141 2136 3208 vidi-

555 3229 678 3302 stis,
701 3238 758 3299 et
782 3247 1094 3302 sermonem
1123 3233 1243 3302 ejus
1266 3249 1375 3286 non
1406 3220 1626 3294 habetis
1649 3232 1703 3286 in
1726 3232 1884 3300 vobis
1909 3247 2137 3287 manen-

549 3307 696 3387 tem,
741 3321 892 3392 quia,
936 3338 1100 3392 quem
1143 3323 1234 3377 ille
1278 3323 1450 3390 misit,
1494 3323 1626 3395 huic
1668 3339 1766 3384 vos
1807 3338 1917 3378 non
1961 3322 2141 3378 credi-

557 3407 627 3462 tis
653 3407 722 3477 ⁸⁸,
755 3396 775 3460 ι’
807 3409 919 3479 Ego
966 3411 1244 3480 apparebo
1293 3411 1348 3465 in
1394 3409 1572 3475 vobis,
1616 3412 1816 3482 inquit,
1864 3420 2145 3468 exstructo

555 3501 873 3568 sanctuario
904 3517 917 3552 :
945 3500 1000 3562 id
1023 3510 1207 3568 autem
1237 3500 1411 3571 ﬁgura
1441 3510 1562 3557 erat
1591 3501 1872 3569 Ecclesiae,
1901 3503 1967 3556 ad
1998 3502 2148 3567 illius

554 3605 812 3658 superum
855 3590 1275 3660 similitudinem
1317 3591 1492 3660 factae.
1542 3591 1630 3646 Ait
1674 3591 1822 3645 enim
1856 3609 1869 3645 :
1907 3611 1924 3643 ‹
1955 3592 2146 3664 Facies

557 3681 693 3735 mihi
725 3683 885 3753 juxta
919 3682 1106 3751 omnia
1154 3698 1495 3753 quaecunque
1542 3690 1921 3754 monstravero
1951 3684 2046 3739 tibi
2086 3685 2144 3744 in

558 3782 776 3844 monte,
826 3774 905 3829 sic
949 3773 1137 3839 facies,
1193 3793 1211 3826 ι
1266 3773 1561 3838 Ostensum
1613 3783 1699 3831 est
1747 3776 1892 3832 enim
1935 3776 2143 3846 aliquid

558 3866 721 3922 beato
744 3868 936 3940 Moysi,
967 3867 1141 3939 ﬁgura
1170 3868 1456 3933 nimirum,
1485 3877 1545 3924 ut
1571 3868 1734 3924 modo
1761 3869 1896 3935 dixi,
1926 3879 2144 3932 sancta-

556 3975 682 4016 rum
727 3959 1136 4025 Ecclesiarum,
1187 3967 1243 4014 et
1288 3961 1406 4031 ipse
1449 3961 1541 4017 ille
1583 3961 1735 4017 varie
1781 3969 2039 4032 tanquam
2088 3963 2146 4018 in

557 4052 754 4108 umbra
787 4053 1132 4124 eﬁformatus,
1164 4052 1260 4123 qui
1292 4069 1394 4124 pro
1426 4053 1587 4108 nobis
1627 4063 1714 4108 est
1749 4053 1913 4108 homo
1944 4053 2142 4109 factus.

555 4143 634 4200 De
668 4144 899 4216 singulis
940 4156 1124 4208 autem
1165 4147 1570 4218 exemplaribus
1599 4147 1645 4206 si
1679 4147 1863 4207 dicere
1900 4147 2140 4203 volueri-

557 4252 701 4302 mus,
735 4238 983 4308 prolixus
1011 4238 1120 4293 erit
1165 4247 1220 4293 et
1250 4239 1447 4310 longus
1479 4255 1681 4305 sermo,
1706 4247 1762 4294 et
1791 4239 1973 4296 nimim
2004 4239 2138 4293 sub-

557 4327 774 4383 tilitatis
817 4329 1032 4401 plenus.
1080 4328 1186 4383 Sed
1219 4329 1479 4398 quoniam
1521 4329 1782 4397 nonnulla
1824 4335 1954 4382 sunt
2017 4342 2139 4398 quae

2243 2045 2366 2115 ὅρος
2393 2047 2448 2098 ὲν
2483 2043 2612 2096 εῖδει
2640 2041 2828 2112 πυρὸς,
2855 2039 3042 2110 ὀφθείς
3063 2058 3123 2094 τε
3151 2039 3228 2110 τῷ
3260 2040 3374 2114 λαῷ
3407 2040 3589 2094 παντί·
3617 2041 3808 2112 γεγρα-τ

2246 2154 2377 2194 πται
2415 2136 2522 2206 γὰρ
2563 2136 2765 2206 οὕτως,
2793 2133 2868 2198 ὡς
2901 2131 3055 2187 οὔπω
3096 2134 3318 2202 φανεὶς,
3353 2131 3415 2184 τὸ
3457 2131 3808 2202 Ὀφθήσομαι,

2245 2227 2430 2298 φησιν,
2463 2227 2521 2280 ἐν
2551 2227 2700 2297 ὑμῖν,
2735 2223 3106 2297 ὲγηγερμένου
3130 2222 3225 2278 τοῦ
3251 2221 3608 2293 ἁγιᾴσματος.
3643 2223 3811 2284 Μόνον

2243 2319 2352 2390 γὰρ
2373 2319 2493 2390 οὐχὶ
2516 2314 2895 2388 διακεκραγὼς
2925 2317 3122 2386 ὁρᾶται
3157 2314 3374 2384 σαφῶς,
3406 2316 3487 2381 ὅτι
3515 2315 3663 2366 σκιαὶ
3695 2314 3808 2384 μὲν,

2245 2411 2302 2464 αἱ
2346 2409 2607 2480 ὀπτασίαι
2655 2393 2860 2464 ἐκεῖναι
2912 2406 3013 2477 τῆς
3054 2397 3288 2478 ἀληθοῦς
3333 2404 3602 2467 θεοπτίας.
3652 2405 3714 2458 Ἠ
3758 2406 3813 2476 δὲ

2244 2501 2450 2572 ἀληθὴς
2479 2501 2776 2567 ἀνάδειξις,
2813 2504 2842 2555 ὁ
2875 2499 3130 2571 Χριστὸς,
3165 2500 3222 2553 ὲν
3317 2495 3412 2552 καὶ
3452 2496 3614 2549 αὑτὸν
3633 2495 3813 2556 τεθεάτ

2247 2593 2390 2665 μεθα
2429 2593 2520 2647 τὸν
2571 2594 2814 2664 Πατέρα.
2863 2591 2974 2645 Καὶ
3019 2591 3150 2660 γοῦν
3201 2589 3488 2652 Ἰουδαίους
3541 2588 3815 2661 οἰομένους

2243 2685 2325 2736 ὅτι
2365 2682 2653 2738 τεθέανται
2685 2683 2827 2753 κατὰ
2865 2683 2927 2736 τὸ
2963 2683 3164 2754 ἀληθὲς
3197 2683 3253 2734 ὲν
3282 2680 3360 2752 τῷ
3400 2681 3516 2752 δρει
3557 2681 3689 2735 Σινᾶ
3727 2682 3814 2743 τὸν

2242 2775 2352 2827 τῶν
2383 2775 2519 2828 ὅλων
2552 2773 2717 2841 Θεὸν,
2753 2774 3060 2843 ἀνούστατα
3088 2771 3494 2842 διατιθεμένους
3545 2771 3817 2848 διήλεγχε,

2243 2865 2449 2935 λέγων·
2492 2883 2512 2918 ι
2564 2864 2703 2919 Οὔτε
2736 2865 2920 2938 φωνὴν
2969 2864 3132 2919 αὐτοῦ
3163 2865 3473 2934 ἀκηκόατε,
3518 2862 3643 2917 οὔτε
3683 2864 3817 2944 εἶδος

2243 2959 2410 3015 αὐτοῦ
2443 2957 2725 3028 ἑωράκατε
2746 2998 2761 3024 ,
2803 2958 2899 3011 καὶ
2935 2957 3025 3010 τὸν
3057 2957 3213 3025 λόγον
3239 2956 3402 3011 αὑτοῦ
3436 2956 3538 3012 οὐκ
3581 2955 3734 3026 ἔχετε
3761 2958 3818 3022 ὲν

2246 3050 2374 3121 ὑμῖν
2424 3048 2686 3119 μένοντα,
2742 3049 2822 3102 ὅτι
2881 3047 2942 3104 ὃν
2993 3047 3314 3118 ἀπέστειλεν
3366 3049 3594 3112 ἐκεῖνος,
3643 3048 3823 3119 τούτῳ

2245 3141 2404 3211 ὑμεῖς
2435 3140 2496 3202 οὐ
2538 3139 2843 3194 πιστεύετε.
2871 3159 2890 3192 ο
2925 3140 3133 3195 Οὐκοῦν
3165 3140 3511 3214 ὀφθήσομαι,
3548 3141 3731 3212 φησιν,
3762 3143 3822 3207 ὲν

2244 3216 2372 3302 ὑμῖν
2431 3231 2802 3302 ὲγηγερμένου
2863 3231 2957 3284 τοῦ
3016 3230 3375 3302 άγιάσματος.
3424 3231 3594 3284 Τοῦτο
3642 3231 3698 3285 δὲ
3751 3226 3822 3298 ἦν

2257 3324 2584 3395 Ἐκκλησίας
2633 3324 2837 3388 τύπος,
2880 3322 3003 3379 καθ’
3047 3323 3340 3394 ὁμοιότητα
3384 3321 3682 3394 γενομένης
3722 3322 3824 3392 τῆς

2241 3417 2373 3471 ἄνω.
2412 3415 2525 3470 Καὶ
2552 3416 2660 3487 γάρ
2684 3433 2766 3468 τοι
2819 3415 2974 3487 φησὶ,
3011 3435 3029 3468 ι
3072 3415 3322 3486 Ποιήσεις
3357 3431 3446 3486 μοι
3479 3414 3620 3480 κατὰ
3643 3414 3824 3479 πάντα

2241 3509 2341 3562 ὅσα
2368 3507 2596 3562 δεικνύω
2618 3525 2699 3562 σοι
2724 3512 2780 3562 ἐν
2801 3508 2877 3580 τῷ
2897 3509 3035 3580 ὄρει,
3059 3507 3202 3562 οὓτω
3229 3509 3495 3577 ποιήσεις.
3522 3527 3540 3560 ι
3559 3506 3825 3578 Παρεδείητ

2241 3600 2346 3672 χθη
2382 3601 2491 3671 γᾴρ
2530 3617 2616 3653 τοι
2655 3599 2733 3670 τῷ
2773 3601 3028 3672 μακαρίῳ
3061 3601 3233 3671 Μωσῇ
3292 3599 3484 3663 τύπος,
3530 3598 3604 3662 ὡς
3663 3596 3825 3671 ἔφην,
3861 3635 3869 3642 -

2241 3693 2350 3747 τῶν
2384 3692 2556 3761 ἁγίων
2603 3690 2964 3764 Ἐκκλησιῶν,
2994 3692 3090 3746 καὶ
3117 3691 3414 3754 πολυειδῶς
3455 3690 3618 3754 αὐτὸς
3659 3690 3736 3754 ὡς
3766 3691 3829 3742 ὲν

2244 3786 2373 3855 σκιᾷ
2409 3783 2776 3854 πλαττόμενος
2819 3785 2847 3837 ό
2886 3782 2954 3844 δι’
2991 3785 3140 3855 ἡμᾶς
3180 3782 3471 3853 γενόμενος
3511 3779 3829 3849 ἄνθρωπος.

2253 3877 2372 3945 Ἐφ’
2403 3877 2616 3947 ἑκάστῳ
2647 3892 2709 3944 γε
2757 3875 2865 3946 μὴν
2907 3875 3015 3928 τῶν
3058 3875 3520 3946 παραδειγμάτων
3550 3873 3719 3936 πολὺς
3758 3873 3832 3927 ἂν

2242 3963 2451 4033 γένοιτο
2487 3963 2580 4028 καὶ
2625 3962 2837 4033 μακρὸς
2882 3964 2911 4016 ὁ
2952 3961 3141 4031 λόγος,
3173 3962 3266 4020 καὶ
3319 3960 3672 4032 ἰσχνομυθίας
3720 3961 3831 4030 ἔμ-

2243 4055 2440 4118 πλεως.
2487 4055 2707 4126 Ἐπειδὴ
2734 4054 2792 4108 δέ
2821 4056 2937 4112 ἐστι
2970 4053 3039 4109 τὰ
3068 4055 3168 4126 μὲν
3205 4054 3312 4112 ἴδιά
3334 4071 3393 4120 τε
3421 4053 3515 4108 καὶ
3542 4053 3834 4123 πρέποντα

2244 4149 2309 4218 τῇ
2343 4146 2450 4200 τῶν
2475 4146 2777 4215 γεγονότων
2824 4148 3162 4219 κατασκευῇ,
3207 4145 3271 4199 τὰ
3297 4145 3354 4199 δὲ
3403 4145 3537 4217 πρὸς
3578 4143 3678 4215 τὴν
3714 4144 3843 4210 τῶν,

2246 4237 2618 4308 θεωρημάτων
2649 4237 2978 4300 ἀπονένευκε
3014 4235 3224 4307 χρείαν,
3262 4236 3425 4306 φέρε,
3462 4235 3709 4305 λέγωμεν
3759 4235 3842 4288 τὰ,

2246 4326 2325 4390 εἷς
2358 4343 2422 4394 γε
2453 4326 2607 4380 τοῦτο
2630 4326 2907 4396 λυσιτελῆ,
2939 4326 3194 4397 μεθέντες
3222 4325 3292 4378 τὰ
3324 4325 3508 4396 ἔτερα.
3800 4328 3807 4333 ’

559 4424 780 4492 proprie
819 4421 888 4490 ad
925 4423 1146 4496 ill-orum
1189 4438 1419 4492 operum
1464 4422 1936 4482 constructionem
1972 4421 2273 4492 pertinent,
2338 4421 2444 4480 alia
2491 4437 2626 4477 vero
2667 4422 2736 4477 ad
2781 4421 3260 4494 contemplationis
3321 4437 3483 4477 usum
3549 4429 3836 4493 spectant,

558 4533 678 4589 age,
716 4535 837 4590 quae
866 4519 935 4588 ad
971 4535 1091 4575 eam
1134 4534 1250 4572 rem
1291 4519 1448 4573 utilia
1485 4529 1632 4583 sunt,
1658 4518 1728 4582 de
1768 4519 1836 4573 iis
1873 4518 2142 4584 dicamus,
2183 4519 2504 4584 omittamus
2532 4526 2749 4590 cretera.

627 4612 827 4668 PALL.
865 4612 986 4667 Non
1012 4612 1144 4667 satis
1166 4611 1313 4681 quod
1341 4611 1482 4666 dicis
1506 4611 1774 4684 intelligo,

626 4701 785 4759 CYR.
829 4702 1068 4758 Adverte
1105 4701 1275 4777 igitur
1308 4701 1454 4772 quod
1492 4700 1745 4757 dicturus
1771 4717 1890 4756 sum
1922 4720 1938 4756 :
1974 4701 2137 4758 intel-

556 4797 697 4869 liges
721 4795 892 4860 enim,
925 4801 982 4850 et
1013 4795 1236 4865 quidem
1272 4793 1554 4865 perfacile,
1584 4802 1645 4848 ut
1687 4795 1901 4865 opinor.
1939 4795 2136 4852 Arcam

555 4887 679 4944 ﬁeri
713 4886 879 4960 jussit
904 4885 974 4941 de
1000 4884 1163 4956 lignis
1199 4881 1654 4954 imputrihilibus,
1712 4893 1769 4939 et
1806 4884 2140 4941 intrinsecus

555 4989 614 5037 et
635 4979 982 5044 extrinsecus
1017 4990 1154 5031 auro
1187 4974 1394 5048 mundo
1421 4980 1618 5029 tectam
1642 4975 1710 5040 ⁸⁷,
1736 4991 1857 5044 quae
1885 4977 2137 5030 contine—

557 5083 644 5130 ret
679 5073 790 5138 illa,
825 5085 951 5141 qum.
973 5067 1314 5124 vocabantur
1348 5065 1681 5131 testimonia,
1718 5067 1772 5122 id
1804 5074 1888 5122 est
1937 5066 2136 5138 legem,

558 5172 619 5220 ut
669 5165 728 5218 in
769 5160 972 5219 tabulis
1013 5158 1409 5233 parturientem
1443 5176 1456 5211 :
1490 5174 1669 5230 neque
1711 5158 1977 5214 verohic
2015 5156 2139 5212 ﬁnis

557 5257 679 5326 ejus
717 5251 1112 5310 exstruetionis
1149 5250 1286 5318 fuit;
1331 5265 1458 5305 nam
1497 5257 1554 5306 et
1595 5256 1783 5306 vectes
1821 5247 1941 5304 ﬁeri
1983 5248 2141 5320 jubet

559 5361 754 5402 rursus
794 5361 862 5416 ei;
889 5344 1052 5416 lignis
1091 5342 1525 5414 imputribilibus
1555 5356 1709 5411 aeque
1741 5340 2055 5405 deauratos,
2085 5345 2141 5397 et

559 5453 756 5494 aureos
787 5437 1040 5499 annulos,
1066 5446 1123 5493 et
1147 5436 1427 5492 versatilia
1460 5434 1924 5502 circumquaque;
1961 5431 2138 5502 longi-

558 5529 808 5586 tudinem
858 5544 1099 5601 quoque,
1143 5545 1208 5600 ac
1251 5524 1623 5590 latitudinem,
1663 5533 1718 5580 et
1765 5523 2136 5586 altitudinem,

558 5631 762 5694 quanta
792 5622 972 5679 futura
1000 5632 1150 5680 esset
1192 5623 1246 5677 in
1290 5637 1358 5677 eo
1395 5619 1638 5692 opiﬁcio,
1700 5617 1967 5673 deﬁnivit.
2028 5617 2134 5670 Ve-

560 5731 704 5779 rum,
733 5717 776 5769 si
803 5716 928 5785 quis
966 5715 1101 5774 velit
1135 5711 1452 5783 hujusmodi
1507 5725 1596 5765 res
1626 5710 1854 5780 mystice
1882 5717 1938 5763 et
1967 5723 2130 5764 accu-

2169 4615 2215 4671 D
2311 4615 2515 4668 ΠΑΛΔ.
2547 4615 2620 4668 Ού
2660 4613 2883 4684 συνίημι
2918 4613 2947 4666 ὃ
2980 4613 3104 4684 φής.

2316 4704 2481 4757 ΚΥΡ.
2515 4701 2705 4773 Ἀθρει
2737 4703 2801 4774 δὴ
2835 4697 2928 4756 οὖν
2953 4703 2981 4757 ὃ
3008 4719 3172 4776 φημι·
3203 4703 3458 4774 συνήσεις
3484 4703 3615 4777 γὰρ,
3647 4703 3844 4778 οἶμαι,

2245 4796 2338 4849 καὶ
2387 4793 2508 4847 λίαν
2553 4793 2811 4865 ἀμογητί·
2861 4793 3097 4848 κιϐωτὸν
3144 4795 3400 4865 γενέσθαι
3458 4799 3851 4869 προστέταχεν

2244 4888 2308 4939 ἐκ
2355 4884 2526 4949 ξύλων
2555 4885 2846 4953 ἁσήπτων,
2878 4885 3083 4940 ἕσωθέν
3125 4904 3184 4940 τε
3240 4887 3334 4941 καὶ
3377 4885 3577 4952 ἔξωθεν
3616 4891 3852 4961 χρυσίῳ

2245 4974 2472 5047 καθαρῷ
2505 4976 3055 5048 διαπεπυκασμένην,
3091 4978 3184 5032 καὶ
3225 4977 3295 5032 τὰ
3329 4979 3640 5050 καλούμενα
3683 4998 3852 5052 μαρ-

2244 5066 2426 5138 τύρια,
2451 5065 2596 5120 τοῦτ’
2624 5066 2762 5141 ἔστι,
2797 5067 2891 5132 τὸν
2917 5067 3080 5138 νόμον
3095 5070 3172 5132 ὡς
3200 5072 3258 5123 ὲν
3286 5068 3478 5138 πλαξὶν
3508 5071 3854 5138 ὠδίνουσαν,

2245 5159 2341 5212 καὶ
2381 5158 2444 5212 οὗ
2491 5158 2655 5230 μέχρι
2686 5158 2892 5230 τούτων
2926 5160 2995 5214 τὰ
3033 5161 3124 5215 ἐπ’
3153 5161 3344 5233 αὗτήψ
3379 5162 3684 5233 ἀναφορέας
3725 5163 3859 5235 γὰρ

2244 5251 2307 5321 δὴ
2352 5251 2605 5320 γενέσθαι
2640 5250 2968 5321 προστάττει
3021 5251 3183 5306 πάλιν
3231 5251 3289 5318 ἐξ
3336 5253 3596 5324 ἀσήπτων
3631 5253 3856 5321 ξύλων,

2245 5342 2304 5394 ὲν
2336 5342 2435 5411 ἴσῳ
2467 5339 2920 5412 κεχρυσωμένους
2942 5380 2957 5405 ,
2993 5339 3226 5412 χρυσοῦς
3269 5357 3330 5394 τε
3367 5339 3686 5405 δακτυλίους
3743 5345 3863 5395 καὶ

2247 5431 2488 5504 στρεπτὰ
2515 5431 2722 5500 κύκλῳ.
2758 5431 2950 5506 Μῆκός
2973 5449 3032 5486 τε
3055 5431 3149 5506 καὶ
3179 5431 3382 5495 πλάτος
3411 5431 3503 5486 καὶ
3530 5429 3663 5500 ὕψος
3698 5431 3867 5502 ὠρί-

2250 5497 2381 5578 σατο
2407 5541 2485 5594 τῳ
2519 5497 2850 5596 τεχνήματι..
2871 5500 3026 5578 ”Αλλ³
3060 5503 3116 5576 εί
3151 5521 3395 5592 βούλοιτό
3424 5539 3508 5595 τις
3541 5497 3894 5593 πολυπρα-θ

2247 5607 2558 5685 γμονεῖνεῦ
2609 5613 2756 5684 μάλα
2795 5596 2863 5667 τά
2902 5612 3079 5686 τοιάδε
3113 5612 3418 5682 μυστικῶς,
3467 5612 3692 5684 εὑρήσει
3741 5613 3867 5682 μὲν

2247 5707 2396 5768 ἴσως,
2441 5706 2468 5758 ὃ
2498 5708 2548 5757 τί
2602 5706 2730 5760 ποτέ
2776 5708 2923 5759 ἐστιν
2965 5709 2997 5776 ἡ
3042 5703 3307 5772 κιϐωτὸς,
3356 5704 3450 5758 καὶ
3494 5702 3560 5756 τὰ
3594 5703 3653 5757 ἐν
3686 5701 3864 5772 αὐτῇ

631 5888 678 5931 θ’
729 5887 872 5960 Psal,
904 5887 1173 5950 cxi-11,27.
1249 5886 1291 5914 “
1318 5886 1470 5942 Joan.
1509 5899 1560 5947 v,
1594 5884 1681 5948 57,
1734 5883 1822 5937 58.
1865 5883 1907 5913 ⁸⁷
1941 5882 2112 5937 Exod.

2306 5878 2392 5938 io.
2437 5880 2518 5942 ιι.
