4118 6482
392 387 507 443 597

1119 378 1205 434 DE
1244 374 1691 433 ADORATIONE
1728 372 1797 428 IN
1839 364 2115 427 SPIRITU
2164 366 2251 421 ET
2295 368 2665 423 VERITATE.
2710 366 2840 422 LIB.
2883 366 3000 422 ιιι)

3604 366 3719 429 ωε
3744 386 3749 391 '

403 494 706 577 μαρτύρια,
739 491 835 545 καὶ
880 489 961 552 τίς
992 488 1025 559 ἡ
1062 487 1237 555 ξύλων
1278 488 1543 559 ἀσήπτων
1584 484 1777 555 γέγονε
1820 483 2000 556 χρεία.

2124 485 2227 533 'ate
2269 477 2681 549 pervestigare,
2728 475 2982 532 fortassis
3030 474 3277 534 inveniet
3341 475 3436 535 ille
3483 480 3709 551 quidem

402 590 472 644 Τί
498 586 545 641 δ’
580 585 647 640 ἂν
684 581 928 654 βούλοιτο
953 579 1167 650 δηλοῦν,
1204 580 1300 633 καὶ
1325 582 1392 651 τῇ
1427 578 1646 651 κιϐωτῷ
1671 579 1732 632 τὸ
1755 577 2002 651 χρυσίον,

401 679 475 737 τὰ
497 678 637 740 τέως
657 677 716 730 ἐν
740 674 895 741 τάξει
920 672 1111 744 χρείας
1132 689 1193 726 τε
1221 673 1316 727 καὶ
1343 670 1553 742 κόσμου
1586 668 2002 740 συντεθειμένα,

405 769 655 841 κυμάτια
694 766 759 835 δὴ
792 763 958 834 λέγω,
998 761 1277 835 στρεπτὰ,
1311 761 1541 836 κρίκους
1579 778 1639 815 τε
1670 760 1764 815 καὶ⁸
1798 761 2006 831 ἀναφο-

407 862 560 936 ρὲας,
607 861 656 913 εί
698 854 1125 929 περιεργάζοιτο
1155 853 1360 927 τυχὸν,
1408 854 1648 925 σκληρὸν
1687 852 1913 924 εὑρήσει
1946 850 2007 906 τὺ

404 952 621 1025 χρῆμα.
662 947 773 1003 Καὶ
819 945 979 1016 λόγον
1022 944 1205 1010 αὐτοῖς
1252 942 1568 1016 ἐφαρμόσαι
1600 940 1692 994 τὸν
1744 939 2009 1012 μυστικὸν

404 1045 511 1099 οὐκ
540 1042 714 1112 ἔχων,
755 1037 1181 1110 περιττοεπὴσει
1218 1036 1361 1108 τάχα
1397 1052 1501 1091 που
1526 1074 1543 1099 ,
1588 1033 1685 1088 καὶ
1726 1033 1883 1106 ὄχλον
1927 1034 2008 1087 εί-

408 1134 583 1203 καίων
608 1130 973 1204 ἐπισωρεύσει
1006 1129 1292 1202 ῥημάτων,
1327 1128 1449 1192 ταῖς
1475 1125 1587 1180 τῶν
1610 1124 2011 1196 φιλομαθεστέ-

410 1246 524 1302 ρων
567 1227 784 1289 ἀκοαῖς.
833 1222 1067 1295 Ἀληθὴς
1109 1222 1169 1276 δέ
1213 1221 1348 1293 ἡμῖν
1376 1222 1405 1274 ὁ
1447 1219 1608 1289 λόγος
1655 1218 1757 1273 οὒκ
1807 1218 1900 1272 ἐπί
1928 1236 2011 1274 τοι

408 1310 586 1394 μόνης
625 1318 724 1390 τῆς
754 1307 992 1372 κιϐωτοῦ
1022 1314 1205 1387 τυχὸν,
1243 1311 1543 1385 προσθείην
1577 1310 1623 1365 δ’
1667 1310 1734 1366 ἂν
1784 1311 1868 1365 ὅτι
1912 1313 2011 1366 καὶ

407 1411 506 1467 ἐπί
538 1430 603 1484 γε
627 1412 740 1467 τῶν
769 1410 969 1479 ἀλλων,
1004 1408 1040 1463 ἃ
1070 1407 1137 1489 δὴ
1161 1405 1416 1475 γενέσθαι
1441 1407 1836 1481 προστέταχεν.

488 1669 698 1725 ΠΛΛΛ.
748 1668 865 1723 Οὐκ
909 1668 1153 1723 ἀπίθανά
1201 1686 1295 1741 μοι
1348 1669 1527 1734 δοκεῖς
1573 1670 1910 1726 διανοεῖσθαί
1954 1691 2015 1727 τε

410 1764 510 1818 καὶ
545 1762 745 1831 λέγειν.
789 1762 1082 1834 Τοιγάρτοι
1134 1762 1319 1833 μεθεὶς
1356 1764 1416 1817 τό
1447 1781 1512 1833 γε
1553 1761 1722 1838 ἧκον,
1768 1767 1845 1830 ὡς
1882 1767 2012 1840 φὴς,

409 1860 497 1920 είς
531 1856 884 1929 συμμετρίαν
919 1873 981 1909 τε
1016 1856 1111 1911 καὶ
1137 1856 1349 1928 χρείαν,
1372 1858 1539 1930 ἤγουν
1562 1834 1643 1922 είς
1670 1860 1879 1931 κόσμον
1895 1834 2014 1914 *τιῖιν
2049 1834 2091 1890 Β

408 1950 910 2023 ἀποτελεσμάτων,
955 1950 1043 2004 ἐπ’
1090 1952 1224 2005 αὐτὸ
1255 1953 1495 2007 διάττειν
1536 1952 1762 2023 ἐπείγου
1800 1954 1862 2008 τό
1900 1958 2016 2019 τοῖς

410 2042 803 2114 θεωρήμασιν,
850 2044 1173 2112 ἀναγκαῖον,
1226 2044 1374 2098 τοῦτ’
1427 2043 1578 2111 ἐστι,
1628 2046 1754 2100 τίνα
1811 2049 2015 2119 τρόπον

408 2136 580 2201 αὐτὸς
610 2138 746 2207 ἡμῖν
793 2136 823 2190 ὁ
856 2139 1097 2209 Χριστὸς
1130 2139 1464 2210 σημαίνεται
1495 2138 1585 2193 διὰ
1624 2138 1734 2193 τῶν
1768 2141 2015 2213 παραδε-

407 2228 751 2300 δειγμένων,
809 2230 930 2302 ἦτοι
985 2233 1552 2304 κατεσκευασμένων,
1610 2233 1846 2305 ἀμελητὶ
1898 2233 2016 2289 δια-

410 2319 602 2390 σάφει.

486 2411 653 2466 ΚΥΡ.
713 2412 945 2479 Οὐκοῦν,
1006 2414 1120 2484 ἐγὼ
1154 2416 1273 2488 μὲν,
1302 2416 1379 2481 ὡς
1416 2417 1494 2472 ἔνι
1557 2419 1766 2489 φράσαι
1801 2437 1862 2473 τε
1925 2421 2020 2475 καὶ

410 2502 582 2563 νοεῖν,
614 2502 971 2574 πειράσομαι.
1008 2506 1444 2579 Διαμαρτάνοντι
1465 2507 1524 2562 δέ
1563 2511 1608 2563 τ’
1638 2509 1894 2581 ἀληθοῦς,
1923 2512 2019 2565 καὶ

415 2596 573 2664 μεῖον
606 2592 640 2665 ἢ
674 2594 783 2667 χρὴ
828 2598 897 2667 τῇ
950 2597 1061 2651 τῶν
1103 2597 1396 2669 νοημάτων
1454 2600 1699 2672 ὑπεροχῇ
1744 2603 2023 2674 προσϐάλ-

411 2687 583 2755 λοντι,
640 2688 986 2761 συγγνώμων
1035 2690 1145 2746 ἔσο.
1178 2691 1253 2745 Τὸ
1287 2692 1401 2763 γὰρ
1426 2693 1485 2746 ἐν
1530 2695 1789 2767 ἐσόπτρῳ
1830 2714 1890 2750 τε
1922 2699 2021 2752 καὶ

411 2780 707 2851 αίνίγματι
733 2781 981 2852 βλέπειν,
1017 2784 1390 2855 ἀποσφήλειεν
1419 2784 1486 2841 ἂν
1519 2785 1632 2847 ἔσθ’
1659 2788 1748 2847 ὅτε
1793 2790 1890 2853 καὶ
1929 2792 2021 2845 τὸν

413 2871 626 2944 ἀκριϐῆ
660 2890 719 2925 τε
743 2873 839 2927 καὶ
866 2873 1119 2946 ἔμφρονα
1149 2874 1297 2939 νοῦν.

493 2964 706 3019 ΠΑΛΛ.
743 2961 818 3020 Εὖ
848 2965 1051 3035 λέγεις.

490 3058 659 3115 ΚΥΡ.
704 3058 771 3112 Ἦ
799 3058 1033 3125 κιϐωτὸς
1062 3062 1218 3133 ἡμῖν,
1247 3054 1294 3115 ὧ
1324 3060 1614 3131 Παλλάδιε,
1641 3066 1811 3132 τύπος
1838 3070 1904 3123 ἂν
1936 3071 2021 3141 εἴη

2107 567 2241 638 quid
2278 569 2351 624 sit
2387 584 2537 635 arca,
2569 569 2774 640 quidve
2812 568 3132 624 testimonia
3166 585 3290 641 quae
3329 570 3388 626 in
3425 586 3490 626 ea
3528 573 3710 630 conti-

2108 660 2408 727 nebantur,
2433 662 2637 732 quidve
2666 678 2801 719 usus
2823 662 3254 733 imputribilium
3284 662 3565 735 lignorum
3593 667 3715 725 fue-

2110 755 2203 809 rit.
2230 754 2339 810 Sed
2366 763 2551 810 tamen
2575 756 2709 827 quid
2741 756 2848 811 sibi
2885 756 3021 812 velit
3054 755 3191 812 illud
3228 758 3286 813 in
3324 773 3453 815 arca
3484 775 3705 829 aurum,

2110 846 2315 917 quidve
2351 862 2417 903 ea
2444 863 2567 918 quae
2611 847 2838 903 interim
2882 848 2953 903 ad
2998 864 3163 904 usum
3192 851 3316 923 ejus
3354 859 3413 907 et
3448 861 3710 909 ornatum

2112 939 2416 1010 composita
2448 948 2598 1007 sunt,
2626 940 2882 1013 cymatia,
2910 940 3156 1012 inquam,
3182 951 3238 997 et
3267 946 3569 1011 versatilia,
3596 948 3710 1003 cir-

2112 1032 2224 1086 culi
2259 1031 2427 1087 etiam
2449 1049 2514 1089 ac
2536 1040 2745 1100 vectes,
2769 1032 2816 1088 si
2844 1033 3119 1090 curiosius
3146 1035 3423 1106 exquirat,
3472 1037 3711 1093 arduum

2113 1137 2178 1178 ac
2213 1122 2434 1180 diﬂicile
2461 1140 2601 1196 opus
2624 1125 2892 1181 inveniet.
2916 1124 3054 1182 Cum
3078 1127 3265 1198 itaque
3291 1128 3579 1201 mysticam
3629 1145 3719 1183 ra-

2113 1216 2323 1273 tionem
2361 1217 2472 1274 illis
2508 1226 2700 1289 aptare
2728 1228 2990 1291 nequeat,
3017 1236 3429 1290 supervacaneo
3454 1235 3721 1279 sermone
3772 1277 3781 1301 ,.

2114 1308 2455 1367 redundabit
2496 1309 2752 1377 fortasse,
2800 1321 2857 1367 ct
2912 1312 3163 1368 inanium
3206 1314 3504 1369 verborum
3550 1313 3718 1369 turba

2114 1401 2494 1459 studiosorum
2519 1418 2686 1460 aures
2730 1404 3007 1460 onerabit.
3048 1405 3241 1475 quue,
3266 1404 3413 1476 quod
3456 1406 3723 1475 dicimus,

2116 1512 2228 1552 non
2255 1496 2312 1551 in
2344 1512 2475 1553 arca
2498 1498 2615 1553 sola
2636 1514 2831 1553 verum
2856 1507 2964 1565 est,
2994 1497 3089 1554 sed
3120 1497 3175 1553 in
3206 1498 3337 1554 aliis
3375 1500 3542 1556 etiam
3594 1516 3719 1572 quae

2117 1588 2239 1645 ﬁeri
2258 1590 2444 1661 jussit.

2188 1680 2388 1737 PALL.
2430 1682 2563 1737 Mihi
2598 1698 2732 1739 vero
2768 1699 2881 1740 non
2922 1684 3164 1742 absurde
3194 1687 3403 1743 sentire
3439 1702 3505 1742 ac
3534 1688 3725 1746 dicere

2118 1766 2348 1824 videris.
2376 1769 2538 1841 293
2564 1770 2757 1843 Igitur,
2796 1772 2867 1828 iis
2903 1776 3295 1844 praetermissis
3328 1792 3453 1847 quae
3483 1776 3551 1832 ad
3585 1793 3722 1838 con-

2118 1863 2433 1932 gruentiam
2475 1872 2535 1919 et
2572 1880 2757 1932 usum,
2793 1872 2857 1921 ut
2881 1865 3045 1934 dicis,
3071 1884 3169 1923 seu
3200 1877 3460 1925 ornatum
3490 1885 3725 1941 operum

2120 1954 2425 2024 pertinent,
2454 1957 2523 2012 ad
2560 1974 2625 2013 ea
2661 1959 2849 2030 potius
2885 1960 3211 2031 explicanda
3236 1977 3427 2034 perge,
3449 1979 3572 2033 quae
3596 1972 3729 2019 sunt

2119 2048 2189 2101 ad
2234 2048 2763 2119 contemplationem
2810 2054 3150 2120 necessaria,
3195 2054 3251 2110 id
3298 2062 3402 2121 est,
3444 2056 3728 2127 quomodo

2120 2138 2283 2194 nobis
2325 2138 2582 2197 Christus
2627 2142 2746 2213 ipse
2790 2159 2891 2215 per
2930 2160 2996 2201 ea
3040 2161 3185 2216 quae,
3223 2148 3313 2203 vel
3352 2155 3596 2213 ostensa,
3639 2149 3727 2203 vel

2120 2246 2291 2302 Opere
2318 2232 2572 2302 perfecta
2601 2245 2752 2301 sunt,
2783 2236 3153 2308 signiﬁcetur,
3184 2239 3239 2295 id
3271 2255 3407 2295 vero
3433 2240 3554 2296 sine
3586 2256 3729 2296 cun-

2121 2323 2365 2378 ctatione
2400 2326 2634 2395 explica.

2192 2415 2352 2472 CYR.
2394 2417 2509 2489 Ego
2537 2434 2693 2485 vero,
2724 2429 2787 2476 ut
2818 2430 3034 2492 potero,
3062 2430 3119 2477 et
3158 2423 3490 2495 intelligere,
3524 2431 3582 2480 et
3626 2440 3727 2481 ex-

2123 2508 2333 2577 plicare
2372 2511 2620 2567 conabor
2650 2531 2663 2565 :
2693 2514 2815 2580 sed,
2851 2514 2897 2569 si
2942 2530 2974 2569 a
3014 2515 3247 2571 veritate
3282 2517 3635 2585 aberravero,
3670 2526 3730 2574 et

2124 2601 2310 2656 minus
2336 2617 2503 2672 quam
2540 2612 2818 2674 oporteat,
2853 2622 3118 2661 sensuum
3161 2609 3541 2677 praestantiam
3582 2625 3737 2665 asse-

2125 2701 2290 2749 cutus
2316 2693 2496 2760 fuero,
2524 2697 2745 2751 veniam
2776 2696 2938 2753 dabis
2965 2717 2977 2757 ;
3008 2714 3137 2753 nam
3160 2699 3289 2769 quia
3318 2699 3375 2753 in
3423 2701 3648 2771 speculo
3675 2705 3737 2755 et

2124 2786 2418 2858 aenigmate
2462 2787 2740 2855 videmus,
2786 2788 3027 2845 eﬂicitur
3069 2807 3471 2864 nonnunquam
3543 2802 3605 2848 ut
3645 2797 3740 2863 vel

2126 2879 2377 2953 prudens
2402 2889 2460 2936 et
2484 2880 2722 2953 diligens
2750 2881 2972 2937 animus
2999 2882 3243 2943 labatur.

2199 2972 2280 3028 PA
2292 2973 2401 3028 LL.
2444 2974 2615 3030 Recte
2645 2974 2807 3030 dicis.

2201 3063 2362 3119 CYR.
2402 3063 2547 3120 Area
2592 3064 2783 3136 igitur,
2813 3066 3048 3133 Palladi,
3079 3075 3141 3122 ut
3176 3084 3281 3139 ego
3325 3070 3528 3136 sentio,
3555 3069 3743 3142 imago

415 3154 517 3207 καὶ
563 3152 731 3215 εἰκὼν
773 3153 870 3217 τοῦ
901 3154 1165 3221 Χριστοῦ.
1203 3155 1309 3210 Τὸν
1354 3157 1465 3229 γὰρ
1510 3159 1611 3231 τῆς
1661 3162 2019 3235 ἐνανθρωπή-

2128 3171 2193 3211 ac
2242 3154 2416 3225 ﬁgura
2459 3154 2669 3209 Christi
2712 3164 2838 3210 est:
2871 3172 3022 3223 nam,
3076 3158 3122 3212 si
3174 3160 3593 3216 consideremus
3627 3176 3739 3231 qua

417 3264 562 3312 σεως
588 3246 685 3301 τοῦ
714 3247 1061 3317 Μονογενοῦς
1086 3250 1560 3321 ἀνασκοπούμενοι
1594 3256 1819 3325 τρόπον,
1844 3259 2022 3313 καθά-

417 3357 533 3413 περ
582 3341 642 3396 ἐν
677 3340 899 3411 κιϐωτῷ
945 3340 1023 3412 τῷ
1059 3344 1125 3395 ὲκ
1166 3342 1446 3415 Παρθένου
1498 3347 1611 3417 ναῷ
1650 3347 1741 3401 τὸν
1776 3352 1839 3404 ἐκ
1887 3352 2024 3406 Θεοῦ

418 3433 640 3505 Πατρδς
667 3434 841 3501 Λόγον
888 3432 1280 3505 ἐνηυλίσμένον
1349 3434 1615 3509 ὀψόμεθα.
1658 3460 1676 3491 ι
1714 3441 2023 3514 Κατῴκησε

418 3525 534 3596 γὰρ
589 3527 647 3579 ἐν
693 3524 848 3597 αὐτῷ
897 3527 1008 3580 πᾶν
1051 3526 1114 3582 τὸ
1147 3526 1423 3599 πλήρωμα
1475 3532 1576 3602 τῆς
1614 3530 1870 3605 θεότητος
1922 3553 2026 3589 σω-

420 3618 698 3693 ματικῶς,
734 3638 752 3671 ι
806 3618 953 3674 κατά
983 3619 1084 3683 τὰς
1122 3620 1368 3691 Γραφὰς.
1395 3622 1568 3692 Λόγος
1588 3624 1644 3678 δὲ
1667 3620 1735 3697 ἦν
1769 3627 1927 3692 Θεοῦ,
1958 3630 2026 3688 τὰ

416 3715 481 3771 ἐν
510 3716 576 3783 τῇ
608 3711 831 3783 κιϐωτῷ
877 3711 1178 3783 μαρτύρια.
1215 3714 1328 3767 Καὶ
1358 3715 1582 3786 ἄσηπτα
1615 3717 1715 3786 μὲν
1760 3714 1829 3791 ἦν
1854 3720 2027 3791 αὐτῆς

416 3805 493 3860 τὰ
536 3805 690 3872 ξύλα,
739 3804 930 3876 χρυσῷ
981 3805 1038 3859 δέ
1088 3805 1169 3879 τῷ
1223 3807 1453 3881 καθαρῷ
1510 3810 1605 3863 καὶ
1666 3812 2028 3888 δοκιμωτάτῳ

420 3898 882 3963 κατεκαλλύνετο,
934 3898 1140 3954 ἐσωθέν
1192 3918 1255 3954 τε
1304 3901 1399 3955 καὶ
1454 3901 1676 3968 ἔξωθεν.
1714 3906 2028 3980 Ἀφθαρτον

419 3994 531 4064 γὰρ
562 3993 625 4047 τὸ
651 3994 812 4064 σῶμα
852 3992 1117 4065 Χριστοῦ,
1153 3994 1408 4069 καθάπερ
1444 3999 1553 4051 τινὶ
1584 4001 1795 4073 χρυσῷ,
1822 4005 1890 4075 τῇ
1931 4004 2026 4058 τοῦ

420 4085 762 4151 ἐνοικοῦντος
808 4087 987 4157 Λόγου
1037 4086 1266 4159 δυνάμει
1328 4088 1425 4143 καὶ
1488 4089 1839 4165 λαμπρότητι
1865 4134 1883 4160 ,
1933 4096 2029 4150 καὶ

420 4182 489 4251 τῇ
547 4178 644 4234 τοῦ
715 4179 874 4249 ἁγίου
944 4179 1266 4251 Πνεύματος
1345 4183 1507 4250 φύσει
1591 4184 1687 4237 καί¹
1764 4187 2024 4259 ἐνεργείᾳ

420 4272 718 4344 ζωοποιῷ,
779 4272 919 4344 πρὸς
973 4272 1288 4344 ἀφθαρσίαν
1354 4274 1850 4348 διακρατούμενον.
1927 4281 2029 4335 Διά

420 4363 534 4434 γάρ
562 4380 646 4417 τοι
684 4361 842 4416 τοῦτο
872 4362 970 4417 καί¹
1018 4362 1308 4428 ζωοποιεῖν
1350 4362 1571 4431 λέγεται
1602 4365 1862 4437 Χριστός.
1902 4367 2026 4439 Ζωὴ

419 4452 533 4522 γὰρ
565 4450 643 4509 ὣν
672 4451 818 4506 κατά
846 4451 1010 4522 φύσιν
1037 4454 1066 4506 ό
1100 4453 1165 4506 ἐκ
1191 4451 1331 4506 Θεοῦ
1360 4454 1576 4525 Πατρὸς
1608 4455 1802 4525 Λόγος,
1835 4458 1902 4529 τῇ
1933 4458 2028 4512 δυ·

2128 3246 2343 3300 ratione
2370 3244 2465 3299 ille
2489 3245 2824 3317 Unigenitus
2847 3246 2920 3300 sit
2946 3246 3114 3301 homo
3139 3246 3339 3313 factus,
3366 3248 3501 3303 illud
3527 3264 3596 3305 ex
3621 3249 3739 3305 Deo

2126 3337 2291 3404 Patre
2320 3336 2565 3391 Verbum
2601 3336 2658 3391 in
2690 3351 2758 3391 eo
2789 3336 3015 3406 templo,
3044 3337 3193 3407 quod
3227 3353 3296 3393 ex
3331 3339 3557 3411 Virgine
3586 3356 3741 3397 sume

2096 3427 2101 3432 ’
2126 3430 2256 3500 psit,
2282 3438 2541 3499 tanquam
2575 3429 2632 3483 in
2659 3446 2789 3485 arca
2812 3429 3155 3486 diversatum
3179 3430 3352 3487 fuisse
3375 3432 3694 3490 videbimus
3719 3453 3735 3490 :

2135 3542 2153 3573 ι
2198 3522 2480 3578 Habitavit
2513 3524 2664 3579 enim
2704 3524 2762 3578 in
2797 3538 2866 3578 eo
2902 3524 3086 3579 omnis
3108 3524 3400 3595 plenitudo
3427 3524 3745 3585 divinitatis.

2128 3615 2498 3686 corporaliter
2522 3616 2591 3683 ⁸⁸,
2627 3635 2645 3668 ι
2690 3624 2754 3671 ιιι
2785 3616 3059 3688 scriptum
3109 3626 3216 3673 est.
3257 3618 3505 3673 Verbum
3552 3627 3743 3675 autem

2128 3707 2227 3763 Dei
2257 3715 2420 3762 erant
2460 3708 2554 3765 illa
2601 3709 2659 3771 in
2703 3724 2832 3763 arca
2862 3709 3218 3776 testimonia;
3242 3725 3318 3764 ac
3342 3710 3489 3782 ligna
3512 3712 3743 3781 quidem

2129 3817 2273 3861 arcae
2310 3801 2676 3873 imputribilia
2722 3808 2902 3867 erant,
2935 3818 3073 3858 auro
3103 3802 3272 3857 etiam
3315 3804 3615 3874 purissimo
3673 3814 3743 3861 ac

2130 3898 2528 3967 probatissimo
2577 3897 2817 3952 interius
2882 3904 2940 3952 et
2983 3896 3231 3952 exterius
3274 3904 3466 3952 ornata
3502 3914 3515 3949 :
3552 3896 3740 3951 incor-

2130 3990 2399 4059 ruptibile
2443 4005 2686 4060 namque
2727 3998 2851 4044 erat
2890 3988 3098 4044 Christi
3132 4003 3360 4059 corpus,
3390 3988 3538 4059 quod
3570 3989 3626 4042 vi
3658 3995 3743 4043 at-

2130 4098 2238 4153 que
2298 4082 2598 4153 splendore
2647 4081 2819 4137 Verbi
2880 4080 3267 4146 inbabitantis,
3306 4089 3363 4136 et
3420 4080 3744 4139 viviﬁcante

2130 4177 2309 4233 sancti
2355 4175 2601 4247 Spiritus
2642 4182 2842 4230 natura
2890 4182 3059 4245 atque
3096 4173 3427 4240 eﬂicientia,
3475 4180 3742 4245 tanquam

2130 4286 2268 4325 auro
2314 4268 2555 4341 quodam
2598 4269 2656 4324 in
2696 4268 3115 4337 incorruptione
3151 4268 3579 4323 contineretur:
3608 4284 3740 4331 nam

2131 4365 2205 4420 ob
2248 4379 2373 4419 eam
2420 4377 2645 4418 causam
2684 4360 2969 4425 viviﬁcare
3012 4361 3179 4416 etiam
3213 4359 3470 4417 Christus
3498 4360 3739 4427 dicitur;

2132 4473 2260 4513 cum
2292 4456 2443 4513 enim
2480 4455 2618 4511 illud
2656 4470 2724 4510 ex
2757 4454 2870 4509 Deo
2906 4454 3070 4508 Patre
3112 4453 3360 4508 Verbum
3402 4463 3596 4525 suapte
3634 4470 3742 4510 na-

370 4611 375 4614 _
420 4543 587 4614 νάμει
637 4542 736 4597 τοῦ
813 4542 943 4598 ίδίου
1000 4541 1315 4615 πνεύματος
1365 4544 1459 4600 τὸν
1510 4544 1642 4601 ἴδιον
1686 4547 1853 4612 αὐτὸς
1927 4550 2022 4603 ἀν-

2137 4557 2261 4604 tura
2286 4548 2402 4603 vita
2426 4553 2597 4612 esset,
2632 4545 2719 4601 sui
2748 4543 2979 4615 spiritus
3009 4543 3066 4598 vi
3095 4559 3258 4599 suum
3296 4542 3563 4614 templum
3593 4541 3743 4598 vivi-

419 4633 714 4698 εζωοποίει
736 4634 887 4700 ναὸν,
906 4634 1117 4709 φθορᾶς
1140 4635 1406 4711 ἀνωτέρω
1426 4637 1647 4702 τιθείς.ι
1670 4639 1735 4692 Ἥ
1751 4639 1860 4713 γὰρ
1889 4641 2029 4713 σάρξ

421 4728 592 4783 αὑτοῦ
644 4729 748 4784 οὐκ
791 4726 901 4783 οίδε
958 4729 1303 4803 διαφθορὰν,
1353 4750 1373 4783 ι
1423 4732 1569 4787 κατὰ
1596 4732 1696 4805 τὴν
1728 4734 1824 4787 τοῦ
1866 4736 2024 4803 ἁγίου

422 4822 642 4876 Παύλου
688 4823 899 4894 φωνήν.
941 4809 1294 4895 Προσειρώνει
1342 4822 1400 4877 δέ
1440 4842 1543 4879 που
1592 4826 1688 4879 καὶ
1727 4825 2024 4894 Ἰουδαίοις,

420 4916 555 4986 περὶ
586 4915 682 4969 τοῦ
721 4916 856 4969 ίδίου
908 4914 1185 4987 σώματος·
1220 4936 1239 4969 ι
1264 4917 1484 4973 Λύσατε
1529 4917 1623 4973 τὸν
1659 4918 1788 4972 ναὸν
1812 4919 2027 4986 τοῦτον,

424 5008 517 5061 καὶ
563 5011 622 5062 ἐν
647 5009 830 5081 τρισὶν
859 5008 1097 5081 ἡμέραις
1132 5010 1313 5083 ἐγερῶ
1356 5010 1554 5065 αὐτόν*
1600 5030 1619 5062 ι
1655 5010 1751 5065 καὶ
1795 5010 1903 5083 μὴν
1938 5011 2031 5065 καὶ

422 5102 453 5156 ὁ
493 5099 703 5173 Πέτρος
742 5101 1159 5157 τεθανατῶσθαι
1208 5104 1308 5176 μὲν
1374 5104 1561 5175 σαρκὶ,
1612 5105 1798 5175 φησὶν,
1843 5105 2029 5171 αὑτὸν,

423 5193 834 5264 ἐζωοποιῆσθαι
885 5194 946 5249 δὲ
997 5196 1295 5267 πνεύματι.
1350 5196 1630 5268 Σύμϐολον
1661 5193 1754 5253 οῦν
1783 5199 1892 5269 ἄρα
1927 5199 2031 5268 τῆς

424 5284 828 5358 ὑπερλάμπρου
888 5285 1171 5357 θεότητος,
1220 5291 1248 5342 ό
1274 5289 1500 5360 χρυσὸς,
1540 5290 2028 5364 ὲπαληλειμμένης

424 5376 618 5447 ὥσπερ
648 5377 729 5448 τῷ
760 5379 903 5449 ἁγίῳ
956 5378 1197 5451 σώματι,
1230 5382 1327 5434 καὶ
1367 5383 1469 5453 τὴν
1520 5383 1657 5437 ἰδίαν
1689 5383 1857 5437 αὑτοῦ
1894 5383 2032 5455 λαμ-

426 5468 683 5539 πρότητόι
709 5485 768 5523 τε
800 5469 898 5524 καὶ
929 5469 1245 5542 ἀφθαρσίαν
1270 5472 1513 5545 ἐνιείσης
1544 5476 1902 5547 ἀπορῤήτως,
1934 5476 2032 5530 καὶ

426 5561 506 5625 ὡς
554 5562 693 5633 αὐτή
740 5580 846 5617 που
885 5564 1020 5635 μόνη
1049 5564 1143 5617 καὶ
1168 5564 1290 5618 καθ’
1335 5565 1537 5637 ἐαυτὴν
1596 5569 1628 5635 ἡ
1681 5567 1801 5622 θεία
1850 5587 1907 5622 τε
1940 5569 2031 5623 καὶ

432 5655 573 5725 ὑπὲρ
604 5657 731 5709 νοῦν
756 5658 1047 5713 ἐπίσταται
1070 5658 1253 5728 φύσις.
1275 5656 1335 5710 Εἰ
1370 5658 1477 5730 γὰρ
1519 5677 1537 5709 ι
1572 5660 1636 5713 Οί
1656 5661 1859 5715 δίκαιοι
1893 5663 2031 5717 κατὰ

2136 4639 2357 4704 ﬁcabat,
2387 4644 2555 4708 atque
2592 4642 2657 4691 ut
2692 4634 3070 4705 corruptionis
3106 4649 3306 4704 expers
3337 4642 3506 4699 esset,
3531 4632 3742 4691 eﬂicie-

2136 4732 2250 4789 bat.
2288 4752 2307 4784 ι
2338 4731 2482 4788 Caro
2519 4731 2668 4786 enim
2706 4731 2827 4801 ejus
2858 4744 2971 4783 non
2995 4728 3138 4784 vidit
3170 4727 3589 4798 corruptionem
3612 4726 3681 4793 θ’,
3714 4747 3743 4783 ι⁴

2130 4826 2289 4897 juxta
2329 4824 2479 4879 beati
2514 4823 2669 4879 Pauli
2699 4838 2915 4878 vocem.
2946 4820 3308 4892 Loquebatur
3338 4819 3507 4874 etiam
3539 4819 3608 4874 ad
3640 4820 3741 4875 Ju-

2134 4920 2284 4979 dzeos
2306 4917 2375 4973 de
2402 4932 2639 4987 corpore
2665 4932 2809 4971 suo:
2845 4935 2864 4967 ι
2896 4915 3108 4971 Solvite
3143 4915 3411 4984 templum
3447 4913 3576 4977 hoc,
3603 4923 3659 4968 et
3686 4913 3742 4972 in

2136 5011 2319 5066 tribus
2352 5009 2555 5065 diebus
2594 5007 2851 5063 excitabo
2876 5006 3013 5061 illud
3040 5007 3106 5060 ’°.
3149 5025 3167 5057 ›
3198 5005 3512 5073 Quinetiam
3540 5006 3743 5059 Petrus

2135 5104 2295 5160 illum
2324 5101 2552 5173 quidem
2593 5116 2764 5156 carne
2808 5099 3203 5163 mortiﬁcatum
3237 5098 3334 5165 ait,
3368 5098 3463 5153 sed
3494 5096 3741 5153 viviﬁca—

2136 5207 2255 5254 tunt
2294 5197 2494 5268 spiritu
2520 5196 2587 5249 ⁹¹.
2635 5193 2957 5267 Symbolum
2996 5201 3083 5246 est
3121 5192 3289 5263 igitur
3316 5205 3517 5245 aurum
3556 5191 3738 5261 ipsum

2136 5290 2599 5363 Splendidissimae
2620 5288 2949 5352 divinitatis,
2969 5302 3076 5357 qua
3099 5293 3351 5341 sanctum
3376 5285 3511 5340 illud
3536 5300 3741 5355 corpus

2136 5385 2313 5440 veluti
2347 5383 2550 5438 illitum
2578 5388 2717 5447 erat,
2746 5395 2979 5451 qumque
3012 5394 3175 5434 suum
3214 5378 3332 5447 ipsa
3381 5377 3741 5448 splendorem

2139 5485 2196 5533 et
2234 5475 2709 5545 incorruptionem
2750 5471 3108 5527 ineﬂ'abiliter
3142 5470 3498 5536 immittebat,
3531 5478 3593 5529 ut
3624 5471 3749 5541 ipsa

2139 5570 2391 5640 profecto
2421 5570 2561 5633 sola,
2588 5578 2644 5624 et
2670 5568 2894 5638 quidem
2930 5582 3031 5637 per
3061 5582 3118 5621 se
3145 5566 3299 5620 novit
3326 5565 3514 5620 divina
3547 5564 3661 5631 illa,
3688 5574 3744 5632 οι,

2143 5683 2264 5735 qua:
2299 5664 2721 5734 intelligentiam
2766 5678 2985 5719 omnem
3029 5669 3275 5733 superat,
3317 5670 3536 5715 natura.
3579 5659 3741 5722 Nam,

505 5838 551 5871 “
587 5839 797 5896 Coloss.
829 5839 957 5903 11,9.
1038 5835 1082 5869 ⁸³
1109 5840 1228 5895 Act.
1274 5857 1331 5903 ιι,
1366 5840 1454 5894 51.
1536 5839 1758 5895 “Joan.
1804 5858 1865 5909 ιι,
1900 5841 1984 5897 19.

2170 5842 2185 5895 Ι
2216 5842 2362 5896 Petr.
2413 5855 2497 5909 ιιι,
2532 5838 2613 5892 18.
