4118 6430
490 302 601 369 ΕΩ
1529 318 1584 375 S.
1626 319 1903 376 CYRILLI
1943 318 2416 376 ALEXANDRINI
2452 318 2773 377 ARClllEP.

495 430 544 484 si
577 450 594 481 ‹
626 429 768 487 Justi
793 430 1093 504 aliquando
1132 434 1421 506 fulgebunt
1469 446 1530 493 ut
1569 440 1650 494 sol
1690 440 1746 495 in
1786 456 1956 512 regno
1979 441 2021 496 P

2116 443 2151 500 Α
2181 441 2409 511 καιροὺς
2444 439 2816 511 ἐκλάμψουσιν
2856 440 2933 505 ὡς
2967 442 2997 495 6
3025 441 3177 513 ήλιος
3209 443 3266 498 ἐν
3296 448 3363 518 τῇ
3397 429 3645 524 βασιλείᾳ
3670 453 3763 509 τοῦ

493 522 597 577 tris
635 523 721 579 sui
750 525 818 587 ”,
854 544 872 576 ι
908 526 1020 596 jam
1045 532 1249 596 quanta
1286 527 1394 583 erit
1430 529 1606 601 ipsius
1627 530 1836 589 Christi
1871 534 2021 604 glori:

2182 530 2396 601 Πατρὸς
2448 530 2649 595 αὐτῶν,
2699 551 2718 583 ι
2756 531 2840 597 τίς
2890 533 3044 597 ἔσται
3097 536 3283 593 λοιπὸν
3329 541 3363 610 ἠ
3411 542 3579 596 αὐτοῦ
3619 522 3765 611 Ῠδόξα

489 612 657 687 294
679 612 965 681 Quomodo
1000 631 1110 695 non
1143 628 1200 673 et
1234 618 1652 693 intelligentiam
1680 634 1737 680 et
1769 627 2019 682 oratione

2178 619 2454 692 Χριστοῦ;
2512 621 2638 686 Πῶς
2679 622 2737 677 δὲ
2775 624 2837 676 οὐ
2876 624 2968 677 νοῦ
3000 626 3095 680 καὶ
3131 627 3290 696 λόγου
3327 629 3473 702 πέρα
3501 635 3700 699 παντὸς
3727 638 3761 707 ή

487 723 708 764 omnem
748 709 923 764 vincit
957 709 1050 766 ille
1079 709 1293 782 fulgor?
1324 711 1493 769 Aurei
1518 715 1684 771 etiam
1710 726 1841 772 sunt
1865 727 2021 774 vecte

2178 712 2481 785 ἐκλαμψιςς
2529 714 2739 784 Χρυσοῖ
2785 714 2843 769 δὲ
2885 715 2984 788 τὴν
3031 719 3264 773 κιϐωτὸν
3305 720 3523 793 ἔχοντες
3558 726 3763 796 ἀναφο-

485 800 580 869 qui
609 814 795 857 arcam
819 801 1116 869 sustinent,
1143 804 1299 861 aurei
1320 813 1377 860 et
1399 805 1614 868 circuli,
1644 824 1812 864 aurea
1834 809 2021 882 deniqi

2178 806 2312 876 ρεῖς,
2360 806 2555 875 χρυσοῖ
2586 805 2681 860 καὶ
2737 807 2789 858 οἱ
2829 807 3032 878 κρίκοι,
3078 810 3171 863 καὶ
3200 811 3379 866 πάντα
3411 814 3482 868 τὰ
3499 815 3559 867 ἐν
3586 817 3746 889 αὐτῇ·

482 891 539 947 in
578 907 643 947 ea
681 902 813 950 sunt
848 895 1034 952 omnia
1062 913 1075 950 :
1100 896 1402 968 participes
1431 914 1671 969 namque
1706 901 1856 957 illius
1887 902 2021 973 glori

2179 896 2396 967 μέτοχοι
2452 895 2563 968 γὰρ
2618 896 2718 967 τῆς
2760 897 2920 970 δόξης
2944 902 2994 953 οἱ
3050 901 3189 970 ἀμφ’
3225 903 3405 969 αὐτὸν,
3439 905 3534 959 καὶ
3577 906 3654 973 ὡς
3703 910 3762 961 ἐν

482 992 612 1039 sunt
681 985 778 1056 qui
828 985 987 1042 illum
1032 987 1415 1056 circumstant,
1467 991 1659 1062 illique
1705 994 1970 1050 charitate
2015 1017 2021 1044 ‹

2158 990 2362 1060 κάγάπῃ
2393 989 2487 1042 καὶ
2513 989 2774 1061 ἁγιασμῷ
2802 993 3332 1064 προσερηρεισμένοι
3360 995 3454 1049 καὶ
3473 998 3756 1068 χρήσιμοι.

480 1075 776 1133 sanctitate
813 1085 1076 1150 tanquam
1119 1079 1265 1137 afﬁxi
1304 1091 1456 1149 sunt,
1495 1090 1552 1138 et
1589 1099 1753 1139 usum
1799 1086 2020 1156 praeben

2173 1077 2416 1131 Τοιοῦτοί
2439 1094 2584 1141 τινες
2604 1073 2744 1149 ἦσαν
2768 1078 2863 1132 καὶ
2885 1079 2935 1132 οἱ
2955 1080 3217 1151 μακάριοι
3246 1082 3508 1154 μαθηταὶ,
3527 1085 3760 1157 δύναμιν

477 1165 681 1230 Quales
709 1167 787 1223 illi
818 1170 995 1226 sancti
1038 1170 1298 1243 discipuli
1339 1180 1521 1241 erant,
1553 1177 1649 1245 qui
1682 1177 1795 1231 vim
1823 1178 2021 1234 divinat

2170 1169 2267 1241 τὴν
2306 1169 2437 1242 παρτ
2491 1169 2660 1224 αὑτοῦ
2712 1170 2811 1242 τὴν
2864 1169 3146 1244 θεοπρεπῆ
3198 1173 3503 1246 δεχόμενοι,
3537 1179 3630 1232 καὶ
3656 1179 3758 1249 τῆς

475 1256 547 1311 ab
591 1272 660 1312 eo
713 1260 1081 1332 accipiebant,
1129 1270 1187 1319 et
1236 1279 1492 1337 superna:
1538 1267 1688 1324 illius
1730 1271 2017 1326 excellenti

2168 1261 2376 1317 ἄνωθεν
2409 1262 2687 1334 ὑπεροχῆς
2736 1263 2834 1334 τὴν
2876 1262 3243 1337 λαμπρότητα
3289 1267 3566 1338 μεθεκτῶς
3591 1272 3759 1325 ἐκπε-

475 1348 829 1418 splendorem
878 1363 1039 1410 erant
1082 1356 1465 1429 participando
1508 1362 1814 1418 consecuti.
1878 1365 2021 1436 itaqu

2169 1353 2556 1427 πλουτηκότες,
2611 1355 2708 1408 καὶ
2756 1354 3090 1428 πληροῦντες
3119 1356 3207 1412 διὰ
3239 1356 3396 1412 τοῦτο
3432 1359 3532 1425 τὰς
3565 1360 3757 1433 θεοση-

476 1436 663 1494 divina
697 1441 852 1512 signa
874 1442 946 1498 ob
969 1460 1092 1500 eam
1117 1461 1339 1504 causam
1364 1449 1622 1507 edebant.
2169 1447 2318 1518 μίας.
2482 1468 2483 1471 ‘

546 1528 749 1585 PALL.
789 1530 960 1589 Recte
984 1550 1117 1592 sane
1140 1536 1300 1594 dicis.

2231 1539 2440 1597 ΠΑΛΛ.
2487 1538 2694 1609 Ὀρθῶς
2724 1539 2880 1612 ἔφης.

544 1620 703 1712 CYR.
752 1642 773 1675 ι
810 1623 880 1680 Et
899 1635 1103 1697 praeter
1125 1645 1307 1686 arcam
1344 1632 1534 1699 facies,
1570 1654 1588 1684 ι
1625 1636 1832 1708 inquit,
1879 1659 1897 1690 ι
1927 1657 2021 1712 pro

2233 1632 2397 1686 ΚΥΡ.
2434 1651 2451 1682 ι
2491 1632 2602 1685 Καὶ
2622 1631 2761 1702 πρός
2788 1649 2854 1700 γε
2879 1634 2946 1703 τῇ
2974 1632 3213 1704 κιϐιι›τ’ῷ,
3243 1636 3750 1710 ποιήσειςρφησὶν,

473 1710 841 1781 pitiatorium,
882 1720 1385 1789 superpositionem
1409 1739 1473 1779 ex
1499 1741 1636 1782 auro
1658 1744 1800 1799 puro
1822 1710 2021 1786 duorm

2116 1788 2134 1802 ἱ
2170 1742 2188 1775 ι
2226 1722 2564 1794 ἱλαστήριον,
2599 1722 2839 1794 ἐπίθεμα
2875 1724 3101 1796 χρυσίου
3137 1726 3383 1797 καθαροῦ
3412 1728 3504 1782 δύο
3531 1732 3754 1802 πήχεων

473 1802 790 1860 cubitorum
827 1812 885 1862 et
914 1807 1129 1866 dimidii
1170 1812 1536 1885 longitudine,
1564 1828 1621 1874 et
1661 1820 1833 1877 cubiti
1876 1831 1935 1878 et
1972 1823 2021 1878 di

2116 1802 2134 1839 ⁵
2163 1815 2261 1870 καὶ
2325 1815 2561 1887 ήμίσους
2612 1814 2676 1867 τὸ
2712 1813 2910 1885 μῆκος,
2944 1815 3036 1869 καὶ
3068 1817 3290 1887 πήχεως
3313 1820 3408 1872 καὶ
3431 1820 3661 1891 ἡμίσους
3687 1822 3752 1876 τὸ

472 1892 633 1949 midii
684 1894 998 1955 latitudine.
1042 1900 1111 1957 Et
1156 1902 1326 1962 facies
1375 1907 1486 1964 duo
1517 1910 1843 1977 Cherubim,
1890 1929 2021 1970 aure

2164 1903 2386 1967 πλάτος.
2417 1903 2528 1956 Καὶ
2557 1904 2805 1976 ποιήσεις
2832 1904 2927 1959 δύο
2948 1906 3232 1979 Χερουϐὶμ
3253 1912 3434 1981 χρυσᾶ
3460 1913 3746 1982 τορνευτά·

386 2007 390 2011 -
472 1986 787 2056 tornatilia;
831 1999 890 2047 et
923 1992 1177 2065 impones
1207 2013 1272 2053 ea
1304 2014 1371 2055 ex
1400 2009 1638 2073 utroque
1666 2005 1839 2060 latere
1865 2009 2021 2078 propi

2161 1997 2256 2050 καὶ
2303 1996 2588 2068 ἐπιθήσεις
2639 1997 2780 2051 αὐτά
2812 1997 2873 2063 ἐξ
2897 1999 3223 2072 ἀμφοτέρων
3260 2001 3372 2057 τῶν
3416 2003 3615 2058 κλιτῶν
3652 2007 3748 2060 τοῦ

470 2074 705 2144 tiatorii,
730 2077 956 2137 Cherub
984 2097 1131 2140 unus
1173 2102 1241 2142 ex
1268 2088 1461 2157 latere,
1488 2099 1545 2147 et
1566 2092 1790 2149 Cherub
1819 2074 2019 2153 unus—e

2162 2089 2498 2162 ἱλαστηρίου.
2553 2089 2951 2161 Ποιηθήσονται
3026 2094 3312 2166 Χερουϐὶμ
3383 2094 3465 2161 εἷς
3533 2100 3601 2151 ἐκ
3651 2099 3749 2153 τοῦ

466 2166 643 2225 latere
666 2171 842 2229 altero
865 2177 1255 2247 propitiatorii.
1274 2181 1345 2236 Et
1364 2182 1537 2241 facies
1561 2187 1663 2242 hos
1690 2188 1831 2245 duos
1843 2190 2021 2246 Cheru

2159 2180 2379 2243 κλίτους
2439 2180 2666 2246 τούτου,
2719 2182 2814 2235 καὶ
2890 2182 3177 2255 Χερουϐὶμ
3224 2180 3307 2251 εἷς
3364 2187 3429 2240 ἐκ
3487 2189 3582 2242 τοῦ
3631 2191 3749 2245 κλὶυ

464 2259 581 2314 bim
616 2277 784 2334 supra
807 2264 920 2322 duo
953 2268 1150 2337 latera,
1179 2274 1542 2333 extendentes
1568 2294 1762 2336 manus
1792 2297 2021 2353 superne

2156 2287 2285 2334 τους
2328 2270 2424 2324 τοῦ
2473 2271 2727 2342 δευτέρου
2781 2271 2875 2326 τοῦ
2932 2273 3269 2347 ἱλαστηρίου.
3334 2279 3447 2333 Καὶ
3496 2283 3747 2353 ποιήσεις

462 2352 865 2413 obumbrantes
889 2358 994 2415 alis
1019 2362 1135 2418 suis
1160 2379 1331 2435 supra
1355 2370 1825 2440 propitiatorium,
1850 2352 1907 2430 et
1929 2379 2020 2433 vul

2154 2362 2282 2426 τοὺς
2320 2363 2414 2416 δύο
2448 2363 2731 2435 Χερουϐὶμ
2781 2365 2876 2417 ἐπὶ
2907 2364 2977 2419 τὰ
3032 2366 3127 2420 δύο
3180 2367 3361 2441 κλίτη.
3399 2372 3654 2427 Ἔσονται
3692 2377 3744 2428 οἱ

462 2451 555 2500 tus
576 2459 770 2501 eorum
797 2447 1030 2507 alterius
1070 2453 1129 2508 in
1169 2454 1407 2512 alterum
1443 2460 1729 2528 ohversos,
1769 2466 1835 2519 ad
1866 2469 2021 2539 propi

2155 2454 2437 2526 Χερουϐὶμ
2484 2455 2818 2520 ἐκτείνοντες
2847 2457 2957 2521 πᾶς
3002 2459 3280 2530 πτέρυγας
3324 2462 3602 2517 ἐπάνωθεν
3646 2483 3744 2519 συο

459 2534 747 2592 tiatorium
788 2547 955 2596 erunt
975 2542 1163 2616 vultus
1197 2544 1520 2616 Cherubim,
1546 2560 1602 2607 et
1642 2534 1895 2625 impones
1918 2534 2020 2629 pro

2156 2547 2473 2611 σκιάζοντες
2502 2550 2624 2611 ταῖς
2644 2546 2904 2618 πτέρυξιν
2931 2550 3111 2604 αὐτῶν
3143 2553 3237 2607 ἐπὶ
3270 2553 3365 2608 τοῦ
3404 2555 3742 2629 ἱλαστηρίου,

461 2626 807 2693 pitiatorium
844 2629 903 2685 in
940 2646 1127 2690 arcam
1170 2652 1431 2708 superne,
1457 2650 1513 2696 et
1558 2643 1613 2697 in
1649 2659 1776 2702 arca
1813 2626 2020 2720 repone

2150 2637 2247 2692 καὶ
2276 2637 2345 2691 τὰ
2372 2638 2641 2709 πρόσωπα
2667 2638 2849 2693 αὐτῶν
2875 2641 3191 2713 εἱσάλληλα,
3226 2646 3309 2711 εἱς
3333 2646 3393 2701 τὸ
3424 2626 3744 2722 ἱλαστήριον

458 2719 778 2777 testimonia
816 2738 941 2795 qua:
965 2725 1066 2782 tibi
1104 2728 1249 2785 dabo
1283 2739 1378 2787 :et
1415 2749 1717 2805 cOgnoscar
1749 2757 1779 2796 a
1812 2719 2021 2801 teiinde

2149 2729 2365 2786 ἔσονται
2396 2729 2463 2784 τὰ
2493 2729 2763 2802 πρόσωπα
2808 2733 2916 2788 τῶν
2949 2734 3250 2807 Χερουϐίμ.
3292 2739 3404 2793 Καὶ
3455 2719 3742 2815 ἐπιθήσεις

457 2818 516 2863 et
536 2810 731 2882 loquar
757 2822 941 2871 tecum
977 2832 1147 2890 super
1178 2823 1566 2894 pr0pitiatorio
1602 2829 1747 2886 inter
1768 2831 1878 2890 duo
1899 2835 2021 2893 Che-

2147 2822 2209 2876 τὸ
2239 2823 2550 2895 ἱλαστήριον
2577 2823 2671 2907 ἐπὶ
2702 2823 2800 2896 τὴν
2829 2827 3074 2900 κεφαλὴν
3101 2829 3328 2897 ἄνωθεν,
3369 2834 3463 2886 καὶ
3503 2810 3617 2898 εἱς-
3637 2836 3742 2908 τὴν

458 2901 644 2958 rubim
692 2922 815 2977 quae
867 2918 998 2966 sunt
1041 2927 1210 2984 supra
1273 2930 1458 2973 arcam
1502 2922 1843 2993 testimonii,
1886 2930 2021 3001 juxt:

2147 2914 2380 2969 κιϐωτὸν
2412 2904 2671 2984 ἐμϐαλεῖς
2709 2917 2779 2971 τὰ
2830 2919 3110 2991 μαρτύρια
3149 2920 3186 2975 ἃ
3233 2921 3300 2976 ἂν
3352 2922 3428 2977 δῶ
3466 2942 3569 2979 σοι.
3627 2901 3740 2981 κὰκ

455 2992 642 3049 munia
741 3011 1086 3072 quaecunque
1176 3006 1513 3065 mandavero
1593 3013 1694 3068 tibi
1752 3016 1822 3072 ad
1886 2992 2021 3077 Villio:

2147 3003 2539 3076 γνωσθήσομαί
2594 3022 2675 3059 σοι
2725 3007 2959 3072 ἐκεῖθεν,
3001 3009 3096 3063 καὶ
3145 3009 3365 3082 λαλήσω
3400 3029 3484 3067 σοι
3521 3014 3737 3069 ἄνωθεν

455 3082 622 3141 lsrael
644 3086 709 3141 ⁸³.
746 3105 766 3141 ι
2073 3119 2118 3178 α
2150 3094 2246 3150 τοῦ
2300 3096 2615 3170 ἱλαστηρίου
2651 3098 2757 3153 ἀνὰ
2813 3100 2977 3171 μέσον
3016 3101 3125 3155 τῶν
3169 3102 3264 3157 δύο
3314 3105 3600 3178 Χερουϐὶμ
3626 3107 3740 3164 τῶν

2146 3186 2316 3241 ὄντων
2344 3188 2437 3241 ἐπὶ
2472 3189 2575 3260 τῆς
2625 3190 2860 3244 κιϐωτοῦ
2897 3191 2992 3245 τοῦ
3023 3193 3347 3266 μαρτυρίου,
3378 3196 3523 3251 κατὰ
3555 3199 3741 3256 πάντα

3664 333 3763 393 600
3842 400 3853 405 -

520 3330 719 3386 PALL.
758 3332 902 3401 Quid
934 3352 1070 3409 ergo
1097 3343 1542 3414 propitiatorium
1584 3366 1708 3409 esse
1741 3360 1978 3415 censes?

518 3424 677 3482 (ΠΒ.
719 3426 875 3494 Quod
906 3431 1134 3500 quidem
1164 3436 1231 3491 ad
1259 3437 1500 3496 litteram
1532 3446 1780 3515 pertinet
1821 3459 1880 3506 et
1911 3469 2036 3508 um-

446 3517 628 3583 bram,
652 3535 723 3574 ex
746 3535 885 3576 auro
916 3538 1058 3592 puro
1082 3525 1290 3585 factum
1322 3543 1462 3598 erat,
1500 3545 1558 3591 et
1594 3539 1857 3611 subjectae
1894 3561 2038 3602 arcae

446 3616 569 3664 erat
602 3608 920 3679 impositum
949 3631 962 3668 :
989 3614 1061 3670 ob
1094 3632 1216 3672 eam
1255 3621 1461 3693 quippe
1490 3608 1711 3684 causam
1762 3646 2032 3705 superpo-

446 3700 578 3756 sitio
606 3701 818 3758 dictum
847 3714 953 3772 est,
981 3707 1051 3762 ad
1082 3711 1233 3780 quod
1273 3727 1400 3768 cum
1444 3721 1697 3776 conversi
1742 3700 1950 3793 essent,
1977 3737 2035 3783 et

443 3792 582 3848 illud
640 3795 990 3867 aspicerent,
1041 3803 1138 3872 qui
1197 3808 1493 3864 sacerdotii
1556 3813 1732 3883 gloria
1788 3818 2032 3892 insignes

441 3888 623 3952 erant,
668 3887 740 3943 ad
780 3888 956 3945 Deum
1004 3891 1187 3962 ipsum
1225 3894 1464 3965 obverti,
1496 3915 1737 3976 eumque
1782 3887 2030 3981 aspicere

436 3974 791 4033 videbantur.
847 3980 909 4036 ld
956 3996 1093 4039 vero
1141 3984 1190 4041 si
1241 3986 1607 4057 spiritualiter
1644 3974 2026 4073 intelligatur,

437 4069 889 4139 propitiatorium
917 4088 1041 4132 esse
1063 4076 1313 4137 dicemus
1340 4098 1468 4139 eum
1515 4089 1609 4157 qui
1636 4106 1739 4160 pro
1762 4069 1923 4152 nobis
1943 4069 2029 4154 est

436 4158 605 4256 homo
628 4159 826 4230 factus,
856 4182 877 4217 ι
900 4180 1066 4236 quem
1093 4174 1382 4242 proposuit
1406 4176 1552 4236 Deus
1576 4158 2026 4256 propitiationem

434 4263 537 4318 per
559 4249 725 4308 ﬁdem
745 4253 801 4309 in
827 4257 1092 4327 sanguine
1114 4260 1290 4333 ipsius
1312 4266 1381 4321 ad
1404 4249 1777 4332 ostension'em
1795 4281 2026 4350 justitiae

433 4357 548 4399 suae
585 4344 651 4398 “.
693 4365 713 4397 ι
767 4347 974 4407 Paulus
1029 4354 1177 4411 enim
1236 4358 1344 4415 hoc
1400 4362 1555 4419 dicit.
1603 4344 1813 4426 Scribit
1855 4376 2023 4431 etiam

432 4433 662 4533 ari—nos
715 4438 957 4499 Joannes
1010 4443 1104 4502 ille
1162 4450 1607 4521 sapientissimus
1658 4459 1966 4533 discipulus
2005 4487 2017 4522 :
2054 4463 2099 4517 D

439 4542 457 4571 ι
504 4523 716 4622 Filioli,
769 4529 889 4588 haec
950 4536 1137 4593 scribo
1183 4541 1373 4608 vobis,
1428 4553 1491 4599 ut
1557 4563 1668 4604 non
1725 4523 2014 4622 peccetis:

428 4613 592 4706 295
652 4619 699 4675 si
759 4631 944 4680 autem
1006 4635 1322 4698 peccaverit
1387 4635 1624 4706 aliquis,
1688 4613 2014 4705 advocatum

427 4704 697 4766 habemus
711 4711 779 4767 ad
800 4714 1044 4785 Patrem,
1062 4719 1251 4776 Iesum
1265 4704 1548 4781 Christum
1562 4727 1798 4798 justum,
1819 4743 1875 4791 et
1895 4737 2012 4808 ipsc

422 4806 507 4855 est
535 4803 859 4874 propitiatio
875 4811 993 4879 {pro
1017 4814 1261 4882 peccatis
1286 4816 1522 4883 nostris;
1548 4836 1658 4875 non
1686 4840 1787 4893 pro
1806 4803 2011 4887 nostris

422 4900 607 4950 autem
652 4903 900 4967 tantum,
959 4903 1059 4959 sed
1099 4905 1269 4962 etiam
1306 4923 1411 4978 pro
1447 4911 1617 4969 totius
1651 4919 1842 4975 mundi
1877 4923 1942 4977 ’⁵.
1982 4944 1999 4977 ι

420 4987 526 5043 Per
567 4988 748 5059 ipsum
776 4994 929 5048 enim
963 4997 1309 5067 propitiatio,
1337 5004 1777 5081 supplicatioque
1802 5018 2001 5083 omnis,

414 5092 481 5132 ac
502 5078 778 5136 bonorum
804 5083 1001 5153 petitio
1034 5103 1047 5140 :
1087 5103 1215 5144 nam
1246 5110 1264 5142 ι
1302 5091 1488 5165 Usque
1512 5078 1704 5167 modo,
1739 5123 1756 5156 ι
1795 5078 1997 5179 inquit,

424 5186 443 5217 ι
466 5183 577 5224 non
602 5170 842 5239 petiistis
881 5177 1183 5250 quidquam
1214 5180 1269 5238 in
1295 5188 1520 5245 nomine
1554 5207 1709 5261 meo;
1736 5170 1927 5267 petite,
1951 5170 2009 5256 et

414 5361 514 5445 per
547 5350 731 5445 ipsum
763 5369 1002 5428 namque
1032 5360 1093 5418 ﬁt
1132 5365 1292 5424 nobis
1326 5350 1599 5441 propitius
1623 5350 1820 5445 'Pater,
1854 5389 1912 5435 et
1946 5350 2002 5436 in

2140 3278 2243 3333 ὅσα
2270 3278 2338 3333 ἂν
2376 3279 2698 3352 ἐντείλωμαί
2741 3299 2824 3336 σοι
2852 3283 2989 3355 πρὸς
3009 3285 3138 3348 τοὺς
3169 3287 3318 3352 υἱοὺς
3350 3288 3589 3361 Ἰσραήλέ
3630 3308 3652 3343 ι

2210 3369 2421 3423 ΠΑΛΛ.
2456 3365 2589 3423 Εἶτα
2622 3370 2676 3424 τί
2710 3370 2771 3424 τδ
2797 3371 3107 3445 ἱλαστήριον
3135 3371 3276 3429 εἷναι
3306 3377 3445 3448 φής;

2210 3458 2375 3515 ΚΥΡ.
2413 3462 2576 3515 Ὅσον
2613 3463 2711 3533 μὲν
2760 3458 2895 3535 ἧκεν
2927 3465 3008 3529 εἷς
3032 3482 3092 3519 τε
3130 3468 3365 3539 γράμμα
3416 3471 3510 3526 καὶ
3548 3473 3730 3538 σκιὰν,

2137 3550 2203 3603 ἐκ
2247 3551 2451 3622 χρυσοῦ
2498 3554 2796 3625 ἐπεποίητο
2838 3556 3117 3628 καθαροῦ,
3152 3559 3247 3612 zeal.
3289 3561 3567 3633 ἐπήρτητό
3614 3582 3731 3629 πως

2136 3643 2462 3715 ἐπικειμένη
2505 3648 2573 3717 τῇ
2628 3646 2848 3717 κιϐωτῷ
2874 3664 2887 3680 ο
2939 3647 3157 3721 εἴρηται
3195 3651 3305 3723 γὰρ
3356 3653 3595 3725 ἐπίθεμα
3640 3655 3731 3709 διὰ

2132 3733 2310 3789 τοῦτο.
2345 3735 2729 3807 Τετραμμένοι
2771 3738 2828 3792 δὲ
2866 3739 2948 3801 εἱς
2982 3740 3117 3794 αὐτὸ
3166 3744 3261 3796 καὶ
3301 3742 3622 3812 βλέποντες,
3677 3748 3730 3800 οἱ

2131 3826 2249 3890 τοῖς
2287 3825 2387 3896 τῆς
2412 3828 2715 3899 ἱερωσύνης
2751 3830 3038 3901 αὐχήμασι
3068 3832 3555 3905 κατηγλαῖσμένοι,
3590 3837 3726 3907 πρὸς

2131 3916 2265 3971 Θεὸν
2295 3918 2515 3973 ἐδόκουν
2538 3923 2845 3993 τετράφθαι
2880 3925 2975 3979 καὶ
3005 3924 3246 3996 βλέπειν.
3279 3928 3463 3997 Φαμὲν
3499 3929 3558 3981 δὲ
3581 3925 3724 3982 εἶναι

2128 4009 2191 4062 τὸ
2238 4009 2571 4083 ἱλαστήριον,
2605 4014 2654 4066 εἱ
2693 4016 2867 4068 νοοῖτο
2913 4019 3321 4089 πνευματικῶς,
3351 4019 3441 4074 τὸν
3468 4021 3533 4075 δι’
3572 4025 3721 4093 ἡμᾶς

2129 4102 2421 4173 γενόμενον
2443 4102 2751 4176 ἄνθρωπον,
2775 4124 2793 4158 ι
2814 4106 2873 4160 ὃν
2889 4109 3152 4181 προέθετο
3180 4112 3209 4163 6
3234 4110 3367 4177 Θεὸς
3407 4112 3719 4186 ἱλαστήριον

2126 4195 2214 4249 διὰ
2244 4194 2481 4261 πίστεως
2512 4199 2572 4253 ὲν
2608 4197 2685 4271 τῷ
2705 4199 2873 4255 αὑτοῦ
2902 4202 3117 4274 αἵματι,
3149 4206 3228 4268 εἱς
3250 4204 3473 4270 ἔνδειξιν
3496 4208 3596 4277 τῆς
3632 4207 3716 4261 δι-

2127 4291 2423 4364 καιοσύνης
2445 4294 2634 4349 αὑτοῦ.
2658 4315 2677 4348 ι
2712 4298 2924 4364 Παῦλος
2946 4301 3055 4372 γὰρ
3074 4294 3179 4355 ὧδέ
3204 4320 3387 4374 φησιν.
3436 4304 3720 4359 Ἐπιστέλο

2124 4382 2206 4436 λει
2265 4384 2323 4438 δὲ
2383 4386 2518 4456 ἡμῖν
2574 4388 2671 4443 καὶ
2705 4389 2956 4462 Ἰωάννης
2998 4395 3028 4446 6
3077 4393 3391 4463 σοφώτατος
3438 4396 3711 4469 μαθητής·

2133 4493 2150 4525 ι
2178 4475 2399 4541 Τεκνία,
2433 4477 2608 4534 ταῦτα
2647 4482 2846 4554 γράφω
2879 4482 3146 4555 ὑμῖν,’ἴνα
3178 4487 3253 4559 μὴ
3281 4489 3589 4559 ἁμάρτητε,
3617 4491 3716 4545 καὶ

2125 4567 2221 4621 ἐάν
2244 4584 2328 4633 τις
2358 4568 2415 4624 δὲ
2441 4573 2684 4645 ἁμάρτῃ,
2712 4575 3067 4649 παράκλητον
3086 4579 3285 4651 ἔχομεν
3318 4581 3452 4653 πρὸς
3476 4584 3568 4637 τὸν
3594 4585 3711 4639 Πα-

2122 4656 2278 4729 τέρα,
2336 4659 2543 4733 Ἰησοῦν
2589 4665 2830 4735 Χριστὸν
2878 4667 3109 4736 δίκαιον,
3156 4673 3251 4725 καὶ
3281 4674 3447 4739 αὐτὸς
3478 4653 3713 4744 ἱλασμός

2120 4750 2238 4804 ἐστι
2296 4754 2424 4824 περὶ
2460 4754 2571 4807 τῶν
2616 4757 2905 4828 ἁμαρτιῶν
2934 4760 3116 4831 ἡμῶν,
3158 4762 3219 4816 οὐ
3260 4764 3390 4836 περὶ
3429 4763 3538 4818 τῶν
3568 4767 3709 4837 ἡμε-

2116 4842 2291 4913 τέρων
2319 4845 2377 4898 δὲ
2420 4847 2622 4917 μόνων,
2651 4848 2787 4905 ἀλλὰ
2822 4851 2918 4906 καὶ
2961 4853 3093 4925 περὶ
3118 4854 3242 4909 ὅλου
3287 4856 3380 4910 τοῦ
3419 4856 3649 4923 κόσμου.
3680 4878 3700 4909 ι

2113 4935 2192 4988 Δι’
2230 4937 2398 4991 αὐτοῦ
2441 4938 2551 5011 γὰρ
2582 4941 2830 5013 ἱλασμός,
2877 4943 3010 5017 εὐχή
3047 4963 3108 4999 τε
3150 4950 3320 5012 πᾶσα,
3357 4949 3452 5002 καὶ
3482 4949 3704 5021 αἴτησις

2112 5027 2356 5095 ἀγαθῶν.
2395 5051 2415 5083 ‹
2456 5033 2602 5096 Ἕως
2644 5034 2752 5108 γὰρ
2786 5036 2913 5107 ἄρτι
2940 5076 2955 5103 ,
2990 5057 3009 5089 ι
3047 5040 3230 5109 φησὶν,
3270 5059 3289 5091 ι
3331 5041 3432 5094 οὐκ
3457 5043 3701 5113 ᾐτήσατε

2107 5121 2261 5174 οὐδὲν
2284 5122 2378 5176 ἐπὶ
2408 5124 2486 5195 τῷ
2522 5126 2750 5196 ὀνόματί
2799 5146 2902 5199 μου
2928 5146 2943 5161 ⁸
2995 5132 3194 5185 αἰτεῖτε
3218 5173 3232 5198 ,
3283 5132 3378 5186 καὶ
3410 5132 3699 5205 δοθήσεται

2105 5213 2254 5282 ὑμῖν.
2293 5233 2311 5267 ι
2354 5217 2525 5281 Αὐτὸς
2555 5213 2650 5272 οῦν
2688 5220 2798 5291 ἄρα
2823 5220 2885 5273 τὸ
2914 5221 3245 5293 ἱλαστήριον.
3282 5225 3361 5275 Δι’
3389 5224 3555 5277 αὐτοῦ
3586 5225 3696 5296 γὰρ

1987 5311 2002 5358 ;
2102 5305 2233 5374 ἡμῖν
2268 5305 2426 5371 ἵλεως
2459 5309 2489 5360 ὀ
2520 5309 2732 5381 Πατὴρ,
2776 5311 2871 5363 καὶ
2911 5312 2992 5375 εἱς
3035 5312 3199 5365 αὑτὸν
3250 5314 3550 5385 καταλήγει
3583 5317 3694 5368 πᾶν

2101 5394 2277 5465 πέρας
2322 5397 2508 5468 εὐχῆς,
2545 5399 2641 5451 καὶ
2674 5399 2742 5452 δι’
2788 5398 2955 5454 αὑτοῦ
3000 5401 3305 5473 πρόσιμεν,
3342 5403 3441 5473 οὐχ
3485 5403 3692 5475 ἑτέρως

412 5437 593 5508 ipsum
616 5442 821 5503 desinit
848 5453 1027 5510 omnis
1059 5460 1394 5527 precationis
1428 5463 1572 5532 linis,
1600 5477 1659 5523 et
1688 5485 1789 5539 per
1818 5472 1999 5544 ipsum

414 5532 725 5566 asinarii-nun
770 5555 887 5566 μ---
917 5544 1061 5566 ιημμ
1093 5549 1155 5566 ει.
1283 5554 1313 5566 ,.
1505 5558 1518 5566 .
1585 5559 1595 5566 .
1654 5561 1666 5566 -

2116 5437 2273 5465 ,.-,...,
2322 5437 2508 5468 --Ην
2548 5437 2641 5451 η...
2675 5437 2724 5452 ν.
2788 5437 2955 5454 -..νυ
3006 5437 3305 5473 “paup”,
3342 5437 3441 5473 υυχ
3485 5437 3681 5475 ειςριυ,

2116 5484 2253 5551 Βντες
2280 5486 2478 5543 ὃεκτοί.
2509 5478 2801 5564 Τοιγάρτοι
2831 5493 3023 5565 φησὶν,
3054 5511 3073 5544 ι
3119 5492 3261 5562 Ἐγώ
3287 5496 3404 5565 εἱμι
3433 5494 3630 5566 ὴόδός·
3662 5512 3681 5546 ι

412 5532 748 5604 accedimus,
767 5555 892 5604 cum
916 5544 1064 5603 haud
1084 5549 1192 5607 alia
1210 5554 1425 5612 ratione
1451 5558 1666 5618 admitti
1690 5532 1995 5624 possimus.

480 5710 738 5777 "Matth.
782 5737 895 5791 xm,
921 5725 1007 5780 43.
1087 5728 1131 5760 ⁵³
1153 5730 1323 5785 Exod.
1356 5749 1476 5800 xxv,
1514 5735 1701 5795 17-22.
1768 5741 1830 5795 ,θλ
1856 5742 2012 5799 Rom.
2047 5762 2124 5813 ιιι,
2331 5755 2373 5784 9"

2099 5574 2212 5641 καὶ,
2234 5596 2252 5628 ι
2290 5577 2431 5647 Ἐγώ
2455 5581 2745 5653 εἱμιθύρα,
2775 5601 2793 5634 ι
2810 5585 2926 5647 καὶ,
2953 5601 2972 5635 ι
2992 5582 3182 5646 Οὐδεὶς
3203 5582 3425 5654 ἔρχεται
3446 5583 3581 5656 πρὸς
3595 5584 3688 5639 τὸν

2407 5755 2423 5808 1
2459 5772 2611 5810 "nan.
2645 5773 2701 5823 ιι,
2743 5757 2789 5821 1,
2822 5759 2875 5813 2.
2955 5758 3023 5790 ’δ’
3049 5758 3204 5814 Joan.
3248 5776 3357 5828 XVI,
3396 5759 3485 5819 24.
