4118 6428
440 386 537 441 601

1190 384 1278 438 DE
1316 381 1763 438 ADORATIONE
1799 381 1866 436 lN
1902 379 2175 436 SPIRITU
2217 379 2305 436 ΕΤ
2353 378 2720 436 VERITATE.
2759 353 2890 434 LIB.
2933 379 3026 435 IX.
3099 355 3104 361 ι

3633 379 3742 437 602

441 503 684 574 Πατέρα,
718 502 768 555 εί
815 499 890 572 μὴ
917 499 983 554 δι’
1021 499 1180 572 ὲμοῦ.
1230 522 1248 553 ι
1290 501 1438 571 Πλὴν
1483 501 1532 553 εἰ
1559 501 1654 554 ml.
1685 499 1876 569 γέγονε
1905 496 2028 553 καθ’

2140 496 2321 566 Itaque
2358 497 2470 552 ait:
2501 517 2518 548 ι
2545 497 2660 568 Ego
2677 512 2800 552 sum
2825 495 2950 563 via;
2981 514 2999 547 ›
3025 503 3081 550 et
3104 512 3116 548 :
3151 514 3168 545 ι
3193 495 3306 565 Ego
3333 493 3672 566 sumjanua;
3711 515 3731 547 ι

437 595 610 666 ἡμᾶς.
647 593 859 656 καθιεὶς
890 593 1086 647 ἑαυτὸν
1137 593 1218 656 είς
1257 591 1660 664 ἁνθρωπότητά
1711 607 1770 644 τε
1799 591 1906 643 ’καὶ
1935 589 2030 643 κέ-

437 698 607 735 νωσιν
657 681 686 734 ό
723 680 1021 752 μονογενὴς
1061 679 1158 734 τοῦ
1201 679 1338 734 Θεοῦ
1381 680 1574 750 Λόγος,
1626 679 1742 734 ἀλλ’
1779 678 1896 732 ἐστι
1937 678 2033 732 καὶ

440 767 571 820 ἴδιον
604 766 770 821 αὑτοῦ
813 767 1060 836 φυσικῶς
1088 768 1150 822 τὸ
1177 770 1234 823 ὲν
1265 768 1391 840 δόξῃ
1418 767 1658 822 νοεῖσθαι
1699 769 1768 840 τῇ
1799 768 2032 839 θεοπρε-

437 864 551 923 πεῖ,
585 859 679 913 καὶ
705 861 765 912 ὲν
813 861 1110 933 ὑπεροχαῖς
1151 861 1418 934 ὑπάρχειν
1451 863 1573 924 ταῖς
1609 861 1750 933 ὑπὲρ
1781 859 1877 933 τὴν
1916 859 2034 913 κτί-

435 963 545 1008 σιν,
585 945 838 1018 καθάπερ
863 948 1056 1018 ἀμέλει
1078 949 1174 1004 καὶ
1199 949 1306 1021 πρὸ
1343 949 1444 1020 τῆς
1476 950 1700 1022 σαρκός.
1741 949 1846 1002 Διὰ
1869 948 2034 1002 τοῦτο

435 1039 505 1091 τὰ
538 1039 822 1110 Χερουϐὶμ
876 1043 1200 1112 περιεστᾶσι
1237 1043 1298 1096 τὸ
1347 1043 1682 1116 ἱλαστήριον,
1718 1042 2036 1108 πυκάζοντα

435 1133 562 1196 ταῖς
597 1131 854 1205 πτέρυξι,
890 1135 987 1189 καὶ
1017 1135 1156 1206 πρὸς
1192 1137 1326 1190 αὐτὸ
1356 1137 1712 1210 τετραμμένα
1733 1178 1748 1203 ,
1801 1138 1898 1192 καὶ
1946 1138 2035 1192 ἀεὶ

435 1225 500 1279 τὺ
536 1225 846 1297 πρόσωπον
872 1229 1250 1302 ὲπερείδοντα,
1281 1231 1376 1283 καλ⁸
1405 1231 1732 1303 δορυφορίας
1775 1229 1875 1302 μὲν
1899 1230 2035 1284 ἁπό-

435 1316 601 1382 δειξις
633 1319 894 1392 ἐναργὴς,
922 1321 955 1393 ἡ
983 1322 1063 1386 είς
1107 1321 1259 1389 δεξιά
1308 1324 1494 1376 τεκαὶ
1521 1321 1780 1394 εὐώνυμα
1821 1322 2032 1385 στάσις.

437 1406 514 1461 Τὸ
547 1407 603 1460 δὲ
632 1409 741 1462 τῶν
771 1411 1034 1465 ἀνωτάτω
1060 1411 1344 1483 δυνάμεων
1369 1411 1531 1465 οἱονεί
1577 1429 1696 1475 πως
1736 1411 1947 1465 ἔντονόν
1974 1429 2035 1465 τε

437 1499 533 1553 καὶ
572 1500 869 1572 ἀκόρεστον
901 1501 982 1566 είς
1026 1501 1306 1566 θεοπτίαν,
1354 1501 1721 1572 ὑπεμφαίνειν
1751 1501 1943 1566 ἔοικεν,
1975 1502 2036 1556 τὸ

439 1591 659 1660 βλέπειν
686 1593 774 1646 ἀεὶ
803 1592 872 1646 τὰ
900 1593 1185 1666 Χερουϐὶμ
1216 1595 1310 1648 ἐπὶ
1340 1595 1403 1647 τδ
1441 1593 1776 1666 ἱλαστήριον.
1832 1596 1922 1649 Ἐν
1947 1595 2028 1668 τῷ

441 1683 558 1755 ἰδίῳ
594 1683 651 1738 δὲ
691 1686 932 1757 σχήματι
974 1686 1178 1757 γράφει
1217 1686 1309 1740 τὸν
1360 1687 1490 1741 Υίὸν
1529 1688 1625 1741 καὶ
1671 1690 1700 1741 ό
1751 1691 2037 1760 προφήτης

449 1776 912 1847 Ἠσαῖας,λέγων·
953 1798 972 1830 ι
1005 1777 1157 1832 Εἶδον
1180 1779 1275 1833 τὸν
1307 1779 1511 1850 Κύριον
1541 1779 1770 1835 Σαϐαὼθ
1787 1780 2035 1853 καθημε-

2135 597 2194 644 et
2219 606 2232 641 :
2263 608 2280 638 ‹
2311 589 2484 643 Nemo
2504 589 2659 643 venit
2685 588 2754 643 ad
2782 589 3024 653 Patrem,
3051 587 3158 641 nisi
3186 599 3284 657 per
3309 601 3397 640 me
3413 586 3482 640 ".
3513 604 3532 637 ι
3558 583 3738 641 Caele-

2133 693 2279 744 rum,
2321 679 2540 733 tametsi
2592 678 2768 733 nostri
2815 677 3014 733 similis
3050 676 3228 732 factus
3251 677 3343 739 sit,
3372 691 3496 730 cum
3520 689 3640 730 sese
3668 675 3740 732 ad

2135 769 2541 824 humanitatem
2565 769 3113 838 exinanitionemque
3141 767 3362 822 demisit
3384 765 3520 820 illud
3543 769 3738 838 unige-

2132 861 2314 916 nitum
2352 858 2450 915 Dei
2483 858 2760 925 Verbum;
2791 866 2876 914 est
2908 866 3094 914 tamen
3129 857 3210 912 illi
3244 855 3608 920 nihilominus
3642 871 3740 910 na-

2134 959 2273 1006 tura:
2295 966 2408 1006 sua:
2442 950 2654 1005 ratione
2671 951 2978 1020 proprium,
3003 950 3060 1004 in
3085 965 3148 1004 ea
3171 949 3341 1020 gloria
3370 964 3435 1003 ac
3486 949 3742 1018 majesta-

2137 1053 2193 1100 te
2229 1059 2353 1115 quaa
2373 1045 2546 1100 Deum
2586 1043 2804 1110 deceat,
2827 1043 3089 1114 intelligi;
3115 1045 3172 1097 e't
3199 1043 3254 1096 in
3295 1058 3365 1096 ea
3410 1040 3739 1096 excellentia

2135 1152 2244 1207 qua
2265 1137 2536 1192 creaturis
2561 1137 2818 1192 omnibus
2842 1143 3087 1206 prazstat,
3106 1132 3739 1204 permanere,quemad-

2135 1229 2363 1284 modum
2379 1229 2498 1284 sine
2515 1229 2687 1284 dubio
2703 1237 2825 1284 erat
2859 1237 3158 1300 antequam
3175 1242 3395 1283 carnem
3411 1225 3736 1294 accepisset.

2135 1323 2219 1379 Ob
2249 1338 2372 1378 eam
2400 1323 2568 1394 igitur
2615 1337 2837 1378 causam
2862 1321 3164 1378 Cherubim
3211 1320 3570 1375 circumstant
3604 1331 3738 1387 pro-

2136 1413 2504 1486 pitiatorium,
2546 1421 2604 1469 et
2638 1420 2832 1485 tegunt
2869 1413 3003 1478 alis;
3037 1419 3093 1466 et
3120 1412 3188 1466 ad
3219 1409 3356 1464 illud
3391 1424 3550 1463 versa
3585 1415 3738 1474 sunt,

2138 1517 2306 1578 atque
2327 1507 2513 1564 vultus
2546 1507 2603 1562 in
2633 1507 2771 1562 illud
2796 1506 3004 1578 ﬁgunt;
3048 1521 3113 1560 ac
3154 1503 3478 1559 satellitium
3513 1501 3738 1571 quidem

2136 1596 2428 1652 evidenter
2450 1596 2696 1652 ostendit
2746 1596 2839 1650 illa
2889 1594 2959 1650 ad
3000 1594 3288 1649 dexteram
3342 1591 3737 1658 sinistramque

2140 1689 2306 1744 statio
2342 1706 2354 1742 :
2387 1687 2536 1758 quod
2563 1703 2695 1742 vero
2720 1703 2941 1758 semper
2961 1685 3264 1741 Cherubim
3290 1681 3736 1754 propitiatorium

2140 1783 2434 1852 aspiciunt,
2471 1780 2605 1835 illud
2645 1795 3011 1851 supernarum
3048 1780 3318 1834 virtutum
3359 1777 3654 1840 intentum,
3681 1781 3739 1830 et

437 1886 528 1922 vov
558 1869 652 1922 ἐπὶ
691 1868 880 1940 θρόνου
916 1869 1122 1941 ὑψηλοῦ
1161 1872 1256 1924 καὶ
1286 1873 1623 1943 ἐπηρμένου,
1655 1874 1748 1926 καὶ
1781 1850 2036 1945 Σεραφὶμ

2143 1850 2478 1945 inexplebile
2518 1873 2616 1928 Dei
2661 1850 2884 1928 videndi
2912 1871 3252 1927 desiderium
3308 1868 3553 1924 indicare
3582 1867 3740 1923 vide-

435 1961 765 2032 εἱστήκεσαν
801 1961 988 2033 κύκλῳ
1020 1963 1211 2026 αὐτοῦ,
1255 1983 1272 2015 ι
1309 1967 1404 2018 καὶ
1446 1965 1506 2032 ἓξ
1542 1967 1639 2036 μὲν
1666 1967 1881 2036 ἑκάστῳ
1910 1968 2038 2020 πτέο

438 2069 612 2124 ρυγας
643 2055 1036 2122 ἐκπεφυκέναι,
1071 2057 1236 2126 φησι,
1279 2056 1580 2112 καλύπτειν
1606 2058 1665 2112 δὲ
1709 2057 1852 2112 αὐτὰ
1872 2099 1886 2122 ,
1918 2061 2039 2122 ταῖς

439 2143 542 2216 μὲν
580 2144 705 2198 δυσὶ
730 2145 857 2208 τοὺς
885 2146 1074 2210 πόδας,
1105 2150 1226 2210 ταῖς
1265 2148 1323 2202 δὲ
1356 2148 1480 2201 δυσὶ
1509 2148 1578 2202 τὰ
1608 2149 1898 2220 πρόσωπα,
1937 2149 2036 2202 πέ-

434 2234 628 2288 τεσθαι
651 2235 708 2288 δὲ
741 2238 864 2300 ταῖς
900 2237 1142 2309 ἑτέραις.
1182 2239 1294 2291 Καὶ
1327 2239 1372 2292 εί
1411 2239 1510 2310 μὲν
1542 2239 1708 2292 οἴοιτό
1747 2256 1831 2302 τις
1867 2239 2038 2292 ὅτιτὸ

435 2325 531 2381 τοῦ
563 2326 701 2380 Θεοῦ
736 2329 1050 2399 πρόσωπον,
1086 2329 1179 2383 καὶ
1203 2329 1308 2402 μὴν
1339 2330 1435 2385 καὶ
1461 2332 1589 2395 τοὺς
1616 2331 1782 2396 πόδας
1805 2332 2034 2386 κατεκά-

437 2419 640 2474 λυπτον
663 2419 733 2474 τὰ
761 2423 1037 2493 Σεραφὶμ,
1069 2423 1224 2476 οὐδὲν
1265 2424 1494 2487 ἀπεικὸς
1530 2427 1733 2478 ἐννοεῖν
1771 2443 1821 2476 τι
1860 2423 2037 2477 τοιοῦ-

434 2530 548 2566 τον.
586 2514 1040 2585 Μετατρέποντες
1075 2514 1185 2586 γὰρ
1227 2516 1306 2579 εἰς
1353 2515 1627 2586 Ἐλλήνων
1679 2516 1886 2587 φωνὴν,
1939 2513 2034 2569 τοῦ

437 2605 690 2676 Σεραφὶμ
738 2606 836 2678 τὴν
870 2606 1127 2678 δήλωσιν,
1153 2606 1408 2675 γνώσεως
1439 2608 1760 2680 πληθυσμὸν
1789 2609 1912 2680 ἤτοι
1945 2625 2036 2661 σο-

435 2698 566 2767 φίας
601 2695 758 2768 χύσιν
787 2700 1200 2772 σημαινομένην
1231 2701 1562 2772 εὑρήσομεν.
1601 2701 2036 2772 ’Υπεμφαίνουσι

434 2789 726 2862 τοιγαροῦν
764 2789 844 2860 τῷ
883 2792 1128 2862 σχήματι
1161 2792 1256 2846 καὶ
1275 2791 1418 2864 μάλα
1443 2793 1652 2861 σαφῶς,
1686 2793 1742 2845 αἱ
1770 2791 2036 2860 πάνσοφοί

433 2896 495 2932 τε
533 2881 624 2934 καὶ
673 2880 936 2935 ἀνωτάτω
976 2881 1238 2954 δυνάμεις
1265 2923 1280 2948 ,
1329 2885 1412 2937 ὅτι
1446 2883 1582 2936 Θεοῦ
1635 2883 1931 2956 πρόσωπον
1970 2883 2034 2934 οὐ

437 2971 598 3042 Θέμις
628 2973 862 3045 ὁρᾶσθαι
910 2973 1048 3045 πρός
1089 2992 1256 3040 τινος.
1303 2977 1582 3038 Ἀποπτος
1616 2977 1726 3047 γὰρ
1757 2974 2032 3038 παντελῶς

433 3067 470 3136 ἡ
506 3065 648 3137 ὑπὲρ
678 3069 858 3121 πάντα
896 3066 1024 3122 νοῦν
1067 3069 1185 3122 ἐστι
1217 3069 1399 3138 φύσις,
1448 3069 1542 3122 καὶ
1591 3068 1706 3138 φῶς
1738 3067 2035 3139 ἀπρόσιτον

441 3268 460 3300 ι
489 3249 681 3313 Οὐδεὶς
708 3249 901 3319 ὄψεται
919 3249 1056 3304 Θεοῦ
1091 3250 1406 3321 πρόσωπον,
1436 3253 1530 3304 καὶ
1553 3251 1799 3323 ζήσεται,
1829 3271 1846 3304 ι
1891 3254 2036 3307 κατόι

436 3357 502 3408 γε
545 3341 606 3395 τὸ
655 3340 788 3411 παρ’
821 3341 987 3396 αὐτοῦ
1024 3341 1162 3413 πρὸς
1194 3342 1400 3397 Μωσέα
1426 3342 1517 3396 τὸν
1555 3341 1850 3415 ἱερώτατον
1880 3347 2037 3418 εἰρη-

439 3432 600 3502 μένον
630 3432 832 3504 ὀρθῶς.
877 3433 1018 3487 Ἀλλ’
1049 3433 1160 3487 οὐδ’
1185 3433 1253 3488 άν
1281 3452 1366 3498 τις
1391 3435 1546 3505 γνοίη
1583 3437 1652 3491 τά
1688 3454 1749 3489 τε
1792 3438 1912 3509 ἴχνη
1943 3441 2038 3492 καὶ

434 3525 538 3589 τὰς
569 3525 723 3590 ὁδοὺς
755 3525 943 3581 αὐτοῦ.
986 3526 1302 3598 Γέγραπται
1335 3528 1465 3598 γὰρ,
1504 3547 1524 3581 ι
1576 3525 1646 3581 Ὦ
1679 3528 1846 3600 βάθος
1874 3531 2040 3585 πλού-

433 3633 554 3682 του,
596 3618 690 3671 καὶ
730 3618 946 3686 σοφίας,
982 3618 1079 3672 καὶ
1103 3617 1363 3687 γνώσεως
1425 3619 1560 3673 Θεοῦ
1587 3637 1601 3652 ο
1638 3621 1714 3685 ὡς
1753 3623 2040 3694 ἀνεξερεύ-

436 3725 575 3780 νητα
602 3709 672 3763 τὰ
709 3710 958 3781 κρίματα
991 3711 1179 3776 αὐτοῦ,
1210 3713 1304 3766 καὶ
1359 3713 1758 3785 ἀνεξιχνίαστοι
1814 3718 1870 3770 αἱ
1929 3717 2038 3772 ὁδοὶ

435 3801 640 3856 αὐτοῦι
681 3822 700 3856 ι
741 3803 950 3858 Ψάλλει
976 3804 1032 3858 δὲ
1065 3804 1161 3858 καὶ
1189 3805 1219 3856 ό
1252 3807 1524 3877 μακάριος
1564 3807 1750 3872 Δαόὶδ,
1805 3811 1900 3864 καὶ
1953 3827 2040 3864 σο-

437 3894 538 3963 φὸν
563 3895 858 3966 ἀνακρούει
891 3895 1072 3966 μέλος·
1117 3915 1136 3948 ι
1187 3898 1276 3950 Ἑν
1305 3900 1368 3969 τῇ
1411 3898 1658 3972 θαλάσσῃ
1697 3903 1730 3971 ἡ
1765 3900 1882 3966 ὁδός
1916 3919 2034 3967 σου,

437 3985 534 4040 καὶ
559 3989 617 4041 αἱ
663 3987 845 4059 τρίῦοι
881 4005 978 4042 σου
1005 3988 1064 4042 ὲν
1099 3987 1258 4042 ῦδασι
1289 3990 1526 4054 πολλοῖς,
1570 3993 1664 4045 καὶ
1697 3992 1766 4046 τὰ
1791 3993 1909 4065 ἴχνη
1943 4011 2036 4047 σου

436 4077 500 4132 ού
528 4079 959 4151 γνωσθήσονται.
1011 4100 1030 4133 ι
1067 4081 1282 4152 Ὠσπερ
1308 4082 1416 4155 γὰρ
1445 4085 1545 4137 οὐκ
1571 4083 1635 4138 ἄν
1664 4103 1747 4148 τις
1772 4085 1870 4140 ἴδοι
1895 4088 2040 4157 ἴχνος

438 4172 498 4224 ὲν
541 4170 749 4238 ὕδασιν,
785 4170 818 4242 ἢ
847 4171 1138 4244 ἀνθρώπου
1174 4175 1336 4245 τυχὸν
1365 4175 1398 4245 ἢ
1446 4174 1601 4238 νεὼς,
1640 4175 1673 4247 ἢ
1713 4177 1822 4230 τῶν
1851 4179 1909 4230 ὲν
1941 4179 2040 4232 αύ-

437 4266 552 4327 τοῖς
583 4264 920 4335 νηχομένων,
953 4263 1125 4330 οὕτως
1146 4267 1247 4320 οὐκ
1268 4266 1333 4320 ἂν
1364 4267 1734 4340 καταθρήσειέ
1763 4287 1848 4334 τις
1887 4270 2038 4336 θείας

438 4372 499 4409 τε
540 4358 635 4410 καὶ
673 4357 1024 4429 ἀπορρήτους
1061 4357 1241 4423 ὁδούς.
1281 4353 1380 4411 Ὧν
1413 4360 1479 4413 ἂν
1518 4357 1629 4414 εἷεν
1667 4363 1747 4425 είς
1791 4362 1962 4416 τύπον
1989 4363 2039 4416 οἱ

440 4449 621 4514 πόδες.
657 4449 723 4502 Εἰ
759 4449 816 4502 δὲ
854 4449 920 4521 δὴ
953 4450 1049 4503 καὶ
1081 4449 1149 4503 τὰ
1185 4450 1396 4505 ἑαυτῶν
1439 4451 1711 4524 πρόσωπα
1759 4454 1853 4506 καὶ
1911 4455 2039 4518 τοὺς

441 4541 608 4606 πόδας
639 4541 1053 4606 καταπυκάζειν
1083 4545 1202 4607 ταῖς
1235 4542 1495 4614 πτέρυξιν
1529 4544 1933 4616 ὑποτοπήσαιτό
1956 4564 2039 4610 τις
2071 4535 2116 4590 Ῑ)

440 4633 510 4687 τὰ
548 4633 680 4702 am
727 4633 1006 4704 Σεράφὶμ,
1048 4634 1320 4706 ἐννοῶμεν
1351 4636 1432 4689 ὄτι
1479 4636 1580 4706 τῆς
1622 4638 1751 4708 περὶ
1783 4637 1918 4690 Θεοῦ
1953 4655 2039 4690 σο-

441 4724 592 4794 φίας,
634 4724 750 4795 ἤτοι
785 4722 1042 4792 γνώσεως
1070 4725 1247 4796 ἀρχὴν
1294 4726 1326 4797 ἢ
1385 4726 1539 4790 τέλος
1583 4728 1714 4781 ίδεῖν
1744 4730 1805 4781 ού
1852 4728 2034 4800 θέμις.

455 4816 874 4886 Ἀκατάληπτος
901 4816 1012 4889 γὰρ
1035 4817 1132 4871 καὶ
1161 4817 1321 4890 αὐτὴ,
1359 4821 1454 4873 καὶ
1480 4821 1619 4893 ὑπὲρ
1648 4821 1773 4874 νοῦν
1799 4823 1916 4876 ὲστι
1947 4823 2038 4878 τὸν

440 4909 808 4982 ἀνθρώπινον.
847 4909 1020 4982 Ἀρχὴ
1049 4911 1107 4964 δὲ
1135 4913 1335 4977 παντὸς
1369 4915 1642 4985 σώματος,
1671 4915 1912 4988 κεφαλή·
1949 4917 2040 4970 τέ·

438 5004 533 5068 λος
571 5003 631 5056 δὲ
670 5004 722 5056 οἱ
765 5002 948 5068 πόδες.
972 5002 1046 5056 Τὸ
1075 5003 1389 5078 ἱλαστήριον
1423 5002 1517 5061 οῦν
1545 5006 1656 5079 ἄρα
1695 5009 1952 5080 Χριστὸς,
1984 5010 2044 5074 ὂς

440 5097 536 5148 καλ⁵
595 5097 654 5149 έν
706 5095 872 5168 σαρκὶ
906 5095 1191 5168 πεφηνὼς,
1227 5099 1382 5152 οὐδὲν
1414 5094 1576 5169 ἧττόν
1614 5102 1732 5154 ἐστι
1767 5102 1921 5166 Θεὸς,
1950 5105 2044 5156 καὶ

445 5186 674 5260 Κύριος,
710 5188 871 5256 φύσει
898 5204 959 5241 τε
988 5188 1085 5241 καὶ
1110 5189 1348 5260 άληθῶς,
1376 5191 1750 5264 περιεστῶσας
1771 5194 1830 5247 ἐν
1859 5194 2044 5266 κύκλῳ

444 5278 836 5348 όουλοπρεπῶς
897 5279 996 5333 καὶ
1052 5279 1223 5344 αὑτὰς
1263 5281 1403 5354 ἔχων
1462 5284 1562 5348 τὰς
1594 5285 1856 5340 ἀνωτάτω
1886 5287 2047 5341 δυνά-

450 5389 594 5442 μεις.
631 5371 774 5441 Ἔφη
804 5369 862 5422 δέ
896 5388 999 5425 που
1023 5373 1118 5426 καὶ
1151 5372 1308 5442 λόγος
1342 5375 1474 5446 ἡμῖν
1501 5377 1665 5448 ἱερὸς,
1691 5379 1766 5443 ὠς
1799 5383 1939 5450 μετά
1981 5400 2048 5451 γε

448 5465 510 5518 τὸ
553 5466 815 5536 ἐκστῆναι.
853 5465 947 5519 τὸν
982 5466 1231 5521 Σατανᾶν
1278 5469 1376 5540 τὴν
1429 5472 1487 5523 ὲν
1547 5473 1772 5542 Χριστῷ
1814 5474 2049 5544 μεθέντα

450 5560 670 5628 πεῖραν,
699 5559 1163 5630 ὂτενενήστευκεν
1183 5561 1322 5632 ὑπὲρ
1359 5563 1538 5634 ἡμῶν,
1566 5565 1788 5634 ἄγγελοι
1811 5568 2049 5638 προσῆλ-

452 5649 544 5703 θον
583 5652 678 5703 καὶ
702 5649 984 5723 διηκόνουν
1019 5651 1212 5724 αὐτῷ’·
1256 5673 1273 5706 ι
1314 5655 1612 5726 [Ινεύρατα
1651 5660 1760 5730 γάρ
1798 5662 1903 5714 εἱσι
1940 5661 2048 5715 λει-

2141 1974 2231 2021 tur
2266 1985 2279 2021 :
2312 1966 2761 2022 describitetiam
2787 1965 3053 2034 propheta
3088 1963 3254 2018 Isaias
3287 1961 3487 2016 Filium
3515 1958 3742 2030 proprio

2139 2060 2378 2131 quodam
2416 2060 2634 2124 habitu,
2672 2058 2866 2113 dicens
2897 2075 2912 2112 ι
2956 2077 2974 2109 ι
3015 2057 3142 2112 Vidi
3171 2055 3464 2110 Dominum
3497 2052 3736 2108 Sabaoth

2141 2159 2429 2213 sedentem
2457 2173 2626 2228 super
2642 2158 2906 2212 thronum
2943 2155 3222 2211 excelsum
3276 2161 3334 2208 et
3356 2153 3655 2215 elevatum,
3685 2161 3741 2206 et

2140 2249 2432 2319 Seraphim
2463 2249 2682 2303 stabant
2729 2249 2874 2302 circa
2933 2246 3087 2300 illum
3119 2263 3130 2298 :
3183 2265 3200 2296 ι
3235 2252 3292 2299 et
3318 2259 3480 2298 senas
3514 2241 3738 2311 quidem

2137 2340 2250 2394 alas
2290 2340 2470 2410 inquit
2514 2340 2716 2409 cuique
2765 2339 2967 2404 fuisse;
3016 2339 3194 2407 iisque
3252 2344 3465 2406 tegere.
3521 2331 3742 2386 duabus

2138 2428 2361 2498 quidem
2389 2429 2577 2498 pedes,
2605 2428 2823 2482 duabus
2850 2427 3038 2491 facies,
3065 2425 3282 2480 caeteris
3330 2423 3516 2477 volare
3545 2422 3612 2473 ³⁷.
3639 2420 3738 2484 Ac,

2138 2520 2185 2575 si
2217 2519 2343 2588 quis
2366 2527 2523 2588 putet
2551 2519 2651 2574 Dei
2709 2517 2904 2571 faciem
2950 2531 3015 2570 ac
3045 2515 3214 2585 pedes
3245 2521 3540 2582 contegere
3576 2509 3740 2564 Sera-

2137 2612 2313 2682 phim,
2367 2611 2507 2666 nihil
2530 2611 2758 2666 absurdi
2809 2609 3014 2664 estita
3057 2607 3398 2663 existimare.
3454 2605 3630 2667 Nam,
3692 2601 3741 2668 si

2140 2703 2306 2774 hujus
2334 2702 2577 2757 nominis
2604 2701 2893 2771 Seraphim
2921 2697 3380 2771 signiﬁcationem
3413 2694 3471 2747 in
3495 2693 3741 2748 Graecam

2137 2809 2332 2851 vocem
2359 2793 2776 2856 transferamus,
2805 2790 3052 2847 scientia:
3076 2785 3504 2860 plenitudinem,
3537 2791 3632 2838 aut
3658 2781 3743 2836 ef-

2137 2886 2410 2942 fusionem
2437 2887 2742 2957 sapientiaa,
2769 2883 3083 2956 signiﬁcare
3122 2878 3622 2950 deprehendemus.
3647 2875 3746 2930 Sa-

2137 2979 2497 3050 pientissimaa
2547 2977 2718 3047 igitur
2767 2976 2873 3030 illae
2936 2991 3001 3028 ac
3062 2987 3337 3042 supremae
3398 2971 3636 3024 virtutes
3674 2984 3742 3024 eo

2138 3072 2330 3126 habitu
2356 3071 2492 3125 illud
2523 3068 2937 3125 cvidentissime
2979 3083 3090 3138 pra:
3117 3081 3174 3119 se
3202 3063 3407 3126 ferunt,
3443 3061 3590 3116 haud
3621 3077 3744 3116 esse

323 3191 338 3202 .
433 3155 598 3218 οίκεῑ,
630 3155 775 3210 κατὰ
812 3156 910 3228 τὴν
939 3157 1032 3211 τοῦ
1063 3158 1335 3230 μακαρίου
1392 3158 1605 3212 Παύλου
1655 3159 1862 3230 φωνὴν,
1931 3157 2028 3212 καὶ

2140 3166 2218 3220 fas
2245 3181 2277 3219 a
2312 3179 2590 3234 quoquam
2620 3162 2717 3216 Dei
2751 3161 2946 3215 faciem
2979 3154 3568 3227 conspici.lnvisibilis
3594 3151 3742 3207 enim

2139 3263 2225 3312 est
2256 3255 2482 3310 omnino
2513 3259 2711 3307 natura
2738 3252 2830 3305 illa
2886 3265 3009 3320 qua:
3035 3255 3259 3318 superat
3285 3259 3504 3300 omnem
3539 3242 3743 3298 intelli-

2139 3349 2479 3421 gentiam,et
2523 3347 2703 3400 lucem
2752 3341 3193 3398 inaccessibilem
3236 3338 3470 3402 habitat,
3507 3347 3568 3390 ut
3593 3336 3741 3390 beati

2141 3439 2296 3496 Pauli
2316 3454 2451 3494 voce
2487 3447 2613 3492 utar
2645 3438 2720 3503 '8;
2759 3444 2818 3491 et
2849 3453 2862 3489 :
2904 3455 2921 3486 ‹
2955 3434 3128 3489 Nemo
3157 3429 3371 3486 videbit
3395 3428 3590 3484 faciem
3617 3425 3738 3490 Dei,

2140 3539 2196 3586 et
2231 3529 2397 3601 296
2424 3528 2574 3583 vivet
2598 3528 2666 3592 ",
2709 3545 2726 3577 ›
2773 3532 2837 3579 ut
2877 3525 2995 3594 ipse
3035 3521 3182 3577 idem
3219 3518 3528 3575 rectissime
3577 3516 3742 3570 beato

2141 3623 2310 3695 Moysi
2375 3620 2536 3674 dixit.
2597 3619 2789 3688 Neque
2845 3631 2979 3671 vero
3035 3613 3328 3685 quisquam
3378 3615 3563 3680 potest
3595 3607 3745 3661 illius

2140 3717 2368 3789 vestigia
2397 3721 2453 3770 et
2479 3714 2597 3768 vias
2623 3728 2804 3767 nosse.
2850 3709 3130 3780 Scriptum
3161 3714 3246 3761 est
3287 3704 3436 3760 enim
3471 3720 3483 3755 :
3526 3721 3542 3752 ι
3573 3699 3616 3755 Ο
3639 3699 3744 3754 ali-

2142 3815 2277 3870 tudo
2336 3812 2676 3875 divitiarum,
2727 3817 2784 3863 et
2834 3805 3140 3877 sapientiai,
3201 3810 3258 3857 et
3312 3798 3557 3856 scientia:
3608 3795 3739 3851 Dei!

2141 3924 2307 3981 quam
2324 3901 2908 3976 incomprehensibilia
2937 3907 3067 3954 sunt
3096 3896 3304 3970 judicia
3327 3895 3468 3964 ejus,
3494 3899 3551 3946 et
3595 3889 3748 3944 inve-

2146 3979 2436 4072 stigabiles
2464 3997 2568 4052 viae
2588 3997 2710 4065 ejus
2745 3993 2795 4046 ιι
2832 4011 2849 4044 ›
2882 3990 3075 4046 Psallit
3121 3988 3287 4043 etiam
3311 3985 3508 4039 beatus
3549 3979 3742 4042 David,

2140 4103 2197 4150 et
2228 4093 2446 4162 sapiens
2474 4101 2696 4144 carmen
2743 4081 2988 4138 concinit
3024 4098 3038 4134 :
3083 4099 3101 4131 ι
3131 4079 3192 4134 1η
3240 4075 3381 4131 mari
3422 4074 3511 4128 via
3541 4080 3655 4135 tua,
3687 4077 3745 4124 et

2143 4186 2351 4242 semita:
2378 4193 2482 4238 tua:
2527 4182 2582 4236 in
2616 4179 2775 4250 aquis
2808 4175 3018 4239 multis,
3047 4181 3104 4228 et
3128 4169 3359 4242 vestigia
3387 4176 3480 4222 tua
3509 4181 3619 4220 non
3645 4179 3741 4218 co-

2142 4277 2532 4351 gnoscentur'.
2565 4293 2582 4324 ›
2605 4272 2678 4328 Ut
2699 4269 2847 4325 enim
2876 4268 2932 4322 in
2950 4265 3108 4337 aquis
3124 4264 3313 4320 videre
3332 4259 3622 4330 vestigium
3648 4263 3746 4310 aut

2143 4371 2383 4428 hominis
2419 4369 2676 4431 fortasse,
2731 4371 2828 4419 aut
2863 4361 3038 4426 navis,
3085 4365 3182 4414 aut
3229 4355 3597 4412 innatantium
3624 4351 3743 4408 bel-

2143 4466 2362 4520 luarum
2388 4477 2552 4518 nemo
2571 4465 2784 4530 potest;
2827 4457 2909 4512 sic
2933 4470 3096 4511 nemo
3121 4452 3337 4508 divinas
3357 4457 3415 4504 et
3437 4445 3744 4503 ineffabiles

2145 4558 2264 4614 vias
2290 4556 2560 4627 aspicere,
2583 4567 2817 4623 quarum
2871 4549 3104 4621 ﬁguram
3133 4545 3304 4616 pedes
3330 4540 3613 4613 aptissime
3646 4551 3742 4607 ge-

2147 4661 2296 4708 runt.
2325 4651 2483 4718 Quod
2512 4650 2558 4705 si
2589 4647 2715 4718 quis
2761 4645 3040 4700 existimet
3078 4655 3208 4696 suas
3258 4637 3427 4693 facies
3479 4649 3543 4689 ac
3574 4630 3745 4703 pedes

2146 4748 2249 4802 alis
2263 4756 2558 4815 contegere
2582 4748 2770 4797 sancta
2789 4736 3101 4808 Seraphim,
3124 4732 3263 4789 illud
3286 4729 3610 4800 cogitemus,
3631 4739 3744 4815 non

2145 4855 2270 4894 esse
2299 4839 2380 4893 fas
2403 4837 2499 4891 Dei
2524 4833 2830 4905 sapientiae,
2865 4846 2964 4886 seu
3000 4825 3243 4884 scientiae
3283 4821 3504 4877 initium
3539 4823 3636 4872 aut
3676 4812 3745 4868 ﬁ-

2145 4947 2273 4986 nem
2303 4930 2490 4984 videre
2536 4945 2547 4979 :
2584 4935 2671 4982 est
2692 4924 2840 4980 enim
2875 4923 2991 4992 ipsa
3025 4932 3247 4989 quoque
3267 4906 3746 4982 incomprehensi-

2145 5024 2296 5087 bilis,
2322 5029 2379 5076 ct
2406 5018 2652 5074 hominis
2684 5013 3112 5084 intelligentiam
3139 5013 3386 5078 superat.
3427 5003 3526 5057 Est
3560 5008 3745 5054 autem

2146 5116 2318 5170 totius
2360 5111 2612 5183 corporis
2645 5108 2866 5163 initium
2901 5111 3087 5174 caput,
3123 5108 3188 5155 ut
3231 5097 3356 5152 ﬁnis
3388 5093 3578 5166 pedes.
3610 5091 3745 5146 Pro-

2147 5203 2490 5276 pitiatorium
2519 5200 2704 5271 igitur,
2734 5205 2821 5252 est
2878 5193 3157 5255 Christus,
3208 5188 3326 5260 qui,
3356 5183 3610 5256 quamvis
3654 5197 3748 5251 ap-

2144 5299 2332 5370 paruit
2362 5297 2418 5350 in
2453 5310 2643 5358 carne,
2671 5287 3035 5346 nihilominus
3066 5294 3249 5340 tamen
3278 5295 3432 5342 vere.
3460 5294 3524 5332 ac
3553 5283 3750 5330 natura

2146 5366 2292 5443 Deus
2320 5395 2424 5448 cst,
2465 5391 2522 5438 et
2550 5381 2816 5437 Dominus
2847 5395 2858 5430 :
2893 5391 3018 5431 cum
3049 5386 3339 5443 supremas
3365 5369 3487 5423 illas
3514 5366 3753 5421 virtutes

2146 5483 2352 5537 circum
2379 5495 2435 5533 se
2467 5475 2725 5531 servilem
2760 5473 2815 5526 in
2841 5469 3065 5525 modum
3094 5472 3304 5522 stantes
3325 5463 3543 5518 habeat.
3572 5459 3752 5515 Sacra:

2146 5577 2310 5629 etiam
2330 5573 2552 5627 Litterae
2583 5573 2857 5622 testantur
2882 5564 3313 5633 3,.posteaquam
3339 5554 3568 5612 recessit
3600 5553 3755 5606 Sata-

2148 5681 2269 5728 nas,
2303 5663 2394 5717 illa
2425 5661 2749 5723 tentationc,
2804 5669 2969 5726 quam
3004 5653 3228 5708 Christo
3279 5648 3489 5712 intulit,
3523 5644 3750 5709 omissa,

529 5809 577 5841 ⁹⁶
611 5809 770 5885 J_oa_n_.
797 5824 905 5885 xiv,
941 5809 994 5862 6.
1049 5809 1116 5885 _°_'
1178 5810 1278 5866 lsa.
1316 5830 1389 5879 vr,
1438 5813 1542 5878 ιβ.
1625 5817 1710 5872 9³1
1739 5817 1880 5873 Tim.
1914 5836 1984 5885 τι,
2018 5820 2038 5872 1

2174 5822 2217 5852 ⁹⁹
2254 5819 2401 5873 Exod
2453 5812 2756 5884 xxxmﬂﬁ.
2817 5811 3015 5867 'ltom.
3049 5805 3233 5875 x1,33.
3314 5798 3505 5857 ’Psal.
3570 5809 3746 5860 LXXVI,

447 5877 550 5935 σξιο.
634 5881 652 5911 ³
708 5873 897 5934 Matth.
934 5895 1007 5944 tv,
1046 5879 1129 5934 H.
