4118 6462
375 383 478 437 603

1394 378 1449 444 s,
1491 377 1764 434 cmeu
1809 376 2279 434 ALEXANDRINI
2317 360 2667 439 καπίθη(

3517 377 3621 436 θοι

373 514 498 554 cum
531 499 621 554 ille
645 514 744 568 pro
773 500 930 555 nobis
957 499 1278 570 jejunasset,
1301 497 1525 567 angelos
1554 495 1872 560 accessisse,
1899 504 1953 550 et

2057 497 2324 565 τουργικὰ
2389 499 2468 561 είς
2524 496 2802 552 διακονίαν
2848 496 3310 570 ἀποστελλόμενα,
3359 492 3447 556 διὰ
3499 504 3623 566 τοὺς

377 589 456 653 illi
497 590 878 646 ministrasse:
927 608 946 642 ι
986 589 1225 661 Spiritus
1263 603 1498 658 namque
1537 587 1950 650 administrato-

377 697 464 735 rcs
485 689 632 747 sunt,
660 681 716 735 in
740 681 1104 736 ministerium
1122 680 1274 737 missi
1297 689 1521 756 propter
1554 696 1650 735 eos
1669 680 1764 750 qui
1785 679 1956 744 ligure-

374 772 600 838 ditatem
625 772 849 842 capiunt
872 772 1065 828 salutis
1082 773 1123 827 ⁸.
1153 791 1170 824 ι
1198 771 1373 843 Supra
1395 771 1838 842 propitiatorium
1859 786 1956 836 au.-

377 875 483 919 tem
511 877 809 940 cognoscar
838 878 868 916 a
895 869 970 926 te,
999 862 1198 931 inquit,
1223 869 1278 922 et
1299 863 1493 931 loquar
1520 869 1720 926 tecum.
1745 860 1955 926 Quibus

375 953 578 1017 verbis,
610 959 669 1006 ut
701 968 804 1022 ego
830 951 1089 1016 arbitror,
1136 952 1246 1008 duo
1300 952 1550 1022 quaedam
1603 950 1951 1021 significavit,

373 1051 468 1109 aut
488 1043 790 1110 Christum,
816 1046 1066 1115 quamvis
1095 1046 1262 1102 homo
1292 1055 1438 1104 esset
1468 1047 1558 1113 ille
1592 1047 1834 1116 quidem,
1871 1055 1953 1103 ta-

375 1151 500 1200 men
546 1151 711 1204 supra
767 1135 1007 1191 hominis
1071 1144 1324 1203 naturam
1378 1137 1722 1202 locuturum,
1775 1151 1954 1205 neque

374 1226 517 1284 intra
533 1225 922 1283 exinanitionis
947 1226 1170 1282 modum
1193 1228 1456 1294 duntaxat
1470 1243 1590 1282 esse
1611 1243 1950 1292 mansurum,

373 1332 499 1371 cum
531 1317 677 1370 Deus
701 1316 791 1382 sit,
823 1324 880 1371 et
901 1332 969 1372 ex
995 1317 1107 1372 Deo
1138 1317 1439 1383 secundum
1472 1323 1754 1381 naturam:
1792 1335 1810 1366 ι
1841 1316 1954 1386 Ego

373 1408 572 1472 enim,»
593 1408 834 1474 dicebat,
856 1417 941 1463 «et
970 1409 1130 1462 Pater
1159 1423 1328 1472 unum
1355 1422 1546 1464 sumus
1564 1408 1612 1474 ⁵;
1639 1427 1656 1458 ι
1691 1415 1747 1462 et
1773 1425 1786 1460 :
1814 1427 1830 1457 ι
1849 1406 1953 1473 Qui

371 1500 509 1556 vidit
535 1517 641 1565 me,
673 1499 812 1555 vidit
843 1507 899 1555 et
940 1499 1156 1554 Patrem
1192 1513 1374 1563 meum
1413 1498 1454 1552 °.
1494 1517 1513 1550 ι
1548 1498 1658 1559 Aut
1681 1497 1814 1565 illud
1841 1497 1957 1552 for-

375 1592 935 1662 tassezcognoscitur
983 1589 1129 1644 enim
1171 1605 1338 1670 super
1386 1589 1849 1659 propitiatorium,
1899 1597 1955 1644 et

374 1697 541 1752 super
569 1681 890 1746 Cherubim,
921 1681 975 1735 id
1001 1692 1119 1748 est,
1168 1681 1224 1735 in
1285 1681 1610 1747 excellentia
1657 1687 1713 1735 et
1759 1681 1952 1750 gloria,

374 1787 540 1841 supra
572 1771 852 1826 hominem
902 1779 959 1825 et
985 1769 1254 1841 quidquid
1287 1779 1372 1825 est
1397 1778 1601 1835 ortum,
1636 1771 1690 1824 in
1721 1784 1830 1839 quo
1858 1786 1954 1840 ge-

2061 587 2356 656 μέλλοντας
2393 587 2747 658 κληρονομεῖν
2780 589 3076 660 σωτηρίας.
3119 608 3139 640 ι
3187 589 3428 646 ’Δ-νωθεν
3450 589 3506 643 δέ
3529 591 3623 644 τοῦ

2059 678 2392 749 ἱλαστηρίου,
2426 679 2814 750 γνωσθήσομαί
2833 695 2936 743 σοι,
2963 680 3116 751 φησὶ,
3154 697 3248 742 και
3271 678 3490 752 λαλήσω
3519 698 3622 747 σοι,

2053 768 2146 822 δύο
2181 786 2307 834 που,
2348 769 2597 841 καθάπερ
2634 763 2869 840 ἐγῷμαι,
2914 771 3007 823 καὶ
3048 770 3137 824 διὰ
3185 771 3376 824 τούτου
3425 770 3622 842 δηλῶν.

2056 859 2127 911 Ἦ
2156 858 2266 930 γὰρ
2295 860 2376 913 ὅτι
2409 860 2693 932 ἄνθρωπος
2721 861 2796 914 ὢν
2814 863 2842 914 ὁ
2868 861 3119 932 Χριστὸς,
3144 861 3215 915 τὰ
3246 861 3386 934 ὑπὲρ
3419 861 3628 934 ἀνθρώ-

2055 967 2158 1004 που
2193 951 2417 1022 λαλήσει
2475 951 2657 1021 φύσιν,
2709 954 2803 1006 καὶ
2858 953 2979 1027 οὐχὶ
3041 953 3224 1024 μόνοις
3262 956 3488 1024 ἐμμενεί
3517 957 3628 1016 τοῖς

2053 1041 2152 1110 τῆς
2184 1040 2468 1105 κενώσεως
2509 1043 2749 1114 μέτροις,
2781 1044 2869 1098 διά
2905 1061 2968 1113 γε
3000 1045 3062 1098 τὸ
3099 1039 3236 1098 εἷναι
3275 1045 3406 1107 Θεὸς
3438 1047 3535 1098 καὶ
3565 1049 3629 1100 ἐκ

2053 1129 2188 1182 Θεοῦ
2225 1130 2367 1186 κατὰ
2394 1131 2576 1199 φύσιν.
2607 1151 2626 1183 ι
2673 1131 2813 1200 Ἐγὼ
2833 1131 2962 1204 γὰρ,
2998 1131 3224 1201 ἔφασκε,
3266 1134 3358 1198 καὶ
3381 1134 3410 1185 ὁ
3438 1133 3628 1202 Πατὴρ

2055 1224 2113 1278 ἓν
2132 1225 2320 1295 ἐσμεν,
2355 1246 2372 1276 ι
2395 1226 2508 1287 καὶ,
2540 1246 2557 1276 ι
2593 1227 2652 1279 Ὀ
2669 1226 2927 1298 ἑωρακὼς
2949 1228 3069 1298 ἐμὲ,
3093 1225 3303 1298 ἑώρακε
3343 1228 3431 1281 τὸν
3457 1228 3628 1280 Πατέ-

2060 1333 2148 1386 ρα.
2179 1334 2198 1367 ι
2231 1317 2301 1369 Ἢ
2317 1317 2492 1370 ἐκεῖνό
2511 1335 2612 1370 που
2629 1319 2770 1388 τάχα
2789 1334 2803 1347 '
2827 1319 3152 1387 γινώσκεται
3172 1319 3282 1392 γὰρ
3305 1319 3510 1372 ἄνωθεν
3534 1318 3626 1371 τοῦ

2058 1407 2246 1477 ἱλαστη
2257 1407 2370 1479 ρίου
2393 1407 2489 1461 καὶ
2519 1407 2628 1461 τῶν
2653 1409 2951 1480 Χερουϐὶμ,
2983 1410 3277 1470 τουτέστιν,
3306 1410 3363 1462 ἐν
3386 1410 3626 1479 ὑπεροχῇ

2054 1500 2150 1560 καὶ
2184 1498 2308 1570 δόξῃ
2340 1502 2404 1570 τῇ
2451 1500 2590 1572 ὑπὲρ
2626 1501 2946 1571 ἄνθρωπον,
2995 1501 3088 1555 καὶ⁵
3133 1501 3335 1565 παντὸς
3374 1500 3628 1553 ἐπέκεινα

2055 1590 2287 1660 γενητοῦ
2310 1631 2324 1653 ,
2352 1585 2427 1643 ὧν
2455 1591 2516 1644 τὸ
2552 1592 2849 1664 ἀκρότατόν
2885 1609 2946 1645 τε
2985 1593 3079 1645 καὶ
3107 1592 3412 1663 ὑπέρτατον
3442 1591 3509 1644 τὰ
3537 1591 3631 1643 Σε-

2060 1683 2253 1752 ραφὶμ,
2273 1683 2320 1734 εἰ
2345 1682 2438 1735 καὶ
2469 1682 2660 1750 γέγονε
2692 1683 2848 1754 σάρξ,⁵
2883 1682 2980 1736 Ἐκ
3002 1683 3203 1754 χρυσοῦ
3245 1683 3302 1736 δὲ
3330 1682 3391 1735 τὸ
3422 1682 3633 1752 ἱλαστή-

2060 1789 2209 1844 ριον,
2242 1773 2336 1825 καὶ
2374 1772 2514 1825 αὐτὰ
2565 1774 2634 1826 τὰ
2686 1774 2954 1844 Σεραερίμ.
3003 1775 3066 1828 Ἦ
3122 1775 3219 1844 μὲν
3258 1773 3366 1844 γὰρ
3404 1772 3631 1843 εὐκλεής

374 1878 506 1918 nere
533 1864 771 1932 primum
815 1878 878 1917 ac
911 1878 1186 1922 summum
1223 1864 1404 1917 locum
1429 1869 1616 1918 tenent
1643 1860 1951 1933 Seraphim,

2057 1877 2116 1913 τε
2169 1861 2265 1914 καὶ
2309 1861 2775 1934 περικαλλεστάτη
2819 1863 3001 1931 φύσις,
3052 1862 3206 1926 Θεός.
3253 1863 3340 1916 Ἐν
3373 1860 3632 1932 ὁμοιώσει

375 1953 626 2023 quamvis
664 1968 794 2009 caro
833 1954 906 2009 sit
955 1953 1150 2012 factus.
1195 1954 1293 2010 Est
1337 1962 1523 2008 autem
1561 1969 1629 2007 ex
1667 1967 1803 2009 auro
1829 1967 1957 2021 pros-

374 2045 798 2114 pitiatorium,et
819 2046 934 2116 ipsa
955 2061 1174 2116 quoque
1192 2044 1479 2114 Seraphim
1509 2062 1522 2098 :
1541 2051 1736 2098 natura
1753 2044 1957 2113 quippe

373 2133 788 2201 praeclarissima
839 2142 1003 2204 atque
1041 2133 1416 2203 pulcherrima
1463 2133 1609 2188 Deus
1663 2139 1748 2186 est
1785 2149 1798 2199 ;
1835 2147 1958 2201 qua:

373 2233 556 2280 autem
581 2235 701 2281 orta
737 2235 885 2292 sunt,
922 2243 987 2282 ea
1011 2227 1431 2282 similitudinem
1454 2228 1574 2298 ejus
1606 2243 1705 2298 per
1731 2227 1958 2297 partici-

2059 1951 2117 2014 δὲ
2146 1955 2212 2022 τῇ
2255 1951 2392 2022 πρὸς
2427 1951 2588 2005 αὐτὸν
2621 1952 2761 2004 κατὰ
2803 1950 3039 2022 μέθεξιν,
3067 1951 3136 2004 τὰ
3171 1951 3395 2020 γενητά.
3420 1951 3545 2012 Τοῖς
3575 1949 3634 2002 δὲ

2061 2043 2119 2096 ἐν
2145 2041 2328 2113 κύκλῳ
2362 2043 2454 2096 καὶ
2480 2041 2650 2111 άγχοῦ
2689 2041 2968 2110 γεγονόσιν
2998 2041 3184 2110 αὐτοῦ,
3216 2041 3313 2112 τὴν
3359 2041 3458 2112 τῆς
3499 2040 3636 2105 ἰδίας

2062 2135 2158 2187 καὶ
2198 2135 2437 2206 φυσικῆς
2467 2135 2822 2206 φαιδρότητος
2885 2133 3195 2206 ὲπιμερίζει
3259 2131 3513 2205 μέθεξιν,
3559 2133 3637 2196 ὡς

2064 2224 2240 2295 φωτὸς
2272 2225 2363 2278 ἐπι
2393 2243 2447 2278 τι
2480 2226 2588 2279 τῶν
2630 2226 2798 2290 πέλας
2836 2225 3352 2297 ἀντανακλωμένου,
3376 2224 3472 2279 καὶ
3497 2223 3638 2295 λαμ-

372 2316 650 2383 pationem
707 2319 968 2372 retinent.
1022 2317 1093 2376 lis
1149 2333 1314 2387 porro
1348 2318 1459 2387 qui
1506 2302 1667 2386 297
1719 2318 1864 2372 circa
1895 2331 1953 2371 ac

2065 2315 2300 2387 πρότητι
2333 2318 2400 2388 τῇ
2437 2316 2541 2388 ἰδίᾳ
2557 2317 2618 2370 τὸ
2655 2317 2958 2388 προστυχὸν
2999 2316 3456 2386 καταυγάζοντος.

373 2422 541 2477 prope
570 2409 747 2490 ipsum
777 2417 925 2478 sunt,
972 2425 1084 2465 suae
1136 2412 1401 2472 naturalis
1441 2412 1706 2474 claritatis
1733 2412 2070 2471 consortium
2125 2411 2458 2482 impertitur,
2481 2420 2544 2466 ut
2578 2412 2825 2479 luminis,
2850 2427 2975 2468 cum
2998 2411 3068 2470 ad
3106 2411 3382 2484 obiectum
3410 2411 3635 2482 aliquod

371 2513 572 2567 corpus
603 2500 893 2569 appulsam
916 2499 1236 2566 reﬂectitur,
1261 2509 1317 2560 et
1354 2518 1456 2560 suo
1478 2501 1789 2571 splendore,
1817 2501 2083 2572 quidquid
2113 2503 2337 2558 obvium
2363 2512 2466 2569 est,
2497 2503 2786 2560 illuminat.

443 2591 641 2649 PALL.
679 2593 846 2650 Recte
869 2607 1000 2660 sane
1044 2592 1231 2658 habet,
1259 2600 1315 2650 et
1347 2602 1431 2648 est
1456 2593 1524 2647 ad
1556 2593 1847 2657 veritatem
1869 2609 1962 2648 ex-

373 2683 544 2752 polita
579 2684 779 2738 oratio.

441 2771 600 2827 CYR.
631 2773 750 2830 Jam
805 2789 960 2840 vero,
1013 2783 1298 2836 exstructo
1351 2776 1758 2847 propitiatorio,
1794 2778 1960 2832 aliter

373 2878 594 2933 quoque
625 2865 788 2920 nobis
808 2864 1013 2922 Christi
1038 2867 1358 2938 mysterium
1384 2868 1697 2935 adumbrat,
1729 2868 1954 2924 dicens:

383 2973 401 3004 ι
441 2953 509 3008 Ει
537 2953 704 3011 facies
731 2971 974 3011 mensam
1027 2972 1095 3012 ex
1140 2973 1276 3012 auro
1329 2958 1535 3012 mundo
1561 2959 1602 3012 ⁷.
1637 2977 1656 3010 ι
1706 2959 1953 3030 Cumque

369 3045 623 3116 jussisset
653 3059 712 3101 ut
735 3047 920 3115 annuli
944 3064 1146 3104 mensa:
1163 3048 1533 3119 adigerentur,
1560 3049 1614 3104 in
1642 3067 1780 3120 quos
1801 3053 1954 3107 aurei

374 3141 559 3189 vectes
606 3134 1056 3201 immitterentur,
1096 3153 1328 3208 cumque
1358 3154 1643 3199 mensuras
1684 3141 1849 3195 etiam
1885 3142 1954 3196 il-

2133 2595 2341 2656 ΠΑΛΛ.
2393 2594 2750 2667 Ὀρθῶς-ἔχει
2775 2634 2791 2661 ,
2842 2594 2935 2648 καὶ
2971 2592 3339 2667 ἁπεξεσμένος
3390 2595 3522 2664 ἡμῖν
3556 2596 3640 2668 είς

2063 2684 2317 2757 τάληθὲς,
2349 2687 2377 2739 ὁ
2405 2686 2582 2755 λόγος.

2131 2771 2298 2826 ΚΥΡ.
2329 2772 2484 2826 Μετὰ
2521 2773 2577 2826 δέ
2621 2771 2720 2843 τὴν
2754 2771 2847 2825 τοῦ
2901 2771 3218 2844 ιλαστηρίου
3266 2774 3641 2850 κατασκευὴν,

2057 2859 2152 2915 καὶ
2179 2861 2384 2933 ἑτέρως
2419 2863 2553 2933 ἡμῖν
2582 2862 2643 2916 τὸ
2668 2861 2906 2933 Χριστοῦ
2946 2865 3244 2938 μυστήριον
3281 2867 3639 2938 σκιαγραφεῖ,

2067 2950 2273 3018 λέγων·
2304 2970 2320 3002 ι
2353 2953 2462 3006 Καὶ
2510 2954 2756 3023 ποιήσεις
2783 2953 3061 3025 τράπεζαν
3085 2955 3286 3025 χρυσοῦ
3315 2953 3576 3026 καθαροῦ.
3611 2973 3634 3008 ι

2057 3041 2389 3105 Δακτυλίους
2419 3059 2479 3096 τε
2522 3043 2658 3113 αὐτῇ
2692 3044 3154 3116 προσερειρῆσθαι
3196 3044 3307 3098 δεῖν
3353 3043 3639 3114 ἐπιτάξας,

2063 3133 2158 3185 καὶ
2184 3132 2422 3202 χρυσοῦς
2449 3134 2820 3203 ἐμϐάλλεσθαι
2841 3135 2971 3199 τοὺς
3014 3137 3344 3206 άναφορέας,
3379 3136 3553 3208 μέτρα
3577 3153 3640 3190 τε

374 3224 501 3290 lius,
529 3233 586 3280 et
622 3227 843 3282 artiﬁcii
871 3229 1158 3293 rationem,
1193 3245 1301 3298 qua
1339 3231 1406 3288 ad
1445 3247 1712 3290 summam
1735 3233 1953 3303 elegan-

2057 3220 2228 3291 αὐτῆς
2265 3223 2359 3274 καὶ
2392 3222 2676 3293 εὐτεχνίας
2724 3223 2851 3288 τοὺς
2887 3225 3143 3295 τρόπους,
3173 3225 3294 3279 καθ’
3331 3225 3424 3290 οὒς
3456 3227 3523 3280 ἂν
3551 3227 3641 3294 γέε

375 3316 506 3369 tiam
541 3317 769 3387 insignis
795 3319 972 3384 ﬁeret,
1001 3321 1343 3398 apertissime
1383 3323 1826 3392 praescripsisset,
1853 3323 1952 3378 de-

374 3405 540 3474 nique
571 3423 584 3459 :
619 3424 635 3456 ι
655 3406 724 3460 Ει
756 3407 1298 3477 ἰωροιιεε,›ἱηίιυίι,ι
1323 3425 1489 3479 super
1513 3426 1756 3465 mensam
1784 3427 1954 3481 partes

375 3497 769 3565 propositionis
796 3513 982 3558 coram
1006 3515 1092 3553 me
1114 3510 1380 3570 perpetuo
1405 3502 1444 3556 ⁸.
1473 3523 1490 3553 ι
1523 3503 1811 3573 Aureaque
1837 3505 1956 3575 ejus

373 3603 524 3656 vasa,
548 3596 605 3642 et
629 3590 936 3656 acetabula,
981 3598 1038 3646 et
1085 3592 1425 3658 mortariola,
1455 3601 1510 3647 et
1541 3595 1786 3665 cyathos,
1813 3604 1868 3649 et
1892 3596 1958 3649 li-

375 3680 588 3736 batoria
620 3681 739 3737 ﬁeri
778 3683 961 3754 jussit.
1009 3683 1092 3743 An
1138 3699 1271 3738 vero
1315 3700 1510 3755 parum
1551 3685 1837 3740 evidenter
1864 3687 1956 3742 ille

375 3773 585 3843 panise
617 3774 758 3828 cmlo
801 3773 961 3828 nobis
1001 3774 1499 3840 demonstrabatur,
1538 3777 1632 3846 qui
1662 3777 1956 3846 aliquando

375 3863 432 3917 in
460 3863 664 3918 sanctis
712 3865 1066 3921 ecclesiarum
1107 3866 1314 3922 mensis
1364 3867 1753 3944 proponendus
1788 3877 1953 3936 esset,

370 3963 428 4011 et
471 3956 642 4020 vitam
682 3956 890 4014 mundo
921 3957 1189 4016 daturus?

442 4133 641 4190 PALL.
671 4135 784 4190 lmo
808 4153 940 4192 vero
961 4140 1218 4192 maxime.

442 4225 596 4282 CYR.
645 4228 942 4283 Acetabula
997 4244 1194 4298 porro,
1247 4237 1304 4283 et
1354 4229 1707 4295 mortariola,
1776 4230 1956 4302 cyathi

372 4337 590 4392 quoque
626 4331 683 4377 et
701 4323 975 4389 libatoria,
1001 4333 1056 4379 et
1081 4341 1144 4379 ea
1180 4325 1363 4379 omnia
1411 4341 1647 4395 quorum
1683 4325 1752 4380 ad
1803 4342 1958 4381 men-

374 4429 490 4468 sam
517 4413 664 4468 illam
686 4429 898 4471 sacram
952 4431 1016 4476 ac
1043 4417 1325 4488 mysticam
1375 4435 1509 4476 usus
1571 4428 1708 4485 erat,
1752 4435 1956 4486 nonne,

377 4505 599 4568 Palladi,
648 4505 960 4562 divinorum
992 4507 1371 4565 thesaurorum
1395 4510 1567 4582 ﬁgura
1592 4510 1754 4565 sunt?

445 4596 644 4650 PALL.
682 4597 825 4653 Sane
855 4615 1006 4654 vero.

440 4686 596 4743 CYR.
649 4689 756 4744 Sed
801 4690 918 4745 haec
967 4691 1188 4761 quidem
1241 4695 1297 4749 in
1348 4694 1535 4748 Exodo
1587 4711 1600 4745 :
1657 4692 1724 4746 de
1772 4706 1958 4746 mensa

307 4783 315 4793 '
371 4794 504 4834 vero
533 4789 589 4834 et
617 4782 848 4851 panibus
879 4787 1275 4856 propositionis
1309 4786 1592 4856 legislator
1631 4784 1688 4838 in
1711 4783 1957 4840 Levitico

371 4870 571 4936 sanxit,
597 4880 762 4943 atque
791 4874 864 4929 ibi
887 4875 1290 4946 quodammodo
1312 4874 1549 4943 explicat
1594 4872 1702 4928 hoc
1745 4888 1955 4943 pmice-

373 4968 550 5026 ptum,
592 4969 649 5016 et
702 4966 1171 5032 quemadmodum
1216 4963 1518 5034 propositio
1567 4962 1683 5017 fieri
1734 4963 1952 5030 debeat,

373 5051 533 5117 plane
558 5051 718 5108 docet
746 5055 835 5111 his
869 5058 1055 5112 verbis
1094 5075 1106 5111 :
1144 5076 1162 5110 ι
1199 5055 1266 5110 Et
1296 5055 1577 5124 accipietis
1613 5056 1867 5122 similam,
1893 5065 1949 5111 et

373 5137 584 5194 facietis
621 5158 687 5196 ex
734 5157 798 5199 ea
847 5143 1138 5199 duodecim
1167 5157 1363 5212 panes;
1406 5158 1436 5196 c
1463 5142 1678 5198 duabus
1719 5143 1948 5199 decimis

371 5229 476 5284 erit
505 5233 661 5300 panis
684 5250 862 5300 unus;
906 5244 962 5288 et
997 5233 1290 5302 imponetis
1326 5249 1421 5288 eos
1449 5235 1586 5292 duas
1622 5235 1944 5304 positiones,

372 5330 429 5375 et
447 5338 542 5378 sex
561 5341 731 5394 panes
760 5342 869 5380 una
910 5325 1111 5394 positio
1155 5341 1320 5396 super
1351 5343 1598 5382 mensam
1627 5344 1820 5398 puram
1850 5343 1947 5381 co-

374 5425 489 5465 ram
512 5413 763 5469 Domino.
781 5415 849 5468 Et
869 5415 1160 5485 imponetis
1182 5417 1247 5471 ad
1277 5419 1604 5487 positionem
1632 5436 1795 5473 unam
1819 5419 1948 5472 thus

375 5501 640 5556 mundum
664 5519 788 5558 cum
823 5507 954 5572 sale,
983 5515 1038 5562 et
1075 5519 1238 5564 erunt
1264 5510 1319 5565 in
1347 5526 1514 5580 panes
1547 5509 1946 5564 recordationis

378 5589 660 5660 proposita
701 5591 960 5662 Domino;
1002 5597 1090 5654 die
1117 5591 1476 5654 Sabbatorum
1514 5609 1817 5669 apponetur
1848 5614 1941 5652 co-

2057 3331 2202 3368 νοιτο
2247 3313 2487 3384 λαχοῦσα
2530 3316 2593 3369 τὸ
2649 3318 2928 3389 ἐκπρεπὲς
2973 3319 3054 3384 εἰς
3105 3314 3246 3383 εἶδος
3284 3319 3346 3372 τὸ
3377 3319 3644 3374 ἀνωτάτω

2060 3404 2371 3472 σαφέστατα
2417 3406 2658 3470 διειπὼν,
2712 3426 2732 3459 ι
2779 3410 2888 3463 Καὶ
2925 3410 3208 3482 ἐπιθήσεις
3236 3451 3252 3476 ,
3305 3410 3489 3482 φησὶν,
3546 3412 3639 3464 ἐπὶ

2056 3495 2154 3568 τὴν
2188 3497 2466 3566 τράπεζαν
2530 3499 2727 3570 ἄρτους
2774 3501 3061 3567 ἐνωπίους,
3109 3501 3351 3554 ἐναντίον
3401 3520 3500 3574 μου
3551 3503 3640 3564 διά

2058 3587 2278 3652 παντός.
2315 3607 2335 3640 ι
2367 3591 2561 3661 Χρυσᾶ
2582 3591 2638 3643 δὲ
2663 3592 2834 3662 αὐτῆς
2864 3593 2935 3646 τά
2965 3593 3157 3663 σκεύη,
3191 3593 3418 3666 τρυϐλία
3452 3611 3514 3648 τε
3543 3594 3638 3648 καὶ

2059 3681 2310 3745 θυίσκας,
2331 3681 2428 3736 καὶ
2458 3683 2565 3753 μὴν
2591 3685 2686 3738 καὶ
2707 3685 2962 3750 κυάθους,
2990 3687 3083 3740 καὶ
3101 3688 3355 3742 σπονδεῖα
3382 3689 3635 3757 γενέσθαι

2058 3771 2446 3842 προσ-τέταχεν.
2485 3770 2611 3847 ’Ἆρ’
2656 3777 2758 3830 οὐκ
2804 3778 3050 3848 ἐναργῶς
3079 3781 3107 3833 ὁ
3149 3779 3312 3851 ἄρτος
3357 3781 3488 3851 ἡμῖν
3513 3781 3542 3832 ὁ
3575 3780 3638 3846 ἐξ

2057 3861 2288 3933 οὐρανοῦ
2335 3864 2753 3933 κατεδείκνυτο,
2784 3868 3210 3938 προκεισόμενος
3239 3870 3382 3923 κατά
3412 3870 3637 3941 καιροὺς

2056 3954 2116 4007 ἐν
2151 3954 2332 4022 ἁγίαις
2363 3955 2665 4026 τραπέζαις
2698 3959 3027 4031 ἐκκλησιῶν,
3058 3959 3156 4016 καὶ
3187 3960 3333 4032 ζωὴν
3363 3961 3537 4026 διδοὺς
3556 3962 3636 4032 τῷ

2057 4044 2248 4114 κόσμῳ
2264 4060 2279 4110 ;

2130 4137 2341 4191 mum.
2375 4138 2484 4191 Καὶ
2520 4139 2684 4209 μάλα.

2131 4229 2298 4293 ΚΥΡ,
2354 4230 2597 4301 Τρυϐλία
2647 4248 2706 4284 τε
2759 4234 2854 4285 καὶ
2905 4233 3145 4298 θυίσκαι,
3184 4232 3380 4301 κύαθοί
3426 4250 3487 4287 τε
3542 4234 3634 4286 καὶ

2061 4321 2334 4386 σπονδεῖα,
2367 4324 2462 4376 καὶ
2493 4324 2561 4377 τὰ
2577 4324 2642 4377 δι’
2663 4319 2736 4377 ὧν
2761 4325 2858 4394 τῆς
2878 4325 3037 4394 ἁγίας
3062 4325 3382 4397 τραπέζηςή
3403 4325 3635 4396 μυστικὴ

2061 4413 2154 4467 καὶ
2185 4414 2457 4484 ἱερωτάτη
2489 4413 2790 4485 πληροῦται
2817 4415 3001 4486 χρεία,
3031 4416 3092 4470 ού
3119 4417 3228 4473 τῶν
3247 4415 3406 4472 θείων
3438 4432 3636 4488 κειμη-

2044 4503 2194 4555 λίων
2227 4504 2397 4568 τύπος
2428 4505 2494 4558 ἂν
2528 4501 2658 4564 εἷεν,
2689 4499 2734 4555 ὦ
2761 4507 2897 4571 τᾶν;

2132 4596 2338 4649 ΠΑΛΛ.
2371 4598 2517 4650 Πάνυ
2553 4597 2650 4666 μὲν
2685 4593 2799 4651 οὖν.

2131 4684 2295 4738 ΚΥΡ.
2344 4685 2503 4739 Ἀλλὰ
2541 4687 2698 4737 ταυτὶ
2731 4685 2828 4755 μὲν
2871 4685 2930 4737 ἐν
2960 4687 3028 4756 τῇ
3092 4685 3306 4756 Ἐξόδῳ.
3341 4684 3635 4758 Τραπέζης

2058 4775 2114 4827 δὲ
2149 4775 2274 4846 πέρι
2299 4778 2392 4829 καὶ
2421 4775 2525 4846 μὴν
2548 4777 2641 4829 καὶ
2665 4775 2973 4845 προθέσεως
3003 4775 3206 4846 ἄρτων,
3243 4776 3635 4847 κεχρησμῴδη-

2057 4884 2150 4920 κεν
2171 4868 2199 4918 ὁ
2228 4866 2524 4937 νομοθέτης
2543 4869 2598 4919 ἐν
2626 4866 2702 4936 τῷ
2723 4866 2993 4937 Λευιτικῷ
3011 4883 3026 4898 ο
3051 4863 3335 4939 άνευρύνει
3359 4867 3416 4920 δὲ
3443 4866 3633 4939 ὥσπερ

2063 4957 2162 5028 τὴν
2178 4957 2416 5028 ἐντολὴν,
2431 4958 2552 5010 τίνα
2566 4975 2624 5010 τε
2642 4958 2842 5028 τρόπον
2869 4961 2900 5030 ἡ
2930 4959 3188 5029 πρόθεσις
3201 4959 3368 5022 ἐσται,
3394 4959 3635 5012 διδάσκει

2056 5049 2264 5117 σαφῶς,
2297 5049 2471 5116 λέγων
2508 5048 2699 5114 οὕτως·
2745 5069 2762 5100 ι
2787 5051 2897 5104 Καὶ
2932 5051 3166 5122 λήψεσθε
3201 5049 3497 5120 σεμίδαλιν,
3539 5051 3631 5102 καὶ

2053 5141 2306 5209 ποιήσετε
2329 5141 2496 5211 αὐτὴν
2528 5140 2735 5194 δώδεκα
2763 5141 2982 5213 ἄρτους.
3015 5142 3118 5195 Δύο
3149 5142 3389 5195 δεκάτων
3423 5141 3573 5195 ἔσται
3602 5142 3631 5194 ὁ

2055 5232 2218 5301 ἄρτος
2239 5233 2267 5284 ό
2294 5227 2394 5295 εἷς.
2425 5233 2536 5286 Καὶ
2569 5234 2860 5304 ἐπιθήσετε
2906 5234 3104 5296 αὐτοὺς
3135 5233 3228 5287 δύο
3267 5233 3502 5303 θέματα,
3533 5231 3632 5284 καὶ

2053 5323 2112 5388 ἒξ
2148 5323 2346 5393 ἄρτους
2379 5323 2439 5376 τὸ
2461 5323 2518 5376 ἓν
2553 5323 2694 5394 θέμα
2712 5324 2806 5377 ἐπὶ
2828 5324 2929 5395 τὴν
2952 5324 3230 5396 τράπεζαν
3259 5324 3355 5392 τὴν
3383 5322 3628 5392 καθαρὰν

2055 5414 2234 5468 ἔναντι
2277 5416 2504 5486 Κυρίου.
2540 5416 2652 5469 Καὶ
2696 5418 2992 5488 ὲπιθήσετε
3023 5417 3114 5470 ἐπὶ
3147 5416 3206 5468 τὸ
3237 5415 3381 5484 θέμα
3410 5415 3628 5466 λίϐανον

2052 5507 2294 5578 καθαρὸν
2323 5509 2414 5560 καὶ
2442 5507 2559 5566 ἅλα,
2598 5509 2692 5560 καὶ
2721 5508 2936 5562 ἔσονται
2957 5510 3035 5571 εἰς
3060 5508 3255 5575 ἄρτους
3281 5509 3359 5570 εἰς
3391 5505 3626 5573 ἀνάμνη-

2056 5615 2138 5648 σιν
2182 5600 2517 5670 προκείμενα
2545 5598 2622 5669 τῷ
2649 5601 2857 5670 Κυρίῳ,
2885 5603 2949 5669 τῇ
2980 5600 3162 5670 ἡμέρᾳ
3192 5600 3298 5651 τῶν
3337 5596 3622 5651 σαϐϐάτων

439 5762 480 5818 θ’
508 5760 672 5834 Ηθδτ·
701 5778 738 5830 ιι
783 5765 862 5822 Η-
942 5771 962 5803 ⁸
996 5770 1152 5827 Joan.
1177 5789 1229 5836 x,
1266 5771 1350 5826 50.
1425 5775 1443 5802 ⁸
1475 5773 1628 5827 Joan.
1661 5789 1764 5839 mf,
1808 5773 1855 5825 9.
1932 5777 1947 5804 τ

2059 5773 2145 5827 od.
2187 5791 2307 5836 xxv,
2348 5774 2429 5828 l7.
2509 5775 2531 5806 ⁸
2559 5773 2720 5837 lbid.,
2749 5772 2834 5826 50.
