4118 6496
550 462 658 525 0-35

1298 456 1388 512 DE
1425 453 1875 529 ADORATIONE
1908 458 1977 514 IN
2017 457 2289 516 SPlRl'l‘U
2328 459 2419 516 ET
2459 445 2833 516 VERITA’TE.
2880 456 3009 524 LIB,
3048 456 3144 521 lx.

3720 459 3830 520 eos
3862 413 3867 417 ’

551 572 925 648 προσθήσεται
971 568 1153 624 ἔναντι
1182 566 1396 638 Κυρίου
1440 566 1737 633 διαπαντὸς
1768 568 2001 641 ἐνώπιον
2027 569 2137 623 τῶν

2252 585 2359 626 ram
2397 570 2630 626 Domino
2681 579 2953 642 perpetuo
2986 584 3018 627 a
3056 567 3188 627 ﬁliis
3230 566 3400 625 Israel
3441 574 3833 628 testamentum

504 711 515 720 .
554 666 686 722 υίῶν
739 662 982 737 Ἰσραήλ,
1010 648 1283 734 διαθήκην
1307 660 1530 716 αἰώνιον
1553 677 1569 707 τ
1601 662 1697 715 καὶ
1735 660 1888 731 ἔσται
1927 661 2140 734 ’Δαρὼν

552 756 648 811 καὶ
676 753 792 817 τοῖς
839 751 982 823 υίοῖς
1018 750 1210 806 αὑτοῦ.
1242 750 1357 804 Kal
1401 748 1674 821 φάγονται
1700 751 1842 822 ausa
1879 753 1940 807 ἐν
1988 752 2141 823 τόπῳ

551 845 716 917 ἁγίῳο
743 843 997 921 ἔστιγὰρ
1010 842 1179 914 ’Δγια
1188 841 1299 899 τῶν
1318 841 1492 911 ἁγίων
1509 841 1672 907 τοῦτο
1698 843 1900 909 αὐτῶν,
1924 843 2018 899 καὶ
2032 842 2140 898 άπὸ

550 936 662 991 τῶν
702 933 1116 1007 θυσιαζομένων
1157 934 1239 1005 τῷ
1290 933 1502 1006 Κυρίῳ,
1537 934 1771 1006 νόμιμον
1817 935 2055 1005 αἰώνιον.
2114 953 2134 988 ι

566 1029 657 1083 Ἐν
680 1027 740 1098 δέ
760 1044 826 1096 γε
845 1030 961 1094 τοῖς
993 1026 1299 1100 Ἀριθμοίς,
1313 1026 1391 1091 ὼς
1408 1026 1506 1081 ἕνα
1521 1026 1683 1082 πάλιν
1707 1027 1873 1099 άρτον
1896 1031 2029 1099 ήμτν
2050 1029 2141 1082 τὸν

555 1120 617 1187 ἐξ
647 1119 882 1195 οὐρανοῦ
917 1121 1013 1179 καὶ
1044 1119 1107 1187 ἐξ
1134 1121 1316 1193 ήμῶν·
1351 1119 1547 1190 γέγονε
1581 1119 1693 1192 γὰρ
1720 1120 1854 1184 Θεὸς
1870 1120 1946 1186 ὢν
1980 1120 2142 1191 φύσει

558 1213 685 1276 καθ’
708 1215 860 1286 ἡμᾶς
875 1212 1109 1283 όΛόγος,
1134 1213 1230 1267 καὶ
1246 1214 1559 1285 ἐσκήνωσεν
1581 1212 1639 1265 ἐν
1653 1214 1807 1284 ἡμῖν,
1824 1213 2141 1269 κατεδείκνυ

555 1304 732 1375 λέγων
767 1306 907 1379 πρὸς
933 1306 1029 1361 τὸν
1056 1307 1382 1379 ἱεροφάντην
1402 1304 1666 1367 Μωῠσέαο
1700 1324 1719 1357 ι
1757 1305 2007 1378 Λάλησον
2028 1309 2145 1371 τοῖς

558 1399 696 1463 υἱοῖς
738 1396 980 1471 Ἰσραὴλ,
1016 1396 1114 1452 καὶ
1146 1397 1294 1469 ἐρεῖς
1332 1396 1470 1468 πρὸς
1512 1396 1732 1460 αὐτούς’
1787 1397 1876 1450 Ἐν
1921 1398 1999 1470 τῷ
2048 1416 2145 1467 πο-

560 1491 818 1571 ρεύεσθαι
870 1492 1019 1565 ὑμᾶς
1058 1492 1139 1555 είς
1171 1489 1273 1563 τὴν
1308 1490 1415 1562 γῆν
1466 1492 1532 1562 ἢν
1578 1489 1691 1559 ἐγὼ
1737 1492 1944 1561 είσάγω
2000 1494 2145 1564 ὑμᾶς

557 1587 694 1652 ἐκεῖ,
733 1587 830 1640 καὶ
867 1585 1043 1653 ἔσται,
1073 1586 1203 1640 ὅταν
1250 1583 1470 1656 ἐσθίητε
1501 1585 1661 1657 ὑμεῖς
1702 1585 1814 1640 ἀπὸ
1833 1586 1944 1641 τῶν
1965 1587 2145 1656 ἄρτων

555 1675 659 1747 τῆς
686 1676 817 1748 γῆς,
841 1677 1131 1749 ἀφαιρεῖτε
1155 1674 1441 1748 ἀφαίρεμα
1457 1672 1946 1748 ἀφόρισμαΚυρίῳ
1965 1678 2146 1748 ἀπαρο

558 1771 660 1843 χήν
705 1769 1029 1839 φυράματος
1071 1769 1263 1839 ύμῶντ
1300 1767 1467 1840 ἄρτον
1516 1768 1804 1839 άφαίρεμα
1866 1770 2146 1841 ἀφοριεῖτι

558 1858 691 1914 αὐτὸ
735 1860 813 1923 ὡς
851 1859 1138 1929 ἀφαίρεμα
1187 1858 1295 1913 ἀπὸ
1333 1857 1564 1923 ἆλωνος,
1591 1857 1767 1924 οὕτως
1802 1861 2147 1933 ἀφαιρήσετε

557 1949 816 2022 ἀπαρχὴν
861 1949 1187 2022 φυράματος
1223 1949 1402 2022 ὑμῶν,
1445 1950 1541 2005 καὶ
1588 1947 1789 2004 δώσετε
1824 1950 1904 2022 τῷ
1957 1951 2147 2024 Κυρίῳ

558 2042 847 2116 ᾲφαίρεμα
875 2045 957 2108 είς
979 2042 1081 2108 τὰς
1112 2043 1308 2112 γενεὰς
1360 2044 1536 2116 ὑμῶν.
1567 2064 1587 2103 ι
1630 2045 1743 2099 Kal
1786 2046 2017 2117 ἀπονητὶ
2050 2046 2148 2117 μὲν

555 2133 645 2192 διὰ
662 2135 868 2189 τούτων
891 2133 1209 2206 καταθεῷτό
1239 2152 1322 2198 τις
1340 2134 1408 2188 ἂν
1433 2134 1495 2189 τὸ
1512 2135 1617 2207 τῆς
1647 2135 1911 2209 ἀληθείας
1941 2137 2149 2208 μυστή-

563 2223 1026 2294 ριονυΛελέξεται
1048 2224 1106 2280 δέ
1139 2225 1277 2297 πρὸς
1301 2225 1464 2297 ήμῶν
1492 2227 1552 2280 ἐν
1589 2225 1705 2298 ίδίῳ
1730 2227 1910 2300 καιρῷ
1934 2228 2150 2294 λεπτῶς

558 2317 653 2389 καὶ
679 2317 1184 2389 ἀπηκριϐωμένως,
1213 2317 1295 2380 είς
1314 2317 1503 2390 ἕτερον
1529 2319 1662 2391 ἡμῖν
1688 2318 1888 2392 ἱδρῶτα
1909 2337 2150 2392 συγγρα-

560 2407 667 2480 φῆς
699 2410 1107 2481 μτερρηκότος
1126 2407 1223 2462 τοῦ
1241 2407 1427 2477 λόγου.
1452 2409 1600 2482 Πλὴν
1618 2411 1816 2474 ἐκεῖνο.
1845 2407 1998 2482 οἶμαί
2020 2431 2145 2480 που,

559 2498 933 2573 κατατεθήποι
963 2518 1048 2565 τις
1090 2500 1158 2563 ἂν
1200 2499 1282 2566 εἷς
1318 2517 1383 2570 γε
1426 2501 1486 2556 τὸ
1512 2502 1688 2577 παρὸν
1727 2506 1885 2576 ἡμῖν,
1919 2500 1963 2559 ὧ
2006 2505 2150 2560 Παλ-

559 2591 730 2659 λάδιε.

631 2685 843 2742 ΠΑΔΛ.
876 2685 951 2741 Τὸ
982 2683 1133 2740 ποῖόν
1158 2703 1213 2741 τι
1238 2687 1383 2759 φής;

632 2777 800 2833 ΚΥΡ.
852 2776 1154 2843 Πολυειδῶς
1183 2778 1293 2852 γὰρ
1326 2780 1460 2852 ἡμῖν
1491 2778 1711 2850 ἐμφανῆ
1756 2779 2024 2845 καθιστὰς
2058 2780 2153 2838 τὸν

573 2870 945 2944 Ἐμμανουήλ,
983 2873 1077 2927 καὶ
1099 2872 1168 2927 δι’
1200 2872 1392 2945 ἐτέρου
1421 2873 1585 2928 πάλιν
1620 2874 1784 2928 aia-cm
1818 2874 2150 2932 ἀναπλάττει

559 2963 741 3034 λόγου.
773 2964 922 3035 Πρὸς
949 2966 1057 3037 γάρ
1097 2982 1180 3020 τοι
1213 2965 1455 3020 Μωῦσέα
1487 2965 1661 3037 φησί·
1700 2985 1719 3019 ι
1762 2967 1874 3021 Kal
1905 2968 2152 3037 ποιήσεις

566 3056 793 3128 λυχνίαν
847 3057 916 3111 ἐκ
963 3056 1193 3129 χρυσίου
1233 3056 1500 3125 καθαροῦ,
1554 3059 1856 3131 τορνευτὴν
1901 3059 2153 3130 ποιήσεις

559 3146 662 3218 τὴν
683 3145 926 3219 λυχνίαντ
969 3148 998 3202 ό
1019 3147 1220 3213 καυλὸς
1258 3148 1434 3219 αὐτῆς
1469 3149 1564 3202 καὶ
1589 3149 1641 3202 ol
1668 3149 2020 3220 καλαμίσκοι,
2057 3149 2150 3204 καὶ

561 3239 611 3301 pi
642 3238 944 3309 κρατῆρες,
982 3237 1080 3293 καὶ¹
1118 3240 1168 3293 οί
1201 3241 1609 3313 σφαιρωτῆρες,
1652 3242 1747 3295 καὶ
1790 3242 1859 3296 τὰ
1885 3241 2050 3313 κρίνα
2091 3240 2152 3307 ἐξ
2179 3269 2220 3324 C

561 3329 736 3401 αὐτῆς
769 3329 943 3385 ἔσται.
969 3329 1068 3403 Ἐξ
1097 3331 1434 3403 καλαμίσκοι
1465 3334 1529 3388 ἐκ
1552 3334 1648 3388 τοῦ
1679 3334 1897 3398 κλίτους
1920 3335 2014 3389 τοῦ
2037 3335 2154 3388 δευ-

561 3422 746 3494 τέρου.
780 3442 801 3477 ι
846 3423 958 3478 Kal
1004 3419 1074 3478 αὖ
1111 3424 1206 3478 ἐπὶ
1239 3424 1456 3490 τούτοις
1484 3425 1554 3480 τὰ
1585 3427 1665 3489 είς
1712 3426 1918 3497 κόσμον
1955 3442 2015 3479 τε
2046 3425 2157 3488 ,καὶ

564 3514 754 3588 χρείαν
780 3513 861 3586 τῷ
886 3516 1192 3587 τεχνήματι
1224 3515 1486 3570 τελοῦντα
1521 3516 1948 3588 προστεθεικὼς,
1993 3517 2156 3590 κρίνα

562 3592 624 3661 τέ
657 3625 828 3681 φημι,
857 3607 952 3662 καὶ
973 3608 1363 3681 σφαιρωτῆρας
1387 3615 1482 3663 καὶ
1507 3607 1860 3680 καρυίσκους,
1885 3610 2156 3679 ἐπεφώνει

568 3698 757 3753 πάλιντ
794 3718 813 3751 ι
850 3696 991 3770 Ὅλη
1035 3698 1325 3774 τορνευτή,
1369 3697 1431 3765 ἐξ
1460 3699 1580 3763 ἑνὸς
1625 3699 1849 3771 χρυσίου
1884 3699 2152 3772 καθαροῦ*

565 3791 662 3845 καὶ
685 3790 938 3862 ποιήσεις
957 3790 1087 3855 τοὺς
1111 3789 1343 3861 λύχνους
1367 3790 1541 3861 αὐτῆς
1558 3791 1720 3855 ἑπτά,
1752 3790 1845 3845 καὶ
1872 3791 2158 3863 ἐπιθήσεις

563 3881 690 3946 τοὺς
720 3881 951 3953 λύχνους
967 3883 1159 3955 αὐτῆς.
1182 3882 1295 3937 Kal
1324 3882 1588 3952 φανοῦοιν
1605 3883 1670 3936 ἐκ
1694 3882 1788 3937 τοῦ
1823 3882 1943 3947 ἐνὸς
1977 3872 2178 3954 προσέ

565 3971 738 4033 ὡπου.
782 3972 896 4044 Kal
941 3971 1035 4026 τὸν
1078 3959 1444 4045 ἐπαρυστῆρα
1486 3973 1682 4045 αὐτῆς,
1724 3974 1819 4029 καὶ
1844 3973 1915 4027 τὰ
1957 3971 2159 4027 ὑποθέ-

570 4080 720 4136 ματα
749 4065 925 4137 αὐτῆς
962 4065 1030 4137 ἐκ
1055 4065 1281 4138 χρυσίου
1310 4064 1581 4137 καθαροῦ,
1605 4067 1857 4138 ποιήσεις
1883 4066 2064 4121 πάντα
2089 4063 2159 4119 τὰ

569 4157 742 4230 σκεύη
794 4156 973 4211 ταῦτα
1040 4155 1311 4211 ταλάντου
1364 4156 1591 4228 χρυσίου
1647 4156 1915 4229 καθαροῦ.
1978 4157 2156 4228 Ὅρα,

567 4250 819 4322 ποιήσεις
864 4248 1009 4303 κατὰ
1043 4247 1137 4303 τὸν
1167 4247 1338 4303 τύπον
1379 4249 1473 4303 τὸν
1519 4248 1800 4320 δειχθέντα
1840 4266 1925 4302 σοι
1974 4250 2035 4303 ἐν
2079 4245 2159 4319 τῷ

567 4341 707 4413 δρει.
746 4361 767 4397 ι
802 4341 997 4414 Χρυσῆ
1032 4341 1133 4413 μὲν
1158 4336 1254 4396 οὖν
1279 4343 1312 4414 ή
1344 4339 1541 4412 λυχνία
1565 4342 1739 4396 τύπον
1760 4341 2034 4411 ἐπέχουσα
2060 4336 2157 4405 τοῦ

570 4434 612 4488 Χ
622 4432 830 4505 ριστοῦ.
863 4432 1029 4487 Φύσει
1058 4432 1170 4503 γὰρ
1199 4434 1295 4487 καὶ
1322 4432 1552 4507 ἀληθείᾳ
1581 4432 1717 4496 Θεὸς
1745 4435 1774 4488 ό
1802 4433 1946 4497 Υἱός
1972 4431 2160 4505 χρυσῷ

572 4522 631 4579 δὲ
669 4525 1094 4597 παρεικαστὲον,
1139 4522 1284 4578 καθὰ
1323 4525 1421 4577 καὶ
1446 4525 1506 4577 ἐν
1537 4525 1652 4586 τοῖς
1684 4522 1945 4594 ἀνωτέρω
1973 4524 2159 4598 διωρι-

2238 670 2544 733 aeternum;
2573 670 2631 717 et
2649 671 2815 718 erunt
2840 662 3022 730 Aaron
3069 669 3126 718 et
3148 659 3280 717 ﬁlils
3297 662 3439 733 ejus,
3466 670 3525 718 et
3543 663 3836 721 comedent

2217 764 2306 815 -ea
2334 751 2392 806 in
2421 750 2545 810 loco
2581 759 2773 811 sancto
2802 769 2815 806 ε
2846 760 2934 813 est
2968 752 3117 823 enim
3157 750 3359 821 Sancta
3387 760 3703 809 sanctorum
3727 754 3836 811 hoc

2240 843 2398 914 ipsis,
2424 851 2483 898 et
2503 843 2573 904 ab
2611 844 2908 912 immolatis
2934 844 3168 915 Domino
3197 844 3504 918 legitimum
3531 849 3838 919 sempiter-

2240 950 2375 993 num
2401 936 2445 989 ⁸.
2483 953 2503 986 ι
2544 934 2607 990 In
2635 934 2897 991 Numeris
2933 950 3066 997 vero
3096 943 3156 990 ut
3193 952 3366 999 unum
3391 952 3585 1002 rursus
3610 953 3833 1009 panem,

2242 1028 2337 1099 qui
2358 1026 2427 1083 de
2457 1027 2617 1093 crelo,
2661 1038 2718 1081 et
2759 1043 2829 1082 ex
2870 1026 3031 1081 nobis
3066 1035 3152 1083 est
3195 1028 3459 1099 (Verbum
3507 1030 3678 1095 enim,
3709 1045 3834 1085 cum

2242 1120 2392 1185 Deus
2414 1118 2722 1175 secundum
2743 1125 3000 1179 naturam
3023 1127 3191 1185 esset,
3217 1119 3423 1175 factum
3453 1129 3538 1176 est
3562 1122 3740 1177 nostri
3765 1123 3840 1178 si-

2242 1212 2395 1277 mile,
2419 1220 2477 1267 et
2496 1212 2766 1279 habitavit
2805 1198 2863 1267 in
2888 1211 3049 1267 nobis
3075 1210 3162 1283 “),
3197 1219 3456 1283 tanquam
3479 1229 3649 1279 unum
3675 1216 3839 1272 nobis

2242 1313 2442 1383 panem
2470 1299 2891 1366 demonstravit,
2919 1315 3046 1357 cum
3081 1300 3162 1365 sic
3185 1300 3325 1361 dixit
3347 1302 3517 1374 Moysi
3552 1303 3631 1369 illi
3654 1319 3841 1361 sacro.

2245 1404 2370 1444 rum
2397 1388 2564 1460 298
2586 1389 2878 1473 interpreti
2908 1406 2921 1444 :
2973 1407 2990 1440 ι
3020 1387 3273 1459 Loquere
3301 1391 3370 1445 ad
3400 1390 3543 1455 ﬁlios
3572 1393 3757 1462 lsrael,
3781 1396 3841 1450 et

2245 1478 2399 1541 dices
2432 1480 2514 1534 eis
2546 1490 2567 1549 ι
2606 1479 2746 1547 Cum
2792 1477 3179 1552 ingrediemini
3217 1479 3276 1535 in
3322 1488 3526 1539 terram
3572 1484 3628 1552 in
3672 1500 3838 1555 quam

2245 1586 2347 1642 ego
2370 1571 2575 1627 induco
2597 1587 2716 1638 vos,
2751 1578 2809 1629 et
2844 1571 2974 1637 erit,
3006 1586 3134 1628 cum
3175 1572 3405 1631 ederitis
3427 1588 3527 1629 vos
3550 1589 3581 1635 e
3605 1574 3841 1645 panibus

2248 1672 2430 1730 terra,
2473 1664 2805 1735 separabitis
2839 1655 3247 1736 separationem
3279 1667 3710 1738 segregationem
3735 1667 3844 1722 Do-

2248 1755 2401 1822 mino
2426 1754 2698 1825 primitias
2724 1769 2917 1820 massa:
2946 1763 3181 1823 vestrae;
3211 1770 3410 1825 panem
3438 1756 3843 1835 separationem

2249 1846 2611 1918 segregabitis
2632 1847 2833 1917 ipsum,
2863 1854 3124 1917 tanquam
3148 1848 3560 1917 separationem
3593 1847 3662 1902 ab
3690 1861 3839 1913 area,

2252 1938 2334 1995 sic
2368 1925 2698 2010 separabitis
2739 1939 2941 2013 ipsum,
2981 1938 3261 2010 primitias
3304 1954 3498 1994 massa"
3529 1945 3744 2005 vestrae,
3782 1944 3843 1994 et

2251 2030 2455 2097 dabitis
2490 2032 2724 2098 Domino
2772 2030 3176 2102 separationem
3215 2030 3273 2099 in
3312 2030 3699 2102 generationes
3742 2043 3843 2085 ve-

2250 2131 2394 2194 stras
2441 2126 2504 2195 ¹¹.
2556 2144 2574 2177 ι
2608 2122 2764 2179 Licet
2813 2138 2883 2179 ex
2924 2120 3014 2179 his
3049 2122 3240 2178 verbis
3292 2122 3555 2187 facillime
3593 2119 3846 2177 veritatis

2249 2216 2574 2288 mysterium
2604 2215 2925 2287 perspicere
2942 2255 2959 2286 ,
2988 2214 3057 2270 de
3083 2230 3193 2285 quo
3219 2223 3405 2281 tamen
3428 2229 3459 2268 a
3479 2213 3645 2269 nobis
3670 2211 3849 2267 subti-

2249 2308 2378 2364 liter
2408 2317 2466 2363 et
2499 2314 2754 2373 accurate
2805 2321 2907 2369 suo
2940 2306 3063 2375 loco
3086 2305 3324 2372 dicetur,
3356 2306 3609 2375 hancque
3634 2303 3847 2358 oratio-

2249 2400 2338 2469 nis
2378 2408 2594 2472 partem
2651 2398 2708 2454 in
2756 2398 2991 2469 alterius
3049 2397 3539 2463 commentationis
3594 2396 3846 2455 laborem

2251 2491 2669 2560 transferamus,
2689 2489 2831 2546 Illud
2857 2499 3062 2557 tamen,
3088 2498 3152 2560 ut
3178 2490 3398 2562 opinor,
3428 2488 3693 2553 admirari
3712 2487 3849 2544 licet

2252 2581 2309 2652 in
2340 2595 2604 2652 praesens,
2636 2580 2865 2651 Palladi,
3226 2570 3229 2575 ’

2321 2695 2522 2752 PALL.
2561 2695 2705 2764 Quid
2743 2695 2893 2752 istud
2922 2695 3185 2753 tandem?

2319 2788 2480 2847 CYR.
2504 2788 2644 2846 Cum
2684 2789 2893 2845 etenim
2931 2788 3086 2847 varie
3129 2788 3292 2844 nobis
3323 2786 3476 2857 illum
3524 2786 3851 2842 Emmanuel

2251 2879 2614 2952 spectandum
2646 2878 3048 2959 proposuisset,
3080 2895 3279 2935 rursus
3316 2878 3440 2934 aliis
3477 2893 3699 2949 quoque
3726 2891 3853 2932 ver-,-

2252 2969 2339 3024 bis
2362 2969 2620 3025 eumdem
2662 2968 2901 3040 eillngit;
2944 2968 3117 3041 Moysi
3141 2968 3290 3025 enim
3318 2968 3454 3024 dicit
3483 2986 3496 3021 :
3537 2986 3556 3019 ι
3586 2967 3655 3023 Ει
3679 2966 3853 3024 facies

2253 3060 2643 3121 candelabrum
2669 3076 2737 3116 ex
2776 3075 2914 3115 auro
2949 3059 3195 3129 mundo;
3244 3059 3505 3127 tornatile
3525 3058 3696 3114 facies
3719 3073 3854 3115 can-

2253 3150 2572 3224 delabrum;
2605 3150 2805 3217 hastile
2839 3150 3033 3221 ipsius,
3060 3158 3116 3205 et
3153 3151 3370 3215 calami,
3414 3157 3473 3205 et
3502 3157 3765 3216 crateres,
3792 3155 3853 3217 et

2254 3241 2560 3311 sphaerulze,
2605 3248 2661 3295 et
2710 3240 2823 3295 lilia
2868 3257 2938 3296 ex
2986 3241 3107 3311 ipso
3148 3247 3315 3295 erunt
3342 3258 3355 3294 :
3381 3256 3477 3296 sex
3500 3238 3694 3294 calami
3723 3255 3855 3311 pro»

2253 3331 2489 3389 deuntes
2522 3348 2590 3389 ex
2613 3332 2883 3401 adverso;
2921 3330 3061 3405 [tres
3089 3332 3283 3388 calami
3318 3330 3632 3387 candelabri
3674 3347 3741 3386 ex
3772 3331 3853 3386 Ιετ

2254 3409 2527 3494 ιετθύηο,
2545 3432 2603 3481 et
2626 3433 2742 3480 tres
2766 3424 2961 3480 calami
2991 3440 3058 3480 ex
3083 3425 3255 3480 latere
3279 3424 3478 3497 altero]
3500 3424 3687 3479 ¹’.›Α(1
3712 3424 3848 3490 haec,

2254 3533 2379 3577 cum
2403 3517 2744 3589 adjunxisset
2778 3532 2845 3572 ea
2883 3532 3005 3587 quae
3030 3517 3099 3571 ad
3132 3526 3388 3580 ornatum
3422 3525 3480 3572 et
3528 3532 3690 3571 usum
3715 3531 3854 3587 ope-

2255 3608 2334 3664 ris
2357 3608 2726 3680 pertinerent,
2756 3609 2894 3672 lilia,
2922 3608 3171 3679 inquam,
3208 3618 3264 3664 et
3290 3609 3617 3682 sphaerulas,
3643 3616 3701 3663 et
3727 3623 3852 3678 scy—.

2254 3702 2416 3772 phos,
2464 3716 2687 3756 rursum
2725 3701 2928 3772 adjecit
2965 3720 2978 3756 :
3021 3721 3040 3753 ‹
3081 3701 3283 3756 Totum
3319 3700 3579 3763 tornatile
3626 3714 3695 3755 ex
3741 3715 3854 3761 uno

2255 3809 2392 3858 auro
2429 3793 2667 3860 mundo;
2689 3801 2746 3849 et
2768 3793 2937 3849 facies
2959 3794 3008 3849 ei
3039 3793 3294 3859 lucernas
3322 3801 3555 3863 septem,
3589 3799 3646 3847 et
3673 3791 3853 3862 impo-.

2254 3886 2631 3941 neslucernas
2680 3885 2876 3956 ipsius,
2929 3894 2986 3942 et
3017 3886 3288 3941 lucebunt
3338 3900 3407 3940 ex
3454 3900 3564 3939 una
3608 3883 3856 3950 facie,et

2254 3974 2665 4030 emunctorium
2703 3974 2845 4044 ejus,
2886 3983 2943 4031 et
2987 3973 3402 4045 suppositioncs
3444 3974 3564 4044 ejus
3601 3988 3668 4028 ex
3715 3987 3854 4028 auro

2256 4066 2465 4125 mundo
2500 4083 2514 4133 ς
2548 4066 2718 4122 facies
2737 4066 2922 4127 omnia
2948 4080 3077 4120 vasa
3101 4065 3224 4135 ejus
3247 4064 3518 4119 talentum
3544 4064 3663 4118 auri
3689 4080 3855 4118 muns-

2256 4156 2334 4212 di.
2380 4157 2537 4222 Vide,
2578 4155 2750 4214 facies
2793 4155 2980 4211 omnia
3031 4157 3186 4227 juxta
3241 4153 3473 4225 ﬁguram
3513 4169 3635 4225 quae
3658 4153 3762 4209 tibi
3795 4153 3855 4210 in

2256 4258 2444 4307 monte
2467 4256 2688 4304 ostensa
2714 4256 2801 4304 est
2828 4248 2893 4316 υ.
2925 4266 2944 4300 ι
2976 4247 3223 4303 Aureum
3246 4247 3415 4318 igitur
3437 4245 3853 4312 candelabrum,

2259 4342 2469 4401 Christi
2510 4340 2742 4414 ﬁguram
2773 4345 2958 4407 tenet;
2992 4338 3168 4394 Filius
3214 4338 3362 4394 enim
3393 4346 3592 4392 natura
3628 4352 3693 4391 ac
3724 4351 3856 4392 vere

2255 4435 2402 4490 Deus
2428 4441 2532 4488 est.
2556 4430 2707 4488 Auro
2737 4436 2925 4486 autem
2961 4428 3158 4497 similis
3185 4444 3307 4485 esse
3330 4428 3574 4500 putanda
3597 4433 3702 4493 est,
3720 4425 3855 4481 utin

2259 4525 2646 4598 superioribus
2671 4523 3094 4589 deﬁniebamus,
3115 4523 3209 4578 illa
3241 4522 3425 4577 divina
3450 4522 3670 4578 claritas
3694 4529 3861 4591 atque

573 4592 802 4689 ζόμεθα,
835 4617 936 4689 τὴν
966 4615 1120 4675 θείαν
1145 4616 1511 4687 λαμπρότητα
1555 4618 1652 4670 καὶ
1689 4592 1981 4688 ὑπεροχήν.
2018 4592 2153 4686 Τόρ-

2259 4592 2603 4689 praastantia;
2627 4615 2886 4673 tornatile
2903 4622 3110 4679 autem,
3133 4614 3262 4684 quia
3298 4612 3738 4684 speciosissimus
3752 4619 3859 4679 est,

572 4706 736 4778 νευτὴ
763 4706 822 4775 δὲ
848 4708 932 4773 ὅτι
960 4705 1296 4781 περικαλλὴς
1337 4707 1434 4761 καὶ
1460 4705 1605 4780 πέρα
1640 4706 1802 4777 λόγου
1844 4708 2065 4773 παντὸς,
2095 4708 2159 4763 τό

573 4813 640 4865 γε
670 4790 809 4869 ἧκον
851 4798 933 4868 είς
978 4797 1286 4869 εὐμορφίαν
1315 4796 1415 4867 τὴν
1458 4794 1679 4868 νοητὴν,
1718 4799 1747 4851 ό
1783 4798 2154 4870 Ἐμμανουήλ.

570 4888 891 4961 Γέγραπται
912 4887 1023 4962 γὰρ
1047 4890 1130 4951 ὅτι
1158 4909 1177 4942 ι
1226 4890 1441 4962 Ὠραῖος
1463 4888 1649 4945 κάλλει
1678 4888 1830 4962 παρὰ
1856 4890 1981 4955 τοὺς
2009 4892 2160 4956 υἱοὺς

568 4979 682 5034 τῶν
732 4980 1062 5053 ἀνθρώπων,
1121 4999 1141 5034 ι
1192 4981 1404 5051 Οὐκοῦν
1449 4982 1513 5035 τὸ
1554 4982 2006 5054 ἐκτετορνεῦσθαι
2054 4983 2154 5058 τὴν

571 5071 816 5146 λυχνίαν,
840 5072 906 5133 τδ
934 5074 1016 5139 είς
1051 5069 1194 5139 εἶδος
1228 5073 1532 5148 ἐκπρεπὲς,
1570 5074 1728 5147 δῆλον
1757 5075 1814 5129 δὲ
1838 5077 1919 5135 ὅτι
1945 5077 2007 5131 τὸ
2036 5076 2157 5131 ﬁso-

571 5165 807 5237 πρεπές,
836 5165 1224 5223 κατεδείκνυεν
1262 5166 1331 5222 ἂν
1360 5162 1422 5223 εὖ
1464 5167 1614 5239 μάλα
1649 5166 1744 5222 τοῦ
1785 5168 2158 5241 Ἐμμανουήλ.

571 5259 668 5323 Είς
689 5258 864 5325 δεξιὸν
893 5258 952 5314 δὲ
983 5259 1080 5314 καὶ
1101 5259 1407 5333 εὐώνυμον,
1429 5253 1633 5331 οἷάπερ
1660 5261 1728 5313 ἐκ
1746 5259 1970 5332 δένδρου
1992 5258 2165 5315 καλαο

575 5348 809 5420 μίσκους
842 5350 1246 5422 ἐκπεφυκότας,
1293 5350 1772 5424 συναναθρώσκειν
1800 5350 1860 5404 δὲ
1898 5350 1979 5422 τῷ
2010 5350 2162 5424 μέσῳ

572 5441 797 5516 καυλῷ,
829 5445 926 5500 καὶ
956 5445 1040 5509 είς
1082 5442 1217 5515 ὕψος
1260 5444 1512 5517 αἴρεσθαί
1552 5461 1688 5517 φησι
1716 5444 1779 5498 τὸ
1822 5444 2159 5507 ίσοστατοῦν.

573 5531 667 5599 Εἷς
698 5536 810 5610 γὰρ
831 5535 910 5591 ὢν
932 5537 1076 5592 κατὰ
1099 5536 1263 5607 φύσιν
1279 5539 1307 5591 6
1336 5537 1673 5609 Μονογενὴς,
1692 5536 1787 5590 καὶ
1808 5536 1868 5589 ἐν
1897 5535 2163 5609 ἁπλότητι

571 5629 640 5698 τῇ
665 5629 786 5683 κατ’
807 5628 1022 5694 οὐσίαν,
1052 5630 1128 5695 ὡς
1149 5628 1302 5696 Θεὸς,
1332 5629 1614 5702 διαφόροις
1645 5630 1949 5703 ἐνεργείαις
1970 5628 2164 5685 πολλο-

577 5719 702 5786 στὸς
728 5716 870 5778 εἶναι
912 5722 1082 5790 δοκεῖ,
1116 5722 1232 5777 ἀλλ’
1256 5723 1411 5777 οὐδὲν
1446 5723 1862 5796 είσκεκριμένον
1896 5722 1928 5793 ἢ
1960 5721 2165 5778 ὀθνεῖον

691 5835 871 5907 Levit.
908 5854 1055 5907 xxrv,
1081 5838 1193 5896 5-9.

570 5918 720 5976 xuv,
743 5905 796 5962 3.

1266 5838 1485 5896 “Joan.
1512 5856 1552 5907 ι,
1581 5838 1666 5895 ll.
1712 5840 1751 5874 "
1779 5840 1943 5898 Num.
1972 5857 2060 5909 xv,
2087 5839 2293 5917 Πέὶι.Δ
2354 5836 2397 5867 ¹¹
2420 5831 2595 5892 Exod.
2643 5844 2768 5899 xxv;
2793 5831 2884 5909 ξι,
2925 5830 3014 5887 '52.

2262 4694 2556 4781 plusquam
2613 4706 2804 4763 verbis
2835 4706 3101 4778 explicari
3141 4705 3334 4777 possit,
3374 4705 3465 4760 ille
3499 4702 3861 4773 Emmanuel,

2265 4803 2312 4858 si
2345 4798 2819 4873 pulchritudinem
2846 4799 3035 4854 animo
3061 4798 3420 4869 spectabilem
3456 4795 3684 4866 cogites.
3712 4793 3861 4850 Scri-

2263 4904 2419 4966 ptum
2440 4900 2527 4950 est
2563 4892 2715 4949 enim
2748 4910 2762 4947 :
2798 4910 2816 4943 ‹
2847 4890 3144 4962 Speciosus
3171 4888 3349 4945 forma
3375 4902 3489 4959 prae
3517 4885 3646 4941 ﬁliis
3669 4883 3863 4939 homi-

2253 4982 2459 5039 num“.
2471 4980 2658 5050 )Quod
2679 4980 2848 5053 igitur
2860 4978 3254 5037 candelabrum
3271 4975 3527 5031 tornatile
3537 4973 3739 5031 factum
3755 4979 3861 5039 est,

2257 5066 2315 5135 id
2330 5088 2465 5130 vero
2481 5073 2631 5128 illam
2653 5070 3086 5143 pulchritudinis
3102 5067 3499 5140 praestantiam,
3518 5065 3574 5120 id
3605 5071 3691 5120 est
3722 5061 3865 5119 divi-

2258 5180 2389 5222 nam
2426 5165 2577 5220 illam
2602 5162 2779 5219 nostri
2804 5160 3185 5218 Emmanuelis
3208 5158 3553 5230 dignitatem,
3581 5155 3864 5227 aptissime

2263 5256 2629 5330 signiﬁcabat.
2679 5254 2934 5321 Calamos
2996 5266 3167 5324 porro
3202 5265 3272 5305 ex
3294 5250 3489 5305 dextro
3527 5249 3865 5319 sinistroque

2264 5348 2439 5409 latere
2481 5354 2745 5416 tanquam
2774 5360 2845 5400 ex
2878 5342 3076 5399 arbore
3095 5339 3455 5412 prodeuntes,
3492 5336 3695 5408 inquit,
3735 5350 3863 5392 cum

2265 5440 2453 5498 medio
2485 5438 2671 5510 stipite
2695 5436 2858 5493 simul
2877 5448 3194 5506 exsurgere,
3219 5439 3277 5486 et
3295 5429 3363 5486 ad
3392 5446 3582 5502 parem
3609 5427 3861 5485 altitudi-

2265 5550 2395 5591 nem
2415 5532 2556 5590 tolli.
2590 5529 2855 5599 Quamvis
2889 5528 3038 5584 enim
3075 5526 3407 5599 Unigenitus
3435 5525 3527 5581 ille
3560 5521 3864 5580 secundum

2266 5634 2523 5685 naturam
2548 5639 2693 5680 unus
2732 5623 2824 5689 sit,
2855 5621 3023 5694 299
3060 5628 3119 5675 et
3159 5628 3223 5675 ut
3258 5620 3405 5675 Deus
3433 5616 3737 5687 simplicem
3763 5613 3866 5667 ha-

2269 5722 2398 5777 heat
2443 5716 2761 5781 essentiam,
2818 5713 3140 5772 diversitate
3209 5721 3392 5768 tamen
3458 5708 3861 5781 operationum,

3119 5829 3161 5861 η
3184 5826 3351 5893 lbid.,
3380 5823 3564 5880 56.40.
3644 5821 3688 5853 η
3716 5818 3862 5895 Ρειι,
3936 5801 3942 5806 ’
