4118 6430
308 311 486 411 τοι]

1390 374 1444 431 S.
1490 378 1765 438 CYRILLl
1811 386 2284 450 ALEXANDRINI
2324 397 2645 457 ARCHIEP.

3532 417 3639 479 608

373 468 530 539 quasi
568 472 853 543 multiplex
886 492 1006 533 esse
1033 479 1252 538 videtur
1294 504 1306 540 :
1359 505 1542 561 neque
1580 511 1712 552 vero
1743 500 1895 572 aliqu

373 574 426 598 In
450 576 519 598 nn
545 570 833 598 ortam-nn
865 578 945 598 nc!
991 580 1043 598 Al
1074 572 1425 598 -A..__.:.2__m
1504 593 1515 598 -
1702 589 1713 598 .
1765 592 1801 598 -.
1846 594 1856 598 -

1993 511 2032 569 Α
2059 509 2119 561 ἐν
2143 510 2312 581 αὐτῷ,
2352 512 2455 566 κᾶν
2480 516 2528 566 εί
2563 516 2733 570 νοοίτό
2765 535 2880 584 πως
2925 525 3034 587 τοῖς
3065 526 3425 598 θεοπρεπέσιν
3463 531 3635 597 ἀξιώ-

370 574 430 615 m
450 576 519 617 eo
545 570 834 620 externum
864 578 949 623 est
989 580 1045 624 et
1072 572 1458 648 adventitium,
1502 589 1715 643 tametsi
1745 570 1952 650 divinis

366 653 650 710 attributis
684 658 1086 726 quodammodo
1125 663 1273 721 haud
1303 669 1535 741 simplex
1556 676 1897 751 intelligatur
1931 703 1944 741 :

363 742 458 798 lux
492 745 660 811 enim,
687 755 744 802 et
767 747 898 815 vita,
920 753 1097 819 etvis,
1131 765 1188 811 et
1209 758 1553 833 incorruptio
1579 782 1702 824 esse
1734 742 1946 828 intelli-

363 833 531 903 gitur.
564 836 700 893 Nam
734 855 859 896 cum
892 843 1091 902 docere
1118 850 1284 907 vellet
1308 854 1448 909 nihil
1495 873 1617 916 esse
1655 862 1712 917 in
1745 879 1816 919 eo
1842 867 1944 921 ad-

361 923 649 992 scititium,
675 930 880 998 intulit,
916 943 977 989 ut
1005 938 1223 1007 opinor,
1256 943 1393 1000 illud
1428 964 1443 998 :
1482 968 1501 999 ι
1532 950 1853 1020 Sphaerulm,
1885 968 1943 1012 et

358 1014 572 1080 calami,
601 1027 657 1073 et
679 1019 791 1075 lilia
825 1038 893 1077 ex
917 1025 1035 1094 ipso
1054 1027 1185 1093 sint,
1219 1037 1393 1087 totum
1423 1014 1677 1096 tornatile
1703 1057 1771 1097 ex
1802 1059 1941 1101 auro

356 1118 497 1172 puro
524 1106 587 1172 ¹⁸,
632 1129 652 1160 ι
686 1110 741 1164 id
768 1120 873 1178 est,
911 1122 1061 1173 totus
1102 1121 1345 1193 undique
1372 1126 1536 1193 Deus,
1560 1145 1672 1186 non
1709 1137 1939 1203 perinde

354 1201 517 1263 atque
546 1213 611 1252 ea
667 1216 789 1270 qua:
828 1213 947 1260 orta
997 1218 1162 1277 sunt,
1218 1217 1593 1276 sanctiﬁcatus
1623 1241 1637 1277 :
1665 1201 1845 1296 neque
1878 1238 1939 1286 ut

352 1286 551 1355 angeli,
577 1290 672 1359 qui
701 1307 826 1347 cum
852 1295 908 1350 in
931 1311 1027 1355 sua
1051 1301 1286 1370 quadam
1310 1316 1508 1364 natura
1529 1286 1930 1385 intelligantur,

350 1374 497 1431 illius
526 1380 698 1448 gratia
740 1392 797 1438 et
853 1387 1027 1456 gloria
1088 1391 1331 1450 decorati
1377 1408 1525 1467 sunt,
1575 1418 1641 1457 ac
1675 1374 1931 1476 tanquam

347 1479 484 1520 auro
510 1472 739 1538 mundo,
783 1477 1010 1545 spiritus
1051 1497 1284 1540 munere
1337 1491 1742 1560 quodammodo
1767 1498 1928 1568 illiti;

347 1556 447 1610 sed
492 1562 640 1628 quod
696 1576 888 1636 suapte
942 1580 1140 1629 natura
1189 1577 1259 1631 sit
1311 1556 1404 1635 illa
1447 1583 1565 1652 ipsa
1590 1600 1698 1652 res,
1730 1605 1930 1661 nempe

342 1643 508 1712 Deus,
535 1649 628 1707 illa
675 1654 940 1713 nimirum
990 1663 1285 1730 purissima
1324 1678 1380 1723 et
1415 1686 1669 1742 suprema
1707 1688 1923 1737 natura.

2056 614 2225 669 μασιν
2254 602 2351 672 οὐχ
2382 603 2607 669 ἁπλοῦς.
2629 607 2748 671 Φῶς
2775 609 2883 680 γὰρ
2911 615 3003 666 καὶ
3021 609 3160 688 ζωὴ,
3181 619 3275 675 καὶ
3295 620 3522 692 δύναμις
3541 625 3635 679 καὶ

2050 690 2327 762 άφθαρσία
2352 697 2571 751 νοεῖται.
2607 696 2725 752 Ὅτι
2756 701 2865 771 γάρ
2888 704 3041 758 οὐδὲν
3060 709 3371 780 εἰσποιητὸν
3395 690 3453 766 ἐν
3481 715 3630 785 αὐτῷ

2050 778 2261 846 διδάξαι
2287 782 2703 856 βεϐουλημένος,
2727 794 3194 864 προσεπήνεγκεν,
3218 778 3371 870 οἶμαί
3389 819 3511 863 που,
3544 778 3625 870 τό,

2053 883 2072 917 ι
2114 867 2176 919 Oi
2211 872 2593 942 σφαιρωτῆρες
2624 873 2718 928 καὶ
2745 877 2795 929 ot
2829 879 3159 951 καλαμίσκοι
3187 886 3248 952 ἐξ
3266 867 3436 960 αὐτῆς
3458 867 3628 945 ἐστωξ

2047 972 2145 1010 σαν
2170 975 2184 988 ·
2229 959 2324 1030 ὅλη
2370 961 2628 1034 τορνευτὴ
2679 965 2743 1018 ἐκ
2797 970 3022 1039 χρυσίου
3068 975 3310 1048 καθαροῦ
3335 1019 3350 1043 ,
3407 998 3427 1030 ι
3477 983 3624 1036 τοῦτ’

2041 1047 2209 1115 ἔστιν,
2240 1051 2359 1115 ὅλος
2408 1054 2582 1108 διόλου
2625 1056 2778 1123 Θεὸς,
2834 1061 2934 1115 οὐκ
2974 1064 3033 1116 ἐν
3068 1064 3167 1136 ῐσῳ
3218 1047 3331 1133 τοῖς
3376 1077 3625 1143 γενητοῖς

2041 1141 2391 1213 ἡγιασμένος,
2422 1145 2541 1198 οὐδὲ
2571 1146 2760 1221 ὥσπερ
2786 1151 3006 1220 ἄγγελοι
3043 1157 3203 1226 τυχὸν
3228 1161 3286 1213 ἐν
3330 1160 3435 1233 ἰδίᾳ
3467 1141 3616 1217 voon

2043 1247 2194 1301 μενοι
2227 1232 2408 1301 φύσει,
2442 1237 2971 1310 κατηγλαῖσμένοιδέ
2998 1245 3209 1300 ἐκείνου
3232 1232 3417 1320 χάριτί
3436 1269 3496 1306 τε
3526 1255 3619 1307 καὶ

2036 1320 2186 1395 δόξῃ,
2232 1323 2325 1375 καὶ
2353 1321 2549 1397 οἷάπερ
2579 1328 2788 1399 χρυσίῳ
2816 1331 3063 1403 καθαρῷ,
3091 1339 3156 1408 τῇ
3188 1337 3282 1391 τοῦ
3312 1341 3618 1412 πνεύματος

2033 1412 2180 1467 δόσει
2206 1417 2717 1486 κατακεχρημένοι,
2741 1419 2858 1473 ἀλλ’
2882 1423 3013 1476 αὐτὸ
3040 1426 3105 1495 τῇ
3130 1426 3290 1494 φύσει
3310 1429 3371 1482 τὸ
3404 1434 3613 1503 χρῆμα,

2033 1502 2187 1567 Θεὸς,
2221 1505 2253 1574 ή
2285 1505 2647 1580 καθαρωτάτη
2687 1527 2747 1563 τε
2780 1511 2873 1564 ml
2905 1513 3183 1587 ὑπερτάτη
3219 1518 3398 1586 φύσις.
3444 1502 3613 1577 Ἑπτὰ

2031 1588 2088 1641 δὲ
2122 1591 2171 1642 οί
2222 1589 2424 1661 λύχνοι·
2475 1595 2621 1648 κατὰ
2669 1597 2898 1664 πολλοὺς
2952 1604 3061 1673 γὰρ
3107 1607 3346 1677 τρόπους
3381 1613 3409 1663 ὁ
3458 1613 3611 1683 παρὰ

2031 1680 2270 1752 Χριστοῦ
2292 1688 2590 1757 φωτισμός.
2621 1690 2753 1758 Kal,
2787 1711 2805 1743 ι
2841 1688 2912 1764 ᾯ
2948 1695 3047 1764 μὲν
3089 1697 3300 1753 δέδοται
3329 1702 3484 1772 λόγος
3515 1680 3604 1759 σο-

341 1732 559 1805 Septem
603 1757 770 1810 porro
830 1747 1070 1808 lucerna:
1115 1765 1273 1822 sunt;
1328 1762 1521 1820 multis
1550 1782 1788 1840 namque
1809 1790 1895 1830 mo

341 1825 424 1867 diu
451 1843 478 1867 SI
516 1830 737 1867 ΠΙιι-ἷοιη
776 1836 1099 1867 :ll.....:_-.:-
1141 1849 1240 1867 μη
1296 1852 1330 1867 υ.
1675 1861 1766 1867 .___

2247 1732 2264 1736 -
2336 1732 2459 1739 η---
2517 1732 2590 1751 -,.
2621 1732 2731 1743 --.η
2787 1732 2804 1743 .
2998 1732 3045 1748 ιν
3089 1732 3300 1753 ww.“
3329 1732 3388 1756 ι.υ
3426 1732 3481 1767 υς
3515 1732 3604 1759 συ-

2030 1732 2199 1843 ιρίαςί
2215 1732 2390 1846 ἐτέῐρῳ
2418 1732 2658 1847 δὲΓλόγος
2682 1732 3261 1859 γνώσειῖςῇιάκρισίς
3288 1809 3347 1844 τε
3373 1732 3608 1867 τίνευμά-

336 1825 424 1879 dis
449 1843 480 1882 a
516 1830 738 1890 Christo
775 1836 1105 1900 illuminatio
1141 1849 1407 1913 tribuitur
1443 1867 1564 1923 :ct,
1606 1879 1627 1911 ι
1657 1825 1895 1936 Aliiqui.

336 1915 460 1954 dam
496 1919 658 1954 Ann...
678 1940 856 1954 am“..-
891 1935 1049 1954 --μέμ
1084 1938 1119 1954 ,ο
1247 1941 1303 1954 ..ο

2352 1825 2384 1828 --
2424 1825 2474 1830 --
2504 1825 2657 1847 ---,-,
2729 1825 2956 1849 ..η-νυν,
2990 1825 3114 1841 -..ην
3155 1825 3228 1843 ,νε
3288 1825 3347 1844 -ις
3374 1825 3506 1851 mw
3587 1828 3606 1840 -

1993 1825 2212 1932 ἶσιξωνΤι
2267 1825 2372 1922 κάλ..
2407 1870 2476 1924 τὰ
2519 1825 2705 1928 λοιπάς
2772 1825 3148 1945 Τελειότητοςγ
3174 1825 3258 1934 δὲ..
3288 1825 3606 1954 σημεῖονῗαδ

1550 1915 1561 1923 ,
1682 1915 1768 1918 η--
1792 1915 1884 1936 γ-

335 1915 461 1971 dem
495 1919 658 1978 datur
677 1940 859 1985 sermo
889 1935 1189 2005 sapientiae,
1213 1941 1306 1999 alii
1331 1954 1515 2001 autem
1535 1964 1719 2009 sermo
1737 1957 1920 2015 scien-

337 2004 445 2071 tiaa,
476 2018 534 2063 ct
558 2010 822 2072 discretio
859 2021 1152 2090 spirituum
1176 2004 1253 2097 θη,
1283 2051 1302 2084 ι
1361 2042 1419 2089 et
1450 2039 1683 2110 reliqua.
1729 2045 1918 2103 Perfe-

330 2095 531 2153 ctionis
583 2110 766 2160 autem
824 2109 1038 2180 signum
1099 2125 1184 2173 est
1211 2135 1478 2182 numerus
1525 2137 1909 2206 septenarius;

327 2188 762 2254 perfectissimus
811 2216 943 2258 vero
993 2215 1080 2262 est
1117 2221 1312 2283 suapte
1369 2226 1566 2276 natura
1585 2188 1914 2285 Emmanuel

325 2283 586 2349 tanquam
633 2286 798 2355 Deus,
839 2302 897 2349 et
927 2297 1323 2359 charismatum
1352 2308 1423 2363 ab
1461 2311 1582 2381 ipso
1618 2313 1911 2375 ﬂuentium

326 2364 646 2428 distributio
668 2377 911 2445 perfecte
926 2383 996 2441 iis
1015 2393 1299 2460 proposita
1314 2406 1398 2451 est
1412 2364 1508 2467 qui
1525 2414 1808 2461 merentur
1821 2424 1914 2464 ac-

312 2653 506 2699 omnes
546 2651 862 2733 accepimus
913 2657 974 2713 ¹⁸.
1034 2679 1054 2712 ι
1108 2663 1317 2723 Deinde
1347 2671 1469 2726 ait:
1509 2693 1529 2726 ι
1560 2676 1630 2730 Et
1655 2678 1904 2750 impones

809 2729 816 2733 ν
1656 2729 1901 2750 ,ητηνυ

308 2729 585 2804 lucernas,
608 2749 664 2794 et
687 2741 952 2804 lucebunt
970 2766 1041 2805 ex
1067 2768 1178 2810 una
1199 2756 1338 2815 facie
1366 2761 1427 2817 ’⁸.
1460 2783 1479 2815 ι
1509 2765 1696 2832 Qualis
1718 2781 1901 2829 autem

306 2821 382 2877 sit
402 2823 519 2881 haec
543 2829 767 2899 positio,
809 2835 868 2889 in
899 2838 1156 2900 Numeris
1193 2847 1414 2916 planius
1454 2858 1770 2928 explicavit,
1819 2866 1899 2922 sic

303 2909 496 2971 dicens
530 2935 543 2972 :
580 2938 599 2969 ι
638 2920 706 2977 Ει
745 2924 965 2985 locutus
1005 2940 1089 2988 est
1137 2909 1402 2999 Dominus
1427 2945 1494 3001 ad
1523 2909 1773 3022 (Moysen:
1807 2958 1894 3013 di-

2023 1958 2163 2011 ἑπτά
2198 1958 2361 2012 πάλιν
2391 1960 2541 2013 ἐστὶν
2571 1961 2825 2032 ἀριθμός.
2882 1966 3201 2035 Παντέλειος
3232 1972 3289 2026 δὲ
3332 1976 3425 2028 καὶ
3460 1980 3601 2032 κατά

2021 2049 2183 2119 φύσιν
2221 2050 2359 2104 ίδίαν
2392 2054 2419 2104 δ
2458 2051 2828 2125 Ἐμμανουήλ,
2864 2056 2941 2120 ὡς
2979 2058 3131 2124 Θεὸς,
3181 2065 3274 2117 καὶ
3315 2064 3423 2119 τῶν
3465 2074 3599 2140 παρ’

2017 2139 2183 2192 αὑτοῦ
2211 2141 2570 2212 χαρισμάτων
2598 2145 2655 2196 ἐν
2688 2144 2941 2217 διανομῇ,
2964 2148 3183 2214 τελείως
3208 2152 3455 2221 ἔγκειται
3484 2161 3596 2221 τοῖς

2015 2232 2155 2285 ἑλεῖν
2178 2231 2368 2297 ἀξίοις.
2395 2234 2471 2286 Οὐ
2492 2234 2602 2305 γὰρ
2628 2253 2648 2286 ι
2684 2236 2780 2290 Ἐκ
2807 2237 3008 2310 μέτρου
3025 2241 3206 2295 δίδωσι
3225 2244 3284 2297 τὸ
3311 2246 3545 2317 πνεῦμα,
3570 2268 3589 2302 ι

2013 2323 2155 2380 κατὰ
2185 2325 2284 2394 τὴν
2324 2322 2420 2377 τοῦ
2465 2325 2713 2380 Ἰωάννου
2748 2327 2953 2399 φωνὴν,
3002 2331 3118 2384 ἀλλ’
3153 2352 3173 2385 ι
3209 2335 3273 2387 ἐκ
3324 2336 3421 2389 τοῦ
3453 2338 3593 2411 πλην

2014 2412 2266 2485 ρώματος
2298 2416 2458 2485 ἡμεῖς
2486 2416 2690 2481 πάντες
2720 2418 3003 2487 ἐλάϐομεν.
3037 2440 3056 2474 ι
3076 2418 3207 2478 Εἶτά
3239 2442 3373 2497 φησι
3397 2444 3411 2458 ·
3439 2445 3456 2478 ι
3481 2430 3592 2483 Kal

2008 2504 2292 2576 ἐπιθήσεις
2333 2506 2462 2568 τοὺς
2502 2506 2749 2576 λύχνους,
2803 2510 2897 2561 καὶ
2929 2510 3191 2577 φανοῦσιν
3219 2513 3282 2567 ἐκ
3325 2515 3419 2569 τοῦ
3469 2517 3589 2583 ἐνὸς

2007 2595 2323 2664 προσώπου.
2380 2615 2399 2648 ι
2448 2596 2611 2649 Ἀλλὰ
2641 2596 2725 2659 τίς
2758 2596 2824 2651 ἂν
2862 2597 3075 2667 γένοιτο
3122 2603 3282 2673 τυχὸν
3327 2606 3360 2674 ἡ
3408 2607 3585 2661 τοιάδε

2006 2689 2173 2754 θέσις,
2202 2690 2259 2742 ἐν
2291 2691 2404 2752 τοῖς
2442 2688 2722 2760 Ἀριθμοῖς
2756 2690 2940 2762 ἐδήλου
2971 2692 3177 2761 σαφῶς,
3207 2694 3348 2749 οὕτω
3372 2697 3577 2767 λέγων·

2008 2797 2027 2831 ι
2074 2779 2186 2832 Καὶ
2216 2778 2447 2849 ἐλάλησε
2479 2777 2686 2852 Κύριος
2706 2779 2844 2852 πρὸς
2870 2783 3078 2853 Μωσῆν
3104 2783 3277 2854 λέγων
3298 2803 3313 2818 ·
3333 2789 3581 2860 Λάλησον

2013 2870 2244 2943 Ἀαρὼν,
2279 2872 2374 2925 καὶ
2400 2871 2545 2941 ἐρεῖς
2596 2871 2731 2944 πρὸς
2762 2873 2948 2927 αὐτόν·
2999 2873 3172 2928 Ὅταν
3222 2878 3417 2949 ἐπιθῇς
3454 2882 3579 2944 τοὺς

1998 2961 2223 3033 λύχνους
2256 2963 2318 3014 ἐκ
2345 2960 2544 3032 μέρους
2569 2961 2711 3016 κατὰ
2744 2962 3035 3034 πρόσωπον
3060 2965 3160 3035 τῆς
3187 2966 3430 3038 λυχνίας,
3460 2989 3575 3041 φω-

1995 3056 2204 3109 τιοῦσιν
2226 3056 2274 3107 οἱ
2306 3054 2448 3108 ἑπτὰ
2476 3053 2687 3123 λύχνοι·
2722 3055 2819 3107 καὶ
2857 3056 3112 3126 ἐποίησεν
3149 3057 3320 3124 οὕτως
3365 3062 3575 3134 ’Λαρὼν

297 3093 480 3150 sueris
501 3096 777 3172 lucernas,
814 3123 883 3163 ex
907 3121 1063 3181 parte
1104 3121 1409 3178 secundum
1443 3126 1641 3186 faciem
1676 3093 1880 3196 cande-

297 3176 434 3223 lnhri
467 3183 727 3223 lnnnhnnt
760 3204 969 3223 ,ιι-ιη...
1008 3202 1121 3223 ι---μ
1363 3219 1372 3223 -
1429 3214 1449 3223 -
1515 3217 1526 3223 -
1614 3220 1623 3223 Α

2005 3093 2201 3109 uuvun
2227 3093 2274 3107 ν.
2306 3093 2448 3108 ...ν-υ.
2477 3093 2660 3123 "VL".-
2724 3093 2819 3107 ην..-
2857 3093 3110 3126 curat-pas»
3149 3093 3317 3124 vuum.
3379 3093 3574 3134 nung

1993 3158 2050 3209 ὲκ
2080 3149 2175 3202 τοῦ
2199 3149 2315 3211 ἐνὸς
2350 3147 2548 3218 μέρους
2579 3146 2721 3200 κατὰ
2750 3146 3039 3219 πρόσωπον
3060 3151 3159 3220 τῆς
3191 3150 3435 3223 λυχνίας,
3478 3156 3574 3210 καὶ

294 3176 436 3235 labri
465 3183 729 3246 lucebunt
758 3176 972 3266 septe—m
1005 3202 1247 3262 lucernae
1276 3227 1290 3263 :
1323 3219 1379 3265 et
1423 3214 1554 3272 fecit
1582 3220 1660 3275 sic
1697 3224 1882 3286 Aaron

292 3283 362 3324 ex
384 3288 492 3329 una
509 3289 665 3347 parte
694 3289 998 3346 secundum
1020 3292 1216 3353 faciem
1242 3304 1580 3376 candelabri,
1606 3321 1663 3367 et
1688 3332 1883 3376 accen-

289 3358 374 3416 dit
396 3364 648 3427 lucernas
676 3375 867 3445 ipsius,
894 3390 955 3435 ut
977 3388 1264 3447 constituit
1292 3393 1552 3455 Dominus
1565 3358 1745 3477 ⁷Μογιιὶ
1775 3411 1871 3466 ⁸ο.»

289 3450 466 3477 1...-112
482 3474 492 3477 -
518 3476 526 3477 κ
967 3473 1019 3477 ἠ

288 3450 536 3529 lntellige
555 3477 687 3535 ergo
715 3476 927 3538 septem
963 3473 1089 3533 illas
1135 3480 1391 3541 lucernas
1433 3491 1501 3545 ad
1526 3450 1722 3553 {aciein
1748 3518 1878 3557 can-

286 3543 499 3603 delabri
549 3568 757 3624 versas,
815 3561 1003 3620 lumen
1062 3568 1119 3623 in
1167 3575 1494 3644 aspicientes
1546 3584 1873 3662 immittere;

1229 3640 1246 3644 _
1626 3640 1798 3647 η--ην-
1812 3640 1837 3648 ν
1857 3640 1872 3662 ι

287 3650 400 3691 non
423 3640 572 3696 enim
615 3648 762 3715 quia
796 3657 952 3724 tergo
984 3669 1132 3726 sunt,
1174 3679 1238 3719 ac
1266 3670 1671 3737 quodammodo
1697 3697 1728 3737 a
1760 3684 1872 3740 Deo

283 3730 484 3795 aversi,
511 3747 608 3790 eos
643 3737 889 3797 divinum
924 3744 1058 3803 illud
1082 3766 1146 3807 ac
1169 3730 1453 3824 spirituale
1506 3764 1694 3824 lumen
1746 3772 1873 3828 illu-

283 3824 451 3887 strat;
478 3823 575 3878 sed
605 3841 701 3882 eos
738 3831 833 3900 qui
862 3834 919 3889 in
946 3835 1097 3896 illius
1129 3823 1483 3918 conspectum
1507 3872 1607 3926 per
1629 3865 1869 3920 sanctiﬁ-

280 3908 554 3967 cationem
579 3918 833 3986 perducti
857 3935 1007 3997 sunt,
1044 3946 1107 3987 ac
1121 3935 1235 4005 jam
1259 3908 1360 4009 per
1381 3908 1862 4026 ﬁdeirlibertatem,

280 4007 328 4026 nl
400 4000 432 4026 ι.
445 4017 506 4026 Α-
521 4020 539 4026 Α
553 4016 594 4026 -Α
608 4024 619 4026 -
637 4016 649 4026 ·
1045 4022 1055 4026 “

276 4007 334 4051 et
399 4000 744 4067 honestatem
791 4026 944 4074 recte
1002 4000 1228 4082 vivendi
1259 4000 1599 4100 lpraeclaram
1643 4059 1738 4100 ora
1784 4000 1864 4105 illi

1280 4085 1300 4100 ι
1352 4085 1599 4094 "Mm...
1645 4085 1738 4100 ν...
1784 4085 1857 4105 ...ι

275 4085 631 4152 obverterunt
650 4116 663 4151 :
680 4104 897 4159 utenim
913 4108 1263 4172 abominandi
1280 4132 1428 4191 sunt,
1444 4133 1498 4180 et
1511 4137 1830 4192 exsecrandi
1843 4181 1857 4205 ,

1414 4180 1427 4191 ι
1522 4180 1857 4205 νή--ν--υιηι

272 4180 367 4249 qui
396 4181 452 4237 in
486 4191 731 4259 nequitia
789 4204 847 4250 et
876 4202 1183 4267 pervicacia
1214 4223 1525 4284 versantur,
1551 4220 1626 4276 ita
1667 4241 1860 4285 rursus

270 4270 446 4339 chari,
493 4287 550 4332 et
604 4282 660 4335 in
700 4284 799 4339 Dei
849 4303 1142 4363 conspectu
1185 4302 1352 4370 positi
1413 4308 1861 4384 obtemperantes

267 4372 432 4434 atque
451 4374 785 4432 tractabiles.
799 4379 1175 4454 3001udaeis
1187 4394 1356 4460 enim,
1374 4400 1468 4469 qui
1490 4372 1857 4479 intemperati:

267 4457 353 4509 ter
370 4455 522 4513 illum
538 4461 737 4534 injuria
759 4469 964 4530 violare
980 4480 1417 4554 constituissent,
1434 4507 1532 4561 per
1550 4455 1701 4554 Isaia;
1724 4517 1860 4570 quo-
1893 4513 1933 4566 ι)

264 4559 373 4613 que
396 4562 587 4607 vocem
617 4554 755 4614 dicit
782 4576 796 4613 :
831 4580 850 4613 ι
884 4563 1021 4620 Cum
1043 4573 1405 4633 extenderitis
1427 4598 1624 4641 manus
1655 4590 1724 4643 ad
1744 4608 1852 4659 me,

1990 3245 2157 3318 ἐξῆψε
2186 3243 2313 3306 τοὺς
2340 3240 2565 3311 λύχνους
2584 3239 2775 3347 armis,
2799 3240 3229 3347 xaedt‘auvé'rage
3262 3243 3572 3347 Κύριος.τῷ

1987 3339 2183 3408 Monii.
2227 3354 2246 3387 ι
2283 3333 2450 3395 Σύνες
2480 3331 2544 3402 δὴ
2577 3325 2690 3394 οὖν,
2719 3331 2801 3384 ὅτι
2833 3331 2982 3438 κατὰ
3017 3333 3310 3438 πρόσωπον
3473 3336 3567 3438 λὶ)-

1986 3431 2161 3500 χγίας,
2196 3428 2246 3479 οἱ
2278 3424 2419 3478 ἐπτὰ
2443 3423 2808 3494 τετραμμένοι
2833 3420 3040 3493 λύχνοι,
3062 3423 3123 3477 τὸ
3148 3423 3265 3494 φῶς
3292 3426 3563 3497 τοίςρρῶ-

1987 3536 2071 3572 σιν
2116 3517 2347 3571 ἐνίεσαν.
2383 3515 2458 3568 UO
2500 3513 2609 3584 γὰρ
2641 3515 2752 3576 τοῖς
2780 3513 3009 3567 κατόπιν
3028 3514 3127 3592 ,καὶ
3167 3516 3329 3568 οἱονεί
3358 3534 3473 3580 πως
3504 3519 3563 3571 ἐν

1981 3609 2298 3679 ἀποστροφῇ
2335 3605 2609 3675 κειμένοις
2647 3606 2713 3675 τῇ
2751 3603 2903 3675 παρὰ
2940 3604 3078 3675 Θεῷ,
3107 3605 3168 3659 τὸ
3197 3606 3338 3660 θεῖόν
3364 3624 3424 3661 τε
3463 3610 3559 3662 καὶ

1980 3699 2170 3772 νοητὸν
2208 3697 2508 3767 ἐπιλάμπει
2547 3695 2684 3765 φῶς,
2717 3694 2855 3748 ἀλλὰ
2880 3698 2994 3760 τοῖς
3027 3698 3107 3762 είς
3144 3697 3266 3767 ὄψιν
3297 3699 3556 3768 ἠγμένοις

1977 3789 2045 3843 δι’
2091 3786 2388 3857 άγιασμοῢ,
2429 3786 2525 3840 καὶ
2563 3784 3001 3889 ἀντιπροσώποις
3032 3787 3132 3891 ήδη
3178 3790 3429 3891 γεγοπέόσι
3466 3791 3556 3891 διὰ

1975 3880 2075 3950 τῆς
2102 3879 2160 3932 ἐν
2210 3879 2393 3931 πίστει
2432 3876 2768 3949 παρρησίας,
2800 3876 2894 3929 καὶ
2939 3878 3038 3947 τῆς
3085 3877 3142 3931 ἐν
3183 3895 3247 3946 γε
3285 3879 3363 3950 τῷ
3402 3880 3551 3950 βιοῦν

1972 3969 2149 4041 ὀρθῶς
2179 3969 2462 4039 παγκάλου
2504 3968 2855 4040 σεμνότητος.
2895 3969 3159 4040 Βδελυρδν
3196 3970 3294 4040 μὲν
3317 3971 3425 4042 γὰρ
3455 3972 3550 4025 καὶ

1931 4059 2359 4131 ’ἀπηχθημένον
2402 4060 2512 4113 πᾶν
2560 4061 2684 4113 ὅσον
2740 4059 2888 4113 ἐστὶν
2930 4062 2987 4113 ἐν
3017 4060 3317 4133 φαυλότητί
3344 4078 3406 4114 τε
3453 4063 3547 4116 καὶ

1969 4152 2214 4223 ἀπειθίᾳ.
2257 4153 2450 4223 Τίμιον
2477 4153 2536 4206 δὲ
2564 4152 2659 4206 καὶ
2690 4152 2748 4205 ὲν
2769 4153 3054 4222 ἐπισκέψει
3078 4151 3236 4216 Θεοῦ,
3267 4152 3328 4207 τὸ
3360 4154 3543 4206 εὐπει-

1967 4243 2058 4309 θὲς
2078 4245 2171 4300 καὶ
2192 4245 2427 4316 εὐήνιον.
2468 4243 2746 4308 Ἰουδαίοις
2783 4243 2883 4314 μὲν
2911 4242 3020 4315 γὰρ
3052 4244 3405 4315 ἐμπαροινεῖν
3432 4245 3540 4298 ἔλον

1968 4335 2150 4405 μένοις
2176 4334 2496 4398 ἁκαθέκτως
2524 4333 2694 4405 αὐτῷ,
2733 4335 2827 4387 καὶ
2851 4334 2937 4388 διά
2967 4335 3150 4405 φωνῆς
3189 4334 3407 4387 Ἡσαΐου
3438 4352 3539 4406 φη-

1967 4426 2071 4480 σίν·
2111 4444 2131 4478 ι
2174 4428 2349 4481 ’Ὅταν
2381 4427 2483 4491 τὰς
2515 4430 2703 4498 χεῖρας
2748 4426 3025 4496 ἐκτείνητε
3072 4425 3208 4497 πρὸς
3262 4426 3350 4496 μὲ,
3400 4426 3538 4483 ἀπο-

1968 4515 2187 4587 στρέψω
2202 4520 2329 4582 τοὺς
2346 4518 2657 4589 ὀφθαλμούς
2682 4534 2783 4589 μου
2805 4518 2898 4587 ἀφ’
2919 4517 3092 4589 ὑμῶν.
3124 4537 3143 4570 ι
3175 4536 3193 4569 ι
3239 4518 3538 4588 Ὀφθαλμοὶ

1953 4604 2010 4658 δὲ
2062 4608 2265 4678 Κυρίου
2315 4610 2407 4662 ἐπὶ
2468 4608 2733 4672 δικαίους,
2793 4625 2812 4659 ι
2880 4606 3023 4663 κατὰ
3075 4606 3135 4665 τὸ
3181 4606 3238 4665 ὲν
3285 4606 3535 4680 Ψαλμοῖς

260 4646 506 4694 avertam
533 4646 723 4703 oculos
743 4666 896 4710 meos
923 4672 955 4711 a
979 4658 1138 4716 vobis
1158 4662 1201 4694 ’ί
1229 4680 1242 4717 :
1276 4685 1295 4716 ι
1327 4698 1399 4707 -
1435 4688 1453 4721 ι
1485 4671 1640 4729 Oculi
1670 4688 1853 4738 autem

260 4724 476 4770 “nmini
515 4748 684 4770 mmo:-
710 4740 883 4770 ἕπου...
917 4748 962 4770 ιι
1022 4767 1034 4770 -
1072 4760 1129 4770 --ι
1174 4753 1217 4770 ,o,
1262 4755 1302 4770 ῃ
1368 4757 1382 4770 ι
1448 4760 1459 4770 .
1623 4766 1633 4770 -

1993 4646 2010 4658 .
2062 4646 2265 4678 ..-νην

1993 4698 2121 4767 μνού
2130 4716 2306 4770 μενον.

258 4724 478 4784 Domini
515 4748 684 4805 super
703 4740 885 4811 justos
917 4748 985 4813 “,
1022 4767 1040 4802 ι
1072 4760 1134 4806 ut
1173 4753 1229 4807 in
1261 4755 1492 4817 Psalmis
1515 4766 1751 4823 canitur.

327 4817 527 4876 PALL.
556 4826 760 4886 Verum
789 4843 893 4891 est.

247 5195 357 5249 me,
396 5185 540 5243 sicut
567 5195 841 5252 excitatur
883 5200 1050 5256 homo
1072 5219 1103 5259 a
1129 5220 1322 5266 somno
1347 5229 1467 5284 suo,
1507 5230 1564 5276 et
1600 5226 1737 5284 dixit
1763 5235 1832 5289 ad

246 5287 335 5329 me
363 5293 377 5329 :
406 5276 548 5345 Quid
574 5291 631 5339 tu
653 5286 844 5344 vides?
874 5291 943 5345 Et
971 5292 1083 5350 dixi
1107 5315 1119 5351 :
1146 5300 1291 5369 Vidi,
1317 5315 1373 5362 et
1394 5276 1523 5367 ecce
1562 5321 1825 5379 candela-

245 5363 411 5423 brum
433 5386 686 5443 aureum,
719 5380 1003 5453 etlampas
1032 5402 1198 5460 super
1223 5395 1381 5465 illud,
1413 5412 1469 5458 et
1507 5420 1717 5479 septem
1741 5416 1828 5470 lu-

2211 4912 2225 4926 .
2272 4872 2514 4926 ’ἀληθέα

2211 4912 2225 4926 .
2272 4872 2462 4926 ’Λλτθέ
2499 4912 2514 4926 .

2014 4870 2322 5035 gigni;
2353 4891 2516 5034 a‘yi;
2528 4966 2759 5040 ταυτησὶ
2786 4968 3008 5041 λυχνίας
3031 4972 3303 5046 μέμνηται
3333 4979 3524 5048 σαφῶς

1819 5080 1844 5090 -
1939 5052 2087 5106 καὶὸ
2113 5053 2395 5119 θεσπέσιος
2423 5059 2729 5130 Ζαχαρίας·
2775 5059 2877 5132 ἔφη
2904 5062 3032 5134 γὰρ,
3073 5064 3154 5119 ὅτι
3210 5086 3229 5120 ι
3268 5070 3383 5123 Καὶ
3416 5074 3519 5125 ἐπ·-

1935 5142 2200 5213 έστρεψεν
2216 5145 2245 5197 ό
2271 5146 2501 5215 ἄγγελος
2525 5151 2554 5203 ὁ
2581 5149 2758 5204 λαλῶν
2780 5151 2837 5204 ἐν
2862 5153 3006 5223 ἐμοὶ,
3036 5156 3130 5209 καὶ
3155 5157 3404 5230 ἐξήγειρέ
3423 5179 3517 5233 με,

1930 5231 1990 5284 ὃν
2020 5233 2224 5306 τρόπον
2264 5235 2534 5310 ἐξηγέρθη
2565 5239 2851 5311 ἄνθρωπος
2894 5245 2957 5297 ἐκ
2995 5245 3091 5298 τοῦ
3125 5244 3293 5302 ὕπνου
3321 5231 3512 5318 αὐτοῦ,

1928 5325 2022 5377 καὶ
2050 5320 2171 5378 εἷπε
2201 5327 2334 5398 πρὸς
2355 5330 2444 5400 μὲ,
2476 5331 2541 5383 Τί
2559 5331 2622 5385 σὺ
2645 5330 2899 5402 βλέπεις;
2929 5335 3038 5395 Καὶ
3054 5329 3204 5400 εἶπα,
3233 5338 3508 5410 Ἑώρακα,

1929 5418 2024 5471 καὶ
2058 5418 2167 5472 ἰδοὺ
2196 5419 2385 5492 λυχνία
2413 5424 2590 5496 χρυσῆ
2618 5424 2735 5497 ὅλη,
2768 5426 2863 5480 καὶ
2887 5426 2949 5479 τὸ
2984 5427 3285 5498 λαμπάδιον
3315 5435 3507 5505 αὐτῆς,

242 5472 425 5519 cerua:
455 5481 622 5538 super
646 5470 803 5537 illud,
836 5482 894 5529 et
914 5477 1035 5551 dua:
1062 5483 1198 5541 oleae
1218 5504 1386 5560 super
1409 5495 1588 5565 ipsum
1614 5543 1628 5567 ,
1663 5521 1771 5560 una
1794 5524 1825 5563 ει

243 5544 448 5588 down-ie
482 5553 748 5588 ιιιηπυυιςο
778 5562 893 5588 ηε..-
943 5576 990 5588 -.
1016 5586 1043 5588 η
1102 5587 1107 5588 ,
1245 5578 1255 5588 .
1304 5579 1315 5588 .
1409 5584 1419 5588 _
1503 5587 1509 5588 ,

2014 5470 2019 5471 ,
2197 5470 2385 5492 MN-“
2493 5470 2572 5476 η-
2620 5470 2695 5478 --η
2720 5470 2735 5489 ,
2770 5470 2863 5480 ην.
2898 5470 2948 5479 --
2985 5470 3284 5498 ..-ι-...μην
3315 5470 3505 5505 ...μνη

1993 5508 2020 5561 .l
2047 5511 2190 5566 ἑπτὰ
2212 5512 2397 5585 λύχνοι
2414 5470 2615 5572 ’ἐπάνω
2640 5470 2833 5588 αύτῆς,
2868 5520 2961 5580 καὶ
2988 5518 3081 5573 δύο
3110 5521 3286 5583 ἐλαῖαι
3320 5525 3505 5580 ἐπάνω

243 5544 451 5608 dextris
480 5553 751 5624 lampadis
776 5562 915 5632 ejus,
937 5544 992 5622 et
1015 5586 1121 5627 una
1151 5590 1183 5629 a
1214 5544 1468 5639 sinristrisr.
1500 5587 1569 5642 Et
1612 5544 1817 5664 rogavi,

1919 5602 2110 5675 αὐτῆς·
2157 5606 2256 5677 μία
2283 5608 2349 5661 ἐκ
2374 5608 2563 5678 δεξιῶν
2587 5611 2682 5665 τοῦ
2709 5611 3016 5684 λαμπαδίου
3040 5613 3230 5685 αὐτῆς,
3268 5618 3360 5670 καὶ
3402 5620 3500 5688 μία
