4118 6428
486 361 587 420 ('09

1230 348 1323 417 DE
1364 357 1813 416 ADOBATIONE
1857 359 1922 415 IN
1965 359 2241 416 SPlRlTU
2287 360 2374 415 ΕΤ
2415 361 2785 417 VERITATE.
2830 362 2957 417 LIB.
2998 362 3089 418 IX.

3670 368 3777 424 610

480 471 545 540 ἐξ
573 471 893 544 εὐωνύμων.
936 473 1046 528 Kal
1093 473 1452 546 ὲπηρώτησα,
1500 475 1595 527 xal.
1632 468 1763 527 εἶπα
1806 474 1943 545 πρὸς
1986 474 2076 526 τὸν

2179 484 2237 528 et
2281 474 2393 528 dixi
2428 476 2496 530 ad
2523 477 2776 548 angelum
2808 476 2901 546 qui
2933 476 3265 546 loquebatur
3303 477 3357 531 in
3402 491 3512 543 me,
3543 477 3773 533 dicens:

483 565 716 636 ἄγγελον
742 565 834 618 τὸν
861 566 1126 618 λαλοῦντα
1159 568 1217 619 ὲν
1246 567 1392 638 ἐμοὶ,
1434 566 1630 635 λέγων,
1658 566 1851 638 Κύριε,
1875 567 1927 618 τί
1954 567 2072 618 ἐστι
2098 618 2105 641 1

483 658 695 723 ταῦτα;
734 659 830 712 καὶ¹
862 654 984 712 εἷπε
1020 662 1159 730 πρὸς
1196 659 1285 730 μὲ,
1324 659 1521 727 λέγων,
1555 658 1630 711 Οὐ
1679 658 1971 727 γινώσκεις
2019 657 2073 710 τί

488 752 610 804 ἐστι
639 748 855 815 ταῦτα;
902 750 1012 803 Kal
1057 747 1206 814 εἶπα,
1240 750 1395 821 Οὐχὶ,
1432 750 1626 822 Κύριε.
1670 769 1689 801 ι
1735 750 1794 803 '0
1828 751 1924 821 μὲν
1979 744 2073 803 οὖν

485 841 755 914 μακάριος
802 843 1093 915 προφήτης
1155 843 1541 897 διεπυνθάνετο
1578 844 1774 913 λέγων,
1831 842 1896 896 Τί
1950 843 2070 895 ἐστι

481 931 675 995 ταῦτα,
702 931 908 1003 Κύριε;
937 933 1125 1005 Βραχὺ
1155 935 1212 989 δὲ
1238 936 1485 1007 διήγημα
1510 936 1800 1008 παρενθεὶς
1826 938 1854 989 6
1877 934 2075 989 θεσπέ-

486 1039 600 1088 σιος
645 1024 876 1094 ἄγγελος
924 1025 1272 1098 διερμηνεῦει
1314 1026 1413 1099 τὴν
1445 1029 1659 1098 ὅρασιν.
1714 1028 1807 1079 καὶ
1848 1027 1945 1098 τὴν
1970 1027 2073 1097 τῆς

481 1116 705 1187 λυχνίας
735 1118 1082 1190 κατασκευὴν
1101 1121 1181 1183 είς
1207 1120 1444 1191 Χριστὸν
1464 1120 1729 1189 ἀναφέρει
1754 1119 1929 1188 λέγων
1945 1119 2073 1188 περὶ

481 1208 592 1263 τῶν
618 1211 678 1261 ὲν
711 1211 851 1281 αὐτῇ
879 1209 1091 1280 λύχνων
1123 1213 1289 1278 ἑπτὰ,
1334 1229 1354 1263 ι
1398 1207 1559 1267 Οὗτοι
1582 1212 1631 1265 οί
1662 1210 1931 1282 ὀφθαλμοὶ
1956 1211 2071 1262 Κυ-

484 1300 623 1371 ρίου,
644 1300 1034 1367 ἐπιϐλέποντες
1056 1304 1146 1357 ἐπὶ
1163 1304 1344 1357 πᾶσαν
1361 1304 1460 1373 τὴν
1481 1305 1603 1375 γῆν.
1634 1321 1654 1353 ι
1678 1303 1740 1355 Et
1761 1301 1871 1372 γάρ
1900 1301 2003 1371 χρή
2019 1317 2070 1352 τι

484 1393 706 1448 καὶτῶν
723 1395 1048 1466 παχυτέρων
1070 1397 1264 1459 είπεῖν,
1298 1395 1516 1466 μυρίοις
1540 1395 1685 1457 ὅσοις
1702 1394 1849 1464 ἡμᾶς
1872 1390 2072 1461 ὀφθαλ-

486 1489 608 1556 μοῖς
635 1486 697 1540 τὸ
730 1487 873 1541 θεῖον
902 1489 1004 1559 ὁρᾷ
1033 1487 1128 1541 καὶ
1152 1488 1595 1542 κατασκέπτεται
1623 1486 1692 1540 τὰ
1728 1484 2068 1557 ἀνθρώπινα.

410 1571 417 1576 ’
480 1578 767 1647 γινώσκων
795 1579 863 1633 τὰ
897 1582 957 1632 ὲν
998 1579 1077 1649 τῷ
1113 1580 1316 1644 σκότει,
1361 1581 1505 1634 κατὰ
1552 1580 1613 1633 τὸ
1660 1578 2067 1650 γεγραμμένον,

489 1687 507 1719 ι
547 1668 657 1721 Kal
674 1668 735 1721 τὸ
754 1668 869 1737 φῶς
897 1671 1012 1739 μετ’
1039 1669 1206 1723 αὑτοῦ
1234 1671 1403 1724 ἐστιν.
1432 1689 1450 1721 ι
1479 1670 1541 1725 Et
1559 1669 1668 1743 γὰρ
1691 1670 1784 1723 καὶ
1806 1671 1942 1740 ἡμῖν
1958 1670 2071 1733 τοῖς

2180 566 2429 631 Domine,
2454 568 2585 637 quid
2613 578 2743 623 sunt
2767 570 2914 625 hac?
2935 571 3004 624 Et
3034 570 3174 624 dixit
3202 569 3269 623 ad
3295 585 3383 624 me
3416 587 3429 624 :
3455 570 3577 626 Non
3630 574 3775 627 nosti

2177 657 2310 727 quid
2350 658 2461 713 sint
2490 659 2647 714 haze?
2676 661 2744 715 Et
2795 661 2931 725 dixi,
2977 662 3122 726 Non,
3158 662 3393 717 Domine
3434 663 3500 715 ⁸³.
3545 682 3564 715 ι
3596 661 3778 733 Atque

2178 751 2270 805 ille
2312 752 2537 822 quidem
2593 752 2790 809 beatus
2821 755 3095 826 propheta
3160 763 3523 826 percontatus
3554 765 3659 820 est,
3693 756 3777 810 di-

2177 858 2331 909 cens,
2360 842 2505 910 Quid
2533 851 2662 899 sunt
2690 846 2849 901 haec?
2875 846 2983 903 Sed
3004 848 3095 903 ille
3113 847 3310 903 beatus
3337 847 3587 920 angelus,
3618 847 3773 904 brevi

2175 936 2497 991 narratione
2537 936 2903 1007 interposita,
2951 940 3222 996 visionem
3255 940 3678 1011 interpretatur,
3717 948 3775 997 et

2176 1027 2493 1082 candelabri
2528 1030 2998 1085 constructionem
3025 1031 3093 1086 ad
3129 1030 3415 1087 Christum
3447 1031 3651 1097 refert,
3684 1031 3773 1087 di-

2176 1133 2308 1171 cens
2329 1118 2397 1172 de
2440 1126 2652 1189 septem
2676 1119 2921 1176 lucernis
2940 1137 3061 1191 qua:
3092 1121 3149 1176 in
3178 1138 3245 1177 eo
3275 1131 3406 1178 sunt
3444 1141 3456 1177 :
3491 1143 3509 1174 ι
3546 1124 3610 1178 lli
3643 1132 3775 1179 sunt

2174 1210 2320 1263 oculi
2351 1210 2569 1265 Domini
2608 1213 2941 1282 aspicientes
2975 1214 3031 1269 in
3081 1230 3300 1271 omnem
3329 1224 3533 1271 terram
3555 1216 3620 1271 ".
3656 1237 3673 1268 ι
3702 1218 3773 1273 Ut

2171 1303 2322 1355 enim
2356 1302 2609 1357 nonnihil
2654 1304 2877 1359 rudiore
2930 1321 3097 1361 sensu
3138 1306 3386 1363 dicamus
3410 1349 3424 1374 ,
3462 1307 3773 1364 innumeris

2172 1409 2275 1448 nos
2298 1395 2475 1449 oculis
2508 1395 2655 1451 Deus
2683 1396 2908 1466 aspicit,
2933 1408 2989 1453 et
3012 1414 3101 1454 res
3135 1399 3407 1455 humanas
3431 1401 3769 1467 considerat,

2172 1493 2229 1538 et
2265 1487 2546 1556 cognoscit
2569 1503 2691 1557 quae
2718 1488 3037 1545 intenebris
3075 1499 3224 1552 sunt,
3260 1500 3322 1545 ut
3345 1492 3615 1563 scriptum
3640 1500 3766 1547 est:

2180 1594 2199 1625 ι
2242 1576 2311 1630 Ει
2341 1576 2435 1630 lux
2470 1578 2749 1648 cum'ipso
2777 1586 2864 1634 est
2891 1579 2957 1633 ".
2994 1601 3013 1632 ι
3048 1581 3219 1646 Nam,
3252 1582 3297 1637 si
3328 1582 3489 1638 nobis
3527 1598 3769 1653 quoque,

2172 1667 2267 1737 qui
2292 1667 2347 1722 in
2374 1667 2481 1723 hoc
2507 1670 2714 1726 mundo
2736 1686 2950 1738 sumus,
2974 1673 3165 1728 lumen
3195 1674 3421 1729 immitit
3443 1675 3610 1739 Deus,
3643 1691 3775 1746 pro-

481 1760 542 1812 ὲν
581 1760 772 1829 κόσμῳ
816 1760 877 1812 τὸ
908 1760 1025 1829 φῶς
1059 1761 1236 1832 ἐνίησι
1274 1761 1427 1826 Θεὸς,
1464 1761 1966 1832 καταπλουτήσειεν
2001 1760 2068 1814 ἂν

2177 1759 2267 1812 cul
2318 1759 2489 1815 dubio
2517 1760 2713 1817 eodem
2756 1778 2870 1832 prae
2907 1764 3123 1819 caeteris
3164 1765 3426 1820 omnibus
3485 1765 3771 1821 abundare

481 1851 616 1905 αὐτὸ
636 1852 732 1905 καὶ
760 1852 866 1923 πρό
891 1870 956 1921 γε
980 1853 1089 1906 τῶν
1121 1853 1299 1909 ἄλλων
1325 1856 1383 1907 ὲν
1420 1854 1525 1925 ἰδίᾳ
1560 1853 1721 1923 φύσει
1760 1852 1959 1924 λαχών.
1996 1853 2067 1905 Ἦ

2177 1862 2241 1902 ex
2263 1857 2477 1905 naturas
2500 1865 2614 1907 sure
2652 1852 2970 1908 conditione
2997 1854 3309 1911 credendus
3335 1863 3448 1923 est;
3486 1864 3580 1911 aut
3604 1857 3650 1912 si
3676 1859 3771 1928 qui

481 1942 642 2014 εἴπερ
662 1944 761 2014 οὐχ
781 1937 886 1997 ὧδε
918 1945 1061 2016 ἔχειν
1086 1946 1452 1999 ὑποπτεύουσι
1479 1963 1645 2009 τινες,
1669 1944 1787 2016 ὥρα
1813 1960 1914 1999 που
1927 1944 2071 2014 τάχα

478 2036 595 2097 τοῖς
626 2028 731 2088 ὧδε
771 2040 990 2107 φρονεῖν
1026 2038 1307 2108 ἑλομένοις
1350 2039 1668 2107 ἐπιφωνεῖν,
1713 2055 1731 2087 ι
1766 2035 1961 2090 Σύνετε
2006 2035 2070 2107 δὴ

480 2126 713 2197 ἄφρονες
743 2128 801 2180 ὲν
828 2126 905 2199 τῷ
934 2127 1069 2199 λαῷ,
1111 2130 1208 2183 καὶ
1263 2128 1437 2201 μωροί
1472 2146 1603 2181 ποτε
1632 2129 1959 2200 φρονήσατε.
2013 2128 2071 2181 Ὀ

482 2217 758 2286 φυτεύσας
783 2220 845 2273 τὸ
865 2216 978 2284 οῦς,
1010 2221 1132 2292 οὐχὶ
1161 2222 1381 2289 άκούει;
1405 2222 1437 2293 ἢ
1465 2223 1493 2275 6
1513 2221 1724 2284 πλάσας
1750 2221 1843 2273 τὸν
1871 2219 2072 2288 ὀφθαλ-

484 2308 606 2378 μὸν,
633 2310 756 2382 οὐχὶ
787 2315 1081 2377 κατανοεῖ;
1125 2312 1245 2367 Ζῶν
1271 2312 1379 2385 γὰρ
1404 2315 1432 2367 6
1464 2313 1622 2382 λόγος
1660 2311 1755 2366 τοῦ
1792 2312 1949 2378 Θεοῦ,
1977 2313 2072 2366 καὶ

480 2401 736 2473 ἐνεργὴς,
759 2403 856 2456 καὶ
877 2404 1047 2474 ἠκονη
1057 2405 1216 2475 μένος
1254 2404 1457 2475 μᾶλλον
1493 2404 1767 2477 μαχαίρας
1793 2405 2068 2477 διστόμου,

479 2494 851 2565 διικνούμενος
888 2496 1052 2569 μέχρι
1084 2496 1358 2569 μερισμοῦ
1391 2498 1570 2570 ψυχῆς
1598 2500 1690 2552 καὶ
1738 2500 2068 2569 πνεύματος,

480 2586 677 2658 ἁρμῶν
698 2604 758 2640 τε
790 2590 882 2641 καὶ
920 2588 1155 2660 μυελῶν,
1196 2590 1291 2643 καὶ
1329 2591 1577 2662 κριτικὸς
1601 2591 1952 2663 ἐνθυμήσεων
1977 2593 2074 2645 καὶ

480 2678 701 2750 ἐννοιῶν
730 2679 979 2752 καρδίας,
1011 2681 1106 2734 xal
1130 2683 1230 2736 οὐκ
1260 2681 1376 2735 ἔστι
1407 2683 1585 2743 κτίσις
1608 2682 1820 2754 ἀφανὴς
1842 2682 2073 2738 ἐνώπιον

479 2768 669 2822 αὐτοῦ.
720 2769 909 2824 Πάντα
952 2770 1019 2823 δὲ
1058 2769 1245 2841 γυμνὰ
1303 2771 1397 2824 καὶ
1450 2770 1921 2843 τετραχηλισμένα
1962 2772 2074 2834 τοῖς

481 2859 783 2931 ὀφθαλμοῖς
815 2861 1005 2916 αὑτοῦ.
1033 2881 1052 2914 ι
1087 2862 1317 2927 Φωτίζει
1358 2862 1423 2935 δὴ
1468 2859 1561 2917 οὖν
1585 2863 1680 2916 καὶ
1703 2865 1875 2935 ἐφορᾷ
1898 2863 2075 2917 πάντα

481 2953 740 3025 Χριστός.
775 2954 1068 3025 Τοιγάρτοι
1096 2957 1193 3009 καὶ
1227 2956 1435 3025 ἔφασκε
1469 2955 1538 3009 δι’
1574 2955 1694 3018 ἑνὸς
1726 2954 1837 3007 τῶν
1863 2971 2077 3027 προφη-

477 3045 609 3099 τῶν·
644 3064 663 3097 ι
693 3045 825 3110 Θεὸς
849 3047 1088 3115 ὲγγίζων
1106 3046 1218 3117 ἐγώ
1237 3048 1374 3118 εἰμι,
1403 3046 1553 3115 λέγει
1578 3047 1805 3119 Κύριος,
1837 3047 1932 3100 καὶ
1954 3046 2075 3117 οὐχὶ⁵

477 3136 612 3199 Θεὸς
634 3137 941 3210 πόρρωθεν.
961 3137 1055 3209 Μὴ
1080 3139 1174 3191 ἀπ’
1193 3136 1329 3207 ἐμοῦ
1369 3136 1706 3209 κρυϐήσεταί
1734 3155 1822 3203 τις
1857 3156 1875 3189 ι
1904 3137 2072 3191 Λάθοι
2099 3164 2141 3222 C

477 3227 590 3300 γάρ
623 3227 687 3282 ἂν
715 3227 871 3281 οὐδὲν
905 3227 998 3281 τὸν
1040 3226 1220 3281 πάντα
1253 3227 1431 3281 εἰδότα
1456 3226 1602 3284 νοῦν.
1639 3227 1711 3280 Ἥ
1741 3228 1842 3281 οὐκ
1871 3228 2074 3299 ἄριστά

479 3335 564 3374 σοι
594 3320 767 3375 ταῦτα
787 3318 1106 3389 διεσκέφθαι
1134 3318 1306 3385 δοκῶ;

554 3494 758 3547 ΠΑΛΛ.
803 3494 1129 3547 Παντάπασι
1162 3494 1261 3565 μὲν
1289 3490 1402 3548 οὖν.

550 3586 716 3640 ΚΥΡ.
758 3586 1055 3658 Ἀσύνηθες
1088 3587 1146 3640 δέ
1177 3605 1232 3640 τι
1260 3589 1389 3659 περὶ
1416 3588 1516 3658 τὴν
1548 3589 1768 3660 λυχνίαν
1803 3591 1832 3645 6
1860 3592 2076 3665 προφή-

476 3693 581 3748 της
608 3676 772 3747 ὀρῶν,
808 3677 1006 3731 ἐλαιῶν
1033 3679 1146 3750 γὰρ
1172 3673 1314 3750 ἦσαν
1344 3680 1553 3746 κλάδοι,
1595 3684 2076 3753 προσεπυνθάνετο

479 3767 678 3837 λέγων,
708 3787 726 3821 ι
759 3769 827 3822 Τί
861 3771 919 3822 αἱ
942 3769 1035 3822 δύο
1060 3769 1237 3824 ἐλαῖαι
1268 3763 1428 3825 αὗται
1459 3774 1518 3825 αἱ
1547 3776 1611 3827 ὲκ
1630 3774 1832 3840 ,δεξιῶν
1860 3775 1961 3847 τῆς
1984 3777 2077 3831 λυο

478 3860 637 3931 χνίας
654 3860 749 3914 καὶ
771 3860 831 3924 ἐξ
848 3859 1176 3930 εὐωνύμων;
1218 3863 1326 3914 Καὶ
1355 3862 1711 3934 ὲπηρώτησα,
1728 3883 1746 3917 ι
1766 3866 1983 3938 φησ“ιν,ι
2011 3867 2077 3920 ὲκ

478 3952 757 4022 δευτέρου,
797 3952 892 4006 καὶ
922 3947 1051 4005 εἶπα
1080 3951 1216 4022 πρὸς
1242 3954 1425 4007 αὐτόν’
1460 3954 1524 4005 Τί
1553 3956 1603 4008 oi
1624 3955 1718 4009 δύο
1746 3956 1929 4011 κλάδοι
1966 3957 2076 4011 τῶν

480 4043 702 4105 ἐλαιῶν,
746 4045 796 4095 οἱ
839 4044 899 4096 ὲν
943 4044 1263 4114 ταῖς,χερσ“ι
1303 4044 1411 4098 τῶν
1450 4044 1545 4098 δύο
1589 4047 1926 4120 μυξωτήρων
1969 4048 2078 4102 τῶν

480 4136 725 4207 χρυσῶν.
755 4135 866 4190 τῶν
907 4135 1238 4207 ὲπιχεόντων
1271 4137 1366 4190 καὶ
1404 4139 1792 4207 ὲπαναγόντων
1816 4140 1914 4204 τὰς
1942 4142 2078 4193 ἐπα-

483 4227 773 4299 ρυστρίδας
797 4227 898 4292 τὰς
922 4230 1159 4300 χρυσᾶςς
1180 4228 1291 4282 Καὶ
1319 4224 1441 4283 εἷπε
1462 4231 1599 4300 πρός
1627 4249 1717 4302 με,
1734 4252 1751 4283 ι
1772 4234 2075 4304 φησὶν,‹υύ

479 4318 777 4388 γινώσκεις
814 4321 868 4374 τί
908 4323 1028 4374 ἐστι
1064 4319 1275 4387 ταῦτα;
1334 4323 1443 4376 Kal
1484 4319 1636 4387 εἶπα,
1670 4326 1837 4395 Οὐχὶ,
1879 4325 2072 4397 Κύριε.

481 4413 592 4467 Kal
621 4410 745 4467 εἷπέ
780 4431 891 4485 μοι’
938 4409 1100 4469 Οὗτοι
1136 4417 1185 4469 oi
1224 4416 1318 4471 δύο
1349 4417 1454 4470 υἱοὶ
1498 4417 1597 4488 τῆς
1646 4418 1901 4487 πιότητος
1934 4433 2079 4489 παρα

479 4508 749 4576 εστήκασι
770 4506 848 4575 τῷ
871 4507 1062 4577 Κυρίῳ
1086 4508 1270 4577 πάσης
1291 4509 1389 4579 τῆς
1409 4508 1533 4577 γῆς.
1565 4527 1584 4559 ι

553 4600 765 4659 ΠΑΛΛ.
826 4600 925 4664 Τίς
964 4596 1058 4653 οὖν
1096 4600 1205 4672 ἄρα
1249 4601 1445 4671 γέγονε
1495 4601 1651 4672 χρεία
1692 4601 1770 4671 τῷ
1820 4603 2077 4674 μακαρίῳ

482 4689 768 4761 προφήτῃ,
788 4687 885 4741 τοῦ
916 4688 1014 4742 καὶ
1029 4690 1110 4753 είς
1135 4684 1295 4754 αὖθις
1347 4689 1723 4744 ἀναπυθέσθαι
1752 4690 1864 4744 δεῖν
1889 4708 1904 4757 ;
1950 4693 2081 4747 Ἐπ-

478 4776 743 4853 ηρώτησα
771 4780 903 4853 γὰρ,
934 4781 1119 4853 φησὶν,
1143 4783 1208 4835 ὲκ
1231 4781 1505 4854 δευτέρου.

552 4873 717 4927 ΚΥΡ.
759 4872 831 4926 Ἢ
872 4872 983 4943 γὰρ
1014 4874 1137 4943 οὐχὶ
1172 4872 1341 4945 φαίης
1377 4873 1466 4939 ἂν,
1500 4868 1545 4928 ὦ
1579 4873 1865 4938 Παλλάδιε,
1913 4874 2077 4945 σοφόν

479 4982 541 5019 τε
576 4963 716 5019 εἶναι
742 4965 836 5019 καὶ
859 4963 1093 5036 πρέπον,
1119 4967 1234 5029 τοῖς
1265 4981 1330 5035 γε
1359 4965 1495 5029 ὅλως
1522 4964 1660 5037 ὀρθὰ
1685 4966 1904 5037 φρονεῖν
1933 4966 2078 5036 ᾑρη-

484 5056 690 5127 μένοις,
731 5054 984 5126 ἁκριόεῖς
1014 5055 1111 5108 καὶ
1143 5055 1552 5127 ἀπεξεσμένους
1594 5056 1695 5121 τὰς
1726 5057 1811 5126 ἐφ’
1847 5056 1955 5127 ὅτῳ
1983 5051 2077 5110 οὖν

483 5146 592 5199 τῶν
622 5146 943 5215 ἀναγκαίων
972 5147 1245 5201 ποιεῖσθαι
1274 5147 1529 5215 πεύσεις;

553 5238 767 5292 nam.
797 5237 969 5307 Φημί.

561 5328 723 5382 ΚΥΡ.
764 5327 995 5391 κλῶνας
1015 5326 1081 5399 δὴ
1100 5323 1195 5383 οὖν
1213 5329 1410 5383 ἐλαιῶν
1434 5329 1582 5400 θαλῷ
1604 5329 1868 5402 βρύοντας
1888 5330 2082 5402 ἁπαλῷ

485 5419 585 5473 καὶ
608 5419 854 5474 νεοθαλεῖ
882 5419 1215 5490 τεθεαμένος
1242 5423 1270 5474 6
1300 5425 1610 5494 προφήτης,
1643 5422 1829 5485 ἐλαίας
1860 5420 2080 5489 αὐτοὺς,

487 5510 586 5564 καὶ
621 5512 723 5565 οὐκ
751 5511 809 5580 ἔξ
847 5512 1047 5566 ἐλαιῶν
1071 5512 1323 5584 ὠνόμαζε
1351 5514 1599 5578 κλάδους.
1632 5512 1763 5569 Εἶτα
1802 5515 2076 5587 σεσιώπη-

488 5619 586 5661 xcv
630 5605 660 5659 6
698 5603 986 5670 θεσπέσιος
1028 5605 1263 5674 ἄγγελος
1288 5647 1302 5672 ,
1352 5607 1452 5677 τὴν
1498 5608 1944 5680 ὲμφρονεστέραν
1984 5609 2080 5662 καὶ

596 5717 643 5750 ’³
674 5718 841 5775 Zacb.
867 5736 939 5785 tv,
978 5719 1089 5775 1-5.

493 5803 642 5856 χχιιι,
675 5788 766 5845 25.
842 5791 888 5824 ’δ
923 5790 1087 5846 Zach.
1109 5807 1181 5860 Iv,
1214 5790 1396 5846 H-tt.

1170 5720 1408 5776 "‘lbid.
1454 5721 1539 5776 10.
1617 5725 1662 5755 ³³
1690 5725 1824 5779 Dan.
1872 5739 1929 5789 ιι,
1970 5722 2058 5777 22.

2177 5725 2187 5754 ⁵
2217 5722 2359 5777 Psal.
2403 5737 2549 5786 XCIII,
2577 5719 2628 5785 Ω,
2660 5719 2712 5773 9.
2793 5719 2834 5750 ³⁷
2869 5714 3040 5770 Hebr.
3080 5727 3153 5777 Iv,
3185 5710 3271 5777 12,
3306 5709 3391 5764 l5.

2170 1954 2285 1994 non
2338 1940 2413 1995 ita
2467 1957 2525 1997 se
2564 1958 2682 1997 rem
2734 1944 2942 2000 habere
2974 1946 3351 2015 suspicantur,
3373 1948 3486 2018 jam
3530 1964 3665 2005 vero
3696 1950 3773 2005 ita

2172 2033 2475 2089 sentientes
2514 2035 2626 2090 illis
2656 2036 2842 2091 verbis
2882 2036 3090 2106 alloqui
3130 2037 3322 2093 licebit
3359 2056 3372 2092 :
3417 2057 3435 2089 ι
3478 2039 3773 2111 lntelligite

2172 2126 2499 2197 insipientes
2534 2128 2591 2181 in
2620 2129 2858 2198 populo,
2898 2136 2954 2184 et
2990 2129 3171 2195 stulti,
3222 2130 3519 2201 aliquando
3546 2132 3722 2203 sapite
3753 2150 3768 2198 ;

2173 2218 2267 2287 qui
2293 2218 2561 2287 plantavit
2596 2235 2819 2287 aurem,
2848 2236 2959 2275 non
2985 2221 3178 2277 audit?
3204 2231 3299 2277 aut
3322 2224 3415 2293 qui
3446 2222 3604 2278 ﬁnxit
3633 2239 3771 2279 ocu-

2171 2309 2307 2375 lum,
2333 2324 2444 2365 non
2465 2311 2781 2367 considerat
2802 2312 2883 2366 “‘3
2910 2313 3079 2367 Vivus
3106 2319 3194 2367 est
3240 2314 3389 2368 enim
3427 2329 3611 2369 sermo
3645 2315 3769 2379 Dei,

2174 2408 2232 2455 et
2271 2400 2482 2468 eﬁicax,
2535 2411 2591 2459 et
2632 2412 2828 2459 acutus
2855 2405 3031 2475 magis
3070 2421 3235 2474 quam
3284 2405 3500 2477 gladius
3532 2421 3771 2477 anceps;

2174 2493 2604 2565 pertingensque
2637 2511 2812 2566 usque
2858 2496 2925 2550 ad
2958 2496 3289 2550 divisionem
3320 2498 3516 2552 anima:
3551 2512 3615 2552 ac
3653 2496 3772 2569 spi-

2174 2584 2333 2649 ritus,
2357 2599 2684 2657 compagum
2718 2602 2940 2657 quoque
2976 2595 3032 2641 et
3057 2587 3447 2653 medullarum,
3484 2596 3542 2643 et
3565 2589 3776 2644 discre-

2177 2683 2264 2731 tor
2291 2678 2686 2748 cogitationum
2721 2687 2778 2733 et
2808 2679 3178 2735 intentionum
3221 2680 3424 2735 cordis.
3460 2681 3530 2736 Et
3552 2697 3663 2738 non
3688 2690 3777 2740 est

2175 2776 2433 2824 creatura
2472 2770 2654 2841 aliqua
2681 2770 2975 2826 invisibilis
3002 2773 3056 2826 in
3073 2778 3375 2841 conspectu
3402 2771 3558 2842 ejus:
3583 2773 3771 2828 omnia

2175 2865 2361 2913 autem
2390 2859 2540 2913 nuda
2594 2867 2864 2931 etaperta
2900 2868 3030 2914 sunt
3062 2859 3241 2915 oculis
3278 2860 3399 2930 ejus
3415 2861 3480 2914 ’⁷.
3508 2879 3526 2911 ι
3567 2861 3776 2916 illumi—

2177 2959 2272 3005 nat
2309 2949 2477 3021 igitur
2498 2951 2753 3007 Christus
2797 2958 2855 3008 et
2896 2952 3095 3024 aspicit
3123 2951 3601 3023 omniazideoque
3633 2952 3776 3008 dixit

2175 3057 2276 3112 per
2307 3042 2602 3114 quemdam
2625 3058 2656 3098 e
2689 3044 2978 3115 prophetis
3009 3062 3021 3097 :
3073 3063 3092 3096 ι
3132 3044 3278 3098 Deus
3309 3043 3625 3117 evproximo
3648 3060 3773 3099 sum

2176 3149 2299 3205 ego,
2339 3134 2474 3189 dicit
2498 3135 2800 3201 Dominus,
2845 3144 2902 3192 et
2944 3151 3057 3190 non
3104 3135 3253 3190 Deus
3278 3134 3542 3205 alonge;
3584 3150 3774 3190 numa
3817 3126 3833 3139 ’

2175 3243 2261 3281 me
2280 3227 2649 3281 occultabitur
2665 3227 2875 3297 aliquid
2900 3227 2944 3259 ’⁸
2968 3227 2991 3279 ?
3022 3245 3038 3277 ι
3074 3225 3223 3280 Nihil
3240 3225 3390 3280 enim
3415 3225 3575 3296 301
3599 3226 3773 3281 latere

2174 3327 2354 3388 potest
2376 3326 2614 3373 mentem
2645 3318 2790 3373 illam
2811 3318 2996 3373 omnia
3018 3319 3306 3373 scientem.
3335 3315 3420 3371 An
3446 3316 3549 3371 tibi
3574 3331 3771 3387 parum

2174 3410 2521 3466 considerate
2548 3410 2666 3465 hzec
2696 3410 2880 3465 dicere
2915 3410 3142 3466 videor?

2245 3498 2445 3554 PALL.
2478 3500 2593 3554 Imo
2628 3515 2762 3555 vero
2793 3500 3051 3556 maxime.

2245 3590 2403 3645 CYR.
2437 3591 2543 3646 Sed
2583 3592 2877 3662 propheta,
2906 3607 3032 3647 cum
3069 3591 3394 3647 inusitatum
3424 3591 3687 3662 quiddam
3716 3591 3773 3647 in

2179 3686 2512 3741 candelabro
2552 3685 2768 3741 videret
2812 3684 3102 3756 (olearum
3157 3684 3304 3738 enim
3341 3684 3399 3738 in
3452 3699 3520 3739 eo
3560 3684 3775 3740 inerant

2178 3775 2365 3847 rami),
2391 3776 2575 3832 denuo
2602 3775 2915 3831 sciscitatus
2939 3781 3044 3839 est,
3064 3773 3255 3829 dicens
3281 3791 3294 3826 :
3331 3793 3349 3823 ι
3378 3758 3521 3839 Quid
3540 3783 3670 3829 sunt
3692 3774 3776 3827 hm

2179 3868 2303 3923 duae
2331 3867 2491 3923 oliva:
2515 3883 2545 3922 a
2574 3866 2788 3921 dextris
2814 3862 3164 3926 candelabri,
3212 3872 3268 3917 et
3313 3878 3343 3917 a
3391 3863 3677 3918 sinistris?
3711 3862 3773 3916 Et

2181 3957 2389 4028 rogavi,
2416 3976 2433 4008 ι
2466 3957 2668 4026 inquit,
2700 3974 2719 4007 ι
2751 3955 2957 4019 denuo,
2984 3962 3041 4008 et
3073 3953 3184 4007 dixi
3215 3951 3283 4006 ad
3307 3968 3462 4007 eum:
3492 3951 3633 4019 Quid
3651 3962 3773 4007 sunt

2181 4049 2259 4104 illi
2288 4048 2399 4103 duo
2436 4049 2575 4101 rami
2615 4047 2864 4101 olearum
2916 4045 3010 4115 qui
3040 4052 3169 4098 sunt
3199 4044 3253 4098 in
3299 4060 3498 4099 manus
3542 4044 3775 4099 duarum

2181 4139 2403 4194 narium
2456 4152 2756 4192 aurearum
2784 4135 3194 4191 infundentium
3220 4177 3235 4201 ,
3271 4143 3328 4191 et
3375 4135 3775 4191 retrahentium

2182 4229 2476 4283 sutl‘usoria
2503 4227 2710 4282 aurea?
2736 4227 2805 4281 Et
2828 4225 2967 4280 dixit
2995 4224 3061 4280 ad
3087 4240 3196 4290 me,
3232 4245 3250 4277 ι
3291 4224 3503 4296 inquit:
3544 4244 3561 4276 ι
3590 4225 3774 4281 Nescis

2182 4321 2315 4392 quid
2345 4321 2456 4376 sint
2492 4320 2650 4375 haec?
2686 4320 2757 4374 Et
2782 4318 2918 4383 dixi,
2956 4317 3080 4372 Non
3105 4357 3121 4381 ,
3154 4317 3411 4373 Domine.
3441 4317 3512 4373 Et
3551 4316 3690 4372 dixit
3709 4319 3775 4373 ad

2182 4428 2270 4467 me
2298 4431 2311 4467 :
2339 4413 2406 4468 Hi
2437 4412 2547 4468 duo
2579 4410 2678 4467 ﬁlii
2704 4410 3059 4482 pinguedinis
3090 4417 3275 4465 astant
3324 4418 3451 4465 ante
3482 4408 3775 4466 Dominum

2114 4527 2160 4582 ι)
2192 4503 2641 4559 universaeterra:
2665 4502 2732 4554 ".
2776 4520 2795 4553 ι

2255 4596 2456 4652 PALL.
2484 4595 2628 4663 Quid
2655 4595 2877 4651 tandem
2902 4609 3043 4665 opus
3057 4593 3165 4648 fuit
3194 4593 3361 4650 beato
3392 4593 3678 4665 propheta:
3719 4606 3773 4648 ut

2184 4689 2388 4744 iterum
2429 4686 2835 4760 interrogaret?
2883 4684 3224 4756 Interrogavi
3253 4700 3525 4756 namque,
3564 4684 3776 4754 inquit,

2184 4782 2389 4837 denuo.

2252 4872 2509 4929 CYR.An
2539 4880 2621 4936 tu,
2647 4870 2882 4937 Palladi,
2906 4870 3136 4925 minime
3165 4878 3329 4940 putas
3346 4882 3468 4923 esse
3494 4865 3776 4936 sapientis,

2179 4974 2238 5021 et
2265 4964 2334 5020 ad
2356 4980 2453 5020 eos
2478 4964 2572 5034 qui
2601 4972 2751 5019 recte
2777 4962 2987 5017 sentire
3009 4960 3205 5024 velint,
3240 4975 3355 5015 non
3388 4958 3627 5013 maxime
3651 4972 3776 5028 per-

2179 5056 2357 5111 tinere
2380 5069 2593 5119 censes,
2619 5054 2688 5108 de
2708 5067 3039 5123 unaquaque
3055 5065 3115 5105 re
3131 5047 3440 5119 necessaria
3488 5045 3783 5117 diligenter
3825 5111 3829 5116 ,

2181 5156 2240 5205 et
2262 5154 2519 5203 accurate
2546 5146 2891 5215 interrogare
2914 5142 2940 5195 ?

2253 5238 2453 5295 PALL.
2479 5240 2619 5294 Puto
2644 5236 2920 5309 equidem.

2259 5330 2419 5388 CYR.
2478 5331 2684 5385 Ramos
2754 5327 2927 5397 igitur
2990 5323 3238 5378 olearum
3289 5330 3483 5375 tenero
3538 5320 3776 5375 recenti-

2187 5440 2295 5495 que
2338 5423 2587 5495 germine
2633 5420 2885 5474 virentes
2932 5430 3058 5471 eum
3103 5413 3412 5484 aspexisset
3456 5412 3727 5483 propheta
3761 5452 3777 5481 ,

2188 5517 2359 5580 oleas,
2400 5530 2511 5570 non
2578 5514 2827 5569 olearum
2857 5525 3045 5565 ramos
3106 5506 3422 5579 appellavit.
3469 5506 3658 5575 itaque
3703 5511 3775 5559 ta-

2188 5609 2305 5664 cuit
2346 5608 2541 5662 beatus
2603 5606 2871 5677 angelus,
2919 5616 3044 5656 eum
3109 5597 3530 5669 prudentiorem
3582 5609 3646 5648 ac
3681 5610 3774 5650 ve-

3498 5706 3544 5740 "
3572 5705 3773 5763 εἰει-θαι.
