4118 6430
440 323 531 380 611

1461 329 1514 382 s.
1556 317 1830 384 crnnu
1870 312 2341 388 ALEXANoRiNi
2379 319 2700 394 Aacuiiar.

3589 345 3690 402 619.

431 447 638 493 norem
692 432 1174 508 interrOgationem
1227 453 1568 512 exspectaret
1603 464 1613 497 :
1653 455 1843 514 postea
1879 462 2000 500 verc

2116 448 2288 520 άληθῆ
2321 457 2634 522 περιμένων
2660 453 2851 508 πεῦσιν
2872 471 2886 486 ο
2927 457 3115 528 ἐπειδὴ
3161 456 3214 510 δὲ
3242 457 3690 529 διεγηγερμένος.

431 543 594 596 quam
618 529 886 582 excitatus
905 531 1038 600 jam,
1070 532 1208 586 duos
1224 550 1402 588 ramos
1421 536 1666 591 olearum
1701 539 2010 608 appellavit,

431 630 488 670 et
517 633 573 672 se
604 618 790 673 doceri
805 619 1068 689 ﬂagitavit
1121 625 1277 693 cujus
1313 627 1392 680 rei
1426 636 1611 682 essent
1636 629 1727 683 illa
1745 632 2010 701 symbola,

432 707 628 762 didicit
660 709 829 773 illico,
858 710 1075 765 dicente
1103 716 1297 784 angelo
1329 733 1339 768 :
1379 736 1396 766 ‹
1436 717 1502 773 lli
1534 717 1644 773 duo
1663 718 1759 773 ﬁlii
1787 723 2014 791 pingue-

432 797 579 852 dinis
611 808 933 855 astantante
971 803 1265 858 Dominum
1297 808 1568 864 universae
1595 813 1776 864 terrai.
1818 832 1835 862 ›
1866 813 2012 868 Duos

429 904 596 959 porro
629 890 978 960 pinguedinis
1019 893 1160 950 ﬁlios
1205 905 1324 951 tum
1360 899 1514 953 illum
1552 917 1622 956 ex
1652 903 1838 967 Israel,
1896 911 2011 958 tum

430 995 562 1034 vero
587 982 823 1037 alterum
853 999 920 1038 ex
950 987 1210 1055 gentibus
1231 991 1495 1058 populum
1519 993 1834 1062 appellavit,
1871 1004 2012 1063 quos

427 1074 595 1127 etiam
626 1081 753 1128 ante
781 1076 1073 1131 Dominum
1099 1079 1375 1134 universae
1404 1090 1567 1137 terrae
1603 1092 1783 1139 astare
1825 1085 1961 1140 dicit
1994 1099 2006 1139 ξ

429 1162 484 1216 in
507 1174 617 1232 quo
638 1166 927 1221 manifeste
945 1167 1298 1224 etevidenter
1332 1171 1468 1225 illud
1503 1174 1822 1229 candelabri
1847 1177 2010 1246 opiﬁ-

428 1253 574 1308 cium
603 1271 704 1325 pro
732 1256 938 1312 Christi
989 1260 1161 1330 ﬁgura
1214 1263 1421 1331 posuit,
1467 1265 1535 1318 ad
1561 1266 1719 1336 cujus
1761 1267 2010 1323 dextram

425 1345 816 1418 sinistramque
863 1358 1076 1419 partem
1104 1354 1377 1408 olivarum
1421 1358 1560 1410 rami
1612 1354 1873 1428 tanquam
1906 1363 2014 1416 cir-

425 1450 552 1489 cum
578 1437 711 1492 illud
741 1447 928 1494 essent
949 1443 1222 1509 collocati,
1253 1446 1666 1517 impinguantur
1689 1449 1830 1514 oleo,
1863 1451 2011 1520 quod

425 1531 598 1584 sancti
626 1529 867 1599 Spiritus
911 1532 1140 1602 ﬁguram
1181 1537 1360 1606 gerit;
1394 1547 1634 1593 mentem
1665 1541 2009 1597 credentium

427 1619 726 1691 irrigantis,
755 1622 912 1692 juxta
962 1624 1098 1678 illud
1126 1642 1138 1654 ·
1179 1645 1198 1678 ‹
1232 1627 1594 1699 Impinguasti
1621 1631 1676 1685 in
1703 1631 1823 1686 oleo
1845 1632 2011 1702 caput

423 1725 609 1764 meum
647 1713 714 1764 ³⁰ι
737 1732 755 1762 ι

2114 539 2206 592 δύο
2241 541 2464 606 κλάδους
2502 544 2698 597 ἐλαιῶν
2739 545 2990 616 ὠνόμαζε
3031 549 3237 614 λοιπὸν,
3267 551 3361 602 καὶ
3394 549 3692 619 ἀναμαθεῖν

2116 630 2383 700 ἐλιπάρει,
2425 632 2568 695 τίνος
2591 633 2655 686 ἂν
2682 635 2765 705 εἴη
2801 634 3042 706 σύμϐολα
3065 639 3222 692 ταυτὶ
3250 638 3561 707 ὲδιδάσκετο
3591 657 3692 695 πα-

2115 722 2396 794 ραχρῆμα,
2426 723 2519 776 τοῦ
2557 725 2791 793 ἀγγέλου
2824 727 3093 795 λέγοντος·
3143 748 3162 780 ε
3195 721 3356 782 Οὗτοι
3393 731 3441 783 οἱ
3470 730 3563 784 δύο
3592 732 3693 784 υἱοὶ

2112 811 2210 879 τῆς
2233 815 2484 884 πιότητος
2499 818 2978 888 παρεστήκασιτῷ
2995 819 3186 890 Κυρίῳ
3204 807 3385 890 πάσης
3400 820 3500 888 τῆς
3521 821 3644 891 γῆς.
3667 840 3685 872 ι

2114 898 2274 964 Υίοὺς
2301 901 2355 954 δὲ
2382 903 2638 974 πιότητος
2659 905 2772 969 δύο,
2800 906 2892 959 τόν
2913 923 2973 959 τε
3005 907 3064 973 ἐξ
3106 908 3344 979 Ἰσραὴλ,
3371 909 3467 962 καὶ
3491 908 3590 978 μέν
3613 899 3711 974 τοιὲ

2113 992 2202 1046 τὸν
2256 991 2314 1058 ἐξ
2371 993 2542 1045 ἐθνῶν
2593 994 2857 1052 ἀπεκάλει
2895 994 3044 1062 λαὸν,
3089 995 3183 1060 οὓς
3235 995 3331 1049 καὶ
3379 995 3458 1066 τῷ
3504 997 3691 1066 Κυρίῳ

2111 1082 2290 1152 πάσης
2314 1081 2413 1152 τῆς
2433 1082 2536 1154 γῆς
2559 1085 2898 1155 παρεστάναι
2930 1087 3086 1156 φησὶ,
3113 1085 3300 1154 σαφῶς
3327 1103 3388 1138 τε
3417 1087 3511 1140 καὶ
3538 1089 3691 1154 ἐναρ-

2111 1168 2221 1235 γῶς
2266 1171 2345 1232 είς
2384 1169 2550 1223 τύπον
2581 1171 2847 1242 Χριστοῦ,
2882 1174 2942 1226 τὸ
2979 1174 3074 1227 ἐπὶ⁸
3114 1177 3180 1246 τῇ
3223 1174 3417 1246 λυχνίᾳ
3449 1176 3692 1246 τέχνημα

2109 1256 2299 1320 τιθεὶς,
2330 1253 2397 1328 ἧς
2418 1260 2467 1311 οί
2493 1259 2675 1314 κλάδοι
2695 1261 2804 1315 τῶν
2833 1262 3050 1328 ἐλαιῶν,
3077 1265 3156 1328 είς
3181 1265 3333 1332 δεξιά
3350 1283 3408 1320 τε
3439 1268 3532 1319 καὶ
3557 1265 3692 1320 εὐώ-

2111 1361 2256 1417 νυμα
2275 1387 2290 1411 ,
2321 1352 2414 1403 καὶ
2458 1353 2622 1405 οἱονεὶ
2652 1353 2749 1425 τήν
2779 1354 2838 1406 ἐν
2879 1353 3062 1426 κύκλῳ
3090 1356 3346 1426 λαχόντες
3389 1357 3577 1410 στάσιν
3614 1358 3690 1428 τῷ

2114 1435 2278 1508 ἐλαίῳ
2292 1441 2760 1508 καταπιαίνονται,
2777 1444 2806 1496 ὅ
2825 1445 2972 1498 ἐστιν
2989 1446 3142 1513 ἁγίου
3161 1446 3301 1500 Πνεύ
3310 1454 3476 1517 ματος
3499 1447 3685 1512 τύπος,

2111 1527 2203 1580 τὸν
2221 1529 2330 1583 τῶν
2352 1533 2717 1589 πιστευόντων
2734 1537 3094 1608 κατάρδοντος
3113 1537 3256 1604 νοῦν,
3283 1538 3425 1591 κατὰ
3442 1539 3520 1602 τὸ,
3546 1559 3564 1590 ι
3605 1541 3689 1592 Ἐν

2112 1616 2279 1689 ἐλαίῳ
2313 1619 2574 1685 ἐλίπανας
2594 1624 2693 1695 τὴν
2719 1625 2962 1696 κεφαλήν
2989 1643 3113 1696 μου.
3149 1644 3168 1677 ι

492 1801 690 1856 PALL.
725 1801 830 1856 Sed
855 1818 953 1856 cur
981 1819 1094 1858 non
1116 1806 1266 1861 oleas
1288 1820 1382 1862 eas
1407 1807 1592 1877 potius
1639 1810 1804 1880 quam
1826 1824 2000 1868 ramos

2189 1784 2395 1852 ΠΑΛΛ.
2430 1793 2563 1852 Εἶτα
2590 1802 2644 1854 τί
2684 1786 2757 1872 μή
2795 1803 2994 1871 μᾶλλον
3029 1785 3214 1868 ἐλαίας
3256 1786 3445 1869 αύτάς,
3482 1805 3690 1868 κλῶνας

422 1890 670 1944 olearum
711 1893 928 1947 vocavit
961 1893 984 1945 ‘!

489 1979 646 2035 CYR.
682 1980 763 2036 Ob
787 1998 910 2036 eam
943 1991 1168 2039 causam
1189 2027 1204 2051 ,
1255 1975 1484 2054 Palladi,
1517 1990 1644 2059 quia
1669 1981 1857 2046 ﬁdeles
1884 2001 2006 2048 tan-

419 2085 584 2138 quam
619 2089 683 2126 ex
713 2073 851 2128 oleis
903 2083 1136 2142 tenues,
1167 2094 1232 2134 ac
1261 2081 1628 2148 pubescentes
1665 2087 1871 2140 sui-culi
1907 2087 2006 2141 de-

419 2160 576 2212 tracti
602 2169 762 2226 sunt,
791 2171 846 2216 et
877 2164 1040 2218 simul
1087 2181 1213 2220 cum
1269 2168 1374 2224 ﬁde
1417 2171 1486 2224 ad
1530 2173 1790 2241 pietatem
1836 2176 2006 2247 prope

417 2248 886 2318 transplantantur
922 2271 934 2306 :
986 2255 1078 2308 alii
1119 2257 1342 2325 quidem
1384 2275 1452 2314 ex
1501 2261 1820 2318 Judaaorum
1882 2284 2008 2338 syn-

420 2350 612 2406 agoga,
637 2339 732 2392 alii
781 2347 968 2394 autem
1015 2357 1083 2397 ex
1109 2345 1354 2414 gentium
1395 2350 1557 2403 turba
1592 2351 1871 2406 detracti:
1903 2368 2005 2407 ne"-

417 2440 528 2494 que
572 2429 720 2482 enim
776 2447 968 2487 omnes
1017 2435 1112 2503 qui
1139 2446 1268 2490 sunt
1295 2453 1363 2491 ex
1390 2439 1575 2506 Israel,
1603 2443 2002 2511 crediderunt;

413 2515 758 2588 302neque
777 2522 1038 2577 universa
1056 2525 1352 2581 multitudo
1368 2530 1612 2598 gentium
1636 2542 1720 2586 est
1737 2533 2000 2603 ingressa.

414 2605 571 2661 Rami
607 2619 734 2663 sunt
759 2612 924 2681 igitur
953 2615 1223 2682 olearum,
1259 2620 1353 2688 qui
1397 2623 1482 2674 vel
1526 2639 1594 2676 ex
1642 2625 2000 2684 multitudine

411 2697 752 2764 Judaeorum,
782 2703 866 2756 vel
914 2705 1081 2760 etiam
1115 2723 1145 2763 e
1182 2710 1341 2764 turba
1369 2700 1614 2782 gentium
1652 2725 1911 2787 tanquam
1936 2736 2002 2776 ex

413 2787 705 2844 arboribus
734 2791 964 2850 detracti
990 2837 1003 2861 ,
1047 2807 1102 2853 et
1147 2800 1215 2854 ad
1250 2801 1498 2857 divinum
1537 2805 1722 2862 lumen
1765 2811 2000 2867 traducti

413 2887 560 2942 sunt,
583 2889 638 2934 et
659 2881 1061 2944 abundantiore
1085 2892 1196 2960 jam
1241 2892 1480 2962 Spiritus
1505 2898 1679 2952 sancti
1730 2899 2000 2959 eﬂ‘usione

412 2966 818 3034 quodammodo
865 2973 1164 3031 luxuriant;
1201 2978 1260 3032 ld
1296 2980 1447 3035 enim
1495 2982 1804 3053 signiﬁcare
1847 2990 1998 3044 arbi-

341 3099 352 3109 .
412 3064 564 3120 tror,
624 3061 773 3129 quod
824 3072 1082 3135 tanquam
1132 3069 1188 3123 in
1236 3071 1468 3127 naribus
1508 3074 1861 3133 lucernarum
1889 3081 1999 3135 sint

411 3145 655 3202 olearum
699 3152 835 3206 rami
889 3155 1181 3224 collocati,
1233 3176 1472 3230 quorum
1523 3165 1722 3223 beatus
1779 3186 1998 3241 quoque

410 3234 748 3295 Psalmorum
784 3253 976 3300 auctor
997 3249 1270 3316 meminit,
1305 3267 1431 3307 cum
1465 3254 1532 3309 ad
1572 3255 1857 3314 Christum
1881 3277 1999 3317 om-

409 3329 564 3382 nium
593 3328 933 3388 Salvatorcm
978 3352 1202 3392 carmen
1251 3352 1633 3411 converteret,
1675 3363 1739 3403 ac
1783 3357 1899 3403 tum
1929 3351 1998 3406 de

411 3433 611 3488 sponsa
659 3437 782 3490 quzc
829 3423 908 3478 illi
949 3428 1242 3498 conjuncta
1267 3439 1392 3496 est,
1450 3431 1555 3486 hoc
1596 3446 1682 3491 est
1716 3438 1958 3494 Ecclesia
1982 3481 1998 3505 ,

411 3517 527 3561 tum
557 3509 724 3564 etiam
753 3511 821 3566 de
852 3513 999 3569 illius
1023 3531 1122 3585 per
1146 3516 1310 3572 ﬁdem
1341 3519 1470 3575 ﬁliis
1496 3522 1706 3581 diceret
1732 3545 1744 3579 :
1791 3547 1810 3577 ‹
1853 3529 2000 3584 Uxor

412 3599 504 3651 tua
527 3598 668 3654 sicut
698 3601 828 3657 vitis
875 3604 1162 3662 abundans
1207 3609 1263 3663 in
1294 3610 1565 3667 lateribus
1614 3615 1811 3674 domus
1849 3627 1996 3686 tuae;

410 3683 508 3737 ﬁlii
534 3685 612 3765 tui
644 3686 789 3742 sicut
828 3692 1059 3747 novellae
1096 3695 1367 3751 olivarum
1411 3699 1466 3753 in
1520 3701 1758 3760 circuitu
1796 3723 2000 3765 mensm

412 3777 520 3829 tua:
539 3762 604 3831 ³⁸.
648 3798 665 3829 ι
703 3780 1090 3852 Participando
1113 3802 1350 3858 namque
1382 3790 1672 3860 Spiritum,
1715 3805 1772 3851 et
1807 3813 1996 3856 sancta

409 3863 614 3921 Christi
647 3885 835 3927 mensa
861 3873 1116 3943 fruendo,
1154 3879 1518 3950 viviﬁcamur,
1544 3895 1904 3959 posteaquam
1929 3894 1997 3948 il-

409 3956 520 4012 lius
547 3958 712 4015 ﬁdem
741 3965 979 4034 amplexi
1004 3983 1214 4025 sumus.

481 4046 678 4104 PALL.
731 4051 900 4108 Recte
941 4071 1076 4110 vero
1124 4057 1265 4114 dicis
1300 4077 1312 4114 :
1348 4081 1366 4112 ι
1402 4062 1515 4134 Ego
1539 4067 1710 4133 enim,
1744 4087 1762 4119 ι
1796 4069 1994 4140 inquit,

418 4154 437 4187 ε
463 4151 583 4191 sum
610 4141 768 4208 panis
788 4141 968 4209 vivus,
999 4146 1091 4215 qui
1111 4146 1178 4201 de
1203 4150 1342 4204 ccclo
1359 4150 1639 4218 descendi,
1659 4165 1713 4210 et
1741 4157 1904 4214 vitam
1929 4159 1999 4214 do

410 4230 618 4286 mundo
643 4233 709 4286 ".
748 4253 766 4284 ι

478 4318 635 4376 CYR.
662 4323 741 4380 Ac
765 4324 833 4380 de
857 4327 1211 4398 candelabro,
1263 4342 1320 4388 et
1366 4335 1435 4390 iis
1481 4353 1603 4406 qua:
1647 4338 1702 4394 in
1729 4356 1797 4394 eo
1845 4349 1993 4407 sunt,

2109 1889 2166 1942 δὲ
2205 1889 2402 1959 μᾶλλον
2434 1891 2628 1945 ἐλαιῶν
2657 1893 2946 1960 ἀπεκάλει;

2180 1979 2344 2033 ΚΥΡ.
2384 1981 2528 2046 Ὅτι,
2563 1979 2608 2035 ὦ
2637 1983 2841 2055 ἑταῖρε,
2883 1986 3137 2058 καθάπερ
3167 1986 3225 2052 ἐξ
3253 1987 3447 2044 ἐλαιῶν
3490 1989 3691 2059 μόσχια

2107 2069 2278 2122 λεπτὰ
2318 2072 2412 2124 καὶ
2459 2072 2770 2142 άρτιθαλεῖς
2816 2074 3110 2148 ἐξῄρηνται
3153 2077 3374 2144 κλάδοι,
3419 2077 3580 2148 μόνον
3633 2080 3690 2132 δέ

2106 2162 2229 2232 οὐχὶ
2272 2163 2760 2235 μεταϐδθρεύονται
2807 2169 2946 2238 μετὰ
2996 2170 3234 2232 πίστεως
3275 2172 3355 2236 είς
3406 2171 3690 2225 εὐσέϐειαν

2106 2255 2153 2305 οἱ
2181 2255 2628 2320 πεπιστευκότες,
2651 2257 2701 2310 οἱ
2726 2258 2824 2328 μὲν
2849 2261 2912 2312 ἐκ
2945 2261 3045 2330 τῆς
3077 2247 3343 2315 Ἰουδαίων
3383 2262 3535 2326 ὄντες
3564 2280 3687 2317 συν-

2107 2344 2361 2415 αγωγῆς,
2400 2346 2450 2397 οἱ
2487 2345 2566 2410 δὲ,
2607 2347 2707 2418 τῆς
2749 2349 2808 2415 ἐξ
2852 2349 3021 2403 ἐθνῶν
3059 2351 3294 2422 πληθύος
3335 2352 3684 2426 ἐξῃρημένον

2106 2431 2503 2490 πεπιστεύκασι
2529 2438 2637 2509 γὰρ
2659 2440 2778 2510 οὐχὶ
2801 2440 3002 2505 πάντες
3023 2443 3072 2495 οί
3098 2442 3159 2507 ἐξ
3195 2443 3556 2514 Ἰσραὴλ,οῠτε
3581 2445 3689 2516 μὴν

2105 2523 2290 2577 ἅπασα
2309 2526 2417 2579 τῶν
2436 2527 2606 2582 ἐθνῶν
2627 2530 2953 2600 εἰσέφρησεν
2976 2533 3010 2600 ή
3038 2531 3268 2601 πληθύς.
3291 2532 3489 2587 Κλάδοι
3511 2535 3688 2588 τοίνυν

2103 2616 2320 2682 ἐλαιῶν,
2370 2619 2420 2671 οί
2459 2619 2536 2682 ὡς
2581 2622 2646 2672 ἐκ
2699 2619 2933 2691 δένδρων
2978 2623 3390 2694 ἀπεσπασμένοι
3447 2624 3686 2694 πληθύος
3725 2639 3730 2650 ’

2116 2707 2429 2779 Ἰουδαϊκῆς,
2463 2713 2555 2764 καὶ
2587 2711 2694 2782 μήν
2725 2713 2818 2765 καὶ
2838 2713 3178 2785 Ἑλληνικῆς,
3208 2717 3301 2770 καὶ
3339 2719 3398 2771 ἐν
3437 2719 3576 2785 φωτὶ
3607 2717 3686 2786 τῷ

2103 2797 2232 2869 θείῳ
2272 2801 2651 2870 γεγενημένοι,
2699 2806 2794 2859 καὶ
2835 2806 3283 2870 ἐνσπαταλῶντες
3318 2807 3418 2878 ἢδη
3471 2826 3588 2872 πως
3617 2813 3682 2880 τῇ

2100 2888 2195 2940 τοῦ
2223 2891 2386 2956 ἁγίου
2439 2892 2757 2963 Πνεύματος
2794 2895 3142 2968 ἀφθονωτέρα
3174 2898 3347 2968 χύσειι
3379 2898 3549 2964 Τοῦτο
3575 2901 3684 2970 γὰρ

2101 2974 2250 3049 οἶμαι
2284 2981 2496 3052 δηλοῦν,
2525 2983 2606 3049 τὸ,
2640 2985 2713 3048 ὡς
2742 2985 2800 3036 ἐν
2833 2986 3145 3057 μυξωτῆρσι
3178 2987 3287 3041 τῶν
3325 2988 3530 3060 λύχνων
3559 2991 3684 3054 τοὺς

2102 3069 2210 3123 τῶν
2233 3071 2426 3125 ἐλαιῶν
2453 3075 2666 3128 κεῖσθαι
2688 3076 2935 3142 κλάδους,
2959 3071 3032 3130 ὧν
3057 3081 3150 3132 καὶ
3176 3082 3204 3133 ὁ
3234 3081 3503 3152 μακάριος
3532 3082 3681 3135 Ψαλ-

2027 3135 2068 3192 C
2107 3163 2280 3232 μῳδὸς
2311 3163 2673 3236 διαμέμνηταί
2705 3185 2830 3229 που,
2862 3135 2999 3239 πρὸς
3031 3169 3121 3222 τὸν
3154 3135 3260 3223 τῶν
3291 3135 3426 3224 ὅλων
3453 3135 3681 3243 έωτῆρα

2102 3255 2335 3325 Χριστὸν
2367 3257 2724 3328 ἀναμελῳδῶν
2765 3277 2822 3311 τε
2859 3261 2952 3313 καὶ
2981 3260 3154 3330 λέγων
3180 3263 3306 3333 περί
3335 3280 3392 3314 τε
3421 3263 3521 3332 τῆς
3561 3280 3679 3314 συν-

2101 3347 2453 3418 ηρμοσμένης
2479 3348 2628 3420 αύτῷ
2653 3350 2892 3422 νύμφης,
2916 3354 3180 3418 τουτέστι,
3205 3355 3304 3424 τῆς
3337 3353 3677 3424 Ἐκκλησίας,

2103 3437 2196 3490 καὶ
2223 3437 2330 3491 τῶν
2363 3439 2422 3492 ἐν
2468 3440 2648 3493 πίστει
2681 3441 2885 3496 τέκνων
2915 3444 3105 3514 αὐτῆς
3145 3459 3163 3497 ι
3213 3445 3276 3498 Ἠ
3308 3447 3441 3516 γυνή
3483 3463 3576 3499 σου
3606 3446 3682 3509 ὡς

2101 3528 2345 3597 ἄμπελος
2388 3529 2691 3600 εὐθηνοῦσα
2728 3532 2787 3584 ἐν
2819 3535 2930 3596 τοῖς
2967 3533 3173 3586 κλίτεσι
3208 3536 3307 3606 τῆς
3341 3534 3516 3598 οἰκίας
3563 3551 3679 3588 σου.

2102 3620 2164 3672 Οἱ
2196 3620 2299 3672 υἱοί
2328 3637 2443 3684 σου,
2473 3621 2548 3684 ὡς
2577 3621 2814 3690 νεόφυτα
2842 3624 3034 3678 ἐλαιῶν
3058 3625 3244 3697 κύκλῳ
3269 3626 3369 3696 τῆς
3400 3625 3679 3696 τραπέζης

2103 3725 2215 3763 σου.
2244 3729 2263 3762 ι
2297 3709 2718 3783 Ζωοποιούμεθα
2746 3713 2856 3784 γὰρ
2885 3715 2944 3766 ἐν
2969 3715 3184 3784 μεθέξει
3214 3714 3550 3786 Πνεύματος,
3586 3715 3684 3769 καὶ

2099 3802 2156 3854 ἐν
2195 3801 2325 3872 ἁγίᾳ
2357 3801 2604 3876 τραπέζῃ
2635 3805 2896 3876 Χριστοῦ,
2931 3807 3030 3876 τὴν
3056 3808 3136 3871 είς
3162 3807 3322 3861 αὐτὸν
3356 3806 3537 3860 πίστιν
3569 3807 3679 3860 εἰσ-

2098 3891 2428 3962 δεδεγμένοι.

2169 4068 2376 4122 ΙΙΑΛΛ.
2416 4069 2523 4122 Ναὶ
2539 4069 2718 4137 λέγεις
2742 4053 2936 4142 6pm;-
2976 4089 2994 4122 ι
3023 4051 3169 4140 ’Ἐγὼ
3202 4072 3310 4144 γάρ
3336 4074 3474 4143 ειμι.
3518 4091 3537 4125 ι
3568 4090 3674 4142 φη-

2101 4159 2208 4221 σὶν,
2239 4177 2257 4209 ι
2292 4159 2320 4210 ὁ
2347 4158 2511 4229 ἄρτος
2538 4161 2567 4214 ὁ
2602 4160 2733 4228 ζῶν,
2765 4165 2793 4216 ὁ
2821 4164 2885 4216 ἐκ
2912 4162 3007 4216 τοῦ
3035 4163 3268 4235 οὐρανοῦ
3294 4164 3556 4228 καταϐὰς,
3584 4164 3674 4217 καὶ

2103 4250 2250 4320 ζωὴν
2277 4250 2452 4314 διδοὺς
2485 4250 2562 4322 τῷ
2589 4253 2798 4324 κόσμῳ.
2841 4272 2859 4305 ι

2171 4343 2332 4398 ΚΥΡ.
2381 4343 2542 4397 Ἀλλὰ
2585 4345 2806 4416 λυχνίας
2841 4348 2937 4417 μὲν
2968 4349 3095 4419 πέρι
3115 4389 3129 4412 ,
3164 4346 3389 4402 καὶτῶν
3414 4350 3472 4401 ἐν
3502 4349 3671 4418 αὐτῇ.

410 4409 676 4470 hactenus
707 4416 774 4470 ad
797 4434 1038 4487 praasens
1085 4421 1290 4480 dixisse
1323 4425 1580 4481 suﬁiciat.
1612 4429 1732 4483 Jam
1754 4447 1888 4487 vero
1926 4433 1993 4486 ad

2101 4433 2257 4484 ταυτὶ
2307 4435 2441 4504 πρὸς
2487 4409 2795 4502 ἡμῶνηείςγ
2824 4409 2997 4508 παρὸν
3031 4409 3328 4508 εἰρήσεται.
3381 4438 3508 4490 Ἴτω
3549 4409 3675 4489 δὲηὸ

409 4502 581 4558 altare
608 4521 819 4561 alueum
847 4520 1036 4582 pergat
1058 4515 1260 4581 oratio,
1292 4517 1449 4587 cujus
1474 4533 1607 4572 usus
1637 4518 1693 4572 in
1717 4520 1812 4574 illo
1833 4523 1993 4592 legali

2101 4523 2254 4591 λόγος
2292 4492 2384 4576 ἐπὶ
2422 4492 2775 4596 ίιςὸᾶαλιιοῡν⁷
2811 4492 2916 4598 ήδη
2957 4492 3360 4600 θυσιαστήριον,
3399 4528 3496 4599 τῆς
3531 4526 3675 4581 κατὰ

409 4593 560 4646 cultu
585 4596 852 4652 maximus
874 4609 1010 4655 erat.
1047 4621 1064 4653 ι
1096 4603 1164 4657 Et
1184 4603 1408 4669 facies,»
1437 4606 1636 4677 inquit,
1668 4627 1685 4658 ι
1715 4611 1887 4666 altare
1922 4613 1990 4667 de

405 4682 570 4754 lignis
641 4688 1076 4759 imputribilibus
1135 4715 1148 4749 :
1203 4699 1448 4768 quinque
1494 4701 1807 4758 cubitorum
1863 4707 1985 4762 lon-

2102 4613 2266 4683 νόμον
2287 4613 2562 4686 λατρείας,
2587 4618 2646 4670 τὸ
2672 4618 3116 4688 χρειωδέστατον.
3160 4637 3178 4671 ι
3215 4621 3468 4690 Ποιήσεις
3501 4619 3663 4690 γὰρ,›

2094 4706 2264 4774 φησὶ,
2298 4724 2316 4757 ι
2363 4707 2749 4778 θυσιαστήριον
2795 4710 2861 4763 ἐκ
2912 4709 3083 4773 ξύλων
3153 4711 3432 4783 ἀσήπτων.
3502 4712 3671 4766 Πέντε

407 4773 616 4843 gitudo,
645 4787 700 4831 et
723 4780 968 4852 quinque
1002 4785 1317 4840 cubitorum
1360 4788 1628 4857 latitudo;
1653 4792 1984 4862 quadratum

2101 4773 2310 4867 πήχεων
2353 4800 2416 4853 τὸ
2467 4773 2673 4871 μῆκος,
2731 4803 2825 4856 καὶ
2873 4802 3034 4856 πέντε
3086 4773 3310 4874 πήχεων
3362 4801 3424 4855 τὸ
3488 4798 3668 4874 εὖρος.

406 4869 512 4922 erit
535 4871 726 4940 altare,
748 4885 803 4930 et
828 4878 1000 4932 trium
1043 4879 1360 4936 cubitorum
1390 4882 1623 4938 altitudo
1649 4888 1796 4957 ejus;
1827 4903 1884 4946 et
1907 4891 1986 4948 fas

406 4965 520 5021 cies
556 4982 762 5024 cornua
788 4971 845 5025 in
877 4981 1118 5043 quatuor
1148 4975 1384 5045 angulis,
1426 4992 1496 5032 ex
1533 4978 1652 5049 ipso
1673 4995 1837 5041 erunt
1858 5003 1983 5042 cor-

405 5064 515 5111 nua
541 5076 555 5111 :
588 5068 645 5114 et
666 5061 882 5130 operies
922 5062 1013 5117 illa
1043 5078 1151 5118 tere
1179 5075 1192 5116 :‘
1219 5075 1275 5121 et
1298 5065 1465 5124 facies
1495 5085 1750 5128 coronam
1770 5079 1938 5132 altari
1965 5120 1980 5144 ,

2083 4889 2432 4958 Τετράγωνον
2481 4891 2636 4947 ἔσται
2687 4893 2749 4946 τὸ
2785 4892 3188 4966 θυσιαστήριον,
3223 4893 3319 4948 καὶ
3358 4893 3525 4966 τριῶν
3572 4895 3673 4965 πή-

2084 4995 2222 5048 χεων
2266 4978 2328 5032 τὸ
2365 4979 2497 5049 ὓψος
2535 4981 2719 5036 αὐτοῦ’
2755 4983 2851 5036 καὶ
2907 4985 3155 5054 ποιήσεις
3202 4984 3270 5036 τά
3299 4985 3548 5055 δκέρατα,
3574 4984 3668 5036 ἐπὶ

2083 5071 2194 5124 τῶν
2257 5074 2538 5146 τεσσάρων
2591 5077 2826 5145 γωνιῶν,
2901 5076 2962 5144 ἐξ
3026 5077 3193 5132 αὐτοῦ
3242 5076 3396 5131 ἔσται
3444 5077 3516 5131 τὰ
3574 5078 3636 5130 κέ

403 5155 462 5201 et
484 5156 860 5218 tegumentum
884 5153 1004 5222 ejus
1027 5193 1041 5217 ,
1089 5164 1146 5208 et
1174 5155 1384 5224 phialas
1409 5161 1548 5231 ejus,
1583 5171 1640 5217 et
1681 5165 1983 5224 fuscinulas

2101 5182 2226 5233 pata
2248 5205 2262 5228 ,
2294 5166 2386 5219 καὶ
2429 5166 2690 5238 καλύψεις
2714 5169 2853 5224 αὐτὰ
2876 5169 3064 5240 χαλκῷ
3084 5210 3098 5235 ,
3131 5169 3226 5224 καὶ
3271 5169 3522 5238 ποιήσεις
3552 5182 3661 5219 στε-

403 5237 519 5304 ejus

553 5279 568 5302 ,
617 5247 673 5293 et
705 5239 889 5294 focum
941 5244 1060 5313 ejus
1086 5285 1100 5310 ,
1149 5248 1331 5304 omnia
1380 5261 1510 5307 vasa
1541 5255 1661 5324 ejus
1701 5257 1870 5314 facies
1914 5274 1982 5314 ex

2101 5256 2266 5326 ράνην
2297 5257 2375 5328 τῷ
2421 5258 2799 5333 θυσιαστηρίῳ
2817 5301 2832 5327 ,
2864 5239 2962 5316 καὶ
2986 5261 3076 5315 τὸν
3102 5260 3428 5330 καλυπτῆρα
3457 5256 3622 5312 αὑτοῦ
3646 5298 3662 5322 ,

402 5327 586 5380 mre”.
624 5347 640 5392 ι
673 5327 926 5408 Quinque
974 5332 1141 5402 igitur
1183 5337 1495 5396 cubitorum
1537 5352 1622 5398 est
1671 5346 1841 5403 altare
1881 5364 1982 5418 per

402 5413 793 5438 IA_.-!4_-J!___.
848 5435 898 5438 -_
932 5421 946 5438 I
989 5423 1044 5438 ιι.
1109 5425 1144 5438 ιο
1329 5431 1367 5438 -
1560 5435 1570 5438 -

2101 5348 2181 5399 καὶ
2208 5347 2305 5412 τὰς
2345 5327 2540 5418 φιάλας
2570 5327 2878 5418 αὐτονῦξκαὶ
2914 5354 3013 5416 τὰς
3044 5353 3324 5438 κρεάγρας
3340 5327 3538 5416 ἀὺτοῦ,
3568 5349 3664 5406 καὶ

401 5413 798 5485 longitudinem
841 5405 914 5475 ³ο
932 5421 1296 5482 latitudinem.
1328 5431 1460 5487 Erat
1484 5435 1631 5488 enim
1679 5451 1818 5507 Opus
1845 5454 1977 5507 pro-

403 5503 544 5560 fecto
579 5516 638 5561 ut
685 5508 912 5567 haberet
962 5529 1286 5584 mensuras,
1334 5532 1389 5576 et
1434 5539 1526 5579 eas
1568 5503 1972 5595 amplissimas:

474 5680 519 5713 ³ο
546 5683 688 5738 Psal.
721 5701 850 5755 nm,
876 5692 926 5746 5.
1001 5695 1044 5728 ³¹
1079 5697 1220 5753 Psal.
1258 5715 1454 5764 cxxvu,
1505 5699 1558 5754 5.

2086 5438 2148 5490 τὸ
2178 5443 2398 5510 πυρείον
2428 5441 2628 5508 αὑτοῦ,
2674 5445 2853 5498 πάντα
2891 5444 2958 5498 τὰ
2991 5441 3162 5514 σκεύη
3204 5441 3370 5497 αὐτοῦ
3416 5445 3662 5512 ποιήσεις

2085 5530 2279 5599 χαλκᾶ.
2314 5552 2330 5584 ι
2365 5533 2688 5606 Πεντάπηχυ
2721 5537 2819 5608 μὲν
2856 5532 2948 5590 οὖν
2979 5539 3060 5600 είς
3090 5531 3246 5607 εὖρός
3275 5552 3332 5588 τε
3365 5536 3458 5590 καὶ
3487 5535 3662 5604 μῆκος

1639 5703 1680 5732 ³¹
1720 5702 1875 5756 Joan.
1917 5721 1986 5770 vi,
2025 5706 2110 5760 55.
2146 5710 2188 5738 ³³
2218 5710 2386 5763 Exod.
2415 5729 2578 5777 xxvii,
2619 5701 2731 5768 1-4.
