4118 6430
447 375 556 434 6ίό

1167 363 1256 429 DE
1295 372 1747 429 ADORATIONE
1786 356 1850 425 ΙΝ
1895 356 2168 426 SPIRITU
2209 371 2298 426 ΕΤ
2341 363 2715 426 VERITATE.
2759 371 2890 425 LIB.
2927 369 3017 423 IX.

3635 377 3732 432 6H

443 493 508 544 τὸ
537 488 945 558 θυσιαστήριον.
987 471 1133 538 Ἔδει
1167 486 1297 554 γὰρ,
1331 484 1438 538 ἔδει
1469 485 1685 555 μέτρων
1729 483 1900 553 αὐτῷ,
1945 483 2040 536 καὶ

2145 497 2382 553 namque
2415 492 2471 537 et
2496 481 2664 537 scissa
2697 481 2852 552 signa
2877 496 3045 550 super
3079 479 3210 535 illud
3234 522 3248 545 ,
3273 492 3329 537 et
3366 482 3533 538 boum
3571 501 3742 542 caem-

441 581 564 634 λίαν
597 578 1020 648 ἁφθονωτάτων.
1054 576 1245 646 Σχίσαι
1275 594 1334 629 τε
1358 576 1468 646 γὰρ
1496 575 1586 628 ἐπ’
1609 575 1760 644 αύτῷ
1784 577 1878 629 καὶ
1903 575 2043 645 βοῶν

445 671 674 743 ἔμελλον
711 667 1084 740 ἀναφέρεσθαι
1123 669 1427 739 τμήματα,
1475 668 1572 722 καὶ
1607 665 2040 730 ὁλοκαυτώσεις,

442 762 576 821 οίῶν
613 779 670 814 τε
707 762 802 814 καὶ
843 761 1064 831 τράγων
1105 761 1380 830 ἀναφοραὶ
1419 759 1870 831 καθιερουμένων
1900 758 2040 829 Θεῷ.

443 847 717 922 Ταύτῃτοι
766 848 942 920 χαλκῆ
1004 851 1098 903 καὶ
1162 851 1372 921 ἐσχάρα
1423 850 1519 904 καὶ
1584 852 1804 920 πυρεῖον
1857 847 2040 918 αύτῷ,

438 942 718 1011 κρεάγραι
742 957 802 993 τε
833 941 927 994 καὶ
957 941 1170 1010 φιάλαι,
1212 941 1307 994 καὶ
1335 941 1514 995 πάντα
1541 939 1707 994 αὑτοῦ
1735 940 1805 992 τά
1834 938 2005 1009 σκεύη
2026 980 2042 1005 ,

439 1043 518 1098 ὼς
548 1033 614 1087 ἂν
647 1032 896 1088 δύναιντο
926 1037 1050 1097 ταῖς
1092 1034 1236 1087 κειτά
1281 1033 1446 1104 νόμον
1477 1033 1695 1097 θυσίαις
1718 1072 1733 1095 ,
1765 1033 1863 1104 τὴν
1892 1031 2046 1103 παρά

446 1141 507 1192 γε
539 1124 690 1193 σφῶν
719 1123 901 1178 αὐτῶν
944 1124 1336 1195 είσκομίζοντα
1377 1123 1588 1195 χρείαν,
1622 1127 1746 1186 ταῖς
1774 1124 1866 1177 τοῦ
1896 1139 2046 1193 παμ-

445 1217 620 1285 φάγου
655 1215 828 1287 πυρὸς
861 1215 937 1288 μὴ
961 1215 1426 1286 καταφθείρεσθαι
1459 1217 1810 1289 προσϐολαῖς.
1839 1214 2045 1286 Στεφά-

443 1326 542 1380 νην
569 1309 625 1363 δὲ
659 1309 756 1363 καὶ
781 1310 852 1362 τὰ
881 1309 974 1362 ἐπὶ
1004 1311 1128 1372 ταῖς
1154 1309 1386 1378 γωνίαις
1415 1310 1647 1381 κέρατα,
1687 1310 1766 1380 τῷ
1791 1311 1883 1365 τοῦ
1911 1313 2045 1382 σχή-

446 1417 620 1471 ματος
648 1401 836 1454 κάλλει⁵
875 1400 1281 1471 προσθήσομεν.
1329 1403 1531 1473 Ἀχαρι
1566 1406 1674 1473 γὰρ
1713 1403 1866 1456 οὐδὲν
1894 1404 2046 1474 παρά

440 1492 524 1563 τῷ
555 1491 822 1563 πανσόφῳ
864 1492 1005 1563 Θεῷι
1051 1492 1222 1564 Πλὴν,
1265 1495 1442 1547 έκεῖνο
1487 1495 1648 1549 πάλιν
1676 1495 1739 1566 δὴ
1781 1496 1912 1567 φέρε
1955 1497 2044 1550 λέ-

442 1599 652 1654 γωμεν,
675 1581 883 1654 ἀκριϐῆ
911 1579 1004 1635 τὸν
1032 1582 1160 1636 νοῦν
1183 1585 1556 1654 ἐπερείδοντες
1585 1588 1700 1648 τοῖς
1721 1586 1805 1655 ἐφ’
1831 1575 2047 1658 ἑκάστῳ

441 1673 911 1744 τεθεσπισμένοις.
943 1673 1342 1745 Θυσιαστήριον
1374 1675 1708 1747 προστέταχε
1751 1677 1869 1741 ταῖς
1905 1677 2047 1732 κατὰ

443 1766 607 1837 νόμον
632 1765 845 1830 θυσίαις
873 1765 1050 1829 ἐοικὸς
1073 1764 1168 1819 καὶ
1211 1765 1442 1837 πρέπον,
1484 1765 1600 1820 ἀλλ’
1625 1767 1780 1821 οὐδὲν
1809 1768 1869 1820 ὲν
1897 1766 2046 1838 αύτῷ

441 1856 701 1930 χρυσοῦν,
735 1857 991 1930 καθάπερ
1028 1857 1242 1928 ἀμέλει,
1273 1858 1586 1929 καταθεῷτό
1606 1877 1689 1923 τις
1722 1859 1789 1912 ἂν
1818 1859 1912 1912 ἐπὶ
1945 1861 2046 1941 τῆς
2077 1838 2120 1894 Β

439 1949 698 2016 κιϐωτοῦ,
722 1949 946 2021 λυχνίας
971 1967 1033 2004 τε
1071 1944 1140 2004 αὖ
1167 1951 1263 2004 καὶ
1287 1949 1570 2021 τραπέζης
1587 1993 1602 2019 ,
1633 1949 1729 2005 καὶ
1757 1949 1868 2004 τῶν
1904 1951 2042 2023 ἀμφ’

437 2041 634 2113 αὐτήν.

511 2132 724 2187 ΠΑΛΛ.
757 2132 824 2187 Τί
845 2131 908 2203 δὴ
929 2125 1025 2186 οῦν
1063 2130 1173 2202 ἄρα
1217 2131 1313 2185 καὶ
1342 2130 1500 2185 τοῦτό
1537 2132 1684 2198 tam;

512 2225 678 2278 ΚΥΡ.
708 2225 782 2279 Ού
807 2225 917 2297 γὰρ
941 2224 1006 2297 δὴ
1028 2223 1130 2293 τῆς
1153 2221 1300 2286 θείας
1322 2239 1384 2276 τε
1405 2223 1500 2276 καὶ⁵
1521 2223 1803 2296 ἀκηράτου
1826 2225 2044 2293 φύσεως

437 2315 541 2386 τὴν
571 2315 716 2371 κατὰ
739 2317 963 2372 πάντων
989 2315 1289 2386 ὑπεροχὴν,
1318 2314 1416 2368 καὶ
1438 2314 1775 2386 ἀσύγκριτον
1793 2315 2044 2386 λαμπρό-

436 2419 598 2480 τητα,
631 2409 708 2474 ὡς
741 2410 800 2463 έν
830 2409 1015 2479 νοήσει
1047 2407 1228 2486 λέγω,
1261 2409 1324 2462 τὸ
1364 2409 1591 2481 χρυσίον
1617 2403 1678 2462 εὖ
1704 2408 1852 2481 μάλα
1879 2425 2045 2462 κατα-

434 2501 630 2574 δηλοῦν
660 2501 947 2574 ἐλέγομεν,
981 2495 1027 2557 ὧ
1059 2500 1360 2567 Παλλάδιες

512 2679 726 2738 ΠΔΛΛι
757 2673 889 2738 Ὧδε
919 2680 1056 2752 ἔχει.

511 2775 675 2833 ΚΥΡ.
737 2774 932 2846 ’Δθρει
976 2773 1043 2846 δὴ
1089 2769 1211 2839 οὖν,
1258 2769 1580 2846 ἀχρύσωτον
1621 2769 1902 2837 παντελῶς
1941 2772 2044 2845 τῆς

435 2866 582 2922 κατά
610 2862 776 2937 νόμον
806 2863 1067 2937 λατρείας
1104 2861 1169 2917 τὸ
1211 2862 1624 2934 θυσιαστήριον,
1664 2864 1899 2935 αἴνιγμά
1937 2881 2042 2919 που

434 2961 502 3014 τὸ
527 2958 720 3031 χρῆμα
743 2946 993 3020 τιθέντος
1019 2956 1153 3028 ήμϊν
1178 2953 1276 3010 τοῦ
1316 2954 1454 3009 Θεοῦ
1473 2994 1490 3022 ,
1521 2954 1618 3010 καὶ
1653 2955 1801 3028 μάλα
1830 2954 2041 3026 σαφῶς,

435 3051 524 3108 δτι
570 3049 891 3122 Πνεύματος
933 3048 1095 3117 ἁγίου
1125 3045 1388 3120 πρόξενος
1427 3048 1630 3119 ἥκιστα
1661 3047 1762 3118 μὲν
1790 3049 1820 3102 ὁ
1843 3046 2042 3119 νόμος,

435 3143 732 3216 τετίμηται
775 3141 834 3196 δὲ
873 3140 999 3211 οὐχὶ
1035 3136 1264 3212 τοιαύτῃ
1301 3138 1488 3209 χάριτι
1519 3138 1622 3210 τῆς
1664 3141 1723 3192 ὲν
1757 3138 1914 3210 τύπῳ
1948 3137 2045 3192 λα-

434 3195 636 3308 ipsi;
662 3235 698 3305 ή
737 3195 992 3303 δύναμις.
1021 3195 1264 3302 Πνεῦμα.
1423 3224 1494 3300 ἦν
1525 3195 1774 3295 δουλείας
1818 3195 1912 3283 sui
1950 3229 2043 3283 τὸν
2070 3195 2114 3256 c

452 3327 696 3399 Ἰσραήλ·
730 3328 866 3398 ήμῖν
903 3325 961 3380 δὲ
1004 3324 1068 3379 τὸ
1101 3323 1275 3396 δῶρον
1305 3321 1631 3394 ἀπενεμήθη
1675 3321 1766 3376 διά
1800 3319 2042 3392 Χριστοῦ

442 3419 585 3490 μετά
623 3418 726 3491 τήν
769 3419 835 3472 ὲκ
881 3416 1096 3488 νεκρῶν
1135 3415 1459 3470 ἀναϐίωσιν.
1514 3413 1852 3485 Ἐνεφύσησε
1895 3415 2039 3486 γὰρ,

439 3511 668 3582 λέγων,ι
693 3510 904 3567 Λάϐετε
919 3510 1147 3581 Πνεῦμα
1163 3509 1338 3578 ἅγιον.
1365 3527 1384 3560 ι
1405 3505 1699 3579 Τοιγάρτοι
1720 3506 1816 3560 καὶ
1831 3505 2041 3570 Παῦλος

439 3602 789 3676 προσεφώνει
851 3603 966 3665 τοῖς
1019 3601 1466 3664 πεπιστευκόσιν,
1498 3617 1516 3650 ι
1545 3599 1620 3652 Ού
1661 3597 1772 3670 γὰρ
1819 3597 2042 3651 ἐλάϐετε

441 3695 663 3766 πνεῦμα
683 3688 926 3756 δουλείας
948 3691 1110 3747 πάλιν
1133 3693 1214 3757 είς
1240 3691 1428 3760 φόϐον,
1444 3690 1561 3744 ἀλλ’
1579 3688 1803 3744 ἐλάϐετε
1825 3689 2046 3758 πνεῦμα

447 3786 748 3854 υἱοθεσίας,
777 3785 837 3840 ὲν
859 3779 904 3854 ᾧ
943 3783 1246 3858 κράζομεν,
1281 3781 1454 3836 Ἀϐϐἄ
1477 3784 1506 3836 ὀ
1530 3783 1744 3853 Πατήρ.
1783 3799 1802 3833 ι
1835 3780 1958 3834 Ὅτι
1985 3778 2044 3832 δὲ

439 3880 545 3950 τῆς
582 3879 728 3932 κατὰ
768 3877 935 3948 νόμον
970 3875 1226 3948 λατρείας
1262 3877 1298 3946 ή
1339 3873 1574 3944 δύναμις
1610 3872 1711 3944 τὴν
1749 3870 1845 3925 τοῦ
1885 3871 2044 3939 ἁγίου

442 3974 766 4048 Πνεύματος
787 3976 890 4030 οὐκ
924 3974 1177 4028 ἐπλούτει
1207 3971 1448 4043 μέθεξιν,
1489 3969 1730 4024 δέδονται
1756 3967 1814 4022 δὲ
1841 3966 2045 4038 μᾶλλον

439 4072 557 4134 τοῖς
594 4071 654 4124 ὲν
694 4069 878 4123 πίστει
907 4065 1383 4137 δεδικαιωμένοις,
1417 4052 1832 4133 πληροφορήσει
1869 4057 2045 4127 λέγων

440 4163 471 4216 ὁ
499 4160 662 4231 σοφὸς
706 4160 984 4232 Ἰωάννης·
1019 4177 1038 4211 ι
1075 4153 1244 4214 Οὔπω
1265 4156 1375 4228 γὰρ
1403 4153 1472 4227 ἦν
1497 4152 1724 4224 Πνεῦμα
1755 4152 1930 4220 ἆγιον,
1961 4151 2043 4204 ὅτι

451 4254 667 4326 Ἰησοῦς
702 4253 917 4308 οὐδέπω
943 4252 1230 4321 ἐδοξάσθη.
1267 4268 1287 4302 ι
1330 4243 1500 4302 Οὔπω
1529 4246 1641 4318 γὰρ
1677 4243 1878 4300 ἀνεϐίω
1906 4244 2044 4314 Χρι⁴

453 4347 604 4411 στός⁶
629 4345 912 4416 μονονουχὶ
940 4345 1050 4416 γὰρ
1075 4343 1197 4397 τότε
1219 4337 1614 4411 κατεχρυσώθη
1640 4335 1718 4408 τῷ
1739 4332 2040 4404 Πνεύματι,

440 4438 538 4494 καὶ
559 4429 816 4510 κοινωνίᾳ
839 4439 905 4508 τῇ
938 4436 1075 4508 πρὸς
1098 4433 1282 4499 αὑτὸν,
1309 4434 1342 4504 ἡ
1373 4429 1660 4501 ἀνθρώπου
1684 4425 1866 4499 φύσις.
1897 4427 2046 4496 Χρυ-

2148 588 2272 628 rum
2332 572 2540 637 frusta,
2577 583 2635 628 et
2671 573 3019 636 holocausta,
3055 573 3354 642 oviumque
3377 584 3432 630 et
3461 575 3742 633 hircorum

2147 661 2260 716 Deo
2316 671 2767 717 consecratorum
2803 662 3116 718 oblationes
3169 673 3330 716 erant
3375 665 3736 735 imponendae.

2145 751 2300 806 lianc
2334 751 2406 805 ob
2432 766 2658 806 causam
2686 761 2743 808 et
2765 753 3052 818 craticula,
3070 761 3126 809 et
3148 753 3327 820 focus,
3352 765 3410 811 et
3431 755 3740 821 fuscinulze,

2147 849 2206 898 et
2232 842 2453 914 phialae,
2490 844 2742 898 etomnia
2784 844 3024 915 denique
3052 846 3173 916 ejus
3217 862 3347 902 vasa
3385 863 3538 902 aenea
3570 859 3739 915 sunt;

2145 941 2210 989 ut
2230 933 2499 1005 legalibus
2520 932 2808 988 sacriﬁciis
2843 948 3005 988 suum
3036 951 3197 990 usum
3220 937 3466 1006 praebere
3494 946 3740 1008 possent,

2145 1046 2329 1102 neque
2358 1040 2544 1086 tamen
2569 1029 2786 1085 voracis
2808 1027 2951 1100 ignis
2989 1031 3225 1100 appulsu
3257 1040 3738 1088 consumerentur.

2145 1123 2420 1179 Coronam
2452 1138 2605 1187 vero,
2647 1128 2704 1176 et
2739 1122 3063 1193 angulorum
3099 1139 3305 1180 cornua
3331 1125 3508 1195 ipsius
3552 1125 3744 1198 ﬁgura:

2145 1213 2552 1286 pulchritudini
2581 1212 2894 1269 tribuemus
2929 1228 3097 1270 :nam
3135 1216 3280 1286 apud
3300 1217 3456 1271 illum
3491 1219 3740 1273 omnium

2145 1306 2621 1376 sapientissimum
2647 1297 2822 1362 Deum
2840 1305 3090 1361 deforme
3123 1307 3262 1361 nihil
3297 1316 3400 1364 est.
3421 1310 3581 1380 303
3600 1309 3742 1365 lllud

2147 1405 2332 1454 tamen
2359 1413 2554 1454 rursus
2581 1398 2820 1470 agedum
2837 1397 3110 1465 dicamus,
3145 1400 3215 1454 iis
3266 1415 3388 1469 quae
3419 1400 3486 1454 de
3516 1417 3575 1455 re
3601 1417 3741 1472 qua-

2146 1504 2256 1559 que
2308 1497 2585 1560 praecepta
2623 1497 2773 1555 sunt,
2817 1498 3076 1546 accurate
3118 1492 3365 1546 animum
3398 1492 3739 1564 adjicientes.

2145 1581 2334 1637 Altare
2359 1581 2625 1652 praecepit
2654 1581 2775 1639 ﬁeri
2833 1583 2982 1654 quod
3006 1584 3278 1654 legalibus
3302 1584 3502 1640 hosuis
3545 1600 3746 1641 conve-

2145 1672 2295 1729 niret
2327 1682 2494 1744 atque
2540 1682 2729 1744 aptum
2772 1683 2957 1743 esset;
2989 1676 3086 1731 sed
3121 1691 3350 1731 aureum
3384 1677 3440 1730 in
3478 1689 3546 1730 eo
3580 1677 3742 1744 nihil,

2147 1763 2310 1834 quale
2341 1763 2594 1834 profecto
2616 1772 2674 1819 et
2700 1764 2759 1820 in
2781 1780 2930 1829 arca,
2958 1773 3016 1822 et
3054 1765 3409 1834 candelabro,
3445 1775 3504 1824 et
3531 1783 3741 1834 mensa,

2148 1861 2206 1908 et
2235 1853 2305 1910 iis
2331 1869 2454 1926 quae
2482 1855 2542 1910 in
2581 1855 2676 1911 illa
2695 1863 2880 1924 erant,
2903 1855 3096 1922 videre
3123 1856 3275 1912 licet.

2217 2126 2417 2196 PALL.
2441 2130 2576 2207 Quae
2608 2127 2831 2196 tandem
2858 2138 2948 2198 est
2973 2142 3055 2198 rei
3079 2142 3244 2199 istius
3271 2145 3482 2200 causa?

2218 2231 2377 2287 CYR.
2401 2236 2485 2286 An
2516 2246 2669 2296 vero,
2701 2231 2932 2298 Palladi,
2973 2247 3082 2287 non
3115 2233 3265 2289 illius
3297 2232 3500 2289 divinae
3551 2245 3607 2290 et
3637 2231 3745 2291 im-

2149 2322 2399 2377 mortalis
2423 2332 2656 2388 naturae,
2701 2338 2868 2393 supra
2901 2339 2991 2379 res
3019 2339 3212 2380 omnes
3257 2326 3629 2395 praestantiam
3679 2343 3748 2384 ac

2149 2411 2503 2481 splendorem
2531 2412 3022 2482 incomparabilem
3059 2414 3148 2485 (de
3171 2429 3240 2470 eo
3276 2415 3478 2486 loquor
3509 2416 3603 2487 qui
3647 2432 3747 2488 po-

2149 2511 2260 2559 test
2312 2503 2598 2558 intellectu
2644 2502 2879 2576 percipi)
2927 2519 3062 2561 auro
3094 2505 3418 2562 dicebamus
3461 2507 3746 2578 aptissime

2149 2579 2492 2666 signiﬁcari?
2537 2590 2542 2593 “
2567 2588 2598 2596 “’

2215 2685 2414 2741 PALL.
2447 2686 2662 2741 Fateor.

2219 2776 2378 2834 CYR.
2412 2777 2713 2834 Considera
2746 2777 2933 2849 igitur,
2961 2777 3101 2833 illud
3128 2779 3322 2850 legalis
3359 2780 3542 2836 cultus
3576 2781 3748 2838 altare

2151 2880 2353 2940 expers
2387 2871 2616 2924 omnino
2650 2869 2773 2924 auri
2819 2869 2990 2926 fuisse
3027 2888 3042 2924 :
3071 2886 3179 2940 qua
3206 2871 3263 2926 in
3291 2887 3348 2927 re
3400 2873 3748 2943 apertissime

2151 2961 2314 3016 nobis
2330 2960 2511 3015 innuit
2543 2959 2691 3015 Deus
2730 2961 2870 3032 legis
2895 2961 3167 3017 beneﬁcio
3189 2961 3458 3032 Spiritum
3494 2972 3746 3020 sanctum

2152 3052 2379 3108 minime
2412 3052 2698 3109 conciliari
2739 3054 2921 3117 nobis,
2969 3067 3152 3123 neque
3193 3053 3304 3108 vim
3339 3055 3488 3110 illam
3531 3055 3748 3126 ﬁgurati

2152 3144 2338 3199 cultus
2401 3160 2524 3200 esse
2564 3145 2841 3216 ejusmodi
2887 3145 3066 3216 gratia
3116 3146 3455 3200 deCoratam.
3507 3146 3750 3217 Spiritus

2146 3233 2295 3289 enim
2329 3235 2620 3290 servitutis
2656 3246 2781 3292 erat
2804 3252 2971 3307 super
2989 3237 3198 3302 Israel;
3232 3237 3395 3292 nobis
3421 3245 3605 3292 autem
3643 3239 3749 3296 hoc

2145 3326 2354 3382 donum
2394 3344 2496 3398 per
2533 3327 2816 3384 Christum
2861 3328 3136 3382 tributum
3165 3335 3292 3394 est,
3331 3337 3688 3398 posteaquam
3714 3346 3746 3386 a

2145 3419 2382 3473 mortuis
2403 3419 2624 3486 revixit;
2650 3417 2953 3474 insufﬂavit
2971 3419 3144 3485 enim,
3174 3418 3366 3474 dicens
3393 3436 3406 3472 :
3440 3437 3458 3471 ι
3495 3418 3748 3490 Accipite

2147 3509 2421 3580 Spiritum
2455 3510 2792 3566 sanctum“.
2827 3529 2846 3562 ι
2877 3509 3068 3582 Itaque
3114 3511 3321 3566 Paulus
3359 3511 3745 3582 alloquebatur

2145 3600 2440 3657 credentes
2475 3619 2488 3654 :
2523 3619 2542 3653 ι
2575 3601 2699 3658 Non
2744 3601 2897 3656 enim
2939 3600 3234 3672 accepistis
3272 3602 3530 3671 spiritum
3565 3603 3745 3658 servi-

2145 3693 2284 3748 tutis
2340 3694 2543 3748 iterum
2587 3692 2646 3748 in
2693 3693 2931 3759 timore,
2985 3693 3084 3748 sed
3138 3693 3430 3764 accepistis
3489 3693 3746 3764 spiritum

2145 3783 2460 3855 adoptionis
2513 3784 2775 3851 ﬁliorum,
2827 3784 2884 3840 in
2913 3799 3024 3855 quo
3061 3785 3363 3840 clamamus
3394 3785 3610 3851 :Abba,
3640 3787 3746 3842 Pa-

2147 3887 2232 3934 ter
2249 3878 2314 3932 ³⁵.
2349 3897 2368 3931 ι
2420 3878 2573 3933 lllam
2591 3893 2760 3948 porro
2797 3877 2983 3932 cultus
3023 3877 3214 3948 legalis
3262 3877 3578 3932 facultatem
3634 3893 3747 3934 non

2145 3971 2318 4027 fuisse
2331 3971 2508 4027 sancti
2541 3971 2785 4040 Spiritus
2814 3968 3239 4039 participatione
3259 3968 3567 4038 prmditam.
3586 3986 3745 4024 eum-

2146 4076 2252 4133 que
2289 4063 2359 4117 iis
2379 4063 2565 4133 potius
2588 4061 2781 4116 datum
2817 4075 2942 4116 esse
2992 4060 3088 4130 qui
3129 4059 3235 4114 [ide
3268 4059 3554 4131 justiﬁcati
3593 4071 3743 4127 sunt,

2146 4152 2440 4208 conﬁrmat
2469 4149 2912 4222 sapientissimus
2929 4149 3192 4214 Joannes,
3209 4164 3333 4203 cum
3358 4149 3528 4204 dicit:
3554 4168 3572 4200 ‹
3593 4150 3745 4206 Non-

2146 4245 2279 4300 dum
2298 4245 2448 4299 enim
2463 4251 2585 4298 erat
2604 4242 2848 4313 Spiritus
2871 4248 3117 4306 sanctus,
3149 4241 3280 4312 quia
3302 4239 3464 4296 Jesus
3497 4241 3743 4296 nondum

2145 4347 2266 4392 erat
2282 4332 2696 4408 gloriﬁcatus“.
2746 4352 2765 4385 ι
2795 4333 3054 4388 Nondum
3089 4332 3239 4387 enim
3277 4332 3554 4387 revixerat
3580 4330 3744 4387 Chri-

2147 4436 2268 4486 stus
2296 4447 2308 4483 :
2336 4437 2452 4484 tum
2472 4428 2620 4483 enim
2643 4423 2885 4482 hominis
2901 4433 3100 4478 natura
3122 4423 3355 4494 Spiritu,
3373 4431 3430 4478 et
3443 4424 3565 4494 ejus
3590 4438 3744 4479 com-

439 4528 538 4584 σοῦ
581 4529 681 4601 μὲν
724 4519 789 4599 δή
831 4527 953 4599 δίχα
977 4567 990 4590 ,
1033 4525 1290 4598 ταύτῃτοι
1322 4520 1576 4592 γενέσθαι
1619 4519 1956 4591 προστέταχε
1989 4519 2047 4581 τδ

2159 4519 2536 4578 municatione
2568 4517 2972 4590 propemodum
3000 4516 3254 4572 inaurata
3289 4523 3394 4572 est.
3431 4515 3546 4571 Hac
3578 4515 3744 4588 igitur

439 4622 852 4692 θυσιαστήριον,
885 4620 1141 4690 καθάπερ
1169 4616 1409 4688 ἐγῷμαι,
1439 4608 1532 4668 τὸν
1551 4607 1608 4668 δὲ
1632 4606 1726 4666 ἐπὶ
1755 4611 1833 4682 τῷ
1851 4608 2038 4681 χαλκῷ

437 4715 621 4784 λόγον,
657 4713 718 4778 ἐξ
760 4707 823 4768 οῦ
851 4712 947 4767 καὶ
984 4709 1280 4781 πεποίητο,
1314 4709 1720 4780 παραδραμεῖν,
1759 4703 1836 4768 ὡς
1869 4703 2035 4766 έοικε,

436 4810 550 4870 τοῖς
592 4804 950 4877 φιλομαθέσιν
987 4803 1090 4857 οὐκ
1135 4801 1388 4873 ἀζήμιον.
1449 4797 1694 4853 Ἐκτέκοι
1731 4797 1841 4866 γάρ
1880 4797 1947 4850 ἄν
1982 4811 2037 4847 τι

439 4897 545 4952 τῶν
585 4895 905 4966 ἀναγκαίων
938 4896 972 4966 ή
1009 4894 1261 4966 βάσανος,
1295 4893 1552 4965 καθάπερ
1585 4883 1647 4946 τὸ
1677 4891 1781 4944 ύπό
1819 4907 1912 4943 του
1949 4906 2038 4942 σοά

436 4988 555 5060 φῶς
573 4989 886 5060 εἰρημένον,
914 4987 1002 5041 Ἐν
1023 4986 1186 5041 παντὶ
1208 4985 1544 5058 μεριμνῶντι
1565 4984 1740 5037 ἔνεστι
1755 4981 2030 5054 περιττόνι

511 5163 721 5220 ΠΔΛΛ.
758 5163 826 5218 Τί
853 5158 947 5219 οῦν
963 5154 1030 5218 ἂν
1053 5162 1196 5234 ἔχοις
1209 5161 1385 5216 εἰπεῖν
1409 5161 1504 5215 καὶ
1531 5161 1622 5214 ἐπὶ
1653 5159 1788 5229 τῷδε
1838 5158 1998 5212 πάλιν
2020 5168 2035 5220 ;

509 5257 675 5312 ΚΥΡ.
731 5256 934 5310 Ἀκουε
973 5255 1064 5326 δήσ
1094 5255 1263 5324 ψήφῳ
1311 5253 1412 5324 μὲν
1455 5252 1564 5324 γάρ
1611 5254 1678 5322 τῇ
1718 5243 1925 5304 ἄνωθεν
1958 5249 2040 5311 είς

436 5347 594 5420 ἱερέα
628 5349 724 5402 καὶ
754 5347 1059 5419 ἡγούμενον
1091 5347 1182 5399 τὸν
1210 5343 1500 5400 θεσπέσιον
1544 5343 1754 5414 Ἀαρὼν
1783 5357 2030 5412 κεχειρο-

431 5439 698 5510 τονῆσθαί
743 5456 877 5512 φησι
918 5438 980 5492 τὸ
1025 5437 1268 5510 Γράμμα
1308 5435 1370 5490 τὺ
1414 5435 1580 5508 ἱερόν.
1631 5434 1777 5506 Κορὲ
1811 5449 1876 5502 γε
1925 5431 2032 5502 μὴν

435 5529 535 5585 καὶ
577 5529 779 5594 Δαθάν,
825 5528 920 5582 καὶ
967 5529 1078 5591 τοῖς
1108 5525 1246 5598 ἀμφ’
1279 5525 1498 5592 αὐτοὺς,
1534 5525 1567 5597 ή
1614 5525 1782 5596 ἀγρία
1821 5523 2036 5594 πληθὺς
2073 5569 2080 5576 .

433 5621 540 5692 τῆς
582 5620 792 5675 ἀνωθεν
837 5620 1022 5691 ψήφου
1076 5618 1455 5690 προαλέστατα
1505 5616 1901 5684 καταθέοντες,
1937 5616 2032 5671 καὶ

510 5797 557 5828 ⁸⁸
579 5796 738 5854 Joan.
787 5812 879 5864 xx,
909 5796 999 5851 22.
1081 5797 1124 5829 ⁸⁸
1147 5797 1431 5860 Rom.vm,
1466 5795 1553 5851 15.
1633 5797 1682 5828 ³⁸
1715 5795 1873 5852 Joan.
1907 5811 2004 5863 vn,
2045 5793 2134 5852 39.

2141 4615 2210 4672 de
2253 4628 2420 4669 causa
2455 4611 2576 4667 sine
2619 4624 2758 4666 auro
2785 4608 2906 4666 ﬁeri
2948 4609 3116 4681 jussit
3157 4607 3364 4674 altare,
3411 4617 3474 4662 ut
3523 4609 3744 4680 opinor.

2137 4706 2416 4762 Caeterum
2467 4703 2739 4758 rationem
2778 4700 2906 4757 aeris
2928 4741 2942 4766 ,
2985 4715 3055 4756 ex
3088 4713 3201 4770 quo
3227 4698 3365 4754 illud
3397 4707 3740 4755 exstructum

2139 4797 2266 4864 fuit,
2297 4795 2725 4868 praetermittere
2769 4809 2882 4850 non
2931 4792 3053 4847 sine
3095 4791 3493 4858 studiosorum,
3529 4801 3590 4848 ut
3621 4795 3742 4864 opi—

2139 4903 2263 4952 nor,
2287 4888 2503 4958 jactura
2526 4899 2823 4956 possumus
2854 4899 2867 4938 :
2902 4898 3030 4938 nam
3060 4882 3178 4937 haec
3209 4881 3494 4952 inquisitio
3533 4883 3740 4954 aliquid

2141 4977 2399 5033 utilitatis
2414 4975 2617 5048 pariet,
2645 4981 2812 5030 utest
2841 4989 2873 5028 a
2901 4972 3142 5044 quodam
3179 4973 3461 5042 sapienter
3481 4972 3694 5030 dictum
3726 4994 3740 5031 :

2140 5065 2200 5122 in
2223 5068 2374 5124 omni
2409 5067 2650 5124 sollicito
2673 5066 2819 5121 inest
2849 5063 3082 5119 utilitas.

2212 5160 2412 5216 PALL.
2449 5159 2592 5227 Quid
2616 5158 2789 5230 igitur
2821 5156 2926 5211 hac
2951 5156 3020 5211 de
3051 5171 3112 5210 re
3134 5154 3322 5210 dicere
3351 5151 3564 5210 habes?

2213 5249 2372 5307 (ΠΒ.
2411 5249 2556 5305 Audi
2593 5249 2762 5321 igitur
2792 5263 2806 5301 :
2843 5250 3030 5301 Aaron
3061 5244 3208 5300 enim
3241 5246 3423 5301 virum
3448 5245 3604 5301 illum
3645 5247 3740 5303 ad-

2141 5342 2486 5408 mirabilem,
2515 5341 2728 5398 coelesti
2758 5337 3020 5410 suffragio
3050 5337 3395 5392 sacerdotem
3419 5353 3484 5393 ac
3525 5339 3737 5409 princi-

2137 5450 2266 5506 pem
2294 5437 2532 5491 electum
2572 5433 2766 5500 fuisse,
2799 5447 2968 5489 sacrae
2995 5432 3236 5488 Litterae
3269 5440 3561 5488 testantur.
3595 5430 3738 5490 Core

2139 5537 2326 5584 tamen
2363 5537 2420 5583 et
2468 5528 2722 5592 Datban,
2773 5541 3080 5597 eorumque
3134 5524 3415 5581 sociorum
3467 5524 3737 5582 ell‘renata

2141 5619 2236 5676 illa
2262 5611 2563 5678 multitudo
2593 5627 2786 5678 contra
2809 5633 3112 5691 supernum
3146 5617 3280 5675 illud
3318 5617 3600 5675 decretum
3633 5632 3734 5689 pe-
