4118 6452
415 383 519 440 615

1446 376 1502 429 S.
1542 375 1817 431 CYRILLI
1857 373 2328 431 ALEXANDRINI
2366 371 2680 427 ARCIIIEP.

3577 370 3640 432 6'1
3652 372 3686 433 6

416 495 786 556 tulantissime
817 493 1038 556 obnixa,
1066 501 1121 545 et
1152 491 1415 545 adversus
1431 490 1649 545 divinas
1682 493 1831 562 leges
1845 490 1995 546 exci-

2101 488 2206 542 τῶν
2240 487 2396 541 ὑείων
2417 486 2937 557 κατεξανιστάμενοι
2957 486 3156 557 νόμων,
3187 486 3388 557 πυρεῖα
3410 486 3689 559 προσῆγον

418 600 551 653 tata,
592 586 876 642 thuribula
914 585 1269 647 detulerunt,
1317 599 1442 638 cum
1479 584 1741 647 invocati,
1791 598 1999 653 suaque

414 678 578 750 30h,
603 685 797 747 sponte
835 674 903 728 ad
929 674 983 728 id
1026 687 1228 726 munus
1266 680 1649 742 properarent,
1700 672 1997 725 honorem-

414 783 521 835 que
552 768 655 821 sibi
687 764 913 820 minime
947 764 1213 818 tributum
1253 762 1584 831 arriperent,
1639 777 1702 816 ac
1729 760 1999 816 sacerdoti

412 858 675 928 principi,
699 866 755 912 ct
769 873 835 911 ex
866 855 1140 910 universis
1162 855 1307 909 lecto
1332 854 1499 907 nimis
1518 852 1786 922 prtecipiti
1814 852 1999 906 furore

414 963 567 1003 suam
599 946 894 1000 amentiam
937 952 1101 1014 atque
1123 943 1410 998 audaciam
1438 943 1856 1012 opponerent".
1889 942 1996 997 De-

411 1037 736 1107 signabatur
765 1045 949 1090 autem
979 1036 1086 1090 hoc
1111 1034 1257 1088 facto
1298 1032 1490 1088 futura
1539 1033 1806 1088 adversus
1838 1031 1999 1086 Chri-

411 1137 559 1183 stum
579 1127 893 1183 Judmorum
918 1126 1146 1181 audacia
1172 1144 1185 1178 :
1213 1126 1330 1196 ipse
1358 1125 1504 1179 enim
1531 1132 1616 1179 est
1635 1134 1823 1179 noster
1844 1138 1996 1178 sum-

412 1233 534 1271 mus
564 1216 841 1281 sacerdos,
868 1216 964 1285 qui
1002 1215 1071 1269 ad
1098 1216 1204 1271 hoc
1236 1215 1521 1285 dignitatis
1558 1215 1781 1269 culmen
1815 1213 1997 1267 Patris

411 1309 671 1379 suﬂragio
698 1316 783 1363 est
804 1316 1129 1378 provectus;
1166 1313 1333 1375 atque
1358 1305 1439 1359 illi
1457 1304 1679 1374 quidem
1698 1312 1994 1358 conatuum

410 1396 548 1451 adeo
593 1396 839 1465 turpium
891 1410 1081 1465 pwnas
1118 1394 1413 1459 dederunt,
1461 1393 1780 1463 dabuntque
1829 1393 1995 1447 etiam

410 1496 535 1557 post
561 1502 659 1541 eos
689 1486 884 1552 Judaei,
924 1502 1050 1541 cum
1090 1487 1285 1542 iisdem
1313 1486 1643 1540 criminibus
1682 1493 1990 1540 teneantur.

409 1579 555 1633 Deus
577 1586 760 1632 autem
790 1576 981 1649 Moysi,
1012 1584 1128 1631 tum
1160 1583 1217 1631 et
1242 1577 1506 1630 Eleazaro
1537 1575 1720 1629 Aaron
1747 1574 1878 1637 tilio,
1930 1588 1996 1627 ac

410 1670 683 1727 sacerdoti
716 1668 856 1724 dixit
889 1686 902 1720 :
930 1687 947 1718 ι
977 1667 1188 1722 Sumite
1221 1666 1507 1720 thuribula
1534 1679 1686 1719 aenea
1713 1663 1781 1719 de
1812 1663 1994 1719 medio

410 1761 843 1824 combustorum,
878 1768 935 1813 et
951 1759 1133 1829 ignem
1162 1758 1312 1811 hunc
1358 1757 1601 1811 alienum
1643 1770 1839 1826 sparge
1888 1755 1989 1819 ibi,

2103 578 2327 648 ἄκλητοι
2358 579 2453 631 καὶ
2482 577 2767 646 αὐτόμολοι
2801 576 2939 647 πρὸς
2970 574 3129 629 τοῦτο
3169 576 3361 640 ίὸντες,
3398 576 3494 628 καὶ
3519 578 3688 649 τιμὴν

2090 669 2458 740 ἁρπάζοντες,
2488 669 2548 720 ού
2575 668 2902 738 νεμηθεῖσαν
2927 668 3130 731 αὐτοῖς,
3157 666 3685 737 ἀντιπαρεξάγοντες

2100 759 2196 813 καὶ
2227 758 2371 830 μάλα
2398 757 2636 829 θερμῶς,
2673 760 2741 811 τὰ
2771 756 2829 822 ἐξ
2858 757 3115 821 ἀπονοίας
3141 757 3235 810 καὶ
3266 755 3520 827 θράσους,
3552 760 3685 828 ἱερεῖ

2097 854 2177 925 τῷ
2219 852 2544 925 προῦχοντι,
2597 854 2691 907 καὶ
2724 853 2831 906 τῶν
2873 853 3050 907 ἄλλων
3086 851 3342 907 ἁπάντων
3373 852 3687 923 ἀπολέγδην

2099 943 2439 1015 ἐξῃρημένῳ.
2483 944 2933 1012 Ἐσκιαγραφεῖτο
2955 943 3011 997 δὲ
3036 943 3127 997 διὰ
3151 941 3354 995 τούτων
3385 944 3419 1013 ή
3450 943 3684 1013 ἐσομένη

2098 1034 2238 1089 κατὰ
2286 1034 2522 1106 Χριστοῦ
2562 1034 2671 1088 τῶν
2732 1034 3002 1088 Ἰουδαίων
3056 1032 3304 1105 ἀπόνοια.
3350 1033 3523 1096 Αὐτὸς
3576 1033 3686 1102 γὰρ

2097 1124 2252 1195 ἡμῶν
2283 1126 2593 1195 ἀρχιερεὺς,
2626 1124 2789 1195 ψήφῳ
2823 1125 2959 1195 πρὸς
2988 1125 3146 1179 τοῦτο
3169 1123 3408 1194 ἠγμένος
3429 1126 3495 1195 τῇ
3530 1123 3684 1194 παρὰ

2097 1216 2331 1280 Πατρδς,
2360 1218 2455 1269 καὶ
2483 1218 2531 1268 οί
2569 1217 2667 1287 μὲν
2698 1215 2803 1268 τῶν
2835 1215 3008 1280 οὕτως
3035 1216 3278 1287 αἰσχρῶν
3306 1213 3679 1285 ὲπιχειρημά-
3726 1222 3732 1231 ·

2094 1323 2203 1358 των
2242 1307 2549 1360 ὲκτετίκασι
2578 1307 2752 1370 δίκας·
2784 1305 3102 1361 ἁποτίσουσι
3129 1307 3185 1360 δὲ
3210 1306 3307 1360 καὶ
3340 1304 3458 1377 μετ’
3484 1305 3681 1368 αὐτοὺς

2109 1396 2347 1450 Ἰουδαῖοι
2377 1400 2488 1459 τοῖς
2521 1398 2655 1461 ίσοις
2679 1399 2986 1469 ἐγκλήμασι
3014 1400 3297 1467 γεγονότες
3321 1397 3518 1469 ἔνοχοι.
3546 1397 3680 1461 Θεὸς

2093 1486 2151 1540 δὲ
2186 1486 2251 1558 δὴ
2281 1487 2403 1539 τότε
2432 1487 2566 1558 πρὸς
2608 1489 2812 1541 Μωσέα
2846 1505 2906 1541 τε
2949 1488 3042 1543 τὸν
3090 1487 3255 1561 ἱερὸν,
3298 1489 3392 1542 καὶ
3436 1488 3541 1560 μὴν
3582 1492 3677 1542 καὶ

2095 1576 2231 1647 πρὸς
2272 1576 2534 1647 Ἐλεάζαρ
2562 1575 2687 1646 ἔφη,
2712 1577 2802 1629 τὸν
2829 1576 2886 1642 ἐξ
2929 1575 3245 1648 Ἀαρὼντὸν
3285 1576 3455 1648 ἱερέαο
3491 1594 3510 1628 ι
3557 1577 3678 1630 Ἀν-

2095 1668 2279 1721 έλεσθε
2298 1670 2366 1723 τὰ
2388 1670 2586 1739 πυρεῖα
2609 1669 2677 1722 τὰ
2696 1668 2874 1738 χαλκᾶ
2889 1669 2955 1722 ὲκ
2980 1669 3144 1738 μέσου
3165 1668 3272 1721 τῶν
3297 1669 3674 1739 κεκαυμένων,

2097 1761 2192 1812 καὶ
2235 1759 2298 1812 τὸ
2331 1760 2443 1830 πῦρ
2492 1758 2557 1811 τὸ
2611 1758 2891 1830 ἀλλότριον
2938 1758 3097 1812 τοῦτο
3140 1761 3362 1830 σπεῖρον
3402 1763 3549 1825 ἐκεῖ,
3593 1761 3676 1813 ὅτι

411 1852 542 1921 quia
595 1849 1077 1905 sanctificaverunt
1105 1847 1387 1902 thuribula
1414 1848 1611 1902 horum
1648 1856 1997 1915 peccatorum

2101 1851 2291 1922 ήγίασε
2334 1851 2403 1905 τὰ
2451 1853 2651 1921 πυρεῖα
2682 1850 2792 1903 τῶν
2821 1851 3165 1922 ἁμαρτωλῶν
3205 1850 3408 1903 τούτων
3453 1853 3510 1903 ὲν
3557 1854 3676 1914 ταῖς

412 1944 469 1997 in
498 1941 788 1997 animabus
822 1940 936 1995 suis
973 1957 986 2005 ;
1021 1948 1077 1995 et
1117 1939 1372 1994 fecerunt
1397 1939 1512 2009 ipsa
1546 1940 1777 1994 laminas
1813 1939 1996 1993 ducti-

410 2036 513 2099 les,
563 2033 1100 2103 circumpositionem
1148 2031 1331 2097 altari,
1386 2033 1516 2101 quia
1549 2034 1712 2088 allata
1748 2040 1875 2087 sunt
1906 2045 1996 2085 co-

416 2142 533 2181 ram
567 2125 821 2191 Domino,
851 2133 909 2180 et
926 2121 1263 2179 sanctificata
1296 2133 1446 2188 sunt,
1491 2131 1549 2178 et
1600 2122 1739 2178 facta
1780 2129 1909 2177 sunt
1938 2122 1996 2177 iu

414 2218 627 2288 signum
658 2216 784 2271 filiis
812 2216 977 2271 Israel
1002 2214 1065 2268 ³⁸.
1105 2233 1123 2265 ι
1149 2214 1329 2284 Atque
1355 2214 1472 2269 haec
1509 2214 1732 2283 quidem
1760 2229 1828 2268 eo
1853 2222 1993 2268 tem-

411 2318 541 2373 pore
572 2302 714 2356 dixit
737 2302 899 2356 Deus.
933 2301 992 2356 In
1027 2301 1214 2356 Exodo
1257 2311 1441 2357 autem
1480 2302 1748 2373 scriptum
1794 2311 1881 2357 est
1925 2301 1995 2355 de

409 2394 673 2457 Beseleel,
719 2393 812 2463 qui
849 2402 1003 2463 patre
1038 2392 1263 2462 quidem
1295 2399 1415 2446 erat
1441 2392 1593 2458 Uria,
1619 2392 1715 2447 sed
1746 2391 1814 2446 de
1846 2391 1995 2446 tribu

410 2486 546 2551 Dan,
575 2493 633 2539 et
658 2483 903 2539 universi
948 2484 1135 2553 operis
1170 2483 1470 2554 princeps:
1507 2502 1525 2534 ι
1555 2483 1654 2538 llic
1674 2482 1805 2538 fecit
1825 2482 1996 2537 altare

407 2592 621 2631 aeneum
669 2591 738 2630 ex
779 2575 1079 2630 thuribulis
1131 2576 1298 2630 aeneis
1357 2590 1480 2645 quae
1540 2572 1759 2628 fuerant
1819 2572 1997 2628 homi-

410 2681 539 2719 num
568 2666 663 2735 qui
700 2665 1031 2721 seditionem
1087 2664 1505 2720 concitaverunt
1541 2680 1666 2719 cum
1727 2678 1996 2738 synagoga

410 2752 550 2809 Core
584 2755 649 2808 ³³⁵.
690 2774 708 2805 ι

484 2846 678 2901 PALL.
710 2845 852 2913 Quid
878 2846 1046 2917 igitur
1073 2847 1219 2901 istud
1243 2848 1364 2903 est?

482 2939 640 2993 CYR.
688 2938 976 2993 Maximam
1025 2938 1081 2993 id
1126 2954 1259 2993 vero
1283 2939 1580 2994 utilitatem
1635 2939 1900 3006 continet,
1949 2940 1998 2996 si

410 3025 983 3090 animadverterimus,
1046 3042 1231 3081 arcam
1259 3026 1506 3097 quidem,
1539 3043 1661 3097 qua:
1696 3027 1902 3084 Christi
1928 3028 1993 3081 fi~

409 3133 603 3189 guram
658 3123 892 3188 gereret,
941 3117 1047 3171 alia
1099 3126 1391 3187 praeterea,
1454 3118 1869 3183 candelabrum,
1911 3119 1994 3172 in-

2019 3165 2067 3229 C

2094 1941 2290 2009 ψυχαῖς
2321 1937 2522 1993 αὐτῶν.
2568 1938 2678 1991 Kal.
2713 1938 2974 2010 ἐποίησαν
3015 1939 3155 1991 αὐτὰ
3191 1938 3412 2002 λεπίόας
3440 1939 3635 2001 ὲλατὰς
3662 1978 3675 1999 ,

2095 2032 2367 2103 περίθεμα
2391 2031 2468 2100 τῷ
2497 2030 2890 2102 θυσιαστηρίῳ,
2916 2031 2999 2084 ὅτι
3029 2030 3475 2103 προσηνέχθησαν
3499 2032 3677 2085 ἔναντι

2094 2123 2324 2194 Κυρίου,
2357 2124 2450 2176 καὶ
2494 2121 2853 2193 ήγιάσθησαν.
2898 2122 3008 2175 Καὶ
3057 2121 3303 2191 ἐγένοντο
3337 2125 3417 2185 είς
3454 2125 3679 2193 σημεῖον

2096 2217 2207 2275 τοῖς
2234 2214 2366 2276 υἱοῖς
2411 2212 2650 2284 Ἰσραήλ.
2691 2231 2710 2264 ι
2749 2210 2932 2282 Ταύτῃ
2966 2210 3064 2281 μὲν
3094 2206 3185 2265 οὖν
3205 2210 3309 2281 ἔφη
3333 2208 3394 2264 τὸ
3424 2212 3677 2283 τηνικάδε

2096 2305 2248 2368 Θεός.
2307 2306 2394 2358 Ἐν
2420 2308 2488 2376 τῇ
2545 2304 2740 2375 Ἐξόδῳ
2766 2303 2825 2357 δὲ
2851 2303 3164 2374 γέγραπται
3208 2305 3337 2374 περὶ
3373 2303 3470 2357 τοῦ
3512 2305 3675 2357 Beas-

2095 2394 2242 2465 λεὴλ,
2290 2393 2350 2455 ὃς
2396 2388 2467 2464 ἦν
2515 2393 2579 2444 ὲκ
2617 2390 2825 2462 πατρὸς
2873 2390 2970 2460 μὲν
3014 2389 3247 2461 Οὐρίου,
3292 2389 3464 2460 φυλῆς
3491 2390 3547 2443 δὲ
3575 2392 3676 2458 τῆς

2095 2485 2202 2539 Δὰν
2250 2484 2351 2555 (l),
2402 2484 2497 2535 καὶ
2546 2482 2726 2552 πάσης
2777 2481 3058 2551 εὐτεχνίας
3095 2479 3417 2551 ήγούμενοςυ
3452 2498 3474 2532 ‹
3508 2473 3678 2543 Οὗτος

2094 2576 2317 2647 ἐποίησε
2347 2574 2410 2627 τὸ
2438 2573 2817 2644 θυσιαστήριον
2848 2572 2910 2625 τὸ
2939 2570 3171 2643 χαλκοῦν
3201 2573 3266 2625 ὲκ
3288 2571 3395 2626 τῶν
3441 2573 3677 2644 πυρείων

2093 2667 2200 2721 τῶν
2226 2666 2462 2739 χαλκῶν,
2501 2648 2536 2718 ἆ
2564 2661 2631 2735 ἦν
2657 2667 2768 2727 eoi;
2801 2663 3026 2735 ἀνδράσι
3056 2665 3169 2727 τοῖς
3204 2664 3678 2720 καταστασιάσασι

2096 2756 2237 2827 μετὰ
2262 2757 2363 2826 τῆς
2390 2754 2533 2826 Κορὲ
2562 2753 2908 2824 συναγωγῆς.
2952 2772 2971 2806 ι

2169 2848 2381 2902 ΠΑΛΛ.
2420 2846 2487 2898 Τί
2516 2839 2610 2899 οὖν
2639 2843 2799 2897 τοῦτό
2825 2859 2911 2912 γε;

2165 2937 2329 2992 ΚΥΡ.
2377 2935 2586 3007 Πολλὴν
2623 2934 2688 2988 ἂν
2724 2934 2839 3005 ἔχοι
2882 2933 2980 3006 τὴν
3009 2934 3216 3007 ὄνησιν,
3244 2937 3294 2990 εί
3340 2938 3573 2992 ὲννοοῖτο
3595 2938 3679 2991 ὅτι

2097 3027 2390 3097 πεποίηται
2415 3027 2512 3096 μὲν
2540 3028 2575 3095 ἡ
2606 3025 2842 3088 κιϐωτὸς
2861 3026 2941 3089 είς
2965 3025 3137 3081 τύπον
3167 3028 3429 3098 Χριστοῦ,
3458 3028 3553 3082 καὶ
3578 3028 3679 3100 μέν

2095 3135 2177 3171 τοι
2212 3118 2401 3170 καὶτὰ
2427 3116 2608 3187 ἕτερα,
2640 3115 2854 3186 λυχνία,
2884 3117 3061 3188 φημὶ,
3096 3118 3194 3171 καὶ
3238 3117 3300 3171 τὸ
3346 3119 3677 3190 ἱλαστήριον,

409 3218 598 3273 quam,
630 3212 687 3258 et
715 3204 1181 3272 propitiatorium,
1222 3212 1279 3259 et
1314 3221 1383 3260 ex
1404 3222 1541 3261 auro
1569 3222 1833 3272 mensam,
1875 3208 1992 3262 haec

2101 3208 2195 3263 καὶ
2228 3211 2292 3260 ἐκ
2325 3207 2549 3278 χρυσίου
2577 3206 2827 3279 τράπεζα
2850 3245 2865 3271 ,
2912 3208 3378 3280 προσκομίσαντος
3413 3209 3506 3263 τοῦ
3549 3209 3679 3263 λαοῦ

408 3293 552 3348 facta
573 3308 694 3349 esse
726 3294 910 3348 omnia
926 3294 1195 3350 offerente
1216 3298 1420 3367 populo
1441 3338 1455 3363 ,
1486 3296 1739 3369 singulis,
1764 3299 1911 3369 quod
1937 3301 1990 3353 in

409 3385 664 3439 manibus
689 3393 827 3450 erat,
875 3385 988 3440 Deo
1033 3385 1346 3442 dicantibus
1377 3405 1390 3439 :
1418 3388 1629 3459 accepti
1675 3389 1824 3444 enim
1863 3404 1993 3444 sane

411 3484 540 3531 sunt
573 3477 627 3531 in
658 3477 885 3546 gloriam
932 3477 1051 3541 Dei,
1078 3485 1135 3530 et
1157 3477 1357 3544 Patris,
1396 3480 1490 3550 qui
1525 3480 1803 3536 Christum
1836 3480 1996 3535 donis

411 3576 769 3628 venerantur,
792 3575 847 3623 et
871 3568 1184 3637 spirituales
1210 3570 1516 3628 oblationes
1554 3572 1815 3637 oil‘eruut,
1853 3588 1993 3641 quo-

413 3670 536 3709 rum
567 3655 644 3708 illi
683 3655 867 3725 ﬁgurae
910 3656 1229 3727 umbraeque
1249 3668 1446 3715 erant:
1487 3660 1585 3715 sed
1611 3660 1745 3714 illud
1767 3660 1998 3716 culturae

413 3746 605 3816 legalis
665 3746 838 3801 altare
893 3747 1220 3804 irritationis
1284 3758 1450 3820 atque
1510 3750 1993 3817 contradictionis,

414 3837 842 3906 conspirationis
872 3838 994 3909 ejus
1031 3838 1292 3910 denique,
1331 3849 1392 3895 ut
1417 3842 1491 3896 ita
1530 3841 1731 3907 dicam,
1752 3858 1876 3911 qua:
1896 3843 1995 3898 ad-

414 3942 610 3981 versus
638 3927 976 3984 sacerdotem
994 3944 1272 3985 summum
1304 3930 1447 3986 facta
1477 3940 1581 3996 est,
1620 3933 1795 3987 veluti
1817 3933 1994 3988 moni-

417 4026 662 4073 mentum
693 4018 966 4089 quoddam
998 4035 1120 4076 esse
1143 4029 1306 4092 atque
1329 4021 1739 4092 praedictionem
1792 4023 1850 4079 in
1877 4025 1996 4095 ipsa

415 4109 604 4164 altaris
630 4112 1039 4166 constructione
1076 4113 1333 4181 positam,
1362 4114 1591 4184 mystice
1637 4123 1695 4169 et
1716 4114 1999 4185 dispensa-

418 4194 529 4249 tive
569 4196 930 4266 significatur.
973 4197 1166 4253 Nonne
1210 4200 1312 4255 tibi
1360 4201 1531 4272 figura
1561 4205 1850 4273 perspicua
1878 4205 1999 4260 est?

416 4287 622 4342 Christi
643 4302 881 4358 namque
910 4287 1140 4360 figuram
1181 4298 1331 4347 tenet
1366 4293 1568 4349 Aaron.
1599 4293 1876 4351 Adversus
1902 4311 1999 4352 au—

422 4385 529 4433 tem
558 4376 766 4433 Christi
793 4379 1023 4449 gloriam
1049 4384 1403 4440 contentione
1432 4399 1647 4439 summa
1667 4385 1997 4456 Judaeiquo-

2098 3301 2195 3354 καὶ
2226 3299 2515 3362 ἀναθέντος
2542 3299 2772 3353 ἑκάστου
2816 3298 2880 3352 τδ
2919 3300 2979 3353 ὲν
3001 3300 3179 3371 χερσί.
3220 3301 3408 3355 Δεκτοὶ
3432 3302 3543 3371 γὰρ
3560 3299 3680 3353 λίαν

2100 3393 2177 3453 είς
2196 3389 2352 3455 δόξαν
2374 3389 2508 3443 Θεοῦ
2525 3391 2618 3443 καὶ
2640 3390 2872 3461 Πατρὸς,
2890 3393 2937 3445 οι
2949 3391 3420 3464 καρποφοροῦντες
3439 3390 3678 3463 Χριστῷ,

2099 3480 2198 3533 καὶ
2230 3480 2568 3552 δωροφορίας
2607 3484 2977 3552 προσάγοντες
3022 3483 3123 3546 τὰς
3163 3483 3571 3554 πνευματικὰς,
3605 3476 3681 3537 ὢν

2100 3567 2240 3642 ἦσαν
2271 3574 2467 3625 ἐκεῖνοι
2492 3571 2654 3625 τύποι
2686 3573 2782 3627 καὶ
2815 3574 2986 3628 σκιαί.
3017 3574 3130 3645 Τῆς
3157 3574 3215 3629 δὲ
3244 3575 3384 3629 κατὰ
3404 3575 3567 3645 νόμον
3589 3574 3684 3627 λα-

2100 3663 2288 3733 τρείας
2309 3663 2369 3716 τὸ
2392 3662 2797 3735 θυσιαστήριον,
2830 3664 3181 3737 παροξυσμοῦ
3228 3667 3329 3720 καὶ
3351 3666 3682 3736 ἀντιλογίας,

2103 3751 2199 3803 καὶ
2227 3750 2293 3803 ἵν’
2330 3749 2502 3813 οὕτως
2531 3751 2667 3804 εῐπω
2695 3752 2900 3817 λοιπὸν,
2936 3754 3251 3824 ἁντάρσεως
3292 3758 3392 3826 τῆς
3425 3755 3548 3808 καθ’
3603 3757 3683 3806 ls-

2107 3841 2245 3909 ρέως
2271 3838 2365 3893 τοῦ
2385 3841 2619 3912 μεγάλου
2637 3844 3031 3915 γεγενημένης,
3058 3846 3219 3898 οἱονεί
3238 3862 3355 3910 πως
3383 3847 3684 3917 ὑπόμνημα

2104 3933 2199 3987 καὶ
2218 3933 2694 4004 προαναφωνησις,
2725 3936 2785 3989 ὲν
2822 3937 2959 4007 αὐτῇ
2991 3936 3221 4008 κειμένη
3249 3941 3313 4009 τῇ
3348 3942 3683 4009 κατασκευῇ,

2107 4025 2386 4097 μυστικῶς
2416 4042 2475 4079 τε
2506 4027 2601 4080 καὶ
2629 4027 2987 4098 οἰκονομικῶς
3029 4029 3375 4100 σημαίνεται.
3420 4028 3570 4102 ’Δρά
3601 4047 3684 4085 σοι

2105 4117 2276 4187 σαφὲς
2297 4115 2359 4170 τὸ
2381 4116 2614 4188 αἴνιγμα
2636 4133 2651 4184 ;
2681 4115 2918 4190 Χριστοῦ
2949 4119 3060 4190 γὰρ
3083 4121 3166 4183 είς
3192 4119 3362 4174 τύπον
3379 4122 3409 4174 ὁ
3451 4120 3682 4192 Ἀαρών·

2104 4208 2586 4278 πεφιλονεικήκασι
2626 4208 2682 4262 δὲ
2724 4211 2789 4281 τῇ
2821 4209 2915 4263 τοῦ
2958 4209 3197 4281 Χριστοῦ
3235 4209 3360 4282 δόξῃ
3400 4211 3493 4264 καὶ
3549 4212 3681 4264 Ἰου-

2103 4301 2264 4366 δαῖοι,
2288 4299 2384 4355 καὶ
2404 4298 2742 4368 ἀντιλέγεται
2764 4299 2853 4354 διὰ
2877 4299 3036 4354 τοῦτο
3055 4301 3116 4354 τὸ
3144 4301 3286 4355 κατὰ
3311 4301 3477 4373 νόμον
3499 4302 3686 4356 θυσια-

2108 4390 2348 4459 στήριον.
2400 4388 2688 4443 Πέπαυται
2736 4388 2843 4460 γὰρ
2895 4391 2929 4460 ή
2976 4389 3053 4452 ὡς
3101 4390 3159 4443 ἐν
3210 4392 3391 4455 σκιαῖς
3438 4391 3682 4462 λατρεία·

419 4484 527 4536 que
580 4476 934 4525 certaverunt
968 4490 981 4524 :
1023 4487 1297 4544 causaque
1337 4473 1752 4530 contradicendi
1788 4484 1874 4530 est
1917 4476 1997 4530 eis

2106 4482 2203 4534 καὶ
2226 4482 2285 4533 ὲν
2320 4480 2543 4551 Χριστῷ
2567 4480 2630 4553 δὴ
2658 4480 2859 4551 μᾶλλον
2888 4481 3252 4552 εύωδιάζομεν
3277 4481 3357 4552 τῷ
3381 4482 3557 4553 Πατρὶ
3586 4482 3689 4551 τὴν

419 4558 592 4629 legale
630 4559 735 4614 hoc
759 4560 959 4628 altare;
988 4564 1202 4619 ablatus
1238 4574 1323 4619 est
1356 4565 1505 4619 enim
1536 4564 1625 4619 ille
1660 4572 1917 4635 tanquam
1944 4566 2002 4620 in

422 4648 617 4703 umbra
649 4649 850 4716 cultus,
881 4652 1041 4723 305
1069 4662 1126 4707 et
1155 4654 1210 4707 in
1235 4652 1457 4708 Christo
1484 4654 1671 4723 potius
1700 4654 1855 4708 illum
1885 4655 1999 4725 spi-

422 4739 675 4793 ritualem
706 4740 929 4796 odorem
947 4743 1094 4798 Patri
1123 4743 1428 4798 adolemus.
1468 4743 1639 4814 quue
1676 4761 1871 4801 rursus
1890 4752 2010 4800 tan-

423 4844 589 4898 quam
634 4830 691 4884 in
754 4832 985 4898 umbris,
1020 4832 1348 4902 designavit,
1398 4832 1630 4888 dicens:
1680 4853 1698 4885 ‹
1732 4834 1801 4890 Et
1843 4835 2010 4892 facies

425 4921 561 4973 mihi
583 4921 753 4976 altare
778 4922 1151 4993 thymiamatis
1181 4936 1249 4976 ex
1271 4922 1432 4992 lignis
1460 4922 1926 4993 imputribilibus;
1952 4936 2011 4983 et

426 5010 593 5064 facies
627 5010 760 5065 illud
789 5012 963 5066 cubiti
992 5009 1356 5080 longitudine,
1395 5020 1452 5066 et
1479 5012 1650 5066 cubiti
1675 5014 2001 5084 latitudine;

428 5099 752 5166 quadratum
778 5102 904 5166 erit,
944 5107 1001 5154 et
1034 5099 1271 5154 duorum
1324 5102 1639 5175 cubitorum
1689 5105 2002 5162 altitudine.

429 5190 509 5246 Ex
541 5191 660 5260 ipso
688 5200 851 5248 erunt
873 5206 1082 5246 cornua
1111 5192 1232 5263 ejus
1264 5210 1277 5247 :
1309 5202 1366 5248 et
1390 5193 1676 5253 inaurabis
1711 5198 1848 5254 illud
1869 5215 2008 5255 auro

429 5297 592 5350 puro,
625 5282 945 5337 craticulam
988 5283 1126 5352 ejus,
1158 5292 1214 5339 et
1244 5286 1485 5356 parietes
1508 5289 1629 5359 ejus
1656 5290 2007 5362 circumqua—

430 5382 559 5438 quc,
579 5376 638 5424 et
668 5383 875 5423 cornua
897 5371 1016 5441 ejus
1038 5371 1105 5427 ⁸⁵.
1136 5392 1154 5425 ι
1201 5373 1448 5446 Cumque
1483 5377 1562 5433 illi
1583 5378 1797 5446 amites,
1828 5381 2011 5436 etcir—

2107 4572 2303 4642 νοητὴν
2330 4572 2592 4643 εὐοσμίαν
2612 4590 2624 4603 ·
2651 4573 2746 4626 καὶ
2770 4571 2927 4625 τοῦτο
2962 4575 3095 4644 ήμῖν
3123 4574 3199 4637 ὡς
3226 4576 3286 4627 ἐν
3318 4577 3497 4638 σκιαῖς
3524 4574 3688 4629 πάλιν

2108 4661 2408 4727 ὑπετύπου,
2433 4661 2630 4730 λέγων⁹
2655 4680 2674 4714 ι
2694 4661 2805 4716 Καὶ
2824 4663 3071 4734 ποιήσεις
3091 4681 3181 4735 μοι
3202 4665 3583 4738 θυσιαστήριον
3601 4664 3689 4718 θυ-

2109 4749 2383 4822 μιάματος
2415 4752 2482 4803 ὲκ
2517 4748 2692 4815 ξύλων
2715 4750 2997 4822 ἁσήπτων,
3027 4757 3122 4808 καὶ
3154 4757 3402 4828 ποιήσεις
3427 4755 3560 4811 αὐτὸ
3589 4758 3690 4827 πή-

2108 4858 2247 4911 χεως
2287 4841 2348 4894 τὸ
2397 4840 2600 4910 μῆκος,
2649 4840 2745 4893 καὶ
2772 4842 2993 4912 πήχεως
3022 4842 3083 4896 τὸ
3132 4839 3307 4915 εὖρος·
3349 4844 3688 4913 τετράγωνον

2107 4930 2283 4995 ἔσται,
2312 4931 2407 4984 καὶ
2441 4928 2535 4984 δύο
2563 4933 2784 5002 πήχεων
2823 4934 2884 4987 τὸ
2913 4932 3068 5004 ὕψος.
3112 4934 3202 5000 Ἐξ
3228 4934 3393 4989 αὑτοῦ
3436 4934 3592 4989 ἔσται
3619 4926 3703 4989 τὰ·

2111 5022 2317 5093 κέρατα
2351 5021 2540 5086 αὐτοῦ,
2572 5024 2667 5075 καί
2693 5025 3141 5097 καταχρυσώσεις
3176 5025 3309 5079 αὐτὸ
3348 5026 3555 5098 χρυσίῳ
3592 5043 3692 5080 κα-

2112 5110 2283 5183 θαρῷ,
2316 5111 2415 5183 τὴν
2461 5112 2702 5184 ἐσχάραν
2732 5113 2898 5167 αὐτοῦ
2919 5153 2933 5180 ,
2978 5114 3075 5169 καὶ
3110 5118 3238 5179 τοὺς
3270 5117 3487 5187 τοίχους
3524 5114 3689 5171 αὐτοῦ

2113 5202 2319 5274 κύκλῳ,
2339 5202 2521 5257 καὶτὰ
2543 5203 2751 5274 κέρατα
2780 5203 2968 5258 αὑτοῦ.
2994 5224 3013 5257 ι
3047 5205 3327 5270 Σκυτάλας
3343 5206 3402 5260 δὲ
3422 5204 3570 5276 αὐτῴ
3597 5207 3692 5260 καὶ

2115 5293 2374 5365 κρίκους,
2416 5298 2510 5352 καὶ
2537 5296 2868 5368 ἀναφορέας.
2904 5298 3069 5369 ἕτερά
3107 5315 3167 5353 τε
3203 5292 3429 5354 τοιαῦτα
3461 5314 3690 5370 προστε-

2116 5383 2333 5453 θεικὼς,
2352 5387 2447 5441 καὶ
2469 5388 2656 5459 θήσεις
2671 5386 2825 5451 αὐτὸ,
2845 5387 3033 5458 φησιν,
3051 5410 3071 5445 ι
3093 5392 3312 5447 "Evam:
3334 5389 3431 5444 τοῦ
3452 5401 3694 5444 acaum-

497 5521 540 5553 ⁸⁷
562 5519 724 5574 Num.
756 5535 866 5588 τινι,
917 5522 943 5577 1
975 5538 1127 5593 seqq.
1203 5524 1249 5557 ³⁸
1273 5525 1434 5594 Ibid.,
1462 5527 1552 5595 57,
1576 5527 1664 5585 58.
1741 5529 1786 5563 ³⁸
1816 5529 1988 5587 Exod.

2101 5549 2212 5603 tvn,
2243 5535 2331 5592 25.
2409 5538 2458 5571 ιθ
2480 5539 2652 5597 Exod.
2687 5559 2813 5611 xxx,
2838 5538 2959 5600 1-5.

558 5695 581 5796 2
619 5695 1811 5796 bligumnquemododextram-Panfuisse
1848 5711 1999 5796 dicat
2036 5715 2301 5787 Beseleel,
2337 5738 2502 5794 quem
2548 5724 2832 5796 Scriptura
2866 5726 3154 5784 manifeste
3215 5728 3352 5785 dicit
3398 5727 3566 5786 fuisse
3637 5726 3704 5783 de

434 5695 578 5819 t‘8’!)
619 5695 815 5751 Mirum
867 5704 1140 5783 quomodo
1186 5706 1268 5789 de_
1310 5707 1457 5788 tribu
1496 5708 1611 5763 Dan
1642 5710 1811 5792 fuisse
1848 5711 1988 5768 dicat

459 5777 505 5820 τι
550 5780 583 5820 ιι
615 5766 784 5835 Juda;
816 5784 1026 5827 socnum
1058 5789 1190 5832 vero
1221 5791 1342 5849 eJus
1369 5777 1546 5845 Ehab,
1579 5778 1648 5834 de
1677 5781 1826 5835 tribu
1852 5782 1988 5837 Dan.
