4118 6446
344 480 444 536 ϐἳτ

1049 464 1139 530 bis
1177 460 1624 528 ADORATIONE
1660 456 1727 525 1N
1771 456 2043 525 snitum
2082 468 2173 523 ET
2214 456 2589 523 vannus.
2630 456 2760 523 LIB.
2800 458 2893 524 ix.

3535 460 3640 522 618

342 580 624 667 τάσματος
648 580 742 646 τοῦ
771 590 921 655 ὄντος
950 591 1044 645 ἐπὶ
1072 592 1173 663 τῆς
1203 587 1437 643 κιϐωτοῦ
1471 586 1569 643 τοῦ
1607 588 1934 660 μαρτυρίου,

2057 588 2216 650 :ulos,
2247 596 2304 643 et
2331 592 2539 655 vectes,
2574 598 2630 644 et
2655 598 2852 645 caetera
2877 586 3150 660 ejusmodi
3180 584 3496 657 adjecisset,
3527 586 3638 641 ait:

345 693 405 742 ὲν
454 682 539 750 οἷς
591 681 985 756 γνωσθήσομαί
1033 700 1116 735 σοι
1161 683 1278 735 ἐκεῖ
1336 680 1490 745 Θεόςο
1545 682 1640 734 καὶ
1685 681 1941 750 θυμιάσει

344 781 433 834 ἐπ’
461 776 629 832 αὐτοῦ
666 773 879 846 Ἀαρὼν
907 774 1163 845 θυμίαμα
1192 772 1446 827 σύνθετον
1468 771 1665 825 λεπτὸν
1687 770 1747 824 τὸ
1772 768 1940 842 πρωῒ,

346 870 533 941 πρωϊ*
568 868 699 935 ὅταν
746 864 1044 937 ὲπισκιάζῃ
1086 866 1215 928 τοὺς
1251 864 1514 934 λύχνους,
1557 861 1812 933 θυμιάσει
1855 856 1942 914 ὲπ⁴

345 957 536 1014 αὑτοῦ.
564 957 678 1012 Καὶ
697 958 828 1011 ὅταν
854 956 1069 1028 ἐξάπτῃ
1104 944 1315 1027 Ἀαρὼν
1330 954 1457 1018 τοὺς
1485 951 1712 1024 λύχνους
1742 953 1804 1005 τὸ
1823 951 1941 1022 ὀψὲ,

346 1051 607 1122 θυμιάσει
636 1051 722 1104 ἐπ’
762 1048 932 1104 αὑτοῦ
969 1048 1223 1120 θυμίαμα
1262 1044 1646 1117 ὲνδελεχισμοῦ
1681 1044 1771 1098 διὰ
1810 1060 1946 1113 παν-

345 1141 439 1204 τὸς
469 1139 652 1195 ἔναντι
703 1139 914 1212 Κυρίου
949 1141 1029 1203 είς
1065 1138 1165 1202 τὰς
1201 1137 1398 1206 γενεὰς
1448 1135 1649 1191 αὐτῶν.
1690 1133 1804 1188 Καὶ
1845 1134 1947 1187 οὐκ

349 1234 587 1296 ἀνοίσεις
617 1234 704 1287 ἐπ’
737 1232 889 1304 αὐτῷ
910 1231 1160 1303 θυμίαμα
1182 1229 1392 1303 ἕτερον*
1420 1230 1701 1301 κάρπωμα
1732 1227 1944 1295 θυσίας,

350 1327 447 1381 καὶ
481 1325 714 1398 σπονδὴν
745 1324 806 1379 οὗ
842 1324 1086 1389 σπείσεις
1134 1324 1221 1378 ἐπ’
1264 1323 1455 1378 αὐτοῦ.
1498 1322 1610 1375 Kal.
1638 1320 1945 1388 ἐξιλάσεται

351 1420 439 1472 ἐπ’
469 1416 637 1472 αὑτοῦ
689 1416 901 1487 Ἀαρὼν
929 1417 1023 1472 ἐπὶ
1048 1416 1157 1471 τῶν
1182 1416 1433 1491 κεράτων
1456 1413 1646 1481 αὑτοῦ,
1679 1412 1828 1478 ἆπαξ
1851 1412 1945 1467 τοῦ

351 1510 603 1567 ἐνιαυτοῦ
633 1510 741 1564 ἀπὸ
767 1509 861 1565 τοῦ
892 1504 1126 1582 αἵματος
1154 1510 1248 1565 τοῦ
1268 1508 1615 1580 καθαρισμοῦ
1632 1506 1742 1562 τῶν
1771 1508 1949 1578 ἁμαρ-

352 1604 485 1658 τιῶν
504 1602 600 1658 τοῦ
618 1601 939 1674 ὲξιλασμοῦ.
955 1602 1142 1668 ’Ἃπαξ
1162 1602 1257 1657 τοῦ
1279 1601 1529 1656 ἐνιαυτοῦ
1549 1599 1804 1673 καθαριεῖ
1816 1597 1950 1652 αὐτὸ

351 1697 435 1760 είς
475 1696 576 1759 τὰς
617 1695 815 1766 γενεὰς
848 1694 1050 1750 αὐτῶνὁ
1082 1695 1275 1765 ’Ἃγιον
1316 1696 1426 1751 τῶν
1472 1694 1650 1765 ἁγίων
1702 1693 1822 1747 ἐστὶ
1869 1691 1949 1764 τῷ

354 1786 569 1858 Κυρίῳ.
614 1804 634 1839 ›
718 1808 727 1827 ·-

424 1880 637 1933 ΠΑΛΛ.
666 1879 764 1943 El;
796 1878 967 1932 τύπον
999 1877 1109 1950 ἄρα
1142 1876 1381 1949 Χριστοῦ
1415 1876 1509 1930 καὶ
1563 1875 1723 1930 τοῦτο
1773 1880 1951 1947 παρα-

348 1972 619 2043 δεξόμεθα
639 1988 655 2039 ;

419 2061 587 2116 KYP.
643 2061 790 2116 Πάνυ
839 2061 938 2132 μὲν
984 2054 1099 2127 οῦν,
1146 2053 1192 2113 ὧ
1229 2059 1517 2115 Παλλάδιε.
1580 2058 1804 2130 Ἀληθὲς
1837 2057 1948 2131 γὰρ

349 2152 435 2206 ὅτι
466 2140 529 2205 τὸ
555 2152 745 2223 χρῆμά
775 2152 914 2217 ἐστι,
941 2150 1002 2205 τὸ
1030 2150 1210 2222 τίμιον
1238 2150 1402 2205 αὐτοῦ
1431 2149 1525 2204 καὶ
1567 2149 1700 2220 βαθὺ
1741 2153 1949 2223 μυστή-

351 2257 472 2314 ριον
493 2240 831 2315 ὲνδείξ[ει]εν
859 2241 927 2297 ἂν
945 2243 1037 2297 καὶ
1053 2241 1200 2313 μάλα
1223 2242 1421 2315 ῥᾳδίως
1437 2245 1549 2307 τοῖς
1565 2258 1629 2312 γε
1651 2243 1948 2315 ᾑρημένοις

350 2334 423 2389 τὰ
466 2334 645 2389 τοιάδε
681 2335 1164 2407 πολυπραγμονεῖν
1216 2332 1417 2407 ἰσχνῶς
1454 2353 1514 2389 τε
1557 2335 1654 2391 καὶ
1694 2338 1951 2409 κατερρι-

349 2426 626 2498 νημένως.
664 2428 941 2498 Πεποίητο
982 2428 1083 2499 μὲν
1140 2426 1248 2499 γὰρ
1309 2430 1375 2481 ὲκ
1428 2426 1602 2495 ξύλων
1655 2429 1940 2498 ἀσήπτων,

350 2517 543 2590 χρυσῷ
566 2517 623 2570 δὲ
652 2517 775 2573 ὅλον
802 2518 1168 2591 ἀλήηε]ιπτο.
1188 2518 1538 2592 Ἀδιάφθορον
1570 2519 1680 2592 γὰρ
1702 2519 1763 2573 τὸ
1791 2518 1950 2591 σῶμα

350 2610 618 2683 Χριστοῦ,
661 2612 756 2665 καὶ
785 2610 949 2681 φύσιν
1004 2613 1063 2666 ὲν
1091 2611 1271 2683 ἑαυτῷ
1303 2612 1403 2684 τὴν
1441 2611 1593 2665 θείαν
1638 2610 1950 2666 καταπλουο

360 2701 515 2757 τοῦν·
556 2717 576 2754 ι
615 2702 954 2774 Γέγονεγὰρ
988 2701 1126 2773 σὰρξ
1153 2705 1181 2757 6
1205 2703 1399 2771 Λόγος,
1432 2703 1530 2757 καὶ
1553 2703 1866 2775 ἐσκήνωσεν
1893 2704 1953 2757 ὲν

352 2795 511 2867 ἡμῖνι⁵
557 2811 578 2845 ›
632 2793 885 2865 Ἀπαρχὴ
930 2792 989 2847 δὲ
1016 2791 1176 2864 ή-μῶν
1203 2794 1232 2846 6
1268 2790 1525 2864 Χριστὸς,
1554 2791 1649 2846 καὶ
1681 2790 1806 2864 ῥίζα
1855 2790 1952 2848 τοῦ

353 2885 552 2956 γένους
617 2885 1051 2957 ἁνακτιζομένου
1122 2884 1263 2957 πρὸς
1328 2883 1638 2956 ἀφθαρσίαν
1696 2884 1786 2939 διὰ
1852 2883 1951 2957 τῆς

353 2981 497 3052 πρὸς
521 2978 656 3033 Θεὸν
690 2977 960 3048 ένὼσεως,
991 2979 1042 3032 εί
1092 2978 1187 3032 καὶ
1232 2977 1527 3049 ἐξαιρέτως
1562 2979 1650 3031 ἐπ’
1683 2976 1849 3033 αὑτοῦ
1892 2977 1954 3031 τὸ

352 3074 551 3146 χρῆμα
577 3075 773 3126 νοοῖτο.
806 3071 1035 3144 Κέρατα
1057 3071 1113 3124 δὲ
1145 3069 1225 3141 τῷ
1255 3069 1648 3142 θυσιαστηρίῳ,
1678 3072 1771 3124 καί⁵
1790 3066 1955 3125 οίονεὶ

355 3166 543 3235 χεῖρες
583 3151 1088 3234 ἐκπεπετασμέναι,
1124 3160 1341 3217 καὶτοῦ
1378 3161 1560 3233 τιμίου
1606 3161 1843 3235 σταυροῦ
1892 3161 1956 3215 τὸ

2055 699 2072 730 ι
2106 679 2173 732 Ει
2199 694 2370 748 pones
2398 680 2533 735 illud
2555 689 2746 735 contra
2782 679 2965 735 velum
2993 678 3140 750 quod
3166 686 3251 734 est
3273 692 3442 748 super
3458 692 3643 732 arcam

2050 770 2516 837 testimoniorum,
2543 771 2600 825 in
2625 771 2828 842 quibus
2847 785 3146 842 cognoscar
3165 785 3196 826 a
3224 776 3277 824 te
3300 768 3429 823 inde
3453 768 3599 832 Deus
3625 784 3639 820 :

2046 871 2105 917 et
2159 863 2421 918 incendet
2459 879 2626 934 super
2656 863 2777 935 ipso
2814 864 2997 919 Aaron
3030 862 3319 919 incensum
3362 857 3641 929 composi-

2050 963 2166 1009 tum
2194 965 2358 1010 tenue
2387 962 2570 1018 mane,
2614 969 2813 1020 mane;
2861 964 2986 1007 eum
3034 958 3330 1022 componet
3362 950 3640 1013 lucernas,

2048 1046 2294 1102 adolcbit
2321 1060 2488 1117 super
2511 1046 2651 1117 ipso:
2682 1034 2751 1101 Et
2781 1060 2905 1099 cum
2941 1043 3204 1099 accendet
3230 1040 3426 1096 ‘Aaron
3456 1039 3645 1095 lucer-

2048 1155 2150 1195 nas
2162 1140 2401 1211 vesperi,
2426 1139 2686 1195 incendat
2698 1154 2865 1209 super
2886 1137 3022 1192 illud
3048 1138 3334 1192 incensum
3357 1135 3648 1191 continua-

2052 1233 2219 1288 tionis
2246 1233 2301 1287 in
2336 1240 2669 1304 perpetuum
2694 1247 2880 1287 coram
2911 1232 3143 1286 Domino
3172 1232 3227 1286 in
3259 1230 3648 1302 generationes

2049 1340 2281 1392 eorum;
2313 1333 2370 1381 et
2398 1341 2509 1380 non
2543 1325 2794 1396 impones
2827 1339 2996 1394 super
3028 1338 3095 1378 eo
3135 1324 3420 1379 incensum
3446 1322 3596 1378 aliud
3626 1338 3642 1377 :

2050 1416 2388 1472 oblationem
2423 1416 2639 1483 hostize,
2671 1425 2729 1472 et
2765 1416 3087 1471 libationem
3115 1430 3228 1469 non
3254 1414 3456 1469 libabis
3480 1429 3648 1485 super

2052 1509 2195 1580 ipso.
2227 1509 2297 1564 Et
2324 1509 2721 1580 propitiabitur
2749 1524 2915 1579 super
2937 1508 3057 1578 ipso
3085 1506 3266 1561 Aaron
3299 1507 3354 1561 in
3384 1507 3650 1562 cornibus

2050 1602 2190 1673 ejus,
2215 1600 2383 1655 semel
2417 1615 2516 1670 per
2542 1614 2749 1654 annum
2783 1599 2852 1654 de
2875 1596 3140 1669 sanguine
3157 1595 3498 1668 purgationis
3520 1612 3652 1667 pec-

2051 1698 2301 1748 catorum
2324 1691 2756 1764 propitiationis.
2778 1690 2960 1747 Semel
2987 1691 3042 1744 in
3060 1704 3207 1744 anno
3235 1688 3493 1761 purgabit
3511 1688 3650 1745 illud

2052 1784 2108 1840 In
2142 1787 2526 1857 generationes
2557 1800 2750 1840 eorum
2781 1785 3077 1842 :Sanctum
3108 1790 3422 1839 sanctorum
3440 1794 3525 1838 est
3545 1783 3653 1838 Do-

2052 1877 2208 1932 mino
2224 1876 2290 1930 δί
2325 1896 2346 1929 ι
2380 1922 2381 1925 η

1982 1941 2057 2043 Β,
2118 1965 2317 2021 PALL.
2348 1965 2409 2021 In
2438 1965 2670 2038 ﬁguram
2708 1976 2843 2038 ergo
2892 1958 3102 2023 Christi
3130 1968 3237 2023 hoc
3271 1966 3653 2039 accipiemus?

2047 2059 2057 2069 '
2088 2126 2093 2131 ι
2120 2056 2280 2113 CYR.
2323 2057 2557 2114 Maxime
2585 2072 2741 2123 vero,
2764 2058 2995 2114 Palladi.
3019 2059 3158 2114 Nam
3191 2059 3247 2115 id
3272 2074 3465 2115 verum
3505 2074 3650 2124 esse,

2048 2167 2115 2208 ex
2143 2154 2406 2224 praeclaro
2427 2155 2483 2209 et
2513 2153 2736 2210 sublimi
2759 2156 2878 2226 ejus
2906 2155 3166 2228 mysterio
3197 2163 3409 2226 patere,
3441 2162 3498 2210 et
3524 2153 3653 2225 qui-

2050 2243 2176 2300 dem
2215 2244 2474 2302 facillime
2507 2247 2732 2318 poterit,
2778 2247 2823 2303 si
2864 2247 2959 2319 qui
2992 2247 3274 2303 subtiliter
3326 2248 3382 2301 e't
3420 2245 3655 2302 solerter

2050 2337 2367 2409 hujusmodi
2449 2354 2541 2395 res
2612 2340 2983 2413 pervestigare
3050 2339 3346 2394 voluerint:
3425 2336 3654 2393 Factum

2051 2421 2201 2485 enim
2229 2437 2351 2485 erat
2387 2444 2455 2485 ex
2483 2431 2652 2502 lignis
2682 2431 3147 2502 imputribilibus,
3182 2438 3473 2500 totumque
3511 2443 3654 2484 auro

2053 2528 2293 2588 tectum;
2331 2520 2762 2592 ineorruptibile
2796 2538 3035 2592 namque
3077 2529 3162 2577 est
3185 2521 3394 2577 Christi
3427 2526 3651 2589 corpus,

2054 2620 2113 2667 ct
2157 2612 2402 2668 divinam
2453 2614 2511 2668 in
2554 2629 2613 2669 se
2653 2614 2772 2685 ipso
2805 2622 3062 2669 naturam
3105 2614 3313 2668 habet:
3356 2632 3374 2665 ι
3409 2612 3655 2668 Verbum

2055 2723 2185 2764 caro
2209 2708 2415 2764 factum
2440 2717 2546 2775 est,
2582 2718 2638 2765 et
2667 2710 2938 2766 habitavit
2969 2712 3025 2765 in
3066 2710 3304 2766 nobis“.
3345 2730 3362 2763 ι
3389 2708 3657 2765 Primitiae

2053 2815 2222 2873 porro
2241 2808 2467 2867 nostrae,
2483 2809 2646 2873 atque
2664 2801 2820 2857 radix
2835 2802 3009 2857 nostri
3027 2802 3248 2873 generis
3267 2800 3524 2857 Christus
3542 2808 3624 2856 est
3640 2823 3652 2854 :

2055 2894 2204 2967 quod
2235 2911 2431 2966 genus,
2471 2895 2579 2950 hoc
2604 2894 2727 2967 ipso
2764 2895 2912 2967 quod
2948 2910 3076 2951 cum
3104 2895 3218 2950 Deo
3254 2895 3510 2967 junctum
3547 2901 3655 2959 est,

2055 2990 2124 3046 ad
2146 2990 2617 3060 incorruptionem
2652 2996 2975 3056 recreatur;
3005 2987 3259 3059 quamvis
3297 2988 3355 3042 in
3385 2988 3483 3044 illo
3511 3004 3657 3059 pra:-

2057 3084 2221 3155 cipue
2251 3098 2317 3138 ea
2334 3098 2424 3138 res
2455 3082 2817 3154 intelligatur.
2856 3081 2997 3137 Sunt
3026 3083 3194 3137 etiam
3227 3082 3389 3138 altari
3425 3090 3656 3150 cornua.

2057 3193 2122 3232 ac
2137 3177 2311 3233 veluti
2348 3192 2549 3232 manus
2599 3184 2855 3241 extentae,
2893 3174 3146 3246 gloriosa:
3182 3174 3366 3229 erucis
3403 3175 3658 3230 habitum

360 3256 554 3328 σχῆμα
597 3255 1142 3328 προαναπλάττοντα.
1186 3255 1251 3308 Εἰ
1276 3253 1333 3308 δὲ
1365 3255 1428 3325 δὴ
1482 3254 1724 3328 τέτταρά
1749 3272 1833 3320 τις
1879 3250 1956 3308 εἷ-

2060 3268 2496 3341 praeﬁgurantes.
2531 3266 2690 3334 Quod
2719 3267 2764 3322 si
2819 3266 2946 3337 quis
2994 3276 3234 3337 quatuor
3280 3281 3403 3322 esse
3448 3280 3660 3324 cornua

357 3358 450 3402 ναι
472 3348 624 3417 λέγοι
662 3348 733 3402 τὰ
777 3348 1010 3422 κέρατα,
1059 3345 1283 3402 ἀδικοῦν
1315 3346 1492 3413 οὐδὲν,
1524 3347 1604 3412 είς
1634 3363 1697 3416 γε
1728 3346 1790 3401 τὸ
1817 3349 1959 3403 νοεῖν

355 3439 537 3513 ὀρθῶς
554 3439 647 3494 τὸν
662 3440 960 3513 φιλομαθῆ.
980 3438 1337 3513 Τετραγώνου
1362 3456 1422 3493 τε
1443 3439 1554 3511 γὰρ
1581 3439 1677 3493 καὶ
1706 3438 1961 3494 ἰσοπλεύ-

360 3546 461 3602 ρου
521 3530 773 3601 πανταχῆ
820 3527 915 3583 τοῦ
968 3528 1357 3602 θυσιαστηρίου
1403 3528 1764 3600 τυγχάνοντος
1796 3570 1811 3596 ,
1869 3530 1959 3602 ἴση

360 3621 708 3693 πανταχόθεν
765 3621 876 3676 τῶν
938 3621 1188 3693 κεράτων
1216 3623 1250 3692 ἡ
1289 3620 1389 3675 θέα
1413 3636 1427 3652 ·
1460 3621 1555 3675 καὶ
1601 3620 1686 3686 τίς
1746 3623 1775 3676 6
1809 3612 1962 3675 τοῦδε

360 3712 553 3781 λόγος;
582 3714 642 3767 ὲν
672 3712 836 3768 παντὶ
860 3710 970 3784 γὰρ
998 3713 1151 3784 τόπῳ
1182 3713 1419 3785 Χριστὸς
1463 3714 1812 3785 γινώσκεται,
1868 3714 1963 3768 καὶ

362 3802 524 3870 οὗτος
566 3805 1013 3878 ἐσταυρωμένος*
1070 3803 1335 3877 αῦχημα’
1377 3805 1437 3861 δὲ
1505 3806 1666 3861 τοῦτο
1709 3806 1964 3879 λαμπρὸν

361 3902 478 3963 τοῖς
508 3895 862 3951 πιστεύουσιν
905 3897 985 3961 είς
1018 3895 1208 3951 αὐτόν.
1266 3896 1377 3951 Καὶ
1422 3896 1557 3966 γοῦν
1597 3898 1626 3951 6
1676 3897 1967 3961 θεσπέσιος

362 3980 609 4053 Παῦλος,
644 4004 664 4038 ι
705 3987 863 4056 Ἐμοὶ
884 3984 942 4039 δὲ
972 3985 1048 4056 μὴ
1073 3984 1283 4053 γένοιτο
1315 3985 1644 4057 καυχᾶσθαι,
1689 3987 1740 4039 εί
1776 3984 1853 4058 μὴ
1905 3987 1964 4040 ὲν

363 4077 446 4151 τῷ
487 4077 707 4151 σταυρῷ
732 4077 827 4132 τοῦ
854 4076 1118 4149 Χριστοῦ,
1152 4076 1219 4131 δι’
1277 4070 1339 4132 οὗ
1369 4077 1495 4148 ἐμοὶ
1521 4076 1727 4149 κόσμος
1766 4076 1965 4131 ἐσταύ-

371 4187 569 4243 ρωται,
600 4168 764 4239 κάγὼ
797 4168 876 4240 τῷ
901 4169 1113 4241 κόσμῳ.
1143 4188 1163 4222 ι
1204 4169 1536 4241 Πρόσκειται
1563 4169 1734 4243 δὲ,τῷ
1771 4171 1967 4243 τεχνήέ

371 4282 525 4335 ματι,
560 4263 632 4317 τὰ
666 4262 926 4317 τελοῦντα
957 4262 1097 4335 πρὸς
1134 4263 1362 4334 κόσμον,
1408 4263 1651 4335 στεφάνη
1697 4263 1963 4336 στροπτή·

369 4356 470 4409 καὶ
513 4355 623 4427 γάρ
657 4356 805 4409 ἐστιν
829 4352 1048 4427 ἀληθῶς
1088 4372 1106 4405 ι
1144 4354 1360 4425 Ὧραίος
1394 4356 1581 4410 κάλλει
1626 4355 1781 4427 παρὰ
1838 4357 1976 4419 τοὺς·

370 4443 526 4507 υἱοὺς
555 4440 664 4496 τῶν
697 4440 1003 4514 ἀνθρώπων
1031 4462 1052 4496 ι
1088 4445 1117 4498 6
1157 4444 1530 4517 Ἐμμανουήλ.
1573 4446 1967 4519 Ἐπενήνεκται

2063 3360 2283 3427 dixerit,
2336 3359 2477 3414 nihil
2505 3356 2888 3429 impedimenti
2929 3356 3181 3413 studioso
3219 3373 3285 3413 ea
3334 3373 3426 3413 res
3463 3357 3656 3424 aﬁ‘ert,
3754 3342 3774 3364 ⁹

2061 3452 2357 3524 quominus
2376 3460 2526 3507 recte
2564 3449 2924 3522 intelligatur.
2954 3449 3114 3515 Nam,
3138 3464 3264 3504 cum
3304 3450 3478 3505 altare
3518 3465 3657 3519 qua—

2062 3546 2283 3602 dratum
2316 3544 2408 3611 sit,
2443 3552 2502 3599 et
2534 3542 2840 3614 aequalibus
2883 3543 3132 3613 undique
3168 3542 3459 3609 lateribus,
3493 3551 3661 3613 atque

2063 3652 2132 3693 ex
2167 3636 2319 3693 omni
2352 3645 2509 3708 parte
2529 3652 2737 3692 cornua
2763 3635 3181 3706 conspiciantur
3202 3651 3217 3702 ;
3237 3635 3343 3691 hoc
3367 3651 3501 3691 vero
3524 3636 3661 3707 quid

2066 3729 2372 3802 signiﬁcat?
2422 3728 2587 3801 306
2616 3745 2816 3800 nempe
2880 3729 2937 3783 in
2998 3728 3149 3784 omni
3207 3728 3330 3784 loco
3375 3724 3663 3785 Christum

2067 3823 2312 3894 agnosci,
2346 3838 2585 3893 eumque
2609 3822 2934 3878 cruciﬁxum
2960 3830 2973 3876 :'
3000 3822 3054 3877 id
3083 3829 3269 3877 autem
3296 3822 3354 3876 in
3378 3837 3506 3877 eum
3539 3838 3687 3877 cre-v
3784 3834 3796 3845 '

2066 3912 2330 3975 dentibus
2363 3913 2596 3969 illustris
2624 3921 2711 3970 est
2735 3913 3014 3985 gloriatio.
3047 3913 3239 3984 Itaque
3277 3914 3473 3969 beatus
3515 3916 3662 3970 Pau-

2066 4004 2197 4059 lus:
2240 4024 2259 4055 ι
2303 4003 2437 4058 Mihi
2487 4013 2693 4070 antem,
2727 4023 2746 4055 ι
2771 4005 2970 4075 inquit,
3032 4024 3050 4056 ι
3082 4004 3226 4059 absit
3263 4006 3510 4078 gloriari,
3552 4006 3660 4061 nisi

2068 4094 2127 4149 in
2158 4110 2324 4150 cruce
2354 4093 2582 4161 Christi,
2625 4110 2727 4166 per
2749 4111 2913 4166 quem
2936 4095 3072 4151 mihi
3101 4096 3342 4151 mundus
3366 4096 3665 4153 cruciﬁxus

2069 4194 2174 4252 est,
2233 4194 2291 4241 et
2343 4202 2446 4258 ego
2467 4187 2677 4243 mundo
2712 4187 2778 4241 “.
2822 4206 2841 4238 ι
2874 4188 3147 4260 Adjuneta
3196 4199 3325 4245 sunt
3392 4199 3665 4261 praeterea

2070 4277 2203 4332 huic
2224 4278 2378 4349 operi
2430 4295 2553 4350 qua:
2597 4278 2666 4335 ad
2717 4287 2973 4335 ornatum
3001 4282 3304 4351 pertinent,
3327 4298 3528 4353 nempe
3565 4298 3663 4338 co-

2071 4370 2456 4437 ronatortilis;
2492 4380 2578 4428 est
2600 4372 2746 4427 enim
2773 4387 2905 4429 sane
2948 4374 3269 4430 Emmanuel
3318 4395 3336 4427 ‹
3368 4375 3667 4446 Speciosus

2073 4462 2250 4518 forma
2294 4479 2409 4535 pra:
2438 4461 2565 4519 ﬁliis
2589 4464 2879 4520 hominum
2905 4465 2970 4520 “.
3014 4486 3033 4518 ι
3067 4466 3269 4523 Addita
3316 4478 3447 4524 sunt
3473 4469 3664 4535 etiam,

370 4535 431 4589 δὲ
487 4535 588 4589 καὶ
624 4534 697 4589 τὰ
739 4537 822 4599 είς
859 4535 1052 4608 χρείαν
1099 4536 1272 4607 αὐτῷ,
1322 4540 1373 4592 οἱ
1425 4539 1718 4612 ἀναφορεῑς
1768 4557 1830 4595 τε
1873 4542 1957 4595 καί

2071 4569 2194 4626 qua:
2221 4555 2288 4611 ad
2319 4556 2438 4627 ejus
2465 4571 2626 4610 usum
2661 4558 3041 4627 pertinerent,
3084 4568 3290 4625 vectes,
3334 4560 3581 4633 inquam,
3610 4573 3669 4618 et

371 4627 444 4681 τά
486 4625 671 4680 λοιπά.
711 4626 980 4699 Φέρεσθαι
1014 4629 1124 4701 γὰρ
1156 4631 1215 4683 ὲν
1265 4630 1456 4702 κόσμῳ
1504 4631 1650 4686 κατὰ
1684 4632 1811 4698 τοὺς
1860 4633 1957 4687 τῶι

2077 4625 2287 4719 reliqua
2315 4625 2705 4705 instrumenta.
2735 4652 2870 4707 Nam
2894 4652 3143 4708 divinum
3176 4654 3310 4711 illud
3344 4625 3533 4722 altare,
3557 4625 3670 4727 quo

372 4715 722 4783 ἁναξεύξεων
770 4717 999 4789 καιροὺς
1065 4717 1130 4771 τὸ
1201 4717 1344 4773 θεῖον
1407 4717 1515 4773 ἔδει
1564 4719 1971 4793 θυσιαστήριονε

379 4802 596 4879 Ἔδρων
629 4806 687 4861 δὲ
716 4807 877 4862 τοῦτο
903 4808 998 4863 καὶ
1027 4811 1076 4863 οί
1125 4810 1405 4866 θεσπέσιοι
1436 4811 1704 4884 μαθηταὶ,
1738 4812 1975 4884 Χριστὸν

377 4900 777 4971 περιφέροντες
827 4900 918 4956 διὰ
961 4902 1057 4956 τοῦ
1104 4902 1464 4976 κηρύγματος
1517 4905 1872 4978 εὐσχημόνως
1915 4922 1976 4959 τε

378 4993 476 5047 καὶ
532 4992 679 5047 κατὰ
727 4992 903 5060 τάξιν,
951 4993 1028 5060 ὡς
1082 4996 1223 5049 Θεοῦ
1260 4996 1498 5051 δίάκονοι
1554 4996 1649 5050 καὶ
1704 4996 1977 5067 οἰκονόμοι

381 5084 704 5154 μυστηρίων
729 5084 991 5154 Χριστοῦ.
1025 5106 1043 5138 ι
1075 5086 1272 5158 Θήσεις
1300 5087 1379 5153 δὲ,
1403 5106 1422 5139 ι
1450 5087 1604 5159 φησὶ,
1640 5105 1661 5139 ί
1694 5086 1758 5140 τὺ
1787 5087 1976 5141 θυσια-

378 5176 609 5248 στήριον
641 5176 905 5231 ἀπέναντι
929 5177 1025 5231 τοῦ
1048 5178 1539 5250 καταπετάσματος
1562 5178 1655 5234 τοῦ
1694 5179 1848 5243 ὄντος
1883 5180 1977 5233 ἐπὶ

375 5270 480 5341 τῆς
529 5269 766 5323 κιϐωτοῦ
809 5270 921 5325 τῶν
977 5272 1295 5344 μαρτυρίων
1356 5275 1417 5326 ὲν
1460 5269 1544 5342 οἷς
1588 5273 1979 5347 γνωσθήσομαί

378 5376 467 5415 σοι
490 5361 723 5417 ἐκεῖθεν.
767 5381 786 5414 ι
822 5362 841 5375 ’

451 5454 667 5509 ΠΔΛΛ.
712 5450 851 5511 Εἶτα
891 5455 946 5509 τί
977 5456 1039 5509 τὸ
1071 5442 1379 5524 ἀναγκαῖον
1402 5456 1498 5510 καὶ
1535 5456 1736 5529 χώρων,
1766 5456 1948 5514 αὐτῶν

376 5535 559 5612 οἶμαι,
598 5541 709 5596 τῶν
744 5544 1096 5616 τεταγμένων
1116 5563 1130 5613 ;

454 5632 624 5689 ΚΥΡ.
667 5634 756 5699 Ὧς
782 5635 952 5707 βαθὺς
982 5638 1081 5709 μὲν
1107 5640 1136 5692 6
1162 5638 1341 5708 λόγος,
1376 5640 1470 5695 καὶ
1489 5640 1754 5715 ίάμυδρδς
1790 5644 1931 5713 ἄγαν
1962 5661 1981 5679 ι-

376 5726 495 5799 ιρῶ
520 5726 580 5782 δὲ
605 5727 681 5794 ὡς
705 5729 808 5798 Ενι,
842 5730 963 5803 Θεῷ
986 5732 1213 5799 πίσυνος
1244 5732 1323 5806 τῷ
1353 5735 1448 5789 καὶ
1490 5736 1692 5802 αὐτοὺς
1723 5737 1978 5808 σοφοῦντι

430 5882 481 5918 ⁸⁸
524 5883 704 5944 Exod.
723 5903 852 5957 xxx,
890 5888 1055 5953 7-10.,
1086 5890 1134 5924 "
1156 5892 1315 5950 Joan.
1345 5909 1384 5959 ι,
1416 5895 1504 5950 14.
1578 5896 1627 5929 ⁴⁸
1649 5895 1826 5954 Galat.
1871 5915 1944 5965 τι,

2057 5947 2059 5955 ,
2134 5902 2180 5935 “
2206 5899 2347 5959 Psal.
2373 5920 2516 5973 κων,
2541 5906 2595 5961 ’5.
2673 5907 2718 5943 ⁸⁸
2743 5899 2766 5966 I
2795 5908 2923 5968 Cor.
2955 5927 3029 5982 IV,
3054 5914 3108 5972 I.
3182 5915 3230 5948 ⁸⁸
3260 5914 3437 5970 Exod.
3466 5931 3593 5982 xxx,
3619 5913 3674 5970 6.

627 6006 906 6072 I'A'mOL.
952 6013 1067 6073 Gn.
1110 6015 1366 6076 LXVIII.

2073 4747 2319 4809 tempore
2344 4738 2806 4809 proﬁciscendum
2836 4748 2977 4804 erat,
3009 4742 3270 4797 decenter
3294 4743 3428 4798 ferri
3450 4751 3672 4814 oporte—

2072 4832 2186 4887 bat.
2222 4831 2280 4887 Id
2311 4847 2445 4888 vero
2476 4832 2755 4889 faciebant
2783 4834 2930 4890 beati
2966 4835 3044 4890 illi
3075 4836 3353 4907 discipuli,
3377 4852 3503 4892 cum
3527 4852 3668 4907 prae-

2074 4922 2315 4978 dicando
2349 4922 2633 4979 Christum
2668 4925 3177 4982 circumferebant:
3208 4928 3439 4982 honeste
3482 4936 3669 4982 autem
3727 4908 3745 4935 χ

2075 5023 2133 5069 ει
2153 5013 2429 5081 ordinate,
2462 5014 2634 5071 utDei
2655 5017 2919 5085 ministri,
2943 5028 3000 5075 et
3027 5020 3439 5091 dispensatores
3463 5031 3671 5091 myste-

2083 5106 2295 5160 riorum
2331 5106 2538 5164 Christi
2564 5108 2632 5163 ⁸⁸.
2695 5129 2713 5160 ‹
2744 5102 2923 5166 Ροηεε
2964 5121 3149 5166 autem
3181 5111 3374 5176 altare,
3408 5130 3426 5163 ›
3466 5111 3668 5181 inquit,

2089 5203 2309 5251 «contra
2321 5199 2505 5254 velum
2528 5201 2676 5271 quod
2692 5210 2779 5257 est
2801 5218 2968 5273 super
2992 5218 3175 5258 arcam
3203 5202 3669 5268 testimoniorum,

2081 5287 2138 5342 in
2171 5287 2376 5358 quibus
2404 5306 2705 5363 cognoscar
2739 5303 2845 5349 ate
2883 5293 3011 5349 inde
3035 5293 3101 5348 ⁸⁸.
3138 5315 3159 5347 ι

2158 5467 2356 5523 PALL.
2384 5467 2492 5524 Sed
2516 5470 2651 5541 quid
2676 5471 2896 5529 tandem
2936 5490 3076 5546 opus
3105 5476 3210 5533 fuit
3231 5479 3367 5536 locis
3397 5492 3552 5540 certa
3587 5502 3674 5541 ra-

2085 5560 2234 5614 tione
2269 5559 2554 5617 deﬁnitis?
3221 5592 3234 5605 -

2152 5648 2310 5706 CYR.
2339 5651 2497 5707 Latet
2525 5655 2748 5724 quidem
2794 5658 2850 5714 in
2880 5660 3178 5730 profundo,
3223 5675 3282 5722 et
3326 5667 3564 5725 obscura
3592 5670 3679 5725 ni-

2082 5742 2190 5799 mis
2214 5750 2299 5798 est
2327 5743 2494 5816 hujus
2528 5746 2608 5801 rei
2641 5748 2784 5804 ratio
2818 5768 2831 5805 :
2867 5750 3048 5808 dicam
3088 5762 3294 5822 tamen,
3322 5750 3436 5814 Deo
3476 5758 3674 5822 fretus,

3239 6033 3315 6095 ΞΟ

3720 6073 3742 6113 J
