4118 6428
479 442 579 494 διν

1508 433 1565 489 8.
1597 431 1873 489 CYRILLI
1912 427 2384 485 ALEXANDHINI
2414 425 2736 482 ARCHIEP.

3635 418 3731 474 620

479 553 572 621 qui
599 550 731 620 ipsis
756 563 973 618 quoque
996 547 1153 602 ezecis
1168 544 1492 615 sapientiam
1518 544 1729 598 tribuit.
1769 545 1962 598 Arcam
1986 557 2053 596 ex

2165 538 2278 599 τοὺς
2324 537 2576 605 τυφλούς.
2610 534 2857 588 Κιϐωτὸν
2885 532 3133 602 γενέσθαι
3163 533 3225 585 ὲκ
3267 530 3437 596 ξύλων
3482 528 3734 599 ἀσήπτων

480 643 643 713 lignis
667 638 1121 710 imputribilibus,
1145 644 1200 691 et
1214 652 1348 690 auro
1371 635 1579 690 mundo
1599 636 1798 690 factam
1822 649 1943 688 esse
1957 633 2055 686 ait:

384 730 391 739 ’
485 735 538 787 in
564 748 666 802 qua
688 731 771 786 lex
790 736 929 793 erat,
961 728 1016 783 id
1043 736 1150 790 est,
1178 726 1403 782 divinus
1425 742 1627 792 sermo,
1667 741 1764 781 seu
1810 725 2058 780 testimo-

486 826 596 879 nia.
621 822 823 891 Figura
846 820 1051 889 quippe
1074 834 1140 873 ea
1164 834 1254 873 res
1273 827 1396 873 erat
1422 818 1592 873 Verbi
1614 833 1682 872 ex
1718 817 1831 871 Deo
1866 814 2058 885 geniti,

478 913 623 984 quod
670 911 938 967 habitavit
976 910 1032 964 in
1068 909 1249 973 nobis,
1281 918 1337 963 et
1370 909 1426 963 in
1470 909 1656 963 carnis
1697 905 2060 962 similitudine

480 1006 680 1060 factum
714 1014 818 1066 est,
850 1012 908 1056 ut
951 1000 1251 1072 Scriptura:
1289 1009 1584 1056 testantur.
1632 1001 1841 1056 Deinde
1877 1002 2060 1056 velum

478 1093 750 1164 quoddam
778 1093 834 1146 in
861 1100 1098 1163 quatuor
1124 1091 1397 1146 columnis
1432 1105 1733 1161 eXpansum
1767 1106 1934 1161 supra
1968 1106 2059 1145 ar-

479 1201 595 1239 cam
619 1184 860 1255 pendere
878 1184 1062 1254 jussit,
1093 1183 1259 1254 idque
1286 1185 1466 1239 velum
1492 1184 1937 1255 propitiatorium
1960 1198 2051 1254 ap-
2091 1226 2107 1240 κ

480 1276 803 1346 pellahatnr.
826 1273 982 1340 Quod
1008 1275 1177 1329 etiam
1217 1275 1497 1331 Christum
1520 1274 1829 1345 signiﬁcat:
1869 1294 1888 1326 ‹
1924 1274 2060 1329 Nam

480 1368 595 1438 ipse
619 1375 701 1422 est
721 1366 1019 1437 propitatio
1042 1383 1144 1438 pro
1174 1368 1412 1438 peccatis
1437 1367 1642 1421 nostris
1670 1366 1712 1397 "
1742 1406 1757 1431 ,
1781 1374 1837 1421 et
1871 1365 2060 1436 propi-

481 1459 760 1515 tiatorium
784 1476 883 1530 per
910 1459 1072 1514 ﬁdem
1104 1478 1116 1513 ε
1151 1479 1168 1511 ι
1199 1460 1279 1515 sic
1313 1460 1628 1515 enimillum
1652 1459 1854 1514 Paulus
1877 1458 2063 1528 appelo

482 1550 616 1604 lavit
638 1548 702 1603 ⁵⁸.
731 1548 958 1618 Depicta
988 1562 1155 1617 porro
1182 1555 1334 1601 erant
1357 1589 1371 1613 ,
1397 1563 1459 1603 ac
1494 1547 1664 1602 veluti
1689 1548 1895 1602 circum
1935 1561 2062 1616 pro-

481 1640 818 1710 pitiatorium
862 1637 1181 1702 Cherubim,
1219 1653 1339 1707 quae
1375 1653 1755 1709 supremarum
1792 1637 2061 1692 virtutum

482 1732 825 1795 servitutem,
880 1745 1043 1799 quam
1095 1730 1206 1784 Deo
1241 1730 1507 1785 exhibent
1553 1730 1722 1801 (Deus
1771 1728 1922 1783 enim
1975 1736 2061 1784 est

2160 628 2255 680 καὶ
2283 628 2507 699 χρυσίου
2540 624 2803 696 καθαροῦ,
2842 623 2997 694 φησὶ,
3030 622 3125 676 καὶ
3164 617 3230 692 ἦν
3252 624 3280 673 6
3311 620 3472 690 νόμος
3496 621 3554 671 ὲν
3580 619 3732 689 αὑτῇ,

2159 720 2457 777 τουτέστιν,
2496 718 2523 770 ό
2560 715 2701 778 θεῖος
2734 714 2915 783 λόγος,
2949 714 3067 784 ἦτοι
3099 713 3168 765 τὰ
3221 709 3523 782 μαρτύρια.
3559 709 3735 773 Τὺπος

2161 809 2273 881 γὰρ
2316 804 2385 879 ἦν
2415 808 2475 861 τὸ
2513 809 2722 878 χρῆμα,
2761 804 2857 858 τοῦ
2901 806 2966 857 ἐκ
2994 803 3128 856 Θεοῦ
3161 802 3357 871 φύντος
3393 801 3589 867 Λόγου,
3611 816 3737 854 κατ·

2159 903 2479 970 οικήσαντος
2519 901 2576 951 ὲν
2622 900 2775 969 ἡμῖν,
2829 898 2923 950 καὶ
2966 896 3167 967 σαρκὸς
3210 897 3267 949 ὲν
3296 895 3603 965 ὁμοιώματι
3650 910 3734 961 γε·

2161 992 2398 1060 γονότος,
2436 991 2575 1044 κατὰ
2629 990 2727 1053 τὰς
2762 990 3006 1060 Γραφάς.
3052 983 3186 1041 Εἶτα
3241 984 3638 1056 καταπέτασμά
3689 1001 3738 1037 τι

2160 1079 2427 1149 τέσσαρσι
2488 1078 2701 1141 στύλοις
2756 1076 3288 1146 ὲπιτετανυσμὲνον,
3343 1074 3737 1144 ἁπαιωρείσθαι

2160 1173 2226 1242 τῇ
2256 1169 2473 1241 κιϐωτῷ
2509 1170 2617 1223 δεῖν
2658 1168 2784 1238 ἔφη.
2816 1170 3029 1237 ὐνομα
3067 1167 3123 1219 δὲ
3157 1165 3233 1237 τῷ
3266 1164 3735 1235 καταπετάσματι,

2159 1262 2220 1316 τὸ
2251 1262 2577 1333 ἱλαστήριον.
2602 1258 2835 1331 Χριστός
2865 1259 2923 1313 δὲ
2956 1256 3228 1313 καὶτοῦτο
3247 1271 3260 1285 ⁸
3309 1274 3329 1307 c
3359 1255 3604 1326 ’ἱλασμὸς
3634 1256 3739 1325 γάρ

2164 1355 2309 1407 ἐστιν
2338 1353 2477 1425 ὑπὲρ
2505 1353 2611 1406 τῶν
2649 1352 2931 1425 ἁμαρτιῶν
2975 1352 3153 1423 ἡμῶν,
3185 1350 3278 1403 καὶ
3308 1348 3616 1419 ἱλαστήριον
3656 1347 3739 1400 διὰ

2161 1445 2415 1508 πίστεως.
2443 1464 2461 1496 ι
2508 1444 2768 1513 Ὡνόμαζε
2796 1443 2905 1515 γὰρ
2937 1442 3111 1507 οῦτως
3137 1443 3165 1493 ό
3194 1439 3404 1503 Παῦλος
3432 1439 3592 1493 αὐτόν
3611 1456 3624 1469 ’
3652 1455 3738 1508 γει

2163 1534 2410 1606 γράφατο
2437 1534 2492 1587 δὲ
2514 1533 2606 1588 καὶ
2626 1534 2789 1587 οἱονεί
2819 1551 2933 1597 πως
2955 1535 3012 1586 ὲν
3029 1532 3211 1603 κύκλῳ
3234 1530 3327 1585 τοῦ
3351 1529 3660 1600 ἱλαστηρίου
3676 1528 3741 1581 τὰ

2161 1631 2463 1702 Χερουϐὶμ,
2491 1630 2601 1684 τῶν
2630 1630 2889 1685 ἀνωτάτω
2923 1627 3205 1699 δυνάμεων
3230 1627 3329 1698 τὴν
3357 1626 3462 1679 ὑπὸ
3488 1623 3607 1695 Θεῷ
3634 1623 3741 1677 δου-

2160 1723 2308 1776 λείαν
2331 1739 2345 1752 °
2377 1722 2508 1785 Θεὸς
2540 1722 2651 1793 γὰρ
2679 1724 2706 1775 6
2724 1721 2895 1789 Λόγος
2915 1736 2928 1749 ·
2961 1722 3052 1774 καὶ
3081 1719 3141 1773 τὸ
3168 1719 3338 1790 ἀγχοῦ
3367 1718 3431 1791 δὴ
3460 1716 3626 1788 μάλα,
3649 1715 3740 1769 καὶ

481 1819 747 1891 Verbum)
782 1821 887 1874 hoc
922 1818 1059 1889 ipso,
1091 1818 1240 1889 quod
1278 1835 1448 1890 prope
1487 1828 1637 1885 sunt,
1682 1828 1847 1889 atque
1891 1818 2058 1874 etiam

2165 1814 2269 1886 μὴν
2292 1813 2387 1867 καὶ⁵
2405 1813 2464 1865 τὸ
2493 1815 2824 1883 παρεστάναι
2846 1810 3253 1882 λειωυργικῶς,
3287 1805 3346 1864 εῦ
3381 1807 3739 1880 μάλασημαί-

482 1912 630 1984 quod
661 1912 728 1966 ad
769 1911 1197 1966 ministrantium
1238 1912 1477 1981 speciem
1522 1912 1812 1975 assistunt,
1854 1911 2060 1981 optime

2165 1920 2338 1957 νοντα.
2363 1897 2496 1955 Εἶτα
2513 1901 2643 1963 Θεὸς
2669 1901 2771 1971 ἔφη
2795 1900 2929 1971 πρὸς
2946 1898 3170 1954 λὶωσέαο
3185 1918 3202 1949 ι
3225 1898 3333 1951 Καὶ
3358 1894 3742 1968 γνωσθήσομαί

483 2002 811 2073 signiﬁcant.
858 2001 997 2056 Tum
1030 2001 1169 2056 dixit
1199 2002 1368 2074 Moysi
1412 2019 1425 2056 :
1472 2022 1490 2053 ι
1521 2003 1588 2057 Et
1612 2017 1908 2074 cognoscar
1934 2018 1965 2056 a
2007 2009 2059 2057 te

2165 2009 2244 2046 σοι
2286 1992 2513 2056 ἐκεῖθεν,
2544 1992 2636 2045 καὶ
2683 1991 2902 2063 λαλήσω
2943 2008 3023 2044 σοι
3057 1990 3262 2045 ἄνωθεν
3296 1990 3390 2044 τοῦ
3429 1988 3739 2059 ἱλαστηρίου

484 2096 633 2160 inde,
657 2102 715 2152 et
744 2094 938 2164 loquar
964 2101 1148 2149 tecum
1185 2092 1423 2165 desuper
1447 2095 1892 2165 propitiatorium
1918 2096 2061 2151 inter

480 2186 593 2241 duo
612 2185 934 2251 Cherubim,
961 2200 1082 2254 qua:
1098 2191 1228 2238 sunt
1252 2200 1415 2254 supra
1430 2201 1612 2240 arcam
1631 2185 1930 2241 testimonii
1946 2185 2009 2239 δ’.
2036 2204 2054 2236 ι

482 2278 621 2333 Area
649 2275 892 2348 quidem,
948 2282 1009 2330 ut
1054 2274 1188 2341 dixi,
1233 2274 1486 2330 Christus
1517 2283 1656 2342 erat,
1703 2284 1966 2347 tanquam
2004 2275 2063 2330 in

484 2367 888 2439 incorruptibili
912 2382 1140 2437 corpore
1175 2367 1320 2422 Deus
1335 2367 1606 2435 Verbum;
1631 2366 1730 2422 sed
1751 2376 1934 2422 tamen
1992 2366 2052 2420 in

483 2470 629 2513 terra
655 2459 758 2512 sita
786 2465 870 2513 est
894 2474 1043 2522 area,
1078 2457 1144 2511 ad
1169 2467 1415 2512 nostram
1461 2459 1609 2512 enim
1640 2458 2065 2513 submissionem

483 2558 540 2602 et
562 2548 928 2603 humilitatem
956 2547 1240 2603 descendit
1267 2548 1355 2602 ille
1382 2547 1705 2618 Unigenitus
1736 2566 1748 2602 :
1780 2563 1907 2603 nam
1944 2564 2063 2604 ser-

484 2638 648 2691 vilem
687 2635 922 2691 formam
957 2636 1149 2701 subiit,
1175 2645 1230 2691 et
1265 2637 1619 2708 semetipsum
1664 2639 1969 2694 exinanivit
1995 2640 2061 2695 '°.

483 2726 645 2797 307
677 2725 797 2795 lpse
836 2733 922 2779 est
952 2731 1217 2794 praeterea
1253 2726 1694 2795 propitiatorium
1747 2726 1803 2781 in
1844 2726 2064 2782 sublimi

484 2817 747 2887 positum,
766 2824 822 2872 et
837 2832 867 2871 a
885 2816 1140 2887 supernis
1153 2816 1460 2872 Virtutibus
1480 2818 1928 2889 circumseptum.
1946 2818 2067 2875 Non

484 2910 632 2965 enim
657 2925 686 2963 e
715 2909 831 2963 solo
857 2908 1018 2963 nobis
1044 2907 1309 2964 duntaxat
1328 2909 2068 2967 exinanitionismodonotus

484 3007 570 3054 est
586 2998 778 3064 Filius,
810 2996 906 3053 sed
944 2997 1110 3052 etiam
1142 3014 1210 3053 ex
1232 3013 1299 3053 eo
1327 3001 1472 3069 quod
1512 3001 1658 3056 Deus
1688 3008 1792 3068 est,
1836 3007 1894 3056 et
1939 3001 2067 3056 uni-

487 3107 772 3148 versorum
793 3092 1058 3146 Dominus
1095 3109 1107 3143 :
1142 3090 1244 3145 etsi
1287 3092 1435 3145 enim
1478 3106 1546 3146 ex
1588 3091 1828 3146 humana
1869 3099 2066 3148 natura

2162 2083 2433 2155 ὰναμέσον
2467 2083 2574 2137 τῶν
2590 2082 2682 2136 δύο
2700 2082 2981 2154 Χερουϐὶμ
3001 2081 3106 2136 τῶν
3129 2082 3297 2137 όντων
3319 2080 3416 2134 ἐπὶ
3441 2080 3541 2149 τῆς
3572 2078 3744 2133 κιϐω-

2161 2174 2253 2228 τοῦ
2307 2173 2399 2226 τοῦ
2454 2174 2774 2246 μαρτυρίου.
2816 2193 2834 2225 ι
2871 2168 2979 2227 Ἦν
3037 2172 3115 2237 δὲ,
3155 2173 3229 2236 ὡς
3290 2172 3526 2243 ἔφην,ή
3582 2170 3743 2223 κιϐω-

2163 2267 2254 2331 τὸς
2282 2267 2312 2319 6
2341 2267 2599 2339 Χριστὸς,
2635 2267 2710 2330 ὼς
2745 2268 2801 2320 ἐν
2838 2264 3102 2336 ἀφθάρτῳ
3137 2263 3351 2335 σώματι
3392 2263 3523 2327 Θεὸς
3552 2262 3740 2330 Λόγος,

2164 2358 2302 2431 πλὴν
2342 2360 2421 2422 εἱς
2464 2358 2568 2428 γῆν
2599 2360 2633 2430 ή
2672 2357 2934 2420 κιϐωτός⁹
2977 2357 3166 2426 γέγονε
3208 2356 3266 2410 δὲ
3301 2356 3395 2410 καὶ
3442 2356 3500 2407 ὲν
3556 2353 3742 2423 ὑφέσει

2163 2449 2257 2502 καὶ
2308 2449 2365 2501 ἐν
2411 2448 2778 2519 χθαμαλότητι
2820 2450 2887 2519 τῇ
2945 2447 3066 2501 καθ’
3126 2448 3275 2517 ἡμᾶς
3317 2448 3346 2499 ό
3411 2446 3740 2515 Μονογενής.

2165 2541 2396 2612 Μορφὴν
2423 2540 2533 2612 γὰρ
2574 2540 2747 2594 ὑπέδυ
2793 2539 2892 2610 τὴν
2920 2540 3292 2612 δουλοπρεπῆ,
3324 2539 3419 2594 καὶ
3442 2538 3743 2593 κεκένωκεν

2165 2632 2380 2687 ἑαυτόν.
2404 2631 2576 2696 Αὐτὸς
2608 2632 2665 2686 δὲ
2696 2630 2856 2686 πάλιν
2891 2632 3008 2686 ἐστὶ
3061 2630 3122 2685 τὸ
3151 2630 3476 2702 ἱλαστήριον,
3515 2629 3576 2682 τὸ
3609 2626 3744 2699 ὑψοῦ

2165 2722 2436 2796 κείμενον,
2486 2722 2581 2776 καὶ
2629 2721 2733 2775 ὑπὸ
2778 2721 2887 2774 τῶν
2930 2721 3377 2792 ἄνω,Δυνάμεων
3417 2719 3745 2791 6096970906-

2170 2831 2354 2887 μενον.
2395 2814 2471 2867 Οὑ
2511 2813 2620 2885 γὰρ
2666 2814 2730 2866 ὲκ
2769 2814 2944 2885 μόνων
2985 2814 3116 2884 ἡμῖν
3163 2812 3274 2867 τῶν
3314 2812 3415 2881 τῆς
3464 2811 3746 2875 κενώσεως

2164 2906 2380 2979 τρόπων
2417 2904 2687 2977 γνώριμος
2726 2907 2755 2959 6
2778 2905 2928 2972 Υἱὸς,
2960 2904 3099 2959 ἀλλὰ
3144 2906 3236 2960 καὶ
3270 2905 3331 2970 ἐξ
3359 2898 3435 2959 ὧν
3467 2906 3583 2959 ἐστι
3614 2903 3746 2967 Θεὸς

2166 2998 2261 3052 καὶ
2288 2996 2397 3050 τῶν
2425 2997 2561 3051 ὅλων
2581 2997 2805 3068 Κύριος.
2837 2998 2902 3051 Εἰ
2939 2998 3049 3070 γὰρ
3078 2998 3170 3051 καὶ
3198 2998 3593 3052 τεταπείνωκεν
3615 2997 3745 3049 ἐαυ-

2168 3091 2260 3144 τὸν
2288 3090 2378 3143 διὰ
2413 3089 2475 3143 τὸ
2504 3088 2868 3165 ἀνθρώπινον,
2899 3091 2956 3141 ὲν
2985 3091 3098 3152 τοῖς
3120 3087 3249 3142 ’καθ’
3278 3089 3425 3159 ἡμᾶς
3475 3088 3747 3157 οἰκονομι-

486 3182 1108 3255 seipsumhumiliavit,
1158 3191 1322 3254 atque
1377 3183 1613 3253 sapienti
1665 3183 2065 3254 gubernatione

2169 3181 2279 3247 κῶς
2304 3180 2720 3252 καταϐεϐηκὼς,
2759 3181 2873 3235 ἀλλ’
2913 3200 2934 3235 ε
2978 3180 3036 3235 '0
3070 3181 3202 3244 Θεὸς
3232 3182 3390 3235 αὑτὸν
3422 3180 3746 3251 ὑπερύψωσε

486 3366 642 3423 illum
677 3366 1126 3437 superexaltavit,
1162 3373 1218 3421 et
1241 3365 1394 3420 dedit
1432 3366 1512 3420 illi
1557 3381 1758 3421 nomen
1802 3366 1950 3438 quod
1986 3375 2072 3422 est

486 3473 654 3529 super
675 3473 837 3514 omne
864 3472 1066 3512 nomen
1097 3457 1162 3509 δ’.
1193 3474 1215 3507 ι
1256 3456 1432 3528 Hujus
1494 3464 1677 3510 autem
1719 3457 1798 3511 rei
1828 3472 1939 3510 non
1970 3456 2069 3511 ab-

488 3548 656 3604 surde
696 3548 869 3619 ﬁgura
928 3556 1032 3613 est,
1097 3546 1243 3616 quod
1278 3547 1335 3601 in
1394 3547 1632 3601 sublime
1688 3547 1927 3618 positum
1987 3555 2072 3601 est

488 3636 969 3707 prepitiatorium,
1008 3635 1307 3691 Cberubim
1358 3636 1426 3691 ad
1465 3638 1585 3708 ejus
1635 3638 1883 3693 dextram
1940 3638 2073 3694 sini-

488 3734 770 3794 stramque
815 3733 1023 3795 partem
1058 3724 1292 3795 depictis
1329 3744 1340 3778 :
1378 3740 1527 3791 nam,
1572 3725 1666 3781 ubi
1701 3726 2070 3782 ministerium

489 3815 604 3871 Deo
645 3816 869 3888 proprie
906 3816 1243 3871 conveniens
1281 3816 1473 3873 adesse
1512 3819 1779 3884 cernitur,
1816 3819 1891 3874 ibi
1940 3836 2069 3892 pro-

489 3904 634 3961 fecto
667 3905 973 3961 divinitatis
1003 3920 1224 3977 quoque
1249 3907 1419 3977 gloria
1459 3923 1686 3978 prorsus
1716 3910 1891 3978 adest,
1928 3918 1985 3966 et
2006 3928 2072 3971 ea

488 3998 770 4070 dignitatis
801 3999 1125 4055 excellentia
1185 4015 1307 4069 quze
1324 4000 1627 4056 orationem
1662 4018 1880 4059 omnem
1912 4020 2073 4076 supe-

490 4099 593 4145 ret.
632 4110 650 4142 ‹
689 4091 933 4160 Desuper
962 4102 1144 4145 autem
1174 4090 1472 4147 Cherubim
1502 4108 1800 4165 eognoscar
1827 4110 1858 4150 a
1885 4103 1935 4150 te
1955 4095 2021 4164 ",
2045 4115 2063 4148 ι

491 4182 669 4253 inquit
685 4181 775 4237 ille
794 4181 1179 4237 universorum
1200 4182 1485 4251 Dominus,
1510 4184 1565 4238 in
1585 4200 1694 4255 quo
1716 4186 1863 4241 illam
1876 4185 2070 4241 ineffa-

490 4273 659 4328 bilem
705 4283 961 4329 naturam
1006 4290 1117 4330 non
1157 4275 1302 4330 inter
1358 4288 1641 4332 creaturas
1672 4278 1839 4348 quaeri
1874 4280 2067 4350 jussit;

380 3330 396 3347 ,
493 3278 559 3331 ad
587 3250 826 3343 nostram
856 3250 1558 3341 conditionem'deseendit,
1614 3250 1853 3331 attamen
1879 3295 1895 3326 ι
1921 3276 2065 3330 Deus

2169 3269 2261 3322 καὶ
2295 3250 2586 3340 ἐχαρίσατο
2634 3268 2783 3341 αὑτῷ
2828 3269 3112 3340 όνομα,.τὸ
3148 3271 3290 3343 ὑπὲρ
3333 3272 3442 3325 πᾶν
3492 3250 3681 3341 ὄνομα.
3718 3289 3740 3321 ι

2171 3363 2353 3427 Τόπος
2380 3362 2425 3417 δ’
2457 3361 2523 3417 ἂν
2569 3363 2654 3434 εῐη
2687 3363 2783 3418 καὶ
2821 3362 2996 3430 τοῦδε,
3030 3362 3093 3418 τὸ
3157 3362 3292 3434 ὑψοῦ
3352 3362 3624 3418 τεθεῖσθαι
3684 3362 3748 3415 τὸ

2172 3454 2486 3526 ἱλαστήριον
2532 3457 2612 3518 εἱς
2666 3454 2840 3521 δεξιὸν
2896 3454 2994 3509 καὶ
3057 3453 3335 3525 εὐώνυμον
3388 3456 3746 3525 ἀναγεγραμ-

2174 3548 2351 3616 μένων
2386 3547 2498 3602 τῶν
2543 3547 2849 3618 Χερουϐίμ.
2898 3546 3069 3601 Ἔνθα
3105 3546 3215 3619 γὰρ
3257 3548 3323 3603 ἂν
3373 3549 3406 3618 ἡ
3450 3545 3568 3616 Θεῷ
3615 3545 3751 3615 πρέ-

2172 3658 2353 3698 πουσα
2430 3641 2578 3711 μόνῳ
2617 3641 2859 3711 φαίνοιτο
2906 3640 3235 3712 λειτουργία,
3276 3641 3391 3692 ἐκεῖ
3434 3639 3605 3711 δήπου
3658 3638 3747 3706 εῐη

2169 3732 2236 3788 ἂν
2271 3734 2485 3796 πάντως
2513 3732 2603 3786 καὶ
2650 3733 2683 3801 ἡ
2724 3730 2823 3801 τῆς
2861 3729 3114 3800 θεότητος
3145 3729 3295 3795 δόξα,
3328 3730 3423 3783 καὶ
3462 3728 3572 3782 τῶν
3606 3726 3751 3798 ὑπὲρ

2168 3823 2326 3893 λόγον
2355 3821 2679 3894 ἀξιωμάτων
2702 3824 2737 3893 ἡ
2770 3822 3036 3893 ὑπεροχή.
3078 3841 3097 3875 ι
3134 3820 3374 3875 ’Δνωθεν
3404 3820 3462 3874 δὲ
3496 3818 3608 3873 τῶν
3636 3818 3750 3871 Χε-

2171 3913 2392 3987 ρουϐὶμ,
2454 3912 2841 3984 γνωσθήσομαί
2882 3929 2965 3966 σοι
2989 3951 3004 3977 ,
3037 3931 3054 3963 ι
3089 3911 3272 3989 φησιν,
3312 3913 3341 3964 6
3388 3909 3606 3964 πάντων
3647 3912 3753 3962 Δε-

2172 4003 2396 4075 σπότης,
2434 4002 2533 4075 τὴν
2558 4003 2795 4075 ἄρρητον
2832 4000 2998 4073 φύσιν
3035 4001 3110 4073 μὴ
3154 4004 3213 4055 ὲν
3242 3996 3323 4065 οἷς
3361 4003 3393 4072 ή
3437 3999 3613 4063 κτίσις
3653 3997 3754 4071 ζη-

2168 4095 2379 4153 τεῖσθαι
2430 4096 2784 4167 προστάττων
2803 4134 2820 4159 ,
2894 4094 3010 4149 ἀλλ’
3065 4094 3320 4149 ἐπέκεινα
3372 4093 3590 4158 πάντως
3651 4091 3755 4145 τοῦ

2172 4177 2513 4258 κεκλημένοιὶ
2540 4186 2675 4259 πρὸς
2710 4184 2964 4259 ὓπαρξινο
2995 4184 3131 4238 Θεοῦ
3166 4184 3275 4256 γὰρ
3302 4185 3462 4254 φύσει
3504 4184 3658 4253 λόγος
3686 4197 3753 4235 τε

2171 4266 2267 4332 καῖ
2307 4277 2472 4341 τόπος
2511 4280 2540 4331 6
2572 4276 3053 4350 πρεπωδέστατος,
3100 4274 3160 4329 τὸ
3191 4276 3331 4347 πέρα
3377 4292 3438 4331 τε
3492 4276 3587 4330 καὶ
3637 4276 3755 4330 ἄνω

491 4364 587 4419 sed
619 4365 760 4419 ultra
793 4363 849 4418 id
883 4380 1044 4420 omne
1073 4381 1319 4435 prorsus,
1354 4367 1624 4437 quidquid
1643 4377 1704 4422 ut
1732 4370 2065 4425 sitvoeatum

2171 4366 2370 4430 παντὸς
2391 4368 2639 4436 γενητοῦ.
2664 4366 2875 4420 Οὐκοῦν
2897 4368 2924 4419 6
2952 4367 3206 4438 ὑπεράνω
3229 4367 3335 4420 τῶν
3360 4367 3639 4437 Χερουϐὶμ
3666 4366 3757 4419 τό·

491 4462 596 4509 est.
622 4454 719 4510 Dei
752 4455 922 4520 enim,
970 4456 1065 4525 qui
1095 4465 1288 4511 natura
1320 4456 1465 4511 Deus
1494 4464 1599 4522 est,
1635 4458 1794 4521 ratio,
1831 4467 1887 4513 et
1917 4458 2065 4514 locus

2172 4475 2293 4523 πος,
2325 4460 2417 4512 καὶ
2446 4458 2813 4528 αἰσθητῶς-ὲν
2845 4460 3075 4531 τῇιάγίᾳ
3124 4462 3296 4531 σκηνῇ
3347 4458 3628 4529 μονονουχὶ
3653 4457 3757 4525 τὴν

492 4555 578 4602 est
606 4545 699 4602 ille
727 4546 1173 4613 decentissimus,
1203 4557 1423 4618 praeter,
1484 4564 1547 4602 ae
1577 4564 1741 4619 supra
1796 4549 1852 4603 id
1907 4564 2065 4604 omne

2175 4549 2324 4605 θείαν
2361 4550 2491 4621 ἡμῖν
2532 4548 2823 4618 καταδηλοί
2877 4550 3068 4618 φύσιν·
3121 4549 3378 4621 ταύτῃτοι
3410 4549 3472 4601 τὸ
3518 4545 3757 4617 χρυσοῦν

493 4653 635 4703 esse,
668 4637 814 4707 quod
844 4644 1026 4693 ortum
1074 4648 1178 4695 est.
1229 4640 1401 4710 Igitur
1435 4639 1523 4693 ille
1577 4654 1741 4708 supra
1770 4639 2065 4694 Cherubim

2177 4640 2559 4713 θυσιαστήριον
2585 4642 2664 4704 εἰς
2691 4640 2861 4693 τύπον
2894 4640 3131 4711 Χριστοῦ
3158 4641 3400 4709 γεγονὸς,
3429 4638 3756 4693 ἀποκεῖσθαι

496 4734 648 4786 locus
684 4731 741 4786 in
772 4730 867 4787 illo
897 4741 1087 4787 saneto
1119 4731 1472 4787 tabernaculo
1511 4730 1714 4786 nostris
1748 4732 1914 4786 etiam
1944 4748 2065 4787 sen-

2177 4732 2547 4802 προστέταχεν
2577 4730 2837 4783 ἀπέναντι
2877 4730 2973 4782 τοῦ
3020 4731 3280 4801 ὑπεράνω
3315 4730 3427 4783 τῶν
3468 4728 3759 4802 Χερουϐὶμ

494 4823 648 4879 sibus
672 4822 912 4877 divinam
940 4838 1111 4893 prope
1134 4830 1390 4876 naturam
1417 4821 1678 4887 ostendit,
1726 4823 1797 4877 ob
1840 4838 2065 4895 eamque

2175 4800 2606 4893 χρηματίζοντός
2638 4834 2699 4872 τε
2732 4819 2824 4873 καὶ
2878 4800 3169 4891 νοουμένου
3202 4820 3294 4874 τοῦ
3322 4821 3485 4876 οἱονεί
3514 4800 3631 4883 πως
3675 4822 3763 4883 εἱς
3793 4800 3804 4829 ”

496 4927 714 4969 causam
738 4914 910 4967 altare
932 4911 1069 4968 illud
1096 4926 1344 4976 aureum,
1373 4912 1518 4981 quod
1547 4913 1603 4967 in
1629 4911 1855 4984 ﬁguram
1868 4913 2065 4970 Christi

2175 4911 2298 4981 ὄψιν
2329 4909 2464 4964 Θεοῦ
2492 4912 2587 4964 καὶ
2626 4915 2683 4965 ὲν
2727 4912 3024 4983 ὀφθαλμοῖς
3050 4910 3146 4964 τοῦ
3195 4912 3407 4983 Πατρὸς
3440 4912 3500 4964 ἐν
3533 4912 3762 4982 Χριστῷ

497 5001 703 5057 factum
741 5002 946 5065 fuerat,
979 5014 1010 5054 e
1042 5000 1265 5069 regione
1310 5000 1430 5070 ejus
1460 5001 1717 5056 collocari
1744 5002 1927 5072 jussit,
1984 5004 2065 5072 qui

2179 5001 2430 5071 γενέσθαι
2441 5000 2509 5054 τὰ
2523 5002 2644 5056 καθ’
2658 5004 2806 5074 ἡμᾶς
2833 5003 2990 5056 τοῦτό
3009 5019 3108 5056 που
3126 5003 3503 5074 σημαίνοντος.
3521 5000 3610 5055 Ἐν
3623 5001 3763 5054 ἁπι-

496 5111 661 5164 supra
694 5093 993 5150 Cberubim
1031 5098 1086 5147 et
1114 5091 1312 5147 edebat
1350 5094 1592 5158 oracula,
1624 5101 1679 5147 et
1740 5095 2065 5166 intelligeba-

2182 5097 2384 5165 στροφῇ
2417 5094 2524 5167 γὰρ
2545 5094 2674 5150 ὄντα
2697 5097 2788 5150 τὸν
2816 5096 3122 5169 ἄνθρωπον,
3153 5098 3247 5151 καὶ
3276 5095 3761 5168 προσκεκρουκότα

500 5196 589 5239 tur
622 5201 758 5255 :qua
779 5186 836 5239 in
858 5199 916 5237 re
935 5181 1218 5253 loeusipse
1249 5183 1607 5255 signiﬁcabat,
1635 5185 1691 5239 in
1718 5185 1815 5240 Dei
1844 5185 2065 5255 quodam

2179 5185 2298 5257 Θεῷ
2326 5186 2416 5240 διὰ
2448 5187 2546 5258 τὴν
2566 5187 2879 5259 παράϐασιν
2893 5188 2988 5242 καὶ
3010 5187 3213 5260 πολλὴν
3246 5187 3537 5259 ἁμαρτίαν,
3558 5186 3762 5257 ἔστησε

503 5282 664 5333 (ηε)ἆο
723 5284 1101 5348 conspectum,
1162 5287 1217 5333 et
1286 5287 1413 5335 ante
1439 5280 1627 5335 oculos
1672 5280 1851 5341 Palis
1888 5294 1989 5334 nos
2024 5279 2065 5333 ir

2181 5276 2343 5329 πάλιν
2380 5278 2438 5331 ἐν
2480 5279 2757 5348 προσώπῳ
2811 5277 2905 5331 τοῦ
2947 5278 3161 5350 Πατρὸς
3210 5278 3283 5341 ὡς
3314 5280 3401 5332 ’ὲν
3435 5276 3613 5349 ἑαυτῷ
3663 5279 3765 5331 καὶ

496 5368 718 5424 Christo
765 5382 885 5422 esse
926 5367 1261 5436 perductos:
1296 5370 1577 5425 hominem
1608 5370 1779 5435 enim,
1833 5384 1959 5424 eum
2016 5368 2065 5422 in

2180 5366 2381 5438 πρώτῳ
2412 5368 2662 5439 Χριστός.
2698 5385 2716 5419 ι
2748 5368 3059 5441 Πρόδρομος
3084 5369 3195 5439 γὰρ
3218 5369 3361 5440 ὑπὲρ
3384 5371 3544 5441 ἡμῶν
3578 5369 3763 5424 εἱσϐἐ-

499 5459 786 5513 aversione
817 5464 982 5521 esset,
1013 5473 1076 5512 ac
1102 5470 1326 5531 propter
1355 5459 1842 5530 transgressionem
1875 5474 2065 5528 pecea-

2182 5461 2347 5532 ϐηκεν
2389 5463 2467 5526 εἱς
2514 5462 2604 5515 τὸν
2636 5463 2880 5533 οὐρανὸν,
2905 5463 3000 5517 νῦν
3038 5463 3437 5533 ἐμφανισθῆναι
3475 5462 3554 5535 τῷ
3586 5480 3766 5534 προσ-

502 5563 793 5616 torumque
834 5548 1240 5605 multitudinem
1284 5552 1454 5605 Deum
1495 5549 1833 5613 offendisset,
1886 5565 2065 5604 rursus

2179 5551 2314 5623 ὠπῳ
2359 5552 2454 5606 τοῦ
2490 5552 2626 5607 Θεοῦ
2671 5554 2812 5626 ὑπὲρ
2844 5552 3021 5625 ἡμῶν,
3059 5572 3077 5606 ι
3131 5554 3278 5607 καθὰ
3307 5553 3508 5624 γράφει
3549 5551 3765 5615 Παῦλος

499 5640 644 5695 inse
676 5637 814 5707 ipso,
856 5653 921 5691 ae
961 5639 1137 5708 primo
1184 5639 1434 5695 Christus
1467 5639 1519 5693 in
1570 5646 1863 5707 conspectu
1899 5639 2065 5693 Patris

2183 5646 2314 5716 ἡμῖν
2346 5647 2374 5698 6
2408 5645 2588 5715 σοφός.
2638 5647 2696 5699 Ὀ
2743 5644 2850 5715 γὰρ
2882 5644 3144 5715 ὑπάρχων
3188 5647 3275 5700 ἀεὶ
3307 5646 3449 5718 μετὰ
3485 5644 3578 5699 τοῦ
3627 5643 3767 5698 ἱδίου

607 5818 649 5851 δ’
682 5816 810 5873 loan
885 5835 938 5881 Il,
984 5820 1034 5873 ‘2.
1118 5824 1156 5852 ³⁵
1185 5823 1339 5876 Rom.
1372 5838 1446 5885 ut,
1480 5820 1566 5873 Εὶὸ.
1647 5819 1685 5849 δ’
1722 5820 1891 5873 Exn-tl.
1932 5837 2049 5887 im,

2242 5824 2286 5853 ⁵ο
2314 5823 2549 5892 Philipp.
2583 5838 2640 5887 ιι,
2671 5824 2722 5875 7.
2820 5823 2862 5854 "
2888 5821 3051 5887 lbid.,
3088 5823 3140 5876 9.
3233 5825 3276 5855 ⁸³
3308 5823 3456 5878 Exod
3505 5837 3625 5889 xxv,
3667 5812 3780 5914 '23.
