4118 6428
366 454 470 520 εει

1050 461 1140 518 DE
1181 444 1630 515 ADOBATIONE
1669 458 1738 515 IN
1778 448 2055 516 SPlRl'l‘U
2095 446 2185 513 ET
2227 447 2599 516 vEIuTATE.
2640 456 2775 515 LIB.
2800 446 2913 516 τί.

3564 454 3673 520 θεὶ

364 580 610 654 Πατρδς,
643 578 739 634 νῦν
794 576 1200 649 ἐμφανισθῆναι
1228 571 1447 643 λέγεται
1478 574 1554 638 ὡς
1584 577 1642 628 ἐν
1675 574 1856 646 ἑαυτῷ
1906 591 1964 643 γε

2074 573 2365 629 constituit
2399 591 2412 627 :
2451 593 2469 625 ι
2510 575 2828 631 Praecursor
2851 587 3089 644 namque
3120 577 3221 644 pro
3260 573 3509 629 nobisin
3553 590 3674 632 cina

365 673 466 728 atat
490 670 692 744 πρώτῳ
718 667 1043 741 παρατιθεὶς
1065 667 1124 720 ὲν
1149 665 1270 736 ὄψει
1293 665 1389 719 τοῦ
1414 664 1630 738 Πατρδς
1655 665 1728 718 τὰ
1749 665 1965 733 ἀνθρώ-

364 745 525 829 stiva,
551 765 647 819 καὶ
670 763 769 834 τὴν
787 761 1023 834 ἀρχαίαν
1045 760 1260 830 ἐκείνην
1290 758 1644 829 ἀποστροφὴν
1669 756 1950 828 μεθιστὰς.

371 867 395 913 r‘
417 858 592 921 Αὐτὸς
612 856 722 927 γάρ
746 856 896 908 ἐστιν
923 854 1165 925 ἠείρήνη
1191 853 1373 923 ἡμῶν,
1388 870 1406 903 ι
1432 850 1575 905 κατὰ
1595 849 1695 913 τὰς
1712 850 1962 922 Γραφάς.

2075 666 2191 721 lum
2222 674 2308 721 est
2330 666 2635 737 ingressus,
2662 676 2725 723 ut
2752 680 2904 723 nunc
2933 674 3200 737 appareat
3226 665 3407 722 vultui
3444 668 3542 724 Dei
3565 684 3673 740 pro

2074 756 2255 823 nobis,
2269 777 2287 811 ι
2311 766 2373 813 ut
2399 759 2491 814 ille
2507 758 2728 829 sapiens
2749 760 2835 814 vir
2847 760 3051 816 Paulus
3066 761 3333 832 scriptum
3364 762 3671 833 reliquit”.

2070 850 2230 917 Nam,
2265 851 2361 922 ‘qui
2382 866 2600 921 semper
2614 859 2700 906 est
2722 868 2829 907 una
2857 867 2986 908 cum
3014 854 3199 919 Patre,
3231 870 3381 911 nunc
3403 870 3674 927 apparere

363 954 595 1018 dicitur,
623 957 815 1019 utpote
844 948 940 1018 qui
979 948 1036 1002 in
1067 962 1125 1003 se
1153 947 1292 1017 ipso,
1315 961 1376 1001 ac
1409 944 1591 1016 primo
1630 944 1689 998 in
1733 951 2033 1014 consliectu
2058 944 2240 1000 Patris
2294 952 2553 999 naturam
2582 944 2881 1000 humanam
2931 947 3241 1014 collocarit,
3300 958 3357 1003 et
3425 957 3673 1006 veterem

362 1049 520 1105 illam
544 1043 890 1100 aversionem
921 1041 1267 1097 revocaverit
1304 1050 1317 1094 ὲ
1346 1058 1363 1091 ι
1399 1041 1520 1110 lpsc
1562 1039 1711 1094 enim
1750 1047 1836 1094 est
1866 1053 1972 1109 pax
2010 1048 2202 1095 nostra
2235 1039 2312 1107 “,
2352 1058 2370 1093 ι
2400 1050 2463 1096 ut
2507 1040 2811 1113 Scriptura:
2851 1042 3100 1099 tradunt.

438 1136 653 1192 IIAAA.
701 1132 950 1205 Ἀραρεν
980 1128 1074 1186 οὖν
1107 1131 1191 1184 ὃτι
1238 1130 1482 1203 Χριστοῦ
1510 1130 1674 1185 πάλιν
1700 1129 1867 1185 εἰκὼν
1901 1130 1963 1184 τὸ

363 1227 756 1299 θυσιαστήριον
788 1227 847 1278 τὸ
869 1224 1125 1296 χρυσοῦν.

434 1322 605 1377 ΚΥΡ.
655 1318 767 1372 Καὶ
798 1318 935 1392 πρὸς
967 1334 1031 1387 γε
1060 1314 1126 1387 δὴ
1174 1316 1350 1387 τούτῳ
1402 1316 1562 1370 νοοῖτ*
1616 1315 1683 1370 ἂν
1740 1315 1966 1380 εἰκότως

361 1415 531 1478 αὐτὸς
573 1416 602 1467 ὁ
658 1411 915 1482 θυμίαμα
953 1410 1014 1463 τὸ
1075 1408 1332 1463 σύνθετον
1380 1409 1477 1462 καὶ
1527 1408 1744 1463 λεπτόν.
1792 1409 1965 1472 Αὐτὸς

361 1508 477 1581 γὰρ
509 1510 538 1561 ὁ
566 1503 879 1579 ἀρχιερεύςι
910 1522 928 1555 ι
957 1500 1228 1573 Θυμιάσει
1249 1500 1410 1573 γὰρ,ι
1436 1500 1621 1570 φησιν,
1644 1517 1663 1552 ι
1689 1500 1775 1554 ἐπ’
1798 1499 1964 1553 αὐτοῦ

374 1599 591 1673 ’Λαρὼν
654 1597 911 1667 θυμίαμα
954 1592 1242 1659 σύνθετον,
1292 1592 1517 1646 λεπτόνσ
1564 1610 1585 1645 ι
1632 1592 1728 1647 καὶ
1777 1590 1967 1646 σύνθε-

361 1694 460 1746 τον
490 1684 589 1762 μὲν
610 1689 673 1743 τὸ
702 1688 985 1760 θυμίαμαο
1040 1686 1174 1750 Θεὸς
1199 1686 1308 1759 γὰρ
1333 1684 1407 1739 ὢν
1443 1688 1474 1741 ὁ
1525 1687 1719 1757 Λόγος,
1774 1687 1968 1757 γέγονε

364 1784 527 1857 σάρξ.
580 1783 693 1837 Καὶ
757 1778 1102 1835 συντέθειται
1152 1784 1272 1843 πως
1319 1780 1452 1851 ἡμῖν
1505 1780 1535 1834 δ
1598 1779 1968 1852 Ἐμμανουὴλ,

363 1876 523 1939 θείας
557 1873 776 1946 φύσεώς
801 1889 864 1925 τε
899 1873 996 1926 καὶ
1029 1872 1452 1943 ἁνθρωπότητος
1488 1874 1569 1936 εἰς
1612 1873 1841 1945 ἑνότητα
1871 1874 1970 1944 τὴν

2141 1130 2340 1187 PALL.
2378 1132 2650 1188 Etl‘ectum
2691 1134 2994 1206 estigitur,
3047 1137 3220 1195 altare
3254 1138 3391 1195 illud
3441 1148 3673 1199 aureum

2070 1228 2193 1279 esse
2223 1222 2430 1280 Christi
2460 1242 2655 1281 rursus
2688 1227 3006 1299 imaginem.
3156 1209 3166 1222 ’

2142 1314 2302 1371 CYR.
2366 1316 2572 1374 Adhaéc
2625 1332 2736 1375 non
2792 1321 3032 1378 absurde
3060 1323 3208 1379 idem
3265 1325 3382 1397 ipse
3439 1329 3673 1401 intelligi

2071 1417 2256 1479 potest
2286 1409 2422 1465 illud
2469 1426 2592 1467 esse
2622 1412 2920 1485 thymiama
2948 1418 3317 1486 compositum
3374 1431 3440 1476 ac
3472 1429 3670 1489 tenue;

2073 1502 2191 1571 ίῃεο
2217 1503 2366 1557 enim
2397 1514 2481 1559 est
2510 1505 2771 1577 princeps
2797 1506 2889 1562 ille
2920 1508 3272 1565 sacerdotum
3308 1520 3322 1566 ξ
3361 1531 3378 1564 ι
3410 1513 3675 1571 lncendet

2074 1593 2246 1659 enim,
2277 1612 2296 1645 ι
2324 1595 2525 1665 inquit,
2555 1615 2572 1647 ι
2596 1602 2764 1668 super
2777 1610 2846 1653 eo
2867 1597 3051 1654 Aaron
3070 1600 3370 1672 thymiama
3397 1606 3676 1675 composio

2073 1686 2213 1744 tum.
2233 1691 2398 1740 tenue
2409 1685 2487 1754 "3
2514 1705 2532 1737 ι
2556 1684 2721 1758 308
2731 1694 2794 1745 'ac
2810 1691 3055 1761 Composi
3065 1698 3181 1746 tum
3205 1693 3430 1764 quidem
3446 1706 3533 1752 est
3554 1697 3677 1769 thy-

2072 1776 2307 1844 miama;
2335 1792 2486 1844 nam,
2511 1794 2638 1834 cum
2664 1780 2811 1836 Deus
2825 1790 2974 1837 esset
3002 1780 3271 1851 Verbum,
3300 1800 3432 1842 caro
3460 1786 3673 1844 factum

2070 1880 2176 1939 est,
2204 1882 2261 1929 et
2290 1873 2629 1942 compositus
2661 1880 2746 1929 est
2766 1874 2930 1929 nobis
2952 1875 3365 1945 quodammodo
3407 1879 3501 1938 ille
3545 1882 3676 1937 Ema-

361 1966 511 2042 ὖπὲρ
562 1968 710 2031 νοῦν,
755 1966 1087 2038 ἀπορρήτοις
1150 1965 1575 2039 συνηνεγμένην.
1628 1967 1840 2022 Λεπτδν
1890 1966 1964 2033 δὲ,

2075 1963 2322 2029 manuel,
2363 1972 2492 2019 cum
2543 1963 2733 2019 divina
2782 1964 2946 2020 simul
2976 1966 3330 2040 humanathe
3377 1977 3578 2029 natura
3611 1974 3673 2031 in

360 2065 448 2117 ὅτι
479 2063 541 2115 τὸ
564 2060 712 2132 παχὺ
744 2059 844 2130 τῆς
868 2057 1012 2112 κατὰ
1036 2057 1200 2128 νόμον
1227 2056 1487 2130 λατρείας
1511 2059 1612 2113 οὐκ
1626 2057 1765 2130 ἔχει.
1804 2076 1824 2111 t
1858 2058 1969 2112 Θυ-

364 2156 491 2219 σίας
524 2160 634 2224 γὰρ
656 2152 753 2207 καὶ
791 2151 1112 2224 προσφορὰν
1152 2152 1254 2205 οὐκ
1296 2150 1591 2222 ἠθέλησας.
1632 2151 1969 2206 Ὀλοκαύτω-

361 2265 447 2318 μα
489 2247 587 2301 καὶ
628 2245 759 2316 περὶ
819 2245 1097 2316 ἁμαρτίας
1146 2245 1247 2299 οὐκ
1307 2245 1632 2317 εὐδόκησας.
1690 2244 1861 2316 Σῶμα
1911 2246 1969 2299 δὲ

361 2339 692 2412 κατηρτίσω
731 2356 843 2410 μοι,
897 2320 1074 2409 φησί’⁸
1106 2337 1229 2391 τότε
1279 2333 1453 2404 εἷπον,
1501 2335 1633 2393 Ἰδοὺ
1683 2341 1841 2411 ἧκωο,
1870 2337 1967 2393 τοῦ

357 2432 616 2503 ποιῆσαι,
642 2432 670 2483 ὁ
698 2429 854 2497 Θεὸς,
895 2429 957 2483 τὸ
984 2428 1198 2499 θέλημὰ
1226 2445 1341 2482 σου.
1384 2449 1403 2480 ι
1442 2430 1553 2484 Καὶ
1608 2431 1662 2485 τί
1705 2431 1768 2502 δὴ
1810 2429 1969 2485 τοῦτό

361 2523 482 2574 ἐστι
509 2521 572 2575 τὺ
593 2520 811 2592 θέλημα
863 2518 958 2575 τοῦ
1010 2520 1247 2592 Πατρδς,
1284 2522 1445 2587 αὐτὸς
1494 2524 1643 2595 ἡμᾶς
1682 2526 1738 2577 ὲν
1784 2522 1970 2592 Εὐαγ-

358 2614 566 2682 Ῡελίοις
610 2610 1095 2685 μεμυσταγώγηκε
1148 2612 1344 2683 λέγων,
1400 2614 1483 2668 ὅτι
1543 2630 1561 2666 ι
1596 2615 1969 2687 Καταϐἑϐηκα

359 2707 433 2760 εκ
459 2705 558 2760 τοῦ
586 2704 841 2779 οὐρανοῦ,
879 2706 977 2775 οὐχ
1035 2706 1123 2759 ἵνα
1156 2705 1296 2761 ποιῶ
1323 2706 1386 2760 τὸ
1435 2705 1648 2778 θέλημα
1701 2708 1763 2761 τδ
1811 2708 1965 2780 ὲμὺν,

360 2798 507 2853 am
546 2797 608 2852 τὸ
635 2798 850 2868 θέλημα
892 2796 989 2857 τοῦ
1022 2797 1341 2870 πέμψαντός
1407 2814 1497 2872 με.
1533 2790 1705 2854 Τοῦτο
1755 2799 1813 2855 δέ
1850 2803 1968 2856 ἐστι

359 2890 430 2946 ἐδ
454 2890 668 2961 θέλημα
693 2890 787 2944 τοῦ
819 2884 1141 2962 πεμψαντός
1176 2907 1266 2962 με,
1300 2880 1386 2945 ἵνα
1410 2884 1523 2945 πᾶν
1563 2887 1593 2946 δ
1617 2891 1819 2947 δέδωκέ
1851 2910 1964 2965 μοι,

362 2984 446 3057 μὴ
480 2983 735 3039 ἀπολέσω
761 2982 822 3050 ἐξ
843 2982 1031 3049 αὐτοῦ,
1073 2982 1213 3037 ἀλλὰ
1258 2984 1557 3056 ἀναστήσω
1609 2985 1742 3039 αὐτὸ
1783 2987 1843 3039 ὲν
1894 2988 1963 3060 τῇ

358 3067 571 3150 ἕσχὰτῃ
626 3075 839 3148 ἡμέρα.
888 3093 909 3127 ι
971 3074 1395 3146 Προσκεκόμικε
1442 3074 1554 3148 γὰρ
1588 3076 1779 3130 ἑαυτὸν
1825 3077 1967 3149 ὑπὲρ

359 3168 525 3241 ήμῶν
555 3170 637 3233 εἰς
665 3168 842 3241 ὀσμὴν
872 3166 1124 3232 εὐωδίας,
1152 3168 1534 3240 κεχρημάτικέ
1586 3176 1645 3222 τε
1679 3167 1769 3222 διὰ
1806 3168 1968 3223 τοῦτο

360 3262 461 3315 καὶ
519 3257 832 3333 ἀρχιερεύς.
865 3256 1078 3313 Οὐκοῦν
1110 3258 1272 3322 αὐτὸς
1300 3259 1329 3311 δ
1370 3259 1682 3329 ἀρχιερεὺς,
1712 3259 1875 3323 αὐτὸς
1903 3258 1966 3313 τὸ

362 3348 623 3424 θυμίαμα
655 3351 718 3404 τὸ
768 3344 1034 3404 σΰνθετόν
1065 3358 1125 3404 τε
1171 3350 1265 3405 καὶ
1309 3350 1539 3405 λεπτόν·
1594 3350 1691 3405 καὶ
1751 3368 1966 3423 μαρτυ-

361 3446 527 3517 ῥήσει
558 3445 735 3513 λέγων
754 3444 783 3496 ὁ
812 3441 1045 3506 Παῦλος·
1093 3462 1112 3494 ‹
1144 3443 1233 3514 Τῷ
1257 3443 1315 3497 δὲ
1353 3441 1473 3513 Θεῷ
1499 3444 1677 3514 χάρις,
1708 3444 1790 3515 νῷ
1833 3442 1969 3497 πάν-

358 3545 488 3592 τοτε
524 3536 919 3611 θριαμϐεύοντι
964 3540 1115 3610 ἡμᾶς
1171 3538 1230 3590 ὲν
1271 3536 1353 3608 τῷ
1409 3537 1657 3609 Χριστῷ,
1718 3538 1813 3591 καὶ
1868 3537 1967 3609 τὴν

357 3621 542 3703 ὀσμὴν
580 3631 679 3704 τῆς
706 3629 965 3701 γνώσεως
1008 3628 1175 3685 αὑτοῦ
1220 3629 1545 3703 φανεροῦντι
1595 3629 1664 3684 δι’
1703 3630 1861 3703 ἡμῶν
1908 3631 1967 3685 ὲν

361 3724 547 3779 παντί
576 3721 751 3796 τόπῳ,
805 3724 889 3777 ὅτι
936 3716 1178 3797 Χριστοῦ
1231 3723 1433 3778 εὐωδία
1490 3723 1656 3795 ἐσμὲν
1692 3723 1772 3796 τῷ
1823 3722 1964 3796 Θεῷ,

358 3820 423 3872 ἐν
454 3818 569 3881 τοῖς
603 3814 965 3886 σωζομένοις,
1002 3815 1098 3870 καὶ
1139 3818 1196 3870 ὲν
1230 3818 1344 3881 τοῖς
1391 3815 1788 3887 ἀπολλυμένοις
1809 3834 1825 3849 ο
1883 3814 1967 3884 οἷς

362 3909 471 3982 μὲν
507 3907 653 3980 ὀσμὴ
684 3909 750 3962 ὲκ
780 3907 1014 3962 θανάτου
1058 3909 1138 3973 εἰς
1175 3908 1427 3974 θάνατον,
1462 3903 1544 3974 οἷς
1569 3900 1626 3963 at
1651 3909 1796 3981 ὀσμὴ
1820 3910 1966 3982 ζωῆς

358 4004 445 4068 εἰς
470 4003 640 4075 ζωήν.
671 4020 691 4055 ι
734 3999 1089 4073 Προσεφώνει
1129 4000 1187 4055 δὲ
1232 4001 1325 4056 καὶ
1354 4003 1507 4073 ἡμῖν·
1577 4011 1598 4054 t’
1626 4000 1849 4055 Γίνεσθε
1871 3994 1967 4057 οὖν

361 4097 607 4169 μιμηταὶ
637 4095 734 4150 τοῦ
760 4094 899 4149 Θεοῦ
954 4085 1033 4159 ὡς
1062 4094 1230 4148 τέκνα
1270 4093 1555 4164 ἀγαπητὰ,
1592 4092 1689 4149 καὶ
1722 4104 1966 4181 mpura;

357 4190 507 4243 τείτε
531 4180 589 4244 ἐν
612 4189 824 4262 ἀγάπῃ,
848 4182 1028 4251 καθὼς
1052 4186 1147 4240 καὶ
1166 4187 1195 4240 ὁ
1216 4184 1450 4255 Χριστὸς
1471 4185 1762 4258 ἠγάπησεν
1786 4180 1963 4258 ἡμᾶς,

357 4284 456 4336 καὶ
498 4271 825 4354 παρέδωκεν
880 4279 1074 4334 ἑαυτὸν
1126 4274 1270 4351 ὑπὲρ
1321 4277 1479 4350 ἡμῶν
1522 4279 1839 4350 προσφορὰν
1870 4283 1966 4335 καὶ

357 4375 557 4431 θυσίαν
596 4375 676 4447 τῷ
713 4371 835 4445 Θεῷ
860 4365 942 4438 είς
993 4366 1170 4445 ὀσμὴν
1227 4370 1473 4435 εὐωδίας.
1506 4391 1524 4424 ι
1592 4372 1705 4426 Καὶ
1754 4373 1844 4426 τόν
1901 4389 1964 4443 γε

353 4472 454 4523 τοῦ
493 4467 695 4539 θυμιᾷν
729 4465 937 4538 ἐναργῆ
971 4465 1205 4535 καθίστη
1270 4464 1487 4537 καιρὸν,
1514 4464 1733 4519 ἅπαντα
1764 4466 1822 4518 δὲ
1853 4466 1964 4521 δεῖν

357 4561 418 4614 ἐν
457 4558 614 4626 τάξει
664 4574 724 4611 τε
773 4558 870 4611 καὶ
918 4555 1189 4627 εὐκοσμία
1242 4554 1579 4627 πράττεσθαι
1632 4555 1959 4628 νομοθετῶν,

2071 2056 2361 2123 unitatem,
2397 2068 2521 2128 quae
2544 2066 2766 2112 omnem
2793 2057 3215 2130 intelligentiam
3254 2072 3499 2134 superat,
3525 2066 3671 2122 incf-

2070 2141 2223 2204 fabili
2271 2149 2438 2205 modo
2495 2150 2877 2206 convenerint.
2938 2153 3150 2210 Deinde
3200 2162 3367 2213 tenue
3407 2168 3515 2223 est,
3538 2161 3670 2232 quia

2070 2240 2220 2295 illam
2253 2240 2446 2313 legalis
2469 2241 2654 2298 cultus
2677 2242 2985 2299 crassitiem
3016 2252 3129 2301 non
3159 2246 3329 2303 habet
3361 2256 3377 2303 ‘:
3425 2268 3446 2301 ι
3480 2248 3670 2307 Sacri-

2071 2329 2260 2387 ficium
2283 2332 2433 2388 enim
2472 2340 2530 2389 et
2558 2333 2898 2390 oblationem
2933 2336 3194 2393 noluisti:
3224 2339 3572 2409 holocausta,
3611 2348 3674 2398 et

2069 2440 2171 2496 pro
2219 2424 2449 2496 peccato
2494 2440 2608 2481 non
2667 2427 2998 2497 placuerunt
3040 2431 3178 2501 tibi;
3239 2449 3441 2506 corpus
3480 2443 3671 2494 autem

2071 2519 2271 2590 aptasti
2297 2520 2467 2587 mihi;
2488 2528 2619 2575 tunc
2647 2521 2760 2576 dixi
2785 2538 2799 2576 :
2820 2522 2963 2579 Ecce
2977 2525 3161 2593 venio,
3186 2532 3249 2582 ut
3263 2527 3481 2596 faciam,
3500 2532 3669 2601 Deus,

2071 2610 2413 2668 voluntatem
2452 2620 2604 2669 tuam
2634 2614 2701 2669 ⁸⁸.
2735 2632 2755 2667 ι
2810 2614 2943 2683 Quae
2964 2628 3152 2674 autem
3198 2622 3347 2677 esset
3373 2639 3440 2679 ea
3489 2625 3675 2684 Patris

2070 2703 2347 2771 voluntas,
2376 2704 2496 2777 ipse
2527 2712 2631 2762 nes
2675 2706 2733 2762 in
2778 2706 3096 2780 E'vangeliis
3145 2710 3336 2770 docuit
3405 2729 3422 2766 :
3458 2730 3479 2769 ς
3529 2716 3673 2784 Quia

2069 2796 2333 2853 descendi
2395 2797 2465 2854 d'e
2532 2800 2674 2855 cutio
2697 2840 2713 2866 ,
2786 2812 2900 2856 non
2942 2805 3006 2858 ut
3076 2803 3276 2861 faciam
3328 2807 3673 2866 voluntatem

2069 2901 2273 2953 meam,
2305 2885 2402 2943 sed
2440 2888 2786 2945 voldntatetn
2818 2891 2939 2962 eius
2971 2893 3066 2963 qui
3095 2895 3250 2952 misit
3283 2911 3410 2966 me;
3449 2898 3569 2956 haec
3587 2909 3675 2956 est

2069 2984 2256 3035 autem
2283 2980 2542 3038 voluntas
2572 2982 2695 3054 ejus
2725 2983 2822 3053 Qui
2856 2985 3011 3041 misit
3035 2998 3144 3053 me,
3179 2988 3382 3056 Patris,
3407 3000 3468 3048 ut
3503 3004 3671 3048 omne

2069 3074 2217 3147 quod
2243 3073 2399 3130 dedit
2424 3074 2585 3141 mihi,
2604 3090 2715 3130 non
2741 3077 2968 3146 perdam
3001 3084 3069 3135 ex"
3100 3096 3189 3148 eo,
3224 3083 3321 3139 sed
3340 3086 3671 3144 resuscitem

2070 3166 2206 3222 illud
2233 3166 2291 3222 in
2312 3165 2617 3222 novissimo
2640 3166 2731 3223 die
2766 3168 2811 3200 ⁸⁷
2846 3186 2860 3222 :
2893 3189 2912 3221 ι
2945 3170 3084 3226 Nam
3114 3174 3479 3245 semetipsum
3501 3176 3671 3233 obtu-

2068 3256 2135 3311 lit
2181 3264 2284 3327 pro
2312 3256 2475 3311 nobis
2514 3257 2571 3312 in
2612 3257 2840 3314 odorem
2877 3262 3165 3319 suavitatis
3193 3265 3276 3330 ⁸⁸,
3330 3265 3403 3321 ob
3435 3278 3671 3339 eamque

2070 3364 2293 3405 causam
2327 3350 2494 3404 etiam
2525 3350 2725 3406 summi
2754 3354 3058 3411 sacerdotis
3099 3365 3185 3413 est
3213 3358 3482 3431 dignitate
3530 3362 3671 3418 insit

2070 3441 2277 3512 gnitus.
2316 3441 2439 3513 Ipse
2471 3441 2641 3514 igitur
2673 3450 2757 3499 est
2784 3448 3036 3503 summus
3075 3449 3357 3518 sacerdos,
3399 3453 3519 3524 ipse
3551 3456 3673 3528 thy-

2070 3534 2273 3589 miama
2322 3535 2691 3607 compositum
2720 3552 2786 3592 ac
2828 3547 3017 3607 tenue,
3061 3543 3209 3613 quod
3236 3544 3415 3616 ipsum
3464 3547 3673 3606 Paulus

2070 3626 2159 3683 his
2205 3628 2392 3684 verbis
2420 3635 2655 3688 testatus
2692 3638 2816 3690 esti
2861 3652 2881 3686 ι
2923 3623 3038 3690 Deo
3072 3645 3260 3693 autem
3307 3641 3533 3711 gratias,
3573 3644 3671 3714 qui

2069 3728 2289 3793 semper
2303 3719 2611 3797 triumphat
2638 3742 2738 3783 nos
2769 3727 2823 3783 in
2848 3723 3093 3794 Christo,
3124 3738 3182 3786 et
3212 3730 3440 3787 odorem
3460 3735 3674 3792 notitia:

2070 3822 2184 3869 suae
2210 3815 2527 3872 manifestat
2548 3833 2648 3888 per
2672 3829 2776 3876 nos
2810 3819 2867 3876 in
2900 3821 3052 3875 omni
3078 3820 3241 3889 loco;
3277 3820 3486 3879 Christi
3519 3826 3672 3881 enim

2069 3899 2251 3958 bonus
2287 3904 2428 3961 oder
2457 3921 2650 3963 sumus
2700 3907 2815 3963 Deo
2840 3909 2897 3963 in
2944 3910 3013 3964 iis
3035 3911 3129 3981 qui
3152 3912 3291 3967 salvi
3331 3911 3491 3980 ﬁunt,
3521 3923 3580 3970 et
3613 3916 3668 3971 in

2070 3991 2141 4049 iis
2179 3996 2274 4066 qui
2319 4007 2559 4068 pereunt
2591 4004 2605 4052 ἐ
2655 4000 2745 4055 his
2773 4000 2998 4071 quidem
3035 3999 3175 4059 odor
3192 4005 3389 4060 mortis
3416 4006 3474 4061 in
3506 4022 3664 4063 mor-

2069 4084 2180 4141 tem
2210 4128 2225 4153 ,
2272 4087 2383 4145 illis
2432 4094 2569 4146 Vero
2629 4092 2770 4147 odor'
2840 4094 2969 4150 vitae
3020 4095 3078 4150 in
3137 4095 3308 4151 vitam
3354 4096 3422 4154 ”.
3461 4117 3481 4149 ι
3556 4099 3668 4155 Νος

2066 4177 2236 4235 etiam
2300 4181 2727 4265 alloquebatur,
2809 4185 3062 4242 dicens:
3141 4206 3160 4240 ι
3237 4180 3428 4247 Estote
3495 4193 3667 4265 igitur

2068 4273 2378 4331 imitatores
2417 4264 2537 4342 Dei,
2585 4285 2647 4332 ut
2670 4278 2768 4333 ﬁlii
2808 4280 3143 4347 charissimi,
3183 4291 3241 4338 et
3278 4264 3558 4342 ambulate
3607 4289 3667 4345 i'n

2068 4366 2391 4434 dilectione,
2433 4369 2578 4426 sicut
2600 4378 2657 4427 et
2684 4370 2943 4428 Christds
2971 4374 3165 4430 dilexit
3197 4380 3321 4444 nes,
3357 4386 3413 4433 et
3439 4378 3667 4436 tradidit

2067 4463 2126 4513 ise
2143 4459 2324 4530 ipsum
2358 4468 2461 4531 pro
2483 4463 2646 4519 nobis
2668 4464 3031 4532 oblationem,
3066 4477 3124 4523 e‘t
3160 4458 3402 4526 hostium
3444 4472 3579 4539 Deo,
3607 4472 3667 4529 in

2066 4551 2293 4608 odorem
2324 4554 2618 4612 suavitatis
2666 4552 2733 4613 “.
2778 4575 2797 4608 ι
2844 4557 3089 4631 Temptis
3129 4570 3399 4633 praeterea
3452 4564 3665 4623 incensi

356 4650 457 4706 καὶ
483 4651 557 4705 δι’
582 4644 660 4705 ὧν
688 4648 755 4704 ἂν
783 4650 917 4721 ἡμῖν
934 4648 1093 4717 ἡτῶν
1116 4650 1196 4713 εἰς
1233 4645 1295 4702 τὸ
1322 4646 1457 4701 εἴσω
1490 4647 1867 4720 θεωρημάτων
1897 4644 1958 4704 εὖ

2068 4638 2324 4701 adolendi
2348 4634 2704 4704 manifestum
2732 4642 2884 4716 fecit,
2915 4664 2980 4705 ac
3008 4648 3206 4717 sancit,
3244 4652 3305 4709 ut
3351 4655 3537 4710 omnia
3570 4671 3667 4711 or-

357 4741 474 4814 ιχοι
493 4740 749 4813 διξναμις.
771 4759 791 4792 ι
814 4742 889 4794 Τὸ
911 4738 1057 4812 πρωῒ
1088 4758 1109 4792 ι
1128 4738 1260 4812 γὰρ,
1285 4738 1444 4811 φησὶ,
1469 4757 1489 4792 ι
1521 4740 1703 4794 καὶτὸ
1732 4740 1830 4811 ὀψὲ
1850 4740 1962 4796 τῶν

356 4834 571 4906 λύχνων
594 4832 981 4905 ὲξαπτομένων
1012 4831 1106 4886 καί
1135 4829 1630 4901 ὲπισκιαζομένων,
1673 4852 1692 4886 ι
1739 4831 1834 4886 τοῦ
1861 4832 1961 4904 μὲν

354 4925 458 4997 ὀψὲ
487 4926 585 4981 καὶ
621 4923 792 4998 πρωῒ,
832 4924 895 4978 τὸ
918 4923 1267 4978 ἀδιάλειπτον
1317 4941 1377 4978 τε
1408 4922 1505 4978 κᾰὶ
1556 4924 1810 4995 διηνεκὲς
1858 4926 1959 4997 ἑμ-

361 5018 675 5089 ᾒαίνοντος,
697 5015 794 5072 τοῦ
817 5016 877 5071 δὲ
907 5016 1014 5070 ὑπὸ
1041 5016 1259 5088 λύχνοις
1283 5015 1484 5088 χρῆναι
1518 5015 1743 5089 θυμιᾷν,
1775 5007 1956 5071 ἐκεῖνό

356 5128 464 5166 που
518 5110 661 5181 τάχα
728 5108 1172 5182 παραδηλοῦντος
1216 5100 1276 5163 εὖ
1328 5108 1505 5179 μάλα,
1562 5108 1644 5162 ὅτι
1687 5109 1829 5179 φωτὶ
1877 5107 1958 5181 τῷ

355 5202 490 5274 θείῳ
544 5200 1052 5272 καταλαμπόμενοι,
1106 5199 1228 5254 τότε
1264 5199 1353 5270 δὴ,
1400 5202 1523 5254 τότε
1570 5200 1672 5271 τῆς
1732 5199 1961 5266 εὐωδίας

353 5292 600 5364 Χριστοῦ
637 5292 913 5355 πλουσίως
970 5290 1468 5362 ἀναπιμπλάμεθα,
1522 5291 1649 5362 ῐμεν
1705 5307 1764 5344 τε
1815 5286 1959 5345 οὕτω

354 5388 496 5460 πρὸς
525 5388 780 5459 αἴσθησιν
811 5386 921 5440 τῶν
953 5384 1062 5438 ἔσω
1081 5387 1284 5456 σκηνῆς
1316 5384 1557 5452 ἀγαθῶν,
1578 5385 1698 5455 ἦτοι
1726 5386 1825 5471 τῆς
1850 5383 1959 5438 τῶν

353 5480 519 5534 θείων
571 5479 946 5552 χαρισμάτων⁹
979 5477 1264 5562 διανομῆς,
1299 5477 1365 5547 ἦν
1392 5479 1507 5540 τοῖς
1553 5476 1727 5542 ἀξίοις
1774 5476 1958 5565 ὀρέγει

353 5573 615 5645 Χριστός.
645 5574 812 5626 Ὥστε
863 5571 919 5625 εί
952 5587 1038 5633 τις
1092 5567 1248 5621 οὔπω
1295 5570 1521 5638 γέγονεν
1570 5570 1630 5623 ὲν
1684 5570 1824 5639 φωτὶ
1867 5566 1954 5622 διὰ

2068 4734 2259 4793 dinate
2304 4744 2362 4792 et
2388 4738 2622 4795 honeste
2651 4738 2810 4806 ﬁant,
2836 4747 2895 4797 et
2922 4741 2998 4797 ita
3030 4750 3093 4799 ut
3118 4742 3189 4800 iis
3213 4743 3284 4799 ad
3318 4743 3666 4801 internarum

2063 4826 2251 4907 rerum
2290 4818 2817 4902 contemplationem
2862 4825 3071 4889 nostris
3093 4831 3242 4890 vires
3266 4834 3601 4907 adiuventur
3647 4850 3663 4891 :

2071 4940 2089 4973 ‹
2112 4906 2289 4987 Mane,
2314 4940 2332 4975 ι
2361 4922 2564 4995 inquit,
2598 4943 2617 4976 ›
2637 4927 2695 4980 et
2710 4926 2927 4997 vesperi
2948 4927 3075 4981 cum
3092 4906 3660 4985 lucernaeaceendun-

2066 5009 2159 5069 tur
2176 5023 2234 5071 et
2256 5018 2668 5088 componuntur
2691 5010 2733 5051 “
2758 5034 2772 5085 ;
2805 5020 2898 5075 Hic
2923 5022 3085 5076 mane
3107 5020 3332 5092 quidem
3349 5028 3408 5077 et
3434 5036 3668 5093 vespere

2065 5108 2390 5164 continuum
2434 5106 2880 5191 perpetuumque
2907 5112 3125 5183 tempus
3163 5111 3411 5169 indicant
3444 5131 3456 5167 :
3498 5129 3666 5184 porro

2066 5215 2194 5256 cum
2216 5198 2879 5268 accendunturlucernae,
2931 5203 3265 5260 adolendum
3309 5219 3433 5262 esse
3474 5205 3668 5264 incen-

2067 5292 2211 5354 sum,
2242 5276 2377 5361 illud
2398 5284 2651 5344 fortassis
2687 5297 2816 5359 apte
2853 5289 3148 5361 signiﬁcat,
3192 5308 3317 5349 cum
3348 5292 3541 5348 divino
3574 5293 3665 5348 lu-

2068 5347 2218 5437 mine
2244 5347 2607 5447 illu‘stramur,
2644 5347 2760 5435 tum
2784 5347 3008 5459 dem‘um
3054 5382 3262 5440 Christi
3296 5384 3445 5441 bono
3493 5384 3668 5443 odore

2064 5493 2167 5532 nos
2206 5474 2427 5531 abunde
2464 5474 2753 5546 compleri,
2781 5475 2936 5531 etita
2972 5477 3041 5531 ad
3072 5477 3358 5535 interioris
3406 5480 3668 5540 taberna-

2062 5568 2172 5625 culi
2219 5568 2387 5631 bona,
2422 5566 2588 5638 309
2628 5564 2681 5622 id
2704 5576 2809 5633 est,
2872 5568 2940 5623 ad
2974 5570 3160 5626 divina
3223 5581 3455 5629 munera
3479 5576 3668 5647 perci-

355 5668 621 5732 πίστεως,
655 5664 773 5721 lcet
807 5682 911 5719 που
956 5664 1177 5726 πάντως
1218 5662 1314 5717 καὶ
1341 5662 1438 5732 τῆς
1472 5660 1676 5734 νοητῆς
1722 5660 1955 5726 εὐωδίας

2068 5661 2259 5733 pienda
2306 5675 2559 5732 pergere,
2610 5676 2733 5731 quae
2774 5659 3031 5717 Christus
3079 5660 3149 5718 iis
3202 5663 3296 5734 qui
3332 5664 3483 5736 digni
3524 5672 3657 5720 sunt

258 5776 263 5781 ‘
358 5758 658 5831 ἀμέτοχος,
722 5757 805 5812 ἔτι
861 5756 924 5811 τὸ
966 5753 1207 5826 Χριστοῦ
1260 5753 1339 5824 μὴ
1403 5740 1561 5847 εἰδῶὲ
1617 5754 1950 5825 μυστήριον.

430 5880 477 5912 ⁸³
520 5877 692 5936 Hebr.
755 5893 833 5943 rx,
876 5875 967 5931 24.
1069 5873 1117 5908 ⁸⁸
1150 5873 1351 5945 Ephes.
1386 5890 1447 5936 ιι.
1496 5874 1585 5930 l4.

353 5950 404 5983 ⁵³
423 5950 631 6025 Ephes.
664 5965 718 6018 ν,
756 5949 811 6003 2.

1686 5874 1733 5907 "
1777 5860 1953 5930 Exod.
1994 5890 2121 5939 xxx,
2154 5874 2207 5928 7.

889 5947 936 5980 ⁵⁹
973 5945 1017 6002 ll
1042 5945 1176 6013 Cor,
1196 5938 1284 6011 ἠ,
1330 5945 1515 6001 l4-l6.
1591 5945 1635 5978 ‘°
1667 5945 1869 6017 Ephes.
1900 5963 1952 6013 ν,

2073 5938 2128 5999 ἓ.
2208 5938 2451 5998 “Exod.
2481 5959 2609 6010 xxx,
2648 5943 2701 5999 7.
2758 5938 2776 6003 ι

2058 5753 2313 5827 largitur.
2341 5750 2555 5823 Itaque,
2584 5752 2630 5809 si
2659 5753 2785 5823 quis
2810 5753 3057 5810 nondum
3087 5764 3173 5812 est
3205 5752 3262 5812 in
3304 5757 3515 5813 lumine
3562 5766 3666 5828 per

2314 5871 2537 5943 “Psal.
2582 5887 2776 5939 xxxix,
2808 5873 2925 5931 7-9.
3000 5872 3043 5907 "
3092 5875 3249 5933 Joan.
3302 5890 3404 5943 vr,
3463 5872 3660 5930 38-40.
