4118 6434
511 439 616 495 695

510 649 839 706 etineadhuc
862 647 1064 703 Christi
1088 646 1409 717 mysterium
1443 646 1658 715 ignoret
1695 664 1707 699 :
1745 665 1763 698 ι
1807 648 1922 701 Nisi
1944 647 2091 702 enim

512 740 879 805 credideritis,
902 758 920 790 ι
942 738 1143 807 inquit,
1174 758 1191 789 ι
1215 752 1326 793 non
1356 737 1673 808 intelligetis
1700 738 1796 790 ".3
1829 737 1927 792 Est
1945 738 2091 792 enim

513 833 646 888 fides
671 832 821 887 velut
850 831 1064 901 primus
1086 831 1279 884 aditus
1302 829 1371 884 ad
1388 828 1714 898 sapientiam
1757 828 2089 898 perducens,

512 929 861 990 mentemque
888 918 1296 990 quodammodo
1355 917 1426 971 ad
1455 916 1628 971 divini
1670 916 1897 972 luminis
1933 931 2090 972 rece-

511 1014 753 1083 ptionem
777 1012 971 1082 aperit.
1000 1009 1443 1066 Continuationis
1468 1015 1651 1064 autem
1686 1008 1973 1063 incensum
1997 1022 2091 1078 ap-

511 1106 710 1175 pellat;
749 1104 961 1158 nullum
976 1101 1188 1172 quippe
1216 1109 1435 1171 tempus
1457 1108 1561 1165 est,
1591 1100 1726 1170 quin
1748 1098 2003 1154 Christus
2033 1098 2089 1153 in

509 1203 698 1250 sancto
751 1192 1126 1255 tabernaculo,
1176 1191 1290 1245 hoc
1314 1198 1418 1255 est,
1466 1190 1529 1244 in
1568 1189 1830 1253 Ecclesia,
1862 1188 2088 1244 odorem

508 1287 700 1357 spiret.
747 1283 1032 1340 interdicit
1082 1291 1265 1337 autem
1311 1296 1537 1351 prorsus
1582 1295 1654 1335 ne
1702 1278 1870 1349 super
1907 1280 2086 1345 illum,

511 1378 769 1434 nimirum
796 1392 962 1447 super
982 1376 1154 1429 altare
1174 1372 1408 1437 Christi,
1464 1371 1705 1426 libamen
1749 1370 2084 1440 imponatur,

509 1468 886 1525 autoﬂeratur
905 1466 1139 1532 oblatio;
1170 1479 1299 1518 nam
1341 1463 1399 1517 in
1440 1462 1662 1519 Christo
1710 1461 1915 1517 abolita
1959 1469 2089 1518 sunt

509 1578 629 1633 quze
648 1562 785 1632 legis
803 1567 980 1625 erant,
1015 1567 1070 1613 et
1096 1557 1165 1613 ad
1181 1558 1345 1612 linem
1373 1554 1705 1626 perveniunt
1721 1554 1949 1620 umbrae,
1982 1554 2087 1609 hoc

509 1659 611 1715 est,
650 1658 709 1704 ut
738 1650 954 1719 opinor,
989 1648 1229 1702 libamen
1256 1653 1312 1699 et
1333 1644 1574 1710 oblatio;
1608 1643 1772 1713 idque
1816 1643 2087 1715 propheta

510 1747 761 1803 testatur,
789 1738 980 1792 dicens
1030 1754 1043 1788 :
1084 1753 1101 1786 ι
1131 1734 1327 1788 Ablata
1382 1740 1510 1788 sunt
1548 1733 1616 1787 de
1663 1731 1827 1786 domo
1867 1732 2087 1786 Domini

507 1830 834 1885 sacrificium
892 1839 948 1882 et
969 1826 1209 1881 libamen
1253 1824 1319 1877 ⁸³.
1362 1843 1380 1876 ι
1422 1824 1690 1893 Namque,
1740 1822 2084 1877 manifestato

508 1926 612 1995 iam
641 1925 735 1979 illo
761 1921 1101 1978 adorationis
1124 1928 1181 1975 et
1206 1920 1388 1975 cultus
1433 1933 1656 1990 genere,
1679 1918 1826 1988 quod
1851 1918 2081 1973 exhibe-
2116 1903 2153 1957 Β

510 2022 598 2069 tur
626 2016 681 2071 in
708 2002 904 2085 spiritu
927 2021 983 2068 et
1016 2011 1274 2077 veritate,
1315 2025 1668 2081 supervacuae
1702 2017 1830 2065 sunt
1873 2009 2084 2065 umbrae

506 2105 929 2177 quodammodo,
969 2113 1027 2160 et
1062 2103 1253 2158 inanes
1275 2103 1462 2174 figura:
1490 2116 1555 2156 ac
1579 2116 1806 2171 prorsus
1826 2101 2081 2177 inutiles;

506 2216 644 2256 nova
685 2200 888 2270 quippe
938 2204 1192 2253 creatura
1227 2196 1283 2250 in
1331 2194 1555 2250 Christo
1593 2211 1606 2246 :
1641 2209 1677 2248 a
1720 2194 1896 2264 gratia
1934 2194 2083 2249 enim

504 2293 843 2358 exciderunt,
866 2290 961 2361 qui
989 2297 1114 2360 post
1141 2288 1567 2344 declarationem
1613 2286 1864 2342 veritatis
1886 2287 1943 2340 in
1999 2286 2082 2342 le-

501 2400 567 2455 ge
584 2382 1030 2456 justificanlur”.
1056 2402 1072 2432 ι
1096 2381 1217 2436 Non
1249 2380 1503 2450 impones
1522 2384 1806 2448 praeterea,
1834 2397 1851 2429 ι
1881 2377 2081 2446 inquit,

507 2497 525 2530 ι
550 2492 714 2548 super
736 2476 908 2531 altare
926 2478 1213 2530 incensum
1234 2471 1469 2537 aliud”;
1496 2491 1515 2523 ι
1551 2470 1720 2526 alium
1760 2469 1908 2525 enim
1940 2470 2081 2524 reci-

501 2573 716 2642 piemus
742 2570 799 2624 in
826 2569 1046 2624 Christo
1069 2565 1606 2638 prorsusneminem,
1648 2579 1850 2634 neque,
1882 2561 2078 2628 Rabbi,

500 2664 758 2735 cuiquam
790 2660 947 2716 alteri
988 2660 1267 2724 dicemus;
1313 2671 1456 2712 unus
1508 2663 1594 2711 est
1638 2655 1784 2711 enim
1822 2655 2081 2726 magister

501 2765 711 2821 noster,
759 2769 826 2810 ac
868 2758 1174 2824 praeceptor
1200 2750 1278 2817 ⁶⁶,
1307 2749 1469 2819 eique
1519 2748 1623 2805 soli
1667 2747 2077 2813 inhaerebimus,

501 2850 786 2904 dicentes:
829 2865 848 2897 ι
877 2844 1228 2916 Unguentum
1269 2839 1608 2896 exinanitum
1666 2852 1865 2894 nomen
1900 2846 2077 2893 tuum.

509 2942 811 3012 Propterea
837 2934 1258 2992 adolescentula:
1301 2932 1614 2988 dilexerunt
1658 2939 1753 2986 te:
1793 2938 2080 2986 traxerunt

500 3048 588 3089 me
616 3037 738 3102 post
770 3036 822 3084 te
853 3027 948 3083 :in
978 3026 1204 3081 odorem
1245 3032 1650 3096 unguentorum
1691 3030 1910 3077 tuorum
1946 3036 2076 3076 cur-

500 3137 687 3176 rcmus
724 3121 791 3174 °".
823 3138 842 3171 ι
895 3118 1089 3173 Annon
1149 3116 1255 3171 hoc
1301 3113 1437 3170 illud
1469 3121 1572 3179 est,
1632 3132 1651 3165 ι
1680 3112 1801 3168 Non
1827 3112 2079 3182 impones

498 3228 665 3283 super
696 3209 831 3265 illud
854 3207 1140 3263 incensum
1163 3204 1357 3261 aliud?
1381 3223 1401 3255 ι
1437 3201 1620 3296 Solius
1665 3200 1812 3296 enim
1870 3198 2075 3255 Christi
2103 3237 2145 3296 ο

496 3305 677 3361 bonus
691 3301 829 3359 odor
853 3301 909 3356 in
935 3298 1182 3356 Ecclesia
1210 3296 1346 3353 satis
1367 3295 1475 3350 erit
1499 3295 1568 3349 iis
1612 3292 1706 3365 qui
1740 3293 1856 3347 sani
1884 3306 2075 3347 revera

495 3403 646 3461 sunt,
707 3393 913 3465 quique
960 3391 1129 3445 alium
1181 3388 1409 3444 odorem
1451 3384 1677 3440 minime
1704 3390 1979 3453 quaerunt,
2014 3388 2076 3435 ut

496 3493 647 3541 certe
680 3483 929 3539 infelices
991 3478 1166 3537 Judaei
1218 3477 1450 3542 faciunt,
1503 3476 1598 3546 qui
1651 3474 1789 3530 illud
1844 3473 2077 3545 thymia-

496 3593 587 3633 ma
637 3574 1002 3646 compositum
1075 3586 1141 3626 ac
1210 3578 1373 3625 tenue
1403 3609 1418 3634 ,
1470 3567 1525 3622 id
1580 3575 1704 3633 est,
1757 3565 2062 3631 Christum,

495 3683 611 3739 prae
675 3663 969 3736 superbia,
1015 3660 1259 3717 ludibrio
1311 3658 1556 3723 habent,
1612 3666 1670 3712 et
1722 3656 1864 3712 sacri
1912 3656 2079 3727 hujus

494 3774 561 3814 ac
586 3772 715 3814 sane
734 3754 906 3810 divini
949 3752 1139 3809 odoris
1161 3758 1415 3821 expertes
1460 3755 1860 3813 remanserunt,
1908 3746 2075 3804 alium

495 3856 681 3904 autem
708 3859 812 3918 pro
851 3858 919 3900 eo
970 3841 1261 3912 recipient,
1320 3838 1475 3893 illum
1517 3852 1715 3907 nempe
1765 3835 1935 3891 ﬁlium
1972 3836 2077 3892 ini-

494 3938 742 4011 quitatis,
765 3955 783 3989 ι
806 3933 901 4007 qui
924 3933 1267 3997 adversatur,
1287 3937 1345 3986 et
1358 3929 1639 3985 extollitur
1652 3943 1817 3999 super
1832 3943 2072 3995 omnem,

492 4032 590 4105 qui
613 4030 817 4087 dicitur
844 4029 1010 4094 Deus,
1045 4032 1139 4081 aut
1177 4021 1325 4094 quod
1370 4021 1603 4088 colitur;
1645 4020 1723 4079 ita
1756 4026 1819 4074 ut
1858 4019 1975 4091 ipse
2018 4020 2074 4074 in

492 4118 698 4190 templo
723 4116 841 4183 Dei,
883 4123 945 4170 ut
967 4114 1234 4184 scriptum
1261 4118 1365 4177 est,
1417 4110 1624 4175 sedeat,
1644 4109 1939 4165 ostendens
1993 4124 2072 4175 se,

493 4222 753 4282 tanquam
787 4209 860 4265 sit
896 4208 1045 4264 Deus
1089 4206 1164 4274 '8‘;
1193 4225 1212 4258 ι
1258 4204 1353 4277 qui
1381 4203 1628 4259 divinum
1660 4202 2074 4258 tabernaculum

490 4303 658 4357 etiam
692 4297 964 4369 inquinat,
998 4310 1125 4351 cum
1176 4295 1250 4349 sit
1301 4292 1486 4349 fumus
1529 4291 1761 4356 alienus,
1788 4298 1864 4356 et,
1913 4298 1977 4345 ut
1999 4289 2075 4345 ita

491 4395 691 4459 dicam,
713 4390 1018 4446 diabolicus
1037 4387 1180 4443 fetor
1200 4404 1215 4439 :
1239 4384 1402 4455 310
1429 4403 1447 4434 ι
1483 4382 1601 4437 Erit
1623 4382 1791 4447 enim,
1822 4401 1840 4434 ι
1872 4380 2072 4452 inquit,

441 4514 444 4517 η
498 4486 689 4541 «illius
710 4483 975 4539 adventus
994 4477 1299 4537 secundum
1334 4473 1708 4546 operationem
1726 4474 1939 4529 Satanae
1954 4474 2019 4527 ⁸ο.
2049 4492 2068 4525 ι

1536 434 1592 491 S.
1634 432 1911 494 CYRILLI
1950 426 2420 493 ALEXANDle
2463 435 2781 494 ARCHIEP.

514 560 698 623 fidem,
729 562 818 613 est
869 555 1063 628 procul
1095 554 1265 610 dubio
1307 553 1611 623 spiritualis
1633 556 1823 610 oderis
1869 572 2080 626 expers,

2199 576 2218 608 ι
2251 559 2376 611 Ἐὰν
2426 558 2535 629 γὰρ
2573 557 2647 627 μὴ
2706 556 3053 629 πιστεύσητε,

3668 452 3766 506 σει

3116 561 3225 614 οὐδ’
3271 562 3330 615 ού
3384 562 3459 634 μὴ
3495 563 3709 635 συνῆτε,
3748 600 3761 620 ι

2195 650 2349 720 φησί.
2400 648 2680 720 Προσεολὴ
2706 649 2815 719 γὰρ
2859 652 2891 718 ἡ
2932 650 3136 715 πίστις,
3161 656 3240 719 είς
3290 656 3506 710 σύνεσιν
3559 659 3761 729 ἀποφὲ-

2195 755 2384 809 ρουσα,
2421 740 2516 793 καὶ
2545 742 2710 793 οἱονεὶ
2740 741 2877 811 πρὸς
2926 743 3238 815 παραδοχὴν
3288 745 3382 799 τοῦ
3413 746 3558 800 θείου
3592 751 3761 817 φωτὸς

2193 829 2438 883 ἁπλοῦσα
2480 829 2573 881 τὸν
2618 827 2762 882 νοῦν.
2833 830 3241 902 Ἐνδελεχισμοῦ
3301 833 3358 887 δὲ
3410 836 3663 906 ὀνομάζει
3706 840 3762 893 τὸ

2192 919 2460 989 θυμίαμα.
2495 918 2700 989 Καιρὸς
2732 919 2839 991 γὰρ
2884 920 3079 988 οὐδεὶς,
3101 922 3221 975 καθ’
3263 922 3321 976 ὃν
3354 925 3453 977 οὐκ
3485 926 3762 993 εὐωδιάζει

2190 1011 2423 1083 Χριστὸς
2455 1013 2512 1065 ὲν
2536 1014 2604 1082 τῇ
2623 1011 2753 1081 ἁγίᾳ
2788 1015 2981 1084 σκηνῇ,
3016 1013 3312 1078 τουτέστιν,
3356 1019 3413 1070 ἐν
3439 1020 3505 1088 τῇ
3541 1020 3760 1093 Ἐκκλη-

2191 1102 2302 1173 σία.
2342 1101 2679 1169 ’Λποφάσκει
2732 1100 2791 1155 δὲ
2838 1102 3138 1170 παντελῶς,
3174 1105 3234 1159 τὸ
3272 1107 3383 1160 δεῖν
3434 1109 3521 1161 ἐπ’
3574 1111 3757 1178 αὐτοῦ,

2187 1193 2346 1262 δῆλον
2375 1191 2431 1245 δὲ
2460 1192 2543 1244 ὅτι
2575 1191 2669 1244 τοῦ
2699 1190 3087 1265 θυσιαστηρίου
3112 1194 3205 1248 τοῦ
3245 1197 3507 1268 Χριστοῦ,
3531 1201 3757 1274 σπονδὴν

2191 1282 2571 1345 κατακεῖσθαι,
2600 1283 2694 1336 κα)⁸
2710 1283 3158 1357 ἀναφέ[ρε]σθαι
3205 1287 3507 1359 κάρπωμα.
3541 1291 3756 1364 Κατήρο

2187 1390 2351 1446 γηται
2377 1374 2486 1446 γὰρ
2523 1376 2577 1427 ὲν
2605 1375 2826 1445 Χριστῷ
2861 1375 2929 1429 τά
2956 1377 3013 1429 ὲν
3054 1376 3223 1449 νόμῳ,
3250 1380 3342 1432 καὶ
3370 1383 3450 1444 είς
3480 1381 3633 1446 τέλος
3666 1384 3754 1454 ἔρ-

2187 1483 2382 1521 πουσιν
2406 1467 2462 1520 αί
2492 1467 2663 1522 σκιαί.
2693 1466 2886 1531 Τοῦτο,
2916 1464 3092 1537 οἶμαι,
3124 1467 3239 1523 ἔστι
3273 1470 3472 1543 σπονδὴ
3511 1473 3605 1527 καὶ
3627 1477 3754 1547 κάρ-

2186 1578 2373 1632 πωμα.
2426 1561 2536 1613 Καὶ
2575 1562 2844 1632 μαρτυρεῖ
2870 1560 3044 1629 λέγων
3087 1563 3116 1615 ὁ
3163 1565 3470 1636 προφήτηςο
3510 1584 3529 1618 ι
3567 1566 3751 1641 Ἐξῆρ.

2185 1670 2274 1707 ται
2307 1652 2365 1720 ἐξ
2415 1654 2565 1707 οῐκου
2613 1654 2820 1725 Κυρίου
2857 1652 3016 1706 θυσία
3065 1654 3158 1707 καὶ
3224 1645 3444 1729 σπονδή.
3472 1677 3490 1709 ι
3550 1660 3755 1714 Ἀναδε-

2185 1744 2476 1816 δειγμένης
2517 1746 2626 1816 γὰρ
2669 1745 2769 1816 ἤδη
2809 1746 2909 1816 τῆς
2957 1746 3016 1831 ὲν
3065 1746 3339 1818 πνεύματι
3392 1750 3486 1803 καὶ
3534 1751 3755 1825 ἀληθείᾳ

2188 1838 2616 1909 προσκυνήσεως
2655 1839 2750 1892 καὶ
2768 1837 3044 1909 λατρείας,
3077 1841 3332 1910 περιτταί
3356 1859 3472 1905 πως
3498 1845 3553 1895 ai
3585 1845 3755 1911 σκιαὶ,

2185 1930 2372 1983 καὶτὸ
2424 1931 2484 1984 ἐν
2535 1930 2726 1994 τύποις
2775 1931 2981 1984 είκαῖον
3016 1931 3109 1985 καὶ
3149 1932 3404 2005 ἀνόνητον
3448 1936 3753 2000 παντελῶς·

2185 2021 2346 2093 καινὴ
2370 2021 2477 2092 γὰρ
2525 2022 2703 2086 κτίσις
2734 2024 2793 2075 ὲν
2830 2021 3073 2095 Χριστῷ.
3120 2021 3235 2095 Τῆς
3269 2026 3378 2094 γὰρ
3406 2026 3627 2099 χάριτος
3669 2031 3756 2085 ὲκ-

2184 2112 2535 2167 πεπτώκασιν
2563 2114 2615 2166 οί
2651 2116 2708 2167 ὲν
2734 2114 2883 2186 νόμῳ
2926 2114 3294 2187 δικαιούμενοι
3330 2117 3465 2188 μετά
3522 2121 3620 2192 τὴν
3647 2122 3754 2194 τῆς

2183 2206 2441 2276 ἀληθείας
2497 2203 2789 2272 ἀνάδειξιν.
2851 2226 2870 2259 ι
2931 2209 3045 2261 Οὐκ
3102 2209 3340 2275 ἀνοίσεις
3380 2210 3473 2274 δὲ,
3503 2231 3523 2264 ι
3554 2214 3750 2285 φησὶν,

2192 2295 2331 2349 (ἐπὶ
2373 2296 2435 2349 τὸ
2496 2297 2878 2368 θυσιαστήριον
2918 2297 3167 2369 θυμίαμα
3221 2299 3425 2371 ἓτερον.
3493 2320 3513 2354 ι
3568 2305 3753 2375 Παρα-

2182 2384 2448 2454 δεξόμεθα
2483 2383 2592 2456 γὰρ
2619 2386 2679 2439 ὲν
2715 2385 2937 2456 Χριστῷ
2970 2387 3153 2459 ἕτερον
3209 2388 3488 2453 παντελῶς
3546 2392 3752 2446 οὐδένα.

2193 2473 2384 2527 Ῥαὸὀὶ
2412 2474 2468 2527 δὲ
2501 2474 2607 2528 τῶν
2634 2474 2805 2529 ὄντων
2848 2474 3081 2546 ἐροῦμεν
3112 2475 3306 2531 οὐδενί.
3345 2472 3444 2542 Εἷς
3467 2479 3576 2550 γὰρ
3599 2479 3754 2552 ἡμῶν

2180 2565 2497 2630 διδάσκαλος
2552 2566 2643 2620 καὶ
2697 2565 3048 2637 καθηγητὴς,
3113 2568 3207 2621 καὶ
3267 2568 3417 2640 αὐτῷ
3476 2570 3540 2642 δὴ
3611 2572 3755 2642 μόνῳ

2181 2656 2637 2728 προσκεισόμεθα,
2661 2655 2930 2726 λέγοντες,
2970 2676 2989 2709 ι
3025 2657 3213 2731 Μῦρον
3245 2657 3548 2714 ἑκκενωθὲν
3580 2661 3755 2733 δνομά

2181 2764 2295 2840 σου.
2332 2748 2430 2802 Διά
2454 2747 2616 2803 τοῦτο
2642 2748 2879 2813 νεάνιδες
2911 2749 3203 2821 ἡγὰπησάν
3245 2766 3325 2808 σε.
3356 2750 3627 2807 Εἴλκυσάν
3663 2771 3751 2840 με,

2178 2838 2352 2891 ὀπίσω
2399 2853 2492 2890 σου
2536 2840 2615 2903 είς
2666 2837 2841 2911 ὀσμὴν
2891 2837 3077 2910 μύρων
3123 2856 3215 2893 σου
3256 2839 3578 2911 δραμοῦσαι.
3616 2861 3638 2894 ι
3678 2837 3754 2897 ἾΙ

2178 2931 2300 3002 οὐχὶ
2322 2928 2481 2984 τοῦτό
2508 2931 2624 2983 ἐστι
2652 2929 2733 2995 τὸ,
2772 2949 2791 2982 (
2829 2930 2944 2984 Οὐκ
2970 2930 3206 2995 ἀνοίσεις
3228 2931 3315 2984 ἐπ’
3348 2932 3481 2986 αὐτὸ
3504 2933 3755 3005 θυμίαμα

2144 3027 2150 3032 ’
2180 3019 2377 3092 ἕτερον
2405 3038 2420 3089 ;
2453 3039 2472 3072 ›
2513 3021 2691 3075 Μόνον
2723 3020 2833 3094 γὰρ
2853 3021 3093 3090 Χριστοῦ
3116 3021 3177 3077 τὸ
3204 3022 3401 3088 εὐῶδες
3428 3026 3486 3078 ὲν
3524 3023 3753 3099 Ἐκκλη-

2181 3112 2271 3186 σίᾳ
2306 3116 2418 3177 τοῖς
2453 3131 2517 3183 γε
2555 3113 2771 3185 ἀληθῶς
2805 3114 3091 3186 ὲχέφροσιν
3138 3114 3393 3188 ὲξαρκοίη
3425 3116 3510 3184 ἂν,
3563 3118 3755 3189 ἐτέρας

2178 3208 2354 3276 ὀσμῆς
2397 3209 2497 3261 οὐκ
2529 3207 2864 3278 ἐφιεμένοιςο
2923 3207 3178 3279 καθάπερ
3210 3207 3401 3278 ἀμέλει
3432 3206 3525 3264 καὶ
3555 3210 3605 3263 ol
3655 3211 3755 3264 τά-

2179 3299 2340 3365 λανες
2388 3299 2652 3355 Ἰουδαῖοι.
2681 3300 2754 3354 Τὸ
2794 3300 2892 3372 μὲν
2927 3300 3038 3372 γὰρ
3085 3298 3334 3372 θυμίαμα
3382 3302 3444 3355 τὸ
3500 3301 3755 3355 σύνθετον

2179 3391 2272 3443 καὶ
2334 3389 2567 3455 λεπτὸν,
2626 3388 2900 3453 τουτέστι,
2953 3388 3225 3459 Χριστὸν,
3291 3392 3411 3454 ταῖς
3471 3390 3753 3455 ἀπονοίαις

2179 3483 2640 3558 περιυϐρίζουσιν.
2675 3483 2786 3537 Καὶ
2807 3482 3069 3553 ἀμέτοχοι
3095 3483 3194 3554 μὲν
3230 3485 3332 3555 τῆς
3368 3484 3520 3555 ἱερᾶς
3546 3483 3756 3555 ταύτης

2177 3576 2210 3647 ἢ
2248 3575 2343 3629 καὶ
2384 3574 2536 3639 θείας
2576 3572 2790 3646 ἀληθῶς
2834 3573 3206 3646 μεμενήκασιν
3258 3573 3514 3638 εὐωδίας’
3565 3575 3755 3645 ἕτερον

2177 3668 2235 3721 δὲ
2257 3668 2374 3722 ἀντ’
2423 3664 2593 3719 αὑτοῦ
2621 3664 3038 3737 παραδέξονται,
3075 3664 3166 3718 τὸν
3200 3665 3298 3736 τῆς
3335 3662 3566 3736 ἀνομίας
3609 3664 3749 3727 υἱὸν,

2185 3779 2205 3813 ι
2233 3759 2325 3814 τὸν
2366 3757 2741 3828 ἀντικείμενον
2786 3758 2880 3811 καὶ
2938 3755 3369 3828 ὑπεραιρόμενον
3415 3758 3509 3811 ἐπὶ
3565 3755 3751 3810 πάντα

2176 3851 2466 3921 λεγόμενον
2499 3848 2630 3902 Θεὸν
2660 3846 2692 3919 ἢ
2726 3845 2997 3917 σέϐασμα,
3029 3844 3169 3900 ὥστε
3196 3846 3358 3899 αὑτὸν
3397 3847 3478 3909 είς
3511 3845 3602 3899 τὸν
3625 3846 3753 3900 ναὸν

2174 3939 2272 3993 τοῦ
2311 3935 2467 4001 Θεοῦ,
2517 3935 2659 3990 κατά
2693 3935 2755 3989 τὸ
2787 3932 3194 4008 γεγραμμένον,
3242 3933 3484 4001 καθίσαι,
3526 3934 3751 3990 ἀποδει-

2178 4031 2406 4085 κνύοντα
2457 4029 2653 4083 ὲαυτὲν
2683 4029 2764 4082 ὅτι
2812 4027 2929 4081 ἐστὶ
2975 4023 3125 4091 Θεὸς,
3152 4046 3171 4079 ι
3210 4025 3269 4091 ὃς
3307 4025 3401 4079 καὶ
3442 4026 3540 4097 τὴν
3601 4024 3753 4079 θείαν

2179 4118 2383 4191 σκηνὴν
2412 4118 2786 4190 καταμιαίνει,
2835 4116 3041 4179 καπνὸς
3063 4114 3140 4169 ὢν
3187 4114 3487 4186 ἀλλότριος,
3537 4116 3630 4169 καὶ
3682 4115 3752 4167 ἶν’

2176 4209 2350 4273 οὕτως
2402 4211 2560 4273 εἴπω,
2615 4206 2894 4279 κακοσμία
2946 4204 3263 4275 διαϐολική·
3332 4223 3352 4257 ι
3397 4204 3589 4258 Ἔσται
3640 4203 3757 4273 γὰρ

2177 4301 2364 4366 αὐτοῦ,
2401 4321 2419 4353 ι
2483 4301 2669 4373 φησὶν,
2724 4300 2802 4371 ιη
2844 4295 3116 4369 παρουσία
3157 4298 3277 4352 κατ’
3339 4295 3621 4369 ἐνέργειαν
3654 4294 3754 4348 τοῦ

2177 4395 2412 4449 Σατανᾶ.
2444 4413 2463 4448 ι

788 4572 932 4641 Quid
961 4568 1122 4637 dicis,
1159 4539 1436 4658 intelligo;
1465 4574 1550 4621 est
1575 4566 1722 4621 enim
1777 4563 2071 4635 perspicua

2248 4548 2455 4603 ΠΑΛᾹ.
2497 4546 2726 4618 Συνίημι
2753 4544 2782 4598 ὃ
2819 4545 2946 4616 φής.
2977 4544 3088 4599 Καὶ
3129 4544 3238 4616 γάρ
3273 4543 3421 4598 ἐστιν
3463 4539 3700 4613 ἐναργὴς
3726 4541 3759 4593 ὁ

492 4680 584 4726 tua
611 4668 808 4724 oratio.

458 4740 461 4741 7
561 4760 719 4817 CYR.
762 4754 1057 4829 Pr0pitiari
1084 4760 1268 4808 autem
1291 4764 1458 4820 super
1493 4747 1662 4803 altare
1697 4745 2069 4818 thymiamatis

484 4853 643 4925 jubet
660 4850 842 4905 Aaron
866 4846 1036 4903 semel
1069 4845 1127 4899 in
1147 4855 1311 4906 anno,
1335 4847 1631 4910 ungentem
1659 4839 1921 4911 sanguine
1960 4856 2065 4911 pu-

488 4942 814 5000 rificationis
831 4942 1182 5011 peccatorum
1213 4929 1392 5002 capita
1415 4944 1683 4986 cornuum
1714 4947 1729 4984 :
1763 4949 1781 4982 ι
1805 4930 2068 4986 Sanctum

488 5035 638 5091 enim
658 5038 974 5088 sanctorum
1005 5031 1109 5089 εει,
1139 5042 1157 5074 ι
1187 5022 1386 5092 inquit.
1409 5021 1566 5088 Quod
1598 5021 1696 5078 tibi
1721 5022 2070 5093 perspicuum

491 5122 657 5177 faciet
679 5120 874 5175 beatus
895 5113 1128 5178 'Paulus,
1163 5109 1357 5168 dicens
1384 5128 1397 5165 :
1437 5130 1455 5163 ι
1485 5109 1741 5168 Christus
1778 5128 1911 5167 vero
1936 5111 2072 5167 assi-

492 5222 642 5268 stens
663 5208 910 5282 pontifex
931 5205 1245 5260 futurorum
1286 5202 1577 5271 bonorum,
1606 5220 1706 5275 per
1746 5204 1982 5276 amplius
2014 5212 2071 5259 et

482 5300 790 5374 perfectius
820 5295 1235 5353 tabernaculum
1259 5310 1368 5349 non
1414 5294 1808 5359 manufactuns,
1858 5292 1915 5347 id
1958 5300 2063 5358 est,

490 5411 601 5451 non
625 5393 793 5464 hujus
823 5387 1148 5453 creationis;
1179 5400 1359 5455 neque
1384 5400 1485 5455 per
1523 5383 1845 5455 sanguinem
1879 5381 2064 5436 hirco-

490 5502 616 5543 rum
657 5494 711 5541 et
740 5493 1046 5545 taurorum,
1082 5477 1178 5535 sed
1208 5493 1306 5548 per
1325 5475 1609 5547 proprium
1632 5473 1954 5544 sanguinem
1978 5471 2063 5526 in-

492 5579 681 5635 troivit
702 5577 874 5633 semel
896 5575 952 5630 in
976 5580 1183 5636 sancta,
1218 5579 1423 5626 κίοι-ηε
1445 5567 1822 5637 redemptione
1868 5565 2063 5619 inveno

490 5682 544 5729 ta
576 5673 621 5704 7°
671 5690 690 5724 ι
719 5671 876 5732 Nam,
907 5675 969 5723 ut
997 5664 1142 5720 idem
1169 5674 1366 5717 rursus
1388 5658 1575 5714 dicitrc
1593 5656 1780 5713 Semel
1793 5661 2069 5719 mortuus,

561 5784 605 5821 ⁸³
631 5782 733 5837 isa.
768 5797 858 5844 vn,
889 5778 943 5832 9.
1019 5776 1064 5808 ⁸³
1086 5774 1224 5831 Joel.
1247 5772 1365 5844 με).

1477 5769 1535 5839 ⁸⁸,
1557 5768 1733 5839 Galat.
1758 5784 1812 5835 v,
1842 5769 1913 5839 4.7
1938 5766 2207 5839 A°'_Exod.
2240 5783 2365 5833 xxx,
2396 5764 2449 5839 θ.

491 5856 537 5886 εει
567 5853 613 5907 ιι
634 5835 920 5914 Thcssiu,
944 5847 998 5913 δ,
1026 5847 1078 5899 ιι.
1109 5844 1153 5876 ευ
1185 5835 1348 5908 11nd,,
1388 5840 1442 5895 9.
1512 5838 1557 5873 το
1580 5838 1747 5894 Hebr.
1778 5854 1851 5905 ιτ,
1894 5835 1981 5904 ιι,
2016 5836 2102 5892 is.

2175 4639 2350 4697 λόγος.

2238 4659 2410 4790 ἷὶοἷῙΡ.
2464 4731 2843 4798 Ἐξιλάσασθαί
2868 4747 2931 4800 γε
2975 4729 3080 4803 μὴν
3112 4728 3202 4782 ἐπὶ
3239 4727 3334 4781 τοῦ
3365 4726 3757 4797 θυσιαστηρίου

2173 4816 2267 4885 τοῦ
2311 4825 2683 4896 θυμιάματος,
2717 4823 3039 4894 προστάττει
3081 4820 3158 4892 τῷ
3223 4819 3434 4891 Ἀαρὼν
3467 4817 3615 4885 ἅπαξ
3654 4816 3757 4870 τοῦ

2171 4918 2420 4973 ἐνιαυτοῦ
2454 4918 2799 4989 καταχρίοντι
2825 4913 2904 4984 τῷ
2924 4914 3118 4984 αἵματι
3145 4912 3240 4966 τοῦ
3266 4909 3613 4981 καθαρισμοῦ
3642 4908 3758 4962 τῶν

2173 5009 2478 5082 ἁμαρτιῶν,
2510 5010 2610 5073 τὰς
2650 5024 2760 5063 των
2792 5004 3037 5079 κεράτων
3079 5003 3274 5075 ἀρχάς.
3297 5022 3315 5053 ι
3345 5002 3533 5070 Ἀγιον
3565 4996 3696 5071 γὰρ,
3723 5016 3750 5051 ι

2173 5102 2328 5173 φησι,
2352 5119 2371 5151 ε
2395 5101 2503 5154 τῶν
2537 5099 2707 5169 ἁγίων
2729 5098 2863 5153 ἐστί.
2893 5115 2912 5149 ι
2936 5095 3045 5150 Καὶ
3080 5093 3237 5148 τοῦτό
3261 5108 3344 5146 σοι
3382 5091 3550 5161 σαφὲς
3581 5106 3754 5144 κατα-

2174 5194 2385 5263 στήσει,
2422 5191 2615 5260 λέγων,
2666 5190 2695 5243 ὁ
2733 5188 3015 5250 θεσπέσιος
3058 5186 3288 5248 Παῦλος·
3334 5202 3354 5236 ι
3416 5182 3651 5255 Χριστὸς
3692 5181 3758 5235 δὲ

2173 5286 2615 5357 παραγενόμενος
2631 5281 2920 5353 ἀρχιερεὺς
2938 5280 3047 5334 τῶν
3069 5279 3371 5350 μελλόντων
3397 5274 3638 5345 ἀγαθῶν,
3664 5274 3758 5328 oti

2172 5379 2271 5448 τῆς
2306 5376 2551 5447 μείζονος
2579 5374 2673 5428 καὶ
2700 5372 3036 5445 τελεωτέρας
3083 5371 3306 5442 σκηνῆς,
3340 5369 3402 5422 οὐ
3437 5366 3758 5439 χειροπυιήο

2168 5485 2285 5531 του,
2338 5469 2635 5533 τουτέστιν,
2670 5467 2730 5520 οὐ
2776 5465 2979 5537 ταύτης
3031 5464 3130 5535 τῆς
3170 5462 3448 5526 ’κτίσεως·
3505 5460 3630 5514 οὐδὲ
3683 5457 3757 5511 δι’

2169 5560 2399 5629 αἵματος
2426 5560 2646 5632 τράγων
2672 5558 2784 5626 καὶ
2794 5557 3030 5628 μόσχων,
3053 5556 3142 5609 διὰ
3167 5554 3223 5608 δὲ
3240 5554 3335 5608 τοῦ
3362 5554 3494 5608 ἰδίου
3520 5552 3763 5622 αἳματος

2171 5649 2419 5721 εἰσῆλθεν
2446 5649 2665 5720 ἐφάπαξ
2696 5650 2777 5712 είς
2815 5647 2882 5702 τὰ
2915 5646 3067 5715 ἅγια,
3100 5645 3325 5700 αἰωνίαν
3352 5643 3624 5715 λύτρωσιν
3659 5639 3761 5693 εὑ-

2565 5762 2609 5795 “
2638 5760 2830 5817 Matth.
2855 5776 3010 5827 xxm,
3048 5758 3102 5812 8.
3207 5758 3252 5791 ⁸⁷
3278 5757 3435 5814 Cant.
3465 5773 3504 5824 ι,
3532 5754 3588 5823 l,
3623 5750 3681 5809 2.
3742 5770 3747 5773 ·
