4118 6430
369 396 477 455 69.5

1090 388 1179 444 DE
1219 387 1664 443 ADORATIONE
1705 387 1771 443 IN
1814 384 2083 442 SPlRlTU
2127 383 2216 439 ΕΤ
2258 384 2626 441 VERITATE.
2683 381 2812 437 LIB.
2854 380 2943 436 1X.

3554 375 3661 434 626

372 512 634 580 ράμενος.
673 523 694 558 ι
734 506 825 570 Ὠς
855 504 963 576 γὰρ
991 504 1153 580 αὐτός
1183 520 1286 556 που
1316 502 1477 557 πάλιν
1512 502 1699 574 φησιν,
1729 521 1748 555 ι
1782 500 1967 565 Ἀπαξ

2072 516 2181 555 non
2207 502 2445 572 amplius
2473 500 2729 563 moritur,
2765 512 2916 553 mors
2934 495 3012 551 illi
3039 496 3184 550 ultra
3216 509 3325 549 non
3350 492 3664 549 dominabi-

368 596 685 662 ἀποθανὼν,
710 596 893 649 οὐκέτι
925 591 1281 665 ἀποθνήσκει,
1314 590 1542 656 θάνατος
1582 590 1748 645 αὑτοῦ
1774 590 1959 645 οὐκέτι

340 650 685 815 Ῐκυνριεύσειί
731 689 798 742 Ὃ
838 687 949 758 γὰρ
994 650 1280 749 ἀπέθανε..
1304 688 1372 756 τῇ
1409 650 1657 757 ἁμαρτίᾳ
1690 684 1960 738 ἀπέθανεν

369 781 619 815 ι...ι.....ε.
678 781 706 815 λ
752 779 808 815 ει
849 778 914 815 ra
990 778 1054 815 ra
1096 778 1175 815 ...τι
1212 777 1332 815 αυτ.
1398 796 1416 815 ι
1461 775 1641 815 ωηολε.
1694 776 1873 815 τοίνυν
1934 776 1960 815 δ

342 775 619 855 δὲφάπαξ·
678 781 707 834 6
752 779 810 833 δὲ
849 778 939 852 ζῇ,
990 778 1055 851 ζῇ
1096 778 1175 850 τῷ
1212 777 1352 849 Θεῷ.
1397 796 1416 829 ι
1460 775 1646 848 Είσῄει
1694 776 1873 830 τοίνυν
1934 776 1963 829 6

339 857 661 939 ’θεσπέσιος
690 872 901 946 Ἀαρὼν
919 873 1001 938 είς
1029 873 1098 926 τὰ
1129 872 1297 941 Ἅγια
1326 870 1435 925 τῶν
1459 870 1654 940 ἁγίων,
1685 868 1836 935 ἅπαξ
1865 866 1961 921 τοῦ

366 962 643 1028 ἐνιαυτοῦ,
672 962 741 1016 δι’
759 962 992 1033 αἳματος
1019 960 1115 1015 τοῦ
1141 958 1489 1033 καθαρισμοῦ
1515 958 1627 1013 τῶν
1655 957 1958 1031 ἁμαρτιῶν.

366 1059 482 1110 Καὶ
522 1057 624 1127 ὅρα
657 1054 897 1128 Χριστὸν
931 1055 989 1108 ἑν
1015 1052 1257 1107 τουτοισὶ
1282 1052 1468 1119 πάλιν,
1500 1052 1695 1124 αἵματι
1738 1050 1810 1123 τῷ
1846 1051 1965 1122 ίδίῳ

365 1150 470 1219 τῆς
499 1150 762 1202 ἁπάντων
784 1145 1057 1217 σωτηρίας
1080 1147 1175 1200 καὶ
1205 1143 1370 1217 ζωῆς,
1404 1143 1693 1216 μονονουχὶ
1714 1143 1807 1198 τὸν
1833 1142 1964 1197 ίδιον

369 1239 807 1312 καταρῤαίνοντα
840 1237 1094 1309 σταυρόν.
1128 1234 1374 1309 Σταυροῦ
1417 1235 1526 1308 γὰρ
1557 1235 1730 1299 τύπος
1764 1236 1831 1290 τὰ
1874 1234 1967 1290 κέ-

372 1350 534 1405 ρατα,
587 1332 716 1405 τῇδε
748 1332 972 1386 κάκεῖσε
1016 1330 1093 1395 ὡς
1135 1331 1195 1385 ὲν
1240 1328 1393 1395 τάξει
1437 1327 1642 1401 χειρῶν
1688 1327 1965 1400 ἀποτάδην

368 1424 754 1479 ἑκνενευκότα.
802 1422 1014 1478 Οὐκοῦν
1065 1420 1404 1477 ἀποθανόντα
1455 1420 1556 1493 μὲν
1594 1419 1744 1488 ἅπαξ
1792 1420 1965 1475 ὲννόει

368 1517 631 1589 Χριστὸν,
664 1517 856 1585 ’Δγιον
880 1514 938 1568 δὲ
967 1513 1076 1569 τῶν
1105 1513 1278 1583 ἁγίων
1306 1513 1458 1578 ὅντα,
1494 1513 1637 1568 κατά
1671 1512 1855 1583 φύσιν,
1891 1512 1969 1578 ὡς

366 1610 528 1663 Θεόν.
563 1609 679 1662 Καὶ
720 1607 831 1679 γάρ
883 1608 1032 1661 ἐστιν
1072 1606 1281 1677 ἀληθής
1329 1605 1606 1676 Ἰωάννης,
1645 1604 1842 1674 λέγων,
1883 1605 1966 1659 ὃτι

376 1722 397 1755 ι
430 1702 529 1756 Ἐκ
547 1699 647 1756 τοῦ
662 1700 1029 1772 πληρώματος
1045 1699 1213 1755 αὐτοῦ
1235 1700 1398 1772 ἡμεῖς
1414 1698 1616 1763 πάντες
1629 1697 1917 1769 ἐλάϐομεν.
1940 1717 1960 1751 ι

365 1793 613 1869 Χριστοῦ
642 1793 754 1868 γὰρ
779 1794 1004 1865 μέτοχος
1025 1794 1059 1864 ή
1083 1791 1236 1847 πᾶσά
1262 1793 1377 1846 ἐστι
1419 1790 1590 1863 ὁρατὴ
1618 1792 1714 1846 καὶ
1735 1791 1967 1863 ἀόρατος

369 1866 574 1954 κτίσις.
621 1866 879 1958 Ἀγγελοί
906 1904 967 1940 τε
997 1886 1104 1958 γὰρ
1135 1886 1231 1940 καὶ
1259 1885 1614 1958 ἀρχάγγελοι,
1641 1883 1737 1939 καὶ
1776 1883 1848 1938 τὰ
1872 1883 1965 1938 ’ἔτι
1999 1866 2041 1922 Β

364 1982 578 2036 τούτων
611 1981 890 2045 ἐπέκεινα,
917 1979 1013 2033 καὶ
1039 1979 1180 2033 αὐτά
1210 1977 1269 2032 δὲ
1296 1977 1367 2032 τά
1391 1976 1695 2050 Χερουόὶμ,
1724 1978 1824 2049 οὐχ
1847 1976 1965 2031 ἑτέ-

371 2091 485 2147 ρως
534 2073 689 2143 ἅγια,
751 2071 892 2142 πλὴν
941 2071 1024 2125 ὅτι
1065 2069 1157 2125 διὰ
1211 2070 1375 2143 μόνου
1415 2069 1676 2143 Χριστοῦ,
1722 2072 1781 2124 ὲν
1822 2070 1965 2141 ἁγίῳ

366 2166 675 2238 Πνεύματι.
707 2166 879 2230 Αὐτὸς
908 2161 1003 2219 οὖν
1030 2164 1140 2236 ἀρα
1170 2164 1287 2218 ἐστὶ
1317 2164 1380 2218 τὸ
1418 2163 1825 2236 θυσιαστήριον,
1868 2163 1966 2217 αύ-

364 2260 463 2326 τὸς
490 2261 549 2315 δὲ
571 2259 634 2313 τὸ
667 2259 944 2331 θυμίαμα,
991 2258 1086 2312 καὶ
1116 2258 1429 2330 ἀρχιερεὺς,
1465 2256 1628 2323 αὐτὸς
1665 2256 1723 2312 δὲ
1764 2256 1967 2328 ὁμοίως

363 2354 432 2408 τὸ
462 2348 607 2424 αἷμα
627 2350 722 2405 τοῦ
752 2349 1099 2424 καθαρισμοῦ
1128 2349 1435 2423 ἁμαρτιῶν.

443 2445 655 2500 ΠΑΑΛ.
698 2443 808 2497 Ναὶ
859 2443 1042 2512 λέγεις
1088 2441 1284 2514 ὀρθῶς.
1319 2442 1466 2514 Πλὴν
1512 2443 1541 2497 ὅ
1600 2444 1654 2497 τί
1691 2444 1824 2498 ποτέ
1850 2446 1971 2498 ἐστι

362 2537 463 2592 τοῦ
500 2534 844 2608 καθαρισμοῦ
885 2535 996 2589 τῶν
1036 2534 1320 2607 ἁμαρτιῶν
1365 2535 1427 2589 τὸ
1461 2529 1624 2607 αἷμα,
1661 2536 1850 2607 σαφῶς
1880 2539 1967 2590 ὲν-

360 2626 514 2683 νοείν
541 2624 643 2678 οὑκ
664 2622 794 2694 ἔχω.

441 2715 610 2771 ΚΥΡ.
650 2714 1063 2788 Προανατυπῶν
1093 2714 1121 2767 6
1155 2713 1319 2786 νόμος
1345 2713 1446 2787 τήν
1470 2713 1538 2768 δι’
1560 2713 1793 2787 αἵματος
1824 2715 1973 2771 ἀπο-ι’

363 2806 643 2879 κάθαρσιν
689 2807 787 2862 καὶ
824 2807 887 2861 τὸ
936 2806 1087 2880 θῦμα
1126 2807 1187 2863 τὸ
1234 2806 1404 2880 ἱερὸν,
1436 2808 1580 2881 φημὶ
1609 2808 1675 2881 δὴ
1705 2810 1965 2881 Χριστὸν,

361 2902 437 2956 δι’
465 2892 531 2955 οὗ
558 2899 656 2955 καὶ
691 2899 1039 2971 σεσὼσμεθα,
1066 2899 1157 2953 τὸν
1181 2899 1240 2968 ἐξ
1263 2901 1542 2972 άμαρτίας
1569 2902 1969 2974 ὲντετηγμένον

363 2997 504 3067 ἡμῖν
528 2992 997 3065 διαδιδράσκοντες
1022 2993 1317 3065 μολυσμὸν,
1349 2987 1453 3048 ὧδέ
1482 2993 1558 3065 πή
1602 3011 1769 3066 φησιν
1799 2996 1858 3049 ὲν
1889 2994 1967 3066 τῷ

364 3085 676 3159 Δευὶτικῷο
740 3104 759 3138 ι
805 3085 932 3141 Ἐἀν
998 3084 1056 3139 δὲ
1102 3088 1282 3151 πᾶσα,
1317 3105 1337 3139 ι
1402 3088 1569 3157 φησι,
1625 3105 1643 3139 ι
1676 3088 1967 3161 συναγωγὴ

2064 602 2189 659 tur;
2219 592 2367 663 quod
2400 593 2548 647 enim
2576 599 2826 645 mortuus
2875 595 2961 644 est
2999 596 3226 659 peccato
3273 593 3528 642 mortuus
3579 593 3665 641 est

2063 685 2267 751 semel;
2309 684 2457 754 quod
2502 692 2685 738 autem
2719 682 2876 746 vivit,
2925 680 3060 735 vivit
3082 680 3195 735 Deo
3220 679 3287 733 7‘.
3315 698 3332 731 ι
3383 678 3664 749 Ingredie-

2063 777 2228 832 batur
2253 776 2438 846 itaque
2465 776 2668 838 virgille
2692 774 3035 829 admirabilis
3049 775 3229 828 Aaron
3252 772 3308 827 in
3322 771 3521 828 Sancta
3540 786 3669 827 sau-

2062 880 2279 925 ctorum
2300 869 2467 925 semel
2480 869 2693 923 in'anno
2713 882 2810 937 per
2830 866 3151 936 sanguinem
3182 864 3519 936 purgationis
3534 879 3665 935 pec-

2064 972 2335 1021 catorum.
2361 963 2498 1020 Vide
2535 970 2727 1017 autem.
2748 977 2947 1016 rursus
2966 961 3022 1015 in
3064 961 3169 1014 hoc
3205 960 3323 1029 ipso
3353 957 3659 1021 Christum,

2063 1059 2328 1130 sanguine
2361 1072 2461 1113 suo
2493 1071 2596 1127 pro
2630 1054 2804 1110 salute
2844 1053 3093 1109 omnium
3119 1068 3183 1107 ac
3200 1052 3313 1106 vita
3335 1066 3492 1106 suam
3532 1066 3662 1105 cru-

2063 1165 2185 1208 cem
2204 1149 2611 1223 quodammodo
2637 1156 3042 1219 aspergentem;
3063 1145 3245 1200 crucis
3262 1144 3467 1216 quippe
3492 1143 3662 1215 ﬁgura

2065 1256 2196 1303 sunt
2209 1257 2565 1315 cornua,qu:e
2586 1255 2851 1295 manuum
2873 1239 3046 1294 instar
3061 1238 3321 1308 utrinque
3337 1244 3624 1307 exporrecl
3636 1254 3663 1289 ιι

2064 1338 2407 1411 prominent.
2430 1335 2602 1407 Igitur
2628 1341 2910 1389 mortuum
2940 1328 3164 1403 quidem
3188 1331 3357 1385 semel
3379 1330 3665 1385 Christum

2065 1430 2331 1501 intellige,
2361 1428 2458 1484 sed
2480 1426 2737 1483 eumdem
2758 1441 2827 1481 ex
2842 1434 3040 1480 natura
3057 1422 3319 1478 Sanctum
3347 1430 3661 1477 sanctorum
3682 1485 3704 1499 ο

2064 1538 2187 1580 esse
2219 1531 2482 1592 tanquam
2522 1520 2719 1575 Deum.
2767 1518 2864 1574 Est
2891 1517 3041 1572 enim
3069 1531 3240 1571 verax
3276 1513 3541 1579 Joannes,
3567 1514 3663 1592 qui

2066 1616 2145 1673 ait
2172 1635 2185 1671 :
2220 1636 2238 1669 ι
2260 1602 2348 1670 Ἐκ
2381 1613 2724 1686 plenitudine
2741 1613 2861 1683 ejus
2882 1625 2986 1666 nos
3001 1607 3521 1678 omnesaccepimus
3538 1607 3609 1672 1";
3640 1628 3656 1657 ι

2066 1715 2155 1764 est
2209 1706 2359 1763 enim
2388 1704 2596 1761 Christi
2623 1702 2903 1774 particeps
2924 1702 3181 1757 universa
3203 1714 3316 1755 non
3339 1698 3506 1753 modo
3527 1697 3662 1752 visi-

2066 1798 2217 1863 bilis,
2252 1796 2349 1852 sed
2366 1797 2535 1852 etiam
2560 1793 2855 1850 invisibilis
2898 1799 3175 1848 creatura.
3203 1790 3398 1861 Angeli
3423 1805 3663 1859 namque

2069 1894 2127 1943 et
2146 1886 2484 1958 archangeli,
2508 1885 2615 1940 illa:
2636 1884 2805 1939 etiam
2827 1898 2952 1954 qua:
2974 1897 3145 1953 supra
3156 1881 3258 1937 hos
3275 1887 3407 1935 sunt
3427 1886 3660 1944 natura),

2071 1980 2190 2052 ipsa
2213 1979 2455 2050 denique
2479 1976 2812 2044 Cherubim,
2845 1991 2960 2030 non
2986 1975 3150 2030 aliter
3171 1989 3339 2045 quam
3362 1988 3463 2044 per
3497 1971 3663 2027 Chri-

2070 2081 2216 2127 stum
2237 2071 2416 2127 solum
2440 2071 2498 2128 in
2520 2078 2712 2126 sancto
2742 2068 2955 2140 Spiritu
2982 2074 3173 2125 sancta
3202 2074 3351 2123 sunt.
3393 2065 3515 2137 Ipse
3566 2064 3670 2137 igi-

2072 2174 2162 2220 tur
2178 2173 2265 2221 est
2285 2165 2477 2232 altare,
2503 2165 2619 2235 ipse
2638 2164 2962 2237 thymiama,
2987 2175 3350 2232 summusque
3371 2158 3662 2227 sacerdos;

2071 2258 2186 2329 ipse
2208 2257 2341 2314 item
2376 2257 2601 2330 sanguis
2627 2255 2976 2329 purgationis
2995 2259 3375 2325 peccatorum.

2139 2443 2339 2500 PALL.
2366 2443 2539 2500 Recte
2558 2457 2688 2498 sane
2718 2441 2878 2497 dicis.
2906 2440 3014 2497 Sed
3041 2438 3176 2511 quid
3198 2438 3423 2494 tandem
3450 2436 3524 2493 sit
3541 2449 3671 2491 san-

2069 2535 2193 2606 guis
2222 2534 2573 2606 purgationis
2618 2540 2998 2603 peccatorum,
3032 2530 3325 2602 perspicue
3359 2528 3669 2601 intelligere

2070 2641 2321 2696 nequeo-

2140 2716 2298 2774 CYR.
2321 2715 2460 2773 Cum
2494 2714 2877 2788 praefiguraret
2898 2716 2988 2771 lex
3017 2715 3168 2771 illam
3193 2731 3294 2787 per
3343 2715 3669 2787 sanguinem
3742 2750 3745 2753 λ

2069 2811 2478 2883 purgationem,
2514 2819 2573 2866 et
2606 2824 2817 2867 sacram
2852 2809 3004 2865 illam
3044 2807 3327 2864 victimam
3364 2805 3695 2881 (Christum:

2070 2904 2339 2978 intelligo)
2365 2921 2466 2976 per
2493 2920 2658 2976 quem
2692 2905 2827 2960 salvi
2849 2903 2984 2959 facti
3040 2917 3255 2967 sumus,
3289 2909 3348 2957 et
3400 2901 3668 2963 maculas.

2070 3015 2138 3054 ex
2195 3007 2425 3070 peccato
2478 2997 2642 3053 nobis
2682 2998 2895 3053 inustas
2958 2995 3219 3061 eluimus,
3258 2994 3327 3049 ad
3374 2993 3526 3048 hunc
3553 2993 3671 3048 fere

2070 3092 2298 3148 modum
2325 3091 2465 3149 dixit
2488 3091 2547 3146 in
2570 3090 2819 3146 Levitico
2845 3108 2858 3144 :
2888 3086 2918 3141 ἰ
2958 3087 3017 3144 Si
3044 3096 3228 3142 autem
3252 3086 3510 3141 universa
3533 3101 3669 3140 eon—

375 3178 602 3252 ’Ῑσραὴλ
646 3178 915 3252 ἀγνοήσῃ,
945 3178 1041 3232 καὶ
1086 3177 1226 3250 λάθῃ
1259 3178 1411 3249 ῥῆμα
1441 3177 1502 3243 ἐξ
1538 3178 1834 3251 ὀφθαλμῶν
1867 3179 1965 3251 τ’ἧς

2072 3186 2316 3258 gregatio
2338 3185 2503 3241 Israel
2541 3182 2901 3261 ignoraverit,
2947 3190 3004 3237 et
3059 3177 3446 3236 absconditum
3503 3175 3672 3231 fuerit

366 3272 717 3343 συναγωγῆς,
746 3271 840 3324 καὶ
873 3271 1141 3343 ποιήσωσι
1174 3271 1304 3342 μίαν
1326 3271 1433 3326 ἀπὸ
1450 3272 1654 3328 ’πασῶν
1682 3272 1792 3328 τῶν
1813 3274 1963 3327 ὲντο-

364 3364 478 3420 λῶν
496 3365 726 3437 Κυρίου,
745 3365 780 3436 ἢ
795 3364 856 3419 οὐ
873 3364 1253 3437 ποιηθήσεται,
1271 3365 1368 3421 καὶ
1386 3366 1680 3439 πλημμελή
1690 3384 1846 3434 σωσι,
1867 3366 1962 3422 καὶ

362 3454 588 3529 γνωσθῇ
615 3457 801 3518 αὐτοῖς
839 3456 1164 3529 ήάμαρτία,
1204 3456 1271 3530 ῆν
1296 3457 1542 3530 ήμαρτον
1573 3458 1632 3512 ὲν
1672 3458 1832 3531 αὐτῇ,
1869 3459 1961 3514 καὶ

365 3549 686 3622 προσάξειὴ
707 3551 1002 3621 συναγωγὴ
1018 3549 1217 3621 μόσχον
1233 3551 1297 3603 ὲκ
1313 3548 1452 3620 βοῶν
1470 3551 1702 3624 ἄμωμον
1718 3553 1846 3623 περδ¹
1864 3553 1963 3625 τῆς

364 3643 669 3715 ἁμαρτίας,
696 3642 793 3696 καὶ
841 3638 1101 3712 προσάξει
1138 3641 1299 3696 αὐτὸν
1346 3641 1500 3716 παρὰ
1536 3643 1636 3708 τὰς
1665 3644 1834 3717 θύρας
1865 3643 1963 3700 τοῦ

368 3734 681 3807 μαρτυρίου
697 3734 799 3805 τῆς
813 3734 1041 3807 σκηνῆς,
1060 3735 1155 3790 καὶ
1167 3733 1522 3807 ἐπιθήσουσιν
1534 3737 1583 3790 οἱ
1601 3737 1964 3811 πρεσϐύτεροι

363 3828 474 3898 τῆς
504 3826 831 3897 συναγωγῆς
871 3825 971 3890 τάς
998 3828 1188 3897 χεῖρας
1238 3826 1418 3880 αὐτῶν
1453 3828 1547 3882 ἐπὶ
1584 3828 1683 3899 τήν
1722 3828 1965 3901 κεφαλὴν

363 3920 466 3975 τοῦ
486 3920 690 3993 μόσχου
708 3919 888 3974 ἔναντι
910 3919 1137 3992 Κυρίου,
1162 3921 1257 3973 καὶ
1279 3920 1543 3991 σφάξουσι
1566 3921 1767 3993 μόσχον
1790 3922 1966 3978 ἔναντι

368 4013 608 4085 Κυρίου,
631 4012 729 4066 καὶ
755 4011 979 4066 εἰσοίσει
1013 4013 1042 4067 6
1079 4013 1258 4085 ἱερεὺς
1288 4014 1510 4085 χριστὸς
1543 4014 1657 4069 ἀπὸ
1678 4014 1772 4068 τοῦ
1795 4015 1967 4087 αἵμα-

367 4124 465 4171 τος
486 4106 583 4161 τοῦ
624 4105 828 4178 μόσχου
861 4106 942 4170 είς
973 4105 1074 4177 τὴν
1113 4105 1319 4178 σκηνὴν
1346 4103 1443 4159 τοῦ
1496 4107 1822 4179 μαρτυρίου.
1855 4107 1968 4161 Καὶ

370 4198 541 4272 βάψει
586 4199 616 4252 6
657 4198 839 4271 ἱερεὺς
884 4196 976 4250 τὸν
1022 4196 1283 4252 δάκτυλον
1336 4198 1445 4252 ἀπὸ
1476 4196 1572 4250 τοῦ
1606 4198 1840 4268 αἵματος
1872 4197 1967 4252 τοῦ

371 4291 605 4362 μόσχου,
624 4290 719 4344 καὶ
741 4291 896 4363 ῥανεί
917 4288 1149 4352 ἑπτάκις
1168 4286 1349 4341 ἔναντι
1370 4286 1577 4359 Κυρίου
1595 4288 1715 4341 κατ’
1738 4286 1970 4344 ἐνώπιον

366 4380 469 4435 τοῦ
495 4380 991 4451 καταπετάσματος
1025 4379 1121 4432 τοῦ
1148 4378 1327 4449 ἁγίου,
1356 4378 1451 4433 καὶ
1478 4379 1589 4433 ἀπὸ
1614 4377 1710 4432 τοῦ
1738 4380 1971 4451 αἵματος

369 4472 629 4545 ἐπιθήσει
668 4471 698 4525 6
746 4471 923 4543 ἱερεὺς
962 4471 1057 4524 ἐπὶ
1097 4470 1167 4524 τά
1200 4470 1411 4543 κέρατα
1448 4470 1544 4524 τοῦ
1575 4469 1969 4543 θυσιαστηρίου

2069 3279 2305 3335 verbum
2331 3278 2400 3334 ab
2426 3278 2601 3334 oculis
2627 3273 3092 3349 congregationis,
3123 3279 3181 3327 et
3210 3269 3448 3326 fecerint
3495 3285 3667 3324 unum

2068 3372 2228 3447 311
2256 3372 2325 3428 ab
2355 3372 2616 3428 omnibus
2631 3369 2906 3426 mandatis
2931 3365 3173 3430 Domini,
3199 3362 3351 3435 quod
3374 3377 3486 3417 non
3506 3376 3673 3433 opor-
3786 3426 3801 3433 μ

2071 3473 2151 3521 ιει
2181 3465 2323 3531 fieri,
2361 3473 2419 3522 et
2465 3464 2837 3537 deliquerint,
2887 3468 2944 3517 et
2981 3460 3262 3532 cognitum
3320 3455 3490 3513 fuerit
3536 3453 3671 3523 ipsis

2072 3567 2361 3629 peccatum
2397 3558 2452 3612 in
2488 3573 2599 3629 quo
2623 3564 3016 3628 peccaverunt,
3046 3553 3285 3610 adducet
3311 3547 3673 3621 congregatio

2070 3652 2305 3709 vitulum
2330 3668 2397 3708 ex
2416 3652 2595 3711 bobus
2615 3644 3023 3707 immaculatum
3045 3664 3146 3719 pro
3158 3654 3411 3723 peccato,
3433 3648 3488 3697 et
3501 3639 3677 3697 addu-

2073 3752 2162 3801 cet
2196 3762 2325 3803 eum
2375 3757 2550 3816 prope
2595 3741 2799 3798 ostium
2849 3738 3194 3795 tabernaculi
3246 3734 3569 3801 testimonii,
3618 3739 3679 3789 et

2074 3843 2362 3913 imponent
2384 3836 2632 3893 seniores
2651 3831 3096 3905 congregationis
3117 3845 3316 3885 manus
3338 3843 3467 3884 suas
3508 3840 3676 3895 super

2058 3941 2241 4006 ’caput
2267 3930 2425 3986 vituli
2458 3944 2646 3985 coram
2666 3927 2923 3991 Domino,
2950 3936 3006 3980 et
3039 3922 3405 3980 immolabunt
3435 3922 3670 3977 vitulum

2075 4040 2263 4084 coram
2280 4022 2538 4087 Domino,
2566 4029 2623 4075 et
2650 4019 2852 4074 inferet
2885 4018 3145 4073 sacerdos
3184 4024 3385 4071 unctus
3428 4014 3498 4069 de
3543 4030 3671 4069 san—

2076 4118 2243 4192 guine
2263 4115 2423 4170 vituli
2450 4113 2507 4168 in
2533 4111 2956 4167 tabernaculum
2978 4110 3304 4174 testimonii,
3341 4116 3398 4163 et
3436 4106 3672 4177 intinget

2076 4209 2335 4267 sacerdos
2378 4206 2613 4278 digitum
2658 4204 2727 4260 de
2772 4204 3038 4275 sanguine
3088 4201 3267 4257 vituli.
3306 4201 3376 4255 Et
3420 4201 3673 4270 asperget

2077 4302 2283 4373 septies
2306 4314 2493 4357 coram
2516 4296 2751 4352 Domino
2780 4312 2811 4352 ε
2842 4296 3066 4367 regione
3098 4300 3289 4350 contra
3325 4292 3506 4349 velum
3542 4307 3670 4345 san-

2077 4393 2297 4460 ctuarii,
2322 4401 2380 4448 et
2407 4391 2475 4446 de
2514 4388 2780 4461 sanguine
2803 4387 3049 4458 imponet
3072 4385 3333 4443 sacerdos
3362 4400 3529 4454 super
3549 4397 3672 4439 cor-

2079 4502 2188 4543 nua
2221 4482 2639 4541 altarisincensi
2688 4468 3125 4553 cempositionis,
3158 4477 3307 4549 quod
3353 4485 3440 4533 est
3485 4491 3671 4531 coram

368 4564 486 4620 τῶν
535 4564 902 4641 θυμιαμάτων
951 4564 1054 4633 τῆς
1097 4562 1426 4629 συνθέσεως,
1481 4563 1509 4616 ὃ
1539 4564 1687 4617 ἐστιν
1739 4562 1967 4619 ἐνώπιον

2078 4578 2335 4643 Domino,
2389 4576 2537 4648 quod
2578 4583 2665 4631 est
2707 4573 2763 4629 in
2800 4571 3156 4630 tabernaculo
3188 4567 3488 4625 testimonii
3543 4568 3607 4622 ⁷³.
3647 4588 3664 4617 ι

373 4656 609 4729 Κυρίου,
662 4655 692 4710 ὃ
729 4655 879 4709 ἐστιν
915 4657 973 4710 ὲν
1000 4657 1067 4727 τῇ
1104 4658 1278 4727 σκηνῇ
1310 4654 1402 4708 τοῦ
1433 4656 1756 4728 μαρτυρίου.
1804 4676 1823 4708 ι
1860 4659 1970 4711 Kal.

372 4750 716 4822 πλατύτερον
749 4750 847 4820 μὲν
881 4749 1010 4820 περί
1041 4766 1107 4818 γε
1149 4747 1357 4804 τούτων
1394 4750 1528 4820 ⁴ἡμῖν
1558 4749 1704 4804 κατά
1742 4752 1969 4823 καιροὺς

371 4843 693 4915 εἰρήσεται·
735 4840 894 4913 ἄθρει
926 4840 984 4894 δὲ
1011 4840 1086 4905 ὡς
1131 4842 1190 4918 ὲν
1226 4840 1412 4912 μόσχῳ
1446 4839 1608 4896 πάλιν
1640 4842 1782 4914 ὑπὲρ
1807 4842 1968 4913 ἡμῶν

375 4934 725 5006 σφαζόμενον
772 4932 866 4986 τὸν
928 4931 1296 5005 Ἐμμανουήλ,
1348 4933 1442 4986 καὶ
1493 4933 1769 5004 ἁμαρτίας
1823 4936 1971 5005 ἡμᾶς

374 5025 813 5092 ἀπαλλάττοντα,
878 5024 972 5081 καὶ
1024 5024 1321 5090 ἐξιστῷντα
1371 5024 1548 5096 δίκης,
1624 5024 1721 5079 καὶ
1777 5026 1972 5098 ποινῆς

372 5118 746 5191 ἀποφέροντα,
798 5118 896 5172 καὶ
940 5116 1030 5178 διὰ
1062 5117 1163 5188 τῆς
1204 5116 1451 5188 μείζονος
1500 5117 1594 5170 καὶ
1624 5116 1970 5191 τελειοτέρας

378 5212 532 5266 ἰόντα
563 5213 791 5283 σκηνῆς,
839 5211 902 5265 οὐ
934 5209 1022 5265 διὰ
1056 5210 1275 5282 μόσχων
1320 5210 1415 5264 καὶ
1462 5210 1704 5282 τράγων,
1738 5210 1875 5265 ἀλλά
1902 5211 1969 5265 δι’

375 5304 613 5375 αἵματος
660 5302 756 5357 τοῦ
797 5302 952 5366 ίδίου,
1002 5302 1098 5358 καὶ
1129 5301 1361 5357 θανάτου
1399 5300 1694 5371 προσὰπαξ
1726 5302 1970 5372 ἀπογευ-

377 5398 639 5469 σάμενον.
683 5396 810 5451 Ἐπὶ
849 5394 1008 5461 ξύλου
1047 5395 1158 5467 γὰρ
1189 5395 1302 5449 ἀνω
1338 5395 1510 5467 λόγχῃ
1538 5394 1831 5465 διανοιγεὶς
1870 5394 1972 5465 τὴν

373 5488 644 5561 πλευρὰν,
689 5484 833 5560 αἷμά
856 5505 916 5541 τε
955 5489 1052 5542 καὶ
1092 5487 1237 5561 ὕδωρ
1266 5487 1576 5555 ὲξέὸλυσεν.
1612 5487 1796 5553 Τύπος
1828 5487 1872 5540 δ’
1903 5486 1970 5540 ἂν

371 5577 486 5636 εἷεν
538 5579 799 5652 σταυροῦ,
848 5578 991 5634 καθά
1027 5578 1121 5633 καὶ
1165 5578 1471 5650 φθάσαντες
1500 5577 1748 5649 εἴπομεν,
1777 5578 1834 5632 ai
1858 5578 1967 5630 τῶν

372 5672 623 5746 κεράτων
646 5670 849 5743 ἐξοχαί.

448 5852 683 5909 “Rom.
734 5868 809 5919 vi,
851 5852 903 5919 9,
965 5851 1045 5906 l0.
1125 5853 1167 5884 ⁷³
1246 5850 1402 5905 Joan.
1455 5865 1492 5918 ι,
1548 5849 1630 5903 16.

2078 4671 2291 4740 Quibus
2335 4669 2406 4726 de
2449 4669 2619 4724 rebus
2661 4665 2942 4738 copiosius
2996 4662 3218 4719 anobis
3272 4661 3410 4717 alias
3431 4660 3667 4716 dicetur.

2074 4764 2378 4822 Considera
2406 4776 2598 4817 rursus
2624 4759 2778 4814 illum
2801 4754 3125 4812 Emmanuel
3160 4761 3221 4809 ut
3268 4753 3324 4808 in
3367 4752 3542 4807 vitulo
3571 4767 3671 4822 pro

2077 4852 2549 4920 nobisimmolari,
2567 4860 2623 4908 et
2644 4866 2746 4907 nos
2767 4866 2809 4914 .a
2836 4849 3080 4921 peccatis
3101 4847 3361 4910 liberare,
3387 4851 3445 4899 et
3481 4859 3511 4897 a
3537 4856 3670 4911 sup-

2079 4950 2245 5022 plicio
2267 4948 2531 5011 eximere,
2576 4952 2634 5000 et
2678 4960 2709 5000 a
2736 4941 2918 5014 pomis
2960 4940 3201 5011 eripere,
3259 4944 3315 4992 et
3345 4948 3444 5005 per
3491 4930 3671 5002 majus

2081 5020 2242 5107 atque
2264 5033 2565 5106 perfectius
2595 5030 3012 5087 tabernaculum
3034 5025 3275 5111 ingredi,
3317 5039 3429 5078 non
3452 5037 3553 5093 per
3584 5020 3669 5074 vi-

2080 5132 2245 5194 tulos,
2294 5137 2389 5184 aut
2420 5127 2637 5189 hircos,
2668 5123 2765 5180 sed
2792 5138 2890 5194 per
2915 5119 3201 5191 proprium
3230 5115 3554 5187 sanguinem
3611 5122 3675 5169 et

2083 5227 2318 5276 mortem
2352 5217 2521 5273 semel
2557 5222 2779 5287 gustare
2809 5230 2822 5267 :
2853 5227 3003 5275 nam,
3032 5223 3157 5264 cum
3206 5204 3463 5262 sublimis
3490 5204 3550 5258 in
3595 5203 3666 5257 li-

2078 5328 2185 5385 gno
2208 5311 2495 5383 penderet,
2524 5308 2647 5379 ejus
2673 5306 2819 5362 latus
2849 5305 3037 5358 laneca
3062 5299 3371 5372 perfossum
3398 5297 3665 5369 sanguine

2078 5410 2135 5459 et
2149 5419 2289 5474 aqua
2314 5400 2576 5457 manavit.
2602 5399 2859 5470 Figuram
2885 5408 3053 5466 porro
3078 5391 3263 5446 crucis
3282 5406 3393 5446 non
3424 5387 3666 5445 absurde

2078 5502 2270 5547 tenent
2291 5506 2497 5547 cornua
2522 5488 2711 5545 altaris
2734 5484 3060 5548 eminentia,
3102 5490 3161 5537 ut
3189 5481 3244 5536 in
3284 5478 3669 5552 superioribus

2076 5584 2334 5639 diximus.

1705 5849 1751 5881 ”’³
1783 5848 1957 5905 chit.
1987 5865 2057 5914 ιγ,
2097 5845 2281 5902 15-16.
