4118 6440
485 341 585 403 αῖῦῖ

553 452 752 509 PALL.
791 455 952 511 nocte
980 458 1075 519 ais,

553 543 710 601 CYR.
739 548 901 617 Atqui
924 566 1031 603 non
1059 554 1319 633 sanguine
1354 554 1550 618 solum,
1578 555 1671 609 sed
1700 568 1887 613 sancta
1921 575 2060 628 quo-

483 650 592 704 que
616 652 756 705 aqua
778 640 995 708 purgari
1031 651 1307 710 Oporterc,
1349 643 1438 698 lex
1474 659 1572 713 per
1605 645 1836 713 aanigma
1857 647 2059 717 jussit,

484 742 606 796 quae
626 728 711 782 via
753 738 837 783 est
855 730 919 784 ad
940 734 1320 802 purgationem
1348 733 1772 804 perfectissima,
1796 738 1842 792 si
1862 747 2062 809 myste-

483 818 626 875 rium
664 820 811 890 quod
847 832 931 877 est
963 824 1017 877 in
1048 824 1269 881 Christo
1298 825 1635 882 consideres.

554 910 750 975 PALL.
775 912 1062 979 Quomodo
1091 916 1336 985 tandem,
1371 925 1464 974 aut
1486 932 1596 995 qua
1637 920 1849 985 ratione
1879 920 1934 975 id
1962 937 2058 977 os-

483 999 687 1066 tendit?
1196 1026 1203 1031 ~

547 1090 707 1170 ΟΥΕ,
744 1092 1020 1167 Scriptum
1047 1106 1132 1153 est
1161 1098 1311 1153 enim
1368 1118 1382 1154 :
1424 1100 1532 1158 (Et
1573 1100 1793 1163 locutus
1830 1112 1914 1157 est
1953 1102 2060 1157 Do-

481 1182 663 1239 minus
698 1185 765 1239 ad
806 1186 1047 1259 Moysen,
1091 1189 1314 1246 dicens:
1378 1192 1486 1246 Fac
1536 1192 1751 1249 labrum
1815 1209 2050 1259 aneum,

477 1282 535 1329 et
556 1275 732 1335 basim
766 1278 916 1333 illius
949 1296 1158 1342 teneam
1180 1282 1248 1345 ad
1274 1284 1616 1357 abluendum
1641 1302 1653 1336 :
1682 1294 1738 1340 et
1766 1300 1939 1357 pones
1988 1286 2055 1347 il-

479 1364 570 1421 lud
602 1366 746 1422 inter
779 1369 1195 1449 tabernaculum
1240 1356 1543 1432 testimonii
1575 1382 1632 1430 et
1672 1356 1819 1433 inter
1858 1376 2048 1431 altare.

454 1456 547 1511 ‘Et
574 1458 825 1517 eﬂ'undes
857 1462 913 1516 in
938 1463 1073 1524 illud
1101 1480 1319 1535 aquam,
1346 1475 1401 1519 et
1430 1466 1656 1529 ablucnt
1682 1467 1864 1521 Aaron
1912 1475 1966 1521 et
1990 1468 2056 1521 ﬁ-

477 1550 536 1609 lii
570 1551 689 1620 ejus
715 1552 769 1615 in
802 1568 870 1616 eo
920 1570 1118 1610 manus
1164 1564 1219 1611 et
1256 1557 1426 1627 pedes
1473 1573 1635 1627 aqua,
1688 1557 1827 1613 Cum
1870 1559 2054 1628 ingre-

480 1640 706 1696 dientur
760 1642 817 1705 in
878 1644 1292 1711 tabernaculum
1349 1650 1697 1714 testimonii,
1758 1651 2055 1707 abluentur

476 1746 637 1800 aqua,
657 1742 711 1795 et
731 1749 840 1788 non
866 1735 1192 1806 morientur;
1218 1740 1297 1793 vel
1321 1756 1447 1803 cum
1468 1740 1848 1817 ingredientur
1862 1752 1921 1797 ut
1946 1744 2054 1798 mi~

1486 347 1540 410 S,
1582 349 1856 412 CYRILLI
1894 353 2363 419 ALEXANDNNI
2404 361 2722 422 ARClllEP.

2092 474 2140 532 Α
2237 474 2446 528 ΠΑΛΛ.
2486 470 2559 527 Εὖ
2587 473 2743 543 ἔφης.

2754 304 2809 317 ,θη

3640 368 3744 427 6‘28

2233 565 2396 618 ΚΥΡ.
2450 566 2588 619 Ἀλλ’
2616 565 2732 619 οὔτι
2764 583 2848 620 πω
2877 566 3022 638 μόνῳ
3046 567 3122 637 τῷ
3157 570 3349 639 αἵματι
3380 571 3743 643 καθαίρεσθαι

2162 657 2270 710 δεῖν
2299 657 2714 728 αἰνιγματωδῶς
2739 660 2768 711 ὁ
2806 658 2990 728 νόμος,
3021 659 3156 713 ἀλλά
3186 662 3281 714 καὶ
3310 661 3460 714 ὕδατι
3493 663 3572 734 τῷ
3603 666 3746 736 ἁγίῳ

2163 751 2520 820 προστέταχε.
2552 750 2873 821 Τελεωτάτη
2897 750 3007 822 γὰρ
3034 751 3129 821 ἥδε
3156 757 3292 823 πρὸς
3312 753 3578 824 κάθαρσιν
3602 756 3751 826 ὁδὸς,

2161 840 2303 895 κατά
2330 858 2391 911 γε
2407 842 2469 896 τὸ
2507 844 2565 895 ὲν
2595 842 2816 913 Χριστῷ
2849 843 3172 913 μυστήριον.
3501 832 3505 837 ’

2232 932 2440 987 ΠΑΛΛ.
2478 933 2604 997 Πῶς
2635 932 2691 985 δὲ
2723 933 2786 1004 δὴ
2818 933 2927 1004 ἄρα
2959 934 3230 990 καὶτοῦτο
3266 936 3520 1009 δέδειχεν,
3557 940 3590 1011 ἢ
3622 940 3747 994 τίνα

2160 1023 2389 1095 τρόπον;

2231 1112 2394 1165 ΚΥΡ.
2434 1112 2748 1183 Γέγραπται
2785 1112 2916 1184 γὰρ,
2957 1112 3036 1166 ὅτι
3079 1131 3100 1165 ι
3140 1114 3250 1172 Καὶ
3269 1114 3498 1188 ἐλάλησε
3531 1116 3741 1188 Κύριος

2159 1201 2296 1273 πρὸς
2340 1203 2579 1273 Μωσῆν,
2627 1203 2834 1272 λέγων·
2904 1202 3137 1273 Ποίησον
3183 1204 3423 1277 λουτῆρα
3481 1205 3740 1276 χαλκοῦν,

2159 1294 2252 1353 καὶ
2281 1292 2439 1364 βάσιν
2461 1294 2630 1349 αὐτοῦ
2660 1294 2884 1366 χαλκῆν,
2906 1294 3048 1348 ὥστε
3073 1295 3381 1357 νίπτεσθαι.
3414 1298 3526 1351 Καὶ
3552 1297 3743 1369 θήσεις

2158 1384 2319 1457 αὐτὸν
2373 1386 2478 1438 ἀνά
2525 1386 2689 1456 μέσον
2735 1387 2834 1455 τῆς
2882 1387 3087 1457 σκηνῆς
3123 1385 3217 1439 τοῦ
3269 1388 3592 1459 μαρτυρίου,
3645 1389 3742 1443 καὶ⁵

2158 1472 2260 1526 ἀνὰ
2296 1472 2461 1543 μέσον
2495 1474 2588 1536 τοῦ
2637 1473 3046 1545 θυσιαστηρίου.
3079 1476 3188 1527 Καὶ
3221 1479 3430 1546 ἐκχεεῖς
3461 1479 3541 1542 είς
3573 1478 3740 1536 αὑτὸν

2158 1562 2319 1635 ὕδωρ·
2344 1566 2438 1618 καὶ
2467 1564 2707 1634 νίψονται
2745 1564 2953 1634 ’Δαρὼν
2976 1567 3070 1619 καὶ
3090 1567 3139 1619 οἱ
3161 1568 3267 1619 υἱοὶ
3287 1567 3454 1620 αὐτοῦ
3486 1569 3545 1635 ἐξ
3569 1568 3737 1623 αὐτοῦ

2155 1654 2254 1720 τὰς
2294 1658 2485 1726 χεῖρας
2514 1657 2753 1720 καὶτοὺς
2794 1657 2959 1720 πόδας
2984 1658 3156 1710 ὕδατι.
3187 1658 3352 1711 Ὅταν
3376 1659 3738 1730 εἰσπορεύων-

2155 1763 2244 1808 ται
2281 1749 2362 1809 εἰς
2390 1747 2489 1818 τὴν
2526 1748 2729 1819 σκηνὴν
2761 1744 2853 1800 τοῦ
2901 1747 3222 1818 μαρτυρίου,
3276 1749 3522 1818 νίψονται
3555 1749 3732 1816 ὕδατι,

477 1822 723 1878 uistrent
751 1825 818 1887 ad
849 1827 1042 1889 altare,
1078 1837 1134 1883 et
1183 1830 1421 1886 oll'erant
1448 1832 1769 1889 holocausta
1797 1835 2049 1901 Domino,

2155 1838 2250 1889 καὶ
2278 1836 2339 1888 οὐ
2370 1836 2444 1907 μὴ
2466 1835 2829 1890 ἀποθάνωσιν*
2863 1834 2896 1904 ἢ
2927 1836 3055 1901 ὅταν
3088 1837 3570 1907 προσπορεύωνται
3598 1839 3737 1911 πρὸς

476 1911 702 1967 abluent
736 1927 932 1970 manus
972 1923 1029 1971 et
1071 1918 1240 1987 pedes
1292 1937 1453 1990 aqua.
1486 1921 1626 1977 Cum
1670 1923 2052 1994 ingredientur

475 2010 526 2057 iu
552 2005 965 2063 tabernaculum
1009 2010 1329 2078 testimonii,
1354 2013 1615 2069 lavabunt
1638 2032 1801 2086 aqua,
1832 2025 1894 2072 ut
1940 2033 2053 2074 non

476 2097 813 2154 moriantur:
862 2110 918 2155 et
946 2102 1054 2156 erit
1097 2103 1259 2173 312
1318 2096 1621 2175 legitimum
1654 2109 2051 2178 sempiternum

473 2186 599 2256 ipsi,
633 2191 1152 2260 etgenerationibus
1187 2194 1307 2271 ejus
1338 2204 1459 2273 post
1486 2212 1613 2251 eum
1639 2197 1702 2252 ⁷⁸.
1738 2218 1756 2249 ι
1805 2198 2051 2261 Gratiam

472 2277 639 2348 igitur
664 2282 839 2335 sancti
867 2282 1218 2353 baptismatis
1263 2286 1318 2340 in
1346 2304 1411 2342 ea
1443 2303 1500 2343 re
1526 2288 1928 2361 praaliguratam
1959 2307 2048 2346 es-

468 2385 549 2438 se,
588 2387 697 2428 non
728 2384 813 2430 est
832 2376 1152 2442 obscurum,
1178 2378 1340 2444 Nam,
1372 2395 1497 2440 cum
1527 2382 1891 2452 baptizamur,
1938 2400 2048 2441 non

356 2518 365 2535 ,
470 2464 718 2523 sordium
750 2454 943 2530 carnis
969 2468 1371 2545 depositionem
1389 2476 1804 2545 consequimur,
1833 2476 1930 2531 sed
1961 2477 2047 2531 in-

467 2554 840 2622 quinamentis
871 2559 1037 2613 animi
1062 2567 1119 2615 et
1152 2561 1336 2615 cordis
1359 2561 1683 2629 liberamur,
1715 2573 1770 2619 et
1808 2567 2049 2624 maculas

467 2644 797 2707 delictorum
822 2649 1120 2715 abluimus,
1146 2650 1293 2707 illius
1315 2654 1488 2724 gratia
1516 2662 1681 2724 atque
1715 2656 2048 2728 benigniutte

467 2734 563 2803 qui
590 2752 690 2792 nos
714 2738 782 2792 ad
821 2740 1051 2795 salutem
1096 2750 1274 2797 vocat.
1328 2742 1704 2799 Justiﬁcamur
1736 2746 1885 2800 enim
1936 2762 2047 2801 non

465 2843 536 2891 ex
568 2829 830 2910 Operibus
854 2831 1008 2903 legis,
1036 2840 1095 2887 ut
1121 2831 1423 2904 Scriptura
1455 2841 1731 2891 testantur
1761 2837 1829 2901 ⁷⁵,
1861 2836 1957 2892 sed
1980 2853 2048 2893 ex

468 2921 577 2984 title
598 2922 726 2986 Iesu
750 2922 977 2988 Christi.
1020 2924 1155 2979 Illud
1182 2935 1366 2982 autem
1407 2925 1816 2989 animadvertas
1857 2930 2045 2996 velim,

466 3013 670 3081 Aaron,
705 3025 760 3074 et
792 3031 889 3074 eos
911 3016 1112 3089 quibus
1141 3034 1248 3083 una
1302 3018 1417 3074 Deo
1468 3019 1786 3083 ministrare
1832 3022 2049 3092 jussum

464 3114 605 3173 erat,
633 3108 885 3177 quamvis
913 3123 977 3173 ex
999 3109 1119 3181 lege
1154 3109 1328 3169 sancti
1368 3120 1576 3177 essent,
1632 3110 1816 3168 adhuc
1863 3121 2046 3174 tamen

465 3215 607 3269 aqua
634 3216 831 3257 manus
885 3217 950 3264 ac
983 3202 1155 3273 pedes
1200 3203 1446 3269 abluere,
1491 3203 1567 3265 ita
1609 3202 1847 3276 denique
1892 3221 2048 3269 sacra

467 3306 696 3355 munera
734 3291 912 3358 obire,
944 3300 1001 3348 et
1032 3294 1088 3355 in
1115 3293 1313 3355 Sancta
1344 3301 1658 3353 sanctorum
1694 3294 1906 3366 ingredi
1934 3312 2054 3351 om-

468 3380 521 3441 ni
574 3379 873 3436 formidine
929 3383 1213 3445 liberatos,
1266 3384 1327 3439 In
1356 3399 1468 3455 quo
1522 3382 1667 3441 illud
1703 3402 1925 3457 quoque
1963 3389 2052 3442 lex

468 3480 659 3541 aperte
690 3482 747 3528 et
790 3474 1078 3530 evidenter
1105 3473 1370 3540 ostendit,
1417 3484 1583 3546 atque
1623 3477 1739 3551 ipsa
1773 3492 1863 3533 res
1899 3484 2051 3553 gesta

466 3564 869 3639 propemodum
894 3581 1028 3622 voce
1060 3573 1313 3633 testatur,
1344 3581 1472 3622 eum
1492 3567 1659 3622 etiam
1717 3569 1812 3645 qui
1839 3584 1908 3623 ex
1930 3569 2049 3642 lege

467 3671 625 3710 sacer
652 3672 772 3712 esse
796 3657 1069 3723 videatur,
1109 3658 1403 3730 profanum
1428 3659 1573 3732 apud
1618 3659 1789 3713 Deum
1830 3659 2046 3733 haberi,

467 3748 575 3811 nisi
603 3747 861 3804 abluatur
892 3767 1053 3822 aqua,
1083 3750 1306 3821 vimque
1334 3750 1483 3813 illam
1520 3751 1711 3822 legalis
1734 3752 1915 3817 cultus
1938 3768 2051 3813 non

466 3857 588 3905 esse
625 3841 693 3896 ad
727 3844 1075 3914 purgandum
1107 3843 1242 3899 satis
1268 3842 1565 3900 efﬁcacem.
1589 3845 1799 3915 Itaque,
1830 3847 2049 3907 tametsi

466 3933 585 4004 lege
614 3933 941 3989 sanctiﬁcati
983 3942 1191 3999 essent,
1227 3934 1408 3990 adhuc
1436 3944 1618 3992 tamen
1642 3937 2046 4006 abluebantur;

465 4033 733 4096 purgatur
770 4033 955 4081 autem
995 4032 1166 4092 certe,
1200 4025 1346 4098 quod
1370 4044 1573 4098 purum
1600 4038 1703 4095 est,
1738 4029 1901 4094 nihil,
1952 4030 2049 4086 sed

465 4114 613 4191 quod
640 4114 987 4182 immundum
1018 4122 1075 4171 et
1124 4116 1439 4187 impurum:
1471 4118 1742 4189 ejusmodi
1767 4119 2050 4191 quidpiam

467 4205 584 4274 ipse
607 4220 827 4289 quoque
847 4204 1102 4273 Christus
1129 4205 1300 4262 dixit:
1333 4226 1352 4259 ι
1378 4207 1482 4275 Qui
1515 4209 1662 4264 lotus
1686 4218 1790 4275 est,
1825 4225 1934 4265 non
1962 4211 2050 4266 in-

466 4296 615 4368 diget
659 4297 767 4365 nisi
803 4297 1053 4370 utpcdes
1091 4298 1266 4366 lavet;
1303 4306 1390 4354 est
1433 4298 1637 4369 quippe
1673 4300 1911 4356 mundus
1933 4302 2001 4354 7".
2023 4320 2042 4353 ι

466 4389 672 4451 Scribit
715 4389 882 4444 etiam
915 4390 1000 4445 vir
1039 4391 1478 4462 sapientissimus
1509 4374 1735 4459 Paulus,
1791 4374 2048 4464 impossi-

2158 1928 2219 1990 τὸ
2244 1927 2631 1999 θυσιαστήριον
2681 1927 3037 2001 λειτουργεῖν,
3078 1928 3171 1980 καὶ
3197 1928 3491 1998 ἀναφέρειν
3530 1928 3597 1982 τὰ
3616 1930 3737 1984 ὁλο-

2159 2022 2495 2091 καυτώματα
2537 2018 2744 2091 Κυρίῳ,
2791 2018 3037 2089 νίψονται
3082 2018 3181 2082 τὰς
3229 2023 3417 2092 χεῖρας
3469 2021 3562 2073 καί⁵
3606 2021 3735 2084 τοὺς

2158 2111 2324 2175 πόδας
2369 2111 2544 2166 ὕδατι.
2581 2112 2750 2168 Ὅταν
2799 2109 3224 2181 εἰσπορεύωνται
3274 2113 3354 2175 είς
3394 2111 3492 2182 τὴν
3524 2111 3735 2182 σκηνὴν

2154 2198 2249 2253 τοῦ
2289 2192 2614 2271 μαρτυρίου,
2656 2199 2899 2268 νίψονται
2953 2199 3103 2253 ὕδατι
3153 2200 3239 2259 ἵνα
3281 2201 3356 2271 μὴ
3391 2202 3727 2263 ἀποθάνωσιο

2155 2290 2252 2343 καὶ
2298 2291 2450 2343 ἔσται
2499 2291 2682 2351 αὐτοῖς
2732 2287 2964 2359 νόμιμον
3009 2287 3224 2341 αἰώνιον
3270 2288 3448 2357 αὐτῷ.
3491 2290 3584 2339 καὶ
3609 2290 3733 2350 ταῖς

2154 2384 2367 2452 γενεαῖς
2395 2381 2561 2434 αὑτοῦ
2593 2380 2711 2450 μετ’
2759 2379 2942 2433 αὐτόν.
2987 2398 3005 2430 ι
3044 2380 3164 2432 Ὅτι
3200 2379 3294 2448 μὲν
3324 2372 3415 2431 οὖν
3448 2378 3480 2447 ἠ
3519 2377 3603 2431 διὰ
3639 2378 3734 2432 τοῦ

2157 2458 2313 2543 ἀγίου
2342 2472 2718 2544 βαπτίσματος
2738 2471 2812 2535 ὡς
2838 2470 2896 2524 ἐν
2916 2487 2980 2540 γε
3004 2468 3068 2540 δὴ
3092 2468 3264 2538 τούτῳ
3291 2468 3733 2539 προανεγράφετο

2153 2566 2333 2637 χάρις,
2367 2565 2468 2618 οὐκ
2510 2564 2848 2634 ἀσυμφανές.
2878 2557 3257 2631 Βαπτιξόμεθα
3273 2559 3403 2629 γὰρ,
3431 2559 3493 2612 οὐ
3531 2556 3732 2629 σαρκὸς

2154 2656 2416 2723 ἀτώθεσιν
2445 2654 2618 2726 ῥύπου
2661 2651 3166 2725 ἀποκερδαίνοντες,
3196 2650 3333 2704 ἀλλά
3364 2649 3473 2703 τῶν
3513 2648 3606 2703 νοῦ
3635 2647 3735 2702 καὶ

2154 2747 2381 2819 καρδίας
2431 2744 2896 2815 ἀπαλλαττόμενοι
2947 2726 3299 2814 μολυσμῶν,⁵
3332 2740 3428 2795 καὶ
3476 2734 3575 2804 τὰς
3621 2739 3733 2793 τῶν

2155 2840 2643 2913 πλημμελημάτων
2692 2836 3079 2905 ἀπολουόμενοι
3116 2833 3359 2906 κηλίδας,
3404 2832 3585 2904 χάριτι
3636 2831 3734 2885 καὶ

2155 2933 2534 3008 φιλανθρωπίᾳ
2560 2930 2653 2987 τοῦ
2681 2927 2970 2991 καλοῦντος
2998 2928 3078 2991 είς
3109 2925 3401 3005 σωτηρίαν.
3437 2921 3734 2980 Δεδιιιαιώ⁶

2157 3021 2299 3095 μεθα
2335 3020 2444 3093 γὰρ
2471 3020 2573 3074 οὐκ
2619 3020 2679 3087 ἐξ
2727 3018 2904 3090 ἔργων
2946 3015 3134 3086 νόμου,
3172 3015 3315 3069 κατά
3346 3013 3445 3077 τὰς
3483 3012 3730 3084 Γραςςάς.

2156 3112 2270 3168 ἀλλ’
2304 3114 2369 3165 ὲκ
2413 3111 2652 3174 πίστεως
2707 3105 2883 3178 Ἰησοῦ
2930 3104 3186 3176 Χριστοῦ.
3237 3104 3347 3158 Θέα
3374 3103 3430 3157 δὲ
3460 3102 3545 3174 δὴ,
3584 3103 3737 3165 ὅπως

2155 3205 2333 3261 καίτοι
2357 3202 2499 3257 κατά
2520 3201 2683 3273 νόμον
2709 3200 2863 3268 ἅγιος
2877 3198 2953 3252 ὢν
2972 3198 3000 3251 6
3045 3196 3275 3268 Ἀαρὼν,
3310 3196 3406 3255 καὶ
3442 3195 3546 3266 μὴν
3569 3195 3663 3248 καὶ
3685 3195 3735 3246 et

2154 3300 2251 3351 σὺν
2273 3294 2422 3367 αὐτῷ
2439 3294 2771 3365 λειτουργεῖν
2794 3293 3052 3357 ὲπιτεταγ
3062 3288 3231 3358 μένοι,
3250 3285 3738 3359 προσαπονίζονται

2152 3385 2342 3458 χεῖράς
2372 3402 2433 3438 τε
2467 3385 2562 3437 καὶ
2588 3383 2756 3446 πόδας
2784 3381 2960 3445 ὓδατι,
2986 3380 3165 3433 πόνων
3191 3379 3246 3432 δὲ
3274 3376 3445 3439 οὕτως
3477 3377 3736 3431 ἀπτονται

2151 3475 2259 3531 τῶν
2291 3475 2477 3548 ἱερῶν,
2521 3474 2618 3528 καὶ
2649 3473 2755 3544 μὴν
2784 3473 2862 3535 είς
2886 3471 2954 3524 τά
2987 3472 3153 3538 ’Ἅγια
3181 3469 3291 3522 τῶν
3329 3468 3500 3536 ἀγίων
3525 3466 3737 3539 είστρέ-

2152 3585 2329 3638 χουσι,
2375 3566 2649 3638 δειμάτων
2697 3562 2997 3636 ἐλεύθεροι,
3046 3562 3230 3632 σαφῶς
3258 3578 3317 3614 τε
3354 3561 3462 3613 καὶ-
3489 3558 3737 3628 ἐναργῶς

2150 3656 2596 3728 καταδηλοῦντος,
2616 3653 2768 3727 οἶμαί
2798 3673 2923 3719 που,
2947 3656 3040 3709 καὶ
3067 3654 3224 3707 τοῦτο
3244 3650 3337 3706 τοῦ
3364 3652 3551 3722 νόμου.
3575 3651 3737 3719 μόνον

2153 3750 2211 3804 δὲ
2239 3749 2359 3820 οὐχὶ
2398 3747 2493 3802 καὶ
2520 3747 2684 3801 αὐτοῦ
2718 3746 3144 3818 διακεκραγότος
3167 3743 3260 3798 τοῦ
3290 3744 3634 3815 πράγματος,
3659 3741 3737 3806 ὡς

2152 3841 2365 3913 ἀνίερος
2394 3838 2702 3912 παράβεῷ,
2731 3840 2827 3894 καὶ
2852 3841 2880 3893 6
2910 3838 3081 3893 δοκῶν
3115 3833 3255 3891 εἷναί
3281 3853 3364 3897 τις
3394 3834 3534 3889 κατὰ
3566 3832 3733 3904 νόμον

2156 3933 2321 4006 ίερδς,
2367 3934 2414 3986 εί
2448 3932 2522 4004 μὴ
2551 3930 2914 3987 ἀπολούσαιτο
2960 3928 3040 4000 τῷ
3073 3928 3253 3992 ὕδατι,
3306 3926 3401 3980 καὶ
3427 3926 3510 3978 ὅτι
3550 3927 3648 3995 τῆς
3679 3926 3737 3977 ἑν

2152 4025 2303 4096 νόμῳ
2324 4023 2582 4095 λατρείας
2607 4024 2640 4095 ἡ
2668 4022 2897 4094 δύναμις
2918 4021 3017 4083 οὐκ
3036 4021 3252 4098 ἀπόχρη
3281 4018 3417 4089 πρὸς
3442 4017 3732 4089 κάθαρσιν.

2151 4117 2585 4189 Προαπενίζοντο
2615 4115 2770 4187 γοῦν,
2811 4114 2989 4169 καίτοι
3021 4112 3164 4171 κατά
3192 4112 3357 4183 νόμον
3387 4109 3733 4181 ἡγιασμένοι,

2150 4209 2471 4281 καθαίρεται
2504 4209 2583 4273 δὲ,
2623 4208 2741 4263 οὔτι
2770 4226 2869 4261 που
2897 4208 2958 4261 τὸ
2984 4205 3246 4279 καθαρὸν,
3273 4203 3408 4261 ἀλλά
3436 4202 3496 4256 τὸ
3531 4202 3736 4281 ρυποῦν

2150 4305 2244 4355 καὶ
2286 4303 2618 4373 ἀκάθαρτον.
2665 4301 2941 4364 Τοιουτονὶ
2983 4299 3040 4363 δὲ
3094 4299 3186 4361 καὶ
3225 4296 3387 4361 αὐτὸς
3439 4295 3658 4369 εἴρηκεν
3707 4293 3736 4345 6

2152 4393 2411 4466 Χριστος,
2444 4412 2461 4444 ι
2507 4393 2566 4446 ’0
2592 4391 2913 4465 λελουμένος
2946 4390 3006 4453 οὐ
3041 4388 3228 4460 χρείαν
3263 4387 3396 4457 ἔχει,
3425 4388 3473 4439 εί
3509 4384 3583 4459 μὴ
3612 4385 3736 4447 τοὺς

466 4479 576 4535 bile
606 4496 727 4536 esse
759 4482 1024 4553 sanguine
1059 4490 1347 4539 taurorum
1410 4488 1468 4536 et
1522 4482 1807 4539 hircorum
1841 4486 2044 4540 auferri

2156 4485 2323 4547 πόδας
2355 4482 2633 4554 νίψασθαι.
2668 4481 2782 4534 ἔστι
2820 4482 2928 4551 γὰρ
2961 4479 3222 4550 καθαρός.
3259 4497 3277 4529 ι
3319 4477 3527 4578 Γράφει
3557 4475 3614 4528 δὲ
3643 4475 3735 4529 καὶ

464 4582 691 4642 peccata
720 4574 787 4628 ⁷⁷.
818 4575 1142 4646 lmperfecta
1175 4583 1261 4632 est
1290 4574 1459 4645 igitur
1484 4573 1572 4628 lex
1624 4575 1693 4630 ad
1736 4576 2045 4632 sanctiﬁca—

468 4666 696 4734 tionem,
746 4668 850 4723 nisi
898 4669 967 4724 iis
1013 4656 1107 4739 qui
1158 4668 1257 4723 Dei
1306 4668 1752 4740 conjunctionem
1790 4668 2048 4725 ardenter

465 4769 751 4830 expetunt,
807 4752 1110 4834 baptismus
1151 4775 1372 4832 quoque
1427 4758 1685 4815 salutaris
1731 4762 2043 4819 accesserit.

465 4851 652 4923 Itaque
693 4853 931 4909 Joannes
986 4868 1205 4924 quoque
1252 4851 1343 4905 ille
1399 4850 1484 4919 vir
1532 4850 1771 4915 divinus,
1800 4856 2049 4924 quamvis

465 4945 696 5007 summis
721 4944 1060 5000 ornamentis
1087 4950 1238 4999 esset
1262 4942 1576 5013 insignitus,
1616 4952 1671 4998 et
1694 4944 1760 4999 ad
1787 4961 1906 5000 eam
1935 4946 2049 5002 vir-

467 5043 640 5098 tutem
685 5051 1034 5108 progressus,
1083 5042 1146 5089 ut
1181 5035 1295 5105 jam
1348 5033 1415 5089 ad
1451 5049 1727 5097 summum
1781 5032 2045 5093 verticem

465 5129 827 5200 pervenisset,
859 5142 918 5182 se
946 5136 1130 5180 tamen
1158 5124 1431 5196 baptizari
1459 5126 1744 5196 poscebat,
1768 5144 1893 5193 cum
1921 5128 2042 5195 Sal-

464 5221 641 5275 vatori
665 5220 912 5275 diceret:
944 5236 963 5268 σ
984 5217 1100 5297 Ego
1116 5231 1254 5290 opus
1280 5217 1458 5274 habeo
1500 5233 1529 5287 η
1559 5226 1610 5281 te
1636 5219 1903 5292 baptizari
1934 5220 2031 5288 νζ»

537 5396 736 5452 PALL.
771 5394 850 5464 lta
881 5405 983 5451 est.

532 5490 691 5544 ΟΥΕ.
743 5487 934 5553 Manus
992 5497 1173 5545 autem
1236 5500 1293 5546 et
1338 5492 1510 5561 pedes
1547 5492 1743 5553 abluti,
1794 5507 2047 5561 operum,

467 5593 519 5643 et
552 5582 619 5637 ad
655 5598 1090 5654 unamquamque
1133 5599 1247 5640 rem
1281 5584 1578 5655 gerendam
1628 5583 1879 5638 incessus
1906 5598 2042 5653 quo~

542 5769 585 5815 η
609 5769 778 5835 Exod.
816 5788 938 5838 xxx,
1018 5771 1179 5827 18-21
1268 5770 1313 5803 "
1338 5770 1476 5833 Bom
1524 5786 1599 5836 ιιι,
1624 5770 1711 5826 εο.
1791 5770 2011 5837 "Joan.
2040 5785 2152 5833 xm,
2186 5769 2264 5822 [0.

2158 4564 2466 4644 σοφώτατος
2503 4571 2737 4637 Παῦλος,
2770 4572 2844 4634 ὡς
2877 4569 3026 4624 ἔστιν
3064 4569 3324 4624 ἀδύνατον
3357 4561 3494 4638 αἷμα
3519 4566 3734 4638 ταύρων

2155 4667 2249 4720 καὶ
2276 4666 2496 4738 τράγων
2524 4664 2776 4735 ἀφαιρεῖν
2805 4661 3102 4734 ἁμαρτίας.
3147 4658 3371 4730 Ἀτελὴς
3398 4653 3490 4712 οὖν
3515 4659 3543 4711 6
3571 4659 3734 4727 νόμος

2154 4760 2234 4822 είς
2263 4756 2554 4828 ἀγιασμὸν,
2588 4756 2637 4807 εί
2671 4754 2745 4825 μὴ
2782 4752 3135 4823 προσγένοιτο
3168 4754 3277 4814 τοῖς
3300 4748 3612 4823 δεδιψηκόσι
3638 4748 3731 4819 τὴν

2155 4850 2293 4920 πρὸς
2325 4847 2458 4901 Θεὸν
2500 4846 2810 4915 οἰκειότητα
2858 4845 2918 4898 τὸ
2954 4845 3221 4916 σωτήριον
3273 4842 3578 4913 βάπτισμα.
3616 4842 3736 4895 Τοι-

2154 4939 2345 5008 γάρτοι
2381 4937 2471 4991 καὶ
2518 4938 2546 4990 6
2593 4935 2878 5000 θεσπέσιος
2937 4936 3211 5007 Ἰωάννης,
3252 4934 3427 4988 καίτοι
3450 4936 3562 4997 τοῖς
3595 4933 3734 5000 ἄγαν

2153 5032 2468 5102 αὐχήμασιν
2507 5026 2566 5083 εὖ
2605 5029 2748 5102 μάλα
2780 5028 3240 5099 κατεστεμμένος,
3284 5028 3380 5081 καὶ
3406 5026 3607 5099 ἀρετῆς
3655 5026 3734 5087 είς

2151 5121 2310 5175 τοῦτο
2343 5120 2588 5193 διέρπειν
2622 5118 2799 5186 εἰδὼς,
2822 5119 2904 5183 ὠς
2937 5120 3017 5182 εἰς
3049 5116 3201 5186 λῆξιν
3234 5117 3333 5188 ἤδη
3365 5118 3615 5184 γενέσθαι
3636 5113 3734 5187 τὴν

2150 5197 2813 5282 ἀνωτάτω,’βαπτίζεσθαι
2854 5210 3152 5281 παρεκάλει
3181 5209 3256 5279 τῷ
3289 5208 3505 5280 Σωτῆρι
3537 5207 3727 5276 λέγων·

2155 5324 2175 5372 ς
2215 5303 2356 5373 Ἐγὼ
2380 5304 2570 5378 χρείαν
2601 5302 2710 5374 ἔχω
2730 5302 2835 5364 ὑπὸ
2866 5302 2959 5355 σοῦ
2995 5300 3421 5372 βαπτισθῆναι.»

2222 5397 2430 5451 ΠΑΑΑ.
2481 5393 2725 5464 Ἀληθές.

2221 5488 2388 5541 ΚΥΡ.
2430 5470 2623 5555 Χεῖρες
2666 5485 2722 5538 δὲ
2756 5485 2848 5539 καὶ
2894 5484 3049 5547 πόδες
3084 5482 3526 5559 ἀπονιπτόμενοι,
3570 5481 3729 5554 ἔργου

2151 5580 2243 5633 καὶ
2276 5578 2501 5648 πυρείας
2531 5578 2629 5650 τῆς
2672 5577 2837 5630 οἱονεὶ
2870 5575 3004 5647 πρὸς
3035 5575 3242 5630 ἕκαστα
3272 5575 3381 5628 τῶν
3423 5574 3727 5647 πρακτέων,

2346 5771 2385 5798 τ,
2410 5767 2575 5822 Πθιπ.
2621 5783 2671 5831 χ,
2712 5765 2759 5818 4,
2848 5765 2892 5794 τε
2917 5748 3108 5828 Matth,
3139 5774 3218 5824 ιιι,
3248 5758 3312 5823 14
