4118 6428
384 384 495 446 σεε

1103 387 1194 445 DE
1232 387 1689 459 mortarium
1722 394 1791 451 1N
1832 395 2104 452 smmru
2147 394 2241 477 Er
2284 392 2654 451 VERlTATE.
2703 394 2829 450 LIB.
2874 374 2966 448 ιχ.

3579 392 3684 449 650

386 502 454 555 τὸ
481 499 723 572 καθαρὸν
752 503 845 556 καὶ
874 500 1163 576 ἀκίϐδηλον
1202 504 1688 580 ὑποσημαίνουσιν.
1740 510 1902 566 Τουτὶ
1930 508 1987 565 δὲ

2105 513 2388 569 iammodo
2440 515 2741 584 puritatem
2793 521 2959 583 atque
3020 507 3396 564 sinceritatem
3474 508 3727 580 signiIl—‘

388 593 524 665 ἡμῖν
566 592 950 666 ἑξησκηκόσιν,
1008 596 1219 667 ἐφεῖται
1280 600 1379 671 μὲν
1433 601 1695 656 εἰσελθεῖν
1756 604 1835 669 είς
1888 605 1988 676 τὴν

389 685 670 756 ἐσωτέραν
714 688 944 760 σκηνὴν,
993 692 1386 762 προσκομίζειν
1424 693 1481 748 δὲ
1523 694 1602 767 τῷ
1641 694 1759 768 Θεῷ
1799 695 1991 760 θυσίας

389 776 792 848 πνευματικὰς,
819 780 914 834 καὶ
942 780 1019 846 ὡς
1042 783 1099 835 ὲν
1124 782 1277 849 τάξει
1309 785 1675 858 θυμιαμάτων
1704 786 1801 858 τῆς
1827 788 1990 856 εὐαγ-

386 867 618 939 γελικῆς
642 869 922 935 πολιτείας
946 871 1238 946 καθιεροῦν
1263 876 1547 941 οἱονείπως
1578 878 1676 950 τὴν
1704 879 1987 951 εὐοσμίαν.

388 957 697 1029 Παρεγγυᾷ
730 958 789 1013 δὲ
816 962 1107 1033 χρησίμως
1139 964 1491 1030 άπονίξεσθαι
1520 966 1631 1020 δεῖν
1661 967 1788 1032 τοὺς
1815 970 1892 1033 είς
1923 967 1994 1022 τά

391 1047 565 1116 ’Δγια
579 1047 689 1103 τῶν
709 1050 882 1119 ἁγίων
899 1052 1234 1109 εἰσελαύνειν
1250 1055 1553 1123 ἐθέλοντας,
1579 1058 1673 1112 καὶ
1691 1057 1800 1113 τῶν
1826 1059 1871 1112 ίε
1880 1057 1989 1130 ρῶν

390 1137 572 1209 ἔργων
599 1140 958 1215 ἐπιμελητὰς,
1007 1143 1096 1200 ἴνα
1132 1146 1206 1218 μὴ
1236 1146 1603 1204 ἀποθάνωσιν.
1636 1150 1681 1203 Χ
1691 1152 1841 1222 ρῆμα
1880 1150 1991 1223 γάρ

394 1231 698 1301 ἐπισφαλὲς
740 1235 837 1289 καὶ
879 1235 1170 1308 ἐπιζήμιον
1216 1237 1453 1311 άληθῶς,
1508 1241 1570 1295 τὸ
1601 1241 1844 1311 ἐγγίζειν
1873 1241 1992 1315 Θεῷ

396 1322 474 1393 μὴ
508 1322 974 1396 κεκαθαρμένους.
1025 1327 1316 1399 Τοιγάρτοι
1348 1331 1443 1384 καὶ
1494 1332 1658 1402 σοφὸς
1704 1333 1837 1404 ἡμῖν
1870 1332 1992 1386 ἐπι-

395 1416 635 1486 σκήπτει
661 1416 909 1486 Παῦλος,
943 1420 993 1473 εί
1038 1419 1141 1492 τῆς
1176 1423 1448 1494 μυστικῆς
1478 1424 1730 1495 εὐλογίας
1760 1425 1997 1497 μεταλα-

395 1511 511 1579 χετν
555 1509 857 1582 ἐθέλωμεν,
925 1515 1154 1580 ἑαυτοὺς
1203 1515 1539 1587 δοκιμάζειν,
1594 1518 1879 1591 προσιέναι
1933 1534 1997 1572 τε

393 1602 540 1657 οὕτω
564 1603 770 1660 λοιπόν.
808 1606 1053 1680 Πρᾶγμα
1080 1608 1137 1662 δὲ
1164 1609 1247 1664 ὅτι
1277 1612 1372 1665 καὶ
1416 1610 1663 1666 κινδύνου
1701 1613 1900 1683 μεστὸν
1936 1611 1998 1667 τὺ

394 1695 671 1767 άτημελὲς
703 1697 761 1751 ὲν
784 1697 1016 1764 τούτοις,
1049 1700 1382 1757 έκκαλύπτει
1411 1702 1611 1773 λέγων’
1652 1725 1673 1757 ι
1710 1704 1809 1758 Διὰ
1836 1704 1998 1759 τοῦτο

394 1789 456 1841 ὲν
482 1788 610 1859 ὑμῖν
635 1788 821 1844 πολλοὶ
849 1789 1097 1857 ἀσθενεῖς
1125 1794 1217 1849 καὶ
1246 1793 1548 1868 ἄρρωστοι,
1573 1796 1666 1851 καὶ
1693 1797 1995 1870 κοιμῶνται

2091 616 2237 664 cant.
2265 606 2420 674 Quod
2452 608 2546 662 ubi
2596 616 2851 663 accurate
2906 603 3352 677 praestiterimus,
3405 602 3688 673 permitti-

2092 708 2183 755 tur
2233 710 2295 755 ut
2324 700 2560 754 interius
2593 698 3011 753 tabernaculum
3046 694 3445 767 ingrediamur,
3480 693 3687 748 oﬁ‘era-

2090 809 2329 864 musque
2362 794 2476 848 Deo
2498 793 2709 848 hostias
2729 791 3069 862 spirituales,
3094 789 3259 859 eique
3296 788 3506 843 bonum
3541 788 3681 843 odo—

2092 903 2209 944 rem
2237 886 2566 958 evangelicae
2593 883 3054 948 conversationis,
3084 880 3457 954 thymiamatis
3487 880 3687 943 instar.

2092 995 2502 1036 consecremus.
2545 978 2737 1048 Neque
2791 992 2927 1032 vero
2965 976 3237 1031 inutiliter
3281 974 3531 1046 praecipit
3606 983 3686 1036 ut.

2091 1072 2189 1145 qui
2205 1073 2381 1129 velint
2415 1072 2471 1126 in
2502 1069 2666 1141 313
2702 1068 2905 1124 Sancta
2934 1074 3254 1122 sanctorum
3289 1066 3531 1139 ingredi,
3566 1065 3691 1136 qui-

2092 1181 2201 1237 que
2242 1180 2398 1221 sacra
2424 1178 2658 1218 munera
2687 1166 3027 1232 procurant,
3080 1159 3398 1225 abluantur,
3443 1174 3515 1214 ne
3564 1172 3688 1212 mo-

2095 1258 2328 1313 riantur.
2356 1253 2738 1311 Periculosum
2762 1257 2848 1307 est
2878 1249 3056 1314 enim,
3076 1257 3132 1304 et
3157 1248 3305 1304 haud
3329 1246 3689 1318 impunitum,

2095 1350 2162 1409 ad
2190 1350 2369 1405 Deum
2398 1363 2509 1402 non
2543 1353 2806 1416 purgatos
2842 1341 3130 1398 accedere.
3176 1341 3368 1411 Itaque
3414 1339 3579 1394 nobis
3603 1338 3692 1393 vir

2096 1443 2191 1498 ille
2227 1441 2450 1512 sapiens
2474 1438 2679 1494 Paulus
2726 1433 2951 1491 mandat
2986 1441 3068 1497 ut,
3125 1432 3173 1490 si
3232 1432 3479 1505 mysticae.
3524 1431 3695 1487 bene-

2097 1532 2359 1592 dictionis
2379 1530 2682 1602 participes
2712 1543 2837 1585 esse
2861 1526 3120 1591 velimus,
3164 1540 3268 1579 nos
3306 1524 3457 1595 ipsos
3484 1522 3693 1595 probe-

2096 1644 2242 1693 mus,
2288 1634 2455 1697 atquc
2492 1623 2569 1678 ita
2623 1621 2863 1691 denique
2917 1618 3247 1675 accedamus
3284 1635 3297 1670 :
3336 1630 3458 1672 esse
3507 1623 3694 1670 autem

2098 1721 2243 1776 hanc
2282 1719 2339 1773 in
2361 1714 2635 1789 ejusmodi
2666 1713 2837 1769 rebus
2872 1709 3288 1783 negligentiam,
3317 1722 3437 1762 rem
3461 1706 3697 1778 periculi

2098 1807 2319 1878 plenam
2350 1804 2549 1875 aperit,
2589 1802 2781 1857 dicens
2814 1818 2828 1854 :
2865 1799 3031 1854 «Ideo
3077 1797 3240 1853 multi
3293 1795 3501 1852 inﬁrmi
3551 1796 3698 1851 inter

398 1879 599 1933 ἱκανοί.
641 1880 707 1934 Ei
761 1880 870 1954 γάρ
905 1884 1137 1950 ἑαυτοὺς
1174 1887 1486 1959 ὲκρίνομεν,
1524 1889 1623 1942 οὐκ
1670 1889 1736 1944 ἃν
1783 1890 1996 1962 ἐκρινό-

2105 1913 2222 1964 vos,
2246 1895 2644 1960 etimbccilles,
2668 1903 2725 1949 et
2751 1893 3037 1948 dormiunt
3074 1890 3235 1946 multi
3263 1908 3277 1945 :
3312 1890 3362 1945 si
3403 1889 3554 1950 enim
3595 1905 3700 1944 nos

397 1969 560 2041 μεθα.
602 1971 929 2043 Κρινόμενοι
963 1974 1021 2027 δὲ
1055 1977 1161 2031 ὑπὸ
1192 1978 1437 2051 Κυρίου,
1475 1980 1871 2053 παιδευόμεθα,
1913 1981 2003 2041 ἵνα

398 2063 476 2136 μὴ
506 2064 606 2119 σὺν
634 2064 713 2137 τῷ
745 2066 938 2139 κόσμῳ
978 2070 1424 2144 κατακριθῶμεν.
1477 2091 1496 2126 ι

469 2243 685 2298 ΠΑΔΛ.
727 2246 971 2319 Ἀραρεν
1000 2243 1094 2302 οὖν
1115 2247 1198 2303 δτι
1226 2250 1326 2322 τὴν
1349 2249 1436 2305 διὰ
1464 2249 1558 2304 τοῦ
1602 2250 1760 2322 ἁγίου
1802 2252 2002 2324 βαπτίο

397 2354 608 2409 σματος
630 2342 658 2394 ὁ
685 2339 832 2409 ἱερὸς
862 2343 995 2411 ἡμῖν
1033 2341 1233 2413 λουτὴρ
1258 2345 1718 2416 προκατεδείκνυε
1744 2346 1924 2419 χάριν.

475 2433 639 2488 ΚΥΡ.
667 2429 799 2487 Ὧδε
831 2432 981 2505 ἔχει’
1015 2434 1089 2507 μὴ
1118 2435 1230 2507 γάρ
1265 2435 1549 2510 ὲνδοιάσῃς
1579 2437 1737 2503 ὅλως.
1770 2440 1883 2494 Καὶ
1909 2434 2010 2497 τόν

396 2543 464 2593 γε
484 2526 587 2596 τῆς
606 2527 798 2581 τούτου
821 2528 1168 2599 κατασκευῆς
1199 2529 1577 2603 περιαθρήσας
1595 2533 1818 2603 τρόπον,
1843 2551 2004 2595 κατατ

394 2620 657 2689 τεθηπὼς
683 2623 771 2686 ἂν,
797 2617 975 2694 οἶμαι,
1003 2622 1100 2677 καὶ
1129 2621 1211 2677 ἔτι
1242 2623 1507 2695 μειζόνως
1540 2622 1658 2698 ἔσῃ.
1688 2625 2004 2698 Γέγραπται

396 2714 514 2786 γὰρ
551 2714 650 2768 ὡδὶ
697 2714 828 2787 περὶ
876 2713 973 2769 τοῦ
1012 2715 1317 2789 Βεσελεὴλ,
1364 2717 1459 2772 τοῦ
1498 2718 1569 2772 τά
1607 2720 1673 2777 ἐν,
1703 2722 1781 2797 τῇ
1827 2724 2002 2796 σκηνῇ

397 2806 953 2880 τετεχνουργηκότος·
990 2825 1011 2860 ι
1054 2802 1223 2875 Οὗτος
1251 2809 1479 2883 ἐποίησε
1516 2811 1608 2865 τὸν
1643 2811 1884 2886 λουτῆρα
1910 2815 2005 2870 τὸν

398 2898 673 2971 χαλκοῦν,
706 2901 802 2953 καὶ
835 2900 938 2972 τὴν
969 2899 1127 2972 βάσιν
1162 2902 1327 2956 αὐτοῦ
1359 2904 1571 2976 χαλκῆν
1591 2946 1605 2971 ,
1646 2907 1712 2961 ὲκ
1740 2907 1850 2964 τῶν
1873 2926 2008 2965 κατε

398 2990 626 3064 όπτρων
662 2993 774 3047 τῶν
811 2993 1233 3065 νηστευσασῶν,
1275 2996 1343 3050 αί
1363 2997 1694 3070 ὲνήστευσαν
1726 3002 1878 3075 παρὰ
1904 3002 2006 3069 τάς

401 3085 581 3158 Θύρας
605 3084 711 3158 τῆς
732 3090 941 3160 σκηνῆς
969 3088 1063 3142 τοῦ
1091 3089 1413 3162 μαρτυρίου,
1445 3093 1503 3146 ὲν
1589 3093 1777 3167 ἡμέρα
1804 3094 2007 3166 ἔπηξεν

400 3180 778 3291 «stimulat-
792 3179 1150 3291 émiqce‘rbv
1186 3182 1451 3291 λουτῆρα,
1486 3185 1573 3241 ἵνα
1607 3187 1908 3243 νίπτωνται
1946 3188 2007 3254 ἐξ
2031 3231 2077 3291 c

401 3272 575 3328 αὐτοῦ
608 3272 817 3343 Μωσῆς
862 3290 921 3327 τε
968 3272 1061 3326 καὶ
1109 3273 1320 3345 Ἀαρὼν
1347 3276 1441 3329 καὶ
1480 3276 1532 3330 οἱ
1565 3278 1672 3332 υἱοὶ
1705 3277 1872 3333 αὑτοῦ
1904 3279 2006 3345 τάς

401 3368 595 3438 κείρας
639 3365 823 3420 αὐτῶν
852 3366 945 3420 καὶ
966 3366 1093 3431 τοὺς
1117 3367 1306 3431 πόδας,
1328 3369 1806 3442 εἰσπορευομένων
1828 3372 2009 3427 αὐτῶν

402 3459 490 3521 είς
516 3458 613 3531 τὴν
640 3459 849 3531 σκηνὴν
875 3459 972 3518 τοῦ
1006 3461 1331 3533 μαρτυρίου,
1359 3462 1411 3517 οἳ
1437 3464 1566 3518 ὅταν
1591 3465 2010 3538 προσπορεύων-

403 3567 500 3605 ται
534 3552 617 3615 είς
656 3551 719 3605 τὸ
759 3553 1180 3628 θυσιαστήριον,
1211 3555 1554 3629 λειτουργεῖν
1580 3600 1594 3623 ,
1629 3557 1911 3613 ὲνίπτοντο
1949 3558 2011 3626 ἐξ

402 3643 597 3711 αὑτοῦ,
633 3644 888 3713 καθάπερ
922 3634 1215 3714 συνέταξεν
1243 3649 1272 3702 ό
1301 3646 1508 3720 Κύριος
1531 3649 1610 3721 τῷ
1635 3651 1830 3723 Μωσῇ.
1877 3671 1896 3704 ι

476 3736 691 3792 ΠᾹΛΛ.
722 3738 832 3791 Καὶ
858 3737 913 3791 τί
942 3737 1051 3793 τῶν
1075 3739 1401 3812 κατόπτρων
1430 3739 1493 3795 τδ
1516 3742 1749 3814 χρῆμα;
1776 3742 1923 3808 τίνες
1951 3742 2011 3798 δὲ

403 3827 521 3899 ἄρα
550 3829 646 3883 καὶ
672 3831 731 3884 αἱ
753 3829 1121 3900 πιστεύσασαι
1141 3847 1157 3898 ;

479 3920 648 3975 ΚΥΡ.
693 3920 877 3976 Πολλά
899 3921 1010 3975 τῶν
1041 3923 1429 3995 γεγενημένων
1454 3924 1598 3996 σαφῆ
1632 3926 1729 3997 μὲν
1768 3926 1871 3981 οὐκ
1896 3924 2013 3998 ἔχει

405 4012 566 4083 παρὰ
592 4014 660 4084 τῇ
708 4012 825 4084 θείᾳ
856 4014 1051 4086 Γραφῇ
1088 4014 1186 4087 τὴν
1225 4016 1530 4088 ἀφήγησιν.
1572 4017 1908 4088 Σημαίνεται
1938 4017 1998 4071 δέ

406 4122 536 4168 πως
567 4104 633 4158 ὲκ
670 4105 1036 4177 παραδρομῆς
1058 4147 1072 4170 ,
1099 4107 1355 4181 καθάπερ
1381 4108 1572 4180 ἀμέλει
1596 4109 1693 4162 καὶ
1718 4109 1838 4163 τόδε
1861 4108 1922 4164 τὸ
1955 4111 2014 4164 ὲν

406 4198 593 4271 χερσί.
646 4197 759 4252 Ποῦ
796 4199 940 4271 γὰρ,
983 4199 1015 4272 ἦ
1054 4200 1202 4264 τίνες
1253 4199 1649 4272 νενηστεύκασι
1700 4202 1800 4275 τῆς
1850 4202 2014 4271 ἁγίας

406 4293 800 4364 ὲγηγερμένης
824 4294 1050 4365 σκηνῆς,
1083 4294 1145 4347 οὐ
1167 4292 1465 4365 λελάληκεν
1492 4297 1520 4349 ὁ
1544 4295 1772 4367 Μωσῆς.
1804 4295 1927 4349 Ὅτι
1956 4294 2013 4348 δὲ

407 4386 676 4457 γέγονεν,
719 4386 821 4439 οὐκ
850 4386 1122 4440 ἐνδοιάσαι
1164 4403 1248 4453 τις
1276 4386 1376 4440 ἄν*
1406 4387 1623 4456 εἴρηται
1656 4385 1787 4455 γάρ,
1822 4386 1871 4439 εί
1918 4386 2015 4440 καὶ

412 4479 495 4553 μὴ
520 4479 732 4550 σαφῶς.
767 4477 929 4533 Ἀλλὰ
949 4480 1101 4535 τουτὶ
1122 4479 1187 4553 δὴ
1212 4478 1489 4551 μεθέντες,
1517 4478 1603 4532 ἐπ’
1621 4481 1799 4534 ἐκεῖνο
1821 4478 2011 4551 ίωμεν,

411 4576 466 4628 εί
498 4573 666 4630 δοκεῖ.

484 4663 700 4718 ΠΑΛΛ.
732 4664 810 4719 Τὸ
838 4666 990 4719 ποῖον
1009 4682 1024 4732 ;

485 4755 654 4810 ΚΥΡ.
696 4756 780 4809 Τά
819 4757 1217 4826 νενηστευκότα
1271 4756 1469 4828 γύναια
1495 4756 1639 4821 τίνος
1673 4756 1739 4810 ἂν
1782 4751 1892 4810 εἷεν
1932 4756 2015 4819 είς

413 4847 591 4903 τύπον
612 4866 626 4916 ;
649 4848 701 4903 τι
723 4850 781 4904 δὲ
806 4850 867 4903 τὸ
894 4851 960 4904 ὲκ
980 4851 1091 4905 τῶν
1117 4850 1441 4924 κατόπτρων
1464 4850 1555 4906 τὸν
1575 4850 1816 4923 λουτῆρα
1846 4849 2016 4908 πλάτ-

413 4960 473 4998 τε
483 4943 608 4997 σθαι
638 4944 730 4997 τὸν
759 4942 994 5014 χαλκοῦν
1016 4958 1031 5009 ;

491 5036 703 5091 ΠΑΛΛ.
739 5036 851 5091 Καὶ
885 5034 1013 5107 μὴν,
1048 5034 1140 5090 σὺν
1177 5034 1279 5107 ’ήδη
1324 5018 1443 5099 πως
1484 5036 1579 5092 καὶ
1614 5033 1773 5089 τοῦτο
1814 5035 2011 5089 εἰπεῖν.

490 5130 658 5184 ΚΥΡ.
700 5130 902 5185 Ἀκουε
949 5129 1046 5201 δή*
1083 5128 1528 5200 Λελατρεύκασιν
1566 5126 1810 5190 εἰδώλοις
1857 5129 1908 5181 οἱ
1958 5125 2019 5192 ἐξ

431 5222 674 5296 Ἰσραὴλ,
692 5222 792 5293 τὴν
814 5222 921 5278 ὑπὸ
941 5223 1055 5285 τοῖς
1081 5222 1401 5289 Αἰγυπτίοις
1423 5218 1752 5285 ἁνατλάντες
1772 5220 2019 5294 θητείαν,

418 5313 518 5369 καὶ
544 5316 657 5377 τοῖς
683 5313 912 5367 ἐκείνων
942 5310 1278 5375 διαδιοῦντες
1307 5312 1518 5384 νόμοις,
1556 5312 1802 5383 μακροὺς
1836 5311 2019 5365 διατε-

415 5407 678 5466 τελέκασι
713 5405 961 5480 χρόνους.
1004 5404 1167 5469 Ἐθος
1197 5405 1378 5459 τοίνυν
1420 5406 1736 5474 Αἰγυπτίων
1778 5404 2018 5475 μάλιστα

416 5498 695 5569 γυναιξὶν,
715 5499 996 5569 είσφοιτᾷν
1021 5497 1205 5568 ἱεροῖς,
1237 5496 1355 5568 λινῇ
1381 5496 1480 5568 μὲν
1502 5496 1691 5571 ἐσθῆτι
1717 5495 2017 5555 κατεσταλ·

420 5592 652 5664 μέναις,
698 5591 991 5661 κατόπτρῳ
1035 5589 1091 5642 δὲ
1135 5590 1236 5659 τὴν
1271 5589 1604 5662 ἀριστερὰν,
1642 5592 1735 5644 καὶ
1784 5591 2019 5662 σείστρῳ

414 5683 520 5753 τὴν
590 5682 774 5747 δεξιάν
843 5678 1187 5753 ἱεροπρεπῶς
1252 5680 1761 5752 κατεστεμμέναις,
1825 5680 1880 5734 αἳ
1939 5681 2019 5734 ὅτι

509 5864 556 5896 τ’
605 5864 623 5920 ι
656 5861 784 5919 Cor.
827 5878 899 5928 x1,
933 5862 1121 5918 30-32.
1198 5864 1241 5890 ν’
1284 5864 1360 5918 Ex
1386 5863 1455 5916 nl.
1483 5878 1699 5925 rsum,
1730 5860 1761 5913 8
1787 5877 1944 5931 seqq.

2098 1991 2502 2065 judicaremus,
2535 2005 2645 2045 non
2682 1988 2877 2058 utique
2922 1986 3343 2059 judicaremur:
3391 1982 3524 2038 dum
3544 1981 3698 2054 judi—

2009 2126 2017 2171 ;
2103 2100 2297 2140 camur
2329 2090 2515 2139 autem
2565 2097 2597 2136 a
2626 2081 2883 2144 Domino,
2920 2076 3281 2148 corripimur,
3315 2083 3378 2130 ut
3422 2090 3536 2131 non
3568 2088 3698 2131 cum

2103 2177 2212 2233 hoc
2260 2175 2471 2231 mundo
2506 2173 2838 2232 damnemur
2866 2173 2936 2226 ⁷⁸.
2958 2191 2976 2224 ι

2176 2266 2627 2327 PALL.Certum
2673 2272 2759 2321 est
2803 2264 2973 2336 igitur
3017 2278 3234 2319 sacrum
3288 2260 3426 2317 illud
3474 2258 3699 2316 labrum

2105 2359 2654 2435 sanctibaptismatis
2674 2359 2905 2431 gratiam
2939 2355 3339 2430 praeﬁgurasse.

2176 2453 2336 2510 CYR.
2371 2453 2461 2508 Sic
2493 2469 2553 2508 se
2590 2452 2778 2517 habet,
2820 2465 3002 2521 neque
3032 2464 3264 2519 prorsus
3304 2442 3699 2516 ambigendum

2104 2552 2289 2617 putes.
2318 2544 2410 2609 At,
2434 2542 2481 2598 si
2516 2542 2638 2613 ejus
2661 2551 2929 2612 praeterea
2958 2536 3165 2609 opiﬁcii
3198 2536 3473 2592 rationem
3508 2530 3698 2588 consi-

2107 2636 2289 2702 deres,
2316 2635 2490 2690 multo
2523 2633 2692 2690 etiam
2722 2632 2915 2702 magis,
2934 2630 3045 2686 nisi
3074 2629 3258 2693 fallor,
3312 2623 3688 2682 admirabere.
3757 2674 3761 2677 .

2108 2727 2200 2784 Sic
2232 2727 2384 2783 enim
2412 2725 2682 2796 scriptum
2722 2729 2808 2779 est
2834 2723 2904 2777 de
2934 2720 3202 2786 Beseleel,
3233 2718 3329 2790 qui
3354 2712 3701 2772 tabernaculi

2107 2834 2277 2890 opera
2297 2817 2603 2873 fabricatus
2625 2823 2746 2872 est:
2781 2833 2799 2865 ‹
2822 2813 2925 2868 Hic
2951 2812 3084 2868 fecit
3117 2811 3338 2866 labrum
3385 2822 3624 2873 aeneum,
3644 2813 3704 2862 et

2107 2909 2285 2966 basim
2313 2909 2434 2981 ejus
2476 2923 2689 2964 aeneam
2731 2922 2762 2963 e
2794 2905 3036 2978 speculis
3073 2903 3449 2977 jejunantium
3498 2900 3703 2956 mulie-

2111 3017 2260 3067 rum,
2291 3017 2415 3072 qua:
2455 2999 2784 3073 jejunabant
2821 3014 2993 3070 prope
3047 2997 3189 3053 ostia
3223 2994 3569 3051 tabernaculi
3618 3000 3708 3047 te-

2109 3094 2378 3161 stimonii,
2424 3095 2483 3149 in
2513 3093 2604 3149 die
2633 3107 2742 3163 qua
2769 3090 2887 3146 ﬁxit
2921 3089 3087 3156 illud;
3127 3097 3184 3143 et
3217 3086 3349 3143 fecit
3376 3086 3617 3149 labrum,
3640 3092 3704 3138 ut

2110 3188 2401 3244 abluerent
2426 3202 2493 3242 ex
2518 3200 2585 3241 eo
2611 3184 2845 3256 Moyses,
2869 3191 2925 3238 et
2943 3181 3147 3246 Aaron,
3187 3188 3244 3235 et
3270 3177 3366 3233 ﬁlii
3401 3179 3552 3250 ejus,
3586 3192 3703 3230 ma-

2110 3295 2216 3335 nus
2255 3294 2384 3335 suas
2416 3285 2473 3333 et
2506 3277 2700 3349 pedes,
2749 3290 2876 3331 cum
2904 3272 3331 3346 ingrederentur
3355 3269 3411 3323 in
3444 3267 3701 3323 taberna«

2112 3374 2299 3430 culum
2329 3370 2633 3427 testimonii
2663 3377 2795 3439 ;aut
2820 3383 2946 3423 cum
2995 3370 3293 3438 pergerent
3314 3362 3384 3419 ad
3415 3359 3609 3425 altare,
3640 3366 3704 3414 ut

2111 3467 2498 3523 ministrarent
2530 3464 2665 3528 Deo,
2717 3461 3088 3521 abluebantur
3114 3474 3182 3514 ex
3220 3456 3359 3529 ipso,
3391 3461 3454 3513 ut
3493 3451 3704 3510 consti-

2114 3561 2221 3618 tuit
2248 3559 2517 3617 Dominus
2547 3555 2718 3630 Moysi
2752 3556 2842 3618 ⁸⁰.,
2855 3574 2874 3613 ι
3321 3538 3340 3557 ’

2186 3741 2398 3803 PALL.
2416 3739 2560 3810 Quid
2595 3746 2783 3796 autem
2831 3735 3072 3809 speculis
3116 3750 3257 3806 opus
3310 3733 3469 3789 erat?
3516 3745 3711 3802 quave.

2112 3836 2411 3893 etiamillae
2432 3850 2555 3906 quae
2591 3832 3002 3905 jejunaverant,
3057 3827 3252 3884 fuere?

2184 3926 2346 3984 CYR.
2373 3926 2559 3982 Multae
2589 3940 2679 3980 res
2697 3933 2865 3995 gestae
2902 3919 3053 3975 haud
3076 3927 3268 3990 aperte
3307 3917 3365 3971 in
3414 3915 3708 3986 Scriptura

2115 4035 2271 4076 sacra
2296 4018 2665 4089 explicantur,
2711 4014 2808 4093 sed
2855 4013 3037 4068 obiter
3071 4018 3253 4065 tamen
3286 4006 3705 4080 signiﬁcantur:

2114 4106 2277 4177 quale
2305 4106 2409 4161 hoc
2431 4113 2516 4161 est
2565 4103 2713 4175 quod
2743 4101 2801 4157 in
2822 4100 3078 4155 manibus
3102 4098 3389 4153 habemus.
3412 4097 3550 4152 Nam
3589 4096 3705 4161 ubi,

2116 4200 2282 4272 quive
2337 4196 2752 4271 jejunaverint,
2802 4194 2933 4249 dum
2966 4200 3218 4248 sanctum
3287 4189 3707 4245 tabernaculum

2116 4291 2451 4363 erigeretur,
2494 4289 2549 4344 id
2585 4288 2800 4361 Moyses
2836 4302 2946 4341 non
2992 4283 3281 4356 exposuit;
3312 4282 3407 4338 sed
3459 4281 3596 4352 quin
3626 4281 3707 4336 fa-

2118 4397 2267 4441 ctum
2296 4383 2387 4447 sit,
2425 4381 2637 4437 nemini
2674 4380 2933 4438 dubitare
2959 4378 3125 4434 licet:
3173 4376 3277 4432 etsi
3321 4375 3471 4431 enim
3510 4389 3707 4445 parum

2119 4476 2428 4549 perspicue,
2458 4475 2668 4531 dictum
2698 4480 2784 4529 est
2801 4469 3150 4537 tamen.Sed,
3186 4469 3290 4524 hoc
3310 4467 3706 4549 praetermisso,

2049 4590 2092 4645 ι)
2122 4570 2188 4626 ad
2225 4568 2360 4625 illud
2387 4582 2703 4641 pergamus.

2190 4661 2390 4719 PALL.
2414 4660 2703 4729 Quodnam
2736 4657 2906 4713 illud?

2193 4755 2349 4810 CYR.
2376 4755 2608 4824 Nempe,
2639 4754 2801 4824 cujus
2841 4749 2921 4806 rei
2979 4749 3154 4820 ﬁgura
3204 4745 3409 4802 fuerint
3453 4743 3713 4798 mulieres

2119 4865 2242 4920 quae
2259 4849 2687 4919 jejunaverunt;
2719 4846 2880 4916 cujus
2910 4842 3101 4906 etiam,
3127 4839 3276 4911 quod
3307 4855 3337 4895 e
3363 4836 3602 4910 speculis
3620 4835 3712 4889 .la-

2123 4942 2284 4996 brum
2309 4948 2525 4996 az'neum
2551 4940 2758 4995 factum
2781 4947 2885 4994 est.

2194 5031 2577 5103 PALL.Atqui
2615 5033 2691 5087 tui
2717 5030 2965 5087 muneris
2993 5036 3077 5084 est
3126 5028 3181 5082 id
3215 5026 3383 5082 etiam
3410 5022 3707 5093 explicare.

2196 5123 2355 5179 CYR.
2408 5122 2613 5194 Accipe
2654 5121 2843 5194 igitur.
2896 5119 3082 5176 Genus
3140 5115 3534 5176 lsraclitarum,
3585 5127 3711 5165 cum

2126 5216 2359 5272 serviret
2383 5213 2671 5288 Egyptiis,
2709 5229 2772 5268 ac
2811 5213 2907 5268 diu
2940 5212 2998 5266 in
3025 5211 3245 5267 illorum
3284 5206 3499 5278 legibus
3543 5204 3712 5259 vitam

2127 5309 2465 5375 traduceret,
2503 5308 2647 5363 idola
2671 5306 2843 5362 coluit
2867 5324 2881 5359 :
2911 5303 3223 5377 31411105
3249 5300 3416 5373 igitur
3437 5306 3558 5354 erat
3578 5314 3717 5368 pra:-

2127 5404 2287 5473 cipue
2338 5400 2483 5473 apud
2512 5400 2776 5455 mulieres
2807 5385 3212 5470 (Egyptiorum,
3236 5394 3383 5449 linea
3409 5397 3563 5447 veste
3626 5390 3713 5443 in-

2126 5496 2307 5558 aulas,
2356 5493 2509 5548 adire
2560 5491 2801 5561 templa,
2842 5489 3128 5560 speculum
3187 5487 3433 5550 sinistra,
3485 5483 3711 5565 sistrum

2129 5587 2322 5643 dextra
2375 5601 2531 5641 sacro
2563 5582 2755 5637 habitu
2784 5589 3083 5653 gestantes,
3126 5593 3365 5649 cumque
3416 5576 3709 5635 honorem,

2130 5681 2261 5746 imo,
2293 5688 2352 5735 ut
2376 5679 2561 5733 verius
2584 5692 2648 5731 ac
2675 5675 2873 5735 melius
2913 5673 3114 5739 dicam,
3177 5668 3566 5728 contumeliam
3612 5663 3716 5719 ill-re
