4118 6472
418 354 513 413 851

1427 358 1483 412 s.
1524 356 1798 413 cmeu
1841 316 2309 411 mensuum
2349 354 2667 415 ARCHIEP.

3588 361 3701 419 639.

419 468 663 537 quidem,
688 484 813 538 qua:
838 468 982 523 inter
1011 476 1238 522 caeteras
1280 468 1515 522 maxime
1558 457 1915 531 excellerent,
1944 464 2000 520 et

2119 466 2342 521 ιὰλιστα
2371 467 2481 520 τῶν
2519 467 2695 522 ἄλλων
2724 466 3097 540 ὲξειλεγμέναι
3142 469 3235 527 καὶ
3281 468 3661 541 ίερομύστιδες
3682 506 3698 533 .

420 561 594 617 sacris
635 570 822 616 essent
873 560 1135 625 initiatae,
1188 558 1279 613 vix
1339 558 1685 614 obtinebant.
1744 559 2002 614 Mulieres

423 655 591 724 igitur
609 668 676 711 ex
700 668 899 724 genere
926 652 1093 708 Israel
1122 652 1388 723 reliquias
1418 652 1569 707 illius
1594 653 1779 707 cultus
1836 667 2002 722 quem

424 746 477 799 in
498 744 729 815 Egypto
750 751 1126 808 servaverant,
1167 743 1375 799 oum.in
1408 757 1508 799 sua
1550 742 1878 813 supellectili
1918 757 2006 796 re-

425 834 716 904 perissent,
772 832 891 889 hac
940 832 1079 903 ipsa,
1129 832 1379 903 inquam,
1441 830 1667 901 specula
1707 827 2004 884 oblationis

422 941 585 982 causa
632 924 972 991 detulerunt,
1018 939 1194 995 eaque
1245 924 1314 978 ad
1365 923 1509 979 labri
1556 939 1719 978 usum
1743 921 2005 978 translata

421 1027 585 1073 sunt:
622 1032 859 1088 cumque
895 1026 1147 1075 sanctum
1200 1017 1623 1075 tabernaculum
1674 1015 2002 1085 erigeretur,

425 1110 531 1164 illa:
571 1110 983 1181 jejunaverunt,
1047 1108 1114 1164 ad
1167 1109 1378 1164 ostium
1429 1107 1773 1172 assidentes,
1820 1113 1876 1162 et
1906 1122 2006 1176 per

423 1202 606 1256 omnia
637 1210 787 1263 caste
811 1201 1109 1273 degentes:
1135 1217 1245 1273 quo
1278 1201 1423 1259 facto
1452 1199 1888 1271 signiﬁcabatur,
1914 1213 2007 1253 ve,

427 1295 572 1349 riore
602 1293 715 1365 jam
740 1293 797 1348 in
827 1293 1187 1353 tabernaculo
1216 1293 1530 1359 manifesto,
1588 1291 1645 1346 id
1673 1299 1780 1355 est,
1812 1289 2006 1345 Eccle-

424 1385 527 1449 sia,
553 1383 701 1454 quod
734 1384 1156 1441 tabernaculum
1212 1382 1331 1438 ﬁxit
1354 1384 1522 1448 Deus,
1555 1391 1613 1438 et
1652 1398 1767 1439 non
1815 1382 2003 1447 homo,

427 1484 486 1529 ut
516 1476 716 1533 beatus
737 1475 944 1539 Paulus
980 1475 1177 1531 scribit
1200 1476 1269 1541 εί,
1304 1483 1524 1545 tempus
1541 1475 1651 1545 jam
1672 1489 1794 1529 esse
1815 1471 2002 1543 profe-

426 1576 537 1632 cto,
562 1574 643 1632 ut,
684 1567 782 1637 qui
815 1565 883 1621 ad
909 1566 1321 1629 venerationem
1379 1563 1777 1620 daemoniorum
1826 1562 2008 1634 gregis

427 1657 595 1713 dicati
644 1664 821 1722 erant,
875 1657 933 1710 in
992 1671 1148 1713 sacra
1194 1671 1324 1710 vasa
1356 1660 1665 1717 mutentur,
1736 1667 1859 1723 quae
1892 1652 2007 1707 sint

428 1751 496 1811 ad
524 1750 699 1807 sancti
725 1748 1074 1819 baptismatis
1132 1746 1511 1817 receptionem
1557 1754 1718 1816 apta;
1764 1744 1902 1800 adeo
1947 1751 2008 1798 ut

430 1838 789 1903 ornamentis,
824 1853 945 1907 quae
974 1854 1139 1907 supra
1172 1837 1349 1907 legem
1384 1841 1536 1901 sunt,
1567 1834 1841 1890 excellere
1875 1850 2009 1906 pos—
2041 1812 2087 1872 Β

433 1931 576 1987 sint:
608 1930 715 1985 hoc
747 1929 895 1984 enim
919 1937 1026 1995 est,
1067 1937 1130 1984 ut
1157 1929 1379 2000 opinor,
1411 1943 1441 1983 e
1469 1927 1760 1999 gentilium
1816 1941 2013 1997 specu-

406 2024 521 2088 ‘lis,
577 2038 676 2078 seu
715 2022 1005 2077 diabolicis
1038 2021 1321 2078 thesauris
1361 2021 1577 2079 labrum
1639 2002 1857 2080 aeneum
1904 2018 2012 2075 for-

434 2117 594 2181 mari,
622 2116 678 2170 in
705 2131 815 2186 quo
836 2117 950 2187 jam
982 2130 1124 2185 aqua
1147 2116 1241 2180 sit,
1272 2131 1381 2186 qua
1416 2115 1534 2184 ipse
1557 2127 1776 2183 quoque
1804 2111 2014 2183 Moyses

433 2218 714 2281 purgetur,
740 2224 971 2280 quaeque
996 2208 1065 2262 ad
1092 2207 1434 2263 ablutionem
1459 2205 1721 2259 nimirum
1753 2203 2014 2275 spiritua-

430 2286 539 2370 t‘em
567 2302 727 2373 legali
749 2300 1059 2357 sacerdotio
1087 2300 1160 2355 sit
1203 2299 1351 2355 usui.
1388 2298 1474 2353 An
1508 2306 1565 2352 tu
1606 2298 1749 2368 ipse,
1778 2295 2011 2360 Palladi,

432 2394 528 2467 qui
556 2394 613 2451 in
635 2409 826 2451 errore
849 2391 1063 2450 seducti
1089 2395 1273 2455 erant,
1304 2395 1363 2441 et
1392 2387 1671 2442 daemonia
1701 2386 2011 2452 coluerant,

432 2504 529 2546 eos
560 2505 673 2545 non
702 2504 831 2554 vasa
855 2488 1025 2552 fuisse
1055 2483 1328 2549 diabolica
1363 2482 1594 2538 censes?

506 2758 706 2815 PALL.
737 2758 852 2829 Ego
875 2773 1010 2813 vero
1043 2757 1236 2829 quidni
1261 2756 1467 2811 fatear?

503 2852 663 2909 CYB.
711 2850 1112 2922 Jejunaverunt
1141 2863 1311 2920 porro
1342 2862 1423 2903 e:e
1475 2846 1739 2902 mulieres
1777 2845 1845 2901 ad
1877 2847 2019 2902 ostia

2103 558 2202 629 τῆς
2231 561 2487 630 τοιαύτης
2522 559 2676 632 μόλις
2702 558 2954 630 ἠξιοῦντο
2980 561 3172 631 τιμῆς,
3203 559 3417 634 ὕϐρεως
3446 563 3546 633 μὲν
3574 561 3700 619 οὖν’

2102 645 2207 707 ὧδε
2238 652 2347 723 γὰρ
2371 652 2596 723 ἄμεινόν
2620 669 2680 706 τε
2710 653 2804 706 καὶ
2833 651 3033 725 ἀληθὲς
3055 655 3252 709 εἰπεῖν.
3278 654 3483 709 Γύναια
3510 656 3575 727 δὴ
3604 653 3700 713 οὖν

2103 744 2213 797 τῶν
2246 744 2304 811 ἐξ
2351 744 2584 815 αἵματος
2628 743 2866 817 Ἰσραὴλ,
2900 745 3130 815 λείψανα
3174 745 3276 815 τῆς
3329 747 3390 799 ὲν
3436 746 3703 820 Αἰγύπτῳ

2104 834 2363 907 λατρείας
2409 838 2467 889 ὲν
2508 835 2659 900 ἰδίοις
2700 835 2951 889 σκεύεσιν
2982 836 3291 908 εὑρηκότα,
3323 837 3481 892 ταυτὶ
3519 837 3584 909 δὴ
3631 839 3705 895 τὰ

2106 929 2391 1000 κάτοπτρα
2420 927 2832 1000 προσεκόμισαν
2864 929 2946 992 είς
2974 928 3386 1000 καρποφορίαν,
3423 929 3461 985 ὰ
3493 933 3588 984 καὶ
3620 932 3705 997 είς

2104 1019 2166 1074 τὸ
2187 1018 2281 1073 τοῦ
2310 1019 2571 1091 λουτῆρος
2597 1019 3008 1092 μετεσκευὰσθη
3041 1021 3254 1091 χρῆμα.
3279 1020 3494 1093 Σκηνῆς
3519 1021 3577 1076 δὲ
3601 1023 3703 1092 τῆς

2108 1111 2271 1180 ἁγίας
2299 1111 2681 1181 ἐγηγερμένης
2718 1108 3113 1181 νενηστεύκασι
3145 1109 3561 1182 προσιζήσαντὰ
3594 1127 3702 1165 που

2102 1206 2227 1275 ταῖς
2265 1202 2480 1274 θύραις,
2512 1202 2606 1255 καὶ
2638 1201 2819 1261 πάντα
2857 1201 3038 1271 ἁγνῶς
3074 1200 3409 1274 διαιτώμενα
3431 1243 3446 1267 ,
3492 1203 3703 1273 ὑποδη-

2107 1292 2296 1348 λοῦντο
2312 1312 2347 1356 ·,
2373 1287 2550 1363 οἶμαι,
2582 1291 3063 1367 τοῦπράγματος,
3090 1292 3174 1346 ὅτι
3200 1292 3302 1363 τῆς
3326 1291 3704 1364 ἀληθεστέρας

2108 1385 2571 1459 ἁναδεδειγμένης
2604 1384 2842 1457 σκηνῆς,
2874 1384 3020 1439 τοῦτ’
3051 1384 3201 1451 ἔστι,
3227 1385 3327 1455 τῆς
3370 1383 3702 1457 Ἐκκλησίας

2107 1478 2174 1548 ἣν
2203 1475 2401 1548 ἔπηξεν
2427 1478 2456 1528 6
2486 1475 2711 1548 Κύριος,
2747 1477 2843 1531 καὶ
2862 1477 2964 1530 οὐκ
2986 1476 3295 1548 ἄνθρωπος,
3326 1475 3401 1540 ὡς
3431 1476 3461 1528 6
3497 1474 3702 1530 θεσπέ-

2112 1587 2224 1633 σιος
2254 1569 2456 1640 γράφει
2487 1567 2722 1633 Παῦλος,
2750 1567 2942 1639 καιρὸς
2965 1568 3067 1641 ἤδη
3099 1585 3216 1631 πως
3245 1567 3373 1632 τοὺς
3403 1568 3703 1638 ἀνακειμέ-

2109 1680 2233 1727 νους
2268 1663 2348 1726 είς
2376 1661 2532 1730 δόξαν
2570 1662 2703 1716 ποτὲ
2738 1661 2837 1733 τῆς
2876 1661 2986 1715 τῶν
3027 1660 3324 1732 δαιμονίων
3350 1660 3586 1730 ἀγέλης,
3620 1662 3702 1726 είς

2113 1755 2236 1828 ἱερὰ
2270 1751 2750 1825 μεταπλάττεσθαι
2797 1752 2967 1824 σκεύη
2989 1793 3003 1816 ,
3033 1753 3132 1807 καὶ
3156 1751 3478 1822 ἐπιτηδείως
3510 1751 3705 1822 ἔχοντα

2114 1846 2250 1919 πρὸς
2282 1846 2592 1918 παραδοχὴν
2613 1844 2709 1907 τοῦ
2740 1844 2896 1913 ἁγίου
2929 1843 3332 1915 βαπτίσματος,
3359 1844 3437 1907 ὡς
3462 1844 3559 1898 καὶ
3587 1843 3706 1896 δια-

2116 1939 2349 2010 πρέπειν
2395 1935 2658 1992 δύνασθαι
2684 1937 2799 2000 τοῖς
2825 1935 2966 2007 ὑπὲρ
2991 1936 3156 2006 νόμον
3178 1934 3511 2013 αὐχήμασιν.
3538 1934 3705 1987 Τουτὶ

2115 2030 2244 2103 γὰρ,
2274 2026 2452 2101 οἶμαι,
2506 2028 2622 2082 ἔστι
2653 2028 2714 2082 τὸ
2748 2029 2813 2082 ὲκ
2834 2027 3157 2100 κατόπτρων
3195 2025 3553 2097 Ἑλληνικῶν,
3584 2026 3705 2097 ῆτοι

2116 2122 2419 2195 κειμηλίων
2458 2118 2815 2185 διαϐολικῶν,
2844 2118 2936 2173 τὸν
2973 2117 3212 2191 λουτῆρα
3246 2116 3582 2173 πλάττεσθαι
3612 2117 3706 2171 τὸν

2117 2210 2353 2284 χαλκοῦν
2375 2251 2391 2277 ,
2420 2212 2478 2264 ὲν
2509 2202 2555 2278 ᾧ
2597 2209 2663 2281 δὴ
2696 2209 2792 2264 καὶ
2821 2207 2886 2262 τὸ
2916 2206 3062 2281 ὔδωρ
3081 2245 3096 2269 ,
3138 2207 3201 2261 τὸ
3229 2208 3326 2261 καὶ
3361 2205 3523 2261 αὐτὸν
3567 2206 3706 2260 ἁπο-

2117 2305 2376 2377 καθαῖρον
2395 2303 2623 2369 Μωσέα,
2649 2302 2744 2357 καλ⁵
2766 2303 2833 2374 τῇ
2859 2300 3002 2356 κατὰ
3026 2300 3190 2372 νόμον
3216 2298 3485 2371 ἱερωσύνῃ
3514 2299 3707 2370 χρήσις

2120 2415 2221 2479 μον
2248 2399 2327 2461 είς
2355 2396 2612 2468 ἀπόνιψιν
2631 2437 2645 2459 ,
2678 2394 2836 2467 δῆλον
2877 2394 2935 2449 δὲ
2964 2394 3046 2447 ὅτι
3078 2392 3177 2461 τὴν
3208 2392 3423 2462 νοητήν.
3466 2390 3537 2443 Ἦ
3572 2389 3703 2462 γὰρ,

2117 2493 2239 2564 οὐχὶ
2280 2490 2448 2564 σκεύη
2494 2487 2796 2554 διαϐολικὰ,
2830 2488 2958 2553 τοὺς
2990 2483 3440 2555 πεπλανημένους
3473 2482 3708 2544 καὶτοῖς

2118 2585 2415 2657 δαιμονίοις
2441 2566 2876 2652 ’λελατρευκότας
2905 2579 3073 2659 φαίης
3110 2578 3179 2633 ἂν
3210 2574 3350 2641 εἶναι
3383 2578 3478 2630 καὶ
3510 2574 3703 2641 αὐτὸς,

2119 2668 2164 2736 ὦ
2197 2673 2462 2729 Παλλάδιε
2484 2689 2499 2740 ;

2191 2767 2402 2828 HAAA.
2441 2765 2565 2830 Πῶς
2595 2764 2704 2837 γὰρ
2733 2763 2826 2831 οὕ;

2192 2857 2356 2923 ΚΥΡ.
2384 2857 2797 2929 Νενηστεύκασι
2828 2855 2886 2909 δε
2913 2856 2984 2909 τὰ
3005 2854 3202 2925 γύναια
3233 2855 3383 2926 παρὰ
3408 2854 3509 2919 τὰς
3533 2854 3709 2927 θύρας

436 2945 611 3003 sancti
639 2944 1004 3008 tabernaculi,
1041 2944 1206 3013 idque
1228 2941 1553 3013 praeclarum
1581 2948 1684 3005 est,
1725 2955 1790 2994 ac
1821 2940 2017 2995 scitum

2121 2948 2223 3020 τῆς
2278 2947 2487 3020 σκηνῆς
2532 2945 2634 3017 τῆς
2682 2945 2863 3013 ἁγίας.
2899 2944 2998 3016 Είη
3042 2944 3086 2998 δ’
3129 2943 3196 2997 ἂν
3239 2944 3336 2997 καὶ
3379 2942 3507 2997 τάδε
3544 2942 3711 2999 καλὸν

437 3036 689 3107 aenigma,
717 3035 813 3106 qui
845 3037 903 3091 in
933 3034 1156 3091 Christo
1185 3032 1473 3106 justiﬁcati
1496 3039 1648 3097 sunt,
1674 3046 1772 3087 eos
1793 3047 1904 3087 non
1922 3048 2020 3103 per

2124 3041 2356 3109 αἴνιγμα
2381 3038 2475 3091 καὶ
2506 3036 2693 3106 σοφὸν,
2721 3035 2818 3090 τοῦ
2850 3036 2928 3107 μὴ
2952 3035 3019 3088 δι’
3047 3034 3292 3107 αἱμάτων
3323 3034 3622 3106 είστρέχειν
3649 3036 3713 3092 ἐν

439 3129 762 3199 sanguinem
798 3126 1009 3200 ingredi
1060 3127 1118 3181 in
1161 3126 1448 3192 ecclesias,
1489 3124 1588 3181 sed
1621 3125 1807 3196 potius
1844 3124 2010 3195 spiri-

2124 3129 2444 3203 ἐκκλησίαις
2482 3130 2610 3194 τοὺς
2632 3130 2691 3182 ὲν
2719 3127 2939 3200 Χριστῷ
2961 3127 3437 3199 δεδικαιωμένους,
3495 3126 3709 3192 θυσίαις

441 3219 683 3275 tualibus
720 3217 917 3274 hostiis
947 3218 1259 3290 insignitos,
1292 3224 1349 3272 et
1389 3217 1812 3287 temperantiam
1853 3223 2019 3286 atque

2122 3223 2181 3278 δὲ
2216 3223 2422 3295 μᾶλλον
2455 3220 2855 3291 πνευματικαῖς
2888 3218 3292 3290 ὲκπρέποντας,
3333 3218 3427 3271 καὶ
3464 3217 3710 3290 δωροφο-

440 3310 839 3366 continentiam
863 3319 920 3366 et
955 3308 1436 3367 mortiﬁcationem
1479 3306 1774 3379 quamdam
1814 3307 2019 3373 carnis,

2127 3315 2249 3389 ρίαν
2278 3314 2468 3385 ὤσπερ
2491 3313 2613 3365 τινὰ
2639 3308 3109 3381 προσκομίζοντας
3138 3308 3217 3381 τῷ
3238 3308 3359 3379 Θεῷ
3383 3308 3483 3381 τὴν
3506 3308 3714 3380 ὲγκρᾶ-

440 3405 597 3476 quasi
612 3402 1110 3474 donum'quoddam
1130 3402 1448 3458 oﬂerentes.
1477 3418 1496 3451 ι
1519 3399 1787 3455 Exhibete
1803 3401 1973 3466 enim,
1996 3419 2015 3450 ι

2122 3425 2295 3472 τειαν,
2330 3404 2427 3481 τὴν
2455 3404 2617 3465 οἱονεὶ⁸
2643 3402 2911 3474 νέκρωσιν
2940 3401 3043 3473 τῆς
3081 3402 3306 3477 σαρκός.
3350 3421 3368 3453 ι
3418 3401 3712 3472 Παραστή-

456 3517 474 3547 ι
501 3496 703 3566 inquit,
719 3509 953 3565 corpora
973 3489 1156 3550 vestra
1173 3492 1410 3548 hostiam
1436 3492 1733 3556 viventem,
1753 3499 2020 3555 sanctam,

444 3590 556 3644 Deo
579 3588 907 3659 placentem,
935 3584 1259 3640 rationabile
1285 3584 1613 3654 obsequium
1637 3592 1883 3639 vestrum
1917 3582 2015 3636 θ’.»

444 3678 514 3734 Ει
560 3679 795 3732 iterum:
853 3674 1209 3733 «Gloriﬁcate
1254 3675 1425 3745 igitur
1469 3676 1643 3730 Deum
1703 3674 1762 3729 in
1791 3691 2023 3746 corpore

443 3776 631 3827 vestro
662 3765 728 3821 ⁸³.
754 3786 772 3819 ι
808 3767 1003 3838 Igitur,
1035 3782 1157 3836 quae
1190 3781 1318 3823 cum
1366 3766 1787 3829 tabernaculum
1840 3766 2021 3837 erige-

447 3869 601 3918 retur
619 3860 937 3931 jejunavere
959 3858 1241 3923 mulieres,
1266 3857 1573 3913 animarum
1598 3856 1892 3928 imaginem
1932 3871 2023 3911 re-

446 3951 649 4016 ferunt,
677 3964 800 4021 quae
829 3964 942 4004 non
964 3948 1406 4013 Mosaicisadhuc
1432 3949 1705 4005 mandatis
1729 3949 2028 4004 instituun-

448 4052 559 4106 tur,
601 4040 699 4097 sed
738 4042 852 4114 jam
908 4042 1256 4113 spiritualem
1301 4042 1508 4114 potius,
1541 4042 2026 4115 evangelicamque
2067 4086 2073 4095 λ

446 4135 922 4191 conversationem
947 4135 1270 4201 ostendunt,
1302 4145 1664 4206 terrenasque
1713 4134 2026 4205 voluptates

448 4241 560 4281 non
585 4226 705 4283 sine
729 4226 919 4283 labore
951 4226 1185 4291 calcant,
1236 4232 1313 4291 et,
1362 4224 1496 4280 dum
1553 4224 1887 4281 exsecranda
1934 4223 2027 4278 illa

449 4318 611 4400 315
631 4329 795 4392 atque
819 4320 1029 4376 nefaria
1041 4317 1541 4376 carnalislibidinis
1581 4317 1815 4372 crimina
1839 4315 2028 4371 subire

450 4429 561 4469 non
590 4414 887 4479 sustinent,
916 4413 1179 4483 praeclare
1202 4411 1271 4466 ad
1305 4410 1451 4464 illam
1500 4409 1874 4478 incorruptam
1901 4408 2027 4479 pul-

2127 3514 2255 3552 σατε
2285 3497 2413 3570 γὰρ,
2437 3516 2454 3549 ι
2493 3495 2625 3567 φησὶ
2644 3533 2658 3559 ,
2686 3491 3039 3564 «τὰσώματα
3055 3492 3244 3564 ὑμῶν,
3272 3491 3462 3551 θυσίαν
3496 3489 3675 3555 ζῶσαν
3694 3532 3710 3555 ,

2128 3591 2323 3660 ἁγίαν,
2380 3589 2673 3660 εὐάρεστον
2724 3584 2803 3656 τῷ
2839 3584 2987 3656 Θεῷ,
3027 3583 3126 3655 τήν
3177 3582 3399 3653 λογικὴν
3454 3582 3729 3657 λατρείαν.

2127 3681 2299 3752 ὑμῶν.
2346 3698 2363 3732 ι
2402 3680 2513 3733 Καὶ
2554 3678 2745 3732 πάλινο
2787 3695 2806 3728 ι
2837 3677 3109 3743 Δοξάσατε
3150 3675 3215 3748 δὴ
3250 3677 3340 3731 τὸν
3369 3676 3501 3730 Θεὸν
3533 3678 3593 3729 ὲν
3634 3674 3715 3745 τῷ

2129 3770 2343 3841 σώματι
2372 3769 2545 3840 ὑμῶν.
2585 3787 2602 3818 ι
2638 3766 2846 3821 Οὐκοῦν
2892 3770 2947 3821 αί
2993 3767 3356 3838 νηστεύσαται
3400 3768 3502 3838 τῆς
3552 3767 3718 3835 ἁγίας

2127 3861 2509 3935 ὲγηγερμένης
2544 3859 2750 3931 σκηνῆς
2769 3900 2784 3925 ,
2824 3860 2905 3924 εἰς
2952 3860 3138 3914 εἰκόνα
3165 3858 3375 3912 τελοῦσι
3402 3857 3587 3931 ψυχῶν
3607 3897 3623 3925 ,
3651 3858 3715 3915 οὐ

2127 3955 2439 4019 Μωσαῖκοῖς
2474 3953 2770 4025 ἐντάλμασι
2819 3951 3354 4022 παιδαγωγουμένων
3395 3950 3475 4003 ἔτι
3499 3993 3513 4017 ,
3552 3968 3716 4003 πνευρ

2131 4046 2367 4120 ματικὴν
2397 4046 2454 4099 δὲ
2488 4046 2687 4117 μᾶλλον
2728 4044 2821 4098 καὶ
2851 4042 3216 4115 εὐαγγελικὴν
3252 4042 3713 4112 ἁναδεδειγμένων

2126 4141 2226 4213 τὴν
2267 4139 2543 4194 πολιτείαν
2573 4138 2674 4210 ἤδη
2696 4176 2712 4200 ,
2752 4136 2846 4191 καὶ
2877 4135 3164 4191 πατουσῶν
3202 4137 3305 4190 οὐκ
3331 4135 3588 4208 ἀνιδρωτὶ
3615 4136 3714 4198 τὰς

2131 4233 2407 4302 ἐπιγείους
2436 4230 2650 4304 ἡδονὰς,
2676 4230 2771 4284 καὶ
2796 4229 3300 4300 ἀναμορφουμένων
3324 4222 3382 4283 εὖ
3408 4228 3552 4299 μάλα
3580 4227 3712 4299 πρὸς

2128 4326 2192 4380 τὸ
2222 4325 2503 4397 ἀκήρατον
2534 4321 2751 4386 κάλλος,
2785 4320 2873 4375 διὰ
2902 4320 2964 4374 τὸ
2993 4321 3070 4392 μὴ
3105 4319 3391 4390 ἀνέχεσθαι
3427 4318 3619 4373 παθεῖν
3648 4318 3715 4372 τὰ

2135 4417 2355 4488 μυσαρά
2385 4432 2445 4469 τε
2478 4414 2572 4469 καὶ
2601 4412 2802 4484 βέϐηλα
2828 4411 2928 4481 τῆς
2962 4410 3322 4482 φιλοσαρκίας
3368 4411 3708 4480 ἐγκλήματα.

452 4507 821 4563 ehritudinem
852 4505 1243 4561 reformantur.
1273 4502 1355 4557 An
1378 4515 1512 4555 vero
1540 4515 1651 4554 non
1674 4500 1793 4554 haec
1814 4508 1900 4555 est
1932 4514 2020 4554 no-

2137 4485 2210 4562 ;‘ﬂ
2239 4485 2335 4580 οόχ
2361 4507 2684 4577 οὖτωςὴμῖν
2712 4506 2739 4557 6
2766 4501 2858 4555 τοῦ
2893 4501 3008 4572 βίου
3039 4502 3241 4573 τρόπος
3270 4504 3381 4566 τοῖς
3411 4503 3469 4557 ἐν
3493 4500 3715 4571 Χριστῷ

454 4597 646 4653 strain
675 4596 898 4652 Christo
925 4592 1151 4650 vivendi
1186 4591 1350 4654 ratio,
1392 4588 1484 4657 qui
1528 4587 1595 4641 ad
1641 4586 2033 4642 sanctiﬁcatio-

454 4704 604 4757 nem,
639 4690 1115 4762 gracilitatemque
1157 4685 1308 4751 illam
1336 4680 1680 4761 spiritualcm
1714 4679 1891 4739 vocati
1939 4694 2035 4734 su-

456 4780 609 4837 Inus?
1032 4764 1039 4769 ⁷

530 4872 725 4927 PALL.
757 4871 991 4927 Maxime
1013 4884 1165 4929 vero,

526 4963 685 5024 ΟΥΕ.
710 4964 888 5034 Atque
931 4963 1048 5016 haec
1078 4960 1304 5030 quidem
1344 4957 1614 5011 hactenus
1656 4955 1724 5011 de
1751 4957 1921 5012 sacris
1944 4957 2030 5011 in-

457 5057 781 5111 strumentis
813 5054 1019 5109 dixisse
1051 5049 1301 5105 suﬁiciat.
1337 5049 1457 5107 Jam
1488 5064 1619 5103 vero
1651 5048 1828 5120 ipsum
1854 5050 2034 5104 taber-

459 5146 719 5200 naculum
741 5142 1019 5214 quomodo
1048 5141 1287 5211 positum
1316 5140 1388 5193 sit
1417 5147 1473 5194 et
1500 5146 1862 5204 exstructum,
1902 5155 2035 5193 con-

462 5237 802 5297 sideremus;
861 5234 1114 5304 quamvis
1168 5242 1350 5289 autem
1378 5248 1443 5289 ea
1485 5246 1573 5286 res
1626 5232 1909 5289 recondita
1942 5232 2034 5297 sit,

460 5335 823 5397 nostrumque
880 5324 1105 5383 modum
1158 5333 1399 5396 superet,
1443 5324 1579 5389 nihil
1637 5332 1817 5380 tamen
1868 5323 2037 5378 oﬂicit

460 5419 688 5480 omnino
751 5416 1048 5487 quominus
1099 5417 1343 5487 undique
1393 5418 1637 5473 studiose
1717 5416 2040 5485 colligamus

460 5507 606 5578 quod
637 5506 773 5561 utile
807 5506 898 5571 sit,
930 5513 985 5560 et
1014 5521 1077 5561 ea
1117 5507 1280 5560 etiam
1333 5523 1455 5577 quae
1500 5508 1661 5577 longe
1714 5504 2035 5568 sublimiora

461 5604 611 5663 sunt,
638 5595 818 5666 quoad
851 5612 1159 5666 possumus,
1189 5597 1590 5667 aggrediamur.

545 5783 591 5816 “
619 5783 784 5848 Hebr.
813 5802 925 5851 vui,
949 5784 1002 5837 εὶ.
1079 5786 1120 5814 ⁸⁸
1143 5784 1300 5837 Rom.
1344 5797 1437 5845 xu,
1470 5781 1512 5834 Ι.

1595 5782 1637 5812 ⁸³
1671 5781 1687 5834 1
1722 5780 1844 5833 Cor.
1876 5796 1946 5843 Vl,
1978 5779 2061 5831 20.

2135 4597 2494 4668 κεκλημένοις
2533 4596 2613 4658 είς
2647 4588 2918 4671 ἁγιασμὸν
2960 4589 3056 4644 καὶ
3092 4591 3381 4662 ἰσχνότητα
3412 4589 3511 4661 τὴν
3554 4604 3717 4641 πνευ-

2140 4690 2373 4759 ματικήν
2395 4705 2409 4751 ;

2208 4866 2417 4921 ΠΑΛΛ.
2446 4863 2596 4917 Πάνυ
2629 4861 2729 4933 μὲν
2755 4857 2866 4916 οὖν.

2201 4958 2366 5011 ΚΥΡ.
2403 4953 2567 5008 ’Δλλὰ
2589 4956 2746 5008 ταυτὶ
2778 4954 2876 5025 μὲν
2903 4955 2983 5018 εἰς
3022 4952 3083 5006 τὸ
3113 4952 3287 5022 παρὸν
3315 4947 3525 5002 σκευῶν
3552 4948 3720 5017 ἱερῶν

2130 5046 2371 5119 εἰρήσθω
2393 5045 2543 5117 πέρι.
2570 5044 2705 5116 Φέρε
2735 5044 2813 5110 δὲ,
2842 5046 2890 5098 εί
2910 5044 3075 5109 δοκεῖ,
3108 5042 3205 5095 καὶ
3224 5039 3394 5112 αὐτὴν
3417 5039 3546 5109 ἡμῖν
3572 5039 3720 5098 ὅπως

2132 5135 2244 5205 ἔχει
2272 5133 2473 5198 θέσεώς
2497 5151 2558 5195 τε
2589 5133 2681 5187 καὶ
2708 5133 3053 5204 κατασκευῆς
3076 5126 3587 5199 κατασκεπιῦμεθα
3620 5125 3719 5197 τὴν

2137 5228 2363 5298 σκηνήν.
2396 5228 2506 5287 Καὶ
2533 5226 2671 5297 βαθὺ
2705 5214 2803 5297 μὲν
2832 5226 2891 5280 τὸ
2920 5226 3131 5297 χρῆμα,
3163 5223 3256 5277 καὶ
3283 5220 3392 5275 τῶν
3419 5219 3541 5273 καθ’
3571 5219 3719 5289 ἡμᾶς

2141 5321 2400 5374 ἐπέκεινα
2441 5320 2684 5392 μέτρων,
2718 5319 2914 5389 βλάϐος
2939 5319 2996 5373 δὲ
3023 5313 3175 5389 οἶμαι
3204 5314 3266 5368 τὸ
3301 5313 3520 5385 σύμπαν
3543 5309 3718 5375 οὐδὲν,

2145 5413 2481 5484 πανταχόθεν
2526 5414 2672 5484 ἡμᾶς
2716 5412 3058 5485 ἐρανίζεσθαι
3095 5410 3268 5482 φιλεῖν
3312 5408 3374 5461 τδ
3413 5403 3599 5458 τελοῦν
3642 5402 3721 5466 εἰς

2105 5520 2110 5525 ‘
2142 5505 2347 5573 ὄνησιν,
2381 5506 2602 5568 καὶτοῖς
2627 5503 2764 5574 ἄγαν
2796 5502 3214 5581 ὑπερκειμένας
3239 5501 3313 5564 ὡς
3343 5498 3420 5552 ἔνι
3449 5491 3720 5567 προσϐάλ-

2142 5595 2350 5658 λοντπς.
