4118 6430
459 323 564 380 655

1448 324 1505 381 ὃ.
1546 325 1821 382 οῐιιιιω
1860 326 2339 381 ΑιΕςΑῑωωΝι
2378 326 2701 386 ARCHIEP.

3627 349 3732 407 6.56

458 438 746 509 multiplex
792 437 958 494 decor
1014 437 1268 494 Christus
1295 447 1402 503 est,
1428 440 1546 508 qui,
1606 455 1732 495 cum
1774 456 1921 495 unus
1945 455 2003 495 se

2110 439 2555 509 πεποικιλμένη.
2599 460 2617 491 ι
2654 441 2935 514 Κόσμημα
2974 446 3028 500 δὲ
3072 449 3165 503 καὶ
3189 450 3470 526 ὡραϊσμὸς
3495 459 3556 513 ἐν
3590 465 3729 536 αὑτῇ

457 530 699 586 cundum
727 539 981 585 naturam
1006 530 1098 593 sit,
1126 526 1316 600 ﬁguris
1341 536 1523 587 tamen
1555 532 1745 587 multis
1762 548 1827 587 ac
1858 532 2043 587 diver-

455 618 887 689 sisintelligitur,
905 619 1151 681 velut,ne
1164 617 1381 687 longius
1396 617 1673 683 abeam,et
1689 620 1853 692 bysso
1871 630 2036 686 torta,

2149 528 2453 601 πολυειδὴς,
2483 533 2512 583 ό
2544 532 2773 603 Χριστὸς
2798 574 2811 594 ,
2845 529 2924 599 εἷς
2953 538 3054 608 μὲν
3081 543 3224 596 κατὰ
3254 544 3417 614 φύσιν
3445 528 3724 624 ὑπάρχων,

2144 622 2430 693 αἰνίγματι
2473 624 2530 676 δὲ
2570 624 2787 689 πολλοῖς
2828 630 2921 680 καὶ
2951 629 3224 705 διαφόροις
3254 622 3724 709 νοούμενος,οίον,

452 710 601 779 quod
618 709 750 763 illud
776 726 843 764 ex
868 710 979 764 Deo
995 711 1155 765 Patre
1175 710 1420 780 genitum
1438 710 1701 777 Verbum,
1724 728 1848 767 cum
1873 720 2003 767 tenu

2142 714 2273 784 φέρε
2306 717 2501 778 εἰπεῖν,
2531 719 2625 775 καὶ
2650 718 2847 789 βύσσος
2872 722 3250 797 κεκλωσμένη.
3291 728 3494 799 ’ἰσχνὸς
3520 734 3627 805 γὰρ
3648 737 3724 789 ὢν

452 801 543 864 sit,
573 810 629 856 et
657 801 1045 870 incorporeum
1077 802 1380 856 secundum
1408 813 1683 868 naturam,
1717 812 1920 859 tortum
1951 820 2006 860 es

2139 810 2232 858 καὶ
2260 804 2549 877 ἀσώματος
2581 810 2722 863 κατὰ
2751 810 2911 879 φύσιν
2933 815 2962 866 ὁ
2983 814 3049 866 ἐκ
3075 815 3210 869 Θεοῦ
3243 818 3336 870 τοῦ
3374 801 3721 893 ΠατρὸςτΛό-

449 891 874 961 quodammodo,
930 909 997 947 eo
1031 893 1176 963 quod
1213 910 1337 949 cum
1388 911 1556 949 carne
1583 897 1742 965 quasi
1802 912 2030 951 conser-

448 991 566 1037 tum
595 993 696 1039 est.
730 984 930 1056 Byssus
952 995 1037 1039 est
1064 986 1229 1053 igitur
1262 993 1435 1041 torta:
1479 987 1779 1059 hyacintho
1801 997 2032 1059 praeter-

445 1091 510 1130 ea
562 1076 765 1141 simile,
803 1074 933 1147 quia
981 1093 1091 1131 non
1114 1094 1180 1132 ex
1206 1088 1376 1143 terra,
1407 1079 1507 1133 sed
1548 1095 1810 1150 superne,
1848 1096 1911 1135 ac
1959 1081 2029 1136 de

416 1222 421 1225 ,
446 1166 612 1221 cmlo:
639 1183 764 1221 nam
788 1169 1087 1239 hyacintho
1116 1172 1397 1240 persimile
1423 1180 1508 1227 est
1549 1172 1655 1228 hoc
1681 1174 1940 1239 sublime,
1970 1183 2028 1230 et

444 1262 767 1325 supernum,
793 1266 850 1313 et
881 1261 1171 1315 aetherium
1201 1277 1423 1331 corpus,
1447 1264 1593 1333 quod
1611 1265 1676 1320 ad
1719 1265 1899 1336 ipsum
1928 1281 2025 1322 us-

441 1346 550 1418 que
577 1349 985 1406 ﬁrmamentum
1018 1354 1279 1423 pertinet.
1316 1354 1386 1410 Ut
1442 1355 1774 1426 hyacinthus
1831 1357 2019 1427 igitur,

440 1442 573 1511 quia
607 1442 674 1497 de
697 1444 839 1499 coelo
869 1452 983 1499 est:
1023 1460 1268 1516 purpura
1297 1463 1449 1511 vero,
1482 1448 1611 1518 quia
1651 1449 1877 1504 minime
1906 1465 2021 1505 ser-

440 1545 563 1594 vus,
595 1541 851 1601 tanquam
880 1533 1196 1598 factus,sed
1230 1552 1299 1591 ex
1329 1536 1441 1591 Deo
1475 1554 1593 1602 rex,
1618 1548 1674 1592 et
1726 1540 2013 1595 universo-

441 1636 563 1675 rum
606 1622 892 1679 Dominus.
920 1625 1148 1681 Tortum
1188 1643 1357 1697 porro
1397 1629 1705 1695 coccinum,
1736 1631 1866 1701 quia
1890 1647 2014 1686 cum

437 1723 585 1769 esset
604 1732 728 1770 cum
756 1732 919 1772 carne
941 1730 1279 1784 consertum,
1304 1729 1367 1775 ut
1396 1720 1562 1777 modo
1579 1722 1713 1788 dixi,
1755 1732 1813 1779 et
1830 1734 2015 1781 tamen

436 1823 566 1864 vere
579 1810 674 1864 Dei
709 1811 968 1876 Verbum,
998 1829 1156 1867 suum
1183 1812 1502 1885 sanguinem
1533 1832 1631 1886 pro
1663 1817 1826 1873 nobis
1840 1818 2010 1886 dedit;

437 1902 723 1970 sanguinis
757 1903 961 1973 quippe
1010 1904 1224 1974 signum
1254 1913 1339 1960 est
1367 1908 1673 1963 coccinum.
1709 1908 2012 1966 Cherubim

435 1997 617 2043 autem
643 1990 858 2060 depicta
887 2002 1046 2047 erant
1072 1994 1126 2047 in
1157 1995 1421 2064 pellibus;
1438 2014 1545 2067 qua
1564 1999 1617 2053 in
1640 2016 1700 2054 re
1724 2001 2011 2071 aptissime

432 2078 663 2135 fortasse
691 2082 1052 2151 signiﬁcatur,
1069 2086 1299 2141 summis
1351 2087 1460 2143 ima
1483 2091 1800 2160 conjuncta,
1847 2092 2009 2163 317

432 2181 596 2241 atque
614 2174 937 2230 ccelestibus
983 2177 1290 2233 virtutibus
1337 2188 1657 2237 terrestrem
1702 2183 2010 2240 Ecclesiam

430 2276 550 2317 esse
577 2278 899 2333 connexum.
932 2268 1072 2323 illud
1097 2280 1282 2325 autem
1329 2274 1471 2327 scitu
1510 2274 1736 2345 dignum
1767 2285 1874 2341 est,
1919 2294 2009 2333 sa-

430 2353 833 2423 pientissimum
853 2373 1075 2428 quoque
1100 2362 1282 2415 virum
1328 2361 1675 2420 Salomonem
1705 2367 1760 2421 in
1786 2369 2014 2437 parieti—

426 2442 532 2500 bus
555 2448 745 2517 tempii
777 2447 1080 2505 Cherubim
1118 2452 1493 2523 insculpsisse,
1555 2466 1721 2526 atque
1753 2459 1820 2513 ad
1860 2459 2010 2515 hunc

424 2538 685 2592 eumdem
710 2540 939 2595 modum
957 2543 1209 2598 eﬁ‘eclam
1235 2545 1381 2600 illam
1415 2563 1535 2603 esse
1571 2549 1770 2605 domus
1802 2550 2013 2606 descri-

423 2626 666 2696 ptionem
715 2645 837 2698 quae
859 2631 1168 2686 Ezechielis
1206 2648 1341 2688 voce
1389 2635 1735 2706 significatur
1777 2639 1847 2693 “.
1895 2640 2009 2695 Au-

423 2716 648 2771 laorum
679 2735 845 2789 porro
870 2722 1107 2791 tegmina
1140 2731 1272 2778 sunt
1294 2726 1415 2781 vela
1460 2728 1744 2797 capillacia
1775 2731 1922 2786 ansis
1953 2740 2009 2788 et

424 2810 649 2866 circulis
675 2814 1001 2868 constricta:
1029 2816 1372 2885 operimenta
1396 2829 1663 2889 praeterea
1695 2823 2006 2893 superiecta

424 2900 795 2974 hyacinthina:
837 2907 1031 2975 pelles,
1085 2916 1141 2963 et
1177 2910 1352 2980 pelles
1391 2912 1626 2969 arietum
1688 2917 2002 2983 rubricata,

422 2998 839 3066 quaeChristum
876 2998 1135 3057 Ecclesia:
1162 3010 1531 3071 protectorem
1577 3006 1860 3075 indicant;
1901 3025 2004 3079 per

2135 910 2274 963 γος,
2335 899 2643 954 κέκλωσται
2690 903 2891 973 τρόπον
2939 905 3062 959 τινὰ
3110 906 3201 960 διὰ
3233 909 3332 979 τῆς
3387 913 3549 966 οἱονεὶ
3584 917 3723 986 πρὸς

2135 986 2315 1057 σάρκα
2342 992 2681 1064 συμπλοκῆς.
2724 994 2933 1050 Οὐκοῦν
2971 999 3063 1051 καὶ
3116 997 3314 1069 βύσσος
3337 1005 3716 1078 κεκλωσμένη,

2132 1081 2226 1134 καὶ
2248 1081 2376 1150 μὴν,
2400 1083 2497 1136 καὶ⁸
2519 1084 2594 1148 ὡς
2616 1086 2891 1151 ὑάκινθος,
2917 1090 2999 1143 ὅτι
3032 1093 3109 1162 μὴ
3137 1094 3203 1146 ἐκ
3226 1092 3352 1163 γῆς,
3375 1096 3490 1149 ἀλλ’
3511 1098 3721 1154 ἄνωθεν

2130 1170 2224 1220 καὶ
2254 1168 2313 1232 ἐξ
2353 1171 2585 1242 οὐρανοῦ
2611 1191 2626 1205 υ
2664 1175 2903 1244 ὑακίνθῳ
2932 1179 3041 1250 γάρ
3079 1197 3195 1244 πως
3239 1184 3628 1254 παρεικάζεται
3655 1188 3719 1242 τὸ

2129 1257 2262 1326 ὑψοῦ
2293 1277 2349 1312 τε
2381 1261 2475 1314 καὶ
2505 1262 2617 1316 ἄνω
2649 1266 2741 1316 καὶ
2774 1265 3013 1337 αἰθέριον
3061 1270 3251 1340 σῶμα,
3288 1271 3349 1326 τὸ
3393 1276 3486 1327 καὶ
3518 1276 3717 1348 μέχρις

2125 1349 2290 1403 αὑτοῦ
2318 1350 2504 1420 διῆκον
2532 1353 2627 1408 τοῦ
2668 1357 3066 1429 στερεὼματος.
3100 1362 3309 1418 Οὐκοῦν
3342 1363 3417 1428 ὡς
3456 1366 3716 1433 ὑάκινθος

2122 1438 2212 1493 διὰ
2242 1439 2302 1492 τὸ
2330 1443 2389 1506 ἐξ
2430 1445 2689 1516 οὐρανοῦ,
2723 1449 2979 1521 πορφύρα
3024 1451 3081 1503 δὲ
3103 1491 3116 1516 ,
3150 1453 3233 1506 ὄτι
3269 1457 3344 1527 μὴ
3382 1456 3601 1525 δοῦλος,
3634 1460 3713 1525 ὡς

2122 1532 2368 1603 γενητὸς,
2397 1534 2511 1588 ἀλλ’
2534 1539 2598 1591 ἐκ
2620 1538 2754 1591 Θεοῦ
2781 1539 3054 1610 βασιλεὺς,
3083 1544 3307 1598 καὶτῶν
3327 1547 3463 1602 ὅλων
3485 1548 3708 1621 Κύριος.

2118 1621 2512 1695 Κεκλωσμένον
2556 1627 2610 1681 δὲ
2649 1630 2918 1685 κόκκινον·
2983 1635 3043 1688 ὲν
3094 1637 3385 1708 συμπλοκῇ
3436 1638 3571 1710 γὰρ.
3631 1641 3713 1706 ὡς

2118 1714 2274 1787 ἔφην,
2296 1720 2361 1789 τῇ
2387 1719 2523 1789 πρὸς
2547 1721 2725 1793 σάρκα
2749 1722 3063 1795 νοούμενος,
3086 1727 3183 1779 καὶ
3206 1721 3466 1799 ὑπάρχων
3491 1729 3710 1802 ἀληθῶς

2048 1780 2088 1833 Β
2116 1780 2264 1862 ό-τοῦ
2291 1780 2649 1880 ΘεοῦυΛόγος,
2678 1815 2740 1867 τὸ
2770 1780 2900 1869 ἴδιον
2929 1780 3069 1887 αἷμα
3097 1780 3336 1873 δέδωκεν

2116 1899 2355 1971 Αἵματος
2382 1901 2490 1975 γὰρ
2516 1908 2763 1975 σημεῖον,
2789 1907 2849 1960 τὸ
2878 1909 3152 1964 κόκκινον·
3175 1913 3460 1984 Χερουϐὶμ
3488 1914 3566 1976 δὲ,
3597 1915 3709 1970 τῶν

2112 1990 2339 2063 δείρεων
2367 1997 2400 2065 ή
2431 1996 2641 2068 γραφὴ,
2671 1998 2733 2051 τὸ
2764 1999 3034 2069 συνῆφθαι
3064 2001 3207 2074 τάχα
3234 2021 3335 2057 που
3361 2009 3476 2069 τοῖς
3497 2006 3612 2061 ἄνω
3637 2009 3707 2063 τὰ

2114 2083 2266 2136 κάτω
2283 2122 2299 2149 ,
2328 2085 2423 2138 καὶ
2451 2088 2572 2150 ταῖς
2599 2089 2658 2139 ἐν
2698 2088 2911 2161 οὐρανῷ
2936 2090 3197 2161 δυνάμεσι
3237 2092 3336 2165 τὴν
3361 2096 3455 2149 ἐπὶ
3479 2096 3577 2166 τῆς
3602 2098 3706 2167 γῆς

2126 2172 2449 2244 Ἐκκλησίαν
2475 2177 2716 2247 ἡνῶσθαι
2741 2178 2925 2233 λοιπὸν
2947 2178 3376 2252 καταδηλοῦντος
3402 2186 3496 2242 τοῦ
3525 2188 3706 2258 πράγ-

2115 2281 2283 2334 ματος
2322 2262 2382 2319 εὖ
2414 2269 2578 2339 μάλα.
2621 2270 2817 2325 Ίστέον
2840 2271 2896 2325 δὲ
2915 2274 2996 2326 ὅτι
3021 2274 3115 2328 καὶ
3139 2274 3168 2327 ὁ
3209 2275 3519 2344 σοφώτατος
3545 2279 3703 2333 Σολο-

2115 2355 2249 2427 μὼν,
2287 2360 2581 2431 ἐνεκόλαψε
2608 2364 2723 2427 τοῖς
2760 2364 2965 2435 τείχεσι
3010 2365 3104 2419 τοῦ
3135 2366 3264 2421 ναοῦ
3296 2369 3363 2422 τὰ
3395 2371 3697 2443 Χερουϐίμ.

2124 2448 2517 2520 Ἐκπεποίηται
2562 2452 2621 2506 δὲ
2668 2454 2759 2506 τὸν
2804 2455 2969 2509 αὑτὸν
3015 2459 3226 2512 τουτονὶ
3276 2460 3477 2531 τρόπον
3528 2464 3620 2517 καῖ
3663 2466 3699 2535 ἠ

2109 2537 2442 2606 διατύπωσις
2473 2543 2565 2596 τοῦ
2600 2544 2749 2599 οίκου
2789 2546 2882 2600 τοῦ
2929 2551 3330 2621 σημαινομένου
3384 2552 3471 2608 διὰ
3517 2556 3699 2627 φωνῆς

2122 2629 2404 2702 Ἰεζεκιήλ.
2435 2634 2786 2706 Καλύμματα
2812 2639 2868 2691 δὲ
2893 2643 3015 2704 ταῖς
3044 2641 3295 2708 αὐλαίαις
3323 2643 3535 2716 δέρρεις
3557 2689 3570 2709 ,
3600 2648 3705 2718 ἀγ.

2108 2723 2299 2788 κὺλαις
2332 2742 2391 2778 τε
2424 2728 2518 2780 καὶ
2557 2727 2767 2799 κρίκοις
2813 2734 3263 2804 συνεσφιγμέναι.
3305 2736 3416 2790 Καὶ
3456 2737 3562 2809 μὴν
3602 2739 3698 2794 καὶ

2106 2816 2572 2888 ἐπικαλύμματα,
2626 2820 2877 2892 δέρματα
2933 2825 3249 2888 ὑακίνθιναι,
3307 2827 3400 2880 καὶ
3449 2828 3701 2902 δέρματα

2107 2910 2299 2980 κριῶν,
2327 2913 2845 2987 ἠρυθροδανωμένα,
2872 2918 2974 2989 τῆς
3012 2919 3337 2991 Ἐκκλησίας
3363 2922 3453 2977 τὸν
3483 2940 3693 2979 σκεπα-
3734 2960 3743 2973 ε

2109 3003 2239 3073 στὴν
2273 3004 2507 3079 Χριστὸν
2542 2991 2995 3079 ὑπεμφαίνοντα,⁵
3025 3010 3113 3065 διὰ
3162 3011 3261 3083 μὲν
3297 3014 3393 3068 τοῦ
3435 3016 3695 3071 ὑακίνθου

422 3087 780 3161 hyacinthum
814 3109 1030 3159 rursus,
1091 3103 1280 3166 utpote
1313 3098 1405 3166 qui
1433 3114 1464 3152 e
1496 3099 1638 3154 coelo
1681 3099 1775 3165 sit,
1831 3117 2000 3172 supe-

2110 3097 2287 3157 πάλιν,
2323 3098 2399 3161 ὡς
2422 3099 2481 3165 ἐξ
2506 3101 2736 3172 οὐρανοῦ
2770 3104 2865 3157 καὶ
2891 3103 3117 3164 ἄνωθεν.
3146 3106 3235 3160 διὰ
3264 3108 3320 3161 δέ
3347 3126 3410 3176 γε
3435 3110 3531 3164 τοῦ
3560 3115 3696 3185 ὲρυο

420 3181 608 3252 risque
638 3184 805 3251 locis;
836 3202 936 3255 per
959 3188 1200 3243 colorem
1234 3196 1421 3244 autem
1451 3191 1706 3258 rubrum,
1735 3202 1797 3247 ut
1823 3194 1919 3264 qui
1945 3195 2001 3249 in

417 3288 583 3329 carne
618 3275 691 3331 sit
713 3285 899 3345 ortus;
931 3279 1053 3334 talis
1072 3287 1158 3336 est
1186 3281 1335 3337 enim
1370 3282 1777 3355 quodammodo
1820 3287 2003 3343 carnis

416 3363 589 3420 color.

486 3454 684 3510 PALL.
722 3457 930 3513 Harum
974 3468 1157 3517 rerum
1190 3466 1709 3535 contemplationem
1755 3483 1864 3524 non
1904 3470 2009 3526 ab-

413 3544 582 3599 surde
613 3562 672 3601 se
701 3548 904 3606 habere
927 3566 1146 3608 censeo.

483 3636 643 3693 CYR.
694 3639 973 3698 Columna:
1016 3654 1201 3702 autem
1245 3649 1545 3706 aulaaorum
1599 3652 1654 3707 in
1706 3648 1999 3711 latitudine

411 3729 635 3797 quidem
658 3732 904 3788 cubitum
921 3751 984 3790 ac
1003 3737 1297 3794 dimidium
1317 3740 1550 3806 habent,
1577 3743 1633 3797 iu
1652 3744 1998 3816 longitudine

411 3818 612 3887 denos;
658 3837 959 3895 earumque
992 3833 1108 3883 tum
1156 3829 1365 3899 capita,
1401 3837 1514 3886 tum
1564 3848 1795 3904 corpora
1839 3843 1999 3891 erant

409 3927 550 3967 auro
586 3930 882 3986 conspersa
905 3958 918 3982 ,
954 3919 1210 3990 binisque
1232 3921 1489 3989 basibus,
1513 3925 1689 3996 iisque
1721 3929 1998 3999 argenteis

407 4003 807 4063 innitebantur.
854 4009 915 4064 In
968 4012 1200 4082 singulis
1255 4028 1426 4082 porro
1476 4018 1749 4075 columnis
1800 4037 1999 4079 rursus

404 4093 662 4153 Christus
680 4099 1036 4171 intelligitur,
1068 4104 1327 4162 Ecclesiae
1368 4106 1604 4164 fulcrum
1621 4152 1636 4174 ,
1660 4127 1727 4167 ac
1747 4114 1998 4173 veritatis

408 4185 845 4257 ﬁrmamentum,
874 4201 937 4247 ut
960 4193 1162 4251 Paulus
1176 4196 1333 4252 ait".
1358 4196 1554 4255 Omnia
1578 4218 1713 4257 vero
1728 4203 1845 4274 ipse
1864 4221 1998 4261 con-

2106 3185 2237 3258 θροῦ
2267 3188 2576 3260 χρώματος,
2613 3193 2690 3257 ὡς
2717 3194 2775 3248 ὲν
2808 3196 2974 3268 σαρκὶ
3004 3197 3247 3268 γέγονεν.
3284 3200 3557 3259 Τοιουτονὶ
3582 3203 3692 3275 γάρ

2105 3278 2222 3344 πώς
2254 3283 2372 3335 ἐστι
2413 3283 2471 3337 τὸ
2499 3285 2597 3355 τῆς
2625 3287 2827 3359 σαρκὸς
2855 3289 3077 3360 χρῶμα.

2172 3486 2380 3540 ΠΑΛΛ.
2421 3486 2533 3542 Οὐκ
2561 3488 2664 3557 ἔξω
2696 3489 2853 3560 λόγου
2887 3494 3046 3549 ταυτὶ
3076 3496 3450 3571 τεθεωρῆσθαί
3482 3520 3651 3574 φημι.

2171 3665 2333 3719 ΚΥΡ.
2379 3668 2567 3723 Στὺλοι
2619 3670 2676 3722 δὲ
2729 3674 2851 3736 ταῖς
2908 3674 3181 3740 αὐλαίαις,
3235 3672 3395 3749 εὖρος
3450 3680 3552 3750 μὲν
3604 3684 3689 3747 εἷς

2100 3756 2280 3827 πῆχυν
2313 3758 2480 3824 ἰόντες
2510 3760 2606 3814 ἕνα
2635 3779 2694 3816 τε
2724 3764 2820 3817 καὶ⁵
2846 3766 3041 3836 ἥμισυ.
3072 3768 3264 3838 Μῆκος
3292 3771 3349 3824 δέ
3376 3787 3440 3838 γε
3474 3770 3581 3843 μὴν
3606 3775 3689 3838 εἰς

2098 3849 2252 3914 δέκα,
2288 3852 2532 3922 κεφαλὰς
2561 3854 2660 3923 μὲν
2702 3857 2797 3909 καὶ
2839 3857 3068 3929 σώματα
3095 3860 3283 3932 χρυσῷ
3304 3861 3689 3936 διαπεπασμῶ

2097 3960 2200 4004 νοι,
2245 3943 2433 4014 βάσεσι
2455 3945 2511 3999 δὲ
2543 3946 2758 4012 διπλαῖς
2781 3950 2873 4002 καὶ
2903 3952 3174 4022 ἀργυραῖς
3198 3954 3684 4027 ὲπερηρεισμένοι,

2096 4035 2317 4090 Νοεῖται
2350 4037 2406 4090 δὲ
2437 4038 2598 4092 πάλιν
2638 4039 2715 4103 ὼς
2757 4042 2815 4092 ὲν
2843 4042 3063 4112 ἑκάστῳ
3095 4043 3271 4114 στόλῳ
3304 4047 3554 4116 Χριστὸς,
3585 4050 3688 4119 τῆς

2108 4128 2435 4198 Ἐκκλησίας
2475 4130 2536 4182 τὸ
2583 4130 2834 4202 ἔρεισμα,
2859 4132 2920 4186 τὸ
2962 4134 3061 4204 τῆς
3089 4134 3349 4205 ἀληθείας
3379 4137 3684 4208 ἑδραίωμα,

2096 4220 2239 4274 κατὰ
2267 4219 2367 4292 τὴν
2398 4220 2491 4275 τοῦ
2523 4222 2738 4277 Παύλου
2771 4227 2975 4297 φωνήν.
3015 4228 3227 4297 Ἵστησι
3255 4229 3314 4283 δὲ
3349 4232 3443 4287 κα).
3471 4233 3684 4303 συνέχει

406 4277 589 4336 ﬁrmat
626 4290 684 4337 et
721 4285 993 4351 continet;
1021 4302 1146 4342 nam
1204 4305 1305 4360 per
1336 4306 1510 4346 unum
1550 4294 1798 4349 cubitum
1827 4304 1994 4368 atque

407 4368 691 4394 J!_:-l!.__-
735 4383 841 4394 .--⁴-
882 4375 1007 4394 ..-γρ
1050 4387 1082 4394 γ.
1355 4380 1370 4394 ι
1461 4381 1477 4394 1
1805 4386 1840 4394 ..
1884 4387 1895 4394 .
1944 4389 1955 4394 -

2110 4309 2164 4364 τὰ
2190 4277 2369 4366 πάντα
2395 4311 2577 4378 αὑτός.
2608 4315 2708 4371 Διὰ
2743 4277 2845 4386 μεν
2878 4277 2988 4389 γιὰρ
3034 4277 3129 4372 τοῦ
3157 4277 3297 4384 ’ἑνός
3329 4339 3391 4376 τε
3422 4283 3520 4378 καὶ
3546 4277 3681 4394 ἠμί-

402 4368 695 4426 dimidium
734 4383 847 4429 tum
881 4375 1190 4445 perfectus,
1224 4380 1373 4449 quod
1410 4381 1479 4436 ad
1513 4393 1765 4440 naturam
1789 4386 1991 4443 divini-

2110 4418 2221 4465 τους
2247 4404 2492 4472 πήχεως,
2517 4403 2593 4467 ὼς
2625 4368 2829 4469 τέλειιος
2849 4368 2991 4460 κατᾶ
3016 4407 3178 4476 φύσιν
3208 4410 3481 4482 θεότητος.
3511 4368 3679 4476 μέῇυν

404 4461 534 4515 tatis
553 4464 822 4532 pertinet,
848 4475 964 4521 tum
998 4485 1134 4525 vero
1168 4471 1376 4536 minor,
1417 4473 1474 4526 in
1507 4488 1765 4531 mensura
1795 4478 1990 4535 huma-

404 4550 588 4574 ..ξι-ιε-
629 4554 836 4574 ,ιιξ-κ-μ
884 4557 919 4574 ε·
1003 4559 1053 4574 ιη
1129 4570 1138 4574 _
1276 4561 1321 4574 ιν
1721 4567 1735 4574 -
1872 4569 1887 4574 -

2110 4494 2151 4546 Ξὲ
2179 4461 2269 4555 αὖ,
2414 4461 2470 4549 ὲν
2504 4496 2930 4569 ἀνθρωπότητος
2974 4461 3214 4571 μέτροις,
3262 4461 3509 4574 πλαγίως
3554 4514 3682 4564 ὑπο-

401 4550 591 4607 nitatis
622 4554 845 4625 oblique
877 4557 1236 4628 signiﬁcatur.
1275 4561 1467 4631 Neque
1510 4580 1644 4620 vero
1685 4567 1989 4623 absurdum

399 4648 508 4705 est,
548 4642 595 4696 si
636 4643 886 4700 dicamus
919 4647 1383 4714 perfectissimum
1410 4652 1632 4720 quidem
1671 4669 1793 4709 esse
1824 4656 1989 4712 Chri-

400 4738 579 4797 stum,
615 4738 675 4787 ut
717 4734 774 4790 in
839 4735 1054 4805 integro
1086 4737 1296 4803 cubito,
1338 4756 1462 4795 cum
1496 4742 1641 4799 Deus
1687 4748 1990 4806 secundum

401 4830 653 4876 naturam
677 4823 777 4889 sit;
802 4823 1057 4878 eumdem
1088 4833 1270 4882 tamen
1290 4839 1350 4881 ut
1375 4828 1430 4882 in
1456 4830 1687 4888 dimidio
1711 4836 1898 4892 cubito
1917 4855 1987 4895 ex

402 4911 644 4969 humana
676 4925 877 4973 natura
895 4917 1327 4974 submissiorem.
1363 4922 1511 4976 Nihil
1540 4935 1624 4980 est
1645 4928 1791 4982 enim
1818 4930 1870 4985 in
1895 4950 1984 4989 re-

397 5002 504 5060 bus
540 5007 676 5062 ortis
723 5008 1027 5078 perfectum
1057 5026 1070 5062 :
1105 5024 1271 5079 porro
1316 5013 1408 5068 ille
1458 5015 1811 5089 Unigenitus,
1858 5040 1985 5080 cum

395 5095 552 5153 dives
582 5108 760 5164 esset,
798 5115 1009 5169 pauper
1030 5099 1084 5153 in
1127 5100 1288 5157 nobis
1313 5103 1489 5164 factus
1520 5118 1630 5176 est,
1656 5128 1721 5168 ac
1768 5131 1888 5172 sese
1910 5118 1979 5172 ad

393 5190 823 5247 exinanitionem
860 5192 1082 5247 demisit
1109 5196 1173 5249 ”.

463 5280 661 5334 PALL.
693 5280 772 5334 lta
808 5289 913 5336 est.

462 5368 621 5424 CYB.
655 5369 773 5423 Non
796 5370 963 5441 igitur
988 5387 1205 5443 aequare
1246 5381 1451 5449 poterit
1472 5383 1774 5442 divinitatis
1799 5390 1980 5445 excel—

390 5460 616 5515 lentiam
637 5461 876 5518 humana
898 5473 1121 5532 natura;
1148 5468 1203 5523 id
1232 5473 1379 5527 enim
1395 5474 1512 5531 ﬁeri
1527 5478 1754 5533 minime
1772 5491 1972 5549 potest.

391 5551 607 5621 Itaque,
660 5554 844 5624 utqui
905 5558 1079 5612 nostri
1126 5561 1323 5619 similis
1361 5566 1540 5622 factus
1582 5579 1757 5637 esset,
1810 5580 1974 5642 atque

472 5731 515 5762 '°
560 5730 753 5788 Ezech.
789 5752 871 5802 χι,
914 5736 996 5795 47.
1060 5741 1098 5772 ⁰¹
1132 5742 1413 5807 1Τὶιη.ιιι,
1448 5745 1527 5803 l3.

2097 4583 2443 4653 σημαίνεται.
2478 4587 2592 4639 Οὑκ
2630 4585 2822 4655 εὔηθες
2874 4588 2931 4641 δὲ
2979 4590 3176 4655 εἰπεῖν,
3225 4592 3307 4647 ὅτι
3364 4595 3682 4658 παντέλειος

2098 4673 2216 4744 μὲν,
2244 4676 2318 4740 ὠς
2348 4676 2407 4730 ὲν
2433 4677 2715 4745 ὁλοκλήρῳ
2756 4677 2921 4748 πήχει
2952 4678 3208 4750 Χριστὸς,
3240 4683 3363 4737 ἐπεί
3411 4701 3492 4738 τοι
3545 4685 3677 4748 Sed;

2097 4766 2211 4818 ἐστι
2239 4766 2380 4820 κατὰ
2414 4767 2596 4835 φύσιν.
2647 4768 2735 4829 Ὠς
2762 4767 2819 4820 δὲ
2852 4770 2911 4820 ὲν
2944 4770 3133 4838 ἡμίσει
3178 4773 3415 4844 πήχεως,
3446 4777 3673 4847 ὑφειμέ-

2093 4872 2185 4920 νος
2239 4857 2328 4910 διὰ
2369 4858 2430 4911 τὸ
2483 4856 2840 4925 ἀνθρώπινον.
2898 4860 3116 4916 Τέλειον
3168 4864 3278 4936 γὰρ
3319 4867 3378 4918 ὲν
3424 4870 3673 4939 γενητοῖς

2092 4949 2265 5001 οὐδέν.
2331 4947 2591 5012 Πλούσιος
2632 4949 2691 5002 δὲ
2739 4949 2834 5014 ὢν,
2889 4953 3234 5025 ἐπτώχευσεν
3276 4958 3333 5009 ἐν
3383 4958 3535 5028 ἡμῖν,
3578 4959 3674 5014 καὶ

2094 5038 2336 5108 καθῆκεν
2360 5039 2557 5093 ἑαυτὸν
2588 5042 2668 5106 εἰς
2698 5040 2927 5097 κένωσιν
2957 5047 2985 5098 ὁ
3007 5046 3335 5118 Μονογενής.

2159 5297 2367 5371 ΠΑΑΑἲ
2422 5298 2663 5371 Ἀληθές.

2159 5390 2317 5445 ΚΥΙὶ
2358 5368 2569 5445 ὒὺκοῦν
2599 5394 2699 5448 οὑκ
2740 5397 3080 5470 ἰσοστατήσει
3111 5402 3229 5464 ταῖς
3281 5401 3379 5472 τῆς
3415 5402 3667 5474 θεότητος

2083 5482 2381 5553 ὑπεροχαῖς
2409 5485 2467 5539 τὸ
2511 5485 2874 5558 ἀνθρώπινον·
2909 5489 3101 5551 πολλοῦ
3159 5508 3220 5559 γε
3270 5494 3361 5545 καὶ
3411 5492 3508 5546 δεῖ.
3545 5494 3666 5547 To:-

2082 5577 2271 5644 γάρτοι
2298 5577 2388 5629 καὶ
2422 5577 2680 5647 ἔφασκεν,
2715 5580 2789 5645 ὡς
2816 5581 2937 5640 καθ’
2959 5583 3105 5653 ἡμᾶς
3128 5583 3365 5652 γεγονὼς
3398 5585 3490 5639 καὶ
3514 5585 3668 5641 νοού-

1617 5748 1658 5778 “
1695 5749 1735 5803 ll
1758 5752 1883 5807 Cor.
1904 5772 2015 5817 τίη,
2054 5756 2110 5813 9.
