4118 6486
910 391 1017 412 ,ει-ι,

481 427 554 484 37

1198 426 1289 482 DE
1328 426 1778 483 ADORATIONE
1820 429 1891 484 IN
1929 427 2204 487 SPIRITU
2246 432 2335 488 ET
2377 434 2756 491 VERITATE.
2800 432 2933 489 LIB.
2975 430 3069 486 lx.

3640 430 3746 484 σεε

446 559 645 617 μενος·
673 562 694 597 ι
732 543 792 600 '0
826 543 1018 615 Πατήρ
1042 560 1166 615 ομου
1210 542 1411 614 μείζων
1472 561 1573 614 μου
1623 546 1761 607 ἐστὶ,
1791 564 1808 595 ›
1850 545 2033 598 καίτοι

2154 548 2310 602 etiam
2363 549 2804 621 intelligeretur,
2841 547 3063 603 dicebat
3099 563 3115 601 :
3162 563 3181 597 ι
3220 544 3384 601 Pater
3443 542 3618 616 major
3655 558 3744 597 me

441 637 588 693 κατὰ
621 635 783 706 φύσιν
818 635 1090 706 θεότητος,
1127 635 1433 708 ίσομέτρως
1471 636 1631 707 ἔχων,
1682 638 1775 690 κοιλ⁸
1808 639 1909 709 τῆς
1943 635 2037 708 τού

437 729 700 792 τεκόντος
753 728 1031 799 ὑπεροχῆς
1073 730 1172 798 οὐχ
1225 728 1562 800 ἡττώμενος.
1626 729 1821 798 Μῆκος
1871 730 1928 783 δὲ
1961 729 2039 799 τῷ

442 821 608 890 ξύλῳ,
641 820 946 891 δεκάπηχυ.
979 819 1301 884 Παντέλειος
1324 821 1433 892 γὰρ
1459 821 1534 885 ὡς
1561 821 1618 875 ἐν
1650 820 1911 892 ὑψώμασι
1942 823 2039 892 τῆς

440 913 720 982 θεότητος,
756 914 785 965 ό
839 914 1098 984 Χριστός.
1140 913 1491 985 Τελειότητος
1523 913 1579 967 δὲ
1624 918 1869 985 σημεῖον,
1903 917 1932 969 ὁ
1959 917 2040 979 εἰς

438 1004 576 1056 δέκα
626 1004 841 1076 τρέχων
887 1002 1122 1076 ἀριθμὸς
1164 1005 1319 1076 παρά
1346 1021 1411 1073 γε
1441 1007 1507 1076 τῇ
1541 1004 1662 1077 θεία
1702 1004 2040 1076 λαμϐάνεται

446 1097 491 1150 Γ
498 1098 670 1168 ραφῇ.
724 1097 916 1167 Χρυσῆ
967 1096 1025 1149 δὲ
1073 1096 1151 1167 τῷ
1203 1096 1344 1168 ξύλῳ
1385 1096 1617 1168 κεφαλὴ,
1652 1099 1746 1151 καὶ
1791 1098 1898 1170 μὴν
1945 1098 2042 1152 καὶ

443 1185 607 1254 σῶμα
641 1186 899 1257 χρυσοῦν.
928 1184 1149 1251 Φύσεώς
1182 1203 1247 1255 γε
1285 1187 1391 1258 μὴν
1420 1187 1520 1258 τῆς
1574 1187 1838 1241 ἀνωτάτω
1868 1205 2039 1241 κατα-

446 1276 672 1330 πλουτεί
705 1277 798 1330 τὸν
837 1277 1165 1349 ὲναυλισμδν
1197 1278 1225 1330 ὁ
1261 1279 1327 1331 ὲκ
1362 1277 1644 1349 Παρθένου
1695 1278 1843 1344 ναός.
1888 1280 2040 1352 Σύμ-

444 1369 601 1433 βολον
638 1370 696 1423 δὲ
751 1368 1025 1437 θεότητος,
1082 1371 1110 1423 ό
1157 1370 1380 1441 χρυσὸς,
1443 1371 1719 1443 ὑπεροχὴν
1780 1372 1919 1443 ἔχων
1940 1372 2040 1444 τὴν

446 1459 592 1513 κατὰ
626 1461 865 1522 πάντων,
896 1460 971 1525 ὡς
1005 1463 1062 1515 ὲν
1106 1460 1240 1530 ὕλης
1286 1462 1447 1532 τυχὸν
1478 1463 1579 1533 τῆς
1610 1462 1825 1517 τοιᾶσδε
1869 1463 2038 1534 λόγῳ.

460 1551 554 1618 Ἐξ
583 1551 826 1623 ἀργύρου
873 1552 931 1605 δὲ
981 1553 1074 1605 καὶ
1108 1553 1173 1605 ἐκ
1209 1552 1412 1624 δυοῖνή
1449 1552 1626 1623 βάσις.
1680 1555 1953 1627 Λαμπρδς
1983 1554 2040 1608 δὲ

447 1645 543 1698 καὶ
574 1644 843 1714 διαφανὴς
888 1646 947 1696 έν
994 1646 1067 1714 γῇ
1117 1644 1147 1696 ὁ
1181 1645 1439 1715 Χριστὸς,
1471 1646 1614 1700 κατά
1631 1662 1696 1713 γε
1739 1645 1821 1709 τὸ,
1856 1665 1873 1698 ι
1904 1646 2041 1711 Θεὸς

446 1736 677 1806 Κύριος,
706 1735 799 1788 καὶ
831 1734 1097 1803 ὲπέφανεν
1148 1735 1280 1805 ἡμῖν
1303 1751 1318 1767 ο
1344 1754 1363 1787 ι
1403 1735 1498 1789 καὶ
1537 1737 1699 1789 οἱονεὶ
1735 1736 1902 1806 διφυᾶ
1941 1736 2040 1808 τὴν

453 1826 659 1897 γνῶσιν
705 1826 839 1897 ἔχει·
886 1827 1090 1879 νοεῖται
1112 1827 1234 1903 κγάρ
1273 1827 1330 1878 ὲν
1357 1826 1506 1897 αὐτῷ
1540 1827 1673 1890 Θεός
1719 1844 1778 1881 τε
1815 1827 1908 1880 καὶ
1945 1829 2040 1883 ἆν-

449 1891 691 1992 θρωπος.
725 1891 889 1971 ΓΪζουτὶ
935 1917 1065 1988 γάρ,
1101 1891 1277 1988 δΐμᾴι,
1311 1916 1449 1985 ἐστι,
1479 1891 1490 1897 ’
1511 1918 1572 1972 τὸ
1620 1919 1817 1992 διπλῆν
1850 1918 2041 1992 ὥσπερ
2071 1891 2116 1948 Β

448 2011 597 2093 ἔχειν
626 2009 720 2066 καὶ
745 2008 805 2075 ἐξ
825 2008 1069 2087 ἀργύρου
1099 2006 1198 2081 τὴν
1224 2007 1404 2079 βάσιν.

522 2189 735 2245 ΠΑΛΛ.
778 2185 1035 2253 Είκάζεις
1067 2185 1261 2259 ὀρθῶς.

526 2283 689 2337 ΚΥΡ.
732 2282 841 2336 Θέα
863 2299 925 2350 γε
961 2280 1068 2352 μὴν
1096 2282 1293 2346 ἐκεῖνο,
1322 2273 1367 2333 ὦ
1398 2279 1518 2335 τᾶν.

522 2377 734 2430 ΠΑΛΛ.
777 2374 846 2427 Ὀ
878 2392 930 2427 τι
957 2374 1019 2444 δή
1045 2390 1061 2438 ;

524 2469 690 2523 ΚΥΡ.
730 2469 824 2531 Ei;
876 2466 1103 2530 αὐλαίας
1152 2464 1262 2537 γὰρ
1320 2464 1453 2519 δέκα
1505 2464 1893 2537 προστεταχὼς
1916 2467 2050 2538 ὃλην

451 2559 791 2614 ἐπιτείνεσθαι
846 2559 945 2630 τὴν
1003 2557 1248 2628 σκηνὴν,
1300 2557 1545 2627 ἐπιλέγει
1607 2558 1836 2629 μεταξύ·
1892 2560 2048 2615 «Καὶ

452 2655 703 2721 ποιήσεις
750 2652 962 2724 δέρῤεις
991 2650 1258 2723 τριχίνας,
1291 2650 1503 2721 σκέπην
1550 2651 1643 2704 ἐπὶ
1689 2652 1788 2722 τῆς
1814 2655 2046 2724 σκηνῆς·

450 2745 648 2802 ἕνδεκα
674 2747 924 2816 ποιήσεις
945 2743 1114 2807 αὐτὰς
1138 2743 1372 2819 δέρρεις,
1400 2743 1462 2796 τὸ
1484 2742 1661 2814 μῆκος
1693 2745 1795 2814 τῆς
1810 2745 2050 2818 δέρῥεως

451 2838 552 2910 τῆς
582 2840 708 2910 μιᾶς
752 2839 906 2892 ἔσται
951 2838 1246 2910 τριάκοντα
1298 2837 1549 2908 πήχεων,
1613 2837 1710 2891 καὶ
1767 2840 2050 2912 τεσσάρων

452 2932 675 3003 πήχεων
723 2931 785 2985 τὸ
835 2926 994 3003 εὖρος
1040 2932 1139 3002 τῆς
1169 2931 1407 3001 δέρῤεως
1444 2932 1544 3003 τῆς
1605 2935 1771 3005 μαῖς’
1823 2935 1884 2989 τὸ
1918 2937 2052 2992 αὐτὸ

454 3024 635 3102 μῆκος
667 3024 761 3078 ἐπὶ
813 3027 932 3089 ταῖς
963 3024 1156 3078 ἕνδεκα
1189 3025 1428 3097 δέρρεσι.
1484 3026 1595 3085 Καὶ
1642 3028 1902 3100 συνάψεις
1950 3032 2051 3096 τὰς

453 3117 617 3171 πέντε
645 3117 861 3191 δέρρεις
894 3119 989 3172 ἐπὶ
1014 3119 1077 3173 τὸ
1106 3119 1258 3183 αὐτὸ,
1288 3120 1384 3174 καὶ
1410 3119 1508 3184 τὰς
1535 3120 1594 3188 ἒξ
1620 3121 1838 3194 δέῤῥεις
1870 3126 1964 3178 ἐπί
1990 3126 2051 3180 τὸ

2141 648 2225 694 est
2257 639 2338 706 ⁹³;
2372 660 2391 686 ι
2432 656 2556 696 cum
2593 652 2777 696 tamen
2824 656 2893 696 ex
2930 649 3130 695 natura
3168 636 3476 693 divinitatis
3521 636 3751 707 aequalis

2141 731 2234 796 sit,
2258 739 2314 786 et
2337 731 2511 787 nihilo
2535 732 2767 787 inferior
2782 729 3421 787 exeellentiaGenitoris.
3438 728 3753 800 Longitudo

2140 840 2275 879 vero
2298 824 2567 881 columnae
2592 825 2784 880 decem
2807 825 3125 880 cubitorum
3147 831 3269 878 erat
3284 841 3300 889 ;
3316 830 3404 878 est
3425 822 3573 878 enim
3590 821 3754 879 Chri-

2142 923 2289 981 stus,
2322 916 2475 986 quod,
2529 916 2598 971 ad
2645 916 2954 973 divinitatis
3011 916 3412 971 sublimitatem
3471 914 3748 986 pertinet.

2140 1008 2610 1079 perfectissimus;
2656 1023 2825 1079 porro
2868 1007 2926 1062 in
2951 1006 3157 1063 divinis
3207 1006 3438 1061 Litteris
3482 1001 3753 1060 denarius

2141 1118 2409 1158 numerus
2437 1101 2838 1172 perfectionem
2868 1100 3161 1172 signiﬁcat.
3197 1103 3446 1156 Aureum
3474 1106 3561 1154 est
3605 1113 3751 1169 prae-

2142 1204 2294 1257 terea
2323 1195 2593 1249 columnae
2624 1201 2821 1264 caput,
2855 1200 2913 1249 et
2950 1191 3086 1248 item
3119 1207 3358 1263 corpus;
3390 1198 3474 1245 est
3504 1188 3639 1245 illud
3665 1187 3752 1243 vi-

2142 1286 2330 1341 cissim
2373 1285 2441 1340 de
2485 1284 2709 1357 Virgine
2753 1286 3023 1356 templum
3067 1299 3299 1339 summae
3340 1282 3491 1347 illius
3534 1289 3753 1335 natura:

2142 1375 2545 1431 inhabitatione
2599 1374 2873 1446 praedives
2912 1392 2925 1428 :
2960 1374 3128 1445 318
3173 1372 3479 1428 divinitatis
3548 1372 3753 1442 quippe

2142 1467 2451 1540 symbolum
2500 1475 2586 1522 est
2632 1482 2869 1530 aurum,
2916 1481 3043 1522 cum
3087 1464 3349 1520 omnibus
3393 1470 3646 1533 przestet,
3703 1461 3755 1518 si

2142 1558 2351 1614 mctalli
2394 1558 2668 1613 rationem
2698 1558 3037 1613 consideres.
3078 1555 3235 1610 Basis
3272 1562 3542 1625 praeterea
3570 1569 3637 1609 ex
3667 1568 3756 1607 ar-

2143 1659 2308 1725 gento
2330 1692 2344 1717 ,
2376 1666 2440 1706 ac
2481 1650 2701 1706 duobus
2724 1658 2976 1715 constat;
3008 1646 3262 1719 splendet
3294 1646 3427 1700 item
3457 1644 3510 1698 in
3541 1643 3706 1699 terris
3737 1683 3754 1708 .

2142 1751 2199 1797 et
2220 1741 2454 1797 illustris
2476 1750 2559 1797 est
2584 1741 2876 1807 Christus;
2905 1739 3053 1794 unde
3090 1738 3227 1793 illud
3270 1744 3357 1792 est
3386 1753 3399 1790 :
3435 1754 3453 1786 ι
3475 1735 3623 1789 Deus
3645 1734 3757 1789 Do-

2144 1834 2330 1889 minus
2354 1874 2370 1900 ,
2403 1842 2460 1889 et
2493 1832 2674 1887 illuxit
2701 1831 2864 1886 nobis
2886 1831 2959 1897 “;
2994 1850 3012 1882 ι
3047 1829 3380 1900 geminaque
3405 1832 3492 1881 est
3513 1826 3635 1897 ejus
3659 1839 3756 1879 co-

2148 1926 2355 1999 gnitio,
2392 1934 2695 1995 utrumque
2720 1923 2870 1980 enim
2909 1922 2967 1977 in
2998 1937 3065 1977 eo
3091 1922 3241 1976 Deus
3278 1927 3336 1975 et
3360 1919 3530 1973 homo
3555 1915 3761 1971 intelli-

2148 2020 2316 2090 gitur.
2359 2017 2477 2073 Hoc
2505 2016 2652 2071 enim
2688 2022 2805 2080 est,
2841 2022 2904 2068 ut
2945 2013 3174 2084 opinor,
3206 2010 3489 2084 duplicem
3548 2008 3760 2065 habere

2149 2111 2390 2184 quodam
2416 2109 2581 2164 modo
2607 2115 2663 2163 et
2693 2116 3011 2178 argenteam
3038 2104 3237 2161 basim.

2221 2202 2422 2261 PALL.
2448 2203 2622 2258 Recte
2646 2200 2896 2270 conjicis.

2223 2296 2382 2353 (ΠΒ.
2406 2296 2547 2352 lllud
2590 2304 2773 2349 tamen
2806 2290 3218 2348 animadvertas
3246 2289 3434 2344 velim.

2223 2389 2423 2446 PALL.
2454 2387 2600 2455 Quid
2636 2386 2782 2442 istud
2824 2384 3083 2440 tandem?

2225 2482 2384 2541 CYR.
2403 2483 2540 2538 Nam
2558 2523 2571 2547 ,
2601 2496 2728 2536 cum
2767 2478 2835 2535 ad
2878 2478 3071 2533 decem
3100 2475 3271 2530 aulaea
3300 2479 3472 2527 totum
3494 2469 3760 2526 taberna-

2151 2576 2338 2631 culum
2364 2574 2572 2645 porrigi
2612 2571 2871 2643 jussisset
2890 2609 2906 2633 ,
2934 2569 3053 2624 haec
3085 2564 3390 2636 interponit
3410 2563 3608 2619 verba:
3644 2580 3663 2612 ι
3691 2559 3761 2616 Et

2153 2668 2322 2726 facies
2359 2666 2482 2722 vela
2521 2664 2805 2735 capillacia
2838 2667 3217 2733 tegumentum
3243 2672 3411 2727 super
3433 2654 3752 2709 tabernacu-

2152 2761 2303 2816 lum:
2334 2757 2592 2813 undecim
2618 2756 2786 2811 facies
2818 2755 2935 2826 ipsa
2959 2754 3110 2817 vela,
3134 2748 3425 2820 longitudo
3448 2746 3617 2801 unius
3652 2740 3761 2797 veli

2153 2854 2264 2911 erit
2293 2853 2523 2924 triginta
2548 2850 2867 2906 cubitorum
2886 2889 2901 2915 ,
2926 2855 2982 2902 et
3010 2852 3252 2916 quatuor
3286 2840 3605 2898 cubitorum
3630 2837 3765 2891 lati-

2156 2943 2291 2999 tudo
2311 2943 2420 2999 veli
2443 2940 2610 2996 unius
2633 2958 2645 2994 :
2662 2939 2855 2995 eadem
2880 2935 3169 3008 longitudo
3191 2934 3297 2988 erit
3314 2930 3451 2986 velis
3470 2927 3752 2983 undecim.

2154 3034 2225 3091 Et
2254 3034 2556 3104 conjunges
2579 3030 2827 3101 quinque
2866 3028 2987 3082 vela
3027 3026 3175 3080 inter
3204 3040 3294 3089 se,
3341 3032 3397 3077 et
3421 3036 3517 3075 sex
3543 3019 3663 3073 vela
3699 3017 3756 3071 iu

2155 3124 2399 3195 idipsum
2424 3138 2439 3188 ;
2471 3130 2527 3176 et
2549 3118 2862 3190 duplicahis
2879 3117 3062 3172 velum
3087 3123 3302 3170 sextum
3330 3112 3385 3166 in
3412 3109 3551 3164 facie
3581 3107 3759 3163 taber-

451 3211 606 3299 αὐτὸ,
644 3212 739 3265 καὶ
770 3209 1155 3276 ὲπιδιπλώσειίς
1202 3211 1302 3284 τὴν
1348 3212 1534 3286 δέρῤιν
1585 3214 1685 3286 τὴν
1718 3216 1884 3289 ἕκτην
1912 3219 2051 3273 κατὰ

2154 3215 2462 3281 naculi;et
2494 3211 2667 3267 facies
2715 3224 2879 3269 ansas
2929 3204 3329 3277 quinquaginta
3392 3201 3448 3256 in
3500 3214 3597 3255 ora
3653 3196 3761 3277 veli

455 3304 750 3376 πρόσωπον
776 3305 875 3375 τῆς
903 3306 1128 3376 σκηνῆς·
1175 3306 1267 3360 xa‘t
1298 3307 1548 3375 ποιήσεις
1578 3309 1823 3378 ἀγκύλας
1856 3313 2050 3383 πεντή-

455 3413 622 3457 κοντα
673 3395 769 3449 ἐπὶ
817 3395 910 3450 τοῦ
953 3396 1165 3467 χείλους
1209 3397 1309 3466 τῆς
1360 3396 1599 3470 δέρρεως
1628 3401 1731 3469 τῆς
1764 3402 2048 3472 magri;

455 3485 559 3542 ἀνὰ
585 3487 748 3556 μέσον
795 3485 936 3539 κατὰ
960 3485 1057 3555 τὴν
1089 3485 1386 3556 συμϐολήν.
1426 3487 1537 3541 Καὶ
1578 3490 1917 3558 πεντήκοντα
1941 3491 2045 3560 ἀγ-

454 3577 627 3642 κύλας
663 3578 911 3649 ποιήσεις
953 3579 1046 3631 ἐπὶ
1098 3577 1193 3631 τοῦ
1250 3579 1464 3649 χείλους
1529 3579 1631 3650 τῆς
1679 3581 1920 3653 δέρῤεως
1949 3584 2051 3653 τῆς

458 3671 845 3742 συναπτούσης
880 3673 977 3742 τῆς
1011 3671 1294 3743 δευτέρας.
1320 3692 1337 3724 ι
1368 3673 1432 3727 Τί
1468 3673 1529 3727 τὸ
1559 3675 1749 3746 χρῆμα
1774 3675 1982 3742 λοιπὸν,
2006 3672 2053 3732 ὧ

457 3764 894 3829 Παλλάδιε;δέκα
922 3764 1021 3836 μὲν
1044 3765 1153 3837 γάρ
1168 3766 1374 3834 ἐγείρει
1394 3766 1492 3831 τὰς
1508 3767 1756 3832 αὐλαίας.
1781 3764 1910 3824 Εἶτα
1938 3771 2055 3835 πῶς

457 3855 560 3908 οὐκ
598 3855 874 3927 ῑσάριθμοι
906 3857 1132 3919 ταύταις
1157 3857 1214 3909 αἱ
1243 3856 1482 3928 δέῥρεις,
1511 3859 1822 3929 περιττεύει
1847 3863 1905 3916 δὲ
1939 3865 2061 3934 μία,

2156 3308 2342 3367 unius.
2398 3302 2548 3375 quod
2588 3309 2673 3357 est
2716 3297 3110 3360 intermedium
3153 3295 3211 3349 in
3241 3290 3648 3349 commissura:
3707 3295 3766 3343 et

2156 3395 2557 3470 quinquaginta
2581 3406 2745 3446 ansas
2799 3388 2970 3444 facies
3033 3387 3089 3449 in
3129 3401 3228 3440 ora
3251 3383 3362 3438 veli
3416 3378 3763 3435 cohaerentis

2155 3489 2389 3547 secundi
2412 3488 2459 3520 9‘
2484 3529 2497 3542 .
2535 3506 2553 3537 ›
2582 3483 2856 3552 Quidnam
2881 3488 2968 3538 est
2990 3478 3095 3535 hoc
3118 3521 3131 3544 ,
3171 3476 3420 3539 Palladi?
3446 3490 3575 3533 nam
3593 3515 3608 3541 ,
3635 3488 3763 3527 cum

2159 3583 2350 3638 decem
2389 3581 2561 3636 aulaaa
2583 3578 2795 3648 erigat',
2827 3591 2949 3646 qua:
2981 3588 3146 3628 causa
3185 3580 3270 3631 est
3315 3585 3416 3625 cur
3467 3583 3583 3629 non
3628 3564 3760 3620 toti-

2162 3675 2287 3731 dem
2331 3673 2445 3729 sint
2502 3671 2663 3734 vela,
2722 3667 2818 3723 sed
2863 3681 3036 3721 unum
3087 3662 3427 3734 superfluat;
3492 3659 3763 3715 nimirum

2163 3764 2571 3823 undecimum?
2616 3761 2934 3833 Conjunges
2999 3759 3186 3822 enim,
3246 3756 3463 3827 inquit,
3512 3753 3766 3825 quinque

2173 3862 2295 3918 vcla
2325 3861 2474 3916 inter
2508 3873 2567 3913 se
2587 3898 2602 3922 ,
2627 3864 2684 3912 et
2711 3870 2809 3910 sex
2834 3853 2957 3909 vela
2998 3853 3143 3907 inter
3165 3866 3244 3906 se.

457 3946 604 4012 τοῦτ’
628 3947 793 4001 ἔστιν.
829 3949 861 4020 ἡ
891 3948 1186 4020 ἑνδεκάτης
1222 3948 1488 4019 Συνάψεις
1513 3952 1641 4023 γὰρ,
1675 3954 1861 4025 φησὶν,
1894 3956 1994 4021 τὰς
2019 3958 2181 4013 πέντε
2203 3956 2416 4027 δέρῤεις
2449 3950 2543 4004 ἐπὶ
2569 3949 2631 4002 τὸ
2658 3947 2812 4011 αὐτὸ,
2848 3946 2944 4000 καὶ
2959 3946 3056 4008 τὰς
3077 3941 3138 4009 ἓξ
3165 3943 3376 4015 δέρῤεις
3407 3940 3501 3993 ἐπὶ
3530 3938 3591 3992 τὸ
3607 3935 3766 3992 αύτό.

526 4042 739 4102 ΠΑΛΛ.
783 4041 899 4094 Οὐκ
930 4040 1038 4113 ἔχω
1069 4041 1296 4113 φράσαι.

536 4133 701 4219 ΚΥΡ.
755 4132 896 4187 Ἀλλ’
921 4133 958 4206 ἡ
997 4150 1061 4203 γε
1097 4133 1247 4199 θέσις
1280 4138 1541 4208 σαφηνιεί
1567 4137 1630 4191 τὸ
1657 4137 2017 4214 ζητούμενον.

534 4315 743 4373 ΠΑΛΛ.
783 4314 908 4379 Πῶς
946 4312 1082 4384 ἔφης
1102 4332 1117 4382 ;

534 4410 700 4465 ΚΥΡ.
743 4411 914 4464 Πέντε
946 4410 1044 4482 μὲν
1068 4410 1177 4483 γὰρ
1203 4411 1435 4476 αὐλαίας
1469 4413 1729 4484 ἀλλήλαις
1764 4433 2062 4486 συνεσφιγ-
2094 4462 2142 4486 Α.

2232 4045 2434 4104 PALL.
2460 4044 2577 4114 Ego
2609 4056 2744 4096 vero
2773 4038 2903 4109 quid
2936 4036 3114 4091 dicam
3137 4075 3150 4100 ,
3181 4050 3292 4088 non
3315 4033 3513 4087 habeo.

2235 4136 2395 4193 (ΝΒ.
2451 4131 2621 4202 Atqui
2668 4130 2789 4201 ipsa
2846 4126 3139 4184 collocatio
3185 4122 3543 4195 perspicuum
3599 4118 3767 4183 faciet

2167 4230 2318 4303 quod
2340 4227 2632 4300 qumritur.

2235 4322 2436 4380 PALL.
2466 4320 2587 4388 Quo
2610 4317 2834 4375 tandem
2863 4316 3060 4372 modo?

2234 4415 2393 4472 CYR.
2440 4412 2580 4469 Nam
2618 4410 2864 4482 quinque
2898 4409 3100 4474 aulaea,
3136 4404 3347 4477 inquit,
3387 4404 3531 4459 inter
3547 4418 3604 4459 se
3628 4417 3765 4458 con-2

463 4503 633 4574 μένας
657 4504 738 4557 ὅτι
774 4504 1019 4575 προσῆκε
1053 4504 1307 4573 γενέσθαι
1343 4507 1528 4576 φησί-,ι’
1560 4508 1756 4580 ἑτέρας
1782 4510 1837 4563 δὲ
1874 4512 2054 4578 πέντε,

2172 4525 2314 4565 nexa
2339 4507 2461 4563 fieri
2500 4480 2790 4576 oportere,
2818 4502 3069 4580 quinque
3114 4499 3307 4555 itidem
3346 4497 3539 4559 altera,
3570 4494 3765 4559 eadem

460 4596 609 4650 κατὰ
638 4595 700 4648 τὸ
751 4595 884 4648 αὐτὸ
913 4596 967 4649 δὲ
1003 4597 1215 4667 σχῆμα,
1249 4598 1344 4651 καὶ
1401 4601 1459 4652 ὲν
1501 4600 1602 4671 ἴσῳ
1633 4600 1820 4673 τρόπῳ
1850 4604 2062 4656 ἀντιτε-

458 4687 759 4757 ταγμένας.
794 4689 1099 4761 Τοιγαροῦν
1143 4690 1405 4762 ἀλλήλοιιν
1464 4692 1557 4745 καὶ
1627 4694 2063 4764 ἁντιπροσώπως

460 4781 994 4853 ἀντεγηγερμέναιν,
1037 4783 1114 4846 ὼς
1165 4785 1229 4836 ὲκ
1283 4782 1512 4855 βορῤέου
1564 4785 1728 4856 τυχὸν
1762 4789 1856 4841 καὶ
1884 4788 2060 4855 νότου,

461 4874 630 4945 ἤγουν
661 4873 721 4940 ἐξ
767 4874 899 4944 ἠοῦς
921 4875 1017 4929 καὶ
1050 4875 1238 4946 μέντοι
1281 4879 1375 4932 καὶ
1411 4877 1654 4948 δυσμῶν,
1682 4879 1944 4953 ἑνδεκάτη
1978 4899 2064 4946 τις

460 4965 494 5035 ὴ
530 4962 618 5023 διὰ
654 4964 823 5035 μέσου
866 4963 1050 5025 λοιπὸν
1096 4965 1445 5038 ἐσχεδιάζετο
1497 4966 1726 5041 πλευρὰ,
1764 4970 1869 5024 άνὰ
1900 4970 2064 5041 μέρος

467 5055 772 5126 ποιουμένη
809 5055 908 5120 τάς
943 5056 1096 5123 δέκα,
1129 5057 1469 5133 διῃρημένας
1492 5061 1572 5124 εἰς
1594 5060 1706 5127 δύο,
1735 5062 1822 5132 ἐφ’
1920 5063 2063 5133 τάχα

463 5161 568 5199 που
592 5147 686 5200 καλ⁵
706 5146 889 5221 δέρρις
913 5149 946 5218 ἡ
980 5148 1246 5217 ἑνδεκάτη
1266 5168 1332 5203 πε
1341 5150 1826 5224 ριτετά[ν]νυσται,
1847 5153 2063 5224 κρίκοις

461 5255 525 5291 τε
560 5238 655 5294 καὶ
681 5238 949 5309 ἀγκύλαις
982 5240 1471 5315 ἄμφωλσυνέχοντα
1508 5242 1606 5307 τὰς
1633 5243 1872 5316 πλευράς
1893 5261 1904 5273 ·
1936 5244 2061 5297 καθ’

463 5332 765 5405 ὁμοιότητα
807 5333 864 5386 δὲ
922 5333 1032 5388 τῶν
1079 5334 1278 5399 ἄλλων,
1333 5337 1428 5391 καὶ
1480 5337 1530 5390 οἱ
1598 5337 1804 5409 ταύτης
1857 5338 2060 5405 στύλοι,

465 5425 609 5497 πλὴν
643 5427 843 5498 ἥττους
881 5428 939 5482 ὲν
984 5426 1226 5498 ἀριθμῷ.
1260 5429 1327 5481 Αἱ
1360 5429 1461 5499 μὲν
1491 5429 1602 5505 γὰρ
1622 5429 1756 5494 δέκα
1811 5429 2058 5499 αὐλαῖαι,

464 5515 721 5588 καθάπερ
766 5517 866 5588 ἤδη
929 5520 1217 5588 προεῖπον,
1253 5519 1335 5582 εἰς
1381 5520 1557 5591 μῆκος
1588 5520 1918 5585 έξετείνοντο
1951 5523 2063 5593 πή-

464 5624 610 5690 χεων
628 5607 775 5663 όκτὼ
798 5609 893 5664 καὶ
930 5610 1156 5675 εἴκοσιν,
1179 5609 1280 5688 ἦγε
1319 5611 1425 5684 μὴν
1449 5612 1710 5692 ἑνδεκάτη
1748 5614 1844 5676 καὶ
1869 5630 2061 5683 μεσαι-

465 5699 604 5771 τάτη
657 5701 766 5755 τῶν
802 5701 1008 5767 ἄλλων,
1049 5701 1107 5754 τὸ
1142 5698 1297 5774 εὖρος
1329 5702 1438 5756 τῶν
1474 5703 1635 5756 πέντε
1666 5703 2060 5777 (τετραπήχεις

548 5880 597 5923 ⁸³
633 5881 787 5937 han.
831 5899 932 5947 \Iv,
970 5881 1059 5934 ‘28.
1156 5880 1200 5913 ⁸³³
1236 5881 1378 5935 l‘snl.
1412 5897 1574 5949 CXVII,
1635 5882 1727 5936 9.7.
1810 5883 1856 5916 "
1909 5882 2083 5939 Exod.

2168 4601 2367 4674 ﬁgura,
2405 4598 2718 4666 eodemque
2754 4578 2920 4650 modo
2947 4591 3223 4664 opposita,
3260 4589 3467 4661 quibus
3508 4603 3540 4643 e
3577 4586 3767 4657 regio-

2168 4711 2240 4751 ne
2266 4705 2435 4764 atquc
2467 4708 2537 4746 ex
2557 4689 2795 4745 adverso
2824 4687 3050 4748 erectis.
3085 4701 3154 4741 ex
3207 4681 3522 4755 aquilonari
3564 4681 3762 4743 latere,

2172 4786 2330 4844 verbi
2362 4785 2561 4858 gratia,
2609 4790 2666 4839 et
2705 4782 2962 4846 australi,
3007 4788 3105 4836 aut
3133 4787 3284 4835 certe
3310 4777 3381 4833 ab
3415 4786 3543 4831 ortu
3596 4785 3655 4829 et
3694 4772 3766 4827 ab

2173 4891 2398 4943 occasu,
2425 4875 2787 4932 undecimum
2815 4874 2927 4946 jam
2956 4869 3352 4927 intermedium
3379 4868 3526 4923 latus
3555 4863 3763 4920 elﬁcie-

2172 4970 2269 5025 bat
2322 4969 2474 5041 quod
2530 4969 2623 5023 illa
2670 4968 2865 5023 decem
2900 4966 3075 5021 aulaea
3130 4958 3472 5034 seiungeret,
3530 4958 3669 5013 duas
3707 4958 3765 5013 in

2172 5067 2364 5131 partes
2408 5059 2609 5125 divisa,
2670 5074 2782 5129 quo
2827 5073 2895 5112 ex
2935 5057 3111 5111 latere
3164 5053 3521 5109 undecimum
3578 5048 3765 5103 velum

2168 5153 2530 5219 tendebatur,
2586 5152 2812 5207 annulis
2863 5156 3030 5219 atque
3085 5147 3237 5202 ansis
3274 5153 3573 5214 utrumque
3618 5142 3766 5198 latus

2167 5244 2465 5300 continens
2491 5261 2504 5297 :
2535 5243 2702 5314 hujus
2727 5255 2952 5313 quoque
2983 5238 3175 5294 lateris
3224 5236 3498 5291 columnae
3550 5232 3768 5289 caneris

2166 5337 2380 5393 similes
2417 5345 2600 5402 erant,
2622 5350 2861 5391 numero
2902 5339 3117 5387 tantum
3143 5329 3459 5401 pauciores.
3496 5326 3633 5383 Nam
3667 5325 3764 5381 illa

2159 5414 2393 5500 quidem
2419 5427 2614 5483 decem
2638 5428 2781 5490 vela,
2808 5432 2870 5480 ut
2904 5426 3020 5479 iam
3060 5422 3198 5487 dixi,
3234 5436 3334 5492 per
3369 5419 3595 5490 longum
3629 5432 3764 5488 por-

2165 5520 2499 5593 rigebantur
2521 5518 2730 5574 cubitis
2760 5524 2889 5573 octo
2924 5523 2982 5571 et
3001 5514 3223 5587 viginti,
3253 5512 3351 5568 sed
3378 5510 3758 5574 undecimum,

2164 5613 2314 5683 quod
2344 5612 2593 5669 medium
2620 5619 2747 5667 erat
2793 5613 2941 5666 inter
2983 5617 3204 5674 caetera,
3239 5622 3365 5662 cum
3411 5602 3760 5677 longitudine

2165 5705 2525 5761 latitudinem
2562 5704 2813 5775 quinque
2867 5702 3211 5773 reliquorum
3261 5704 3545 5769 a‘quaret,
3595 5693 3762 5766 319

2166 5898 2312 5953 xxvi,
2351 5881 2505 5936 7-10.
