4118 6454
437 458 535 515 6M

1154 461 1245 518 DE
1286 434 1735 518 ADORATIONE
1772 460 1841 517 IN
1880 458 2152 517 SPlBlTU
2193 460 2283 516 ET
2330 461 2700 518 VERITATE.
2746 462 2876 518 LIB.
2918 463 3010 519 IX.

3622 442 3733 524 (ιιιιέ

433 576 486 629 δ’
527 574 592 629 ἂν
624 573 710 647 εἴη
733 575 829 632 καὶ
853 564 1007 631 τοῦδε
1026 575 1283 647 Χριστὸς,
1315 576 1495 647 φωτὸς
1531 576 1632 646 μὲν
1657 576 1743 630 ὅτι
1769 576 2027 648 διέλαμψε

2138 578 2364 649 quidem
2407 578 2771 650 signiﬁcatur,
2817 580 3050 637 luminis
3104 580 3280 636 instar
3333 578 3487 636 illum
3537 583 3724 653 splen-

434 665 615 736 δίκην,
660 665 861 734 αὐγαῖς
901 667 1147 740 δηλονότι
1193 669 1316 733 ταῖς
1348 669 1567 740 νοηταῖς
1602 668 1933 740 ἀστράπτων
1959 668 2037 733 ὼς

348 792 355 795 ι
434 757 592 823 Θεὸς,
624 758 719 812 τοῦ
749 759 996 832 ἀργύρου
1030 760 1408 832 σημαίνοντος.
1434 760 1560 814 Ὅτι
1586 758 1644 814 δὲ
1666 759 1919 832 λαμπρὸς
1940 759 2037 815 καὶ

434 850 644 923 εὐηχὴς
670 853 702 905 6
731 853 862 925 περὶ
894 854 999 924 γῆν
1025 853 1176 925 αὐτῷ
1206 853 1504 924 πεποίηται
1523 851 1703 921 λόγος,
1731 850 1874 905 τοῦτ’
1895 851 2033 916 ἔστι,

431 943 497 996 τὸ
541 944 804 1016 κήρυγμα
839 945 903 999 τὸ
946 947 1326 1016 εὐαγγελικὸν,
1354 945 1452 1000 τοῦ
1484 944 1862 1016 περιαργύρου
1902 943 2034 1015 χαλ-

432 1035 536 1091 κοῦ
579 1036 831 1105 πλαγίως
879 1038 1014 1110 ἡμῖν
1049 1039 1508 1112 ὐπεμφαίνοντος.
1544 1035 1762 1108 Εὐηχὴς
1798 1036 1898 1108 μὲν
1925 1034 2035 1107 γὰρ

433 1128 531 1182 καὶ
562 1130 590 1182 6
618 1129 842 1200 χαλκὸς,
875 1130 1131 1203 λαμπρὸν
1169 1130 1227 1185 δὲ
1261 1130 1324 1201 δὴ
1367 1129 1491 1184 λίαν
1529 1128 1623 1183 καὶ
1646 1128 1907 1197 διαφανὲς
1938 1125 2035 1181 τοῦ

434 1223 683 1297 ἀργύρου
716 1221 778 1276 τὸ
815 1224 1025 1295 χρῆμα.
1061 1224 1283 1278 Ἔνεστι
1326 1223 1384 1277 δὲ
1427 1221 1588 1277 τοῦτο
1613 1225 1727 1286 τοῖς
1758 1219 2037 1290 εὐαγγελι-

433 1316 553 1379 κοῖς
603 1314 1084 1386 κηρύγμασι,,καὶ
1145 1314 1354 1368 κατίδοι
1388 1332 1471 1377 τις
1507 1310 1594 1380 ἂν,
1652 1312 1748 1366 τοῦ
1777 1312 2032 1383 Σωτῆρος

431 1407 527 1463 τὸν
560 1408 741 1477 λόγον,
778 1408 975 1480 ἔχοντα
1013 1409 1113 1479 μὲν
1161 1409 1261 1481 τῆς
1306 1409 1388 1472 εἰς
1434 1407 1605 1479 ἄκρον
1663 1403 1942 1468 εὐσεϐείας
1972 1402 2034 1457 τὸ

432 1499 627 1565 διειδές
671 1517 732 1554 τε
763 1501 855 1555 καὶ
877 1500 1136 1572 καθαρὸν,
1155 1500 1285 1570 ὃλην
1301 1498 1355 1552 δὲ
1386 1497 1576 1570 ὥσπερ
1592 1495 2032 1568 περιϐομδοῦντα

431 1591 533 1661 τὴν
554 1592 902 1663 οἰκουμένην.
935 1593 998 1646 Εἰ
1026 1592 1083 1646 δὲ
1115 1591 1179 1661 δή
1204 1609 1288 1654 τις
1321 1590 1499 1643 ἕλοιτο
1525 1590 1654 1653 τοὺς
1677 1588 1869 1657 ἁγίους
1892 1588 2031 1643 ἀποε

435 1682 657 1747 στόλους
685 1684 780 1737 καὶ
809 1683 1205 1753 εὐαγγελιστὰς
1241 1683 1316 1746 ὡς
1347 1685 1405 1736 ὲν
1446 1684 1559 1745 τοῖς
1610 1679 1844 1734 τοιοῖσδε
1869 1679 2032 1750 τυχὸν

432 1773 852 1828 άνατυποῦσθαι
884 1774 1119 1840 στύλοις,
1150 1773 1416 1841 λογιεῖται
1446 1772 1513 1827 τὰ
1545 1771 1752 1825 εἰκότα.
1788 1771 1900 1823 Καὶ
1921 1770 2033 1841 γάρ

431 1869 573 1921 εἰσιν
598 1866 818 1938 ἀληθῶς
848 1865 1039 1939 ὥσπερ
1072 1867 1482 1939 ὴργυρωμένοι,
1513 1864 1605 1920 διὰ
1629 1863 1691 1918 τὸ
1722 1865 1780 1917 ὲν
1816 1863 2032 1935 μεθέξει

2141 669 2353 735 duisse,
2381 685 2506 725 cum
2556 677 2617 724 ut
2662 670 3013 725 Deusmadiis
3046 671 3313 725 nimirum
3343 670 3729 742 spiritualibus

2137 762 2395 834 fulgeret.
2425 762 2644 818 Claram
2669 779 2805 818 vero
2836 778 2901 819 ac
2938 772 3292 820 resonantem
3330 764 3388 818 in
3420 765 3591 821 terris
3605 769 3725 838 ejus

2136 855 2626 925 praedicationem,
2694 854 2750 909 id
2797 864 2901 922 est,
2946 856 3286 927 praeconium
3349 859 3724 931 evangelicum

2136 947 2326 1013 fuisse,
2351 963 2426 1003 aes
2476 946 2613 1001 illud
2658 947 3073 1018 deargentatum
3112 949 3335 1019 oblique
3364 949 3527 1005 nobis
3576 950 3724 1005 indi-

2137 1047 2260 1108 cat;
2329 1055 2456 1095 nam
2525 1056 2602 1095 aes
2655 1039 2878 1110 quidem
2952 1044 3210 1108 resonat',
3292 1041 3388 1097 sed
3435 1050 3724 1114 argentum

2137 1132 2347 1187 clarum
2376 1138 2461 1187 est
2485 1147 2550 1187 ac
2575 1131 2843 1201 lucidum.
2877 1131 3028 1188 Inest
3074 1141 3258 1188 autem
3316 1145 3618 1205 utrumque
3667 1135 3724 1191 in

2135 1222 2455 1293 evangelica
2515 1222 2828 1293 praeconio:
2897 1238 2963 1278 ac
3014 1223 3205 1279 videre
3258 1223 3391 1280 licet
3424 1224 3726 1281 Salvatoris

2134 1314 2314 1371 nostri
2376 1313 2830 1385 praedicationem
2880 1328 3097 1369 summa
3153 1314 3359 1384 pietate
3404 1316 3608 1371 claram
3661 1330 3728 1371 ac
3811 1369 3826 1384 ,

2132 1422 2329 1479 puram
2343 1414 2560 1471 esse,.et
2585 1421 2685 1476 per
2704 1406 3027 1460 universum
3049 1404 3241 1460 orbem
3260 1414 3531 1462 terrarum
3567 1424 3724 1463 reso-

2131 1517 2290 1557 nare.
2333 1499 2492 1568 Quod
2521 1501 2569 1556 si
2601 1500 2728 1571 quis
2749 1499 2887 1555 velit
2912 1506 3139 1556 sanctos
3168 1500 3449 1570 apostolos
3481 1508 3537 1555 et
3561 1517 3727 1556 evan-

2133 1597 2381 1668 gelislas,
2400 1604 2460 1651 ut
2483 1595 2537 1650 in
2563 1595 2841 1667 ejusmodi
2862 1595 3136 1651 columnis
3161 1594 3533 1666 praeﬁgurari,
3553 1595 3600 1651 is
3615 1612 3727 1651 non

2133 1688 2373 1745 absurde
2407 1688 2708 1759 cogitabit:
2745 1697 2873 1744 sunt
2902 1687 3052 1743 enim
3091 1703 3221 1744 sane
3258 1687 3418 1759 quasi
3454 1688 3727 1759 deargen-

2134 1790 2283 1848 tam,
2313 1798 2441 1838 cum
2468 1781 2807 1838 sinthristi
2835 1780 3204 1836 illuminantis
3242 1780 3562 1852 participes.
3616 1780 3736 1835 Ita—1

2135 1890 2242 1946 que
2265 1875 2373 1929 ait:
2411 1893 2430 1925 ι
2451 1874 2521 1929 Et
2557 1874 2665 1928 erit
2702 1873 2965 1945 splendor
2988 1872 3210 1928 Domini
3241 1872 3340 1928 Dei
3360 1872 3536 1927 nostri
3558 1881 3733 1943 super
3832 1883 3839 1890 '

429 1960 686 2029 γενέσθαι
711 1958 954 2032 Χριστοῦ
982 1960 1077 2013 τοῦ
1127 1958 1478 2029 φωτίζοντος.
1522 1958 1813 2030 Τοιγάρτοι
1871 1956 2026 2029 φησί·

2131 1982 2234 2022 nos
2267 1967 2333 2020 ⁸⁸.
2361 1985 2380 2018 ι
2412 1965 2776 2036 Appellantur
2809 1972 3115 2036 praeterea:
3153 1983 3172 2016 ι
3211 1964 3330 2019 Lux
3380 1963 3573 2020 mundi
3600 1965 3666 2017 θ’.
3700 1983 3729 2015 »ι

434 2070 455 2104 ι
486 2052 599 2107 Καὶ
634 2051 786 2105 ἔσται
813 2053 846 2123 ἡ
878 2048 1203 2125 λαμπρότης
1225 2050 1434 2121 Κυρίου
1473 2049 1567 2104 τοῦ
1600 2048 1736 2103 Θεοῦ
1760 2046 1920 2120 ἡμῶν
1942 2047 2029 2117 ἐφ’

428 2145 600 2215 ἡμᾶς.
622 2158 641 2198 t
662 2141 1118 2214 Ὀνομάζονταιδὲ
1135 2142 1230 2196 καὶ
1257 2140 1391 2195 «Τοῦ
1420 2141 1630 2212 κόσμου
1647 2141 1816 2211 φῶς,›
1843 2138 2031 2214 χαλκῷ

426 2234 488 2288 δὲ
537 2232 909 2305 περιαργύρῳ
949 2232 1234 2304 μονονουχὶ
1279 2232 1374 2285 καὶ
1425 2230 1820 2303 ὲμδεὸηκότες.
1854 2232 2034 2301 Ἔρει-

443 2341 563 2396 σμα
593 2326 703 2395 γὰρ
731 2324 940 2390 αὐτοῖς,
971 2322 1164 2394 ὥσπερ
1188 2320 1264 2393 τῷ
1285 2319 1527 2393 λαμπρῷ
1554 2322 1648 2375 καὶ
1672 2321 2031 2392 εὐηχεστάτῳ

426 2416 741 2489 κεχρῆσθαι
762 2414 927 2487 λόγῳ.
951 2434 970 2468 ι
998 2415 1203 2487 Κύριος
1222 2413 1353 2483 γὰρ,
1396 2432 1415 2465 ι
1440 2414 1598 2484 φησὶ,
1632 2432 1649 2465 ι
1684 2410 1847 2466 δώσει
1877 2411 2032 2482 ῥῆμα

424 2513 543 2574 τοῖς
589 2508 1107 2580 εὐαγγελιζομένοις
1152 2506 1385 2576 δυνάμει
1442 2505 1635 2577 πολλῇ.
1664 2523 1684 2557 ι
1725 2506 1929 2577 Ὠραῖοι
1975 2503 2033 2558 δὲ

425 2602 526 2654 κα)⁵
569 2601 619 2653 oi
667 2600 826 2665 πόδες
869 2599 981 2653 τῶν
1024 2595 1533 2668 εὐαγγελιζομένων
1575 2596 1644 2651 τὰ
1698 2594 1901 2666 ἀγαθὰ,
1934 2595 2033 2667 γέ-

426 2708 719 2838 γρῗῐῗιῗλζ.
765 2780 955 2846 Βαθὺς
983 2781 1085 2853 μὲν
1105 2782 1133 2835 ὁ
1156 2779 1335 2850 λόγος,
1365 2778 1528 2851 πλὴν,
1556 2777 1816 2852 ἀληθείας
1841 2777 2033 2849 ἐγγύς.

500 2954 668 3009 ΚΥΡ.
731 2953 1302 3025 Συμπεπερασμένων
1349 2954 1416 3025 δὴ
1466 2947 1561 3009 οῦν
1610 2952 1709 3008 καὶ
1763 2952 1875 3006 τῶν
1935 2954 2031 3008 ἐπὶ

422 3050 551 3110 ταῖς
599 3046 794 3110 αὐλαῖς
840 3046 1316 3117 τεθεσπισμένων,
1359 3048 1441 3111 είς
1494 3044 1677 3100 ἐλαίου
1705 3062 1768 3099 τε
1800 3045 1898 3099 καὶ
1928 3046 2030 3118 μύ-

428 3154 532 3210 ρου
567 3138 663 3192 καὶ.
725 3137 835 3209 μὴν
896 3139 993 3192 καὶ
1041 3137 1409 3210 θυμιαμάτων
1473 3137 1803 3210 μετατρέπει
1859 3155 2030 3192 κατα-

425 3230 653 3303 σκευὴν,
681 3228 828 3285 οὕτω
854 3230 1051 3300 λέγων·
1113 3249 1132 3284 ι
1160 3232 1274 3285 Καὶ
1319 3232 1408 3295 σὺ,
1443 3228 1706 3294 σύνταξον
1736 3232 1851 3293 τοῖς
1893 3232 2030 3294 υἱοῖς

2133 2059 2316 2128 Quid?
2367 2074 2555 2115 nonne
2623 2057 2793 2114 iidem
2870 2058 2969 2114 atri
3020 2058 3378 2130 deargentato
3424 2056 3735 2114 insistunt?

2130 2168 2260 2208 nam
2331 2151 2488 2207 velut
2548 2149 2961 2206 ﬁrmamentum
3008 2150 3283 2222 quoddam
3338 2150 3559 2207 illorum
3602 2160 3724 2219 est,

2130 2243 2281 2315 quod
2337 2242 2650 2313 splendida,
2685 2242 3079 2313 resonantique
3114 2242 3508 2314 praedicatione
3555 2250 3726 2299 utun-

2130 2341 2257 2391 tur:
2283 2355 2300 2387 ι
2323 2334 2590 2390 Dominus
2621 2335 2793 2401 enim,
2821 2354 2839 2386 ι
2859 2334 3060 2405 inquit,
3083 2354 3101 2386 ι
3123 2334 3278 2390 dabit
3306 2335 3730 2392 verbum’evan-

2129 2426 2497 2499 gelizantibus
2531 2427 2736 2491 virtute
2764 2428 2937 2481 multa
2979 2429 3019 2482 ³.
3048 2447 3066 2479 ι
3105 2426 3400 2498 Speciosos
3437 2429 3573 2485 item
3601 2443 3727 2488 esse

2129 2518 2302 2590 pedes
2334 2518 2837 2591 evangelizantium
2857 2518 3026 2586 bona,
3061 2518 3327 2590 scriptum
3355 2527 3442 2575 est
3467 2520 3509 2575 ’.

2199 2769 2401 2828 PALL.
2426 2770 2737 2827 Recondita
2761 2779 2847 2827 est
2872 2770 2977 2825 ista
3019 2769 3245 2841 quidem
3269 2767 3589 2841 expositio;
3624 2767 3724 2824 sed

2130 2873 2316 2920 tamen
2339 2865 2406 2920 ad
2434 2863 2729 2920 veritatem
2759 2861 3012 2935 proxime
3054 2862 3287 2920 accedit.

2203 2956 2367 3014 CYR.
2390 2957 2529 3013 Cum
2552 2958 2725 3029 igitur
2767 2957 2835 3013 de
2870 2956 3063 3012 aulaeis
3106 2957 3409 3029 praecipere
3445 2957 3734 3025 desiisset,

2131 3048 2201 3104 ad
2232 3049 2362 3114 olei,
2392 3058 2451 3105 et
2478 3049 2770 3121 unguenti,
2809 3056 2866 3105 et
2899 3049 3321 3121 thymiamatum
3367 3050 3731 3122 compositio~

2127 3157 2257 3196 nem
2294 3142 2515 3208 transit,
2539 3142 2616 3196 ita
2632 3141 2825 3197 dicens
2845 3159 2900 3194 rt
2925 3141 2995 3196 Et
3020 3150 3082 3196 tu
3112 3142 3347 3213 prazcipe
3378 3141 3508 3197 ﬁliis
3528 3143 3731 3209 Israel,

2128 3240 2187 3287 et
2213 3232 2488 3302 accipiant
2512 3231 2613 3287 tibi
2648 3231 2836 3287 oleum
2880 3246 2949 3286 ex
3002 3230 3186 3297 olivis,
3236 3230 3587 3297 defaecatum,
3617 3247 3726 3302 pu-

438 3324 684 3396 Ἰσραήλο
716 3325 814 3380 καὶ
844 3325 1160 3379 λαόἑτωσάν
1209 3341 1295 3378 σοι
1341 3323 1522 3379 ἔλαιον
1546 3322 1608 3390 ὲξ
1633 3323 1830 3378 ἐλαιῶν
1862 3324 2027 3396 ἄτρυ-

2128 3338 2274 3389 rum,
2302 3330 2621 3389 contusum,
2653 3322 2721 3378 ad
2746 3323 2954 3389 lumen,
2993 3330 3054 3377 ut
3093 3322 3286 3378 ardeat
3316 3323 3546 3378 lucerna
3579 3338 3728 3379 sem-

434 3430 558 3486 γον,
590 3416 854 3487 καθαρὸν,
887 3417 1233 3490 κεκομμένον
1251 3418 1332 3481 είς
1355 3417 1469 3486 φῶς
1495 3415 1719 3482 καῦσαι,
1750 3417 1837 3471 ἵνα
1867 3416 2027 3488 καίη-

425 3518 519 3562 ται
550 3507 743 3579 λύχνος
771 3507 1067 3573 διαπαντὸς
1116 3511 1176 3564 ὲν
1215 3511 1282 3581 τῇ
1341 3512 1518 3582 σκηνῇ
1551 3509 1647 3564 τοῦ
1695 3509 2027 3582 μαρτυρίου,

424 3602 629 3668 εξωθεν
661 3602 757 3656 τοῦ
782 3603 1282 3673 καταπετάσματος
1320 3601 1416 3656 τοῦ
1472 3602 1566 3656 ἐπὶ
1608 3602 1709 3673 τῆς
1734 3601 2021 3674 διαθήκης,

424 3693 527 3748 mi.
554 3692 751 3748 καύσει
782 3693 916 3749 αὐτὸ
937 3693 1192 3765 ὁἈαρὼν
1225 3693 1321 3749 καὶ
1338 3693 1515 3748 οίυίοὶ
1536 3693 1703 3748 αὐτοῦ
1730 3694 1824 3764 ἀφ’
1863 3695 2031 3765 ema-

427 3801 531 3858 ρας
559 3785 667 3849 ἕως
696 3784 865 3857 πρωῒ,
901 3785 1145 3839 ἐναντίον
1175 3784 1407 3858 Κυρίου,
1447 3786 1678 3859 νόμιμον
1703 3786 1920 3841 αἰώνιον
1944 3788 2025 3851 είς

419 3879 527 3943 τὰς
561 3878 759 3949 γενεάς
793 3872 970 3951 ὑμῶν,
1009 3878 1162 3951 παρὰ
1182 3880 1293 3933 τῶν
1326 3880 1463 3935 υίῶν
1498 3879 1746 3952 Ἰσραήλ-
1785 3898 1806 3933 ι

494 3968 708 4026 ΠΔΛΛ.
748 3970 861 4024 Καὶ
888 3970 942 4024 τί
969 3969 1035 4042 δὴ
1054 3967 1214 4025 τοῦτό
1241 3972 1433 4037 tactv;

495 4059 661 4117 ΚΥΡ.
711 4060 1175 4132 Ἀναγκαιοτάτην
1214 4059 1329 4133 ἔχει
1375 4061 1478 4132 τὴν
1522 4060 1777 4132 δήλωσιν,
1810 4061 1906 4115 καὶ
1935 4076 2025 4115 σο-

422 4153 527 4223 φὸν
564 4150 709 4206 εῖναι
737 4169 883 4225 φημι
911 4152 975 4206 τὸ
1003 4152 1232 4225 αἴνιγμα
1255 4170 1270 4185 ο
1308 4151 1451 4206 ἑπτὰ
1488 4152 1588 4223 μὲν
1632 4151 1743 4223 γὰρ
1782 4151 2031 4223 λύχνοιςτ

422 4246 745 4318 καιομένοις
798 4262 860 4300 τε
891 4244 979 4300 ἀεὶ
1016 4247 1113 4300 καὶ
1135 4247 1418 4316 φαίνουσιν
1450 4246 1508 4300 ὲν
1550 4247 1617 4317 τῇ
1658 4245 1790 4317 ἁγίᾳ
1824 4247 2021 4316 σκηνῇ,

421 4338 520 4394 τὸν
552 4340 642 4396 διὰ
691 4338 934 4413 Χριστοῦ
985 4338 1266 4411 φωτισμὸν
1311 4338 1717 4411 παρεικαστέον
1757 4333 1818 4393 εὖ
1852 4338 2020 4410 μάλα,

422 4433 669 4507 διαρκῶς
694 4432 886 4506 ἔχοντα
917 4433 1055 4507 πρὸς
1078 4433 1140 4486 τὸ
1168 4432 1470 4505 ὲλλάμπειν
1494 4431 1751 4486 δύνασθαι
1774 4432 1868 4486 καὶ¹
1891 4433 2022 4486 ἀναί-

423 4526 631 4593 καίειν,
657 4527 779 4598 ἥτοι
810 4524 1175 4597 άναμεστοῦν,
1203 4524 1314 4579 τῶν
1343 4525 1709 4579 πιστευόντων
1739 4523 1830 4578 τὸν
1871 4523 2017 4578 νοῦν.

438 4617 701 4691 Ἀριθμὸς
741 4617 852 4689 γάρ
880 4634 999 4680 πως
1044 4618 1073 4672 6
1109 4614 1371 4680 είςὲπτὰ
1399 4615 1498 4688 τὴν
1537 4614 1640 4685 τῆς
1684 4613 2022 4680 τελειώσεως

2127 3429 2228 3487 per
2264 3417 2319 3470 in
2366 3415 2728 3471 tabernaculo
2762 3414 3092 3481 testimonii,
3144 3421 3300 3470 extra
3332 3415 3517 3471 velum
3575 3414 3734 3485 quod

2125 3517 2213 3564 est
2244 3522 2412 3579 super
2448 3523 2637 3564 arcam
2679 3508 3011 3575 testimonii,
3047 3514 3109 3563 et
3135 3506 3405 3563 accendet
3430 3507 3582 3563 illam
3615 3506 3729 3561 Aa-

2127 3614 2249 3664 ron,
2282 3606 2343 3655 et’
2362 3598 2461 3654 ﬁlii
2488 3600 2631 3670 ejus,
2650 3615 2682 3655 a
2701 3614 2933 3671 vespera
2961 3615 3140 3670 usque
3161 3599 3323 3671 3'21
3356 3614 3520 3655 mane
3536 3613 3727 3654 coram

2125 3689 2379 3755 Domino,
2405 3689 2713 3762 legitimum
2753 3689 3157 3762 sempiternum
3213 3690 3271 3745 in
3316 3690 3612 3764 progenies
3633 3705 3733 3746 ve-

2126 3788 2271 3838 stras
2296 3797 2328 3836 a
2348 3780 2478 3838 ﬁliis
2501 3779 2675 3838 Israel
2699 3781 2745 3837 ⁸.
2788 3801 2809 3835 ι

2196 3960 2397 4017 PALL.
2428 3960 2573 4029 Quid
2599 3960 2747 4017 istud
2774 3961 2993 4017 tandem
3021 3962 3151 4019 est?

2195 4050 2354 4109 CYR.
2401 4052 2790 4108 Necessarium
2818 4067 2951 4109 sane
2975 4054 3033 4108 in
3057 4052 3254 4125 primis
3279 4052 3343 4108 ut
3385 4052 3728 4121 declaretur,

2124 4155 2184 4202 et
2208 4145 2409 4202 scitum
2429 4159 2550 4201 esse
2572 4145 2805 4216 aenigma
2826 4160 3027 4201 censeo
3051 4163 3065 4200 :
3095 4159 3222 4200 nam
3245 4153 3459 4217 septem
3480 4147 3736 4204 lucernis

2124 4237 2483 4303 ardentibus,
2522 4251 2589 4292 ac
2632 4251 2854 4307 semper
2886 4221 3347 4291 in'tabcrnaculo
3383 4236 3731 4303 lucentibus,

2123 4329 2330 4387 Christi
2371 4327 2704 4383 illuminatio
2744 4326 3029 4398 aptissime
3071 4334 3444 4398 comparatur,
3488 4344 3613 4400 quae
3653 4329 3733 4386 ad’

2122 4422 2340 4478 animos
2378 4406 2623 4476 ﬁdelium
2664 4419 3057 4486 illustrandos,
3105 4427 3271 4490 atque
3309 4418 3723 4489 accendendos,

2123 4510 2593 4583 complendosque
2623 4509 2826 4566 sufﬁcit
2863 4529 2875 4563 :
2914 4525 3041 4566 nam
3073 4510 3421 4582 septenarius
3456 4526 3733 4570 numerus

2123 4606 2332 4677 ubique
2352 4604 2811 4677 signiﬁcationem
2826 4603 3188 4674 perfectionis
3209 4603 3472 4674 insinuat,
3506 4614 3573 4661 ut
3595 4621 3750 4693 cum.

417 4688 658 4777 δήλωσιν
681 4688 1013 4778 ὑπεμφαίνει
1038 4706 1309 4778 πανταχῆ.
1347 4705 1435 4769 Ὦς
1456 4705 1515 4759 ἐν
1539 4722 1603 4775 γε
1628 4703 1705 4776 τῷ
1732 4706 1901 4775 φάναι
1926 4723 2019 4758 τυο

2127 4698 2281 4753 verbi
2300 4696 2477 4767 gratia
2492 4695 2629 4751 dicit
2649 4711 2695 4748 ει
2720 4693 2938 4749 Sterilis
2961 4700 3145 4749 autem
3165 4695 3381 4766 peperit
3400 4705 3610 4767 septem
3628 4697 3670 4764 ⁸,
3695 4718 3718 4751 ι
3740 4688 3757 4762 ἰ

422 4799 543 4871 χόν,
584 4816 604 4852 ι
642 4798 843 4869 Στεῖρα
864 4798 920 4851 δὲ
945 4797 1134 4853 ἔτεκεν
1165 4797 1327 4861 ἑπτὰ,
1366 4815 1385 4849 ι
1427 4795 1574 4851 τοῦτ’
1607 4796 1723 4850 ἔστι
1745 4837 1760 4862 ,
1791 4796 2021 4850 πλεῖστά

421 4908 485 4944 τε
505 4891 601 4945 καὶ
629 4891 730 4944 ὅσα
754 4890 924 4963 ἐχρῆν
951 4886 1093 4945 εἶναι
1119 4889 1256 4961 πρὸς
1276 4890 1631 4961 αὐτάρκειαν.
1670 4888 2021 4943 ’Λνακαίουσι

420 4981 628 5046 δὲτοὺς
648 4980 882 5052 λύχνους
917 4980 1136 5053 ’Δαρὼν
1157 4997 1221 5033 τε
1254 4981 1350 5035 καὶ
1379 4980 1432 5033 ot
1461 4979 1662 5047 λοιποὶ,
1693 4980 1744 5032 οί
1774 4979 1870 5032 καὶ
1902 4980 2018 5048 μετ’

425 5073 596 5127 αὐτὸν
637 5074 829 5145 ἱερεῖς.
863 5073 1163 5137 ’Δσὸεστος
1187 5072 1298 5145 γὰρ
1334 5071 1524 5144 ὥσπερ
1545 5073 1574 5125 6
1603 5071 1758 5143 παρὰ
1781 5070 2019 5143 Χριστοῦ

422 5163 709 5235 φαπισμὺς
736 5166 795 5219 ὲν
832 5164 1182 5236 Ἐκκλησίαις
1222 5163 1454 5229 σώζεται
1483 5164 1604 5228 ταῖς
1632 5163 1743 5216 τῶν
1771 5161 2021 5234 ἱερᾶσθαι

422 5259 863 5331 κεκληρωκότων
922 5258 1250 5321 ὲπιεικείαις
1279 5298 1294 5323 ,
1355 5258 1406 5311 οἳ
1450 5259 1570 5320 ταῖς
1625 5256 1706 5320 είς
1744 5255 2022 5327 ὀρθότητα

426 5351 841 5424 μυσταγωγίαις
871 5349 962 5403 τὸν
984 5350 1093 5403 τῶν
1111 5349 1475 5404 πιστευόντων
1495 5344 2024 5417 καταλαμπρύνουσι

353 5430 367 5439 ’
421 5443 574 5498 νοῦν.
610 5443 777 5497 Τουτὶ
821 5441 952 5514 γὰρ,
1003 5437 1181 5513 οἶμαι,
1212 5438 1331 5494 ἔστι
1374 5440 1437 5493 τὸ
1483 5436 1845 5494 άνακαίεσθαι
1891 5436 2021 5501 τοὺς

419 5538 654 5609 λύχνους
691 5536 802 5592 ἀπὸ
847 5534 1090 5606 ἑσπέρας
1136 5533 1243 5598 ἕως
1286 5533 1455 5605 πρωΐ.
1510 5531 1742 5587 Σκοτίαν
1779 5530 1837 5584 δὲ
1865 5524 2020 5601 οἶμαι

419 5630 523 5703 τὴν
556 5631 622 5682 ὲκ
654 5626 904 5681 διαϐόλου
940 5625 1229 5697 πλάνησιν,
1285 5627 1378 5679 καὶ
1423 5625 1620 5698 νοητὴν
1659 5625 1849 5695 ὥσπερ
1895 5620 2019 5676 τινὰ

421 5720 594 5775 νύκτα
628 5716 771 5773 κατὰ
797 5714 935 5772 ,νοῦν
967 5717 1281 5789 ἀνθρώποις
1336 5716 1766 5788 συμϐαίνουσαν,
1801 5715 1870 5770 τὰ
1902 5715 2014 5769 τῶν

514 5832 735 5905 ’ξΡθιιλ
770 5814 985 5905 ιιιιιιιῐιι,
1018 5833 1109 5888 ιτ.
1186 5831 1449 5889 "Matth.
1480 5799 1680 5905 v.14.
1752 5828 1772 5864 ί
1814 5830 1962 5888 Psal.

424 5904 449 5941 ⁸
481 5904 505 5960 i
534 5898 675 5975 lteg.
707 5918 766 5969 ιι,
801 5902 856 5957 5.

2069 5840 2232 5892 van,
2290 5821 2377 5876 12.
2471 5817 2628 5872 'Isa.
2686 5832 2777 5884 ιιι,
2840 5816 2891 5871 7.

2126 4791 2183 4847 id
2211 4798 2315 4856 est,
2347 4788 2640 4862 plurimos,
2675 4794 2732 4841 et
2756 4793 2892 4856 quot
2916 4800 3057 4856 opus
3084 4793 3205 4840 erat
3238 4794 3299 4841 ut
3334 4786 3470 4841 satis
3512 4778 3726 4842 essent.

2123 4881 2451 4938 Accendunt
2490 4893 2658 4950 porro
2697 4877 2952 4933 lucernas
2978 4877 3183 4944 Aaron,
3212 4884 3272 4932 et
3305 4876 3501 4948 reliqui
3534 4892 3727 4932 sacer»

2120 4974 2300 5039 dotes,
2330 4972 2426 5043 qui
2467 4971 2523 5027 ei
2565 4977 2985 5035 successerunt;
3022 4983 3134 5023 non
3164 4967 3312 5023 enim
3350 4967 3727 5040 exstinguitur
3824 4984 3834 4992 ·

2119 5068 2214 5124 illa
2237 5065 2449 5123 Christi
2475 5063 2830 5130 illuminatio,
2867 5078 2989 5133 quae
3020 5062 3078 5117 in
3106 5060 3378 5128 ccclesiis,
3402 5077 3595 5117 eorum
3623 5064 3721 5133 qui

2119 5158 2189 5215 ad
2227 5155 2523 5214 sacerdotii
2558 5169 2764 5209 munus
2799 5153 3101 5223 eliguntur,
3132 5150 3419 5221 probitate
3437 5154 3744 5219 servatur,“

2120 5249 2252 5307 dum
2276 5240 2444 5305 rectis
2471 5245 2783 5316 disciplinis
2807 5243 3020 5299 animos
3042 5241 3388 5298 credentium
3417 5243 3717 5300 illustrant.

2122 5342 2240 5398 Hoc
2263 5339 2434 5405 enim,
2456 5345 2534 5404 ⁶ιιι
2556 5336 2773 5408 opinor,
2800 5345 2886 5392 est
2914 5349 2945 5390 a
2966 5349 3197 5405 vespera
3222 5350 3400 5405 usque
3432 5349 3594 5391 mane
3627 5353 3719 5391 ar-

2119 5436 2253 5491 dere
2283 5434 2566 5489 lucernas.
2603 5426 2885 5484 Tenebras
2918 5432 3103 5481 autem
3129 5441 3252 5481 esse
3284 5434 3419 5498 puto
3444 5424 3721 5497 errOrem,

2118 5526 2189 5582 ad
2224 5538 2389 5596 quem
2419 5520 2673 5577 diabolus
2701 5517 2957 5590 impellit,
2983 5531 3049 5574 ac
3072 5517 3419 5589 spiritualem
3447 5519 3716 5589 quodam-

2118 5617 2287 5674 modo
2321 5621 2545 5671 noctem
2571 5611 2773 5667 animis
2800 5610 3089 5666 hominum
3112 5609 3368 5677 oﬁ'usam,
3394 5626 3594 5667 censeo
3621 5622 3715 5667 ne:
3740 5606 3751 5617 ’

2118 5711 2387 5766 fariorum
2409 5702 2799 5761 haereticorum
2839 5703 3105 5758 obscuras
3127 5702 3614 5772 tenebricosaSque
3636 5705 3722 5762 fa-

2997 5816 3017 5849 ³
3046 5814 3221 5871 Exod.
3268 5830 3436 5878 nm,
3479 5810 3571 5882 20,
3622 5809 3707 5879 21.
