4118 6458
390 440 498 495 8ίό
1414 428 1470 485 3-.
1511 425 1787 485 CYRILLI
1827 425 2299 483 ALEXANDle
2330 420 2631 483 ARCHIEP
3557 416 3661 475 ιιι

395 552 920 622 δαισενΡρτρθιιιιιιυ
940 549 1109 621 igitur
1131 563 1194 603 ae
1216 548 1345 619 juge
1369 547 1543 601 nostri
1574 545 1872 600 Salvatoris
1893 544 1980 599 lu-

2088 545 2315 598 ἀνοσίων
2346 542 2645 614 αἱρετικῶν
2686 539 2903 611 ἀφεγγῆ
2943 556 2999 592 τε
3025 526 3117 593 καὶ
3148 526 3368 609 ἀμυδρά
3398 535 3664 609 μυθάρια.

399 660 526 699 men
547 643 604 697 in
623 641 885 697 Ecclesiis
906 637 1207 701 videbitur,
1237 630 1282 690 si
1305 650 1495 690 earum
1528 633 1774 704 magistri
1799 632 1986 687 divina

2088 636 2345 706 Διηνεκές
2376 631 2469 688 οῦν
2499 633 2607 705 ἄρα
2656 634 2748 686 κα)⁸
2782 630 3159 699 ἀκατάληκτον
3194 628 3290 683 τοῦ
3326 627 3578 699 Σωτῆρος
3603 628 3666 682 τὸ

394 732 820 802 evangelicaque
860 728 1132 799 praeconia
1168 735 1317 781 recte
1359 726 1813 795 interpretentur.
1848 723 1986 777 Pur-

393 834 577 896 gatum
616 838 781 893 porro
822 831 905 876 est
945 822 1127 876 oleum
1162 837 1177 885 ;
1212 834 1338 872 nam
1365 818 1434 872 ab
1473 816 1622 871 omni
1657 816 1787 870 faece
1825 823 1986 883 atque

395 914 759 972 crassitudine
791 928 1016 983 prorsus
1042 918 1253 966 remota
1279 916 1367 964 est
1402 909 1489 962 illa
1519 907 1587 961 de
1615 907 1819 962 divinis
1848 906 1985 975 dog-

394 1007 557 1061 matis
592 1013 741 1059 recta
766 1021 833 1063 ac
863 1020 1013 1066 vera,
1042 1013 1097 1058 et
1136 1002 1314 1056 omnis
1338 1000 1460 1054 vitii
1496 1014 1692 1069 expers
1722 998 1985 1068 pradica-

396 1097 495 1162 tio,
521 1112 642 1167 qua:
667 1095 815 1150 illam
841 1095 1143 1149 Salvatoris
1166 1093 1342 1148 nostri
1367 1090 1825 1146 illuminationem
1848 1104 1989 1143 sem-

394 1202 496 1259 per
516 1188 751 1252 excitat;
787 1202 895 1240 non
924 1185 1070 1255 quod
1095 1185 1210 1255 ipsa
1235 1200 1335 1254 per
1362 1199 1419 1238 se
1453 1180 1659 1251 aliquid
1689 1180 1757 1233 ad
1779 1180 1985 1234 Christi

394 1277 742 1347 splendorem
791 1275 1012 1345 adjiciat
1076 1275 1234 1346 (nam
1300 1274 1454 1327 illum
1504 1279 1698 1342 putare
1747 1270 1988 1326 hominis

394 1382 564 1438 opera
607 1367 875 1437 indigere,
912 1381 1140 1421 summae
1187 1365 1480 1419 dementiae
1512 1362 1640 1433 est),
1675 1362 1770 1416 sed
1816 1363 1983 1433 quod,

394 1472 520 1515 cum
554 1458 650 1512 lux
681 1473 812 1511 vera
842 1465 899 1511 et
925 1457 1185 1526 splendor
1232 1455 1409 1512 Patris
1448 1453 1521 1508 sit
1566 1452 1839 1517 Christus,
1884 1454 1985 1508 do-

397 1556 613 1602 ctorum
645 1547 809 1600 rectis
832 1546 1313 1616 praedicationibus
1338 1546 1599 1615 idipsum,
1625 1544 1772 1614 quod
1798 1561 1987 1601 revera

394 1645 500 1702 est,
530 1634 872 1690 credentium
897 1636 1174 1689 mentibus
1200 1643 1482 1705 appareat.

2087 728 2204 797 φῶς
2251 726 2425 796 ὁρῷτο
2469 727 2535 779 ἂν
2575 727 2636 778 ἐν
2683 720 3048 793 Ἑκκλησίαις,
3076 718 3543 791 διερμηνευόντων
3569 717 3666 790 δρα

2086 818 2193 881 θῶς
2220 819 2288 870 τά
2317 816 2438 870 θεῖά
2482 832 2542 868 τε
2572 814 2666 868 καὶ
2711 812 3043 880 εὐαγγελικά
3087 810 3422 880 κηρύγματα
3464 808 3574 862 τῶν
3604 812 3664 862 ἐν

2086 911 2275 972 αὐταῖς
2318 907 2675 961 διδασκάλων.
2724 904 2981 973 Καθαρὸν
3026 903 3082 955 δὲ
3112 901 3172 954 τὸ
3213 902 3388 953 ὲλαιον
3421 916 3434 930 ⁸
3463 901 3663 971 τρυγὸς

2084 1005 2193 1073 γὰρ
2218 1003 2409 1072 ὥσπερ
2436 1002 2528 1054 καὶ
2556 1000 2727 1072 ῥύπου
2754 999 2954 1060 παντὸς
2986 997 3332 1066 ἀπήλλακται
3388 994 3666 1058 παντελῶς

2083 1097 2113 1148 ὁ
2153 1096 2281 1164 περί
2315 1112 2379 1164 γε
2418 1094 2528 1146 τῶν
2561 1092 2719 1146 θείων
2740 1092 3026 1162 δογμάτων
3056 1088 3214 1160 ὀρθός
3241 1107 3298 1141 τε
3329 1089 3423 1141 καὶ⁵
3458 1087 3668 1159 ἀληθὴς

2086 1187 2183 1240 καὶ
2217 1186 2426 1258 ἀμιγὴς
2461 1183 2554 1237 τοῦ
2596 1182 2837 1255 χείρονος
2870 1183 3047 1249 λόγος,
3087 1181 3145 1245 ὃς
3174 1182 3261 1234 ἀεὶ
3291 1180 3384 1234 τοῦ
3414 1179 3671 1251 Σωτῆρος

2085 1276 2288 1348 ἐγείρει
2333 1276 2427 1329 τὸν
2458 1274 2756 1345 φωτισμὸν,
2792 1275 2890 1327 οὐκ
2923 1272 3084 1333 αὐτὸς
3110 1270 3321 1326 οἴκοθέν
3360 1288 3415 1324 τι
3446 1287 3673 1343 προστιει

2087 1370 2198 1432 θεὶς
2221 1370 2302 1431 εἰς
2322 1368 2683 1438 λαμπρότητα
2708 1365 2784 1436 τῷ
2814 1365 3034 1436 Χριστῷ
3079 1365 3298 1434 (κομιδῇ
3335 1364 3444 1434 γὰρ
3474 1363 3668 1432 εὔηθες

2084 1463 2147 1516 τὸ
2191 1454 2482 1533 ἀνθρώπου
2533 1459 2737 1513 δεῖσθαι
2772 1457 3015 1528 νομίζειν
3047 1455 3254 1525 αὑτὸν),
3286 1455 3400 1506 ἀλλ’
3431 1455 3515 1507 ὅτι
3550 1455 3666 1523 φῶς

2086 1553 2148 1607 τὸ
2191 1551 2442 1623 ἀληθινὸν
2486 1552 2579 1605 καὶ
2612 1548 2954 1617 ἀπαύγασμα
2978 1547 3069 1601 τοῦ
3113 1546 3327 1617 Πατρὸς
3352 1544 3614 1614 ὑπάρχων
3639 1547 3668 1597 ὁ

2085 1643 2345 1713 Χριστὸς,
2401 1646 2515 1706 τοῖς
2553 1644 2631 1706 εἰς
2658 1641 2928 1713 ὀρθότητα
2955 1638 3063 1691 τῶν
3095 1636 3433 1691 διδασκάλων
3463 1635 3663 1702 λόγοις,

2085 1734 2230 1788 τοῦθ’
2258 1735 2396 1804 ὅπερ
2429 1734 2578 1787 ἐστὶν
2614 1731 2853 1802 ἀληθῶς,
2877 1732 2994 1792 ταῖς
3025 1728 3132 1782 τῶν
3161 1718 3525 1785 πιστευόντων
3552 1727 3667 1779 δια-

2087 1824 2255 1887 νοίαις
2302 1824 2570 1891 φαίνεται.

470 1915 668 1972 PALL.
691 1914 803 1970 Cur
825 1920 1009 1970 autem
1034 1912 1213 1967 oleum
1239 1927 1305 1967 ex
1329 1911 1492 1968 olivis
1513 1929 1634 1969 esse
1659 1872 1828 1968 dicit?
1848 1912 1982 1968 Nam

2095 1872 2681 1971 ΠΕΧΑᾸΪΚᾏῖέωτε
2716 1913 2777 1968 τὺ
2813 1914 2992 1967 ἔλαιον
3025 1912 3085 1978 ἐξ
3111 1911 3306 1966 ἐλαιῶν
3340 1908 3481 1965 εἷναί
3500 1922 3666 1980 φησι;

395 2007 567 2063 verba
598 2015 708 2061 tam
741 2016 996 2061 accurate
1024 2005 1171 2060 dicta
1200 2004 1434 2060 fortasse
1466 2006 1984 2076 contemplationem

393 2095 637 2168 aliquam
671 2097 1037 2151 necessariam
1080 2095 1384 2150 continent.

470 2184 626 2242 ΟΥΕ.
662 2185 877 2256 Optime
910 2185 1212 2241 existimas.
1263 2186 1451 2241 Dicam
1503 2185 1686 2256 itaque
1727 2184 1874 2255 quod
1930 2185 1987 2240 in

388 2289 638 2332 mentem
669 2277 838 2332 venit.
883 2277 1005 2332 Non
1049 2292 1117 2331 ex
1160 2276 1322 2331 olivis
1362 2277 1559 2341 solum,
1602 2277 1833 2342 Palladi,
1878 2277 1986 2333 olei

399 2384 559 2424 usum
595 2385 841 2440 quaerere
873 2370 1056 2424 solent
1082 2369 1355 2439 ejusmodi
1383 2385 1566 2423 rerum
1592 2369 1778 2440 periti,
1803 2368 1899 2424 sed
1919 2385 1985 2423 ex

397 2455 522 2515 aliis
554 2459 975 2530 quamplurimis
1013 2459 1238 2524 alienis,
1270 2459 1730 2529 terrestribusque
1760 2458 1986 2513 semini-

398 2548 504 2605 bus
531 2567 546 2603 :
573 2556 738 2618 atque
762 2549 897 2604 illud
918 2549 1141 2620 quidem
1164 2550 1442 2605 sincerum
1468 2566 1536 2605 ex
1561 2550 1720 2605 olivis
1750 2558 1835 2605 est
1855 2566 1986 2621 pro-

399 2637 728 2703 batissimis;
763 2638 1134 2692 adulterinum
1166 2654 1352 2708 porro,
1377 2648 1433 2693 et
1461 2639 1514 2693 vi
1545 2638 1801 2708 quadam,
1835 2647 1891 2693 et
1921 2654 1990 2693 ex

398 2737 519 2787 arte
551 2729 772 2795 factam,
799 2730 960 2799 322
993 2739 1050 2785 et
1076 2730 1482 2801 quodammodo
1515 2731 1742 2785 minime
1771 2745 1987 2797 verum,

399 2821 537 2878 illud
564 2821 848 2887 nimirum,
874 2822 1023 2893 quod
1052 2839 1082 2877 e
1118 2824 1481 2879 terrestribus
1515 2822 1822 2878 seminibus
1853 2838 1990 2877 con-

401 2909 606 2967 ﬁcitur.
651 2910 890 2967 Sincerze
935 2912 1103 2983 igitur
1154 2928 1217 2968 ac
1247 2928 1393 2968 vera:
1429 2911 1823 2983 praedicationi,
1866 2928 1990 2987 quae

401 3015 501 3070 per
530 3016 825 3071 supernam
859 3001 1182 3072 sapientiam
1219 3002 1288 3058 iis
1312 3003 1407 3072 qui
1438 3008 1567 3057 sunt
1612 3001 1797 3055 idonei
1854 3002 1989 3057 sub-

401 3092 766 3158 ministratur,
808 3094 990 3148 oleum
1033 3109 1102 3147 ex
1145 3093 1305 3147 olivis
1349 3092 1660 3148 confectum
1709 3092 1990 3162 aptissime

399 3190 767 3252 comparatur.
802 3182 941 3236 Illud
963 3198 1096 3238 vero
1120 3198 1315 3253 genus,
1346 3181 1493 3251 quod
1522 3197 1590 3236 ex
1618 3181 1873 3237 humanis
1895 3197 1989 3238 co-

400 3274 584 3346 gitatis
615 3281 670 3328 et
719 3272 982 3327 instinctu
1007 3273 1344 3328 daemoniaco
1360 3282 1639 3343 repertum
1660 3282 1764 3339 est,
1785 3274 1833 3327 ei
1858 3290 1986 3344 per-

400 3363 579 3419 simile
605 3363 728 3418 oleo
754 3362 993 3429 videtur,
1017 3364 1162 3433 quod
1186 3379 1255 3418 ex
1281 3362 1645 3434 quorumdam
1670 3374 1787 3418 arte
1822 3374 1880 3419 et
1911 3372 1990 3419 ta-

400 3452 786 3507 bernariorum
835 3466 1002 3523 opera
1044 3453 1369 3519 conﬁcitur,
1418 3454 1685 3524 cujusque
1728 3469 1863 3509 usus
1906 3461 1990 3509 est

398 3540 628 3597 minime
654 3541 952 3612 legitimus.
988 3543 1206 3598 Inutilis
1240 3558 1406 3613 porro
1432 3552 1517 3598 est
1543 3545 1814 3615 ejusmodi
1846 3560 1989 3614 prte-

398 3633 623 3696 dicatio,
656 3641 713 3688 et
740 3633 1056 3703 rejicienda,
1079 3642 1135 3690 et
1158 3634 1383 3689 omnino
1406 3634 1473 3689 ad
1505 3634 1749 3689 scientiae
1783 3635 1991 3691 Christi

399 3722 859 3789 illuminationem
889 3724 1157 3780 inefﬁcax.
1185 3725 1373 3795 Itaque
1398 3725 1453 3779 in
1478 3725 1740 3781 Ecelesiis
1762 3727 1991 3784 minime

399 3818 690 3887 recipitur,
721 3835 902 3890 neque
932 3818 1286 3891 fragrantiam
1316 3820 1490 3873 sancti
1518 3818 1756 3890 Spiritus
1777 3820 1944 3876 habet
1971 3840 1984 3876 :

407 3926 428 3959 ι
461 3908 635 3963 Nemo
663 3910 868 3980 quippe
897 3910 1052 3973 dicit,
1087 3909 1355 3964 Dominus
1393 3909 1574 3975 .Iesus,
1615 3910 1719 3965 nisi
1761 3911 1817 3965 in
1862 3911 1987 3983 Spi-

400 3999 512 4054 ritu
544 4009 736 4057 sancto
772 4003 833 4069 ⁸;
891 4020 910 4053 ι
964 4017 1144 4072 neque
1185 4001 1557 4058 sinceritatem
1595 4018 1659 4058 ac
1692 4003 1988 4073 puritatem

396 4092 672 4157 veritatis,
708 4102 805 4149 aut
836 4111 1000 4151 usum
1025 4095 1286 4165 aliquem,
1317 4097 1410 4166 qui
1446 4097 1858 4168 intelligentiam
1887 4098 1990 4153 ad-

393 4188 572 4258 juvet.
606 4187 745 4242 Illud
796 4198 979 4244 autem
1023 4185 1284 4243 observes
1326 4189 1521 4255 velim,
1568 4189 1744 4259 legem
1791 4190 1987 4260 praeci-

402 4290 535 4348 pere
586 4287 648 4334 ut
686 4295 718 4334 a
751 4278 880 4335 ﬁliis
902 4280 1068 4334 Israel
1098 4279 1367 4350 ejusmodi
1396 4297 1464 4335 ex
1493 4281 1653 4336 olivis
1688 4282 1869 4336 oleum
1903 4281 1987 4337 af—

396 4368 609 4424 feratur
635 4389 646 4423 :
676 4378 735 4425 ut
756 4371 909 4441 enim
935 4372 1099 4440 paulo
1127 4380 1253 4427 ante
1277 4372 1412 4438 dixi,
1439 4373 1758 4443 praedicatio
1782 4376 1987 4430 verita-

395 4458 469 4512 tis
502 4460 614 4515 Deo
642 4469 899 4531 tanquam
924 4462 1138 4519 fructus
1189 4464 1413 4533 quidam
1456 4471 1620 4533 atque
1648 4464 1853 4520 oblatio
1878 4466 1990 4536 spi-

2084 2007 2362 2076 τοιγάρτοι
2392 2006 2514 2059 λίαν
2547 2005 2772 2077 ἀκριϐὲς
2791 2005 3079 2074 τοῦλόγου,
3117 2003 3256 2075 τάχα
3285 2021 3339 2056 τι
3366 2002 3477 2056 τῶν
3498 2002 3667 2071 ἀναγέ

2086 2098 2256 2151 καίων
2293 2094 2471 2151 ὠδίνει
2496 2096 2891 2167 θεωρημάτων.

2157 2188 2322 2241 ΚΥΡ.
2352 2189 2586 2259 Ἀρίστα
2609 2186 2817 2258 διανοῇ,
2846 2186 2941 2242 καὶ
2968 2187 3094 2255 τόγε
3126 2187 3205 2250 είς
3228 2185 3352 2240 νοῦν
3376 2178 3510 2257 ἧκον
3532 2175 3669 2255 ἓρῶε

2086 2278 2200 2331 υύκ
2223 2279 2287 2329 ἐκ
2307 2277 2484 2347 μόνων
2505 2278 2634 2346 ἡμῖν
2651 2276 2865 2339 ἐλαιῶν,
2888 2269 2933 2328 ὦ
2952 2274 3239 2340 Πειλλάδιε,
3254 2275 3351 2345 τὴν
3371 2275 3465 2328 τοῦ
3482 2274 3664 2328 ἐλαίου

2087 2369 2276 2440 χρείαν
2325 2367 2668 2437 ἐπιτηδεύειν
2724 2366 2843 2430 ἔθος
2891 2368 3004 2429 τοῖς
3050 2366 3226 2420 ταῦτα
3281 2367 3497 2434 σοφοῖς,
3528 2363 3670 2417 ἀλλά

2086 2461 2181 2513 καὶ
2199 2457 2259 2522 ἐξ
2275 2459 2477 2528 ἑτέρων
2495 2459 2636 2511 ὅσων
2683 2458 2854 2512 νόθων
2881 2476 2941 2511 τε
2966 2459 3062 2512 καὶ
3089 2458 3472 2527 γεωδεστέρων
3499 2474 3670 2527 σπερ-

2090 2551 2296 2618 μάτων.
2332 2550 2441 2603 Kal.
2464 2549 2527 2602 τὸ
2558 2549 2657 2618 μὲν
2685 2552 2909 2620 γνήσιον
2934 2550 3150 2620 ἀληθῶς
3195 2553 3255 2614 ἐξ
3282 2549 3477 2604 ἐλαιῶν
3511 2548 3669 2602 ἔσται

2086 2639 2193 2692 τῶν
2245 2632 2651 2710 δοκιμωτάτων,
2704 2634 2952 2711 κίϐδηλον
3000 2640 3058 2692 δέ
3091 2658 3204 2705 πως
3246 2629 3306 2693 τδ
3350 2639 3425 2702 ὡς
3466 2639 3531 2691 ὲκ
3572 2654 3668 2709 μο·

2087 2731 2270 2802 χλείας
2305 2732 2400 2784 καὶ
2429 2731 2645 2802 τέχνης,
2677 2732 2773 2784 καὶ
2809 2731 2974 2785 οἱονεί
3003 2749 3122 2796 πως
3148 2732 3248 2784 οὐκ
3269 2731 3485 2801 ἀληθὲς,
3514 2732 3575 2783 τὸ
3601 2734 3668 2784 ὲκ

2090 2823 2418 2893 σπερμάτων
2442 2821 2551 2874 τῶν
2580 2822 2980 2894 γεωδεστέρων,
3014 2823 3177 2894 φημί.
3214 2822 3424 2876 Οὐκοῦν
3444 2822 3586 2892 λόγῳ
3604 2838 3666 2875 τε

2086 2917 2165 2988 τῷ
2200 2917 2479 2987 ἀκιεδήλῳ
2516 2917 2609 2971 καὶ
2635 2914 2846 2985 ἀληθεῖ,
2877 2915 2973 2967 καὶ
2993 2914 3080 2967 διὰ
3114 2914 3307 2981 σοφίας
3334 2914 3432 2984 τῆς
3461 2912 3668 2967 ἀνωθεν

2086 3011 2197 3070 τοῖς
2227 3009 2395 3075 ἀξίοις
2424 3008 2835 3080 χορηγουμένῳ,
2853 3006 2914 3058 τὸ
2934 3005 2993 3070 ἐξ
3015 3006 3207 3059 ἐλαιῶν
3229 3006 3407 3059 ἔλαιον
3431 3000 3490 3058 εὖ
3522 3004 3675 3076 μάλα

2090 3102 2508 3174 παρεικαστέον.
2542 3103 2679 3169 Τόγε
2709 3101 2814 3171 μὴν
2844 3099 2903 3165 ἐξ
2943 3100 3299 3170 ἀνθρωπίνων
3320 3088 3539 3152 ἐννοιῶν
3568 3098 3672 3152 καὶ

2088 3191 2497 3263 δαιμωνιώδους
2533 3191 2799 3262 ἐμπνοίας
2849 3188 3234 3259 ἐξευρημένον.
3263 3188 3326 3240 τὸ
3363 3189 3428 3240 ἐκ
3450 3187 3547 3257 τῆς
3584 3204 3670 3241 τιὸ

2091 3303 2196 3338 νων
2224 3285 2421 3355 τέχνης
2452 3285 2544 3337 καὶ
2582 3282 2910 3353 καπηλείας,
2940 3282 3037 3335 καὶ
3065 3280 3224 3351 νόθην
3250 3280 3374 3350 ἒχον
3402 3280 3503 3349 τὴν
3534 3279 3670 3349 χρῆδ

2091 3391 2196 3428 σιν.
2238 3373 2480 3445 Ἀχρεῖος
2514 3374 2571 3425 δὲ
2596 3374 2691 3426 καὶ
2722 3371 3028 3441 ἁπόὅλητος
3066 3372 3094 3424 ὁ
3114 3370 3319 3425 τοιόσδε
3362 3370 3540 3438 λάγος,
3568 3368 3670 3423 καὶ

2089 3465 2384 3537 ἀσυντελὴς
2431 3465 2710 3529 παντελῶς
2750 3466 2889 3537 πρὸς
2944 3465 3228 3534 φωτισμὸν
3272 3464 3373 3534 τῆς
3412 3461 3672 3531 γνώσεως

2087 3558 2181 3611 τοῦ
2215 3557 2472 3628 Χριστοῦ.
2494 3558 2784 3627 Τοιγάρτοι
2821 3558 2916 3611 καὶ
2938 3558 3317 3629 ἀπαράδεκτος
3352 3557 3410 3608 ἐν
3438 3554 3677 3626 Ἐκκληί

2091 3648 2253 3712 σίαις,
2284 3646 2412 3701 οὔτε
2473 3648 2534 3700 τὸ
2571 3648 2768 3711 εὐῶδες
2810 3648 2948 3718 ἔχων
3000 3648 3095 3701 τοῦ
3137 3647 3294 3715 ἁγίου
3352 3644 3675 3715 Πνεῦματος

2090 3742 2151 3810 (ι
2180 3740 2369 3802 Οὐδεὶς
2400 3741 2509 3811 γὰρ
2536 3740 2704 3808 λέγει,
2730 3740 2936 3813 Κύριος
2970 3740 3201 3811 Ἰησοῦς,
3224 3741 3272 3793 εί
3308 3738 3386 3809 μὴ
3409 3740 3469 3790 ὲν
3495 3736 3675 3792 [luti-

2092 3850 2220 3904 ματι
2253 3831 2391 3902 ἁγίῳ
2419 3831 2501 3903 ι),
2524 3831 2647 3885 οὔτε
2684 3832 2792 3905 μὴν
2818 3831 2880 3885 τδ
2900 3834 3119 3904 γνήσιον
3147 3832 3243 3886 καὶ
3272 3831 3543 3886 ἀθόλωτον
3569 3829 3679 3900 τῆς

2089 3922 2371 3992 ἀληθείας,
2407 3924 2503 3974 καὶ
2554 3924 2634 3985 εἰς
2668 3930 2947 3993 χρησίμην
2987 3923 3087 3993 τὴν
3132 3923 3321 3992 ὄνησιν
3348 3922 3667 3990 ἀναγκαῖον.

2100 4014 2383 4084 Ἐπιτήρει
2412 4012 2469 4067 δὲ
2500 4015 2581 4067 ὃτι
2620 4014 2771 4086 παρὰ
2807 4016 2915 4070 τῶν
2946 4017 3076 4070 υἱῶν
3115 4014 3333 4085 Ἰσραὴλ
3363 4013 3671 4087 προσκομίο

2089 4104 2279 4171 ζεσθαι
2303 4104 2412 4159 δεῖν
2442 4105 2502 4159 τὸ
2528 4105 2590 4170 ἐξ
2626 4106 2825 4160 ἐλαιῶν
2862 4107 3038 4161 ἔλαιον
3066 4111 3096 4161 ὁ
3138 4108 3305 4178 νόμος
3347 4109 3536 4177 φησίν.
3579 4106 3672 4167 Ὠς

2087 4196 2197 4268 γὰρ
2232 4195 2370 4267 ἔφην
2400 4197 2637 4267 φθάσας,
2661 4201 2873 4271 καρπὸς
2902 4200 3058 4255 ἔσται
3090 4201 3222 4271 παρ’
3244 4201 3402 4271 ἡμῶν
3444 4201 3540 4254 καὶ
3568 4199 3675 4254 δωε

2093 4289 2320 4361 ροφορία
2337 4290 2682 4362 πνευματικὴ
2703 4291 2782 4362 τῷ
2805 4291 2947 4363 Θεῷ,
2978 4293 3137 4360 λόγος
3158 4292 3385 4364 ἀληθὴς,
3408 4292 3502 4345 τὸν
3518 4289 3676 4362 παρά

2088 4382 2327 4452 Χριστοῦ
2362 4383 2641 4453 φωτισμὸν
2661 4384 2763 4438 οὐκ
2787 4387 2968 4453 ἀφιεὶς
3000 4386 3248 4440 ἀσθενεῖν
3278 4388 3338 4439 ὲν
3368 4389 3483 4448 τοῖς
3500 4401 3672 4455 μυστέ

2088 4476 2512 4546 αγωγουμένοις.
2544 4476 2782 4541 Ἐξωθεν
2808 4476 2863 4530 δὲ
2881 4477 2974 4530 τοῦ
3004 4479 3519 4547 καταπετάσματος,
3548 4478 3585 4548 ἢ
3608 4494 3675 4531 τα

396 4548 617 4606 ritualis
655 4567 687 4606 a
732 4553 894 4610 nobis
934 4554 1186 4619 offertur,
1230 4569 1353 4624 qua:
1385 4552 1593 4608 Christi
1625 4553 1987 4610 illuminatio—

2094 4565 2203 4619 τῶν
2240 4565 2448 4638 λύχνων
2483 4568 2650 4632 θέσις,
2701 4569 2796 4623 καὶ
2830 4569 2937 4638 μὴν
2969 4571 3064 4622 καὶ
3088 4572 3121 4639 ή
3160 4569 3375 4634 καῦσις.
3408 4570 3527 4635 Φῶς
3555 4570 3673 4643 γὰρ

396 4654 525 4694 nem
558 4641 617 4697 in
653 4638 722 4698 iis
757 4645 850 4714 qui
877 4648 1154 4718 mysteriis
1186 4645 1533 4711 imbuuntur,
1567 4645 1839 4715 exstingui
1874 4662 1987 4701 non

2097 4653 2359 4726 ὑπάρχων
2379 4656 2518 4710 κατά
2539 4657 2705 4726 φύσιν
2727 4659 2757 4712 ο
2780 4658 3034 4730 Χριστὸς,
3050 4659 3110 4713 οὐ
3130 4660 3303 4714 δεῖται
3324 4660 3526 4730 φωτὸς,
3550 4661 3671 4715 ἀλλ’

395 4731 847 4790 εἰηίιίῦωιοωηι
873 4745 1028 4793 extra
1059 4739 1241 4792 velum
1271 4738 1512 4791 lucerna:
1544 4743 1601 4789 et
1626 4735 1984 4805 imponuntur

2088 4747 2221 4817 ἡμῖν
2252 4748 2434 4812 αὐτοῖς
2467 4751 2581 4811 τοῖς
2628 4748 2734 4815 ἔξω
2772 4749 3044 4821 θεότητος,
3096 4752 3230 4806 καθδ
3289 4754 3535 4825 γενητοῖς
3554 4793 3569 4818 ,
3609 4751 3675 4805 τὸ

394 4829 453 4874 et
472 4824 871 4880 accenduntur.
912 4827 1048 4881 Nam
1080 4825 1354 4890 Christus,
1388 4825 1517 4896 quia
1549 4825 1852 4882 secundum
1880 4843 1983 4882 na-

2089 4837 2219 4892 ῖδιον
2253 4841 2429 4911 ἐνίησι
2453 4839 2587 4909 φῶς.
2627 4840 2714 4905 Ὠς
2741 4842 2996 4913 ἐσωτέρω
3018 4843 3078 4897 ab
3105 4844 3200 4898 τοῦ
3239 4824 3672 4913 καταπετάσμαδ

395 4920 577 4967 turam
611 4914 797 4972 lumen
841 4924 954 4983 est,
982 4932 1095 4972 non
1140 4916 1350 4986 indiget
1385 4916 1625 4981 lumine;
1669 4917 1766 4973 sed
1796 4919 1977 4986 nobis,

2088 4943 2176 4991 τος
2196 4929 2230 4999 ἡ
2260 4928 2490 4992 κιϐωτὸς
2517 4925 2607 5001 ἦν,
2624 4931 2705 4991 εἰς
2732 4931 3081 4988 ὑποτύπωσιν
3109 4935 3201 4989 καὶ
3232 4934 3417 4990 εικόνα
3437 4933 3669 5006 κειμένη

394 5002 489 5070 qui
524 5018 592 5059 eo
616 5003 737 5075 ipso
769 5007 916 5076 quod
954 5021 1147 5061 sumus
1170 5006 1300 5070 orti,
1337 5014 1492 5060 extra
1516 5005 1857 5065 divinitatem
1884 5026 1979 5067 sua
2087 5017 2346 5088 Χριστοῦ.

396 5110 738 5243 :nus,dsuum
762 5099 950 5155 lumen
984 5098 1251 5154 immittit.
1278 5099 1422 5155 Intra
1456 5100 1636 5156 velum
1661 5118 1829 5172 porro
1852 5121 1979 5162 arca
2014 5110 2195 5179 posita
2250 5122 2389 5179 erat,
2419 5114 2486 5169 ad
2548 5113 2752 5170 Christi
2785 5115 3013 5189 ﬁguram
3041 5129 3206 5191 atque
3239 5120 3535 5191 imaginem
3574 5133 3665 5173 re-

414 5203 550 5243 eren
590 5205 702 5243 am.

414 5203 702 5245 erenaam.

468 5277 670 5334 PALL.
703 5280 873 5335 Recte
907 5278 1071 5334 dicis.

2160 5290 2368 5345 ΠᾹΛΛ.
2409 5288 2483 5347 Εὖ
2518 5292 2674 5365 ἔφης.

666 5369 873 5463 Deinde
918 5371 1099 5440 inquit
1139 5389 1153 5426 :
1188 5392 1205 5426 ι
1237 5375 1305 5430 Ει
1339 5377 1558 5434 locutus
1596 5386 1680 5436 est
1716 5381 1986 5438 Dominus

2157 5382 2322 5437 ΚΥΡ.
2348 5380 2483 5437 Εἶτά
2505 5402 2638 5454 φησι
2655 5402 2668 5415 ·
2696 5402 2715 5437 ι
2745 5388 2854 5440 Καὶ
2881 5387 3113 5459 tum:
3159 5389 3367 5460 Κύριος
3385 5392 3521 5463 πρὸς
3536 5396 3665 5451 Μω-

394 5456 463 5515 ad
494 5460 740 5555 Moysen,
771 5460 993 5518 dicens:
1022 5464 1090 5519 Et
1135 5474 1190 5521 tu
1237 5470 1426 5541 accipe
1455 5483 1721 5538 aromata,
1782 5474 1981 5529 ﬂorum

2088 5471 2188 5540 σῆν
2208 5487 2223 5502 ·
2282 5473 2393 5525 Καὶ
2430 5475 2497 5528 σὺ
2523 5474 2655 5529 λάὸε
2697 5476 3005 5548 ἡδύσματα,
3033 5456 3192 5544 ἀνθος
3223 5456 3470 5555 σμύρνη-ς
3504 5456 3664 5542 ἐκλε-

393 5550 631 5647 myrrbae
655 5549 846 5647 electae
865 5553 1194 5627 quingentos
1219 5560 1407 5626 siclos,
1433 5571 1492 5618 et
1515 5563 1842 5619 cinnamomi
1867 5564 1981 5619 fra-

2088 5564 2221 5634 κτῆς
2256 5565 2647 5631 πεντακοσίους
2670 5569 2909 5638 σίκλους,
2936 5574 3031 5626 καὶ
3052 5574 3407 5647 κινναμώμου
3430 5577 3664 5645 εὐώδους

393 5640 605 5712 grantis
652 5642 772 5714 ejus
809 5644 1122 5717 dimidium,
1165 5651 1433 5711 ducentos
1472 5656 1892 5727 quinquaginta,
1925 5668 1985 5713 et

2088 5657 2144 5712 τὸ
2181 5658 2352 5730 ἥμισυ
2381 5658 2596 5728 τούτου,
2629 5660 2937 5728 διακοσίους
2974 5640 3331 5738 πεντήκοντα,
3364 5670 3459 5725 καὶ
3490 5640 3659 5732 καλαί

479 5817 543 5879 ³1
573 5819 699 5879 Cur.
741 5842 838 5894 xu,
868 5828 902 5881 ⁵5
