4118 6434
402 425 510 485 M5

1154 426 1245 482 DE
1285 425 1732 484 ADORATIONE
1772 425 1841 482 IN
1883 425 2158 484 SPIRITU
2199 428 2287 484 ET
2329 430 2703 485 VERlTATE.
2746 430 2875 487 LIB.
2920 431 3030 487 IX.‘

3597 437 3704 497 646

408 562 513 615 μου
540 542 773 607 εὐώδους
801 543 1106 610 διακοσίους
1144 550 1505 618 πεντήκοντα,
1537 547 1634 599 καὶ
1670 546 1830 619 ἴρεως
1871 564 2002 600 πεν-

2108 548 2270 604 casiae
2299 550 2631 620 quingentos
2657 551 2822 608 siclos
2846 551 3167 617 sanctuarii,
3201 560 3257 608 et
3285 553 3466 609 oleum
3508 570 3573 610 ex
3599 552 3712 610 oli-

401 636 697 700 τακοσίους
725 636 941 701 σίκλους
992 637 1087 691 τοῦ
1120 640 1301 708 ἁγίου.
1336 640 1432 694 καὶ
1476 639 1659 693 ἔλαιον
1706 639 1766 706 ἐξ
1801 639 2004 693 ἐλαιῶν

402 729 584 794 ἔσται,
620 730 716 782 καλ⁵
748 729 999 800 ποιήσεις
1030 732 1164 785 αὐτὸ
1194 732 1372 785 ἔλαιον
1400 732 1611 802 χρίσμα
1646 730 1801 799 ἅγιον
1834 731 2005 802 μύρον

409 820 715 893 μυρεψικδν
752 822 918 895 τέχνῃ
976 823 1247 894 μυρεψοῦ.
1302 823 1522 878 Ἕλαιον
1588 822 1799 893 χρίσμα
1851 822 2007 890 ἆγιον

402 913 582 967 ἔσται.
618 912 731 967 Kal
763 914 977 985 χρίσεις
1010 914 1073 980 ἐξ
1113 914 1280 969 αὐτοῦ
1314 914 1414 986 τὴν
1445 913 1649 984 σκηνὴν
1678 912 1772 967 τοῦ
1807 929 2011 985 μαρτυ-

406 1005 549 1077 ρίου,
597 1006 694 1060 καὶ
714 1005 813 1077 τὴν
843 1005 1073 1059 κιϐωτὸν
1100 1009 1199 1078 τῆς
1225 1007 1426 1076 σκηνῆς
1452 1006 1548 1059 τοῦ
1577 1006 1881 1078 μαρτυρίου
1913 1007 2008 1060 καὶ

405 1099 589 1153 πάντα
617 1098 685 1152 τὰ
718 1098 886 1171 σκεύη
943 1100 1133 1166 αὐτῆς,
1173 1100 1269 1153 καὶ
1306 1100 1405 1170 τὴν
1436 1098 1658 1170 λυχνίαν
1695 1098 1793 1152 καὶ
1827 1097 2007 1152 πάντα

404 1188 476 1243 τὰ
505 1188 678 1260 σκεύη
723 1191 918 1261 αὐτῆς,
950 1192 1047 1244 καὶ
1085 1190 1149 1245 τὺ
1194 1191 1580 1263 Θυσιαστήριον
1601 1190 1697 1244 τοῦ
1720 1190 2006 1262 θυμιάμα-

399 1299 515 1349 τος,
562 1284 658 1337 καὶ
712 1282 774 1336 τδ
824 1282 1213 1355 θυσιαστήριον
1246 1284 1355 1337 τῶν
1388 1284 1882 1353 ὁλοκαυτωμάτων,
1914 1283 2009 1337 καὶ

405 1375 585 1428 πάντα
645 1375 812 1428 αὐτοῦ
898 1375 968 1427 τὰ
1023 1375 1193 1447 σκεύη
1228 1416 1242 1440 ,
1295 1375 1388 1429 καὶ
1433 1376 1533 1445 τὴν
1580 1375 1866 1444 τράπεζαν
1912 1376 2008 1429 καὶ

403 1466 587 1520 πάντα
636 1466 708 1519 τὰ
747 1466 916 1538 σκεύη
962 1467 1156 1537 αὐτῆς,
1207 1468 1302 1521 καὶ
1354 1467 1447 1522 τὸν
1493 1468 1755 1539 λουτῆρα,
1784 1468 1879 1521 καὶ
1910 1468 2008 1539 τὴν

405 1559 566 1630 βάσιν
595 1558 784 1621 αὐτοῦ,
815 1561 910 1611 καὶ
937 1559 1189 1628 ἁγιάσεις
1217 1559 1378 1614 αὐτά·
1410 1562 1506 1613 καὶ
1526 1559 1679 1613 ἔσται
1715 1560 1882 1628 Ἅγια
1899 1560 2008 1613 τῶν

404 1650 598 1721 ἁγίων.
631 1651 745 1714 Πᾶς
784 1652 812 1705 ό
865 1651 1175 1722 ἁπτόμενος
1198 1650 1404 1713 αὐτῶν,
1437 1650 1860 1723 ἁγιασθήσεται.
1897 1653 2008 1706 Kal

415 1741 631 1816 ’Δαρὼν
676 1743 772 1797 καὶ
812 1744 940 1807 τοὺς
977 1742 1130 1807 υἱοὺς
1166 1741 1333 1795 αὑτοῦ
1357 1743 1589 1815 χρίσεις,
1624 1744 1721 1796 καὶ
1751 1743 2006 1812 ἁγιάσεις

402 1837 607 1900 αὐτοὺς
648 1832 954 1905 ἱερατεύειν
985 1852 1094 1906 μοι.
1128 1835 1238 1888 Καὶ
1282 1837 1393 1897 τοῖς
1425 1835 1559 1898 υἱοῖς
1597 1835 1815 1906 Ἰσραὴλ
1846 1834 2008 1907 λαλή-

405 1946 545 1993 σεις,
593 1928 791 1998 λέγων*
834 1926 1059 1982 Ἐλάιον
1099 1927 1344 1998 ἄλειμμα
1372 1927 1609 1998 χρίσεως
1654 1927 1809 1997 ἅγιον
1842 1926 2003 1982 ἐσται

400 2020 562 2076 τοῦτο
595 2021 726 2091 ὑμῖν
752 2021 831 2083 είς
855 2019 958 2084 τὰς
982 2019 1184 2088 γενεὰς
1236 2019 1415 2090 ὑμῶν’
1475 2019 1567 2071 ἐπὶ
1591 2018 1772 2091 σάρκα
1798 2018 2004 2091 ἀνθρώ-

401 2129 506 2166 που
538 2113 603 2167 οὐ
632 2111 1014 2184 χρισθήσεται,
1055 2111 1151 2164 καὶ
1211 2111 1354 2165 κατὰ
1384 2110 1482 2181 τὴν
1510 2110 1761 2165 σύνθεσιν
1796 2110 2004 2184 ταύτην

400 2206 463 2258 οὐ
493 2207 748 2277 ποιήσετε
786 2205 917 2276 ύμῖν
949 2206 1167 2267 ἑαυτοῖς
1189 2202 1477 2267 ὡσαύτως.
1513 2203 1706 2271 ’Λγιόν
1744 2205 1882 2270 ἐστι,
1908 2203 2004 2257 καὶ

402 2298 654 2379 ἁγίασμα
681 2296 834 2349 ἔσται
878 2297 1029 2367 ὑμῖν.
1086 2294 1190 2359 ’ος
1235 2295 1301 2349 ἂν
1352 2298 1554 2368 ποιήσῃ
1595 2294 1877 2360 ὡσαύτως,
1908 2296 2005 2351 καὶ

399 2390 460 2454 ὃς
493 2390 561 2445 ἂν
588 2389 664 2460 δῷ
690 2389 787 2442 ἀπ’
821 2387 989 2443 αὑτοῦ
1036 2386 1337 2456 ἁλλογενεῖ,
1376 2384 1899 2459 ἐξολοθρευοήσεται
1939 2389 2006 2442 ὲκ

400 2483 500 2536 τοῦ
541 2481 671 2537 λαοῦ
709 2480 897 2536 αὑτοῦ.
950 2499 969 2532 ι
1011 2480 1308 2552 Ποιότητος
1352 2480 1453 2550 μὲν
1493 2475 1716 2550 οὖνπερ,
1751 2480 1847 2533 καὶ
1896 2480 2006 2553 μὴν

403 2575 501 2629 καὶ
541 2573 840 2644 συνθήκης,
871 2572 1190 2644 ἀνισότητός
1224 2588 1285 2625 τε
1315 2566 1411 2635 αὖ,
1435 2571 1538 2642 τῆς
1581 2574 1664 2636 είς
1721 2571 1889 2643 ὁλκὴν
1917 2571 2003 2644 δὴ,

400 2666 570 2735 λέγω,
593 2665 701 2719 τῶν
727 2665 1138 2736 ὠνομασμένων
1162 2663 1343 2726 εἰδῶν,
1374 2662 1530 2717 οὐδὲν
1558 2664 1625 2717 ἂν
1654 2663 1834 2734 ἔχοιμι
1861 2664 2005 2735 φρά-

403 2774 519 2811 σαι·
557 2756 688 2827 φίλη
727 2757 836 2829 γὰρ
881 2758 915 2827 ἡ
952 2756 1184 2827 ἀλήθεια
1227 2756 1339 2819 τοῖς
1373 2749 1433 2809 εὖ
1474 2758 1695 2827 φρονεῖν
1734 2751 2002 2812 είὼθόσιν.

405 2851 625 2905 Ἐλαιον
675 2850 733 2903 δὲ
790 2849 986 2921 μύροις
1027 2847 1372 2920 ἁνακραθὲν,
1422 2850 1868 2920 κατασημήνειεν
1915 2848 2004 2918 ἂν,

402 2929 606 3018 ὥσπερ
639 2940 733 3000 οῦν
776 2939 1015 3014 ἐγῷμαι,
1054 2941 1148 2996 τὸν
1191 2944 1252 2996 ὲν
1288 2940 1514 3016 Χριστῷ
1552 2941 1647 2995 διὰ
1676 2941 2002 3012 Πνεῦματος

403 3037 680 3107 ἁγιασμὸν
694 3038 807 3100 τοῖς
826 3040 962 3106 ὴλεη
972 3034 1154 3106 μένοις
1174 3033 1412 3106 χορηγοῦ
1421 3050 1601 3104 μενον.
1646 3032 1808 3087 Κατὰ
1827 3049 1893 3102 γε
1922 3032 2004 3098 τὺ,

406 3149 427 3182 ι
480 3129 774 3191 Ἐλίπανας
809 3129 867 3181 ἐν
902 3126 1073 3197 ἐλαίῳ
1120 3127 1220 3198 τὴν
1274 3124 1520 3197 κεφαλήν
1587 3141 1712 3197 μου.
1770 3144 1790 3177 ι
1824 3126 2010 3180 Κατα-
2053 3154 2061 3165 -

403 3219 620 3322 χρίεται
647 3219 705 3272 δὲ
733 3220 767 3291 ή
800 3217 998 3290 σκηνὴ,
1026 3217 1121 3271 καὶ⁵
1148 3217 1328 3271 πάντα
1353 3214 1423 3270 τὰ
1449 3217 1509 3269 ἐν
1541 3217 1703 3286 αὐτῇ,
1742 3216 2004 3287 μετάσχοι
2030 3265 2073 3322 c

400 3310 515 3381 γὰρ
544 3308 611 3364 ἂν
639 3307 916 3377 ἁγιασμοῦ
943 3307 1038 3361 καὶ
1071 3305 1239 3370 τόπος
1282 3304 1374 3359 διὰ
1414 3303 1509 3359 τοῦ
1555 3303 1904 3376 ἐνοικοῦντος
1942 3308 2000 3359 ὲν

399 3401 576 3471 αὐτῷ.
623 3398 940 3468 Ἀγιάζεται
972 3398 1027 3452 δὲ
1058 3396 1152 3451 καὶ
1180 3396 1251 3451 τὰ
1280 3396 1471 3466 σκεύη,
1505 3395 1647 3449 κατά
1687 3412 1753 3465 γε
1778 3396 1872 3451 τὸν
1899 3397 2000 3452 αὑ-

396 3494 517 3557 τοῖς
534 3491 817 3566 πρέποντα
848 3490 1073 3561 τρόπον,
1124 3490 1206 3543 ὅτι
1266 3492 1390 3552 ταῖς
1441 3488 1580 3542 Θεοῦ
1633 3488 2001 3560 λειτουργίαις

398 3585 678 3655 χρήσιμα,
735 3584 830 3637 καὶ
876 3584 905 3637 ὁ
947 3582 1269 3653 ’ἁπτόμενος
1336 3581 1522 3635 αὐτῶν
1579 3581 1998 3652 ἀγιασθήσεται.

411 3675 693 3745 ’Δνέπαςρα
725 3674 790 3746 δὴ
824 3669 919 3728 οῦν
952 3677 1066 3738 τοῖς
1104 3673 1186 3728 ἔτι
1230 3673 1481 3746 βεϐήλοις
1530 3674 1602 3729 τὰ
1633 3674 1767 3744 ama
1796 3692 1855 3729 τε
1904 3675 2001 3730 καὶ

399 3768 545 3839 ιερά’
580 3787 600 3820 ι
633 3767 727 3828 Τίς
752 3768 862 3839 γὰρ
890 3766 1145 3821 κοινωνία
1184 3767 1328 3837 φωτὶ
1357 3768 1497 3839 πρὸς
1529 3767 1761 3835 σκότος;
1803 3787 1821 3821 ι
1857 3767 2001 3822 κατὰ

394 3858 460 3913 τὸ
481 3858 898 3930 γεγραμμένον.
966 3857 1307 3927 ’Δποφάσκει
1354 3857 1413 3911 δὲ
1461 3857 1741 3922 παντελῶς
1787 3858 1849 3911 τὸ
1888 3857 2000 3911 δεῖν

395 3951 620 4016 ἑαυτοῖς
684 3950 788 4020 τὴν
832 3949 1024 4021 ὁμοίαν
1074 3950 1258 4004 ἐλαίου
1309 3949 1583 4003 ποιεῖσθαι
1628 3951 1997 4021 κατασκευήν.

395 4041 708 4115 Ἴδιονύγὰρ
738 4042 901 4113 μόνου
939 4041 1283 4112 τὸιὰγιάζειν
1312 4045 1429 4098 ἐστὶ
1462 4040 1556 4096 τοῦ
1590 4041 1751 4109 Θεοῦ,
1787 4042 1881 4096 καὶ
1919 4041 1998 4106 ὡς

382 4120 687 4207 ’ἐξαίρετον
716 4131 934 4207 ἀληθῶς
962 4134 1313 4189 ἀνακείσεται
1358 4134 1423 4187 τὸ
1467 4136 1659 4205 χρῆμα
1696 4133 1868 4204 αὐτῷ,
1902 4150 1999 4202 γε-

391 4228 535 4298 νητῇ
574 4225 633 4279 δὲ
682 4225 779 4279 καὶ
823 4226 1174 4297 πεποιημένῃ
1201 4223 1362 4295 φύσει
1403 4224 1463 4279 τὸ
1485 4224 1735 4293 emam
1764 4225 1995 4295 ἑτέρους

391 4317 426 4371 δ
463 4315 682 4380 νασθαι,
729 4315 849 4382 πῶς
892 4316 959 4371 ἂν
989 4316 1105 4387 ἔχοι
1146 4316 1318 4381 nats;
1353 4315 1583 4371 Πλουτεῖ
1610 4316 1715 4387 γάρ
1742 4315 1894 4386 μόλις
1933 4316 1998 4368 ἐκ

400 4408 648 4481 μετοχῆς
670 4407 772 4480 τῆς
794 4406 1004 4462 ἄνωθεν
1027 4407 1119 4461 τὸν
1144 4407 1435 4478 ἁγιασμόν.
1458 4407 1667 4479 Πρέποι
1692 4407 1736 4460 δ’
1760 4406 1826 4460 ἂν
1858 4405 1995 4476 αὐτῇ

396 4497 491 4554 διὰ
543 4498 645 4568 τῆς
699 4497 809 4552 τῶν
848 4495 1023 4567 ἁγίων
1071 4495 1397 4551 ἐπιὸοᾶσθαι
1461 4496 1664 4566 φωνῆς.
1725 4512 1744 4546 ι
1790 4494 1857 4547 Τί
1887 4494 1997 4565 γὰρ

391 4588 544 4660 ἔχεις
565 4589 595 4643 ὅ
628 4590 730 4644 οὐκ
770 4589 1001 4656 Ξλαόες;
1056 4607 1075 4642 ι
1110 4590 1223 4644 Καὶ
1255 4587 1365 4661 γὰρ
1413 4587 1665 4657 Ἰωάννης
1703 4585 1837 4658 φησὶ
1868 4586 1995 4658 περὶ

388 4678 493 4732 τοῦ
522 4679 888 4749 Μονογενοῦς,
939 4681 1021 4734 ὅτι
1068 4699 1088 4733 ι
1135 4681 1235 4736 Ἐκ
1286 4679 1381 4734 τοῦ
1425 4677 1791 4751 πληρώματος
1825 4676 1995 4732 αὑτοῦ

389 4772 560 4841 ἡμεῖς
592 4772 795 4836 πάντες
834 4771 1121 4845 ὲλάὸομεν.
1158 4792 1177 4826 ι
1217 4771 1349 4838 Καὶ,
1385 4791 1403 4823 ι
1437 4771 1553 4826 Ούκ
1584 4771 1650 4824 ἐκ
1679 4768 1882 4841 μέτρου
1910 4769 1992 4823 δί-

388 4862 533 4916 δωσι
563 4861 626 4917 τὸ
661 4861 916 4936 Πνεῦμα,
957 4883 977 4916 ι
1016 4864 1167 4937 πηγὴ
1196 4864 1254 4919 δὲ
1291 4863 1493 4935 μᾶλλον
1528 4862 1791 4933 ὑπάρχων
1832 4860 1994 4925 αὐτὸς

388 4953 697 5025 ἁγιασμοῦ,
724 4957 1016 5028 ὲπιμετρεί
1047 4960 1162 5021 τοῖς
1196 4957 1370 5023 ἀξίοις
1401 4956 1463 5009 τὸ
1491 4955 1737 5026 Πνεῦμα,
1770 4955 1867 5011 καὶ
1890 4956 1991 5027 τὴν

387 5043 621 5119 λογικὴν
648 5047 871 5116 ἁγιάζει
902 5048 1101 5102 κτίσιν*
1129 5068 1149 5101 ι
1191 5048 1315 5103 Ἐπὶ
1358 5048 1540 5120 σάρκα
1576 5047 1633 5101 δὲ
1674 5044 2003 5119 ἀνθρώπου,’

390 5143 586 5209 φησὶν,
650 5142 712 5194 οὐ
763 5142 1145 5214 χρισϐήσεται,
1194 5161 1212 5194 ι
1262 5141 1443 5197 καίτοι
1484 5140 1870 5213 προστεταχὼς
1894 5159 1994 5194 κα-

386 5230 717 5303 ταχρίεσθαι
750 5234 861 5287 δεῖν
895 5236 990 5288 ἀπ’
1027 5236 1217 5299 αὐτοῦ,
1256 5236 1349 5291 τόν
1381 5253 1439 5289 τε
1472 5234 1685 5306 Ἀαρὼν
1725 5236 1820 5289 καὶ
1865 5234 1991 5298 τοὺς

389 5325 1151 5396 συνιερατεύοντας.,ούκοῦν
1192 5328 1333 5401 ὑπὲρ
1370 5326 1712 5398 ἀνθρώπινον
1744 5327 1805 5380 τὸ
1834 5327 1991 5395 γένος

385 5414 495 5488 ἥδη
517 5415 578 5469 τὸ
611 5418 776 5488 ἱερὸν,
821 5418 917 5471 ἁτε
947 5419 1012 5492 δὴ
1043 5419 1139 5473 καὶ
1182 5418 1421 5489 Χριστοῦ
1469 5419 1695 5489 μέτοχον
1725 5416 1817 5471 τοῦ
1850 5417 1990 5488 ὑπὲρ

385 5504 492 5576 τὴν
521 5505 720 5561 κτίσιν.
756 5507 1051 5580 Τοιγάρτοι
1081 5509 1177 5562 καὶ
1212 5507 1348 5578 πρὸς
1382 5506 1443 5560 τὴ
1479 5505 1619 5578 ὑπὲρ
1644 5505 1804 5574 φύσιν
1844 5506 1991 5576 ἡμᾶς

386 5598 744 5670 ἀνακομίζων
786 5600 1027 5670 ἀξίωμα,
1060 5600 1155 5654 καὶ
1207 5599 1369 5653 οἱονεὶ
1418 5598 1528 5652 τῶν
1558 5596 1819 5665 ἐπιγείων
1850 5597 1988 5650 ἁπο-

385 5689 599 5760 τβμὼν,
625 5694 741 5757 τοῖς
778 5694 892 5747 ἄνω
918 5693 1241 5765 προσνέμει·
1288 5711 1306 5744 ι
1343 5692 1565 5762 Πατέρα
1599 5710 1616 5743 ι
1654 5690 1787 5761 γῖιρ,
1830 5689 1983 5760 φησι,

471 5828 494 5859 ⁸
528 5827 701 5885 Exod.
762 5847 887 5888 xxx.
928 5829 1117 5886 2545i.

404 5916 483 5965 ιιι,
520 5897 615 5957 54.

1231 5831 1250 5861 ⁷
1282 5827 1426 5885 Psal.
1462 5843 1551 5893 xx,
1585 5827 1636 5881 5.
1722 5827 1741 5855 ⁸
1775 5825 1816 5879 ll
1863 5822 1990 5880 Cor.
2026 5837 2099 5889 γι,
2145 5812 2269 5872 H.‘
2348 5815 2368 5846 '
2401 5812 2424 5870 Ι
2470 5810 2601 5868 Cor.
2656 5827 2726 5875 rv,
2766 5810 2816 5863 7.

2108 640 2212 706 vis,
2236 650 2292 696 et
2312 640 2481 696 facies
2500 643 2634 697 illud
2657 643 2840 698 oleum
2863 644 3165 706 unctionis,
3185 654 3434 700 sanetum
3458 661 3710 718 unguen-

2109 742 2227 788 tum
2286 738 2651 806 compositura
2693 746 2811 793 arte
2856 738 3231 809 unguentarii.
3278 737 3470 793 Oleum
3515 740 3708 800 unctio

2108 838 2296 881 saneta
2336 829 2465 882 erit.
2500 829 2569 883 Et
2599 844 2772 899 unges
2801 845 2865 884 ex
2899 846 2968 884 eo
3001 831 3418 885 tabernaculum
3455 832 3705 886 testimo-

2105 920 2208 984 nii,
2234 935 2290 975 et
2325 936 2529 984 arcam,
2570 928 2625 975 et
2654 922 3069 987 candelabrum,
3097 930 3153 977 et
3186 923 3370 977 omnia
3404 938 3531 977 vasa
3564 924 3705 994 ejus,

2107 1021 2162 1067 et
2195 1013 2367 1067 altare
2404 1013 2638 1079 incensi,
2663 1023 2720 1069 et
2748 1015 2919 1069 altare
2944 1014 3415 1078 holocaustorum,
3444 1022 3500 1069 et
3524 1015 3708 1069 omnia

2107 1119 2237 1158 vasa
2258 1105 2400 1175 ejus,
2426 1111 2483 1159 et
2506 1120 2775 1169 mensam,
2793 1114 2847 1158 et
2863 1105 3045 1159 omnia
3071 1121 3197 1159 vasa
3220 1105 3361 1174 ejus,
3385 1114 3442 1159 et
3464 1105 3706 1169 labrum,

2107 1200 2165 1248 et
2194 1193 2369 1248 basim
2415 1194 2566 1264 ejus,
2598 1201 2654 1248 et
2682 1192 3052 1247 sanctiﬁcabis
3085 1208 3183 1257 ea;
3229 1201 3286 1247 et
3317 1201 3487 1246 erunt
3508 1190 3710 1247 Sancta

2109 1295 2461 1353 sanctorum;
2494 1297 2552 1341 et
2592 1286 2773 1341 omnis
2803 1286 2897 1355 qui
2930 1285 3175 1354 tetigerit
3207 1300 3292 1349 ea,
3335 1282 3707 1339 sanctiﬁcahi~

2109 1389 2222 1435 tur.
2256 1380 2325 1433 Et
2364 1381 2568 1443 Aaron,
2601 1388 2657 1433 et
2693 1377 2835 1432 ﬁlios
2874 1378 2994 1448 ejus
3033 1392 3226 1447 unges,
3253 1384 3308 1432 et
3337 1374 3710 1431 sanctiﬁcabis

2107 1488 2223 1537 eos,
2248 1480 2311 1526 ut
2340 1471 2653 1527 sacerdotio
2674 1470 2979 1541 fungantur
3006 1468 3164 1523 mihi.
3195 1468 3263 1523 Et
3287 1468 3355 1522 ad
3381 1467 3542 1538 323
3567 1466 3710 1521 ﬁlios

2108 1564 2275 1619 Israel
2328 1563 2605 1633 loqueris,
2652 1562 2845 1616 dicens
2892 1578 2906 1614 :
2957 1559 3152 1615 Oleum
3202 1557 3385 1613 linitio
3432 1556 3709 1611 unctionis

2108 1663 2359 1710 sanctum
2395 1654 2502 1708 hoc
2538 1653 2649 1707 erit
2677 1652 2837 1707 vobis
2862 1652 2918 1705 in
2949 1650 3245 1721 progenies
3267 1658 3516 1703 vestras:
3543 1663 3715 1717 super

2109 1760 2331 1803 carnem
2374 1743 2618 1799 hominis
2657 1758 2767 1797 non
2810 1741 3039 1797 linietur
3077 1756 3144 1795 ex
3173 1755 3268 1805 eo;
3305 1749 3362 1793 ct
3401 1738 3708 1793 secundum

2108 1836 2253 1892 hanc
2284 1835 2743 1906 compositionem
2783 1848 2895 1887 non
2926 1831 3139 1887 facietis
3171 1830 3335 1887 vobis
3375 1830 3510 1900 ipsis
3549 1828 3708 1883 simi-

2036 1916 2077 1974 Β
2106 1929 2252 1985 liter.
2289 1928 2551 1983 Sanctum
2585 1934 2692 1991 est,
2719 1934 2779 1982 et
2811 1924 3173 1981 sanctiﬁcatio
3199 1923 3305 1979 erit
3336 1922 3514 1976 vobis.
3540 1919 3708 1988 Quis-

2106 2020 2232 2093 quis
2254 2021 2452 2077 fecerit
2474 2020 2750 2085 similiter,
2777 2028 2833 2074 et
2859 2018 3113 2089 quisquis
3144 2015 3362 2071 dederit
3383 2030 3452 2069 ex
3475 2029 3544 2068 eo
3568 2012 3706 2067 alie—

2104 2114 2342 2185 nigenaz,
2364 2112 2825 2169 exterminabitur
2850 2126 2879 2165 a
2905 2110 3111 2182 populo
3134 2124 3236 2163 suo
3265 2108 3308 2160 ⁸.
3335 2107 3413 2161 De
3438 2104 3731 2175 qualitate-

2106 2208 2297 2281 igitur,
2328 2216 2384 2264 et
2432 2207 2854 2278 compositione,
2902 2202 3272 2273 inaequalitate
3316 2200 3506 2262 etiam,
3557 2196 3705 2265 quod

2106 2300 2173 2356 ad
2202 2299 2422 2371 pondus
2454 2299 2714 2371 pertinet,
2742 2298 3016 2353 dictorum
3045 2300 3353 2348 aromatum
3383 2288 3521 2343 nihil
3542 2286 3704 2357 equi-

2107 2392 2232 2448 dem
2277 2393 2457 2448 habeo
2493 2392 2711 2458 dicere;
2745 2387 3088 2460 sapientibus
3123 2385 3271 2440 enim
3304 2382 3511 2438 veritas
3536 2380 3706 2435 chara

2107 2494 2226 2554 est;
2259 2485 2443 2541 oleum
2474 2499 2642 2555 porro
2682 2497 2808 2537 eum
2843 2478 3185 2535 aromatibus
3224 2475 3449 2530 mistum
3488 2468 3705 2542 signiﬁ-

2109 2584 2219 2643 cat,
2250 2585 2312 2632 ut
2334 2576 2472 2631 mihi
2500 2583 2651 2630 certe
2672 2572 2913 2636 videtur,
2944 2571 3093 2624 illam
3126 2568 3181 2622 in
3205 2566 3427 2622 Christo
3453 2578 3553 2634 per
3577 2561 3705 2632 Spi-

2108 2671 2278 2725 ritum
2308 2668 2823 2729 sanctiﬁcationem,
2867 2678 2990 2735 quae
3031 2657 3469 2715 misericordiam
3505 2667 3715 2709 consc-

2109 2762 2257 2818 cutis
2307 2760 2600 2816 tribuitur.
2644 2758 2801 2815 Unde
2832 2766 2916 2812 est
2946 2754 3081 2809 illud
3127 2770 3141 2806 :
3177 2771 3196 2804 ι
3245 2745 3605 2820 Impinguasti
3642 2743 3705 2801 in

2109 2855 2233 2910 oleo
2256 2865 2422 2925 caput
2445 2848 2630 2909 meum
2653 2852 2696 2906 ".
2733 2870 2752 2902 ι
2782 2848 3021 2920 Ungitur
3049 2853 3233 2902 autem
3262 2840 3706 2904 tabernaculum,

2109 2955 2166 3004 et
2215 2946 2403 3003 omnia
2440 2961 2565 3016 quae
2611 2943 2667 2997 in
2698 2957 2767 2998 eo
2812 2949 2973 3007 sunt;
3010 2954 3137 2993 nam
3180 2937 3339 2991 locus
3382 2948 3604 3005 quoque
3645 2930 3707 2986 ﬁt

2110 3038 2564 3097 sanctiﬁcationis
2601 3035 2879 3107 particeps
2907 3048 3010 3103 per
3040 3045 3169 3086 eum
3216 3028 3314 3098 qui
3348 3026 3404 3081 in
3438 3041 3507 3081 eo
3542 3023 3709 3103 habi-

2112 3140 2210 3188 tat.
2244 3129 2673 3186 Sanctiﬁcantur
2695 3142 2824 3182 vasa
2859 3139 3081 3194 quoque
3110 3137 3177 3177 eo
3225 3120 3319 3191 qui
3359 3118 3470 3172 illis
3497 3130 3704 3171 conve-

2110 3225 2196 3279 nit
2245 3222 2448 3288 modo,
2479 3230 2540 3277 ut
2586 3219 2656 3276 ad
2696 3216 3072 3274 exhibendum
3113 3215 3226 3270 Deo
3271 3211 3504 3274 cultum,
3539 3222 3707 3262 usum

2104 3315 2407 3387 praebeant.
2443 3332 2463 3365 ι
2498 3314 2570 3369 Ει
2593 3313 2688 3383 qui
2736 3309 2911 3381 tangit
2943 3324 3028 3373 ea,
3064 3303 3523 3362 sanctiﬁcabitur.
3569 3319 3587 3352 ι
3617 3300 3704 3355 Ab

2103 3407 2173 3462 iis
2194 3406 2362 3478 igitur
2412 3405 2507 3476 qui
2535 3403 2750 3475 profani
2774 3402 2957 3457 adhuc
2981 3406 3131 3463 sunt,
3158 3404 3378 3452 sanctas
3406 3406 3703 3461 sacrasque

2103 3515 2197 3556 res
2221 3497 2466 3570 contingi
2489 3497 2645 3553 nefas
2668 3504 2793 3552 est:
2827 3513 2845 3545 ι
2882 3492 3016 3560 Quae
3045 3490 3195 3546 enim
3230 3487 3466 3542 societas
3492 3484 3605 3539 luci
3631 3482 3704 3537 ad

2103 3593 2365 3649 tenebras
2398 3590 2458 3644 "1
2505 3610 2525 3642 ι
2555 3590 2699 3645 sicut
2730 3587 3000 3657 scriptum
3032 3591 3138 3639 est.
3188 3579 3475 3636 interdicit
3514 3585 3703 3632 autem

2102 3686 2331 3741 omnino
2386 3699 2457 3739 ne
2490 3681 2728 3739 similem
2772 3680 2906 3736 huic
2937 3678 3044 3735 olei
3093 3672 3551 3744 compositionem
3593 3667 3702 3724 sibi

2102 3777 2342 3844 faciant;
2387 3776 2560 3831 solius
2586 3773 2735 3829 enim
2764 3770 2861 3827 Dei
2891 3767 3180 3840 proprium
3209 3772 3295 3819 est
3330 3759 3702 3845 sanctiﬁcare,

2101 3885 2277 3940 eaque
2318 3884 2411 3924 res
2437 3867 2519 3922 illi
2555 3874 2815 3935 tanquam
2855 3861 3056 3917 eximia
3096 3856 3393 3915 tribuenda
3426 3862 3540 3920 est;
3569 3867 3705 3907 nam

2100 3971 2236 4017 orta:
2264 3960 2610 4027 conditaeque
2639 3963 2853 4010 natura:
2884 3953 2978 4023 qui
3012 3951 3232 4006 tandem
3277 3948 3458 4002 inesse
3494 3943 3702 4014 poterit

2098 4052 2334 4109 facultas
2360 4045 2739 4105 sanctiﬁcandi
2769 4052 3020 4106 caeteros,
3046 4056 3169 4112 qua:
3195 4038 3412 4095 ccelitus
3443 4034 3703 4105 imparti-

2100 4152 2211 4199 tam
2241 4139 2733 4197 sanctiﬁcationem
2772 4135 2867 4192 vix
2893 4133 3111 4202 assequi
3141 4130 3361 4202 potest?
3385 4127 3488 4183 Cui
3512 4124 3702 4196 potius

2099 4231 2361 4289 convenit
2382 4245 2574 4284 vocem
2603 4227 2753 4282 illam
2783 4230 3101 4280 sanctorum
3126 4221 3373 4276 virorum
3400 4217 3696 4272 insonare:

2108 4345 2125 4376 ι
2154 4323 2298 4391 Quid
2338 4322 2511 4377 habes
2551 4318 2700 4390 quod
2734 4333 2847 4372 non
2868 4313 3131 4384 accepisti
3155 4312 3217 4365 9‘3
3250 4330 3269 4363 ι
3294 4307 3605 4377 Quinetiam
3626 4306 3699 4361 de

2100 4414 2385 4487 unigenito
2418 4411 2559 4468 Filio
2600 4408 2782 4481 inquit
2810 4408 3053 4467 Joannes
3094 4423 3106 4458 :
3153 4422 3172 4457 ι
3224 4403 3305 4459 Ex
3351 4398 3699 4473 plenitudine

2099 4509 2221 4579 ejus
2252 4521 2354 4561 nos
2374 4518 2568 4560 omnes
2600 4500 2917 4572 accepimus
2944 4499 3009 4554 ¹⁰.
3048 4518 3067 4551 ι
3096 4497 3167 4552 Et
3192 4513 3207 4550 :
3246 4514 3265 4547 ι
3295 4493 3417 4549 Non
3441 4491 3508 4547 ad
3545 4505 3702 4547 nen-

2032 4628 2072 4681 υ
2100 4614 2287 4656 suram
2318 4598 2414 4653 dat
2445 4595 2713 4667 Spiritum
2747 4593 2812 4649 “.
2862 4611 2883 4645 ι
2913 4590 3020 4647 Sed
3050 4590 3257 4662 potius,
3299 4600 3427 4642 cum
3461 4582 3534 4639 sit
3579 4582 3699 4653 ipse

2101 4696 2225 4751 fons
2250 4688 2726 4753 sanctiﬁcationis,
2770 4687 2839 4742 iis
2885 4684 2982 4756 qui
3023 4681 3175 4754 digni
3211 4689 3268 4735 et
3311 4677 3497 4735 idonei
3542 4682 3694 4740 sunt,

2100 4785 2370 4857 Spiritum
2401 4781 2724 4846 admetitur,
2743 4789 2802 4835 et
2821 4775 3150 4833 rationalem
3163 4780 3472 4829 creaturam
3486 4767 3694 4825 sancti-

2097 4876 2260 4932 ﬁcat:
2294 4895 2311 4927 ι
2339 4873 2518 4944 Super
2551 4885 2776 4927 carnem
2801 4883 2939 4924 vero
2958 4865 3220 4930 hominis,
3260 4884 3277 4915 ι
3303 4861 3506 4932 inquit,
3537 4879 3556 4911 ι
3581 4874 3697 4914 non

2092 4969 2324 5024 linietur
2349 4983 2418 5022 ex
2444 4981 2532 5021 eo.
2577 4984 2594 5016 ι
2628 4963 2795 5033 Atqui
2817 4963 3063 5034 jusserat
3112 4965 3171 5012 ut
3198 4971 3265 5012 ex
3298 4955 3419 5025 ipso
3442 4960 3558 5007 tum
3581 4950 3697 5006 Aa-

2094 5073 2218 5121 ron,
2246 5065 2363 5111 tum
2390 5055 2512 5127 ejus
2544 5054 2602 5109 in
2627 5049 2958 5109 sacerdotali
2988 5062 3217 5103 munere
3246 5044 3381 5101 socii
3412 5055 3694 5112 ungeren-

2094 5159 2203 5206 tur.
2231 5149 2329 5204 Est
2358 5147 2528 5219 igitur
2564 5159 2784 5201 sacrum
2819 5141 2958 5197 illud
2989 5155 3162 5212 genus
3196 5152 3361 5208 supra
3387 5132 3691 5199 hominem,

2094 5250 2286 5314 utpote
2310 5241 2457 5312 quod
2504 5237 2712 5295 Christi
2737 5236 3012 5307 particeps
3034 5242 3139 5299 est,
3162 5232 3257 5303 qui
3282 5228 3554 5287 creaturis
3574 5241 3695 5282 om-

2095 5334 2260 5392 nibus
2285 5331 2526 5396 excellit,
2562 5329 2635 5386 ob
2658 5342 2890 5397 eamque
2915 5340 3159 5391 causam,
3188 5339 3314 5379 cum
3344 5321 3412 5377 ad
3439 5320 3695 5391 superio—

2092 5448 2212 5488 rem
2245 5431 2363 5502 ipsa
2402 5442 2623 5506 quoque
2660 5432 2861 5506 natura
2900 5423 3228 5494 dignitatem
3265 5435 3369 5476 nos
3406 5417 3691 5483 eveheret,

2092 5522 2257 5594 325
2276 5501 2453 5590 atque
2475 5501 2506 5573 a
2526 5501 2767 5573 terrenis
2794 5512 2964 5569 rebus
2991 5508 3399 5583 quodammodo
3426 5504 3692 5579 precide—

2094 5622 2206 5676 ret,
2253 5610 2583 5681 superisque
2617 5605 2983 5676 conjungeret
3018 5621 3031 5656 :
3077 5621 3096 5654 ι
3138 5602 3391 5666 Patrem,
3417 5617 3437 5650 ι
3473 5594 3692 5667 inquit,

2104 5727 2125 5759 ι
2151 5721 2218 5760 ne
2265 5701 2477 5758 vocetis
2513 5699 2671 5757 vobis
2707 5713 2875 5768 super
2906 5704 3142 5759 terram;
3193 5706 3338 5746 unus
3390 5695 3477 5744 est
3537 5684 3688 5741 enim

2924 5808 2965 5843 "
3001 5805 3161 5862 Joan.
3193 5819 3233 5871 ι,
3272 5802 3358 5859 l6.
3452 5800 3492 5831 ¹¹
3524 5797 3688 5855 Joau.
