4118 6432
431 421 531 479 657

1428 422 1483 480 S.
1527 373 1806 481 CYRILLI
1848 410 2328 479 ALEXANDRlNI
2369 423 2689 481 ARCHIEP.

3600 428 3707 486 648

430 534 591 589 Pater
615 543 814 599 vester,
838 533 931 604 qui
956 542 1040 589 est
1062 534 1118 588 in
1145 533 1331 600 caelis;
1357 547 1552 589 omnes
1575 542 1759 588 autem
1779 547 1878 586 vos
1899 530 2013 585 fra-

2123 547 2141 580 ι
2174 529 2249 601 μὴ
2267 531 2535 602 καλέσητε
2552 532 2706 604 ὑμῶν
2719 534 2812 587 ἐπὶ
2827 532 2923 605 τῆς
2938 531 3064 603 γῆς·
3081 526 3161 596 εἷς
3182 532 3292 604 γάρ
3308 533 3457 589 ἔστιν
3471 535 3500 589 ό
3516 535 3706 610 Πατὴρ

427 633 546 681 tres
564 626 782 681 estis".
809 645 827 677 ι
857 625 1345 681 Exterminationis
1376 636 1562 680 autem
1594 640 1757 695 paena
1793 624 1862 680 iis
1889 638 2023 678 con-

425 716 619 772 stituta
645 724 731 771 est
755 717 849 786 qui
874 731 941 771 ex
965 731 1031 770 eo
1056 716 1376 787 alienigenae
1424 716 1683 771 dederint
1720 733 1731 768 :
1768 735 1785 766 ι
1807 715 1887 769 Ne
1925 713 2023 768 de-

426 807 499 863 tis
519 808 687 872 enim,
717 827 734 861 ι
777 809 881 872 ait,
919 826 937 858 ι
963 816 1149 863 sancta
1202 808 1463 873 canibus,
1501 822 1681 877 neque
1723 804 2028 876 projiciatis

424 900 750 968 margaritas
770 907 980 953 vestras
1001 906 1127 954 ante
1144 913 1344 968 porcos
1363 899 1425 951 ¹³.
1459 918 1477 949 ι
1498 898 1656 959 Nam,
1694 911 1816 967 quae
1834 910 2026 950 recon-

423 988 537 1043 dita
570 997 720 1055 sunt,
750 997 807 1043 et
848 990 1055 1045 sanctis
1082 990 1349 1045 duntaxat
1374 988 1731 1053 conveniunt,
1773 1003 1838 1042 ea
1873 986 2025 1041 nulla

422 1079 638 1134 ratione
680 1080 889 1146 habita,
912 1081 983 1135 iis
1005 1082 1099 1151 qui
1117 1090 1247 1135 sunt
1268 1081 1450 1135 adhuc
1470 1079 1741 1145 infideles,
1765 1077 2021 1149 prodere,

421 1172 656 1242 periculi
691 1172 915 1243 plenum
952 1181 1040 1228 est
1068 1191 1080 1225 :
1108 1189 1290 1243 neque
1318 1174 1469 1228 enim
1526 1172 1620 1242 qui
1654 1169 1870 1241 profani
1892 1176 2024 1225 sunt

421 1260 623 1328 adhuc,
645 1270 702 1317 et
722 1263 1020 1318 immodica
1044 1263 1361 1333 impuritate
1382 1262 1667 1327 laborant,
1714 1261 1811 1317 sed
1834 1268 2022 1316 sancto

419 1352 753 1423 baptismate
774 1354 992 1426 purgati
1018 1355 1451 1412 sanctificantur.

497 1447 700 1502 PALL.
728 1449 871 1503 Vera
904 1448 1063 1503 dicis.

387 1584 400 1594 .
489 1536 649 1592 ΟΥΕ.
664 1538 981 1609 Eademque
997 1539 1211 1595 ratione
1225 1555 1289 1593 ac
1306 1537 1472 1594 modo
1489 1536 1859 1610 thymiamatis
1873 1550 2021 1590 com-

2128 620 2306 689 ὑμῶν,
2330 622 2358 673 δ
2384 622 2442 674 ὲν
2470 624 2582 685 τοῖς
2619 624 2885 693 οὐρανοῖς,
2922 624 3122 687 πάντες
3167 623 3227 676 δὲ
3282 624 3441 694 ὑμεῖς
3486 623 3707 696 ἀδελφοί

2125 712 2269 764 ὲστε.
2293 730 2312 763 ι
2351 711 2613 783 Ὀλεθρος
2633 713 2690 766 δὲ
2707 716 2739 784 ή
2756 714 2893 784 -δίκη
2917 716 3027 776 τοῖς
3052 714 3147 766 ἀπ’
3183 714 3350 767 αὐτοῦ
3374 716 3707 787 παρέχωσιν

2123 802 2422 870 ἀλλογενεῦ
2442 822 2460 855 ι
2486 804 2577 875 Μὴ
2601 804 2737 857 δῶτε
2768 805 2901 875 γὰρ,
2926 823 2943 855 ι
2966 804 3155 874 φησὶ,(
3172 804 3239 857 τά
3259 804 3389 874 ἅγια
3412 810 3525 870 τοῖς
3558 809 3704 875 κυσὶ,

2129 892 2263 961 μηδὲ
2303 891 2502 963 βάλητε
2534 897 2661 958 τοὺς
2705 895 3050 966 μαργαρίτας
3084 895 3238 965 ὑμῶν
3265 896 3571 968 ἔμπροσθεν
3598 899 3709 952 τῶν

2129 983 2349 1054 χοίρων.
2365 984 2467 1037 »Τὸ
2485 985 2594 1056 γάρ
2615 1002 2696 1040 τοι
2712 987 3009 1056 προσάγειν
3027 985 3312 1057 ἀτημελῶς
3327 991 3440 1053 τοῖς
3456 989 3707 1054 ἀπίστοις

2124 1076 2205 1127 ἔτι
2230 1075 2301 1129 τὰ
2332 1078 2712 1147 κεκρυμμένα,
2750 1077 2845 1131 καὶ
2866 1077 2937 1130 τά
2978 1077 3161 1147 μόνοις
3189 1078 3367 1147 ἁγίοις
3400 1080 3705 1150 πρέποντα,

2124 1166 2373 1221 κινδύνου
2424 1169 2652 1238 μεστόν·
2684 1169 2970 1238 ἁγιάζεται
2999 1170 3108 1241 γὰρ
3147 1170 3209 1223 οὐ
3258 1171 3319 1223 τὸ
3353 1170 3585 1242 βέϐηλον
3622 1168 3707 1224 ἔτι

2124 1258 2220 1312 καὶ
2253 1259 2445 1314 νοσοῦν
2477 1260 2723 1324 ἐκτόπως
2767 1261 2867 1332 τὴν
2905 1261 3271 1329 ἀκαθαρσίαν,
3308 1263 3447 1317 ἀλλά
3486 1264 3547 1317 τὸ
3602 1264 3707 1336 ήδη

2123 1351 2537 1421 κεκαθαρμένον
2572 1353 2660 1407 διά
2702 1352 2797 1407 τοῦ
2832 1354 2990 1423 ἀγίου
3020 1354 3419 1428 βαπτίσματοςδ

2193 1435 2406 1497 ΠΑΛΛ.
2456 1444 2702 1515 Ἀληθές.

2192 1536 2359 1590 ΚΥΡ.
2381 1537 2540 1592 Κατά
2563 1538 2654 1592 τὸν
2690 1538 2802 1592 ἴσον
2830 1542 3039 1594 τουτονὶ
3061 1541 3264 1613 τρόπον
3292 1541 3383 1595 καὶ
3410 1540 3588 1610 λόγον,
3606 1541 3707 1615 τήν

413 1627 750 1697 positionem
782 1629 901 1683 fieri
926 1630 1113 1701 jussit,
1145 1630 1370 1684 dicens:
1397 1648 1416 1682 ι
1447 1629 1517 1683 Et
1547 1640 1607 1686 tu
1632 1643 1765 1699 cape
1796 1627 1894 1682 tibi
1914 1625 2018 1697 ipsi

2119 1624 2216 1679 τοῦ
2273 1624 2621 1697 θυμιάματος
2683 1628 2958 1683 ποιεῖσθαι
3009 1631 3353 1703 κατασκευὴν
3410 1630 3701 1697 διετόπου,
3810 1662 3819 1665 λ

422 1726 692 1784 aromata,
733 1728 967 1785 stacten,
1005 1731 1062 1775 et
1094 1722 1385 1793 onychem,
1422 1727 1479 1775 et
1520 1720 1814 1790 galbanum
1850 1732 2019 1773 suave

2120 1716 2313 1787 λέγων’
2361 1737 2380 1770 ι
2419 1720 2530 1773 Καὶ
2567 1721 2630 1772 σὺ
2665 1719 2796 1773 λάόε
2845 1723 3057 1794 σεαυτῷ
3107 1724 3419 1795 ἡδύσματα,
3468 1725 3704 1797 στακτὴν

417 1811 594 1876 olens,
632 1820 688 1866 et
712 1813 839 1867 thus
862 1812 1142 1879 lucidum;
1175 1812 1328 1882 paria
1357 1812 1502 1866 inter
1525 1826 1583 1867 se
1606 1819 1774 1865 erunt
1803 1828 1815 1863 :
1846 1817 1903 1864 et
1933 1809 2016 1865 fa-

2121 1809 2215 1863 καὶ
2252 1808 2440 1881 ὄνυχα,
2473 1811 2569 1864 καὶ
2598 1811 2871 1883 χαλῦάνην
2897 1813 3163 1884 ἡδυσμοῦ,
3206 1815 3302 1868 καὶ
3330 1815 3546 1870 λίϐανον
3586 1817 3705 1871 δια-

418 1900 570 1957 cient
606 1918 673 1956 ex
709 1902 846 1972 ipsis
874 1902 1172 1973 thymiama
1202 1901 1654 1973 nnguentarium,
1692 1916 1833 1971 Opus
1864 1914 2017 1955 com-

2124 1901 2291 1972 φανῆ,
2324 1901 2439 1954 ῖσον
2480 1903 2580 1973 ῐσῳ
2607 1904 2777 1971 ἐστὶν,
2801 1906 2895 1958 καὶ
2920 1906 3236 1977 ποιήσουσιν
3268 1906 3418 1978 αὑτῷ
3450 1907 3706 1978 θυμίαμα

417 1993 712 2062 positionis
760 1994 1110 2064 unguentarii
1154 1994 1400 2061 mistum,
1440 2008 1665 2064 purum,
1704 2007 1846 2063 Opus
1885 2007 2016 2047 sath

2122 1992 2461 2064 μυρεψικόν·
2514 1993 2676 2065 ἔργον
2718 1995 2964 2066 μυρεψοῦ
3013 1997 3373 2067 μεμιγμένον,
3440 1996 3703 2069 καθαρὸν,

416 2092 591 2141 ctum.
634 2086 703 2140 Et
741 2086 1085 2141 comminues
1114 2086 1183 2141 de
1224 2086 1334 2143 illis
1376 2086 1656 2141 minutim.
1682 2086 1752 2141 Et
1781 2100 1954 2156 pones
1984 2099 2018 2140 e

415 2177 641 2246 regione
676 2177 977 2232 testimonii
1009 2178 1067 2232 in
1096 2178 1455 2234 tabernaculo
1499 2178 1825 2243 testimonii,
1868 2179 2017 2234 unde

416 2266 757 2323 innotescam
789 2268 887 2323 tibi
921 2268 1071 2324 inde.
1098 2269 1361 2325 Sanctum
1385 2278 1700 2325 sanctorum
1727 2270 1835 2325 erit
1858 2269 2017 2324 vobis

417 2357 734 2429 thymiama.
764 2359 1082 2415 Secundum
1124 2361 1267 2416 hanc
1299 2361 1758 2431 compositionem
1796 2375 1907 2416 non
1932 2361 2014 2415 fa-

414 2450 573 2505 cietis
592 2451 753 2506 vobis
776 2452 944 2522 ipsis;
967 2452 1023 2507 in
1046 2452 1537 2507 sanctificationem
1573 2454 1680 2508 erit
1719 2453 1878 2508 vobis
1904 2454 2018 2509 Do-

415 2541 589 2596 mino.
614 2541 878 2613 Quisquis
901 2543 1097 2600 fecerit
1128 2544 1407 2611 similiter,
1432 2554 1495 2599 ut
1518 2546 1639 2617 ejus
1660 2545 1830 2600 odore
1855 2546 2013 2601 frua-

418 2639 532 2697 tur,
556 2633 767 2702 peribit
789 2634 857 2689 de
882 2635 1088 2705 populo
1121 2650 1221 2705 suo
1248 2635 1312 2689 “.
1342 2655 1361 2687 ι
1388 2636 1605 2691 Rursus
1638 2636 1731 2693 hic
1754 2638 1910 2693 locus
1932 2638 2013 2692 la-

416 2732 601 2779 tenter
632 2726 795 2782 nobis
824 2727 1032 2782 indicat
1062 2742 1184 2798 qua:
1217 2730 1443 2799 propria
1495 2738 1623 2784 sunt
1650 2745 1715 2785 ac
1740 2730 2016 2801 praecipua

415 2817 569 2873 illius
591 2819 1064 2889 praestantissima:
1088 2821 1336 2876 omnium
1362 2831 1595 2889 naturae,
1623 2839 1688 2878 ea
1713 2823 1783 2878 ad
1806 2824 2015 2879 nullam

414 2924 535 2963 rem
563 2919 805 2967 creatam
826 2914 1080 2968 essentia;
1098 2915 1312 2970 ratione
1330 2916 1611 2986 pertinere
1625 2932 1807 2987 posse,
1833 2917 2015 2973 omni-

412 3016 599 3072 noque
615 3003 763 3073 quod
779 3003 848 3059 ad
866 3004 1154 3075 dignitatis
1170 3006 1442 3067 rationem
1470 3016 1527 3063 et
1541 3007 1814 3063 honorum
1837 3009 2018 3064 excel—

411 3093 643 3149 leutiam
691 3096 953 3166 pertinet,
991 3112 1286 3154 commune
1329 3109 1595 3155 creatura:
1651 3115 1777 3155 cum
1804 3100 2015 3156 factore

413 3191 580 3254 atque
602 3185 835 3240 Domino
858 3185 1002 3242 nihil
1025 3194 1128 3241 est.
1153 3187 1569 3243 Meminerimus
1603 3198 1788 3243 autem
1809 3188 2015 3245 dixisse

2117 2084 2280 2156 ἔργον
2313 2085 2487 2155 ἅγιον.
2529 2086 2641 2140 Καὶ
2675 2088 2971 2157 συγκόψεις
3009 2090 3074 2141 ὲκ
3108 2087 3313 2142 τούτων
3343 2088 3577 2154 λεπτῶς,
3608 2086 3705 2142 καὶ

2118 2177 2304 2250 θήσεις
2359 2178 2620 2234 ἀπέναντι
2687 2179 2785 2234 τοῦ
2837 2180 3141 2252 μαρτυρίου
3191 2181 3251 2235 ὲν
3287 2183 3355 2252 τῇ
3397 2183 3570 2253 σκηνῇ
3604 2180 3704 2235 τοῦ

2123 2264 2422 2340 μαρτυρίου
2451 2311 2464 2334 ,
2513 2270 2637 2323 ὅθεν
2671 2270 3060 2342 γνωσθήσομαι
3115 2287 3198 2324 σοι
3250 2270 3486 2325 ἐκεῖθεν.
3518 2270 3704 2339 Ἀγιον

2115 2361 2225 2414 τῶν
2257 2362 2430 2430 ἁγίων
2459 2361 2613 2415 ἔσται
2653 2364 2781 2433 ὑμῖν
2810 2362 3084 2434 θυμίαμα.
3120 2362 3282 2417 Κατά
3307 2362 3407 2434 τὴν
3458 2362 3707 2416 σύνθεσιν

2115 2450 2321 2522 ταύτην
2352 2453 2414 2505 οὐ
2445 2452 2802 2524 ποιηθήσεται
2835 2455 2964 2525 ὑμῖν
2982 2454 3214 2518 ἑαυτοῖς.
3254 2452 3530 2524 Ἀγίασμα
3549 2452 3703 2506 ἔσται

2118 2543 2248 2614 ὑμῖν
2277 2543 2487 2615 Κυρίῳ.
2521 2546 2617 2608 Ὃς
2656 2544 2723 2599 ἂν
2751 2547 2954 2617 ποιήσῃ
2993 2545 3278 2609 ὡσαύτως,
3304 2545 3449 2598 ὥστε
3471 2545 3706 2616 ὀσφραίδ

2116 2636 2305 2692 νεσθαι
2361 2638 2420 2690 έν
2482 2636 2654 2707 αὐτῷ,
2697 2637 2984 2691 ἀπολεῖται
3033 2639 3100 2691 ἐκ
3134 2637 3230 2691 τοῦ
3277 2637 3406 2690 λαοῦ
3447 2637 3635 2691 αὐτοῦ.
3678 2652 3698 2687 ι

2127 2729 2448 2798 Ὕποφαίνει
2492 2728 2550 2782 δὲ
2588 2728 2750 2783 πάλιν
2783 2731 2916 2801 ἡμῖν
2949 2732 2978 2783 ό
3007 2730 3102 2782 ἐπὶ
3148 2729 3286 2800 τῷδε
3318 2728 3495 2798 λόγος,
3528 2729 3610 2783 ὅτι
3637 2727 3707 2782 τὰ

2120 2817 2303 2880 ίδικῶς
2332 2815 2585 2888 ἐξαίρετα
2605 2817 2705 2888 τῆς
2742 2818 2973 2873 ἀπασῶν
3008 2819 3266 2871 ἐπέκεινα
3304 2816 3537 2887 φύσεως.
3558 2814 3705 2870 Mit-

2115 2928 2233 2964 εστι
2266 2910 2365 2982 μὲν
2400 2910 2511 2964 τῶν
2548 2910 2942 2982 πεποιημένων
2978 2911 3156 2965 οὓδενὶ
3198 2910 3494 2975 οὑσιωδῶς,
3527 2910 3706 2963 κοινὸν

2115 3002 2173 3057 δὲ
2212 3005 2277 3075 τῇ
2314 3003 2490 3057 κτίσει
2533 3004 2816 3069 παντελῶς
2849 3004 3021 3069 οὐδὲν,
3052 3004 3191 3077 πρὸς
3216 3004 3308 3058 τὸν
3341 3005 3573 3076 ποιητὴν
3612 3004 3705 3058 και

2116 3094 2405 3166 δεσπότην,
2459 3096 2586 3166 τόγε
2648 3091 2786 3169 ἧκον
2839 3099 2922 3161 εἰς
2976 3096 3135 3161 ἀξίας
3194 3095 3352 3166 λόγον
3400 3096 3497 3151 καὶ
3526 3094 3705 3167 γερῶν

2119 3188 2411 3260 ὑπεροχήν.
2464 3189 2884 3261 Μεμνησόμεθα
2920 3189 2979 3244 δὲ
3010 3190 3105 3243 καὶ
3142 3190 3203 3243 τδ
3227 3190 3611 3262 θυσιαστήριον
3645 3188 3707 3244 τὸ

411 3288 537 3339 nos,
559 3275 730 3331 altare
749 3292 1005 3342 aureum,
1036 3287 1093 3334 et
1119 3278 1300 3349 ipsum
1334 3279 1631 3351 thymiama
1663 3288 1827 3334 tenue
1849 3286 2014 3349 atque

2119 3279 2379 3350 χρυσοῦν,
2415 3282 2509 3335 καὶ
2532 3281 2666 3335 αὐτὸ
2693 3282 2750 3335 δὲ
2779 3281 2842 3335 τὸ
2874 3282 3126 3337 σύνθετον
3163 3281 3258 3335 καὶ
3285 3281 3477 3335 λεπτὸν
3506 3281 3707 3353 θυμία-

415 3368 783 3437 compositum
812 3366 1097 3424 Christum
1119 3386 1265 3437 esse,
1290 3382 1456 3443 atque
1480 3372 1661 3442 ipsum
1688 3372 2014 3428 Emmanuel

413 3460 577 3516 nobis
604 3471 842 3532 utroque
868 3462 1188 3534 significari.
1216 3465 1413 3538 Igitur,
1445 3467 1490 3522 si
1519 3467 1589 3522 ad
1622 3466 1906 3523 Christum
1927 3482 2017 3522 re-

308 3571 315 3581 ·
414 3551 594 3609 fertur
621 3555 941 3627 thymiama,
960 3572 1084 3613 cum
1114 3560 1317 3615 mirum
1346 3561 1401 3615 in
1419 3562 1642 3616 modum
1673 3560 1830 3617 suavi
1843 3560 2016 3617 odore

416 3647 511 3713 sit,
526 3662 639 3702 non
665 3648 931 3707 faciemus
953 3653 1116 3708 nobis
1135 3652 1433 3726 thymiama
1457 3653 1538 3709 illi
1559 3653 1759 3720 simile;
1783 3668 1909 3709 nam
1931 3653 2014 3708 al—

416 3746 599 3796 terum
614 3749 815 3810 praeter
827 3744 1006 3814 ipsum
1023 3746 1355 3816 recipiemus
1373 3746 1673 3811 neminem,
1689 3746 1835 3800 sicut
1853 3745 2018 3800 nimi-

415 3844 542 3885 rum
572 3831 821 3889 infelices
834 3835 1005 3891 Judaei
1029 3835 1201 3891 ﬁlium
1230 3836 1559 3907 iniquitatis;
1580 3836 1617 3890 ii
1645 3850 1884 3906 namque
1908 3836 2015 3890 sibi

416 3924 795 3992 composuisse
816 3924 1311 3995 deprehenduntur
1329 3927 1399 3982 ad
1423 3926 1841 3983 similitudinem
1869 3928 2017 3983 illius

416 4010 632 4065 odorati
653 4021 818 4083 atque
838 4014 1027 4069 eximii
1057 4014 1428 4086 thymiamatis
1473 4015 1620 4085 quod
1641 4017 1754 4071 Deo
1774 4025 1832 4072 et
1851 4016 2016 4087 325

417 4101 563 4157 Patri
580 4103 823 4161 dicatum
839 4113 942 4171 est,
958 4107 1053 4177 qui
1071 4107 1298 4162 odorem
1314 4109 1526 4165 notitia:
1542 4124 1654 4165 sum
1669 4108 1830 4165 nobis
1842 4110 2019 4164 mani-

415 4194 641 4251 festavit
664 4196 719 4251 in
742 4198 903 4266 Filio,
926 4216 1026 4271 per
1045 4216 1209 4271 quem
1234 4217 1336 4259 nos
1363 4219 1582 4274 quoque
1606 4204 1747 4259 bene
1768 4203 2011 4271 olemus;

416 4303 530 4343 non
568 4292 725 4360 quasi
754 4293 916 4349 nobis
944 4294 1241 4366 thymiama
1272 4296 1406 4352 illud
1448 4305 1612 4354 tenue
1635 4283 2017 4368 composueri-

419 4394 562 4447 mus,
609 4383 707 4438 sed
752 4391 1014 4456 tanquam
1064 4388 1213 4443 illius
1241 4390 1559 4460 participes,
1592 4404 1717 4445 cum
1759 4399 1815 4444 et
1843 4390 2017 4461 gratia

420 4474 597 4528 sancti
624 4474 865 4545 Spiritus
886 4479 1039 4534 uncti
1065 4480 1260 4547 simus,
1285 4489 1342 4535 et
1365 4497 1465 4552 per
1491 4481 1863 4536 Christianam
1887 4495 2019 4536 con-

420 4567 789 4623 versationem
815 4572 1192 4629 commendari
1219 4573 1561 4629 studeamus.

493 4745 693 4804 PALL.
737 4747 842 4803 Per
891 4752 1077 4808 omnia
1107 4753 1277 4823 igitur
1304 4767 1369 4806 ea
1402 4767 1525 4821 qua:
1564 4752 1620 4806 in
1659 4752 2014 4809 tabernaculo

422 4848 603 4905 erant,
642 4838 849 4897 Christi
885 4844 1066 4910 nobis,
1099 4852 1161 4898 ut
1195 4844 1435 4910 videtur,
1466 4844 1786 4915 mysterium
1816 4845 2012 4900 adum~

426 4929 642 4987 bratur.

496 5024 653 5081 CYR.
690 5026 964 5081 Praeterea
1010 5026 1382 5095 admirabere,
1426 5029 1471 5084 si
1512 5027 1775 5087 didiceris
1842 5030 2011 5087 etiam

429 5116 578 5187 ipsos
614 5116 840 5186 opifices
871 5116 1210 5172 tabernaculi
1248 5118 1306 5172 in
1342 5134 1401 5175 se
1424 5120 1558 5190 ipsis
1584 5120 1789 5177 Christi
1815 5122 2012 5193 imagi-

428 5222 557 5262 nem
592 5206 820 5263 referre.

499 5296 697 5352 PALL.
739 5297 1026 5364 Quomodo
1054 5299 1311 5356 tandem?
1337 5316 1463 5358 nam
1498 5303 1643 5360 istud
1670 5305 1894 5376 quidem
1919 5320 2015 5361 ex-

430 5390 674 5460 cogitare
707 5406 945 5461 nequeo.

489 5478 659 5535 ‘CYR.
704 5479 981 5556 Scriptum
1010 5490 1095 5540 est
1128 5485 1328 5543 iterum
1359 5494 1387 5542 :'
1407 5508 1424 5541 ι
1453 5486 1523 5547 Et
1545 5489 1763 5545 locutus
1791 5500 1877 5546 est
1907 5489 2017 5544 Do-

429 5568 617 5624 minus
653 5570 719 5625 ad
760 5571 1000 5643 Moysen,
1028 5574 1219 5632 dicens
1252 5595 1265 5631 :
1299 5577 1440 5634 Ecce
1475 5578 1665 5633 vocavi
1696 5595 1765 5635 ex
1790 5579 2016 5633 nomine

429 5654 674 5716 Beseleel
708 5661 881 5717 filium
919 5663 1080 5731 Uriaa,
1113 5665 1210 5721 ﬁlii
1246 5666 1321 5723 Or
1350 5684 1417 5723 ex
1454 5668 1607 5723 tribu
1642 5668 1803 5737 Juda,
1831 5677 1889 5724 et
1924 5684 2086 5765 ιιι-Μ

2118 3389 2198 3443 μα
2239 3374 2473 3445 Χριστὸν
2506 3375 2815 3446 εἰρηκότες,
2865 3374 2958 3429 καὶ
2997 3375 3160 3429 αὐτὸν
3188 3376 3323 3446 ήμῖν
3352 3370 3454 3428 ’τὸν
3495 3373 3710 3445 Ἐμμα-

2118 3462 2281 3534 νουὴλ
2328 3463 2397 3516 δι’
2438 3465 2643 3534 ἀμφοῖν
2683 3464 3064 3535 σημαίνεσθαι.
3095 3465 3307 3520 Οὐκοῦν
3349 3466 3432 3531 είς
3471 3464 3709 3536 Χριστὸν

2117 3554 2529 3626 ἀναφερομένου
2559 3554 2654 3609 τοῦ
2683 3554 3028 3628 θυμιάματος
3059 3556 3279 3627 (εὐῶδες
3300 3556 3412 3628 γάρ
3442 3556 3710 3627 ἀσυγκρίά

2115 3645 2272 3717 τως),
2296 3647 2358 3700 οὑ
2394 3647 2698 3719 ποιήσομεν
2733 3647 2947 3713 ἑαυτοῖς
2971 3647 3094 3702 κατ’
3110 3648 3242 3702 αὐτὸ
3256 3648 3321 3720 δή
3347 3642 3410 3702 τὺ
3431 3647 3704 3720 θυμίαμα.

2120 3739 2349 3811 Ἕτερον
2381 3738 2491 3811 γὰρ
2539 3741 2627 3793 ἐπ’
2663 3739 2813 3810 αὑτῷ
2864 3740 3146 3805 παντελῶς
3180 3740 3371 3795 οὐδένα
3407 3738 3711 3811 παραδεξό·⁸

2121 3828 2280 3900 μεθα,
2335 3829 2589 3902 καθάπερ
2617 3830 2810 3901 ἀμέλει
2847 3831 2941 3885 καὶ
2972 3832 3023 3884 οἱ
3058 3831 3290 3895 τάλανες
3326 3828 3589 3895 Ἰουδαῖοι,
3615 3831 3710 3885 τὸν

2115 3923 2217 3992 τῆς
2238 3921 2470 3992 ἀνομίας
2502 3920 2641 3976 υἱόν.
2683 3923 2936 3987 Ἑαυτοῖς
2970 3923 3080 3995 γὰρ
3116 3925 3167 3977 oi
3201 3923 3393 3976 τοιοίδε
3422 3923 3710 3987 συνθέντες

2119 4013 2442 4079 ἁλώσονται,
2467 4014 2560 4067 καὶ
2595 4014 2719 4068 κατ’
2757 4016 2938 4070 έκεῖνο
2964 4015 3028 4088 δή
3067 4015 3127 4070 τὸ
3151 4016 3349 4079 εὑῶδες
3377 4015 3473 4070 καὶ
3494 4015 3709 4085 ἐξαίρε-ὀ

2116 4124 2209 4160 τον
2231 4105 2451 4177 ἀληθῶς
2480 4104 2755 4178 θυμίαμα,
2792 4106 2886 4160 τοῦ
2917 4106 3055 4161 Θεοῦ
3086 4107 3181 4161 καὶ
3214 4105 3448 4177 Πατρός,
3477 4106 3572 4159 τοῦ
3606 4104 3708 4176 τὴν

2121 4197 2222 4270 μὲν
2255 4197 2432 4270 ὀσμὴν
2462 4198 2564 4268 τῆς
2592 4198 2852 4267 γνώσεως
2889 4197 3056 4252 αὑτοῦ
3094 4196 3545 4267 πεφανερωκότος
3574 4196 3708 4267 ἡμῖν

2117 4291 2175 4344 ὲν
2202 4289 2281 4362 τῷ
2319 4291 2455 4363 Υἱῷ,
2486 4272 2553 4344 δι’
2572 4285 2632 4345 οὗ
2659 4291 2751 4343 καὶ
2776 4292 2937 4362 ἡμεῖς
2966 4286 3350 4358 εὐωδιάξομεν,
3371 4288 3471 4358 οὐχ
3490 4289 3706 4351 ἑαυτοῖς

2120 4383 2411 4448 συνθέντες
2462 4383 2526 4436 τὺ
2578 4384 2831 4454 θυμίαμα
2870 4382 2932 4435 τὸ
2982 4382 3196 4445 λεπτὸν,
3237 4381 3352 4433 ἀλλ’
3384 4380 3463 4443 ὡς
3490 4380 3708 4450 μέτοχοι

2120 4477 2212 4530 τοῦ
2240 4477 2607 4549 θυμιάματος,
2640 4477 2734 4530 καὶ
2778 4478 2842 4547 τῇ
2886 4473 2979 4527 τοῦ
3021 4472 3341 4543 Πνεῦματος
3387 4473 3569 4543 χάριτι
3614 4488 3709 4524 και

2047 4602 2092 4659 D
2119 4568 2560 4639 τακεχρισμένοι,
2599 4568 2694 4620 καὶ
2727 4566 2816 4619 διὰ
2839 4566 2939 4636 τῆς
2971 4566 3029 4619 ἐν
3056 4562 3280 4635 Χριστῷ
3306 4562 3578 4625 πολιτείας
3618 4560 3710 4615 εὐαί

2118 4659 2365 4731 δοκιμεῖν
2404 4658 2815 4722 σπουδάζοντες.

2192 4752 2399 4805 ΠΑΛᾹ.
2419 4750 2518 4803 Διά
2537 4747 2738 4812 παντὸς
2753 4742 2869 4814 οὖν,
2888 4747 2963 4810 ὼς
2982 4748 3180 4813 ἔοικεν,
3202 4743 3297 4800 τοῦ
3319 4744 3603 4814 γεγονότος
3622 4745 3705 4809 ἐν,

2117 4847 2184 4916 τῇ
2216 4843 2345 4913 ἁγίᾳ
2379 4844 2590 4913 σκηνῇ,
2618 4840 2680 4893 τὸ
2706 4840 2803 4894 τοῦ
2834 4840 3090 4911 Σωτῆρος
3131 4840 3264 4911 ἡμῖν
3302 4835 3708 4911 διαμορφοῦται

2123 4941 2439 5008 μυστήριον.
3452 4978 3457 4983 .

2191 5027 2355 5081 ΚΥΡ.
2394 5028 2503 5081 Καὶ
2537 5025 2677 5097 πρός
2704 5034 2769 5094 γε
2796 5024 2861 5097 δὴ
2884 5024 3060 5097 τούτῳ
3096 5023 3588 5095 καταθαυμάσειας
3613 5015 3703 5089 ἂν,

2120 5124 2169 5176 εί
2196 5121 2388 5193 μάθοις
2416 5121 2498 5174 ὅτι
2524 5120 2620 5173 καὶ
2648 5119 2803 5172 αὑτοὶ
2824 5118 2925 5188 τῆς
2952 5117 3112 5186 ἁγίας
3136 5117 3345 5187 σκηνῆς
3381 5117 3431 5170 οἱ
3450 5130 3709 5186 τεχνουρ-

2120 5217 2210 5288 yol
2232 5215 2468 5287 Χριστὸν
2501 5212 2941 5276 διαπλάττουσιν,
2978 5208 3055 5276 ὡς
3083 5211 3141 5263 ἐν
3163 5227 3229 5279 γε
3262 5209 3448 5282 σφίσιν
3467 5210 3673 5270 αὐτοῖς.

2191 5311 2398 5364 ΠΑΛΛ.
2442 5307 2574 5360 Τίνα
2615 5307 2720 5377 φὴς
2749 5305 2985 5376 τρόπον;
3014 5307 3216 5359 ἐννοεῖν
3244 5303 3351 5375 γὰρ
3380 5303 3481 5355 οὐκ
3506 5299 3633 5371 ἔχω.

2121 5503 2141 5554 ,ι
2187 5484 2353 5540 ΚΥΡ.
2387 5483 2702 5557 Γέγραπται
2748 5482 2859 5557 γὰρ
2887 5479 2956 5537 αὖ
2979 5499 2992 5512 ·
3031 5501 3050 5534 ι
3097 5482 3210 5536 Καὶ
3244 5481 3472 5551 ὲλάλησε
3499 5477 3707 5550 Κύριος

2119 5576 2255 5651 πρὸς
2285 5579 2514 5649 Μωσῆν,
2549 5577 2750 5647 λέγων’
2780 5575 2911 5631 Ἰδοὺ
2938 5573 3211 5644 ἀνακέκλη
3223 5591 3319 5645 μαι
3356 5572 3414 5639 ἐξ
3443 5571 3707 5641 ὀνόματος

2114 5669 2205 5724 τὸν
2236 5666 2502 5737 Βεσελεὴλ
2520 5666 2614 5722 τὸν
2640 5664 2735 5721 τοῦ
2766 5663 2966 5737 Οὐρίου
2995 5662 3133 5732 υἱὸν,
3163 5663 3282 5718 υίοῦ
3332 5664 3434 5732 “Dp
3470 5660 3571 5734 τῆς
3604 5676 3704 5731 φυ-

477 5855 521 5889 ¹²
546 5857 738 5915 Matth.
791 5878 941 5930 χχιιι,
976 5862 1031 5930 8,
1068 5864 1121 5918 9.
1203 5865 1244 5897 ¹³
1295 5864 1486 5920 Matth.
1525 5881 1619 5934 vn,
1659 5867 1713 5923 6.
1794 5869 1839 5903 ιδ
1870 5869 2019 5926 Exod

2117 5886 2227 5936 (xx,
2284 5867 2468 5922 54—58.
