4118 6432
346 415 459 472 4349

1033 412 1121 467 DE
1163 407 1608 466 ADORATIONE
1650 407 1718 463 IN
1761 401 2036 463 SPllilTU
2077 404 2166 459 ET
2208 401 2583 459 VERITATE.
2626 432 2696 442 -—
2737 400 2866 455 LIB.
2899 400 2968 455 Χ.

3529 399 3644 453 650

345 529 455 601 λῆς
502 526 696 591 Ἰούδα,
725 525 820 581 καὶ
848 523 1122 595 ἐνέπλησα
1144 523 1308 579 αὐτὸν
1344 521 1572 595 Πνεῦμα
1592 521 1735 575 θεῖον
1758 520 1951 591 σοφίας

2058 517 2199 588 pleri
2223 533 2350 573 eum
2372 516 2584 588 Spiritu
2607 516 2821 581 divino,
2841 513 3146 585 sapientiae,
3165 521 3223 569 et
3246 512 3646 584 intelligentiae,

349 622 449 676 καὶ
494 619 764 682 συνέσεως
804 617 900 671 καὶ
949 617 1285 688 ἐπιστήμης.
1330 616 1443 670 Καὶ
1487 616 1547 668 ὲν
1594 616 1758 668 παντὶ
1799 614 1949 685 ἔργῳ

346 712 684 769 διανοεῖσθαι
704 710 767 765 τὸ
796 709 1042 783 χρυσίον,
1070 709 1167 763 καὶ
1192 710 1254 763 τὸ
1268 707 1556 782 ἀργύριον,
1581 707 1789 762 καὶτὸν
1817 707 1948 778 χαλ-

296 854 309 859 -
348 807 485 874 κὸν,
521 796 619 860 καὶ
664 802 766 876 τὴν
802 801 1078 867 ὑάκινθον,
1121 805 1217 856 καὶ
1263 800 1362 873 τὴν
1399 799 1711 873 πορφύραν.
1744 800 1842 854 καὶ⁸
1886 799 1950 852 τὸ

347 898 608 951 κόκκινον
627 894 689 949 τὸ
705 892 922 966 νηστδν,
948 893 1043 947 καὶ
1062 893 1163 963 τὴν
1189 892 1387 963 βύσσον
1408 892 1508 964 τὴν
1532 891 1747 946 κεκλωσ
1753 892 1947 963 μένην,

348 986 454 1042 καὶ
480 984 550 1039 τὰ
574 983 919 1053 λιθουργικὰ,
948 982 1044 1035 καὶ⁹
1064 983 1142 1046 είς
1177 980 1247 1036 τὰ
1267 981 1402 1053 ἔργα
1422 980 1492 1035 τὰ
1522 979 1813 1035 τεκτονικά
1840 981 1949 1035 τῶν

349 1077 532 1144 ξύλων
554 1075 888 1150 ἐργάζεσθαι
922 1076 1067 1129 κατὰ
1091 1075 1270 1129 πάντα
1301 1073 1371 1127 τὰ
1402 1072 1561 1147 ἔργα.
1592 1074 1703 1127 Καὶ
1726 1072 1841 1144 ἐγὼ
1864 1073 1951 1128 δέ·

347 1170 506 1224 δωκα
533 1167 719 1231 αὐτὸν,
753 1166 848 1221 καὶ
880 1166 973 1221 τὸν
1015 1165 1202 1221 Ἐλιὰὸ
1231 1164 1326 1220 τοῦ
1369 1164 1669 1238 Ἀχισαμὰ,
1696 1168 1762 1221 ὲκ
1776 1167 1952 1239 φυλῆς

351 1261 485 1328 Δὰν,
511 1260 608 1314 καὶ
638 1258 803 1314 παντὶ
833 1257 1043 1330 συνετῷ
1074 1257 1277 1331 καρδίᾳ
1333 1257 1547 1313 δέδωκα
1588 1257 1826 1325 σύνεσιν,
1855 1260 1952 1313 καὶ

353 1354 682 1423 ποιήσουσιν
724 1353 905 1407 πάντα
956 1351 1060 1405 ὅσα
1107 1348 1395 1417 συνέταξα.
1432 1364 1470 1403 ἰ
1512 1349 1707 1423 ’Ἃθρει
1741 1350 1806 1423 δὴ
1856 1347 1952 1406 οῦν

352 1444 508 1507 ὅπως
536 1443 863 1516 καθηγεῖται
894 1441 996 1515 μὲν
1048 1442 1157 1498 τῶν
1192 1442 1692 1516 τεχνουργημάτων
1717 1445 1746 1499 ό
1784 1442 1952 1498 Βεσε-

352 1534 509 1608 λεὴλ,
556 1535 743 1590 Ἐλιὰδ
768 1535 826 1590 δὲ
850 1534 1167 1609 ἐργάζεται.

431 1630 644 1684 ΠΑΛΛ.
681 1629 747 1683 Τί
780 1626 876 1685 οὖν
902 1630 1063 1685 τοῦτό
1087 1648 1151 1701 γε
1177 1647 1192 1697 ;

430 1720 599 1774 ΚΥΡ.
641 1721 830 1794 [lsan
867 1721 932 1793 δὴ
974 1717 1102 1777 οὖν’
1144 1721 1347 1787 Ἰούδας
1375 1740 1437 1777 τε
1480 1722 1577 1778 καὶ
1619 1723 1750 1790 Δὰν,
1785 1722 1955 1797 ἄμφω

357 1812 462 1884 μὲν
491 1812 552 1880 ἐξ
589 1811 807 1877 Ἰακὼϐ,
842 1814 963 1868 ἀλλ’
994 1815 1023 1868 6
1050 1815 1151 1886 μὲν
1207 1814 1267 1881 ἐξ
1295 1815 1589 1889 ἐλευθέρας
1624 1817 1724 1888 τῆς
1755 1817 1951 1884 Λείας,

2056 619 2113 665 et
2134 611 2400 676 scientiae,
2427 609 2496 665 ad
2538 608 2961 680 excogitandum
2994 607 3050 662 in
3081 606 3234 662 omni
3262 620 3451 676 opere,
3479 614 3537 660 et
3567 604 3651 659 fa-

2057 700 2475 758 brefaciendum
2520 711 2578 756 et
2615 700 2958 772 Operandum
2999 714 3220 764 aurum,
3251 706 3308 753 et
3336 703 3651 768 argentum,

2056 801 2113 848 et
2151 808 2248 860 aes,
2281 799 2339 848 et
2376 791 2761 863 hyacinthum,
2795 798 2853 847 et
2901 804 3227 862 purpuram,
3269 794 3325 844 et
3366 787 3654 845 coccinum

2055 894 2270 949 netum,
2304 890 2363 939 et
2401 883 2631 955 hyssum
2674 889 2897 947 tortam,
2926 889 2984 936 et
3013 881 3082 936 ad
3114 880 3328 951 lapides
3360 878 3655 935 elaboran-

2056 976 2180 1040 dos,
2204 983 2262 1031 et
2296 974 2368 1030 ad
2412 975 2692 1046 lignorum
2729 988 2900 1044 opera
2939 972 3178 1037 fabrilia,
3209 971 3278 1027 ad
3312 970 3655 1043 operandum

2053 1069 2210 1141 juxta
2243 1068 2432 1124 omnia
2465 1081 2657 1138 opera.
2692 1067 2764 1122 Et
2791 1082 2894 1138 ego
2930 1065 3058 1122 dedi
3086 1066 3291 1136 ipsum,
3315 1074 3373 1120 et
3398 1064 3556 1120 Eliab
3590 1064 3655 1117 li-

2055 1156 2196 1213 lium
2224 1155 2540 1224 Achisama,
2565 1173 2635 1213 ex
2667 1158 2816 1212 tribu
2849 1158 2998 1224 Dan;
3031 1167 3092 1213 et
3127 1157 3280 1212 omni
3312 1156 3407 1227 qui
3437 1155 3659 1226 sapiens

2056 1254 2144 1304 est
2174 1248 2362 1315 corde,
2393 1248 2526 1304 dedi
2565 1249 2929 1319 sapientiam;
2965 1256 3024 1305 et
3061 1249 3269 1306 facient
3292 1248 3478 1304 omnia
3502 1263 3657 1319 quaee

2056 1353 2279 1410 cunque
2327 1339 2569 1410 praecepi
2600 1340 2666 1394 “.
2713 1359 2733 1393 ι
2774 1339 3168 1398 Animadverte
3210 1340 3381 1412 igitur
3420 1353 3659 1411 praeesse

2060 1431 2288 1504 quidem
2311 1430 2550 1505 opiﬁciis
2581 1431 2848 1500 Beselcel,
2872 1433 3032 1490 Eliah
3060 1448 3195 1490 vero
3224 1448 3394 1505 opera
3419 1432 3661 1489 efﬁcere.

2038 1608 2048 1626 ⁸
2132 1628 2332 1685 PALL.
2372 1628 2517 1698 Quid
2550 1645 2685 1687 vero
2716 1630 2866 1687 istud
2902 1631 3035 1688 est?

2131 1718 2292 1776 CYR.
2333 1719 2543 1777 Audies
2568 1722 2683 1793 jam
2713 1738 2727 1776 :
2758 1721 2930 1781 Iudas
2970 1730 3029 1778 et
3065 1723 3184 1778 Dan
3229 1721 3396 1778 ambo
3438 1720 3663 1793 quidem

2061 1827 2132 1868 ex
2166 1828 2370 1884 genere
2396 1813 2568 1870 Jacoh
2603 1812 2792 1882 fuere;
2827 1815 2925 1871 sed
2967 1815 3063 1870 ille
3102 1813 3329 1885 quidem
3356 1829 3423 1869 ex
3458 1813 3561 1870 Lia
3592 1813 3664 1868 lio

352 1904 385 1956 ὁ
417 1903 476 1957 δὲ
530 1904 596 1957 ὲκ
629 1903 969 1978 θεραπαίνης
995 1906 1096 1978 τῆς
1126 1905 1328 1978 Βάλης.
1365 1907 1550 1972 Trito;
1575 1903 1670 1962 οὖν
1702 1906 1813 1981 ἄρα
1859 1908 1954 1963 καὶ

2058 1905 2189 1960 bera
2225 1912 2553 1977 susceptus,
2580 1904 2674 1961 hic
2699 1921 2767 1961 ex
2794 1906 2993 1962 ancilla
3026 1905 3178 1962 Bala.
3219 1905 3467 1963 Beseleel
3495 1905 3665 1978 igitur

353 1994 603 2068 ἐναργὴς
631 1996 664 2050 ό
700 1995 972 2068 Βεσελεὴλ
1030 1996 1128 2051 τοῦ
1172 1998 1476 2071 πεφηνότος
1507 2001 1638 2071 ἡμῖν
1685 2002 1751 2055 ὲκ
1783 1998 1960 2074 φυλῆς

366 2085 546 2141 Ἰούδα
572 2087 636 2140 τὸ
693 2086 837 2142 κατὰ
868 2087 1048 2160 σάρκα
1068 2087 1327 2160 Χριστοῦ,
1362 2087 1460 2142 καὶ
1487 2090 1552 2142 ὲκ
1578 2088 1794 2159 φύσεως
1821 2088 1959 2162 ἀλη-

352 2178 470 2243 θῶς
499 2178 603 2250 τῆς
635 2176 953 2251 ἐλευθέρας,
982 2178 1143 2250 δῆλον
1175 2179 1232 2234 δὲ
1264 2180 1345 2235 ὅτι
1367 2180 1469 2252 τῆς
1495 2180 1645 2244 θείας
1670 2181 1766 2235 καὶ
1791 2182 1960 2253 ὑπερ‹

350 2271 549 2343 τάτης.
590 2271 884 2343 Ἑμφήνειε
901 2271 947 2326 δ’
975 2271 1042 2326 ἂν
1073 2267 1133 2327 εὖ
1164 2272 1309 2344 μάλα
1329 2273 1425 2327 καὶ
1467 2273 1656 2329 Ἐλιὰὸ
1713 2274 1862 2343 τοὺς,
1881 2275 1959 2340 ὡς

349 2364 422 2418 ὲκ
443 2362 642 2434 δούλης
700 2364 803 2434 τῆς
841 2364 1220 2438 Ἰερουσαλὴμ,
1269 2365 1494 2438 Χριστῷ
1548 2369 1961 2440 συνεργασαμέ-

350 2472 485 2520 νους
507 2455 848 2521 ἀποστόλους
897 2457 993 2511 καὶ
1027 2457 1455 2527 εὐαγγελιστάςο
1493 2459 1629 2515 Θεοῦ
1653 2462 1762 2535 γὰρ
1804 2462 1960 2532 γεγό⁴

348 2566 482 2604 νασι
499 2548 753 2622 συνεργοὶ
780 2548 853 2603 τὰ
867 2552 948 2614 είς
965 2549 1227 2606 σύστασιν
1244 2550 1354 2606 τῶν
1406 2554 1579 2623 ἁγίων
1614 2553 1958 2627 Ἐκκλησιῶν

352 2641 648 2714 μονονουχὶ
675 2642 935 2696 πονοῦντι
958 2643 1056 2697 καὶ
1071 2644 1419 2718 τεχνωμένῳ.
1435 2644 1799 2719 Συνεκόμιζον
1815 2647 1873 2702 δὲ
1890 2648 1960 2702 τὰ

348 2731 421 2799 ἐξ
452 2733 664 2797 οίκείας
692 2732 933 2806 σπουδῆς
959 2733 1057 2789 καὶ
1080 2735 1388 2800 ἐπιεικείας
1418 2738 1502 2804 είς
1529 2736 1598 2793 τὰ
1623 2740 1725 2812 τῆς
1753 2740 1960 2812 σκηνῆς

349 2824 498 2899 ἔργα
522 2825 729 2891 πάντες
757 2826 808 2880 οί
832 2826 1045 2880 συνετοὶ
1072 2829 1138 2900 τῇ
1173 2829 1393 2903 καρδίᾳ,
1424 2828 1534 2885 τῶν
1556 2831 1701 2886 κατά
1731 2833 1960 2906 καιροὺς

345 2917 698 2974 διδασκάλων
731 2917 1188 2991 ἁποπληροῦντες
1235 2921 1452 2986 εἰκόνας
1471 2963 1486 2988 ,
1522 2917 1606 2987 οἷς
1643 2925 1702 2977 ὲν
1749 2924 1957 2997 σπουδῇ

351 3010 455 3065 καὶ
481 3008 724 3082 φροντίδι
748 3009 812 3064 τὸ
843 3008 1177 3083 ἐργάζεσθαι
1215 3012 1285 3068 τὰ
1307 3011 1403 3067 τοῦ
1434 3013 1595 3083 Θεοῦ,
1622 3016 1719 3070 καὶ
1747 3017 1959 3090 ὅσαπερ

350 3099 429 3157 ἂν
455 3101 639 3176 τελοίη
666 3101 806 3173 πρὸς
828 3101 1024 3176 ὄνησιν
1051 3103 1152 3176 τῆς
1188 3103 1523 3179 Ἑκκλησίας
1548 3109 1812 3181 Χριστοῦ.

434 3345 480 3379 ⁸⁸
516 3344 695 3402 Exod.
724 3363 873 3415 χιιι,
900 3350 1023 3409 1-6.

2059 1996 2237 2070 ﬁgura
2274 2004 2380 2059 est,
2403 1998 2636 2054 evidens
2673 1996 2904 2065 Christi,
2930 1999 3030 2070 qui
3080 1999 3391 2056 secundum
3436 2015 3662 2056 carnem

2057 2105 2130 2147 ex
2160 2090 2313 2146 tribu
2337 2089 2481 2147 Juda
2518 2090 2756 2158 exstitit,
2778 2099 2946 2162 atque
2966 2106 3033 2148 ex
3063 2098 3265 2148 natura
3290 2108 3427 2149 vere
3462 2090 3662 2158 libera,

2058 2179 2325 2236 nimirum
2368 2180 2558 2236 divina
2593 2181 2690 2237 illa
2721 2190 2890 2253 atque
2929 2197 3211 2254 suprema.
3245 2183 3407 2239 Eliah
3436 2199 3663 2256 quoque

2061 2272 2286 2328 illorum
2309 2271 2539 2344 ﬁguram
2568 2274 2775 2344 Optime
2805 2289 2921 2346 prae
2957 2288 3018 2331 se
3057 2273 3190 2342 fert,
3229 2275 3326 2346 qui
3347 2290 3415 2331 ex
3439 2276 3663 2332 Jerusa-

2059 2365 2168 2421 lem
2207 2365 2409 2422 ancilla
2442 2366 2591 2432 nati,‘
2618 2365 2843 2423 Christo
2878 2368 3162 2439 cooperati
3197 2376 3348 2434 sunt,
3380 2369 3664 2440 apostolos

2060 2456 2189 2513 dico
2226 2465 2286 2514 et
2326 2457 2731 2529 evangelistas;
2769 2459 2867 2514 Dei
2904 2459 3053 2514 enim
3095 2467 3490 2531 cooperatores
3537 2460 3662 2517 fue-

2061 2558 2213 2611 runt.
2248 2549 2309 2605 in
2334 2550 2740 2607 constituendis
2767 2550 3032 2607 Ecclesiis
3060 2552 3463 2623 propemodum
3504 2553 3662 2608 labo-

2061 2642 2239 2698 rantis
2291 2648 2461 2712 atque
2497 2653 2722 2712 operam
2763 2641 2968 2700 dantis.
2997 2642 3373 2702 Conferebant
3397 2646 3567 2703 etiam
3594 2663 3665 2702 ex

2060 2734 2250 2791 studio
2279 2748 2348 2789 ac
2375 2733 2653 2805 probitate
2687 2749 2888 2806 operas
2920 2734 2992 2791 ad
3031 2736 3455 2794 tabernaculum
3485 2738 3662 2794 conti-

2056 2828 2323 2886 ciendum
2367 2829 2536 2901 326
2575 2844 2793 2892 omnes,
2835 2832 2934 2902 qui
2972 2839 3137 2888 erant
3157 2833 3437 2905 sapientes
3469 2833 3659 2899 corde,

2062 2920 2354 2978 doctorum
2381 2920 2678 2993 imaginem
2705 2930 2977 2991 tenentes,
3003 2927 3101 2995 qui
3125 2940 3230 2981 suo
3251 2925 3488 2998 quisque
3521 2934 3662 2983 tem-

2058 3021 2199 3086 pore
2244 3013 2423 3069 futuri
2466 3022 2647 3080 erant,
2691 3015 2905 3087 quique
2946 3015 3019 3071 ad
3054 3017 3155 3074 Dei
3191 3034 3380 3090 opera,
3413 3027 3470 3076 et
3506 3035 3662 3091 qua-.-

2058 3119 2284 3177 cunque
2326 3105 2402 3161 ad
2446 3105 2748 3164 utilitatem
2791 3107 3001 3165 Christi
3047 3109 3312 3167 Ecclesiae
3358 3111 3660 3182 pertinent.

2064 3196 2359 3256 efﬁcienda
2382 3198 2534 3256 omni
2564 3199 3015 3274 studio_cnraque
3043 3201 3398 3260 incumbunt.

953 3741 1356 3872 ΠΕΡΙ
1429 3741 1776 3873 ΤΗΣ
1874 3744 2087 3872 ΕΝ
2180 3738 3076 3879 ΠΝΕΥΜΑΤΙ

1630 3988 1831 4083 ΚΑΙ
1902 3989 2407 4086 ΑΛΗΘΕΙΑ

628 4184 2049 4306 ΠΡΟΣΚΥΝΗΣΕΩΣ
2161 4190 2465 4303 ΚΑΙ
2557 4182 3411 4306 ΛΑΤΡΕΙΑΣ

1539 4406 1910 4499 ΛΟΓΟΣ
1986 4392 2504 4501 ΔΕΚᾹΤΟΣ

458 4764 647 4882 DE
745 4765 1684 4889 ADORATIONE
1803 4772 1987 4886 ET
2124 4772 2622 4893 CULTU
2718 4772 2871 4890 IN
2984 4736 3567 4889 SPIRITU

1584 4993 1756 5119 ΕΤ
1815 5007 2487 5120 VEBITATE

1501 5247 1871 5342 LIBER
1973 5246 2544 5343 DECIMUS.

362 5614 514 5688 Περὶ
536 5613 663 5671 τῶν
687 5613 890 5671 αὐτῶν
912 5613 1022 5680 ἔτι,
1050 5613 1152 5670 καί
1181 5614 1318 5686 περὶ
1347 5615 1470 5674 τῶν
1486 5616 1559 5675 ἐν
1579 5619 1719 5692 ἁγίᾳ
1740 5623 1967 5694 σκηνῇ.
1997 5627 2042 5688 C

473 5730 597 5802 Apdt
623 5746 708 5784 σοι
736 5727 935 5800 σαφὴς,
962 5721 1008 5782 ὦ
1029 5726 1312 5793 Παλλάδιε,
1338 5730 1433 5785 καὶ
1456 5730 1716 5805 ἀποχρῶν
1732 5734 1761 5787 ὁ
1782 5734 1964 5806 λόγος,

370 5823 441 5880 ὃν
469 5823 564 5878 ἐπὶ
588 5825 654 5895 τῇ
688 5822 821 5892 ἁγίᾳ
858 5825 1031 5895 σκηνῇ
1061 5822 1157 5876 καὶ
1191 5820 1300 5876 τῶν
1326 5824 1385 5877 ὲν
1418 5823 1556 5897 αὐτῇ
1582 5827 1964 5900 πεποιήμεθα;

699 6013 971 6076 ΡΑτιιοι.
1020 6016 1136 6079 (in.
1186 6014 1450 6081 LXVIII.

2141 5620 2335 5694 [327
2356 5619 2437 5679 De
2478 5621 2547 5678 iis
2566 5620 2763 5678 iterum
2791 5632 2913 5691 quae
2933 5625 3089 5675 erant
3122 5619 3179 5675 in
3207 5618 3579 5678 tabernaculo.

2144 5734 2288 5791 Num
2323 5733 2492 5806 igitur
2515 5730 2810 5806 perspicua
2840 5730 2962 5799 tibi,
2990 5730 3222 5801 Palladi,
3250 5749 3315 5790 ac
3350 5733 3487 5791 satis
3513 5733 3672 5811 plena

2074 5830 2300 5886 videtur
2344 5828 2545 5893 oratio,
2607 5843 2773 5900 quam
2824 5828 2893 5885 de
2945 5828 3322 5895 tabernaculo,
3358 5838 3413 5886 et
3450 5828 3516 5884 iis
3551 5842 3675 5899 quae

2080 5921 2248 5993 inillo
2274 5929 2455 5990 erant,
2484 5918 2819 5976 habuimus?

3238 6014 3312 6078 .‘21
