4118 6434
565 399 663 463 631

1589 400 1644 456 S.
1685 396 1962 457 CYRILLI
2001 395 2473 457 ALEXANDRINI
2514 398 2837 455 ARCIIIEP.

3734 400 3830 457 032

640 518 836 574 PALL.
893 514 1190 587 PerSpicua
1238 516 1329 571 illa
1381 531 1512 573 sane
1559 516 1819 586 quidem,
1869 517 1968 573 sed
2007 526 2137 572 cert:

2333 514 2544 569 HAAA.
2608 515 2792 586 Σαφὴς
2860 514 2957 585 μὲν
3015 506 3076 566 εῦ
3131 512 3318 586 μάλα,
3372 513 3514 586 πλὴν
3578 515 3827 589 ἀποχρῶν

566 610 717 671 baud
745 613 879 670 satis
905 615 1086 684 plena.

631 706 789 762 CYR.
826 706 1084 762 Placetne
1111 706 1280 777 igitur
1320 712 1383 757 ut
1411 702 1477 757 ad
1516 702 1572 758 id
1611 716 1807 757 rursus
1840 701 2148 769 redeamus,

566 796 713 867 quod
751 795 850 850 tibi
888 796 943 850 in
982 795 1071 863 iis,
1100 811 1222 867 quae
1253 795 1322 850 de
1356 794 1713 850 tabernaculo
1744 801 1962 849 narrata
1998 803 2147 860 sunt,

564 887 757 941 deesse
786 884 1040 940 videtur?
1074 902 1201 941 nam
1243 886 1499 950 fortasse,
1525 883 1631 939 nisi
1665 884 1849 951 fallor,
1870 884 2152 939 existimas

562 992 685 1032 eam
722 977 990 1032 orationis
1025 985 1238 1048 partem
1272 992 1396 1032 esse
1433 976 1865 1047 adiungendam,
1890 991 1998 1045 qua
2029 976 2148 1045 pla-

563 1084 697 1124 num
741 1066 837 1122 ﬁat
893 1067 1174 1137 quomodo
1216 1066 1354 1122 illud
1400 1076 1651 1122 erectum
1695 1067 1800 1133 sit;
1838 1081 1950 1137 quo
1983 1066 2149 1120 etiam

564 1169 833 1229 tempore,
856 1173 1032 1228 quave
1071 1158 1304 1223 ratione,
1331 1171 1454 1228 quae
1488 1157 1545 1211 in
1591 1158 1688 1212 illo
1716 1164 1896 1221 erant,
1921 1171 2149 1227 compo-

564 1250 669 1304 sita
725 1249 878 1315 sint;
914 1247 984 1303 de
1023 1246 1511 1318 justiﬁcationibus
1541 1247 1709 1302 etiam
1748 1262 1813 1302 ac
1854 1246 2069 1317 legibus
2093 1255 2151 1301 et

563 1339 823 1395 enczeniis
857 1345 917 1393 et
952 1336 1409 1404 sanctificatione,
1448 1351 1513 1393 ac
1548 1336 1789 1408 denique
1825 1337 1893 1392 de
1926 1336 2152 1407 judiciis

563 1445 685 1486 esse
706 1428 961 1485 nonnihil
989 1427 1307 1484 dicendum.

630 1519 831 1576 PALL.
873 1518 1046 1590 Igitur
1089 1518 1273 1574 denuo
1317 1517 1387 1573 de
1431 1518 1664 1590 singulis
1702 1517 1910 1574 dissere
1944 1518 2151 1590 :328

564 1620 715 1668 recte
738 1613 886 1667 enim
918 1611 1148 1682 cogitas.

633 1704 792 1760 CYR.
834 1702 949 1772 Ego
983 1717 1118 1757 vero
1165 1701 1368 1757 dicam.
1409 1699 1517 1756 Sed
1552 1710 1605 1757 te
1640 1701 1711 1757 ad
1750 1700 2147 1773 ignoscendum

2253 606 2453 677 ἥκιστά
2478 622 2562 674 γε.

2323 696 2490 754 ΚΥΡ.
2525 695 2713 749 Βούλει
2736 694 2801 766 δὴ
2822 690 2915 749 οὗν
2940 697 3028 749 ἐπ’
3054 696 3231 749 ἐκεῖνο
3259 696 3424 751 πάλιν
3450 698 3829 770 προθυμότατα

2250 788 2666 858 διαστείχωμεν,
2702 787 2731 840 ὃ
2761 790 2875 851 τοῖς
2915 786 3001 841 ἐπ’
3045 787 3181 858 αὐτῇ
3222 787 3560 860 διηγήμασιν
3600 778 3829 847 ἐλλελοι-

2252 880 2413 934 πέναι
2447 879 2630 944 δοκεῖς
2656 879 2759 932 οἴει
2786 880 2898 949 γάρ
2936 895 3063 943 που,
3096 878 3242 933 κατὰ
3267 878 3331 932 τὸ
3380 880 3551 945 είκδς,
3592 899 3830 954 προσεπ-

2253 973 2484 1043 άγεσθαι
2525 974 2636 1027 δεῖν
2668 974 2760 1026 τὸν
2795 973 3162 1044 σαφηνιοῦντα
3190 972 3369 1043 λόγον,
3413 974 3535 1028 τίνα
3577 975 3678 1046 μὲν
3706 979 3831 1046 ἡμίν

2252 1060 2552 1134 ἐγήγερται
2595 1064 2819 1134 τρόπον,
2852 1062 3058 1133 πηνίκα
3090 1064 3146 1118 δὲ
3178 1065 3274 1118 καὶ
3325 1065 3474 1128 ὅπως
3505 1064 3574 1118 τὰ
3609 1067 3668 1117 ὲν
3697 1065 3827 1138 αὐτῇ

2252 1153 2594 1208 συντέθειται
2622 1152 2981 1224 δικαιώματά
3001 1171 3062 1207 τε
3096 1156 3193 1208 καὶ
3227 1156 3412 1226 νόμοι,
3465 1157 3562 1210 καὶ
3592 1158 3828 1225 ὲγκαινι-

2253 1245 2390 1316 σμὸς
2418 1244 2512 1300 καὶ
2539 1246 2807 1317 ἁγιασμὸς
2846 1246 2944 1299 καὶ
2970 1246 3168 1315 κρίσις.

2321 1511 2526 1565 ΠΑΔΔ.
2557 1510 2735 1582 Φράξε
2764 1509 2828 1582 δὴ
2847 1508 2941 1564 οὖν
2963 1511 3030 1569 τὰ
3056 1508 3142 1580 ἐφ’
3165 1511 3380 1581 ἑκάστῳ
3409 1511 3573 1565 πάλιν
3594 1524 3609 1540 ·
3649 1511 3828 1586 διανοῇ

2252 1602 2362 1673 γὰρ
2386 1599 2583 1673 ὀρθῶς.

2321 1692 2489 1747 ΚΥΡ.
2524 1691 2737 1747 Οὐκοῦν
2795 1690 2907 1765 ἐρῶ
2938 1693 3037 1764 μὲν
3059 1691 3190 1762 ὲγὼ.
3218 1693 3290 1747 Σὺ
3314 1692 3371 1747 δὲ
3395 1686 3461 1747 αὖ
3498 1692 3833 1766 συγγνώμων

563 1794 780 1851 facilem
808 1808 929 1850 esse
960 1794 1148 1860 velim,
1175 1792 1312 1848 illud
1350 1794 1702 1865 cogitantem,
1731 1808 2002 1847 summam
2026 1808 2137 1849 esse

2250 1785 2344 1841 ἔσο
2374 1826 2389 1852 ,
2430 1787 2530 1857 τὴν
2563 1787 2799 1841 είσάπαν
2831 1787 3155 1859 δυσχέρειαν
3195 1786 3304 1841 τῶν
3342 1786 3715 1858 θεωρημάτων
3748 1790 3831 1842 ὲν-

563 1901 752 1943 rerum
787 1884 855 1940 ad
894 1884 1376 1956 contemplandum
1410 1886 1817 1956 propositarum
1857 1883 2137 1959 diﬁiculta-

2251 1877 2544 1950 νενοηκὼς,
2575 1878 2681 1933 κᾶν
2710 1879 2764 1932 ετ
2765 1894 2866 1932 που
2892 1895 2947 1932 τι
2999 1878 3211 1951 λέγοιμι
3233 1880 3399 1951 τυχὸν
3416 1880 3527 1934 τῶν
3554 1881 3833 1952 ἀκριῦείας

565 1988 674 2034 tem
706 1997 718 2032 :
746 1994 830 2044 ac,
857 1977 905 2034 si
942 1978 1077 2048 quid
1114 1977 1348 2034 fortasse
1386 1978 1599 2044 dixero,
1631 1977 1778 2048 quod
1809 1992 1841 2033 a
1865 1985 2019 2034 certa
2059 1992 2151 2033 ra-

563 2072 714 2127 tione
747 2071 988 2136 aberret,
1010 2078 1068 2126 et
1097 2084 1129 2126 ο
1160 2079 1313 2126 recta
1334 2085 1577 2141 veraque
1604 2068 1947 2141 eXpositione
1971 2070 2150 2127 disce—

562 2163 677 2229 dat,
704 2162 937 2219 emenda
958 2171 1013 2218 et
1033 2161 1248 2233 corrige
1279 2180 1295 2215 :
1321 2168 1375 2218 te
1402 2162 1551 2217 enim
1581 2162 1793 2217 socium
1817 2161 2153 2233 adiutorem-

559 2268 669 2324 que
698 2268 833 2309 mea:
858 2252 1127 2308 orationis
1153 2251 1455 2307 adhibebo.

629 2345 828 2402 PALL.
864 2346 1057 2417 Perge,
1089 2346 1189 2400 Dei
1218 2345 1426 2401 auxilio
1456 2344 1652 2400 fretus.

2252 1973 2682 2044 ἡμαρτηκότων,
2722 1973 2819 2026 καὶ
2863 1972 3021 2041 λόγου
3053 1972 3149 2027 τοῦ
3191 1972 3404 2037 δέοντος
3443 1973 3830 2044 έκπεφοιτηγρ-

2251 2081 2386 2128 των,
2430 2064 2775 2133 μετάπλαττε
2822 2062 2917 2116 καὶ
2958 2062 3293 2134 μεθάρμοζε.
3331 2064 3688 2135 Συλλήπτορα
3726 2066 3832 2137 γὰρ

2253 2171 2312 2208 σε
2345 2156 2438 2209 καὶ
2470 2154 2685 2226 ἀρωγὸν
2713 2153 2821 2207 τῶν
2851 2152 3089 2225 ἐμαυτοῦ
3132 2155 3432 2226 ποιήσομαι
3468 2154 3662 2224 λόγων.

2320 2249 2532 2305 ΠΑΛΛ.
2572 2228 2677 2303 ’Ῑθι
2697 2246 2818 2318 Θεῷ
2846 2248 3095 2311 πίσυνος.

2213 2376 2219 2381 -
2319 2342 2484 2396 ΚΥΡ.
2534 2341 3089 2414 Συμπεπερασμένων
3138 2340 3202 2413 δὴ
3258 2336 3352 2396 οῦν
3407 2337 3467 2395 εὖ
3524 2341 3671 2412 μάλα
3727 2341 3833 2396 τῶν

624 2438 785 2493 CYR.
825 2438 1130 2508 Completis
1176 2438 1347 2509 igitur
1387 2437 1652 2509 operibus
1693 2437 2057 2503 tabernaculi,
2092 2445 2137 2493 el

2250 2434 2427 2507 ἔργων
2455 2435 2556 2505 τῆς
2583 2435 2747 2504 ἁγίας
2778 2433 3005 2505 σκηνῆς,
3038 2432 3133 2487 καὶ
3165 2434 3272 2506 μὴν
3324 2433 3421 2487 καὶ
3462 2435 3694 2488 ἑκάστου
3728 2435 3832 2497 τῶν

555 2529 809 2601 singulis,
832 2543 955 2599 quae
975 2529 1032 2583 in
1059 2543 1127 2584 eo
1151 2528 1596 2594 continebantur,
1621 2529 1690 2584 ad
1718 2529 1867 2584 illius
1898 2529 2137 2600 pulchri-

2249 2527 2308 2578 ἐν
2349 2525 2486 2596 αὐτῇ
2521 2523 2700 2593 σοφῶς
2744 2523 2840 2579 καὶ
2902 2523 3171 2594 εὐτέχνως
3207 2525 3658 2596 ὲκπεποιημένων
3701 2526 3833 2598 πρὸς

558 2615 769 2672 tudinis
814 2616 872 2671 in
917 2625 1107 2671 monte
1154 2616 1545 2672 demonstrata:
1591 2615 2012 2672 similitudinem
2061 2632 2137 2672 sa-

2248 2633 2313 2685 γε
2366 2615 2426 2670 τὸ
2490 2616 2849 2688 παραδειχθὲν
2903 2618 2963 2671 ἐν
3020 2617 3099 2690 τῷ
3149 2616 3268 2691 δρει
3320 2618 3516 2682 κάλλος
3540 2659 3556 2685 ,
3603 2619 3830 2688 ὲλὰλησε

555 2709 776 2778 pienter
808 2716 865 2763 et
902 2707 1198 2765 artiﬁciose
1232 2708 1411 2774 factis,
1440 2708 1663 2763 locutus
1683 2717 1769 2763 est
1791 2708 2055 2763 Dominus
2077 2707 2137 2763 ad

2248 2706 2454 2778 Κύριος
2482 2708 2621 2778 πρὸς
2654 2708 2890 2779 Μωσῆν,
2928 2707 3124 2778 λέγων,
3168 2728 3187 2761 ι
3235 2707 3327 2763 Ἐν
3364 2709 3553 2781 ἡμέρᾳ
3587 2711 3688 2782 μιᾷ
3726 2729 3829 2782 μη-

556 2800 800 2874 Moysen,
832 2800 1023 2857 dicens
1056 2819 1071 2854 :
1104 2819 1124 2852 ι
1155 2800 1213 2855 lu
1246 2800 1338 2856 die
1374 2815 1481 2856 una
1508 2798 1717 2856 mensis
1740 2800 1907 2870 primi
1932 2800 2137 2855 novilu-

2247 2799 2336 2863 νὸς
2361 2798 2456 2852 τοῦ
2483 2797 2701 2868 πρώτου
2725 2836 2741 2862 ,
2785 2800 3070 2872 νεομηνία,
3119 2800 3339 2872 στήσεις
3365 2801 3465 2873 τὴν
3507 2803 3716 2873 σκηνὴν
3739 2802 3831 2856 τοῦ

555 2894 650 2949 nio
671 2895 849 2965 eriges
872 2893 1290 2950 tabernaculum
1317 2892 1621 2949 testimonii
1646 2894 1712 2946 ιδ.
1743 2910 1764 2944 ι
1798 2892 1868 2946 Et
1888 2900 2014 2962 post
2041 2892 2137 2948 alia

2251 2890 2578 2965 μαρτυρίου.
2636 2909 2655 2943 ι
2681 2890 2793 2946 Καὶ
2838 2890 2955 2963 μεθ’
2979 2891 3145 2963 ἔτερα
3170 2891 3359 2945 πάλιν·
3396 2909 3417 2943 ι
3452 2893 3563 2946 Kal.
3582 2893 3830 2962 ἐγένετο.

554 3000 746 3044 rursus
774 3004 786 3041 :
824 2986 935 3042 «‘Et
957 2986 1161 3041 factum
1185 2993 1290 3052 est,
1315 3004 1334 3038 ι
1366 2985 1566 3057 inquit,
1599 3004 1619 3037 ι
1646 2980 1705 3041 in
1728 3000 1919 3041 mense
1941 2985 2137 3057 primo,

2248 2985 2435 3057 φησὶν,
2496 2987 2554 3039 ὲν
2596 2983 2672 3056 τῷ
2726 2985 2858 3055 μηνὶ
2917 2981 2998 3055 τῷ
3045 2982 3279 3056 πρώτῳ,
3329 2983 3410 3056 τῷ
3453 2984 3689 3056 δευτέρῳ
3720 2984 3832 3037 ἔτει

551 3077 800 3134 secundo
842 3093 1007 3143 anno,
1031 3087 1389 3149 posteaquam
1415 3077 1627 3150 egressi
1652 3086 1869 3135 suntex
1887 3078 2137 3152 Egypto,

2247 3078 2695 3151 ἐκπορευομένων
2717 3077 2896 3132 αὐτῶν
2922 3075 2984 3141 ἐξ
3000 3070 3278 3146 Αἰγύπτου
3293 3076 3603 3149 νεομηνίας,
3629 3075 3835 3147 ἐστάθη

552 3169 838 3224 novilunio
894 3179 1144 3225 erectum
1196 3178 1284 3225 est
1343 3170 1765 3228 tabernaculum
1810 3189 1827 3226 :
1873 3180 1929 3228 et
1967 3173 2137 3228 erexit

2248 3172 2282 3243 ἡ
2314 3171 2512 3244 σκηνὴ.
2537 3171 2634 3225 καὶ
2656 3169 2853 3242 ἔστησε
2878 3171 3087 3242 Μωσῆς
3114 3168 3215 3241 τὴν
3246 3170 3476 3241 σκηνήν.
3508 3187 3528 3222 ι
3572 3169 3834 3242 Ἐγήγερο

550 3262 769 3334 Moyses
811 3261 1232 3318 tabernaculum
1262 3262 1326 3318 ".
1369 3281 1389 3316 ι
1429 3263 1692 3319 Erectum
1727 3273 1814 3320 est
1850 3264 2021 3336 igitur
2052 3280 2137 3320 ve-

2252 3281 2346 3317 ται
2383 3265 2482 3335 μὲν
2510 3259 2608 3319 οὖν
2628 3305 2647 3329 ,
2676 3263 2820 3318 κατὰ
2852 3263 2916 3318 τὺ
2953 3262 3073 3334 Θεῷ
3101 3260 3316 3327 δοκοῦν,
3349 3262 3384 3333 ἡ
3413 3261 3621 3333 ἀρχαία
3657 3262 3833 3334 σκηνὴ

550 3364 642 3411 tus
673 3355 811 3429 illud
851 3354 1271 3411 tabernaculum
1311 3355 1409 3411 Dei
1442 3356 1750 3422 voluntate,
1782 3357 1927 3449 quod
1960 3357 2137 3412 Eccle«

2252 3357 2352 3427 τῆς
2375 3357 2432 3409 ὲν
2456 3356 2680 3428 Χριστῷ
2699 3356 2997 3429 νοουμένης
3029 3353 3376 3426 Ἐκκλησίας,
3400 3356 3484 3425 ἐφ’
3500 3357 3667 3428 ἑαυτῇ
3706 3358 3832 3421 τοὺς

548 3447 644 3502 site
684 3462 807 3516 quae
852 3445 907 3500 in
949 3444 1172 3502 Christo
1214 3446 1565 3518 intelligitur,
1608 3447 1664 3501 in
1705 3444 1895 3517 seipso'
1945 3447 2137 3518 figuras

2247 3450 2453 3513 τύπους
2480 3445 2541 3503 εὖ
2574 3449 2723 3520 μάλα
2764 3448 3312 3521 προσαναφαίνουσα.
3350 3448 3827 3520 Πολυπραγμονῶ-

548 3538 759 3608 Optime
804 3537 1115 3608 praeferret.
1162 3536 1271 3594 Sed
1319 3538 1780 3608 pervestigemus,
1814 3538 1861 3592 si
1902 3537 2147 3603 videtur,

548 3630 751 3700 quibus
779 3629 846 3684 de
877 3629 1062 3685 causis
1085 3645 1185 3700 per
1208 3629 1431 3702 Moysen
1460 3630 1648 3700 potius
1677 3638 1926 3683 erectum
1952 3629 2041 3684 sit.
2069 3629 2147 3685 Ac

548 3722 617 3777 de
639 3721 766 3777 Jesu
795 3721 908 3776 tilio
941 3721 1088 3777 Nave
1116 3720 1185 3777 ad
1213 3737 1458 3793 praesens
1485 3721 1737 3787 sileatur,
1769 3722 2023 3791 quamvis
2052 3722 2145 3778 ille

547 3831 769 3887 semper
807 3815 970 3871 beato
997 3816 1164 3888 Moysi
1200 3824 1405 3885 praesto
1430 3814 1620 3881 fuerit,
1646 3823 1704 3870 et
1744 3829 1854 3869 una
1892 3813 1947 3869 in
1980 3826 2142 3869 mon-

546 3918 659 3965 tem
690 3909 820 3965 Sina
841 3908 1249 3974 conscenderit,
1281 3916 1339 3964 et
1369 3908 1439 3963 ab
1467 3907 1650 3979 Moyse
1697 3908 1914 3979 iussum
1934 3907 2141 3962 bellum

545 4001 800 4073 gesserit,
830 4010 888 4057 et
915 4017 1041 4056 cum
1072 4001 1298 4056 Amalec
1331 4001 1485 4072 signa
1522 4000 1839 4056 contulerit.
1875 3999 1968 4055 Sic
1992 4000 2142 4054 enim

543 4090 625 4148 illi
652 4093 789 4149 dixit
819 4112 832 4148 :
870 4114 888 4145 ι
918 4093 1071 4164 Elige
1094 4092 1196 4147 tibi
1218 4093 1370 4147 viros
1391 4092 1584 4158 fortes,
1606 4100 1662 4148 et
1682 4107 1939 4167 egressus
1958 4107 2141 4163 pugna

540 4196 669 4238 cum
708 4183 931 4263 Amalec
962 4196 1085 4237 cras
1110 4181 1176 4236 ¹⁸.
1209 4200 1227 4233 ›
1261 4180 1330 4236 Ει
1350 4196 1678 4253 congressus
1719 4190 1825 4247 est,
1883 4196 1950 4236 ac
1979 4178 2136 4235 vicit.

540 4275 802 4343 Quaauam
832 4277 904 4331 sit
932 4276 1099 4347 igitur
1125 4275 1290 4348 huius
1318 4275 1401 4332 rei
1434 4276 1597 4344 ratio,
1626 4291 1810 4332 nonne
1837 4274 2135 4346 exquiren-

540 4371 673 4425 dum
702 4369 899 4441 putas?

609 4464 809 4519 PALL.
848 4462 1081 4518 Maxime
1115 4479 1271 4519 vero.

2251 3558 2351 3613 μεν
2381 3540 2459 3607 δὲ,
2492 3543 2539 3595 εί
2571 3542 2737 3607 δοκεῖ,
2768 3541 2867 3606 τὰς
2895 3541 3076 3605 αἰτίας
3098 3539 3192 3594 τοῦ
3217 3540 3303 3594 διὰ
3332 3540 3576 3605 Μωσέως
3601 3543 3832 3614 ἐγηγέρ-

2248 3633 2337 3689 θαι
2373 3633 2574 3705 μᾶλλον
2601 3634 2808 3707 αὐτὴν,
2853 3633 3217 3705 σεσιγημένου
3248 3632 3387 3705 πρὸς
3412 3632 3475 3686 τὸ
3498 3634 3678 3706 παρὸν
3722 3636 3831 3706 ’1η-

2248 3728 2343 3782 σοῦ
2375 3716 2469 3782 τοῦ
2514 3728 2708 3800 Ναυῆ,
2777 3728 2961 3782 καίτοι
2994 3727 3405 3799 παρεστηκότος
3438 3726 3527 3780 ἀεὶ
3571 3725 3650 3798 τῷ
3689 3745 3829 3781 παν-

2245 3820 2453 3892 αρίστῳ
2469 3820 2664 3893 Μωσῇ,
2681 3820 2775 3875 καὶ
2797 3818 3340 3893 συναναθρώσκοντος
3367 3820 3466 3891 μὲν
3498 3821 3592 3873 ἐπὶ
3615 3819 3675 3874 τὸ
3705 3819 3833 3891 ὅρος

2236 3913 2303 3981 ,τὸ
2331 3914 2484 3980 Σινᾶ,
2515 3913 2879 3985 πολεμοῦντος
2903 3914 2961 3969 δὲ
2994 3916 3088 3969 καὶ
3122 3914 3513 3983 ἀντεξάγοντος
3531 3913 3612 3983 τῷ
3653 3914 3830 3985 ’Ᾱμα-
3876 3952 3887 3959 .

2241 4006 2346 4079 λὴκ
2378 4006 2468 4061 διὰ
2499 4012 2685 4080 φωνῆς
2712 4010 2975 4073 Μωσέως.
3020 4010 3166 4080 Ἔφη
3200 4011 3312 4081 γάρ
3340 4026 3442 4063 που
3473 4008 3610 4080 πρὸς
3641 4008 3829 4073 αὑτὸν,

2249 4119 2269 4153 ε
2315 4099 2593 4166 Ἐπίλεξαι
2634 4101 2846 4173 σεαυτῷ
2884 4102 3085 4175 ἄνδρας
3120 4102 3383 4165 δυνατοὺς
3407 4139 3423 4166 ,
3469 4098 3566 4157 καὶ
3592 4100 3832 4168 ἐξελθὼν

2242 4190 2555 4263 παράταξαι
2598 4190 2677 4263 τῷ
2713 4191 2961 4264 Ἀμαλὴκ
2997 4190 3207 4263 αὔριον.
3248 4210 3269 4245 ι
3308 4194 3419 4247 Καὶ
3445 4191 3828 4263 παρετάξατο,

2239 4285 2331 4337 καὶ
2361 4284 2635 4353 νενίκηκε.
2690 4283 2787 4349 Τίς
2823 4280 2916 4339 οὖν
2954 4285 3063 4356 ἄρα
3113 4285 3263 4339 ἐστὶν
3298 4287 3328 4339 ὁ
3357 4284 3512 4338 τοῦδε
3552 4284 3729 4361 λόγος,
3764 4286 3835 4339 οὒ

2236 4374 2547 4443 δοκιμάζειν
2576 4374 2725 4442 ἄξιον
2745 4390 2760 4440 ;

2309 4469 2523 4521 ΠΛΛΛ.
2566 4467 2715 4521 Πάνυ
2749 4466 2850 4537 μὲν
2883 4459 2999 4521 οῦν.

607 4555 765 4611 CYR.
807 4555 862 4611 Si
913 4556 1082 4627 igitur
1125 4556 1183 4612 in
1227 4571 1558 4626 unaquaque
1593 4570 1654 4609 re
1688 4564 1843 4625 gesta
1885 4558 2132 4629 mysterii

2308 4555 2471 4609 ΚΥΡ.
2503 4555 2710 4609 Οὐκοῦν
2747 4554 2833 4624 ἐφ’
2863 4554 3082 4626 ἑκάστῳ
3119 4555 3230 4609 τῶν
3271 4555 3567 4627 δρωμένων
3601 4557 3689 4611 τὸν
3730 4556 3831 4611 τοῦ

536 4647 811 4702 rationem
858 4648 983 4718 quis
1026 4648 1180 4713 velit,
1218 4647 1399 4717 quoad
1444 4646 1564 4701 ﬁeri
1610 4648 1837 4715 poterit,
1871 4658 2130 4707 accurate

535 4728 796 4805 tractare,
833 4739 1252 4810 obstupefactus
1295 4734 1487 4792 dicet:
1523 4756 1541 4787 ι
1570 4735 1617 4791 Ο
1642 4736 1877 4793 altitudo
1910 4738 2130 4797 divitia-

533 4826 657 4882 rum
699 4836 756 4882 et
802 4829 1087 4897 sapientia:
1133 4837 1189 4883 et
1236 4826 1483 4883 scientia:
1508 4826 1606 4881 Dei
1638 4827 1709 4881 “l
1747 4847 1765 4879 ι
1810 4828 1947 4884 Vide
1978 4834 2127 4888 enim

533 4937 699 4991 quam
740 4921 964 4976 subtilis
1014 4929 1070 4977 et
1100 4920 1267 4991 quam
1308 4919 1461 4974 utilis
1499 4918 1570 4972 sit
1608 4919 1665 4974 in
1707 4938 2035 4995 unaquaque
2062 4943 2127 4984 re

532 5027 729 5067 sensus
758 5030 772 5067 :
810 5028 957 5078 nam,
990 5012 1325 5068 ascendente
1360 5012 1416 5066 in
1454 5022 1699 5069 montem
1732 5014 1894 5074 beato
1918 5018 2127 5093 Moyse,

532 5103 698 5157 simul
743 5104 992 5157 ascendit
1035 5103 1237 5157 Iesus:
1270 5117 1453 5172 neque
1497 5103 1647 5157 enim
1685 5107 1846 5163 aliter
1881 5110 2021 5165 adiri
2057 5111 2126 5166 ad

530 5194 751 5250 Patrem
800 5200 983 5261 potest
1029 5193 1135 5248 nisi
1176 5208 1277 5262 per
1313 5193 1513 5248 Filium
1553 5213 1565 5249 :
1596 5212 1725 5252 vere
1760 5200 1907 5255 enim
1945 5201 2119 5258 dicit:

537 5303 557 5335 ‹
591 5285 768 5339 Nemo
792 5284 945 5339 venit
967 5285 1035 5340 ad
1059 5285 1277 5341 Patrem
1301 5285 1407 5341 nisi
1433 5302 1533 5357 per
1557 5262 1654 5344 me:
1671 5290 1738 5344 ¹⁰.
1770 5311 1788 5342 »
1824 5293 1881 5347 In
1902 5293 2124 5350 Christo

529 5374 701 5444 igitur
736 5375 870 5444 ipsis
905 5393 1124 5447 quoque
1157 5378 1361 5433 sanctis
1404 5379 1541 5434 viris
1582 5390 1734 5450 patet
1773 5383 1988 5451 aditus;
2020 5402 2120 5442 ne-

526 5478 635 5532 que
687 5464 947 5526 cuiquam
997 5466 1079 5523 fas
1123 5476 1210 5523 est
1259 5467 1330 5522 ad
1380 5471 1653 5525 excelsam
1714 5473 2119 5545 sublimemque

527 5558 1048 5628 contemplationem
1086 5561 1243 5631 quasi
1282 5560 1338 5616 in
1381 5569 1627 5619 montem
1660 5565 1991 5633 ascendere,
2017 5584 2133 5629 πιο-Δ

525 5663 631 5717 quc
708 5665 840 5706 vero
902 5655 1133 5724 propius
1198 5653 1268 5709 ad
1326 5653 1499 5709 Deum
1573 5655 1872 5724 accedere,
1948 5660 2116 5732 329

2244 4647 2549 4719 μυστηρίου
2581 4646 2739 4715 λόγον
2767 4647 2926 4717 είπερ
2954 4646 3128 4701 ἕλοιτό
3153 4664 3236 4711 τις
3263 4646 3584 4719 ἐξακριϐοῦν
3616 4648 3693 4713 ὡς
3719 4650 3827 4715 ενι,

2186 4734 2193 4741 ’
2235 4737 2630 4808 κατατεοηπὼς
2661 4740 2777 4810 ἐρεῖ
2825 4737 2914 4803 τὸ,
2953 4756 2974 4791 ι
3018 4733 3090 4792 Ὦ
3120 4739 3284 4809 βάθος
3340 4739 3575 4794 πλούτου
3604 4741 3701 4795 καὶ
3737 4758 3831 4795 σο-

2235 4830 2363 4901 φίας
2401 4831 2497 4884 καὶ
2532 4828 2788 4899 γνώσεως
2818 4829 2987 4884 Θεοῦῑ
3030 4848 3050 4881 ι
3080 4826 3274 4902 ’Δθρει
3302 4829 3410 4902 γὰρ
3449 4822 3598 4894 ὅπως
3624 4829 3830 4895 λεπτός

2232 4940 2294 4978 τε
2325 4923 2422 4978 καὶ
2465 4923 2763 4989 ἀναγκαῖος
2790 4922 2819 4973 ὁ
2848 4922 2935 4989 ἐφ’
2964 4921 3181 4991 ἑκάστῳ
3201 4920 3327 4984 νοῦς
3350 4934 3363 4948 °
3396 4919 3679 4974 ἀναθέοντι
3725 4920 3831 4989 μὲν

2182 5060 2191 5066 .
2230 5016 2342 5089 γὰρ
2369 5016 2534 5080 algeo
2564 5016 2692 5087 ὅρος
2722 5014 2800 5086 τῷ
2829 5014 3103 5085 θεσπεσίῳ
3130 5014 3332 5084 Μωσῇ,
3362 5011 3670 5066 συνάνεισιν
3719 5011 3831 5080 Ἰη-

2235 5106 2385 5172 σοῦς’
2413 5108 2473 5161 οὺ
2504 5107 2613 5181 γὰρ
2636 5106 2892 5179 προσιτὸς
2913 5106 3156 5177 ἑτέρωςό
3177 5104 3394 5175 Πατὴρ,
3412 5104 3461 5156 εί
3490 5102 3566 5174 μὴ
3581 5102 3647 5155 δι’
3662 5101 3829 5154 Υἱοῦ.

2162 5204 2171 5210 ’
2228 5200 2340 5255 Καὶ
2372 5201 2482 5272 γάρ
2520 5202 2668 5254 ἐστίν
2694 5198 2911 5270 ἀληθὲς,
2958 5200 3008 5252 εί
3063 5197 3336 5264 λέγοιτοῚ
3363 5194 3552 5258 Οὐδεὶς
3592 5193 3827 5265 ἔρχεται

2227 5294 2368 5366 πρὸς
2391 5294 2483 5347 τὸν
2520 5292 2760 5363 Πατέρα,
2791 5293 2840 5344 εί
2873 5291 2948 5362 μὴ
2969 5290 3034 5344 δι’
3058 5288 3216 5361 ἐμοῦ.
3249 5308 3268 5341 ι
3304 5289 3392 5341 Ἐν
3437 5287 3664 5359 Χριστῷ
3702 5305 3827 5341 τοι-

2228 5386 2432 5460 γαροῦν
2466 5387 2563 5441 καὶ
2598 5387 2782 5450 αὐτοῖς
2837 5387 2949 5449 τοῖς
2977 5384 3153 5453 ἁγίοις
3190 5384 3226 5453 ἡ
3267 5381 3551 5453 πρόσοδος·
3584 5382 3680 5435 καὶ
3716 5381 3826 5434 οὐκ

2226 5481 2293 5535 ἄν
2322 5497 2406 5544 τις
2430 5480 2671 5542 δύναιτο,
2694 5474 2947 5549 καθάπερ
2974 5477 3054 5540 είς
3082 5475 3230 5545 ὄρος,
3261 5474 3546 5544 ἀναπηδᾷν
3565 5475 3647 5536 εἰς
3674 5472 3827 5545 ὑψη-

2222 5571 2324 5639 λήν
2352 5586 2473 5624 τινα
2503 5569 2599 5623 καὶ
2630 5568 2921 5640 ὑπερφερῆ
2946 5564 3202 5637 θεωρίαν,
3233 5565 3347 5619 ἀλλ’
3373 5564 3485 5617 οὐδ’
3506 5563 3594 5627 ἂν,
3630 5559 3825 5635 οἶμαι,

2220 5662 2305 5726 τὶς
2332 5662 2504 5733 ἀγχοῦ
2517 5662 2726 5732 γένοιτο
2748 5660 2905 5727 Θεοῦ,
2936 5657 3079 5713 κατὰ
3103 5656 3302 5730 τρόπον
3325 5654 3380 5710 δὲ
3406 5653 3654 5712 δηλονότι
3682 5671 3823 5739 συντ

593 5836 638 5871 ⁸⁸⁵
658 5836 828 5895 Exod.
852 5855 939 5898 XL.
969 5840 1018 5898 l.
1038 5839 1092 5894 Ξ.
1167 5840 1206 5870 ¹⁷
1233 5836 1367 5893 ibid.
1398 5840 1484 5903 l5,
1513 5837 1595 5893 16.
1676 5838 1719 5868 ⁸³
1753 5837 1925 5894 Exod.
1952 5857 2079 5909 xvn,
2108 5840 2137 5897 9

2234 5859 2325 5914 qq.
2430 5844 2470 5879 ¹⁹
2492 5844 2648 5903 Boni.
2678 5859 2753 5909 XI,
2786 5842 2874 5898 35.
2953 5842 3000 5875 ὀ
3029 5842 3184 5900 Joan.
3230 5858 3338 5911 xiv,
3361 5841 3415 5898 6.

1652 5940 1685 5947 o—

1164 6056 1201 6070 κ
