4118 6430
359 455 466 509 655

1110 461 1198 517 DE
1235 462 1682 522 ADORA'I'IONE
1725 468 1792 522 IN
1835 468 2108 525 SPIRITU
2138 471 2227 525 ET
2269 472 2639 527 VIZRI'I'ATE.
2685 473 2815 528 LIII.
2849 473 2916 527 Χ.

3550 481 3652 534 63-1

355 573 596 641 αφείας,
642 571 744 648 τῆς
793 577 852 630 ὲν
896 579 1171 652 πνεύματι
1212 585 1308 637 καὶ
1343 586 1604 659 ἁγιασμῷ
1637 589 1914 655 πολιτείας
1940 636 1952 654 ,

2061 607 2126 648 eo
2167 593 2430 648 nimirum
2474 585 2879 666 conjunctionis
2926 598 3110 662 modo.
3145 599 3243 669 qui
3279 599 3333 653 in
3375 600 3571 671 spiritu
3599 613 3654 656 et

358 665 440 738 μὴ
475 665 599 736 οὐχὶ
633 669 888 735 συνόντος
913 689 973 726 τε
1004 674 1154 746 αύτῷ
1197 675 1292 729 τοῦ
1339 679 1724 751 Ἐμμανουὴλ,
1756 683 1850 737 καὶ
1886 685 1956 737 τά

351 754 672 827 ἀνθρώποις
700 760 968 830 ἀνέφικτα
1024 764 1234 839 βάσιμα
1255 768 1495 837 τιθέντος
1523 771 1618 825 καὶ
1650 772 1952 846 ίππήλατα.

351 847 469 902 Καὶ
508 847 690 915 τοῦτο,
722 847 897 924 οἶμαι,
954 855 1072 912 ἐστὶ
1104 859 1166 914 τὸ
1193 860 1280 914 διὰ
1325 863 1511 936 φωνῆς
1547 863 1768 919 Ἡσαΐου
1803 867 1956 938 εἰρη-

354 940 543 1010 μένον,
583 961 602 995 ι
641 945 799 1000 Πᾶσα
826 949 1046 1021 φάραγξ
1074 953 1498 1028 πληρωθήσεται
1517 999 1532 1024 ,
1565 959 1661 1012 καὶ
1689 960 1797 1014 πᾶν
1831 960 1956 1032 ὅρος

351 1033 453 1085 καὶ
504 1033 695 1104 βουνὸς
737 1042 1247 1114 ταπεινωθήσεται,
1282 1049 1379 1102 καὶ¹
1428 1051 1612 1105 πάντα
1661 1050 1731 1105 τὰ
1766 1051 1957 1106 σκολιὰ

351 1123 512 1178 ἔσται
547 1129 630 1193 είς
663 1131 878 1187 εὐθεῖαν
901 1175 915 1198 ,
952 1137 1048 1192 καὶ
1072 1141 1130 1192 αἱ
1163 1143 1413 1211 τραχεῖαι
1439 1143 1520 1206 εὶς
1544 1143 1701 1208 ὁδοὺς
1723 1143 1892 1208 λείας·
1931 1164 1951 1198 ³

363 1216 458 1271 Ἐν
484 1220 709 1293 Χριστῷ
736 1224 844 1298 γὰρ
876 1226 1008 1298 ἡμῖν
1043 1229 1137 1283 καὶ
1169 1231 1238 1285 τά
1261 1232 1468 1304 ἀνάντη
1502 1233 1643 1300 λεῖα,
1679 1235 1774 1290 καὶ
1797 1235 1954 1306 βάσι-

355 1327 459 1401 μον
495 1312 558 1365 τὸ
589 1316 795 1386 τραχύ⁹
847 1319 988 1389 ψιλὰ
1020 1321 1078 1375 δὲ
1113 1323 1198 1376 καῖ
1240 1322 1442 1392 ὕπτια,
1489 1326 1559 1381 τὰ
1587 1327 1949 1401 δυσπόρευτα.

353 1398 632 1492 καὶγὰρ,
663 1403 742 1469 ὡς
783 1407 947 1472 αὐτός
994 1427 1099 1464 που
1142 1412 1306 1468 πάλιν
1343 1417 1509 1487 φησὶν
1554 1418 1582 1471 6
1631 1398 1952 1492 προφήτης,

357 1509 378 1540 ι
425 1490 577 1558 Ὁδὸς
607 1496 852 1554 εὐσεϐῶν
873 1500 1056 1556 εὐθεῖα
1083 1503 1321 1573 ἐγένετο,
1339 1509 1432 1561 καὶ
1458 1490 1955 1584 παρεσκευασμένη

349 1585 385 1655 ἡ
413 1585 533 1650 ὁδὸς
558 1587 668 1640 τῶν
695 1591 959 1650 εὐσεϐῶν.
1003 1613 1022 1647 ι
1059 1597 1271 1652 Οὐκοῦν
1303 1601 1621 1670 ἀναγκαίως
1651 1603 1955 1658 συνάνεισιν

365 1676 578 1748 Ἰησοῦς
599 1679 680 1752 τῷ
706 1681 983 1757 θεσπεσίῳ
1003 1688 1204 1761 Μωσῇ.
1241 1693 1508 1764 Προσιτὸς
1537 1695 1670 1767 γὰρ,
1696 1695 1772 1760 ὡς
1795 1695 1953 1769 ἔφην,

349 1769 382 1822 6
410 1770 604 1844 Πατὴρ
648 1773 717 1826 δι’
747 1774 898 1843 Υἱοῦ,
930 1778 1026 1833 καὶ
1054 1779 1217 1846 αὐτός
1259 1784 1408 1838 ἔστιν
1452 1787 1482 1840 6
1527 1786 1779 1859 μεσίτης,
1823 1805 1952 1842 συν-

351 1867 546 1922 άπτων
569 1872 722 1943 ἡμᾶς
749 1872 816 1927 δι’
850 1875 1067 1944 ἑαυτοῦ,
1102 1879 1197 1933 καὶ
1222 1881 1281 1934 ὲν
1308 1883 1422 1947 τοίς
1453 1883 1596 1956 ὑπὲρ
1615 1881 1783 1954 φύσιν
1809 1883 1956 1955 ὑψώ-

2059 686 2349 741 sanctitate
2379 689 2816 744 conversationis
2836 688 3095 757 edicitur,
3121 692 3228 748 nisi
3262 691 3340 748 illi
3362 693 3506 749 adsit
3527 695 3654 750 Em-

2058 779 2301 844 manuel,
2327 787 2404 843 et,
2433 795 2556 849 quae
2579 780 2899 836 hominibus
2919 783 3094 838 ardua
3121 792 3325 842 suntet
3349 787 3650 851 inaccessa.

2056 871 2245 941 pervia
2281 871 2476 927 reddat
2507 888 2570 927 ac
2606 873 2767 943 plana
2796 893 2808 928 :
2873 876 3038 948 idque
3067 893 3188 934 esse
3222 881 3466 937 arbitror
3505 883 3652 954 quod

2057 973 2143 1018 est
2173 963 2325 1019 Isaiae
2349 979 2485 1020 voce
2509 965 2720 1021 dictum
2748 985 2760 1020 :
2797 987 2815 1019 ι
2846 965 3037 1024 Omnis
3057 971 3214 1028 vallis
3238 973 3576 1044 implebitur,
3599 991 3656 1031 et

2057 1058 2240 1113 omnis
2270 1071 2431 1114 mons
2467 1067 2524 1114 et
2555 1061 2712 1117 collis
2739 1061 3144 1133 humiliabitur,
3177 1077 3234 1122 et
3272 1068 3455 1124 omnia
3486 1085 3653 1139 prava

2058 1160 2225 1208 erunt
2263 1152 2318 1206 in
2350 1151 2582 1220 directa,
2631 1164 2689 1210 et
2725 1171 2921 1226 aspera
2967 1158 3024 1213 in
3066 1159 3186 1215 vias
3217 1161 3409 1232 planas
3433 1163 3500 1217 ²¹.
3542 1182 3560 1215 ›
3592 1162 3652 1217 In

2057 1241 2280 1299 Christo
2302 1245 2451 1300 enim
2472 1247 2640 1302 nobis
2666 1248 2842 1304 ardua
2865 1251 3051 1306 omnia
3083 1252 3247 1322 plana
3276 1263 3426 1320 sunt,
3468 1264 3524 1311 et
3563 1270 3655 1310 as-

2056 1351 2190 1406 pera
2219 1337 2411 1407 pervia
2439 1379 2452 1403 ,
2491 1338 2672 1396 facilia
2700 1341 2830 1396 item
2863 1357 2928 1396 ac
2957 1359 3153 1413 prona,
3184 1361 3306 1416 quae
3345 1355 3474 1403 sunt
3504 1348 3658 1403 inae-

2057 1444 2214 1485 cessa
2245 1449 2256 1484 :
2286 1440 2349 1486 ut
2381 1433 2528 1488 enim
2559 1435 2831 1505 propheta
2853 1435 2946 1491 ille
2971 1437 3116 1493 idem
3139 1439 3269 1495 alibi
3302 1441 3459 1507 dicit,
3508 1463 3525 1493 ι
3555 1444 3655 1499 Via

2057 1522 2278 1592 piorum
2313 1532 2464 1581 recta
2499 1525 2641 1582 facta
2673 1536 2760 1583 est
2793 1545 2806 1582 :
2840 1539 3032 1600 parata
3066 1540 3151 1588 est
3179 1533 3266 1588 via
3291 1534 3508 1605 piorum
3531 1537 3596 1591 ²².
3630 1555 3648 1586 ι

2056 1613 2381 1672 Necessario
2409 1617 2577 1689 igitur
2618 1636 2726 1675 una
2769 1636 2896 1676 cum
2931 1622 3095 1679 beato
3123 1624 3307 1698 Moyse
3335 1628 3659 1684 conscendit

2056 1705 2246 1776 Iesus;
2285 1725 2433 1776 nam,
2480 1720 2542 1768 ut
2577 1712 2744 1769 modo
2771 1713 2907 1780 dixi,
2947 1731 3048 1786 per
3077 1717 3279 1772 Filium
3307 1718 3448 1775 adiri
3475 1729 3659 1791 potest

2057 1799 2127 1855 ad
2154 1801 2395 1867 Patrem,
2425 1812 2483 1859 et
2514 1805 2630 1875 ipse
2669 1805 2841 1862 Filius
2866 1808 3139 1865 mediator
3161 1818 3266 1876 est,
3293 1813 3388 1882 qui
3417 1827 3520 1868 nos
3557 1828 3658 1884 per

2059 1906 2116 1948 se
2143 1895 2445 1968 conjungit,
2479 1905 2535 1952 et
2563 1897 2630 1953 ad
2670 1899 2816 1954 illam
2839 1900 3259 1968 sublimitatem,
3292 1919 3414 1975 qua:
3439 1914 3525 1962 est
3553 1921 3656 1961 na-

355 1976 530 2030 μασιν
565 1962 939 2036 ἀνακομίζων.
990 1969 1376 2041 Παρετέτακτο
1406 1973 1464 2028 δὲ
1504 1976 1602 2029 σὺν
1630 1976 1956 2042 ἀπολέκτοις

2059 1993 2184 2042 tura
2213 1959 2594 2055 encelvlentior,
2635 1992 2875 2047 attollit:
2919 1992 3095 2049 aciem
3120 1959 3341 2067 quoque
3379 2013 3506 2054 cum
3546 1998 3658 2055 illis

349 2051 610 2123 ἀνδράσι,
639 2055 735 2108 καί
764 2056 923 2111 ἐνίκα
954 2058 1047 2112 τὸν
1081 2061 1354 2134 Ἀμαλήκ.
1399 2064 1819 2137 Ἐπιλεξάμενος
1844 2066 1954 2140 γάρ

346 2144 483 2209 τοὺς
507 2145 701 2215 ἁγίους
733 2148 762 2200 6
797 2150 1057 2222 Χριστὸς,
1093 2146 1169 2208 ὧν
1195 2155 1420 2229 ἀπαρχὴ
1452 2157 1739 2228 γεγόνασιν
1766 2161 1815 2213 ot
1838 2160 1957 2214 θεσ-

347 2237 536 2293 πέσιοι
586 2241 863 2314 μαθηταὶ,
902 2247 1162 2318 νενίκηκε
1199 2248 1294 2303 τὸν
1339 2241 1583 2322 ἀρχηγδν
1613 2251 1708 2306 τοῦ
1757 2252 1954 2318 αἰῶνος

346 2327 547 2382 τούτου
564 2347 578 2360 ο
600 2331 807 2404 Μωσῆς
839 2333 898 2388 δὲ
923 2336 952 2388 6
977 2339 1215 2393 κελεύων
1242 2335 1312 2413 ἦν
1329 2358 1346 2374 ο
1378 2343 1569 2412 γέγονε
1603 2345 1713 2418 γάρ
1739 2345 1844 2398 ὑπὸ
1868 2347 1956 2399 v6-

352 2437 460 2490 μον
487 2423 516 2474 6
546 2421 699 2489 Υἱὸς,
729 2427 908 2481 καίτοι
937 2429 1237 2504 νομοθέτης
1269 2435 1532 2506 ὑπάρχων
1551 2436 1627 2500 ὡς
1653 2435 1808 2500 Θεός.
1845 2437 1956 2493 Καὶ

346 2515 455 2586 τῆς
503 2517 870 2587 παρατάξεως
913 2523 942 2575 6
987 2522 1185 2594 καιρὸς
1233 2525 1294 2579 οὐ
1352 2526 1474 2580 κατ’
1515 2527 1685 2601 αὐτὴν
1734 2529 1954 2603 ἐκείνην

349 2609 661 2685 ἐπράττετο
687 2613 789 2686 τὴν
817 2616 1060 2687 ἡμέραν,
1097 2619 1222 2672 καθ’
1245 2619 1312 2692 ἢν
1341 2622 1390 2674 οί
1420 2621 1668 2687 Μωσέως
1695 2623 1954 2692 γεγόνασι

348 2702 523 2770 λόγοι,
562 2705 679 2759 ἀλλ’
705 2709 788 2772 εἰς
810 2709 910 2781 τὴν
939 2709 1150 2783 αὔριον,
1179 2711 1323 2768 τοῦτ’
1355 2714 1524 2780 ἔστιν,
1556 2718 1638 2781 εἰς
1659 2717 1955 2791 ὑπέρθεσιν

349 2795 550 2869 ἑτέρου
571 2794 788 2871 καιροῦ.
810 2800 1197 2876 Προηγόρευσε
1221 2805 1330 2878 γὰρ
1357 2808 1386 2860 6
1402 2807 1567 2879 νόμος
1593 2808 1664 2862 τὰ
1691 2811 1950 2882 ἐσόμενα,

351 2889 454 2942 καὶ
491 2889 602 2944 τῶν
627 2890 724 2946 τοῦ
761 2893 1018 2967 Σωτῆρος
1058 2899 1509 2972 κατορθωμάτων
1538 2900 1802 2975 λαμπράν
1842 2903 1954 2974 ἔχει

349 2979 455 3052 τὴν
500 2983 806 3056 ἀφήγησιν,
847 2987 896 3040 εί
947 2991 1123 3043 νοοῖτο
1175 2992 1586 3063 πνευματικῶς.
1645 2994 1952 3068 Ταύτητοι,

349 3076 614 3151 καθάπερ
649 3071 887 3150 ἐγῷμαι,
910 3081 1006 3136 καὶ¹
1036 3082 1138 3154 τὴν
1171 3083 1334 3153 ἁγίαν
1367 3087 1573 3158 σκηνὴν
1606 3088 1907 3158 ἀνέστησεν
1928 3091 1957 3143 6

349 3168 589 3240 Μωσῆς.
619 3171 778 3225 Ἔστι
813 3172 924 3245 γὰρ
965 3173 1066 3228 οὐκ
1106 3175 1407 3249 άσυντελὴς
1437 3181 1471 3251 ὴ
1497 3179 1586 3233 διά
1624 3179 1792 3252 νόμου
1821 3183 1952 3236 παί-

2056 2080 2276 2138 selectis
2301 2084 2650 2156 egregiisque
2675 2085 2813 2141 viris
2853 2087 3136 2153 instruxit,
3176 2097 3232 2144 et
3251 2089 3385 2146 vicit
3409 2090 3652 2148 Amalec.

2055 2171 2312 2231 Christus
2338 2176 2509 2241 enim,
2535 2193 2662 2232 cum
2689 2186 2912 2235 sanctos
2936 2180 3086 2236 viros
3107 2181 3384 2253 elegisset,
3415 2199 3656 2254 quorum

2055 2268 2313 2339 primitiae
2349 2270 2498 2326 beati
2549 2271 2628 2327 illi
2669 2271 2928 2344 discipuli
2957 2273 3205 2340 fuerunt,
3239 2275 3374 2332 vicit
3409 2277 3501 2333 ille
3528 2277 3656 2349 qui—

2056 2360 2180 2416 dem
2222 2362 2528 2434 principem
2563 2363 2974 2436 hujus'saeculi;
3020 2364 3116 2422 sed
3177 2365 3360 2439 Moyse
3393 2353 3656 2439 iubente;

2055 2451 2236 2508 factus
2259 2461 2345 2508 est
2365 2455 2514 2509 enim
2541 2453 2646 2510 sub
2673 2455 2792 2526 lege
2817 2455 3011 2522 Filius,
3028 2459 3283 2528 quamvis
3308 2458 3457 2515 idem
3486 2461 3656 2533 legis-

2057 2543 2201 2599 lator
2227 2553 2394 2609 esset,
2447 2561 2558 2616 qua
2583 2546 2730 2602 Deus
2753 2555 2893 2602 erat.
2922 2547 3125 2619 Pugnae
3144 2557 3413 2620 praeterea
3441 2560 3660 2624 tempus

2055 2653 2170 2693 non
2204 2638 2324 2710 ipso
2354 2639 2442 2695 die
2470 2640 2597 2706 fuit,
2632 2656 2743 2712 quo
2765 2641 2980 2714 Moyses
3000 2643 3185 2715 jussit,
3223 2645 3319 2701 sed
3355 2647 3656 2716 postridie,

2058 2731 2114 2786 id
2149 2741 2252 2798 est,
2286 2731 2456 2788 dilata
2498 2744 2583 2789 est
2623 2734 2681 2788 in
2725 2734 2874 2790 aliud
2917 2743 3154 2808 tempus.
3198 2737 3336 2793 Nam
3359 2739 3447 2794 lex
3473 2739 3661 2796 futura

2055 2825 2486 2898 praenuntiabat,
2515 2835 2572 2883 et
2601 2828 2905 2885 Salvatoris
2934 2830 3113 2886 nostri
3149 2846 3238 2887 res
3274 2833 3538 2903 prazclare
3563 2850 3658 2906 ge-

2057 2927 2170 2974 stas
2193 2920 2482 2990 splendide
2512 2920 2888 2998 demonstrat,
2913 2922 2959 2977 si
2989 2922 3355 2993 spiritualiter
3383 2925 3658 2998 intelliga-

2058 3018 2169 3066 tur.
2202 3011 2316 3067 Hac
2355 3012 2424 3068 de
2451 3028 2636 3077 causa,
2671 3014 2778 3068 nisi
2807 2996 2988 3080 fallor,
3032 3015 3201 3071 etiam
3241 2996 3657 3074 tabernaculum

2055 3103 2235 3158 erexit
2273 3103 2504 3175 Moyses.
2547 3104 2738 3175 Neque
2773 3105 2922 3160 enim
2963 3106 3058 3161 illa
3087 3106 3223 3178 legis
3254 3107 3544 3182 disciplina
3574 3121 3661 3167 est

2057 3195 2126 3251 ad
2154 3196 2416 3252 Ecclesiae
2449 3197 2904 3253 constitutionem
2939 3199 3180 3266 inutilis;
3221 3216 3346 3255 nam
3389 3202 3458 3256 ad
3494 3202 3659 3259 Chri-

347 3262 540 3326 δευσις
562 3266 643 3328 εἰς
671 3263 771 3336 τὴν
785 3267 886 3337 τῆς
929 3267 1260 3341 Ἑκκλησίας
1288 3269 1570 3326 σύστασιν.
1605 3273 1956 3344 Παιδαγωγεῖ

2058 3296 2203 3344 stum
2231 3289 2485 3346 homines
2517 3289 2695 3356 ducit,
2727 3291 2822 3361 qui
2851 3290 3111 3346 Ecclesia:
3144 3262 3309 3362 caput
3329 3298 3433 3358 est,
3465 3300 3522 3348 et
3543 3308 3662 3348 om-

348 3357 467 3428 γὰρ
492 3357 572 3421 είς
602 3358 860 3429 Χριστὸν,
887 3361 948 3426 ὃς
976 3362 1126 3417 ἐστιν
1153 3365 1187 3435 ὴ
1220 3364 1434 3436 κεφαλὴ
1459 3365 1562 3436 τῆς
1602 3367 1954 3440 Ἑκκλησίας,

350 3449 454 3504 καὶ
477 3451 510 3521 ἡ
536 3451 687 3505 πᾶσα
708 3452 1000 3525 σύστασιςξ,
1049 3456 1244 3522 στύλος
1272 3461 1366 3514 καὶ
1393 3460 1674 3534 ἑδραίωμα
1697 3463 1797 3534 τῆς
1825 3462 1960 3534 ἀλη-

352 3541 513 3607 θείας
537 3583 552 3608 ,
587 3545 732 3599 κατὰ
773 3547 834 3601 τὸ
883 3551 1294 3622 γεγραμμένον.
1350 3554 1464 3608 Καὶ
1493 3554 1628 3624 γοῦν
1680 3555 1961 3622 Ἰουδαίοις

351 3637 834 3711 προσπεφώνηκεν
861 3641 890 3694 6
919 3643 1154 3714 Χριστός
1174 3660 1189 3676 ο
1227 3664 1246 3697 ι
1287 3645 1351 3699 Εἰ
1387 3646 1706 3701 ἐπιστεύετε
1745 3647 1920 3722 Μωσῇ
1942 3689 1959 3715 ,

352 3732 684 3787 ἐπιστεύετε
710 3733 776 3788 ἂν
799 3735 896 3789 καὶ
933 3737 1077 3807 ἐμοί·
1111 3738 1244 3812 περὶ
1267 3740 1377 3813 γὰρ
1402 3740 1538 3814 ἐμοῦ
1563 3742 1773 3808 ἐκεῖνος
1795 3742 1962 3816 ἔγρα-

351 3825 483 3897 ψεν.
522 3843 538 3879 ι
568 3826 862 3900 Οἰκοδομεῖ
879 3825 1172 3906 τοιγαροῦν
1197 3834 1293 3888 καὶ
1314 3835 1342 3889 6
1364 3835 1594 3907 Μωσῆς,
1618 3835 1770 3892 τοῦτ’
1791 3837 1962 3904 ἔστιν,

353 3919 392 3989 ἡ
431 3918 520 3973 διὰ
567 3921 736 3991 νόμου
771 3921 1077 3992 παίδευσις,
1107 3924 1210 3999 τὴν
1249 3925 1584 3999 Ἐκκλησίαν
1609 3930 1878 4004 Χριστοῦ,
1901 3932 1964 3987 τὸ

354 4010 433 4063 ἐπ
448 4006 463 4026 ⁹
482 4010 621 4084 αὐτῇ
655 4014 960 4086 μυστήριον
978 4015 1057 4081 ὡς
1070 4017 1128 4071 ὲν
1148 4019 1330 4082 σκιαῖς
1350 4016 1431 4072 ἔτι
1454 4019 1960 4094 προαναφαίνουσα.

357 4101 667 4174 Πρόσωπον
685 4103 744 4160 δὲ
767 4105 829 4159 τὸ
863 4107 1111 4173 Μωσέως
1140 4108 1266 4180 θέσθ’
1292 4113 1383 4167 ὅτε
1411 4111 1504 4166 τὸν
1524 4113 1590 4167 δι’
1608 4111 1777 4169 αὐτοῦ
1818 4130 1963 4187 παρ-

364 4193 554 4264 ίστησι
585 4194 773 4266 νόμον,
801 4197 945 4252 κατά
959 4215 1024 4268 γε
1044 4199 1105 4253 τὸ
1124 4202 1181 4256 ἐν
1211 4201 1595 4272 εύαγγελικαῖς
1625 4203 1964 4277 παραϐολαῖς

352 4287 538 4360 ὀρθῶς
553 4289 895 4361 είρημένον,ι
909 4292 1130 4365 Ἔχουσι
1142 4295 1347 4350 Μωσέα
1363 4297 1457 4350 καὶ
1476 4297 1604 4364 τοὺς
1618 4301 1924 4374 προφήτας.
1937 4318 1959 4354 ι

434 4471 648 4526 ΠᾹΛΛ.
695 4471 906 4544 Ὀρθῶς
943 4472 1102 4546 ἔφης.

433 4564 606 4621 ΚΥΡ.
637 4565 703 4618 Τί
732 4565 778 4619 δ’
809 4566 875 4620 ἂν
909 4566 1158 4638 βούλοιτο
1186 4568 1577 4642 κατασημῆναι
1610 4569 1769 4624 πάλιν
1794 4565 1880 4640 τδ,
1899 4567 1965 4630 ἓν

2060 3381 2149 3437 nis
2171 3380 2516 3448 constitutio,
2545 3388 2601 3437 et
2630 3382 2890 3436 columna
2917 3392 2974 3438 et
3014 3381 3423 3438 ﬁrmamentum
3449 3385 3658 3440 verita-

2059 3473 2150 3540 tis,
2185 3474 2329 3530 sicut
2367 3477 2635 3546 scriptum
2662 3484 2748 3531 est
2773 3475 2839 3532 ’³.
2881 3476 3122 3547 Ideoque
3162 3477 3380 3533 Judazos
3410 3479 3659 3550 alloque-

2058 3568 2223 3624 batur
2259 3567 2514 3626 Christus
2559 3586 2572 3622 :
2627 3590 2646 3621 ‹
2687 3568 2744 3625 Si
2773 3569 3077 3626 crederetis
3120 3569 3310 3643 Moysi,
3356 3571 3661 3628 crederetis

2061 3661 2252 3732 utique
2276 3670 2332 3717 et
2354 3662 2527 3730 mihi;
2557 3662 2626 3718 de
2653 3678 2742 3718 me
2779 3663 2928 3719 enim
2958 3664 3051 3719 ille
3073 3664 3294 3736 scripsit
3314 3664 3380 3721 “.
3425 3685 3445 3718 ι
3500 3665 3659 3722 Edi-

2061 3754 2188 3810 ﬂeat
2211 3756 2377 3826 igitur
2403 3755 2638 3828 Moyses,
2672 3757 2728 3812 id
2758 3765 2864 3824 est,
2897 3758 2990 3813 illa
3029 3774 3129 3830 per
3155 3759 3329 3830 legem
3363 3759 3659 3826 institutio,

2059 3845 2268 3902 Christi
2312 3849 2652 3916 Ecclesiam,
2693 3865 2820 3905 cum
2865 3851 2987 3922 ejus
3028 3850 3356 3924 mysterium
3399 3859 3662 3923 tanquam

2059 3939 2245 3996 adhuc
2277 3941 2335 3995 in
2361 3942 2574 3997 umbris
2596 3951 3004 4013 praemonstret.
3031 3942 3200 4015 Moysi
3229 3959 3398 4015 porro
3425 3929 3662 4015 persona

2061 4049 2459 4105 nonnunquam
2490 4034 2665 4106 legem
2693 4051 2794 4106 per
2823 4035 3002 4106 ipsum
3032 4035 3213 4091 datam
3248 4036 3516 4108 designat.
3543 4035 3662 4094 Un-

2062 4123 2132 4180 de
2161 4124 2299 4179 illud
2336 4131 2427 4179 est
2453 4134 2603 4180 recte
2633 4125 2689 4180 in
2719 4125 3053 4196 evangelicis
3086 4125 3366 4196 parabolis
3401 4125 3612 4184 dictum
3643 4143 3658 4181 :

2070 4233 2090 4266 ι
2121 4215 2339 4273 Habent
2365 4216 2589 4289 Moysen
2618 4225 2675 4272 et
2699 4214 3002 4287 prophetas
3023 4217 3089 4271 ’⁵.
3137 4236 3156 4269 ι

2132 4483 2334 4544 PALL.
2369 4485 2538 4541 Recte
2568 4481 2727 4539 dicis.

2134 4577 2296 4636 CYR.
2327 4576 2472 4647 Quid
2506 4593 2639 4633 vero
2667 4575 2774 4632 sibi
2800 4575 2938 4641 vult,
2970 4573 3118 4647 quod
3152 4591 3262 4631 uno
3282 4573 3373 4631 die
3403 4583 3461 4631 et
3501 4575 3665 4632 novi-

356 4658 551 4732 ἡμέρᾳ
591 4661 790 4732 χρῆναι
841 4663 960 4735 μιᾷ,
997 4662 1093 4718 καὶ
1127 4662 1236 4736 μὴν
1277 4664 1374 4719 καὶ
1415 4662 1498 4729 τὸ,
1545 4663 1816 4738 νουμηνίᾳ
1863 4666 1956 4722 τοῦ

2065 4674 2220 4732 Iunio
2256 4672 2462 4730 mensis
2493 4671 2682 4743 primi,
2710 4679 2767 4726 et
2790 4668 3037 4726 secundo
3061 4684 3208 4725 anno
3243 4668 3409 4742 330
3437 4684 3655 4726 sacrum

360 4753 534 4823 μηνὸς
579 4753 676 4807 τοῦ
731 4751 976 4827 πρώτου,
1034 4756 1130 4809 καὶ
1175 4754 1276 4828 τδς,
1309 4757 1368 4810 ὲν
1415 4755 1657 4830 δευτέρῳ
1709 4756 1820 4812 ἔτει
1857 4758 1958 4829 τὴν

359 4844 527 4912 ἁγίαν
559 4844 970 4917 διαπήγνυσθαι
1005 4847 1236 4921 σκηνὴν,
1274 4848 1408 4922 φέρε
1431 4848 1497 4921 δὴ
1528 4848 1778 4921 λέγωμεν
1813 4850 1965 4922 ἰχνη-

358 4937 658 5002 λατοῦντες
709 4939 771 4993 τὸ
804 4939 1025 5012 ἀληθὲς,
1074 4942 1170 4996 καὶ
1201 4941 1265 4996 τὸ
1295 4942 1373 5008 ὡς
1412 4941 1614 5015 ἄριστα
1653 4941 1798 5014 ἔχειν
1848 4945 1965 5007 τοῖς

358 5033 775 5106 ἐντευξομένοις
819 5035 1035 5090 δοκοῦν.
1078 5035 1299 5109 Ἡμέρα
1349 5037 1453 5110 μὲν
1504 5037 1616 5111 γὰρ
1648 5039 1681 5110 ὴ
1717 5037 1816 5111 μία
1871 5037 1963 5091 τὸν

361 5127 702 5184 πολύευκτον
737 5129 871 5200 ἡμῖν
927 5131 1023 5184 καὶ
1075 5133 1344 5204 σωτήριον
1403 5130 1695 5201 ὑποφαίνει
1747 5130 1960 5202 καιρὸν,

355 5221 490 5282 καθ’
520 5220 580 5275 ὃν
619 5219 909 5294 ἄνθρωπος
940 5220 1184 5292 γεγονὼς
1213 5225 1243 5278 6
1275 5214 1714 5296 Μονογενὴς,’τῷ
1745 5223 1961 5290 θανάτῳ

358 5313 465 5382 τῆς
497 5313 634 5379 ιδίας
669 5315 878 5387 σαρκὸς
934 5316 1317 5387 κατεκτήσατο
1341 5317 1470 5380 τοὺς
1503 5317 1596 5370 ἐπὶ
1626 5317 1725 5387 τῆς
1754 5315 1858 5386 γῆς
1883 5314 1962 5386 τῷ

359 5407 485 5478 Θεῷ
521 5409 615 5462 καὶ
667 5408 868 5481 Πατρί.
917 5403 1015 5474 Εἷς
1056 5407 1113 5462 δὲ
1147 5408 1214 5481 δὴ
1240 5409 1460 5464 πάντων
1495 5412 1525 5464 6
1552 5408 1705 5463 τοῦδε
1737 5408 1957 5480 καιρόςο

2058 4767 2195 4824 illud
2219 4766 2637 4823 tabernaculum
2660 4764 2866 4838 ﬁgitur,
2885 4780 2984 4836 age
2999 4765 3112 4836 jam
3134 4763 3404 4838 dicamus,
3431 4762 3661 4819 investi-

2058 4871 2363 4930 gemusque
2409 4855 2558 4927 quod
2587 4871 2782 4911 verum
2816 4855 2908 4922 sit,
2944 4865 3001 4910 et
3026 4855 3203 4912 lector
3231 4853 3450 4927 probet.
3492 4853 3666 4925 Igitur

2058 4950 2150 5006 ille
2180 4964 2326 5004 unus
2359 4947 2480 5004 dies
2523 4957 2745 5020 tempus
2779 4947 2918 5002 illud
2942 4947 3107 5002 nobis
3133 4953 3456 5018 exoptatum
3480 4952 3538 5000 et
3569 4959 3660 4999 sa-

2060 5042 2238 5098 lutare
2267 5040 2632 5106 demonstrat,
2659 5054 2770 5110 quo
2793 5038 2886 5093 ille
2909 5037 3240 5110 Unigenitus
3264 5038 3432 5093 homo
3457 5035 3658 5097 factus,

2061 5135 2247 5191 carnis
2287 5149 2401 5190 sua:
2469 5141 2670 5199 morte,
2715 5147 2811 5187 eos
2863 5131 2959 5210 qui
2990 5130 3049 5186 in
3087 5128 3256 5185 terris
3295 5127 3661 5184 versabantur

2059 5223 2312 5280 homines
2335 5224 2450 5279 Deo
2471 5238 2537 5278 ac
2565 5222 2715 5278 Patri
2753 5220 3069 5291 acquisivit.
3104 5219 3292 5278 Unum
3325 5225 3513 5274 autem
3539 5218 3662 5289 ejus

2060 5317 2140 5372 rei
2169 5317 2332 5388 plane
2371 5325 2590 5388 tempus
2615 5315 2750 5382 fuit;
2778 5314 2947 5370 semel
2973 5328 3215 5384 namque
3243 5318 3520 5377 mortuus,
3549 5326 3665 5367 non

2058 5408 2297 5479 amplius
2323 5409 2583 5474 moritur,
2615 5423 2765 5464 mors
2794 5406 2873 5462 illi
2913 5406 3059 5462 ultra
3106 5421 3220 5461 non
3259 5403 3662 5472 dominabitur,

356 5501 512 5569 ἅπαξ
542 5501 652 5573 γὰρ
700 5500 1016 5568 ἀποθανὼν,
1065 5502 1255 5556 οὐκέτι
1308 5502 1684 5575 ἀποθνήσκει⁹
1732 5500 1956 5565 θάνατος

2061 5512 2123 5558 ut
2155 5501 2426 5572 scriptum
2462 5509 2548 5558 est
2576 5503 2657 5569 '°;
2695 5517 2880 5573 neque
2908 5502 3058 5557 enim
3099 5499 3338 5572 amplius
3372 5507 3663 5570 exspecta-

355 5596 510 5669 αὑτῷ
561 5595 747 5665 οὐκέτι
790 5595 1094 5668 κυριεύσει,
1141 5595 1285 5650 κατά
1314 5595 1416 5660 τὰς
1448 5596 1706 5670 Γραφάς·
1757 5595 1818 5649 ού
1849 5594 1956 5667 γὰρ

2061 5610 2206 5659 mus,
2249 5605 2310 5650 ut
2343 5610 2444 5666 pro
2471 5596 2633 5651 nobis
2664 5595 2818 5667 ipsis,
2851 5604 2906 5652 et
2935 5595 3228 5666 spiritibus
3269 5594 3365 5666 qui
3396 5591 3542 5665 apud
3575 5591 3662 5646 in-

355 5689 442 5744 ετι
474 5689 930 5763 προσδοκήσομεν
967 5688 1111 5762 ὑπέρ
1145 5706 1204 5743 τε
1226 5689 1387 5762 ἡμῶν
1418 5689 1603 5744 αὐτῶν
1643 5689 1740 5744 καὶ
1766 5687 1876 5742 τῶν
1901 5689 1956 5741 ὲν

2061 5685 2207 5744 feros
2229 5696 2379 5754 sunt,
2406 5687 2497 5744 ille
2519 5688 2614 5743 Dei
2638 5688 2810 5745 Filius
2837 5689 3108 5744 moriatur
3129 5729 3144 5756 ,
3171 5702 3353 5758 neque
3378 5694 3439 5742 ut
3467 5700 3665 5741 secun-

355 5783 491 5856 ᾷδσυ
540 5782 872 5855 πνευμάτων
911 5780 1267 5855 τεθνήξεσθαι
1326 5781 1420 5836 τὸν
1482 5781 1632 5848 Υἱὸν,
1690 5778 1807 5834 ἀλλ’
1838 5779 1956 5834 οὐδὲ

2063 5779 2147 5835 dae
2179 5781 2289 5836 sint
2313 5779 2572 5852 primitiae
2597 5790 2966 5838 mortuorum.
2994 5781 3154 5845 Nam,
3198 5779 3244 5836 si
3288 5793 3440 5836 mors
3474 5777 3660 5832 futura

431 5901 475 5934 ¹¹
501 5900 603 5958 Isa.
631 5916 720 5968 ιι,
745 5901 798 5956 ι.
878 5899 924 5933 ’³
957 5899 1226 5968 153.11“,
1257 5897 1311 5953 7.
1387 5895 1435 5932 "
1469 5896 1660 5954 ITim.
1690 5897 1884 5965 n:,15.

2059 5911 2182 5951 ean.
2208 5915 2260 5964 ιν,
2287 5897 2374 5953 46.
2454 5898 2498 5929 ’⁸
2517 5897 2648 5954 Luc.
2672 5897 2892 5958 “1.29.
2971 5899 3016 5931 "
3045 5897 3204 5955 Rom.
3233 5895 3371 5964 “,9.
