4118 6430
537 432 640 488 633

1566 426 1621 480 S.
1663 425 1940 481 CYBIIJJ
1978 425 2452 481 ALEXANDRINI
2482 425 2800 482 AllCliii-IP.

3698 429 3809 486 67:6

512 550 679 604 ~nalla
718 558 821 613 est,
859 564 980 618 qua:
1012 545 1177 601 fuerit
1209 540 1581 600 resurrectio?
1626 543 1782 599 Licet
1826 544 1991 614 igitur
2023 560 2093 597 vel

2226 544 2478 616 ἀπαρχὴν
2510 545 2725 599 ἔσεσθαι
2784 545 2891 601 τῶν
2942 544 3357 618 κεκοιμημένων
3405 546 3683 619 δευτέραν.
3728 551 3805 602 οὐ

530 640 745 693 rissime
772 638 977 702 dicere,
1006 652 1173 691 unum
1198 652 1317 691 esse
1345 635 1509 707 hujus
1540 636 1619 690 rei
1650 645 1888 705 tempus,
1912 645 1973 689 ut
1996 651 2113 689 mo-

523 714 598 787 do
640 718 772 795 dixi,
828 740 884 783 et
927 713 1077 783 diem
1111 743 1281 782 unum
1306 770 1320 794 ,
1362 743 1527 797 quem
1574 727 1841 797 propheta
1873 742 2111 796 quoque,

527 835 784 894 tauquam
840 839 907 877 ex
967 837 1200 893 persona
1251 821 1368 887 Dei,
1408 828 1821 886 commemorat,
1877 821 2111 875 dicens:

531 939 548 969 ι
586 917 856 987 Tempore
884 924 1109 986 accepto
1137 912 1393 971 exaudivi
1424 922 1496 978 te,
1530 922 1587 967 et
1610 913 1666 966 in
1690 913 1777 966 die
1799 913 1989 968 salutis
2015 912 2113 968 ad—

518 1011 635 1080 javi
677 1019 727 1065 te
768 1010 835 1063 ’⁷.
874 1029 891 1059 ι
929 1007 1134 1063 Scribit
1174 1006 1339 1060 etiam
1374 1004 1570 1059 beatus
1610 1004 1812 1059 Paulus
1847 1024 1858 1058 :
1909 1024 1926 1056 ι
1973 1005 2114 1060 Ecce

524 1118 669 1157 nunc
693 1113 908 1172 tempus
930 1088 1285 1171 acceptabile,
1308 1114 1435 1153 ecce
1455 1113 1602 1152 nunc
1625 1097 1744 1153 dies
1765 1096 1957 1151 salutis
1972 1099 2017 1128 "‘
2044 1117 2056 1151 :
2089 1119 2105 1148 ι

521 1211 630 1263 quo
659 1193 745 1249 die
769 1194 1025 1249 Christus
1051 1209 1119 1248 ex
1146 1192 1379 1248 mortuis
1407 1190 1623 1256 revixit,
1648 1206 1713 1246 ac
1739 1190 1894 1244 triste
1919 1190 2113 1245 mortis

520 1285 795 1341 destruxit
837 1285 1154 1355 imperium,
1199 1293 1255 1341 et
1300 1300 1423 1340 cum
1458 1282 1719 1338 Ecclesia:
1759 1299 1824 1338 ex
1856 1282 2111 1352 gentibus

518 1376 672 1430 velut
717 1374 1082 1431 aediﬁcatores
1129 1374 1394 1446 quosdam
1442 1381 1497 1429 et
1525 1374 1842 1444 Spirituales
1875 1373 2135 1428 artifices

519 1476 739 1523 sanctos
773 1468 1048 1538 apostolos
1080 1467 1389 1532 constituit,
1415 1466 1645 1521 dicens:
1685 1486 1701 1517 ι
1741 1465 1950 1520 Euntes
2005 1466 2109 1520 do-

518 1571 637 1617 cete
677 1576 869 1616 omnes
906 1570 1117 1632 gentes,
1153 1560 1496 1632 baptizantes
1536 1574 1632 1613 eos
1662 1559 1721 1613 in
1753 1559 1973 1613 nomine
2004 1558 2107 1613 Pa-

514 1655 635 1717 tris,
660 1663 715 1708 et
736 1653 881 1719 Filii,
912 1663 967 1707 et
994 1652 1232 1724 Spiritus
1256 1653 1450 1717 sancti,
1485 1651 1747 1707 docentes
1770 1665 1866 1706 eos
1888 1665 2107 1705 scrvare

516 1746 701 1800 (itnnia
730 1761 851 1815 qua:
908 1744 1145 1814 prmcepi
1183 1742 1373 1808 vobis;
1410 1749 1465 1795 et
1507 1756 1635 1796 ecce
1679 1756 1782 1811 ego
1823 1739 2106 1794 vobiscum

515 1854 636 1893 sum
685 1836 941 1892 omnibus
990 1835 1188 1890 diebus
1236 1849 1410 1904 usque
1461 1832 1527 1888 ad
1572 1833 2102 1889 consummationem

2216 635 2326 707 γὰρ
2363 636 2619 706 ἐσομένου
2656 637 2917 701 θανάτου,
2944 636 3060 701 πῶς
3089 637 3154 691 ἂν
3188 638 3397 708 γένοιτο
3419 639 3514 692 καὶ
3562 640 3789 694 ἀνάστα-

2218 743 2301 792 σις
2326 744 2340 792 ;
2377 728 2537 781 Ἐστι
2567 728 2747 781 τοίνυν
2778 728 2840 780 οὐ
2860 727 3227 799 ψευδοεπῆσαι
3242 729 3522 798 λέγοντας,
3554 728 3631 795 ὼς
3670 724 3752 794 εἷς
3776 733 3800 777 σι

2215 818 2367 874 τοῦδε
2402 820 2614 893 καιρὸς,
2647 819 2901 892 καθάπερ
2922 819 3060 892 ἔφην
3084 820 3307 891 ἀρτίως,
3348 823 3444 876 καὶ
3465 824 3647 895 ἡμέρα
3673 826 3799 892 μία,

2213 906 2281 982 ἧς
2315 912 2408 965 καὶ
2438 915 2467 965 ό
2500 912 2784 985 προφήτης
2818 912 3063 985 ἐμνήσθη
3100 912 3276 980 λέγων
3309 914 3383 979 ὡς
3408 917 3474 968 ἐκ
3501 916 3799 987 προσώπςυ

2214 1003 2371 1068 Θεοῦ,
2412 1021 2432 1055 α
2468 1004 2661 1076 Καιρῷ
2698 1004 2872 1076 δεκτῷ
2917 1006 3199 1077 ἐπήκουσά
3248 1023 3364 1071 σου,
3398 1008 3494 1061 καὶ
3526 1011 3585 1061 ἐν
3616 1008 3799 1080 ἡμέρα

2216 1096 2490 1167 σωτηρίας
2518 1096 2794 1169 ἐϐοήθησά
2821 1114 2922 1151 σοι.
2959 1117 2978 1149 ι
3015 1098 3220 1170 Γράφει
3258 1099 3315 1152 δὲ
3336 1100 3431 1154 καὶ
3461 1102 3489 1152 6
3512 1099 3795 1165 Θεσπέσιος

2215 1187 2449 1252 Παῦλος,
2486 1209 2503 1239 ι
2561 1189 2691 1243 Ἰδοὺ
2725 1190 2819 1244 νῦν
2848 1176 3497 1262 καιρὸςέύπρόσδεκτος,
3550 1192 3660 1245 teat.
3699 1192 3792 1248 νῦν

2212 1279 2393 1350 ἡμέρα
2426 1280 2721 1353 σωτηρίας,
2770 1300 2787 1333 ι
2831 1281 2955 1335 καθ’
2978 1284 3044 1353 ἣν
3084 1284 3150 1336 ἐκ
3181 1283 3391 1355 νεκρῶν
3430 1285 3631 1339 ἀνεϐίω
3662 1287 3779 1359 Χρι-

2214 1372 2359 1436 στὸς.
2399 1373 2461 1426 τὸ
2499 1374 2722 1444 ἀμειδὲς
2764 1374 2859 1428 τοῦ
2911 1374 3144 1430 θανάτου
3194 1376 3506 1442 καταλύσας
3565 1380 3793 1452 κράτος,

2212 1465 2299 1519 ὅτε
2336 1468 2429 1520 καὶ
2453 1466 2555 1545 τῆς
2589 1468 2646 1535 ἐξ
2695 1467 2864 1522 ἐθνῶν
2899 1468 3224 1540 Ἐκκλησίας
3263 1471 3576 1542 οἰκοδόμους
3602 1472 3796 1545 ὥσπερ

2209 1556 2363 1622 τινας
2398 1560 2492 1612 καὶ
2525 1561 2766 1631 τεχνίτας
2830 1563 3237 1633 πνενματικοὺς
3268 1563 3395 1628 τοὺς
3436 1565 3625 1634 ἁγίους
3652 1568 3794 1621 ἀπσ-

2211 1650 2432 1715 στόλους
2455 1651 2708 1725 καθίστη,
2739 1653 2939 1721 λέγων,
2975 1674 2994 1707 ί
3023 1654 3390 1727 Πορευθέντες
3413 1657 3792 1729 μαθητεύσατε

2209 1742 2388 1795 πάντα
2417 1741 2485 1795 τὰ
2511 1740 2660 1814 ἔθνη,
2697 1743 3052 1814 βαπτίζοντες
3073 1746 3272 1810 αὐτοὺς
3296 1749 3377 1811 είς
3409 1748 3469 1802 τὸ
3489 1748 3660 1820 ὄνομα
3690 1750 3791 1804 τοῦ

2209 1833 2424 1905 Πατρὸς
2455 1835 2551 1888 καὶ
2592 1834 2688 1889 τοῦ
2730 1836 2860 1890 Tia-3
2898 1838 2995 1891 καὶ
3020 1839 3113 1893 τοῦ
3148 1840 3305 1909 ἁγίου
3336 1841 3676 1914 Πνεύματος,
3709 1845 3792 1898 δι-

514 1931 696 1986 saeeuli
734 1931 797 1984 ν’.
838 1952 854 1980 ι
893 1928 973 1983 An
1007 1937 1062 1982 tu
1096 1926 1149 1982 id
1198 1927 1423 1985 minime
1461 1942 1581 1982 esse
1622 1941 1815 1982 censes
1848 1926 2093 1982 Ecclesia

2204 1924 2496 1989 δάσκοντες
2550 1927 2748 1992 αὐτοὺς
2798 1932 2987 2001 τηρεῖν
3030 1930 3235 2017 πάντα,
3287 1933 3390 1988 ὅσα
3431 1935 3792 2009 ἐνετειλάμην

514 2021 960 2079 constitutionem
978 2020 1001 2073 ’ί

578 2276 774 2334 PALL.
809 2275 1095 2343 Quodnam
1128 2276 1279 2332 istud
1315 2275 1575 2332 tandem?

577 2370 733 2428 CYlt.
767 2361 973 2436 Fidem,
1011 2372 1257 2442 inquam,
1286 2386 1385 2441 per
1424 2379 1642 2427 sanctos
1687 2371 1941 2427 doctores
1986 2379 2097 2427 tra-

507 2466 699 2528 ditam,
745 2472 910 2534 atque
953 2464 1099 2519 illam
1140 2462 1203 2518 in
1241 2462 1462 2518 Christo
1508 2464 1980 2519 conversationem
2026 2464 2096 2520 ab

508 2560 702 2613 iisdem
728 2558 1076 2629 praadicatam
1094 2558 1158 2622 π,
1181 2557 1329 2611 illam
1354 2572 1573 2627 quoque
1594 2572 1717 2611 cum
1735 2557 1846 2611 Deo
1863 2558 2094 2628 conjun-

488 2652 767 2716 ‘ctionem,
818 2665 925 2720 qua
982 2649 1060 2705 illi
1090 2665 1187 2727 per
1228 2664 1444 2711 sacrum
1494 2649 1767 2719 baptisma
1813 2651 2096 2722 sanctique

507 2744 750 2815 Spiritus
782 2743 1254 2813 participationem
1292 2742 1593 2814 jungimur.
1630 2743 1708 2797 Ita
1735 2759 1969 2814 namque
1998 2761 2099 2801 nos

506 2834 892 2906 alloquebatur
917 2833 1139 2897 Paulus,
1172 2831 1364 2888 dicens
1398 2853 1411 2887 :
1447 2854 1464 2885 ι
1495 2832 1563 2889 Et
1596 2849 1694 2891 vos
1727 2843 1984 2905 tanquam
2017 2836 2095 2890 la-

506 2929 663 2998 pides
700 2926 809 2982 vivi
863 2927 1403 2998 su‘lieraadi'iieamini,
1462 2927 1660 2982 domus
1702 2928 2003 2997 spiritualis
2041 2928 2096 2983 in

508 3022 769 3091 templum
794 3030 1064 3087 sanctum,
1082 3014 1142 3075 in
1158 3020 1537 3076 habitaculum
1562 3016 1658 3076 Dei
1681 3020 1734 3074 in
1758 3019 2086 3091 Spiritu‘°'.i

506 3114 647 3170 Olim
674 3130 908 3185 namque
944 3129 1043 3184 per
1072 3112 1290 3169 diversa
1319 3130 1444 3170 vasa
1472 3114 1816 3169 tabernaculi
1842 3114 2095 3172 Christus

504 3207 975 3279 praeﬁgurabatur,
993 3223 1188 3278 nempe
1205 3214 1461 3278 tanquam
1477 3223 1705 3262 aureum
1722 3207 2087 3272 thuribulum,

505 3310 761 3370 tanquam
790 3316 935 3363 area,
972 3312 1232 3369 tanquam
1267 3297 1512 3365 lucerna,
1553 3306 1811 3369 tanquam
1851 3298 2090 3370 denique

503 3403 712 3449 mensa,
738 3396 791 3441 et
817 3402 938 3457 qua:
962 3385 1018 3441 in
1044 3402 1107 3442 ea
1134 3387 1312 3457 posita
1337 3395 1514 3443 erant.
1541 3387 1648 3443 Sed
1675 3389 1931 3459 praesenti
1957 3399 2094 3444 tem-

502 3494 659 3549 pore,
710 3486 769 3531 ut
815 3477 1030 3549 opinor,
1073 3477 1450 3548 unusquisque
1489 3477 1733 3534 ﬁdelium
1780 3478 1976 3534 domus
2009 3489 2093 3533 est

502 3586 567 3623 ac
599 3569 863 3639 templum
891 3568 1010 3632 Dei,
1040 3583 1166 3623 cum
1205 3568 1489 3625 Christum
1530 3570 1731 3625 haheat
1776 3570 2090 3625 inhabitan-

505 3660 646 3725 tem';
675 3658 886 3713 habitat
909 3658 1055 3714 enim
1090 3659 1146 3714 in
1183 3658 1444 3715 cordibus
1468 3661 1673 3716 nostris
1709 3676 1807 3731 per
1835 3662 1992 3733 331
2024 3663 2089 3717 ii-

503 3753 650 3816 dem,
682 3751 825 3806 sieut
847 3752 1111 3824 scriptum
1141 3761 1225 3807 est
1249 3752 1288 3783 ³¹
1313 3770 1327 3819 ;
1354 3767 1499 3806 unus
1520 3751 1774 3823 idemque
1807 3768 1907 3823 per
1927 3763 2088 3811 natu-

504 3861 642 3909 ram,
680 3846 933 3916 quamvis
974 3859 1100 3903 cum
1123 3861 1288 3901 carne
1317 3844 1673 3917 intelligatur.
1710 3865 1727 3898 ι
1768 3847 1919 3902 Unus
1940 3849 2087 3903 enim

501 3940 646 3994 Deus
674 3939 854 4003 Pater,
888 3954 955 3993 ex
984 3954 1095 4010 quo
1120 3937 1324 4002 omnia,
1350 3944 1405 3992 et
1439 3953 1582 3992 unus
1617 3938 1883 3995 Dominus
1929 3940 2089 3998 Jesus

496 4032 772 4097 Christus,
804 4048 902 4103 per
934 4046 1095 4103 quem
1122 4033 1304 4087 omnia
1335 4030 1400 4085 ³⁸.
1439 4050 1456 4082 ι
1493 4029 1598 4086 Sed
1633 4040 1812 4088 tamen
1855 4034 2087 4091 diversis

498 4124 721 4180 deitatis
751 4123 1182 4196 proprietatibus
1211 4122 1379 4178 veluti
1404 4122 1863 4197 multiplicitalem
1891 4142 2085 4196 quam-

499 4219 622 4273 dam
657 4220 712 4274 in
752 4235 808 4273 se
833 4218 950 4287 ipso
978 4210 1209 4282 habens,
1239 4216 1387 4271 varie
1426 4216 1772 4289 intelligitur.
1818 4216 1914 4272 Est
1938 4220 2084 4274 enim

500 4311 557 4365 in
584 4310 747 4365 nobis
776 4320 837 4363 ut
866 4308 962 4363 Dei
994 4307 1260 4374 Verbum,
1285 4317 1343 4363 et
1383 4308 1672 4379 sapientia,
1714 4317 1771 4363 et
1798 4308 2003 4376 lumen,
2030 4321 2086 4367 et

499 4404 630 4467 vita,
658 4412 714 4459 et
737 4403 894 4475 panis
915 4403 1073 4459 vivus
1094 4418 1158 4458 ac
1178 4402 1246 4458 de
1270 4402 1411 4459 ccclo
1447 4402 1809 4459 descendens.

569 4495 767 4549 PALL.
796 4493 953 4561 Quod
982 4493 1144 4561 dicis,
1176 4494 1441 4565 intelligo.

569 4588 727 4642 CYR.
763 4586 1164 4643 incarnationis
1202 4586 1386 4656 itaque
1429 4593 1643 4654 tempus
1676 4592 1733 4639 et
1770 4583 1889 4640 dies
1923 4596 2081 4657 opta-

500 4681 745 4736 tissimus
794 4679 1210 4735 resurrectionis
1266 4694 1335 4733 ex
1382 4676 1617 4731 mortuis
1672 4676 1830 4732 nobis
1890 4693 2083 4734 rursus

495 4772 951 4845 praeﬁgurabatui'
990 4772 1045 4827 in
1080 4786 1147 4826 eo
1181 4768 1328 4840 quod
1391 4766 1529 4821 dixit
1585 4768 1768 4823 Deus:
1837 4754 1933 4825 Die
1971 4786 2081 4827 uno

496 4848 704 4921 statues
769 4863 1200 4919 tabernaculum.
1278 4859 1372 4913 Illa
1432 4873 1597 4930 porro
1662 4859 1868 4929 verba,
1926 4861 1993 4916 Et
2023 4861 2078 4917 in

494 4957 780 5013 novilunio
820 4953 1025 5010 mensis
1066 4950 1261 5024 primi,
1334 4949 1542 5005 utiliter
1569 4957 1730 5021 atque
1769 4953 2080 5008 necessario

493 5049 751 5120 adjuncta
789 5037 934 5109 esse,
981 5044 1139 5100 facile
1179 5041 1419 5113 perspici
1463 5049 1681 5112 potest,
1733 5043 1959 5101 Palladi.
2009 5045 2079 5103 Ut

491 5143 642 5197 enim
670 5139 875 5196 mensis
910 5136 1124 5194 initium
1165 5134 1377 5206 primus
1415 5144 1500 5191 est
1537 5135 1656 5207 ejus
1696 5138 1902 5194 mensis
1937 5137 2076 5203 dies,

493 5235 549 5290 id
578 5243 665 5305 est
711 5229 1087 5287 novilunium:
1119 5229 1197 5283 sic
1228 5228 1382 5298 quasi
1411 5227 1631 5283 initium
1663 5229 1939 5299 quoddam
1990 5246 2080 5285 re-

492 5324 669 5380 centis
697 5322 903 5385 smeuli,
937 5336 1001 5378 ac
1030 5320 1242 5391 primus
1276 5319 1458 5375 aditus
1496 5318 1565 5375 ad
1612 5322 1910 5376 novitatem
1940 5331 2079 5376 tem-

492 5404 688 5485 porum
729 5421 812 5467 est
856 5412 911 5467 id
960 5419 1194 5483 tempus,
1240 5425 1349 5481 quo
1400 5410 1489 5464 ille
1529 5409 1770 5465 advenit.
1849 5430 1868 5462 ι
1931 5412 2048 5466 Nov

491 5521 728 5576 namque
753 5507 807 5560 in
826 5504 1046 5561 Christo
1067 5514 1352 5568 creatura;
1378 5509 1565 5556 vetera
1593 5501 1930 5557 transierunt
1954 5502 2018 5569 ³³,
2042 5523 2066 5573 γι

491 5599 824 5669 eil‘ulgetque
878 5597 1041 5652 nobis
1114 5593 1522 5665 quodammodo
1593 5592 1729 5648 illud
1788 5594 2071 5661 saeculum,

488 5690 636 5769 quod
670 5700 791 5762 post
823 5692 925 5745 hoc
959 5702 1198 5759 przesens
1224 5685 1473 5757 proxime
1518 5685 1894 5755 consequitur,
1926 5689 2073 5757 quod

558 5832 729 5885 πιθα.
780 5846 918 5892 XLIX,
979 5827 1069 5889 8._
1145 5823 1384 5880 "lCor.
1441 5824 1599 5889 v1.2.

1066 5824 1384 5902 _L'fl_Cor.
1441 5824 1599 5902 v1.2.
1806 5824 1997 5902 Matth.
2040 5844 2225 5899 xxvm,
2268 5834 2354 5902 i9,
2390 5834 2480 5889 20.

494 5906 537 5941 ιι
571 5906 768 5967 κρίκε,
799 5917 873 5968 ιιι²
936 5900 1014 5953 Π,
1094 5898 1136 5930 ³²
1177 5896 1349 5953 ιςυτ.
1382 5911 1495 5962 vnt,
1521 5896 1573 5950 6.
1650 5894 1763 5949 "ll
1798 5898 1923 5952 Cor.
1960 5916 2008 5966 v,
2054 5902 2135 5956 Π,

2205 2019 2368 2089 ὑμῖν·
2407 2020 2500 2072 καὶ
2540 2019 2649 2075 ἰδοὺ
2683 2020 2802 2090 ἐγὼ
2836 2022 2954 2093 μεθ’
2989 2024 3144 2094 ὑμῶν
3172 2025 3289 2096 εἰμι
3316 2025 3496 2092 πάσας
3514 2028 3614 2092 τὰς
3653 2029 3791 2098 ἠμέ-

2203 2131 2304 2187 ρας
2331 2112 2435 2177 ’ἐως
2468 2114 2568 2185 τῆς
2603 2115 2914 2180 συντελείας
2945 2116 3040 2170 τοῦ
3086 2118 3301 2182 αἰῶνος.
3341 2139 3361 2172 ι
3391 2120 3464 2173 Ἦ
3495 2120 3606 2193 γὰρ
3665 2123 3791 2193 οὸχὶ

2199 2201 2360 2258 τοῦτο
2389 2198 2529 2256 εἶναι
2562 2203 2667 2274 φὴς
2724 2203 2824 2275 τῆς
2875 2206 3199 2277 Ἐκκλησίας
3221 2209 3321 2280 τὴν
3348 2208 3642 2277 σύστασινς

2272 2294 2478 2349 nam.
2522 2294 2595 2347 Tb
2631 2294 2683 2347 τί
2711 2293 2775 2366 δὴ
2804 2297 2949 2368 eis;
3334 2292 3338 2297 ’

2270 2387 2436 2441 ΚΥΡ.
2487 2385 2600 2459 Τὴν
2647 2386 2735 2440 διὰ
2767 2387 2875 2442 τῶν
2915 2389 3087 2459 ἁγίων
3130 2393 3505 2463 μυσταγωγῶν
3543 2396 3791 2467 παραδο-

2198 2479 2385 2534 θεῖσαν
2415 2480 2619 2545 πίστιν,
2656 2481 2752 2536 καὶ
2786 2482 3207 2554 κεκηρυγμένην
3230 2484 3531 2553 πολιτείαν,
3556 2489 3700 2558 φημὶ
3720 2488 3787 2560 δὴ

2197 2573 2294 2645 τὴν
2325 2576 2382 2627 ἐν
2410 2572 2653 2648 Χριστῷ,
2687 2575 2782 2629 καὶ
2812 2576 2913 2647 τὴν
2941 2574 3030 2630 διὰ
3070 2575 3163 2631 τοῦ
3206 2577 3377 2656 ἁγίου.
3403 2578 3785 2651 βαπτίσματος

2199 2666 2336 2739 πρὸς
2365 2667 2498 2721 Θεὸν
2524 2667 2741 2734 ἕνωσιν,
2772 2667 2861 2722 διά
2886 2667 3121 2741 μετοχῆς
3132 2669 3229 2723 τοῦ
3250 2670 3408 2740 ἁγίου
3440 2670 3782 2742 Πνεύματος.

2198 2756 2359 2811 Οὕτω
2384 2757 2495 2829 γὰρ
2529 2759 2661 2829 ἡμῖν
2694 2758 3034 2830 προσεφώνει
3087 2757 3260 2829 λέγων
3286 2761 3314 2813 6
3342 2759 3576 2825 Παῦλος,
3610 2783 3628 2812 ι
3672 2762 3783 2817 Καὶ

2198 2850 2357 2922 ὑμεῖς
2382 2849 2458 2914 ὡς
2486 2848 2626 2903 λίθοι
2661 2848 2864 2915 ζῶντες
2891 2849 3338 2921 ἐποικοδομεῖσθε
3366 2847 3512 2915 οἶκος
3544 2869 3784 2923 πνευμαο

2194 2942 2368 3007 τικὸς,
2396 2942 2478 3005 είς
2498 2941 2627 2995 ναὸν
2658 2940 2835 3009 ἅγιον.
2862 2942 2944 3005 είς
2970 2942 3390 3013 κατοικητήριον
3418 2941 3517 2996 τοῦ
3545 2940 3682 2996 Θεοῦ
3719 2944 3783 2996 ἐν

2196 3034 2499 3105 Πνεύματι.
2526 3051 2545 3087 ι
2583 3033 2759 3088 Πάλαι
2786 3034 2886 3103 μὲν
2916 3033 3025 3105 γὰρ
3050 3033 3128 3098 ὡς
3153 3036 3211 3088 ἐν
3233 3034 3511 3107 διαφόροις
3529 3036 3780 3090 σκεύεσιν

2195 3128 2255 3180 ἐν
2280 3129 2345 3197 τῇ
2368 3125 2501 3197 ἁγίᾳ
2524 3128 2696 3198 σκηνῇ
2718 3123 3139 3197 προεμορφοῦτο
3162 3125 3418 3197 Χριστὸς,
3446 3129 3522 3189 ὡς
3543 3125 3780 3196 χρυσοῦν

2197 3218 2580 3291 θυμιατήριον,
2601 3217 2676 3283 ὡς
2706 3215 2961 3280 κιϐωτὸς,
2992 3217 3066 3281 ὼς
3090 3217 3305 3289 λυχνία,
3336 3218 3430 3271 καὶ
3461 3217 3565 3290 μὴν
3595 3218 3780 3282 xatt'u;

2196 3309 2465 3381 τράπεζα,
2496 3309 2590 3364 καὶ
2613 3309 2681 3363 τὰ
2703 3310 2760 3364 ἐν
2792 3308 2933 3381 αὐτῇ
2949 3325 2963 3337 ·
2984 3309 3214 3372 ἕκαστος
3233 3309 3313 3376 δέ,
3340 3306 3516 3382 οἶμαι,
3545 3310 3654 3365 τῶν
3675 3328 3780 3363 πε·-

2195 3402 2584 3467 πιστευκότων,
2614 3400 2756 3455 κατά
2793 3417 2857 3469 γε
2888 3400 2979 3455 τὸν
3017 3400 3348 3471 ἐνεστηκότα
3386 3402 3598 3473 καιρὸν,
3628 3396 3777 3464 οἶκος

2193 3493 2288 3547 καί⁸
2323 3493 2449 3557 ναὸς
2481 3491 2811 3564 χρηματίζει
2835 3490 2993 3558 Θεοῦ,
3028 3490 3263 3562 Χριστὸν
3290 3491 3429 3563 ἔχων
3453 3491 3779 3562 ἐνηυλισμέ-

2192 3602 2303 3642 νον.
2350 3585 2613 3638 Κατοικεῖ
2649 3584 2758 3654 γὰρ
2785 3585 2844 3637 ἐν
2882 3586 3003 3647 ταῖς
3044 3583 3294 3655 καρδίαις
3343 3584 3499 3656 ἡμῶν
3535 3584 3623 3638 διὰ
3675 3585 3777 3655 τῆς

2192 3677 2450 3742 πίστεως,
2483 3676 2628 3731 καθά
2658 3676 2992 3750 γέγραπται,
3028 3670 3110 3741 εἷς
3134 3676 3234 3748 μὲν
3262 3676 3357 3731 καὶ
3385 3680 3412 3732 6
3441 3676 3605 3741 αὐτὸς
3633 3678 3775 3733 κατὰ

2193 3767 2353 3839 φύσιν
2377 3767 2669 3840 ὑπάρχων,
2694 3770 2743 3821 εί
2773 3769 2867 3822 καὶ
2888 3770 3058 3822 νοοῖτο
3079 3768 3218 3840 μετά
3243 3769 3466 3841 σαρκός.
3501 3786 3520 3820 ι
3550 3763 3646 3833 Εἷς
3667 3769 3776 3843 γάρ

2189 3859 2322 3924 Θεὸς
2348 3860 2376 3911 ὁ
2404 3859 2618 3931 Πατὴρ,
2658 3857 2719 3923 ἐξ
2746 3851 2808 3913 οὗ
2846 3858 2919 3913 τά
2946 3858 3144 3927 πάντα,
3176 3862 3271 3915 καὶ
3304 3853 3386 3925 εἷς
3422 3859 3629 3934 Κύριος
3670 3862 3776 3932 Ἰη-

2191 3950 2318 4015 σοῦς
2344 3951 2600 4023 Χριστὸς,
2626 3951 2694 4006 δι’
2725 3942 2787 4005 οὗ
2807 3950 2876 4005 τὰ
2907 3950 3102 4016 πάντα,
3142 3970 3160 4004 ι
3179 3955 3291 4017 τοῖς
3320 3952 3378 4007 δὲ
3403 3952 3507 4023 τῆς
3522 3952 3773 4024 θεότητος

2188 4042 2468 4115 διαφόροις
2514 4041 2802 4114 ίδιὼμασιν
2863 4042 2927 4097 τὸ
2966 4044 3130 4098 οἱονεὶ
3174 4043 3455 4108 πολυειδὲς
3495 4043 3635 4115 ἔχων
3686 4045 3774 4115 ἐφ’

2188 4135 2389 4207 ἐαυτῷ,
2419 4135 2515 4189 καὶ
2543 4134 2817 4207 διαφόρως
2849 4134 3159 4207 νοούμενος.
3205 4136 3361 4190 Ἔστι
3412 4136 3520 4208 γὰρ
3551 4138 3609 4191 ἐν
3641 4139 3774 4209 ἡμῖν

2186 4226 2263 4291 ὡς
2290 4226 2463 4296 Λόγος
2494 4225 2656 4291 Θεοῦ,
2689 4227 2781 4280 καὶ
2814 4226 2995 4296 σοφία,
3048 4226 3143 4281 καὶ
3188 4226 3325 4296 φῶς,
3379 4226 3476 4282 καὶ
3509 4225 3643 4302 ζωὴ,
3677 4227 3774 4281 καὶ

2186 4318 2347 4391 ἄρτος
2371 4319 2399 4371 6
2424 4318 2531 4384 ζῶν
2554 4317 2649 4372 καὶ
2670 4316 2730 4383 ἐξ
2754 4315 3006 4390 οὐρανοῦ.

2257 4498 2467 4553 ΠΑΛΛ.
2507 4499 2723 4569 Συνῆκα
2750 4497 2779 4552 δ
2818 4500 2941 4570 φής.

2117 4612 2161 4670 ο
2257 4591 2424 4644 ΚΥΡ.
2460 4589 2667 4649 Θύκοῦν
2693 4589 2721 4641 6
2750 4589 2849 4660 τῆς
2894 4586 3364 4661 ἐνανθρωπήσεως
3396 4588 3584 4660 καιρὸς
3611 4589 3768 4660 ἡμῖν,

2185 4682 2280 4737 καὶ
2313 4682 2415 4752 τῆς
2441 4684 2505 4737 ἐκ
2527 4680 2738 4751 νεκρῶν
2763 4681 3115 4746 ἀναστάσεως
3151 4682 3184 4754 ἡ
3210 4681 3535 4753 τριπόθητος
3562 4681 3768 4754 ἡμέρα,

2184 4776 2631 4848 προανετυποῦτο
2710 4775 2881 4829 πάλαι
2950 4775 3040 4829 διὰ
3089 4775 3150 4829 τὸ
3207 4776 3374 4847 φάναι
3438 4774 3592 4840 Θεὸν,
3683 4777 3773 4829 Ἐν

2182 4868 2369 4941 ἡμέρᾳ
2419 4869 2518 4940 μιᾷ
2557 4868 2777 4939 στήσεις
2813 4867 2913 4939 τὴν
2984 4868 3212 4939 σκηνήν.
3272 4867 3346 4919 Τὸ
3378 4865 3476 4932 δὲ,
3538 4867 3653 4920 Καὶ
3715 4868 3774 4919 ἐν

2182 4960 2447 5034 νουμηνία
2473 4961 2565 5016 τοῦ
2602 4962 2770 5034 μηνὸς
2804 4961 2898 5016 τοῦ
2939 4961 3178 5033 πρώτου,
3237 4960 3526 5033 χρησίμως
3553 4976 3613 5013 τε
3679 4960 3777 5013 καὶ

2182 5052 2499 5121 ἀναγκαίως
2538 5054 3043 5127 προσενηνεγμένον
3079 5052 3288 5107 κατίδοι
3322 5069 3405 5115 τις
3432 5050 3520 5117 ἂν,
3547 5045 3593 5105 ὦ
3623 5052 3771 5105 Παλ·
3817 5082 3823 5121 ε

2179 5141 2346 5197 λάδιε.
2379 5142 2590 5216 Ὠσπερ
2627 5142 2735 5216 γὰρ
2784 5144 2928 5215 ἁρχὴ
2981 5142 3167 5215 μηνὸς,
3211 5142 3433 5213 ἡμερῶν
3465 5143 3499 5212 ἡ
3531 5141 3590 5193 ἐν
3617 5139 3771 5210 αὐτῷ
3809 5136 3820 5200 ἕ

2183 5232 2397 5305 πρώτη,
2425 5231 2572 5288 τοῦτ’
2601 5233 2773 5299 ἐστιν,
2809 5235 2843 5306 ἡ
2877 5233 3169 5305 νουμηνία·
3194 5233 3365 5299 οὕτως
3395 5233 3488 5286 καὶ
3516 5231 3660 5305 ἀρχή
3685 5249 3770 5296 τις

2181 5324 2371 5397 ὥσπερ
2407 5325 2601 5390 αἰῶνος
2630 5325 2772 5393 νέου,
2810 5326 2905 5379 καὶ
2934 5323 3265 5397 προεισϐολὴ
3290 5324 3610 5396 καινότητος
3640 5322 3770 5395 χρό-

2181 5433 2311 5481 νων,
2334 5418 2363 5470 ό
2386 5416 2483 5487 τῆς
2511 5416 2806 5489 ἐπιδημίας
2834 5417 3042 5488 καιρός.
3076 5434 3095 5467 ‹
3136 5416 3315 5488 Καινὴ
3354 5415 3463 5488 γὰρ
3498 5412 3680 5480 κτίσις
3709 5416 3767 5468 ἐν

2182 5507 2432 5580 Χριστῷ·
2489 5507 2560 5562 τὰ
2609 5511 2814 5581 ἀρχαῖα
2874 5508 3176 5581 παρῆλθεν.
3233 5528 3251 5561 ›
3315 5508 3656 5579 Ἀναλάμπει
3708 5506 3768 5561 δὲ

2182 5599 2371 5672 ὥσπερ
2416 5602 2552 5672 ἡμῖν
2600 5604 2628 5655 6
2664 5601 2802 5672 μετά
2860 5602 3049 5656 τοῦτον
3084 5600 3241 5667 αἰὼν,
3276 5599 3372 5654 νῦν
3432 5601 3530 5672 μὲν
3575 5598 3653 5662 ὡς
3707 5598 3767 5653 ιν

2181 5693 2392 5747 ἐλπίσιν
2439 5694 2519 5748 ἔτι
2570 5694 2925 5767 βλεπόμενος,
2975 5696 3096 5749 τότε
3144 5696 3201 5749 δὲ
3245 5695 3341 5749 καὶ
3386 5693 3765 5767 παρεσόμενος

2596 5834 2640 5868 ³⁸
2679 5834 2873 5896 IPetr.
2921 5850 2979 5900 n,
3012 5834 3101 5891 ιε.
3130 5835 3196 5901 ἔθ’
3227 5834 3426 5907 Ephes.
3459 5849 3516 5901 η,
3552 5832 3643 5899 2i,
3668 5829 3760 5886 ‘22.
