4118 6464
367 435 484 491 ΒῖΞἿ

1125 432 1214 488 DE
1254 432 1702 488 ADORATIONE
1741 434 1808 489 IN
1846 434 2115 493 SPlRl'l'U
2161 437 2246 492 ET
2291 435 2660 490 VEIHTATE.
2708 434 2836 490 LIB.
2881 434 2946 488 Χ.
2982 419 2995 425 ’

3569 434 3675 489 ΟΞίὸ

363 551 616 623 ἀληθῶς,
650 547 782 605 ὅταν
816 550 948 620 ἡμῖν
979 551 1006 602 ὀ
1043 549 1281 620 Χριστὸς
1314 547 1600 620 ἐπιλάμψῃ
1637 549 1801 604 πάλιν
1833 550 1957 620 μετᾶ

2075 567 2223 607 nunc
2255 552 2480 622 quidem
2517 567 2614 620 spe
2650 550 3009 621 conspicitur,
3055 557 3185 604 tunc
3217 558 3402 604 autem
3453 565 3513 603 re
3561 549 3678 618 ipsa

359 644 480 696 τῶν
512 642 686 710 ἁγίων
710 641 962 710 ἀγγέλων
1001 641 1060 695 ἐν
1085 643 1151 712 τῇ
1187 639 1315 715 δόξῃ
1347 641 1442 694 τοῦ
1485 640 1720 712 Πατρὸξ,
1753 643 1882 707 τοὺς
1908 644 1966 696 ἐν

361 737 656 809 καινότητι
683 734 834 805 ζωῆς
851 737 1177 806 περιπατεῖν
1204 734 1516 808 ἑλομένους,
1548 735 1640 789 καὶ
1669 735 1730 788 τὸ
1755 737 1961 808 ἐκπρε-

361 828 644 883 πέστατον
670 827 869 891 κάλλος
901 827 1001 897 τῆς
1026 827 1396 900 εὐαγγελικῆς
1430 828 1708 892 πολιτείας
1746 830 1804 882 ὲν
1835 830 1970 883 ὑπο·

364 924 506 992 μονῇ
536 920 972 992 πλουτήσαντας,
1000 921 1461 994 παραληψόμενος
1490 922 1607 992 μεθ’
1629 920 1844 986 ἑαυτοῦ,
1875 923 1968 975 καὶ

358 1015 448 1078 εἰς
481 1014 582 1086 τὴν
620 1014 795 1068 πάλαι
849 1013 1311 1086 προσδοκωμένην
1349 1013 1505 1080 δόξαν
1550 1013 1646 1067 καὶ
1691 1013 1970 1084 βασιλείαν

359 1107 688 1178 εἰσκομιῶν.
725 1109 850 1162 Ὅτι
881 1108 938 1162 δὲ
985 1108 1147 1180 καινὴ
1191 1107 1368 1171 κτίσις
1413 1108 1507 1161 καὶ
1546 1109 1710 1162 οἱονεὶ
1759 1110 1967 1182 καιρῶν

359 1200 462 1254 καὶ
491 1201 839 1272 πραγμάτων
867 1200 1071 1273 βλάστη
1095 1201 1193 1255 νέα
1215 1199 1324 1253 τῶν
1353 1202 1412 1253 ἐν
1443 1200 1686 1272 Χριστῷ,
1707 1201 1964 1255 καταδεί-

361 1291 510 1355 ξειεν
559 1291 626 1346 ἂν
658 1287 717 1346 εὖ
773 1292 919 1362 μάλα
973 1291 1033 1346 τὸ
1075 1294 1306 1362 αἴνιγμα
1354 1291 1448 1344 τοῦ
1502 1291 1722 1364 πρώτου
1775 1295 1963 1365 μηνὸς,

357 1383 488 1436 καθ’
525 1382 586 1437 ὃν
626 1384 757 1437 πύαι
791 1385 890 1455 μὲν
922 1386 1018 1438 καὶ
1063 1384 1275 1438 ἁπαλαὶ
1314 1387 1409 1439 καὶ
1441 1387 1763 1458 ἀρτιφανεῖς
1787 1387 1846 1438 ὲν
1870 1391 1962 1460 γῇ,

360 1475 551 1545 φυτῶν
591 1477 648 1530 δὲ
690 1477 1046 1550 ἀναθήλησις,
1084 1479 1317 1533 καὶτῶν
1354 1482 1412 1534 ὲν
1457 1480 1720 1552 λειμῶσιν
1756 1481 1960 1536 ἀνθέων

2080 652 2282 713 praesto
2319 644 2448 708 erit,
2483 659 2610 697 cum
2652 641 2908 698 Christus
2952 641 3114 697 nobis
3166 642 3366 705 iterum
3408 642 3680 697 atl'ulserit

2079 753 2204 792 cum
2241 737 2445 792 sanctis
2487 736 2693 807 angelis
2721 737 2781 792 in
2813 735 2988 806 gloria
3024 735 3461 803 Patris,_etcos,
3497 735 3593 806 qui
3621 735 3678 797 in

2077 828 2320 884 novitate
2341 829 2467 884 vitae
2485 829 2772 888 ambulare
2793 827 3129 895 studuerint,
3147 835 3204 882 et
3225 828 3376 882 illam
3396 828 3677 899 egregiam

2076 921 2407 992 evangelica:
2431 921 2872 978 conversationis
2911 920 3385 992 pulchritudinem
3430 936 3528 992 per
3577 938 3678 992 pa,

2077 1014 2329 1070 tientiam
2352 1013 2731 1086 acquisierint,
2765 1029 2953 1070 secum
2992 1021 3258 1079 assumet,
3299 1023 3466 1085 atque
3497 1013 3568 1068 ad
3608 1014 3679 1067 il—

2077 1107 2186 1162 lam
2211 1109 2342 1164 olim
2372 1113 2743 1178 exspectatam
2782 1106 3013 1178 gloriam
3068 1122 3134 1162 ac
3165 1122 3393 1180 regnum
3421 1105 3678 1161 introdu~

2075 1207 2181 1255 cet.
2215 1201 2348 1256 Esse
2376 1208 2562 1263 autem
2589 1208 2902 1266 creaturam
2928 1213 3146 1264 novam,
3170 1215 3236 1255 ac
3260 1199 3431 1254 veluti
3460 1205 3643 1267 tempo
3663 1227 3676 1238 -

2074 1307 2198 1348 rum
2239 1301 2296 1349 et
2331 1309 2519 1352 rerum
2567 1294 2624 1348 in
2670 1292 2891 1348 Christo
2927 1309 3134 1348 novum
3172 1309 3419 1364 germen,
3443 1293 3679 1363 aenigma

2072 1386 2241 1458 primi
2273 1385 2481 1441 mensis
2505 1385 2712 1456 optime
2749 1385 3113 1451 demonstrat,
3144 1402 3256 1456 quo
3289 1394 3432 1440 terra
3472 1387 3679 1444 teneris

2071 1495 2136 1534 ac
2161 1478 2491 1542 recentibus
2505 1476 2695 1533 herbis
2720 1478 3084 1544 convestitur,
3115 1479 3316 1548 stirpes
3344 1478 3676 1549 germinant,

356 1567 422 1620 τὺ
479 1567 762 1632 πολυειδὲς
806 1569 1133 1640 ἐμφαίνεται
1172 1571 1392 1636 κάλλος,
1436 1573 1662 1645 ἐαρινῆς
1717 1574 1957 1647 γελώσης

2071 1578 2128 1627 et
2149 1573 2202 1628 in
2223 1572 2397 1644 pratis
2417 1571 2570 1628 varia
2597 1571 2795 1628 ﬂorum
2821 1572 3039 1643 species
3068 1572 3430 1642 conspicitur,
3462 1572 3680 1629 ridente

357 1659 598 1725 εὐωδίας
619 1677 632 1690 ·
667 1663 834 1716 οἱονεὶ
872 1664 982 1736 γάρ
1012 1665 1220 1728 πως-ὲν
1249 1665 1439 1737 τοιῷδε
1464 1667 1642 1738 καιρῷ
1693 1666 1964 1738 κέκληκεν

354 1754 390 1806 ὁ
436 1755 678 1825 Χριστὸς
722 1754 820 1828 τὴν
858 1755 919 1822 ἐξ
948 1756 1119 1810 ἐθνῶν
1187 1759 1538 1830 Ἐκκλησίαν,
1583 1759 1726 1814 οὕτω
1763 1759 1960 1830 λέγων,

361 1864 384 1896 σ
436 1845 695 1911 Ἀνάστα,
717 1848 860 1915 ἐλθὲ,
885 1852 917 1920 ἡ
950 1849 1180 1921 πλησίον
1205 1868 1330 1920 μου,
1352 1852 1490 1924 καλή
1514 1870 1637 1924 μου,
1659 1855 1964 1926 περιστερά

2071 1665 2236 1720 simul
2265 1665 2420 1721 verni
2463 1665 2731 1736 temporis
2764 1665 3064 1735 fragrantia
3095 1683 3108 1718 :
3141 1665 3235 1720 tali
3267 1681 3503 1736 namque
3537 1683 3678 1737 quo—

2071 1755 2366 1812 dammodo
2399 1766 2646 1827 tempore
2674 1755 2932 1813 Christus
2961 1757 3267 1813 Ecclesiam
3313 1774 3382 1813 ex
3421 1759 3682 1830 gentibus

2070 1847 2307 1911 vocavit,
2340 1847 2418 1904 sic
2449 1848 2678 1904 dicens:
2722 1868 2740 1901 ι
2779 1848 2973 1920 Surge,
3009 1849 3157 1914 veni,
3186 1849 3496 1921 propinqua
3535 1866 3680 1921 mea,

357 1956 492 2009 μου,
529 1941 611 1994 ὅτι
655 1941 766 1994 ἰδοὺ
807 1942 835 1994 6
871 1942 1082 2013 χειμὼν
1129 1943 1393 2016 ἀπῆλθεν,
1431 1948 1459 1999 6
1508 1946 1666 2009 ὑετὸς
1694 1946 1957 2018 ἀπῆλθεν,

2068 1940 2295 2009 pulchra
2339 1957 2482 2008 mea,
2531 1943 2788 1998 columba
2835 1959 2982 2007 mea,
3023 1943 3150 2013 quia
3191 1959 3321 1998 ecce
3359 1943 3469 2013 jam
3503 1943 3683 1998 hiems

353 2031 637 2104 ἐπορεύθη
665 2036 721 2087 ὲν
749 2033 922 2106 αὐτῷ·
955 2034 1025 2091 τὰ
1065 2035 1202 2108 ἄνθη
1229 2036 1388 2109 ὤφθη
1431 2041 1488 2092 ὲν
1519 2042 1584 2111 τῇ
1627 2043 1728 2111 γῇ·
1773 2041 1966 2114 καιρὸς

351 2126 460 2195 τῆς
487 2125 662 2196 τομῆς
697 2125 956 2194 ἔφθασεν.
997 2148 1018 2181 ›
1067 2129 1328 2201 Ἀνεθόιλη
1359 2131 1470 2202 γὰρ
1493 2133 1525 2203 ἠ
1552 2132 1842 2205 ἀνθρώπου
1867 2133 1966 2204 φύ-

354 2233 446 2280 σις
497 2212 590 2283 αὖ,
631 2217 826 2290 ῶσπερ
865 2237 918 2272 τι
960 2220 1150 2289 φυτὸν,
1195 2223 1682 2294 καταμαρανθεῖσα
1719 2223 1963 2297 Θανάτῳ,

347 2307 448 2362 διά
487 2325 547 2361 τε
582 2309 683 2380 τὴν
705 2311 762 2364 ὲν
807 2310 980 2384 Ἀδὰμ
1009 2312 1344 2385 παράϐασιν,
1378 2314 1474 2368 καὶ
1508 2315 1608 2388 τὴν
1645 2317 1787 2372 κατὰ
1823 2318 1963 2372 πάν-

349 2415 470 2452 των
490 2398 648 2471 ἡμῶν
677 2405 1096 2474 τυραννήσασαν
1131 2405 1430 2477 ἁμαρτίαν.
1467 2407 1678 2461 Ἀκούω
1703 2408 1760 2462 δὲ
1779 2408 1965 2480 λέγον-

348 2508 449 2558 τος
496 2493 590 2547 τοῦ
631 2496 871 2566 Χριστοῦ
904 2496 996 2551 καὶ
1027 2496 1094 2550 δι’
1122 2498 1242 2562 ἐνὸς
1273 2499 1380 2552 τῶν
1414 2499 1588 2568 ἁγίων
1632 2503 1959 2574 προφητῶν,

355 2603 377 2635 ι
424 2586 597 2650 Αύτὺς
626 2589 654 2640 6
680 2587 860 2643 λαλῶν
896 2590 1154 2661 πάρειμι,
1183 2592 1259 2655 ὡς
1288 2591 1406 2664 ὥρα
1435 2593 1529 2645 ἐπὶ
1561 2593 1672 2648 τῶν
1704 2595 1916 2667 ὀρέων..
1937 2616 1957 2650 ι

351 2679 544 2752 Ὅπερ
567 2680 676 2753 γὰρ
711 2684 768 2735 ἐν
813 2682 966 2754 ὄρεσι
995 2685 1089 2737 καὶ
1134 2685 1363 2757 δρυμοῖς
1397 2685 1458 2739 τὸ
1491 2686 1592 2760 ἔαρ
1641 2686 1958 2758 ἐργάζεται,

349 2771 564 2845 βλάστῃ
590 2775 684 2846 νέᾳ
715 2777 1018 2845 στεφανοῦν
1050 2777 1120 2831 τὰ
1149 2779 1314 2847 φυτὰ,
1350 2777 1508 2834 τοῦτο
1547 2781 1641 2835 καὶ
1680 2783 1769 2852 ἐφ’
1799 2782 1960 2854 ἡμῶν

347 2869 387 2938 ἡ
421 2866 516 2920 τοῦ
558 2868 814 2940 Σωτῆρος
855 2870 1013 2940 ἡμῶν
1052 2872 1497 2944 ἀποπεπλήρωκε
1527 2874 1822 2946 παρουσία,
1869 2891 1962 2944 γε-

346 2960 558 3031 νομένη
595 2963 738 3014 κατᾶ
771 2964 1021 3035 καιροὺς,
1055 2963 1132 3028 ὡς
1173 2967 1231 3019 ἐν
1268 2965 1381 3019 ἔτει
1426 2966 1690 3038 δευτέρῳ,
1725 2968 1821 3022 καὶ
1859 2969 1960 3023 ούκ

344 3053 410 3106 ἐν
437 3071 502 3122 γε
533 3053 611 3124 τῷ
640 3053 842 3127 πρώτῳ
873 3056 1074 3127 καιρῷ,
1105 3057 1228 3111 καθ’
1258 3058 1318 3111 ὃν
1355 3055 1422 3130 ἦν
1456 3061 1484 3114 6
1505 3060 1688 3130 νόμος,
1727 3061 1821 3115 καὶ
1847 3061 1961 3116 τῶν

345 3148 656 3218 προφητῶν
685 3151 712 3202 6
742 3149 922 3221 χορὸς,
955 3152 1048 3204 καὶ
1072 3151 1193 3204 καθ’
1221 3150 1280 3205 ὃν
1319 3154 1544 3223 ἐκράτει
1581 3153 1832 3220 θάνατος.
1863 3155 1962 3208 Βε-

341 3240 647 3295 6ασίλευκε
685 3241 794 3313 γὰρ
817 3242 925 3297 ἀπὸ
963 3245 1135 3315 Ἀδὰμ
1189 3246 1284 3299 καὶ
1314 3247 1477 3318 μέχρι
1506 3249 1772 3313 Μωσέως.
1805 3251 1952 3304 06x-

341 3333 446 3388 οὖν
483 3334 560 3398 ὡς
616 3335 676 3390 ὲν
726 3336 966 3409 δευτέρῳ
999 3337 1132 3401 ἔτει,
1161 3337 1308 3392 τοῦτ’
1357 3339 1528 3405 ἐστιν,
1562 3341 1637 3406 ὼς
1669 3344 1726 3398 ὲν
1776 3343 1955 3416 χρόνῳ

339 3425 434 3498 τῷ
459 3428 600 3497 μετὰ
627 3427 722 3483 τὸν
761 3429 1000 3499 πρῶτον,
1029 3431 1152 3485 καθ’
1176 3432 1235 3486 ὃν
1269 3427 1338 3504 ἦν
1367 3435 1395 3487 6
1419 3434 1605 3506 νόμος,
1638 3436 1671 3506 ἡ
1703 3436 1763 3502 ἐξ
1792 3437 1960 3492 ἐθνῶν

342 3519 671 3590 ἀνέλαμψεν
719 3521 1045 3590 Ἐκκλησία,
1083 3525 1322 3594 Χριστὸν
1357 3525 1584 3582 ἔναυλον
1631 3529 1852 3600 ἔχουσα,
1898 3531 1961 3584 τὸ

341 3609 462 3664 τῶν
487 3611 785 3682 προφητῶν
827 3614 920 3667 καὶ
949 3615 1044 3669 τοῦ
1075 3616 1242 3687 νόμου
1275 3617 1449 3682 τέλος.
1487 3616 1555 3672 τΑ
1569 3620 1638 3692 ρά
1681 3637 1773 3674 σοι
1813 3622 1961 3676 δοκεί

341 3703 489 3776 πρὸς
523 3704 584 3758 τὸ
607 3703 740 3760 εὐθύ
770 3723 830 3760 τε
867 3707 959 3761 καὶ
999 3707 1200 3780 ἀληθὲς
1245 3709 1480 3765 διάττειν
1508 3711 1669 3784 ἡμῶν
1689 3715 1731 3766 6
1758 3713 1954 3783 λόγος

419 3978 630 4034 ΠΛΛΛ.
673 3979 1001 4035 Παντάπασι
1038 3983 1135 4053 μὲν
1161 3980 1277 4040 οὖν.

418 4071 585 4124 ΚΥΡ.
622 4069 792 4142 Οἶμαι
830 4073 888 4127 δὲ
921 4073 1099 4144 ἔγωγε
1127 4077 1226 4149 τὴν
1259 4077 1636 4152 ἀληθεστέραν
1661 4082 1797 4152 ἡμῖν
1819 4090 1954 4154 προέ

337 4163 722 4235 κατηγγέλθαι
758 4168 965 4238 σκηνὴν
991 4168 1079 4223 διὰ
1109 4171 1559 4242 φωνῆςἮσαῖου,
1587 4173 1838 4242 λέγοντος
1874 4175 1953 4238 ῶς

338 4258 485 4328 πρὸς
510 4258 745 4313 ἕκαστον
769 4258 880 4312 τῶν
915 4261 973 4314 ὲν
1009 4261 1192 4314 πίστει
1226 4262 1583 4334 κεκλημένων
1623 4266 1703 4328 είς
1745 4264 1951 4319 δικαιο-

339 4350 536 4422 σύνην,
575 4370 593 4402 ι
633 4353 695 4406 Oi
727 4351 998 4422 ὀφθαλμρί
1030 4369 1124 4406 σου
1170 4353 1399 4423 ὄψονται
1439 4356 1821 4428 Ἰερουσαλὴμ,
1853 4360 1951 4413 πό-

336 4445 456 4508 λεις
495 4446 780 4511 πλουσίας,
816 4448 1014 4519 σκηναὶ
1045 4445 1101 4501 αἶ
1145 4447 1207 4500 οὐ
1242 4450 1318 4519 μὴ
1353 4447 1664 4512 σεισθῶσιν,
1711 4449 1832 4503 οὐδὲ
1871 4450 1946 4522 μὴ

335 4537 642 4606 κινηθῶσιν
677 4539 728 4594 οἱ
774 4539 1046 4594 πάσσαλοι
1078 4538 1179 4609 τῆς
1211 4540 1418 4611 σκηνῆς
1467 4542 1670 4612 αὐτῆς·
1705 4541 1827 4595 οὐδὲ
1876 4542 1946 4596 τὰ

341 4629 560 4699 σχοινία
588 4630 762 4708 αὐτῆς
788 4631 864 4684 ού·
886 4631 961 4703 μὴ
987 4632 1358 4705 διαρραγῶσιν
1380 4635 1462 4697 εἰς
1489 4633 1584 4687 τὸν
1613 4633 1789 4688 αίῶνα
1817 4635 1945 4706 χρό-
1979 4671 2025 4726 D

337 4737 454 4773 νον.
497 4738 515 4771 ι
552 4720 689 4774 Θεοῦ
717 4723 828 4794 γὰρ
864 4723 1022 4787 πόλις
1053 4725 1085 4796 ὴ
1123 4725 1442 4796 Ἐκκλησία,
1476 4721 1544 4799 ἦς
1573 4729 1667 4781 καὶ
1693 4731 1721 4782 6
1748 4729 1947 4783 θεσπέ-

336 4829 457 4876 σιος
489 4813 654 4869 Δαϐὶδ
676 4816 998 4888 ἐπεμνήσθη
1016 4817 1213 4886 λέγων,
1246 4837 1265 4870 ‹
1287 4818 1670 4890 Δεδοξασμένα
1685 4800 1942 4895 ’ἐλαλήθη

336 4907 474 4978 περὶ
524 4908 640 4973 σοῦ,
676 4910 708 4981 ἡ
743 4910 898 4974 πόλις
937 4910 1034 4963 τοῦ
1066 4911 1224 4965 Θεοῦ.
1266 4931 1284 4964 ι
1349 4908 1592 4967 Πλουσία
1631 4913 1741 4985 γὰρ
1777 4914 1942 4988 αὕτη,

332 4999 434 5050 καὶ
478 5000 590 5061 τοῖς
641 4998 850 5054 ἄνωθεν
896 5002 993 5054 καὶ
1043 5001 1101 5067 ἐξ
1156 5003 1388 5075 οὐρανοῦ
1415 5004 1742 5078 ααρίσμασι
1809 5023 1940 5061 κατ·

327 5089 708 5161 ηγλαῖσμένη,
738 5092 832 5145 καὶ
849 5093 1126 5166 ἄρρηκτον
1152 5094 1351 5166 ἔχουσα
1376 5096 1474 5167 τὴν
1493 5099 1551 5150 ἐν
1585 5097 1789 5170 βεϐαίῳ
1814 5099 1944 5154 στά-

331 5200 442 5243 σιν,
500 5183 708 5255 ἱῖδρυσίν
742 5202 802 5238 τε
833 5187 928 5239 καὶ
956 5186 1240 5259 διαμονήν.
1281 5208 1299 5240 ι
1344 5189 1518 5244 Πύλαι
1548 5189 1662 5262 γὰρ
1714 5190 1843 5262 ᾇδου
1881 5191 1943 5245 οὐ

327 5275 762 5345 κατισχύσουσιν
812 5278 1020 5349 αὐτῆς,
1085 5298 1104 5332 ι
1175 5281 1318 5336 κατὰ
1369 5283 1471 5354 τὴν
1533 5282 1628 5338 τοῦ
1685 5283 1944 5357 Σωτῆρος

327 5367 544 5436 φωνήν.
1767 5373 1773 5383 ’

406 5459 620 5526 ΠᾼΛᾹ.
668 5462 967 5535 Ὀρθότα-τα
1002 5465 1096 5518 καὶ
1125 5467 1311 5520 εἰκότα
1339 5465 1549 5541 διανοῇ.

403 5552 570 5606 ΚΥΡ.
623 5552 1036 5627 Ἐγηγερμὲνης
1054 5555 1110 5608 δὲ
1143 5557 1242 5627 τῆς
1279 5559 1508 5630 σκηνῆς,
1544 5560 1626 5614 ὅτι
1657 5561 1937 5632 προσῆκεν

323 5643 390 5696 ἐν
444 5645 640 5717 κόσμῳ
683 5647 901 5701 κεῖσθαι
945 5648 1014 5701 τὰ
1059 5653 1118 5702 ἐν
1151 5650 1312 5721 αὐτῇ,
1367 5654 1463 5706 καὶ
1509 5652 1584 5724 μὴ
1627 5654 1797 5724 χύδην
1839 5654 1934 5708 καὶ

321 5739 643 5809 ἀτημελῶς,
682 5741 924 5796 διδάσκει
949 5743 1123 5812 λέγων
1157 5746 1184 5797 6
1220 5745 1441 5800 πάντων
1474 5747 1746 5821 δεσπότης
1775 5749 1930 5814 Θεός·

2068 2033 2310 2098 transiit,
2349 2033 2529 2089 imber
2564 2034 2724 2099 abiit,
2757 2034 2897 2089 abiit
2937 2034 3074 2100 sibi;
3120 2033 3286 2089 ﬂores
3317 2034 3419 2088 visi
3463 2042 3592 2089 sunt
3625 2036 3682 2090 in

2064 2129 2237 2190 terra,
2295 2132 2516 2197 tempus
2565 2127 2874 2198 putationis
2910 2126 3137 2184 advenit
3168 2127 3234 2182 ³⁸.
3273 2146 3291 2180 ι
3338 2126 3682 2188 Germinavit

2064 2218 2214 2273 enim
2245 2218 2450 2286 denuo,
2490 2227 2754 2290 tanquam
2781 2221 2972 2286 arbor,
3005 2221 3680 2292 hominummatur-a,qu;e

2065 2315 2244 2364 morte
2268 2318 2563 2366 exaruerat
2587 2319 2706 2366 tum
2739 2319 2967 2383 pr0pter
2998 2311 3674 2383 Adtetransgressioncm,

2065 2409 2182 2456 tum
2212 2411 2442 2473 propter
2464 2412 2776 2474 peccatum,
2805 2405 2956 2476 quod
2988 2405 3432 2463 nobisomnibus
3458 2409 3676 2480 tyranni

2063 2510 2216 2550 more
2237 2495 2648 2553 dominabatur.
2669 2497 2851 2552 Audio
2872 2499 3038 2554 etiam
3062 2498 3341 2556 Christum
3363 2515 3463 2572 per
3484 2517 3646 2572 quem
3674 2530 3679 2535 -

2063 2587 2190 2643 dam
2213 2603 2243 2642 ο
2275 2589 2480 2644 sanctis
2514 2591 2628 2644 suis
2657 2590 2967 2660 prophetis,
2995 2591 3274 2648 dicentem
3304 2610 3318 2647 :
3350 2613 3380 2644 .‹
3416 2594 3553 2665 Ego,
3579 2594 3675 2664 qui

2061 2678 2351 2748 loquebar,
2391 2680 2608 2745 adsum,
2646 2681 2796 2737 sicut
2837 2697 3074 2736 vernum
3121 2691 3340 2754 tempus
3369 2684 3424 2739 in
3468 2685 3675 2740 monti-

2061 2772 2166 2828 bus
2194 2773 2262 2828 ³³.
2302 2793 2320 2824 ι
2371 2773 2533 2844 332
2574 2773 2734 2841 Quod
2778 2775 2931 2830 enim
2988 2775 3046 2830 in
3089 2777 3376 2833 montibus
3444 2792 3675 2834 vernum

2063 2871 2280 2936 tempus
2307 2865 2496 2932 etlicit,
2524 2875 2586 2922 ut
2604 2867 2833 2923 arbores
2863 2883 3007 2923 novo
3031 2869 3280 2940 germine
3312 2879 3675 2935 coronentur,

2063 2958 2170 3013 hoc
2204 2959 2350 3014 idem
2385 2959 2442 3014 in
2472 2959 2638 3016 nobis
2672 2960 2976 3016 Salvatoris
3009 2962 3186 3016 nostri
3227 2963 3502 3019 adventus
3540 2965 3676 3019 οπο-

2061 3051 2158 3116 cit,
2203 3051 2299 3121 qui
2349 3051 2404 3106 in
2448 3051 2647 3107 ordine
2689 3060 3004 3123 temporum
3049 3053 3208 3123 quasi
3248 3071 3393 3109 anno
3431 3057 3678 3111 secundo

2064 3141 2188 3206 fuit,
2221 3158 2334 3197 non
2356 3151 2542 3198 autem
2571 3143 2754 3212 primo
2777 3152 3046 3214 tempore,
3099 3161 3210 3215 quo
3233 3146 3415 3204 lexmt
3436 3147 3678 3217 praphe.

2065 3243 2246 3289 tarum
2277 3235 2482 3290 chorus
2510 3235 2760 3307 vigebat,
2804 3244 2861 3292 et
2905 3252 3016 3306 quo
3050 3253 3202 3293 mors
3238 3239 3671 3295 dominabatur;

2061 3328 2313 3400 regnavit
2347 3328 2496 3385 enim
2520 3327 2590 3384 ab
2621 3327 2795 3386 Adam
2829 3344 3004 3399 usque
3035 3330 3102 3385 ad
3139 3331 3378 3404 Moysem
3399 3333 3464 3388 ³⁸.
3501 3333 3677 3406 Igitur

2063 3429 2322 3492 tanquam
2361 3423 2606 3478 secundo
2634 3439 2800 3488 anno,
2836 3423 2890 3479 id
2925 3434 3028 3490 est,
3064 3433 3341 3497 tempore,
3370 3427 3520 3500 quod
3547 3438 3676 3500 post

2061 3514 2196 3568 illud
2239 3515 2502 3585 primum,
2549 3531 2661 3586 quo
2691 3516 2798 3572 fuit
2828 3519 2938 3584 lex,
2986 3520 3258 3589 proxime:
3286 3524 3672 3593 consequitur,

2060 3609 2308 3664 Ecclesia
2341 3625 2410 3664 ex
2454 3609 2712 3681 gentibus
2749 3611 2999 3679 emicuit,
3035 3630 3158 3684 quae
3194 3613 3477 3671 Christum
3510 3616 3676 3673 inha-

2059 3699 2329 3757 bitantem
2363 3702 2552 3767 habet,
2595 3703 2690 3772 qui
2726 3713 2811 3759 est
2841 3705 2978 3778 legis
3005 3722 3070 3762 ac
3094 3706 3492 3778 prophetarum
3525 3709 3672 3765 ﬁnis.

2060 3790 2368 3847 Videturne
2409 3792 2509 3848 tibi
2543 3801 2732 3850 nostra
2759 3795 2938 3852 oratio
2969 3805 3122 3853 recto
3152 3811 3318 3853 cursu
3359 3797 3428 3853 ad
3464 3798 3672 3856 verita-

2060 3890 2169 3938 lem
2200 3884 2374 3940 ferri?
3491 3931 3500 3957 ι

2053 4007 2062 4015 -
2127 3981 2326 4036 PALL.
2355 3984 2586 4040 Maxime
2626 4001 2779 4040 vero.

2127 4074 2286 4130 CYR.
2341 4077 2612 4147 Equidem
2657 4085 2794 4147 puto
2840 4077 3030 4133 verius
3074 4077 3212 4133 illud
3251 4077 3668 4135 taberna-culum

2054 4168 2209 4223 Isaim
2239 4185 2376 4223 voce
2409 4169 2848 4239 praenuntiatum
2895 4185 3037 4234 esse,
3063 4185 3190 4224 cum
3229 4170 3531 4241 unicuique
3569 4187 3672 4242 per

2054 4259 2216 4316 ﬁdem
2246 4262 2312 4315 ad
2345 4263 2620 4333 justitiam
2644 4271 2854 4318 vocato,
2875 4263 3087 4320 diceret
3114 4281 3127 4318 :
3163 4283 3180 4314 ι
3214 4262 3371 4319 Oculi
3401 4266 3480 4319 tui
3513 4265 3670 4321 vide-

2050 4350 2191 4406 bunt
2235 4351 2565 4418 Jerusalem,
2619 4353 2875 4410 civitates
2924 4355 3239 4425 opulentas,
3287 4356 3668 4420 tabernacula,

2051 4459 2173 4513 quae
2217 4459 2329 4498 non
2371 4444 2782 4510 eoncutientur,
2827 4461 3029 4516 neque,
3058 4446 3432 4503 movebuntur
3476 4445 3666 4520 paxilli

2052 4538 2580 4610 tabernaculi-ejus;
2614 4555 2796 4610 neque
2835 4539 3070 4596 funiculi
3120 4542 3242 4613 ejus
3269 4541 3668 4614 dirumpentur

2050 4628 2107 4684 in
2150 4630 2554 4700 sempiternum
2598 4639 2818 4703 tempus
2855 4632 2924 4689 ³⁷.
2987 4652 3005 4685 ι
3049 4634 3150 4689 Dei
3195 4650 3435 4707 namque
3472 4637 3670 4693 civitas

2053 4722 2428 4790 Ecelesiaest,
2465 4725 2628 4796 cujus
2657 4727 2826 4781 etiam
2851 4727 3049 4783 beatus
3071 4728 3243 4784 David
3273 4730 3548 4796 meminit,
3577 4731 3666 4786 di-

2051 4828 2224 4870 cens:
2271 4834 2289 4866 ι
2322 4815 2572 4871 Gloriosa
2614 4817 2764 4873 dicta
2804 4828 2936 4874 sunt
2974 4819 3043 4875 de
3077 4827 3150 4883 te,
3177 4821 3372 4878 civitas
3403 4822 3500 4878 Dei
3527 4823 3592 4877 ³³.
3639 4843 3658 4873 ι

2002 4922 2004 4926 ·
2049 4908 2216 4964 Dives
2241 4908 2393 4964 enim
2418 4925 2484 4965 ea
2520 4917 2626 4977 est,
2654 4913 2911 4983 supernis
2936 4913 3368 4985 cmlestibusque
3409 4916 3661 4970 muneri-

2051 5001 2157 5056 bus
2179 5002 2461 5070 decorata,
2489 5021 2672 5076 neque
2710 5022 2955 5076 unquam
2991 5007 3261 5062 dimoveri
3299 5015 3500 5078 potest,
3533 5024 3661 5063 cum

2050 5092 2368 5152 ﬁrmissime
2394 5099 2699 5154 constituta
2740 5100 2834 5165 sit,
2877 5107 2934 5154 et
2964 5099 3069 5154 ﬁxa
3101 5107 3422 5170 permaneat
3452 5117 3464 5153 :
3499 5121 3516 5152 ι
3547 5091 3662 5156 Ne-

2049 5203 2158 5257 que
2192 5189 2342 5244 enim
2375 5201 2549 5261 portze
2575 5192 2737 5248 inferi
2763 5194 3141 5264 przevalebunt
3163 5193 3431 5251 adversus
3457 5211 3600 5264 eam,
3634 5217 3652 5249 ι

2051 5289 2113 5335 ιιι
2147 5280 2402 5338 Salvator
2431 5285 2508 5339 ait
2539 5284 2629 5340 ³⁸⁸.

2123 5466 2321 5523 ΡΛΙᾸ..
2359 5469 2530 5525 Recte
2565 5478 2730 5542 atque
2764 5470 3162 5528 convenienter
3190 5472 3494 5528 existimas.

2117 5559 2275 5614 ΟΥΕ.
2301 5561 2420 5615 Jam
2451 5578 2604 5625 vero,
2641 5573 2830 5618 erecto
2872 5564 3250 5629 tabernaculo,
3294 5566 3414 5636 ejus
3443 5566 3657 5622 instru-

2045 5663 2231 5710 menta
2260 5671 2381 5711 esse
2407 5673 2519 5711 non
2549 5657 2799 5728 disperse
2823 5666 2880 5713 et
2913 5659 3281 5731 negligenter,
3319 5660 3412 5715 sed
3458 5661 3657 5717 ordine

2043 5753 2387 5822 collocanda,
2435 5755 2595 5810 docet
2623 5749 2729 5811 ille
2761 5758 3028 5814 Dominus
3071 5762 3480 5822 universorum,
3525 5774 3652 5812 eum

431 5853 474 5885 3‘
505 5856 662 5913 Cant.
697 5875 752 5923 ιι,
787 5857 865 5923 Ηί,
903 5857 980 5914 l2.
1048 5863 1090 5896 ³⁵
1119 5862 1220 5918 lsa.
1257 5879 1345 5926 HI,
1373 5863 1424 5918 6.
1490 5865 1532 5896 ³⁸⁸
1559 5866 1719 5925 Rom.
1754 5884 1804 5934 v,
1843 5865 1924 5922 li.

2061 5869 2159 5925 {53-
2185 5887 2369 5935 ’13-‘21".
2394 5871 2480 5925 ‘30-
2541 5873 2581 5900 Ἠ
2606 5873 2745 5928 I‘snl.
2777 5891 2990 5939 Luxu,
3019 5873 3073 5928 ῒῑ.
3120 5877 3179 5907 ⁸³·
3211 5874 3375 5928 ἔκη’·
3419 5886 3506 5898 η*
3567 5871 3624 5917 ‘."
