4118 6428
537 403 642 460 6359

1567 405 1620 459 S.
1666 404 1939 460 CYlllLLl
1980 404 2447 461 ALEXANDRINI
2485 404 2803 462 ARCHIEP.

3694 373 3814 464 ssc

536 517 709 573 dicit:
746 537 762 566 ι
795 517 861 571 Et
897 532 1068 586 pones
1092 532 1272 571 arcam
1315 518 1648 584 testamenti,
1674 527 1730 574 et
1757 527 1905 592 leges
1936 536 2111 575 arcam

2228 537 2245 568 ι
2279 518 2388 570 Kal
2427 517 2614 588 θήσεις
2653 518 2753 587 τὴν
2792 518 3025 572 κιϐωτὸν
3056 518 3151 572 τοῦ
3190 517 3512 591 μαρτυρίου,
3542 523 3638 576 καὶ
3669 539 3793 577 σκε-

535 608 659 663 velo
682 648 695 673 ,
724 616 780 662 et
802 606 1003 662 inferes
1025 622 1288 671 mensam,
1317 617 1372 662 et
1394 623 1666 679 prOpones
1688 611 2114 680 pr0positionem

535 701 674 771 ejus,
708 708 764 753 ct
798 698 1004 752 inferos
1025 698 1437 765 candelabrum,
1481 710 1537 756 et
1577 702 1827 772 impones
1862 702 2116 757 lucernas

533 793 672 861 ejus,
707 798 762 844 et
787 805 960 860 pones
981 790 1150 844 altare
1183 806 1413 846 aureum
1456 792 1524 847 ad
1563 793 1891 848 adolendum
1929 808 2114 848 coram

534 883 889 937 Iabemaculo
915 883 1236 948 testimonii,
1266 894 1322 938 et
1345 885 1593 954 impones
1612 893 1984 956 tegumentum
2007 885 2114 939 veli

531 974 598 1027 ad
631 974 831 1028 ostium
855 975 1192 1031 tabernaculi
1220 977 1544 1041 testimonii,
1585 986 1640 1031 et
1662 978 1832 1032 altare
1859 977 2115 1031 holocau-

531 1075 738 1120 storum
787 1083 957 1137 pones
990 1070 1145 1139 juxta
1167 1078 1380 1140 portam
1408 1069 1746 1124 tabernaculi
1772 1068 2068 1124 testimonii
2097 1107 2112 1134 ,

529 1166 586 1212 et
613 1160 998 1231 circumpones
1029 1163 1467 1235 tabernaculum,
1499 1172 1554 1217 et
1579 1164 1762 1218 omnia
1798 1179 1920 1234 qua:
1965 1163 2019 1216 in
2045 1177 2114 1217 eo

530 1259 660 1305 sunt
695 1252 1084 1324 circumpones
1126 1255 1182 1310 in
1213 1256 1450 1311 circuitu
1473 1255 1539 1309 ".
1571 1275 1589 1307 ι
1620 1255 1727 1311 Sed
1762 1256 1817 1309 in
1848 1255 1936 1310 bis
1961 1270 2112 1310 sacra

529 1357 658 1396 vasa
687 1342 855 1400 fuisse
880 1345 969 1400 illa
991 1346 1214 1416 quidem
1245 1347 1298 1400 in
1320 1362 1535 1400 sacrum
1559 1345 1973 1402 tabernaculum
1997 1347 2115 1401 illa-

532 1442 587 1487 ta
613 1434 804 1491 videre
831 1437 991 1503 licet;
1020 1452 1130 1492 non
1157 1439 1287 1492 item
1317 1438 1478 1508 plane
1515 1437 1640 1508 quis
1666 1438 1863 1509 cuique
1889 1439 2004 1494 vasi
2027 1440 2113 1493 lo-

531 1539 630 1580 cus
653 1541 754 1596 pro
773 1527 893 1598 ejus
917 1530 1297 1586 convenientia
1327 1532 1398 1586 sit
1420 1532 1737 1586 attributus.
1758 1531 1918 1602 333
1948 1531 2114 1587 Visne

532 1615 703 1686 igitur
726 1619 996 1690 ejusmodi
1016 1630 1420 1692 praeceptorum
1450 1638 1571 1694 quae
1594 1622 1663 1678 ad
1696 1623 2113 1679 tabernaculum

523 1709 833 1778 pertinent,
858 1713 1117 1769 subtilem
1155 1723 1213 1771 et
1244 1723 1561 1770 accuratam
1603 1715 1972 1786 cognitionem
1996 1715 2113 1771 col-

530 1801 807 1871 ligamus?

604 1977 800 2034 PALL.
833 1979 950 2052 Ego
968 1997 1101 2037 vero
1127 1983 1510 2040 libentissime.

604 2071 761 2129 CVR.
783 2073 1070 2144 Aititaque
1087 2075 1154 2131 ad
1169 2076 1389 2149 Moysen
1410 2080 1585 2135 Deus:
1626 2099 1644 2132 ι
1681 2079 1749 2134 Ει
1770 2078 1940 2135 facies
1961 2078 2112 2134 vela-

527 2179 659 2218 men
679 2179 747 2219 ex
770 2163 1070 2235 hyacintho
1086 2173 1143 2220 et
1158 2183 1425 2238 purpura,
1442 2177 1500 2224 et
1514 2185 1680 2226 cocco
1695 2177 1860 2236 torto,
1877 2178 1933 2225 et
1951 2171 2114 2242 bysso

529 2263 687 2322 neta;
723 2270 866 2327 opus
896 2257 1083 2313 textile
1111 2258 1280 2314 facies
1310 2261 1444 2316 illud
1475 2260 1798 2328 Cherubim,
1826 2269 1885 2317 et
1916 2276 2112 2332 super-

527 2349 780 2418 impones
823 2349 961 2404 illud
1007 2366 1174 2421 super
1215 2360 1452 2423 quatuor
1482 2355 1770 2410 columnas
1801 2353 2116 2424 impntribi-

524 2441 606 2497 les
642 2441 924 2496 inauratas
939 2457 1076 2497 auro
1100 2459 1115 2496 :
1141 2451 1198 2498 et
1230 2445 1408 2514 capita
1441 2460 1631 2500 earum
1664 2460 1854 2510 aurea,
1877 2454 1934 2499 et
1954 2444 2115 2500 bases

524 2545 716 2584 carum
752 2537 993 2600 quatuor
1032 2539 1343 2602 argenteae:
1395 2540 1647 2604 etpones
1667 2534 1918 2590 velamen
1947 2549 2113 2604 super

524 2621 830 2685 columnas,
853 2629 910 2676 et
936 2622 1166 2678 induces
1193 2624 1341 2680 intra
1365 2625 1614 2682 velamen
1653 2642 1837 2682 arcam
1860 2628 2113 2682 testimo-

521 2713 638 2779 nii,
677 2721 735 2768 et
785 2712 1194 2794 dividet‘vobis
1233 2715 1484 2772 velamen
1538 2717 1680 2772 inter
1720 2718 2013 2784 Sanctum,
2057 2726 2115 2774 et

524 2806 673 2860 inter
721 2802 984 2860 Sanctum
1033 2814 1346 2862 sanctorum
1377 2825 1391 2876 ;
1423 2818 1480 2864 et
1519 2810 1805 2880 cooperies
1842 2811 2112 2866 velamine

523 2908 708 2948 arcam
757 2896 1058 2952 testimonii
1096 2896 1150 2953 in
1200 2897 1402 2957 SanCto
1446 2909 1783 2966 sanctorum,
1836 2909 1893 2957 et
1939 2918 2114 2975 pones

523 3000 767 3041 mensam
819 2995 980 3044 extra
1026 2989 1310 3057 velamen,
1367 2999 1424 3048 et
1476 2992 1869 3050 candelabrum
1919 3004 2112 3050 contra

525 3092 768 3132 mensam
808 3079 864 3134 in
902 3088 1056 3150 parte
1094 3082 1436 3138 tabernaculi
1504 3101 1626 3155 quae
1660 3085 1887 3156 respicit
1909 3086 1977 3141 ad
2009 3102 2111 3141 au-

2218 609 2412 672 πάσεις
2436 609 2536 680 τὴν
2569 609 2800 662 κιϐωτὸν
2823 609 2901 681 τῷ
2923 612 3395 684 καταπετάσματι.
3419 612 3530 666 Kal
3545 615 3796 679 είσοίσεις

2215 702 2316 772 τὴν
2353 700 2655 772 τράπεζαν,
2696 701 2791 756 καὶ
2830 703 3128 774 προθήσεις
3160 703 3260 775 τὴν
3305 703 3566 776 πρόθεσιν
3603 706 3791 777 αὐτῆς.

2216 793 2326 845 Kal
2348 793 2604 856 εἰσοίσεις
2615 791 2715 864 τὴν
2733 793 2976 864 λυχνίαν,
2997 795 3093 848 καὶ
3119 794 3399 865 ἐπιθήσεις
3419 794 3546 857 τοὺς
3571 793 3794 867 λύχνους

2217 885 2406 955 αὐτῆς.
2452 885 2562 938 Kal
2594 884 2780 956 θήσεις
2807 886 2870 938 τὸ
2895 885 3279 958 θυσιαστήριον
3324 887 3385 940 τὸ
3419 887 3672 957 χρυσοῦν,
3718 891 3795 953 εἰς

2215 975 2276 1029 τὸ
2309 976 2509 1048 θυμιᾷν
2537 977 2778 1030 ἐναντίον
2821 977 2922 1047 τῆς
2955 977 3210 1032 κιϐωτοῦ.
3247 979 3356 1032 Kal
3383 978 3668 1050 ἐπιθήσεις
3694 980 3794 1033 κά·-

2215 1067 2410 1138 λυμμα
2441 1069 2932 1139 καταπετάσματος
2975 1070 3069 1122 ἐπὶ
3109 1070 3208 1140 τὴν
3253 1069 3424 1142 θύραν
3463 1072 3562 1142 τῆς
3590 1071 3796 1142 σκηνῆς

2214 1161 2308 1214 τοῦ
2343 1161 2667 1232 μαρτυρίου,
2701 1163 2795 1214 καὶ
2823 1162 2884 1214 τὸ
2916 1161 3302 1234 θυσιαστήριον
3335 1162 3446 1217 τῶν
3493 1164 3797 1234 καρπωμά-

2214 1269 2323 1306 των
2352 1251 2538 1323 θήσεις
2582 1253 2733 1324 παρὰ
2767 1253 2866 1316 τάς
2910 1252 3081 1324 θύρας
3106 1255 3205 1325 τῆς
3239 1255 3442 1324 σκηνῆς
3466 1254 3558 1309 τοῦ
3593 1272 3796 1326 μαρτυο

2219 1343 2353 1414 ρίου.
2383 1344 2491 1396 Kal
2507 1343 2826 1415 περιθήσεις
2845 1345 2942 1417 τὴν
2964 1346 3191 1418 σκηνὴν,
3218 1347 3312 1399 καὶ
3328 1347 3508 1400 πάντα
3534 1347 3605 1400 τὰ
3627 1348 3794 1419 αὐτῆς

2215 1434 2532 1506 περιθήσεις
2582 1435 2788 1507 κύκλῳ.
2834 1456 2852 1489 ι
2918 1437 3057 1490 ⁹Αλλ’
3106 1437 3284 1490 ἔνεστι
3334 1436 3434 1508 μέν
3483 1437 3542 1490 ἐν
3589 1436 3795 1500 τούτοις

2216 1527 2678 1598 εἰσκεκομισμένα
2706 1529 2834 1582 ἰδεῖν
2867 1531 2924 1582 ἐν
2946 1531 3012 1600 τῇ
3046 1529 3177 1600 άγίᾳ
3206 1531 3377 1600 σκηνῇ
3431 1528 3502 1582 τά
3532 1528 3701 1600 σκεύη
3727 1527 3796 1582 τά

2217 1617 2368 1689 ἱερόν
2397 1618 2459 1672 ού
2491 1619 2597 1690 μὴν
2641 1619 2721 1675 ἔτι
2766 1622 2862 1674 καὶ
2911 1621 3098 1691 σαφῶς
3129 1621 3222 1674 τὸν
3266 1621 3482 1693 ἑκάστῳ
3517 1622 3797 1691 πρέποντά

2214 1725 2274 1762 τε
2304 1709 2398 1763 καὶ
2426 1711 2801 1782 ἐκνεμηθέντα
2824 1713 3009 1767 τόπον.
3037 1711 3227 1767 Βούλει
3257 1711 3324 1784 δὴ
3351 1707 3445 1767 οὖν
3470 1713 3578 1766 τῶν
3603 1713 3696 1766 ἐπὶ
3726 1715 3794 1784 τῇ

2217 1803 2388 1871 σκηνῇ
2444 1803 2883 1874 προσταγμάτων
2928 1803 3135 1875 λεπτήν
3184 1820 3249 1857 τε
3290 1804 3387 1858 καὶ
3437 1803 3642 1876 ἀκριϐῆ
3686 1804 3796 1870 τῷν

2143 1878 2188 1934 Β
2214 1890 2433 1944 τοιῶνδε
2467 1891 2567 1962 τὴν
2601 1891 2802 1960 γνῶσιν
2834 1891 3243 1964 ὲρανιζώμεθας

3373 1966 3495 1980 να...

2285 1982 2495 2035 ΠΑΛΛ.
2537 1982 2626 2048 Ὠς
2655 1982 2849 2053 ἥδιστά
2881 2000 2969 2051 γε.

2285 2072 2448 2127 ΚΥΡ.
2485 2073 2630 2143 Ἔφη
2661 2072 2841 2127 τοίνυν
2885 2074 3023 2143 πρὸς
3053 2073 3146 2128 τὸν
3192 2073 3336 2146 ἱερὸν
3380 2073 3589 2129 Μωσέα
3638 2073 3792 2138 Θεός’

2221 2181 2239 2215 ι
2276 2163 2389 2216 Kal
2410 2165 2660 2236 ποιήσεις
2684 2164 3086 2236 καταπέτασμα
3113 2163 3173 2229 ἐξ
3197 2163 3454 2218 ὑακίνθου
3473 2164 3566 2218 καί
3583 2162 3795 2236 πορφύ-

2215 2273 2337 2326 ρας,
2375 2255 2470 2310 καὶ
2495 2256 2747 2310 κοκκίνου
2771 2255 3176 2328 κεκλωσμένου,
3193 2255 3288 2310 καὶ
3316 2255 3516 2326 βύσσου
3532 2255 3797 2327 νενησμέ-

2213 2366 2331 2420 νης·
2376 2347 2538 2418 ἔργον
2586 2348 2821 2417 ὑφαντὸν
2875 2349 3122 2420 ποιήσεις
3167 2347 3299 2401 αὐτὸ
3337 2347 3642 2418 Χερουϐίμ.
3685 2347 3798 2401 Kal

2213 2442 2500 2513 ἐπιθήσεις
2539 2439 2673 2494 αὑτὸ
2705 2440 2800 2495 ἐπὶ
2846 2441 3130 2511 τεσσάρων
3161 2439 3370 2496 στύλων
3401 2440 3666 2509 άσήπτων
3700 2455 3796 2491 κε-

2215 2535 2585 2606 χρυσωμένων
2618 2535 2850 2606 χρυσίῳ.
2879 2535 2991 2588 Καὶ
3034 2536 3092 2589 αἱ
3123 2535 3414 2604 κεφαλίδες
3449 2532 3633 2588 αὐτῶν
3663 2549 3797 2604 χρυο

2216 2631 2326 2692 σαῖ,
2377 2627 2474 2681 καὶ
2515 2627 2572 2680 al
2626 2626 2815 2696 βάσεις
2861 2627 3044 2680 αὐτῶν
3083 2627 3350 2699 τέσσαρες
3381 2627 3645 2698 ἀργυραῖ.
3687 2625 3796 2679 Kal

2215 2719 2402 2791 θήσεις
2439 2719 2500 2772 τὸ
2531 2719 2937 2790 καταπέτασμα
2974 2718 3206 2772 ἐπὶτῶν
3242 2717 3475 2783 στύλων,
3511 2717 3605 2771 καὶ
3634 2715 3797 2769 είσοί-

2215 2829 2328 2876 σεις
2351 2813 2467 2865 ἐκεῖ
2493 2811 2758 2883 ἐσώτερον
2790 2811 2884 2864 τοῦ
2916 2810 3407 2880 καταπετάσματος
3439 2809 3539 2880 τὴν
3564 2805 3798 2863 κιϐωτὸν

2214 2903 2308 2958 τοῦ
2351 2903 2673 2974 μαρτυρίου.
2724 2903 2835 2958 Kal
2883 2903 3076 2973 διοριεϊ
3121 2901 3181 2955 τδ
3213 2901 3618 2970 καταπέτασμα
3665 2899 3796 2968 ὑμῖν

2212 2993 2486 3064 άναμέσον
2517 2993 2611 3047 τοῦ
2654 2993 2861 3062 Ἁγίου,
2891 2993 2988 3047 καὶ
3019 2990 3294 3063 άναμέσον
3327 2989 3421 3044 τοῦ
3466 2988 3648 3057 ⁹Αγίου
3686 2985 3797 3040 τῶν

2211 3089 2403 3158 ἁγίων.
2435 3085 2858 3156 Κατακαλύψεις
2883 3085 2962 3158 τῷ
2984 3084 3436 3156 καταπετάσματι
3451 3082 3550 3154 τὴν
3565 3079 3799 3135 κιϐωτὸν

526 3177 745 3236 strum;
799 3177 857 3225 et
903 3186 1146 3228 mensam
1201 3187 1374 3242 pones
1425 3174 1482 3228 in
1529 3185 1686 3245 parte
1771 3176 2111 3232 tabernaculi

2214 3179 2309 3233 τοῦ
2347 3179 2648 3253 μαρτυρίου
2684 3181 2741 3234 ἐν
2771 3178 2849 3250 τῷ
2893 3180 3064 3251 Ἀγίῳ
3103 3178 3212 3232 τῶν
3240 3177 3432 3247 ἁγίων.
3462 3175 3572 3230 Kal
3605 3173 3798 3276 ἐπιθήῗ

526 3277 648 3331 quae
685 3264 914 3333 respicit
950 3264 1018 3320 ad
1056 3265 1391 3335 aquilonem.
1427 3267 1497 3323 Et
1527 3267 1696 3324 facies
1724 3268 2111 3325 adductorium

2216 3290 2330 3337 σεις
2356 3275 2454 3344 τὴν
2481 3271 2762 3345 τράπεζαν
2789 3272 2991 3338 ἔξωθεν
3021 3271 3118 3325 τοῦ
3149 3268 3664 3339 καταπετάσματος,
3700 3265 3798 3319 καὶ

521 3369 590 3408 ex
628 3353 929 3425 hyacintho
957 3364 1014 3411 et
1043 3373 1309 3428 purpura,
1341 3367 1398 3413 et
1427 3374 1595 3415 cocco
1628 3368 1796 3427 torto,
1846 3368 1904 3416 et
1950 3360 2112 3432 bysso

520 3453 690 3512 torta,
741 3463 882 3517 opus
911 3449 1204 3505 variatoris
1232 3467 1246 3516 ;
1301 3457 1357 3504 et
1387 3450 1557 3507 facies
1587 3452 1845 3507 velamini
1867 3453 2113 3523 quinque

521 3538 832 3604 columnas,
863 3548 922 3594 et
962 3529 1243 3597 inaurabis
1278 3558 1372 3598 eas
1407 3559 1565 3608 auro,
1595 3551 1652 3600 et
1691 3545 1872 3614 capita
1917 3559 2112 3600 earum

521 3643 710 3694 aurea,
747 3639 801 3686 et
827 3633 1088 3690 conﬂabis
1117 3636 1198 3691 eis
1221 3637 1463 3707 quinque
1484 3636 1647 3692 bases
1666 3652 1846 3692 aeneas
1871 3637 1937 3691 ⁸ο.
1979 3657 1996 3689 ι
2026 3636 2107 3693 Ac

521 3718 591 3773 de
625 3717 714 3775 bis
738 3721 963 3791 quidem
986 3724 1273 3781 hactenus.
1305 3726 1380 3780 De
1400 3725 1555 3780 labro
1575 3733 1761 3780 autem
1784 3726 1902 3782 haec
1932 3726 2067 3781 dicit
2092 3756 2108 3792 ι

530 3828 549 3858 ι
579 3809 768 3866 Facies
818 3812 1034 3869 labrum
1089 3832 1325 3880 aeneum,
1367 3824 1423 3871 et
1459 3815 1637 3871 basim
1673 3817 1848 3886 ipsius
1879 3829 2110 3884 aeneam,

523 3909 585 3954 ut
614 3902 890 3970 laventur,
921 3915 978 3961 et
1011 3923 1184 3978 pones
1223 3906 1356 3962 illud
1392 3907 1535 3962 inter
1564 3908 1986 3964 tabernaculum
2027 3918 2113 3965 te-

520 3993 768 4051 stimonii
809 4004 867 4052 et
895 3998 1072 4054 altare
1103 3999 1171 4052 ⁸¹.
1205 4017 1224 4050 ι
1274 3998 1419 4053 Num
1453 3998 1555 4054 tibi
1589 4000 1882 4071 perspicue
1905 4000 1974 4056 de
1995 4000 2112 4056 sin-

519 4087 662 4157 gulis
701 4087 910 4144 dictum
938 4089 1159 4145 videtur
1183 4089 1207 4145 ?

2207 3363 2306 3434 τὴν
2339 3363 2559 3434 λυχνίαν
2606 3362 2986 3433 ἀπέναντιτῆς
3019 3360 3300 3434 τραπέζης
3342 3360 3438 3413 ἐπὶ
3469 3359 3668 3430 μέρους
3696 3357 3798 3428 τῆς

2210 3456 2418 3528 σκηνῆς
2441 3456 2502 3509 τὸ
2533 3457 2674 3529 πρὸς
2703 3455 2878 3509 νότον.
2909 3455 3019 3508 Kal
3048 3454 3148 3526 τὴν
3177 3453 3457 3526 τράπεζαν
3485 3451 3674 3522 θήσεις
3703 3449 3797 3502 ἐπὶ

2211 3549 2412 3620 μέρους
2459 3548 2557 3619 τῆς
2599 3547 2807 3618 σκηνῆς
2839 3548 2899 3602 τὸ
2950 3544 3088 3617 πρὸς
3121 3544 3345 3618 βορρᾶν,
3392 3542 3502 3596 Kal
3549 3541 3796 3611 ποιήσεις

2209 3638 2581 3710 ἐπίσπαστρον
2621 3642 2690 3709 τῇ
2719 3638 2860 3711 θύρᾳ
2913 3639 3013 3710 τῆς
3059 3637 3267 3708 σκηνῆς
3309 3633 3370 3700 ἐξ
3409 3632 3668 3687 ὑακίνθου
3702 3631 3798 3686 καὶ

2215 3729 2525 3800 πορφύρας,
2559 3729 2655 3783 καὶ
2700 3729 2955 3782 κοκκίνου
2999 3727 3406 3798 κεκλωσμένου,
3454 3724 3549 3778 καὶ
3594 3722 3796 3794 βύσσου

2211 3821 2622 3893 κεκλωσμένης,
2649 3822 2810 3894 ἔργον
2838 3820 3139 3876 ποικιλτοῦ.
3162 3819 3272 3874 Kal
3300 3818 3549 3888 ποιήσεις
3578 3815 3658 3888 τῷ
3687 3832 3794 3870 κα-

2210 3908 2594 3980 ταπετάσματι
2624 3911 2787 3964 πέντε
2819 3910 3064 3976 στύλους,
3103 3909 3201 3963 καὶ
3246 3904 3553 3980 χρυσώσεις
3592 3905 3796 3969 αὐτοὺς

2210 4001 2420 4073 χρυσίῳ
2440 4017 2454 4032 ο
2477 4001 2574 4055 καὶ
2595 4003 2652 4056 al
2677 4002 2962 4072 κεφαλίδες
3000 4001 3181 4057 αὐτῶν
3209 4001 3431 4072 χρυσαῖ,
3463 3997 3558 4052 καὶ
3588 3995 3798 4070 χωνεύο

2213 4111 2328 4170 σεις
2357 4093 2541 4158 αὐτοῖς
2583 4092 2745 4146 πέντε
2779 4092 2966 4165 βάσεις
3009 4093 3243 4165 χαλκᾶς.
3280 4110 3300 4143 ι
3340 4090 3451 4144 Kal
3495 4089 3656 4142 ταυτὶ
3691 4089 3795 4160 μὲν

521 4181 651 4252 περὶ
672 4181 896 4237 τούτων.
929 4183 1064 4254 Περὶ
1090 4181 1148 4236 δέ
1198 4199 1261 4252 γε
1295 4183 1387 4238 τοῦ
1425 4184 1689 4257 λουτῆρος
1725 4176 1826 4239 ὧδέ
1866 4186 1939 4257 πή
1971 4202 2126 4257 φησν
2175 4205 2194 4238 ι
2235 4187 2467 4257 Ποίησον
2489 4186 2728 4257 λουτῆρα
2765 4187 3022 4257 χαλκοῦν,
3065 4186 3160 4241 καὶ
3210 4183 3369 4257 βάσιν
3400 4182 3551 4255 αὑτῷ
3581 4181 3795 4254 χαλκῆν

535 4275 678 4329 ὥστε
722 4275 1035 4340 νίπτεσθαι,
1074 4275 1170 4330 καὶ
1202 4276 1387 4348 θήσεις
1439 4278 1604 4332 αὐτὸν
1646 4277 1753 4332 ave:
1801 4279 1964 4349 μέσον
2010 4279 2110 4350 τῆς
2151 4281 2358 4351 σκηνῆς
2421 4277 2516 4333 τοῦ
2558 4278 2884 4351 μαρτυρίου,
2916 4278 3010 4332 καὶ
3033 4277 3139 4332 ἀνά
3162 4277 3329 4349 μέσον
3358 4275 3456 4330 τοῦ
3489 4275 3792 4346 θυσιαστηο

526 4368 666 4438 ρίου.
698 4386 716 4419 ι
746 4363 898 4440 ΊΓΑρά
928 4385 1009 4422 σοι
1048 4368 1221 4440 σαφὴς
1254 4368 1284 4419 ὁ
1319 4371 1404 4439 ἐφ’
1431 4369 1646 4439 ἑκάστῳ
1685 4369 1843 4438 λόγος
1872 4386 1888 4437 ;

593 4459 799 4516 PALL.
821 4459 1044 4517 Minime
1080 4477 1251 4516 vero:
1284 4459 1480 4515 dubito
1516 4459 1667 4515 enim
1704 4475 1858 4525 sane,
1899 4459 2110 4530 etquid

2282 4460 2490 4516 IIAAA.
2523 4459 2600 4514 Οὑ
2632 4459 2733 4530 μὲν
2762 4451 2856 4513 οὗν
2882 4476 2897 4492 ο
2931 4459 3244 4532 διηπόρηκα
3269 4459 3378 4534 γὰρ
3396 4500 3412 4527 ,
3440 4458 3568 4515 ι’σθι·
3616 4457 3716 4514 καὶ
3742 4460 3798 4516 τί

523 4552 662 4606 illud
683 4552 791 4607 sibi
817 4552 970 4618 velit,
1003 4569 1116 4610 non
1151 4552 1330 4608 habeo
1363 4549 1570 4606 dicere.

591 4644 754 4700 CYR.
811 4643 1164 4716 Singulorum
1211 4643 1382 4715 igitur
1424 4641 1740 4705 verborum,
1784 4655 1908 4710 quae
1940 4641 2103 4697 modo

520 4735 710 4805 posui,
747 4733 842 4789 ubi
879 4749 946 4790 ea
983 4747 1271 4804 sumpsero
1297 4745 1420 4802 qua:
1455 4729 1525 4784 ad
1544 4742 1738 4784 eorum
1770 4731 2105 4800 contempla-

522 4829 732 4884 tionem
746 4827 902 4882 utilia
925 4823 1396 4892 sunt,dilucidam
1429 4831 1592 4892 atque
1625 4821 1972 4893 perspicuam
2002 4839 2104 4894 pro

520 4919 734 4974 viribus
757 4918 1156 4990 expositionem
1196 4914 1444 4970 aﬂ‘eram.
1468 4914 1726 4969 Erectum
1753 4930 1991 4986 namque
2019 4924 2105 4971 est

525 5012 580 5065 in
615 5011 835 5067 deserto
871 5024 1091 5065 sacrum
1119 5006 1256 5061 illud
1293 5005 1727 5072 tabernaculum,
1753 5007 1983 5074 Palladi,
2010 5007 2112 5063 du-

523 5103 653 5173 plici
683 5100 1085 5174 quodammodo
1106 5100 1215 5154 situ
1238 5115 1303 5156 ac
1330 5099 1501 5171 ﬁgura
1528 5117 1542 5164 ;
1569 5107 1731 5170 atque
1755 5115 1863 5154 una
1885 5099 2109 5172 quidem

523 5195 645 5266 ejus
677 5208 807 5263 pars
853 5191 1045 5245 intima
1101 5196 1249 5255 erat,
1299 5205 1472 5259 eaque
1530 5189 1730 5245 Sancta
1792 5197 2108 5247 sanctorum

525 5284 944 5355 appellabatur:
980 5281 1146 5353 hujus
1165 5291 1286 5338 erat
1309 5281 1482 5337 veluti
1512 5282 1722 5352 primus
1741 5282 1964 5352 quidam
2008 5280 2108 5336 ad-

526 5375 658 5440 itus,
688 5384 746 5430 et
773 5375 917 5428 circa
941 5389 1064 5430 eam
1096 5379 1269 5444 posita
1301 5390 1428 5445 pars
1449 5375 1539 5428 illa
1559 5375 1732 5444 prior,
1753 5389 1876 5443 quae
1906 5373 2106 5428 Sancta

524 5468 865 5534 vocabatur;
905 5477 1068 5539 atque
1101 5469 1155 5523 in
1196 5468 1392 5524 intimo
1442 5468 1536 5523 illo
1580 5467 1934 5524 tabernaculo
1982 5475 2105 5522 erat

526 5573 652 5612 arca
687 5558 947 5628 reposita,
988 5559 1057 5615 de
1102 5569 1339 5631 quatuor
1369 5560 1640 5616 columnis
1675 5558 1924 5613 velamen
1977 5572 2114 5646 sus-l

529 5666 755 5719 pensum
796 5651 1004 5709 habens
1051 5653 1343 5710 artiﬁciose
1361 5669 1425 5708 ex
1467 5651 1782 5723 hyacintho,
1838 5666 2101 5720 purpura,

2210 4549 2272 4603 τὸ
2303 4551 2516 4621 χρῆμα,
2551 4550 2729 4602 εἰπεῖν
2757 4549 2858 4603 οὐκ
2883 4549 3014 4620 ἔχω.

2281 4641 2447 4694 ΚΥΡ.
2476 4637 2690 4693 Οὐκοῦν
2709 4639 2794 4708 ἐφ’
2819 4639 3035 4712 ἑκάστῳ
3049 4641 3157 4696 τῶν
3176 4641 3556 4714 προκειμένων
3586 4640 3797 4714 ῥητῶν,

2211 4733 2293 4796 είς
2323 4731 2558 4803 θεωρίαν
2573 4730 2671 4801 τὴν
2697 4730 2784 4783 ἐπ’
2809 4732 2992 4796 αὐτοῖς
3022 4734 3083 4787 τδ
3109 4732 3302 4788 τελοῢν
3329 4733 3605 4806 ἁρπάσας,
3647 4735 3799 4806 σαφῆ

2212 4821 2310 4877 καὶ
2342 4823 2795 4894 εύκρινεστάτην,
2833 4823 2908 4888 ὡς
2940 4824 3008 4878 ἂν
3035 4819 3147 4891 οἷός
3178 4843 3240 4881 τε
3266 4821 3334 4896 ὦ,
3360 4829 3663 4900 ποιήσομαι
3696 4830 3802 4900 τὴν

2210 4917 2512 4986 ἀφήγησιν.
2556 4913 2886 4990 Ἐγήγερται
2927 4917 3026 4986 μὲν
3050 4917 3182 4990 γάρ,
3224 4912 3270 4973 ὧ
3317 4918 3609 4986 Παλλάδιε,
3650 4919 3803 4975 κατὰ

2208 5004 2310 5075 τὴν
2339 5003 2546 5075 ἔρημον
2576 5004 2610 5075 ἠ
2636 4987 2766 5074 άγία
2793 5003 2987 5076 σκηνὴ,
3013 5005 3089 5070 ὡς
3111 4987 3170 5061 ἐν
3200 5007 3350 5063 θέσει
3369 5023 3431 5062 τε
3464 5009 3556 5064 καὶ
3579 5009 3640 5063 ἐν
3663 5009 3802 5064 εῖδει

2206 5095 2403 5166 διπλῷ.
2431 5097 2542 5150 Kal
2579 5096 2678 5166 μία
2716 5096 2813 5168 μὲν
2852 5092 2921 5170 ἦν
2955 5099 2989 5168 ή
3035 5099 3282 5172 ἐσωτάτη
3305 5117 3321 5134 ο
3350 5099 3522 5172 ϐνομα
3544 5099 3602 5153 δὲ
3628 5099 3801 5172 αὐτῇ,

2205 5188 2274 5242 τὰ
2311 5188 2474 5258 Ἅγια
2493 5189 2602 5244 τῶν
2643 5191 2834 5259 ἁγίων.
2861 5193 3196 5266 Προεισϐολὴ
3234 5193 3291 5247 δὲ
3332 5192 3525 5266 ὥσπερ
3567 5211 3654 5258 τις
3698 5194 3803 5248 καὶ

2205 5282 2335 5353 περὶ
2360 5281 2530 5352 αὐτὴν
2557 5283 2592 5353 ἡ
2620 5284 2834 5356 πρώτη,
2863 5285 2932 5338 τά
2966 5284 3198 5358 ἐπίκλην
3226 5287 3415 5355 Ἅγια.
3442 5286 3551 5340 Kal
3580 5287 3662 5350 είς
3691 5286 3801 5358 μὲν

2213 5373 2311 5445 τὴν
2345 5374 2604 5428 ἐσωτάτω
2649 5377 2960 5450 σκηνὴν,ή
3012 5377 3243 5442 κιϐωτὸς
3296 5378 3646 5445 ἀπετέθειτο,
3697 5379 3800 5432 ἐπὶ

2210 5466 2494 5538 τεσσάρων
2528 5466 2736 5522 στύλων
2769 5469 2989 5542 χρυσῶν
3031 5470 3232 5542 ἔχουσα
3263 5468 3657 5543 περιπέτασμα
3690 5487 3800 5524 περ

2211 5558 2508 5628 ποιημένον
2535 5559 2800 5630 ἐντέχνως
2833 5562 2892 5627 ἐξ
2933 5562 3188 5617 ὑακίνθου
3221 5562 3314 5617 καὶ
3347 5563 3662 5634 πορφύρας,
3695 5562 3801 5614 καὶ

2212 5650 2465 5706 κοκκίνου
2515 5653 2919 5726 κεκλωσμένου,
2947 5655 3039 5712 καὶ
3073 5653 3275 5727 βύσσου
3309 5655 3666 5728 νενησμένης.
3698 5654 3800 5707 ΕΞ-

630 5837 847 5894 ”Exod.
881 5856 964 5906 XL,
1000 5839 1112 5896 5—8.
1193 5840 1234 5871 ‘°
1271 5835 1442 5893 Exod.
1487 5852 1630 5902 xxvi,
1681 5835 1865 5890 51-57.
1945 5838 1981 5868 “
2016 5834 2194 5891 Exod.
2235 5835 2475 5901 xxx,.l8.
2516 5835 2596 5891 l9.
