4118 6446
318 421 423 478 65]

1068 421 1160 476 DE
1191 419 1638 476 ADORATIONE
1677 420 1747 475 IN
1773 417 2048 475 SPIRI'I'U
2091 418 2182 475 ΕΤ
2219 417 2592 478 VERlTATE.
2636 415 2765 472 LIB.
2807 416 2876 472 Χ.

3519 415 3643 481 663,

318 534 562 606 ρηκὸτες
604 535 662 590 δὲ
707 536 832 607 ήδη,
865 534 1254 606 καὶ,καθάπερ
1285 528 1522 607 ἐγῷμαι,
1569 536 1813 608 διαρκῶς
1849 535 1919 590 τά

2044 549 2191 590 :oeeo
2235 543 2402 601 torto,
2454 550 2519 590 ae
2567 534 2731 607 bysso
2776 540 2903 589 uela
2946 530 3279 587 confectum.
3330 531 3460 597 Sed,
3494 535 3647 613 quia,

317 626 420 680 imi
461 645 522 681 τε
551 630 618 699 τῇ
656 627 839 699 βύσσῳ
870 629 966 683 καὶ
1003 629 1070 700 τῇ
1124 628 1405 701 πορφύρᾳ,
1451 627 1546 683 καὶ
1577 627 1657 699 τῷ
1720 628 1929 682 κεκλω-

323 718 518 791 σμένῳ
534 718 794 791 κοκκίνῳ,
819 720 913 773 καὶ
938 719 1040 792 μέν
1058 737 1142 774 τοι
1162 721 1257 775 καὶ
1277 720 1538 792 ὑακίνθῳ,
1553 719 1927 791 παρωσάμεθα

326 809 441 881 μὲν
461 810 522 864 τὸ
550 810 849 875 ταυτοεπές
866 826 880 841 ο
910 812 1090 866 ἐκεῖνὸ
1118 828 1182 881 γε
1211 812 1318 884 μὴν
1350 811 1583 883 ἐροῦμεν
1605 813 1686 876 είς
1711 811 1771 865 τῦ
1787 829 1928 883 παρ-

322 900 411 956 όν·
462 901 538 955 Τὸ
571 901 974 974 καταπέτασμα
1009 903 1080 972 τὸς
1111 904 1205 956 ἐπὶ
1237 904 1521 976 τεσσάρων
1560 902 1769 956 στύλων
1796 919 1929 973 χρυ·

325 994 467 1057 σῶν,
499 988 576 1048 ὧν
606 994 663 1047 αἱ
712 992 901 1063 βάσεις
928 995 1191 1067 ἀργυραῖ,
1236 995 1299 1049 τὸ
1344 993 1589 1068 Χριστοῦ
1625 995 1927 1066 μυστήριον

319 1086 605 1158 ὑπεδήλου
634 1086 780 1141 τότε.
804 1087 870 1140 Τί
899 1087 1007 1159 γάρ
1028 1104 1043 1153 ;
1068 1087 1190 1158 οὐχὶ
1217 1088 1622 1159 καταπέτασμα
1675 1088 1735 1140 τὸ
1766 1087 1927 1159 σῶμα

326 1185 575 1257 Χριστοῦ
601 1187 697 1239 καὶ
710 1185 873 1255 σοφὸς
889 1187 1022 1258 ἡμῖν
1044 1185 1297 1256 ὠνόμασε
1315 1184 1551 1251 Παῦλος,
1564 1185 1708 1238 οὕτω
1727 1184 1925 1254 λέγων,

335 1295 359 1328 ‹
400 1277 503 1329 Ἢν
554 1277 894 1331 ἐνεκαίνισεν
943 1280 1074 1349 ἡμῖν
1103 1278 1220 1332 ὁδὸν
1249 1279 1565 1352 πρόσφατον
1600 1278 1696 1332 καὶ
1744 1277 1927 1343 ζῶσαν

323 1364 420 1418 διά
457 1365 553 1420 τοῦ
596 1370 1122 1440 καταπετάσματος,
1164 1369 1437 1435 τουτέστι,
1468 1370 1570 1442 τῆς
1594 1369 1794 1441 σαρκὸς
1825 1370 1925 1424 αύ-

322 1475 528 1525 του;ι

401 1551 614 1605 ΠᾹΛΛ.
667 1552 873 1624 Ὀρθῶς
905 1553 1068 1627 ἔφης.

399 1641 567 1696 ΚΥΡ.
615 1643 806 1714 Ἀθρει
840 1643 903 1716 δὴ
931 1640 1028 1698 οῦν
1052 1645 1129 1708 ὡς
1154 1645 1213 1698 ὲν
1241 1647 1424 1710 σκιαῖς
1455 1645 1549 1700 καὶ
1585 1646 1927 1717 αἰνίγμασιν,

320 1733 566 1798 ὅτιθεὸς
595 1733 673 1789 ὢν
703 1737 798 1790 καὶ
824 1738 889 1791 ὲκ
911 1736 1046 1791 Θεοῦ
1078 1736 1295 1810 Πατρὸς
1330 1738 1472 1793 κατὰ
1496 1738 1658 1823 φύσιν
1681 1741 1711 1793 ό
1734 1740 1926 1810 Λόγος,

2024 625 2139 696 jam
2191 625 2261 681 de
2292 626 2474 699 bysso,
2516 634 2574 681 et
2622 641 2867 699 purpura
2899 632 2956 680 et
2987 640 3152 680 cocco
3180 632 3344 690 torto,
3379 623 3546 696 334
3572 634 3629 680 et

2029 716 2099 771 de
2126 716 2425 790 hyacintho
2452 717 2604 782 satis,
2647 724 2708 772 ut
2741 715 3003 781 arbitror,
3045 714 3305 779 diximus,
3336 713 3626 770 vitandum

2030 818 2185 879 puto,
2217 824 2287 865 ne
2315 808 2510 867 eadem
2534 816 2869 880 repetamus.
2894 806 3029 862 Illud
3062 815 3244 865 tamen
3276 806 3333 865 in
3367 806 3627 878 praesenti

2030 905 2298 971 dicemus,
2328 905 2580 962 velamen
2612 905 2771 972 illud,
2802 906 2950 977 quod
2981 904 3039 961 in
3072 912 3312 976 quatuor
3351 905 3633 962 columnis

2031 1000 2310 1057 deauratis
2346 1001 2588 1072 positum
2626 1009 2764 1067 erat,
2792 1015 3031 1072 quarum
3067 1006 3228 1055 erant
3250 998 3412 1054 bases
3435 1013 3632 1069 argen-

2031 1104 2154 1158 teae,
2179 1092 2388 1150 Christi
2412 1101 2526 1149 tum
2549 1091 2887 1164 signiﬁcasse
2910 1092 3255 1165 mysterium.
3282 1090 3645 1158 Quidenim?!

2029 1185 2223 1242 Nonne
2277 1186 2481 1243 Paulus
2521 1200 2743 1259 quoque
2784 1184 2870 1240 vir
2916 1185 3136 1261 sapiens
3176 1183 3384 1240 Christi
3427 1196 3633 1253 corpus

2029 1277 2283 1334 velamen
2334 1279 2653 1355 appellavit,
2702 1294 2830 1336 cum
2885 1278 3070 1333 dixit:
3115 1297 3133 1328 ι
3169 1276 3344 1347 Quam
3392 1275 3633 1333 initiavit

2029 1369 2193 1447 nobis
2213 1371 2358 1425 viam
2386 1386 2585 1426 novam
2611 1379 2669 1427 et
2705 1370 2982 1427 viventem
3016 1384 3117 1441 per
3140 1367 3413 1435 velamen,
3445 1367 3499 1423 id
3522 1376 3630 1433 est,

2031 1478 2256 1518 carnem
2288 1478 2445 1519 suam
2466 1456 2550 1517 ηρ
2590 1482 2609 1516 ι

2058 1626 2061 1629 _
2103 1555 2305 1611 PALL.
2335 1556 2501 1612 Recte
2525 1555 2686 1612 dicis.

2102 1647 2261 1704 CYR.
2291 1648 2429 1704 Vide
2459 1649 2627 1720 igitur
2653 1655 2914 1719 tanquam
2936 1647 2993 1703 in
3019 1645 3234 1703 umbris
3248 1645 3633 1718 eta’nigmate,

2032 1738 2279 1794 Verbum
2314 1738 2472 1805 illud,
2505 1738 2654 1810 quod
2681 1739 2830 1795 Deus
2868 1745 3007 1804 erat,
3033 1746 3089 1793 et
3116 1754 3187 1793 ex
3208 1739 3322 1794 Deo
3356 1738 3520 1793 Patre
3544 1751 3661 1791 se-,

322 1828 410 1893 ὼς
458 1831 517 1883 ὲν
555 1834 732 1904 χρυσῇ
787 1832 883 1886 καὶ
928 1834 1164 1905 ἀσήπτῳ
1207 1833 1403 1903 γέγονε
1452 1834 1696 1907 κιϐωτῷ,
1742 1834 1822 1906 τῷ
1865 1839 1931 1890 ἐκ

2044 1832 2279 1888 eundum
2317 1843 2594 1899 naturam,
2634 1834 2692 1890 in
2721 1849 2886 1890 aurea
2914 1840 3082 1904 atque
3125 1832 3453 1903 imputribili
3483 1847 3653 1897 area,

323 1920 617 1991 Παρθένου
680 1922 814 1993 ναῴ’
868 1922 1115 1996 ἄσηπτον
1160 1926 1268 1998 γὰρ
1317 1926 1415 1980 καὶ
1453 1927 1637 1998 τίμιον
1678 1928 1741 1981 τὸ
1770 1929 1934 1999 σῶμα

321 2013 593 2086 Χριστοῦ·
632 2016 922 2087 μονονουχὶ
966 2017 1026 2071 δὲ
1067 2018 1164 2072 καὶ
1206 2017 1512 2090 ἐκρύπτετο
1571 2021 1827 2091 καθάπερ
1872 2022 1931 2076 ἐν

323 2104 486 2169 τάξει
508 2106 1028 2180 καταπετάσματος,
1057 2108 1158 2182 τὴν
1177 2108 1356 2182 σάρκα
1372 2109 1573 2163 λαϐών
1591 2109 1932 2183 κρύπτεσθαι

322 2197 390 2252 δέ
425 2215 611 2269 φαμεν
640 2199 732 2253 τὸν
755 2201 822 2254 ἐκ
850 2200 987 2255 Θεοῦ
1028 2202 1227 2273 Λόγον,
1275 2205 1377 2276 οὐχ
1406 2204 1482 2268 ὡς
1511 2205 1569 2259 ἐν
1606 2204 1801 2277 βραχεῖ
1832 2222 1932 2260 πε-

322 2290 685 2362 ριορισθέντα
730 2290 967 2364 σώματι·
1020 2296 1272 2367 πανταχῆ
1302 2295 1413 2366 γὰρ
1457 2296 1550 2350 καὶ
1599 2296 1658 2349 ὲν
1700 2296 1866 2349 πᾶσιν
1902 2297 1933 2350 ὁ

321 2384 482 2449 Υἱός·
514 2384 656 2440 ἀλλὰ
697 2385 778 2458 τῷ
817 2386 1104 2444 λανθάνειν
1145 2391 1531 2461 οἰκονομικῶς,
1566 2390 1661 2444 καὶ⁹
1701 2389 1794 2445 τὸν
1829 2389 1932 2460 τῆς

322 2474 664 2543 ἀναδείξεως
715 2478 1017 2549 ὑπομένειν
1068 2481 1282 2553 καιρόν.
1331 2482 1681 2549 Ἀναδείξεως
1732 2484 1792 2538 δὲ
1835 2484 1935 2553 τῆς

322 2571 414 2634 είς
453 2570 701 2635 ἅπαντας
727 2570 759 2625 ό
786 2573 1004 2645 καιρὸς,
1051 2574 1085 2645 ἡ
1121 2576 1185 2628 ἐκ
1204 2575 1415 2647 νεκρῶν
1464 2576 1783 2642 άναὸίωσις.
1820 2577 1937 2650 Πρὸ

327 2662 440 2736 μὲν
482 2662 593 2736 γὰρ
623 2662 720 2718 τοῦ
764 2665 952 2737 τιμίου
1003 2666 1267 2739 σταυροῦ,
1297 2670 1413 2732 τοῖς
1443 2667 1624 2735 ἁγίοις
1664 2669 1936 2724 ἐπέταττε

329 2757 635 2831 μαθηταῖς,
666 2758 757 2814 ἵνα
787 2759 863 2831 μὴ
892 2760 1130 2832 φανερὸν
1164 2760 1328 2821 αὐτὸν
1364 2762 1586 2817 ποιῶσι.
1615 2760 1939 2834 Γέγραπται

328 2848 449 2921 γὰρ
471 2848 593 2904 ὡδί.
622 2849 781 2904 Μετὰ
806 2849 864 2904 δέ
885 2867 951 2920 γε
982 2850 1045 2905 τὸ
1074 2850 1376 2906 ἀναϐιῶναι
1420 2852 1662 2907 παθόντα
1719 2854 1813 2908 τὸν
1844 2854 1942 2910 θά-

325 2954 518 3005 νατον,
551 2957 571 2991 ι
621 2938 1027 3011 Πορευθέντες,
1056 2940 1211 3011 φησι,
1252 2939 1636 3011 μαθητεύσατε
1665 2941 1846 2995 πάντα
1870 2939 1942 2995 τά

328 3029 491 3103 ἔθνη,
517 3030 873 3102 βαπτίζοντες
923 3031 1119 3097 αὐτοὺς
1143 3033 1224 3096 εἰς
1269 3031 1332 3087 τὸ
1361 3033 1532 3104 ὄνομα
1574 3030 1667 3086 τοῦ
1705 3033 1943 3104 Πατρὸς,

332 3124 437 3180 καὶ
463 3123 557 3178 τοῦ
599 3123 746 3189 Υίοῦ,
766 3125 862 3178 καὶ
890 3124 982 3180 τοῦ
1006 3124 1166 3194 ἁγίου
1195 3123 1536 3195 Πνεύματος.
1569 3142 1590 3178 i
1614 3122 1824 3179 Οὐκοῦν
1844 3126 1945 3180 ἐπ-

330 3217 620 3290 εκρὲματο
653 3218 753 3290 μὲν
773 3221 889 3283 τοῖς
910 3218 1124 3283 στύλοις
1152 3219 1214 3273 τὸ
1242 3219 1668 3291 καταπέτασμα,
1696 3220 1943 3275 κατακα-

332 3308 548 3364 λύπτον
590 3310 701 3367 ἔσω
730 3311 830 3384 τὴν
874 3311 1127 3376 κιὸωτὺν,
1187 3310 1357 3376 τύπος
1387 3311 1431 3365 δ’
1459 3311 1526 3366 ἂν
1554 3311 1641 3385 εἴη
1673 3311 1946 3385 Χριστοῦ,

332 3403 457 3467 τοῖς
484 3403 596 3458 τῶν
617 3403 790 3473 ἁγίων
822 3403 1231 3474 εύαγγελιστῶν
1261 3402 1618 3476 κηρύγμασιν
1646 3404 1943 3475 αἰρομένου

334 3514 405 3555 τε
432 3496 592 3569 ὑψοῦ,
629 3499 725 3552 καὶ
753 3499 813 3552 ὲν
856 3497 987 3572 δόξῃ
1016 3497 1274 3568 θεότητος
1320 3497 1603 3570 ὁρωμένου
1640 3500 1754 3562 τοῖς
1785 3498 1843 3551 ἐν
1874 3499 1941 3571 τῇ

336 3591 480 3664 ἁγία
509 3593 709 3663 σκηνῇ.
743 3590 1103 3663 course-cini;
1146 3588 1466 3660 Ἐκκλησία.
1488 3588 1769 3665 Τέσσαρες
1806 3588 1866 3642 δὲ
1893 3588 1943 3642 oi

338 3684 553 3750 στύλοι,
582 3685 778 3756 χρυσοῖ
824 3685 920 3738 καὶ
945 3682 1332 3755 περιάργυροι·
1376 3679 1729 3753 ίσάριθμοιδὲ
1759 3680 1946 3742 αὐτοῖς

336 3781 397 3849 οἱ
417 3777 830 3848 εὐαγγελισταὶ,
858 3776 1104 3849 λαμπροί
1119 3792 1179 3828 τε
1201 3775 1296 3829 καὶ
1311 3773 1502 3846 τίμιοι.
1534 3772 1745 3828 Οὐκοῦν
1768 3772 1947 3827 ἔκειτο

339 3872 508 3944 μὲνὴ
542 3869 795 3934 κιϐωτὸς.
838 3867 1049 3923 ἄνωθεν
1111 3867 1169 3921 δὲ
1211 3866 1364 3921 κάτω
1390 3865 1579 3937 διῆκον
1615 3865 1676 3919 τὸ
1698 3852 1948 3919 ’καταπέ-

337 3946 559 4034 τασμα.
590 3963 649 4017 τὸ
677 3963 743 4017 ὲκ
777 3960 983 4032 βύσσου
1010 3957 1108 4014 καὶ
1146 3957 1436 4030 πορφύρας
1465 3956 1563 4011 καὶ
1593 3955 1700 4009 τῶν
1745 3955 1946 4019 ἄλλων,

339 4057 449 4127 οὐχ
482 4054 691 4127 ὁρατὴν
720 4053 913 4108 ἐτίθει.
949 4051 1194 4106 Ἀνωθεν
1232 4050 1291 4102 δὲ
1316 4046 1411 4103 τοῦ
1450 4049 1949 4119 καταπετάσματος

340 4151 446 4207 καὶ
472 4148 585 4204 τῶν
618 4149 700 4214 είς
727 4147 884 4216 δεξιά
904 4164 965 4200 τε
1007 4146 1102 4201 καὶ
1133 4143 1392 4215 εὐώνυμα
1433 4142 1742 4214 Χερουϐὶμ,
1782 4142 1949 4213 ἐχρη-

345 4241 553 4316 μάτιζε
583 4241 740 4305 Θεὸς,
762 4240 980 4304 δεικνὺς
1001 4239 1084 4295 ὅτι
1104 4239 1198 4293 καὶ
1226 4237 1368 4309 ὑπὲρ
1386 4237 1570 4291 πᾶσαν
1587 4235 1770 4289 κτίσιν
1801 4231 1944 4287 ἐστί·

343 4337 448 4393 καὶ
477 4336 621 4391 αὐτὰ
660 4336 718 4391 δὲ
762 4336 943 4390 πάντα
968 4333 1036 4387 τὰ
1071 4333 1180 4387 τῶν
1205 4329 1441 4401 λογικῶν
1475 4328 1760 4394 ἀνωτάτω,
1790 4344 1950 4381 τουτ-

343 4430 472 4486 έστι
518 4429 590 4484 τὰ
636 4428 912 4500 Σεραφὶμ,
955 4427 1058 4500 τὴν
1092 4424 1244 4481 θείαν
1304 4440 1367 4476 τε
1398 4423 1495 4477 καὶ
1529 4423 1771 4496 ἄρρητον
1815 4421 1951 4475 ὑποο

346 4523 593 4594 κάθηται
627 4521 810 4587 δόξαν,
837 4519 935 4575 καὶ
964 4518 1129 4575 αὐτὸν
1149 4514 1562 4591 δορυφοροῦντα
1592 4515 1684 4568 τὸν
1713 4512 1866 4578 Υἱὸν,
1901 4512 1951 4565 εί

2034 1925 2091 1979 in
2111 1939 2177 1979 eo
2199 1924 2466 1980 nimirum
2492 1925 2720 1996 templo,
2747 1925 2896 1997 quod
2916 1932 3038 1982 erat
3061 1941 3129 1981 ex
3155 1925 3401 1996 Virgine,
3434 1924 3630 1980 fuisse:

2032 2016 2379 2088 imputribile
2426 2033 2668 2089 namque
2721 2033 2787 2073 ac
2819 2018 3122 2090 pretiosum
3151 2025 3237 2073 est
3269 2016 3478 2074 Christi
3511 2031 3640 2073 cor-

2030 2123 2174 2179 pus:
2224 2117 2391 2179 atque
2437 2116 2698 2181 suscepta
2758 2125 2948 2176 carne,
3007 2118 3275 2180 tanquam
3328 2109 3457 2165 velo
3503 2122 3643 2179 quo-

2032 2197 2159 2254 dam
2216 2199 2618 2271 propemodum
2668 2199 2982 2256 occultari:
3025 2200 3296 2257 occultari
3338 2208 3524 2257 autem
3553 2199 3665 2255 di-.

2031 2291 2210 2347 cimus
2237 2291 2375 2348 illud
2402 2307 2471 2348 ex
2515 2293 2630 2349 Deo
2668 2292 2935 2359 Verbum,
2973 2308 3086 2349 non
3119 2292 3273 2365 quod
3302 2293 3489 2366 exigui
3511 2307 3655 2349 σοι-φ.

2032 2385 2188 2456 poris
2248 2384 2505 2441 terminis
2563 2383 2892 2442 deﬁuiretur
2978 2384 3223 2460 (ubique
3283 2386 3434 2442 enim
3483 2392 3541 2440 et
3585 2383 3646 2440 in

2033 2478 2294 2534 omnibus
2315 2486 2402 2534 est
2430 2476 2649 2550 Filius),
2676 2477 2777 2534 sed
2793 2478 2941 2550 quod
2974 2477 3406 2551 dispensationis
3429 2476 3669 2533 ratione-

2034 2572 2256 2638 lateret,
2301 2579 2360 2627 et
2407 2570 2802 2626 declarationis
2862 2581 3086 2642 tempus
3134 2575 3507 2641 exspectaret.
3536 2568 3653 2624 De—

2038 2663 2365 2747 elarationis
2403 2673 2589 2721 autem
2625 2671 2863 2735 tempus,
2892 2679 3004 2735 quo
3029 2672 3148 2720 erat
3172 2662 3434 2719 omnibus
3457 2671 3671 2719 osten-.

2042 2758 2283 2828 dendus,
2310 2759 2449 2815 illud
2477 2759 2603 2827 fuit,
2631 2775 2760 2815 cum
2786 2775 2817 2814 a
2841 2760 3080 2815 mortuis
3104 2757 3307 2814 revixit
3332 2775 3344 2812 :
3368 2772 3499 2813 nam
3522 2764 3677 2812 ante»

2040 2852 2340 2926 pretiosam
2372 2852 2523 2909 illam
2545 2869 2770 2909 crucem
2811 2852 3020 2910 sanctis
3047 2851 3163 2907 suis
3190 2851 3480 2924 discipulis
3508 2864 3653 2923 prae-

2043 2945 2213 3016 cepit,
2236 2961 2306 3001 ne
2329 2961 2388 3002 se
2408 2945 2764 3002 manifestum
2788 2945 3039 3001 facerent
3063 2961 3078 3012 ;
3101 2944 3182 3000 sic
3205 2943 3354 2999 enim
3380 2942 3653 3014 scriptum

2043 3046 2132 3096 est
2173 3038 2238 3093 ⁸³.
2270 3039 2467 3095 Postea
2507 3053 2641 3095 vero
2676 3053 2841 3110 quam
2865 3044 3101 3094 mortem
3135 3037 3370 3109 pertulit
3413 3050 3479 3092 ac
3507 3034 3655 3091 revi—

2046 3129 2129 3186 xit
2151 3170 2167 3195 ,
2212 3149 2231 3182 ι
2267 3129 2501 3197 Euntes,
2542 3130 2749 3202 inquit,
2775 3130 2972 3187 docete
3004 3144 3200 3185 omnes
3224 3135 3439 3200 gentes,
3465 3126 3676 3199 bapti--

1970 3245 2017 3310 ο
2049 3231 2240 3279 zautes
2270 3238 2368 3278 eos
2393 3222 2452 3279 in
2472 3221 2698 3278 nomine
2722 3222 2923 3286 Patris,
2943 3229 3002 3277 et
3024 3219 3178 3286 Filii,
3202 3228 3261 3275 et
3277 3218 3516 3291 Spirittts
3529 3234 3685 3275 σιω-η

2046 3315 2121 3373 eti
2150 3314 2214 3369 ⁵⁸.
2251 3334 2270 3367 i
2299 3313 2474 3387 Igitur
2498 3328 2830 3386 suspensum
2856 3319 2978 3369 erat
3002 3312 3072 3368 de
3098 3311 3374 3368 columnis
3400 3311 3658 3368 velamen

2046 3409 2204 3476 illud,
2261 3407 2412 3480 quod
2457 3422 2645 3464 arcam
2696 3392 2933 3462 interius
2981 3403 3318 3471 occultabat,
3375 3419 3441 3459 ac
3480 3402 3659 3474 ﬁgura
3766 3396 3769 3399 ’

2045 3501 2255 3571 Christi
2298 3509 2440 3567 erat,
2470 3500 2566 3573 qui
2599 3508 2919 3556 sanctorum
2944 3497 3416 3570 evangelistarum
3449 3493 3654 3568 praedi-

2046 3596 2264 3651 eatione
2311 3594 2369 3649 in
2417 3594 2655 3650 sublime
2697 3592 2935 3652 tollitur.
2961 3599 3020 3647 et
3060 3590 3132 3646 ab
3180 3589 3268 3653 iis,
3303 3588 3402 3660 qui
3430 3594 3565 3643 sunt
3598 3587 3659 3643 in

2050 3688 2427 3754 tabernaculo,
2446 3687 2503 3743 in
2518 3693 2709 3743 saneta
2719 3686 2984 3745 nimirum
2996 3684 3261 3751 Ecclesia,
3282 3684 3339 3739 in
3348 3681 3659 3748 divinitatis

2049 3782 2223 3855 gloria
2245 3782 2485 3838 videtur.
2537 3780 2787 3849 Quatuor
2814 3789 2999 3837 autem
3030 3787 3164 3842 sunt
3188 3769 3468 3845 deauratze
3493 3777 3659 3845 dear:-

2049 3884 2393 3948 gentatseque
2445 3876 2755 3941 columnae;
2802 3874 3032 3930 totidem
3082 3873 3433 3945 evangelista":
3460 3912 3475 3937 ,
3525 3871 3691 3939 clari

2051 3968 2217 4024 simul
2242 3984 2308 4024 ae
2336 3967 2587 4038 pretiosi.
2636 3967 2823 4023 Posita
2874 3964 3191 4037 eratigitur
3213 3980 3346 4031 arca
3375 3979 3661 4037 :superne
3686 4012 3693 4015 _

2051 4066 2238 4116 autem
2285 4060 2540 4116 velamen
2583 4059 2845 4115 deorsum
2885 4074 3063 4130 usque
3086 4059 3378 4130 pertinens
3400 4073 3469 4115 ex
3492 4057 3659 4129 bysso

2052 4160 2109 4211 et
2158 4167 2408 4223 purpura
2435 4159 2745 4222 ceteraque
2778 4151 3010 4207 materia
3040 4149 3357 4207 confectum
3381 4165 3493 4205 non
3514 4149 3663 4206 sine-

2053 4244 2149 4303 bat
2192 4252 2254 4300 ut
2295 4260 2361 4300 ea
2405 4244 2695 4300 videretur
2726 4261 2738 4298 :
2775 4259 2943 4315 supra
2964 4242 3152 4299 velum
3177 4250 3387 4310 autem,
3408 4250 3466 4299 et
3492 4257 3695 4312 supra

2052 4336 2355 4394 Cheruhim
2414 4351 2541 4407 quae
2585 4351 2617 4399 a
2659 4335 2856 4394 dextra
2900 4335 3147 4407 lmvaque
3184 4341 3366 4401 erant,
3392 4350 3691 4406 responsa.

2055 4430 2221 4486 dabat
2265 4430 2435 4495 Deus,
2478 4427 2781 4485 ostendens
2817 4443 2878 4486 se
2915 4435 2974 4483 et
2998 4443 3167 4499 supra
3189 4442 3410 4486 omnem
3443 4434 3663 4493 creatae

2057 4537 2176 4577 ram
2202 4536 2346 4587 esse,
2387 4528 2445 4576 et
2482 4519 2599 4591 ipsa
2624 4536 2847 4591 quoque
2869 4519 3186 4591 Seraphim,
3214 4534 3338 4591 quae
3360 4525 3493 4575 sunt
3513 4517 3663 4575 inter

347 4616 450 4672 καὶ
478 4618 678 4686 γέγονε
722 4612 885 4687 σὰρξ,
916 4613 1015 4668 καὶ
1058 4611 1139 4675 ὡς
1165 4612 1226 4666 ὲν
1259 4610 1453 4681 ὑφέσει
1481 4608 1644 4679 τυχὸν
1674 4608 1773 4678 τῆς
1814 4606 1942 4677 πρὸς

2057 4615 2360 4671 rationales
2400 4619 2687 4670 creaturas
2708 4612 3186 4684 praestantissima,
3214 4627 3336 4669 esse
3359 4612 3545 4669 divina
3569 4612 3663 4667 illa

345 4711 446 4766 τὸν
480 4710 705 4781 Πατέρα
736 4709 1009 4781 ἰσότητος,
1032 4706 1177 4762 καθὸ
1206 4706 1453 4777 πέφυκεν
1483 4702 1796 4774 ἄνθρωπος.
1829 4701 1942 4754 Τοι-

2054 4715 2222 4778 atque
2274 4704 2544 4771 ineﬂ‘abili
2591 4704 2766 4778 gloria
2811 4703 3115 4768 inferiora,
3180 4704 3488 4776 stiparique
3553 4703 3664 4761 illis

349 4802 550 4875 γάρτοι
577 4803 674 4856 καὶ¹
697 4800 938 4870 ἔφασκεν
952 4798 1166 4862 αὐτός’(
1189 4796 1247 4851 Ὀ
1269 4795 1462 4866 Πατήρ
1492 4810 1594 4864 μου
1629 4789 1834 4863 μείζων
1853 4790 1942 4862 μοι]

2055 4800 2241 4871 ipsum
2291 4800 2517 4866 Filium,
2568 4798 2826 4869 quamvis
2865 4797 2940 4854 sit
2975 4812 3104 4854 caro
3132 4797 3334 4863 factus,
3358 4803 3416 4853 et
3437 4810 3547 4867 qua
3571 4810 3662 4850 ra-

348 4897 526 4951 ὲστιν.
570 4912 591 4948 ι
623 4890 777 4959 Ἶσος
800 4893 859 4947 δὲ
891 4891 969 4947 ὢν
1006 4891 1151 4947 κατὰ
1177 4889 1339 4961 φύσιν
1378 4887 1459 4961 τῷ
1486 4885 1866 4959 γεγεννηκότι,
1896 4882 1959 4938 τὸ

348 4989 414 5042 ὲν
448 4988 632 5058 μείοσι
674 4985 930 5057 γενέσθαι
961 4984 1097 5056 φησὶ
1165 4983 1254 5037 διὰ
1299 4982 1460 5054 μόνον
1500 4979 1563 5034 τὸ
1595 4977 1956 5052 ἀνθρώπινον.

348 5077 458 5135 Διὰ
488 5076 649 5132 τοῦτο
677 5077 774 5132 καὶ
803 5078 862 5130 ὲν
890 5077 959 5148 τῇ
995 5074 1129 5147 ἁγίᾳ
1152 5076 1350 5146 σκηνῇ,
1374 5070 1563 5144 κύκλῳ
1597 5069 1696 5141 μὲν
1726 5066 1820 5122 τοῦ
1854 5083 1957 5121 κα-

350 5172 808 5243 ταπετάσματος,
842 5169 914 5226 τὰ
954 5166 1264 5241 Χερουὸὶμ,
1303 5166 1402 5221 καὶ
1435 5162 1575 5220 αὐτὰ
1601 5162 1676 5227 ὡς
1704 5161 1837 5216 Θεὸν
1870 5160 1957 5214 δο-

350 5265 711 5343 ρυφοροῦντα
742 5264 835 5318 τὸν
858 5262 1012 5318 Υίόν.
1037 5244 1150 5316 Καὶ
1175 5259 1285 5332 μὴν
1332 5257 1427 5313 καὶ
1460 5255 1627 5313 αὐτοῦ
1660 5252 1756 5309 τοῦ
1783 5270 1956 5308 κατα-

353 5361 714 5432 πτάσματος
744 5356 975 5421 ἄνωθεν,
997 5354 1027 5409 ὃ
1047 5352 1114 5427 ἦν
1143 5354 1226 5418 είς
1245 5351 1417 5406 τύπον
1450 5349 1716 5422 Χριστοῦ,
1752 5351 1956 5403 νοεῖται

353 5455 516 5518 θεός.
539 5474 557 5506 ι
579 5453 692 5507 Καὶ
712 5449 1105 5521 γνωσθήσομαι
1135 5465 1155 5500 ι
1192 5445 1324 5518 γὰρ,
1341 5445 1527 5516 φησὶν.
1563 5462 1581 5495 ι
1608 5441 1840 5507 ἐκεῖθεν,
1865 5443 1960 5497 καὶ

350 5549 583 5622 λαλήσω
607 5566 710 5603 σοι.
726 5567 745 5600 ι
767 5545 1059 5601 Ἐπέκεινα
1077 5542 1191 5615 γὰρ
1225 5541 1409 5613 πάσης
1432 5538 1664 5604 κτίσεως
1690 5538 1722 5591 ὁ
1742 5535 1957 5609 Πατὴρ,

352 5643 455 5700 καὶ
496 5640 667 5697 αὑτοῦ
718 5639 816 5696 τοῦ
861 5635 1238 5711 Ἐμμανουὴλ,
1289 5634 1351 5688 οὐ
1393 5632 1516 5687 καθ’
1543 5631 1572 5687 ὃ
1619 5632 1825 5686 νοεῖται
1864 5629 1961 5687 καὶ

357 5735 479 5790 ἔστι
513 5733 668 5799 Θεός·
698 5728 820 5797 ἶσος
853 5731 963 5805 γάρ
997 5731 1115 5784 ἐστι
1144 5726 1287 5783 κατὰ
1311 5727 1490 5782 πάντα
1509 5725 1630 5797 Θεῷ
1648 5738 1661 5752 ⁸
1695 5722 1812 5778 ἀλλ’
1833 5724 1959 5777 ὅσον

2060 4893 2211 4949 tione
2235 4891 2404 4948 homo
2426 4900 2532 4958 est,
2559 4892 2740 4948 Patris
2762 4892 3078 4963 aequalitate
3102 4888 3431 4947 submissior
3458 4905 3473 4956 ;
3502 4887 3660 4943 ideo—
3726 4882 3735 4903 ‘

2058 4999 2167 5055 que
2213 4983 2331 5054 ipse
2378 4981 2623 5048 dicebat,
2671 4980 2835 5052 335
2892 4999 2909 5032 ι
2937 4981 3101 5035 Pater
3147 4992 3307 5033 meus
3362 4976 3539 5047 major
3572 4989 3663 5029 me

2060 5083 2147 5130 est
2193 5074 2258 5129 ⁸⁸.
2297 5092 2315 5126 ι
2345 5071 2484 5128 Cum
2528 5087 2662 5128 vero
2703 5071 2778 5127 sit
2804 5068 3055 5127 Genitori
3078 5066 3384 5124 secundum
3406 5073 3664 5121 natumut

2062 5183 2182 5239 par,
2220 5165 2495 5222 minorem
2545 5180 2605 5221 se
2629 5179 2750 5220 esse
2771 5162 2909 5218 dicit
2930 5170 3162 5233 propter
3195 5160 3496 5215 humanam
3516 5155 3663 5211 dun-

2064 5265 2214 5316 taxat
2268 5266 2546 5314 naturam.
2597 5255 2680 5314 Ob
2726 5271 2849 5312 eam
2895 5268 3119 5311 causam
3167 5253 3223 5308 in
3257 5267 3416 5309 sacro
3443 5264 3666 5322 quoque

2064 5348 2418 5407 tabernaculo
2456 5348 2516 5405 in
2566 5346 2807 5403 circuitu
2843 5342 3134 5401 velaminis
3155 5351 3314 5397 erant
3337 5338 3663 5403 Cherubin),

2059 5452 2116 5500 et
2168 5443 2286 5514 ipsa
2329 5439 2561 5515 perinde
2603 5455 2671 5496 ae
2714 5438 2759 5494 si
2805 5436 3009 5497 Filium
3055 5444 3317 5506 tanquam
3360 5434 3533 5490 Deum
3561 5446 3665 5486 suo

2062 5536 2324 5596 satellitio
2372 5534 2662 5605 stiparent.
2715 5531 2894 5602 Supra
2929 5530 3110 5601 ipsum
3142 5541 3363 5599 quoque
3388 5525 3662 5590 velamen,

2064 5630 2214 5703 quod
2274 5627 2484 5686 Christi
2538 5626 2771 5700 ﬁguram
2821 5623 3069 5698 gerebat,
3109 5623 3257 5678 Deus
3288 5616 3661 5691 cognoscitur;

2073 5740 2091 5773 ι
2112 5720 2181 5776 Ει
2201 5719 2565 5784 innotescam,
2598 5735 2615 5769 ι
2648 5713 2850 5786 inquit,
2881 5732 2899 5765 ‹
2929 5711 3058 5768 inde
3081 5719 3137 5767 ct
3155 5709 3350 5781 loquar
3375 5714 3554 5762 tecum
3582 5717 3599 5759 ι
3626 5714 3651 5751 ι

439 5919 484 5949 ⁸¹
514 5915 683 5974 llebr.
709 5912 869 5983 κβοέ
916 5909 1197 5989 "Riiatth.
1242 5925 1334 5981 xu,
1372 5908 1453 5965 16.
1533 5906 1575 5940 δ”
1608 5906 1798 5964 Matth.
1826 5921 1942 5963 m1

2044 5868 2121 5974 li),
2151 5868 2241 5959 2i).
2323 5899 2558 5973 “.Joan.
2598 5911 2709 5966 xxv,
2736 5861 2849 5949 28.
