4118 6432
548 420 651 475 665
1580 419 1635 473 S.
1678 420 1955 475 CYRILLI
1995 421 2468 481 ALEXANDRINI
2512 424 2831 486 ARCHIEP.
3723 444 3824 500 σοι

546 548 673 588 nam
706 541 906 603 praeter
949 549 1169 590 omnem
1216 545 1524 590 creaturam
1568 544 1654 591 est
1702 537 1885 604 Pater,
1934 547 2101 609 praete

2201 536 2370 614 ,ἧκεν
2408 545 2488 608 εἰς
2515 544 2704 597 δούλου
2750 548 2987 620 μορφὴν,
3022 551 3115 605 καὶ
3152 553 3234 618 εἰς
3273 555 3695 632 ἀνθρωπότητος
3731 561 3827 633 μέο

546 627 726 694 ipsum
773 639 993 694 quoque
1034 623 1378 691 Emmanuel,
1426 642 1538 681 non
1578 642 1642 682 ea
1676 628 1889 685 ratione
1942 644 2050 699 qua
2076 637 2132 685 et
2237 649 2387 703 τρον.

542 726 627 773 est
656 725 713 772 et
734 718 1083 788 cognoscitur
1110 717 1285 772 Deus:
1311 734 1439 773 nam
1471 720 1698 790 aequalis
1723 728 1819 777 est“
1830 737 1929 791 per
1952 720 2136 777 omnia
2169 722 2281 779 Deo
2306 740 2321 778 :
2349 724 2444 781 sed
2484 742 2551 782 ex
2590 743 2654 783 ca
2678 736 2855 799 parte,
2885 748 3007 803 quae
3056 735 3122 791 ad
3149 737 3297 794 servi
3348 738 3582 798 formam
3619 753 3676 800 et
3718 744 3827 799 hue

542 811 824 867 manitatis
853 825 1168 866 mensuram
1191 812 1451 882 pertinet.

614 905 813 961 PALL.
839 905 1070 962 Subtilis
1100 922 1232 962 sane
1264 916 1320 961 et
1345 907 1627 965 recondita
1657 909 1947 980 expositio.

607 999 764 1055 CYR.
794 998 903 1053 Sed
933 1006 1119 1053 tamen
1144 1013 1252 1053 non
1277 998 1498 1055 aberrat
1524 1015 1555 1056 a
1577 1002 1878 1073 proposito.

2295 1004 2463 1060 ΚΥΡ.
2498 1008 2764 1079 Ἔρχεται
2790 1011 2847 1064 δὲ
2875 1012 3026 1083 ὅμως
3055 1015 3156 1070 οὐκ
3184 1017 3293 1073 ἀπὸ
3319 1022 3548 1077 σκοποῦ.

605 1089 806 1146 PALL.
832 1090 1051 1145 Fateor.

2296 1097 2509 1156 ﬂAAA.
2545 1100 2834 1174 Σύμφημι.

603 1181 762 1238 CYR.
808 1181 950 1237 Area
1000 1181 1169 1253 igitur
1212 1180 1282 1237 ad
1328 1182 1478 1238 hunc
1524 1182 1749 1241 modum
1795 1187 2097 1258 composita

2289 1187 2460 1280 ΙζΥΡ.
2497 1190 2759 1280 Ἐχούσης
2788 1194 2846 1248 δὲ
2874 1190 2976 1251 ὧδε
3009 1198 3110 1270 τῆς
3144 1201 3405 1271 κιϐωτοῦ,
3432 1225 3452 1259 ι
3471 1207 3583 1263 Καὶ
3604 1207 3809 1280 θήσεις,

543 1294 561 1327 ι
590 1275 789 1341 Poues,
819 1294 838 1327 ι
892 1274 1094 1345 inquit,
1158 1295 1175 1328 ι
1206 1276 1378 1333 altare
1415 1292 1642 1333 aureum
1684 1277 1753 1333 ad
1787 1278 2101 1335 adolendun

2217 1277 2475 1372 “quae
2530 1278 2917 1372 θυσιαστήριον
2960 1285 3024 1341 τὺ
3057 1291 3296 1359 χρυσοῦν
3351 1296 3434 1359 είς
3480 1296 3543 1351 τὺ
3614 1274 3812 1372 θυμιῷ

533 1374 729 1421 contra
753 1381 959 1422 arcam.
999 1387 1018 1419 ›
1047 1368 1224 1439 Atque
1258 1368 1539 1425 Christum
1578 1370 1804 1441 quidem
1828 1371 2101 1443 signiﬁear

2219 1370 2465 1424 ἐναντίον
2491 1371 2593 1443 τῆς
2622 1373 2882 1432 κιϐωτοῦ.
2913 1396 2933 1430 ι
2968 1379 3080 1434 Kal.
3106 1382 3345 1453 Χριστὸς
3367 1386 3465 1458 μὲν
3493 1387 3577 1443 δτι
3606 1368 3813 1445 τδήθυ-

533 1458 695 1512 altari
719 1458 814 1512 illo
842 1474 1033 1524 aureo,
1068 1460 1204 1516 satis
1226 1460 1434 1517 dictum
1457 1478 1489 1517 a
1511 1462 1672 1518 nobis
1693 1472 1847 1534 puto.
1874 1464 2101 1520 Posituu

2221 1462 2540 1556 σιαστήριόν
2564 1464 2682 1521 ἐστι
2716 1467 2777 1522 τὸ
2807 1471 3067 1542 χρυσοῦν,
3112 1474 3354 1548 διαρκῶς
3383 1480 3515 1550 ἡμῖν
3550 1483 3808 1556 είρῆσθαι

532 1558 618 1604 est
647 1558 832 1604 autem
856 1559 1048 1606 contra
1074 1566 1277 1618 arcam,
1323 1568 1488 1623 supra
1516 1569 1680 1624 quam
1706 1562 1823 1609 erat
1848 1553 2096 1610 velamen

2219 1552 2381 1653 δοκῶ.
2417 1554 2667 1613 Τέθειταί
2704 1577 2769 1630 γε
2804 1562 2914 1634 μὴν
2951 1567 3213 1622 ἀπέναντι
3237 1570 3338 1641 τῆς
3368 1552 3627 1641 κιϐωτοῦ,
3660 1552 3809 1653 έφ’ᾖ

533 1641 591 1695 in
637 1641 797 1713 cujus
832 1643 1070 1698 circuitu
1115 1641 1274 1700 erant
1299 1645 1611 1717 Seraphim,
1647 1648 1786 1703 etin
1811 1649 2101 1703 summitatl

2221 1644 2283 1699 τὸ
2306 1649 2726 1722 καταπέτασμα,
2760 1654 2856 1707 καὶ
2883 1653 3071 1729 κύκλῳ
3107 1658 3177 1713 τά
3215 1661 3493 1734 Σεραφὶμ,
3527 1667 3624 1721 καὶ

2299 913 2509 970 ΠΛΛΛ.
2556 916 2649 982 Ὠς
2676 918 2877 984 λεπτος
2906 921 2935 973 ὁ
2961 921 3119 991 λόγος
3147 926 3245 979 καὶ
3278 925 3468 996 βαθύς.

530 1736 697 1802 Deus,
730 1744 989 1807 tanquam
1013 1738 1161 1794 illius
1190 1739 1514 1795 Emmanuel
1556 1740 1888 1812 singularem
1931 1741 2118 1797 odoris

2223 1736 2366 1808 τέρω
2389 1738 2542 1808 Θεδς,
2561 1742 2724 1796 οἱονεὶ
2746 1742 3037 1817 δεχόμενος
3057 1749 3156 1821 τὴν
3174 1749 3564 1826 ἀπαράϐλητον
3580 1757 3809 1815 εὐωδίαν

529 1806 858 1886 suavitatem
901 1830 1217 1901 exciperet:
1268 1846 1452 1903 neque
1479 1832 1626 1888 enim
1647 1806 1935 1904 peccatum
1962 1833 2101 1900 fecit1

2215 1806 2310 1882 τοῦ
2356 1806 2722 1905 Ἐμμανουήλ.
2768 1806 2847 1889 Ol":
2875 1806 3309 1912 ‘yap'érrotncev

528 1933 712 1989 neque
760 1920 1016 1976 inventus
1047 1929 1131 1977 est
1160 1921 1320 1978 dolus
1363 1923 1422 1978 in
1463 1938 1563 1978 ore
1591 1916 1729 1995 ejus,
1772 1933 1832 1980 ut
1852 1926 2116 1996 scriptum

527 2021 614 2069 est
672 2013 757 2069 "z
795 2015 1029 2087 ideoque
1074 2016 1295 2072 dicebat
1339 2016 1501 2088 ipse:
1559 2037 1577 2070 ‹
1615 2018 1779 2073 Pater
1813 2018 1991 2091 diligit
2023 2018 2115 2074 Fi-

526 2104 664 2181 lium
688 2105 753 2163 ‘7.
794 2126 814 2159 ι
858 2107 1084 2179 Accepti
1125 2108 1292 2163 etiam
1332 2109 1446 2165 Deo
1492 2124 1595 2164 nos
1616 2108 1718 2180 ipsi
1744 2125 1953 2178 sumus,
1989 2127 2113 2166 cum

525 2195 734 2253 Christi
789 2208 1132 2271 unguentum
1189 2200 1539 2257 redoleamus
1576 2218 1591 2269 ;
1627 2202 1783 2273 cujus
1824 2203 1905 2257 rei
1950 2201 2113 2258 ﬁdem

524 2292 658 2349 facit
702 2293 908 2350 Paulus
952 2294 1242 2350 scribens:
1290 2313 1307 2345 ι
1335 2293 1449 2349 Deo
1502 2303 1686 2348 autem
1746 2294 1966 2364 gratias,
2019 2294 2113 2364 qui

524 2397 744 2454 semper
788 2383 1095 2455 triumphat
1124 2399 1226 2440 nos
1264 2384 1322 2439 in
1344 2382 1587 2450 Christo,
1636 2393 1695 2439 et
1718 2383 1945 2439 odorem
1971 2384 2115 2440 noti-

524 2475 616 2533 tia:
651 2492 765 2532 sua:
792 2476 1109 2533 manifestat
1130 2492 1232 2548 per
1250 2491 1371 2544 nos,
1398 2476 1526 2548 quia
1544 2475 1748 2533 Christi
1773 2476 1958 2534 bonus
1975 2478 2114 2535 odor

415 2628 422 2635 ,
524 2584 717 2625 sumus
738 2569 853 2625 Deo
884 2568 951 2625 η.
987 2587 1006 2621 ι

1198 2608 1225 2631 \

596 2660 796 2716 PALL.
822 2661 995 2717 Recte
1019 2677 1170 2719 sane.

594 2752 755 2809 CYR.
805 2753 961 2821 Quod
995 2755 1040 2809 si
1064 2755 1120 2810 in
1156 2771 1241 2821 ea,
1282 2771 1404 2827 quae
1438 2757 1641 2829 scripta
1667 2765 1816 2822 sunt,
1854 2767 2110 2814 accurate

524 2842 695 2897 animi
732 2844 904 2899 aciem
939 2843 1360 2912 intenderimus,
1396 2840 1532 2903 illud
1563 2847 1892 2915 videbimus,
1924 2863 2110 2904 arcam

524 2931 745 3002 quidem
787 2932 845 2988 in
873 2934 1046 2991 latere
1077 2934 1417 2992 tabernaculi
1464 2937 1613 3008 quod
1645 2938 1713 2994 ad
1743 2955 1998 2995 occasum
2023 2955 2110 2995 re-

524 3023 810 3092 spiciebat,
833 3024 1005 3081 fuisse
1031 3026 1353 3082 collocatam
1387 3069 1402 3094 ,
1426 3036 1484 3083 et
1507 3037 1700 3084 contra
1728 3045 1848 3084 eam
1875 3045 2108 3086 aureum

2217 1920 2414 1995 εὑρέθη
2448 1921 2597 1988 δόλος
2630 1925 2688 1979 ὲν
2722 1926 2801 1998 τῷ
2829 1929 3057 1998 στόματι
3087 1932 3272 2003 αὐτοῦ,
3299 1935 3446 1991 καθά
3472 1936 3803 2009 γέγραπταιο

2215 2014 2493 2086 τοιγάρτοι
2521 2017 2619 2071 καὶ
2638 2016 2880 2089 ἔφασκεν
2904 2020 3085 2089 αὐτὸς,
3122 2041 3143 2076 ι
3185 2024 3249 2079 '0
3272 2026 3464 2100 Πατὴρ
3500 2028 3695 2101 ἀγαπᾷ
3716 2028 3805 2085 τὸν

2216 2102 2368 2158 Υἰόν.
2392 2123 2412 2156 ι
2432 2106 2620 2160 Δεκτοὶ
2646 2106 2704 2161 δὲ
2731 2108 2810 2180 τῷ
2828 2109 2947 2182 Θεῷ
2969 2110 3065 2165 καὶ
3091 2113 3252 2184 ἡμεῖς
3282 2115 3455 2181 αὐτοὶ,
3481 2117 3543 2171 τὸ
3565 2117 3805 2191 Χριστοῦ

2220 2194 2394 2268 μύρον
2434 2198 2840 2267 εύωδιάζοντες.
2883 2203 3224 2261 Πιστώσεται
3272 2207 3333 2262 δὲ
3374 2209 3471 2264 καὶ
3512 2213 3541 2265 δ
3590 2211 3805 2279 Παῦλος

2214 2289 2445 2358 γράφων
2471 2306 2486 2321 ο
2524 2309 2545 2344 ι
2572 2291 2662 2363 Τῷ
2707 2292 2767 2347 δὲ
2809 2292 2931 2365 Θεῷ
2970 2295 3131 2367 χάρις
3186 2297 3267 2369 τῷ
3315 2300 3552 2355 πάντοτε
3600 2301 3804 2374 θριαμ-

2214 2376 2427 2434 ϐεύοντι
2460 2381 2607 2453 ἡμᾶς
2633 2383 2692 2438 έν
2716 2382 2796 2455 τῷ
2829 2385 3071 2458 Χριστῷ,
3103 2388 3199 2443 καὶ
3221 2387 3320 2461 τὴν
3341 2390 3517 2463 ὀσμὴν
3536 2391 3637 2463 τῆς
3656 2392 3801 2462 γνώ-

2215 2486 2355 2535 σεως
2385 2471 2552 2526 αὐτοῦ
2586 2475 2911 2548 φανεροῦντι
2935 2476 3004 2532 δι’
3036 2480 3208 2551 ἡμᾶς,
3230 2481 3312 2536 ὅτι
3338 2482 3579 2554 Χριστοῦ
3600 2484 3802 2541 εὐωδία

2214 2562 2388 2634 ἐσμὲν
2415 2565 2495 2637 τῷ
2532 2566 2674 2639 Θεῷ.
2709 2586 2730 2622 ι

2282 2656 2493 2711 ΠΔΛΛ.
2533 2657 2744 2731 Ὀρθῶς
2771 2659 2929 2734 Eme.

2282 2748 2450 2805 ΚΥΡ.
2500 2748 2804 2824 Ἐννοῶμεν
2850 2754 2917 2827 δὴ
2967 2749 3063 2811 οῦν
3090 2757 3356 2831 ἀκριϐῶς,
3400 2761 3515 2825 τοῖς
3546 2778 3802 2837 γεγραμ-

2213 2838 2396 2911 μένοις
2428 2840 2666 2908 ἐνιέντες
2697 2844 2789 2899 τὸν
2818 2846 3121 2921 ὀφθαλμὸν,
3159 2850 3408 2924 ίδρύσθαι
3437 2854 3537 2926 μὲν
3572 2855 3675 2928 τὴν
3711 2874 3795 2911 κι-

2210 2929 2383 3025 ϐωτὸν
2409 2932 2474 2987 ὲν
2499 2933 2577 3005 τῷ
2602 2935 2740 3007 πρὸς
2765 2936 2889 2993 λίϐα
2937 2941 3033 2995 καὶ
3051 2941 3262 3014 δυσμάς
3286 2944 3458 3002 κλίτει
3505 2948 3606 3020 τῆς
3632 2948 3796 3025 ἁγίας

2171 3025 2179 3032 ”
2210 3023 2451 3096 σκηνῆς·
2486 3025 2748 3084 ἀπέναντι
2785 3030 2844 3084 δὲ
2886 3033 3057 3105 αὑτῆς
3116 3035 3181 3090 τδ
3211 3036 3450 3109 χρυσοῦν
3494 3023 3794 3113 θυσιαστή-

522 3115 695 3172 altare
745 3116 802 3171 in
839 3116 962 3174 loco
1015 3117 1113 3189 qui
1165 3118 1240 3174 ad
1281 3118 1552 3177 orientem
1598 3122 1920 3193 spectabat:
1952 3129 2101 3178 ortus

2213 3130 2346 3187 ριον,
2374 3116 2432 3170 ὲν
2455 3117 2533 3190 τῷ
2566 3120 2703 3192 πρὸς
2730 3122 2926 3179 ἀκτῖνα
2965 3125 3136 3198 τόπῳ.
3186 3128 3328 3193 Ἠὼς
3359 3129 3468 3204 γὰρ
3502 3134 3598 3186 καὶ
3642 3132 3796 3197 δύσις

520 3207 671 3261 enim
724 3216 780 3263 et
827 3224 1076 3277 occasus,
1101 3211 1287 3283 aquilo
1332 3212 1464 3268 item
1486 3222 1543 3269 et
1563 3221 1751 3270 auster
1777 3214 1996 3270 Christo
2016 3231 2107 3271 re-

524 3298 703 3368 pletus
747 3308 852 3356 est.
898 3301 1087 3374 Itaque
1133 3303 1524 3359 candelabrum
1556 3305 1629 3361 ad
1650 3292 1900 3361 austrum
1929 3306 2110 3362 taber-

522 3392 723 3447 naculi
761 3393 999 3449 locatum
1044 3403 1182 3462 erat,
1215 3411 1403 3453 mensa
1442 3406 1627 3454 autem
1658 3398 1727 3455 ad
1748 3399 2103 3470 aquilonem:

521 3496 757 3556 utroque
799 3502 932 3543 vero
969 3487 1249 3546 Christum
1288 3491 1604 3564 significari,
1643 3493 1804 3564 longa
1835 3493 1946 3564 jam
1976 3494 2105 3549 ora;

521 3578 670 3654 tione
714 3578 1262 3639 demonstravimus:
1298 3600 1426 3640 nam
1480 3585 1669 3640 lumen
1716 3585 1937 3656 quidem
1983 3601 2104 3642 esse

516 3669 819 3739 Christum,
873 3673 1097 3729 lucerna
1155 3674 1400 3732 declarat
1430 3693 1445 3744 ;
1509 3692 1698 3733 mensa
1724 3693 1857 3734 vero
1889 3679 1946 3734 et
1980 3695 2103 3750 quae

518 3762 574 3815 in
613 3777 679 3816 ea
736 3764 1180 3833 continebantur,
1229 3767 1483 3823 eumdem
1538 3783 1661 3823 esse
1708 3767 1879 3823 vitam
1924 3784 1987 3825 ac
2008 3785 2104 3841 pa-

517 3871 644 3911 nem
676 3855 863 3911 vivum
884 3857 1204 3913 ostendunt.
1232 3859 1372 3914 illud
1405 3867 1587 3915 tamen
1615 3862 1937 3932 mysterium
1969 3878 2104 3919 con-

514 3947 725 4005 sideres
772 3957 938 4021 atque
995 3951 1383 4022 contempleris
1414 3953 1601 4020 velim,
1634 3954 1868 4010 maxime
1895 3955 1962 4010 ad
1994 3970 2097 4010 au-

513 4048 689 4094 strum
746 4055 868 4096 esse
919 4040 1235 4096 Iudaeorum
1269 4038 1568 4113 regionem,
1604 4051 1666 4098 ut
1698 4052 1891 4099 contra
1924 4044 2099 4116 genti-

508 4128 644 4185 lium
688 4130 757 4187 ad
785 4132 1119 4203 aquilonem.
1152 4131 1321 4205 336
1345 4133 1515 4205 Igitur
1546 4150 1613 4190 ex
1639 4136 1928 4207 utriusque
1961 4138 2093 4205 situ,

510 4221 858 4290 candelabri,
904 4224 1151 4294 inquam,
1220 4232 1277 4281 et
1319 4216 1523 4283 meum
1552 4268 1566 4293 ,
1623 4227 1886 4298 perfacile
1985 4228 2095 4286 erit

508 4313 825 4369 volentibus
874 4314 1201 4387 intelligere,
1252 4316 1458 4373 Iudaeis
1515 4318 1738 4388 quidem
1798 4327 1862 4376 ut
1903 4319 2091 4375 lumen

508 4402 781 4459 cﬂ‘ulsisse
826 4404 1123 4471 Christum,
1151 4413 1207 4462 et
1239 4407 1391 4478 apud
1409 4407 1561 4477 ipsos
1587 4407 1678 4463 illa
1704 4408 1872 4463 verba
1895 4406 2095 4479 praedi-

2215 3209 2563 3279 μεμέστωται
2588 3214 2689 3269 τοῦ
2713 3216 2976 3288 Χριστοῦ,
3013 3219 3217 3294 βορρᾶς
3258 3240 3317 3277 τε
3357 3224 3450 3278 καὶ
3479 3225 3651 3290 νότος.
3684 3227 3794 3280 Καὶ

2208 3299 2340 3368 γοῦν
2368 3301 2534 3369 τόπος
2562 3305 2662 3375 μὲν
2689 3310 2754 3379 τῇ
2784 3307 2997 3383 λυχνίᾳ,
3028 3312 3098 3367 τά
3135 3313 3285 3368 νότια
3321 3313 3421 3386 τῆς
3459 3316 3690 3387 σκηνῆς.
3722 3319 3790 3390 τῇ

2206 3390 2264 3445 δὲ
2310 3394 2581 3469 τραπέζῃ,
2620 3396 2689 3452 τά
2719 3399 2856 3473 πρὸς
2888 3402 3109 3476 βορρᾶν.
3156 3405 3269 3460 Καὶ
3304 3405 3388 3461 δτι
3422 3407 3492 3462 δι’
3526 3409 3733 3480 ἀμφοῖν
3762 3411 3792 3463 δ

2206 3483 2444 3557 Χριστὸς
2477 3491 2824 3561 σημαίνεται,
2879 3495 3047 3561 πολὺς
3101 3498 3236 3569 ἡμῖν
3280 3498 3379 3571 ἤδη
3430 3499 3792 3574 προαπέδειξι

2205 3578 2361 3651 λόγος
2385 3598 2402 3616 σ
2433 3583 2517 3639 ὅτι
2560 3584 2658 3655 μὲν
2689 3585 2796 3658 γὰρ
2836 3588 2951 3657 φῶς
2971 3591 3000 3644 ό
3035 3591 3293 3662 Χριστὸς,
3324 3593 3358 3664 ἡ
3388 3592 3582 3665 λυχνία
3615 3593 3788 3667 δηλοῖ⁸

2203 3675 2285 3729 ὅτι
2313 3675 2370 3729 δὲ
2419 3675 2531 3749 ζωὴ
2563 3679 2657 3732 καὶ
2685 3679 2848 3751 ἀρτος
2873 3681 2902 3735 ὁ
2935 3682 3065 3748 ζῶν,
3092 3685 3125 3755 ἠ
3160 3684 3410 3757 τράπεζα
3454 3686 3557 3758 μὲν
3600 3687 3696 3742 καὶ
3721 3686 3791 3742 τά

2203 3763 2262 3837 ἐν
2299 3766 2459 3838 αὐτῇ.
2489 3767 2637 3841 Πλὴν
2664 3769 2840 3826 ἐκεῖνο
2866 3772 3100 3839 διανοοῦ,
3124 3774 3221 3829 καὶ
3269 3775 3425 3848 ἄθρει
3471 3778 3533 3833 τὸ
3578 3780 3790 3853 μυστήο

2206 3874 2339 3929 ριονο
2374 3859 2692 3934 Νοτιωτάτη
2752 3862 2855 3934 μὲν
2898 3865 3009 3936 γὰρ
3050 3867 3159 3924 τῶν
3208 3867 3479 3924 Ἰουδαίων
3526 3871 3560 3942 ἡ
3607 3870 3786 3945 χώρα,

2203 3948 2518 4024 βορειοτέρα
2548 3953 2605 4008 δὲ
2630 3954 2844 4028 πάλινή
2868 3956 2976 4013 τῶν
3004 3958 3194 4016 ἐθνῶν.
3218 3959 3430 4015 Οὐκοῦν
3462 3962 3569 4017 ἀπό
3599 3979 3664 4033 γε
3686 3963 3790 4036 τῆς

2199 4038 2402 4113 θέσεως
2420 4042 2521 4114 τῆς
2544 4046 2766 4117 ἀμφοῖν,
2792 4048 2894 4117 τῆς
2916 4066 2976 4103 τε.
2999 4049 3220 4124 λυχνίας
3245 4051 3461 4124 καὶτῆς
3479 4054 3784 4127 τραπέζης,

2198 4150 2271 4205 φη
2282 4133 2362 4204 μὶ,
2405 4136 2688 4207 περιέσται
2709 4138 2880 4211 δήπου
2923 4144 3036 4206 τοῖς
3065 4141 3338 4198 ἐθέλουσιν
3365 4140 3424 4200 εὖ
3451 4146 3597 4218 μάλα
3618 4152 3782 4216 νοεῖν,

2196 4230 2277 4284 ὅτι
2306 4234 2419 4296 τοῖς
2461 4232 2562 4303 μὲν
2612 4235 2887 4300 Ἰουδαίοις
2938 4237 3054 4308 φῶς
3091 4238 3407 4312 ἐπέλαμψεν
3452 4242 3483 4296 δ
3523 4242 3781 4315 Χριστὸς,

2196 4321 2291 4375 καῖ¹
2328 4323 2458 4394 παρ’
2481 4324 2662 4390 αὐτοῖς
2711 4327 3009 4400 ἐκήρυττεν
3032 4370 3047 4397 ,
3087 4349 3105 4382 ι
3142 4330 3285 4401 Ἐγώ
3323 4333 3438 4405 εἰμι
3482 4333 3545 4387 τὸ
3587 4334 3726 4405 φῶς.
3758 4356 3776 4389 ι

2208 4411 2570 4472 Ἀπέσταλται
2616 4417 2727 4492 γάρ
2771 4421 2854 4485 είς
2901 4421 2971 4476 τά
3021 4422 3271 4495 πρόϐατα
3329 4424 3401 4479 τά
3458 4424 3781 4481 ἀπολωλότα

509 4511 685 4563 casse,
725 4515 742 4548 ι
783 4497 896 4568 Ego
930 4513 1053 4553 sum
1109 4499 1203 4554 lux
1252 4498 1317 4554 ⁸ο.
1356 4518 1376 4551 ι
1422 4498 1620 4554 Missus
1661 4507 1747 4555 est
1809 4500 1958 4555 enim
2018 4499 2086 4555 ad

2202 4505 2352 4560 οἴκου
2399 4508 2637 4580 Ἰσραήλ.
2673 4511 2803 4574 Καὶ,
2841 4530 2862 4564 ι
2897 4492 3089 4570 Αὐτῶν
3118 4513 3256 4571 εἰσιν
3298 4515 3356 4569 αἱ
3383 4515 3773 4586 ὲπαγγελίαι,ι

506 4596 659 4648 oves,
695 4598 815 4652 quae
850 4586 1130 4655 perierant
1172 4586 1370 4641 domus
1408 4586 1574 4641 Israel
1604 4587 1673 4652 ⁸⁸,
1702 4593 1760 4642 et
1790 4604 1804 4641 :
1840 4606 1859 4639 ι
1887 4586 2093 4644 Eorum

508 4680 637 4728 sunt
663 4674 1060 4744 promissiones
1094 4717 1108 4742 ,
1144 4695 1161 4728 ι
1190 4687 1252 4733 ιιι
1291 4677 1595 4748 Scriptum
1626 4677 1819 4733 dicunt
1855 4679 1901 4711 ⁸³
1934 4721 1946 4733 .
1984 4679 2092 4735 Sed

505 4766 767 4835 quoniam
831 4768 968 4824 illud
1037 4769 1291 4825 veritatis
1344 4770 1532 4826 lumen
1594 4772 1820 4827 minime
1857 4772 2094 4830 admise-

506 4867 655 4925 runt,
696 4859 871 4917 factus
908 4871 993 4917 est
1030 4861 1287 4933 gentibus
1321 4861 1432 4916 vita
1478 4870 1535 4918 et
1591 4863 1752 4933 panis
1802 4864 1870 4920 de
1928 4866 2088 4924 coelo.

503 4949 695 5022 Neque
728 4967 859 5007 vero
878 4962 1071 5025 gentes
1097 4952 1307 5007 lumine
1331 4962 1563 5022 carent;
1603 4954 1769 5026 idque
1795 4972 1863 5012 ex
1891 4971 1959 5012 eo
2002 4958 2091 5013 in-

506 5042 745 5112 1clliges,
769 5042 917 5113 quod
943 5042 1260 5098 candelabri
1287 5044 1474 5100 lumen
1503 5046 1668 5102 etiam
1693 5047 1761 5103 ad
1801 5049 2089 5121 aquilona—

508 5146 596 5186 rcs
636 5131 977 5187 tabernaculi
1014 5140 1201 5203 partes
1242 5134 1587 5203 penetrabat.
1644 5136 1715 5192 Et
1753 5138 1882 5208 quia
1914 5154 2090 5209 angu-

502 5224 807 5280 stissimum
854 5233 974 5280 erat
1026 5224 1231 5281 factum
1290 5226 1425 5282 illud
1470 5229 1907 5299 tabernaculum,
1950 5232 2091 5287 nihil

504 5315 730 5370 absurdi
786 5326 872 5372 est
916 5318 1251 5385 existimare,
1295 5322 1694 5392 propemodum
1748 5323 1829 5378 illi
1883 5339 2089 5381 mensae

504 5403 817 5473 appositum
857 5404 1027 5463 fuisse
1062 5408 1475 5477 candelabrum,
1514 5411 1648 5468 licet
1683 5412 1979 5468 australem
2002 5415 2088 5469 lo-

504 5510 629 5550 cum
692 5505 921 5555 tencret.
983 5500 1234 5558 Declarat
1279 5503 1446 5559 etiam
1504 5504 1611 5559 alia
1668 5504 1881 5560 ratione
1928 5506 2093 5562 nobis

504 5584 639 5641 illud
680 5586 798 5645 haec
833 5589 1023 5661 ﬁgura.
1054 5592 1147 5647 ubi
1176 5593 1427 5649 divinum
1456 5595 1644 5650 lumen
1683 5595 1927 5663 illuceat,
1974 5606 2091 5652 tum

464 5677 592 5743 liis,
637 5681 730 5751 qui
779 5682 929 5755 digni
982 5695 1131 5753 sunt,
1195 5687 1363 5744 licere
1392 5687 1597 5745 Christi
1630 5695 1888 5759 tanquam
1935 5690 2094 5761 panis

572 5797 617 5829 “
648 5798 749 5856 lsa.
782 5816 891 5867 Llll,
920 5802 970 5858 9.
1028 5802 1072 5836 "7
1095 5802 1251 5860 Joan.
1282 5804 1466 5872 "1,55.
1537 5802 1579 5837 ιε
1613 5803 1656 5861 ΙΙ
1682 5804 1806 5862 Cor.
1838 5822 1894 5876 ιι,
1940 5806 2027 5877 Li,
2062 5806 2101 5864 ιε

2201 5810 2227 5841 ’τ’
2245 5807 2398 5869 Joaa.
2425 5826 2537 5879 vui,
2571 5812 2651 5868 12.

1856 6047 1879 6099 ί
1936 6030 1944 6037 .

2191 4596 2334 4651 κατά
2367 4598 2466 4663 τὰς
2488 4599 2730 4671 Γραφάς.
2774 4602 2928 4657 Ἐπεὶ
2957 4603 3013 4659 δὲ
3043 4606 3104 4659 οὐ
3141 4602 3492 4679 προσήκαντο
3518 4607 3620 4678 τῆς
3642 4607 3782 4679 ἀλη-

2191 4684 2342 4752 θείας
2373 4688 2434 4742 τὸ
2475 4688 2620 4761 φῶς,
2673 4691 2865 4761 γέγονε
2897 4696 3010 4758 τοῖς
3052 4694 3263 4751 ἔθνεσιν
3295 4696 3407 4770 ζωὴ
3471 4697 3567 4752 καὶ
3613 4697 3782 4766 ἄρτος

2189 4778 2537 4852 ἐξιούρανοῦσ
2589 4783 2683 4835 καὶ
2718 4783 2779 4837 ού
2810 4784 2932 4856 δίχα
2965 4787 3140 4854 φωτὸς
3172 4787 3243 4843 τὰ
3291 4788 3456 4860 ἔθνη⁹
3486 4789 3583 4843 καὶ
3620 4788 3781 4843 τοῦτο

2187 4868 2234 4921 δ’
2262 4869 2329 4923 ἂν
2358 4869 2573 4941 μάθοις,
2603 4872 2885 4943 διήκοντος
2927 4876 3020 4931 τοῦ
3057 4878 3235 4947 φωτὸς
3285 4883 3387 4953 τῆς
3416 4879 3641 4951 λυχνίας
3680 4880 3780 4934 καὶ

2189 4961 2271 5024 εἰς
2298 4961 2369 5014 τά
2402 4962 2587 5035 βόρεια
2618 4965 2719 5035 τῆς
2753 4968 2979 5039 σκηνῆς.
3015 4970 3349 5044 Στενοτάτης
3379 4972 3437 5028 δὲ
3469 4971 3638 5042 οὔσης
3676 4974 3781 5043 τῆς

2190 5055 2395 5124 σκηνῆς
2418 5053 2518 5122 τῆς
2559 5056 2738 5126 ἁγίας,
2770 5058 2833 5112 τὸ
2872 5062 3099 5127 ἀπεικὸς
3130 5064 3304 5129 οὐδὲν,
3361 5065 3644 5136 μονονουχὶ
3680 5063 3780 5118 καὶ

2187 5145 2617 5216 παρατεθεῖσθαι
2644 5150 2821 5206 δοκεῖν
2860 5156 2926 5225 τῇ
2967 5153 3215 5228 τραπέζῃ
3247 5156 3346 5227 τὴν
3392 5155 3639 5227 λυχνίαν,
3666 5155 3779 5210 κᾶν

2188 5236 2238 5290 εί
2266 5228 2356 5292 τὸν
2381 5238 2555 5295 νότιον
2584 5241 2683 5315 ἔχῃ
2719 5243 2903 5299 τόπον.
2949 5247 3271 5318 Ἐμφανίζει
3297 5249 3353 5304 δὲ
3381 5250 3516 5321 ἡμῖν
3543 5248 3638 5303 καὶ
3663 5246 3783 5301 ἑτέ-

2192 5344 2300 5400 ρως
2326 5331 2354 5383 ὁ
2381 5330 2570 5397 τύπος,
2596 5333 2672 5398 ὡς
2697 5334 2842 5390 θείου
2867 5338 3043 5408 φωτὸς
3075 5339 3452 5412 ὲκλάμποντος
3477 5338 3677 5407 γένοιτ’
3707 5341 3779 5393 ἂν

2186 5423 2298 5485 τοῖς
2332 5422 2505 5489 ἀξίοις
2530 5423 2589 5478 τὸ
2625 5427 2948 5499 μεταλαχεῖν
2978 5430 3236 5488 δύνασθαι
3264 5433 3358 5487 τοῦ
3400 5433 3661 5505 Χριστοῦ,
3697 5433 3778 5497 ὡς

2188 5510 2352 5581 ἄρτου
2388 5510 2591 5579 ζῶντος
2632 5517 2727 5571 καὶ
2774 5518 3049 5591 ἀληθινοῦ.
3091 5521 3365 5594 Σύσσωμα
3410 5523 3466 5578 δὲ
3500 5523 3595 5578 καὶ
3631 5541 3775 5593 συμ-

2194 5603 2395 5673 μέτοχα
2419 5604 2611 5676 γέγονε
2646 5610 2714 5664 τά
2746 5610 2872 5682 ἔθνη
2913 5611 3172 5683 Χριστοῦ.
3216 5615 3422 5687 Γράφει
3454 5615 3510 5668 δὲ
3553 5614 3718 5669 πάλιν
3745 5615 3780 5669 ὁ

2192 5692 2481 5760 θεσπέσιος
2509 5698 2717 5765 Παῦλος
2747 5718 2759 5732 ·
2794 5702 3070 5775 Σύσσωμα
3100 5705 3155 5760 δὲ
3191 5706 3285 5761 καὶ
3328 5707 3648 5778 συμμέτοχα
3686 5704 3776 5776 γὲ.

2768 5815 2814 5849 ⁸⁰
2840 5816 3031 5874 Matth.
3060 5835 3150 5889 xv,
3181 5820 3272 5876 24.
3351 5822 3390 5854 θ’
3417 5822 3579 5880 Rom.
3610 5838 3687 5892 Ix,
3712 5820 3770 5879 9.
