4118 6462
442 436 549 497 665
1186 444 1277 501 DE
1315 445 1769 503 ADORATIONE
1808 445 1879 501 IN
1918 443 2191 501 SPlRlTU
2228 446 2319 502 ET
2360 448 2738 507 VERITATE.
2776 451 2907 507 LIB.
2951 450 3019 507 Χ.
3631 450 3739 508 666

441 572 569 626 γονε
599 557 673 612 τὰ
702 557 836 632 ἔθνη
870 558 1070 631 φωτὸς,
1097 560 1345 634 δηλονότι
1372 564 1465 619 τοῦ
1505 564 1723 637 νοητοῦ,
1760 581 2038 636 προσανα-

2154 562 2253 618 vivi
2303 581 2370 621 ac
2422 568 2543 623 veri
2580 570 2885 642 participes
2924 569 3070 626 ﬁeri.
3112 567 3323 627 Scribit
3364 568 3515 625 enim
3546 567 3745 625 beatus

444 650 814 722 πιμπλάμενα
862 673 883 706 ι
915 654 1317 728 διαυγαζούσης
1345 657 1583 730 ἡμέρας,
1614 658 1708 712 καὶ
1734 657 2034 730 Φωσφόρου

2154 657 2367 724 Paulus,
2417 668 2613 730 gentes
2636 677 2759 719 esse
2782 663 3213 735 concorporales
3236 671 3402 734 atque
3441 663 3745 733 comparti-

443 743 586 847 κατὰ
613 743 740 799 νοῦν
765 744 1172 815 ἀνατέλλοντος,
1200 768 1220 802 1
1252 747 1358 821 ἔφη
1417 751 1528 823 γάρ
1551 767 1637 815 τις
1666 749 1776 804 τῶν
1807 749 1902 804 τοῦ
1930 751 2038 808 Σω-

2154 748 2294 820 :ipes
2331 749 2539 807 Christi
2562 754 2630 808 5'.
2656 753 3098 826 Concorporales
3116 770 3284 826 porro
3313 763 3371 811 et
3390 753 3749 824 compartici-

439 835 611 908 τῆρος
636 837 920 908 μαθητῶν.
955 839 1219 913 Ἐχόντων
1252 842 1310 897 δὲ
1340 834 1444 898 ὧδε
1476 841 1680 908 θέσεὼς
1714 859 1774 897 τε
1808 842 1903 897 καὶ
1937 860 2040 898 κα-

2154 840 2239 914 pes
2253 842 2413 900 factas
2427 853 2783 918 suntgentes,
2806 862 2934 903 cum
2952 848 3164 904 lumine
3183 847 3461 918 spirituali
3478 844 3746 902 nimirum

440 930 720 1001 τασκευῆς
747 932 858 986 τῶν
910 933 973 988 ὲν
1019 935 1137 999 τοῖς
1179 934 1385 1005 Ἀγίοις
1432 935 1544 991 τῶν
1581 934 1774 1005 ἁγίων,
1797 934 2041 991 ἐπίσπα-

2154 936 2367 1006 replette
2414 946 2583 1003 sunt,
2622 956 2642 990 ι
2675 938 2771 994 ubi
2801 940 2925 996 dies
2951 940 3153 1006 illuxit,
3178 949 3236 995 et
3267 938 3489 994 Lucifer
3526 938 3586 993 in
3623 937 3747 993 ani-

422 1038 627 1094 -στρον,
649 1023 771 1096 ἦτοι
814 1026 1240 1100 καταπέτασμα,
1260 1027 1518 1100 γενέσθαι
1567 1028 1945 1100 προστέταχεν
1980 1027 2039 1096 ἐξ

2154 1028 2247 1084 mis
2269 1030 2477 1086 nostris
2507 1040 2734 1087 exortus
2754 1041 2860 1098 est,
2897 1052 2915 1085 ι
2946 1032 3023 1088 ait
3054 1032 3280 1104 quidam
3311 1031 3614 1088 Salvatoris
3642 1047 3747 1087 no-

444 1114 705 1170 ύακίνθου
742 1118 841 1173 καὶ
873 1119 1182 1193 πορφύρας,
1216 1121 1315 1176 καὶ
1335 1121 1593 1177 κοκκίνου
1626 1121 2039 1192 κεκλωσμένου,

2154 1124 2245 1179 stri
2269 1124 2582 1196 discipulus
2616 1127 2685 1181 ⁵⁸.
2724 1127 2799 1183 lis
2823 1127 3013 1199 igitur,
3044 1144 3168 1199 qua:
3197 1128 3255 1183 in
3282 1126 3500 1183 Sanctis
3525 1135 3749 1182 sancto-

444 1210 540 1263 καὶ
558 1208 757 1280 βύσσου
774 1212 1134 1285 νενησμένηςο
1146 1212 1306 1269 τοῦτο
1320 1214 1378 1268 δὲ
1401 1216 1522 1280 ταῖς
1544 1213 1752 1286 σκηνῆς
1769 1212 2043 1278 εἰσϐολαῖς

2154 1232 2269 1272 rum
2299 1226 2483 1286 erant,
2515 1219 2584 1275 ad
2615 1219 2767 1276 hunc
2798 1220 3026 1276 modum
3064 1220 3350 1276 collocatis
3401 1228 3565 1291 atque
3590 1233 3747 1285 com-

444 1303 850 1376 περιτείνεσθαι
872 1305 982 1361 δεῖν
1004 1306 1243 1377 ἔφασκεν
1266 1308 1602 1377 ἀναγκαίως,
1624 1306 1786 1361 πέντε
1816 1309 2043 1380 χρυσοῖς

2154 1310 2338 1381 positis
2360 1352 2376 1378 ,
2428 1311 2821 1369 adductorium
2874 1329 2974 1370 seu
3015 1314 3271 1369 velamen
3302 1311 3421 1368 ﬁeri
3445 1312 3632 1384 jussit,
3679 1327 3751 1366 ex

442 1396 891 1470 ἐπαιωρούμενον
942 1399 1176 1466 στύλοις,
1211 1391 1287 1455 ὧν
1315 1402 1372 1455 αἰ
1420 1400 1609 1473 βάσεις
1665 1399 1886 1471 χαλκαῖ.
1929 1398 2043 1453 Καὶ

2154 1403 2446 1476 hyacintho
2466 1413 2524 1471 et
2551 1420 2818 1477 purpura,
2837 1414 2895 1462 et
2928 1420 3096 1463 cocco
3129 1412 3366 1471 torto,et
3398 1404 3564 1476 bysso
3590 1412 3746 1469 neta;

443 1488 824 1563 ὲπίσπαστρον
876 1491 974 1563 μὲν
1025 1491 1306 1564 ὀνομάζει,
1330 1492 1433 1565 τῆς
1487 1491 1661 1564 θύρας
1698 1491 1761 1547 τὸ
1812 1493 2043 1567 περιτά-

2154 1496 2314 1568 idque
2359 1497 2431 1553 ad
2480 1497 2664 1569 ipsum
2714 1497 3061 1555 tabernaculi
3092 1497 3296 1554 ostium
3337 1494 3751 1552 extendendum

443 1597 653 1653 νυσμα,
675 1580 768 1637 διὰ
789 1581 871 1649 τὸ,
895 1581 1074 1655 οἶμαι,
1103 1583 1322 1650 λεπτοῖς
1337 1584 1552 1656 κρίκοις
1577 1584 1769 1641 ἁνόπιν
1785 1584 2043 1640 ἕλκεσθαι

2154 1600 2269 1644 esse
2313 1588 2635 1644 necessario
2670 1587 2834 1655 dixit,
2873 1588 2943 1644 de
2972 1587 3220 1659 quinque
3247 1586 3520 1642 inauratis
3534 1586 3755 1642 colum-

443 1672 806 1746 δικνουμένης
855 1675 1270 1756 τῆςοεωϐολῆςο
1305 1676 1744 1733 ἁντεπισπᾶσθαι
1769 1678 1828 1732 δὲ
1847 1673 1914 1734 αὗ
1950 1678 2046 1734 καὶ

2154 1679 2254 1745 nis,
2281 1695 2520 1751 quarum
2548 1680 2712 1737 bases
2742 1689 2932 1737 essent
2955 1696 3143 1747 aenea,
3179 1694 3535 1751 suspensum.
3571 1678 3753 1749 Atque

446 1764 888 1836 κατευρύνεσθαι
912 1767 1021 1821 τῶν
1046 1767 1251 1843 θυρῶν,
1266 1768 1534 1842 κρύπτειν
1556 1768 1627 1825 τὰ
1644 1770 1844 1841 ’Ἅγια⁸
1872 1770 2046 1827 Πέντε

2154 1769 2535 1827 adductorium
2560 1770 2786 1842 quidem
2806 1770 3050 1842 appellat
3068 1770 3254 1826 velum
3275 1770 3419 1826 ostio
3437 1769 3753 1834 obtentum,

446 1853 506 1909 δὲ
525 1855 572 1908 οἰ
592 1853 802 1923 στύλοι,
828 1859 1031 1929 χρυσοῖ
1056 1859 1153 1913 καὶ
1182 1859 1528 1931 περίχαλκοι,
1548 1860 1680 1926 τοὺς
1703 1862 1781 1927 ὡς
1807 1861 2045 1935 πέμπτῳ

2154 1863 2298 1934 quod
2330 1863 2565 1936 exiguis,
2601 1870 2666 1919 ut
2702 1862 2921 1934 opinor,
2947 1862 3167 1918 annulis
3192 1861 3591 1925 retraheretur,
3627 1874 3756 1914 cum

447 1948 652 2022 καιρῷ,
689 1915 909 2006 καθ’
965 1953 1000 2025 ἡ
1058 1915 1302 2026 Χριστοῦ
1314 1915 1535 2023 Ἀγέγονε
1584 1915 2046 2028 τιαρουσία,.τιροξ

2154 1915 2297 1934 την
2339 1915 2565 1936 mam,
2609 1915 2661 1919 η
3318 1915 3337 1916 ρ
3394 1915 3403 1916 κ
3578 1915 3590 1925 .

2154 1970 2250 2027 per
2298 1956 2504 2012 ostium
2544 1954 2769 2012 transiri
2809 1970 3038 2011 necesse
3087 1963 3255 2020 esset,
3291 1969 3357 2009 ac
3408 1966 3605 2008 rursus
3657 1950 3758 2007 ad-

447 2043 854 2110 ανατυποῦντες
875 2046 1237 2113 διδασκάλους
1259 2047 1353 2103 καὶ
1376 2048 1487 2103 τῶν
1511 2048 1855 2121 Ἐκκλησιῶν
1879 2050 2045 2122 ἡγου-

2154 2048 2453 2105 dueeretur
2496 2049 2978 2119 explicareturque
3025 2063 3128 2120 per
3179 2047 3409 2113 ostium,
3471 2054 3531 2100 ut
3566 2051 3759 2101 sancta

451 2137 674 2208 μένους·
706 2138 758 2194 οἰ
786 2139 877 2195 τὸν
902 2140 1008 2213 τῆς
1031 2141 1295 2215 ἀληθείας
1313 2142 1742 2216 ὁρθοτομοῦντες
1764 2143 1943 2214 λόγον,
1963 2142 2047 2198 τί-

450 2249 575 2303 μιοι.
603 2233 702 2304 μὲν
728 2232 808 2298 ὡς
836 2234 1041 2307 χρυσός
1073 2236 1232 2304 εἰσιν,
1263 2237 1483 2308 εὐηχεῖς
1509 2236 1567 2291 δὲ
1599 2234 1775 2301 οὕτως
1807 2235 1883 2300 ὡς
1917 2236 2045 2308 χαλ-

448 2323 565 2388 κός.
602 2343 622 2376 ι
647 2323 746 2391 Εἰς
777 2326 962 2381 πᾶσαν
996 2327 1111 2400 γὰρ
1136 2328 1202 2400 δὴ
1222 2329 1321 2400 τὴν
1349 2330 1453 2402 γῆν
1481 2329 1705 2401 ἰξῆλθεν
1741 2332 1772 2384 ὁ
1808 2329 2046 2400 φθόγγος

448 2415 655 2485 αὐτῶν,
690 2419 788 2473 καί
825 2419 908 2482 εἰς
960 2418 1031 2474 τὰ
1083 2421 1300 2494 πέρατα
1339 2422 1442 2493 τῆς
1481 2423 1812 2494 οἰκουμένης
1847 2422 1918 2476 τὰ
1949 2424 2049 2494 ῥή-

453 2525 605 2580 ματα
636 2510 838 2566 αὐτῶν·
862 2529 883 2564 ι
918 2511 970 2566 οἳ
1002 2511 1099 2567 καὶ
1135 2512 1225 2567 διὰ
1251 2514 1354 2586 τῆς
1378 2513 1630 2585 ὲντέχνου
1658 2513 1755 2568 καί
1785 2511 2046 2567 θεοπνεύ-

2151 2142 2588 2199 occultarentur.
2633 2141 2893 2213 Quinque
2943 2150 3131 2198 autem
3174 2146 3306 2196 sunt
3354 2140 3627 2195 columnae
3658 2153 3758 2193 au-

2150 2252 2259 2292 reae
2296 2245 2463 2308 atque
2502 2251 2690 2302 teneat,
2725 2250 2849 2306 quae
2898 2236 3044 2303 illos,
3096 2235 3194 2306 qui
3245 2242 3508 2304 tanquam
3557 2232 3764 2303 quinto

2153 2339 2404 2402 tempore
2447 2330 2715 2396 fuerunt,
2750 2346 2862 2403 quo
2914 2337 3167 2400 tempore
3214 2326 3426 2383 Christi
3480 2325 3760 2380 adventus

2151 2425 2405 2497 contigit,
2457 2424 2719 2492 doctores
2767 2430 2936 2495 atque
2973 2421 3351 2478 Ecclesiarum
3393 2418 3566 2475 duces
3605 2432 3761 2489 pre-

2154 2517 2460 2590 ﬂgurarent
2488 2535 2502 2572 :
2528 2518 2647 2589 qui,
2670 2532 2797 2573 cum
2835 2525 2989 2572 recte
3014 2528 3327 2572 sermonem
3358 2511 3612 2567 veritatis
3643 2518 3758 2565 tra-

452 2617 583 2655 στου
632 2603 1027 2674 μυσταγωγίας
1094 2606 1209 2669 τοῖς
1258 2606 1339 2669 εἰς
1389 2603 1461 2659 τὰ
1495 2605 1667 2675 ’Λγια
1709 2603 1819 2659 τῶν
1873 2603 2047 2674 ἁγίων

2154 2619 2327 2678 ctent,
2369 2610 2607 2682 pretiosi.
2638 2610 2866 2682 quidem
2901 2616 3034 2664 sunt
3064 2618 3129 2664 ut
3150 2622 3370 2672 aurum,
3409 2614 3467 2661 et
3497 2604 3652 2660 velut
3681 2618 3757 2659 aes

450 2694 758 2768 εἰστρέχειν
782 2694 1063 2753 ἐθέλουσιν
1107 2698 1500 2771 ἁνευρύνουσιν
1527 2698 1720 2772 ῶσπερ
1746 2698 1847 2764 τὰς
1870 2698 2050 2753 εἰσϐο-

2154 2711 2435 2759 resonant.
2489 2702 2630 2758 Nam
2692 2721 2711 2754 ι
2749 2702 2813 2758 In
2853 2716 3082 2757 omnem
3120 2707 3326 2756 terram
3371 2698 3546 2754 exivit
3585 2712 3757 2752 sonus

449 2785 572 2852 λὰς.
615 2787 697 2842 Τὰ
737 2788 838 2861 μὲν
880 2788 977 2845 οῦν
1012 2791 1182 2861 ’Ἅγια
1228 2791 1338 2847 τῶν
1383 2791 1576 2861 ἁγίων,
1622 2791 1770 2846 τοῦτ’
1813 2790 1983 2856 ἐστιν,
2014 2792 2049 2863 ἡ

2154 2810 2369 2861 eorum,
2397 2801 2457 2851 et
2472 2794 2531 2850 in
2552 2793 2693 2851 ﬁnes
2717 2793 2870 2850 orbis
2895 2801 3057 2849 terrm
3077 2792 3248 2849 verba
3265 2805 3458 2847 eorum
3478 2790 3528 2823 "
3550 2832 3565 2856 ,
3609 2806 3630 2841 ι
3659 2788 3761 2859 qui

451 2880 703 2953 ὲσωτέρα
743 2881 922 2955 σκηνὴ
959 2883 1412 2939 κατεκαλύπτετο
1443 2883 1526 2957 τῷ
1562 2883 2047 2956 καταπετάσματι.

2154 2885 2346 2944 solerti
2374 2901 2442 2942 ac
2479 2884 2753 2942 divinitus
2790 2885 3059 2957 inspirata
3082 2881 3335 2941 doctrina
3360 2881 3677 2938 volentibus
3699 2880 3760 2935 in

452 2973 873 3045 Παρερήρειστο
916 2974 974 3029 δὲ
1008 2975 1172 3042 εὐθὺς
1200 2976 1300 3032 καὶ
1327 2976 1675 3049 συνήρμοστο
1708 2979 1777 3048 τῇ
1819 2974 2052 3049 δευτέρᾳ

2155 2978 2357 3035 Sancta
2410 2986 2732 3035 sanctorum
2783 2977 3021 3034 introire
3104 2976 3289 3033 aditus
3347 2973 3767 3048 quodammodo

451 3066 551 3121 καὶ
598 3067 633 3139 ἡ
681 3067 875 3141 πρώτη
913 3069 1110 3142 σκηνὴ,
1169 3070 1233 3125 τὸ
1277 3068 1664 3143 θυσιαστήριον
1708 3067 1910 3141 ἔχουσα
1939 3067 2050 3124 τῶν

2154 3072 2513 3144 patefaciunt.
2546 3071 2719 3144 Igitur
2739 3071 2903 3143 337
2939 3070 3144 3127 Sancta
3176 3077 3516 3134 sanctorum,
3562 3065 3616 3121 id
3649 3072 3758 3132 est;

452 3160 880 3235 κὰρπωμὰτων,
931 3163 992 3218 ἐν
1033 3156 1079 3232 ᾧ
1132 3163 1285 3218 πᾶσα
1321 3164 1355 3236 ἠ
1409 3164 1479 3218 δι’
1519 3163 1770 3235 αἱμάτων
1815 3163 2051 3218 ἐτελεῖτο

2152 3164 2391 3222 interius
2441 3164 2580 3220 illud
2630 3163 3049 3221 tabernaculum
3091 3162 3367 3219 velamine
3421 3159 3761 3231 tegebatur;

452 3253 819 3327 προσαγωγὴ,
854 3255 1078 3313 πόπανα
1112 3273 1174 3312 τε
1206 3256 1301 3312 καὶ
1330 3258 1379 3313 οἰ
1417 3256 1728 3325 λιδανωτοί,
1762 3256 1863 3313 καί
1896 3258 2049 3312 πᾶσα

2154 3260 2473 3318 adhaerebat
2491 3275 2627 3317 vero
2654 3259 2907 3333 proxime
2939 3268 3105 3329 atque
3143 3256 3501 3327 coniunctum
3533 3259 3655 3309 erat
3680 3251 3789 3321 illi]

451 3348 618 3402 θυσία
645 3348 741 3403 καὶ
770 3349 992 3423 σπονδὴ,
1030 3351 1126 3406 καὶ
1148 3353 1287 3426 πρός
1314 3370 1380 3423 γε
1408 3351 1488 3425 τῷ
1521 3350 1898 3424 θυσιαστηρίῳ
1951 3350 2051 3406 κα)⁸

451 3439 547 3494 τὸν
583 3440 828 3513 λουτῆρα
852 3443 948 3497 τὸν
972 3442 1230 3515 χαλκοῦν.
1262 3444 1441 3510 Τόπος
1467 3444 1524 3499 δὲ
1567 3440 1633 3500 αὖ
1680 3443 1761 3515 τῷ
1810 3444 1911 3517 μὲν
1950 3442 2050 3497 θυ-

457 3535 763 3607 σιαστηρίῳ
792 3536 945 3607 παρὰ
976 3536 1077 3602 τὰς
1114 3536 1287 3611 θύρας
1307 3536 1409 3610 τῆς
1447 3536 1674 3608 σκηνῆς,
1705 3535 1869 3608 δῆλον
1890 3534 1948 3588 δὲ
1968 3534 2052 3588 ὅτι

453 3625 554 3696 τῆς
584 3626 877 3701 ὲξωτέραςο
906 3626 987 3701 τῷ
1021 3627 1079 3683 δέ
1105 3645 1171 3699 γε
1199 3628 1445 3703 λουτῆρι,
1486 3628 1549 3684 τὸ
1593 3627 1921 3701 μεσαίτατον
1948 3627 2053 3700 τῆς

456 3735 687 3792 σκηνης.

527 3995 743 4052 ΠΑΛΛ.
771 3995 888 4052 Καὶ
905 3997 992 4063 τίς
1027 3995 1095 4053 ἂν
1119 3998 1295 4054 νοοῖτο
1321 3996 1484 4056 πάλιν
1512 3999 1547 4071 ἡ
1581 3998 1943 4071 ὲπιτὴρησιςς-
2031 3994 2038 4000 ’

527 4178 696 4234 ΚΥΡ.
733 4178 1012 4251 Ἀκριϐὲς,
1040 4172 1086 4234 ὧ
1105 4179 1398 4246 Παλλάδιε,
1429 4179 1491 4235 τὸ
1510 4178 1754 4251 Γράμμα
1778 4176 1842 4233 τὸ
1882 4177 2051 4250 ἱερὸν,

454 4274 553 4327 καὶ
583 4273 794 4328 εἰκαῖον
824 4273 885 4326 ὲν
910 4273 1062 4346 αὐτῷ
1091 4273 1371 4338 παντελῶς
1396 4272 1570 4328 οὐδέν.
1613 4272 1725 4327 Θέα
1761 4271 1872 4344 γὰρ
1904 4273 2056 4336 ὅπως

452 4368 593 4438 ἡμῖν
626 4366 691 4420 τὸ
727 4364 961 4438 αἴνιγμα
1002 4364 1461 4435 παιδαγωγοῦντα
1507 4364 1742 4437 δέδειχεν
1777 4364 1873 4419 ἐπὶ
1925 4365 2058 4436 Χρι-

457 4457 586 4513 στὸν
608 4460 702 4513 τὸν
727 4458 914 4531 νόμον.
938 4457 1193 4512 Τέθειται
1220 4456 1332 4530 γὰρ
1368 4457 1503 4531 παρ’
1549 4458 1744 4523 αὐταῖς
1777 4459 1902 4523 ταῖς
1945 4460 2058 4513 εἰσ-

454 4549 597 4616 όδοις
621 4552 745 4615 ταῖς
771 4550 852 4614 εἰς
879 4548 948 4604 τὰ
978 4549 1146 4619 ’Δγια
1196 4549 1307 4604 τῶν
1342 4549 1516 4619 ἁγίων
1558 4550 1659 4622 τῆς
1707 4549 1851 4605 κατὰ
1892 4549 2058 4622 νόμον

2151 3353 2396 3411 secundo
2434 3352 2677 3427 primum
2693 3367 2916 3425 quoque
2944 3350 3382 3415 tabernaculum,
3411 3346 3558 3420 quod
3586 3346 3760 3401 altare

2150 3446 2552 3503 sacriﬁciorum
2586 3445 2930 3512 continebat,
2972 3444 3030 3500 in
3066 3458 3178 3515 quo
3198 3441 3379 3497 omnis
3411 3456 3514 3512 per
3533 3438 3762 3510 sangui-

2151 3555 2281 3596 nem
2323 3540 2693 3596 exhibebatur
2726 3538 2956 3605 oblatio,
2980 3538 3291 3610 laganaque
3312 3544 3378 3592 et-
3402 3535 3573 3590 thura
3590 3540 3653 3589 et
3667 3546 3767 3588 sa-

2153 3633 2426 3691 criﬁcium
2479 3648 2644 3689 omne
2692 3642 2861 3704 atque
2930 3631 3150 3697 libatio,
3215 3636 3276 3687 et
3330 3636 3535 3700 praeter
3587 3626 3762 3682 altare

2152 3728 2372 3783 labrum
2418 3742 2640 3797 quoque
2684 3739 2923 3782 aeneum.
2961 3724 3098 3781 Erat
3134 3731 3319 3779 autem
3350 3721 3458 3776 hoc
3482 3719 3654 3775 altare
3679 3718 3761 3773 si-

2155 3830 2276 3878 tum
2328 3829 2558 3892 propter
2597 3817 2944 3877 tabernaculi
2983 3817 3212 3883 ostium,
3261 3813 3557 3871 exterioris
3587 3812 3759 3867 nimi-

2155 3929 2301 3979 rum,
2329 3912 2551 3968 labrum
2580 3927 2718 3968 vero
2746 3910 2806 3966 in
2842 3909 2964 3981 ipso
3001 3907 3191 3964 medio
3225 3904 3572 3964 tabernaculi
3610 3902 3757 3958 loco.

2226 4003 2426 4060 PALL.
2463 4002 2608 4070 Quid
2631 4010 2818 4059 autem
2839 3999 3064 4057 latentis
3090 3996 3471 4069 intelligentia:
3507 3994 3761 4052 continet

2155 4094 2275 4152 haec
2293 4095 2609 4151 observatio
2637 4093 2663 4147 ?

2164 4198 2167 4203 ‘
2226 4188 2385 4247 CYR.
2428 4188 2700 4244 Accurate
2753 4192 2885 4241 sunt
2926 4182 3154 4249 omnia,
3202 4178 3436 4246 Palladi,
3474 4178 3535 4233 in
3579 4174 3759 4233 sacris

2157 4279 2386 4337 Litteris
2410 4277 2749 4350 perscripta,
2773 4274 3027 4345 nihilque
3061 4284 3294 4344 prorsus
3336 4267 3397 4324 in
3428 4266 3541 4322 illis
3554 4274 3645 4322 est
3670 4274 3761 4320 te-

2157 4386 2311 4427 mere
2354 4369 2597 4441 positum
2628 4385 2641 4422 :
2672 4367 2801 4423 vide
2847 4364 2998 4421 enim
3050 4371 3115 4419 ut
3160 4362 3269 4418 hoc
3309 4360 3543 4431 aenigma
3592 4356 3760 4413 nobis

2158 4465 2414 4523 ostendat
2444 4463 2582 4536 legis
2601 4461 3007 4535 institutionem
3029 4452 3096 4516 ad
3118 4456 3402 4514 Christum
3424 4451 3755 4525 perducere:

2159 4575 2288 4615 nam
2322 4557 2459 4613 illud
2479 4555 2673 4627 legalis
2725 4551 3010 4625 religionis
3039 4550 3211 4606 altare
3245 4546 3313 4603 ad
3346 4546 3498 4626 ipsos
3527 4544 3715 4600 aditus
3739 4583 3761 4609 ,

454 4642 718 4716 λατρείας
763 4643 826 4697 τὸ
859 4642 1271 4716 θυσιαστήριον.
1331 4620 1624 4715 Ἀωφέρει
1672 4644 1784 4715 γὰρ
1818 4644 1848 4697 ό
1885 4620 2054 4716 νόμος

2156 4667 2259 4725 per
2278 4666 2419 4723 quos
2445 4648 2514 4705 ad
2545 4648 2745 4705 Sancta
2773 4652 3097 4701 sanctorum
3132 4620 3487 4701 tendebatur,
3523 4635 3764 4692 colloca-

459 4735 617 4807 μόλις
652 4736 803 4808 ἡμᾶς
836 4737 918 4800 εἰς
955 4736 1133 4809 ἁρχὰς
1155 4734 1265 4790 τῶν
1296 4734 1393 4790 τοῦ
1426 4734 1667 4808 Χριστοῦ
1713 4736 2054 4809 μυστηρίων,

456 4830 554 4885 καὶ
586 4828 754 4885 οἱονεί
793 4846 914 4893 πως
945 4828 1098 4902 παρὰ
1141 4828 1248 4894 τὰς
1270 4826 1498 4901 πρώτας
1529 4827 1783 4894 εἰσϐολὰς
1825 4828 1926 4900 τῆς
1969 4831 2057 4884 ἐπ’

455 4921 612 4996 αὐτῷ
633 4922 893 4994 γνώσεως
931 4921 1198 4995 ἀκριϐοῦς
1219 4939 1234 4954 ·
1267 4922 1574 4995 εἰσκομίζει
1606 4921 1665 4977 δὲ
1690 4922 1946 4994 οὐδαμῶς
1976 4925 2058 4989 εἰς

452 5017 526 5072 τὰ
552 5018 724 5087 Ἀγια
754 5016 866 5071 τῶν
898 5015 1091 5086 ἁγίων,
1121 5017 1269 5071 τοῦτ’
1310 5014 1480 5079 ἔστιν,
1522 5017 1606 5080 εἰς
1646 5013 1748 5087 τὴν
1779 5016 2056 5089 ἐσωτέραν

455 5110 689 5183 σκηνὴν,
732 5110 793 5163 ὲν
823 5103 1171 5184 ᾖπολυειδὴς
1205 5111 1235 5164 ό
1274 5108 1533 5180 Χριστδς,
1575 5108 1652 5172 ὡς
1692 5109 1830 5163 Θεοῦ
1855 5110 2051 5179 Λόγος,

451 5203 532 5267 ὡς
558 5202 699 5272 φῶς,
726 5202 804 5267 ὡς
826 5202 993 5275 ἄρτος
1018 5201 1151 5268 ζῶν,
1181 5201 1257 5267 ὡς
1282 5201 1510 5268 εὐωδίας
1540 5201 1686 5273 ὀσμὴ
1709 5199 1788 5273 τῷ
1815 5200 1936 5273 Θεῷ
1962 5203 2056 5256 καὶ

455 5295 655 5368 Πατρί.
690 5296 763 5354 Ἢ
807 5296 919 5366 γὰρ
968 5294 1091 5367 ούχί
1144 5294 1314 5366 φαίης
1343 5294 1411 5347 ἂν
1457 5294 1543 5348 ὅτι
1589 5294 1833 5365 στοιχεῖά
1868 5311 1930 5348 τε
1960 5295 2058 5350 καὶ

454 5386 627 5459 ἁρχαὶ
657 5386 771 5441 τῶν
796 5385 994 5456 λογίων
1011 5384 1106 5440 τοῦ
1130 5383 1289 5451 Θεοῦ,
1310 5385 1412 5456 τῆς
1429 5384 1572 5441 κατὰ
1592 5385 1759 5453 νόμον
1799 5385 2058 5459 λατρείας

457 5485 492 5553 ἡ
527 5480 929 5553 προμελετησις
952 5473 1021 5549 ἦν
1041 5496 1057 5547 ;

534 5573 744 5627 “AM.
791 5570 1037 5642 ’Δληθές.

532 5666 699 5721 ΚΥΡ.
731 5665 858 5719 Ὀτι
888 5665 945 5719 δὲ
977 5663 1331 5719 τετελείωκεν
1358 5664 1388 5718 ὁ
1418 5664 1585 5736 νόμος
1610 5663 1785 5733 οὐδὲν,
1842 5685 1860 5718 ι
1884 5667 2056 5739 Ἀμήε

460 5775 624 5830 χανον
652 5759 762 5831 γὰρ
792 5752 933 5831 αἷμα
960 5758 1178 5830 ταύρων
1211 5758 1308 5813 καί
1337 5756 1558 5831 τράγων
1589 5759 1845 5831 ἀφαιρεῖν
1872 5762 2057 5833 ἁμαρ-

535 5944 578 5977 ⁸²
607 5940 809 6014 Ephcs.
851 5942 1006 6011 111,6.
1087 5941 1131 5975 ³⁸
1162 5940 1181 5997 l
1207 5941 1355 5998 Pctr.
1381 5958 1416 6006 1,
1450 5942 1532 5999 l9.
1617 5943 1661 5977 ⁸⁵
1706 5943 1851 6001 Psal.
1896 5960 2047 6009 xvnl,
2082 5945 2132 5997 ἦ.

2154 4750 2275 4798 tum
2300 4748 2442 4798 erat.
2476 4739 2590 4795 Lex
2628 4737 2779 4794 enim
2818 4736 2915 4791 vix
2956 4732 3024 4788 ad
3056 4733 3177 4804 ipsa
3209 4744 3313 4786 nos
3363 4727 3522 4784 initia
3552 4732 3764 4797 myste-

2152 4835 2367 4891 riorum
2412 4832 2534 4897 Dei,
2560 4839 2749 4902 atque,
2781 4835 2847 4884 ut
2877 4827 2955 4883 ita
2999 4825 3181 4881 dicam
3204 4863 3219 4890 ,
3264 4822 3334 4878 ad
3383 4819 3562 4891 prima
3593 4831 3765 4872 accu-

2154 4935 2287 4982 rata:
2331 4923 2540 4981 Christi
2579 4919 2914 4994 cognitionis
2951 4914 3243 4990 perducit;
3278 4913 3373 4969 sed
3403 4910 3557 4967 nullo
3594 4906 3761 4962 modo

2154 5017 2371 5075 inducit
2412 5016 2472 5072 in
2501 5015 2702 5071 Sancta
2733 5021 3077 5074 sanctorum,
3107 5007 3160 5063 id
3189 5013 3274 5061 est
3304 5005 3359 5059 in
3404 4998 3642 5056 interius
3672 5005 3764 5052 ta-

2154 5110 2543 5173 bernaculum,
2568 5108 2625 5162 in
2643 5121 2763 5177 quo
2788 5100 3177 5173 multipliciter
3209 5095 3464 5157 Christus
3502 5089 3759 5146 contine-

2152 5214 2267 5270 tur,
2298 5211 2361 5259 ut
2388 5201 2489 5258 Dei
2529 5200 2805 5262 Verbum,
2840 5202 2902 5251 ut
2925 5195 3115 5249 lumen
3140 5231 3163 5257 ,
3189 5195 3251 5244 ιιι
3281 5185 3443 5259 panis
3468 5183 3663 5247 vivus,
3696 5187 3774 5236 ut‘

2154 5280 2413 5354 redolens
2460 5294 2601 5353 odor
2639 5294 2757 5348 Deo
2789 5304 2855 5345 ac
2905 5285 3054 5343 Patri
3082 5284 3322 5339 oblatus.
3369 5276 3515 5345 Quid
3568 5275 3762 5331 enim?

2153 5412 2339 5454 nonne
2366 5408 2562 5450 censes
2584 5386 2852 5464 praeludia
2892 5384 2986 5439 illa
3014 5379 3209 5454 legalis
3257 5375 3442 5433 cultus
3479 5372 3755 5429 elementa

2154 5503 2277 5544 esse
2302 5498 2359 5541 et
2389 5484 2547 5541 initia
2575 5491 2897 5538 sermonum
2927 5474 3069 5529 Dei?

2194 5577 2428 5635 ‘PALL.
2459 5577 2539 5632 Ita
2563 5583 2648 5630 est

2229 5671 2388 5725 CYR.
2424 5669 2574 5725 Nihil
2610 5674 2795 5722 autem
2820 5662 2886 5719 ad
2914 5660 3219 5732 perlectum
3240 5652 3534 5711 adduxisse
3556 5649 3755 5719 legem,

2171 5779 2188 5813 (
2228 5757 2571 5831 [inpossibile
2600 5753 2873 5826 siquidem
2907 5759 3012 5818 est,
3055 5746 3323 5820 sanguine
3365 5751 3651 5800 taurorum
3697 5740 3756 5791 et
