4118 6448
438 432 542 490 667

1458 433 1515 491 S.
1556 434 1832 492 CYRILLI
1869 432 2341 491 ALEXANDRIN!
2380 433 2710 507 ARCHIEP.,

3592 429 3701 489 668

439 550 721 606 hircorum
770 552 974 608 auferri
1012 561 1234 624 peccata
1256 556 1323 620 ",
1355 573 1373 606 ι
1410 555 1674 610 continuo
1698 555 1878 612 disces
1901 596 1916 621 ,
1963 563 2007 611 el

2122 555 2278 619 τίας,
2319 573 2337 605 ι
2373 552 2672 621 ἀημὰθοις
2703 553 2770 606 ἂν
2799 551 2982 616 εὐθὺς,
3015 550 3110 604 καὶ
3144 543 3268 605 λίαν
3305 551 3563 621 ἀμογητί,
3606 552 3701 606 καὶ

434 639 662 710 quidem
683 642 801 697 sine
821 643 931 698 ullo
951 644 1171 715 negotio
1196 685 1210 711 ,
1246 646 1294 701 si
1323 645 1489 701 modo
1510 646 1651 702 labri
1672 647 1840 703 etiam
1872 648 2020 702 illius

423 750 601 789 ~usum
634 736 1111 793 consideraveris:
1150 749 1275 795 erat
1321 741 1472 796 enim
1516 740 1572 795 in
1622 740 1808 796 medio
1839 742 2019 811 primo

439 824 792 893 tabernaculo
841 827 1009 882 situm
1043 829 1393 900 splendidum
1426 839 1603 901 atque
1631 831 2014 902 conspicuum,

436 913 600 981 eujus'
619 929 758 984 aqua
776 916 1150 988 ingredientes
1177 920 1233 974 in
1264 920 1462 975 Sancta
1488 929 1804 977 sanctorum
1824 921 2018 978 ablue-

438 1003 638 1059 bantur
665 1021 681 1059 :
713 1005 765 1062 id
801 1008 947 1063 enim
966 1010 1350 1067 sacerdotibus
1369 1012 1488 1084 lege
1520 1021 1851 1083 praeceptum
1873 1022 2013 1068 erat.

435 1092 608 1164 Igitur
660 1095 753 1153 illa
788 1099 987 1164 etiam,
1027 1117 1150 1171 qua:
1189 1103 1248 1157 in
1294 1102 1413 1174 lege
1455 1104 1722 1174 perfectio
1771 1104 2013 1170 videtur,

438 1187 758 1256 imperfecta
790 1198 903 1256 est,
952 1207 1018 1247 ac
1070 1194 1245 1249 sancti
1296 1195 1643 1265 baptismatis
1672 1196 2015 1266 purificatio-

438 1292 566 1333 nem
595 1279 880 1347 insinuat,
928 1299 1041 1353 quo
1077 1300 1293 1351 sacrum
1343 1286 1478 1342 illud
1532 1303 1705 1358 genus
1745 1287 2012 1353 abluitur,

436 1383 652 1435 eorum,
683 1371 928 1442 inquam,
960 1377 1053 1445 qui
1078 1376 1184 1432 ﬁde
1207 1377 1486 1449 iustificati
1514 1387 1662 1447 sunt,
1692 1395 1831 1449 quos
1848 1381 2013 1435 etiam

436 1458 631 1516 beatus
660 1462 753 1518 ille
786 1464 1091 1536 discipulus
1115 1469 1500 1539 alloquebatur
1530 1488 1544 1523 :
1579 1470 1737 1526 «'Vos
1754 1477 1961 1536 autem,
1986 1489 2005 1522 ι

422 1546 646 1616 inquit,
680 1569 698 1601 ι
736 1567 915 1621 genus
941 1555 1177 1611 electum
1195 1598 1209 1621 ,
1239 1559 1420 1629 regale
1444 1558 1815 1613 sacerdotium
1833 1599 1849 1624 ,
1877 1574 2013 1631 gens

432 1647 650 1701 saneta.
689 1646 926 1713 populus
971 1646 1027 1702 in
1066 1649 1518 1719 acquisitionem,
1560 1658 1622 1705 ut
1650 1651 1883 1707 virtutes
1909 1667 2011 1707 an-

430 1731 696 1788 nuntietis
719 1736 840 1805 ejus
861 1776 875 1801 ,
910 1739 1003 1807 qui
1032 1739 1101 1794 de
1149 1742 1394 1796 tenebris
1423 1756 1527 1797 nos
1566 1743 1787 1797 vocavit
1824 1744 1881 1798 in
1908 1743 2011 1798 ad-

428 1820 680 1878 mirabile
738 1825 925 1882 lumen
962 1844 1123 1883 suum
1139 1831 1206 1884 ⁸⁵.
1240 1850 1258 1882 ι
1308 1831 1446 1886 lilud
1488 1832 1657 1887 etiam
1683 1834 2007 1900 sciendum,

416 1913 631 1972 ostium
675 1932 894 1989 quoque
945 1922 1191 1977 exterius
1235 1923 1574 1979 tabernaculi
1604 1925 1874 1982 velamine
1920 1897 2014 1983 ob-
2042 1897 2085 1953 Β

424 2013 641 2061 tantum
667 2008 858 2075 fuisse,
885 2027 957 2066 ne
986 2012 1076 2077 iis,
1104 2014 1201 2084 qui
1232 2023 1390 2071 extra
1430 2024 1650 2082 essent,
1704 2027 1893 2088 aperta
1929 2027 2015 2075 at-

426 2110 536 2165 que
561 2098 848 2169 perspicua
872 2100 1068 2158 tierent
1112 2102 1333 2167 Sancta,
1362 2105 1531 2175 338
1568 2105 1622 2161 id
1659 2115 1743 2162 est
1770 2108 2011 2178 primum

429 2188 869 2260 tabernaculum,
901 2194 957 2250 in
983 2210 1093 2266 quo
1116 2197 1290 2269 legale
1327 2198 1462 2253 illud
1483 2199 1656 2255 altare
1682 2200 2010 2259 collocatum

426 2287 550 2334 erat
587 2298 601 2335 :
626 2296 733 2351 qua
760 2300 958 2342 rursus
990 2288 1163 2358 ﬁgura
1189 2289 1526 2357 declaratur,
1576 2307 1647 2348 ne
1678 2292 1852 2364 ipsam
1875 2311 2012 2365 quo-

431 2384 541 2440 que
566 2372 742 2444 legem
774 2391 897 2434 esse
933 2379 1112 2437 cuivis
1155 2382 1505 2453 perspicuam
1533 2401 1549 2439 :
1579 2370 1829 2442 velamen
1858 2388 2009 2443 enim

429 2460 598 2520 habet
614 2466 799 2528 littera
815 2511 829 2536 ,
852 2479 910 2526 et
928 2472 1164 2542 quadam
1181 2475 1500 2536 umbrarum
1526 2478 1863 2536 obscuritate
1881 2495 2012 2537 con-

428 2562 574 2611 tecta
603 2566 688 2613 est
718 2569 884 2630 atque
912 2552 1108 2619 v'estita
1135 2564 1561 2635 quodammodo.

491 2647 691 2705 PALL.
729 2651 821 2709 Sic
847 2668 909 2710 se
940 2670 1031 2712 res
1053 2656 1239 2714 habet.
1676 2656 1682 2663 ’

489 2737 648 2794 CYR.
685 2741 874 2813 Itaque
932 2745 989 2800 in
1028 2747 1211 2818 primo
1263 2750 1486 2821 quidem
1509 2751 1887 2819 tabernaculo
1922 2754 2006 2810 la-

418 2831 583 2887 brum
632 2843 755 2890 erat
800 2836 1041 2907 positum
1108 2848 1165 2896 et
1209 2842 1418 2912 altare;
1454 2845 1513 2900 in
1557 2846 1801 2902 secundo
1838 2856 2006 2918 atque

418 2923 617 2979 intimo
647 2942 773 2983 arca
812 2937 871 2985 et
897 2931 1288 2990 candelabrum
1309 2977 1325 3001 ,
1359 2953 1589 2993 aureum
1621 2954 1843 3010 quoque
1870 2941 2002 2996 thu-

418 3015 683 3083 ribulum,
719 3020 777 3076 in
802 3037 914 3092 quo
957 3031 1123 3081 tenue
1157 3027 1296 3084 illud
1325 3030 1621 3102 thymiama
1650 3032 1999 3100 adelebatur,

417 3122 606 3164 mensa
639 3110 879 3183 denique
928 3131 993 3172 ac
1018 3133 1207 3188 panes.
1276 3121 1529 3178 Meminit
1565 3138 1784 3195 quoque
1806 3125 2003 3184 beatus

418 3199 622 3256 Paulus
658 3218 840 3260 aureae
865 3222 1019 3264 urna:
1043 3249 1058 3274 ,
1118 3209 1173 3265 in
1213 3227 1321 3282 qua
1354 3223 1474 3268 erat
1525 3230 1757 3282 manna;
1789 3216 1999 3288 virgam
2028 3234 2075 3299 ο

414 3305 637 3362 quoque
659 3294 842 3351 Aaron
866 3298 1027 3355 nobis
1054 3312 1480 3370 commemorat,
1519 3322 1684 3376 quam
1712 3307 1769 3362 in
1786 3306 2000 3366 Sanctis

416 3394 732 3443 sanctorum
775 3393 1072 3461 repositam
1099 3395 1269 3452 fuisse
1298 3397 1469 3462 dicit,
1514 3407 1577 3455 ut
1606 3400 1702 3471 qui
1733 3401 1791 3456 in
1827 3402 2001 3458 sacris

409 3473 642 3564 Litteris
666 3490 918 3538 versatus
941 3493 1105 3550 esset,
1128 3495 1187 3544 et
1222 3504 1344 3559 quae
1382 3490 1512 3547 olim
1541 3493 1778 3558 sancita,
1812 3509 2001 3564 quaeve

415 3563 579 3621 beato
634 3568 805 3641 Moysi
872 3571 1139 3635 divinitus
1190 3589 1462 3651 praecepta
1511 3589 1731 3647 essent,
1793 3563 2002 3653 optime

412 3660 649 3710 nosset:
694 3658 849 3714 novit
888 3661 1054 3718 etiam
1098 3681 1345 3722 mensam
1392 3678 1557 3739 atque
1603 3670 2000 3728 candelabrum

413 3745 475 3805 in
511 3748 701 3819 primo
724 3752 1077 3810 tabernaculo
1100 3756 1290 3814 fuisse.
1316 3758 1524 3816 Scribit
1550 3769 1735 3817 autem
1757 3763 1826 3817 ad
1852 3764 2002 3821 hunc

416 3839 641 3901 modum
679 3842 748 3899 de
772 3843 990 3903 duobus
1022 3850 1394 3905 testamentis:
1428 3871 1446 3903 ι
1477 3852 1536 3906 In
1567 3868 1636 3909 eo
1660 3855 1807 3924 quod
1829 3856 1997 3923 dicit,

416 3945 643 3999 novum,
697 3938 967 3993 veteravit
1007 3939 1143 3995 illud
1189 3940 1379 4011 prius;
1441 3943 1596 4013 quod
1625 3953 1811 4003 autem
1839 3957 1996 4006 vete-

416 4023 559 4078 ravit
590 4033 649 4081 et
710 4029 1049 4100 antiquatur,
1083 4048 1256 4103 prope
1292 4033 1578 4091 interitum
1632 4047 1735 4095 est.
1793 4040 2001 4101 Habuit

412 4116 639 4184 quidem
677 4128 735 4175 et
778 4121 936 4191 prius
992 4122 1130 4178 illud
1177 4124 1602 4195 iustificationes
1655 4131 1906 4198 cultura,
1943 4142 2000 4190 et

403 4216 665 4265 sanetum
697 4213 979 4269 saeculare.
1007 4214 1446 4274 Tabernaeulum
1493 4221 1643 4277 enim
1673 4222 1881 4280 factum
1911 4234 1999 4285 est

412 4300 673 4369 primum,
707 4304 763 4360 in
804 4321 918 4376 quo
946 4307 1337 4364 candelabrum
1363 4320 1421 4366 et
1456 4327 1664 4380 mensa,
1696 4324 1756 4372 et
1790 4332 1997 4388 propo-

413 4389 543 4451 sitio
592 4408 817 4463 panum,
852 4412 974 4466 quae
1014 4397 1221 4455 dicitur
1254 4410 1442 4459 saneta
1475 4422 1489 4458 :
1524 4415 1654 4477 post
1690 4410 1996 4466 secundum

411 4491 598 4545 autem
646 4486 1046 4554 velamentum,
1110 4491 1524 4551 tabernaculum
1591 4497 1742 4568 quod
1789 4500 1996 4558 dicitur

2118 646 2219 717 τὴν
2241 646 2335 701 τοῦ
2364 646 2620 717 λουτῆρος
2643 643 2833 716 χρείαν
2865 644 3215 715 ὲννενοηκώς.
3248 644 3467 696 Ἔκειτο
3493 642 3601 714 γάρ
3638 645 3700 697 ὲν

2122 736 2261 809 μέσῃ
2290 740 2355 810 τῇ
2381 735 2570 808 πρώτῃ
2593 738 2764 807 σκηνῇ
2792 736 3044 805 λαμπρὸς
3086 735 3181 789 καὶ
3206 734 3522 805 περίοπτος,
3564 751 3700 805 προ-

2118 828 2391 892 απονίζων
2424 828 2577 882 ὕδατι
2604 828 2730 892 τοὺς
2763 830 2842 891 είς
2863 826 2931 880 τά
2956 827 3123 894 Ἀγια
3157 824 3265 879 τῶν
3291 825 3462 894 ἁγίων
3485 826 3698 897 εἰστρέ-

2117 935 2330 990 χοντας.
2365 917 2584 971 Τέθειτο
2609 916 2719 988 γάρ
2747 920 2860 980 τοῖς
2891 914 3126 986 ἱερεῦσιν
3149 918 3178 969 ὀ
3205 916 3297 969 ἐπὶ
3327 914 3465 987 τῷδε
3508 914 3693 984 νόμος.

2117 1010 2326 1066 οὐκοῦν
2358 1011 2449 1083 καὶ
2485 1012 2519 1082 ἡ
2557 1012 2616 1063 ἐν
2653 1010 2806 1081 νόμῳ
2842 1009 3074 1063 δοκοῦσα
3126 1008 3429 1080 πλήρωσις,
3475 1008 3695 1079 ἀτελὴς,

2115 1099 2213 1171 τὴν
2245 1100 2336 1153 διὰ
2384 1100 2478 1153 τοῦ
2526 1099 2682 1167 ἁγίου
2745 1098 3119 1168 βαπτίσματος
3174 1097 3444 1169 κάθαρσιν
3488 1096 3698 1167 ὑποδη-

2115 1189 2302 1250 λοῦσα,
2328 1191 2363 1259 ῆ
2395 1189 2456 1243 τὸ
2484 1189 2627 1260 ἱερὸν
2661 1187 2916 1242 ἐκπλύνει
2937 1188 3113 1257 γένος,
3150 1187 3295 1258 φημὶ⁵
3315 1187 3379 1256 δὴ
3415 1186 3477 1241 τὸ
3501 1185 3611 1241 τῶν
3637 1189 3699 1240 ὲν

2116 1282 2296 1336 πίστει
2322 1279 2780 1350 δεδικαιωμένων,
2811 1273 2895 1343 οἷς
2928 1279 3024 1333 καὶ
3050 1282 3080 1333 ὁ
3121 1278 3408 1341 θεσπέσιος
3446 1278 3696 1348 μαθητὴς

2115 1375 2551 1447 ⁸τιθροσπεφώνηκε
2594 1375 2788 1443 λέγων,
2820 1392 2841 1427 ι
2890 1374 3077 1446 Ὑμεῖς
3105 1373 3163 1428 δὲ
3208 1373 3364 1442 γένος
3413 1373 3694 1434 ἐκλεκτὸν,

2115 1466 2385 1537 βασίλειον
2442 1468 2759 1538 ἱεράτευμα,
2813 1465 2965 1530 ἔθνος
3005 1466 3182 1532 ἅγιον,
3233 1464 3361 1527 λαὸς
3403 1465 3483 1527 εἰς
3535 1479 3694 1534 περι-

2114 1560 2352 1631 ποίησιν,
2384 1560 2470 1614 ἴνα
2495 1559 2594 1622 τὰς
2619 1558 2821 1630 ἀρετὰς
2855 1557 3207 1627 ὶξαγγείλητε
3242 1555 3340 1610 τοῦ
3375 1558 3440 1608 ὲκ
3465 1554 3695 1618 σκότους

2112 1653 2259 1725 ἡμᾶς
2274 1652 2601 1715 καλέσαντος
2624 1652 2705 1714 είς
2722 1651 2781 1702 τὺ
2795 1648 3105 1719 θαυμαστὸν
3119 1646 3284 1700 αὐτοῦ
3302 1646 3439 1715 φῶς.
3455 1666 3473 1696 ι
3494 1645 3692 1698 Ὶστέον

2110 1744 2167 1798 δὲ
2195 1745 2275 1798 δτι
2306 1744 2399 1797 καὶ
2426 1745 2492 1814 τῇ
2529 1742 2670 1813 θύρα
2708 1742 2808 1811 τῆς
2841 1741 2945 1807 ἔξω
2987 1740 3195 1811 σκηνῆς
3236 1737 3694 1810 περιτετάννυστο

2112 1836 2533 1906 καταπέτασμα,
2569 1835 2645 1897 ὡς
2674 1832 2743 1887 ἂν
2773 1833 2847 1903 μὴ
2878 1832 3065 1901 γυμνά
3105 1848 3164 1884 τε
3197 1832 3292 1884 καὶ
3324 1829 3541 1900 ἐμφανῆ
3578 1831 3692 1893 τοῖς

2114 1927 2313 1993 ἔξωθεν
2338 1928 2423 1998 εῐη
2456 1926 2526 1979 τά
2579 1924 2765 1993 Ἅγια,
2796 1921 2943 1975 τοῦτ’
2976 1921 3143 1984 ἐστιν,
3169 1922 3202 1993 ή
3247 1919 3439 1989 πρώτη
3492 1918 3690 1989 σκηνὴ,

2113 2015 2225 2093 ὲνῇ
2256 2019 2318 2073 τὸ
2335 2019 2394 2072 ὲν
2420 2018 2571 2088 νόμῳ
2604 2015 3005 2085 θυσιαστήριον·
3025 2012 3473 2082 καταδηλοῦντος,
3510 2006 3690 2080 οἶμαι,

2112 2113 2203 2167 τοῦ
2227 2111 2399 2165 τύπου
2434 2109 2616 2172 πάλιν,
2643 2108 2724 2162 ὅτι
2754 2107 2888 2178 μηδὲ
2909 2106 3073 2171 αὐτὺς
3100 2108 3213 2170 τοίς
3232 2104 3487 2175 τυχοῦσιν
3512 2104 3717 2174 ἐμφαος

2111 2204 2209 2274 νὴς
2238 2205 2266 2257 ὁ
2291 2204 2471 2274 νόμος.
2500 2200 2923 2271 Κατακάλυμμα
2950 2198 3059 2271 γάρ
3089 2197 3202 2269 ἔχει
3226 2196 3289 2251 τδ
3312 2197 3568 2268 γράμμα,
3594 2194 3690 2248 καὶ

2110 2291 2591 2350 κατακεκάλυπταί
2614 2308 2675 2345 τε
2700 2291 2792 2346 καὶ
2820 2288 3232 2362 κατημφίασταί
3265 2305 3382 2352 παυς
3406 2287 3507 2358 τήν
3523 2285 3600 2349 ὡς
3623 2287 3692 2340 ἐν

2110 2389 2291 2451 σκιαῖς
2311 2386 2602 2456 ἀσάφειαν.

2176 2652 2391 2708 ΠΑΛΔ.
2420 2645 2549 2710 Ὧδε
2580 2651 2715 2722 εχει.

2178 2745 2344 2799 ΚΥΡ.
2385 2744 2593 2799 Οὐκοῦν
2642 2745 2700 2797 εν
2747 2743 2847 2815 μὲν
2894 2744 2961 2815 τῇ
3010 2738 3201 2814 πρώτῃ
3245 2741 3417 2814 σκηνῇ
3488 2736 3690 2811 λου-σὴρ

2105 2835 2287 2893 ἔκειτο
2313 2837 2407 2890 καὶ
2436 2836 2844 2907 θυσιαστήριον
2896 2836 2954 2890 ἑν
2979 2834 3038 2889 δὲ
3075 2836 3142 2907 τῇ
3169 2833 3399 2906 δευτέρᾳ
3430 2831 3526 2888 καὶ
3550 2832 3691 2885 homo

2104 2931 2272 2987 τάτω.
2307 2930 2341 2999 ή
2360 2915 2609 2990 ’κιϐωτὸς
2640 2928 2737 2982 καὶ
2775 2928 2810 3000 ή
2838 2926 3065 2998 λυχνία·
3095 2928 3192 2982 καὶ
3237 2926 3423 2996 μέντοι
3475 2925 3571 2980 καὶ
3622 2923 3690 2979 τὸ

2104 3019 2342 3095 χρυσοῦν
2385 3019 2781 3090 θυμιατήριον,
2839 3018 2926 3090 ἔφ’
2974 3011 3020 3088 ᾧ
3062 3018 3125 3074 τὸ
3168 3016 3365 3072 λεπτὸν
3411 3016 3685 3086 θυμίαμα,

2104 3108 2354 3182 τράπεζά
2380 3126 2441 3164 τε
2473 3110 2566 3164 καὶ
2589 3109 2767 3181 ἄρτοι.
2804 3109 3188 3181 Διαμέμνηται
3228 3108 3288 3161 δὲ
3330 3108 3359 3161 ὁ
3400 3105 3688 3169 θεσπέσιος

2104 3202 2316 3266 Παῦλος
2337 3202 2432 3255 καὶ
2454 3201 2694 3272 στάμνου
2724 3200 2934 3272 χρυσῆς
2969 3199 3201 3272 ἐχούσης
3243 3198 3304 3253 τὸ
3340 3197 3535 3270 μάννα.
3575 3198 3691 3250 Καὶ

2108 3294 2216 3367 μὴν
2263 3295 2356 3349 καί
2389 3294 2583 3366 ῥάϐδον
2631 3296 2763 3366 ἡμῖν
2792 3291 3046 3364 ὀνομάζει
3083 3293 3183 3361 τὴν
3223 3289 3455 3362 Ἀαρὼν,
3484 3290 3551 3361 ἣν
3593 3287 3689 3342 καὶ

2105 3388 2163 3441 ἐν
2195 3389 2310 3451 τοῖς
2348 3386 2550 3454 Ἀγίοις
2590 3386 2697 3440 τῶν
2734 3385 2904 3454 ἁγίων
2943 3382 3329 3439 ἀποτεθεῖσθαι
3370 3399 3556 3452 φησιν,
3591 3381 3687 3435 τιτι

2102 3477 2167 3552 δὴ
2200 3478 2296 3533 καὶ
2343 3478 2453 3533 τῶν
2500 3477 2663 3549 ἱερῶν
2697 3477 2737 3530 Γ
2743 3477 3047 3549 ραμμάτων
3074 3473 3352 3548 ὲντριδιὴς,
3386 3474 3483 3527 καὶ
3511 3474 3687 3541 ἐγνω-

2103 3569 2217 3634 κὼς
2243 3572 2325 3625 δτι
2356 3569 2594 3640 μάλιστά
2615 3585 2679 3637 γε
2711 3567 2782 3621 τά
2807 3567 3209 3638 τεθεσπισμένα
3253 3565 3393 3620 κατὰ
3435 3565 3687 3635 καιροὺς,

2104 3664 2199 3718 καὶ
2233 3664 2311 3733 τῷ
2349 3662 2604 3734 μακαρίῳ
2631 3663 2802 3733 Μωσῇ
2833 3644 3289 3733 προστεταγμένα
3318 3658 3523 3727 θεόθεν.
3557 3651 3687 3710 Οἵδε

2101 3755 2157 3810 δὲ
2180 3750 2345 3809 οὖσαν
2392 3754 2487 3808 καὶ
2537 3753 2820 3826 τράπεζαν
2865 3755 2960 3807 καὶ
3005 3751 3227 3822 λυχνίαν
3274 3752 3333 3804 ὲν
3378 3751 3447 3821 τῇ
3491 3746 3685 3821 πρώτῃ

2102 3842 2539 3919 σκηνῇ.’ῐ“ράφει
2587 3846 2645 3900 δὲ
2680 3844 2825 3899 οὕτω
2860 3844 2989 3917 περὶ
3034 3846 3156 3897 ταῖν
3202 3842 3346 3896 δυοῖν
3374 3841 3685 3921 διαθήκαιν,

2107 3937 2228 3992 «Ἑν
2261 3937 2338 4008 τῷ
2364 3934 2788 4007 λέγεινκαινὴν,
2831 3934 3183 3989 πεπαλαίωκε
3211 3933 3309 4003 τὴν
3338 3930 3584 4003 πρώτην.
3611 3930 3688 3984 Th

2098 4029 2155 4082 δὲ
2193 4026 2589 4099 παλαιούμενον
2639 4026 2734 4080 καὶ
2782 4025 3083 4096 γηράσκον,
3136 4024 3305 4091 ἐγγὺς
3346 4019 3681 4092 ἀφανισμοῦ.

2099 4115 2237 4191 Εἶχε
2288 4120 2387 4190 μὲν
2433 4114 2527 4174 οὖν
2576 4119 2672 4173 καὶ
2713 4120 2746 4190 ή
2799 4116 2988 4189 πρώτη
3026 4113 3371 4185 δικαιώματα
3401 4114 3681 4186 λατρείας,

2097 4214 2159 4268 τό
2186 4229 2246 4266 τε
2269 4213 2423 4282 ἅγιον
2473 4210 2771 4282 κοσμικόν·
2813 4210 2986 4280 σκηνὴ
3030 4208 3145 4281 γὰρ
3189 4208 3603 4279 κατεσκευάσθη
3647 4209 3683 4280 ἡ

2099 4305 2312 4379 πρώτη,
2344 4308 2402 4360 ὲν
2498 4305 2532 4376 ἦ
2569 4322 2630 4359 τε
2652 4302 2846 4375 λυχνία
2878 4304 2973 4358 καὶ
3006 4303 3039 4373 ὴ
3066 4301 3335 4375 τράπεζα,
3360 4303 3456 4355 καὶ
3484 4303 3519 4373 ἡ
3543 4302 3680 4372 πρό-

2098 4401 2249 4464 θεσις
2294 4398 2401 4453 τῶν
2449 4399 2652 4473 ἄρτων,
2690 4398 2811 4469 ἥτις
2857 4395 3075 4464 λέγεται
3129 4394 3285 4463 ἁγία.
3334 4394 3490 4448 Μετὰ
3521 4393 3580 4447 δὲ
3618 4393 3680 4447 τὸ

2095 4487 2348 4561 δεύτερον
2396 4487 2797 4556 καταπέτασμα
2844 4484 3047 4555 σκηνὴ,
3093 4485 3129 4555 ἠ
3168 4482 3437 4555 λεγομένη
3512 4482 3683 4550 ’Ἅγια

414 4572 613 4630 Sancta
646 4586 983 4645 sanctorum,
1030 4594 1259 4638 aureum
1298 4584 1510 4642 h'abens
1549 4588 1897 4646 thurihulum
1936 4602 1994 4648 et

2106 4580 2286 4649 ὶγίων,
2312 4578 2548 4652 χρυσοῦν
2576 4577 2776 4649 ἔχουσα
2798 4575 3181 4648 θυμιατήριον,
3207 4575 3300 4630 καί⁸
3320 4575 3420 4647 τὴν
3449 4573 3683 4629 κιϐωτὸν

411 4678 595 4720 arcam
624 4670 957 4735 testamenti,
991 4681 1298 4732 contectam
1337 4690 1405 4731 ex
1446 4678 1597 4733 omni
1631 4687 1788 4749 parte
1817 4696 1954 4739 auro
1976 4712 1999 4751 ς

412 4755 470 4811 in
499 4771 605 4825 qua
635 4774 775 4813 urna
803 4774 969 4817 aurea
1012 4763 1221 4822 habens
1257 4782 1454 4822 manna
1474 4807 1490 4831 ,
1542 4777 1601 4824 et
1634 4769 1787 4841 virga
1812 4772 1994 4833 Aaron

409 4859 535 4913 quae
572 4845 853 4915 ﬂoruerat,
893 4858 949 4907 et
987 4854 1186 4912 tabula:
1223 4857 1536 4911 testamenti
1572 4875 1587 4911 :
1619 4873 1785 4930 supra
1808 4873 1994 4923 autem

409 4937 587 5005 ipsam
619 4937 922 4999 Cheruhim
981 4947 1170 5018 gloriae
1224 4945 1614 5005 obumbrantia
1668 4956 1996 5025 propitiato-

412 5026 557 5081 rium
593 5029 665 5061 ⁵⁸⁵
692 5070 711 5096 ,
750 5051 768 5083 ι
803 5031 872 5089 de
894 5037 1103 5107 quibus
1134 5051 1246 5091 non
1277 5040 1365 5089 est
1390 5052 1540 5095 nunc
1571 5041 1865 5102 dicendum
1893 5063 1995 5119 per

410 5115 645 5191 singula.

482 5210 681 5269 PALL.
706 5213 844 5280 Sed,
875 5216 921 5271 si
954 5216 1044 5272 cui
1081 5218 1351 5288 placuerit
1374 5221 1692 5295 diligentius
1718 5244 1988 5299 quaerere,

412 5301 722 5375 dixeritque
764 5321 960 5362 causas
992 5310 1151 5365 reddi
1208 5324 1469 5384 oportere
1534 5321 1708 5375 totius
1735 5331 1994 5379 constru-

410 5395 631 5459 ctionis,
656 5411 905 5466 quaenam
925 5412 955 5451 a
980 5400 1142 5457 nobis
1168 5403 1355 5461 aﬁ‘erri
1382 5409 1587 5478 poterit
1626 5412 1812 5467 ratio?

479 5484 637 5542 CYR.
661 5485 821 5554 Quia,
852 5488 1079 5559 Palladi,
1106 5494 1213 5551 alia
1243 5499 1466 5567 quidem
1491 5511 1618 5558 ante
1642 5503 1986 5561 tabernaculi

413 5576 903 5646 constructionem,
959 5582 1065 5639 alia
1101 5595 1226 5656 post
1266 5588 1388 5645 ﬁeri
1429 5593 1724 5662 praecepit;
1768 5611 1895 5650 nam
1931 5598 1987 5653 in

408 5664 619 5732 Exodo,
644 5673 934 5739 antequam
949 5673 1119 5730 ullum
1154 5677 1335 5737 adhuc
1353 5679 1580 5735 omnino
1600 5679 1774 5736 futuri
1809 5682 1990 5740 taber-

2096 4674 2196 4744 τῆς
2243 4672 2511 4745 διαθήκης
2558 4669 3115 4742 περικεκαλυμμένην
3149 4668 3415 4723 πάντοθεν
3447 4668 3681 4741 χρυσίῳ,

2096 4758 2213 4836 ὲνῇ
2244 4754 2479 4834 στάμνος
2508 4761 2683 4833 χρυσῆ
2716 4760 2917 4831 ἔχουσα
2955 4759 3017 4812 τὸ
3049 4758 3246 4830 μάννα,
3281 4761 3375 4813 καὶ
3407 4761 3443 4829 ή
3484 4757 3682 4829 ῥάϐδος

2106 4857 2317 4930 ’Δαρὼν
2351 4859 2385 4928 ή
2419 4854 2788 4926 βλαστήσασα,
2822 4853 2919 4906 καὶ
2940 4852 2997 4906 αί
3029 4851 3235 4916 πλάκες
3262 4851 3365 4922 τῆς
3392 4850 3678 4922 διαθήκης.

2106 4949 2396 5022 ’Υπεράνω
2458 4947 2517 5000 δὲ
2569 4946 2742 5017 αὐτῆς
2801 4944 3085 5018 Χερουϐὶμ
3150 4941 3310 5012 δόξης
3374 4943 3681 4997 κατασκιά-

2094 5043 2253 5109 ζοντα
2283 5040 2346 5094 τδ
2386 5039 2720 5111 ἱλαστήριον,
2752 5055 2773 5090 ι
2805 5037 2937 5108 περὶ
2961 5028 3037 5090 ὧν
3074 5034 3176 5088 οὐκ
3214 5034 3330 5086 ἐστι
3363 5032 3458 5087 νῦν
3499 5033 3681 5102 λέγειν

2089 5129 2235 5187 κατὰ
2259 5130 2443 5202 μέρος.

2160 5222 2499 5294 ΠΑΛΛ.“Ᾱρ’
2520 5216 2615 5277 οὗν
2649 5221 2705 5275 εἰ
2743 5238 2827 5286 τις
2848 5221 3021 5276 ἕλοιτο
3048 5223 3449 5295 φιλοπευστείν,
3478 5219 3680 5292 χρῆναί

2086 5336 2148 5391 τε
2171 5318 2321 5387 λέγοι
2351 5317 2449 5381 τὰς
2478 5316 2659 5380 αίτίας
2691 5318 2867 5369 εἰπεῖν
2891 5315 2991 5384 τῆς
3028 5316 3155 5387 ὅλης
3181 5313 3556 5383 κατασκευῆς,
3591 5312 3677 5376 τίς

2090 5408 2158 5465 ἂν
2185 5409 2395 5478 γένοιτο
2419 5407 2554 5482 πρὸς
2576 5404 2736 5476 μῶν
2764 5408 2793 5459 ὁ
2823 5406 2980 5475 λόγος
3005 5424 3022 5474 ἶ

2160 5503 2326 5557 ΚΥΡ.
2366 5502 2509 5566 Ὅτι,
2552 5494 2598 5553 ὦ
2646 5499 2932 5563 Παλλάδιε,
2975 5498 3045 5552 τά
3099 5498 3200 5569 μὲν
3225 5499 3330 5570 πρὸ
3364 5498 3464 5568 τῆς
3507 5513 3679 5551 κατα-

2092 5595 2293 5667 σκευῆς
2332 5593 2433 5664 τῆς
2475 5593 2638 5661 ἁγίας
2675 5596 2901 5664 σκηνῆς,
2929 5592 2999 5646 τά
3039 5592 3096 5646 δὲ
3143 5592 3286 5661 μετὰ
3328 5591 3487 5645 τοῦτο
3515 5584 3673 5661 γενέ-

2093 5685 2217 5740 σθαι
2267 5683 2658 5756 προστέταχεν.
2703 5683 2795 5739 Ἐν
2840 5682 2944 5755 μὲν
2991 5683 3100 5755 γάρ
3125 5685 3191 5755 τῇ
3240 5681 3438 5752 Ἐξόδῳ
3466 5678 3562 5734 καί
3591 5694 3674 5732 τοι

486 5851 530 5883 ⁸⁸
559 5852 727 5911 Hebr.
772 5872 864 5925 vn,
902 5858 993 5929 l9;
1019 5878 1074 5930 ι,
1102 5863 1151 5917 4.
1237 5866 1281 5897 ⁵⁸
1313 5865 1494 5922 lPetr.
1523 5882 1579 5935 ιι,
1615 5867 1667 5922 9.
1745 5872 1811 5905 ⁸⁵⁴
1834 5872 2001 5930 Iicbr.

2106 5873 2240 5942 1,9,
2281 5873 2380 5943 l5;
2425 5888 2503 5939 rx,
2557 5870 2646 5926 1-3
