4118 6428
363 443 471 501 669

1112 439 1202 494 DE
1240 433 1686 493 ADORATIONE
1721 433 1788 488 IN
1829 431 2102 488 SPIRITU
2141 433 2233 488 ET
2274 433 2641 489 VERITATE.
2683 430 2812 486 LIB.
2849 430 2917 484 Χ.

3573 424 3677 482 670

367 559 500 635 πρ).ν
531 557 668 622 ὅλως
699 557 827 619 τοὺς
858 555 989 628 περὶ
1034 555 1136 626 τῆς
1173 543 1336 622 ἁγίας
1368 552 1576 623 σκηνῆς
1603 551 1836 621 ὀφθῆναι
1864 551 1961 604 τύ·-
1994 600 1997 611 ,

2097 553 2250 607 iaculi
2271 551 2552 621 exemplar
2577 556 2856 604 ostensum
2884 587 2898 612 ,
2958 553 3053 601 aut
3092 543 3298 616 aliquid
3331 543 3399 600 de
3432 560 3500 601 eo
3531 563 3679 616 prae-

367 667 530 714 πους,
555 649 650 703 καὶ
678 648 749 702 τά
793 649 880 701 ἐπ’
909 646 1083 716 αὑτῆς
1123 645 1382 716 γενέσθαι
1417 643 1841 718 προστάγματα,
1875 645 1966 698 τὸν

367 743 466 799 ἐπὶ
488 745 554 814 τῇ
598 743 774 812 χρυσῇ
809 741 1035 812 στάμνῳ
1067 737 1570 810 κατεχρησμῴδησε
1597 737 1780 806 λόγον,
1815 736 1970 802 εἰδὼς

367 836 433 890 τὸ
457 835 735 905 ἐσόμενον.
767 833 923 888 Μετὰ
943 827 1005 886 ’δέ
1029 848 1094 902 γε
1121 831 1222 903 τὴν
1261 829 1426 902 πῆξιν
1454 830 1552 901 τῆς
1601 830 1732 901 ὅλης
1765 831 1971 902 σκηνῆς

370 929 432 982 ἐν
466 930 582 990 τοῖς
622 925 902 997 Ἀριθμοίς
919 925 1225 996 εὑρήσομεν
1258 923 1358 994 τὴν
1397 921 1594 994 ῥάϐδον
1611 921 1712 992 τὴν
1744 921 1958 992 Ἀαρὼν

370 1022 454 1084 εἰς
477 1018 543 1072 τά
575 1018 747 1086 Ἀγια
787 1015 899 1070 τῶν
934 1015 1107 1084 ἁγίων
1139 1014 1658 1086 είσκεκομισμένην.
1701 1015 1792 1068 Ἐν
1815 1014 1873 1068 δέ
1893 1012 1972 1084 τῷ

369 1110 651 1181 Λευῖτικῷ
697 1108 1228 1182 προσεπενομοθέτει
1296 1106 1430 1171 Θεὸς
1459 1107 1587 1178 περί
1623 1123 1682 1161 τε
1725 1105 1969 1177 λυχνίας,

373 1205 471 1258 καὶ
502 1201 608 1275 μὴν
642 1202 737 1256 καὶ
768 1200 1050 1272 τραπέζης
1085 1200 1188 1270 τῆς
1224 1201 1283 1253 ἐν
1309 1200 1377 1270 τῇ
1407 1196 1597 1270 πρώτῃ
1640 1200 1835 1270 σκηνῇ.
1867 1198 1974 1251 Νο-

372 1295 632 1366 μομαθὴς
661 1295 719 1347 δὲ
764 1293 1026 1364 ὑπάρχων
1059 1293 1088 1345 6
1126 1289 1439 1359 σοφώτατος
1479 1288 1714 1352 Παῦλος,
1742 1288 1974 1359 παρίησι

376 1387 479 1460 μὲν
507 1387 645 1450 ὅλως
665 1385 772 1440 τῶν
808 1385 1113 1454 γεγονότων
1145 1382 1319 1447 οὐδὲν,
1349 1379 1717 1452 διαμέμνηται
1744 1379 1800 1432 δὲ
1824 1378 1974 1453 πρώ-

373 1497 487 1534 των
517 1495 578 1532 τε
604 1478 701 1532 καὶ
734 1476 918 1548 μέσων
948 1475 1044 1529 καὶ
1072 1472 1419 1528 τελευταίων.

446 1570 658 1624 ΠΑΛΛ.
701 1569 935 1639 Ἀριστα
963 1565 1122 1638 ἔφης.
1168 1564 1348 1636 Φράζε
1387 1562 1454 1634 δὴ
1484 1555 1580 1616 οῦν
1629 1561 1844 1616 ἕκαστα
1877 1577 1976 1616 σα·

379 1663 498 1733 φῶς
534 1663 631 1716 καὶ⁵
665 1660 1101 1732 διεσταλμένως’
1135 1659 1308 1732 βαθὺς
1353 1657 1464 1731 γάρ
1505 1673 1612 1712 που
1671 1654 1891 1718 πάντως
1945 1655 1974 1710 6

378 1758 469 1810 ἐπ’
493 1755 680 1819 αὑτοῖς
706 1755 823 1807 ἐστι
863 1753 1043 1823 λόγος.

451 1849 616 1902 ΚΥΡ.
658 1847 789 1913 Ναὶ,
822 1845 1001 1916 λέγεις
1031 1845 1230 1918 ὀρθῶς.
1251 1844 1406 1916 Ἔχει
1430 1841 1541 1914 γάρ
1563 1834 1666 1897 ὧδε
1696 1841 1759 1895 τὸ
1786 1840 1976 1913 χρῆμα

2072 653 2294 714 ceptum
2343 651 2491 699 esset
2522 682 2537 707 ,
2572 653 2900 711 responsum
2937 636 3006 692 de
3064 652 3234 691 aurea
3267 652 3405 690 urna
3425 637 3466 669 ⁸⁷
3499 636 3678 706 dedit,

2073 753 2198 792 cum
2272 736 2442 792 sciret
2517 734 2665 805 quod
2745 732 2996 788 futurum
3066 736 3219 795 erat;
3289 736 3479 799 postea
3542 745 3679 786 vero

2072 844 2239 900 quam
2281 836 2462 884 totum
2497 825 2918 882 tabernaculum
2966 823 3136 877 ﬁxum
3168 825 3254 877 est
3280 862 3294 886 ,
3329 821 3387 876 in
3419 821 3680 877 Numeris

2072 924 2288 993 virgam
2315 922 2499 977 Aaron
2529 920 2877 976 inveniemus
2908 916 3077 972 fuisse
3121 915 3178 970 in
3225 914 3424 970 Sancta
3457 922 3682 969 sancto-

2075 1032 2200 1071 rum
2226 1017 2432 1071 illatam
2457 1016 2529 1082 ”;
2554 1014 2652 1070 sed
2683 1013 2740 1067 in
2772 1011 3020 1067 Levitico
3048 1009 3276 1079 insuper
3299 1007 3570 1062 sancitum
3592 1013 3680 1061 est

2074 1116 2193 1162 tum
2218 1107 2287 1163 de
2317 1107 2652 1163 candelabro
2671 1146 2685 1172 ,
2711 1112 2828 1160 tum
2863 1103 3031 1160 etiam
3059 1101 3127 1157 de
3150 1117 3341 1156 mensa
3371 1101 3439 1167 ",
3473 1115 3596 1170 quae
3623 1100 3680 1154 in

2074 1201 2254 1272 primo
2285 1199 2643 1255 tabernaculo
2675 1197 2852 1269 posita
2872 1203 3012 1251 erat.
3053 1195 3218 1266 339
3239 1194 3443 1250 Paulus
3470 1202 3680 1258 autem,

2073 1293 2160 1349 vir
2201 1291 2675 1363 sapientissimus,
2721 1304 2848 1346 cum
2900 1288 3039 1359 legis
3075 1287 3288 1357 peritus
3315 1294 3484 1348 esset,
3541 1283 3683 1338 nihil

2074 1401 2304 1457 prorsus
2355 1401 2424 1440 ex
2474 1384 2544 1440 iis
2602 1399 2724 1454 qua:
2777 1383 2923 1439 facta
2996 1386 3128 1435 sunt
3176 1375 3531 1448 praetermisit
3585 1373 3686 1430 sed

2077 1480 2275 1550 prima,
2301 1477 2483 1532 media
2505 1485 2561 1532 et
2595 1483 2845 1532 extrema
2873 1470 3350 1530 commemoravit.

2147 1571 2345 1627 PALL.
2382 1569 2601 1640 Optime
2631 1583 2764 1623 sane
2789 1575 2876 1622 est
2905 1582 2937 1621 a
2963 1574 3016 1621 te
3058 1564 3292 1620 dictum.
3324 1560 3554 1632 Explica
3585 1557 3688 1630 igi-

2080 1672 2172 1718 tur
2213 1663 2430 1734 singula
2457 1661 2701 1717 dilucide
2727 1676 2792 1716 ac
2822 1658 3071 1714 breviter
3107 1673 3122 1710 :
3156 1655 3386 1712 abditus
3417 1652 3568 1708 enim
3600 1659 3690 1706 est

2078 1770 2263 1811 sermo
2293 1795 2308 1821 ,
2342 1754 2398 1809 in
2418 1769 2528 1824 quo
2557 1752 2627 1808 de
2657 1752 2728 1807 iis
2757 1750 2926 1806 rebus
2957 1747 3160 1820 agitur.

2152 1846 2311 1903 CVR.
2343 1847 2512 1902 Recte
2541 1844 2702 1900 dicis.
2728 1843 2820 1898 Sic
2846 1842 2996 1898 enim
3032 1855 3226 1896 revera
3262 1853 3322 1894 se
3364 1852 3455 1892 res
3495 1833 3688 1890 habet.

381 1901 535 1995 κατά
558 1901 837 2012 ἀλήθειαν.
871 1901 1277 2010 Ιίοιήσομαινδὲ
1323 1901 1454 1990 ζῶν.
1486 1901 1846 2005 διηγημάτων
1880 1901 1984 1986 ’καὶ

2097 1937 2274 2006 itaque
2307 1936 2378 1994 ab
2401 1935 2517 2006 ipsa
2541 1935 2783 2004 primum
2819 1945 2959 1986 urna
2983 1926 3248 1984 narrandi
3283 1925 3574 1982 exordium
3611 1921 3692 1977 fa-

380 2032 484 2101 τὴν
524 2029 764 2101 στάμνον
806 2029 1007 2100 ἀρχήν.
1047 2025 1239 2082 ’Υετοῦ
1271 2027 1372 2098 μὲν
1419 2024 1550 2095 γοῦν
1593 2025 1754 2096 δίκην
1802 2024 1984 2079 καθίει

2097 2030 2248 2086 ciam.
2282 2027 2483 2084 lmbris
2508 2026 2676 2098 igitur
2705 2025 2882 2079 instar
2914 2021 3140 2077 demisit
3178 2021 3326 2075 Deus
3362 2017 3494 2072 ﬁliis
3518 2014 3702 2071 Israel.

381 2124 517 2190 Θεὸς
545 2126 660 2188 τοῖς
712 2123 772 2190 ἐξ
815 2120 1033 2193 Ἰσραὴλ
1089 2121 1151 2175 τὸ
1199 2121 1378 2192 μάννα
1415 2119 1558 2174 κατὰ
1609 2118 1709 2190 τὴν
1752 2118 1980 2190 ἔρημον·

2097 2135 2287 2175 manna
2339 2134 2441 2190 per
2486 2118 2798 2182 desertum;
2830 2115 2879 2169 is
2910 2113 3058 2168 enim
3090 2112 3252 2168 cibus
3294 2126 3358 2166 ac
3389 2107 3548 2179 panis
3581 2105 3694 2161 illis

381 2216 560 2290 τροφὴ
603 2216 713 2290 γὰρ
762 2214 924 2269 τοῦτο
970 2215 1066 2270 καὶ
1107 2214 1276 2284 ἄρτος
1324 2213 1512 2276 αὑτοῖς
1557 2211 1768 2266 ἄνωθεν
1794 2211 1888 2265 καὶ
1926 2209 1986 2277 ἐξ

2097 2221 2205 2269 erat
2231 2227 2470 2283 superne
2501 2218 2666 2282 atque
2694 2209 2763 2265 de
2795 2208 2936 2264 coelo
2963 2206 3148 2262 datus.
3201 2203 3338 2260 Eam
3362 2214 3530 2273 porro
3572 2213 3693 2253 rem

381 2308 638 2382 οὐρανοῦ.
687 2307 828 2363 Ἀλλ’
859 2309 946 2362 ὅτι
977 2306 1055 2380 μὴ
1110 2305 1277 2378 μέχρι
1309 2304 1419 2359 τῶν
1457 2303 1734 2375 αἰσθητῶν
1752 2303 1816 2356 τὸ
1847 2300 1987 2376 δρώ⁴

2097 2315 2294 2379 gestam
2318 2321 2431 2360 non
2455 2318 2629 2374 usque
2650 2301 2719 2357 ad
2733 2298 3019 2356 sensibilia
3054 2297 3146 2352 illa
3169 2310 3294 2351 esse
3313 2305 3691 2365 progressam,

387 2420 551 2474 μενον
594 2397 686 2474 ἦν’
724 2400 990 2472 ἀναφέρει
1042 2398 1154 2470 γάρ
1200 2413 1261 2452 τε
1302 2395 1495 2469 ὥσπερ
1539 2395 1628 2450 διὰ
1667 2393 1842 2449 τύπου
1887 2394 1986 2448 καὶ

2097 2399 2276 2470 ibique
2306 2395 2620 2452 constitisse
2638 2436 2654 2456 ,
2685 2392 2782 2448 sed
2808 2406 2906 2463 per
2930 2390 3080 2445 illam
3105 2387 3336 2460 ﬁguram
3359 2392 3416 2439 et
3439 2382 3695 2438 umbram

387 2497 546 2561 σκιᾶς
575 2495 668 2549 ἐπὶ
697 2493 759 2548 1:6
785 2495 983 2566 χρῆναι
1020 2494 1184 2558 νοεῖν,
1209 2491 1290 2545 ὅτι
1337 2488 1608 2560 παρέσται
1653 2486 1796 2541 κατὰ
1865 2503 1990 2539 και-

2097 2505 2158 2546 eo
2195 2488 2522 2560 perducere,
2549 2494 2612 2541 ut
2643 2484 3056 2555 intelligeretur
3083 2480 3206 2536 fore
3233 2519 3248 2545 ,
3291 2485 3352 2532 ut
3391 2488 3698 2546 supernum

387 2589 518 2660 ροὺς
544 2588 573 2641 6
610 2585 819 2642 ἄνωθεν
861 2586 994 2658 ἡμῖν
1027 2585 1122 2639 καὶ
1148 2584 1215 2638 ἐκ
1240 2581 1460 2654 Πατρδς
1493 2580 1690 2652 Λόγος,
1716 2579 1793 2644 ὡς
1823 2578 1989 2651 ἄρτος

2097 2584 2229 2641 illud
2278 2593 2336 2639 et
2379 2597 2446 2638 ex
2496 2581 2661 2637 Patre
2703 2578 2950 2633 Verbum
2986 2583 3248 2645 tanquam
3297 2570 3458 2642 panis
3495 2586 3526 2626 e
3556 2568 3706 2624 ccelo

385 2681 450 2747 ἐξ
482 2680 742 2753 ούρανοῦ,
781 2680 858 2744 ὡς
904 2679 998 2734 καὶ
1040 2681 1070 2734 6
1117 2677 1262 2743 Θεῖος
1308 2678 1443 2749 ἡμῖν
1494 2674 1660 2729 Δαόὶδ
1701 2673 1992 2743 ὑποφαίνει

385 2775 592 2844 λέγων’
632 2794 650 2826 ι
675 2762 880 2846 Ἀρτοῧ
921 2770 1156 2845 ούρανοῦ
1203 2771 1408 2824 ἔδωκεν
1457 2769 1662 2832 αὐτοῖς,
1697 2768 1863 2838 ἄρτον
1896 2766 1994 2834 ἀγ·

388 2868 564 2937 γέλων
617 2865 822 2936 ἔφαγεν
867 2865 1175 2936 ἅνθρωπος.
1200 2882 1219 2916 ι
1265 2864 1376 2917 Καὶ
1413 2860 1531 2915 οὔτι
1571 2859 1676 2914 πού
1727 2875 1907 2930 φαμεν
1933 2857 1994 2912 τὸ

389 2961 572 3033 μάννα
626 2960 688 3013 τὸ
731 2957 993 3029 αἰσθητὸν
1039 2957 1203 3028 ἄρτον
1232 2952 1372 3009 εἶναι
1391 2954 1484 3008 τὸν
1513 2953 1570 3020 ἐξ
1613 2951 1847 3024 ούρανοῦ
1899 2951 1996 3005 καὶ

390 3054 664 3124 ἀγγέλων.
695 3053 973 3125 Τρέφεται
1016 3049 1118 3121 μὲν
1173 3048 1285 3120 γὰρ
1334 3047 1398 3102 τὸ
1431 3045 1653 3117 πνεῦμα
1692 3060 1996 3115 πνευματι-

391 3143 526 3208 κῶς,
595 3144 759 3215 σῶμα
806 3142 865 3196 δὲ
917 3134 986 3196 αῦ
1039 3140 1158 3194 κατ’
1197 3139 1335 3194 ἰδίαν
1391 3136 1578 3207 φύσιν,
1639 3135 1788 3190 τοῦτ’
1853 3134 1994 3200 ἐστι,

2093 2678 2161 2734 ad
2196 2692 2301 2733 nos
2351 2674 2573 2730 tandem
2614 2671 2938 2737 adveniret,
2971 2667 3196 2724 divinus
3216 2679 3440 2737 quoque
3471 2662 3560 2717 vir
3595 2661 3703 2716 Da-

2094 2771 2188 2828 vid
2217 2770 2380 2826 nobis
2419 2767 2648 2832 indicat,
2675 2765 2868 2820 dicens
2901 2781 2916 2817 :
2955 2782 2973 2815 ‹
3005 2763 3211 2817 Panem
3247 2757 3372 2814 coeli
3396 2754 3553 2812 dedit
3573 2753 3656 2810 eis
3683 2769 3700 2808 :

2094 2881 2292 2938 panem
2313 2863 2631 2934 angelorum
2655 2855 3011 2914 manducavit
3026 2855 3193 2910 homo
3215 2851 3280 2906 °°.
3295 2869 3314 2903 ι
3351 2848 3542 2920 Neque
3567 2859 3705 2902 vero

2096 2937 2436 3010 censendum
2459 2940 2793 3016 est,'manna
2821 2945 2957 3000 illud
2989 2942 3251 3000 sensibile
3291 2953 3492 3010 panem
3545 2937 3704 2991 illum

2096 3047 2166 3102 de
2190 3046 2331 3102 ccelo
2374 3051 2430 3100 et
2461 3041 2784 3113 angelorum
2827 3053 2988 3093 esse:
3030 3050 3159 3090 nam
3195 3031 3425 3103 spiritus
3477 3027 3704 3099 quidem

2098 3136 2484 3210 spiritualiter,
2520 3146 2724 3204 corpus
2743 3138 2930 3186 autem
2965 3124 3372 3182 convenienter
3396 3135 3511 3175 suae
3535 3125 3706 3174 natu-

394 3235 746 3308 σωματικῶς.
785 3231 974 3306 Τροφὴ
1025 3232 1084 3286 δέ
1116 3231 1365 3301 ἀγγέλων
1391 3230 1488 3285 καὶ
1521 3229 1688 3303 ἄρτος
1713 3229 1742 3282 6
1769 3226 1996 3299 πρέπων

2101 3247 2196 3298 ne,
2232 3229 2412 3295 idest,
2446 3224 2808 3297 corporaliter
2823 3220 3069 3292 pascitur
3095 3235 3108 3272 :
3136 3217 3297 3272 cibus
3326 3219 3512 3268 autem
3537 3225 3707 3282 ange-

391 3329 646 3399 οὑρανοῖς
672 3326 769 3380 καὶ
795 3328 908 3389 τοῖς
944 3323 1058 3378 ἄνω
1084 3324 1415 3394 πνεύμασιν,
1451 3324 1479 3376 6
1508 3323 1573 3375 ἐκ
1598 3320 1734 3374 Θεοῦ
1783 3319 1998 3392 Πατρὸς

392 3422 588 3489 Λόγος.
622 3421 697 3475 T6
743 3419 920 3492 μάννα
951 3418 1018 3490 δὴ
1063 3412 1158 3472 οὖν
1201 3416 1391 3489 ἐδήλου
1425 3417 1683 3488 Χριστόν.
1722 3413 1891 3468 Οὑδὲν
1930 3413 1992 3467 δὲ

393 3518 424 3571 6
448 3515 616 3578 τύπος
657 3513 718 3568 τὸ
761 3510 1010 3580 ὠφελοῦν
1044 3511 1182 3582 ἔχει,
1213 3509 1288 3582 μὴ
1310 3509 1411 3580 τῆς
1427 3507 1686 3579 ἀληθείας
1715 3507 1989 3575 είσδεδεγ-

397 3609 590 3679 μένης.
625 3605 762 3660 Σκιὰ
787 3603 898 3677 γὰρ
927 3604 1086 3660 τοῦτο
1131 3603 1376 3674 ἐκείνης,
1400 3601 1461 3655 οὑ
1491 3601 1559 3654 δι’
1599 3598 1762 3654 ἑαυτὸ
1794 3599 2000 3670 κυρίως

397 3701 646 3771 γεγονὸς,
686 3700 801 3754 ἀλλ’
834 3701 923 3754 ἵνα
952 3718 1005 3754 τι
1046 3698 1154 3752 τῶν
1199 3697 1506 3769 ἀμεινόνων
1554 3694 1639 3764 ἐφ’
1670 3692 1849 3764 ἐαυτῷ
1897 3691 2004 3757 ζω-

397 3796 610 3866 γραφῇ.
647 3793 748 3848 Διά
774 3792 934 3848 τοῦτο
962 3792 1196 3864 Χριστὸς
1226 3791 1341 3854 τοῖς
1384 3787 1655 3843 Ἰουδαίων
1683 3786 1880 3858 δήμοις
1909 3800 2000 3838 σο-

397 3885 508 3956 φὴν
537 3886 780 3940 ἐποιεῖτο
808 3885 908 3956 τὴν
937 3882 1253 3954 ἐπίπληξιν,
1281 3883 1362 3936 ὅτι
1394 3881 1470 3954 μὴ
1509 3880 1711 3953 μᾶλλον
1735 3878 1898 3933 αὑτὸν
1927 3876 2003 3940 ὡς

398 3977 688 4049 ἀλήθειαν,
733 3977 871 4032 ἀλλὰ
911 3977 1116 4033 Μωσέα
1147 3975 1515 4048 θαυμάζουσι,
1549 3973 1660 4029 τῶν
1683 3972 1870 4027 τύπων
1904 3970 1998 4025 τὸν

389 4072 702 4144 ὑπουργὸν.
738 4073 886 4142 Ἔφη
927 4071 1038 4143 γὰρ
1085 4069 1281 4137 οὑτως,
1345 4088 1365 4122 ι
1402 4069 1602 4140 Ἀμὴν,
1653 4065 1802 4139 ἀμὴν
1859 4064 2006 4134 λέγω

404 4167 560 4237 ὑμῖν,
606 4166 816 4236 Μωσῆς
862 4167 995 4236 ὑμῖν
1047 4165 1252 4219 δέδωκε
1300 4163 1364 4217 τὸ
1400 4163 1579 4235 μάννα
1603 4177 1618 4193 °
1647 4162 1678 4215 6
1701 4159 1812 4230 γὰρ
1841 4159 2008 4231 ἄρτος

401 4260 498 4315 τοῦ
536 4257 674 4314 Θεοῦ
715 4261 864 4314 ἐστιν
887 4261 917 4314 6
944 4259 1010 4314 ἐκ
1047 4256 1143 4312 τοῦ
1173 4256 1410 4330 οὐρανοῦ
1443 4254 1710 4321 καταϐὰς,
1739 4254 1835 4308 καὶ
1861 4252 2008 4325 ζωὴν

399 4351 580 4416 διδοὺς
613 4351 690 4424 τῷ
719 4351 932 4422 κόσμῳ.
975 4349 1118 4420 Ἐγώ
1139 4349 1257 4421 είμι
1288 4348 1317 4401 6
1345 4346 1510 4419 ἄρτος
1544 4349 1573 4402 6
1595 4345 1727 4412 ζῶν.
1753 4365 1772 4399 ι
1809 4345 2010 4400 Εἰκόνα

400 4444 468 4516 δή
502 4439 597 4498 οῦν
623 4444 686 4498 τὸ
720 4445 896 4516 μάννα
933 4441 1106 4507 τιθεὶς
1149 4439 1247 4495 τοῦ
1279 4439 1486 4495 ἄνωθεν
1525 4438 1623 4494 καὶ
1651 4438 1712 4505 ἐξ
1772 4435 2008 4510 ούρανοῦ

398 4537 913 4608 καταφοιτήσαντος
949 4535 1152 4604 Λόγου,
1187 4533 1256 4588 τά
1302 4533 1397 4587 ἐπί
1443 4549 1506 4602 γε
1548 4535 1617 4604 τῇ
1670 4531 1894 4603 στάμνῳ
1918 4548 2012 4585 κε-

405 4628 776 4704 χρησμῷδηκε
845 4626 998 4692 Θεός.
1043 4625 1364 4698 Γέγραπται
1393 4624 1453 4678 δέ
1495 4623 1694 4688 οὑτως·
1739 4642 1759 4675 ‹
1785 4619 1921 4677 Εἷπε
1953 4621 2012 4676 δὲ

403 4723 614 4794 Μωσῆς
635 4739 650 4754 ο
683 4721 854 4776 Τοῦτο
885 4719 946 4774 τὸ
974 4719 1150 4792 ῥῆμα,
1189 4718 1219 4772 6
1265 4715 1524 4782 συνέταξε
1572 4713 1802 4788 Κύριος,
1863 4714 2013 4787 Πλή-

407 4830 542 4867 σατε
583 4811 646 4866 τὸ
699 4810 874 4884 γομὸρ
937 4809 1032 4865 τοῦ
1078 4811 1278 4882 μάννα,
1326 4809 1408 4874 είς
1451 4807 1740 4879 ἀποθήκην
1778 4807 1860 4870 είς
1911 4805 2012 4869 τὰς

406 4903 604 4973 γενεὰς
634 4902 812 4975 ὑμῶν,
848 4902 937 4957 ἵνα
976 4901 1128 4956 ίδωσι
1156 4901 1248 4956 τὸν
1276 4901 1465 4974 ἄρτον,
1486 4899 1548 4954 ὃν
1583 4899 1819 4969 ἐφάγετε
1850 4897 2014 4969 ὑμεῖς

406 4997 468 5048 ἐν
501 4997 568 5066 τῇ
598 4994 814 5066 ἐρήμῳ,
846 4993 924 5054 ὡς
958 4991 1230 5064 ἐξήγαγεν
1264 4993 1411 5064 ὑμᾶς
1449 4989 1658 5062 Κύριος
1699 4990 1764 5044 ἐκ
1789 4989 1896 5060 γῆς
1919 4990 2014 5044 Αἰ-

407 5087 642 5158 γύπτου.
665 5087 777 5142 Καὶ
804 5081 928 5139 εἷπε
948 5085 1160 5155 Μωσῆς
1219 5084 1358 5156 πρὸς
1404 5082 1646 5155 Ἀαρώνο
1681 5082 1832 5138 Λάϐε
1887 5081 2016 5136 στά-

415 5197 555 5252 μνον
605 5177 846 5252 χρυσοῦν
879 5178 999 5245 Eva,
1040 5177 1137 5233 καὶ
1169 5176 1376 5250 ἔμϐαλε
1409 5179 1491 5242 είς
1516 5176 1680 5232 αὑτὸν
1718 5175 1929 5247 πλῆρες
1953 5175 2016 5229 τὸ

411 5270 593 5342 γομὸρ
621 5270 716 5325 τοῦ
759 5270 960 5342 μάννα,
1001 5271 1098 5325 καὶ
1135 5270 1438 5342 άποθήσεις
1475 5267 1611 5324 αὑτὸ
1647 5267 1890 5323 ἐναντίον
1917 5267 2013 5322 τοῦ

410 5363 572 5430 Θεοῦ,
601 5365 678 5427 είς
707 5363 1035 5436 διατήρησιν
1065 5363 1146 5426 εἰς
1177 5361 1278 5425 τὰς
1297 5360 1495 5430 γενεὰς
1517 5359 1694 5433 ὑμῶν,
1727 5360 1788 5414 ὃν
1813 5359 2016 5430 τρόπον

412 5456 678 5522 συνέταξε
729 5456 938 5528 Κύριος
995 5455 1074 5528 τῷ
1119 5457 1317 5527 Μωσῇ.
1366 5455 1476 5509 Καὶ
1528 5453 1765 5510 ἀπέθετο
1803 5451 2016 5524 Ἀαρὼν

411 5550 594 5605 Εναντι
624 5549 720 5605 τοῦ
748 5550 1076 5622 μαρτυρίου,
1114 5550 1196 5616 είς
1225 5547 1570 5621 διατήρησιν.
1601 5567 1619 5600 ι
1655 5548 1867 5620 Ὥσπερ
1905 5547 2014 5618 γὰρ

411 5644 676 5717 ἐλέγομεν
705 5646 789 5700 ὅτι
821 5645 911 5699 τὸν
939 5645 1085 5700 θεῖον
1113 5643 1320 5714 ἔχουσα
1385 5642 1546 5712 λόγον
1572 5645 1605 5715 ἡ
1637 5642 1870 5706 κιϐωτὸς
1916 5643 2018 5695 ὑπ-

415 5737 611 5808 εδήλου
642 5738 735 5792 τὸν
778 5736 1164 5810 Ἐμμανουήλο
1211 5734 1346 5789 Θεοῦ
1389 5734 1502 5804 γὰρ
1537 5730 1604 5806 ἦν
1647 5735 1820 5806 Λόγος
1852 5733 1927 5798 ὡς
1961 5735 2018 5786 ἐν

2099 3325 2278 3380 lorum
2311 3329 2367 3376 et
2399 3319 2577 3390 panis,
2606 3316 2700 3388 qui
2726 3313 2882 3370 caelis
2915 3309 3246 3382 superisque
3270 3303 3560 3376 spiritibus
3576 3316 3710 3357 con-

2097 3418 2306 3483 veniat,
2343 3413 2479 3470 illud
2531 3412 2630 3468 Dei
2665 3409 2848 3466 Patris
2882 3415 2968 3462 est
2990 3403 3252 3461 Verbum.
3290 3400 3490 3455 Manna
3533 3395 3708 3468 igitur

2091 3512 2384 3570 Christum
2415 3504 2783 3579 signiﬁcabat.
2811 3500 2920 3557 Sed
2944 3498 3120 3570 ﬁgura
3153 3495 3292 3550 nihil
3327 3491 3584 3548 utilitatis
3624 3486 3710 3543 af-

2098 3606 2228 3671 fert,
2263 3603 2371 3659 nisi
2425 3599 2629 3656 veritas
2668 3596 3046 3652 demonstrata
3091 3588 3293 3653 fuerit;
3325 3600 3413 3641 res
3442 3583 3591 3640 enim
3619 3579 3715 3636 illa-

2100 3701 2300 3757 umbra
2333 3696 2501 3766 hujus
2529 3700 2614 3748 est
2641 3732 2655 3755 ,
2688 3704 2870 3759 neque
2913 3692 3142 3757 propter
3167 3697 3227 3737 se
3277 3679 3453 3751 ipsam
3483 3673 3714 3747 proprie

2102 3803 2254 3866 gesta
2285 3798 2402 3857 est,
2446 3786 2544 3843 sed
2599 3792 2661 3840 ut
2689 3783 2748 3838 in
2793 3797 2852 3838 se
2878 3777 3088 3850 aliquid
3126 3773 3483 3848 praestantius
3523 3767 3712 3839 expri-

2103 3865 2308 3951 meret;
2350 3881 2421 3937 ob
2447 3893 2681 3949 eamque
2706 3889 2932 3930 causam
2963 3869 3220 3932 Christus
3258 3865 3577 3923 Iudaeorum
3607 3875 3712 3931 po-

2102 3979 2264 4051 pulos
2296 3975 2578 4045 sapienter
2606 3965 2953 4038 increpavit,
3005 3962 3100 4034 qui
3151 3976 3262 4015 non
3304 3972 3362 4013 se
3388 3955 3610 4028 potius,
3650 3959 3714 4007 ut

2105 4071 2200 4143 qui
2216 4069 2420 4124 veritas
2442 4071 2627 4129 esset,
2656 4061 2755 4117 sed
2788 4059 3036 4130 Moysen,
3065 4053 3160 4124 qui
3191 4051 3498 4122 ﬁgurarum
3531 4043 3712 4100 admi-

2105 4135 2284 4219 nister
2349 4157 2577 4220 fuisset,
2629 4150 3057 4208 admirarentur.
3137 4143 3233 4199 Sic
3287 4139 3437 4198 enim
3512 4135 3711 4192 dixit:

2117 4271 2136 4305 ι
2164 4251 2361 4316 Amen,
2384 4261 2547 4302 amen
2583 4243 2710 4299 dico
2731 4238 2891 4295 vobis
2918 4254 2930 4292 :
2972 4237 3095 4292 Non
3118 4233 3332 4305 Moyses
3369 4227 3529 4284 vobis
3559 4225 3716 4281 dedit

2108 4357 2311 4400 manna
2345 4359 2358 4394 :
2387 4353 2514 4394 nam
2544 4334 2704 4408 panis
2727 4331 2827 4387 Dei
2845 4338 2930 4385 est
2957 4328 3048 4383 ille
3092 4325 3189 4397 qui
3214 4323 3282 4378 de
3315 4320 3456 4378 caelo
3480 4317 3726 4373 descen-

2111 4439 2213 4503 dit,
2237 4442 2293 4492 et
2318 4434 2413 4490 dat
2431 4431 2602 4487 vitam
2629 4424 2860 4482 mundo.
2903 4422 3018 4493 Ego
3056 4433 3179 4475 sum
3205 4413 3369 4488 panis
3400 4411 3564 4467 vivus
3586 4408 3650 4462 “.
3687 4425 3706 4460 ι

2112 4530 2253 4588 Cum
2281 4528 2449 4599 igitur
2471 4525 2530 4579 in
2565 4534 2766 4576 manna
2791 4515 3087 4587 imaginem
3115 4505 3494 4582 proposuisset
3519 4499 3715 4566 Verbi,

2041 4603 2087 4659 D
2116 4623 2265 4698 quod
2288 4593 2529 4691 superne
2551 4623 2608 4673 et
2630 4613 2699 4669 de
2717 4611 2858 4668 coelo
2873 4605 3202 4690 descendit,
3231 4612 3348 4658 tum
3378 4597 3620 4668 denique
3648 4593 3718 4650 de

2113 4687 2252 4775 urna
2285 4687 2550 4787 praecepit
2574 4709 2740 4764 Deus.
2774 4687 3086 4761 Sic—autem
3115 4698 3386 4769 scriptum
3403 4700 3542 4750 estzc
3570 4687 3722 4745 Dixit

2114 4780 2306 4868 autem
2327 4780 2539 4877 Moyses
2577 4819 2591 4856 ε
2629 4801 2747 4857 Hoc
2782 4807 2870 4855 est
2919 4795 3192 4858 verbum,
3231 4786 3380 4861 quod
3431 4780 3726 4842 constituit

2113 4901 2385 4960 Dominus
2413 4915 2427 4952 :
2457 4895 2686 4967 Implete
2704 4901 2898 4965 gom'or
2919 4904 2988 4944 ex
3007 4900 3211 4943 manna
3233 4881 3304 4936 ad
3335 4873 3731 4949 reponendum

2115 4998 2174 5053 in
2202 4991 2498 5068 progenies
2527 4996 2778 5052 vestras,
2811 4991 2870 5039 ut
2910 4981 3136 5037 videant
3159 4986 3382 5046 panem,
3426 4981 3591 5040 quem
3624 4979 3722 5019 co-

2113 5054 2402 5145 mederitis
2449 5082 2508 5138 in
2549 5081 2806 5143 deserto,
2851 5083 3213 5148 posteaquam
3274 5060 3465 5121 eduxit
3501 5072 3602 5113 vos
3652 5054 3734 5110 de-

2113 5183 2368 5254 }Egypto.
2389 5179 2458 5234 Et
2480 5174 2620 5231 dixit
2640 5171 2854 5243 Moyses
2876 5167 2947 5222 ad
2970 5167 3152 5220 Aaron
3173 5178 3184 5215 :
3211 5156 3412 5228 Accipe
3431 5167 3529 5208 vas
3546 5157 3731 5205 unum

2113 5247 2371 5337 aureum,
2407 5276 2464 5325 et
2493 5266 2651 5322 mitte
2677 5263 2735 5317 in
2759 5258 2896 5316 illud
2930 5258 3158 5329 plenum
3183 5264 3377 5324 gomor
3401 5255 3637 5306 marinae,
3666 5247 3731 5298 et

2116 5379 2353 5437 repones
2381 5359 2520 5417 illud
2549 5371 2739 5413 coram
2771 5351 3027 5415 Domino,
3059 5355 3122 5402 ut
3157 5349 3412 5400 servetur
3439 5338 3495 5393 in
3523 5347 3727 5406 proge-

2113 5424 2238 5515 nies
2265 5463 2505 5518 vestras,
2539 5458 2603 5505 ut
2621 5445 2886 5520 praecepit
2915 5439 3183 5497 Dominus
3213 5433 3405 5506 Moysi.
3435 5424 3718 5501 θωιςι

2122 5548 2374 5621 reposuit
2397 5545 2579 5601 Aaron
2604 5519 2728 5596 ante
2761 5531 3164 5594 testimonium,
3191 5530 3583 5581 utservaretur
3605 5519 3670 5571 ⁶’.
3697 5535 3722 5568 ι

2123 5615 2205 5697 Ut
2219 5637 2368 5694 enim
2401 5632 2755 5694 dicebamus,
2805 5638 3024 5687 arcam,
3062 5618 3211 5691 quod
3252 5615 3349 5672 Dei
3409 5623 3732 5669 sermonem.

2129 5729 2476 5792 contineret,
2511 5722 2847 5796 signiﬁcasse
2877 5717 3032 5771 illum
3073 5707 3398 5767 Emmanuel
3422 5722 3438 5761 :
3465 5717 3591 5758 nam
3622 5699 3726 5757 Dei

489 5850 533 5881 ⁵⁷
575 5851 748 5906 Exod.
806 5868 914 5914 xvi,
960 5851 1048 5904 55.
1130 5851 1175 5882 ⁸⁸
1218 5851 1380 5908 Num.
1444 5867 1570 5916 xvu,
1622 5849 1742 5906 5—5.
1825 5850 1867 5882 "9
1911 5849 1997 5904 Le‘

2129 5863 2276 5912 xxxv,
2341 5846 2393 5899 τί.
2473 5843 2516 5875 ⁸ο
2560 5837 2702 5896 Psal.
2740 5849 2942 5898 LXXVII,
2976 5831 3065 5888 Eli.
3149 5825 3372 5883 “Joan.
3427 5837 3500 5880 γι,
3531 5812 3724 5884 ὖῆβὸ..

429 5918 472 5950 ⁶²
515 5921 691 5978 Exod.
758 5938 876 5990 xvi,
908 5921 1102 5978 5'2-5l.

2510 5925 2540 5952 ‘
