4118 6486
414 467 516 527 ϐτί
1404 459 1462 518 S.
1507 459 1781 516 CYRILLI
1821 457 2303 515 ALEXANDRINI
2344 456 2667 513 ARCHIEP.
3420 474 3425 477 λ
3580 458 3689 514 672

419 578 659 636 Verbum
706 583 824 633 erat
856 584 1111 645 tanquam
1166 572 1225 627 in
1251 587 1408 628 sacro
1438 575 1661 644 templo,
1694 573 1751 628 in
1778 589 1866 639 eo,
1907 573 1993 627 in-
2027 594 2038 634 Α

2138 571 2238 642 γίῳ
2264 570 2399 640 ναῷ,
2436 570 2515 640 τῷ
2555 570 2622 622 ὲκ
2640 567 2919 641 Παρθένου
2954 566 3097 640 φημί
3117 584 3129 599 ⁸
3153 567 3246 624 τὸν
3267 568 3428 623 αὑτὸν
3466 567 3531 641 δὴ
3564 567 3692 642 τρό-

421 686 607 742 quam,
628 668 774 740 quod
813 684 881 723 ex
925 666 1144 736 Virgine
1169 673 1514 736 sumpserat:
1550 666 1633 721 sic
1659 681 1828 721 aurea
1871 680 2012 720 urna

2138 680 2215 717 ιον
2244 663 2339 717 καὶ
2359 663 2393 733 ὴ
2425 662 2660 732 στάμνος
2688 663 2822 731 ἡμῖν
2845 663 2879 732 ἡ
2911 663 3107 734 χρυσῆ,
3131 663 3191 716 τὸ
3212 663 3386 733 μάννα
3410 661 3473 716 τὸ
3499 662 3692 733 αίσθη-

422 775 546 829 ψιιο
576 773 776 813 manna
810 756 1070 813 sensibile
1091 755 1432 821 continebat,
1460 756 1598 811 illud
1625 771 1929 827 supernum
1948 771 2013 811 ac

424 848 707 903 viviﬁcans
735 847 978 903 Verbum
1000 846 1229 913 indicat,
1247 847 1511 902 nimirum
1543 847 1681 903 illud
1720 863 1790 903 ex
1819 848 2011 913 Patre,

427 950 688 1010 tanquam
722 938 779 995 in
821 954 979 994 sacro
1013 946 1071 995 et
1102 939 1392 1011 impolluta
1422 953 1678 1009 corpore.
1711 939 1882 994 Plena
1929 946 2017 993 est

424 1039 612 1085 autem
637 1046 775 1085 urna
795 1046 1009 1086 manna;
1028 1047 1045 1098 ;
1065 1048 1084 1083 ι
1112 1030 1447 1088 lnhabitavit
1475 1032 1624 1086 enim
1643 1030 1699 1085 in
1716 1030 1810 1086 illo
1833 1026 2018 1085 omnis

426 1121 714 1190 plenitudo
736 1121 1042 1178 divinitatis
1069 1122 1451 1192 corporaliter,
1478 1140 1496 1172 ι
1516 1130 1579 1177 ιιι
1602 1122 1797 1177 beatus
1813 1120 2017 1176 Paulus

429 1213 509 1266 ait
525 1213 590 1267 “.
614 1213 831 1284 «Neque
856 1213 927 1269 ad
948 1228 1261 1269 mensuram
1284 1213 1381 1269 dat
1395 1213 1660 1284 Spiritum
1686 1212 1752 1266 “.
1780 1230 1799 1264 ι
1825 1210 2018 1267 Perfe-

428 1305 712 1360 ctissimus
751 1305 900 1360 enim
941 1312 1027 1359 est
1067 1304 1342 1361 Christus.
1407 1304 1670 1376 Reposita
1709 1311 1798 1360 est
1850 1302 2018 1358 etiam

435 1412 596 1462 urna,
633 1403 695 1452 ut
735 1403 1049 1452 servaretur
1079 1396 1137 1451 in
1182 1396 1476 1467 progenies
1519 1395 1760 1453 ﬁliorum
1800 1386 1969 1451 Israel
2001 1412 2018 1451 :

436 1488 790 1558 incorruptus
821 1487 966 1543 enim
989 1503 1053 1543 ac
1081 1504 1298 1560 semper
1327 1504 1575 1554 manens,
1611 1496 1668 1543 et
1696 1488 1849 1543 omni
1876 1496 2021 1543 teru-

437 1595 572 1650 pore
592 1579 914 1647 notissimus
941 1588 1024 1634 est
1049 1578 1303 1636 Christus
1322 1621 1337 1645 ,
1362 1587 1420 1634 et
1440 1587 1527 1635 est
1555 1593 1743 1635 coram
1766 1579 2018 1645 Domino,

440 1671 498 1725 id
532 1679 616 1728 est
661 1670 719 1725 in
738 1679 1033 1741 conspectu
1058 1672 1239 1728 Patris
1270 1689 1287 1726 :
1322 1687 1448 1727 nam
1470 1712 1485 1737 ,
1521 1672 1740 1743 quando
1765 1671 1855 1727 ille
1883 1671 2021 1727 Uni~

439 1760 658 1832 genitus
673 1768 756 1816 est
771 1760 948 1816 factus
981 1762 1155 1816 nostri
1185 1761 1405 1828 similis,
1433 1770 1550 1816 tum
1577 1762 1745 1817 etiam
1776 1760 2025 1817 introivit

441 1853 498 1907 in
527 1852 724 1909 Sancta
749 1859 1062 1908 sanctorum
1084 1893 1098 1919 ,
1132 1869 1233 1923 per
1257 1853 1494 1923 amplius
1518 1868 1584 1908 ac
1606 1852 1908 1923 perfectius
1936 1859 2022 1907 ta-

2112 755 2203 809 τὸν
2249 753 2538 820 ὠδίνουσα,
2588 753 2681 807 τὸν
2727 752 2934 807 ἄνωθεν
2990 754 3086 808 καὶ
3123 752 3385 818 ζωοποιδν
3434 734 3717 826 ἐμφαίνειί

2114 846 2310 915 Λόγον,
2331 844 2491 916 δῆλον
2522 843 2581 898 δὲ
2604 844 2688 898 ὅτι
2734 842 2825 897 τὸν
2866 844 2932 898 ὲκ
2969 844 3209 916 Πατρός,
3246 843 3321 908 ὡς
3349 846 3406 898 ἐν
3433 844 3561 917 ἱερῷ
3596 844 3697 900 καὶ

2114 936 2369 1008 ἀχράντῳ
2405 935 2639 1006 σώματι.
2685 934 3012 1007 Ἐπίμεστος
3048 936 3107 991 δὲ
3146 936 3243 990 καὶ
3271 937 3306 1009 ὴ
3335 937 3696 1010 στάμνος·τοῦ

2120 1026 2644 1097 μάννα.ιἘνιξ›κηο-ε
2675 1024 2784 1097 γὰρ
2805 1028 2864 1080 ὲν
2892 1025 3041 1097 αὐτῷ
3066 1027 3176 1081 πᾶν
3207 1027 3270 1081 τδ
3301 1027 3579 1101 πλήρωμα
3609 1029 3701 1099 τῆς

2119 1120 2373 1192 θεότητος
2428 1120 2778 1191 σωματικῶς,
2817 1138 2835 1171 ι
2875 1119 3020 1175 κατά
3070 1136 3137 1190 γε
3173 1122 3274 1191 τὴν
3300 1121 3397 1176 τοῦ
3425 1122 3701 1194 μακαρίου

2119 1212 2332 1267 Παύλου
2365 1213 2571 1285 φωνήν.
2595 1231 2614 1265 ι
2639 1212 2747 1268 Καὶ
2778 1214 2881 1267 οὐκ
2913 1215 2978 1267 ὲκ
3014 1213 3216 1285 μέτρου
3244 1213 3426 1268 δίδωσι
3446 1213 3507 1267 τὸ
3526 1212 3703 1268 Πνεῦ-

2122 1320 2223 1378 μα.
2246 1326 2266 1361 ι
2296 1305 2616 1370 Παντέλειος
2643 1304 2795 1377 γὰρὸ
2812 1303 3066 1376 Χριστός.
3111 1303 3397 1359 ’Δπὲκειτο
3430 1304 3545 1377 atq
3578 1303 3706 1358 στάι

2125 1412 2276 1466 μνος,
2294 1396 2375 1459 είς
2389 1394 2708 1466 διατήρησιν
2735 1393 2817 1457 είς
2844 1392 2945 1457 τὰς
2975 1391 3169 1461 γενεὰς
3185 1392 3294 1447 τῶν
3316 1392 3450 1447 υἱῶν
3464 1392 3703 1465 Ἰσραήλ.

2125 1485 2439 1557 Ἀφθαρτος
2469 1483 2579 1555 γάρ
2611 1483 2706 1538 καὶ
2748 1482 2925 1553 μένων
2974 1482 3084 1546 ἀεὶ,
3120 1482 3217 1537 καὶ
3244 1483 3304 1536 ὲν
3338 1482 3503 1536 παντὶ
3525 1477 3708 1553 καιρῷ

2120 1593 2179 1631 τε
2209 1577 2306 1631 καὶ
2338 1575 2516 1647 χρόνῳ
2581 1573 3010 1646 γνωριμώτατος
3037 1576 3067 1628 ό
3093 1574 3352 1647 Χριστός.
3405 1573 3516 1628 Καὶ
3560 1573 3710 1627 ἔστιν

2122 1668 2302 1723 ἔναντι
2331 1666 2560 1739 Κυρίου,
2587 1666 2731 1721 τοῦτ’
2754 1665 2922 1733 εστιν,
2948 1667 3007 1721 ὲν
3031 1665 3330 1737 ὀφθαλμοῖς
3355 1664 3450 1719 τοῦ
3473 1665 3708 1736 Πατρός.

2125 1761 2256 1815 Ὅτε
2292 1759 2402 1834 γάρ
2449 1759 2642 1829 γέγονε
2675 1758 2799 1813 καθ’
2824 1759 2972 1830 ἡμᾶς
3014 1759 3044 1812 ό
3088 1755 3424 1828 Μονογενὴς,
3461 1756 3583 1810 τότε
3617 1754 3712 1809 καὶ

2125 1851 2374 1923 εἰσῆλθεν
2402 1852 2482 1915 είς
2516 1851 2584 1904 τά
2602 1850 2771 1919 Ἅγια
2812 1850 2921 1904 τῶν
2952 1848 3146 1915 ἁγίων,
3186 1848 3275 1902 διὰ
3318 1849 3422 1920 τῆς
3468 1847 3714 1918 μείζονος

442 1945 821 2011 bernaculum,
842 1945 897 2000 id
921 1955 1007 2001 est
1028 1945 1086 2001 in
1100 1919 1325 2010 coelum,
1348 1919 1415 2001 ut
1444 1919 1707 2016 appar—eat
1724 1960 1874 1999 nunc
1900 1944 2025 1998 vul-

2138 1919 2585 2015 mi'rsleto'répa;
2618 1943 2846 2014 σκηνῆς,
2874 1940 3020 1995 τοῦτ’
3055 1940 3227 2008 ἔστιν,
3270 1942 3352 2004 είς
3379 1919 3489 1995 τὸν
3543 1940 3715 2010 obpa-

444 2035 525 2089 tui
555 2035 652 2089 Dei
677 2050 778 2105 pro
808 2035 987 2099 nobis,
1023 2043 1083 2089 ut
1123 2035 1391 2106 scriptum
1440 2046 1528 2091 est
1553 2036 1621 2088 ".
1654 2035 1843 2105 Neque
1878 2035 2027 2090 enim

442 2126 683 2197 seipsum
723 2125 868 2180 sistit
903 2126 971 2180 ad
992 2134 1346 2196 conspectum
1375 2127 1574 2192 Patris,
1596 2126 1693 2182 sed
1713 2127 1865 2182 velut
1890 2125 1947 2180 in
1970 2140 2028 2181 se

445 2217 565 2288 ipso
589 2232 711 2281 nos,
735 2218 985 2287 quamvis
1007 2234 1073 2274 ex
1089 2218 1239 2273 illius
1260 2225 1561 2289 conspectu
1587 2218 2027 2283 recessissemus,

443 2324 510 2364 ac
546 2308 716 2364 veluti
764 2324 834 2365 ex
868 2309 1047 2367 oculis
1084 2325 1336 2367 essemus
1376 2311 1559 2366 aversi
1609 2319 1838 2381 propter
1880 2310 2031 2366 illam

446 2401 964 2471 transgressionem,
1005 2416 1115 2471 qua
1149 2401 1206 2456 in
1233 2400 1406 2458 Adam
1427 2401 1679 2458 obstricti
1698 2418 1940 2465 eramus,
1977 2409 2034 2456 et

445 2499 670 2561 propter
692 2492 987 2563 imperium
1024 2494 1257 2562 peccati.
1293 2494 1443 2564 quod
1480 2495 1740 2550 omnibus
1777 2493 2032 2549 domina—

445 2581 629 2641 batur.
661 2583 723 2639 In
744 2583 964 2641 Christo
994 2585 1161 2655 igitur
1180 2586 1477 2642 habuimus
1496 2601 1781 2642 accessum
1807 2593 1864 2641 et
1898 2584 2035 2640 ﬁdu-

446 2675 588 2733 ciam
635 2675 692 2730 in
718 2675 1007 2732 introitum
1038 2677 1390 2743 Sanctorum,
1425 2686 1491 2733 ut
1540 2678 1700 2733 nobis
1743 2678 2034 2749 sapientis-

447 2768 587 2823 sime
606 2768 812 2825 Paulus
839 2768 979 2824 dixit
994 2769 1060 2825 ⁸⁸.
1078 2770 1150 2827 Ut
1183 2770 1331 2825 enim
1353 2780 1408 2826 et
1424 2772 1848 2833 resurreximus,
1870 2778 1927 2824 et
1956 2768 2034 2824 si-

449 2858 566 2915 mul
593 2859 947 2917 consedimus
973 2860 1030 2915 in
1046 2861 1365 2917 caelestibus
1393 2862 1449 2916 in
1471 2862 1711 2925 Christo,
1745 2861 1824 2915 sic
1847 2860 2035 2915 itidem

450 2947 509 3005 in
540 2947 659 3017 ipso
687 2947 752 3003 ad
779 2957 1134 3019 conspectum
1173 2950 1353 3006 Patris
1384 2950 1656 3006 venimus.
1687 2950 1766 3005 Ac
1802 2949 1871 3005 de
1898 2965 2037 3004 urna

451 3040 675 3111 quidem
710 3055 865 3099 sacra
897 3041 1015 3097 haec
1050 3041 1197 3096 dicta
1222 3040 1513 3098 sufﬁciant.
1541 3041 1819 3098 Caeterum
1865 3041 2036 3113 ipsam

452 3143 674 3202 quoque
723 3130 906 3186 Aaron
960 3132 1173 3204 virgam
1209 3132 1490 3191 Christum
1520 3133 1848 3205 signiﬁcare,
1878 3133 2036 3191 dein-

453 3238 604 3295 ceps,
623 3224 667 3278 si
699 3224 897 3294 placet,
933 3223 1205 3281 dicamus.

525 3316 724 3371 PALL.
757 3316 901 3372 Sane
922 3317 1167 3388 quidem.
1378 3364 1393 3373 .

416 3420 429 3429 '
524 3401 687 3458 CYR.
733 3402 874 3460 Core
903 3405 1070 3476 igitur
1104 3413 1268 3476 atque
1292 3404 1525 3472 Abiron,
1555 3415 1613 3462 ct
1652 3405 1866 3461 Datban
1899 3419 2042 3475 prae-

456 3501 628 3559 terea,
662 3509 730 3548 ex
761 3492 894 3549 Levi
918 3494 1069 3550 tribu
1102 3511 1167 3551 ac
1188 3512 1389 3567 genere
1421 3497 1529 3553 orti
1573 3504 1769 3563 erant;
1805 3509 2043 3565 cumque

456 3585 555 3640 Dei
599 3585 879 3641 voluntate
916 3596 1128 3644 certum
1167 3597 1331 3660 atque
1366 3590 1726 3644 constitutum
1756 3603 1914 3644 sacro
1942 3596 2047 3641 -ιιι-

456 3678 759 3734 bernaculo
788 3677 1135 3736 ministrandi
1162 3680 1403 3737 cilicium
1448 3681 1587 3750 ipsis
1632 3687 1781 3735 esset
1814 3693 2044 3734 concre—

459 3768 657 3835 ditum,
689 3770 857 3842 Moysi
902 3779 1087 3837 tamen
1106 3781 1177 3828 et
1210 3772 1393 3828 Aaron
1420 3771 1653 3842 gloriam
1695 3770 1855 3825 avide
1880 3771 2046 3828 nimis

457 3860 828 3930 cxpetierunt,
856 3876 1094 3933 eumque
1126 3862 1394 3917 honorem
1428 3860 1529 3931 ipsi
1566 3867 1888 3931 rapuerunt,
1918 3874 2045 3915 cum

458 3948 528 4001 ad
548 3948 601 4002 id
630 3964 830 4005 munus
850 3966 882 4004 a
906 3951 1020 4006 Deo
1046 3950 1271 4005 minime
1298 3948 1477 4004 vocati
1495 3957 1714 4014 essent;
1741 3938 2047 4018 quinetiam

460 4041 600 4096 adeo
631 4041 932 4099 insolenter
957 4043 1187 4099 audacia
1216 4050 1345 4097 sunt
1372 4041 1522 4107 elati,
1555 4041 1805 4112 adeoque
1851 4053 2046 4093 erexe-

462 4140 593 4188 runt
631 4134 1009 4204 supercilium,
1044 4141 1106 4187 ut
1148 4147 1258 4188 non
1287 4133 1401 4203 jam
1449 4130 1779 4194 mediocres,
1814 4127 1911 4184 sed
1940 4126 2047 4181 mi-

462 4222 610 4278 nimc
635 4223 888 4279 ferendas
920 4223 1186 4280 adversus
1219 4233 1518 4295 utrumque
1544 4222 1847 4278 calumnias
1879 4221 2051 4291 jacta-

461 4322 621 4382 rcnt,
651 4324 707 4370 et
736 4315 887 4370 velut
924 4324 1283 4386 aspernantes
1320 4330 1544 4387 gregem
1582 4312 1723 4369 tauri
1769 4310 1927 4383 34],
1959 4325 2051 4365 se-

460 4405 752 4472 cederent,
787 4420 1125 4478 excussaque
1175 4406 1271 4463 Dei
1307 4405 1615 4470 servitute,
1666 4403 1791 4459 aliis
1830 4415 2051 4471 quoque

463 4496 628 4552 sociis
669 4496 1001 4568 impietatis,
1036 4506 1099 4554 ut
1123 4514 1232 4553 una
1275 4513 1462 4554 secum
1499 4496 1891 4558 abscederent,
1927 4508 2053 4551 sua-

2128 2036 2240 2097 νδν,
2281 2033 2377 2089 νῦν
2420 2035 2822 2106 ἐμφανισθῆναι
2869 2035 2948 2106 τῷ
2992 2033 3270 2106 προσώπῳ
3296 2032 3391 2088 τοῦ
3413 2031 3549 2086 Θεοῦ
3573 2032 3715 2103 ὑπὲρ

2129 2127 2309 2199 ἡμῶν,
2343 2127 2485 2181 καθὰ
2516 2127 2846 2197 γέγραπται.
2877 2127 2953 2180 Οὐ
2985 2126 3099 2197 γὰρ
3130 2126 3321 2180 ἑαυτὸν
3363 2126 3420 2178 ὲν
3436 2123 3557 2195 ὄψει
3582 2122 3720 2177 καθ-

2134 2221 2311 2291 ίστησι
2353 2219 2447 2273 τοῦ
2481 2220 2714 2290 Πατρὸς,
2745 2218 2882 2273 ἀλλὰ
2922 2219 3071 2289 ἡμᾶς
3093 2218 3168 2282 ὡς
3191 2219 3249 2272 ὲν
3278 2214 3477 2287 ἑαυτῷ,
3534 2215 3719 2269 καίτοι

2130 2312 2419 2381 γεγονότας
2452 2313 2517 2365 ἐκ
2547 2310 2840 2380 προσώπου
2868 2309 2960 2365 καὶ
2989 2309 3150 2364 οἱονεί
3174 2325 3293 2373 πως
3308 2309 3367 2376 ἐξ
3397 2305 3716 2378 ὀφθαλμῶν,

2131 2403 2218 2456 διὰ
2248 2403 2343 2474 τὴν
2373 2405 2430 2456 ὲν
2475 2402 2648 2474 Ἀδὰμ
2679 2401 3013 2473 παράϐασιν,
3051 2401 3145 2455 καὶ
3184 2401 3286 2473 τὴν
3318 2398 3459 2454 κατὰ
3497 2399 3721 2453 πάντων

2133 2496 2553 2569 τυραννήσασαν
2636 2494 2933 2568 ἁμαρτίαν.
2983 2494 3076 2548 Ἐν
3137 2495 3359 2565 Χριστῷ
3429 2490 3723 2562 τοιγαροῦν

2133 2587 2452 2657 ἐσχήκαμεν
2479 2585 2581 2656 τὴν
2619 2585 3009 2657 προσαγωγὴν,
3036 2585 3133 2638 καὶ
3152 2584 3256 2655 τὴν
3295 2583 3608 2656 παρῥησίαν
3641 2583 3722 2644 είς

2133 2676 2233 2747 τὴν
2271 2675 2473 2729 εἴσοδον
2504 2674 2613 2731 τῶν
2669 2675 2894 2744 Ἀγίων,
2929 2674 3183 2746 καθάπερ
3212 2675 3343 2747 ἡμῖν
3367 2675 3396 2727 ὀ
3431 2673 3591 2743 σοφὸς
3616 2672 3722 2741 ἔφη

2137 2765 2364 2829 Παῦλος.
2402 2766 2613 2836 Ὥσπερ
2663 2766 2774 2837 γὰρ
2823 2766 2914 2819 καὶ
2952 2764 3401 2836 συνεγηγέρμεθα
3448 2764 3544 2818 καὶ
3597 2778 3727 2816 συν-

2137 2856 2475 2927 εκαθίσαμεν
2495 2857 2553 2909 ἔν
2582 2858 2694 2919 τοῖς
2715 2856 3060 2928 ἐπουρανίοις
3088 2858 3146 2909 ὲν
3171 2854 3411 2927 Χριστῷ,
3446 2852 3589 2909 οὕτω
3615 2854 3724 2908 πά-

2136 2948 2219 3002 λιν
2250 2951 2305 3003 ὲν
2337 2948 2485 3020 αὐτῷ
2515 2949 2609 3002 καὶ
2638 2951 2696 3002 ἐν
2730 2948 3009 3021 προσώπῳ
3030 2949 3335 3020 γεγόναμεν
3355 2946 3450 3002 τοῦ
3489 2947 3725 3017 Πατρός.

2138 3042 2249 3097 Καὶ
2284 3043 2527 3112 στάμνου
2576 3040 2678 3111 μὲν
2717 3040 2849 3114 πέρι
2870 3041 2970 3112 τῆς
2996 3042 3146 3113 ἱερᾶς
3165 3040 3406 3112 εἰρήσθω
3436 3039 3563 3094 τάδε
3584 3055 3596 3068 ·
3624 3055 3726 3109 ση-

2143 3134 2325 3205 μαίνει
2353 3133 2410 3186 δὲ
2441 3133 2523 3186 ὅτι
2546 3133 2639 3186 καὶ
2668 3133 2808 3202 αὐτὴ
2842 3131 2933 3185 τὸν
2955 3131 3000 3185 Χ
3011 3129 3241 3204 ριστδνὴ
3274 3130 3464 3204 ῥάϐδος
3492 3127 3723 3203 Ἀαρὼν,

2063 3252 2107 3311 C
2141 3225 2272 3295 φέρε
2299 3224 2364 3296 δὴ
2394 3224 2671 3293 λέγωμεν,
2706 3226 2756 3277 εἰ
2787 3223 2954 3277 δοκεῖ.

2212 3318 2422 3372 ΠΔΛΛ.
2462 3317 2576 3369 Καὶ
2607 3316 2774 3387 μάλα.

2210 3410 2376 3463 ΚΥΡ.
2417 3408 2564 3480 Κορὲ
2594 3408 2775 3462 τοίνυν
2807 3409 2903 3464 καὶ
2952 3409 3139 3481 μέντοι
3182 3407 3280 3464 καὶ
3317 3405 3598 3480 Ἀϐειρὼν,
3632 3405 3732 3463 καὶ

2144 3500 2281 3572 πρός
2305 3518 2371 3569 γε
2396 3500 2572 3570 τούτῳ
2612 3500 2811 3569 Δαθάν,
2840 3502 3015 3573 φυλῆς
3046 3519 3106 3555 τε
3135 3502 3229 3556 καὶ
3258 3501 3487 3571 αἵματος
3531 3499 3732 3568 ἐξέφυ-

2146 3608 2242 3661 σαν
2271 3591 2370 3662 τῆς
2398 3590 2553 3644 Λευίο
2591 3591 3031 3663 συντεταγμένην
3073 3591 3150 3658 δὲ,
3183 3592 3339 3661 φησι,
3371 3593 3492 3654 ταῖς
3524 3588 3734 3644 ἄνωθεν

2143 3682 2347 3753 Ψήφοις
2389 3681 2448 3735 ὲν
2502 3684 2570 3752 τῇ
2622 3682 2757 3754 ἁγίᾳ
2813 3686 2988 3755 σκηνῇ
3034 3683 3384 3753 λειτουργίαν
3432 3683 3736 3755 ἐγκεχειρι-

2147 3772 2357 3841 σμένοι,
2388 3770 2486 3841 τὴν
2516 3771 2760 3834 Μωσέως
2792 3788 2851 3825 τε
2899 3772 2997 3826 καὶ
3030 3772 3245 3844 ’Δαρὼν
3295 3771 3617 3843 δεδιψήκασι
3644 3772 3734 3825 δό-

2148 3863 2266 3929 ξαν,
2318 3865 2532 3926 ἑαυτοῖς
2563 3862 2903 3936 ἁρπάζοντες
2930 3864 3030 3936 τὴν
3067 3864 3255 3938 τιμὴν,
3301 3865 3632 3935 κεκλημένοι
3675 3866 3734 3919 δὲ

2145 3955 2269 4026 οὐχὶ
2293 3954 2432 4025 πρὸς
2467 3954 2626 4008 τοῦτο
2654 3954 2809 4026 παρὰ
2836 3955 2991 4009 Θεοῦ.
3026 3955 3139 4010 Καὶ
3167 3958 3276 4026 μὴν
3306 3957 3402 4010 καὶ
3425 3957 3507 4020 είς
3527 3956 3736 4026 ἀπηνὲς

2147 4044 2628 4118 ἀπογαυρεύμενοι
2657 4045 2879 4116 θράσος,
2903 4044 3306 4117 ἐξοφρυώμενοί
3344 4064 3400 4100 τε
3440 4048 3600 4116 ἄγαν,
3640 4063 3738 4115 φο-

2151 4139 2321 4208 ρητὴν
2359 4138 2457 4208 μὲν
2485 4137 2691 4203 οὐκέτι,
2730 4136 3009 4193 δύσοιστον
3042 4139 3099 4193 δὲ
3141 4139 3340 4211 κομιδῇ
3379 4139 3500 4193 κατ’
3528 4140 3736 4209 ἀμφοῖν

2149 4227 2431 4283 ἐποιοῦντο
2476 4228 2574 4299 τὴν
2625 4227 2968 4300 κατάρῥησιν
2992 4237 3007 4255 ⁸
3061 4229 3388 4299 άτιμαγέλαι
3438 4229 3497 4283 δὲ
3545 4228 3736 4300 ὥσπερ

2148 4321 2572 4389 ἁπενοσφίζοντο
2612 4319 2827 4392 ταῦροι,
2888 4321 2982 4374 καλ⁵
3030 4322 3132 4392 τὴν
3176 4321 3284 4376 ὑπὸ
3323 4320 3443 4393 Θεῷ
3489 4321 3735 4376 δουλείαν

2149 4414 2554 4486 ἅποσειόμενοι,
2588 4412 3074 4484 συναποθρώσκειν
3099 4415 3282 4478 αὐτοῖς
3307 4414 3525 4484 ἑτέρους
3547 4415 3737 4469 δυσσε-

2152 4504 2379 4569 ϐοὖντας
2415 4504 2722 4562 ἀνέπειθον.
2769 4504 2912 4558 Ἀλλ’
2964 4507 3014 4559 οἱ
3069 4504 3169 4578 μὲν
3204 4505 3314 4559 τῶν
3363 4506 3514 4577 σφίσι
3558 4507 3739 4561 τετολ-

467 4585 683 4640 ιιοικῐιι.
761 4586 970 4643 Verum
1006 4587 1044 4642 ii
1084 4604 1196 4642 suae
1255 4586 1499 4643 audaciae
1550 4600 1743 4656 pinnas
1784 4585 2038 4637 luerunt:

2162 4597 2423 4669 μημὲνων
2463 4597 2892 4668 είσεπράττοντο
2934 4597 3110 4661 δίκας.
3142 4596 3432 4667 Διοιγνῦσα
3462 4597 3571 4668 γάρ
3603 4599 3636 4670 ἡ
3662 4597 3736 4671 γῆ

468 4691 597 4730 nam
633 4683 776 4731 terra
796 4718 811 4742 ,
846 4693 971 4732 cum
999 4694 1059 4733 os
1082 4676 1409 4748 aperuisset,
1441 4676 1603 4731 simul
1633 4690 1758 4730 cum
1790 4673 2054 4745 cognatis,

465 4769 835 4825 tabernaculis
866 4778 1031 4840 atque
1069 4768 1401 4839 supellectili
1437 4768 1505 4822 ad
1547 4766 1756 4822 inferos
1791 4764 2056 4821 audacem

465 4861 731 4929 populum
764 4860 1045 4916 demersit.
1084 4860 1223 4915 Cum
1268 4858 1437 4929 igitur
1471 4856 1751 4928 legislator
1781 4858 1927 4912 Deus
1954 4855 2054 4912 de-

465 4954 678 5007 clarare
706 4954 873 5008 vellet
899 4951 1106 5007 ccelesti
1139 4950 1373 5005 arbitrio
1399 4965 1464 5005 ac
1487 4949 1716 5020 judicio,
1747 4964 1858 5005 non
1884 4949 2053 5021 Moysi

464 5044 747 5100 voluntate
786 5044 969 5099 Aaron
1019 5042 1535 5111 przestantissimum
1589 5041 1885 5097 sacerdotii
1924 5057 2053 5112 gra-

466 5133 598 5189 dum
661 5150 783 5190 esse
847 5134 1146 5197 sortitum,
1183 5134 1321 5188 dixit
1366 5132 1435 5188 ad
1491 5134 1715 5189 beatum
1774 5134 2049 5207 Moysen:

478 5244 496 5275 ί
535 5225 791 5295 Loquere
825 5225 952 5280 ﬁliis
986 5225 1174 5291 Israel,
1198 5234 1255 5281 et
1277 5227 1463 5297 accipe
1501 5225 1569 5280 ab
1602 5226 1684 5281 eis
1708 5226 1919 5297 virgam
1956 5241 2055 5296 per

470 5316 668 5371 domos
725 5316 1061 5374 familiarum
1128 5334 1390 5385 suarum,
1430 5335 1462 5376 a
1510 5319 1726 5375 cunctis
1782 5318 2054 5388 principi-

472 5406 579 5463 bus
632 5422 825 5463 eorum
888 5410 1180 5466 duodecim
1228 5412 1445 5483 virgas,
1517 5420 1575 5467 et
1621 5410 1863 5466 inscribe
1924 5409 2053 5464 uni-

410 5536 419 5543 ι
474 5505 812 5572 nscnjusque
868 5518 1071 5558 nomen
1137 5503 1199 5558 in
1268 5504 1422 5576 virga
1487 5507 1649 5576 ejus,
1732 5510 1789 5557 et
1853 5516 2054 5557 nomen

477 5592 654 5645 Aaron
699 5591 940 5649 inscribe
997 5594 1055 5648 in
1104 5594 1256 5665 virga
1322 5593 1487 5660 chi;
1549 5602 1635 5648 est
1688 5593 1838 5646 enim
1900 5593 2055 5662 virga

474 5697 584 5737 una
625 5699 637 5735 ς
673 5698 773 5753 per
824 5685 1025 5741 tribum
1077 5686 1274 5742 domus
1312 5686 1645 5741 familiarum
1678 5683 1925 5754 ipsorum
1955 5682 2054 5738 da-

546 5831 592 5864 ”
637 5832 751 5889 Col.
811 5850 866 5903 ιι,
918 5840 967 5895 9.
1049 5843 1091 5876 ’³³
1127 5841 1277 5899 Joan.
1321 5857 1399 5908 ιιι,
1431 5840 1533 5898 Si;
1600 5840 1642 5874 ⁸⁵
1673 5840 1838 5897 llebr.
1888 5857 1961 5908 ix,
2002 5838 2092 5894 31.

2150 4686 2212 4742 τὸ
2248 4689 2422 4760 στόμα
2451 4688 2641 4765 αὐτῆς,
2676 4686 2861 4750 αὐτοῖς
2888 4688 3197 4757 όμογενὲσι,
3240 4690 3465 4758 σκηναῖς
3510 4686 3604 4740 καὶ
3633 4702 3733 4738 πε-

2152 4781 2437 4852 ριουσίαις,
2479 4781 2560 4842 εἰς
2590 4778 2721 4850 ᾆδου
2780 4778 2959 4832 καθίει
2988 4778 3083 4833 τὸν
3110 4778 3346 4843 ἀλαζόνα
3376 4779 3531 4834 λαόν⁹
3563 4778 3645 4832 ὃτι
3678 4776 3738 4831 δὲ

2146 4874 2310 4945 ψήφῳ
2358 4875 2424 4943 τῇ
2460 4871 2689 4930 ἄνωθεν,
2725 4871 2820 4924 καὶ⁸
2866 4870 2988 4941 οὐχὶ
3023 4871 3292 4944 θελήμασι
3320 4874 3431 4935 τοῖς
3470 4871 3736 4935 Μωσέως;

2148 4963 2246 5034 τὴν
2277 4960 2631 5033 προῦχουσαν
2664 4964 2723 5016 ὲν
2770 4961 3039 5036 ἱερωσύνῃ
3079 4961 3236 5028 τάξιν
3282 4962 3493 5034 Ἀαρὼν
3519 4962 3738 5035 διεκλη-

2152 5052 2387 5126 ρώσατο,
2438 5052 2761 5125 διατρανοῦν
2824 5053 3026 5107 ἐθέλων
3075 5054 3106 5107 ὁ
3156 5055 3476 5127 νομοθέτης,
3521 5058 3601 5119 είς
3643 5055 3739 5109 τὸν

2151 5144 2483 5215 πανάριστον
2505 5143 2608 5215 ἔφη
2625 5142 2850 5198 Μωσὲα’
2882 5161 2901 5195 ι
2923 5143 3173 5215 Λάλησον
3205 5148 3319 5208 τοῖς
3334 5147 3470 5208 υἱοῖς
3497 5144 3737 5217 Ἰσραὴλ,

2152 5238 2245 5293 καὶ
2271 5235 2402 5290 λάϐε
2448 5237 2579 5306 παρ’
2623 5235 2804 5289 αὐτῶν
2828 5234 3042 5306 ῥάϐδον,
3089 5236 3213 5291 κατ’
3256 5237 3440 5299 οἴκους
3463 5235 3734 5305 πατριῶν,

2153 5328 2308 5401 παρὰ
2336 5327 2553 5381 πάντων
2592 5327 2696 5380 τῶν
2733 5328 3013 5399 ἀρχόντων
3041 5326 3237 5388 αὐτῶν.
3265 5329 3388 5381 κατ’
3409 5327 3592 5390 οἴκους
3632 5343 3742 5379 πα-

2158 5420 2327 5492 τριῶν
2355 5419 2554 5482 αὐτῶν,
2587 5418 2794 5472 δώδεκα
2826 5418 3077 5490 ῥάϐδους,
3097 5417 3193 5473 καὶ
3212 5419 3445 5473 ἑκάστου
3478 5417 3538 5471 τὺ
3567 5417 3743 5487 όνομα

2160 5511 2325 5567 αὑτοῦ
2375 5510 2675 5581 ἐπίγραψον
2745 5510 2839 5563 ἐπὶ
2891 5511 2992 5581 τῆς
3052 5510 3271 5581 ῥάϐδου.
3334 5509 3443 5563 Καὶ
3488 5508 3552 5560 τὸ
3569 5507 3742 5577 ὄνομα

2174 5602 2383 5675 Ἀαρὼν
2411 5602 2716 5673 ὲπίγραψον
2744 5604 2833 5657 ἐπὶ
2878 5603 2976 5674 τῆς
3024 5601 3222 5674 ῥάϐδου
3258 5602 3413 5656 Λευῒ.
3439 5599 3595 5653 Ἔστι
3629 5598 3740 5671 γὰρ

2165 5696 2360 5768 ῥάϐδος
2387 5694 2505 5765 μία.
2539 5694 2696 5748 Κατὰ
2734 5694 2903 5765 φυλὴν
2933 5694 3083 5748 οἴκου
3135 5692 3381 5766 πατριῶν
3417 5690 3594 5747 αὐτῶν
3634 5689 3736 5746 δώο

2195 5832 2239 5865 ⁶⁶
2290 5831 2491 5903 Ephes.
2560 5846 2620 5898 ιι,
2675 5830 2756 5885 18.
