4118 6430
439 437 548 495 C75
1195 444 1285 498 DE
1325 442 1771 501 ADORATIONE
1809 443 1876 499 IN
1918 440 2189 499 SPIRITU
2232 441 2322 497 ET
2366 438 2735 500 VERITATE.
2774 445 2903 501 LIB.
2947 444 3011 502 Χ.
3645 455 3753 511 67.1

448 568 622 609 σουσι.
658 551 771 607 Καὶ
797 552 987 624 θῄσετις
1007 554 1177 621 αὑτάς
1203 557 1263 611 ἐν
1286 560 1354 629 τῇ
1388 560 1563 631 σκηνῇ
1596 556 1703 611 τοῦ·
1725 556 2041 632 μαρτυρίου,

2153 552 2316 609 bunt.
2359 555 2427 610 Et
2462 572 2637 626 pones
2665 573 2761 613 eas
2791 559 2847 613 in
2899 560 3261 618 tabernaculo
3304 563 3608 621 testimonii
3655 584 3755 622 co-

443 646 738 701 κατέναντι
785 647 882 702 τοῦ
937 649 1268 721 μαρτυρίου,
1313 653 1372 704 ἐν
1418 646 1502 715 οἷς
1535 651 1925 724 γνωσθήσομαί
1968 667 2041 706 σοι

2154 661 2275 701 ram
2306 647 2626 703 testimonio
2654 649 2710 704 in
2737 651 2943 721 quibus
2971 668 3275 726 cognosc-ar
3301 671 3331 710 a
3365 665 3417 711 te
3436 657 3543 725 ibi;
3575 666 3632 714 et
3647 661 3758 715 erit

443 741 584 795 ἐκεῖ.
615 738 727 802 Καὶ
744 738 922 807 ἔσται,
949 741 977 794 ὁ
994 741 1280 814 ἄνθρωπος
1303 742 1363 796 ὃν
1384 742 1452 797 ἂν
1476 743 1782 815 ἐκλέξωμαι
1811 744 2041 816 abs;va

2151 738 2339 804 homo,
2379 755 2545 811 quem
2562 756 2665 813 ego
2694 744 2937 815 elegero,
2968 746 3124 818 virga
3152 748 3273 819 ejus
3290 750 3626 821 germinabit
3653 769 3667 819 ;
3698 762 3758 808 et

441 831 643 904 ῥάϐδος
682 833 849 887 αὐτοῦ
909 832 1298 907 ἐκϐλαστήσει.
1352 836 1465 891 Καὶ
1503 836 1746 908 περιελῶ
1781 838 1879 891 ἀπ’
1912 838 2041 908 ἐμοῦ

2149 831 2400 887 auferam
2432 843 2540 889 ate
2585 839 3085 895 murmurationem
3120 839 3360 897 ﬁliorum
3405 843 3604 910 Israel,
3645 861 3755 916 qua

440 926 533 980 τὸν
570 926 893 997 γογγυσμδν
928 928 1063 981 υἱῶν
1109 928 1351 999 Ἰσραὴλ,
1400 927 1438 983 ἃ.
1480 929 1638 983 αὐτοὶ
1684 928 2041 999 γογγύζουσιν

2149 923 2253 995 ipsi
2282 934 2638 981 murmurant
2665 927 2932 986 adversus
2947 947 3069 987 vos.
3110 933 3416 991 Et-locutus
3437 944 3522 992 est
3541 936 3757 1008 Moyses

436 1019 528 1087 ἐφ’
562 1019 715 1088 ὑμῖν.
768 1018 883 1072 Καὶ
935 1019 1166 1091 ἐλάλησε
1211 1023 1421 1094 Μωσῆς
1470 1024 1586 1087 τοῖς
1636 1022 1775 1087 υἱοῖς
1803 1021 2043 1094 Ἰσραὴλ,

440 1109 538 1162 καὶ
570 1109 782 1164 ἔδωκαν
818 1108 968 1181 αὐτῷ
1003 1110 1206 1174 πάντες
1236 1112 1285 1165 οἱ
1330 1112 1590 1184 ἄρχοντες
1623 1112 1807 1166 αὐτῶν
1830 1112 2043 1183 ῥάϐδον,

438 1203 520 1275 τῷ
558 1203 783 1275 ἄρχοντι
822 1204 903 1275 τῷ
940 1206 1023 1259 ἐνὶ
1087 1206 1285 1278 ῥάϐδον
1328 1206 1453 1262 κατ’
1483 1205 1745 1279 ἄρχοντα,
1800 1206 1922 1262 κατ’
1969 1205 2048 1260 οἴ-

442 1313 571 1360 κους
598 1296 852 1377 πατριῶν
871 1298 1076 1367 αὐτῶν,
1104 1298 1315 1354 δώδεκα
1339 1299 1591 1371 ῥάϐδους.
1618 1299 1731 1353 Καὶ
1768 1300 1805 1371 ἡ
1847 1299 2045 1371 ῥάϐδος

455 1388 667 1459 Ἀαρὼν
697 1390 977 1461 ἀναμέσον
1018 1392 1128 1445 τῶν
1160 1390 1375 1463 ῥάϐδων
1418 1391 1620 1458 αὐτῶν,
1655 1392 1751 1446 καὶ
1796 1391 2042 1463 ἀπέθηκε

439 1481 648 1551 Μωσῆς
682 1481 782 1545 τὰς
813 1482 1047 1553 ῥάϐδους
1077 1483 1259 1540 ἔναντι
1308 1485 1520 1557 Κυρίου
1561 1485 1620 1539 ἐν
1648 1485 1714 1556 τῇ
1750 1486 1923 1555 σκηνῇ
1947 1482 2042 1537 τοῦ

443 1571 771 1643 μαρτυρίου.
817 1574 929 1628 Καὶ
979 1574 1202 1643 ἐγένετο
1247 1578 1315 1648 τῇ
1355 1576 1640 1649 ἐπαύριον,
1688 1577 1785 1630 καὶ
1825 1575 2043 1647 εἰσῆλθε

436 1663 649 1735 Μωσῆς
688 1666 784 1718 καὶ
831 1663 1046 1737 ’Δαρὼν
1078 1669 1137 1721 ἐν
1160 1670 1226 1740 τῇ
1258 1670 1433 1739 σκηνῇ
1468 1668 1561 1722 τοῦ
1583 1665 1909 1740 μαρτυρίου.
1934 1666 2044 1721 Καὶ

442 1757 552 1812 ἰδοὺ
592 1758 934 1831 ἐϐλάστησεν
983 1761 1016 1832 ἡ
1058 1760 1255 1833 ῥάϐδος
1294 1759 1506 1833 Ἀαρὼν
1544 1762 1624 1825 εὶς
1680 1757 1829 1815 οἷκον
1884 1758 2037 1825 Λευῒ,

434 1851 531 1905 καὶ
589 1852 854 1923 ἐξήνεγκε
924 1850 1180 1923 βλαστὸν,
1234 1853 1331 1907 καὶ⁵
1384 1852 1684 1925 ἐξήνθησεν
1735 1851 1895 1924 ἄνθη,
1945 1852 2041 1906 καὶ

435 1918 971 2018 ἐϐλάστησε-κάρυα.
1015 1947 1125 2001 Καὶ
1160 1946 1422 2019 ἐξήνεγκε
1464 1918 1674 2017 Μωσῆς
1722 1918 1903 2009 πάσας
1944 1944 2043 2009 τάς
2073 1918 2116 1974 Β

436 2035 673 2107 ῥάϐδους
715 2037 825 2091 ἀπὸ
875 2039 1176 2110 προσώπου
1226 2039 1437 2109 Κυρίου
1478 2039 1615 2112 πρὸς
1644 2037 1855 2102 πάντας
1892 2037 2043 2101 υἱοὺς

448 2129 690 2204 Ἰσραήλ.
724 2132 836 2185 Καὶ
875 2126 1038 2199 εἶδον,
1082 2132 1179 2186 καὶ
1212 2131 1403 2187 ἔλαϐον
1426 2131 1661 2197 ἕκαστος
1690 2130 1793 2201 τῆν
1844 2130 2042 2202 ῥάϐδον

436 2222 631 2278 αὐτοῦ.
676 2225 789 2279 Καὶ.
821 2220 946 2280 εἷπε
973 2225 1180 2295 Κύριος
1208 2224 1346 2298 πρὸς
1390 2224 1619 2297 Μωσῆν·
1673 2223 1903 2288 Ἀπόθες
1943 2222 2042 2295 τὴν

438 2314 637 2388 ῥάϐδον
672 2314 885 2388 Ἀαρὼν
914 2314 1148 2371 ἐνώπιον
1195 2316 1306 2371 τῶν
1352 2317 1677 2389 μαρτυρίων
1720 2316 1801 2381 είς
1850 2314 2041 2388 διατή-

438 2424 619 2479 ρησιν,
654 2412 882 2481 σημεῖον
918 2411 1032 2474 τοῖς
1073 2411 1212 2476 υἱοῖς
1234 2409 1346 2465 τῶν
1392 2408 1664 2481 ἀνηκόων.
1696 2409 1808 2465 Kal.
1830 2409 2044 2464 παυσά-

436 2499 553 2555 σθω
584 2503 613 2556 ὁ
636 2502 954 2574 γογγυσμὸς
985 2502 1165 2560 αὐτῶν
1204 2505 1302 2558 ἀπ’
1333 2504 1495 2576 ἐμοῦ,
1523 2504 1618 2557 καὶ
1640 2503 1702 2557 οὐ
1731 2502 1806 2576 μὴ
1833 2503 2041 2559 ἀποθά-

437 2612 591 2651 νωσι.
621 2615 642 2649 ›
679 2596 916 2667 Σημεῖον
955 2592 1050 2651 οὖν
1100 2597 1203 2652 οὐκ
1242 2598 1569 2669 ἀσυμφανὲς
1600 2595 1696 2650 τοῦ
1740 2594 2040 2669 ἐξῃρῆσθαι

434 2686 711 2759 λαμπρῶς
757 2687 856 2741 καὶ
900 2689 1323 2763 ἐκκεκριμένως
1364 2690 1445 2754 είς
1486 2688 1825 2762 ἱερουργίαν,
1867 2689 1943 2753 ὡς
1982 2688 2041 2756 ἐξ

432 2781 670 2853 αἵματος
712 2780 872 2849 Λευῒ,
898 2782 991 2838 τὸν
1027 2782 1319 2838 θεσπέσιον
1371 2780 1603 2854 Ἀαρὼν,
1629 2782 1691 2836 τὸ
1744 2781 2041 2853 ἐξανθῆσαι

433 2875 538 2947 τὴν
596 2874 817 2945 ῥάϐδον.
869 2877 1357 2950 Περιτρεπομὲνης
1388 2875 1445 2929 δὲ
1473 2871 1630 2941 αὖθις
1684 2876 1766 2940 είς
1804 2874 2041 2947 θεωρίαν

432 2969 840 3042 πνευματικὴν,
871 2969 947 3035 ὡς
981 2971 1040 3024 ἐν
1071 2969 1266 3035 τύποις
1301 2969 1383 3024 ἔτι
1434 2968 1789 3040 παχυτάτοις,
1817 2969 1876 3023 τὸ
1905 2970 2041 3041 Χρι-

434 3060 565 3116 στοῦ
614 3063 921 3135 μυστήριον
965 3061 1278 3134 ἀναλάμψει
1320 3061 1509 3117 πάλιν.

504 3154 720 3209 ΠΑΛΛ.
764 3153 899 3207 Τίνα
926 3152 1129 3225 τρόπον
1158 3171 1173 3220 ;
1637 3184 1649 3193 ι

505 3247 675 3302 ΚΥΡ.
718 3246 1183 3319 Κεχειροτόνηται
1215 3245 1315 3318 μὲν
1334 3245 1445 3319 γάρ
1461 3245 1764 3319 νομοθέτης
1800 3245 1917 3316 ἅμα
1944 3245 2037 3299 καὶ
2064 3273 2108 3331 c

431 3340 730 3414 ἀρχιερεὺς
759 3340 846 3409 ἐφ’
882 3342 1036 3412 ἡμᾶς
1084 3338 1238 3411 παρά
1288 3338 1426 3393 Θεοῦ
1452 3340 1546 3393 καὶ
1583 3339 1799 3417 Harpe;
1836 3339 1866 3393 ὁ
1905 3339 2038 3409 Ἐμ-

436 3434 707 3508 μανουὴλ,
745 3435 941 3489 ἐαυτὸν
979 3433 1122 3506 ὑπὲρ
1155 3432 1315 3505 ἡμῶν
1365 3432 1724 3508 προσκομιῶν
1767 3432 1828 3487 τὸ
1862 3430 2032 3502 θῦμα.

445 3530 536 3592 Ὠς
564 3528 677 3600 γὰρ
708 3528 737 3582 ό
764 3527 1036 3600 μακάριος
1056 3528 1171 3599 ’ἐφη
1198 3526 1447 3596 ⁴Παῦλος,
1482 3546 1501 3580 ι
1535 3528 1593 3581 '0
1626 3527 1726 3599 μὲν
1758 3526 1925 3597 νόμος
1948 3526 2039 3595 διὰ

430 3620 705 3684 Μωσέως,
736 3616 1061 3691 ἀνθρώπους
1118 3617 1441 3692 καθίστησιν
1478 3619 1760 3691 ἀρχιερεῖς
1812 3618 2038 3689 ἔχοντας

429 3712 748 3767 ἀσθένειαν·
786 3713 815 3766 ὁ
847 3711 1007 3780 λόγος
1033 3710 1092 3766 δὲ
1112 3710 1215 3783 τῆς
1244 3711 1596 3783 ὁρκωμοσίας
1639 3712 1739 3783 τῆς
1780 3709 1923 3783 μετὰ
1948 3709 2038 3763 τὸν

431 3804 628 3876 νόμον,
663 3803 793 3858 Υίὸν
827 3806 908 3868 είς
948 3805 1043 3860 τὸν
1073 3804 1247 3860 αἰῶνα
1291 3803 1734 3876 τετελειωμένον.
1767 3824 1786 3856 ι
1826 3802 2039 3857 Οὐκοῦν

430 3897 697 3954 καθίκετο
738 3899 838 3973 μὲν
880 3898 939 3966 ἐξ
975 3897 1210 3972 ούρανοῦ
1249 3900 1278 3953 ὁ
1319 3899 1516 3969 Λόγος,
1557 3899 1651 3952 καὶ
1684 3898 1878 3968 γέγονε
1912 3895 2037 3951 καθ’

428 3993 603 4064 ἡμᾶς,
643 3992 755 4047 τῶν
815 3992 988 4063 ἀγίων
1027 3991 1343 4065 λειτουργὸς
1396 3992 1492 4047 καὶ
1524 3992 1626 4063 τῆς
1681 3990 1889 4062 σκηνῆς
1918 3989 2039 4062 ⁷τῆς

426 4084 700 4156 ἀληθινῆς
754 4085 822 4157 ἢν
866 4084 1070 4158 ἔπηξεν
1107 4088 1137 4141 ὁ
1179 4085 1405 4157 Κύριος,
1451 4085 1545 4139 καὶ
1583 4084 1684 4137 οὐκ
1726 4081 2034 4155 ἄνθρωπος.

439 4177 587 4232 Ἀλλ’
646 4179 749 4233 οὐκ
805 4178 983 4233 ἐδόκει
1039 4181 1260 4251 φρονεῖν
1311 4177 1452 4249 ὀρθὰ
1509 4179 1622 4241 τοῖς
1684 4175 1745 4241 ἐξ
1803 4175 2038 4247 αἵματος

440 4271 687 4345 Ἰσραήλ*
738 4272 1132 4343 ἀντεξάγοντες
1181 4272 1239 4326 δὲ
1271 4271 1464 4343 ὥσπερ
1510 4269 1661 4342 αὐτῷ
1693 4270 1755 4323 τὸ
1785 4271 1915 4324 ἴδιον
1946 4268 2036 4323 θέ-

426 4363 584 4435 λημα
623 4367 739 4430 τοῖς
769 4367 836 4420 ἐκ
868 4364 1071 4437 φθόνου
1101 4365 1281 4438 βέλεσι
1306 4363 1666 4437 πολυτρόπως
1699 4362 1944 4426 ἔϐαλλον,
1972 4361 2035 4415 οὐ

426 4455 704 4528 γλώττης,
729 4457 792 4510 σὺ
830 4455 1071 4529 θράσους
1095 4495 1111 4521 ,
1142 4457 1244 4511 οὐκ
1295 4454 1544 4510 ἐκτόπων
1582 4453 2036 4527 ἐπιχειρημάτων

425 4547 511 4603 ἔτι
533 4548 866 4620 φειδόμενοι,
888 4546 1195 4612 διολλύντες
1226 4546 1287 4601 δὲ
1316 4547 1458 4616 σφᾶς
1484 4546 1683 4609 αὐτοὺς
1710 4547 1760 4600 οἱ
1787 4546 2030 4612 δείλαιοι,

2146 1014 2278 1071 ﬁliis
2311 1017 2484 1073 Israel
2509 1036 2524 1085 ;
2553 1026 2611 1074 et
2631 1019 2911 1077 dederunt
2941 1022 3022 1077 illi
3063 1040 3257 1081 omnes
3291 1026 3573 1099 principes
3599 1028 3753 1099 ipso-

2147 1125 2273 1165 rum
2319 1110 2554 1182 virgam,
2588 1112 2829 1185 principi
2850 1114 2947 1169 uni
2971 1115 3181 1187 virgam
3210 1133 3311 1188 per
3327 1118 3574 1190 singulos
3592 1120 3721 1190 prin
3748 1150 3754 1161 ν

2145 1202 2333 1272 cipes,
2370 1204 2679 1260 secundum
2707 1206 2903 1263 domos
2935 1207 3275 1266 familiarum
3304 1211 3572 1281 ipsorum,
3608 1213 3751 1269 duo-

2144 1295 2325 1351 decim
2363 1298 2583 1370 virgas:
2614 1309 2674 1356 et
2729 1301 2886 1373 virga
2930 1301 3113 1357 Aaron
3156 1303 3215 1359 in
3262 1304 3448 1360 medio
3472 1305 3750 1377 virgarum

2146 1388 2441 1459 ipsorum:
2476 1402 2537 1453 et
2558 1393 2809 1464 reposuit
2836 1395 3050 1466 Moyses
3070 1396 3254 1467 virgas
3291 1406 3417 1453 ante
3453 1399 3751 1455 Dominum

2145 1482 2203 1536 in
2235 1483 2596 1541 tabernaculo
2615 1487 2937 1544 testimonii.
2961 1489 3030 1544 Et
3048 1489 3259 1545 factum
3276 1497 3362 1546 est
3387 1491 3477 1547 die
3504 1502 3749 1563 postera,

2144 1573 2432 1647 ingressus
2461 1585 2547 1634 est
2573 1578 2789 1651 Moyses
2812 1588 2869 1635 et
2893 1582 3077 1636 Aaron
3125 1581 3185 1637 in
3220 1583 3637 1639 tabernaculum
3666 1594 3750 1641 te-

2142 1665 2420 1734 stimonii;
2450 1674 2508 1723 et
2530 1683 2661 1725 ecce
2690 1671 3096 1741 germinaverat
3112 1673 3266 1745 virga
3280 1674 3468 1730 Aaron
3496 1675 3554 1730 in
3585 1675 3751 1732 domo

2143 1756 2277 1815 Levi
2304 1800 2319 1826 ,
2373 1768 2431 1815 et
2460 1762 2737 1818 extulerat
2790 1779 3018 1834 germen
3042 1806 3057 1832 ,
3093 1775 3152 1822 et
3180 1768 3443 1823 emiserat
3478 1767 3663 1834 ﬂores,
3694 1778 3753 1825 et

2144 1851 2553 1923 germinaverat
2576 1871 2771 1911 nuces.
2802 1856 2873 1912 Et
2899 1858 3093 1914 eduxit
3115 1860 3328 1932 Moyses
3351 1875 3544 1917 omnes
3568 1862 3752 1932 virgas

2144 1958 2178 1999 a
2217 1953 2515 2016 conspectu
2544 1947 2762 2003 Domini
2792 1948 2863 2004 ad
2891 1964 3087 2007 omnes
3108 1952 3252 2009 ﬁlios
3280 1953 3450 2010 Israel
3474 1974 3488 2009 :
3518 1965 3576 2010 et
3595 1956 3751 2011 vide-

2145 2044 2302 2103 runt,
2337 2043 2396 2092 et
2434 2047 2771 2109 acceperunt
2798 2043 3182 2113 unusquisque
3222 2044 3434 2116 virgam
3458 2061 3651 2113 suam;
3693 2036 3755 2101 et

2145 2129 2368 2186 loeutus
2418 2139 2504 2187 est
2544 2132 2814 2191 Dominus
2862 2135 2934 2191 ad
2981 2136 3206 2210 Moysen
3236 2139 3499 2211 :Repone
3532 2141 3747 2212 virgam

2142 2221 2352 2289 Aaron,
2382 2238 2508 2295 quae
2536 2226 2902 2296 germinavit,
2936 2237 3063 2285 ante
3092 2230 3437 2297 testimonia,
3463 2240 3526 2287 ut
3556 2247 3746 2289 serve-

2143 2322 2236 2371 tur
2291 2316 2349 2371 in
2383 2317 2603 2389 signum
2640 2317 2772 2374 ﬁliis
2803 2318 3275 2389 inobedientium,
3309 2331 3365 2378 et
3397 2330 3575 2380 cesset
3594 2340 3747 2378 mur-

2142 2410 2383 2466 muratio
2413 2425 2609 2466 eorum
2645 2426 2679 2467 a
2704 2424 2823 2478 me,
2846 2420 2904 2470 et
2932 2428 3045 2469 non
3079 2414 3390 2471 moriantur
3420 2416 3485 2470 ⁸⁷.
3530 2436 3549 2468 ι
3586 2415 3745 2483 Quod

2143 2498 2315 2571 igitur
2350 2500 2503 2572 virga
2535 2502 2902 2573 germinavit,
2927 2503 3146 2575 signum
3176 2504 3232 2559 id
3253 2504 3478 2575 quidem
3507 2521 3620 2560 non
3639 2506 3744 2561 ob-

2141 2607 2370 2648 scurum
2402 2593 2529 2661 fuit,
2562 2609 2674 2665 quo
2697 2594 3077 2651 deelararetur
3107 2610 3176 2649 ex
3198 2596 3350 2651 tribu
3385 2595 3523 2652 Levi
3563 2596 3743 2652 admi-

2144 2683 2379 2739 randum
2420 2685 2578 2740 illum
2611 2687 2797 2741 virum
2834 2685 3018 2742 Aaron
3051 2687 3343 2759 splendide
3382 2695 3547 2759 atque
3585 2704 3744 2762 egre-

2141 2776 2230 2848 gie
2281 2791 2404 2832 esse
2451 2777 2521 2833 ad
2574 2778 2873 2835 sacerdotii
2915 2796 3121 2835 munus
3151 2780 3390 2836 electum
3430 2781 3495 2836 ⁸⁸.
3533 2781 3661 2847 Sed,
3697 2782 3743 2835 si

2142 2869 2261 2926 haec
2290 2871 2483 2928 rudior
2513 2871 2686 2943 ﬁgura
2726 2872 2795 2928 ad
2837 2874 3182 2945 spiritualem
3214 2875 3743 2946 contemplationem

2145 2963 2497 3032 traducatur,
2530 2963 2737 3021 Christi
2770 2968 3098 3038 mysterium
3144 2983 3340 3024 rursus
3373 2967 3637 3023 elucebit.

2213 3145 2410 3202 PALL.
2427 3142 2559 3213 Ὠιιο
2587 3146 2808 3202 tandem
2836 3144 2984 3201 istud
3008 3144 3209 3201 modo?

2210 3225 2371 3292 CYR.
2396 3235 2492 3292 Ille
2534 3251 2778 3307 namque
2818 3236 3143 3291 Emmanuel
3178 3251 3210 3290 a
3238 3235 3351 3290 Deo
3384 3243 3442 3291 et
3464 3234 3626 3292 Patre
3666 3237 3744 3291 le—

2140 3329 2369 3401 gislator
2398 3327 2564 3384 simul
2605 3336 2663 3384 et
2686 3327 2935 3400 pontifex
2956 3336 3147 3384 noster
3182 3328 3396 3384 electus
3421 3336 3526 3394 est,
3559 3328 3652 3400 qui
3680 3344 3743 3384 se

2140 3424 2323 3495 ipsum
2339 3421 2619 3481 victimam
2635 3436 2737 3492 pro
2752 3420 2916 3477 nobis
2930 3420 3161 3476 oil‘erret
3185 3421 3250 3475 ⁸⁸.
3269 3419 3337 3477 Ut
3372 3420 3519 3476 enim
3544 3420 3745 3477 beatus

2140 3516 2344 3571 Paulus
2391 3515 2508 3570 ait:
2544 3534 2562 3566 ι
2593 3513 2708 3570 Lex
2759 3514 2984 3586 quidem
3008 3529 3108 3586 per
3136 3514 3359 3586 Moysen
3389 3513 3515 3569 data
3564 3512 3745 3568 homi—

2140 3625 2241 3665 nes
2282 3607 2574 3665 constituit
2620 3606 2945 3678 pontiﬁces,
3002 3606 3273 3662 habentes
3325 3605 3739 3673 inﬁrmitatem;

2139 3717 2323 3758 sermo
2362 3709 2547 3756 autem
2569 3699 2956 3772 jurisjurandi,
2974 3698 3137 3771 342
3156 3698 3247 3769 qui
3279 3706 3407 3769 post
3435 3698 3610 3770 legem
3634 3705 3742 3760 est,

2140 3794 2343 3850 Filium
2371 3793 2427 3849 in
2475 3801 2746 3849 aeternum
2773 3790 3084 3863 perfectum
3116 3790 3183 3845 7°.
3217 3809 3236 3842 ι
3275 3790 3450 3861 Igitur
3495 3789 3741 3847 Verbum

2140 3888 2275 3943 illud
2303 3886 2592 3943 descendit
2624 3885 2851 3957 quidem
2877 3900 2908 3940 e
2936 3883 3113 3949 crelis,
3147 3891 3205 3939 et
3228 3881 3436 3938 factum
3453 3889 3538 3938 est
3565 3883 3742 3937 nostri

2141 3981 2342 4045 simile,
2378 3986 2696 4035 sanctorum
2716 3977 2969 4032 minister
2991 3983 3047 4031 et
3074 3974 3412 4031 tabernaculi
3455 3975 3570 4030 veri
3590 3975 3739 4045 quod
3827 4023 3837 4033 .

2141 4072 2258 4127 ﬁxit
2284 4072 2451 4136 Deus,
2479 4076 2536 4126 et
2560 4084 2672 4124 non
2693 4068 2880 4123 homo.
2911 4066 3016 4122 Sed
3044 4066 3135 4131 iis,
3155 4066 3251 4137 qui
3273 4075 3433 4122 erant
3450 4081 3515 4121 ex
3538 4082 3741 4137 genere

2140 4164 2333 4230 Israel,
2365 4178 2479 4219 non
2516 4170 2663 4219 recte
2689 4160 2898 4216 sentire
2923 4158 3218 4215 videbatur
3249 4176 3264 4213 :
3292 4158 3483 4231 itaque
3512 4157 3739 4214 cumilli

2139 4271 2296 4313 suam
2321 4255 2567 4327 ipsorum
2579 4255 2919 4310 voluntatem
2946 4258 3312 4324 opponerent,
3340 4252 3398 4306 in
3425 4251 3578 4307 illum
3597 4250 3739 4308 invi-

2141 4350 2248 4406 diae
2274 4348 2458 4422 jacula
2485 4345 2789 4404 multifarie
2821 4346 3218 4417 eonjecerunt;
3244 4358 3356 4399 non
3372 4343 3592 4415 linguae,
3624 4360 3737 4400 non

2138 4442 2404 4510 audaciae,
2423 4457 2534 4497 non
2550 4437 2778 4494 nefariis
2796 4437 2908 4511 jam
2938 4436 3625 4507 conatibuspepercerunt,
3641 4436 3739 4493 sed

2141 4538 2199 4594 in
2223 4551 2380 4592 suam
2418 4534 2525 4607 ipsi
2563 4532 2871 4605 perniciem
2909 4531 3099 4586 miseri
3136 4538 3418 4605 postremo
3444 4529 3737 4586 cruciﬁxe-

425 4642 525 4696 καὶ
579 4641 892 4695 τελευταῖον
937 4624 1315 4712 ἐσταύρωσαν.
1358 4638 1507 4712 Πλὴν
1551 4637 1847 4693 ἀνέθαλλεν
1874 4641 1908 4710 ἡ
1938 4638 2036 4711 ῥά-

2142 4639 2292 4689 runt.
2320 4628 2429 4686 Sed
2463 4626 2716 4684 reﬂoruit
2744 4620 2899 4698 virga
2915 4625 2985 4682 de
3007 4625 3195 4681 radice
3222 4624 3397 4689 Jesse,
3435 4624 3740 4679 resurrexit

423 4734 517 4798 δος
548 4736 582 4807 ἡ
613 4736 679 4788 ἐκ
714 4731 875 4807 ῥίζης
916 4734 1140 4789 Ἰεσσαί·
1192 4733 1364 4805 ἀνέφυ
1410 4734 1522 4806 γάρ
1572 4733 1638 4805 δὴ
1681 4734 1779 4787 καὶ
1834 4734 2037 4788 ἀνεϐίω

422 4827 690 4897 Χριστὸς»
713 4826 885 4890 λύσας
918 4825 1018 4890 τὰς
1052 4825 1248 4891 ὀδύνας
1307 4823 1402 4880 τοῦ
1438 4824 1697 4893 θανάτου,
1743 4823 1888 4879 καθά
1939 4824 2035 4895 γέ-

425 4938 710 4993 γραπται·
736 4918 883 4992 ζωὴν
907 4920 1019 4993 γὰρ
1052 4920 1185 4975 ὄντα
1210 4919 1355 4975 κατά
1385 4918 1574 4990 φύσιν,
1609 4918 1686 4983 ὡς
1721 4918 1877 4984 Θεὸν,
1918 4918 2037 4984 πῶς

422 5011 496 5086 ἦν
550 5013 700 5078 εἰκὸς
757 5012 1084 5086 κρατεῖσθαι
1127 5012 1366 5084 θανάτῳ,
1402 5012 1500 5066 καὶ
1542 5011 1667 5083 οὺχὶ
1716 5010 1783 5083 δὴ
1834 5009 2035 5082 μᾶλλον

423 5107 775 5179 καταθλῆσαι
796 5107 1040 5179 φθορᾶς;
1073 5107 1288 5177 Ὠσπερ
1314 5105 1374 5161 δέ
1404 5104 1467 5159 τὸ
1494 5103 1774 5175 ἀναφῦναι
1801 5103 1905 5176 τὴν
1933 5102 2035 5176 ῥά-

425 5198 574 5266 ὣον,
600 5199 698 5254 καὶ⁵
731 5199 1094 5256 ἀναϐλαστεῖν
1116 5198 1402 5272 ἀδοκήτως
1440 5198 1502 5252 τὸ
1529 5197 1759 5263 ἀνανθὲς
1804 5198 1905 5271 ἤδη
1940 5197 2037 5261 ξύ-

423 5291 539 5359 λον,
553 5292 778 5365 διαρκὲς
791 5295 906 5357 τοῖς
921 5291 1300 5366 ἀρχαιοτέροις
1316 5309 1382 5364 ση
1392 5293 1543 5363 μεῖον
1554 5286 1623 5361 ἦν
1636 5289 1734 5345 τοῦ
1750 5290 2033 5363 διάψήφου

422 5383 530 5455 τῆς
546 5383 756 5438 ἀνωθεν
772 5385 853 5449 είς
866 5383 1131 5456 ἀρχιερέα
1151 5382 1639 5455 κεχειροτονῆσθαι
1666 5382 1760 5436 τὸν
1798 5381 2031 5453 ’Λαρώνο

423 5475 574 5532 οὕτω
605 5475 810 5548 φαμὲν,
835 5476 920 5531 ὅτι
959 5473 1194 5547 λαμπρά
1218 5491 1279 5528 τε
1318 5475 1416 5528 καὶ
1468 5475 1710 5547 ἐναργὴς
1746 5473 1843 5528 καὶ
1889 5475 2030 5529 ἀπο-

421 5568 618 5641 χρῶσα
638 5567 760 5622 λίαν
788 5567 1063 5633 ἀπόδειξις
1108 5566 1207 5622 τοῦ
1235 5566 1329 5620 καὶ
1356 5565 1490 5621 Θεὸν
1519 5562 1662 5622 εἶναι
1690 5564 1834 5620 κατά
1864 5563 2028 5635 φύσιν

421 5661 519 5715 τὸν
572 5659 947 5733 Ἐμμανουὴλ,
973 5660 1035 5714 τὸ
1081 5661 1327 5727 πατῆσαι
1356 5658 1611 5726 θάνατον,
1649 5659 1744 5713 καὶ
1789 5657 2028 5712 ἀναϐιῶ-

425 5772 519 5810 ναι
578 5752 941 5827 θεοπρεπῶς.
972 5753 1085 5810 Καὶ
1119 5752 1253 5824 γοῦν
1304 5753 1469 5818 αὐτὸς
1495 5754 1524 5807 ό
1548 5750 1808 5825 Χριστὸς,
1843 5754 2026 5808 καίτοι

400 5844 408 5849 ’
499 5872 550 5906 ιτ
604 5871 768 5928 Num.
829 5888 964 5943 xvn,
1026 5871 1187 5929 2-H.
1265 5872 1310 5906 ⁸⁸
1344 5871 1516 5930 IIebr.
1558 5889 1653 5941 vn,
1688 5873 1908 5945 5.59qu

2139 4725 2418 4790 Christus,
2448 4722 2648 4779 solutis
2689 4719 2982 4778 doloribus
3014 4717 3254 4784 inferni,
3292 4717 3439 4773 sicut
3469 4718 3739 4788 scriptum

2135 4830 2222 4876 est
2247 4821 2290 4852 '”
2329 4837 2343 4874 :
2371 4818 2469 4890 qui
2500 4818 2648 4873 enim
2678 4824 2943 4887 tanquam
2971 4813 3121 4869 Deus
3145 4812 3263 4884 ipsa
3288 4811 3403 4866 vita
3432 4808 3739 4864 secundum

2134 4920 2390 4969 naturam
2434 4918 2576 4976 erat,
2636 4925 2766 4965 eum
2818 4923 2926 4979 qua
2980 4906 3193 4961 ratione
3252 4918 3473 4974 aequum
3544 4899 3742 4956 fuisset

2133 5014 2314 5061 morte
2345 5002 2608 5068 detineri,
2651 5017 2717 5057 ac
2746 5016 2858 5056 non
2879 4998 3066 5070 potius
3097 4996 3168 5051 ab
3201 5011 3268 5051 eo
3308 4995 3486 5065 ipsum
3515 5007 3740 5063 quoque

2135 5097 2426 5154 interitum
2458 5092 2803 5166 expugnari?
2837 5090 2944 5148 Sed
2985 5098 3047 5145 ut
3096 5087 3313 5144 aridum
3356 5087 3470 5157 jam
3502 5084 3639 5139 illud
3664 5085 3735 5140 li-

2134 5207 2325 5265 gnum.
2357 5205 2483 5246 cum
2510 5186 2870 5261 germinasset
2897 5191 3063 5252 atque
3097 5180 3396 5250 derepente
3436 5176 3735 5242 floruisset,

2138 5286 2361 5357 signum
2391 5282 2498 5338 fuit
2528 5279 2740 5344 efﬁcax,
2765 5292 2877 5349 quo
2910 5274 3197 5332 veteribus
3220 5272 3329 5328 illis
3361 5270 3738 5327 declararetur
3787 5304 3799 5317 ι

2130 5393 2377 5451 superno
2411 5375 2671 5446 suﬁ‘ragio
2695 5373 2878 5428 Aaron
2932 5381 3210 5425 summum
3241 5364 3583 5423 sacerdotem
3614 5379 3735 5419 esse

2136 5479 2385 5530 creatum
2419 5487 2433 5522 :
2464 5468 2545 5524 sic
2584 5465 2823 5521 dicimus
2860 5461 3186 5534 praeclarum
3218 5467 3277 5514 et
3304 5457 3535 5514 evidens
3571 5465 3737 5527 atque

2138 5563 2401 5618 idoneum
2418 5574 2540 5615 esse
2554 5562 2965 5629 argumentum,
2993 5567 3104 5623 quo
3119 5551 3385 5622 probetur
3410 5550 3584 5605 Deum
3611 5563 3734 5603 esse

2135 5652 2442 5712 secundum
2490 5660 2747 5704 naturam
2803 5644 2983 5716 ipsum
3046 5641 3394 5706 Emmanuel,
3422 5640 3494 5719 .in
3524 5654 3591 5695 eo
3623 5651 3735 5708 quo

2136 5757 2371 5806 mortem
2393 5742 2648 5807 calcavit,
2688 5748 2766 5805 et,
2824 5750 2884 5794 ut
2929 5737 3043 5793 Deo
3082 5736 3310 5811 dignum
3344 5743 3484 5799 erat,
3511 5731 3729 5788 revixit.

2003 5874 2046 5907 "
2084 5872 2255 5929 IIebr.
2301 5885 2375 5935 rx,
2421 5866 2505 5921 Μ.
2556 5933 2563 5939 ι
2609 5862 2655 5894 ⁷ο
2703 5859 2874 5916 IIebr.
2914 5874 3009 5925 vn,
3044 5856 3134 5913 28.
3213 5859 3253 5890 τ’
3289 5854 3412 5911 Act.
3440 5868 3498 5919 ιι,
3528 5850 3598 5908 24
