  <div class='ocr_page' id='page_1' title='image "/cluster/home/n/w/nwhite01/storage/ocr_20150623/68:no.1/coo.31924054869742/345.png"; bbox 0 0 4118 6440; ppageno 0'>
   <div class='ocr_carea' id='block_1_1' title="bbox 473 448 578 504">
    <p class='ocr_par' dir='ltr' id='par_1_1' title="bbox 473 448 578 504">
     <span class='ocr_line' id='line_1_1' title="bbox 473 448 578 504; baseline -0.01 -2"><span class='ocrx_word' id='word_1_1' title='bbox 473 448 578 504; x_wconf 75' lang='lat'><strong>675</strong></span> 
     </span>
    </p>
   </div>
   <div class='ocr_carea' id='block_1_2' title="bbox 1465 435 2716 498">
    <p class='ocr_par' dir='ltr' id='par_1_2' title="bbox 1465 435 2716 498">
     <span class='ocr_line' id='line_1_2' title="bbox 1465 435 2716 498; baseline -0.003 -1"><span class='ocrx_word' id='word_1_2' title='bbox 1465 442 1523 497; x_wconf 86' lang='lat' dir='ltr'><strong>S.</strong></span> <span class='ocrx_word' id='word_1_3' title='bbox 1567 439 1845 498; x_wconf 70' lang='lat' dir='ltr'><strong>CYRILLI</strong></span> <span class='ocrx_word' id='word_1_4' title='bbox 1884 435 2358 497; x_wconf 72' lang='lat' dir='ltr'><strong>ALEXANDRINI</strong></span> <span class='ocrx_word' id='word_1_5' title='bbox 2395 437 2716 496; x_wconf 74' lang='lat' dir='ltr'><strong>ARCIIIEP.</strong></span> 
     </span>
    </p>
   </div>
   <div class='ocr_carea' id='block_1_3' title="bbox 3641 439 3745 494">
    <p class='ocr_par' dir='ltr' id='par_1_3' title="bbox 3641 439 3745 494">
     <span class='ocr_line' id='line_1_3' title="bbox 3641 439 3745 494; baseline 0.067 -6"><span class='ocrx_word' id='word_1_6' title='bbox 3641 439 3745 494; x_wconf 69' lang='lat'><strong>676</strong></span> 
     </span>
    </p>
   </div>
   <div class='ocr_carea' id='block_1_4' title="bbox 471 552 2055 636">
    <p class='ocr_par' dir='ltr' id='par_1_4' title="bbox 471 559 2055 636">
     <span class='ocr_line' id='line_1_4' title="bbox 471 559 2055 636; baseline -0.006 -14"><span class='ocrx_word' id='word_1_7' title='bbox 471 567 663 636; x_wconf 90' lang='lat' dir='ltr'><strong>Itaque</strong></span> <span class='ocrx_word' id='word_1_8' title='bbox 691 563 836 621; x_wconf 87' lang='lat' dir='ltr'><strong>idem</strong></span> <span class='ocrx_word' id='word_1_9' title='bbox 865 561 982 636; x_wconf 90' lang='lat' dir='ltr'><strong>ipse</strong></span> <span class='ocrx_word' id='word_1_10' title='bbox 1001 563 1275 628; x_wconf 73' lang='lat' dir='ltr'><strong>Christus,</strong></span> <span class='ocrx_word' id='word_1_11' title='bbox 1302 562 1554 632; x_wconf 73' lang='lat' dir='ltr'><strong>quamvis</strong></span> <span class='ocrx_word' id='word_1_12' title='bbox 1579 560 1732 616; x_wconf 77' lang='lat' dir='ltr'><strong>nullo</strong></span> <span class='ocrx_word' id='word_1_13' title='bbox 1757 559 1978 631; x_wconf 81' lang='lat' dir='ltr'><strong>negotio</strong></span> <span class='ocrx_word' id='word_1_14' title='bbox 2001 573 2055 613; x_wconf 84' lang='lat' dir='ltr'><strong>ac</strong></span> 
     </span>
    </p>
   </div>
   <div class='ocr_carea' id='block_1_5' title="bbox 2159 552 3743 636">
    <p class='ocr_par' dir='ltr' id='par_1_5' title="bbox 2169 552 3743 630">
     <span class='ocr_line' id='line_1_5' title="bbox 2169 552 3743 630; baseline -0.003 -18"><span class='ocrx_word' id='word_1_15' title='bbox 2169 561 2278 613; x_wconf 83' lang='grc' dir='ltr'><strong>πᾶν</strong></span> <span class='ocrx_word' id='word_1_16' title='bbox 2312 557 2493 612; x_wconf 79' lang='grc' dir='ltr'><strong>ὁτιοῦν</strong></span> <span class='ocrx_word' id='word_1_17' title='bbox 2526 557 2636 611; x_wconf 85' lang='grc' dir='ltr'><strong>τῶν</strong></span> <span class='ocrx_word' id='word_1_18' title='bbox 2683 555 2825 630; x_wconf 84' lang='grc' dir='ltr'><strong>ὑπέρ</strong></span> <span class='ocrx_word' id='word_1_19' title='bbox 2871 573 2932 625; x_wconf 88' lang='grc' dir='ltr'><strong>γε</strong></span> <span class='ocrx_word' id='word_1_20' title='bbox 2964 555 3026 610; x_wconf 77' lang='grc' dir='ltr'><strong>τὸ</strong></span> <span class='ocrx_word' id='word_1_21' title='bbox 3059 553 3206 620; x_wconf 73' lang='grc' dir='ltr'><strong>είκδς</strong></span> <span class='ocrx_word' id='word_1_22' title='bbox 3241 555 3334 609; x_wconf 75' lang='grc' dir='ltr'><strong>καὶ</strong></span> <span class='ocrx_word' id='word_1_23' title='bbox 3356 552 3513 623; x_wconf 78' lang='grc' dir='ltr'><strong>λόγον</strong></span> <span class='ocrx_word' id='word_1_24' title='bbox 3541 553 3743 608; x_wconf 84' lang='grc' dir='ltr'><strong>ἀποπε-</strong></span> 
     </span>
    </p>
   </div>
   <div class='ocr_carea' id='block_1_6' title="bbox 471 654 2062 729">
    <p class='ocr_par' dir='ltr' id='par_1_6' title="bbox 471 654 2062 729">
     <span class='ocr_line' id='line_1_6' title="bbox 471 654 2062 729; baseline -0.005 -16"><span class='ocrx_word' id='word_1_25' title='bbox 471 659 630 713; x_wconf 84' lang='lat' dir='ltr'><strong>facile</strong></span> <span class='ocrx_word' id='word_1_26' title='bbox 651 661 854 729; x_wconf 86' lang='lat' dir='ltr'><strong>posset,</strong></span> <span class='ocrx_word' id='word_1_27' title='bbox 873 657 1138 728; x_wconf 87' lang='lat' dir='ltr'><strong>quidquid</strong></span> <span class='ocrx_word' id='word_1_28' title='bbox 1159 672 1326 726; x_wconf 85' lang='lat' dir='ltr'><strong>supra</strong></span> <span class='ocrx_word' id='word_1_29' title='bbox 1351 655 1670 726; x_wconf 91' lang='lat' dir='ltr'><strong>opinionem</strong></span> <span class='ocrx_word' id='word_1_30' title='bbox 1697 669 1760 709; x_wconf 93' lang='lat' dir='ltr'><strong>ac</strong></span> <span class='ocrx_word' id='word_1_31' title='bbox 1793 654 2062 706; x_wconf 88' lang='lat' dir='ltr'><strong>rationem</strong></span> 
     </span>
    </p>
   </div>
   <div class='ocr_carea' id='block_1_7' title="bbox 471 743 2056 819">
    <p class='ocr_par' dir='ltr' id='par_1_7' title="bbox 471 743 2056 819">
     <span class='ocr_line' id='line_1_7' title="bbox 471 743 2056 819; baseline -0.004 -16"><span class='ocrx_word' id='word_1_32' title='bbox 471 758 636 813; x_wconf 82' lang='lat' dir='ltr'><strong>esset,</strong></span> <span class='ocrx_word' id='word_1_33' title='bbox 672 749 960 818; x_wconf 82' lang='lat' dir='ltr'><strong>perﬁcere,</strong></span> <span class='ocrx_word' id='word_1_34' title='bbox 994 748 1206 819; x_wconf 82' lang='lat' dir='ltr'><strong>signum</strong></span> <span class='ocrx_word' id='word_1_35' title='bbox 1233 747 1550 818; x_wconf 90' lang='lat' dir='ltr'><strong>petentibus</strong></span> <span class='ocrx_word' id='word_1_36' title='bbox 1567 745 1772 800; x_wconf 60' lang='lat' dir='ltr'><strong>ludatis</strong></span> <span class='ocrx_word' id='word_1_37' title='bbox 1794 743 2012 799; x_wconf 89' lang='lat' dir='ltr'><strong>dicebat</strong></span> <span class='ocrx_word' id='word_1_38' title='bbox 2045 761 2056 795; x_wconf 88' lang='lat'>:</span> 
     </span>
    </p>
   </div>
   <div class='ocr_carea' id='block_1_8' title="bbox 479 835 2060 910">
    <p class='ocr_par' dir='ltr' id='par_1_8' title="bbox 479 835 2060 910">
     <span class='ocr_line' id='line_1_8' title="bbox 479 835 2060 910; baseline -0.002 -19"><span class='ocrx_word' id='word_1_39' title='bbox 479 859 498 890; x_wconf 73' lang='grc' dir='ltr'><strong>ι</strong></span> <span class='ocrx_word' id='word_1_40' title='bbox 537 838 834 893; x_wconf 83' lang='lat' dir='ltr'><strong>Generatio</strong></span> <span class='ocrx_word' id='word_1_41' title='bbox 877 840 994 894; x_wconf 62' lang='lat' dir='ltr'><strong>haec</strong></span> <span class='ocrx_word' id='word_1_42' title='bbox 1021 854 1186 910; x_wconf 87' lang='lat' dir='ltr'><strong>prava</strong></span> <span class='ocrx_word' id='word_1_43' title='bbox 1219 847 1325 904; x_wconf 90' lang='lat' dir='ltr'><strong>est,</strong></span> <span class='ocrx_word' id='word_1_44' title='bbox 1377 839 1594 908; x_wconf 85' lang='lat' dir='ltr'><strong>signum</strong></span> <span class='ocrx_word' id='word_1_45' title='bbox 1640 835 1859 906; x_wconf 68' lang='lat' dir='ltr'><strong>qumrit,</strong></span> <span class='ocrx_word' id='word_1_46' title='bbox 1896 843 1952 889; x_wconf 90' lang='lat' dir='ltr'><strong>et</strong></span> <span class='ocrx_word' id='word_1_47' title='bbox 1984 835 2060 888; x_wconf 88' lang='lat' dir='ltr'><strong>si—</strong></span> 
     </span>
    </p>
   </div>
   <div class='ocr_carea' id='block_1_9' title="bbox 469 927 2058 1001">
    <p class='ocr_par' dir='ltr' id='par_1_9' title="bbox 469 927 2058 1001">
     <span class='ocr_line' id='line_1_9' title="bbox 469 927 2058 1001; baseline -0.004 -16"><span class='ocrx_word' id='word_1_48' title='bbox 469 947 636 1000; x_wconf 81' lang='lat' dir='ltr'><strong>gnum</strong></span> <span class='ocrx_word' id='word_1_49' title='bbox 674 947 784 985; x_wconf 91' lang='lat' dir='ltr'><strong>non</strong></span> <span class='ocrx_word' id='word_1_50' title='bbox 808 931 1030 986; x_wconf 84' lang='lat' dir='ltr'><strong>dabitur</strong></span> <span class='ocrx_word' id='word_1_51' title='bbox 1062 932 1135 995; x_wconf 89' lang='lat' dir='ltr'><strong>ei,</strong></span> <span class='ocrx_word' id='word_1_52' title='bbox 1178 931 1283 986; x_wconf 90' lang='lat' dir='ltr'><strong>nisi</strong></span> <span class='ocrx_word' id='word_1_53' title='bbox 1323 931 1540 1001; x_wconf 86' lang='lat' dir='ltr'><strong>signum</strong></span> <span class='ocrx_word' id='word_1_54' title='bbox 1571 929 1720 985; x_wconf 74' lang='lat' dir='ltr'><strong>Iona:</strong></span> <span class='ocrx_word' id='word_1_55' title='bbox 1757 927 2058 998; x_wconf 57' lang='lat' dir='ltr'><strong>prophetae.</strong></span> 
     </span>
    </p>
   </div>
   <div class='ocr_carea' id='block_1_10' title="bbox 471 1018 2063 1078">
    <p class='ocr_par' dir='ltr' id='par_1_10' title="bbox 471 1018 2063 1078">
     <span class='ocr_line' id='line_1_10' title="bbox 471 1018 2063 1078; baseline -0.003 -2"><span class='ocrx_word' id='word_1_56' title='bbox 471 1022 626 1077; x_wconf 80' lang='lat' dir='ltr'><strong>Sicut</strong></span> <span class='ocrx_word' id='word_1_57' title='bbox 680 1022 828 1076; x_wconf 90' lang='lat' dir='ltr'><strong>enim</strong></span> <span class='ocrx_word' id='word_1_58' title='bbox 854 1022 963 1078; x_wconf 93' lang='lat' dir='ltr'><strong>fuit</strong></span> <span class='ocrx_word' id='word_1_59' title='bbox 991 1023 1159 1078; x_wconf 87' lang='lat' dir='ltr'><strong>Jonas</strong></span> <span class='ocrx_word' id='word_1_60' title='bbox 1190 1023 1245 1076; x_wconf 91' lang='lat' dir='ltr'><strong>in</strong></span> <span class='ocrx_word' id='word_1_61' title='bbox 1277 1030 1470 1076; x_wconf 87' lang='lat' dir='ltr'><strong>ventre</strong></span> <span class='ocrx_word' id='word_1_62' title='bbox 1498 1021 1604 1075; x_wconf 90' lang='lat' dir='ltr'><strong>ceti</strong></span> <span class='ocrx_word' id='word_1_63' title='bbox 1641 1021 1819 1074; x_wconf 90' lang='lat' dir='ltr'><strong>tribus</strong></span> <span class='ocrx_word' id='word_1_64' title='bbox 1865 1018 2063 1078; x_wconf 83' lang='lat' dir='ltr'><strong>diebus</strong></span> 
     </span>
    </p>
   </div>
   <div class='ocr_carea' id='block_1_11' title="bbox 469 1109 2062 1177">
    <p class='ocr_par' dir='ltr' id='par_1_11' title="bbox 469 1109 2062 1177">
     <span class='ocr_line' id='line_1_11' title="bbox 469 1109 2062 1177; baseline -0.003 -10"><span class='ocrx_word' id='word_1_65' title='bbox 469 1122 533 1168; x_wconf 89' lang='lat' dir='ltr'><strong>et</strong></span> <span class='ocrx_word' id='word_1_66' title='bbox 556 1114 734 1169; x_wconf 88' lang='lat' dir='ltr'><strong>tribus</strong></span> <span class='ocrx_word' id='word_1_67' title='bbox 758 1114 1037 1177; x_wconf 90' lang='lat' dir='ltr'><strong>noctibus,</strong></span> <span class='ocrx_word' id='word_1_68' title='bbox 1075 1115 1154 1168; x_wconf 93' lang='lat' dir='ltr'><strong>sic</strong></span> <span class='ocrx_word' id='word_1_69' title='bbox 1187 1113 1294 1167; x_wconf 91' lang='lat' dir='ltr'><strong>erit</strong></span> <span class='ocrx_word' id='word_1_70' title='bbox 1318 1112 1490 1167; x_wconf 86' lang='lat' dir='ltr'><strong>Filius</strong></span> <span class='ocrx_word' id='word_1_71' title='bbox 1523 1110 1765 1165; x_wconf 87' lang='lat' dir='ltr'><strong>hominis</strong></span> <span class='ocrx_word' id='word_1_72' title='bbox 1804 1109 1860 1163; x_wconf 90' lang='lat' dir='ltr'><strong>in</strong></span> <span class='ocrx_word' id='word_1_73' title='bbox 1896 1109 2062 1163; x_wconf 89' lang='lat' dir='ltr'><strong>corde</strong></span> 
     </span>
    </p>
   </div>
   <div class='ocr_carea' id='block_1_12' title="bbox 469 1198 2065 1269">
    <p class='ocr_par' dir='ltr' id='par_1_12' title="bbox 469 1198 2065 1269">
     <span class='ocr_line' id='line_1_12' title="bbox 469 1198 2065 1269; baseline -0.001 -15"><span class='ocrx_word' id='word_1_74' title='bbox 469 1209 633 1256; x_wconf 69' lang='lat' dir='ltr'><strong>terra:</strong></span> <span class='ocrx_word' id='word_1_75' title='bbox 683 1203 867 1258; x_wconf 84' lang='lat' dir='ltr'><strong>tribus</strong></span> <span class='ocrx_word' id='word_1_76' title='bbox 894 1203 1092 1257; x_wconf 89' lang='lat' dir='ltr'><strong>diebus</strong></span> <span class='ocrx_word' id='word_1_77' title='bbox 1129 1210 1184 1256; x_wconf 90' lang='lat' dir='ltr'><strong>et</strong></span> <span class='ocrx_word' id='word_1_78' title='bbox 1212 1203 1392 1256; x_wconf 88' lang='lat' dir='ltr'><strong>tribus</strong></span> <span class='ocrx_word' id='word_1_79' title='bbox 1422 1201 1680 1256; x_wconf 89' lang='lat' dir='ltr'><strong>noctibus</strong></span> <span class='ocrx_word' id='word_1_80' title='bbox 1737 1200 1803 1254; x_wconf 75' lang='grc' dir='ltr'><strong>τ’.</strong></span> <span class='ocrx_word' id='word_1_81' title='bbox 1843 1217 1860 1250; x_wconf 82' lang='grc' dir='ltr'><strong>ι</strong></span> <span class='ocrx_word' id='word_1_82' title='bbox 1895 1198 2065 1269; x_wconf 89' lang='lat' dir='ltr'><strong>Igitur</strong></span> 
     </span>
    </p>
   </div>
   <div class='ocr_carea' id='block_1_13' title="bbox 467 1291 2064 1364">
    <p class='ocr_par' dir='ltr' id='par_1_13' title="bbox 467 1291 2064 1364">
     <span class='ocr_line' id='line_1_13' title="bbox 467 1291 2064 1364; baseline 0 -19"><span class='ocrx_word' id='word_1_83' title='bbox 467 1291 687 1346; x_wconf 84' lang='lat' dir='ltr'><strong>celebre</strong></span> <span class='ocrx_word' id='word_1_84' title='bbox 711 1308 842 1347; x_wconf 88' lang='lat' dir='ltr'><strong>sane</strong></span> <span class='ocrx_word' id='word_1_85' title='bbox 867 1302 923 1349; x_wconf 88' lang='lat' dir='ltr'><strong>et</strong></span> <span class='ocrx_word' id='word_1_86' title='bbox 950 1293 1162 1349; x_wconf 84' lang='lat' dir='ltr'><strong>illustre</strong></span> <span class='ocrx_word' id='word_1_87' title='bbox 1182 1293 1398 1364; x_wconf 86' lang='lat' dir='ltr'><strong>signum</strong></span> <span class='ocrx_word' id='word_1_88' title='bbox 1425 1300 1530 1357; x_wconf 91' lang='lat' dir='ltr'><strong>est,</strong></span> <span class='ocrx_word' id='word_1_89' title='bbox 1560 1300 1615 1347; x_wconf 92' lang='lat' dir='ltr'><strong>et</strong></span> <span class='ocrx_word' id='word_1_90' title='bbox 1634 1293 1722 1356; x_wconf 90' lang='lat' dir='ltr'><strong>iis,</strong></span> <span class='ocrx_word' id='word_1_91' title='bbox 1745 1292 1838 1362; x_wconf 90' lang='lat' dir='ltr'><strong>qui</strong></span> <span class='ocrx_word' id='word_1_92' title='bbox 1871 1307 2064 1346; x_wconf 73' lang='lat' dir='ltr'><strong>revera</strong></span> 
     </span>
    </p>
   </div>
   <div class='ocr_carea' id='block_1_14' title="bbox 469 1384 2062 1454">
    <p class='ocr_par' dir='ltr' id='par_1_14' title="bbox 469 1384 2062 1454">
     <span class='ocr_line' id='line_1_14' title="bbox 469 1384 2062 1454; baseline 0 -16"><span class='ocrx_word' id='word_1_93' title='bbox 469 1385 770 1454; x_wconf 80' lang='lat' dir='ltr'><strong>prudentes</strong></span> <span class='ocrx_word' id='word_1_94' title='bbox 787 1396 959 1451; x_wconf 70' lang='lat' dir='ltr'><strong>sunt,</strong></span> <span class='ocrx_word' id='word_1_95' title='bbox 1017 1387 1152 1442; x_wconf 82' lang='lat' dir='ltr'><strong>satis</strong></span> <span class='ocrx_word' id='word_1_96' title='bbox 1193 1387 1381 1441; x_wconf 83' lang='lat' dir='ltr'><strong>efﬁcax</strong></span> <span class='ocrx_word' id='word_1_97' title='bbox 1422 1385 1490 1440; x_wconf 89' lang='lat' dir='ltr'><strong>ad</strong></span> <span class='ocrx_word' id='word_1_98' title='bbox 1537 1385 1698 1440; x_wconf 82' lang='lat' dir='ltr'><strong>fidem</strong></span> <span class='ocrx_word' id='word_1_99' title='bbox 1735 1384 2062 1449; x_wconf 82' lang='lat' dir='ltr'><strong>faciendam,</strong></span> 
     </span>
    </p>
   </div>
   <div class='ocr_carea' id='block_1_15' title="bbox 470 1475 2064 1545">
    <p class='ocr_par' dir='ltr' id='par_1_15' title="bbox 470 1475 2064 1545">
     <span class='ocr_line' id='line_1_15' title="bbox 470 1475 2064 1545; baseline 0 -16"><span class='ocrx_word' id='word_1_100' title='bbox 470 1475 651 1545; x_wconf 90' lang='lat' dir='ltr'><strong>ipsum</strong></span> <span class='ocrx_word' id='word_1_101' title='bbox 685 1476 882 1530; x_wconf 84' lang='lat' dir='ltr'><strong>Filium</strong></span> <span class='ocrx_word' id='word_1_102' title='bbox 915 1477 1217 1532; x_wconf 86' lang='lat' dir='ltr'><strong>secundum</strong></span> <span class='ocrx_word' id='word_1_103' title='bbox 1245 1486 1499 1531; x_wconf 90' lang='lat' dir='ltr'><strong>naturam</strong></span> <span class='ocrx_word' id='word_1_104' title='bbox 1525 1491 1645 1531; x_wconf 88' lang='lat' dir='ltr'><strong>esse</strong></span> <span class='ocrx_word' id='word_1_105' title='bbox 1668 1477 1864 1539; x_wconf 91' lang='lat' dir='ltr'><strong>Deum,</strong></span> <span class='ocrx_word' id='word_1_106' title='bbox 1903 1486 1958 1529; x_wconf 88' lang='lat' dir='ltr'><strong>et</strong></span> <span class='ocrx_word' id='word_1_107' title='bbox 1997 1491 2064 1530; x_wconf 85' lang='lat' dir='ltr'><strong>ex</strong></span> 
     </span>
    </p>
   </div>
   <div class='ocr_carea' id='block_1_16' title="bbox 468 1565 2062 1638">
    <p class='ocr_par' dir='ltr' id='par_1_16' title="bbox 468 1565 2062 1638">
     <span class='ocr_line' id='line_1_16' title="bbox 468 1565 2062 1638; baseline 0.003 -18"><span class='ocrx_word' id='word_1_108' title='bbox 468 1565 582 1621; x_wconf 89' lang='lat' dir='ltr'><strong>Deo</strong></span> <span class='ocrx_word' id='word_1_109' title='bbox 600 1567 758 1622; x_wconf 85' lang='lat' dir='ltr'><strong>Patre</strong></span> <span class='ocrx_word' id='word_1_110' title='bbox 779 1576 981 1632; x_wconf 91' lang='lat' dir='ltr'><strong>ortum,</strong></span> <span class='ocrx_word' id='word_1_111' title='bbox 1006 1569 1110 1622; x_wconf 91' lang='lat' dir='ltr'><strong>hoc</strong></span> <span class='ocrx_word' id='word_1_112' title='bbox 1132 1569 1330 1638; x_wconf 89' lang='lat' dir='ltr'><strong>ipsum,</strong></span> <span class='ocrx_word' id='word_1_113' title='bbox 1354 1569 1498 1638; x_wconf 91' lang='lat' dir='ltr'><strong>quod</strong></span> <span class='ocrx_word' id='word_1_114' title='bbox 1521 1577 1752 1622; x_wconf 90' lang='lat' dir='ltr'><strong>mortem</strong></span> <span class='ocrx_word' id='word_1_115' title='bbox 1771 1569 2062 1634; x_wconf 76' lang='lat' dir='ltr'><strong>destruxit,</strong></span> 
     </span>
    </p>
   </div>
   <div class='ocr_carea' id='block_1_17' title="bbox 463 1658 2066 1731">
    <p class='ocr_par' dir='ltr' id='par_1_17' title="bbox 463 1658 2066 1731">
     <span class='ocr_line' id='line_1_17' title="bbox 463 1658 2066 1731; baseline 0.001 -16"><span class='ocrx_word' id='word_1_116' title='bbox 463 1667 526 1715; x_wconf 76' lang='lat' dir='ltr'><strong>et</strong></span> <span class='ocrx_word' id='word_1_117' title='bbox 547 1658 792 1714; x_wconf 82' lang='lat' dir='ltr'><strong>reﬂoruit</strong></span> <span class='ocrx_word' id='word_1_118' title='bbox 827 1660 893 1715; x_wconf 86' lang='lat' dir='ltr'><strong>ad</strong></span> <span class='ocrx_word' id='word_1_119' title='bbox 913 1661 1098 1716; x_wconf 85' lang='lat' dir='ltr'><strong>vitam.</strong></span> <span class='ocrx_word' id='word_1_120' title='bbox 1127 1680 1146 1712; x_wconf 73' lang='grc' dir='ltr'>ι</span> <span class='ocrx_word' id='word_1_121' title='bbox 1177 1663 1372 1716; x_wconf 88' lang='lat' dir='ltr'><strong>Factus</strong></span> <span class='ocrx_word' id='word_1_122' title='bbox 1393 1662 1538 1715; x_wconf 88' lang='lat' dir='ltr'><strong>enim</strong></span> <span class='ocrx_word' id='word_1_123' title='bbox 1562 1670 1646 1715; x_wconf 89' lang='lat' dir='ltr'><strong>est</strong></span> <span class='ocrx_word' id='word_1_124' title='bbox 1668 1659 1782 1730; x_wconf 89' lang='lat' dir='ltr'><strong>ipse</strong></span> <span class='ocrx_word' id='word_1_125' title='bbox 1811 1662 2066 1731; x_wconf 63' lang='lat' dir='ltr'><strong>primitiae</strong></span> 
     </span>
    </p>
   </div>
   <div class='ocr_carea' id='block_1_18' title="bbox 464 1749 2064 1822">
    <p class='ocr_par' dir='ltr' id='par_1_18' title="bbox 464 1749 2064 1822">
     <span class='ocr_line' id='line_1_18' title="bbox 464 1749 2064 1822; baseline 0.002 -19"><span class='ocrx_word' id='word_1_126' title='bbox 464 1749 882 1814; x_wconf 84' lang='lat' dir='ltr'><strong>dormientium,</strong></span> <span class='ocrx_word' id='word_1_127' title='bbox 911 1761 964 1806; x_wconf 91' lang='lat' dir='ltr'><strong>ct</strong></span> <span class='ocrx_word' id='word_1_128' title='bbox 986 1753 1383 1822; x_wconf 82' lang='lat' dir='ltr'><strong>primogenitus</strong></span> <span class='ocrx_word' id='word_1_129' title='bbox 1405 1767 1471 1806; x_wconf 80' lang='lat' dir='ltr'><strong>cx</strong></span> <span class='ocrx_word' id='word_1_130' title='bbox 1499 1753 1734 1806; x_wconf 91' lang='lat' dir='ltr'><strong>mortuis</strong></span> <span class='ocrx_word' id='word_1_131' title='bbox 1756 1753 1833 1818; x_wconf 72' lang='lat'><strong>7&#39;;</strong></span> <span class='ocrx_word' id='word_1_132' title='bbox 1860 1771 1880 1804; x_wconf 84' lang='grc' dir='ltr'><strong>ι</strong></span> <span class='ocrx_word' id='word_1_133' title='bbox 1899 1751 2064 1822; x_wconf 88' lang='lat' dir='ltr'><strong>idque</strong></span> 
     </span>
    </p>
   </div>
   <div class='ocr_carea' id='block_1_19' title="bbox 467 1839 2064 1912">
    <p class='ocr_par' dir='ltr' id='par_1_19' title="bbox 467 1839 2064 1912">
     <span class='ocr_line' id='line_1_19' title="bbox 467 1839 2064 1912; baseline 0.002 -19"><span class='ocrx_word' id='word_1_134' title='bbox 467 1839 689 1910; x_wconf 87' lang='lat' dir='ltr'><strong>signum</strong></span> <span class='ocrx_word' id='word_1_135' title='bbox 727 1840 853 1896; x_wconf 86' lang='lat' dir='ltr'><strong>ﬁliis</strong></span> <span class='ocrx_word' id='word_1_136' title='bbox 879 1842 1315 1896; x_wconf 89' lang='lat' dir='ltr'><strong>inobedientium</strong></span> <span class='ocrx_word' id='word_1_137' title='bbox 1345 1851 1431 1897; x_wconf 88' lang='lat' dir='ltr'><strong>est</strong></span> <span class='ocrx_word' id='word_1_138' title='bbox 1459 1842 1671 1908; x_wconf 90' lang='lat' dir='ltr'><strong>datum,</strong></span> <span class='ocrx_word' id='word_1_139' title='bbox 1712 1857 1823 1912; x_wconf 84' lang='lat' dir='ltr'><strong>quo</strong></span> <span class='ocrx_word' id='word_1_140' title='bbox 1862 1842 2064 1897; x_wconf 89' lang='lat' dir='ltr'><strong>intelli-</strong></span> 
     </span>
    </p>
   </div>
   <div class='ocr_carea' id='block_1_20' title="bbox 469 1931 2061 2006">
    <p class='ocr_par' dir='ltr' id='par_1_20' title="bbox 469 1931 2061 2006">
     <span class='ocr_line' id='line_1_20' title="bbox 469 1931 2061 2006; baseline 0.003 -21"><span class='ocrx_word' id='word_1_141' title='bbox 469 1931 892 2002; x_wconf 81' lang='lat' dir='ltr'><strong>gantChristum</strong></span> <span class='ocrx_word' id='word_1_142' title='bbox 923 1933 1017 1989; x_wconf 88' lang='lat' dir='ltr'><strong>Dei</strong></span> <span class='ocrx_word' id='word_1_143' title='bbox 1061 1949 1126 1989; x_wconf 91' lang='lat' dir='ltr'><strong>ac</strong></span> <span class='ocrx_word' id='word_1_144' title='bbox 1157 1935 1334 1989; x_wconf 86' lang='lat' dir='ltr'><strong>Patris</strong></span> <span class='ocrx_word' id='word_1_145' title='bbox 1377 1934 1638 2006; x_wconf 76' lang='lat' dir='ltr'><strong>suffragio</strong></span> <span class='ocrx_word' id='word_1_146' title='bbox 1669 1951 1944 1990; x_wconf 82' lang='lat' dir='ltr'><strong>summum</strong></span> <span class='ocrx_word' id='word_1_147' title='bbox 1973 1950 2061 1989; x_wconf 91' lang='lat' dir='ltr'><strong>sa-</strong></span> 
     </span>
    </p>
   </div>
   <div class='ocr_carea' id='block_1_21' title="bbox 466 2023 2064 2092">
    <p class='ocr_par' dir='ltr' id='par_1_21' title="bbox 466 2023 2064 2092">
     <span class='ocr_line' id='line_1_21' title="bbox 466 2023 2064 2092; baseline 0.002 -15"><span class='ocrx_word' id='word_1_148' title='bbox 466 2023 743 2079; x_wconf 87' lang='lat' dir='ltr'><strong>cerdotem</strong></span> <span class='ocrx_word' id='word_1_149' title='bbox 773 2033 1021 2081; x_wconf 88' lang='lat' dir='ltr'><strong>nostrum</strong></span> <span class='ocrx_word' id='word_1_150' title='bbox 1053 2041 1173 2081; x_wconf 87' lang='lat' dir='ltr'><strong>esse</strong></span> <span class='ocrx_word' id='word_1_151' title='bbox 1195 2026 1422 2092; x_wconf 89' lang='lat' dir='ltr'><strong>factum,</strong></span> <span class='ocrx_word' id='word_1_152' title='bbox 1457 2043 1476 2078; x_wconf 74' lang='grc' dir='ltr'><strong>ι</strong></span> <span class='ocrx_word' id='word_1_153' title='bbox 1505 2035 1779 2092; x_wconf 88' lang='lat' dir='ltr'><strong>sanctum,</strong></span> <span class='ocrx_word' id='word_1_154' title='bbox 1801 2027 2064 2081; x_wconf 89' lang='lat' dir='ltr'><strong>innocen-</strong></span> 
     </span>
    </p>
   </div>
   <div class='ocr_carea' id='block_1_22' title="bbox 468 2115 2062 2189">
    <p class='ocr_par' dir='ltr' id='par_1_22' title="bbox 468 2115 2062 2189">
     <span class='ocr_line' id='line_1_22' title="bbox 468 2115 2062 2189; baseline 0.002 -21"><span class='ocrx_word' id='word_1_155' title='bbox 468 2120 602 2177; x_wconf 80' lang='lat' dir='ltr'><strong>tem,</strong></span> <span class='ocrx_word' id='word_1_156' title='bbox 654 2115 1039 2186; x_wconf 90' lang='lat' dir='ltr'><strong>impollutum,</strong></span> <span class='ocrx_word' id='word_1_157' title='bbox 1100 2126 1444 2189; x_wconf 76' lang='lat' dir='ltr'><strong>segregatum</strong></span> <span class='ocrx_word' id='word_1_158' title='bbox 1494 2133 1525 2172; x_wconf 87' lang='lat' dir='ltr'><strong>a</strong></span> <span class='ocrx_word' id='word_1_159' title='bbox 1578 2117 1965 2188; x_wconf 88' lang='lat' dir='ltr'><strong>peccatoribus</strong></span> <span class='ocrx_word' id='word_1_160' title='bbox 2006 2124 2062 2171; x_wconf 89' lang='lat' dir='ltr'><strong>et</strong></span> 
     </span>
    </p>
   </div>
   <div class='ocr_carea' id='block_1_23' title="bbox 465 2207 1974 2282">
    <p class='ocr_par' dir='ltr' id='par_1_23' title="bbox 465 2207 1974 2282">
     <span class='ocr_line' id='line_1_23' title="bbox 465 2207 1974 2282; baseline 0.004 -23"><span class='ocrx_word' id='word_1_161' title='bbox 465 2207 820 2264; x_wconf 82' lang='lat' dir='ltr'><strong>excelsiorem</strong></span> <span class='ocrx_word' id='word_1_162' title='bbox 843 2209 996 2264; x_wconf 76' lang='lat' dir='ltr'><strong>ccelis</strong></span> <span class='ocrx_word' id='word_1_163' title='bbox 1018 2209 1244 2276; x_wconf 88' lang='lat' dir='ltr'><strong>factum,</strong></span> <span class='ocrx_word' id='word_1_164' title='bbox 1277 2229 1296 2261; x_wconf 80' lang='grc' dir='ltr'><strong>ι</strong></span> <span class='ocrx_word' id='word_1_165' title='bbox 1336 2210 1480 2266; x_wconf 87' lang='lat' dir='ltr'><strong>sicut</strong></span> <span class='ocrx_word' id='word_1_166' title='bbox 1508 2211 1776 2282; x_wconf 87' lang='lat' dir='ltr'><strong>scriptum</strong></span> <span class='ocrx_word' id='word_1_167' title='bbox 1797 2218 1882 2266; x_wconf 90' lang='lat' dir='ltr'><strong>est</strong></span> <span class='ocrx_word' id='word_1_168' title='bbox 1907 2210 1974 2265; x_wconf 76' lang='grc'><strong>⁷⁸.</strong></span> 
     </span>
    </p>
   </div>
   <div class='ocr_carea' id='block_1_24' title="bbox 531 2387 2060 2466">
    <p class='ocr_par' dir='ltr' id='par_1_24' title="bbox 531 2387 2060 2466">
     <span class='ocr_line' id='line_1_24' title="bbox 531 2387 2060 2466; baseline 0.005 -25"><span class='ocrx_word' id='word_1_169' title='bbox 531 2387 728 2442; x_wconf 87' lang='lat' dir='ltr'><strong>PALL.</strong></span> <span class='ocrx_word' id='word_1_170' title='bbox 759 2387 865 2444; x_wconf 90' lang='lat' dir='ltr'><strong>Sed</strong></span> <span class='ocrx_word' id='word_1_171' title='bbox 909 2405 1022 2445; x_wconf 91' lang='lat' dir='ltr'><strong>non</strong></span> <span class='ocrx_word' id='word_1_172' title='bbox 1066 2390 1245 2446; x_wconf 86' lang='lat' dir='ltr'><strong>solum</strong></span> <span class='ocrx_word' id='word_1_173' title='bbox 1298 2392 1632 2463; x_wconf 75' lang='lat' dir='ltr'><strong>germinavit</strong></span> <span class='ocrx_word' id='word_1_174' title='bbox 1679 2394 1834 2466; x_wconf 80' lang='lat' dir='ltr'><strong>virga</strong></span> <span class='ocrx_word' id='word_1_175' title='bbox 1881 2393 2060 2449; x_wconf 86' lang='lat' dir='ltr'><strong>Aaron</strong></span> 
     </span>
    </p>
   </div>
   <div class='ocr_carea' id='block_1_25' title="bbox 467 2479 2061 2558">
    <p class='ocr_par' dir='ltr' id='par_1_25' title="bbox 467 2479 2061 2558">
     <span class='ocr_line' id='line_1_25' title="bbox 467 2479 2061 2558; baseline 0.006 -24"><span class='ocrx_word' id='word_1_176' title='bbox 467 2479 544 2550; x_wconf 90' lang='lat' dir='ltr'><strong>(id</strong></span> <span class='ocrx_word' id='word_1_177' title='bbox 567 2481 714 2534; x_wconf 91' lang='lat' dir='ltr'><strong>enim</strong></span> <span class='ocrx_word' id='word_1_178' title='bbox 740 2497 908 2538; x_wconf 79' lang='lat' dir='ltr'><strong>sacrae</strong></span> <span class='ocrx_word' id='word_1_179' title='bbox 932 2482 1151 2538; x_wconf 70' lang='lat' dir='ltr'><strong>Litterae</strong></span> <span class='ocrx_word' id='word_1_180' title='bbox 1177 2483 1340 2538; x_wconf 91' lang='lat' dir='ltr'><strong>modo</strong></span> <span class='ocrx_word' id='word_1_181' title='bbox 1355 2485 1515 2540; x_wconf 91' lang='lat' dir='ltr'><strong>nobis</strong></span> <span class='ocrx_word' id='word_1_182' title='bbox 1544 2487 1948 2558; x_wconf 87' lang='lat' dir='ltr'><strong>ostenderunt),</strong></span> <span class='ocrx_word' id='word_1_183' title='bbox 1965 2488 2061 2543; x_wconf 86' lang='lat' dir='ltr'><strong>sed</strong></span> 
     </span>
    </p>
   </div>
   <div class='ocr_carea' id='block_1_26' title="bbox 466 2575 2061 2650">
    <p class='ocr_par' dir='ltr' id='par_1_26' title="bbox 466 2575 2061 2650">
     <span class='ocr_line' id='line_1_26' title="bbox 466 2575 2061 2650; baseline 0.006 -22"><span class='ocrx_word' id='word_1_184' title='bbox 466 2575 699 2645; x_wconf 87' lang='lat' dir='ltr'><strong>protulit</strong></span> <span class='ocrx_word' id='word_1_185' title='bbox 721 2591 912 2630; x_wconf 89' lang='lat' dir='ltr'><strong>nuces.</strong></span> <span class='ocrx_word' id='word_1_186' title='bbox 947 2576 1008 2631; x_wconf 92' lang='lat' dir='ltr'><strong>Id</strong></span> <span class='ocrx_word' id='word_1_187' title='bbox 1057 2591 1191 2631; x_wconf 85' lang='lat' dir='ltr'><strong>vero</strong></span> <span class='ocrx_word' id='word_1_188' title='bbox 1214 2577 1444 2648; x_wconf 61' lang='lat' dir='ltr'><strong>aenigma</strong></span> <span class='ocrx_word' id='word_1_189' title='bbox 1478 2578 1611 2648; x_wconf 93' lang='lat' dir='ltr'><strong>quid</strong></span> <span class='ocrx_word' id='word_1_190' title='bbox 1636 2579 1928 2650; x_wconf 82' lang='lat' dir='ltr'><strong>signiﬁcet,</strong></span> <span class='ocrx_word' id='word_1_191' title='bbox 1973 2583 2061 2637; x_wconf 90' lang='lat' dir='ltr'><strong>in-</strong></span> 
     </span>
    </p>
   </div>
   <div class='ocr_carea' id='block_1_27' title="bbox 467 2667 982 2738">
    <p class='ocr_par' dir='ltr' id='par_1_27' title="bbox 467 2667 982 2738">
     <span class='ocr_line' id='line_1_27' title="bbox 467 2667 982 2738; baseline 0.002 -17"><span class='ocrx_word' id='word_1_192' title='bbox 467 2667 716 2738; x_wconf 83' lang='lat' dir='ltr'><strong>telligere</strong></span> <span class='ocrx_word' id='word_1_193' title='bbox 744 2682 982 2737; x_wconf 86' lang='lat' dir='ltr'><strong>nequeo.</strong></span> 
     </span>
    </p>
   </div>
   <div class='ocr_carea' id='block_1_28' title="bbox 533 2757 2060 2833">
    <p class='ocr_par' dir='ltr' id='par_1_28' title="bbox 533 2757 2060 2833">
     <span class='ocr_line' id='line_1_28' title="bbox 533 2757 2060 2833; baseline 0.006 -20"><span class='ocrx_word' id='word_1_194' title='bbox 533 2757 695 2830; x_wconf 64' lang='lat'><strong>343</strong></span> <span class='ocrx_word' id='word_1_195' title='bbox 723 2757 880 2814; x_wconf 64' lang='grc' dir='ltr'><strong>(ΠΒ.</strong></span> <span class='ocrx_word' id='word_1_196' title='bbox 929 2759 1174 2816; x_wconf 88' lang='lat' dir='ltr'><strong>Primum</strong></span> <span class='ocrx_word' id='word_1_197' title='bbox 1223 2763 1470 2833; x_wconf 88' lang='lat' dir='ltr'><strong>quidem,</strong></span> <span class='ocrx_word' id='word_1_198' title='bbox 1518 2763 1747 2829; x_wconf 84' lang='lat' dir='ltr'><strong>Palladi,</strong></span> <span class='ocrx_word' id='word_1_199' title='bbox 1797 2765 1934 2820; x_wconf 87' lang='lat' dir='ltr'><strong>nihil</strong></span> <span class='ocrx_word' id='word_1_200' title='bbox 1961 2768 2060 2821; x_wconf 88' lang='lat' dir='ltr'><strong>ab-</strong></span> 
     </span>
    </p>
   </div>
   <div class='ocr_carea' id='block_1_29' title="bbox 466 2850 2058 2926">
    <p class='ocr_par' dir='ltr' id='par_1_29' title="bbox 466 2850 2058 2926">
     <span class='ocr_line' id='line_1_29' title="bbox 466 2850 2058 2926; baseline 0.005 -22"><span class='ocrx_word' id='word_1_201' title='bbox 466 2850 621 2905; x_wconf 89' lang='lat' dir='ltr'><strong>surdi</strong></span> <span class='ocrx_word' id='word_1_202' title='bbox 645 2858 749 2915; x_wconf 85' lang='lat' dir='ltr'><strong>est,</strong></span> <span class='ocrx_word' id='word_1_203' title='bbox 769 2851 836 2906; x_wconf 92' lang='lat' dir='ltr'><strong>de</strong></span> <span class='ocrx_word' id='word_1_204' title='bbox 861 2867 1000 2906; x_wconf 89' lang='lat' dir='ltr'><strong>nuce</strong></span> <span class='ocrx_word' id='word_1_205' title='bbox 1025 2864 1360 2925; x_wconf 87' lang='lat' dir='ltr'><strong>assumptam</strong></span> <span class='ocrx_word' id='word_1_206' title='bbox 1381 2871 1503 2910; x_wconf 91' lang='lat' dir='ltr'><strong>esse</strong></span> <span class='ocrx_word' id='word_1_207' title='bbox 1527 2857 1736 2926; x_wconf 82' lang='lat' dir='ltr'><strong>virgam</strong></span> <span class='ocrx_word' id='word_1_208' title='bbox 1756 2857 2058 2926; x_wconf 88' lang='lat' dir='ltr'><strong>suspicari;</strong></span> 
     </span>
    </p>
   </div>
   <div class='ocr_carea' id='block_1_30' title="bbox 465 2943 2061 3016">
    <p class='ocr_par' dir='ltr' id='par_1_30' title="bbox 465 2943 2061 3016">
     <span class='ocr_line' id='line_1_30' title="bbox 465 2943 2061 3016; baseline 0.006 -21"><span class='ocrx_word' id='word_1_209' title='bbox 465 2949 690 3013; x_wconf 84' lang='lat' dir='ltr'><strong>eratque</strong></span> <span class='ocrx_word' id='word_1_210' title='bbox 736 2943 931 3014; x_wconf 87' lang='lat' dir='ltr'><strong>priscis</strong></span> <span class='ocrx_word' id='word_1_211' title='bbox 976 2945 1084 2999; x_wconf 91' lang='lat' dir='ltr'><strong>illis</strong></span> <span class='ocrx_word' id='word_1_212' title='bbox 1139 2945 1194 2999; x_wconf 92' lang='lat' dir='ltr'><strong>in</strong></span> <span class='ocrx_word' id='word_1_213' title='bbox 1253 2962 1403 3001; x_wconf 90' lang='lat' dir='ltr'><strong>more</strong></span> <span class='ocrx_word' id='word_1_214' title='bbox 1463 2947 1703 3016; x_wconf 87' lang='lat' dir='ltr'><strong>positum</strong></span> <span class='ocrx_word' id='word_1_215' title='bbox 1756 2949 1956 3005; x_wconf 90' lang='lat' dir='ltr'><strong>talibus</strong></span> <span class='ocrx_word' id='word_1_216' title='bbox 1980 2951 2061 3005; x_wconf 89' lang='lat' dir='ltr'><strong>uti</strong></span> 
     </span>
    </p>
   </div>
   <div class='ocr_carea' id='block_1_31' title="bbox 467 3034 2061 3102">
    <p class='ocr_par' dir='ltr' id='par_1_31' title="bbox 467 3034 2061 3102">
     <span class='ocr_line' id='line_1_31' title="bbox 467 3034 2061 3102; baseline 0.008 -17"><span class='ocrx_word' id='word_1_217' title='bbox 467 3034 716 3102; x_wconf 85' lang='lat' dir='ltr'><strong>sceptris.</strong></span> <span class='ocrx_word' id='word_1_218' title='bbox 768 3036 975 3092; x_wconf 91' lang='lat' dir='ltr'><strong>Deinde</strong></span> <span class='ocrx_word' id='word_1_219' title='bbox 1034 3052 1186 3102; x_wconf 89' lang='lat' dir='ltr'><strong>vero,</strong></span> <span class='ocrx_word' id='word_1_220' title='bbox 1236 3037 1284 3092; x_wconf 89' lang='lat' dir='ltr'><strong>si</strong></span> <span class='ocrx_word' id='word_1_221' title='bbox 1336 3037 1608 3093; x_wconf 87' lang='lat' dir='ltr'><strong>rationem</strong></span> <span class='ocrx_word' id='word_1_222' title='bbox 1645 3040 2061 3099; x_wconf 88' lang='lat' dir='ltr'><strong>accommodare</strong></span> 
     </span>
    </p>
   </div>
   <div class='ocr_carea' id='block_1_32' title="bbox 468 3127 2061 3204">
    <p class='ocr_par' dir='ltr' id='par_1_32' title="bbox 468 3127 2061 3204">
     <span class='ocr_line' id='line_1_32' title="bbox 468 3127 2061 3204; baseline 0.009 -27"><span class='ocrx_word' id='word_1_223' title='bbox 468 3133 721 3194; x_wconf 84' lang='lat' dir='ltr'><strong>oporteat</strong></span> <span class='ocrx_word' id='word_1_224' title='bbox 746 3127 832 3183; x_wconf 87' lang='lat' dir='ltr'><strong>his</strong></span> <span class='ocrx_word' id='word_1_225' title='bbox 874 3131 1440 3201; x_wconf 78' lang='lat' dir='ltr'><strong>contemplationibus</strong></span> <span class='ocrx_word' id='word_1_226' title='bbox 1479 3143 1899 3204; x_wconf 80' lang='lat' dir='ltr'><strong>congruentem,</strong></span> <span class='ocrx_word' id='word_1_227' title='bbox 1924 3135 2061 3191; x_wconf 92' lang='lat' dir='ltr'><strong>illud</strong></span> 
     </span>
    </p>
   </div>
   <div class='ocr_carea' id='block_1_33' title="bbox 2169 645 3744 723">
    <p class='ocr_par' dir='ltr' id='par_1_33' title="bbox 2169 645 3744 723">
     <span class='ocr_line' id='line_1_33' title="bbox 2169 645 3744 723; baseline -0.004 -19"><span class='ocrx_word' id='word_1_228' title='bbox 2169 651 2372 723; x_wconf 88' lang='grc' dir='ltr'><strong>ραίνειν</strong></span> <span class='ocrx_word' id='word_1_229' title='bbox 2412 650 2653 721; x_wconf 73' lang='grc' dir='ltr'><strong>ἀμογητὶ</strong></span> <span class='ocrx_word' id='word_1_230' title='bbox 2674 651 2766 703; x_wconf 69' lang='grc' dir='ltr'><strong>καὶ</strong></span> <span class='ocrx_word' id='word_1_231' title='bbox 2797 648 3035 712; x_wconf 80' lang='grc' dir='ltr'><strong>εὐκόλως</strong></span> <span class='ocrx_word' id='word_1_232' title='bbox 3066 648 3384 716; x_wconf 81' lang='grc' dir='ltr'><strong>δυνάμενος,</strong></span> <span class='ocrx_word' id='word_1_233' title='bbox 3416 647 3532 709; x_wconf 88' lang='grc' dir='ltr'>τοῖς</span> <span class='ocrx_word' id='word_1_234' title='bbox 3564 645 3626 698; x_wconf 78' lang='grc' dir='ltr'><strong>τὸ</strong></span> <span class='ocrx_word' id='word_1_235' title='bbox 3649 662 3744 716; x_wconf 62' lang='lat' dir='ltr'><strong>or,-</strong></span> 
     </span>
    </p>
   </div>
   <div class='ocr_carea' id='block_1_34' title="bbox 2167 737 3748 812">
    <p class='ocr_par' dir='ltr' id='par_1_34' title="bbox 2167 737 3748 812">
     <span class='ocr_line' id='line_1_34' title="bbox 2167 737 3748 812; baseline -0.003 -17"><span class='ocrx_word' id='word_1_236' title='bbox 2167 745 2318 812; x_wconf 88' lang='grc' dir='ltr'><strong>μεῖον</strong></span> <span class='ocrx_word' id='word_1_237' title='bbox 2386 742 2629 796; x_wconf 78' lang='grc' dir='ltr'><strong>αἰτοῦσιν</strong></span> <span class='ocrx_word' id='word_1_238' title='bbox 2676 741 2933 810; x_wconf 71' lang='grc' dir='ltr'><strong>ἔφασκενο</strong></span> <span class='ocrx_word' id='word_1_239' title='bbox 2974 759 2995 792; x_wconf 73' lang='grc' dir='ltr'><strong>ι</strong></span> <span class='ocrx_word' id='word_1_240' title='bbox 3033 739 3097 793; x_wconf 87' lang='grc' dir='ltr'><strong>Ἦ</strong></span> <span class='ocrx_word' id='word_1_241' title='bbox 3144 737 3308 808; x_wconf 84' lang='grc' dir='ltr'><strong>γενεὰ</strong></span> <span class='ocrx_word' id='word_1_242' title='bbox 3343 737 3483 810; x_wconf 84' lang='grc' dir='ltr'><strong>αῦτη</strong></span> <span class='ocrx_word' id='word_1_243' title='bbox 3535 740 3748 808; x_wconf 82' lang='grc' dir='ltr'><strong>πονηρά</strong></span> 
     </span>
    </p>
   </div>
   <div class='ocr_carea' id='block_1_35' title="bbox 2163 829 3745 906">
    <p class='ocr_par' dir='ltr' id='par_1_35' title="bbox 2163 829 3745 906">
     <span class='ocr_line' id='line_1_35' title="bbox 2163 829 3745 906; baseline -0.003 -20"><span class='ocrx_word' id='word_1_244' title='bbox 2163 836 2303 887; x_wconf 83' lang='grc' dir='ltr'><strong>ἐστι·</strong></span> <span class='ocrx_word' id='word_1_245' title='bbox 2334 837 2561 906; x_wconf 87' lang='grc' dir='ltr'>σημεῖον</span> <span class='ocrx_word' id='word_1_246' title='bbox 2594 833 2754 897; x_wconf 77' lang='grc' dir='ltr'><strong>αἰτεῖ,</strong></span> <span class='ocrx_word' id='word_1_247' title='bbox 2790 833 2885 886; x_wconf 80' lang='grc' dir='ltr'><strong>καὶ</strong></span> <span class='ocrx_word' id='word_1_248' title='bbox 2918 835 3144 902; x_wconf 83' lang='grc' dir='ltr'>σημεῖον</span> <span class='ocrx_word' id='word_1_249' title='bbox 3177 831 3238 884; x_wconf 80' lang='grc' dir='ltr'>οὐ</span> <span class='ocrx_word' id='word_1_250' title='bbox 3277 829 3564 902; x_wconf 81' lang='grc' dir='ltr'><strong>δοθήσεται</strong></span> <span class='ocrx_word' id='word_1_251' title='bbox 3584 830 3745 901; x_wconf 78' lang='grc' dir='ltr'><strong>αὐτῇ,</strong></span> 
     </span>
    </p>
   </div>
   <div class='ocr_carea' id='block_1_36' title="bbox 2163 920 3749 997">
    <p class='ocr_par' dir='ltr' id='par_1_36' title="bbox 2163 920 3749 997">
     <span class='ocr_line' id='line_1_36' title="bbox 2163 920 3749 997; baseline -0.003 -19"><span class='ocrx_word' id='word_1_252' title='bbox 2163 926 2212 978; x_wconf 89' lang='grc' dir='ltr'><strong>εί</strong></span> <span class='ocrx_word' id='word_1_253' title='bbox 2241 925 2314 997; x_wconf 81' lang='grc' dir='ltr'><strong>μὴ</strong></span> <span class='ocrx_word' id='word_1_254' title='bbox 2364 926 2426 980; x_wconf 80' lang='grc' dir='ltr'><strong>τὸ</strong></span> <span class='ocrx_word' id='word_1_255' title='bbox 2485 927 2708 996; x_wconf 89' lang='grc' dir='ltr'><strong>σημεῖον</strong></span> <span class='ocrx_word' id='word_1_256' title='bbox 2751 925 2908 978; x_wconf 80' lang='grc' dir='ltr'>Ἰωνᾶ</span> <span class='ocrx_word' id='word_1_257' title='bbox 2947 922 3042 978; x_wconf 87' lang='grc' dir='ltr'><strong>τοῦ</strong></span> <span class='ocrx_word' id='word_1_258' title='bbox 3073 923 3380 995; x_wconf 82' lang='grc' dir='ltr'><strong>προφήτου.</strong></span> <span class='ocrx_word' id='word_1_259' title='bbox 3407 922 3621 992; x_wconf 82' lang='grc' dir='ltr'><strong>Ὠσπερ</strong></span> <span class='ocrx_word' id='word_1_260' title='bbox 3643 920 3749 990; x_wconf 84' lang='grc' dir='ltr'><strong>γὰρ</strong></span> 
     </span>
    </p>
   </div>
   <div class='ocr_carea' id='block_1_37' title="bbox 2161 1012 3751 1089">
    <p class='ocr_par' dir='ltr' id='par_1_37' title="bbox 2161 1012 3751 1089">
     <span class='ocr_line' id='line_1_37' title="bbox 2161 1012 3751 1089; baseline -0.004 -19"><span class='ocrx_word' id='word_1_261' title='bbox 2161 1012 2231 1088; x_wconf 78' lang='grc' dir='ltr'><strong>ἦν</strong></span> <span class='ocrx_word' id='word_1_262' title='bbox 2266 1019 2451 1081; x_wconf 79' lang='grc' dir='ltr'>Ἰωνᾶς</span> <span class='ocrx_word' id='word_1_263' title='bbox 2473 1020 2531 1071; x_wconf 85' lang='grc' dir='ltr'><strong>ὲν</strong></span> <span class='ocrx_word' id='word_1_264' title='bbox 2563 1019 2628 1089; x_wconf 77' lang='grc' dir='ltr'><strong>τῇ</strong></span> <span class='ocrx_word' id='word_1_265' title='bbox 2666 1017 2841 1088; x_wconf 79' lang='grc' dir='ltr'>κοιλίᾳ</span> <span class='ocrx_word' id='word_1_266' title='bbox 2873 1015 2967 1070; x_wconf 86' lang='grc' dir='ltr'><strong>τοῦ</strong></span> <span class='ocrx_word' id='word_1_267' title='bbox 2997 1017 3196 1086; x_wconf 83' lang='grc' dir='ltr'><strong>κήτους</strong></span> <span class='ocrx_word' id='word_1_268' title='bbox 3221 1015 3374 1085; x_wconf 79' lang='grc' dir='ltr'><strong>τρεῖς</strong></span> <span class='ocrx_word' id='word_1_269' title='bbox 3420 1013 3634 1085; x_wconf 80' lang='grc' dir='ltr'><strong>ἡμέρας</strong></span> <span class='ocrx_word' id='word_1_270' title='bbox 3656 1013 3751 1065; x_wconf 75' lang='grc' dir='ltr'><strong>καὶ</strong></span> 
     </span>
    </p>
   </div>
   <div class='ocr_carea' id='block_1_38' title="bbox 2163 1103 3750 1181">
    <p class='ocr_par' dir='ltr' id='par_1_38' title="bbox 2163 1103 3750 1181">
     <span class='ocr_line' id='line_1_38' title="bbox 2163 1103 3750 1181; baseline -0.005 -19"><span class='ocrx_word' id='word_1_271' title='bbox 2163 1113 2313 1181; x_wconf 81' lang='grc' dir='ltr'><strong>τρεῖς</strong></span> <span class='ocrx_word' id='word_1_272' title='bbox 2345 1111 2566 1176; x_wconf 77' lang='grc' dir='ltr'><strong>νύκτας,</strong></span> <span class='ocrx_word' id='word_1_273' title='bbox 2615 1107 2790 1171; x_wconf 80' lang='grc' dir='ltr'><strong>οὕτως</strong></span> <span class='ocrx_word' id='word_1_274' title='bbox 2826 1107 2982 1162; x_wconf 79' lang='grc' dir='ltr'><strong>ἔσται</strong></span> <span class='ocrx_word' id='word_1_275' title='bbox 3017 1108 3044 1159; x_wconf 82' lang='grc' dir='ltr'>ὁ</span> <span class='ocrx_word' id='word_1_276' title='bbox 3076 1107 3203 1171; x_wconf 74' lang='grc' dir='ltr'><strong>Υἱὸς</strong></span> <span class='ocrx_word' id='word_1_277' title='bbox 3229 1106 3325 1160; x_wconf 89' lang='grc' dir='ltr'><strong>τοῦ</strong></span> <span class='ocrx_word' id='word_1_278' title='bbox 3373 1103 3664 1176; x_wconf 81' lang='grc' dir='ltr'><strong>ἀνθρώπου</strong></span> <span class='ocrx_word' id='word_1_279' title='bbox 3693 1104 3750 1155; x_wconf 74' lang='grc' dir='ltr'><strong>ὲν</strong></span> 
     </span>
    </p>
   </div>
   <div class='ocr_carea' id='block_1_39' title="bbox 2163 1195 3746 1274">
    <p class='ocr_par' dir='ltr' id='par_1_39' title="bbox 2163 1195 3746 1274">
     <span class='ocr_line' id='line_1_39' title="bbox 2163 1195 3746 1274; baseline -0.007 -18"><span class='ocrx_word' id='word_1_280' title='bbox 2163 1205 2229 1273; x_wconf 77' lang='grc' dir='ltr'><strong>τῇ</strong></span> <span class='ocrx_word' id='word_1_281' title='bbox 2253 1203 2450 1274; x_wconf 81' lang='grc' dir='ltr'><strong>καρδίᾳ</strong></span> <span class='ocrx_word' id='word_1_282' title='bbox 2486 1202 2586 1273; x_wconf 79' lang='grc' dir='ltr'><strong>τῆς</strong></span> <span class='ocrx_word' id='word_1_283' title='bbox 2618 1201 2721 1272; x_wconf 85' lang='grc' dir='ltr'><strong>γῆς</strong></span> <span class='ocrx_word' id='word_1_284' title='bbox 2746 1203 2896 1273; x_wconf 85' lang='grc' dir='ltr'>τρεῖς</span> <span class='ocrx_word' id='word_1_285' title='bbox 2921 1199 3138 1271; x_wconf 79' lang='grc' dir='ltr'><strong>ἡμέρας</strong></span> <span class='ocrx_word' id='word_1_286' title='bbox 3167 1197 3264 1252; x_wconf 69' lang='grc' dir='ltr'><strong>καὶ</strong></span> <span class='ocrx_word' id='word_1_287' title='bbox 3293 1199 3444 1269; x_wconf 83' lang='grc' dir='ltr'>τρεῖς</span> <span class='ocrx_word' id='word_1_288' title='bbox 3482 1195 3703 1254; x_wconf 84' lang='grc' dir='ltr'><strong>νύκτας.</strong></span> <span class='ocrx_word' id='word_1_289' title='bbox 3729 1213 3746 1245; x_wconf 85' lang='grc' dir='ltr'><strong>ι</strong></span> 
     </span>
    </p>
   </div>
   <div class='ocr_carea' id='block_1_40' title="bbox 2165 1289 3750 1364">
    <p class='ocr_par' dir='ltr' id='par_1_40' title="bbox 2165 1289 3750 1364">
     <span class='ocr_line' id='line_1_40' title="bbox 2165 1289 3750 1364; baseline -0.004 -18"><span class='ocrx_word' id='word_1_290' title='bbox 2165 1293 2376 1348; x_wconf 82' lang='grc' dir='ltr'><strong>Οὐκοῦν</strong></span> <span class='ocrx_word' id='word_1_291' title='bbox 2415 1293 2700 1364; x_wconf 87' lang='grc' dir='ltr'><strong>διαϐόητον</strong></span> <span class='ocrx_word' id='word_1_292' title='bbox 2759 1292 2980 1364; x_wconf 83' lang='grc' dir='ltr'><strong>άληθῶς</strong></span> <span class='ocrx_word' id='word_1_293' title='bbox 3019 1292 3118 1346; x_wconf 73' lang='grc' dir='ltr'><strong>καὶ</strong></span> <span class='ocrx_word' id='word_1_294' title='bbox 3152 1291 3451 1364; x_wconf 72' lang='grc' dir='ltr'><strong>περιφανὲς</strong></span> <span class='ocrx_word' id='word_1_295' title='bbox 3502 1289 3750 1358; x_wconf 84' lang='grc' dir='ltr'><strong>σημεῖον,</strong></span> 
     </span>
    </p>
   </div>
   <div class='ocr_carea' id='block_1_41' title="bbox 2166 1380 3752 1456">
    <p class='ocr_par' dir='ltr' id='par_1_41' title="bbox 2166 1380 3752 1456">
     <span class='ocr_line' id='line_1_41' title="bbox 2166 1380 3752 1456; baseline -0.003 -18"><span class='ocrx_word' id='word_1_296' title='bbox 2166 1384 2260 1438; x_wconf 73' lang='grc' dir='ltr'><strong>καὶ</strong></span> <span class='ocrx_word' id='word_1_297' title='bbox 2284 1385 2490 1456; x_wconf 79' lang='grc' dir='ltr'><strong>ἀρκοῦν</strong></span> <span class='ocrx_word' id='word_1_298' title='bbox 2514 1388 2594 1450; x_wconf 77' lang='grc' dir='ltr'><strong>είς</strong></span> <span class='ocrx_word' id='word_1_299' title='bbox 2627 1387 2812 1441; x_wconf 87' lang='grc' dir='ltr'><strong>πίστιν</strong></span> <span class='ocrx_word' id='word_1_300' title='bbox 2836 1389 2951 1449; x_wconf 89' lang='grc' dir='ltr'><strong>τοῖς</strong></span> <span class='ocrx_word' id='word_1_301' title='bbox 2979 1403 3044 1454; x_wconf 90' lang='grc' dir='ltr'><strong>γε</strong></span> <span class='ocrx_word' id='word_1_302' title='bbox 3070 1385 3147 1448; x_wconf 85' lang='grc' dir='ltr'><strong>ὡς</strong></span> <span class='ocrx_word' id='word_1_303' title='bbox 3177 1381 3394 1454; x_wconf 83' lang='grc' dir='ltr'>ἀληθῶς</span> <span class='ocrx_word' id='word_1_304' title='bbox 3419 1380 3752 1451; x_wconf 78' lang='grc' dir='ltr'><strong>εὐγνώμοσι,</strong></span> 
     </span>
    </p>
   </div>
   <div class='ocr_carea' id='block_1_42' title="bbox 2165 1473 3754 1548">
    <p class='ocr_par' dir='ltr' id='par_1_42' title="bbox 2165 1473 3754 1548">
     <span class='ocr_line' id='line_1_42' title="bbox 2165 1473 3754 1548; baseline -0.005 -16"><span class='ocrx_word' id='word_1_305' title='bbox 2165 1478 2260 1532; x_wconf 84' lang='grc' dir='ltr'><strong>τοῦ</strong></span> <span class='ocrx_word' id='word_1_306' title='bbox 2299 1477 2441 1532; x_wconf 84' lang='grc' dir='ltr'><strong>κατὰ</strong></span> <span class='ocrx_word' id='word_1_307' title='bbox 2467 1478 2629 1548; x_wconf 83' lang='grc' dir='ltr'><strong>φύσιν</strong></span> <span class='ocrx_word' id='word_1_308' title='bbox 2658 1474 2799 1534; x_wconf 81' lang='grc' dir='ltr'><strong>εἶναι</strong></span> <span class='ocrx_word' id='word_1_309' title='bbox 2834 1479 2968 1532; x_wconf 81' lang='grc' dir='ltr'>Θεὸν</span> <span class='ocrx_word' id='word_1_310' title='bbox 2995 1477 3091 1532; x_wconf 80' lang='grc' dir='ltr'><strong>καὶ</strong></span> <span class='ocrx_word' id='word_1_311' title='bbox 3117 1479 3184 1530; x_wconf 81' lang='grc' dir='ltr'><strong>ὲκ</strong></span> <span class='ocrx_word' id='word_1_312' title='bbox 3213 1474 3350 1528; x_wconf 88' lang='grc' dir='ltr'>Θεοῦ</span> <span class='ocrx_word' id='word_1_313' title='bbox 3395 1473 3612 1543; x_wconf 75' lang='grc' dir='ltr'><strong>Πατρὸς</strong></span> <span class='ocrx_word' id='word_1_314' title='bbox 3653 1488 3754 1524; x_wconf 88' lang='grc' dir='ltr'><strong>πε-</strong></span> 
     </span>
    </p>
   </div>
   <div class='ocr_carea' id='block_1_43' title="bbox 2167 1563 3754 1641">
    <p class='ocr_par' dir='ltr' id='par_1_43' title="bbox 2167 1563 3754 1641">
     <span class='ocr_line' id='line_1_43' title="bbox 2167 1563 3754 1641; baseline -0.005 -18"><span class='ocrx_word' id='word_1_315' title='bbox 2167 1571 2396 1640; x_wconf 78' lang='grc' dir='ltr'><strong>φυκέναι</strong></span> <span class='ocrx_word' id='word_1_316' title='bbox 2423 1570 2514 1624; x_wconf 79' lang='grc' dir='ltr'><strong>τὸν</strong></span> <span class='ocrx_word' id='word_1_317' title='bbox 2551 1571 2704 1636; x_wconf 84' lang='grc' dir='ltr'>Υἱδν,</span> <span class='ocrx_word' id='word_1_318' title='bbox 2753 1570 2817 1624; x_wconf 77' lang='grc' dir='ltr'><strong>τὸ</strong></span> <span class='ocrx_word' id='word_1_319' title='bbox 2854 1569 3206 1641; x_wconf 73' lang='grc' dir='ltr'><strong>καταργῆσαι</strong></span> <span class='ocrx_word' id='word_1_320' title='bbox 3245 1567 3338 1620; x_wconf 70' lang='grc' dir='ltr'><strong>τὸν</strong></span> <span class='ocrx_word' id='word_1_321' title='bbox 3384 1566 3613 1619; x_wconf 85' lang='grc' dir='ltr'><strong>Θάνατον</strong></span> <span class='ocrx_word' id='word_1_322' title='bbox 3657 1563 3754 1617; x_wconf 56' lang='grc' dir='ltr'><strong>καὶ⁵</strong></span> 
     </span>
    </p>
   </div>
   <div class='ocr_carea' id='block_1_44' title="bbox 2167 1656 3754 1733">
    <p class='ocr_par' dir='ltr' id='par_1_44' title="bbox 2167 1656 3754 1733">
     <span class='ocr_line' id='line_1_44' title="bbox 2167 1656 3754 1733; baseline -0.002 -20"><span class='ocrx_word' id='word_1_323' title='bbox 2167 1660 2395 1733; x_wconf 79' lang='grc' dir='ltr'>φθοράν,</span> <span class='ocrx_word' id='word_1_324' title='bbox 2436 1662 2530 1716; x_wconf 72' lang='grc' dir='ltr'><strong>καὶ</strong></span> <span class='ocrx_word' id='word_1_325' title='bbox 2545 1663 2810 1718; x_wconf 85' lang='grc' dir='ltr'><strong>άναθάλαι</strong></span> <span class='ocrx_word' id='word_1_326' title='bbox 2849 1661 2986 1732; x_wconf 85' lang='grc' dir='ltr'><strong>πρὸς</strong></span> <span class='ocrx_word' id='word_1_327' title='bbox 3027 1661 3192 1732; x_wconf 82' lang='grc' dir='ltr'>ζωήν.</span> <span class='ocrx_word' id='word_1_328' title='bbox 3234 1679 3253 1711; x_wconf 75' lang='grc' dir='ltr'><strong>ι</strong></span> <span class='ocrx_word' id='word_1_329' title='bbox 3283 1659 3477 1728; x_wconf 80' lang='grc' dir='ltr'><strong>Γέγονε</strong></span> <span class='ocrx_word' id='word_1_330' title='bbox 3502 1656 3613 1729; x_wconf 85' lang='grc' dir='ltr'><strong>γάρ</strong></span> <span class='ocrx_word' id='word_1_331' title='bbox 3649 1657 3754 1710; x_wconf 83' lang='grc' dir='ltr'><strong>αύ-</strong></span> 
     </span>
    </p>
   </div>
   <div class='ocr_carea' id='block_1_45' title="bbox 2166 1751 3757 1826">
    <p class='ocr_par' dir='ltr' id='par_1_45' title="bbox 2166 1751 3757 1826">
     <span class='ocr_line' id='line_1_45' title="bbox 2166 1751 3757 1826; baseline -0.003 -20"><span class='ocrx_word' id='word_1_332' title='bbox 2166 1754 2256 1819; x_wconf 83' lang='grc' dir='ltr'><strong>τδς</strong></span> <span class='ocrx_word' id='word_1_333' title='bbox 2286 1756 2508 1826; x_wconf 74' lang='grc' dir='ltr'><strong>ἀπαρχὴ</strong></span> <span class='ocrx_word' id='word_1_334' title='bbox 2547 1755 2654 1808; x_wconf 85' lang='grc' dir='ltr'><strong>τῶν</strong></span> <span class='ocrx_word' id='word_1_335' title='bbox 2690 1753 3138 1825; x_wconf 83' lang='grc' dir='ltr'><strong>κεκοιμημένων,</strong></span> <span class='ocrx_word' id='word_1_336' title='bbox 3182 1753 3278 1806; x_wconf 78' lang='grc' dir='ltr'><strong>καὶ</strong></span> <span class='ocrx_word' id='word_1_337' title='bbox 3311 1751 3657 1823; x_wconf 85' lang='grc' dir='ltr'><strong>πρωτότοκος</strong></span> <span class='ocrx_word' id='word_1_338' title='bbox 3688 1752 3757 1803; x_wconf 75' lang='grc' dir='ltr'><strong>ὲκ</strong></span> 
     </span>
    </p>
   </div>
   <div class='ocr_carea' id='block_1_46' title="bbox 2165 1841 3757 1920">
    <p class='ocr_par' dir='ltr' id='par_1_46' title="bbox 2165 1841 3757 1920">
     <span class='ocr_line' id='line_1_46' title="bbox 2165 1841 3757 1920; baseline -0.004 -20"><span class='ocrx_word' id='word_1_339' title='bbox 2165 1847 2276 1900; x_wconf 86' lang='grc' dir='ltr'><strong>τῶν</strong></span> <span class='ocrx_word' id='word_1_340' title='bbox 2304 1846 2534 1920; x_wconf 86' lang='grc' dir='ltr'><strong>νεκρῶν.</strong></span> <span class='ocrx_word' id='word_1_341' title='bbox 2572 1866 2590 1899; x_wconf 76' lang='grc' dir='ltr'><strong>ι</strong></span> <span class='ocrx_word' id='word_1_342' title='bbox 2617 1849 2730 1901; x_wconf 81' lang='grc' dir='ltr'><strong>Καὶ</strong></span> <span class='ocrx_word' id='word_1_343' title='bbox 2761 1847 2969 1901; x_wconf 89' lang='grc' dir='ltr'><strong>δέδοται</strong></span> <span class='ocrx_word' id='word_1_344' title='bbox 2997 1846 3057 1900; x_wconf 82' lang='grc' dir='ltr'><strong>τὸ</strong></span> <span class='ocrx_word' id='word_1_345' title='bbox 3081 1846 3307 1917; x_wconf 84' lang='grc' dir='ltr'>σημεῖον</span> <span class='ocrx_word' id='word_1_346' title='bbox 3336 1845 3450 1907; x_wconf 84' lang='grc' dir='ltr'><strong>τοῖς</strong></span> <span class='ocrx_word' id='word_1_347' title='bbox 3479 1844 3615 1905; x_wconf 84' lang='grc' dir='ltr'>υἱοῖς</span> <span class='ocrx_word' id='word_1_348' title='bbox 3645 1841 3757 1894; x_wconf 85' lang='grc' dir='ltr'><strong>τῶν</strong></span> 
     </span>
    </p>
   </div>
   <div class='ocr_carea' id='block_1_47' title="bbox 2162 1935 3758 2011">
    <p class='ocr_par' dir='ltr' id='par_1_47' title="bbox 2162 1935 3758 2011">
     <span class='ocr_line' id='line_1_47' title="bbox 2162 1935 3758 2011; baseline -0.004 -18"><span class='ocrx_word' id='word_1_349' title='bbox 2162 1940 2432 2011; x_wconf 86' lang='grc' dir='ltr'>ἀνηκόων,</span> <span class='ocrx_word' id='word_1_350' title='bbox 2466 1939 2542 2002; x_wconf 85' lang='grc' dir='ltr'>ὡς</span> <span class='ocrx_word' id='word_1_351' title='bbox 2573 1939 2639 1994; x_wconf 81' lang='grc' dir='ltr'>ἂν</span> <span class='ocrx_word' id='word_1_352' title='bbox 2676 1940 2867 1994; x_wconf 74' lang='grc' dir='ltr'>εἰδεῖεν</span> <span class='ocrx_word' id='word_1_353' title='bbox 2897 1941 2980 1994; x_wconf 85' lang='grc' dir='ltr'><strong>δτι</strong></span> <span class='ocrx_word' id='word_1_354' title='bbox 3015 1939 3180 2010; x_wconf 77' lang='grc' dir='ltr'>ψήφῳ</span> <span class='ocrx_word' id='word_1_355' title='bbox 3208 1936 3303 1990; x_wconf 90' lang='grc' dir='ltr'><strong>τοῦ</strong></span> <span class='ocrx_word' id='word_1_356' title='bbox 3334 1935 3470 1990; x_wconf 89' lang='grc' dir='ltr'><strong>Θεοῦ</strong></span> <span class='ocrx_word' id='word_1_357' title='bbox 3508 1935 3604 1988; x_wconf 79' lang='grc' dir='ltr'><strong>καὶ</strong></span> <span class='ocrx_word' id='word_1_358' title='bbox 3640 1935 3758 1987; x_wconf 82' lang='grc' dir='ltr'><strong>Πα-</strong></span> 
     </span>
    </p>
   </div>
   <div class='ocr_carea' id='block_1_48' title="bbox 2161 2028 3755 2104">
    <p class='ocr_par' dir='ltr' id='par_1_48' title="bbox 2161 2028 3755 2104">
     <span class='ocr_line' id='line_1_48' title="bbox 2161 2028 3755 2104; baseline 0.003 -20"><span class='ocrx_word' id='word_1_359' title='bbox 2161 2031 2290 2104; x_wconf 84' lang='grc' dir='ltr'><strong>τρὺς</strong></span> <span class='ocrx_word' id='word_1_360' title='bbox 2327 2032 2616 2104; x_wconf 81' lang='grc' dir='ltr'><strong>ἀρχιερεὺς</strong></span> <span class='ocrx_word' id='word_1_361' title='bbox 2654 2032 2881 2102; x_wconf 87' lang='grc' dir='ltr'><strong>γέγονεν</strong></span> <span class='ocrx_word' id='word_1_362' title='bbox 2916 2033 3210 2103; x_wconf 74' lang='grc' dir='ltr'><strong>ἐφ’ὴμᾶςδ</strong></span> <span class='ocrx_word' id='word_1_363' title='bbox 3235 2029 3490 2101; x_wconf 79' lang='grc' dir='ltr'><strong>Χριστὸς,</strong></span> <span class='ocrx_word' id='word_1_364' title='bbox 3528 2045 3547 2078; x_wconf 75' lang='grc' dir='ltr'><strong>ι</strong></span> <span class='ocrx_word' id='word_1_365' title='bbox 3584 2028 3755 2091; x_wconf 77' lang='grc' dir='ltr'><strong>ὅσιος,</strong></span> 
     </span>
    </p>
   </div>
   <div class='ocr_carea' id='block_1_49' title="bbox 2162 2123 3758 2197">
    <p class='ocr_par' dir='ltr' id='par_1_49' title="bbox 2162 2123 3758 2197">
     <span class='ocr_line' id='line_1_49' title="bbox 2162 2123 3758 2197; baseline -0.003 -17"><span class='ocrx_word' id='word_1_366' title='bbox 2162 2125 2391 2190; x_wconf 79' lang='grc' dir='ltr'><strong>ἄκακος,</strong></span> <span class='ocrx_word' id='word_1_367' title='bbox 2436 2127 2722 2197; x_wconf 71' lang='grc' dir='ltr'><strong>ἀμίαντος,</strong></span> <span class='ocrx_word' id='word_1_368' title='bbox 2765 2125 3175 2197; x_wconf 84' lang='grc' dir='ltr'><strong>κεχωρισμένος</strong></span> <span class='ocrx_word' id='word_1_369' title='bbox 3206 2123 3316 2178; x_wconf 82' lang='grc' dir='ltr'><strong>ἀπὸ</strong></span> <span class='ocrx_word' id='word_1_370' title='bbox 3353 2123 3464 2178; x_wconf 87' lang='grc' dir='ltr'><strong>τῶν</strong></span> <span class='ocrx_word' id='word_1_371' title='bbox 3491 2125 3758 2196; x_wconf 82' lang='grc' dir='ltr'><strong>ἀμαρτω-</strong></span> 
     </span>
    </p>
   </div>
   <div class='ocr_carea' id='block_1_50' title="bbox 2161 2215 3760 2290">
    <p class='ocr_par' dir='ltr' id='par_1_50' title="bbox 2161 2215 3760 2290">
     <span class='ocr_line' id='line_1_50' title="bbox 2161 2215 3760 2290; baseline -0.003 -18"><span class='ocrx_word' id='word_1_372' title='bbox 2161 2218 2290 2282; x_wconf 83' lang='grc' dir='ltr'>λῶν,</span> <span class='ocrx_word' id='word_1_373' title='bbox 2311 2219 2405 2272; x_wconf 71' lang='grc' dir='ltr'><strong>καὶ</strong></span> <span class='ocrx_word' id='word_1_374' title='bbox 2424 2217 2755 2290; x_wconf 74' lang='grc' dir='ltr'><strong>ὑψηλότερος</strong></span> <span class='ocrx_word' id='word_1_375' title='bbox 2784 2218 2893 2273; x_wconf 84' lang='grc' dir='ltr'><strong>τῶν</strong></span> <span class='ocrx_word' id='word_1_376' title='bbox 2921 2215 3168 2289; x_wconf 79' lang='grc' dir='ltr'><strong>οὐρανῶν</strong></span> <span class='ocrx_word' id='word_1_377' title='bbox 3200 2215 3511 2287; x_wconf 84' lang='grc' dir='ltr'><strong>γενόμενος,</strong></span> <span class='ocrx_word' id='word_1_378' title='bbox 3546 2235 3565 2268; x_wconf 81' lang='grc' dir='ltr'><strong>ι</strong></span> <span class='ocrx_word' id='word_1_379' title='bbox 3609 2215 3760 2268; x_wconf 72' lang='grc' dir='ltr'><strong>κατὰ</strong></span> 
     </span>
    </p>
   </div>
   <div class='ocr_carea' id='block_1_51' title="bbox 2161 2309 2666 2382">
    <p class='ocr_par' dir='ltr' id='par_1_51' title="bbox 2161 2309 2666 2382">
     <span class='ocr_line' id='line_1_51' title="bbox 2161 2309 2666 2382; baseline 0.004 -19"><span class='ocrx_word' id='word_1_380' title='bbox 2161 2309 2222 2364; x_wconf 76' lang='grc' dir='ltr'><strong>τὸ</strong></span> <span class='ocrx_word' id='word_1_381' title='bbox 2250 2311 2666 2382; x_wconf 78' lang='grc' dir='ltr'><strong>γεγραμμένον.</strong></span> 
     </span>
    </p>
   </div>
   <div class='ocr_carea' id='block_1_52' title="bbox 2233 2399 3758 2475">
    <p class='ocr_par' dir='ltr' id='par_1_52' title="bbox 2233 2399 3758 2475">
     <span class='ocr_line' id='line_1_52' title="bbox 2233 2399 3758 2475; baseline -0.003 -19"><span class='ocrx_word' id='word_1_382' title='bbox 2233 2404 2446 2456; x_wconf 84' lang='grc' dir='ltr'><strong>ΠΑΛΛ.</strong></span> <span class='ocrx_word' id='word_1_383' title='bbox 2501 2401 2645 2455; x_wconf 84' lang='grc' dir='ltr'><strong>Ἀλλ’</strong></span> <span class='ocrx_word' id='word_1_384' title='bbox 2691 2401 2957 2475; x_wconf 79' lang='grc' dir='ltr'><strong>ἐξήνθησε</strong></span> <span class='ocrx_word' id='word_1_385' title='bbox 3034 2401 3134 2474; x_wconf 79' lang='grc' dir='ltr'><strong>μὲν</strong></span> <span class='ocrx_word' id='word_1_386' title='bbox 3202 2403 3335 2473; x_wconf 81' lang='grc' dir='ltr'><strong>ἡμῖν</strong></span> <span class='ocrx_word' id='word_1_387' title='bbox 3386 2402 3420 2472; x_wconf 75' lang='grc' dir='ltr'><strong>ἡ</strong></span> <span class='ocrx_word' id='word_1_388' title='bbox 3474 2399 3668 2472; x_wconf 80' lang='grc' dir='ltr'><strong>ῥάϐδος</strong></span> <span class='ocrx_word' id='word_1_389' title='bbox 3723 2401 3758 2470; x_wconf 83' lang='grc' dir='ltr'><strong>ή</strong></span> 
     </span>
    </p>
   </div>
   <div class='ocr_carea' id='block_1_53' title="bbox 2174 2488 3761 2564">
    <p class='ocr_par' dir='ltr' id='par_1_53' title="bbox 2174 2488 3761 2564">
     <span class='ocr_line' id='line_1_53' title="bbox 2174 2488 3761 2564; baseline -0.004 -17"><span class='ocrx_word' id='word_1_390' title='bbox 2174 2493 2422 2564; x_wconf 78' lang='grc' dir='ltr'><strong>Ἀαρών·</strong></span> <span class='ocrx_word' id='word_1_391' title='bbox 2456 2493 2608 2546; x_wconf 77' lang='grc' dir='ltr'><strong>τουτὶ</strong></span> <span class='ocrx_word' id='word_1_392' title='bbox 2646 2493 2757 2564; x_wconf 88' lang='grc' dir='ltr'><strong>γὰρ</strong></span> <span class='ocrx_word' id='word_1_393' title='bbox 2799 2495 2932 2564; x_wconf 77' lang='grc' dir='ltr'><strong>ἡμῖν</strong></span> <span class='ocrx_word' id='word_1_394' title='bbox 2978 2493 3182 2564; x_wconf 83' lang='grc' dir='ltr'><strong>ἀρτίως</strong></span> <span class='ocrx_word' id='word_1_395' title='bbox 3229 2493 3258 2545; x_wconf 76' lang='grc' dir='ltr'>ὁ</span> <span class='ocrx_word' id='word_1_396' title='bbox 3306 2491 3450 2562; x_wconf 75' lang='grc' dir='ltr'><strong>ἱερὸς</strong></span> <span class='ocrx_word' id='word_1_397' title='bbox 3503 2488 3761 2553; x_wconf 78' lang='grc' dir='ltr'>ὑπέδειξε</span> 
     </span>
    </p>
   </div>
   <div class='ocr_carea' id='block_1_54' title="bbox 2161 2581 3760 2658">
    <p class='ocr_par' dir='ltr' id='par_1_54' title="bbox 2161 2581 3760 2658">
     <span class='ocr_line' id='line_1_54' title="bbox 2161 2581 3760 2658; baseline -0.001 -21"><span class='ocrx_word' id='word_1_398' title='bbox 2161 2584 2337 2653; x_wconf 86' lang='grc' dir='ltr'><strong>λόγος·</strong></span> <span class='ocrx_word' id='word_1_399' title='bbox 2375 2584 2639 2658; x_wconf 76' lang='grc' dir='ltr'>ἐξήνθησε</span> <span class='ocrx_word' id='word_1_400' title='bbox 2683 2585 2742 2639; x_wconf 78' lang='grc' dir='ltr'><strong>δὲ</strong></span> <span class='ocrx_word' id='word_1_401' title='bbox 2793 2586 3012 2657; x_wconf 80' lang='grc' dir='ltr'><strong>κάρυα’</strong></span> <span class='ocrx_word' id='word_1_402' title='bbox 3065 2583 3161 2638; x_wconf 75' lang='grc' dir='ltr'><strong>καὶ</strong></span> <span class='ocrx_word' id='word_1_403' title='bbox 3199 2583 3252 2637; x_wconf 90' lang='grc' dir='ltr'><strong>τί</strong></span> <span class='ocrx_word' id='word_1_404' title='bbox 3302 2581 3368 2654; x_wconf 82' lang='grc' dir='ltr'><strong>δὴ</strong></span> <span class='ocrx_word' id='word_1_405' title='bbox 3400 2581 3460 2634; x_wconf 80' lang='grc' dir='ltr'><strong>τὸ</strong></span> <span class='ocrx_word' id='word_1_406' title='bbox 3497 2582 3760 2652; x_wconf 75' lang='grc' dir='ltr'><strong>αἴνιγμα,</strong></span> 
     </span>
    </p>
   </div>
   <div class='ocr_carea' id='block_1_55' title="bbox 2163 2679 2586 2749">
    <p class='ocr_par' dir='ltr' id='par_1_55' title="bbox 2163 2679 2586 2749">
     <span class='ocr_line' id='line_1_55' title="bbox 2163 2679 2586 2749; baseline 0.002 -18"><span class='ocrx_word' id='word_1_407' title='bbox 2163 2681 2301 2732; x_wconf 89' lang='grc' dir='ltr'>νοεῖν</span> <span class='ocrx_word' id='word_1_408' title='bbox 2325 2679 2425 2732; x_wconf 82' lang='grc' dir='ltr'><strong>οὐκ</strong></span> <span class='ocrx_word' id='word_1_409' title='bbox 2457 2679 2586 2749; x_wconf 77' lang='grc' dir='ltr'><strong>ἔχω.</strong></span> 
     </span>
    </p>
   </div>
   <div class='ocr_carea' id='block_1_56' title="bbox 2233 2763 3760 2844">
    <p class='ocr_par' dir='ltr' id='par_1_56' title="bbox 2233 2763 3760 2844">
     <span class='ocr_line' id='line_1_56' title="bbox 2233 2763 3760 2844; baseline -0.004 -20"><span class='ocrx_word' id='word_1_410' title='bbox 2233 2771 2399 2824; x_wconf 79' lang='grc' dir='ltr'><strong>ΚΥΡ.</strong></span> <span class='ocrx_word' id='word_1_411' title='bbox 2422 2771 2679 2824; x_wconf 83' lang='grc' dir='ltr'><strong>Μάλιστα</strong></span> <span class='ocrx_word' id='word_1_412' title='bbox 2709 2771 2830 2844; x_wconf 81' lang='grc' dir='ltr'><strong>μὲν,</strong></span> <span class='ocrx_word' id='word_1_413' title='bbox 2853 2763 2898 2825; x_wconf 76' lang='grc' dir='ltr'>ὦ</span> <span class='ocrx_word' id='word_1_414' title='bbox 2923 2769 3212 2836; x_wconf 83' lang='grc' dir='ltr'><strong>Παλλάδιε,</strong></span> <span class='ocrx_word' id='word_1_415' title='bbox 3242 2768 3303 2823; x_wconf 82' lang='grc' dir='ltr'><strong>τὸ</strong></span> <span class='ocrx_word' id='word_1_416' title='bbox 3328 2767 3554 2830; x_wconf 80' lang='grc' dir='ltr'><strong>ἀπεικὸς</strong></span> <span class='ocrx_word' id='word_1_417' title='bbox 3576 2765 3760 2832; x_wconf 78' lang='grc' dir='ltr'><strong>οὐδὲν,</strong></span> 
     </span>
    </p>
   </div>
   <div class='ocr_carea' id='block_1_57' title="bbox 2162 2853 3762 2934">
    <p class='ocr_par' dir='ltr' id='par_1_57' title="bbox 2162 2853 3762 2934">
     <span class='ocr_line' id='line_1_57' title="bbox 2162 2853 3762 2934; baseline -0.005 -17"><span class='ocrx_word' id='word_1_418' title='bbox 2162 2864 2227 2917; x_wconf 73' lang='grc' dir='ltr'><strong>ὲκ</strong></span> <span class='ocrx_word' id='word_1_419' title='bbox 2255 2861 2467 2934; x_wconf 83' lang='grc' dir='ltr'><strong>καρύας</strong></span> <span class='ocrx_word' id='word_1_420' title='bbox 2501 2862 2752 2934; x_wconf 82' lang='grc' dir='ltr'><strong>εἰλῆφθαι</strong></span> <span class='ocrx_word' id='word_1_421' title='bbox 2783 2862 2882 2934; x_wconf 74' lang='grc' dir='ltr'><strong>τὴν</strong></span> <span class='ocrx_word' id='word_1_422' title='bbox 2918 2862 3110 2933; x_wconf 74' lang='grc' dir='ltr'><strong>ῥάϐδον</strong></span> <span class='ocrx_word' id='word_1_423' title='bbox 3136 2862 3406 2915; x_wconf 87' lang='grc' dir='ltr'>ὑπονοεῖν.</span> <span class='ocrx_word' id='word_1_424' title='bbox 3448 2859 3558 2913; x_wconf 75' lang='grc' dir='ltr'><strong>Καὶ</strong></span> <span class='ocrx_word' id='word_1_425' title='bbox 3590 2853 3660 2930; x_wconf 79' lang='grc' dir='ltr'><strong>ἦν</strong></span> <span class='ocrx_word' id='word_1_426' title='bbox 3704 2859 3762 2911; x_wconf 82' lang='grc' dir='ltr'><strong>ὲν</strong></span> 
     </span>
    </p>
   </div>
   <div class='ocr_carea' id='block_1_58' title="bbox 2162 2947 3763 3022">
    <p class='ocr_par' dir='ltr' id='par_1_58' title="bbox 2162 2947 3763 3022">
     <span class='ocr_line' id='line_1_58' title="bbox 2162 2947 3763 3022; baseline -0.005 -14"><span class='ocrx_word' id='word_1_427' title='bbox 2162 2955 2274 3009; x_wconf 72' lang='grc' dir='ltr'>ἔθει</span> <span class='ocrx_word' id='word_1_428' title='bbox 2300 2957 2413 3019; x_wconf 88' lang='grc' dir='ltr'>τοῖς</span> <span class='ocrx_word' id='word_1_429' title='bbox 2440 2954 2608 3008; x_wconf 89' lang='grc' dir='ltr'><strong>πάλαι</strong></span> <span class='ocrx_word' id='word_1_430' title='bbox 2660 2953 2722 3007; x_wconf 82' lang='grc' dir='ltr'><strong>τὸ</strong></span> <span class='ocrx_word' id='word_1_431' title='bbox 2759 2954 2854 3007; x_wconf 77' lang='grc' dir='ltr'><strong>καὶ</strong></span> <span class='ocrx_word' id='word_1_432' title='bbox 2883 2952 3115 3006; x_wconf 87' lang='grc' dir='ltr'><strong>τοιοῖσδέ</strong></span> <span class='ocrx_word' id='word_1_433' title='bbox 3167 2969 3309 3006; x_wconf 81' lang='grc' dir='ltr'><strong>τισιν</strong></span> <span class='ocrx_word' id='word_1_434' title='bbox 3341 2947 3763 3022; x_wconf 77' lang='grc' dir='ltr'><strong>ἁποκεχρῆσθαι</strong></span> 
     </span>
    </p>
   </div>
   <div class='ocr_carea' id='block_1_59' title="bbox 2164 3039 3762 3116">
    <p class='ocr_par' dir='ltr' id='par_1_59' title="bbox 2164 3039 3762 3116">
     <span class='ocr_line' id='line_1_59' title="bbox 2164 3039 3762 3116; baseline -0.005 -18"><span class='ocrx_word' id='word_1_435' title='bbox 2164 3046 2484 3116; x_wconf 83' lang='grc' dir='ltr'><strong>σκήπτροις.</strong></span> <span class='ocrx_word' id='word_1_436' title='bbox 2517 3044 2580 3097; x_wconf 79' lang='lat' dir='ltr'><strong>Ei</strong></span> <span class='ocrx_word' id='word_1_437' title='bbox 2613 3043 2670 3095; x_wconf 79' lang='grc' dir='ltr'><strong>δὲ</strong></span> <span class='ocrx_word' id='word_1_438' title='bbox 2712 3041 2777 3114; x_wconf 83' lang='grc' dir='ltr'><strong>δὴ</strong></span> <span class='ocrx_word' id='word_1_439' title='bbox 2816 3043 2909 3096; x_wconf 76' lang='grc' dir='ltr'><strong>καὶ</strong></span> <span class='ocrx_word' id='word_1_440' title='bbox 2947 3041 3107 3111; x_wconf 85' lang='grc' dir='ltr'><strong>λόγον</strong></span> <span class='ocrx_word' id='word_1_441' title='bbox 3140 3041 3289 3113; x_wconf 79' lang='grc' dir='ltr'><strong>ἡμᾶς</strong></span> <span class='ocrx_word' id='word_1_442' title='bbox 3321 3039 3631 3113; x_wconf 77' lang='grc' dir='ltr'><strong>ἐφαρμόσαι</strong></span> <span class='ocrx_word' id='word_1_443' title='bbox 3674 3039 3762 3093; x_wconf 82' lang='grc' dir='ltr'><strong>δεῖ</strong></span> 
     </span>
    </p>
   </div>
   <div class='ocr_carea' id='block_1_60' title="bbox 2160 3133 3763 3208">
    <p class='ocr_par' dir='ltr' id='par_1_60' title="bbox 2160 3133 3763 3208">
     <span class='ocr_line' id='line_1_60' title="bbox 2160 3133 3763 3208; baseline -0.001 -17"><span class='ocrx_word' id='word_1_444' title='bbox 2160 3139 2253 3192; x_wconf 81' lang='grc' dir='ltr'><strong>τὸν</strong></span> <span class='ocrx_word' id='word_1_445' title='bbox 2279 3140 2394 3201; x_wconf 88' lang='grc' dir='ltr'>τοῖς</span> <span class='ocrx_word' id='word_1_446' title='bbox 2439 3137 2763 3208; x_wconf 80' lang='grc' dir='ltr'><strong>θεωρήμασι</strong></span> <span class='ocrx_word' id='word_1_447' title='bbox 2794 3135 3105 3208; x_wconf 86' lang='grc' dir='ltr'><strong>πρέποντα,</strong></span> <span class='ocrx_word' id='word_1_448' title='bbox 3152 3134 3421 3206; x_wconf 79' lang='grc' dir='ltr'><strong>φράσαιμ’</strong></span> <span class='ocrx_word' id='word_1_449' title='bbox 3467 3133 3534 3187; x_wconf 83' lang='grc' dir='ltr'>ἂν</span> <span class='ocrx_word' id='word_1_450' title='bbox 3573 3133 3763 3189; x_wconf 75' lang='grc' dir='ltr'>ἐκεῖνο</span> 
     </span>
    </p>
   </div>
   <div class='ocr_carea' id='block_1_61' title="bbox 465 3221 2055 3310">
    <p class='ocr_par' dir='ltr' id='par_1_61' title="bbox 465 3222 2055 3310">
     <span class='ocr_line' id='line_1_61' title="bbox 465 3222 2055 3310; baseline 0.009 -40"><span class='ocrx_word' id='word_1_451' title='bbox 465 3231 634 3310; x_wconf 83' lang='lat' dir='ltr'><strong>prope</strong></span> <span class='ocrx_word' id='word_1_452' title='bbox 666 3222 1048 3292; x_wconf 87' lang='lat' dir='ltr'><strong>pervulgatum</strong></span> <span class='ocrx_word' id='word_1_453' title='bbox 1071 3223 1328 3290; x_wconf 80' lang='lat' dir='ltr'><strong>dixerim,</strong></span> <span class='ocrx_word' id='word_1_454' title='bbox 1355 3224 1502 3295; x_wconf 89' lang='lat' dir='ltr'><strong>quod</strong></span> <span class='ocrx_word' id='word_1_455' title='bbox 1525 3225 1692 3280; x_wconf 85' lang='lat' dir='ltr'><strong>etiam</strong></span> <span class='ocrx_word' id='word_1_456' title='bbox 1718 3227 1864 3299; x_wconf 89' lang='lat' dir='ltr'><strong>apud</strong></span> <span class='ocrx_word' id='word_1_457' title='bbox 1887 3244 2055 3299; x_wconf 91' lang='lat' dir='ltr'><strong>quos-</strong></span> 
     </span>
    </p>
   </div>
   <div class='ocr_carea' id='block_1_62' title="bbox 2159 3221 3760 3310">
    <p class='ocr_par' dir='ltr' id='par_1_62' title="bbox 2163 3221 3760 3298">
     <span class='ocr_line' id='line_1_62' title="bbox 2163 3221 3760 3298; baseline -0.004 -15"><span class='ocrx_word' id='word_1_458' title='bbox 2163 3229 2348 3293; x_wconf 84' lang='grc' dir='ltr'>πὰλιν,</span> <span class='ocrx_word' id='word_1_459' title='bbox 2381 3228 2410 3281; x_wconf 83' lang='grc' dir='ltr'><strong>δ</strong></span> <span class='ocrx_word' id='word_1_460' title='bbox 2437 3226 2860 3298; x_wconf 82' lang='grc' dir='ltr'><strong>ὲκτεθρύλληταί</strong></span> <span class='ocrx_word' id='word_1_461' title='bbox 2897 3243 3037 3292; x_wconf 90' lang='grc' dir='ltr'><strong>πως,</strong></span> <span class='ocrx_word' id='word_1_462' title='bbox 3066 3225 3216 3279; x_wconf 91' lang='grc' dir='ltr'><strong>δοκεῖ</strong></span> <span class='ocrx_word' id='word_1_463' title='bbox 3250 3224 3308 3278; x_wconf 80' lang='grc' dir='ltr'><strong>δὲ</strong></span> <span class='ocrx_word' id='word_1_464' title='bbox 3337 3221 3476 3278; x_wconf 75' lang='grc' dir='ltr'><strong>εἷναί</strong></span> <span class='ocrx_word' id='word_1_465' title='bbox 3507 3241 3621 3278; x_wconf 87' lang='grc' dir='ltr'><strong>τισι</strong></span> <span class='ocrx_word' id='word_1_466' title='bbox 3660 3227 3760 3278; x_wconf 65' lang='grc' dir='ltr'><strong>καὶ</strong></span> 
     </span>
    </p>
   </div>
   <div class='ocr_carea' id='block_1_63' title="bbox 465 3309 2054 3392">
    <p class='ocr_par' dir='ltr' id='par_1_63' title="bbox 465 3309 2054 3392">
     <span class='ocr_line' id='line_1_63' title="bbox 465 3309 2054 3392; baseline 0.009 -27"><span class='ocrx_word' id='word_1_467' title='bbox 465 3309 591 3365; x_wconf 88' lang='lat' dir='ltr'><strong>dam</strong></span> <span class='ocrx_word' id='word_1_468' title='bbox 622 3312 726 3369; x_wconf 81' lang='lat' dir='ltr'><strong>fide</strong></span> <span class='ocrx_word' id='word_1_469' title='bbox 749 3315 974 3386; x_wconf 82' lang='lat' dir='ltr'><strong>dignum</strong></span> <span class='ocrx_word' id='word_1_470' title='bbox 1017 3317 1256 3384; x_wconf 89' lang='lat' dir='ltr'><strong>videtur,</strong></span> <span class='ocrx_word' id='word_1_471' title='bbox 1287 3334 1520 3374; x_wconf 89' lang='lat' dir='ltr'><strong>nuceam</strong></span> <span class='ocrx_word' id='word_1_472' title='bbox 1543 3320 1754 3392; x_wconf 78' lang='lat' dir='ltr'><strong>virgam</strong></span> <span class='ocrx_word' id='word_1_473' title='bbox 1776 3323 1926 3378; x_wconf 87' lang='lat' dir='ltr'><strong>vires</strong></span> <span class='ocrx_word' id='word_1_474' title='bbox 1952 3323 2054 3378; x_wconf 89' lang='lat' dir='ltr'><strong>ha-</strong></span> 
     </span>
    </p>
   </div>
   <div class='ocr_carea' id='block_1_64' title="bbox 464 3402 2054 3487">
    <p class='ocr_par' dir='ltr' id='par_1_64' title="bbox 464 3402 2054 3487">
     <span class='ocr_line' id='line_1_64' title="bbox 464 3402 2054 3487; baseline 0.009 -30"><span class='ocrx_word' id='word_1_475' title='bbox 464 3402 596 3459; x_wconf 87' lang='lat' dir='ltr'><strong>bere</strong></span> <span class='ocrx_word' id='word_1_476' title='bbox 621 3406 689 3460; x_wconf 88' lang='lat' dir='ltr'><strong>ad</strong></span> <span class='ocrx_word' id='word_1_477' title='bbox 737 3408 1074 3479; x_wconf 83' lang='lat' dir='ltr'><strong>vigilantiam</strong></span> <span class='ocrx_word' id='word_1_478' title='bbox 1126 3412 1499 3480; x_wconf 88' lang='lat' dir='ltr'><strong>tribuendam,</strong></span> <span class='ocrx_word' id='word_1_479' title='bbox 1530 3414 1578 3470; x_wconf 84' lang='lat' dir='ltr'><strong>si</strong></span> <span class='ocrx_word' id='word_1_480' title='bbox 1607 3413 1758 3470; x_wconf 85' lang='lat' dir='ltr'><strong>illam</strong></span> <span class='ocrx_word' id='word_1_481' title='bbox 1788 3415 1857 3470; x_wconf 90' lang='lat' dir='ltr'><strong>ad</strong></span> <span class='ocrx_word' id='word_1_482' title='bbox 1887 3423 2054 3487; x_wconf 88' lang='lat' dir='ltr'><strong>caput</strong></span> 
     </span>
    </p>
   </div>
   <div class='ocr_carea' id='block_1_65' title="bbox 463 3495 2052 3578">
    <p class='ocr_par' dir='ltr' id='par_1_65' title="bbox 463 3495 2052 3578">
     <span class='ocr_line' id='line_1_65' title="bbox 463 3495 2052 3578; baseline 0.009 -29"><span class='ocrx_word' id='word_1_483' title='bbox 463 3495 740 3567; x_wconf 85' lang='lat' dir='ltr'><strong>quispiam</strong></span> <span class='ocrx_word' id='word_1_484' title='bbox 793 3504 1059 3570; x_wconf 87' lang='lat' dir='ltr'><strong>posuerit,</strong></span> <span class='ocrx_word' id='word_1_485' title='bbox 1096 3503 1247 3574; x_wconf 90' lang='lat' dir='ltr'><strong>quod</strong></span> <span class='ocrx_word' id='word_1_486' title='bbox 1286 3503 1517 3561; x_wconf 77' lang='lat' dir='ltr'><strong>fortasse</strong></span> <span class='ocrx_word' id='word_1_487' title='bbox 1545 3507 1783 3561; x_wconf 88' lang='lat' dir='ltr'><strong>naturali</strong></span> <span class='ocrx_word' id='word_1_488' title='bbox 1816 3507 2052 3578; x_wconf 88' lang='lat' dir='ltr'><strong>quadam</strong></span> 
     </span>
    </p>
   </div>
   <div class='ocr_carea' id='block_1_66' title="bbox 465 3586 2054 3671">
    <p class='ocr_par' dir='ltr' id='par_1_66' title="bbox 465 3586 2054 3671">
     <span class='ocr_line' id='line_1_66' title="bbox 465 3586 2054 3671; baseline 0.01 -31"><span class='ocrx_word' id='word_1_489' title='bbox 465 3586 722 3644; x_wconf 82' lang='lat' dir='ltr'><strong>facultate</strong></span> <span class='ocrx_word' id='word_1_490' title='bbox 764 3607 844 3646; x_wconf 68' lang='lat' dir='ltr'><strong>er</strong></span> <span class='ocrx_word' id='word_1_491' title='bbox 861 3593 1144 3650; x_wconf 85' lang='lat' dir='ltr'><strong>voluntate</strong></span> <span class='ocrx_word' id='word_1_492' title='bbox 1165 3596 1264 3650; x_wconf 87' lang='lat' dir='ltr'><strong>Dei</strong></span> <span class='ocrx_word' id='word_1_493' title='bbox 1293 3595 1461 3652; x_wconf 79' lang='lat' dir='ltr'><strong>eﬂicit</strong></span> <span class='ocrx_word' id='word_1_494' title='bbox 1495 3614 1509 3651; x_wconf 89' lang='lat'><strong>:</strong></span> <span class='ocrx_word' id='word_1_495' title='bbox 1549 3599 1781 3670; x_wconf 89' lang='lat' dir='ltr'><strong>ejusque</strong></span> <span class='ocrx_word' id='word_1_496' title='bbox 1829 3600 1909 3655; x_wconf 89' lang='lat' dir='ltr'><strong>rei</strong></span> <span class='ocrx_word' id='word_1_497' title='bbox 1937 3601 2054 3671; x_wconf 91' lang='lat' dir='ltr'><strong>ipse</strong></span> 
     </span>
    </p>
   </div>
   <div class='ocr_carea' id='block_1_67' title="bbox 465 3682 2054 3756">
    <p class='ocr_par' dir='ltr' id='par_1_67' title="bbox 465 3682 2054 3756">
     <span class='ocr_line' id='line_1_67' title="bbox 465 3682 2054 3756; baseline 0.011 -24"><span class='ocrx_word' id='word_1_498' title='bbox 465 3695 684 3750; x_wconf 88' lang='lat' dir='ltr'><strong>quoque</strong></span> <span class='ocrx_word' id='word_1_499' title='bbox 707 3682 870 3750; x_wconf 90' lang='lat' dir='ltr'><strong>Deus,</strong></span> <span class='ocrx_word' id='word_1_500' title='bbox 905 3686 999 3756; x_wconf 92' lang='lat' dir='ltr'><strong>qui</strong></span> <span class='ocrx_word' id='word_1_501' title='bbox 1035 3688 1219 3742; x_wconf 91' lang='lat' dir='ltr'><strong>omnia</strong></span> <span class='ocrx_word' id='word_1_502' title='bbox 1258 3696 1314 3743; x_wconf 89' lang='lat' dir='ltr'><strong>et</strong></span> <span class='ocrx_word' id='word_1_503' title='bbox 1341 3689 1498 3743; x_wconf 90' lang='lat' dir='ltr'><strong>novit</strong></span> <span class='ocrx_word' id='word_1_504' title='bbox 1525 3696 1582 3744; x_wconf 90' lang='lat' dir='ltr'><strong>et</strong></span> <span class='ocrx_word' id='word_1_505' title='bbox 1605 3690 1874 3756; x_wconf 87' lang='lat' dir='ltr'><strong>condidit,</strong></span> <span class='ocrx_word' id='word_1_506' title='bbox 1893 3692 2054 3749; x_wconf 89' lang='lat' dir='ltr'><strong>nobis</strong></span> 
     </span>
    </p>
   </div>
   <div class='ocr_carea' id='block_1_68' title="bbox 464 3771 2049 3847">
    <p class='ocr_par' dir='ltr' id='par_1_68' title="bbox 464 3771 2049 3847">
     <span class='ocr_line' id='line_1_68' title="bbox 464 3771 2049 3847; baseline 0.009 -24"><span class='ocrx_word' id='word_1_507' title='bbox 464 3771 870 3841; x_wconf 88' lang='lat' dir='ltr'><strong>quodammodo</strong></span> <span class='ocrx_word' id='word_1_508' title='bbox 925 3777 1087 3834; x_wconf 86' lang='lat' dir='ltr'><strong>ﬁdem</strong></span> <span class='ocrx_word' id='word_1_509' title='bbox 1137 3779 1303 3847; x_wconf 86' lang='lat' dir='ltr'><strong>facit,</strong></span> <span class='ocrx_word' id='word_1_510' title='bbox 1363 3796 1489 3836; x_wconf 90' lang='lat' dir='ltr'><strong>cum</strong></span> <span class='ocrx_word' id='word_1_511' title='bbox 1547 3781 1800 3840; x_wconf 72' lang='lat' dir='ltr'><strong>Jeremias</strong></span> <span class='ocrx_word' id='word_1_512' title='bbox 1851 3783 1986 3839; x_wconf 90' lang='lat' dir='ltr'><strong>dicit</strong></span> <span class='ocrx_word' id='word_1_513' title='bbox 2035 3802 2049 3838; x_wconf 91' lang='lat'><strong>:</strong></span> 
     </span>
    </p>
   </div>
   <div class='ocr_carea' id='block_1_69' title="bbox 472 3860 2050 3947">
    <p class='ocr_par' dir='ltr' id='par_1_69' title="bbox 472 3860 2050 3947">
     <span class='ocr_line' id='line_1_69' title="bbox 472 3860 2050 3947; baseline 0.012 -34"><span class='ocrx_word' id='word_1_514' title='bbox 472 3878 491 3912; x_wconf 74' lang='grc' dir='ltr'><strong>ι</strong></span> <span class='ocrx_word' id='word_1_515' title='bbox 515 3860 655 3929; x_wconf 82' lang='lat' dir='ltr'><strong>Quid</strong></span> <span class='ocrx_word' id='word_1_516' title='bbox 699 3873 755 3919; x_wconf 91' lang='lat' dir='ltr'><strong>tu</strong></span> <span class='ocrx_word' id='word_1_517' title='bbox 785 3865 974 3934; x_wconf 86' lang='lat' dir='ltr'><strong>vides,</strong></span> <span class='ocrx_word' id='word_1_518' title='bbox 1017 3861 1292 3926; x_wconf 85' lang='lat' dir='ltr'><strong>Jeremia?</strong></span> <span class='ocrx_word' id='word_1_519' title='bbox 1340 3890 1359 3923; x_wconf 80' lang='grc' dir='ltr'><strong>ι</strong></span> <span class='ocrx_word' id='word_1_520' title='bbox 1398 3886 1635 3944; x_wconf 91' lang='lat' dir='ltr'><strong>cumque</strong></span> <span class='ocrx_word' id='word_1_521' title='bbox 1659 3875 1706 3931; x_wconf 89' lang='lat' dir='ltr'><strong>is</strong></span> <span class='ocrx_word' id='word_1_522' title='bbox 1729 3876 2050 3947; x_wconf 89' lang='lat' dir='ltr'><strong>respondis-</strong></span> 
     </span>
    </p>
   </div>
   <div class='ocr_carea' id='block_1_70' title="bbox 463 3957 2050 4029">
    <p class='ocr_par' dir='ltr' id='par_1_70' title="bbox 463 3957 2050 4029">
     <span class='ocr_line' id='line_1_70' title="bbox 463 3957 2050 4029; baseline 0.009 -22"><span class='ocrx_word' id='word_1_523' title='bbox 463 3962 574 4008; x_wconf 84' lang='lat' dir='ltr'><strong>set:</strong></span> <span class='ocrx_word' id='word_1_524' title='bbox 598 3975 613 4008; x_wconf 83' lang='grc'><em>‹</em></span> <span class='ocrx_word' id='word_1_525' title='bbox 635 3957 851 4029; x_wconf 86' lang='lat' dir='ltr'><strong>Virgam</strong></span> <span class='ocrx_word' id='word_1_526' title='bbox 878 3976 1144 4028; x_wconf 90' lang='lat' dir='ltr'><strong>nuceam;</strong></span> <span class='ocrx_word' id='word_1_527' title='bbox 1178 3981 1196 4013; x_wconf 78' lang='grc' dir='ltr'><strong>ι</strong></span> <span class='ocrx_word' id='word_1_528' title='bbox 1227 3963 1298 4018; x_wconf 89' lang='lat' dir='ltr'><strong>ad</strong></span> <span class='ocrx_word' id='word_1_529' title='bbox 1325 3964 1442 4020; x_wconf 66' lang='lat' dir='ltr'><strong>baac</strong></span> <span class='ocrx_word' id='word_1_530' title='bbox 1474 3965 1620 4022; x_wconf 89' lang='lat' dir='ltr'><strong>Deus</strong></span> <span class='ocrx_word' id='word_1_531' title='bbox 1661 3984 1674 4020; x_wconf 90' lang='lat'><strong>:</strong></span> <span class='ocrx_word' id='word_1_532' title='bbox 1716 3986 1735 4018; x_wconf 76' lang='grc' dir='ltr'><strong>ι</strong></span> <span class='ocrx_word' id='word_1_533' title='bbox 1768 3967 1936 4024; x_wconf 86' lang='lat' dir='ltr'><strong>Recte</strong></span> <span class='ocrx_word' id='word_1_534' title='bbox 1963 3967 2050 4022; x_wconf 80' lang='lat' dir='ltr'><strong>vi-</strong></span> 
     </span>
    </p>
   </div>
   <div class='ocr_carea' id='block_1_71' title="bbox 463 4044 2051 4128">
    <p class='ocr_par' dir='ltr' id='par_1_71' title="bbox 463 4044 2051 4128">
     <span class='ocr_line' id='line_1_71' title="bbox 463 4044 2051 4128; baseline 0.01 -30"><span class='ocrx_word' id='word_1_535' title='bbox 463 4044 613 4112; x_wconf 90' lang='lat' dir='ltr'><strong>disti,</strong></span> <span class='ocrx_word' id='word_1_536' title='bbox 647 4069 664 4099; x_wconf 85' lang='grc'><strong>›</strong></span> <span class='ocrx_word' id='word_1_537' title='bbox 701 4049 898 4121; x_wconf 89' lang='lat' dir='ltr'><strong>inquit,</strong></span> <span class='ocrx_word' id='word_1_538' title='bbox 957 4069 976 4102; x_wconf 74' lang='grc' dir='ltr'>ι</span> <span class='ocrx_word' id='word_1_539' title='bbox 1034 4053 1200 4123; x_wconf 85' lang='lat' dir='ltr'><strong>vigilo</strong></span> <span class='ocrx_word' id='word_1_540' title='bbox 1260 4055 1408 4110; x_wconf 89' lang='lat' dir='ltr'><strong>enim</strong></span> <span class='ocrx_word' id='word_1_541' title='bbox 1471 4072 1574 4128; x_wconf 84' lang='lat' dir='ltr'><strong>ego</strong></span> <span class='ocrx_word' id='word_1_542' title='bbox 1629 4073 1798 4128; x_wconf 87' lang='lat' dir='ltr'><strong>super</strong></span> <span class='ocrx_word' id='word_1_543' title='bbox 1861 4059 2051 4114; x_wconf 87' lang='lat' dir='ltr'><strong>verbis</strong></span> 
     </span>
    </p>
   </div>
   <div class='ocr_carea' id='block_1_72' title="bbox 463 4140 2050 4223">
    <p class='ocr_par' dir='ltr' id='par_1_72' title="bbox 463 4140 2050 4223">
     <span class='ocr_line' id='line_1_72' title="bbox 463 4140 2050 4223; baseline 0.009 -31"><span class='ocrx_word' id='word_1_544' title='bbox 463 4140 620 4206; x_wconf 87' lang='lat' dir='ltr'><strong>meis,</strong></span> <span class='ocrx_word' id='word_1_545' title='bbox 654 4149 714 4196; x_wconf 92' lang='lat' dir='ltr'><strong>ut</strong></span> <span class='ocrx_word' id='word_1_546' title='bbox 741 4142 932 4198; x_wconf 90' lang='lat' dir='ltr'><strong>faciam</strong></span> <span class='ocrx_word' id='word_1_547' title='bbox 969 4144 1059 4200; x_wconf 87' lang='lat' dir='ltr'><strong>illa</strong></span> <span class='ocrx_word' id='word_1_548' title='bbox 1081 4147 1148 4199; x_wconf 87' lang='lat'><strong>&quot;&#39;.</strong></span> <span class='ocrx_word' id='word_1_549' title='bbox 1193 4166 1210 4200; x_wconf 81' lang='grc' dir='ltr'><strong>ι</strong></span> <span class='ocrx_word' id='word_1_550' title='bbox 1251 4148 1358 4203; x_wconf 92' lang='lat' dir='ltr'><strong>Pro</strong></span> <span class='ocrx_word' id='word_1_551' title='bbox 1387 4149 1684 4220; x_wconf 77' lang='lat' dir='ltr'><strong>vigilantiae</strong></span> <span class='ocrx_word' id='word_1_552' title='bbox 1715 4150 1883 4221; x_wconf 83' lang='lat' dir='ltr'><strong>igitur</strong></span> <span class='ocrx_word' id='word_1_553' title='bbox 1902 4167 2050 4223; x_wconf 84' lang='lat' dir='ltr'><strong>sym-</strong></span> 
     </span>
    </p>
   </div>
   <div class='ocr_carea' id='block_1_73' title="bbox 463 4228 2050 4313">
    <p class='ocr_par' dir='ltr' id='par_1_73' title="bbox 463 4228 2050 4313">
     <span class='ocr_line' id='line_1_73' title="bbox 463 4228 2050 4313; baseline 0.01 -29"><span class='ocrx_word' id='word_1_554' title='bbox 463 4228 591 4285; x_wconf 88' lang='lat' dir='ltr'><strong>bolo</strong></span> <span class='ocrx_word' id='word_1_555' title='bbox 627 4248 691 4288; x_wconf 90' lang='lat' dir='ltr'><strong>ac</strong></span> <span class='ocrx_word' id='word_1_556' title='bbox 717 4244 847 4291; x_wconf 88' lang='lat' dir='ltr'><strong>nota</strong></span> <span class='ocrx_word' id='word_1_557' title='bbox 877 4252 986 4291; x_wconf 90' lang='lat' dir='ltr'><strong>non</strong></span> <span class='ocrx_word' id='word_1_558' title='bbox 1024 4238 1300 4296; x_wconf 86' lang='lat' dir='ltr'><strong>immerito</strong></span> <span class='ocrx_word' id='word_1_559' title='bbox 1327 4241 1480 4313; x_wconf 84' lang='lat' dir='ltr'><strong>virga</strong></span> <span class='ocrx_word' id='word_1_560' title='bbox 1514 4257 1688 4297; x_wconf 89' lang='lat' dir='ltr'><strong>nucea</strong></span> <span class='ocrx_word' id='word_1_561' title='bbox 1721 4243 1926 4313; x_wconf 88' lang='lat' dir='ltr'><strong>poterit</strong></span> <span class='ocrx_word' id='word_1_562' title='bbox 1954 4259 2050 4299; x_wconf 90' lang='lat' dir='ltr'><strong>ac-</strong></span> 
     </span>
    </p>
   </div>
   <div class='ocr_carea' id='block_1_74' title="bbox 461 4321 2048 4406">
    <p class='ocr_par' dir='ltr' id='par_1_74' title="bbox 461 4321 2048 4406">
     <span class='ocr_line' id='line_1_74' title="bbox 461 4321 2048 4406; baseline 0.011 -32"><span class='ocrx_word' id='word_1_563' title='bbox 461 4321 591 4392; x_wconf 85' lang='lat' dir='ltr'><strong>cipi.</strong></span> <span class='ocrx_word' id='word_1_564' title='bbox 620 4324 784 4396; x_wconf 88' lang='lat' dir='ltr'><strong>Atqui</strong></span> <span class='ocrx_word' id='word_1_565' title='bbox 808 4326 899 4382; x_wconf 88' lang='lat' dir='ltr'><strong>illa</strong></span> <span class='ocrx_word' id='word_1_566' title='bbox 941 4328 1145 4386; x_wconf 87' lang='lat' dir='ltr'><strong>Christi</strong></span> <span class='ocrx_word' id='word_1_567' title='bbox 1175 4348 1206 4388; x_wconf 90' lang='lat' dir='ltr'><strong>e</strong></span> <span class='ocrx_word' id='word_1_568' title='bbox 1234 4333 1474 4387; x_wconf 91' lang='lat' dir='ltr'><strong>mortuis</strong></span> <span class='ocrx_word' id='word_1_569' title='bbox 1499 4336 1841 4390; x_wconf 88' lang='lat' dir='ltr'><strong>resurrectio</strong></span> <span class='ocrx_word' id='word_1_570' title='bbox 1891 4337 2048 4406; x_wconf 87' lang='lat' dir='ltr'><strong>quasi</strong></span> 
     </span>
    </p>
   </div>
   <div class='ocr_carea' id='block_1_75' title="bbox 461 4417 2047 4499">
    <p class='ocr_par' dir='ltr' id='par_1_75' title="bbox 461 4417 2047 4499">
     <span class='ocr_line' id='line_1_75' title="bbox 461 4417 2047 4499; baseline 0.009 -31"><span class='ocrx_word' id='word_1_571' title='bbox 461 4417 710 4483; x_wconf 86' lang='lat' dir='ltr'><strong>quaedam</strong></span> <span class='ocrx_word' id='word_1_572' title='bbox 736 4434 765 4473; x_wconf 89' lang='lat' dir='ltr'><strong>e</strong></span> <span class='ocrx_word' id='word_1_573' title='bbox 788 4436 981 4476; x_wconf 92' lang='lat' dir='ltr'><strong>somno</strong></span> <span class='ocrx_word' id='word_1_574' title='bbox 1018 4424 1298 4495; x_wconf 81' lang='lat' dir='ltr'><strong>evigilatio</strong></span> <span class='ocrx_word' id='word_1_575' title='bbox 1339 4423 1463 4478; x_wconf 90' lang='lat' dir='ltr'><strong>fuit.</strong></span> <span class='ocrx_word' id='word_1_576' title='bbox 1511 4425 1701 4496; x_wconf 88' lang='lat' dir='ltr'><strong>Itaque</strong></span> <span class='ocrx_word' id='word_1_577' title='bbox 1733 4443 1832 4497; x_wconf 86' lang='lat' dir='ltr'><strong>per</strong></span> <span class='ocrx_word' id='word_1_578' title='bbox 1873 4427 2047 4499; x_wconf 83' lang='lat' dir='ltr'><strong>lyram</strong></span> 
     </span>
    </p>
   </div>
   <div class='ocr_carea' id='block_1_76' title="bbox 463 4512 2048 4586">
    <p class='ocr_par' dir='ltr' id='par_1_76' title="bbox 463 4512 2048 4586">
     <span class='ocr_line' id='line_1_76' title="bbox 463 4512 2048 4586; baseline 0.006 -23"><span class='ocrx_word' id='word_1_579' title='bbox 463 4524 680 4579; x_wconf 88' lang='lat' dir='ltr'><strong>quoque</strong></span> <span class='ocrx_word' id='word_1_580' title='bbox 708 4512 998 4569; x_wconf 84' lang='lat' dir='ltr'><strong>Psallentis</strong></span> <span class='ocrx_word' id='word_1_581' title='bbox 1030 4517 1106 4570; x_wconf 89' lang='lat' dir='ltr'><strong>ait</strong></span> <span class='ocrx_word' id='word_1_582' title='bbox 1149 4533 1162 4568; x_wconf 88' lang='lat'><strong>:</strong></span> <span class='ocrx_word' id='word_1_583' title='bbox 1219 4535 1237 4567; x_wconf 80' lang='grc' dir='ltr'><strong>ι</strong></span> <span class='ocrx_word' id='word_1_584' title='bbox 1275 4516 1388 4586; x_wconf 89' lang='lat' dir='ltr'><strong>Ego</strong></span> <span class='ocrx_word' id='word_1_585' title='bbox 1422 4516 1680 4583; x_wconf 89' lang='lat' dir='ltr'><strong>dormivi,</strong></span> <span class='ocrx_word' id='word_1_586' title='bbox 1707 4525 1764 4572; x_wconf 91' lang='lat' dir='ltr'><strong>et</strong></span> <span class='ocrx_word' id='word_1_587' title='bbox 1794 4533 2048 4573; x_wconf 89' lang='lat' dir='ltr'><strong>somnum</strong></span> 
     </span>
    </p>
   </div>
   <div class='ocr_carea' id='block_1_77' title="bbox 2161 3319 3762 3395">
    <p class='ocr_par' dir='ltr' id='par_1_77' title="bbox 2161 3319 3762 3395">
     <span class='ocr_line' id='line_1_77' title="bbox 2161 3319 3762 3395; baseline -0.006 -13"><span class='ocrx_word' id='word_1_588' title='bbox 2161 3328 2238 3392; x_wconf 85' lang='grc' dir='ltr'><strong>ὡς</strong></span> <span class='ocrx_word' id='word_1_589' title='bbox 2260 3328 2318 3380; x_wconf 68' lang='grc' dir='ltr'><strong>ἐν</strong></span> <span class='ocrx_word' id='word_1_590' title='bbox 2340 3325 2521 3381; x_wconf 88' lang='grc' dir='ltr'><strong>πίστει</strong></span> <span class='ocrx_word' id='word_1_591' title='bbox 2548 3324 2757 3389; x_wconf 79' lang='grc' dir='ltr'><strong>δεκτὸν,</strong></span> <span class='ocrx_word' id='word_1_592' title='bbox 2777 3324 2838 3377; x_wconf 81' lang='grc' dir='ltr'><strong>τὸ</strong></span> <span class='ocrx_word' id='word_1_593' title='bbox 2869 3322 2944 3395; x_wconf 80' lang='grc' dir='ltr'><strong>μὴ</strong></span> <span class='ocrx_word' id='word_1_594' title='bbox 2963 3321 3233 3386; x_wconf 84' lang='grc' dir='ltr'><strong>ἀνικάνως</strong></span> <span class='ocrx_word' id='word_1_595' title='bbox 3257 3320 3403 3392; x_wconf 79' lang='grc' dir='ltr'><strong>ἔχειν</strong></span> <span class='ocrx_word' id='word_1_596' title='bbox 3427 3321 3526 3392; x_wconf 76' lang='grc' dir='ltr'><strong>τὴν</strong></span> <span class='ocrx_word' id='word_1_597' title='bbox 3554 3319 3762 3392; x_wconf 78' lang='grc' dir='ltr'><strong>ῥάϐδον</strong></span> 
     </span>
    </p>
   </div>
   <div class='ocr_carea' id='block_1_78' title="bbox 2159 3412 3764 3492">
    <p class='ocr_par' dir='ltr' id='par_1_78' title="bbox 2159 3412 3764 3492">
     <span class='ocr_line' id='line_1_78' title="bbox 2159 3412 3764 3492; baseline -0.006 -18"><span class='ocrx_word' id='word_1_598' title='bbox 2159 3419 2260 3492; x_wconf 70' lang='grc' dir='ltr'>τήν</span> <span class='ocrx_word' id='word_1_599' title='bbox 2291 3419 2559 3491; x_wconf 84' lang='grc' dir='ltr'><strong>καρυῖνην</strong></span> <span class='ocrx_word' id='word_1_600' title='bbox 2590 3417 2824 3471; x_wconf 81' lang='grc' dir='ltr'><strong>άῦπνίαν</strong></span> <span class='ocrx_word' id='word_1_601' title='bbox 2857 3417 3128 3487; x_wconf 71' lang='grc' dir='ltr'><strong>ἐμποιεῖν,</strong></span> <span class='ocrx_word' id='word_1_602' title='bbox 3163 3415 3213 3468; x_wconf 83' lang='grc' dir='ltr'><strong>εί</strong></span> <span class='ocrx_word' id='word_1_603' title='bbox 3242 3413 3381 3485; x_wconf 80' lang='grc' dir='ltr'><strong>πρός</strong></span> <span class='ocrx_word' id='word_1_604' title='bbox 3411 3431 3475 3483; x_wconf 92' lang='grc' dir='ltr'><strong>γε</strong></span> <span class='ocrx_word' id='word_1_605' title='bbox 3514 3412 3574 3465; x_wconf 80' lang='grc' dir='ltr'><strong>τὸ</strong></span> <span class='ocrx_word' id='word_1_606' title='bbox 3607 3413 3764 3484; x_wconf 80' lang='grc' dir='ltr'><strong>κάρα</strong></span> 
     </span>
    </p>
   </div>
   <div class='ocr_carea' id='block_1_79' title="bbox 2162 3503 3762 3582">
    <p class='ocr_par' dir='ltr' id='par_1_79' title="bbox 2162 3503 3762 3582">
     <span class='ocr_line' id='line_1_79' title="bbox 2162 3503 3762 3582; baseline -0.008 -14"><span class='ocrx_word' id='word_1_607' title='bbox 2162 3513 2343 3569; x_wconf 86' lang='grc' dir='ltr'><strong>κέοιτό</strong></span> <span class='ocrx_word' id='word_1_608' title='bbox 2364 3529 2546 3579; x_wconf 88' lang='grc' dir='ltr'><strong>τινων,</strong></span> <span class='ocrx_word' id='word_1_609' title='bbox 2571 3511 2710 3582; x_wconf 82' lang='grc' dir='ltr'><strong>τάχα</strong></span> <span class='ocrx_word' id='word_1_610' title='bbox 2731 3526 2836 3563; x_wconf 87' lang='grc' dir='ltr'><strong>που</strong></span> <span class='ocrx_word' id='word_1_611' title='bbox 2857 3508 3119 3579; x_wconf 82' lang='grc' dir='ltr'><strong>δυνάμεσι</strong></span> <span class='ocrx_word' id='word_1_612' title='bbox 3140 3509 3398 3576; x_wconf 80' lang='grc' dir='ltr'><strong>φυσικαῖς</strong></span> <span class='ocrx_word' id='word_1_613' title='bbox 3420 3503 3762 3576; x_wconf 76' lang='grc' dir='ltr'><strong>ἐνεργοῦσαν</strong></span> 
     </span>
    </p>
   </div>
   <div class='ocr_carea' id='block_1_80' title="bbox 2158 3594 3761 3677">
    <p class='ocr_par' dir='ltr' id='par_1_80' title="bbox 2158 3594 3761 3677">
     <span class='ocr_line' id='line_1_80' title="bbox 2158 3594 3761 3677; baseline -0.007 -17"><span class='ocrx_word' id='word_1_614' title='bbox 2158 3605 2220 3660; x_wconf 85' lang='grc' dir='ltr'><strong>τὺ</strong></span> <span class='ocrx_word' id='word_1_615' title='bbox 2247 3606 2437 3677; x_wconf 84' lang='grc' dir='ltr'><strong>χρῆμα</strong></span> <span class='ocrx_word' id='word_1_616' title='bbox 2463 3603 2604 3658; x_wconf 79' lang='grc' dir='ltr'><strong>κατὰ</strong></span> <span class='ocrx_word' id='word_1_617' title='bbox 2635 3603 2855 3675; x_wconf 83' lang='grc' dir='ltr'>θέλησιν</span> <span class='ocrx_word' id='word_1_618' title='bbox 2884 3600 3042 3655; x_wconf 89' lang='grc' dir='ltr'><strong>Θεοῦ.</strong></span> <span class='ocrx_word' id='word_1_619' title='bbox 3077 3599 3415 3654; x_wconf 87' lang='grc' dir='ltr'><strong>Πιστὼσεται</strong></span> <span class='ocrx_word' id='word_1_620' title='bbox 3439 3597 3497 3651; x_wconf 84' lang='grc' dir='ltr'><strong>δέ</strong></span> <span class='ocrx_word' id='word_1_621' title='bbox 3525 3614 3650 3659; x_wconf 88' lang='grc' dir='ltr'>πως</span> <span class='ocrx_word' id='word_1_622' title='bbox 3677 3594 3761 3660; x_wconf 87' lang='grc' dir='ltr'><strong>είς</strong></span> 
     </span>
    </p>
   </div>
   <div class='ocr_carea' id='block_1_81' title="bbox 2157 3687 3766 3767">
    <p class='ocr_par' dir='ltr' id='par_1_81' title="bbox 2157 3687 3766 3767">
     <span class='ocr_line' id='line_1_81' title="bbox 2157 3687 3766 3767; baseline -0.006 -17"><span class='ocrx_word' id='word_1_623' title='bbox 2157 3696 2317 3750; x_wconf 88' lang='grc' dir='ltr'><strong>τοῦτο</strong></span> <span class='ocrx_word' id='word_1_624' title='bbox 2346 3697 2494 3767; x_wconf 77' lang='grc' dir='ltr'><strong>ἡμᾶς</strong></span> <span class='ocrx_word' id='word_1_625' title='bbox 2515 3695 2610 3748; x_wconf 82' lang='grc' dir='ltr'><strong>καὶ</strong></span> <span class='ocrx_word' id='word_1_626' title='bbox 2630 3694 2794 3758; x_wconf 81' lang='grc' dir='ltr'><strong>αὐτὸς</strong></span> <span class='ocrx_word' id='word_1_627' title='bbox 2816 3692 2993 3762; x_wconf 88' lang='grc' dir='ltr'><strong>λέγων</strong></span> <span class='ocrx_word' id='word_1_628' title='bbox 3036 3690 3175 3762; x_wconf 80' lang='grc' dir='ltr'><strong>πρὸς</strong></span> <span class='ocrx_word' id='word_1_629' title='bbox 3217 3687 3491 3761; x_wconf 84' lang='grc' dir='ltr'><strong>Ἰερεμίαν</strong></span> <span class='ocrx_word' id='word_1_630' title='bbox 3521 3689 3549 3741; x_wconf 79' lang='grc' dir='ltr'><strong>ὁ</strong></span> <span class='ocrx_word' id='word_1_631' title='bbox 3571 3687 3766 3740; x_wconf 82' lang='grc' dir='ltr'><strong>πάντα</strong></span> 
     </span>
    </p>
   </div>
   <div class='ocr_carea' id='block_1_82' title="bbox 2159 3779 3761 3856">
    <p class='ocr_par' dir='ltr' id='par_1_82' title="bbox 2159 3779 3761 3856">
     <span class='ocr_line' id='line_1_82' title="bbox 2159 3779 3761 3856; baseline -0.007 -13"><span class='ocrx_word' id='word_1_632' title='bbox 2159 3787 2348 3853; x_wconf 73' lang='grc' dir='ltr'>εἰδὼς,</span> <span class='ocrx_word' id='word_1_633' title='bbox 2400 3788 2494 3841; x_wconf 77' lang='grc' dir='ltr'><strong>καὶ</strong></span> <span class='ocrx_word' id='word_1_634' title='bbox 2538 3786 2648 3840; x_wconf 84' lang='grc' dir='ltr'><strong>τῶν</strong></span> <span class='ocrx_word' id='word_1_635' title='bbox 2701 3785 2840 3840; x_wconf 86' lang='grc' dir='ltr'>ὅλων</span> <span class='ocrx_word' id='word_1_636' title='bbox 2884 3782 3246 3856; x_wconf 81' lang='grc' dir='ltr'><strong>Δημιουργός’</strong></span> <span class='ocrx_word' id='word_1_637' title='bbox 3298 3799 3317 3832; x_wconf 76' lang='grc' dir='ltr'><strong>ι</strong></span> <span class='ocrx_word' id='word_1_638' title='bbox 3357 3780 3423 3834; x_wconf 89' lang='grc' dir='ltr'><strong>Τί</strong></span> <span class='ocrx_word' id='word_1_639' title='bbox 3467 3779 3532 3833; x_wconf 70' lang='grc' dir='ltr'>σὺ</span> <span class='ocrx_word' id='word_1_640' title='bbox 3579 3779 3761 3851; x_wconf 83' lang='grc' dir='ltr'>δρᾷς,</span> 
     </span>
    </p>
   </div>
   <div class='ocr_carea' id='block_1_83' title="bbox 2171 3871 3764 3954">
    <p class='ocr_par' dir='ltr' id='par_1_83' title="bbox 2171 3871 3764 3954">
     <span class='ocr_line' id='line_1_83' title="bbox 2171 3871 3764 3954; baseline -0.008 -19"><span class='ocrx_word' id='word_1_641' title='bbox 2171 3880 2429 3954; x_wconf 75' lang='grc' dir='ltr'><strong>Ἱερεμίας</strong></span> <span class='ocrx_word' id='word_1_642' title='bbox 2460 3901 2474 3930; x_wconf 81' lang='grc' dir='ltr'><strong>ι</strong></span> <span class='ocrx_word' id='word_1_643' title='bbox 2497 3879 2557 3934; x_wconf 89' lang='lat'><strong>&#39;0</strong></span> <span class='ocrx_word' id='word_1_644' title='bbox 2571 3879 2678 3943; x_wconf 74' lang='grc' dir='ltr'>δὲ,ι</span> <span class='ocrx_word' id='word_1_645' title='bbox 2701 3878 3014 3949; x_wconf 86' lang='grc' dir='ltr'><strong>Βακτηρίαν</strong></span> <span class='ocrx_word' id='word_1_646' title='bbox 3045 3895 3064 3928; x_wconf 76' lang='grc' dir='ltr'><strong>ι</strong></span> <span class='ocrx_word' id='word_1_647' title='bbox 3083 3875 3287 3944; x_wconf 73' lang='grc' dir='ltr'><strong>λέγων(</strong></span> <span class='ocrx_word' id='word_1_648' title='bbox 3314 3873 3598 3946; x_wconf 80' lang='grc' dir='ltr'><strong>καρυΐνην·</strong></span> <span class='ocrx_word' id='word_1_649' title='bbox 3660 3871 3764 3924; x_wconf 74' lang='grc' dir='ltr'><strong>καί⁷</strong></span> 
     </span>
    </p>
   </div>
   <div class='ocr_carea' id='block_1_84' title="bbox 2157 3964 3766 4046">
    <p class='ocr_par' dir='ltr' id='par_1_84' title="bbox 2157 3964 3766 4046">
     <span class='ocr_line' id='line_1_84' title="bbox 2157 3964 3766 4046; baseline -0.009 -17"><span class='ocrx_word' id='word_1_650' title='bbox 2157 3974 2222 4046; x_wconf 81' lang='grc' dir='ltr'><strong>δὴ</strong></span> <span class='ocrx_word' id='word_1_651' title='bbox 2253 3974 2388 4045; x_wconf 79' lang='grc' dir='ltr'><strong>πρὸς</strong></span> <span class='ocrx_word' id='word_1_652' title='bbox 2407 3972 2566 4026; x_wconf 87' lang='grc' dir='ltr'><strong>τοῦτο</strong></span> <span class='ocrx_word' id='word_1_653' title='bbox 2593 3971 2746 4039; x_wconf 80' lang='grc' dir='ltr'><strong>Θεός;</strong></span> <span class='ocrx_word' id='word_1_654' title='bbox 2799 3990 2819 4024; x_wconf 83' lang='grc'><strong><em>‹</em></strong></span> <span class='ocrx_word' id='word_1_655' title='bbox 2842 3971 3046 4042; x_wconf 79' lang='grc' dir='ltr'>Ὀρθῶς</span> <span class='ocrx_word' id='word_1_656' title='bbox 3076 3967 3349 4041; x_wconf 72' lang='grc' dir='ltr'><strong>ἑώρακας,</strong></span> <span class='ocrx_word' id='word_1_657' title='bbox 3377 3986 3396 4019; x_wconf 79' lang='grc' dir='ltr'><strong>ι</strong></span> <span class='ocrx_word' id='word_1_658' title='bbox 3421 3965 3583 4036; x_wconf 76' lang='grc' dir='ltr'><strong>φησὶν</strong></span> <span class='ocrx_word' id='word_1_659' title='bbox 3623 3983 3644 4016; x_wconf 74' lang='grc' dir='ltr'><strong>ι</strong></span> <span class='ocrx_word' id='word_1_660' title='bbox 3673 3964 3766 4017; x_wconf 77' lang='grc' dir='ltr'><strong>ὅτι</strong></span> 
     </span>
    </p>
   </div>
   <div class='ocr_carea' id='block_1_85' title="bbox 2158 4057 3764 4139">
    <p class='ocr_par' dir='ltr' id='par_1_85' title="bbox 2158 4057 3764 4139">
     <span class='ocr_line' id='line_1_85' title="bbox 2158 4057 3764 4139; baseline -0.007 -18"><span class='ocrx_word' id='word_1_661' title='bbox 2158 4066 2270 4136; x_wconf 77' lang='grc' dir='ltr'><strong>ἐγὼ</strong></span> <span class='ocrx_word' id='word_1_662' title='bbox 2299 4067 2576 4139; x_wconf 80' lang='grc' dir='ltr'><strong>ἐγρήγορα</strong></span> <span class='ocrx_word' id='word_1_663' title='bbox 2604 4066 2696 4119; x_wconf 75' lang='grc' dir='ltr'><strong>ἐπὶ</strong></span> <span class='ocrx_word' id='word_1_664' title='bbox 2723 4066 2851 4128; x_wconf 76' lang='grc' dir='ltr'><strong>τοὺς</strong></span> <span class='ocrx_word' id='word_1_665' title='bbox 2881 4063 3072 4132; x_wconf 85' lang='grc' dir='ltr'><strong>λόγους</strong></span> <span class='ocrx_word' id='word_1_666' title='bbox 3113 4078 3238 4133; x_wconf 88' lang='grc' dir='ltr'><strong>μου,</strong></span> <span class='ocrx_word' id='word_1_667' title='bbox 3274 4061 3367 4113; x_wconf 89' lang='grc' dir='ltr'><strong>τοῦ</strong></span> <span class='ocrx_word' id='word_1_668' title='bbox 3390 4059 3619 4130; x_wconf 75' lang='grc' dir='ltr'><strong>ποιῆσαι</strong></span> <span class='ocrx_word' id='word_1_669' title='bbox 3651 4057 3764 4110; x_wconf 83' lang='grc' dir='ltr'><strong>αὐ-</strong></span> 
     </span>
    </p>
   </div>
   <div class='ocr_carea' id='block_1_86' title="bbox 2156 4149 3764 4226">
    <p class='ocr_par' dir='ltr' id='par_1_86' title="bbox 2156 4149 3764 4226">
     <span class='ocr_line' id='line_1_86' title="bbox 2156 4149 3764 4226; baseline -0.009 -13"><span class='ocrx_word' id='word_1_670' title='bbox 2156 4158 2302 4222; x_wconf 84' lang='grc' dir='ltr'><strong>τούς.</strong></span> <span class='ocrx_word' id='word_1_671' title='bbox 2341 4176 2361 4209; x_wconf 71' lang='grc' dir='ltr'><strong>ι</strong></span> <span class='ocrx_word' id='word_1_672' title='bbox 2403 4157 2665 4221; x_wconf 79' lang='grc' dir='ltr'><strong>Ἀῦπνίας</strong></span> <span class='ocrx_word' id='word_1_673' title='bbox 2692 4151 2787 4210; x_wconf 81' lang='grc' dir='ltr'><strong>οὖν</strong></span> <span class='ocrx_word' id='word_1_674' title='bbox 2819 4155 2928 4226; x_wconf 79' lang='grc' dir='ltr'><strong>ἄρα</strong></span> <span class='ocrx_word' id='word_1_675' title='bbox 2957 4153 3226 4224; x_wconf 89' lang='grc' dir='ltr'><strong>σύμϐολον</strong></span> <span class='ocrx_word' id='word_1_676' title='bbox 3253 4153 3410 4206; x_wconf 79' lang='grc' dir='ltr'><strong>νοοῖτ’</strong></span> <span class='ocrx_word' id='word_1_677' title='bbox 3439 4149 3504 4203; x_wconf 78' lang='grc' dir='ltr'>ἂν</span> <span class='ocrx_word' id='word_1_678' title='bbox 3521 4149 3764 4211; x_wconf 76' lang='grc' dir='ltr'><strong>εἰκότως</strong></span> 
     </span>
    </p>
   </div>
   <div class='ocr_carea' id='block_1_87' title="bbox 2155 4241 3761 4323">
    <p class='ocr_par' dir='ltr' id='par_1_87' title="bbox 2155 4241 3761 4323">
     <span class='ocr_line' id='line_1_87' title="bbox 2155 4241 3761 4323; baseline -0.007 -18"><span class='ocrx_word' id='word_1_679' title='bbox 2155 4251 2190 4322; x_wconf 84' lang='grc' dir='ltr'><strong>ή</strong></span> <span class='ocrx_word' id='word_1_680' title='bbox 2235 4250 2429 4323; x_wconf 80' lang='grc' dir='ltr'><strong>ῥάϐδος</strong></span> <span class='ocrx_word' id='word_1_681' title='bbox 2460 4251 2494 4323; x_wconf 86' lang='grc' dir='ltr'><strong>ή</strong></span> <span class='ocrx_word' id='word_1_682' title='bbox 2529 4251 2784 4320; x_wconf 82' lang='grc' dir='ltr'><strong>καρυΐνη.</strong></span> <span class='ocrx_word' id='word_1_683' title='bbox 2820 4247 3168 4320; x_wconf 82' lang='grc' dir='ltr'><strong>Γρηγόρησις</strong></span> <span class='ocrx_word' id='word_1_684' title='bbox 3189 4245 3247 4299; x_wconf 75' lang='grc' dir='ltr'><strong>δὲ</strong></span> <span class='ocrx_word' id='word_1_685' title='bbox 3272 4245 3462 4314; x_wconf 83' lang='grc' dir='ltr'><strong>ὥσπερ</strong></span> <span class='ocrx_word' id='word_1_686' title='bbox 3491 4241 3551 4307; x_wconf 76' lang='grc' dir='ltr'><strong>ἐξ</strong></span> <span class='ocrx_word' id='word_1_687' title='bbox 3573 4241 3761 4295; x_wconf 79' lang='grc' dir='ltr'><strong>ὕπνου</strong></span> 
     </span>
    </p>
   </div>
   <div class='ocr_carea' id='block_1_88' title="bbox 2155 4334 3764 4414">
    <p class='ocr_par' dir='ltr' id='par_1_88' title="bbox 2155 4334 3764 4414">
     <span class='ocr_line' id='line_1_88' title="bbox 2155 4334 3764 4414; baseline -0.004 -17"><span class='ocrx_word' id='word_1_688' title='bbox 2155 4345 2380 4412; x_wconf 84' lang='grc' dir='ltr'><strong>γέγονεν</strong></span> <span class='ocrx_word' id='word_1_689' title='bbox 2404 4343 2438 4414; x_wconf 83' lang='grc' dir='ltr'>ἡ</span> <span class='ocrx_word' id='word_1_690' title='bbox 2466 4344 2531 4396; x_wconf 77' lang='grc' dir='ltr'><strong>ἐκ</strong></span> <span class='ocrx_word' id='word_1_691' title='bbox 2559 4341 2768 4411; x_wconf 84' lang='grc' dir='ltr'><strong>νεκρῶν</strong></span> <span class='ocrx_word' id='word_1_692' title='bbox 2793 4339 3087 4402; x_wconf 86' lang='grc' dir='ltr'><strong>ἁναϐίωσις</strong></span> <span class='ocrx_word' id='word_1_693' title='bbox 3113 4335 3208 4390; x_wconf 91' lang='grc' dir='ltr'><strong>τοῦ</strong></span> <span class='ocrx_word' id='word_1_694' title='bbox 3229 4334 3487 4408; x_wconf 78' lang='grc' dir='ltr'><strong>Χριστοῦ.</strong></span> <span class='ocrx_word' id='word_1_695' title='bbox 3511 4334 3764 4406; x_wconf 73' lang='grc' dir='ltr'><strong>Τοιγάρο</strong></span> 
     </span>
    </p>
   </div>
   <div class='ocr_carea' id='block_1_89' title="bbox 2155 4423 3765 4503">
    <p class='ocr_par' dir='ltr' id='par_1_89' title="bbox 2155 4423 3765 4503">
     <span class='ocr_line' id='line_1_89' title="bbox 2155 4423 3765 4503; baseline -0.007 -15"><span class='ocrx_word' id='word_1_696' title='bbox 2155 4452 2236 4489; x_wconf 89' lang='grc' dir='ltr'><strong>τοι</strong></span> <span class='ocrx_word' id='word_1_697' title='bbox 2265 4435 2360 4488; x_wconf 73' lang='grc' dir='ltr'><strong>καὶ</strong></span> <span class='ocrx_word' id='word_1_698' title='bbox 2387 4433 2475 4488; x_wconf 83' lang='grc' dir='ltr'><strong>διὰ</strong></span> <span class='ocrx_word' id='word_1_699' title='bbox 2504 4432 2607 4503; x_wconf 80' lang='grc' dir='ltr'><strong>τῆς</strong></span> <span class='ocrx_word' id='word_1_700' title='bbox 2639 4430 2734 4484; x_wconf 87' lang='grc' dir='ltr'><strong>τοῦ</strong></span> <span class='ocrx_word' id='word_1_701' title='bbox 2767 4429 3076 4492; x_wconf 79' lang='grc' dir='ltr'><strong>Ψάλλοντος</strong></span> <span class='ocrx_word' id='word_1_702' title='bbox 3103 4427 3274 4499; x_wconf 82' lang='grc' dir='ltr'>λύρας</span> <span class='ocrx_word' id='word_1_703' title='bbox 3303 4424 3496 4497; x_wconf 61' lang='grc' dir='ltr'><strong>φησίν</strong></span> <span class='ocrx_word' id='word_1_704' title='bbox 3533 4441 3553 4476; x_wconf 80' lang='lat' dir='ltr'><strong>t</strong></span> <span class='ocrx_word' id='word_1_705' title='bbox 3602 4423 3765 4493; x_wconf 76' lang='grc' dir='ltr'><strong>Ἐγὼ</strong></span> 
     </span>
    </p>
   </div>
   <div class='ocr_carea' id='block_1_90' title="bbox 2155 4515 3769 4596">
    <p class='ocr_par' dir='ltr' id='par_1_90' title="bbox 2155 4515 3769 4596">
     <span class='ocr_line' id='line_1_90' title="bbox 2155 4515 3769 4596; baseline -0.006 -19"><span class='ocrx_word' id='word_1_706' title='bbox 2155 4524 2454 4596; x_wconf 78' lang='grc' dir='ltr'>ὲκοιμήθην</span> <span class='ocrx_word' id='word_1_707' title='bbox 2493 4523 2586 4577; x_wconf 77' lang='grc' dir='ltr'><strong>καὶ</strong></span> <span class='ocrx_word' id='word_1_708' title='bbox 2611 4521 2855 4587; x_wconf 85' lang='grc' dir='ltr'><strong>ῦπνωσα,</strong></span> <span class='ocrx_word' id='word_1_709' title='bbox 2892 4518 3230 4592; x_wconf 79' lang='grc' dir='ltr'>ὲξηγέρθην,</span> <span class='ocrx_word' id='word_1_710' title='bbox 3269 4519 3350 4572; x_wconf 83' lang='grc' dir='ltr'><strong>ὅτι</strong></span> <span class='ocrx_word' id='word_1_711' title='bbox 3389 4515 3594 4588; x_wconf 82' lang='grc' dir='ltr'><strong>Κύριος</strong></span> <span class='ocrx_word' id='word_1_712' title='bbox 3619 4517 3769 4569; x_wconf 80' lang='grc' dir='ltr'><strong>ἀντ-</strong></span> 
     </span>
    </p>
   </div>
   <div class='ocr_carea' id='block_1_91' title="bbox 462 4606 2055 4688">
    <p class='ocr_par' dir='ltr' id='par_1_91' title="bbox 462 4606 1984 4681">
     <span class='ocr_line' id='line_1_91' title="bbox 462 4606 1984 4681; baseline 0.005 -24"><span class='ocrx_word' id='word_1_713' title='bbox 462 4606 580 4673; x_wconf 83' lang='lat' dir='ltr'><strong>cepi</strong></span> <span class='ocrx_word' id='word_1_714' title='bbox 632 4622 644 4657; x_wconf 93' lang='lat'><strong>:</strong></span> <span class='ocrx_word' id='word_1_715' title='bbox 678 4606 953 4677; x_wconf 87' lang='lat' dir='ltr'><strong>evigilavi,</strong></span> <span class='ocrx_word' id='word_1_716' title='bbox 996 4610 1123 4679; x_wconf 90' lang='lat' dir='ltr'><strong>quia</strong></span> <span class='ocrx_word' id='word_1_717' title='bbox 1173 4609 1439 4665; x_wconf 85' lang='lat' dir='ltr'><strong>Dominus</strong></span> <span class='ocrx_word' id='word_1_718' title='bbox 1477 4611 1719 4681; x_wconf 88' lang='lat' dir='ltr'><strong>suscepit</strong></span> <span class='ocrx_word' id='word_1_719' title='bbox 1743 4626 1830 4666; x_wconf 91' lang='lat' dir='ltr'><strong>me</strong></span> <span class='ocrx_word' id='word_1_720' title='bbox 1861 4612 1926 4666; x_wconf 66' lang='grc' dir='ltr'><strong>τ’.</strong></span> <span class='ocrx_word' id='word_1_721' title='bbox 1965 4631 1984 4664; x_wconf 82' lang='grc' dir='ltr'><strong>ι</strong></span> 
     </span>
    </p>
   </div>
   <div class='ocr_carea' id='block_1_92' title="bbox 2159 4606 2604 4688">
    <p class='ocr_par' dir='ltr' id='par_1_92' title="bbox 2165 4617 2604 4688">
     <span class='ocr_line' id='line_1_92' title="bbox 2165 4617 2604 4688; baseline -0.016 -16"><span class='ocrx_word' id='word_1_722' title='bbox 2165 4617 2386 4672; x_wconf 81' lang='grc' dir='ltr'><strong>ελάϐετό</strong></span> <span class='ocrx_word' id='word_1_723' title='bbox 2421 4633 2542 4688; x_wconf 87' lang='grc' dir='ltr'><strong>μου.</strong></span> <span class='ocrx_word' id='word_1_724' title='bbox 2585 4633 2604 4664; x_wconf 78' lang='grc' dir='ltr'><strong>ι</strong></span> 
     </span>
    </p>
   </div>
   <div class='ocr_carea' id='block_1_93' title="bbox 541 4695 1106 4756">
    <p class='ocr_par' dir='ltr' id='par_1_93' title="bbox 541 4695 1106 4756">
     <span class='ocr_line' id='line_1_93' title="bbox 541 4695 1106 4756; baseline 0.014 -8"><span class='ocrx_word' id='word_1_725' title='bbox 541 4695 736 4750; x_wconf 88' lang='lat' dir='ltr'><strong>PALL.</strong></span> <span class='ocrx_word' id='word_1_726' title='bbox 774 4699 916 4754; x_wconf 78' lang='lat' dir='ltr'><strong>Vera</strong></span> <span class='ocrx_word' id='word_1_727' title='bbox 947 4700 1106 4756; x_wconf 91' lang='lat' dir='ltr'><strong>dicis.</strong></span> 
     </span>
    </p>
   </div>
   <div class='ocr_carea' id='block_1_94' title="bbox 530 4785 2051 4870">
    <p class='ocr_par' dir='ltr' id='par_1_94' title="bbox 530 4785 2051 4870">
     <span class='ocr_line' id='line_1_94' title="bbox 530 4785 2051 4870; baseline 0.009 -30"><span class='ocrx_word' id='word_1_728' title='bbox 530 4785 689 4841; x_wconf 75' lang='lat' dir='ltr'><strong>CYII.</strong></span> <span class='ocrx_word' id='word_1_729' title='bbox 724 4788 800 4843; x_wconf 93' lang='lat' dir='ltr'><strong>De</strong></span> <span class='ocrx_word' id='word_1_730' title='bbox 835 4791 1065 4845; x_wconf 86' lang='lat' dir='ltr'><strong>lucerna</strong></span> <span class='ocrx_word' id='word_1_731' title='bbox 1093 4807 1314 4862; x_wconf 89' lang='lat' dir='ltr'><strong>quoque</strong></span> <span class='ocrx_word' id='word_1_732' title='bbox 1344 4808 1409 4849; x_wconf 89' lang='lat' dir='ltr'><strong>ac</strong></span> <span class='ocrx_word' id='word_1_733' title='bbox 1445 4809 1656 4859; x_wconf 88' lang='lat' dir='ltr'><strong>mensa,</strong></span> <span class='ocrx_word' id='word_1_734' title='bbox 1695 4811 1816 4865; x_wconf 73' lang='lat' dir='ltr'><strong>quae</strong></span> <span class='ocrx_word' id='word_1_735' title='bbox 1836 4798 1891 4852; x_wconf 92' lang='lat' dir='ltr'><strong>in</strong></span> <span class='ocrx_word' id='word_1_736' title='bbox 1934 4798 2051 4870; x_wconf 91' lang='lat' dir='ltr'><strong>pri-</strong></span> 
     </span>
    </p>
   </div>
   <div class='ocr_carea' id='block_1_95' title="bbox 461 4878 2052 4960">
    <p class='ocr_par' dir='ltr' id='par_1_95' title="bbox 461 4878 2052 4960">
     <span class='ocr_line' id='line_1_95' title="bbox 461 4878 2052 4960; baseline 0.01 -31"><span class='ocrx_word' id='word_1_737' title='bbox 461 4891 552 4931; x_wconf 90' lang='lat' dir='ltr'><strong>mo</strong></span> <span class='ocrx_word' id='word_1_738' title='bbox 589 4878 947 4936; x_wconf 88' lang='lat' dir='ltr'><strong>tabernaculo</strong></span> <span class='ocrx_word' id='word_1_739' title='bbox 999 4882 1106 4938; x_wconf 89' lang='lat' dir='ltr'><strong>sita</strong></span> <span class='ocrx_word' id='word_1_740' title='bbox 1135 4890 1312 4948; x_wconf 90' lang='lat' dir='ltr'><strong>erant,</strong></span> <span class='ocrx_word' id='word_1_741' title='bbox 1362 4885 1442 4941; x_wconf 91' lang='lat' dir='ltr'><strong>sic</strong></span> <span class='ocrx_word' id='word_1_742' title='bbox 1474 4895 1740 4956; x_wconf 73' lang='lat' dir='ltr'><strong>praeterea</strong></span> <span class='ocrx_word' id='word_1_743' title='bbox 1785 4889 2052 4960; x_wconf 90' lang='lat' dir='ltr'><strong>scriptum</strong></span> 
     </span>
    </p>
   </div>
   <div class='ocr_carea' id='block_1_96' title="bbox 461 4970 2050 5052">
    <p class='ocr_par' dir='ltr' id='par_1_96' title="bbox 461 4970 2050 5052">
     <span class='ocr_line' id='line_1_96' title="bbox 461 4970 2050 5052; baseline 0.009 -29"><span class='ocrx_word' id='word_1_744' title='bbox 461 4979 546 5024; x_wconf 88' lang='lat' dir='ltr'><strong>est</strong></span> <span class='ocrx_word' id='word_1_745' title='bbox 577 4987 589 5024; x_wconf 91' lang='lat'><strong>:</strong></span> <span class='ocrx_word' id='word_1_746' title='bbox 636 4989 655 5022; x_wconf 86' lang='grc'><strong><em>‹</em></strong></span> <span class='ocrx_word' id='word_1_747' title='bbox 691 4970 756 5026; x_wconf 85' lang='lat' dir='ltr'><strong>Et</strong></span> <span class='ocrx_word' id='word_1_748' title='bbox 778 4973 998 5029; x_wconf 90' lang='lat' dir='ltr'><strong>locutus</strong></span> <span class='ocrx_word' id='word_1_749' title='bbox 1028 4983 1114 5029; x_wconf 88' lang='lat' dir='ltr'><strong>est</strong></span> <span class='ocrx_word' id='word_1_750' title='bbox 1143 4975 1410 5032; x_wconf 91' lang='lat' dir='ltr'><strong>Dominus</strong></span> <span class='ocrx_word' id='word_1_751' title='bbox 1444 4979 1510 5033; x_wconf 88' lang='lat' dir='ltr'><strong>ad</strong></span> <span class='ocrx_word' id='word_1_752' title='bbox 1537 4979 1779 5052; x_wconf 78' lang='lat' dir='ltr'><strong>Moysen,</strong></span> <span class='ocrx_word' id='word_1_753' title='bbox 1809 4983 2000 5040; x_wconf 90' lang='lat' dir='ltr'><strong>dicens</strong></span> <span class='ocrx_word' id='word_1_754' title='bbox 2037 5003 2050 5038; x_wconf 88' lang='lat'><strong>:</strong></span> 
     </span>
    </p>
   </div>
   <div class='ocr_carea' id='block_1_97' title="bbox 461 5064 2044 5143">
    <p class='ocr_par' dir='ltr' id='par_1_97' title="bbox 461 5064 2044 5143">
     <span class='ocr_line' id='line_1_97' title="bbox 461 5064 2044 5143; baseline 0.007 -25"><span class='ocrx_word' id='word_1_755' title='bbox 461 5064 705 5137; x_wconf 68' lang='lat' dir='ltr'><strong>Praecipe</strong></span> <span class='ocrx_word' id='word_1_756' title='bbox 743 5065 871 5120; x_wconf 80' lang='lat' dir='ltr'><strong>filiis</strong></span> <span class='ocrx_word' id='word_1_757' title='bbox 901 5065 1089 5132; x_wconf 85' lang='lat' dir='ltr'><strong>Israel,</strong></span> <span class='ocrx_word' id='word_1_758' title='bbox 1121 5073 1178 5121; x_wconf 87' lang='lat' dir='ltr'><strong>et</strong></span> <span class='ocrx_word' id='word_1_759' title='bbox 1198 5067 1468 5138; x_wconf 89' lang='lat' dir='ltr'><strong>accipiant</strong></span> <span class='ocrx_word' id='word_1_760' title='bbox 1489 5069 1588 5125; x_wconf 91' lang='lat' dir='ltr'><strong>tibi</strong></span> <span class='ocrx_word' id='word_1_761' title='bbox 1617 5071 1799 5127; x_wconf 88' lang='lat' dir='ltr'><strong>oleum</strong></span> <span class='ocrx_word' id='word_1_762' title='bbox 1822 5089 2044 5143; x_wconf 89' lang='lat' dir='ltr'><strong>purum,</strong></span> 
     </span>
    </p>
   </div>
   <div class='ocr_carea' id='block_1_98' title="bbox 461 5156 2048 5236">
    <p class='ocr_par' dir='ltr' id='par_1_98' title="bbox 461 5156 2048 5236">
     <span class='ocr_line' id='line_1_98' title="bbox 461 5156 2048 5236; baseline 0.007 -28"><span class='ocrx_word' id='word_1_763' title='bbox 461 5163 754 5210; x_wconf 83' lang='lat' dir='ltr'><strong>contusum</strong></span> <span class='ocrx_word' id='word_1_764' title='bbox 803 5156 873 5211; x_wconf 91' lang='lat' dir='ltr'><strong>ad</strong></span> <span class='ocrx_word' id='word_1_765' title='bbox 923 5157 1133 5224; x_wconf 90' lang='lat' dir='ltr'><strong>lumen,</strong></span> <span class='ocrx_word' id='word_1_766' title='bbox 1184 5167 1248 5214; x_wconf 92' lang='lat' dir='ltr'><strong>ut</strong></span> <span class='ocrx_word' id='word_1_767' title='bbox 1283 5159 1477 5216; x_wconf 90' lang='lat' dir='ltr'><strong>ardeat</strong></span> <span class='ocrx_word' id='word_1_768' title='bbox 1514 5163 1740 5219; x_wconf 87' lang='lat' dir='ltr'><strong>lucerna</strong></span> <span class='ocrx_word' id='word_1_769' title='bbox 1779 5173 2048 5236; x_wconf 84' lang='lat' dir='ltr'><strong>perpetuo</strong></span> 
     </span>
    </p>
   </div>
   <div class='ocr_carea' id='block_1_99' title="bbox 461 5247 2050 5322">
    <p class='ocr_par' dir='ltr' id='par_1_99' title="bbox 461 5247 2050 5322">
     <span class='ocr_line' id='line_1_99' title="bbox 461 5247 2050 5322; baseline 0.009 -24"><span class='ocrx_word' id='word_1_770' title='bbox 461 5257 615 5302; x_wconf 79' lang='lat' dir='ltr'><strong>extra</strong></span> <span class='ocrx_word' id='word_1_771' title='bbox 645 5247 896 5302; x_wconf 89' lang='lat' dir='ltr'><strong>velamen</strong></span> <span class='ocrx_word' id='word_1_772' title='bbox 936 5248 991 5302; x_wconf 90' lang='lat' dir='ltr'><strong>in</strong></span> <span class='ocrx_word' id='word_1_773' title='bbox 1019 5249 1372 5307; x_wconf 89' lang='lat' dir='ltr'><strong>tabernaculo</strong></span> <span class='ocrx_word' id='word_1_774' title='bbox 1398 5255 1734 5322; x_wconf 89' lang='lat' dir='ltr'><strong>testimonii;</strong></span> <span class='ocrx_word' id='word_1_775' title='bbox 1774 5265 1830 5312; x_wconf 87' lang='lat' dir='ltr'><strong>et</strong></span> <span class='ocrx_word' id='word_1_776' title='bbox 1857 5273 2050 5312; x_wconf 90' lang='lat' dir='ltr'><strong>accen-</strong></span> 
     </span>
    </p>
   </div>
   <div class='ocr_carea' id='block_1_100' title="bbox 439 5336 2049 5417">
    <p class='ocr_par' dir='ltr' id='par_1_100' title="bbox 439 5336 2049 5417">
     <span class='ocr_line' id='line_1_100' title="bbox 439 5336 2049 5417; baseline 0.007 -28"><span class='ocrx_word' id='word_1_777' title='bbox 439 5336 556 5391; x_wconf 81' lang='lat' dir='ltr'><strong>-det</strong></span> <span class='ocrx_word' id='word_1_778' title='bbox 602 5338 734 5392; x_wconf 88' lang='lat' dir='ltr'><strong>illud</strong></span> <span class='ocrx_word' id='word_1_779' title='bbox 769 5339 954 5394; x_wconf 84' lang='lat' dir='ltr'><strong>Aaron</strong></span> <span class='ocrx_word' id='word_1_780' title='bbox 990 5347 1048 5394; x_wconf 89' lang='lat' dir='ltr'><strong>et</strong></span> <span class='ocrx_word' id='word_1_781' title='bbox 1078 5339 1176 5396; x_wconf 85' lang='lat' dir='ltr'><strong>filii</strong></span> <span class='ocrx_word' id='word_1_782' title='bbox 1223 5343 1342 5413; x_wconf 87' lang='lat' dir='ltr'><strong>ejus</strong></span> <span class='ocrx_word' id='word_1_783' title='bbox 1377 5359 1406 5398; x_wconf 92' lang='lat' dir='ltr'><strong>a</strong></span> <span class='ocrx_word' id='word_1_784' title='bbox 1434 5360 1663 5416; x_wconf 85' lang='lat' dir='ltr'><strong>vespera</strong></span> <span class='ocrx_word' id='word_1_785' title='bbox 1686 5363 1859 5417; x_wconf 88' lang='lat' dir='ltr'><strong>usque</strong></span> <span class='ocrx_word' id='word_1_786' title='bbox 1888 5362 2049 5401; x_wconf 90' lang='lat' dir='ltr'><strong>mane</strong></span> 
     </span>
    </p>
   </div>
   <div class='ocr_carea' id='block_1_101' title="bbox 465 5429 2045 5510">
    <p class='ocr_par' dir='ltr' id='par_1_101' title="bbox 465 5429 2045 5510">
     <span class='ocr_line' id='line_1_101' title="bbox 465 5429 2045 5510; baseline 0.008 -28"><span class='ocrx_word' id='word_1_787' title='bbox 465 5429 517 5483; x_wconf 85' lang='lat' dir='ltr'><strong>in</strong></span> <span class='ocrx_word' id='word_1_788' title='bbox 546 5441 842 5502; x_wconf 85' lang='lat' dir='ltr'><strong>conspectu</strong></span> <span class='ocrx_word' id='word_1_789' title='bbox 896 5435 1112 5490; x_wconf 91' lang='lat' dir='ltr'><strong>Domini</strong></span> <span class='ocrx_word' id='word_1_790' title='bbox 1154 5437 1378 5508; x_wconf 86' lang='lat' dir='ltr'><strong>jugiter,</strong></span> <span class='ocrx_word' id='word_1_791' title='bbox 1417 5437 1723 5510; x_wconf 87' lang='lat' dir='ltr'><strong>legitimum</strong></span> <span class='ocrx_word' id='word_1_792' title='bbox 1753 5440 2045 5510; x_wconf 83' lang='lat' dir='ltr'><strong>sempiter-</strong></span> 
     </span>
    </p>
   </div>
   <div class='ocr_carea' id='block_1_102' title="bbox 464 5523 2042 5602">
    <p class='ocr_par' dir='ltr' id='par_1_102' title="bbox 464 5523 2042 5602">
     <span class='ocr_line' id='line_1_102' title="bbox 464 5523 2042 5602; baseline 0.008 -29"><span class='ocrx_word' id='word_1_793' title='bbox 464 5536 594 5575; x_wconf 90' lang='lat' dir='ltr'><strong>num</strong></span> <span class='ocrx_word' id='word_1_794' title='bbox 627 5523 682 5577; x_wconf 92' lang='lat' dir='ltr'><strong>in</strong></span> <span class='ocrx_word' id='word_1_795' title='bbox 719 5528 1010 5596; x_wconf 84' lang='lat' dir='ltr'><strong>progenies</strong></span> <span class='ocrx_word' id='word_1_796' title='bbox 1047 5536 1278 5585; x_wconf 83' lang='lat' dir='ltr'><strong>vestras.</strong></span> <span class='ocrx_word' id='word_1_797' title='bbox 1322 5530 1382 5584; x_wconf 91' lang='lat' dir='ltr'><strong>In</strong></span> <span class='ocrx_word' id='word_1_798' title='bbox 1417 5531 1747 5587; x_wconf 76' lang='lat' dir='ltr'><strong>candelabro</strong></span> <span class='ocrx_word' id='word_1_799' title='bbox 1779 5548 1919 5602; x_wconf 89' lang='lat' dir='ltr'><strong>puro</strong></span> <span class='ocrx_word' id='word_1_800' title='bbox 1947 5548 2042 5586; x_wconf 92' lang='lat' dir='ltr'><strong>ac—</strong></span> 
     </span>
    </p>
   </div>
   <div class='ocr_carea' id='block_1_103' title="bbox 464 5611 2042 5691">
    <p class='ocr_par' dir='ltr' id='par_1_103' title="bbox 464 5611 2042 5691">
     <span class='ocr_line' id='line_1_103' title="bbox 464 5611 2042 5691; baseline 0.006 -26"><span class='ocrx_word' id='word_1_801' title='bbox 464 5611 708 5668; x_wconf 79' lang='lat' dir='ltr'><strong>cendetis</strong></span> <span class='ocrx_word' id='word_1_802' title='bbox 759 5614 1010 5672; x_wconf 91' lang='lat' dir='ltr'><strong>lucernas</strong></span> <span class='ocrx_word' id='word_1_803' title='bbox 1059 5633 1241 5673; x_wconf 92' lang='lat' dir='ltr'><strong>coram</strong></span> <span class='ocrx_word' id='word_1_804' title='bbox 1291 5619 1525 5674; x_wconf 89' lang='lat' dir='ltr'><strong>Domino</strong></span> <span class='ocrx_word' id='word_1_805' title='bbox 1561 5637 1738 5691; x_wconf 88' lang='lat' dir='ltr'><strong>usque</strong></span> <span class='ocrx_word' id='word_1_806' title='bbox 1766 5635 1945 5684; x_wconf 89' lang='lat' dir='ltr'><strong>mane,</strong></span> <span class='ocrx_word' id='word_1_807' title='bbox 1986 5629 2042 5675; x_wconf 84' lang='lat' dir='ltr'><strong>et</strong></span> 
     </span>
    </p>
   </div>
   <div class='ocr_carea' id='block_1_104' title="bbox 463 5702 2036 5784">
    <p class='ocr_par' dir='ltr' id='par_1_104' title="bbox 463 5702 2036 5784">
     <span class='ocr_line' id='line_1_104' title="bbox 463 5702 2036 5784; baseline 0.009 -32"><span class='ocrx_word' id='word_1_808' title='bbox 463 5702 744 5773; x_wconf 82' lang='lat' dir='ltr'><strong>accipietis</strong></span> <span class='ocrx_word' id='word_1_809' title='bbox 759 5705 1013 5774; x_wconf 88' lang='lat' dir='ltr'><strong>similam,</strong></span> <span class='ocrx_word' id='word_1_810' title='bbox 1033 5717 1088 5764; x_wconf 88' lang='lat' dir='ltr'><strong>et</strong></span> <span class='ocrx_word' id='word_1_811' title='bbox 1111 5709 1322 5766; x_wconf 80' lang='lat' dir='ltr'><strong>facietis</strong></span> <span class='ocrx_word' id='word_1_812' title='bbox 1350 5726 1415 5765; x_wconf 78' lang='lat' dir='ltr'><strong>ex</strong></span> <span class='ocrx_word' id='word_1_813' title='bbox 1436 5726 1500 5766; x_wconf 92' lang='lat' dir='ltr'><strong>ea</strong></span> <span class='ocrx_word' id='word_1_814' title='bbox 1527 5711 1816 5768; x_wconf 89' lang='lat' dir='ltr'><strong>duodecim</strong></span> <span class='ocrx_word' id='word_1_815' title='bbox 1835 5727 2036 5784; x_wconf 85' lang='lat' dir='ltr'><strong>panes;</strong></span> 
     </span>
    </p>
   </div>
   <div class='ocr_carea' id='block_1_105' title="bbox 565 5821 1119 5888">
    <p class='ocr_par' dir='ltr' id='par_1_105' title="bbox 565 5821 1119 5888">
     <span class='ocr_line' id='line_1_105' title="bbox 565 5821 1119 5888; baseline 0.004 -13"><span class='ocrx_word' id='word_1_816' title='bbox 565 5821 610 5852; x_wconf 84' lang='lat'>&quot;</span> <span class='ocrx_word' id='word_1_817' title='bbox 651 5830 782 5876; x_wconf 66' lang='lat' dir='ltr'><strong>huc.</strong></span> <span class='ocrx_word' id='word_1_818' title='bbox 814 5840 886 5888; x_wconf 70' lang='grc' dir='ltr'><strong>ιιι,</strong></span> <span class='ocrx_word' id='word_1_819' title='bbox 914 5825 1002 5888; x_wconf 76' lang='lat'><strong>9.9,</strong></span> <span class='ocrx_word' id='word_1_820' title='bbox 1033 5824 1119 5878; x_wconf 77' lang='lat'><strong>30.</strong></span> 
     </span>
    </p>
   </div>
   <div class='ocr_carea' id='block_1_106' title="bbox 2219 4681 2964 4777">
    <p class='ocr_par' dir='ltr' id='par_1_106' title="bbox 2219 4681 2964 4777">
     <span class='ocr_line' id='line_1_106' title="bbox 2219 4681 2964 4777; baseline -0.008 -14"><span class='ocrx_word' id='word_1_821' title='bbox 2219 4681 2432 4763; x_wconf 73' lang='grc' dir='ltr'><strong>ηΑΛΑξ</strong></span> <span class='ocrx_word' id='word_1_822' title='bbox 2479 4705 2758 4777; x_wconf 75' lang='grc' dir='ltr'>Ἀληθὴςδ</span> <span class='ocrx_word' id='word_1_823' title='bbox 2786 4681 2964 4774; x_wconf 67' lang='grc' dir='ltr'><strong>λέγος.</strong></span> 
     </span>
    </p>
   </div>
   <div class='ocr_carea' id='block_1_107' title="bbox 2221 4790 3761 4868">
    <p class='ocr_par' dir='ltr' id='par_1_107' title="bbox 2221 4790 3761 4868">
     <span class='ocr_line' id='line_1_107' title="bbox 2221 4790 3761 4868; baseline -0.008 -12"><span class='ocrx_word' id='word_1_824' title='bbox 2221 4802 2385 4857; x_wconf 76' lang='grc' dir='ltr'>ΚΥΡ.</span> <span class='ocrx_word' id='word_1_825' title='bbox 2416 4797 2625 4868; x_wconf 86' lang='grc' dir='ltr'><strong>Λύχνου</strong></span> <span class='ocrx_word' id='word_1_826' title='bbox 2651 4797 2708 4850; x_wconf 83' lang='grc' dir='ltr'><strong>δὲ</strong></span> <span class='ocrx_word' id='word_1_827' title='bbox 2741 4798 2834 4850; x_wconf 79' lang='grc' dir='ltr'><strong>καὶ</strong></span> <span class='ocrx_word' id='word_1_828' title='bbox 2867 4795 3149 4867; x_wconf 77' lang='grc' dir='ltr'><strong>τραπέζης</strong></span> <span class='ocrx_word' id='word_1_829' title='bbox 3176 4796 3324 4867; x_wconf 83' lang='grc' dir='ltr'><strong>πέρι,</strong></span> <span class='ocrx_word' id='word_1_830' title='bbox 3358 4794 3462 4865; x_wconf 84' lang='grc' dir='ltr'><strong>τῆς</strong></span> <span class='ocrx_word' id='word_1_831' title='bbox 3492 4790 3548 4845; x_wconf 78' lang='grc' dir='ltr'><strong>έν</strong></span> <span class='ocrx_word' id='word_1_832' title='bbox 3577 4807 3648 4860; x_wconf 87' lang='grc' dir='ltr'><strong>γε</strong></span> <span class='ocrx_word' id='word_1_833' title='bbox 3683 4793 3761 4863; x_wconf 78' lang='grc' dir='ltr'><strong>τῇ</strong></span> 
     </span>
    </p>
   </div>
   <div class='ocr_carea' id='block_1_108' title="bbox 2149 4883 3766 4966">
    <p class='ocr_par' dir='ltr' id='par_1_108' title="bbox 2149 4883 3766 4966">
     <span class='ocr_line' id='line_1_108' title="bbox 2149 4883 3766 4966; baseline -0.006 -19"><span class='ocrx_word' id='word_1_834' title='bbox 2149 4894 2345 4966; x_wconf 79' lang='grc' dir='ltr'><strong>πρώτῃ</strong></span> <span class='ocrx_word' id='word_1_835' title='bbox 2379 4893 2573 4962; x_wconf 78' lang='grc' dir='ltr'>σκηνῇ,</span> <span class='ocrx_word' id='word_1_836' title='bbox 2609 4888 2918 4960; x_wconf 79' lang='grc' dir='ltr'><strong>γέγραπται</strong></span> <span class='ocrx_word' id='word_1_837' title='bbox 2947 4887 3110 4941; x_wconf 87' lang='grc' dir='ltr'><strong>πάλιν</strong></span> <span class='ocrx_word' id='word_1_838' title='bbox 3139 4887 3256 4940; x_wconf 80' lang='grc' dir='ltr'><strong>ὡδί·</strong></span> <span class='ocrx_word' id='word_1_839' title='bbox 3301 4906 3320 4939; x_wconf 86' lang='grc'><strong><em>‹</em></strong></span> <span class='ocrx_word' id='word_1_840' title='bbox 3368 4886 3478 4939; x_wconf 80' lang='grc' dir='ltr'><strong>Καὶ</strong></span> <span class='ocrx_word' id='word_1_841' title='bbox 3508 4883 3766 4955; x_wconf 78' lang='grc' dir='ltr'><strong>ὲλάλησε</strong></span> 
     </span>
    </p>
   </div>
   <div class='ocr_carea' id='block_1_109' title="bbox 2149 4978 3764 5056">
    <p class='ocr_par' dir='ltr' id='par_1_109' title="bbox 2149 4978 3764 5056">
     <span class='ocr_line' id='line_1_109' title="bbox 2149 4978 3764 5056; baseline -0.008 -16"><span class='ocrx_word' id='word_1_842' title='bbox 2149 4986 2356 5056; x_wconf 79' lang='grc' dir='ltr'><strong>Κύριος</strong></span> <span class='ocrx_word' id='word_1_843' title='bbox 2404 4981 2542 5054; x_wconf 78' lang='grc' dir='ltr'>πρὸς</span> <span class='ocrx_word' id='word_1_844' title='bbox 2594 4981 2801 5051; x_wconf 82' lang='grc' dir='ltr'><strong>Μωσῆν</strong></span> <span class='ocrx_word' id='word_1_845' title='bbox 2844 4979 3042 5048; x_wconf 84' lang='grc' dir='ltr'><strong>λέγων·</strong></span> <span class='ocrx_word' id='word_1_846' title='bbox 3107 4978 3382 5032; x_wconf 84' lang='grc' dir='ltr'><strong>’Έντειλαι</strong></span> <span class='ocrx_word' id='word_1_847' title='bbox 3435 4979 3548 5040; x_wconf 86' lang='grc' dir='ltr'><strong>τοῖς</strong></span> <span class='ocrx_word' id='word_1_848' title='bbox 3602 4978 3764 5041; x_wconf 81' lang='grc' dir='ltr'>υἱοῖς</span> 
     </span>
    </p>
   </div>
   <div class='ocr_carea' id='block_1_110' title="bbox 2157 5069 3767 5148">
    <p class='ocr_par' dir='ltr' id='par_1_110' title="bbox 2157 5069 3767 5148">
     <span class='ocr_line' id='line_1_110' title="bbox 2157 5069 3767 5148; baseline -0.005 -18"><span class='ocrx_word' id='word_1_849' title='bbox 2157 5076 2399 5148; x_wconf 77' lang='grc' dir='ltr'><strong>Ἰσραὴλ,</strong></span> <span class='ocrx_word' id='word_1_850' title='bbox 2433 5075 2528 5128; x_wconf 75' lang='grc' dir='ltr'><strong>καὶ</strong></span> <span class='ocrx_word' id='word_1_851' title='bbox 2560 5072 2875 5126; x_wconf 86' lang='grc' dir='ltr'><strong>λαϐέτωσαν</strong></span> <span class='ocrx_word' id='word_1_852' title='bbox 2901 5071 3076 5125; x_wconf 78' lang='grc' dir='ltr'><strong>ἔλαιον</strong></span> <span class='ocrx_word' id='word_1_853' title='bbox 3102 5071 3363 5143; x_wconf 80' lang='grc' dir='ltr'><strong>καθαρὸν,</strong></span> <span class='ocrx_word' id='word_1_854' title='bbox 3397 5069 3767 5138; x_wconf 80' lang='grc' dir='ltr'><strong>κεκομμένον</strong></span> 
     </span>
    </p>
   </div>
   <div class='ocr_carea' id='block_1_111' title="bbox 2147 5161 3794 5237">
    <p class='ocr_par' dir='ltr' id='par_1_111' title="bbox 2147 5161 3794 5237">
     <span class='ocr_line' id='line_1_111' title="bbox 2147 5161 3794 5237; baseline -0.007 -15"><span class='ocrx_word' id='word_1_855' title='bbox 2147 5170 2227 5232; x_wconf 79' lang='grc' dir='ltr'><strong>εἰς</strong></span> <span class='ocrx_word' id='word_1_856' title='bbox 2257 5167 2396 5237; x_wconf 80' lang='grc' dir='ltr'><strong>φῶς,</strong></span> <span class='ocrx_word' id='word_1_857' title='bbox 2429 5163 2628 5219; x_wconf 89' lang='grc' dir='ltr'><strong>καῦσαι</strong></span> <span class='ocrx_word' id='word_1_858' title='bbox 2659 5164 2850 5236; x_wconf 83' lang='grc' dir='ltr'><strong>λύχνον</strong></span> <span class='ocrx_word' id='word_1_859' title='bbox 2874 5164 3188 5229; x_wconf 80' lang='grc' dir='ltr'><strong>διαπαντὸς,</strong></span> <span class='ocrx_word' id='word_1_860' title='bbox 3221 5162 3421 5230; x_wconf 72' lang='grc' dir='ltr'>ἔξωθεν</span> <span class='ocrx_word' id='word_1_861' title='bbox 3451 5161 3544 5214; x_wconf 89' lang='grc' dir='ltr'><strong>τοῦ</strong></span> <span class='ocrx_word' id='word_1_862' title='bbox 3571 5175 3794 5218; x_wconf 66' lang='grc' dir='ltr'><strong>κατα-,</strong></span> 
     </span>
    </p>
   </div>
   <div class='ocr_carea' id='block_1_112' title="bbox 2148 5254 3768 5330">
    <p class='ocr_par' dir='ltr' id='par_1_112' title="bbox 2148 5254 3768 5330">
     <span class='ocr_line' id='line_1_112' title="bbox 2148 5254 3768 5330; baseline -0.007 -15"><span class='ocrx_word' id='word_1_863' title='bbox 2148 5259 2494 5330; x_wconf 85' lang='grc' dir='ltr'><strong>πετάσματος</strong></span> <span class='ocrx_word' id='word_1_864' title='bbox 2520 5259 2578 5311; x_wconf 79' lang='grc' dir='ltr'><strong>ὲν</strong></span> <span class='ocrx_word' id='word_1_865' title='bbox 2604 5260 2670 5329; x_wconf 80' lang='grc' dir='ltr'><strong>τῇ</strong></span> <span class='ocrx_word' id='word_1_866' title='bbox 2695 5260 2864 5330; x_wconf 82' lang='grc' dir='ltr'><strong>σκηνῇ</strong></span> <span class='ocrx_word' id='word_1_867' title='bbox 2886 5257 2980 5311; x_wconf 87' lang='grc' dir='ltr'><strong>τοῦ</strong></span> <span class='ocrx_word' id='word_1_868' title='bbox 3008 5257 3308 5330; x_wconf 84' lang='grc' dir='ltr'><strong>μαρτυρίου</strong></span> <span class='ocrx_word' id='word_1_869' title='bbox 3337 5274 3350 5287; x_wconf 76' lang='grc'><strong><em>⁸</em></strong></span> <span class='ocrx_word' id='word_1_870' title='bbox 3380 5255 3474 5310; x_wconf 57' lang='grc' dir='ltr'><strong>καί¹</strong></span> <span class='ocrx_word' id='word_1_871' title='bbox 3500 5254 3768 5307; x_wconf 81' lang='grc' dir='ltr'><strong>καύσου-</strong></span> 
     </span>
    </p>
   </div>
   <div class='ocr_carea' id='block_1_113' title="bbox 2150 5345 3765 5421">
    <p class='ocr_par' dir='ltr' id='par_1_113' title="bbox 2150 5345 3765 5421">
     <span class='ocr_line' id='line_1_113' title="bbox 2150 5345 3765 5421; baseline -0.006 -15"><span class='ocrx_word' id='word_1_872' title='bbox 2150 5371 2234 5406; x_wconf 85' lang='grc' dir='ltr'><strong>σιν</strong></span> <span class='ocrx_word' id='word_1_873' title='bbox 2263 5352 2393 5406; x_wconf 74' lang='grc' dir='ltr'><strong>αὐτὸ</strong></span> <span class='ocrx_word' id='word_1_874' title='bbox 2433 5348 2644 5421; x_wconf 83' lang='grc' dir='ltr'><strong>Ἀαρὼν</strong></span> <span class='ocrx_word' id='word_1_875' title='bbox 2674 5351 2767 5404; x_wconf 72' lang='grc' dir='ltr'><strong>καὶ</strong></span> <span class='ocrx_word' id='word_1_876' title='bbox 2799 5353 2847 5403; x_wconf 90' lang='grc' dir='ltr'><strong>οί</strong></span> <span class='ocrx_word' id='word_1_877' title='bbox 2882 5351 2987 5404; x_wconf 74' lang='grc' dir='ltr'><strong>υἱοὶ</strong></span> <span class='ocrx_word' id='word_1_878' title='bbox 3014 5349 3181 5404; x_wconf 84' lang='grc' dir='ltr'><strong>αὐτοῦ</strong></span> <span class='ocrx_word' id='word_1_879' title='bbox 3215 5349 3324 5404; x_wconf 88' lang='grc' dir='ltr'><strong>ἀπὸ</strong></span> <span class='ocrx_word' id='word_1_880' title='bbox 3356 5346 3596 5418; x_wconf 81' lang='grc' dir='ltr'><strong>ἑσπέρας</strong></span> <span class='ocrx_word' id='word_1_881' title='bbox 3635 5345 3765 5410; x_wconf 76' lang='grc' dir='ltr'><strong>ἕως</strong></span> 
     </span>
    </p>
   </div>
   <div class='ocr_carea' id='block_1_114' title="bbox 2149 5437 3764 5516">
    <p class='ocr_par' dir='ltr' id='par_1_114' title="bbox 2149 5437 3764 5516">
     <span class='ocr_line' id='line_1_114' title="bbox 2149 5437 3764 5516; baseline -0.004 -19"><span class='ocrx_word' id='word_1_882' title='bbox 2149 5443 2295 5516; x_wconf 82' lang='grc' dir='ltr'>πρωῒ</span> <span class='ocrx_word' id='word_1_883' title='bbox 2323 5443 2554 5497; x_wconf 75' lang='grc' dir='ltr'><strong>ἐνώπιον</strong></span> <span class='ocrx_word' id='word_1_884' title='bbox 2583 5443 2789 5515; x_wconf 82' lang='grc' dir='ltr'><strong>Κυρίου</strong></span> <span class='ocrx_word' id='word_1_885' title='bbox 2817 5443 3128 5514; x_wconf 78' lang='grc' dir='ltr'><strong>ἐνδελεχῶς,</strong></span> <span class='ocrx_word' id='word_1_886' title='bbox 3155 5444 3385 5514; x_wconf 86' lang='grc' dir='ltr'><strong>νόμιμον</strong></span> <span class='ocrx_word' id='word_1_887' title='bbox 3418 5437 3640 5495; x_wconf 77' lang='grc' dir='ltr'><strong>αἰώνιον</strong></span> <span class='ocrx_word' id='word_1_888' title='bbox 3666 5439 3764 5500; x_wconf 75' lang='grc' dir='ltr'><strong>είς</strong></span> 
     </span>
    </p>
   </div>
   <div class='ocr_carea' id='block_1_115' title="bbox 2147 5530 3763 5608">
    <p class='ocr_par' dir='ltr' id='par_1_115' title="bbox 2147 5530 3763 5608">
     <span class='ocr_line' id='line_1_115' title="bbox 2147 5530 3763 5608; baseline -0.002 -19"><span class='ocrx_word' id='word_1_889' title='bbox 2147 5535 2247 5599; x_wconf 76' lang='grc' dir='ltr'><strong>τὰς</strong></span> <span class='ocrx_word' id='word_1_890' title='bbox 2275 5535 2469 5604; x_wconf 85' lang='grc' dir='ltr'><strong>γενεὰς</strong></span> <span class='ocrx_word' id='word_1_891' title='bbox 2514 5535 2690 5605; x_wconf 84' lang='grc' dir='ltr'><strong>ὑμῶν.</strong></span> <span class='ocrx_word' id='word_1_892' title='bbox 2757 5535 2880 5590; x_wconf 75' lang='grc' dir='ltr'><strong>Ἐπὶ</strong></span> <span class='ocrx_word' id='word_1_893' title='bbox 2929 5537 3031 5607; x_wconf 84' lang='grc' dir='ltr'><strong>τῆς</strong></span> <span class='ocrx_word' id='word_1_894' title='bbox 3078 5535 3301 5608; x_wconf 83' lang='grc' dir='ltr'><strong>λυχνίας</strong></span> <span class='ocrx_word' id='word_1_895' title='bbox 3342 5534 3443 5605; x_wconf 83' lang='grc' dir='ltr'><strong>τῆς</strong></span> <span class='ocrx_word' id='word_1_896' title='bbox 3485 5530 3763 5601; x_wconf 82' lang='grc' dir='ltr'><strong>καθαρᾶς</strong></span> 
     </span>
    </p>
   </div>
   <div class='ocr_carea' id='block_1_116' title="bbox 2148 5621 3760 5700">
    <p class='ocr_par' dir='ltr' id='par_1_116' title="bbox 2148 5621 3760 5700">
     <span class='ocr_line' id='line_1_116' title="bbox 2148 5621 3760 5700; baseline -0.001 -22"><span class='ocrx_word' id='word_1_897' title='bbox 2148 5627 2379 5679; x_wconf 83' lang='grc' dir='ltr'><strong>καύσετε</strong></span> <span class='ocrx_word' id='word_1_898' title='bbox 2399 5627 2525 5690; x_wconf 77' lang='grc' dir='ltr'><strong>τοὺς</strong></span> <span class='ocrx_word' id='word_1_899' title='bbox 2540 5626 2765 5697; x_wconf 87' lang='grc' dir='ltr'><strong>λύχνους</strong></span> <span class='ocrx_word' id='word_1_900' title='bbox 2786 5627 3024 5681; x_wconf 79' lang='grc' dir='ltr'><strong>ἐναντίον</strong></span> <span class='ocrx_word' id='word_1_901' title='bbox 3041 5628 3244 5700; x_wconf 80' lang='grc' dir='ltr'><strong>Κυρίου</strong></span> <span class='ocrx_word' id='word_1_902' title='bbox 3259 5626 3367 5691; x_wconf 63' lang='lat' dir='ltr'><strong>Et»;</strong></span> <span class='ocrx_word' id='word_1_903' title='bbox 3385 5621 3470 5690; x_wconf 81' lang='grc' dir='ltr'><strong>εἰς</strong></span> <span class='ocrx_word' id='word_1_904' title='bbox 3491 5623 3549 5677; x_wconf 87' lang='grc' dir='ltr'><strong>τὺ</strong></span> <span class='ocrx_word' id='word_1_905' title='bbox 3561 5621 3760 5692; x_wconf 69' lang='grc' dir='ltr'><strong>πρωῒ.</strong></span> 
     </span>
    </p>
   </div>
   <div class='ocr_carea' id='block_1_117' title="bbox 2148 5711 3762 5790">
    <p class='ocr_par' dir='ltr' id='par_1_117' title="bbox 2148 5711 3762 5790">
     <span class='ocr_line' id='line_1_117' title="bbox 2148 5711 3762 5790; baseline -0.001 -22"><span class='ocrx_word' id='word_1_906' title='bbox 2148 5715 2259 5770; x_wconf 77' lang='grc' dir='ltr'><strong>Καὶ</strong></span> <span class='ocrx_word' id='word_1_907' title='bbox 2287 5715 2521 5788; x_wconf 76' lang='grc' dir='ltr'><strong>λήψεσθε</strong></span> <span class='ocrx_word' id='word_1_908' title='bbox 2556 5717 2835 5787; x_wconf 87' lang='grc' dir='ltr'><strong>σεμίδαλιν</strong></span> <span class='ocrx_word' id='word_1_909' title='bbox 2856 5759 2870 5783; x_wconf 93' lang='grc'><strong>,</strong></span> <span class='ocrx_word' id='word_1_910' title='bbox 2913 5719 3009 5772; x_wconf 71' lang='grc' dir='ltr'><strong>καὶ</strong></span> <span class='ocrx_word' id='word_1_911' title='bbox 3039 5720 3293 5790; x_wconf 81' lang='grc' dir='ltr'><strong>ποιήσετε</strong></span> <span class='ocrx_word' id='word_1_912' title='bbox 3326 5715 3498 5788; x_wconf 76' lang='grc' dir='ltr'><strong>αὐτὴν</strong></span> <span class='ocrx_word' id='word_1_913' title='bbox 3523 5711 3762 5769; x_wconf 82' lang='grc' dir='ltr'><strong>δώδεκα</strong></span> 
     </span>
    </p>
   </div>
   <div class='ocr_carea' id='block_1_118' title="bbox 1221 5825 2055 5899">
    <p class='ocr_par' dir='ltr' id='par_1_118' title="bbox 1221 5825 2025 5892">
     <span class='ocr_line' id='line_1_118' title="bbox 1221 5825 2025 5892; baseline 0.002 -14"><span class='ocrx_word' id='word_1_914' title='bbox 1221 5826 1268 5856; x_wconf 80' lang='grc'><strong>’⁷³</strong></span> <span class='ocrx_word' id='word_1_915' title='bbox 1295 5825 1462 5881; x_wconf 85' lang='lat' dir='ltr'><strong>ICor.</strong></span> <span class='ocrx_word' id='word_1_916' title='bbox 1501 5842 1587 5892; x_wconf 72' lang='lat' dir='ltr'><strong>xv,</strong></span> <span class='ocrx_word' id='word_1_917' title='bbox 1614 5827 1682 5881; x_wconf 71' lang='lat'><strong>20</strong></span> <span class='ocrx_word' id='word_1_918' title='bbox 1781 5829 1825 5860; x_wconf 60' lang='grc'><strong>⁷³</strong></span> <span class='ocrx_word' id='word_1_919' title='bbox 1857 5827 2025 5884; x_wconf 80' lang='lat' dir='ltr'><strong>Hebr.</strong></span> 
     </span>
    </p>
   </div>
   <div class='ocr_carea' id='block_1_119' title="bbox 2159 5825 3290 5899">
    <p class='ocr_par' dir='ltr' id='par_1_119' title="bbox 2175 5827 3290 5899">
     <span class='ocr_line' id='line_1_119' title="bbox 2175 5827 3290 5899; baseline 0.004 -16"><span class='ocrx_word' id='word_1_920' title='bbox 2175 5827 2266 5886; x_wconf 68' lang='lat'><strong>26.</strong></span> <span class='ocrx_word' id='word_1_921' title='bbox 2345 5831 2391 5863; x_wconf 84' lang='lat'><strong><em>&quot;</em></strong></span> <span class='ocrx_word' id='word_1_922' title='bbox 2423 5828 2534 5887; x_wconf 78' lang='lat' dir='ltr'><strong>Jer.</strong></span> <span class='ocrx_word' id='word_1_923' title='bbox 2560 5847 2599 5899; x_wconf 85' lang='grc' dir='ltr'>ι,</span> <span class='ocrx_word' id='word_1_924' title='bbox 2631 5832 2690 5885; x_wconf 83' lang='lat' dir='ltr'><strong>ll</strong></span> <span class='ocrx_word' id='word_1_925' title='bbox 2749 5831 2834 5885; x_wconf 72' lang='grc'><strong>12.</strong></span> <span class='ocrx_word' id='word_1_926' title='bbox 2870 5835 2916 5865; x_wconf 72' lang='grc'><strong>⁷⁸</strong></span> <span class='ocrx_word' id='word_1_927' title='bbox 2947 5833 3090 5888; x_wconf 82' lang='lat' dir='ltr'><strong>I’sal.</strong></span> <span class='ocrx_word' id='word_1_928' title='bbox 3123 5848 3200 5899; x_wconf 87' lang='lat' dir='ltr'><strong>Ill,</strong></span> <span class='ocrx_word' id='word_1_929' title='bbox 3237 5832 3290 5890; x_wconf 84' lang='lat'><strong>6.</strong></span> 
     </span>
    </p>
   </div>
  </div>
