4118 6528
439 475 542 533 62³7

1187 468 1279 524 DE
1317 463 1765 524 ADORATIONE
1806 461 1877 520 IN
1918 458 2193 520 SPlRlTU
2231 458 2324 517 ET
2366 456 2739 518 VENTATE.
2778 459 2908 515 LIB.
2953 457 3022 515 X.

438 595 662 665 ἄρτους.
694 590 801 645 Δύο
839 578 1083 644 δεκάτων
1128 587 1283 643 ἔσται
1320 588 1351 640 ό
1385 587 1550 660 ἄρτος
1594 588 1624 640 ὁ
1657 582 1760 651 εἷς,
1794 585 1892 639 καὶ
1922 585 2045 637 trct-

2147 594 2214 636 ex
2243 580 2462 636 duabus
2489 579 2722 636 decimis
2766 579 2876 634 erit
2924 579 3101 651 panis,
3136 592 3282 633 unus
3309 593 3322 632 :
3355 586 3413 633 et
3442 576 3744 649 imponetis

438 684 635 756 θήσετε
665 681 865 746 αὐτοὺς
893 679 989 733 δύο
1009 678 1248 748 θέματα,
1283 678 1345 744 ἒξ
1372 678 1571 750 ἄρτους
1598 677 1660 732 τὸ
1688 676 1746 732 ἓν
1772 676 1916 749 θὲμα
1943 676 2037 731 ἐπὶ

408 798 411 801 π
439 774 536 841 τὴν
562 770 845 845 τράπεζαν
886 770 986 841 τὴν
1030 767 1280 838 καθαρὰν
1313 767 1495 823 ἔναντι
1533 767 1762 839 Κυρίου,
1789 767 1886 822 καὶ
1911 766 2036 820 ἐπι-

438 864 635 938 θήσετε
674 863 769 918 ἐπὶ
808 862 871 917 τὸ
907 862 1071 935 θέμα,
1099 861 1320 922 λίβανον
1364 860 1608 949 καθαρὸν
1646 861 1742 915 καὶ
1781 858 1909 925 ἀλα,
1942 856 2038 949 καί

437 955 654 1009 ἔσονται
706 953 789 1019 είς
824 953 1030 1025 ἄρτους
1082 955 1165 1017 είς
1209 948 1523 1023 ἀνάμνησιν
1568 950 1909 1022 προκείμενα
1957 948 2037 1021 τῷ

436 1047 650 1119 Κυρίῳ.
691 1046 772 1118 Τῇ
812 1045 999 1118 ἡμέρᾳ
1042 1043 1153 1099 τῶν
1199 1043 1485 1099 σαϐϐάτων
1514 1043 1821 1115 προθήσετε
1855 1041 2036 1097 ἔναντι

439 1139 645 1212 κυρίου
679 1137 977 1202 διαπαντὸς
1014 1133 1248 1190 ἐνώπιον
1288 1135 1398 1190 τῶν
1443 1133 1577 1189 υίῶν
1628 1126 1874 1205 Ἰσραὴλ,
1920 1130 2038 1186 δια·
2080 1152 2088 1158 ’

436 1231 612 1303 θήκην
640 1229 885 1287 αἰώνιοψ
908 1227 1005 1282 καὶ
1031 1226 1185 1281 ἔσται
1201 1224 1414 1298 Ἀαρὼν
1439 1225 1535 1279 καὶ
1559 1226 1673 1287 τοῖς
1687 1225 1821 1287 υίοῖς
1843 1221 2034 1288 αὑτοῦ,

435 1324 532 1378 καὶ⁸
560 1323 829 1392 φάγονται
861 1319 1003 1374 αύτά
1061 1319 1122 1372 ἐν
1161 1317 1313 1390 τόπῳ
1347 1316 1515 1388 ἁγίῳ·
1568 1315 1685 1369 ἐστι
1718 1315 1827 1387 γὰρ
1867 1315 2036 1383 Ἀγια

434 1415 544 1469 τῶν
588 1412 785 1484 ἀγίων.
820 1410 994 1465 Τοῦτο
1037 1408 1189 1481 αὐτῷ
1221 1408 1331 1463 ἀπὸ
1377 1408 1487 1462 τῶν
1518 1406 1928 1477 θυσιαζομένων
1959 1404 2036 1476 τῷ

435 1505 630 1577 Κυρίῳ
651 1544 666 1569 ,
700 1503 934 1575 νόμιμον
964 1502 1204 1556 αἰώνιον.
1248 1520 1267 1552 ι
1300 1497 1557 1572 Καθαρδν
1583 1494 1679 1552 οὖν
1723 1495 1785 1550 τδ
1822 1495 2034 1558 ἔλαιον,

433 1598 531 1655 καὶ
566 1597 675 1669 μὴν
705 1595 803 1650 καὶ
832 1593 1070 1661 ἐλάϊνον,
1100 1592 1252 1647 τοῦτ’
1287 1590 1461 1655 ἔστιν,
1498 1588 1561 1656 ἐξ
1586 1588 1807 1652 ἐλαιῶν,
1848 1587 1949 1642 οὐκ
1977 1585 2039 1652 ἐξ

434 1696 522 1749 ἐτε
531 1690 754 1767 ροειδῶν
775 1687 1111 1761 σπερμάτων
1132 1686 1230 1742 καὶ
1253 1683 1660 1756 γεωδεστέρων,
1685 1679 1746 1748 ἐξ
1763 1675 1840 1736 ὧν
1862 1680 2037 1735 ἔλαιον

396 1840 402 1847 .
437 1789 538 1860 μὲν
570 1786 835 1851 tenam,
867 1780 1023 1839 νόθον
1051 1780 1108 1834 δὲ
1137 1778 1328 1850 ὥσπερ
1364 1776 1460 1832 καὶ
1488 1775 1654 1831 οἱονεὶ
1688 1773 2042 1845 κεκαπηλευιι

439 1882 628 1954 μένον·
658 1882 748 1934 ἀεὶ
779 1880 889 1951 γάρ
920 1882 1040 1934 ἐστι
1069 1872 1317 1946 καθαρὸν
1349 1871 1445 1927 καὶ
1473 1871 1697 1943 γνήσιον
1723 1867 1941 1941 ἀληθῶς
1980 1869 2040 1923 ὲν

2146 688 2243 729 eos
2267 672 2406 729 duas
2431 673 2766 744 positiones;
2798 689 2893 729 sex
2913 688 3085 743 panes
3105 666 3273 728 erunt
3295 688 3403 727 una
3425 672 3630 743 positio
3649 688 3745 729 su-

2144 781 2246 837 per
2279 780 2527 821 mensam
2559 777 2756 837 puram
2801 781 2988 821 coram
3029 766 3265 822 Domino
3300 784 3314 819 :
3349 775 3406 822 et
3446 766 3749 838 imponetis

2144 872 2313 928 super
2341 857 2673 928 positionem
2704 858 2836 913 thus
2873 873 3077 929 purum
3120 866 3179 913 et
3207 858 3286 914 sal
3320 876 3333 912 :
3367 866 3425 914 ει
3442 865 3609 913 erunt
3641 873 3745 928 pa-

2143 966 2246 1007 nes
2290 951 2348 1007 in
2391 950 2717 1007 memoriam
2765 951 3037 1021 propositi
3080 951 3320 1006 Domino
3355 951 3497 1006 :-die
3527 949 3743 1005 sabbati

2144 1044 2466 1117 proponetis
2523 1058 2710 1099 coram
2766 1043 3003 1098 Domino
3051 1044 3109 1098 in
3154 1052 3485 1115 perpetuum
3539 1059 3572 1099 a
3617 1042 3747 1098 ﬁliis

2144 1136 2334 1203 Israel,
2370 1142 2760 1192 testamentum
2799 1136 3241 1205 sempiternum;
3278 1147 3335 1191 et
3370 1143 3538 1191 erunt
3560 1137 3749 1191 Aaron

2144 1226 2354 1308 ct_ﬁliis
2386 1228 2528 1298 ejus,
2571 1235 2630 1282 et
2673 1225 2967 1282 comedent
3002 1241 3068 1281 ea
3111 1226 3168 1280 in
3194 1226 3317 1281 loco
3356 1236 3581 1281 sancto:
3615 1233 3748 1281 sunt

2142 1323 2295 1377 enim
2316 1322 2517 1378 Sancta
2549 1329 2870 1378 sanctorum
2901 1321 3043 1376 :hoc
3068 1320 3148 1377 illi
3178 1321 3360 1387 abiis,
3389 1338 3513 1392 qua
3541 1320 3748 1377 sancti.

2145 1414 2382 1470 ﬁcantur
2397 1414 2651 1482 Domino,
2667 1414 2975 1486 legitimum
2993 1414 3392 1485 sempiternum
3407 1413 3477 1471 ’⁷.
3496 1433 3515 1465 ι
3537 1414 3746 1469 Purum

2145 1506 2314 1579 igitur
2336 1507 2607 1577 quazritur
2647 1506 2856 1573 oleum,
2895 1517 3062 1578 atque
3097 1506 3437 1578 oleaginum,
3467 1507 3523 1563 id
3547 1516 3635 1562 cst
3675 1522 3749 1562 cn

2124 1599 2304 1667 oleis,
2333 1597 2499 1673 3M
2524 1615 2638 1657 non
2669 1615 2736 1656 ex
2757 1600 2990 1656 alterius
3010 1600 3232 1672 generis
3246 1599 3556 1656 seminibus
3581 1608 3749 1670 atque

2146 1689 2531 1757 terrestribus,
2566 1707 2597 1747 e
2621 1692 2827 1763 quibus
2850 1690 3268 1763 exprimebatur
3288 1689 3512 1761 quidem
3537 1691 3747 1757 oleum,

2145 1783 2244 1840 sed
2266 1784 2503 1840 nothum
2534 1785 2947 1856 quodammodo
2970 1825 2985 1851 ,
3029 1791 3088 1839 et
3131 1783 3293 1854 quasi
3328 1783 3747 1850 adulteratam;

2146 1893 2368 1950 semper
2406 1878 2557 1934 enim
2596 1887 2683 1935 est
2720 1879 2777 1934 in
2827 1878 3094 1935 Ecclesiis
3122 1892 3328 1950 purum
3367 1888 3433 1932 ac
3468 1876 3749 1933 sincerum

446 1974 801 2046 Ἐκκλησίαις
839 1973 902 2027 τὸ
946 1971 1088 2042 φῶς,
1123 1966 1284 2042 δῆλον
1331 1965 1386 2019 δὲ
1424 1965 1508 2018 ὅτι
1539 1963 1603 2018 τὸ
1647 1963 1735 2017 διὰ
1768 1958 2045 2034 Χριστοῦ,

2147 1984 2280 2025 vere
2314 1969 2524 2036 lumen,
2548 1970 2686 2026 illud
2725 1969 3014 2036 nimirum,
3057 1969 3207 2041 quod
3238 1985 3340 2040 per
3384 1967 3667 2026 Christum
3689 1969 3748 2026 in

436 2067 745 2138 Πνεύματι,
766 2065 870 2121 κᾶν
894 2065 945 2120 εί
962 2063 1050 2119 διὰ
1071 2063 1174 2135 τῆς
1191 2057 1302 2117 τῶν
1321 2058 1493 2127 ἁγίων
1513 2057 1816 2113 διακονοῖτο
1834 2057 2040 2130 φωνῆς,

431 2160 575 2232 πρὸς
618 2158 715 2223 οὓς
764 2159 869 2230 ἔφη
897 2156 1157 2229 Χριστός⁸
1209 2173 1229 2207 ι
1281 2152 1478 2226 Ὑμεῖς
1528 2152 1656 2205 ἐστε
1685 2150 1747 2205 τὸ
1783 2149 1902 2220 φῶς
1945 2148 2042 2204 τού

372 2269 383 2282 ο
432 2254 668 2324 κόσμου.
713 2270 734 2305 ι
790 2252 902 2307 Καὶ
946 2249 1259 2322 θαυμαστὸν
1287 2245 1465 2303 οὐδέν*
1512 2245 1607 2311 οὓς
1634 2244 1747 2318 γὰρ
1779 2243 2042 2313 ἀδελφοὺς

432 2346 710 2418 ὠνόμασε,
744 2344 838 2398 καὶ
869 2344 1134 2415 μετόχους
1163 2339 1360 2395 ἑαυτοῦ
1393 2338 1804 2409 κατεστήσατο,
1830 2333 2044 2399 τούτοις

434 2441 505 2494 ἀν
536 2438 764 2501 εἰκότως
790 2438 888 2491 καὶ
915 2435 1026 2489 τῶν
1055 2432 1202 2488 ἰδίων
1232 2430 1563 2503 ἀξιωμάτων
1593 2425 1910 2501 ἐπιμερίζοι
1941 2424 2043 2497 τὴν

432 2530 613 2596 δόξαν.
655 2530 890 2584 Καίεται
927 2528 995 2600 δὴ
1037 2523 1133 2582 οὖν
1173 2527 1203 2581 ό
1251 2527 1445 2599 λύχνος
1489 2525 1585 2580 καὶ
1625 2526 1684 2579 ἐν
1730 2525 1799 2596 τῇ
1847 2522 2044 2595 πρώτῃ

435 2626 636 2696 σκηνῇ,
666 2623 763 2676 καὶ
798 2620 978 2676 διττὸν
1003 2620 1071 2676 ἂν
1100 2618 1214 2692 ἔχοι
1241 2619 1303 2673 τὸ
1330 2619 1522 2691 χρῆμα
1548 2617 1641 2671 τὸν
1670 2615 1820 2671 νοῢν’
1854 2617 1912 2669 ὲν
1943 2614 2045 2685 μὲν

433 2716 548 2787 γὰρ
604 2718 674 2789 τῇ
731 2716 980 2788 ἐσωτέρςι
1032 2717 1208 2786 σκηνῇ
1275 2712 1460 2784 λύχνοι
1525 2712 1813 2782 φαίνουσιν
1872 2710 2039 2779 ἑπτὰ,

435 2810 803 2881 ἐξαπτόμενοι
832 2809 896 2863 τδ
922 2807 1089 2880 πρωῒ,
1119 2809 1218 2861 καὶ
1244 2805 1502 2861 πλούσιον
1523 2807 1636 2869 τοῖς
1668 2803 2044 2877 εἰστρέχουσιν

437 2903 675 2966 ἐνιέντες
716 2902 779 2955 τὸ
822 2901 939 2972 φῶς
961 2943 975 2956 .
1021 2900 1136 2956 Kal.
1162 2896 1232 2972 ἦν
1257 2900 1292 2971 ἡ
1329 2898 1523 2970 λυχνία
1560 2898 1831 2971 Χριστὸς,
1877 2896 1954 2962 ὡς
1988 2898 2046 2951 ἐν

436 2995 598 3070 τύπῳ
630 2993 794 3051 πάλιν
822 2994 953 3058 τοὺς
982 2995 1064 3059 είς
1092 2992 1162 3048 τά
1186 2992 1358 3063 ’Ἅγια
1386 2992 1499 3047 τῶν
1526 2991 1701 3061 ἁγίων
1738 2991 2045 3061 είστρέχειν

437 3089 730 3152 ἐθέλοντας
759 3087 945 3159 πολλῷ
975 3086 1072 3142 καὶ
1117 3087 1427 3159 ἀμφιλαφεῖ
1467 3081 1838 3153 καταυγάζων
1879 3081 2040 3152 φωτί·

447 3205 466 3238 ι
496 3182 835 3255 Προσελθετε
867 3182 1000 3254 γὰρ,
1016 3181 1174 3254 φησὶ,
1200 3180 1337 3252 πρὸς
1357 3177 1523 3234 αὐτὸν
1543 3176 1642 3231 καὶ¹
1663 3175 1994 3247 φωτίσθητε.
2018 3193 2040 3228 ι

437 3276 553 3330 Καὶ
584 3274 691 3347 μὴν
720 3275 816 3328 καὶ
847 3273 912 3328 τὸ
941 3270 1302 3328 ἀνακαίεσθαι
1335 3270 1396 3326 τὸ
1457 3267 1607 3342 πρωϊ
1643 3267 1773 3332 τοὺς
1816 3266 2048 3338 λύχνους

438 3368 886 3441 κατασημήνειεν
920 3365 987 3423 ἂν
1024 3366 1126 3438 τῆς
1165 3363 1642 3437 ἐνανθρωπήσεως
1685 3362 1781 3417 τὸν
1827 3360 2044 3433 καιρόν.

439 3461 717 3535 Διηύγασε
769 3461 917 3534 γὰρ,
965 3453 1057 3515 οἷά
1084 3476 1168 3524 τις
1211 3458 1423 3533 ἡμέρα,
1458 3458 1556 3511 καὶ⁹
1603 3454 1720 3527 φῶς
1768 3453 2052 3527 ἀνέλαμψε

441 3556 657 3629 νοητὸν,
688 3558 791 3627 τῆς
815 3554 1052 3627 ἀρχαίας
1072 3556 1105 3625 ἡ
1114 3552 1232 3624 μῶν
1257 3550 1501 3625 ἀμαθίας
1530 3551 1775 3608 ἐλαύνων
1799 3549 1891 3605 τὸν
1921 3548 2045 3603 6x6-

442 3667 571 3713 τον,
599 3648 696 3703 καὶ
722 3648 800 3712 ὡς
834 3649 892 3702 ἐν
921 3645 1073 3712 τάξει
1109 3647 1336 3710 νυκτὸς,
1368 3647 1470 3718 τὴν
1502 3643 1893 3716 ἐπισκήψάσαν
1928 3643 2053 3706 ταῖς

441 3742 706 3797 ἁπάντων
745 3740 998 3812 καρδίαις
1022 3739 1517 3795 κατασκεδαννύων
1544 3738 1735 3810 ἀχλύν.
1760 3737 1920 3793 Οὕτω
1940 3736 2052 3811 γὰρ

442 3836 583 3906 ἡμῖν
619 3833 721 3906 τῆς
751 3834 848 3888 τοῦ
878 3834 1136 3906 Σωτῆρος
1175 3833 1476 3906 ἐπιδημίας
1516 3833 1610 3888 τὸν
1646 3831 1841 3905 καιρὸν
1884 3830 1982 3883 καὶ
2024 3831 2055 3883 ὁ

443 3929 741 4001 προφήτης
773 3927 1079 4001 παρεκάλει
1128 3927 1327 3997 λέγων·
1376 3945 1397 3979 ι
1445 3927 1522 3981 Τὸ
1563 3924 1712 4000 πρωῒ
1754 3923 2054 3995 εἰσακούσῃ

442 4023 553 4093 τῆς
604 4022 807 4094 φωνῆς¹
854 4037 991 4092 μου,
1038 4021 1101 4075 τὸ
1137 4019 1283 4093 πρωῒ
1321 4019 1756 4092 παραστήσομαι
1804 4036 1911 4083 σοι,
1960 4019 2057 4073 καὶ

445 4114 751 4185 ἐπόψομαι.
822 4132 842 4166 ι
876 4113 1016 4166 Πότε
1043 4111 1154 4182 γὰρ
1176 4111 1244 4166 ἂν
1274 4111 1464 4167 δεκταὶ
1486 4110 1777 4182 γεγόνασιν
1810 4111 1866 4164 αἱ
1889 4109 2058 4165 suav.

445 4224 563 4261 των
610 4205 793 4277 εὐχαὶ,
840 4204 941 4259 καὶ
988 4206 1038 4260 οί
1089 4205 1260 4261 πάλαι
1299 4201 1647 4276 πλανώμενοι
1698 4203 2058 4276 παρέστημεν

444 4298 617 4353 οἱονεὶ
645 4297 724 4368 τῷ
749 4295 902 4368 Θεῷ,
934 4296 1002 4350 δι’
1018 4294 1376 4366 οἰκειότητος,
1408 4293 1652 4366 δηλονότι
1679 4294 1781 4365 τῆς
1811 4310 2059 4365 πνευμαα

445 4391 637 4461 τικῆς,
668 4389 763 4444 καὶ
795 4389 1040 4461 ὑπακοῆς
1060 4389 1155 4443 καὶ
1184 4388 1443 4455 πίστεως,
1475 4388 1524 4441 εί
1558 4376 1663 4459 μὴν
1694 4387 1758 4440 τὸ
1785 4386 1903 4456 φῶς
1926 4388 2059 4457 ἡμῖν

2146 2062 2359 2135 Spiritu
2404 2070 2599 2120 sancto
2638 2064 2987 2125 accenditur.
3027 2068 3287 2136 quamvis
3305 2076 3626 2124 sanctorum
3658 2064 3749 2120 vi-

2145 2171 2336 2212 rorum
2394 2172 2533 2214 voce
2571 2156 2950 2223 ministretur,
2996 2157 3202 2228 quibus
3252 2160 3394 2215 dixit
3445 2159 3746 2219 Christus:

2152 2268 2173 2303 ¢
2202 2250 2314 2307 Vos
2342 2251 2480 2307 estis
2517 2251 2614 2307 lux
2648 2252 2842 2308 mundi
2866 2252 2933 2307 ⁷⁸.
2974 2271 2994 2305 ι
3017 2252 3215 2324 Neque
3263 2254 3321 2309 id
3352 2254 3582 2322 mirum;
3618 2269 3750 2311 nam

2144 2358 2290 2416 quos
2321 2343 2525 2402 fratres
2547 2346 2866 2417 appellavit,
2893 2354 2952 2402 et
2994 2347 3297 2418 participes
3325 2347 3411 2403 sui
3433 2348 3749 2413 constituit,

2146 2437 2217 2495 iis
2234 2437 2636 2494 convenienter
2671 2453 2899 2494 suarum
2942 2439 3345 2511 proprietatum
3370 2440 3603 2511 gloriam
3648 2440 3758 2495 im-

2145 2534 2338 2605 partit.
2372 2532 2546 2589 Ardet
2566 2533 2755 2604 itaque
2788 2533 3038 2599 lucerna,
3069 2534 3127 2589 in
3159 2535 3341 2605 primo
3393 2535 3757 2590 tabernaculo

2146 2626 2336 2694 ardet;
2361 2640 2540 2698 eaque
2566 2640 2658 2682 res
2693 2625 2981 2695 duplicem
3033 2626 3241 2682 habere
3269 2643 3495 2683 sensum
3534 2634 3752 2698 potest;

2145 2736 2278 2776 nam
2301 2721 2354 2776 in
2380 2720 2635 2777 interiori
2662 2719 3023 2776 tabernaculo
3041 2728 3254 2791 septem
3273 2721 3515 2777 lucernae
3530 2721 3720 2776 lucent
3736 2758 3754 2784 ,

2148 2831 2274 2887 qua:
2303 2829 2467 2870 mane
2495 2813 2901 2880 accenduntur,
2933 2820 3100 2885 atque
3129 2813 3415 2885 copiosum
3449 2812 3758 2884 ingredien-

2132 2910 2300 2965 tibus
2341 2909 2530 2966 lumen
2561 2910 2894 2966 immittunt.
2922 2911 3001 2966 Ac
3054 2910 3285 2966 lucerna
3319 2908 3564 2981 quidem,
3602 2918 3666 2964 ut
3698 2908 3756 2963 in

2148 2999 2347 3073 ﬁgura,
2378 2986 2576 3058 rursus
2604 3000 2863 3058 Christus
2897 3008 3038 3067 erat,
3080 3001 3177 3072 qui
3208 3001 3386 3058 multo
3417 3002 3758 3073 copioseque

2147 3093 2359 3149 lumine
2400 3093 2457 3148 in
2497 3092 2699 3150 Sancta
2731 3102 3054 3151 sanctorum
3100 3093 3317 3166 ingredi
3352 3095 3603 3150 volentes
3633 3095 3762 3149 illu-

2148 3189 2319 3239 strat:
2348 3200 2368 3235 ι
2390 3182 2651 3239 Accedite
2669 3185 2840 3250 enim,
2867 3204 2889 3236 ι
2912 3184 3156 3255 inquit,t
3185 3184 3254 3238 ad
3280 3199 3433 3249 eum,
3468 3193 3526 3240 et
3546 3184 3757 3239 illumi.

2147 3276 2360 3332 namini
2387 3277 2454 3332 ⁷⁹.
2495 3297 2515 3329 ι
2552 3276 2872 3345 Quinetiam
2911 3277 3063 3350 quod
3111 3294 3276 3335 mane
3307 3279 3762 3335 accendebantur

2150 3370 2428 3436 lucernae,
2491 3368 2787 3442 designare
2848 3369 3054 3442 poterit
3118 3371 3304 3442 ipsum
3354 3371 3764 3428 incarnationis

2152 3472 2375 3536 tempus
2404 3473 2563 3522 :tum
2606 3465 2757 3521 enim
2813 3466 2970 3521 velut
3013 3465 3135 3523 dies
3172 3466 3401 3538 quidam
3453 3466 3657 3532 illuxit,
3703 3477 3763 3524 et

2153 3559 2446 3630 spirituale
2473 3560 2665 3616 lumen
2699 3558 2932 3627 eﬁ'ulsit,
2953 3559 3102 3631 quod
3130 3567 3337 3617 nostrae
3366 3561 3572 3616 veteris
3599 3560 3760 3634 ignea

2153 3648 2351 3704 rantiat
2379 3647 2640 3704 tenebras
2677 3647 2931 3719 dispulit,
2974 3648 3237 3721 illamque
3286 3649 3599 3722 caliginem,
3638 3660 3765 3721 qua:

2153 3741 2339 3797 noctis
2392 3741 2569 3798 instar
2611 3741 3005 3797 universorum
3070 3741 3340 3798 cordibus
3390 3750 3512 3798 erat
3561 3740 3763 3806 omisa,

2140 3833 2469 3906 dissipavit.
2509 3835 2601 3891 Sic
2628 3835 2778 3890 enim
2810 3843 3051 3907 tempus,
3083 3850 3201 3907 quo,
3233 3834 3487 3891 Salvator
3514 3833 3764 3902 advenit,

2156 3927 2429 3999 propheta
2448 3942 2671 3998 quoque
2696 3927 2858 3998 longe
2879 3937 3006 3983 ante
3029 3927 3269 3992 vocavit,
3299 3927 3526 3983 dicens:
3558 3947 3575 3978 ι
3605 3927 3766 3983 Mane

2156 4019 2423 4075 exaudies
2450 4034 2642 4075 vocem
2678 4034 2888 4085 meam,
2926 4035 3089 4075 mane
3120 4020 3317 4076 astabo
3350 4021 3472 4088 tibi,
3509 4032 3567 4079 et
3602 4021 3765 4079 vide-

2158 4113 2232 4170 bo
2263 4114 2331 4168 ”.
2378 4132 2396 4165 ι
2456 4111 2690 4180 Quando
2722 4112 2870 4167 enim
2910 4120 3152 4184 acceptae
3191 4112 3428 4170 fuissent
3472 4116 3764 4173 universo-

2158 4220 2283 4261 rum
2303 4220 2518 4277 preces,
2533 4211 2590 4261 et
2614 4219 2717 4261 nos
2735 4204 2866 4260 olim
2888 4213 3145 4261 errantes
3167 4220 3268 4276 per
3289 4208 3763 4278 coniunctionem,

2154 4298 2424 4353 nimirum
2447 4297 2816 4369 spiritualem,
2836 4304 2893 4354 et
2920 4297 3296 4355 obedientiam
3323 4314 3388 4355 ac
3423 4299 3585 4355 ﬁdem
3614 4309 3765 4358 asta-

2161 4405 2350 4446 remus
2397 4390 2534 4455 Deo,
2575 4389 2685 4446 nisi
2718 4390 2884 4445 nobis
2923 4389 3061 4445 illud
3091 4405 3122 4446 e
3154 4390 3298 4446 ctelo
3326 4391 3540 4458 lumen,
3570 4391 3624 4447 id
3655 4401 3765 4459 est,

3634 458 3739 515 678
3806 488 3811 493 ~

446 4487 741 4559 ἐπέλαμψε
767 4487 828 4541 τὸ
852 4486 914 4553 ἐξ
940 4483 1199 4559 ούρανοῦ,
1225 4481 1525 4549 τοῦτ’ἐστι,
1551 4481 1820 4554 Χριστός;
1848 4477 2045 4534 Οὐκοῦι

2159 4481 2437 4547 Christus,
2466 4481 2806 4538 aﬂ‘ulsisset?
2835 4482 3011 4554 igitur
3041 4482 3100 4538 in
3133 4482 3398 4539 interiore
3427 4484 3652 4555 quidem
3679 4494 3767 4541 ta.

447 4581 515 4632 ὲν
550 4578 650 4648 μὲν
681 4580 750 4649 τῇ
788 4575 1037 4649 ἐσωτέρᾳ
1104 4576 1280 4647 σκηνῇ
1320 4571 1577 4627 πλούσιόν
1616 4587 1679 4626 τε
1728 4570 1824 4623 καὶ
1861 4567 2045 4622 λεπτὺι

2163 4572 2467 4629 bernaculo
2495 4573 2781 4644 copiosum
2812 4587 2877 4628 ac
2908 4587 3112 4644 purum
3167 4581 3377 4644 septem
3407 4573 3628 4629 illarum
3676 4572 3768 4629 lu-

445 4669 567 4725 τῶν
606 4670 748 4724 ἑπτὰ
777 4668 990 4740 λύχνων
1021 4668 1082 4722 τὸ
1121 4666 1273 4738 φῶς,
1334 4668 1394 4721 ἐν
1436 4664 1496 4719 δέ
1533 4666 1600 4736 τῇ
1649 4662 1841 4736 πρώτῃ
1883 4664 2045 4733 σκηνῇ

2164 4680 2463 4721 cernarum
2508 4665 2699 4720 lumen
2738 4672 2891 4733 erat;
2940 4664 3038 4721 sed
3088 4665 3146 4720 in
3197 4664 3378 4735 primo
3411 4664 3769 4721 tabernaculo

448 4760 652 4835 λύχνος
674 4758 743 4836 ἦν
765 4764 794 4816 ὁ
819 4761 1049 4832 φαίνων,
1081 4758 1367 4831 ἐμφαίνων
1397 4774 1478 4824 τε,
1513 4752 1785 4828 οἷμαι,ξμὴ
1807 4754 1934 4825 δίχα
1960 4752 2045 4806 τοὶ

2152 4758 2385 4814 lucerna
2414 4765 2536 4814 erat
2572 4757 2790 4827 lucens,
2839 4772 2951 4829 quo
2979 4758 3368 4814 declarabatur
3389 4800 3402 4825 ,
3446 4766 3508 4813 ut
3545 4756 3767 4829 opiner,

451 4857 608 4913 θείου
638 4855 838 4927 φωτὸς,
870 4854 1007 4927 μηδέ
1036 4853 1237 4917 αὐτοὺς
1265 4846 1412 4907 εῖναι
1469 4851 1599 4915 τοὺς
1628 4852 1687 4904 ἐν
1717 4850 1869 4919 νόμῳ
1899 4846 2045 4900 παιδ-

2157 4866 2230 4906 ne
2277 4850 2428 4921 ipsos
2462 4849 2712 4920 quidem,
2764 4850 2954 4921 quiin
3002 4851 3122 4922 lege
3148 4851 3604 4916 instituebantur,
3646 4865 3768 4905 esse

448 4967 681 5020 αγωγου
689 4949 883 5022 μένους
910 4947 1340 5019 καταδηλοῦντος
1360 4944 1457 5001 τοῦ
1480 4944 1828 5016 πράγματος.
1847 4938 2040 4994 Ἐκάλε

2161 4942 2337 4999 divini
2372 4942 2602 4998 luminis
2638 4950 2923 5013 expertes.
2962 4943 3101 4999 Nam
3136 4944 3225 4999 lex
3255 4958 3476 5015 quoque
3498 4943 3667 5014 Moysi
3695 4957 3766 4997 ex

447 5043 569 5116 γὰρ
617 5045 684 5097 ἐκ
732 5041 1025 5106 πολυθεΐας
1074 5043 1156 5106 είς
1195 5040 1498 5110 ἐπίγνωσιν
1528 5035 1623 5092 τού
1667 5034 1829 5106 φύσει
1876 5050 1936 5087 τε
1970 5031 2045 5087 κα⁴

2165 5035 2472 5090 multorum
2523 5034 2757 5092 deorum
2808 5036 2965 5091 cultu
3023 5036 3260 5092 vocabat
3303 5036 3372 5092 ad
3427 5034 3769 5108 agnitionem

451 5135 683 5209 ἀληθῶς
715 5135 873 5208 Θεοῦ⁸
912 5136 1005 5190 καὶ
1051 5136 1081 5188 ὁ
1114 5132 1205 5189 διά
1233 5132 1479 5196 Μωσέως
1516 5131 1703 5201 νόμος,
1733 5127 1830 5183 καὶ
1860 5124 2045 5197 ἀφίστι

2159 5127 2309 5197 ejus,
2333 5125 2431 5197 qui
2479 5134 2676 5209 natura
2708 5141 2950 5197 vereque
2972 5126 3119 5183 Deus
3148 5133 3270 5195 est;
3308 5142 3373 5182 ac
3404 5134 3624 5181 veteres
3646 5123 3775 5179 illos

455 5230 564 5303 μὲν
608 5230 739 5294 τοὺς
777 5226 1168 5302 ἀρχαιοτέρους
1206 5224 1304 5280 τοῦ
1344 5222 1632 5296 λατρεύειν
1661 5219 1743 5274 ἔτι
1779 5221 1848 5305 τῇ
1888 5217 2040 5272 κτίσε

2164 5219 2425 5276 homines
2447 5218 2759 5276 abducebat
2789 5234 2819 5274 a
2848 5219 3083 5276 colenda
3122 5228 3373 5276 creatura
3395 5219 3581 5291 potius
3602 5233 3772 5289 quam

455 5324 620 5397 παρά
642 5324 736 5377 τὸν
759 5323 1074 5387 Κτίσαντα,
1102 5318 1548 5393 προσκεῖσθαιδέ
1573 5317 1685 5371 δεῖν
1710 5306 1969 5369 ἀνέπειθε
1990 5309 2045 5382 τῆ

2162 5312 2450 5381 Creatore,
2470 5312 2872 5384 suadebatque,
2901 5321 2964 5369 ut
2996 5329 3183 5370 rerum
3205 5313 3455 5370 omnium
3476 5310 3772 5368 Conditnri

456 5413 687 5471 πάντων
718 5413 1072 5486 Δημιουργῷ·
1123 5410 1303 5482 φωτὸς
1347 5409 1407 5464 δέ
1449 5409 1513 5463 ού
1562 5407 1689 5479 δίχα
1733 5402 1830 5461 τοῦ
1873 5401 2045 5474 νοητοὶ

2167 5406 2549 5473 adhaererent;
2583 5405 2638 5461 id
2665 5421 2800 5461 vero
2834 5407 2893 5461 in
2915 5420 3111 5461 eorum
3148 5406 3371 5471 animis,
3399 5405 3494 5475 qui
3523 5403 3631 5460 illis
3661 5402 3770 5458 im-

454 5507 623 5564 ταυτὶ
645 5507 767 5570 ταῖς
784 5505 895 5557 τῶν
920 5505 1272 5573 παιδαγωγου
1281 5496 1830 5574 μένων-κατωρθοῦτο
1845 5494 2045 5567 ψυχαῖς

2172 5496 2496 5551 buebantur
2548 5493 2839 5561 institutis,
2889 5510 3001 5550 non
3054 5494 3176 5551 sine
3227 5494 3503 5566 spiritali
3561 5492 3775 5548 lumine

457 5597 702 5664 οὐκοῦν,
742 5596 855 5670 ἐρῶ
881 5597 994 5669 γὰρ
1027 5594 1277 5659 εἰσαῦθις
1296 5634 1312 5659 ,
1343 5593 1601 5656 πλούσιος
1629 5590 1730 5662 μέν
1771 5589 1866 5644 καὶ
1900 5587 2045 5641 πολὺι

2174 5585 2587 5657 perﬁciebatur.
2636 5585 2833 5656 Igitur,
2872 5593 2936 5641 ut
2988 5585 3044 5641 id
3096 5595 3343 5657 repetam
3402 5583 3551 5657 quod
3606 5582 3776 5655 paulo

456 5695 582 5758 τοῖς
611 5695 694 5756 είς
722 5691 791 5746 τά
825 5690 993 5760 ’Ἅγια
1019 5689 1130 5744 τῶν
1163 5689 1336 5760 ἁγίων
1368 5690 1398 5742 ὁ
1432 5688 1590 5755 παρὰ
1620 5682 1862 5758 Χριστοῦ
1897 5698 2045 5753 φωτιι

2174 5688 2304 5735 ante
2325 5678 2460 5745 dixi,
2507 5677 2731 5749 copiosa
2765 5685 2853 5733 est
2883 5692 2947 5733 ac
2983 5678 3147 5748 plena
3187 5675 3518 5732 illuminatio
3553 5687 3676 5744 qua:
3713 5671 3774 5726 in

464 5784 632 5856 σμὸς,
666 5782 840 5855 μείων
867 5781 926 5835 δέ
948 5784 1063 5848 τοῖς
1108 5783 1167 5835 ἐν
1202 5783 1386 5853 νόμῳ·
1437 5779 1535 5834 καὶ⁴
1578 5775 1788 5850 ἀληθὴς
1817 5775 1845 5829 ὁ
1883 5774 2042 5844 λόγος

2176 5773 2379 5831 Sancta
2418 5780 2737 5829 sanctorum
2780 5769 2944 5844 35.5
2986 5770 3423 5845 ingredientibus
3466 5783 3497 5824 a
3546 5764 3776 5823 Christo

394 5960 439 5999 ⁸““
569 5970 621 6049 ."
650 5970 833 6030 ιθνῑιο
869 5987 1015 6036 xxxv.
1051 5970 1168 6030 1-9.
1266 5972 1325 6060 7*
1359 5971 1550 6029 Matth.
1580 5988 1634 6042 v,
1675 5971 1764 6028 tt.
1851 5969 1897 6005 τι
1932 5968 2045 6026 vsa}

2148 5981 2299 6036 χχιιι,
2332 5965 2385 6023 6.
2476 5965 2524 5999 '°
2554 5966 2699 6022 Psal.
2732 5983 2784 6033 v,
2816 5926 2867 6031 ό,
2905 5966 2959 6021 5.
