4118 6450
1358 414 1403 486 ,’
1470 430 1529 486 s.
1569 426 1849 486 CYRILH
1884 424 2356 487 ALEXANDRI‘NI
2398 420 2725 479 ARCHIEP.

3614 419 3714 474 680

444 558 745 623 tribuitur;
796 554 976 609 minor
1032 558 1220 607 autem
1261 561 1455 604 eorum
1485 555 1627 613 erat,
1661 545 1756 617 qui
1810 545 1868 600 in
1911 544 2028 614 lege

2144 536 2438 597 Ἰσοστατεῖ
2466 539 2575 611 γὰρ
2599 535 2872 607 οὐδαμῶς,
2889 535 2970 599 εἰς
2982 532 3341 606 λαμπρότητα
3355 532 3455 607 τὴν
3478 550 3719 606 πνευμα-

442 652 748 708 vivebant:
786 647 952 716 idque
989 645 1337 715 verissimum
1382 649 1505 708 est;
1546 655 1727 710 neque
1758 638 1908 694 enim
1944 638 2036 693 illa

443 743 584 813 legis
609 740 806 795 umbra
835 752 961 791 cum
995 733 1329 813 evangelicis
1355 732 1803 788 institutionibus
1826 729 2035 784 illumi-

444 811 669 888 na'tione
729 827 1008 901 spirituali
1062 811 1271 897 aequari
1319 824 1435 879 ullo
1482 823 1649 879 modo
1702 828 1925 891 potest:
1954 818 2038 873 ha:

444 904 683 993 namque
708 922 1031 978 universum
1078 918 1272 973 orbem
1308 925 1585 972 terrarum
1619 914 1918 978 illustrant,
1945 910 2035 965 illa

441 1023 629 1070 autem
654 1013 758 1070 soli
788 1012 1170 1068 lsraelitarum
1203 1008 1395 1082 generi
1420 1014 1549 1063 nota
1572 1016 1713 1061 erat.

512 1106 712 1162 PALL.
748 1105 919 1160 Recte
956 1102 1119 1158 dicis.

512 1201 671 1258 (ΠΒ.
712 1189 948 1257 Videtur
972 1206 1182 1264 autem,
1220 1192 1618 1260 Palladi,aliud
1641 1190 1905 1263 quiddam
1935 1189 2034 1246 de-

442 1293 659 1365 signare
697 1306 888 1348 mensa
921 1297 1088 1361 atque
1128 1290 1359 1344 lucerna
1383 1287 1439 1341 in
1469 1287 1649 1357 primo
1680 1281 2036 1340 tabernaculo

441 1384 733 1439 collocata.

516 1475 714 1531 PALL.
751 1474 894 1542 Quid
923 1472 1072 1529 istud
1100 1478 1187 1528 est
1218 1469 1478 1526 tandem?

511 1564 671 1620 (ΠΒ.
706 1564 958 1620 Lucerna
979 1563 1203 1634 quidem
1232 1560 1469 1615 fortasse
1506 1556 1781 1613 Joannem
1840 1552 2031 1623 Bapti-

444 1661 611 1719 stam,
656 1654 839 1709 virum
889 1650 1271 1709 admirabilem
1297 1692 1313 1716 ,
1358 1662 1529 1719 panes
1565 1660 1699 1701 vero
1739 1642 2032 1701 duodecim

443 1747 820 1818 apostolorum
845 1745 1006 1801 nobis
1028 1744 1260 1799 chorum
1288 1740 1667 1813 praefigurant.

516 1837 714 1893 PALL.
733 1837 984 1904 Quonam
1022 1833 1222 1890 modo?

512 1931 670 1989 CYR.
708 1930 1029 2003 Anignoras
1055 1928 1142 1995 iis,
1186 1926 1283 1999 qui
1311 1927 1369 1982 in
1406 1928 1526 1998 lege
1563 1932 1620 1982 et.
1653 1941 1755 1997 per
1787 1924 2031 1981 Judmam

430 2033 622 2091 erant,
644 2024 819 2081 instar
847 2025 1088 2080 lucernae
1109 2022 1409 2092 praeeuntis
1426 2020 1598 2075 fuisse
1632 2018 1853 2074 beatum
1874 2018 2032 2073 illum

442 2117 744 2188 Baptistam
768 2157 784 2182 ,
832 2131 899 2171 ac
941 2114 1010 2170 de
1048 2114 1148 2169 illo
1189 2129 1221 2168 a
1260 2113 1375 2168 Deo
1414 2119 1472 2168 et
1509 2112 1672 2167 Patre
1706 2110 2031 2182 praedictum

435 2219 587 2270 esse,
618 2225 637 2258 ι
671 2207 867 2262 Paravi
890 2205 1172 2260 lucernam
1190 2203 1640 2263 Cbristomeo‘“?
1671 2222 1689 2255 ι
1719 2201 2032 2269 Quinetiam

442 2297 562 2369 ipse
583 2298 832 2354 Salvator
854 2297 961 2352 hoc
992 2296 1140 2352 idem
1170 2303 1406 2352 testatus
1418 2303 1524 2361 est,
1553 2310 1677 2350 cum
1713 2294 2032 2350 Iudaeorum

438 2389 766 2446 doctoribus
802 2389 872 2446 de
899 2389 996 2444 illo
1025 2388 1203 2443 dixit:
1238 2406 1258 2440 ι
1290 2388 1386 2443 Ille
1406 2395 1528 2442 erat
1560 2387 1789 2443 lucerna
1831 2386 2032 2441 ardens

434 2490 499 2537 et
522 2482 738 2549 lucens;
762 2496 862 2537 vos
884 2489 1069 2537 autem
1086 2479 1339 2536 voluistis
1355 2480 1632 2535 exsultare
1668 2478 1738 2533 ad
1764 2478 1955 2533 horam
1974 2478 2029 2533 in

445 2573 661 2628 lumine
693 2574 814 2645 ejus
837 2573 905 2628 ⁸³.
940 2592 960 2625 ι
984 2572 1123 2628 Vide
1152 2572 1299 2627 enim
1332 2570 1799 2642 quemadmodum
1836 2570 2032 2625 beatus

421 2655 646 2748 .Paulus
661 2663 756 2735 qui
784 2663 923 2735 legis
937 2662 1149 2734 peritus
1172 2669 1292 2717 erat
1309 2661 1710 2732 propemodum
1731 2660 1802 2716 ad
1822 2675 2049 2740 memo-.

446 2757 585 2811 riam
600 2764 822 2813 revocat
832 2756 1114 2831 lucernam
1125 2753 1293 2820 illam,
1307 2767 1430 2823 quae
1440 2762 1562 2807 erat
1573 2753 1630 2806 in
1641 2751 1824 2822 primo
1852 2751 2031 2806 taber-

436 2846 664 2902 naculo.
680 2844 1070 2902 Inexstinctam
1099 2843 1246 2899 enim
1266 2844 1477 2899 servari
1491 2844 1793 2910 lucernam,
1816 2842 2034 2915 legisla-

442 2950 534 2996 tor
546 2940 809 3011 praecepit
836 2939 924 2995 his
944 2939 1131 2995 verbis
1162 2956 1173 2991 :
1209 2956 1227 2989 ι
1258 2936 1328 2992 Et
1358 2935 1661 2992 accendent
1680 2950 1803 2991 eam
1822 2926 2040 3005 Aaron,’

418 3040 499 3107 ,et
526 3031 624 3086 lilii
644 3032 814 3103 ejusa
831 3045 1061 3102 vespera
1093 3044 1265 3100 usque
1294 3042 1455 3083 mane
1481 3026 1689 3099 jugiter
1719 3027 1780 3083 in
1803 3042 2034 3100 conspe-

441 3131 537 3179 ctu
571 3123 809 3179 Domini.
846 3142 865 3174 ι
888 3121 997 3178 Sed
1036 3120 1234 3187 Judaei,
1284 3134 1411 3175 cum
1450 3126 1696 3191 tempore
1733 3121 2029 3179 admodum

2140 634 2329 706 τικὴν,
2367 634 2480 696 τοῖς
2527 628 2906 699 εύαγγελικοῖς
2951 626 3355 706 θεσπίσμασιν,
3392 628 3425 698 ἡ
3475 627 3534 680 ὲν
3574 628 3719 697 νόμῳ

2140 726 2303 780 σκιά*
2353 724 2423 779 τά
2457 723 2555 795 μὲν
2602 722 2712 793 γάρ
2753 721 2884 791 ὅλην
2925 720 3359 790 πριαπράπτει
3403 718 3502 790 τὴν
3549 720 3721 774 οίκουο

2142 834 2331 890 μενην,
2362 817 2396 888 ἡ
2428 816 2487 871 δὲ
2530 811 2599 887 ἦν
2635 814 2818 886 μόνοις
2850 811 3139 885 γνώρισμα
3167 814 3281 876 τοῖς
3312 809 3375 878 ἐξ
3413 812 3654 885 Ἰσραήλ.

2210 1086 2417 1141 nam.
2461 1084 2666 1156 Ὀρθῶς
2695 1085 2855 1155 ἔφης.

2207 1179 2373 1233 ΚΥΡ.
2409 1179 2593 1232 Ἔοικε
2620 1178 2701 1243 δὲ,
2733 1171 2779 1231 ὧ
2805 1176 3095 1242 Παλλάδιε,
3127 1174 3222 1230 καὶ
3246 1174 3433 1248 ἔτερόν
3457 1192 3509 1228 τι
3541 1192 3718 1247 παρα-

2130 1270 2332 1343 δηλούν
2373 1274 2411 1343 ὴ
2443 1269 2693 1344 τράπεζα
2731 1270 2826 1324 καὶ
2862 1272 2892 1323 6
2917 1268 3112 1340 λύχνος
3133 1308 3149 1336 ,
3175 1270 3204 1323 6
3229 1266 3286 1323 ἐν
3314 1284 3376 1337 γε
3419 1269 3489 1339 τῇ
3533 1266 3726 1341 πρώτῃ

2136 1365 2333 1435 σκηνῇ.
2689 1362 2697 1366 ’

2207 1454 2415 1509 ΠΑΛΛ.
2458 1453 2533 1507 Τὸ
2556 1453 2611 1507 τί
2637 1453 2701 1525 δὴ
2728 1454 2868 1526 (pix;

2205 1544 2369 1598 ΚΥΡ.
2390 1543 2645 1615 Ἰωάννην
2663 1544 2805 1614 τάχα
2825 1559 2931 1596 που
2954 1542 3047 1596 τὸν
3071 1543 3360 1598 θεσπέσιον
3405 1542 3722 1614 Βαπτιστὴν

2131 1639 2162 1691 6
2189 1636 2405 1709 λύχνος,
2449 1637 2605 1709 ἄρτοι
2637 1636 2695 1691 δὲ
2728 1638 2778 1689 oi
2821 1635 2916 1691 δύο
2947 1638 3042 1692 καὶ
3070 1636 3229 1705 δέκα,
3289 1637 3383 1691 τὸν
3411 1636 3524 1691 τῶν
3550 1638 3724 1707 ἁγίων

2116 1730 2265 1800 -ήμῖν
2291 1728 2606 1782 ἀποστόλων
2639 1727 3086 1800 προανατυποῦσι
3113 1730 3295 1801 χορόν.

2205 1822 2417 1877 ΠΑΛΛ.
2444 1822 2578 1877 Τίνα
2607 1822 2807 1895 τρόπον
2822 1840 2839 1889 ;

2066 1888 2109 1945 Β
2206 1915 2372 1969 ΚΥΡ.
2414 1916 2484 1969 Ἦ
2516 1916 2617 1969 οὐκ
2643 1888 2799 1970 οἶσθα
2826 1888 2910 1969 δτι
2937 1916 3052 1980 τοῖς
3078 1915 3139 1969 ἐν
3165 1915 3316 1988 νόμῳ
3341 1914 3436 1990 καὶ,
3462 1915 3603 1971 κατά
3623 1915 3724 1987 τὴν

2151 2007 2413 2063 Ἰουδαίαν
2456 2007 2650 2080 λύχνος
2688 2003 2757 2080 ἦν
2784 2003 2875 2063 οἷά
2898 2016 3004 2075 τις,
3033 2007 3274 2079 Χριστοῦ
3316 2008 3664 2081 προϐαδίζων
3694 2010 3725 2062 6

2139 2099 2429 2166 θεσπέσιος
2465 2101 2810 2171 Βαπτιστὴς,
2840 2100 2934 2155 καὶ
2961 2101 3091 2173 περὶ
3118 2099 3283 2154 αὑτοῦ
3323 2102 3727 2175 προαναπεφιὶ-

2138 2208 2304 2264 νηκεν
2327 2194 2355 2246 6
2375 2191 2509 2258 Θεὸς
2536 2192 2631 2247 καὶ
2651 2193 2864 2264 Πατήρ’
2893 2211 2914 2244 ι
2947 2192 3251 2265 Ἠτοίμασα
3274 2192 3465 2265 λύχνον
3487 2193 3566 2265 τῷ
3590 2196 3729 2267 Χρι-

2139 2283 2251 2355 στῷ
2273 2301 2396 2355 μου.
2430 2303 2450 2337 ι
2477 2285 2888 2360 Μεμαρτύρηκε
2907 2285 2964 2340 δὲ
2980 2285 3141 2340 τοῦτο
3160 2286 3255 2340 καὶ
3279 2286 3442 2352 αὐτὸς
3460 2289 3490 2342 6
3507 2287 3661 2358 Σωτὴ
3669 2304 3722 2359 ρ,

2137 2379 2252 2441 τοῖς
2295 2377 2405 2432 τῶν
2460 2376 2732 2433 Ἰουδαίων
2763 2378 3105 2451 καθηγηταῖς
3136 2380 3267 2453 περὶ
3309 2380 3474 2435 αὐτοῦ
3511 2380 3725 2451 λέγωη.

2143 2488 2164 2522 ι
2231 2469 2472 2535 Ἐκεῖνος
2506 2466 2576 2544 ἦν
2616 2474 2647 2526 6
2699 2471 2892 2544 λύχνος
2937 2474 2968 2526 6
3015 2472 3309 2544 καιόμενος
3350 2474 3445 2528 καὶ
3491 2474 3721 2544 φαίνων,

2136 2564 2297 2634 ὑμεῖς
2318 2565 2376 2619 δὲ
2406 2564 2710 2637 ἠθελήσατε
2741 2565 3170 2637 ἁγαλλιασθῆναι
3201 2566 3341 2639 πρὸς
3370 2565 3517 2638 ὥραν
3555 2567 3616 2620 ὲν
3643 2567 3725 2635 τῷ

2139 2655 2281 2725 φωτὶ
2313 2656 2502 2711 αὐτοῦ.
2548 2676 2567 2709 ι
2615 2656 2728 2711 Θέα
2774 2657 2885 2731 γάρ
2933 2660 3080 2724 ὅπως
3112 2659 3189 2725 ὡς
3226 2658 3544 2732 νομομαθὴς
3572 2657 3650 2714 ὣν
3694 2661 3726 2713 6

2141 2748 2414 2819 μακάριος
2445 2748 2680 2816 Παῦλος,
2716 2752 3001 2822 μονονουχὶ
3025 2751 3164 2824 πρὸς
3189 2751 3495 2824 ἀνάμνησιν
3520 2751 3724 2821 ἀναφέ-

2140 2856 2225 2911 ρει
2252 2838 2577 2912 λύχνου,τοῢ
2604 2841 2746 2896 κατά
2769 2841 2868 2916 τὴν
2890 2843 3115 2917 πρώτην
3143 2846 3365 2916 σκηνήν.
3396 2844 3698 2898 Ἀσϐεστον

2141 2932 2241 3003 μὲν
2283 2932 2394 3006 γὰρ
2423 2934 2451 2988 6
2491 2933 2790 3006 νομοθέτης
2832 2935 3205 3008 διατηρεῖσθαι
3248 2937 3359 2991 δεῖν
3398 2935 3722 2991 κεκέλευκεν

2130 3022 2284 3082 ὀὕτω
2304 3026 2509 3098 λέγων*
2553 3046 2573 3080 ι
2593 3027 2705 3083 Καὶ
2738 3026 3033 3086 καύσουσιν
3053 3029 3215 3084 αὑτὸν
3256 3028 3467 3102 ’Δαρὼν
3490 3070 3506 3097 ,
3544 3031 3639 3084 καὶ
3671 3031 3721 3083 οἱ

2136 3119 2245 3172 υἱοὶ
2285 3118 2450 3175 αὑτοῦ
2489 3120 2598 3175 ἀπὸ
2631 3121 2871 3193 ἑσπέρας
2908 3122 3014 3187 ἕως
3042 3121 3187 3194 πρωῒ
3234 3122 3466 3177 ἐνώπιον
3512 3120 3719 3195 Κυρίου

438 3217 639 3288 exiguo
659 3216 726 3271 de
751 3217 846 3272 illo
877 3214 1051 3287 gavisi
1087 3213 1343 3281 fuissent,
1386 3213 1655 3270 hactenus
1698 3221 1870 3283 certe,
1898 3214 2029 3271 dum

2138 3208 2447 3313 ἐνδελεχῶς.
2480 3231 2502 3265 ι
2539 3210 2746 3285 Χρόνον
2769 3230 2834 3283 γε
2862 3213 2971 3286 μὴν
2986 3214 3074 3268 ἐπ’
3100 3213 3249 3287 αύτῷ
3280 3215 3475 3287 κομιδῇ
3516 3214 3721 3286 βραχὺν

439 3310 511 3365 ad
531 3309 802 3383 baptisma
840 3308 988 3363 illius
1027 3314 1346 3371 accurrunt,
1381 3314 1438 3361 et
1469 3305 1627 3361 illum
1663 3305 2031 3364 admiratione

2137 3301 2396 3373 ἡσθέντες
2429 3303 2694 3375 Ἰουδαῖοι,
2723 3305 2813 3360 διά
2837 3322 2903 3376 γε
2930 3307 2992 3361 τὸ
3024 3307 3395 3379 προσδραμεῖν
3420 3306 3500 3378 τῷ
3526 3307 3593 3362 δι’
3618 3309 3722 3363 αὐ-

440 3403 677 3457 maxima
700 3407 1113 3472 prosequuntur
1131 3441 1147 3467 ,
1178 3398 1396 3454 tandem
1424 3398 1624 3456 mortis
1647 3414 1842 3455 somno
1868 3398 2035 3455 dede-

442 3501 596 3558 runt,
642 3507 707 3548 ac
742 3490 1144 3562 propemodum
1181 3488 1387 3562 iugiter
1442 3488 1720 3545 lucentem
1750 3489 1900 3544 illam
1943 3491 2032 3545 lu-

439 3599 666 3642 cernam
688 3584 1099 3639 exstinxerunt:
1128 3597 1278 3647 nam,
1296 3580 1429 3636 licet
1443 3580 1649 3637 Herodi
1671 3578 1806 3635 illud
1819 3580 2034 3637 facinus

443 3674 741 3740 tribuatur,
763 3682 820 3729 at
848 3675 896 3730 is
922 3682 1073 3731 certe
1093 3673 1162 3729 de
1195 3673 1362 3728 lsrael
1408 3688 1582 3744 genus
1623 3672 1882 3729 ducebat.
1921 3672 2031 3729 Ita-

441 3779 551 3833 que
582 3764 856 3829 Christus,
887 3778 1012 3819 cum
1051 3762 1366 3821 Iudaeorum
1405 3761 1639 3832 populos
1671 3761 1740 3816 de
1776 3761 2027 3828 audacia,

440 3873 551 3928 qua
582 3857 640 3911 in
669 3871 863 3912 omnes
887 3863 1108 3911 sanctos
1128 3852 1216 3909 usi
1240 3851 1482 3917 fuerant,
1507 3860 1795 3909 accusaret
1821 3871 1834 3907 :
1868 3872 1886 3905 ι
1909 3853 2029 3909 Non

442 3950 563 4005 fieri
582 3956 781 4021 potest,
816 3949 1017 4020 inquit,
1045 3948 1372 4020 prophetam
1401 3946 1586 4017 perire
1628 3953 1782 4004 extra
1803 3947 2027 4004 Jerusa-

436 4040 547 4095 lem
577 4040 642 4095 ⁸³.
685 4059 704 4092 r

508 4133 706 4188 PALL.
737 4134 857 4190 Lux
884 4133 1052 4206 igitur
1088 4148 1153 4189 ac
1192 4134 1417 4191 lucerna
1444 4150 1542 4205 per
1584 4132 2023 4199 similitudinem,

438 4224 754 4296 Christique
812 4225 1293 4298 participationem
1354 4227 1552 4283 beatus
1634 4242 1857 4298 quoque
1918 4227 2025 4282 Ba-

439 4317 604 4388 ptista
642 4317 747 4373 fuit
787 4318 876 4384 iis,
897 4319 993 4390 qui
1019 4319 1079 4375 in
1107 4319 1226 4391 lege
1244 4334 1313 4375 ac
1326 4335 1426 4391 per
1444 4318 1686 4376 Judzeam
1716 4328 1897 4374 erant.

509 4412 669 4469 CYR.
704 4413 785 4470 lta
805 4421 908 4469 est.
935 4413 1018 4470 Ad
1055 4413 1313 4471 eumdem
1329 4428 1550 4484 quoque
1578 4412 1803 4468 modum
1831 4426 2022 4483 panes,

438 4509 659 4558 sanctos
681 4503 958 4574 apostolos
978 4502 1157 4575 accipi
1194 4510 1475 4573 putamus.
1518 4500 1674 4555 Unus
1705 4500 1855 4555 enim
1896 4515 2023 4554 cum

2133 3390 2229 3445 τοῦ
2270 3391 2649 3464 βαπτίσματι,
2686 3396 2783 3450 καὶ
2814 3395 3002 3468 θαῦμα
3048 3397 3191 3452 ἑλεῖν
3231 3398 3317 3452 ἐπ’
3363 3397 3513 3470 αὐτῷ
3549 3399 3717 3464 πολὺ,

2130 3483 2533 3555 κατεκοίμισαν
2562 3485 2644 3557 τῷ
2680 3486 2899 3559 θανάτῳ
2928 3490 3211 3560 μονονουχὶ
3237 3490 3330 3544 τὸν
3365 3490 3596 3562 ἀειφανῆ
3622 3490 3719 3544 λύ-

2132 3591 2260 3645 χνον
2290 3576 2801 3643 κατασϐεννύοντες.
2830 3581 2907 3635 ,Εί
2940 3580 3050 3652 γὰρ
3092 3583 3187 3637 καὶ
3228 3581 3466 3655 Ἡρώδου
3490 3584 3552 3638 τὸ
3592 3583 3716 3638 τόλ-

2135 3683 2212 3737 μη
2219 3684 2296 3738 μα
2314 3667 2522 3737 λέγοιτο
2533 3671 2714 3742 τυχὸν,
2728 3671 2843 3726 ἀλλ’
2858 3668 2954 3728 οὖν
2973 3673 3128 3738 ὄντος
3142 3674 3201 3742 ἐξ
3214 3676 3447 3747 αἵματος
3478 3676 3713 3746 Ἰσραήλ·

2131 3756 2222 3812 διά
2269 3759 2429 3814 τοῦτο
2474 3761 2712 3834 Χριστὸς
2780 3766 2895 3828 τοῖς
2932 3764 3205 3822 Ἰουδαίων
3257 3767 3409 3830 λαοῖς
3457 3765 3520 3820 τὸ
3571 3767 3714 3821 κατά

2132 3850 2334 3917 παντὸς
2379 3853 2536 3923 ἁγίου
2601 3853 2802 3928 θράσος
2844 3857 3116 3925 ἐγκαλῶν,
3147 3877 3168 3911 ι
3198 3857 3314 3913 Οὐκ
3359 3858 3653 3930 ἐνδέχεται,
3688 3878 3708 3912 ι

2131 3946 2307 4018 φησὶ,
2367 3964 2388 3999 ι
2452 3948 2743 4021 προφήτην
2792 3949 3090 4006 ἀπολέσθαι
3123 3948 3230 4016 ἔξω
3271 3949 3647 4025 Ἰερουσαλήμ.
3687 3970 3707 4004 r

2200 4132 2410 4189 ΠΔΛΛ.
2431 4134 2550 4200 Φῶς
2574 4131 2669 4191 οὖν
2683 4135 2792 4208 ἄρα
2810 4138 2903 4191 καὶ
2924 4136 3137 4209 λύχνος,
3155 4136 3279 4192 καθ’
3300 4136 3594 4209 ὁμοιότητα
3615 4139 3712 4192 καὶ

2127 4223 2271 4278 κατά
2294 4224 2512 4296 μέθεξιν
2532 4226 2626 4282 τοῦ
2649 4226 2906 4301 Χριστοῦ,
2931 4228 3026 4284 καὶ
3050 4232 3079 4283 6
3098 4228 3383 4294 θεσπέσιος
3404 4228 3711 4303 Βαπτιστὴς

2126 4319 2237 4381 τοῖς
2266 4319 2324 4372 έν
2352 4320 2503 4391 νόμῳ
2530 4320 2674 4375 κατά
2700 4321 2801 4393 τὴν
2838 4321 3122 4376 Ἰουδαίαν.

2196 4406 2361 4464 ΚΥΡ.
2388 4406 2543 4463 Οὕτω
2564 4411 2728 4482 φημί.
2751 4411 2911 4465 Κατὰ
2936 4410 3030 4465 τὸν
3051 4410 3164 4465 ἴσον
3200 4410 3259 4465 δὲ
3287 4411 3486 4484 τρόπον
3509 4412 3711 4486 ἄρτους

2125 4499 2362 4554 νοεῖσθαί
2386 4517 2568 4572 φαμεν
2610 4502 2737 4568 τοὺς
2760 4501 2951 4572 ἁγίους
2970 4501 3325 4568 ἀποστόλους.
3352 4500 3449 4569 Εἷς
3473 4503 3572 4576 μὲν
3597 4505 3707 4577 γὰρ

436 4594 511 4651 sit
547 4594 640 4651 ille
672 4610 772 4665 per
803 4602 1060 4650 naturam
1107 4601 1164 4650 et
1193 4609 1326 4649 vere
1375 4592 1559 4664 panis,
1616 4592 1714 4662 qui
1756 4591 1825 4647 de
1877 4590 2020 4647 coelo

2129 4591 2153 4643 6
2184 4590 2343 4660 φύσει
2376 4608 2440 4646 τε
2469 4593 2561 4647 καὶ
2585 4592 2804 4663 ἀληθῶς
2832 4594 2997 4667 ἄρτος
3023 4596 3054 4649 6
3081 4594 3141 4662 ἐξ
3175 4595 3407 4668 ούρανοῦ
3437 4597 3533 4651 καὶ
3565 4595 3708 4661 ζωο-

436 4686 743 4752 descendit,
768 4701 835 4741 ac
864 4687 1034 4742 vitam
1066 4692 1312 4756 praestat,
1356 4701 1427 4739 ex
1472 4685 1593 4755 ejus
1620 4691 1804 4739 tamen
1842 4682 2029 4739 imita-

436 4780 586 4835 tione
612 4778 1165 4850 participationeque,
1192 4776 1285 4846 qui
1325 4791 1427 4846 per
1462 4783 1721 4830 naturam
1759 4775 1885 4832 talis
1917 4786 2024 4843 est,

433 4871 609 4926 divini
656 4871 735 4926 illi
760 4871 1149 4943 mysteriorum
1188 4867 1444 4922 doctores
1488 4881 1555 4921 ac
1585 4867 1829 4938 magistri
1856 4884 2026 4940 panes

432 4969 564 5018 sunt
587 4963 655 5018 ad
678 4965 941 5034 pietatem
970 4960 1304 5024 nutrientes,
1330 4973 1458 5013 cum
1499 4958 1667 5013 verba
1698 4959 1826 5015 vitae
1861 4959 2024 5017 nobis

430 5056 734 5126 praebeant,
753 5064 809 5111 et
841 5054 1006 5126 356
1047 5051 1248 5107 famem
1298 5066 1368 5106 ex
1423 5052 1731 5122 ignorantia
1797 5053 2024 5124 proﬁci-

434 5150 682 5198 scentem
734 5143 804 5197 de
841 5140 1188 5197 credentium
1221 5140 1418 5197 animis
1455 5141 1751 5212 depellant.
1808 5144 2020 5200 Eodem

432 5248 601 5304 porro
622 5228 751 5288 sunt
767 5248 934 5303 panes
954 5247 1205 5297 numero,
1223 5247 1334 5302 quo
1358 5233 1638 5305 discipuli,
1665 5252 1864 5308 nempe
1882 5238 2023 5294 duo-

434 5324 635 5391 decim,
673 5326 821 5397 iique
844 5325 899 5380 in
929 5325 1067 5381 duas
1098 5327 1404 5397 positiones
1425 5327 1709 5395 collocati;
1734 5344 1833 5384 sex
1860 5329 2013 5396 hinc,

432 5416 633 5487 inquit,
668 5426 726 5473 et
749 5433 846 5473 sex
871 5417 1019 5483 inde,
1051 5419 1446 5490 propemodum
1470 5419 1524 5474 in
1555 5420 1748 5475 orbem
1775 5419 2016 5475 circum-

2124 4681 2276 4746 ποιός
2294 4699 2307 4712 ·
2337 4682 2481 4737 κατὰ
2509 4682 2745 4754 μίμησιν
2784 4682 2843 4736 δὲ
2863 4682 2958 4737 τοῦ
2989 4682 3151 4753 φύσει
3178 4684 3276 4738 καὶ
3301 4682 3443 4739 κατά
3486 4681 3709 4754 μέθεξιν

2121 4771 2277 4843 ἄρτοι
2302 4774 2595 4846 τρέφοντες
2621 4776 2702 4839 είς
2733 4775 3015 4830 εὐσέϐειαν
3064 4778 3116 4831 οί
3154 4775 3289 4831 θεῖοι
3328 4777 3706 4849 μυσταγωγοὶ,

2120 4864 2314 4936 λόγους
2342 4867 2475 4938 ἡμῖν
2501 4867 2741 4931 ἐνιέντες
2773 4866 2944 4939 ζωῆς,
2985 4869 3081 4924 καὶ
3106 4868 3200 4924 τὸν
3234 4870 3302 4924 ἐκ
3331 4869 3435 4940 τῆς
3462 4869 3708 4940 ἀμαθίας

2118 4957 2296 5028 λιμὸν,
2315 4959 2413 5030 τῆς
2425 4958 2535 5014 τῶν
2562 4960 2927 5017 πιστευόντων
2951 4961 3261 5027 tamam;
3288 4962 3488 5034 ψυχῆς.
3502 4962 3707 5035 Ἰσάρι-

2121 5049 2249 5121 θμοι
2284 5050 2342 5105 δὲ
2381 5053 2495 5116 τοῖς
2534 5051 2835 5124 μαθηταῖς,
2872 5054 2925 5109 οί
2959 5053 3149 5127 ἄρτοι·
3198 5056 3523 5110 δυοκαίδεκα
3567 5054 3701 5125 γὰρ,

2121 5141 2215 5196 καὶ
2238 5144 2321 5208 είς
2344 5141 2438 5197 δύο
2467 5142 2710 5216 κείμενοι
2738 5144 2972 5216 θέματα,
2999 5145 3061 5211 ἒξ
3097 5145 3273 5209 ἔνθεν,
3307 5146 3475 5218 φησὶ,
3515 5144 3612 5200 καὶ
3640 5143 3703 5211 ἒξ

2117 5230 2289 5301 ἐνθεν,
2336 5235 2622 5307 μονονουχὶ
2653 5235 2748 5290 καὶ
2779 5237 2839 5291 ὲν
2875 5235 3060 5309 κύκλῳ
3095 5237 3480 5312 περιεστῶτες,
3514 5238 3610 5291 καὶ
3641 5238 3704 5291 ὲν

2119 5324 2270 5396 μέσῳ
2296 5325 2446 5398 τόπῳ
2480 5327 2733 5398 κείμενον
2761 5327 2978 5399 ἔχοντες
3003 5329 3101 5385 ἕνα
3128 5346 3189 5384 τε
3221 5330 3318 5385 καὶ
3350 5328 3410 5397 ἐξ
3441 5325 3700 5398 οὐρανοῦ,

2113 5416 2259 5471 τοῦτ’
2291 5418 2429 5483 ἔστι,
2460 5419 2715 5489 Χριστόν·
2745 5421 2840 5474 καὶ
2874 5419 2971 5474 δύο
2986 5420 3230 5475 δεκάτων
3270 5420 3520 5483 ἕκαστος.
3551 5416 3700 5472 τοῦτ’

431 5516 673 5575 stantes,
699 5511 836 5565 etin
875 5508 1058 5565 medio
1094 5511 1217 5566 loco
1244 5511 1484 5581 positum
1527 5510 1795 5566 habentes
1834 5524 2009 5565 unum

2129 5507 2287 5573 ἔστιν,
2314 5509 2379 5562 ὲκ
2398 5507 2492 5562 δύο
2514 5509 2732 5581 μέτρων
2751 5509 2992 5565 τελείων.
3019 5509 3063 5562 Τ
3064 5509 3227 5563 έλειοι
3249 5507 3359 5581 γὰρ
3384 5507 3506 5562 κατ’
3532 5506 3704 5578 ἄμφω

433 5601 586 5689 illum
605 5601 750 5657 etde
779 5602 918 5658 coelo
951 5617 1169 5674 panem,
1198 5602 1254 5657 id
1302 5611 1389 5658 est
1435 5602 1740 5658 Christum.
1796 5600 2009 5673 Singuli

2129 5600 2407 5670 γεγόνασιν
2450 5600 2501 5654 0i
2545 5599 2825 5657 θεσπέσιοι
2855 5600 3127 5673 μαθηταὶ,
3178 5599 3317 5672 πρὸς
3360 5600 3471 5652 πᾶν
3516 5596 3703 5653 ὁτιοῦν

430 5692 596 5750 etiam
624 5710 691 5750 ex
713 5694 926 5752 duabus
954 5694 1203 5761 decimis,
1245 5694 1300 5749 id
1329 5703 1415 5751 est
1461 5710 1528 5750 ex
1551 5692 1769 5749 duabus
1822 5694 2009 5764 perfe-

2129 5693 2319 5765 Ξιρτίως
2340 5694 2555 5766 ἔχοντες
2575 5695 2799 5767 ἀγαθὸν,
2821 5693 2968 5767 ἔργῳ
2994 5711 3053 5750 τε
3072 5694 3391 5768 διαπρεπεῖς
3417 5691 3510 5747 καὶ
3528 5690 3705 5764 λόγῳ.

516 5874 558 5907 ⁸⁸
592 5875 731 5930 Psal.
775 5892 951 5943 cxxxi,
986 5874 1069 5930 l7.
1144 5875 1190 5909 ⁸²
1213 5874 1370 5931 Joan.
1396 5890 1450 5941 v,
1478 5873 1573 5932 55.
1644 5873 1693 5906 ⁸³
1711 5871 1848 5931 Luc.
1874 5888 1989 5941 xm,
2015 5871 2104 5928 35.
