4118 6498
373 525 473 584 631

1130 528 1220 586 DE
1258 524 1706 585 ADOIIATIONE
1743 520 1810 576 IN
1852 513 2125 575 SPIRITU
2168 518 2256 572 ET
2296 519 2664 578 V'ERITATE.
2708 522 2835 577 LIB.
2875 521 2942 577 X.

3564 519 3670 578 689.

376 642 605 707 Λίϐανος
637 640 698 695 δὲ
740 641 836 695 καὶ
871 641 1006 706 ἁλας
1039 643 1227 706 αὐτοῖς
1270 641 1341 695 τὰ
1389 638 1836 709 ὲπιπαττόμενα,
1873 630 1963 688 τοῦ

2075 632 2179 687 etis
2208 635 2515 701 mensuris;
2556 652 2681 689 nam
2732 652 2800 691 ex
2853 645 3083 707 utraque
3122 645 3278 707 parte
3324 636 3553 707 perfecti
3589 638 3667 694 illi

371 739 475 810 μὲν
499 737 721 792 λιϐάνου
748 734 809 789 τδ
838 736 1040 801 εὑῶδες
1067 738 1126 791 ὲν
1163 733 1443 807 ἁγιασμῷ,
1481 733 1577 788 καὶ
1606 731 1804 803 εὐωδίᾳ
1831 730 1966 800 Χρι-

369 831 523 895 στοῦ,
549 828 647 884 τοῦ
679 846 744 897 γε
777 829 883 901 μὴν
914 828 1062 894 ἁλὸς,
1094 829 1196 895 τὴν
1219 828 1482 901 φρόνησιν
1511 823 1966 896 ὑπεμφαίνοντος.

368 926 448 980 Ού
474 925 584 997 γάρ
621 922 881 988 ἀσύνετος
917 923 952 994 ἢ
1004 923 1186 996 μωρὸς
1219 924 1330 977 τῶν
1365 921 1537 991 ἁγίων
1569 922 1598 974 ὁ
1637 919 1817 987 λόγος,
1853 915 1969 969 ἀλλ’

367 1019 430 1070 ἐν
454 1014 638 1087 χάριτί
671 1032 730 1069 τε
771 1017 867 1070 καὶ
897 1014 1058 1069 ἁλατι
1091 1013 1419 1087 ἠρτυμένος,
1451 1009 1595 1065 κατὰ
1622 1009 1684 1063 τὸ
1716 1024 1969 1079 γεγραμ-

371 1108 557 1180 μένον.
598 1108 693 1161 καὶ
734 1108 896 1180 χάριν
937 1106 1115 1171 διδοὺς
1150 1107 1263 1168 τοῖς
1296 1102 1610 1159 ἁκούουσιν.
1648 1101 1883 1171 Εἴρηται
1912 1096 1969 1150 δὲ

368 1199 510 1271 πρὸς
556 1200 756 1264 αὐτοὺς
797 1200 892 1253 καὶ
936 1198 1085 1272 παρὰ
1116 1196 1377 1270 Χριστοῦ·
1419 1213 1439 1246 ι
1508 1194 1699 1264 Ὑμεῖς
1740 1193 1864 1245 ὲστε
1908 1188 1969 1241 τὸ

368 1291 506 1357 ἃλας
538 1291 641 1362 τῆς
664 1290 791 1361 γῆς.
833 1310 852 1345 ι
899 1290 1257 1363 Προτίθενται
1286 1289 1344 1343 δὲ
1379 1287 1476 1341 καὶ
1501 1287 1559 1339 ὲν
1594 1284 1784 1357 ἡμέρᾳ
1825 1280 1966 1335 Σαϐ-

366 1385 574 1439 ϐάτων.
617 1383 834 1456 Ἡμέρα
864 1383 974 1454 γὰρ
1016 1382 1342 1449 ἀναδείξεως
1368 1379 1480 1434 τῶν
1526 1377 1699 1448 ἁγίων
1736 1373 1970 1430 ἀποστό-

367 1478 497 1543 λων,
538 1479 568 1531 ὁ
595 1477 690 1532 τοῦ
722 1475 917 1549 νοητοῦ
972 1475 1255 1530 Σαϐϐάτου
1286 1472 1479 1544 καιρὸς
1499 1514 1513 1536 ,
1545 1469 1689 1525 τοῦτ’
1720 1468 1889 1532 ἐστιν,
1933 1469 1968 1539 ή

366 1571 610 1643 Χριστοῦ
651 1570 956 1642 παρουσία,
1005 1571 1073 1640 ἢν
1115 1567 1349 1639 ἐπείπερ
1382 1566 1482 1620 ούκ
1522 1563 1765 1635 ἔγνωσαν
1812 1564 1862 1616 oi
1909 1559 1971 1625 ἐξ

380 1665 620 1737 Ἰσραὴλ,
665 1665 695 1718 ό
737 1663 952 1728 Παῦλος
986 1680 1119 1735 φησι
1171 1662 1304 1732 περὶ
1349 1659 1553 1722 αὐτῶν,
1595 1678 1614 1711 ι
1656 1659 1800 1730 ’Δρα
1833 1657 1969 1711 ἀπο-

364 1759 615 1813 λείπεται
657 1755 1032 1828 σαϐϐατισμὸς
1070 1753 1151 1825 τῷ
1197 1752 1313 1824 λαῷ
1351 1749 1447 1807 τοῦ
1481 1750 1639 1805 Θεοῦ.
1683 1769 1702 1801 ι
1749 1749 1824 1803 Ού
1858 1747 1968 1819 γὰρ

364 1847 618 1920 εἰσῆλθον
667 1849 748 1912 είς
786 1847 885 1919 τὴν
917 1846 1267 1901 κατάπαυσιν
1296 1842 1487 1909 αὐτοῦ,
1536 1843 1637 1914 τὴν
1678 1842 1860 1896 πίστιν
1903 1840 1964 1895 ού

361 1941 801 2014 προσηκάμενοι.
831 1940 1214 2011 Σαϐϐατισμὸς
1247 1934 1341 1993 οὖν
1374 1936 1568 2010 νοητὸς
1605 1936 1701 1991 καὶ
1733 1935 1962 2006 ἀληθὴς,

362 2038 394 2090 ὁ
439 2035 544 2106 τῆς
592 2034 690 2088 τοῦ
740 2033 997 2104 Σωτῆρος
1022 2032 1184 2103 ἡμῶν
1234 2029 1533 2101 ἐπιδημίας
1582 2027 1803 2101 καιρός.
1877 2026 1967 2080 Ἐν

361 2128 669 2199 ὀφθαλμοῖς
700 2125 760 2181 δὲ
793 2124 930 2181 Θεοῦ
960 2123 1068 2179 τῶν
1101 2123 1284 2197 ἄρτων
1311 2126 1345 2195 ἠ
1383 2120 1676 2195 πρόθεσις,
1723 2121 1819 2175 καὶ
1860 2119 1969 2191 μὴν

360 2221 461 2275 καὶ
480 2222 540 2275 ὲν
564 2218 867 2290 ὀφθαλμοῖς
899 2217 1139 2289 Ἰσραήλ.
1171 2234 1190 2269 ι
1224 2215 1536 2289 Προθήσετε
1561 2217 1690 2289 γὰρ,
1716 2215 1871 2287 φησι,
1899 2216 1965 2285 τῇ

358 2314 553 2386 ἡμέρᾳ.
572 2312 681 2367 τῶν
706 2312 1004 2367 Σαϐϐάτων
1030 2310 1212 2365 ἔναντι
1231 2309 1439 2385 Κυρίου
1459 2310 1548 2364 διὰ
1575 2309 1796 2375 παντὸς,
1816 2310 1968 2381 παρὰ

357 2406 473 2459 τῶν
500 2404 634 2460 υἱῶν
663 2405 901 2478 Ἰσραήλ’
933 2422 953 2456 ›
978 2404 1259 2476 θεωμένου
1284 2406 1379 2460 καὶ
1402 2402 1668 2475 διηνεκῶς
1687 2400 1965 2468 ἀξιοῦντος

355 2499 491 2560 τοὺς
542 2497 732 2565 ἁγίους
782 2495 1110 2568 ἐπισκοπῆς.
1166 2512 1186 2549 ‹
1246 2491 1545 2565 Ὀφθαλμοὶ
1599 2492 1709 2564 γὰρ
1757 2491 1966 2564 Κυρίου

356 2590 461 2644 ἐπὶ
496 2588 764 2661 δικαίους,
812 2608 832 2641 ›
867 2588 1023 2661 φησί.
1056 2588 1163 2643 Τοῦ
1196 2588 1255 2643 δὲ
1304 2586 1543 2660 Ἰσραὴλ,
1574 2586 1650 2652 ὡς
1677 2585 1964 2657 προσέχειν

355 2683 550 2746 αὐτοῖς
574 2681 905 2753 ὀφείλοντος,
959 2680 1056 2735 καὶ
1108 2680 1273 2734 οἱονεί
1311 2697 1429 2745 πως
1476 2678 1807 2746 ἐφιστῶντος
1863 2675 1964 2747 τῆς

352 2775 602 2841 διανοίας
648 2775 741 2829 τὸν
787 2771 1088 2845 ὀφθαλμὸν,
1125 2767 1189 2828 οὒ
1229 2771 1324 2827 καὶ
1369 2772 1449 2834 είς
1482 2770 1656 2824 τύπον
1702 2769 1769 2824 ἂν
1815 2768 1901 2839 εἴη
1934 2769 1966 2823 ὁ

356 2867 699 2939 σωματικάς.
743 2885 764 2920 ι
818 2865 956 2921 Ἀλλ’
999 2865 1175 2932 ἔσται,
1228 2864 1430 2936 φησὶν,
1474 2864 1685 2936 Ἀαρὼν
1729 2863 1963 2927 καὶτοῖς

354 2962 503 3025 υἱοῖς
555 2958 744 3026 αὐτοῦ,
787 2960 885 3015 καὶ
932 2962 1203 3029 φάγονται
1248 2957 1410 3012 αύτὰ.
1451 2977 1470 3010 ι
1512 2958 1806 3030 Πρόκειται
1855 2957 1964 3029 γάρ

351 3054 498 3125 ἡμῖν
530 3052 610 3116 εἰς
640 3050 850 3121 τροφὴν
878 3048 947 3103 τὰ
975 3047 1086 3102 τῶν
1119 3047 1291 3117 ἁγίων
1324 3047 1639 3101 ἀποστόλων
1671 3047 1963 3120 συγγράμ-

358 3161 544 3217 ματα,
577 3146 693 3207 τοῖς
726 3143 785 3197 ἐν
823 3142 1009 3196 πίστει
1048 3140 1522 3212 δεδικαιωμένοις,
1577 3138 1718 3211 ἁγίῳ
1763 3156 1821 3192 τε
1872 3141 1966 3194 καὶ

356 3236 498 3309 ἱερῷ
529 3235 710 3305 γένει,
736 3234 887 3299 λαοῖς
916 3234 1029 3297 τοῖς
1066 3234 1147 3297 είς
1188 3232 1571 3305 περιποίησιν,
1622 3232 1718 3285 καὶ
1759 3230 1964 3299 ἐξειλε-

2074 726 2221 781 beati
2248 727 2504 797 discipuli
2531 729 2775 795 fuerunt,
2807 730 2874 784 ad
2919 746 3082 785 omne
3119 745 3260 801 opus
3299 730 3503 785 bonum
3547 747 3669 785 om-

2069 817 2238 872 nibus
2275 817 2390 873 suis
2430 817 2682 888 partibus
2723 820 2985 885 absoluti,
3012 828 3069 875 et
3115 836 3282 891 opere
3315 819 3560 892 insignes
3613 828 3672 878 et

2071 909 2264 964 verbo.
2312 909 2466 964 Thus
2502 918 2771 979 praeterea
2834 919 2890 965 et
2935 912 3015 967 sal
3060 911 3179 966 illis
3218 912 3572 984 aspergitur;
3605 928 3671 967 ac

2071 997 2202 1053 thus
2222 1000 2445 1070 quidem
2477 1000 2628 1055 illam
2658 1001 2967 1057 sanctitatis
2990 1001 3670 1074 fragrantiam,etChristi

2071 1088 2278 1144 bonum
2309 1089 2560 1157 odorem,
2602 1092 2681 1147 sal
2704 1106 2835 1147 vero
2856 1094 3206 1164 prudentiam
3226 1095 3672 1169 indicat;neque

2070 1182 2219 1236 enim
2236 1190 2555 1238 sanctorum
2578 1185 2826 1240 virorum
2849 1201 3031 1242 sermo
3052 1187 3324 1259 insipiens
3348 1199 3445 1245 aut
3465 1190 3671 1245 stultus

2070 1282 2176 1341 est,
2209 1276 2305 1332 sed
2325 1277 2503 1348 gratia
2539 1286 2597 1333 et
2621 1277 2731 1334 sale
2774 1280 3031 1335 conditus
3052 1281 3121 1347 ⁸⁸,
3162 1288 3225 1336 ιιι
3252 1283 3521 1354 scriptum
3562 1294 3668 1349 est,

2071 1376 2127 1422 et
2152 1367 2385 1439 gratiam
2420 1368 2515 1423 dat
2540 1369 2901 1427 audientibus
2919 1372 2984 1425 ⁸³.
3014 1371 3231 1428 Dictum
3265 1382 3350 1430 est
3377 1376 3544 1431 etiam
3562 1375 3673 1431 illis

2071 1476 2102 1514 a
2135 1459 2400 1517 Christo:
2434 1474 2471 1512 r'
2494 1462 2603 1518 Vos
2636 1464 2770 1519 estis
2804 1464 2882 1519 sal
2919 1470 3081 1521 terra:
3119 1466 3185 1521 θα.
3226 1484 3245 1518 ι
3275 1467 3674 1538 Proponuntur

2070 1554 2239 1609 etiam
2269 1554 2359 1611 die
2382 1554 2643 1624 Sabbati;
2676 1557 2795 1613 dies
2813 1558 2984 1625 enim,
3008 1575 3121 1631 quo
3158 1571 3290 1617 sunt
3330 1562 3505 1618 sancti
3535 1579 3673 1635 apo-

2071 1646 2198 1701 stoli
2212 1646 2500 1713 declarati,
2520 1647 2745 1705 Sabbati
2771 1651 3078 1721 spiritualis
3105 1662 3325 1726 tempus
3349 1664 3453 1724 est,
3472 1672 3673 1728 nempe

2071 1738 2280 1794 Christi
2306 1740 2602 1807 adventus,
2635 1758 2801 1814 quem
2833 1747 2964 1815 quia
2992 1762 3102 1802 non
3120 1758 3469 1819 agnoverunt
3490 1751 3673 1821 quiex

2072 1831 2239 1888 Israel
2263 1849 2438 1903 genus
2467 1833 2767 1901 ducebant,
2801 1838 3007 1895 Paulus
3056 1840 3124 1896 de
3156 1841 3266 1917 illis
3294 1841 3430 1898 dicit
3465 1861 3477 1897 :
3514 1862 3532 1893 ι
3562 1844 3671 1916 Igi-
3714 1870 3719 1885 ι

2074 1931 2162 1979 ιιιι·
2215 1926 2550 1998 relinquitur
2593 1930 2969 1989 sabbatismus
3021 1934 3227 2005 populo
3261 1937 3359 1992 Dei
3404 1938 3471 1991 ⁸⁷.
3497 1957 3515 1988 ι
3549 1938 3670 1993 Νοη

2074 2020 2225 2075 enim
2250 2021 2486 2093 ingressi
2504 2032 2632 2079 sunt
2660 2025 2716 2080 in
2740 2026 2994 2097 requiem
3023 2029 3163 2101 ejus,
3188 2031 3317 2102 quia
3352 2031 3516 2089 ﬁdem
3558 2049 3668 2090 non

2072 2123 2421 2186 receperunt.
2473 2116 2859 2176 Sabbatismus
2885 2120 3054 2193 igitur
3081 2139 3248 2179 verus
3271 2140 3335 2180 ac
3364 2125 3672 2196 spiritualis

2073 2214 2291 2279 tempus
2336 2208 2473 2266 illud
2521 2219 2625 2278 cst,
2683 2228 2796 2284 quo
2825 2212 3076 2271 Salvator
3118 2223 3307 2273 noster
3337 2217 3580 2274 advenit.
3610 2218 3668 2273 In

2071 2301 2250 2357 oculis
2274 2301 2442 2357 etiam
2471 2303 2568 2358 Dei
2602 2311 2686 2359 est
2713 2320 2918 2375 panum
2937 2307 3266 2377 propositio,
3301 2317 3467 2380 atque
3499 2309 3667 2365 etiam

2073 2395 2128 2449 in
2179 2396 2357 2452 oculis
2416 2397 2605 2454 Israel.
2666 2419 2683 2451 ι
2737 2400 3067 2471 Pmponetis
3110 2401 3281 2466 enim,
3322 2402 3522 2474 inquit,
3576 2402 3668 2459 die

2072 2487 2438 2544 Sabbatorum
2480 2491 2536 2545 in
2569 2501 2869 2562 conspectu
2898 2493 3118 2548 Domini
3137 2493 3190 2548 in
3223 2503 3578 2566 perpetuum,
3608 2495 3667 2550 in

2071 2590 2374 2651 conspectu
2405 2582 2646 2638 ﬁliorum
2673 2584 2836 2640 Israel
2859 2585 2941 2650 δθς
2982 2604 3000 2635 ι
3025 2600 3150 2641 cum
3177 2587 3269 2642 ille
3322 2588 3667 2658 contemple-

2074 2682 2182 2741 tur,
2209 2689 2273 2729 ac
2298 2682 2571 2746 perpetuo
2607 2685 2828 2732 sanctos
2879 2678 3024 2732 viros
3069 2692 3167 2733 sua
3190 2678 3535 2749 inspectione
3587 2681 3671 2736 di-

2070 2776 2297 2836 gnetur:
2325 2788 2341 2818 ε
2361 2767 2519 2824 Oculi
2536 2770 2708 2835 enim,
2732 2770 3171 2841 inquit,Domini
3200 2773 3628 2845 superjustos”.
3645 2795 3662 2826 ι

2072 2859 2132 2914 In
2153 2861 2330 2915 oculis
2371 2861 2538 2916 etiam
2570 2862 2759 2929 Israel,
2799 2863 2948 2934 quod
3001 2880 3099 2921 eos
3121 2866 3411 2922 attendere
3445 2866 3668 2933 debeat,

2071 2961 2238 3023 atque
2266 2954 2323 3008 in
2353 2954 2460 3009 illis
2498 2954 2665 3009 animi
2692 2956 2883 3012 oculos
2912 2957 3320 3027 quodammodo
3346 2957 3494 3031 ﬁgat,
3527 2976 3668 3031 quo—

2074 3059 2196 3099 rum
2218 3044 2449 3117 ﬁguram
2488 3045 2739 3118 corporis
2788 3048 2936 3103 oculi
2973 3048 3242 3106 referunt.
3280 3069 3299 3101 ‹
3334 3049 3442 3106 Sed
3481 3058 3667 3117 erunt,

2072 3136 2272 3208 inquit,
2298 3137 2483 3194 Aaron
2501 3147 2560 3194 et
2588 3139 2718 3195 ﬁliis
2744 3141 2885 3212 ejus,
2913 3148 2968 3197 et
2995 3141 3291 3199 comedent
3327 3159 3412 3199 ea.
3446 3163 3464 3195 ι
3487 3144 3670 3216 Appo-

2069 3228 2174 3283 sita
2200 3235 2331 3283 sunt
2358 3230 2562 3301 quippe
2594 3230 2756 3286 nobis
2782 3231 2839 3285 in
2878 3230 3066 3286 cibum
3091 3239 3408 3287 sanctorum
3450 3243 3671 3303 aposto-

352 3330 610 3401 γμένοις,
645 3329 742 3383 καὶ
771 3330 837 3402 τῇ
865 3326 963 3382 τοῦ
992 3327 1149 3398 ἁγίου
1175 3325 1498 3398 Πνεύματος
1523 3325 1706 3407 χάριτι
1732 3341 1963 3379 κατακε-

2068 3322 2252 3377 lorum
2274 3323 2501 3394 scripta,
2532 3325 2628 3396 qui
2661 3325 2767 3381 ﬁde
2801 3325 3090 3397 justiﬁcati
3120 3342 3342 3392 sumus;
3388 3335 3445 3383 et
3479 3338 3670 3385 sancto

352 3420 702 3494 χριομένοις.

432 3696 648 3752 ΠΑΛΛ.
680 3690 756 3751 Εὖ
798 3694 935 3766 ἔφης
957 3712 970 3726 ·
1006 3692 1387 3764 συναινέσαιμι
1410 3693 1518 3765 γὰρ
1551 3694 1638 3749 ἄν.
1681 3695 1840 3749 Ἀ).λά
1868 3695 1963 3749 τοῦ

349 3789 424 3862 δὴ
448 3789 633 3861 χάριν,
664 3789 766 3842 οὐκ
789 3789 849 3842 ἐν
880 3789 994 3851 τοῖς
1030 3786 1237 3857 Ἀγίοις
1269 3787 1379 3841 τῶν
1417 3787 1589 3857 ἁγίων
1609 3830 1622 3851 ,
1651 3786 1766 3842 ἀλλ’
1791 3788 1849 3841 ὲν
1896 3789 1962 3860 τῇ

350 3881 556 3954 πρώτῃ
604 3885 778 3954 σκηνῇ
811 3880 906 3935 τοῦ
936 3880 1093 3949 ἁγίου
1137 3878 1448 3935 Βαπτιστοῦ
1471 3921 1485 3946 ,
1517 3882 1611 3935 καὶ
1638 3881 1749 3935 τῶν
1794 3882 1963 3950 ἁγίων

348 3975 682 4030 ἀποστόλων
706 3976 755 4028 οἱ
780 3974 943 4029 τύποι
963 3992 979 4042 ;

425 4067 594 4123 ΚΥΡ.
626 4068 854 4141 Πρῶτον
897 4068 999 4140 μὲν
1046 4068 1129 4122 δτι
1183 4067 1319 4122 πολὺ
1360 4068 1423 4122 τὸ
1464 4067 1819 4139 μεσολαϐοὖν,
1868 4069 1963 4121 καὶ

346 4160 459 4215 οὐκ
484 4161 543 4214 ἐν
569 4153 650 4225 οἷς
670 4161 699 4213 ὀ
722 4159 983 4231 Χριστὸς,
1007 4158 1103 4213 καὶ
1126 4158 1197 4213 τά
1218 4160 1327 4213 τῶν
1358 4159 1532 4228 ἁγίων
1556 4159 1821 4224 κείσεται,
1846 4159 1961 4213 ἀλλ’

347 4252 521 4308 οἱονεί
561 4270 680 4318 πως
714 4252 820 4320 ἔξω
863 4253 960 4307 καὶ
1003 4252 1061 4306 ὲν
1103 4251 1330 4324 μείοσιν.
1381 4250 1675 4325 Ἐξῄρηται
1714 4251 1822 4323 γὰρ
1868 4252 1962 4305 xa‘t

349 4346 465 4403 ἁνὰ
500 4348 671 4419 μέρος
696 4347 817 4400 ἐστὶ
842 4345 912 4401 τὰ
938 4345 1032 4401 τοῦ
1056 4343 1214 4411 Θεοῦ,
1240 4346 1336 4400 καὶ
1360 4346 1529 4410 πολὺς
1552 4344 1621 4399 τὰ
1643 4344 1962 4417 ἀνθρώπινα

347 4439 679 4511 διατειχίζει
727 4438 920 4508 λόγος,
968 4437 1303 4510 ἀσύγκριτον
1354 4439 1665 4503 ἐπιδεικνὺς
1710 4439 1810 4511 τὴν
1852 4439 1960 4493 τῶν

349 4533 576 4599 φύσεων
622 4532 885 4605 ἰδιότητα,
926 4533 1022 4587 καὶ
1068 4531 1168 4604 τὴν
1214 4533 1315 4602 τῆς
1359 4531 1614 4597 εὐκλείας
1666 4532 1954 4605 διαφοράν.

346 4617 492 4677 Εἶτα
523 4627 608 4680 ὅτι
636 4626 930 4697 γεγόνασιν
962 4624 1023 4691 ἐξ
1068 4624 1339 4679 Ἰουδαίων
1369 4626 1465 4679 καὶ
1496 4624 1598 4696 τῆς
1628 4625 1773 4680 κατά
1795 4626 1960 4697 νόμον

2069 3414 2145 3470 illi
2174 3430 2240 3471 ac
2273 3431 2431 3472 sacro
2454 3418 2664 3488 generi,
2691 3417 2933 3488 populis,
2965 3418 3213 3489 inquam,
3252 3419 3362 3475 illis
3389 3419 3444 3474 in
3475 3420 3668 3490 acqui-

2066 3507 2348 3574 sitionem,
2381 3518 2438 3563 ct
2471 3509 2686 3573 electis,
2734 3517 2790 3565 et
2836 3512 3010 3566 sancti
3053 3508 3293 3582 Spiritus
3322 3513 3497 3584 gratia
3539 3529 3668 3585 pcr-

2068 3603 2270 3659 uncus.
2980 3626 2987 3629 ν

2137 3697 2338 3753 PALL.
2380 3697 2551 3754 Recte
2589 3699 2708 3754 ais:
2755 3699 2853 3753 tibi
2873 3699 3022 3754 enim
3048 3701 3342 3756 assentior.
3381 3700 3488 3756 Sed
3512 3702 3671 3773 cujus

2067 3793 2144 3848 rei
2169 3792 2346 3865 gratia
2390 3807 2504 3848 non
2552 3791 2606 3847 in
2650 3791 2868 3847 Sanctis
2910 3801 3252 3858 sanctorum,
3285 3793 3448 3865 3&7
3473 3794 3568 3849 sed
3611 3795 3668 3849 in

2066 3885 2250 3955 primo
2274 3885 2634 3941 tabernaculo
2657 3885 2831 3941 sancti
2860 3885 3009 3940 illius
3051 3884 3309 3955 Baptistm
3354 3901 3416 3940 ac
3451 3894 3670 3941 sancto.

2068 3994 2188 4033 rum
2219 3978 2599 4048 apostolorum
2623 3977 2741 4033 sita:
2768 3986 2927 4033 erant
2948 3976 3180 4048 ﬁgurae?

2136 4070 2294 4126 (ΠΒ.
2323 4071 2569 4126 Primum
2600 4070 2827 4141 quidem
2850 4071 3151 4141 plurimum
3187 4070 3333 4126 inter
3359 4086 3455 4127 eos
3489 4072 3664 4128 inter-

2065 4170 2183 4225 est;
2251 4176 2433 4231 neque
2485 4159 2683 4215 eodem
2744 4176 2856 4231 quo
2900 4159 3157 4217 Christus
3192 4161 3314 4217 locu
3346 4163 3451 4218 viri
3488 4165 3665 4219 sancti

2064 4271 2187 4311 esse
2211 4262 2466 4325 possunt,
2502 4253 2599 4309 sed
2629 4253 2979 4309 extrinsecus
3001 4254 3410 4324 quodammodo
3439 4265 3495 4313 ct
3529 4258 3664 4313 sub-

2064 4347 2321 4403 missiore
2368 4346 2567 4418 gradu.
2618 4345 2880 4417 Sejuncta
2925 4362 3164 4418 namque
3203 4358 3333 4404 sunt
3361 4348 3568 4415 divina,
3601 4368 3666 4407 ac

2063 4439 2361 4509 separatim
2378 4438 2578 4509 posita,
2607 4445 2665 4494 et
2690 4438 2853 4509 longe
2880 4438 3096 4493 diversa
3116 4438 3256 4495 ratio
3288 4455 3319 4495 a
3353 4440 3556 4497 divinis
3576 4461 3663 4499 re-

2064 4533 2169 4588 bus
2184 4533 2428 4588 bumana
2444 4531 2755 4605 distinguit,
2775 4548 2898 4602 quae
2923 4539 3248 4589 naturarum
3266 4536 3666 4607 proprietatem

2065 4627 2557 4697 diﬁercntiamque
2584 4626 2771 4698 gloria:
2817 4634 3027 4682 tantam
3054 4644 3176 4684 esse
3206 4629 3572 4699 demonstrat,
3607 4641 3669 4688 ut

344 4714 637 4789 λατρείας.
672 4719 862 4794 Ταύτῃ
890 4737 971 4774 τοι
1003 4719 1169 4784 τόπος
1206 4717 1396 4792 ὥσπερ
1447 4719 1632 4784 αὐτοῖς
1667 4723 1695 4774 ὁ
1735 4722 1961 4793 πρέπων

2068 4705 2311 4776 conferri
2336 4719 2563 4775 interse
2604 4719 2759 4774 nullo
2807 4719 2973 4775 modo
3007 4730 3232 4790 queant.
3277 4722 3507 4790 Deinde,
3535 4725 3668 4795 quia

341 4810 383 4880 ἡ
422 4808 621 4880 πρώτη
656 4812 866 4884 σκηνὴ,
904 4813 962 4866 ἐν
1058 4812 1118 4867 τὸ
1148 4813 1205 4865 ἐν
1238 4810 1433 4877 τύποις
1465 4814 1645 4867 ἔκειτο
1671 4814 1783 4868 τῶν
1818 4832 1957 4888 καρ-

343 4900 635 4972 πωμάτων
670 4904 1085 4976 θυσιαστήριον·
1124 4902 1158 4975 ἢ
1194 4904 1296 4959 οὐκ
1343 4902 1403 4970 ἐξ
1451 4905 1683 4976 αἵματος
1744 4905 1959 4979 Ἰσραὴλ

341 4995 447 5048 καὶ
477 4993 589 5047 ἀπὸ
633 4997 841 5068 σκηνῆς
871 4994 1062 5068 ὥσπερ
1102 4998 1200 5069 τῆς
1237 4997 1495 5070 πρώτης,
1628 4998 1738 5053 τῶν
1787 5001 1957 5069 ἁγίων

344 5085 616 5158 μαθητῶν
639 5088 830 5158 γέγονε
863 5088 1054 5162 κλῆσις
1073 5106 1088 5157 ;

417 5353 636 5408 ΠΑΛΛ.
663 5354 774 5407 Καὶ
809 5354 977 5426 μάλα.

415 5445 590 5499 ΚΥΡ.
644 5444 901 5516 Ἔχοντος
932 5445 998 5518 δὴ
1028 5442 1120 5501 οὖν
1148 5447 1517 5520 ἀποχρώντως
1552 5454 1683 5523 ἡμῖν
1714 5448 1772 5508 εὖ
1809 5454 1955 5526 μάλα

329 5536 435 5594 τοῦ
467 5538 599 5609 περὶ
624 5538 833 5592 τούτων
858 5539 1042 5608 λόγου,
1078 5540 1429 5611 παροιστέον,
1462 5544 1509 5597 εἰ
1539 5543 1706 5609 δοκεῖ,
1733 5545 1832 5618 τὴν
1859 5547 1953 5602 τοῦ

330 5631 640 5687 θεσπεσίου
668 5633 885 5686 Παύλου
920 5633 1127 5704 φωνὴν,
1164 5634 1563 5706 διατρανοῦσαν
1599 5638 1853 5707 ἀστείως,
1888 5641 1951 5695 τὸ

330 5728 434 5783 ὲπί
469 5744 535 5797 γε
564 5730 633 5799 τῇ
671 5726 864 5800 πρώτῃ
897 5728 992 5781 καὶ
1017 5731 1084 5799 τῇ
1131 5728 1360 5802 δευτέρᾳ
1404 5735 1580 5804 σκηνῇ
1621 5737 1944 5809 μαρτύριον.

328 5821 554 5892 Γράφει
587 5821 645 5875 δὲ
676 5813 801 5876 ὧδεσ
844 5840 861 5872 ι
904 5820 1123 5875 Τούτων
1145 5820 1203 5874 δὲ
1240 5821 1382 5876 οὕτω
1412 5830 1946 5900 κατεσκευασμένων

2067 4827 2134 4867 ex
2155 4810 2362 4868 Judaeis
2383 4810 2489 4867 orti
2518 4818 2575 4867 et
2601 4826 2669 4865 ex
2698 4810 2789 4865 illa
2805 4810 2966 4882 legali
2998 4812 3383 4869 observatione
3404 4814 3629 4870 fuerunt
3647 4855 3663 4879 ,

2067 4905 2140 4960 ob
2156 4920 2276 4960 eam
2302 4919 2523 4959 causam
2547 4904 2704 4960 locus
2746 4904 2854 4960 illis
2887 4904 3297 4975 quodammodo
3322 4905 3523 4961 decens
3562 4906 3663 4960 tri—

2066 4999 2238 5054 butus
2274 5005 2386 5062 est,
2429 5012 2631 5067 nempe
2667 4997 2906 5067 primum
2963 4997 3401 5061 tabernaculum,
3447 4999 3500 5053 in
3555 5017 3664 5071 quo

2068 5089 2419 5163 ﬁgu'rativum
2470 5089 2606 5145 illud
2647 5089 3046 5145 sacriﬁciorum
3099 5091 3272 5145 altare
3298 5090 3463 5146 situm
3520 5101 3659 5148 erat.

2069 5186 2265 5239 Annon
2322 5197 2388 5237 ex
2443 5196 2647 5252 genere
2677 5181 2868 5246 Israel,
2897 5190 2953 5237 et
2980 5181 3138 5252 quasi
3197 5183 3432 5252 eprimo
3481 5184 3663 5241 taber—

2059 5277 2259 5334 nacqu
2280 5283 2502 5331 sanctos
2524 5275 2647 5330 illos
2667 5274 2969 5345 discipulos
2999 5291 3122 5331 esse
3146 5276 3343 5345 putas?

2131 5370 2330 5427 PALL.
2360 5370 2476 5441 Ego
2496 5384 2631 5424 vero
2648 5368 2907 5423 maxime.

2129 5464 2289 5520 CYR.
2318 5461 2459 5519 Cum
2487 5461 2658 5534 igitur
2682 5461 2770 5516 bis
2792 5461 2860 5516 de
2883 5460 3054 5516 rebus
3069 5460 3278 5516 dictum
3306 5462 3378 5517 sit
3430 5477 3461 5517 a
3497 5464 3660 5520 nobis

2058 5557 2211 5621 satis,
2240 5555 2571 5627 proferenda
2597 5563 2747 5621 sunt,
2785 5554 2829 5609 si
2854 5554 3054 5625 placet,
3088 5551 3234 5609 beati
3279 5554 3434 5610 Pauli
3467 5557 3660 5621 verba,

2057 5664 2181 5719 quae
2203 5648 2271 5704 de
2296 5648 2477 5719 primo
2508 5664 2573 5703 ac
2603 5646 2848 5704 secundo
2884 5646 3244 5703 tabernaculo
3281 5648 3660 5705 testimonium

2057 5742 2341 5813 eleganter
2363 5741 2662 5812 explicant.
2715 5739 2924 5795 Scribit
2972 5741 3123 5797 enim
3178 5742 3225 5797 is
3257 5740 3506 5796 adhunc
3544 5756 3662 5795 mo-

2058 5834 2189 5888 dum
2222 5853 2234 5887 :
2272 5854 2288 5886 ι
2326 5833 2425 5889 His
2451 5834 2525 5889 ita
2551 5833 2855 5905 dispositis,
2885 5834 2941 5888 in
2961 5835 3202 5905 primum
3228 5834 3453 5906 quidem
3482 5834 3663 5889 taber-

408 5998 455 6026 “
479 5997 600 6055 Col.
637 6016 711 6064 ιν,
743 5999 797 6055 6.
873 5999 919 6031 ⁸⁵
948 5998 1151 6070 Ephes.
1182 6015 1253 6060 IV,
1285 6000 1375 6056 29.
1455 6003 1711 6062 “Matth.
1739 6023 1792 6075 ν,
1820 6007 1908 6063 15.

2068 6010 2309 6079 IIebr.1v,
2345 6014 2397 6069 9.
2478 6015 2522 6047 ⁸⁵
2561 6015 2746 6074 Levit.
2778 6033 2924 6087 xxxv,
2955 6015 3008 6072 8.
3087 6016 3132 6050 ”
3164 6015 3309 6072 Psal.
3345 6026 3533 6077 χχχιιι,
3567 6011 3653 6067 16.

665 6091 942 6153 ΡΑτιιοι..
988 6094 1105 6152 Gn.
1146 6090 1409 6157 LXVIII.

3212 6104 3290 6168 22
