4118 6496
478 555 581 611 683

1521 549 1577 606 S.
1618 548 1894 606 CYRlLLl
1931 544 2401 603 ALEXANDRINI
2432 542 2751 601 ARCHIEP.
3159 534 3165 543 “
3637 541 3727 600 ῧϐὖ

474 671 732 728 naculum
771 683 986 738 semper
1028 666 1413 738 ingrediuntur
1465 665 1799 730 sacerdotes,
1845 663 2057 719 sacrifi-

2164 663 2242 725 εἰς
2280 662 2378 732 μὲν
2403 660 2500 732 τὴν
2533 659 2756 731 πρώτην
2789 658 3012 729 σκηνὴν,
3057 656 3147 709 διὰ.
3189 655 3392 720 παντὸς
3437 655 3725 712 εἰσίασινοί

472 763 684 817 ciorum
713 759 887 814 oflicia
911 764 1393 813 consummantes:
1426 757 1482 810 in
1515 756 1819 811 secundum
1870 763 2053 809 autem

2162 754 2321 824 ἱερεῖς
2355 752 2455 815 τὰς
2482 750 2736 823 λατρείας
2768 749 3163 811 ἐπιτελοῦντες.
3207 748 3302 811 Εἰς
3349 747 3407 802 δὲ
3436 749 3538 820 τὴν
3564 749 3729 803 δευτέ-

471 852 638 907 semel
688 850 744 904 in
788 864 933 903 anno
976 848 1128 903 solus
1178 846 1447 918 pontifex,
1472 862 1583 901 non
1629 847 1747 901 sine
1770 845 2051 916 sanguine,

470 958 633 1013 quem
666 942 829 997 offert
856 957 957 1012 pro
985 956 1082 995 sua
1106 946 1163 994 et
1199 939 1389 1010 populi
1446 937 1788 1009 ignorantia;
1826 937 1931 990 hoc
1976 934 2053 990 si-

468 1033 761 1104 gnificante
801 1032 1009 1102 Spiritu
1050 1037 1262 1094 sancto,
1292 1029 1536 1083 nondum
1571 1028 1908 1098 propalatam
1935 1040 2056 1080 esse

467 1132 782 1178 sanctorum
811 1122 978 1186 viam,
1006 1120 1188 1175 adhuc
1214 1119 1397 1190 primo
1427 1118 1780 1173 tabernaculo
1819 1117 2056 1172 habente

469 1220 690 1268 statum.
717 1212 849 1279 Quae
903 1211 1164 1282 parabola
1207 1218 1291 1264 est
1345 1208 1605 1279 temporis
1633 1208 1909 1273 instantis,
1947 1223 2057 1278 quo

466 1306 610 1360 dona
638 1315 693 1360 et
709 1303 978 1359 sacrificia
1000 1302 1332 1365 offeruntur,
1366 1315 1489 1370 quae
1519 1315 1628 1353 non
1646 1309 1878 1369 possunt
1904 1299 2057 1368 juxta

466 1396 860 1451 conscientiam
892 1393 1194 1465 perfectum
1223 1393 1403 1447 facere
1448 1392 1803 1455 servientem,
1855 1390 2059 1445 solum-

466 1485 630 1541 modo
660 1487 714 1540 in
747 1485 886 1540 cibis
944 1491 999 1539 et
1044 1484 1285 1555 potibus,
1329 1490 1386 1537 et
1404 1482 1572 1537 variis
1616 1481 2054 1551 baptismatibus,

460 1578 885 1650 justiﬁcationes
908 1577 1092 1632 carnis
1128 1591 1301 1647 usque
1328 1574 1396 1630 ad
1432 1583 1649 1645 tempus
1695 1573 2059 1629 correctionis

467 1669 754 1739 impositae.
777 1668 1031 1723 Christus
1062 1676 1249 1722 autem
1289 1668 1554 1723 assistens
1573 1665 1823 1737 pontifex
1845 1664 2060 1720 futuro-

466 1776 587 1814 rum
620 1760 913 1823 bonorum,
941 1774 1043 1828 per
1066 1757 1304 1829 amplius
1330 1767 1386 1812 et
1406 1757 1706 1829 perfectius
1724 1756 2057 1812 tabernacu-

466 1851 601 1917 lum,
633 1866 745 1906 non
769 1850 1161 1915 manufactum,
1186 1849 1239 1904 id
1273 1856 1378 1914 est,
1404 1865 1515 1904 non
1550 1849 1715 1921 hujus
1739 1847 2054 1912 creationis,

465 1959 644 2015 neque
668 1960 768 2015 per
791 1944 1112 2015 sanguinem
1142 1943 1427 1998 hircorum
1474 1950 1569 1997 aut
1602 1942 1925 2006 vitulorum,
1959 1938 2055 1995 sed

2157 864 2275 917 ραν,
2313 844 2460 910 ἅπαξ
2486 844 2579 898 τοῦ
2611 842 2859 898 ἐνιαυτοῦ
2899 841 3057 911 μόνος
3084 844 3112 896 ὁ
3156 840 3446 911 ἀρχιερεὺς
3481 840 3544 894 οὐ
3574 842 3728 911 χωρὶς

2154 937 2415 1007 αἵματος,
2446 936 2475 989 ὃ
2507 934 2806 1008 προσφέρει
2833 934 2972 1004 ὑπὲρ
3001 933 3196 986 ἐαυτοῦ
3228 932 3323 987 καὶ
3356 932 3466 986 τῶν
3492 931 3588 989 τοῦ
3612 932 3727 986 λαοῦ

2156 1030 2535 1101 ἀγνοημάτων,
2573 1028 2734 1082 τοῦτο
2760 1026 3043 1097 δηλοῦντος
3070 1025 3164 1080 τοῦ
3205 1026 3363 1096 ἁγίου
3400 1025 3722 1097 Πνεύματος,

2160 1121 2323 1192 μῆπω
2364 1119 2782 1191 πεφανερῶσθαι
2828 1120 2926 1189 τὴν
2958 1118 3068 1172 τῶν
3112 1118 3284 1187 ἁγίων
3333 1117 3473 1185 ὁδὸν,
3521 1116 3605 1170 ἔτι
3645 1116 3725 1187 τῆς

2157 1212 2380 1283 πρώτης
2432 1213 2638 1282 σκηνῆς
2687 1210 2918 1281 ἐχούσης
2968 1210 3179 1265 στάσιν.
3250 1210 3411 1273 ’Ἢτις
3462 1207 3727 1282 παραϐολὴ

2157 1306 2237 1369 εἰς
2283 1304 2374 1357 τὸν
2407 1302 2600 1376 καιρδν
2631 1303 2723 1357 τὸν
2756 1304 3113 1373 ἐνεστηκότα,
3139 1300 3264 1355 καθ’
3295 1301 3353 1354 ὃν
3385 1299 3534 1372 δῶρά
3562 1317 3621 1354 τε
3650 1301 3729 1354 καὶ

2158 1395 2338 1449 θυσίαι
2366 1396 2772 1468 προσφέρονται
2796 1435 2810 1456 ,
2841 1393 2915 1466 μὴ
2941 1395 3237 1464 δυνάμεναι
3273 1392 3415 1447 κατὰ
3442 1392 3729 1464 συνείδησιν

2155 1488 2437 1542 τελειῶσαι
2481 1487 2573 1541 τὸν
2619 1486 2984 1558 λατρεύοντα,
3032 1487 3191 1556 μόνον
3236 1484 3330 1538 ἐπὶ
3369 1483 3623 1559 βρώμασι
3651 1483 3735 1537 καὶ

2157 1580 2362 1650 πόμασι
2392 1580 2483 1633 καὶ
2511 1578 2786 1650 διαφόροις
2811 1578 3139 1649 βαπτισμοῖς
3159 1576 3506 1649 δικαιώματα
3540 1574 3734 1647 σαρκὸς

2160 1672 2323 1744 μέχρι
2368 1671 2566 1743 καιροῦ
2616 1670 2957 1743 διορθώσεως
3004 1669 3333 1740 ἐπικείμενα
3364 1668 3467 1739 (l).
3510 1667 3735 1739 Χριστὸς

2156 1766 2212 1819 δέ
2244 1763 2685 1836 παραγενόμενος
2711 1763 3005 1834 ἀρχιερεὺς
3049 1760 3160 1814 τῶν
3194 1759 3494 1829 μελλόντων
3525 1757 3735 1827 ἀγαθῶν

2156 1859 2244 1914 διὰ
2281 1860 2379 1930 τῆς
2415 1858 2660 1930 μείζονος
2704 1858 2800 1912 καὶ
2832 1854 3174 1927 τελειοτέρας
3208 1855 3412 1925 σκηνῆς
3461 1854 3524 1907 ού
3561 1869 3736 1923 χειρο-

2159 1952 2404 2023 ποιήτου,
2438 1951 2585 2003 τοῦτ’
2609 1948 2777 2015 ἔστιν,
2807 1949 2869 2001 ού
2897 1947 3103 2017 ταύτης
3132 1946 3233 2016 τῆς
3257 1945 3509 2009 κτίσεως,
3534 1943 3654 1997 οὐδὲ
3676 1943 3738 1996 δι’

464 2049 566 2104 per
593 2034 877 2105 proprium
907 2033 1235 2105 sanguinem
1272 2031 1524 2086 introivit
1539 2030 1708 2086 semel
1746 2029 1803 2084 in
1833 2029 2057 2084 Sancto-

2162 2043 2393 2114 αἵματος
2415 2042 2635 2113 τράγων
2661 2042 2755 2095 καὶ
2781 2040 3016 2111 μόσχων,
3046 2034 3134 2092 διὰ
3155 2038 3210 2091 δὲ
3237 2038 3331 2090 τοῦ
3354 2037 3490 2090 ίδίου
3516 2037 3741 2106 αἵματος

466 2141 610 2192 rum,
628 2133 833 2181 aeterna
857 2124 1230 2195 redemptione
1248 2124 1469 2180 inventa
1483 2123 1549 2177 ὀ.
1564 2143 1581 2175 ι
1606 2122 1872 2194 lntelligis
1888 2120 2053 2192 igitur

466 2217 618 2272 illum
651 2219 882 2283 cultum,
914 2218 1011 2288 qui
1037 2216 1092 2271 in
1123 2212 1311 2287 primo
1348 2216 1704 2271 tabernaculo
1762 2204 2052 2270 defereba-

466 2316 575 2372 tur,
624 2308 941 2363 exhibuisse
997 2307 1334 2373 sacerdotes,
1409 2307 1613 2378 quibus
1663 2321 1774 2361 non
1826 2310 1950 2361 erat
1996 2305 2053 2359 in

464 2398 662 2454 Sancta
715 2408 1029 2454 sanctorum
1074 2398 1417 2469 ingrediendi
1468 2405 1730 2468 potestas.
1774 2396 1923 2451 Talis
1970 2404 2054 2451 est

461 2491 609 2547 enim
634 2490 1034 2561 propemodum
1075 2492 1259 2546 cultus
1306 2490 1516 2561 legalis,
1570 2499 1773 2545 statum
1802 2490 1957 2544 illum
1997 2489 2053 2543 in

463 2584 675 2640 umbris
708 2583 921 2639 habens
948 2601 960 2637 :
1004 2583 1121 2639 hzec
1143 2598 1310 2653 porro
1334 2583 1533 2638 inertia
1561 2591 1690 2636 sunt
1717 2582 1784 2637 ad
1825 2581 2055 2651 expian-

463 2677 596 2731 dum
622 2675 1029 2747 eluendumquc
1052 2683 1359 2744 peccatum.
1391 2674 1605 2729 Audisti
1633 2689 1869 2745 namque
1891 2673 2053 2744 paulo

464 2777 591 2827 ante
624 2768 950 2823 clamantem
974 2768 1223 2831 Paulum,
1251 2782 1315 2822 ea
1355 2766 1573 2821 infirma
1602 2780 1723 2820 esse
1786 2764 1853 2819 ad
1887 2763 2053 2835 perti-

465 2860 728 2918 ciendum
767 2861 923 2931 juxta
954 2859 1353 2916 conscientiam
1384 2859 1717 2914 servientem
1763 2858 1843 2924 ⁹¹;
1890 2857 2056 2929 348

464 2952 564 3008 sed
585 2952 949 3007 servabantur
974 2968 1150 3023 usque
1173 2951 1243 3007 ad
1282 2960 1500 3023 tempus
1532 2951 1917 3015 correctionis,
1972 2948 2057 3003 in-

465 3045 801 3101 carnationis
825 3045 1090 3100 nimirum
1123 3044 1273 3101 illius
1296 3044 1610 3116 Unigeniti;
1643 3058 1754 3115 quo
1810 3049 2055 3114 tempore

466 3136 730 3192 informes
757 3136 864 3192 illa:
886 3135 1075 3209 figurat-
1090 3135 1159 3191 ad
1186 3135 1477 3192 veritatem
1502 3134 1864 3190 transierunt.
1896 3152 1915 3186 ι
1954 3132 2055 3188 Se-

465 3228 571 3283 mel
594 3237 778 3284 autem
799 3228 856 3283 in
879 3243 1045 3293 anno,
1073 3234 1131 3282 et
1171 3228 1322 3283 solus
1354 3227 1601 3299 pontifex
1626 3227 1682 3282 in
1708 3226 1908 3283 Sancta
1932 3241 2056 3281 san—

465 3328 682 3377 ctorum
711 3321 969 3387 intrabat,
995 3336 1107 3377 non
1147 3320 1269 3377 sine
1319 3320 1585 3392 sanguine
1608 3362 1623 3386 ,
1644 3336 1809 3392 quem
1831 3319 2057 3375 offerret

2158 2132 2404 2205 εἱσῆλθεν
2426 2131 2644 2203 ἐφάπαξ
2668 2133 2748 2194 εἰς
2780 2132 2943 2201 Ἅγια
2970 2130 3077 2185 τῶν
3105 2129 3276 2199 ἁγίων
3301 2129 3524 2183 αἰωνίαν
3545 2126 3745 2201 λύτρω-

2161 2244 2244 2281 σιν
2271 2225 2592 2300 εὑράμενος.
2632 2245 2651 2278 i
2684 2226 2881 2297 Συνίης
2908 2219 3000 2279 οὖν
3022 2225 3103 2278 ὅτι
3131 2224 3231 2287 τὰς
3254 2222 3352 2294 μὲν
3377 2223 3435 2277 ἐν
3466 2225 3533 2293 τῇ
3557 2220 3743 2293 πρώτῃ

2162 2322 2334 2392 σκηνῇ
2366 2319 2620 2391 λατρείας
2646 2319 2933 2372 ἐπετέλουν
2951 2317 3000 2370 οἱ
3026 2317 3210 2387 ἱερεῖς,
3233 2314 3331 2386 τὴν
3355 2315 3434 2377 είς
3453 2313 3551 2382 ’Δγ
3568 2330 3622 2367 ια
3640 2312 3747 2366 τῶν

2162 2412 2330 2481 ἁγίων
2360 2410 2652 2483 εἰσδρομὴν
2688 2410 2789 2464 οὐκ
2819 2408 3053 2480 ἔχοντες.
3096 2405 3289 2461 Τοιάδε
3318 2404 3429 2476 γάρ
3457 2403 3574 2468 πώς
3602 2404 3749 2457 ἐστιν

2160 2504 2194 2574 ἡ
2225 2504 2366 2556 κατὰ
2399 2502 2561 2571 νόμον
2590 2498 2837 2572 λατρεία,
2870 2499 3060 2553 στάσιν
3087 2496 3285 2568 ἔχουσα
3313 2496 3416 2568 τὴν
3455 2497 3514 2550 ἐν
3546 2497 3747 2560 σκιαῖς.

2160 2593 2356 2647 Εἱκαῖα
2383 2593 2441 2646 δὲ
2458 2591 2630 2646 ταῦτα
2659 2592 2798 2663 πρὸς
2825 2591 3093 2663 κάθαρσιν
3122 2589 3218 2644 καὶ
3239 2588 3547 2644 ἀπόπλυσιν
3569 2589 3754 2659 ἀμαρ-

2158 2684 2302 2748 τὶας.
2336 2682 2599 2737 Διεπύθου
2628 2682 2738 2755 γὰρ
2771 2682 2975 2754 ἀρτίως
3010 2681 3243 2752 βοῶντος
3283 2679 3380 2735 τοῦ
3410 2678 3648 2738 Παύλου.
3675 2678 3753 2741 ώς

2160 2776 2432 2839 ἀνικάνως
2465 2775 2645 2847 ἔχουσι
2679 2773 2822 2828 κατὰ
2868 2772 3194 2844 συνείδησιν,
3227 2770 3512 2826 τελειῶσαι
3536 2769 3629 2823 τὸν
3653 2769 3753 2824 λα’

2158 2867 2442 2940 τρεύοντα.
2476 2868 2787 2937 Διετηρεῖτο
2821 2863 2879 2919 δέ
2931 2863 3130 2936 μᾶλλον
3180 2862 3342 2935 μέχρι
3372 2860 3568 2933 καιροῦ
3609 2859 3758 2931 διορ·

2163 2959 2402 3022 θώσεως,
2437 2957 2596 3029 δῆλον
2628 2955 2685 3010 δὲ
2714 2958 2796 3010 ὃτι
2826 2956 2927 3027 τῆς
2942 2953 3413 3026 ἐνανθρωπήσεως
3456 2951 3552 3006 τοῦ
3578 2953 3759 3005 Μονο-

2161 3050 2387 3123 γενοῢς,
2429 3051 2518 3104 ὅτε
2547 3050 2658 3104 τῶν
2699 3049 2887 3104 τύπων
2914 3049 2978 3103 τὸ
3020 3047 3256 3112 ἀκαλλὲς
3292 3043 3760 3118 μετακεχώρηκεν

2162 3147 2243 3209 είς
2279 3142 2559 3214 ἀλήθειαν.
2600 3162 2618 3194 ι
2663 3140 2851 3207 Ἃπαξ
2892 3140 2952 3195 δὲ
2979 3138 3076 3194 τοῦ
3102 3137 3352 3194 ἐνιαυτοῦ
3386 3138 3481 3193 καὶ
3524 3135 3687 3204 μόνος
3732 3136 3764 3188 ὁ

2163 3235 2457 3308 ἀρχιερεὺς
2508 3236 2589 3299 εἰς
2618 3233 2690 3288 τὰ
2732 3235 2902 3303 ’Ἀγια
2941 3231 3051 3286 τῶν
3090 3232 3262 3301 ἁγίων
3295 3229 3514 3284 είσέθει.
3548 3228 3665 3283 Καὶ
3697 3227 3761 3282 ού

2164 3329 2331 3400 χωρὶς
2360 3328 2616 3398 αἳματος,
2658 3325 2687 3379 ὃ
2717 3324 2997 3397 προσῆγεν
3030 3324 3175 3396 ὑπέρ
3202 3339 3261 3376 τε
3297 3320 3492 3377 ἐαυτοῦ
3522 3321 3619 3374 καὶ
3650 3318 3765 3372 τῶν

465 3430 567 3487 pro
601 3432 700 3471 sua
743 3422 799 3470 et
846 3413 1171 3485 propopuli
1214 3386 1524 3484 ignorantia
1556 3414 1626 3467 θ’.
1662 3386 1708 3464 ἰ
1745 3412 1979 3467 Planum
2000 3410 2056 3465 id

2162 3386 2258 3475 τοῦ
2285 3386 2834 3494 λαοῦίἁγνοημάτῶν.
2913 3386 3197 3488 ’Σαφηνιεῖ
3226 3415 3284 3469 δὲ
3310 3416 3443 3486 ἡμῖν
3472 3413 3570 3467 καὶ
3598 3411 3765 3466 τοῦτο

464 3520 687 3578 quoque
714 3507 875 3563 nobis
896 3506 1064 3562 faciet
1079 3505 1524 3577 sapientissimus
1543 3503 1690 3559 idem
1713 3503 1801 3558 vir
1830 3502 2054 3565 Paulus,

472 3614 600 3654 eum
624 3599 694 3654 ad
712 3600 860 3653 hunc
884 3597 1112 3652 modum
1154 3597 1222 3652 de
1245 3596 1470 3653 Christo
1503 3596 1643 3651 dixit
1670 3613 1683 3650 :
1715 3616 1733 3647 ι
1790 3595 2060 3666 Superius

467 3706 593 3746 cum
616 3691 881 3745 dixisset:
923 3687 1145 3744 Hostias
1180 3695 1236 3742 et
1258 3687 1570 3743 oblationes
1610 3696 1668 3743 et
1711 3687 2061 3744 holocausto-

467 3793 615 3841 mata
638 3793 694 3841 et
714 3800 815 3855 pro
833 3790 1058 3855 peccato
1081 3781 1329 3847 noluisti,
1367 3796 1548 3852 neque
1571 3780 1673 3836 tibi
1708 3781 2056 3853 placuerunt,

464 3892 590 3947 quae
610 3892 676 3932 ex
706 3876 824 3947 lege
851 3874 1182 3940 offeruntur,
1212 3881 1344 3929 tunc
1372 3872 1485 3929 dixi
1535 3891 1548 3927 :
1596 3874 1737 3930 Ecce
1769 3874 1954 3940 venio,
1999 3883 2062 3930 ut

467 3968 668 4024 faciam
692 3968 1032 4022 voluntatem
1060 3972 1210 4020 tuam
1235 3965 1282 3998 ”
1306 3982 1321 4033 ;
1352 3983 1371 4018 ι
1400 3964 1584 4022 aufert
1612 3966 1851 4037 primum
1889 3975 1953 4022 ut
1977 3982 2062 4022 se-

467 4076 644 4133 quens
674 4066 917 4117 statuat:
952 4079 971 4112 ι
1008 4059 1067 4115 In
1092 4075 1198 4132 qua
1221 4060 1502 4116 voluntate
1524 4059 1847 4115 sanctiﬁcati
1870 4075 2063 4115 sumus

466 4168 567 4224 per
595 4151 931 4208 oblationem
965 4153 1214 4222 corporis
1233 4153 1360 4208 Jesu
1388 4152 1616 4208 Christi.
1642 4153 1710 4208 Et
1735 4152 1917 4207 omnis
1940 4151 2063 4222 qui-

468 4247 595 4302 dem
634 4244 892 4301 sacerdos
940 4253 1142 4316 praesto
1179 4254 1265 4301 est
1317 4245 1567 4317 quotidie
1609 4245 1950 4310 ministrans,
2007 4253 2063 4299 et;

466 4336 692 4393 easdem
722 4352 867 4409 saepe
900 4338 1143 4394 oﬂerens
1173 4337 1404 4403 hostias,
1443 4353 1566 4408 qua:
1606 4352 1889 4407 nunquam
1932 4351 2061 4406 pos-

469 4436 600 4485 sunt
651 4428 869 4485 auferre
916 4438 1186 4499 peccata:
1227 4427 1320 4483 hic
1351 4435 1556 4492 autem,
1581 4441 1708 4481 cum
1758 4441 1925 4481 unam
1962 4440 2064 4495 pro

468 4519 709 4591 peccatis
736 4520 973 4576 hostiam
1028 4518 1358 4585 obtulisset,
1402 4519 1459 4579 in
1492 4517 1891 4587 sempiternum
1922 4515 2066 4570 sedit

471 4614 528 4667 in
558 4613 782 4667 dextera
802 4611 923 4677 Dei,
954 4609 1023 4666 de
1049 4620 1248 4666 caetero
1265 4616 1612 4680 exspectans,
1652 4608 1831 4662 donec
1856 4621 2067 4677 ponan—

2162 3513 2325 3567 πάλιν
2360 3514 2388 3566 ὁ
2420 3510 2734 3581 σοφώτατος
2755 3508 2966 3573 Παῦλος
3004 3508 3103 3562 ώδὶ
3129 3507 3306 3577 λέγων
3339 3506 3468 3576 περὶ
3491 3503 3760 3576 Χριστοῦ,

2166 3622 2186 3658 ι
2212 3603 2506 3676 ’Ᾱνώτερον
2527 3602 2722 3671 λέγων,
2748 3603 2831 3656 ὅτι
2854 3601 3043 3665 θυσίας
3061 3601 3157 3656 καὶ
3175 3598 3492 3672 προσφορὰς
3516 3598 3613 3652 καὶ
3640 3596 3767 3650 ὀλο-

2161 3692 2497 3766 καυτώματα
2527 3694 2622 3746 καὶ
2655 3693 2785 3762 περὶ
2822 3690 3102 3763 ἁμαρτίας
3151 3690 3253 3744 οὐκ
3289 3687 3597 3759 ἠθέλησας,
3634 3682 3767 3738 οὔτε

2161 3789 2491 3861 ηῦδόκησας,
2523 3787 2727 3852 αἵτινες
2787 3784 2930 3840 κατά
2969 3785 3134 3856 νόμον
3166 3784 3595 3855 προσφέρονται.
3625 3780 3768 3834 Τότε

2162 3877 2335 3945 εἷπον,
2373 3880 2503 3935 Ἰδοὺ
2532 3881 2654 3952 ἥκω
2680 3877 2776 3933 τοῦ
2806 3880 3027 3949 ποιῆσαι
3047 3877 3116 3931 τὸ
3150 3874 3364 3948 θέλημὰ
3391 3891 3504 3929 σου·
3547 3894 3566 3926 ι
3606 3874 3773 3928 ἀναι-

2164 3979 2249 4049 ρεῖ
2278 3977 2339 4030 τὸ
2372 3975 2590 4048 πρῶτον
2621 3976 2706 4030 ἵνα
2737 3975 2797 4030 τὸ
2823 3973 3077 4047 δεύτερον
3110 3975 3307 4047 στήσῃ·
3346 3990 3365 4024 ι
3413 3973 3502 4026 Ἑν
3527 3964 3573 4040 ᾧ
3598 3970 3774 4040 θελή-

2166 4089 2296 4143 ματι
2332 4069 2657 4143 ἡγιασμένοι
2693 4070 2879 4141 ἐσμὲν,
2908 4068 2997 4122 διὰ
3027 4068 3128 4138 τῆς
3170 4067 3493 4141 προσφορᾶς
3524 4064 3619 4119 τοῦ
3650 4063 3776 4117 σώ-
3870 4096 3879 4101 -

2168 4182 2337 4236 ματος
2378 4163 2553 4236 Ἰησοῦ
2576 4163 2834 4237 Χριστοῦ⁵
2865 4163 2958 4216 καὶ
2981 4163 3088 4226 πᾶς
3113 4160 3213 4233 μέν
3239 4161 3533 4232 ἀρχιερεὺς
3557 4159 3777 4228 ἕστηκε

2166 4256 2289 4312 καθ’
2341 4257 2553 4327 ἡμέραν
2605 4254 2956 4326 λειτουργῶν,
3005 4253 3101 4307 καὶ
3136 4252 3236 4317 τὰς
3288 4252 3458 4315 αὑτὰς
3494 4250 3779 4313 πολλάκις

2166 4348 2494 4419 προσφέρων
2552 4344 2744 4410 θυσίας
2803 4345 3006 4408 αἵτινες
3057 4342 3316 4396 οὐδέποτε
3353 4340 3610 4395 δύνανται
3663 4356 3780 4392 πε-

2166 4441 2362 4514 ριελεῖν
2389 4439 2681 4510 ἁμαρτίας.
2703 4437 2961 4509 οὐδεμίαν
2990 4435 3129 4507 ὑπὲρ
3156 4433 3441 4508 ἁμαρτιῶν
3465 4432 3782 4506 προσενέγ-

2167 4550 2267 4596 κας
2296 4532 2509 4595 θυσίαν,
2560 4532 2641 4595 εἰς
2667 4530 2729 4583 τὸ
2762 4529 3008 4600 διηνεκὲς
3073 4527 3330 4582 ἐκάθισεν
3380 4529 3437 4580 ἐν
3476 4526 3633 4597 δεξιᾷ
3665 4526 3777 4578 τοῦ

2165 4623 2322 4678 Θεοῦ·
2368 4624 2429 4676 τὸ
2469 4621 2655 4675 λοιπὸν
2699 4621 3049 4691 ἐκδεχόμενος
3080 4619 3186 4683 ἓως
3218 4619 3447 4673 τεθῶσιν
3475 4620 3526 4671 oi
3572 4611 3781 4685 ἐχθροὶ

469 4710 561 4758 tur
591 4703 803 4759 inimici
847 4703 967 4775 ejus
998 4702 1304 4759 scabellum
1334 4698 1539 4771 pedum
1554 4698 1708 4768 ejus,
1764 4711 1876 4752 una
1912 4695 2057 4751 enim

2166 4715 2332 4770 αὐτοῦ
2366 4714 2658 4768 ὑποπόδιον
2698 4712 2807 4765 τῶν
2842 4712 3017 4765 ποδῶν
3059 4710 3227 4766 αὐτοῦ
3251 4748 3267 4775 ,
3307 4712 3407 4782 μιᾷ
3446 4708 3556 4779 γὰρ
3583 4722 3780 4777 προσ-

469 4796 747 4851 oblatione
763 4794 995 4866 perfecit
1024 4793 1079 4848 in
1098 4791 1498 4863 sempiternum
1522 4789 1894 4846 sanctificatos
1925 4789 1992 4843 ".
2037 4810 2055 4843 ι

470 4889 630 4954 Nam,
657 4903 782 4944 cum
823 4887 895 4943 sit
913 4888 1082 4941 semel
1108 4891 1378 4949 mortuus,
1407 4897 1520 4937 non
1547 4881 1783 4953 amplius
1805 4881 2062 4947 moritur,

473 4988 534 5035 ut
558 4979 825 5049 scriptum
860 4986 949 5034 est
993 4977 1060 5043 ⁸⁸,
1101 4987 1158 5032 et
1192 4975 1431 5046 peccatis
1454 4974 1756 5031 multorum
1805 4976 2061 5041 sublatis,

474 5075 754 5144 ingressus
781 5082 866 5127 est
886 5071 948 5125 in
971 5070 1169 5125 Sancta
1192 5076 1532 5135 sanctorum,
1567 5068 1621 5123 id
1640 5077 1743 5133 est,
1765 5068 1821 5123 in
1838 5068 2060 5132 caelum,

473 5171 535 5216 ut
565 5173 825 5233 appareat
851 5176 1002 5215 nunc
1026 5158 1201 5219 vultui
1222 5158 1322 5216 Dei
1347 5175 1448 5230 pro
1487 5159 1648 5216 nobis
1671 5162 1738 5214 ".

544 5342 744 5399 PALL.
775 5341 1073 5412 Perspicua
1105 5352 1192 5399 est
1221 5344 1420 5399 oratio.
1450 5344 1649 5414 itaque
1690 5343 1846 5397 mitte
1866 5343 1921 5396 in
1959 5343 2061 5396 hac

473 5448 535 5488 re
565 5434 808 5490 laborem
865 5435 1183 5507 suscipere;
1217 5435 1353 5490 illud
1410 5436 1597 5505 potius
1630 5434 1769 5489 mihi
1819 5432 2062 5503 explices

471 5526 658 5592 velim,
690 5527 815 5598 quis
859 5528 951 5583 ille
999 5529 1072 5583 sit
1111 5528 1353 5600 sanguis,
1385 5543 1551 5597 quem
1583 5527 1784 5582 oll‘crre
1825 5540 2059 5579 consuc-

471 5617 616 5672 verit
653 5616 745 5673 ille
792 5616 1138 5674 sacerdotum
1170 5618 1431 5688 princeps
1469 5624 1584 5671 tum
1625 5631 1726 5686 pro
1781 5631 1901 5681 sua,
1940 5625 2055 5670 tum

474 5721 576 5778 pro
600 5708 785 5780 populi
805 5708 1134 5780 ignorantia.

568 5822 615 5855 ’°
656 5823 823 5880 Hebr.
857 5839 929 5888 rx,
966 5822 1122 5877 7-12.

478 5892 528 5924 ³⁸
560 5892 834 5960 llcbr.'ix,
867 5895 957 5949 24.

549 6006 622 6080 (ι)
652 6008 741 6065 Sic
770 6008 903 6083 legit
942 6007 1064 6063 cod.
1101 6007 1270 6064 Vatic.
1316 6006 1451 6064 Novi
1479 6006 1837 6064 Testamenti.

1222 5822 1431 5878 "ibid.
1459 5823 1510 5879 9.
1626 5824 1671 5855 θ’
1710 5823 1846 5878 ibid.
1879 5840 1952 5891 lx,
1985 5825 2035 5879 7.

2165 4811 2308 4882 φορᾷ
2332 4807 2682 4863 τετελείωκεν
2703 4808 2782 4868 εἰς
2802 4806 2862 4859 τὸ
2886 4805 3133 4877 διηνεκὲς
3149 4805 3277 4868 τοῦς
3300 4798 3727 4873 ἄγιαζομένους.
3750 4818 3773 4850 ι

2167 4900 2349 4967 "Arta:
2388 4901 2497 4971 γὰρ
2532 4897 2842 4962 ἀποθανὼν,
2873 4898 3054 4954 οὐκέτι
3090 4898 3424 4969 ἀποθνήσκει
3446 4933 3460 4956 ,
3506 4890 3660 4946 κατά
3704 4892 3782 4943 τὺ

2163 4993 2571 5066 γεγραμμένονο
2599 4990 2809 5046 πολλῶν
2834 4990 2892 5044 δὲ
2920 4989 3228 5059 ἀνενεγκὼν
3258 4986 3553 5058 ἁμαρτίας,
3576 4982 3786 5053 εἰσῆλ-

2166 5086 2259 5139 θεν
2306 5087 2385 5148 εἰς
2414 5085 2483 5139 τὲι
2530 5085 2697 5151 ’Ἅγια
2744 5082 2853 5135 τῶν
2900 5084 3092 5151 ἁγίων,
3147 5080 3294 5135 τοῦτ’
3333 5079 3502 5138 ἔστιν,
3538 5078 3622 5140 εἰς
3670 5075 3785 5129 τὸν

2166 5179 2417 5250 οὐρανὸν,
2457 5178 2552 5232 νῦν
2605 5177 3009 5249 ἐμφανισθῆναι
3039 5175 3119 5246 τῷ
3164 5172 3442 5245 προσώπῳ
3476 5168 3572 5223 τοῦ
3621 5168 3787 5223 Θεοῦ

2170 5271 2310 5341 ὑπὲρ
2341 5270 2520 5341 ἡμῶν.

2240 5360 2448 5417 llAAA.
2482 5359 2666 5430 Σαφὴς
2693 5361 2722 5412 ὀ
2747 5358 2924 5428 λόγος’
2956 5354 3239 5428 ἱδρῶταδὴ
3266 5349 3359 5408 οῦν
3382 5353 3471 5406 τὸν
3500 5351 3595 5404 ἐπὶ
3624 5349 3791 5420 τῷδε

2168 5449 2361 5519 μέθες,
2396 5444 2536 5519 αἷμα
2564 5449 2621 5501 δὲ
2652 5450 2804 5502 ποῖον
2834 5447 2901 5502 ἂν
2939 5447 3025 5517 εἴη
3060 5445 3223 5500 πάλιν
3253 5444 3283 5498 ὃ
3312 5442 3407 5498 καὶ
3450 5442 3794 5512 προσκομί-

2165 5539 2277 5604 ζειν
2312 5538 2463 5602 ἔθος,
2492 5537 2584 5591 τὸν
2616 5538 2724 5592 τῶν
2759 5536 2919 5609 ἱερῶν
2948 5535 3251 5607 ἡγούμενον
3290 5534 3432 5603 ὑπὲρ
3470 5549 3528 5583 τε
3563 5527 3795 5583 ἑαυτοῦ

2166 5630 2260 5683 καὶ
2298 5629 2404 5682 τῶν
2440 5629 2535 5683 τοῦ
2564 5629 2695 5685 λαοῦ
2735 5628 3120 5699 ἀγνοημάτων,
3155 5622 3401 5700 ἐρομένῳ
3441 5623 3679 5693 φράσον.

2115 5828 2160 5859 ⁹³
2193 5826 2358 5883 llebr.
2394 5844 2447 5893 Χ,
2483 5827 2537 5892 8,
2589 5825 2641 5882 9.
2721 5828 2767 5860 ""
2804 5826 2941 5882 ibid.
2997 5825 3183 5881 lO-H.
3263 5826 3308 5857 ³³
3356 5824 3516 5880 Rom.
3579 5835 3663 5886 τι,
3727 5817 3802 5875 9.
