4118 6482
442 498 553 558 885

434 710 667 782 μάλιστά
694 729 759 781 γε
794 712 895 786 τὴν
931 713 1022 767 διὰ
1053 715 1300 779 Μωσέως
1327 715 1573 786 ἐντολὴν.
1603 715 1681 780 ὼς
1723 716 1911 784 σοφοῖς
1958 714 2029 769 τὰ

427 802 654 857 τοίαῦτα
700 806 814 868 τοῖς
863 803 1129 876 Ἐϐραίων
1181 805 1353 873 λαοῖς,
1406 806 1502 860 καὶ
1550 806 1887 875 ἀνεγνωκόσι
1936 805 2030 859 τὸν

430 894 614 965 νόμον,
640 897 769 967 περὶ
792 895 901 950 τῶν
915 896 1058 951 οὕτω
1083 914 1141 951 σε
1152 897 1301 952 πτῶν
1323 915 1385 951 τε
1402 899 1499 952 καὶ
1520 898 1848 969 ἀπορρήτων
1868 896 2028 966 ἄγαν,

428 986 533 1041 οὐκ
562 988 619 1040 ὲν
650 986 848 1041 πλάτει
878 987 1259 1060 διηγημάτων,
1289 989 1348 1041 ὲν
1380 988 1710 1060 παραδρομῇ
1740 988 1798 1042 δὲ
1828 988 2031 1059 μᾶλλον

430 1079 529 1134 καὶ
575 1079 882 1152 ἀναμνήσει
911 1080 1021 1135 τῶν
1064 1082 1165 1156 ἥδη
1213 1080 1709 1153 προεγνωσμένων,
1744 1080 1816 1134 τά
1855 1080 2033 1135 τοιάδε

432 1173 749 1247 προσλαλεῖ.
776 1174 1037 1246 Παροίσω
1062 1175 1142 1241 δὲ,
1167 1177 1217 1228 εί
1245 1175 1415 1239 δοκεῖ,
1437 1175 1534 1229 καὶ
1559 1173 1653 1227 τὸν
1680 1174 1774 1228 ἐπὶ
1790 1172 1929 1245 τῷδε
1949 1173 2035 1227 νό-

431 1283 533 1338 μον
557 1267 966 1340 χρηστομαθεῖν
997 1267 1287 1340 ᾑρημένῳ,
1320 1268 1418 1322 κα¹ι
1463 1266 1526 1320 τὸ
1554 1265 1781 1339 ἀκριϐὲς
1815 1266 1881 1339 δὴ
1911 1264 2035 1320 λίαν

432 1359 529 1412 καὶ
553 1359 932 1431 άπεξεσμένον
960 1361 1040 1426 είς
1064 1360 1393 1432 διασάφησιν
1430 1361 1539 1413 τῶν
1570 1358 1943 1431 θεωρημάτων
1971 1356 2032 1413 εὖ

437 1450 584 1522 μάλα
612 1452 948 1525 δεδιψηκότι.
983 1453 1302 1524 Γέγραπται
1332 1451 1512 1507 τοίνυν
1544 1450 1603 1504 ἐν
1630 1450 1709 1523 τῷ
1738 1450 2031 1522 Λευιτικῷ’

437 1562 458 1595 α
499 1543 611 1598 Καὶ
636 1544 870 1617 ὲλάλησε
902 1544 1110 1617 Κύριος
1141 1545 1279 1617 πρὸς
1309 1545 1519 1617 Μωσῆν
1549 1543 1747 1612 λέγων·
1787 1541 2035 1615 Λάλησον

430 1638 570 1711 πρὸς
603 1641 729 1704 τοὺς
760 1643 912 1705 υἱοὺς
943 1638 1186 1712 Ἰσραήλ⁶
1209 1637 1395 1709 Ψυχὴ,
1418 1638 1514 1693 ἐὰν
1544 1638 1769 1710 ἁμάρτῃ
1795 1635 2035 1691 ἐναντίον

429 1733 642 1805 Κυρίου
695 1733 971 1798 ἀκουσίως
1012 1732 1124 1788 ἀπὸ
1172 1732 1396 1786 πάντων
1435 1731 1547 1786 τῶν
1593 1729 2035 1804 προσταγμάτων

430 1823 669 1895 Κυρίου,
709 1817 785 1879 ὧν
811 1825 871 1878 ού
903 1825 986 1879 δεῖ
1018 1827 1216 1892 ποιεῖν,
1247 1823 1344 1879 καὶ
1388 1824 1596 1898 ποιήσῃ
1636 1824 1698 1877 ἓν
1727 1840 1780 1877 τι
1806 1822 1901 1879 ἀπ’
1933 1821 2034 1875 αύ-

431 1916 562 1984 τῶν,
605 1918 703 1972 ἐάν
750 1918 851 1988 μὲν
886 1918 915 1970 6
957 1918 1254 1990 ἀρχιερεὺς
1307 1919 1337 1971 6
1367 1917 1730 1989 κεχρισμένος
1785 1916 2032 1989 ἁμάρτῃ,

430 2009 528 2064 τοῦ
558 2011 649 2065 τὸν
688 2010 818 2072 λαὸν
846 2011 1139 2083 ἁμαρτεῖν,
1170 2010 1437 2082 προσάξει
1469 2010 1721 2083 περὶτῆς
1760 2010 2037 2082 ἁμαρτίας

431 2099 622 2165 αὐτοῦ,
651 2094 717 2172 ἧς
739 2101 979 2173 ἥμαρτε,
1013 2100 1212 2173 μόσχον
1236 2101 1301 2154 ὲκ
1324 2100 1465 2173 βοῶν
1493 2102 1724 2173 ἄμωμον
1744 2100 1823 2173 τῷ
1848 2102 2036 2175 Κυρίῳ

433 2192 565 2262 περὶ
596 2193 695 2263 τῆς
728 2192 1039 2265 ἁμαρτίας,
1088 2193 1185 2246 καὶ
1224 2191 1488 2262 προσάξει
1517 2191 1610 2245 τὸν
1641 2191 1842 2263 μόσχον
1885 2191 2038 2264 παρὰ

431 2286 536 2358 τὴν
569 2285 742 2357 θύραν
768 2287 869 2357 τῆς
895 2286 1101 2357 σκηνῆς
1123 2284 1217 2339 τοῦ
1247 2285 1552 2358 μαρτυρίου
1585 2284 1770 2340 ἔναντι
1801 2285 2035 2358 Κυρίου,

433 2381 534 2434 καὶ
564 2378 759 2450 σφάξει
784 2379 875 2433 τὸν
910 2379 1110 2450 μόσχον
1136 2377 1369 2433 ἐνώπιον
1400 2379 1629 2452 Κυρίου.
1664 2371 1777 2435 Καὶ
1804 2379 1987 2435 λαϐὼν
2009 2383 2038 2435 6

435 2474 618 2546 ἱερεὺς
645 2475 675 2527 ὁ
697 2474 920 2545 χριστὸς
952 2474 981 2526 6
1010 2471 1433 2565 τετελειωμένος
1459 2473 1563 2537 τὰς
1590 2473 1782 2545 χεῖρας
1812 2473 1923 2528 άπὸ
1944 2472 2036 2528 τοῦ

433 2567 669 2638 αἵματος
715 2565 810 2619 τοῦ
853 2564 1059 2637 μόσχου
1083 2607 1098 2630 ,
1145 2564 1374 2620 εἰσοίσει
1409 2565 1541 2620 αὐτὸ
1576 2566 1656 2630 εἰς
1693 2566 1793 2638 τὴν
1834 2568 2041 2640 σκηνὴν

433 2657 531 2712 τοῦ
566 2658 874 2730 μαρτυρίου
897 2698 909 2720 ,
943 2660 1039 2712 καὶ
1072 2657 1237 2730 βάψει
1269 2659 1297 2712 6
1334 2658 1515 2729 ἱερεὺς
1548 2658 1639 2713 τὸν
1670 2657 1933 2713 δάκτυλον
1960 2662 2041 2723 εἰς

433 2753 500 2807 τὸ
545 2747 713 2825 αἷμα,
757 2752 854 2805 καὶ
896 2753 1196 2822 προσρανεῖ
1233 2751 1344 2805 ἀπὸ
1388 2750 1484 2806 τοῦ
1527 2752 1762 2823 αἵματος
1808 2752 2041 2820 ἑπτάκις

433 2846 618 2901 ἔναντι
644 2844 852 2916 Κυρίου
873 2886 888 2911 ,
916 2845 1061 2899 κατὰ
1086 2843 1147 2898 τὸ
1193 2844 1599 2917 καταπέτασμα
1628 2846 1689 2899 τ’)
1723 2845 1898 2916 ἅγιον.
1932 2847 2043 2901 Καὶ

435 2939 697 3013 ἐπιθήσει
721 2942 750 2992 6
771 2939 956 3011 ἱερεὺς
977 2937 1086 2993 ἀπὸ
1108 2935 1206 2992 τοῦ
1232 2937 1470 3010 αἵματος
1496 2937 1593 2992 τοῦ
1620 2938 1824 3011 μόσχου
1855 2940 1948 2994 ἐπὶ
1971 2940 2043 2993 τά

436 3035 650 3105 κέρατα
676 3030 771 3086 τοῦ
807 3030 1200 3102 θυσιαστηρίου
1232 3030 1331 3084 τοῦ
1374 3030 1725 3102 θυμιάματος
1767 3034 1869 3104 τῆς
1912 3049 2044 3086 συν·

444 3125 652 3188 θέσεως
676 3122 773 3179 τοῦ
802 3122 1045 3177 ἐναντίον
1072 3122 1306 3194 Κυρίου,
1339 3123 1368 3176 ὃ
1387 3122 1536 3177 ἐστὶν
1564 3123 1622 3176 ὲν
1650 3125 1715 3195 τῇ
1746 3125 1918 3194 σκηνῇ
1947 3122 2040 3178 τοῦ

441 3216 752 3292 μαρτυρίου
772 3256 790 3284 ,
818 3217 914 3270 καὶ¹
937 3216 1049 3270 πᾶν
1070 3214 1132 3269 τὸ
1154 3212 1295 3287 αἷμα
1318 3215 1411 3269 τοῦ
1437 3216 1640 3287 μόσχου
1663 3216 1849 3287 ὲκχεεῖ
1891 3217 2044 3291 παρὰ

437 3311 543 3386 τὴν
570 3311 730 3384 βάσιν
761 3310 857 3365 τοῦ
888 3309 1279 3382 θυσιαστηρίου
1303 3309 1417 3364 τῶν
1448 3310 1950 3382 ὁλοκαυτωμάτων,
1982 3310 2041 3375 6;

439 3406 565 3461 ἐστὶ
595 3404 746 3478 παρὰ
771 3403 870 3468 τὰς
898 3402 1069 3477 θύρας
1090 3398 1197 3475 τῆξ
1216 3403 1424 3473 σκηνῆς
1455 3400 1552 3455 τοῦ
1586 3402 1888 3474 μαρτυρίου
1909 3442 1923 3469 ,
1948 3403 2043 3456 καὶ⁸

440 3500 554 3554 πᾶν
580 3498 643 3553 τδ
672 3495 839 3568 στέαρ
870 3495 965 3549 τοῦ
1003 3495 1204 3567 μόσχου
1232 3493 1327 3548 τοῦ
1363 3493 1463 3565 τῆς
1493 3494 1774 3566 ἁμαρτίας
1802 3495 2047 3567 περιελεῖ

439 3591 540 3647 ἀπ’
564 3588 754 3654 αὐτοῦ,
789 3589 852 3643 τὸ
891 3588 1061 3661 στέαρ
1097 3588 1159 3642 τὸ
1202 3586 1627 3642 κατακαλύπτον
1663 3587 1734 3641 τά
1759 3587 2042 3653 ὲνδόσθια,

440 3687 542 3742 καὶ
566 3686 676 3740 πᾶν
700 3685 762 3739 τὸ
792 3684 958 3756 στέαρ
991 3683 1053 3738 τὸ
1080 3682 1172 3735 ἐπὶ
1197 3680 1307 3736 τῶν
1335 3678 1645 3748 ὲνδοσθίων,
1684 3680 1780 3735 καὶ
1803 3681 1928 3745 τοὺς
1952 3679 2046 3735 δύο

440 3777 699 3849 νεφροὺς,
731 3776 827 3830 καὶ
855 3775 917 3829 τὸ
944 3775 1112 3847 στέαρ
1138 3774 1200 3828 τὸ
1231 3774 1321 3828 ἐπ’
1350 3772 1551 3838 αὐτῶν,
1582 3773 1611 3827 ὅ
1637 3774 1786 3827 ἐστιν
1812 3774 1906 3827 ἐπὶ
1934 3772 2047 3828 τῶν

444 3867 683 3941 μηρίων,
725 3868 822 3921 καὶ
861 3866 954 3922 τὸν
992 3866 1149 3921 λοϐὸν
1176 3865 1269 3919 τὸν
1304 3865 1400 3919 ἐπὶ
1437 3858 1532 3920 τοῦ
1556 3865 1769 3938 ἥπατος
1807 3867 1904 3923 σὺν
1932 3870 2047 3932 τοῖς

442 3964 668 4034 νεφροῖς
713 3961 956 4033 περιελεῖ
999 3960 1152 4023 αὐτὸ,
1192 3959 1253 4013 ὃν
1297 3958 1501 4031 τρόπον
1551 3959 1871 4032 ἀφαιρεῖται
1911 3959 2047 4015 αὐτὸ

443 4052 556 4106 ἀπὸ
582 4050 678 4105 τοῦ
721 4051 927 4122 μόσχου
957 4049 1052 4104 τοῦ
1086 4049 1188 4121 τῆς
1239 4048 1430 4112 θυσίας
1467 4047 1564 4102 τοῦ
1604 4049 1907 4121 σωτηρίου,
1949 4049 2048 4103 καὶ

443 4143 656 4199 ἀνοίσει
678 4144 708 4195 6
739 4142 918 4214 ἱερεὺς
948 4141 1042 4195 ἐπὶ
1069 4140 1128 4195 τὸ
1155 4141 1545 4211 θυσιαστήριον
1579 4142 1679 4211 τῆς
1700 4137 2047 4212 καρπώσεως

443 4235 545 4290 καὶ
566 4235 629 4288 τὸ
648 4232 827 4305 δέρμα
844 4231 941 4285 τοῦ
969 4230 1196 4303 μόσχου,
1217 4229 1310 4284 καὶ
1338 4230 1522 4283 πᾶσαν
1549 4228 1718 4282 αὐτοῦ
1737 4229 1838 4299 τὴν
1865 4227 2046 4300 σάρκα

445 4329 550 4382 σὺν
574 4329 644 4397 τῇ
668 4325 879 4397 κεφαλῇ
911 4324 1006 4380 καὶ
1030 4325 1145 4388 τοῖς
1184 4320 1552 4395 ἀκρωτηρίοις
1569 4363 1585 4389 ,
1614 4320 1709 4375 καὶ
1736 4324 1802 4394 τῇ
1828 4321 2006 4389 κοιλία
2027 4363 2044 4387 ,

442 4421 547 4476 καὶ
582 4423 650 4493 τῇ
694 4420 921 4492 κόπρῳ⁶
962 4419 1059 4475 καὶ
1096 4416 1393 4485 ἐξοίσουσιν
1419 4414 1541 4469 ὅλον
1577 4414 1670 4469 τὸν
1711 4415 1912 4486 μόσχον
1938 4414 2045 4481 ἔξω

441 4518 547 4587 τῆς
581 4514 939 4586 παρεμϐολῆς
978 4515 1057 4576 εἰς
1095 4510 1259 4564 τόπον
1286 4508 1548 4580 καθαρὸν,
1582 4501 1643 4561 οὗ
1667 4508 1920 4579 ἐκχεοῦσι
1947 4509 2046 4579 τὴν

446 4608 694 4663 σποδιάν.
714 4608 826 4663 Καὶ
851 4604 1291 4661 κατακαύσουσιν
1312 4602 1477 4656 αὐτὸν
1492 4602 1586 4655 ἐπὶ
1609 4601 1784 4669 ξύλων
1802 4602 1860 4655 ἐν
1886 4618 1958 4653 πυ
1967 4601 2043 4671 ρί*

1176 503 1266 559 DE
1307 501 1750 560 ADORATlO-NE
1790 505 1855 560 IN
1896 504 2167 562 SPIRITU
2209 506 2297 561 ET
2339 504 2709 563 V’ERITATE.
2754 506 2883 561 LIB.
2930 506 2993 563 Χ.

412 638 434 669 .τ
501 619 669 677 ΚΥΡ.
694 620 1033 694 Νομομαθὴς
1065 620 1141 679 ὢν
1168 626 1196 678 ὁ
1228 625 1442 690 Παῦλος
1467 626 1564 679 καὶ
1593 623 1921 697 ήκριϐωκὼς
1942 625 2026 679 ὅτι

2209 624 2368 681 CYR.
2403 625 2626 691 Paulus,
2653 641 2779 681 cum
2804 626 2858 680 in
2885 626 3005 696 lege
3036 624 3252 697 peritus
3278 632 3445 691 esset,
3467 639 3531 680 ac
3559 622 3732 697 Moysi
3841 644 3849 650 ·

3625 498 3730 561 686

2132 716 2452 772 mandatum
2496 715 2550 771 in
2581 716 2781 786 primis
2809 718 3057 783 calleret,
3103 716 3459 772 Hebraeorum
3512 716 3735 787 populis

2134 817 2393 880 tanquam
2417 807 2737 878 hujusmodi
2770 823 2956 862 rerum
2979 822 3090 863 non
3130 807 3356 879 ignaris,
3406 814 3464 862 et
3517 802 3615 877 qui
3648 807 3732 862 le-

2132 916 2253 971 gem
2280 899 2743 970 pervolutassent,
2770 915 2882 954 non
2909 900 3072 971 longa
3108 898 3453 963 narratione,
3484 897 3581 953 sed
3629 912 3731 969 po—

2135 993 2243 1048 tius
2278 1007 2465 1048 rerum
2499 991 2609 1047 illis
2673 1000 2931 1048 notarum
2985 993 3514 1049 commemoratione
3551 991 3736 1047 obiter

2088 1084 2203 1152 ,de
2259 1093 2370 1140 tam
2415 1083 2753 1139 venerandis
2805 1085 3133 1155 arcanisque
3187 1084 3355 1141 rebus
3397 1084 3518 1141 haec
3574 1084 3731 1140 dicit.

2106 1177 2374 1261 ‘Aﬂ'eram
2397 1177 2587 1249 igitur,
2605 1177 2654 1232 si
2674 1177 2920 1243 videtur,
2950 1177 3127 1248 legem
3171 1177 3277 1232 hac
3301 1178 3370 1233 de
3404 1193 3465 1232 re
3522 1177 3734 1233 consti—

2136 1277 2332 1336 tutam,
2358 1270 2415 1326 ei
2441 1271 2538 1340 qui
2562 1269 2770 1326 Christi
2803 1269 3130 1342 mysterium
3156 1269 3472 1339 perdiscere
3505 1269 3658 1334 velit,
3680 1277 3737 1323 et

2135 1363 2385 1418 locorum
2407 1363 2476 1418 ad
2514 1363 3007 1434 contemplandum
3042 1363 3452 1434 propositorum
3500 1377 3734 1419 accura-

2137 1463 2247 1509 tam
2272 1464 2328 1511 et
2355 1454 2654 1526 expolitam
2691 1454 3115 1526 explicationem
3155 1456 3349 1510 audire
3393 1455 3601 1527 cupiat.
3639 1454 3738 1509 Est

2136 1545 2306 1618 igitur
2328 1548 2387 1603 in
2409 1547 2661 1604 Levitico
2690 1549 2958 1618 scriptum
2997 1565 3011 1601 :
3054 1566 3073 1600 ι
3112 1547 3183 1602 Et
3225 1548 3447 1603 locutus
3481 1556 3567 1602 est
3625 1547 3736 1601 Do-

2134 1638 2324 1694 minus
2345 1640 2414 1695 ad
2448 1639 2692 1712 Moysen,
2717 1640 2942 1697 dicens:
2972 1640 3226 1711 Loquere
3250 1638 3319 1694 ad
3345 1639 3487 1695 filios
3522 1639 3692 1694 Israel
3720 1655 3733 1691 :

2135 1733 2353 1800 Anima,
2411 1735 2457 1790 si
2500 1735 2810 1807 peccaverit
2880 1750 3068 1790 coram
3124 1732 3358 1790 Domino
3420 1732 3587 1806 35.9
3624 1749 3739 1788 non

2135 1827 2467 1894 voluntarie,
2504 1828 2562 1882 in
2585 1820 2846 1883 omnibus
2871 1825 3160 1898 praeceptis
3180 1826 3425 1893 Domini,
3467 1842 3591 1898 quae
3627 1841 3739 1881 non

2138 1924 2358 1989 oportet
2382 1917 2594 1983 facere,
2634 1925 2690 1973 et
2718 1917 2916 1973 fecerit
2940 1932 3111 1971 unum
3127 1916 3195 1971 de
3229 1916 3399 1987 ipsis;
3441 1916 3737 1988 siquidem

2139 2026 2389 2068 summus
2404 2012 2669 2068 sacerdos
2692 2011 2790 2083 qui
2814 2019 3018 2067 unctus
3063 2018 3148 2066 est
3170 2010 3521 2082 peccaverit,
3559 2010 3636 2065 ita
3677 2017 3740 2066 ut

2140 2103 2378 2174 populus
2398 2111 2593 2174 peccet
2619 2120 2632 2157 :
2655 2103 2848 2159 afferet
2864 2119 2964 2175 pro
2978 2113 3204 2175 peccato
3227 2118 3349 2169 suo,
3368 2103 3516 2174 quod
3537 2117 3736 2174 pecea—

2139 2196 2238 2261 vit,
2266 2197 2504 2272 vitulum
2544 2213 2616 2253 ex
2658 2197 2840 2253 bobus
2885 2197 3299 2252 immaculatum
3355 2195 3592 2253 Domino
3635 2211 3738 2267 pro

2138 2296 2368 2359 peccato
2393 2304 2517 2355 suo,
2543 2297 2600 2346 et
2619 2289 2863 2347 adducet
2893 2290 3131 2345 vitulum
3164 2290 3232 2346 ad
3256 2289 3458 2346 ostium
3479 2290 3742 2346 taberna-

2138 2381 2252 2437 culi
2300 2383 2602 2440 testimonii
2663 2398 2852 2440 coram
2907 2384 3144 2439 Domino
3176 2393 3233 2440 et
3276 2382 3543 2439 mactabit
3585 2381 3738 2438 vitu-

2138 2475 2256 2530 lum
2319 2491 2509 2532 coram
2579 2476 2837 2532 Domino.
2892 2476 2962 2531 Et
2996 2475 3280 2547 accipiens
3336 2475 3601 2531 sacerdos
3630 2490 3738 2530 un-

2140 2575 2285 2635 ctus,
2321 2570 2485 2641 cujus
2537 2576 2878 2625 consecratae
2933 2577 3066 2624 sunt
3111 2584 3331 2634 manus,
3367 2566 3436 2624 de
3471 2568 3741 2640 sanguine

2141 2659 2326 2726 vituli,
2368 2659 2570 2716 inferet
2610 2661 2763 2715 illum
2798 2661 2854 2714 in
2883 2660 3301 2716 tabernaculum
3322 2659 3652 2726 testimonii,
3686 2669 3745 2716 et

2140 2751 2380 2825 intinget
2401 2751 2661 2809 sacerdos
2685 2752 2919 2825 digitum
2946 2752 3001 2807 in
3027 2752 3374 2825 sanguinem,
3408 2759 3465 2808 et
3492 2760 3747 2824 asperget

2143 2845 2213 2901 de
2232 2845 2498 2917 sanguine
2523 2845 2732 2916 septies
2763 2845 2936 2917 digito
2958 2860 3143 2901 coram
3180 2845 3415 2901 Domino
3450 2845 3520 2901 ad
3558 2845 3742 2902 velum

2144 2945 2420 2993 sanctum.
2450 2937 2520 2992 Et
2536 2945 2707 3008 ponet
2723 2936 2983 2993 sacerdos
3012 2936 3081 2993 de
3104 2938 3375 3010 sanguine
3395 2937 3557 2994 vituli
3577 2952 3746 3009 super

2142 3045 2353 3086 cornua
2371 3028 2562 3085 altaris
2590 3028 2963 3101 thymiamatis
3009 3030 3452 3101 compositionis,
3488 3030 3637 3102 quod
3659 3036 3748 3087 est

2144 3133 2272 3179 ante
2301 3122 2618 3188 Dominum,
2653 3122 2799 3194 quod
2825 3130 2909 3178 est
2943 3121 2999 3177 in
3029 3122 3387 3179 tabernaculo
3418 3124 3742 3190 testimonii,

2144 3222 2202 3268 et
2225 3228 2446 3268 omnem
2471 3212 2797 3283 sanguinem
2821 3212 2981 3267 vituli
2997 3212 3250 3269 effundet
3271 3213 3339 3269 ad
3356 3214 3534 3270 basim
3556 3215 3748 3271 altaris

2148 3301 2476 3367 holocausti,
2511 3303 2660 3374 quod
2690 3312 2776 3358 est
2796 3302 2865 3358 ad
2891 3303 3095 3359 ostium
3122 3304 3466 3362 tabernaculi
3494 3308 3745 3364 testimo-

2146 3393 2250 3461 nii,
2271 3403 2329 3450 et
2348 3410 2570 3451 omnem
2601 3395 2821 3467 adipem
2842 3396 3003 3452 vituli
3033 3412 3134 3468 pro
3153 3408 3381 3469 peccato
3410 3397 3625 3456 auferet
3675 3401 3747 3458 ab

2144 3485 2260 3552 illo,
2287 3486 2638 3559 adipem,qui
2665 3487 2845 3559 operit
2873 3487 3228 3555 intestina,et
3253 3505 3471 3546 omnem
3502 3491 3746 3563 adipem,

2145 3578 2240 3649 qui
2269 3585 2355 3634 est
2381 3593 2550 3649 super
2575 3578 2859 3644 intestina,
2886 3587 2940 3635 et
2975 3579 3116 3636 duos
3141 3582 3479 3638 renunculos
3528 3592 3584 3638 et
3625 3583 3746 3638 adi-

2145 3686 2295 3742 pem,
2348 3671 2443 3743 qui
2489 3687 2659 3744 super
2682 3688 2780 3729 eos
2826 3681 2933 3736 est,
2967 3672 3063 3744 qui
3095 3680 3181 3729 est
3233 3689 3401 3746 super
3422 3674 3662 3742 lumbos,
3691 3682 3750 3732 et

2146 3764 2397 3835 pinnam,
2415 3766 2511 3838 qui
2532 3773 2617 3823 est
2640 3781 2809 3837 super
2828 3766 3010 3838 jecur,
3039 3782 3165 3823 cum
3192 3767 3514 3824 renuneulis
3533 3766 3751 3825 auferet

2149 3855 2309 3924 illud,
2338 3858 2805 3930 quemadmodum
2837 3859 3089 3915 aufertur
3119 3875 3151 3915 a
3186 3861 3365 3916 vitulo
3418 3860 3614 3916 hostize
3662 3876 3752 3916 sa-

2147 3951 2366 4016 lutaris,
2393 3958 2450 4006 et
2471 3949 2669 4014 offeret
2691 3949 2952 4005 sacerdos
2969 3965 3139 4021 super
3169 3951 3344 4007 altare
3375 3952 3657 4019 sacriﬁcii,
3692 3958 3750 4009 et

2148 4044 2349 4115 pellem
2372 4042 2554 4109 vituli,
2578 4051 2634 4099 et
2658 4057 2879 4097 omnem
2907 4042 3054 4097 illius
3072 4057 3298 4098 carnem
3325 4058 3452 4099 eum
3480 4046 3661 4116 capite
3693 4056 3751 4102 et

2148 4135 2614 4201 extremitatibus,
2640 4142 2698 4190 et
2724 4142 2920 4190 ventre
2958 4141 3017 4190 et
3038 4133 3189 4203 fimo;
3222 4144 3279 4191 et
3302 4135 3540 4194 eﬂ‘erent
3569 4147 3750 4195 totum

2147 4228 2384 4283 vitulum
2416 4234 2570 4282 extra
2601 4234 2802 4291 castra,
2838 4224 2893 4279 in
2914 4225 3097 4281 locum
3126 4227 3416 4293 nmndum,
3444 4229 3539 4285 ubi
3572 4224 3752 4286 effun-

2148 4321 2289 4376 dunt
2317 4320 2585 4383 cinerem,
2607 4324 2664 4374 et
2686 4317 3020 4374 comburent
3040 4318 3195 4373 illum
3228 4320 3574 4393 superlignis
3597 4323 3713 4395 igni
3732 4318 3749 4390 ξ

2150 4415 2206 4469 in
2233 4412 2506 4468 effusione
2526 4409 2734 4466 cineris
2752 4410 3228 4466 eomburentur”.
3243 4431 3260 4464 ›
3284 4412 3463 4483 Atque
3478 4413 3597 4470 hare
3622 4415 3755 4486 qui-

2149 4506 2275 4562 dem
2333 4505 2422 4560 lex
2462 4502 2580 4558 ﬁeri
2626 4502 2813 4575 jussit,
2863 4502 2909 4557 si
2944 4518 3052 4573 qua
3104 4503 3428 4574 ignorantiae
3471 4507 3634 4578 culpa
3693 4507 3749 4563 in

2149 4613 2371 4653 summo
2401 4594 2693 4651 sacerdote
2718 4595 3010 4650 resederit.
3035 4595 3353 4663 Quinetiam
3375 4596 3561 4668 inquit
3588 4614 3755 4670 opor-

442 4702 541 4754 ἐπὶ
574 4702 675 4771 τῆς
705 4698 989 4771 ὲκχύσεως
1035 4698 1134 4768 τῆς
1164 4695 1391 4759 σποδιᾶς
1414 4694 1771 4765 καυθήσεται.
1806 4711 1825 4744 ι
1873 4692 2041 4746 Ταυτῖ

2155 4703 2291 4756 tere,
2318 4699 2380 4745 ut
2428 4705 2532 4760 pro
2561 4687 2750 4760 populi
2781 4704 3006 4759 quoque
3055 4689 3369 4760 ignorantia
3419 4690 3754 4748 sacrificium

446 4793 552 4865 μὲν
574 4794 602 4845 6
631 4793 795 4862 νόμος
816 4789 1070 4861 γενέσθαι
1104 4788 1496 4861 προστέταχεν,
1525 4789 1573 4840 εἰ
1594 4785 1704 4839 τῶν
1736 4785 1797 4851 ἐξ
1824 4784 2048 4854 ἀγνοίας

443 4884 813 4954 πταισμάτων
848 4881 1260 4953 καταγράφοιτό
1285 4898 1340 4934 τι
1368 4878 1463 4933 τοῦ
1506 4876 1835 4950 προῦχοντος
1873 4880 1932 4931 ἐν
1968 4878 2050 4929 is-

444 4975 696 5050 ρωσύνῃ.
738 4976 953 5048 Χρῆναι
1004 4973 1063 5027 δέ
1107 4990 1243 5045 φησι
1292 4974 1387 5026 καὶ
1438 4970 1582 5042 ὑπὲρ
1619 4970 1730 5024 τῶν
1772 4968 1867 5022 τοῦ
1918 4968 2051 5022 λαοῦ

441 5069 816 5140 ἀγνοημάτων
852 5065 1220 5121 ἐπιτελεῖσθαι
1259 5064 1453 5120 θυσίαν
1504 5064 1706 5135 μόσχου
1745 5078 2053 5133 προσκομι-

443 5159 684 5231 ζομένου
718 5159 1062 5229 σφαζομένου
1101 5175 1162 5213 τε
1201 5157 1377 5220 οὓτως
1410 5157 1564 5229 παρὰ
1601 5155 1702 5219 τὰς
1742 5154 1912 5227 θύρας
1951 5156 2052 5226 τῆς

445 5250 663 5322 σκηνῆς
685 5249 781 5304 τοῦ
823 5251 1128 5322 μαρτυρίου
1173 5249 1354 5302 ἔναντι
1384 5248 1611 5320 Κυρίου,
1646 5247 1743 5301 καὶ
1771 5245 1882 5300 τῶν
1917 5263 2052 5318 πρε-

445 5341 737 5413 σϐυτέρων
756 5342 858 5411 τῆς
877 5340 1210 5411 Συναγωγῆς
1231 5339 1531 5393 ὲπιθέντων
1551 5338 1704 5409 αὐτῷ
1723 5338 1822 5402 τὰς
1841 5339 2051 5409 χεῖρας,

444 5434 852 5506 εἰσφερομένου
878 5451 936 5488 τε
966 5433 1062 5487 τοῦ
1088 5433 1321 5504 αἵματος
1338 5430 1502 5496 είςτά
1525 5430 1696 5500 ’Ἅγια
1725 5431 1836 5484 τῶν
1856 5429 2051 5498 ἁγίων,

444 5529 548 5583 καὶ
586 5524 924 5593 ἁπαξαπλῶς
970 5525 1147 5578 εἰπεῖν
1208 5522 1427 5576 πάντων
1480 5520 1920 5592 ἐπιτελουμένων
1966 5519 2054 5572 ἐπ’

446 5620 605 5692 αὐτῷ
633 5619 757 5675 καθ’
780 5618 1080 5689 ὁμοιότητα
1107 5616 1206 5686 τῆς
1233 5613 1425 5677 θυσίας
1454 5613 1594 5685 ὑπὲρ
1632 5612 1866 5685 ’Δαρὼν.
1907 5610 2046 5664 Ἀλλ’

443 5716 535 5769 ὅτι
575 5713 675 5783 μὲν
701 5711 768 5783 δὴ
800 5711 895 5765 καὶ
918 5708 1113 5781 ἱερέων
1144 5706 1240 5762 καὶ
1267 5704 1401 5759 λαοῦ
1429 5704 1698 5777 κάθαρσις
1726 5706 1756 5757 6
1791 5703 2050 5776 Χριστὸς,

444 5799 858 5873 δεδικαιώμεθα
876 5799 987 5873 γάρ
1016 5802 1076 5854 ὲν
1099 5797 1249 5855 αύτῶ
1268 5795 1361 5853 τὸν
1387 5797 1452 5849 ὲκ
1479 5786 1581 5867 τῆς
1611 5794 1888 5867 ἁμαρτίας
1917 5795 2052 5848 ἀπο-

528 5988 575 6021 ⁹⁷
604 5985 785 6044 Levit.
822 6003 898 6055 ιν,
932 5986 1088 6042 1-12.

2151 4785 2267 4849 ﬁat,
2306 4783 2472 4838 allato
2518 4780 2715 4846 vitulo,
2750 4795 3005 4852 czesoquc
3050 4782 3119 4836 ad
3157 4781 3360 4837 ostium
3412 4782 3755 4839 tabernaculi

2151 4872 2454 4930 testimonii
2491 4886 2679 4927 coram
2707 4871 2961 4936 Domino,
2998 4872 3414 4943 imponentibus
3436 4872 3517 4927 illi
3554 4889 3755 4930 manus

2152 4964 2449 5037 Synagogae
2478 4962 2816 5027 senioribus,
2839 4970 2896 5017 et
2923 4962 2980 5017 in
3013 4962 3213 5018 Sancta
3242 4974 3560 5019 sanctorum
3598 4964 3754 5020 illato

2151 5055 2439 5127 sanguine,
2475 5061 2552 5119 et,
2582 5060 2779 5108 utuno
2817 5053 2989 5108 verbo
3010 5053 3211 5120 dicam,
3246 5052 3507 5108 omnibus
3552 5054 3751 5111 simili-

2150 5156 2236 5203 ter
2267 5146 2448 5213 faetis,
2476 5163 2540 5202 ac
2567 5146 2636 5201 de
2667 5145 2849 5201 hostia
2888 5160 2991 5215 pro
3014 5145 3199 5201 Aaron
3242 5146 3452 5203 dictum
3486 5155 3590 5204 est.
3615 5149 3752 5206 Esse

2152 5250 2336 5298 autem
2381 5240 2663 5297 Christum
2714 5247 2768 5293 et
2811 5237 3176 5303 sacerdotem,
3235 5245 3292 5293 et
3337 5240 3527 5311 populi
3560 5241 3754 5313 expia-

2155 5337 2362 5391 tionem
2392 5333 2470 5406 (in
2493 5334 2615 5404 ipso
2668 5346 2908 5402 namque
2958 5330 3249 5403 justiﬁcati
3295 5347 3508 5401 sumus,
3539 5337 3756 5406 peccati

2153 5427 2388 5483 maculis
2412 5424 2661 5497 ablutis),
2690 5440 2791 5495 per
2818 5425 2936 5480 hzec
2958 5438 3179 5495 quoque
3196 5424 3376 5482 cuivis
3399 5427 3755 5498 perspicuum

2156 5519 2275 5575 fieri
2299 5526 2501 5590 potest.
2527 5517 2787 5572 Dicamus
2808 5523 2995 5572 autem
3019 5516 3361 5588 singillatim,
3395 5535 3518 5589 quae
3534 5520 3604 5575 ad
3636 5520 3754 5577 sin-

2156 5613 2313 5686 gulas
2358 5611 2524 5681 hujus
2569 5608 2871 5679 Scriptura:
2908 5616 3096 5680 partes
3130 5609 3484 5680 explicandas
3512 5610 3753 5679 faciunt;

2160 5718 2286 5757 nam
2317 5701 2425 5756 hoc
2453 5699 2622 5755 modo
2652 5700 2913 5756 distincte
2946 5700 3334 5773 progredietur
3355 5704 3555 5769 oratio,
3587 5712 3645 5760 et
3665 5718 3752 5771 ea,

2161 5809 2284 5864 qua:
2307 5793 2500 5861 latent,
2527 5790 2711 5862 quoad
2751 5790 2871 5848 ﬁeri
2898 5791 3123 5864 poterit,
3151 5792 3383 5865 aperiet.
