  <div class='ocr_page' id='page_1' title='image "/cluster/home/n/w/nwhite01/storage/ocr_20150623/68:no.1/coo.31924054869742/351.png"; bbox 0 0 4118 6428; ppageno 0'>
   <div class='ocr_carea' id='block_1_1' title="bbox 423 452 530 512">
    <p class='ocr_par' dir='ltr' id='par_1_1' title="bbox 423 452 530 512">
     <span class='ocr_line' id='line_1_1' title="bbox 423 452 530 512; baseline -0.028 0"><span class='ocrx_word' id='word_1_1' title='bbox 423 452 530 512; x_wconf 76' lang='lat'><strong>687</strong></span> 
     </span>
    </p>
   </div>
   <div class='ocr_carea' id='block_1_2' title="bbox 1443 448 2697 510">
    <p class='ocr_par' dir='ltr' id='par_1_2' title="bbox 1443 448 2697 510">
     <span class='ocr_line' id='line_1_2' title="bbox 1443 448 2697 510; baseline -0.002 -4"><span class='ocrx_word' id='word_1_2' title='bbox 1443 452 1502 506; x_wconf 88' lang='lat' dir='ltr'><strong>S.</strong></span> <span class='ocrx_word' id='word_1_3' title='bbox 1545 451 1823 510; x_wconf 76' lang='lat' dir='ltr'><strong>CYRILLI</strong></span> <span class='ocrx_word' id='word_1_4' title='bbox 1865 450 2338 508; x_wconf 61' lang='lat' dir='ltr'><strong>ALEXANDRINI</strong></span> <span class='ocrx_word' id='word_1_5' title='bbox 2378 448 2697 507; x_wconf 78' lang='lat' dir='ltr'><strong>ARCIIIEP.</strong></span> 
     </span>
    </p>
   </div>
   <div class='ocr_carea' id='block_1_3' title="bbox 3602 444 3711 504">
    <p class='ocr_par' dir='ltr' id='par_1_3' title="bbox 3602 444 3711 504">
     <span class='ocr_line' id='line_1_3' title="bbox 3602 444 3711 504; baseline -0.009 0"><span class='ocrx_word' id='word_1_6' title='bbox 3602 444 3711 504; x_wconf 80' lang='lat' dir='ltr'><strong>68S</strong></span> 
     </span>
    </p>
   </div>
   <div class='ocr_carea' id='block_1_4' title="bbox 421 564 3714 644">
    <p class='ocr_par' dir='ltr' id='par_1_4' title="bbox 421 564 3714 644">
     <span class='ocr_line' id='line_1_4' title="bbox 421 564 3714 644; baseline -0.002 -17"><span class='ocrx_word' id='word_1_7' title='bbox 421 569 731 644; x_wconf 70' lang='grc' dir='ltr'>τριίόμενοι</span> <span class='ocrx_word' id='word_1_8' title='bbox 761 565 1051 641; x_wconf 75' lang='grc' dir='ltr'>μολυσμὸν,</span> <span class='ocrx_word' id='word_1_9' title='bbox 1076 566 1167 620; x_wconf 76' lang='grc' dir='ltr'>καὶ</span> <span class='ocrx_word' id='word_1_10' title='bbox 1186 565 1273 619; x_wconf 72' lang='grc' dir='ltr'>διὰ</span> <span class='ocrx_word' id='word_1_11' title='bbox 1296 564 1501 619; x_wconf 75' lang='grc' dir='ltr'>τούτων</span> <span class='ocrx_word' id='word_1_12' title='bbox 1540 566 1606 620; x_wconf 78' lang='grc' dir='ltr'>ἂν</span> <span class='ocrx_word' id='word_1_13' title='bbox 1642 567 1855 637; x_wconf 78' lang='grc' dir='ltr'>γένοιτο</span> <span class='ocrx_word' id='word_1_14' title='bbox 1891 570 2056 625; x_wconf 75' lang='grc' dir='ltr'>παντί</span> <span class='ocrx_word' id='word_1_15' title='bbox 2121 584 2200 637; x_wconf 82' lang='grc' dir='ltr'>τῳ</span> <span class='ocrx_word' id='word_1_16' title='bbox 2227 566 2417 637; x_wconf 63' lang='grc' dir='ltr'>σαφές.</span> <span class='ocrx_word' id='word_1_17' title='bbox 2448 567 2715 638; x_wconf 79' lang='grc' dir='ltr'>Λέγωμεν</span> <span class='ocrx_word' id='word_1_18' title='bbox 2748 565 2803 619; x_wconf 74' lang='grc' dir='ltr'>δὲ</span> <span class='ocrx_word' id='word_1_19' title='bbox 2825 564 2929 623; x_wconf 76' lang='grc' dir='ltr'><strong>ἁνὰ</strong></span> <span class='ocrx_word' id='word_1_20' title='bbox 2957 567 3123 638; x_wconf 80' lang='grc' dir='ltr'>μέρος</span> <span class='ocrx_word' id='word_1_21' title='bbox 3147 564 3213 620; x_wconf 79' lang='grc' dir='ltr'><strong>τὰ</strong></span> <span class='ocrx_word' id='word_1_22' title='bbox 3243 565 3326 636; x_wconf 56' lang='grc' dir='ltr'><strong>ἐφ’</strong></span> <span class='ocrx_word' id='word_1_23' title='bbox 3362 564 3577 635; x_wconf 73' lang='grc' dir='ltr'>ἑκάστῳ</span> <span class='ocrx_word' id='word_1_24' title='bbox 3602 565 3714 619; x_wconf 83' lang='grc' dir='ltr'>τῶν</span> 
     </span>
    </p>
   </div>
   <div class='ocr_carea' id='block_1_5' title="bbox 422 661 3244 741">
    <p class='ocr_par' dir='ltr' id='par_1_5' title="bbox 422 661 3244 741">
     <span class='ocr_line' id='line_1_5' title="bbox 422 661 3244 741; baseline -0.003 -18"><span class='ocrx_word' id='word_1_25' title='bbox 422 665 823 741; x_wconf 68' lang='grc' dir='ltr'><strong>γεγραμμένων</strong></span> <span class='ocrx_word' id='word_1_26' title='bbox 849 682 864 696; x_wconf 76' lang='grc' dir='ltr'><strong><em>ο</em></strong></span> <span class='ocrx_word' id='word_1_27' title='bbox 914 664 1149 736; x_wconf 75' lang='grc' dir='ltr'>προήκοι</span> <span class='ocrx_word' id='word_1_28' title='bbox 1177 661 1288 735; x_wconf 78' lang='grc' dir='ltr'><strong>γὰρ</strong></span> <span class='ocrx_word' id='word_1_29' title='bbox 1348 661 1415 717; x_wconf 84' lang='grc' dir='ltr'>ἂν</span> <span class='ocrx_word' id='word_1_30' title='bbox 1464 663 1731 735; x_wconf 81' lang='grc' dir='ltr'>εὐκρινῶς</span> <span class='ocrx_word' id='word_1_31' title='bbox 1754 666 1783 717; x_wconf 95' lang='lat'><strong>6</strong></span> <span class='ocrx_word' id='word_1_32' title='bbox 1810 663 1970 734; x_wconf 82' lang='grc' dir='ltr'>λόγος</span> <span class='ocrx_word' id='word_1_33' title='bbox 2007 662 2105 716; x_wconf 76' lang='grc' dir='ltr'>καὶ</span> <span class='ocrx_word' id='word_1_34' title='bbox 2131 661 2499 726; x_wconf 77' lang='grc' dir='ltr'>διαπτύσσων,</span> <span class='ocrx_word' id='word_1_35' title='bbox 2532 662 2609 725; x_wconf 77' lang='grc' dir='ltr'><strong>ὡς</strong></span> <span class='ocrx_word' id='word_1_36' title='bbox 2638 663 2741 726; x_wconf 82' lang='grc' dir='ltr'>ἔνι.</span> <span class='ocrx_word' id='word_1_37' title='bbox 2770 661 2837 717; x_wconf 63' lang='grc' dir='ltr'>τὰ</span> <span class='ocrx_word' id='word_1_38' title='bbox 2863 662 3244 733; x_wconf 69' lang='grc' dir='ltr'><strong>κεκρυμμένα.</strong></span> 
     </span>
    </p>
   </div>
   <div class='ocr_carea' id='block_1_6' title="bbox 493 757 1145 837">
    <p class='ocr_par' dir='ltr' id='par_1_6' title="bbox 493 757 1145 837">
     <span class='ocr_line' id='line_1_6' title="bbox 493 757 1145 837; baseline -0.011 -18"><span class='ocrx_word' id='word_1_39' title='bbox 493 763 659 837; x_wconf 80' lang='lat'><strong>350</strong></span> <span class='ocrx_word' id='word_1_40' title='bbox 686 760 883 817; x_wconf 83' lang='lat' dir='ltr'><strong>PALL.</strong></span> <span class='ocrx_word' id='word_1_41' title='bbox 907 757 1145 829; x_wconf 82' lang='lat' dir='ltr'><strong>Optime.</strong></span> 
     </span>
    </p>
   </div>
   <div class='ocr_carea' id='block_1_7' title="bbox 491 850 2013 922">
    <p class='ocr_par' dir='ltr' id='par_1_7' title="bbox 491 850 2013 922">
     <span class='ocr_line' id='line_1_7' title="bbox 491 850 2013 922; baseline -0.005 -10"><span class='ocrx_word' id='word_1_42' title='bbox 491 855 650 912; x_wconf 71' lang='lat' dir='ltr'><strong>CYlt.</strong></span> <span class='ocrx_word' id='word_1_43' title='bbox 688 853 936 909; x_wconf 87' lang='lat' dir='ltr'><strong>Sumitur</strong></span> <span class='ocrx_word' id='word_1_44' title='bbox 962 851 1149 922; x_wconf 96' lang='lat' dir='ltr'><strong>itaque</strong></span> <span class='ocrx_word' id='word_1_45' title='bbox 1194 851 1404 906; x_wconf 91' lang='lat' dir='ltr'><strong>vitulus</strong></span> <span class='ocrx_word' id='word_1_46' title='bbox 1430 850 1838 916; x_wconf 86' lang='lat' dir='ltr'><strong>immaculatus,</strong></span> <span class='ocrx_word' id='word_1_47' title='bbox 1870 859 1927 913; x_wconf 84' lang='lat' dir='ltr'><strong>et</strong></span> <span class='ocrx_word' id='word_1_48' title='bbox 1955 850 2013 905; x_wconf 84' lang='lat' dir='ltr'><strong>in</strong></span> 
     </span>
    </p>
   </div>
   <div class='ocr_carea' id='block_1_8' title="bbox 422 942 2014 1019">
    <p class='ocr_par' dir='ltr' id='par_1_8' title="bbox 422 942 2014 1019">
     <span class='ocr_line' id='line_1_8' title="bbox 422 942 2014 1019; baseline -0.003 -17"><span class='ocrx_word' id='word_1_49' title='bbox 422 963 533 1019; x_wconf 90' lang='lat' dir='ltr'><strong>quo</strong></span> <span class='ocrx_word' id='word_1_50' title='bbox 567 947 717 1002; x_wconf 88' lang='lat' dir='ltr'><strong>nulla</strong></span> <span class='ocrx_word' id='word_1_51' title='bbox 748 946 821 1001; x_wconf 89' lang='lat' dir='ltr'><strong>sit</strong></span> <span class='ocrx_word' id='word_1_52' title='bbox 860 945 1044 1017; x_wconf 81' lang='lat' dir='ltr'><strong>plaga,</strong></span> <span class='ocrx_word' id='word_1_53' title='bbox 1087 944 1143 998; x_wconf 91' lang='lat' dir='ltr'><strong>in</strong></span> <span class='ocrx_word' id='word_1_54' title='bbox 1173 942 1381 999; x_wconf 79' lang='lat' dir='ltr'><strong>Christi</strong></span> <span class='ocrx_word' id='word_1_55' title='bbox 1413 942 1668 1014; x_wconf 88' lang='lat' dir='ltr'><strong>ﬁguram,</strong></span> <span class='ocrx_word' id='word_1_56' title='bbox 1710 943 1859 1001; x_wconf 88' lang='lat' dir='ltr'><strong>illius</strong></span> <span class='ocrx_word' id='word_1_57' title='bbox 1881 956 2014 999; x_wconf 86' lang='lat' dir='ltr'><strong>vere</strong></span> 
     </span>
    </p>
   </div>
   <div class='ocr_carea' id='block_1_9' title="bbox 425 1034 2014 1108">
    <p class='ocr_par' dir='ltr' id='par_1_9' title="bbox 425 1034 2014 1108">
     <span class='ocr_line' id='line_1_9' title="bbox 425 1034 2014 1108; baseline -0.004 -13"><span class='ocrx_word' id='word_1_58' title='bbox 425 1038 782 1102; x_wconf 65' lang='lat' dir='ltr'><strong>immaculati,</strong></span> <span class='ocrx_word' id='word_1_59' title='bbox 814 1045 871 1093; x_wconf 90' lang='lat' dir='ltr'><strong>et</strong></span> <span class='ocrx_word' id='word_1_60' title='bbox 922 1037 1020 1108; x_wconf 91' lang='lat' dir='ltr'><strong>qui</strong></span> <span class='ocrx_word' id='word_1_61' title='bbox 1065 1034 1278 1107; x_wconf 75' lang='lat' dir='ltr'><strong>peccati</strong></span> <span class='ocrx_word' id='word_1_62' title='bbox 1316 1036 1520 1095; x_wconf 88' lang='lat' dir='ltr'><strong>vulnus</strong></span> <span class='ocrx_word' id='word_1_63' title='bbox 1572 1035 1858 1105; x_wconf 82' lang='lat' dir='ltr'><strong>suscipere</strong></span> <span class='ocrx_word' id='word_1_64' title='bbox 1900 1050 2014 1090; x_wconf 90' lang='lat' dir='ltr'><strong>non</strong></span> 
     </span>
    </p>
   </div>
   <div class='ocr_carea' id='block_1_10' title="bbox 425 1125 2014 1199">
    <p class='ocr_par' dir='ltr' id='par_1_10' title="bbox 425 1125 2014 1199">
     <span class='ocr_line' id='line_1_10' title="bbox 425 1125 2014 1199; baseline -0.006 -10"><span class='ocrx_word' id='word_1_65' title='bbox 425 1131 692 1189; x_wconf 85' lang='lat' dir='ltr'><strong>sustinuit</strong></span> <span class='ocrx_word' id='word_1_66' title='bbox 733 1150 745 1183; x_wconf 89' lang='lat'>:</span> <span class='ocrx_word' id='word_1_67' title='bbox 786 1150 804 1182; x_wconf 75' lang='grc' dir='ltr'><strong>ι</strong></span> <span class='ocrx_word' id='word_1_68' title='bbox 841 1130 1005 1185; x_wconf 79' lang='lat' dir='ltr'><strong>Venit</strong></span> <span class='ocrx_word' id='word_1_69' title='bbox 1045 1128 1217 1195; x_wconf 89' lang='lat' dir='ltr'><strong>enim,</strong></span> <span class='ocrx_word' id='word_1_70' title='bbox 1264 1129 1468 1198; x_wconf 81' lang='lat' dir='ltr'><strong>inquit,</strong></span> <span class='ocrx_word' id='word_1_71' title='bbox 1526 1127 1789 1199; x_wconf 71' lang='lat' dir='ltr'><strong>princeps</strong></span> <span class='ocrx_word' id='word_1_72' title='bbox 1821 1125 2014 1185; x_wconf 90' lang='lat' dir='ltr'><strong>mundi</strong></span> 
     </span>
    </p>
   </div>
   <div class='ocr_carea' id='block_1_11' title="bbox 427 1218 2017 1295">
    <p class='ocr_par' dir='ltr' id='par_1_11' title="bbox 427 1218 2017 1295">
     <span class='ocr_line' id='line_1_11' title="bbox 427 1218 2017 1295; baseline -0.004 -17"><span class='ocrx_word' id='word_1_73' title='bbox 427 1225 612 1295; x_wconf 87' lang='lat' dir='ltr'><strong>hujus,</strong></span> <span class='ocrx_word' id='word_1_74' title='bbox 657 1223 808 1278; x_wconf 88' lang='lat' dir='ltr'><strong>etin</strong></span> <span class='ocrx_word' id='word_1_75' title='bbox 847 1237 935 1277; x_wconf 88' lang='lat' dir='ltr'><strong>me</strong></span> <span class='ocrx_word' id='word_1_76' title='bbox 958 1221 1098 1276; x_wconf 84' lang='lat' dir='ltr'><strong>nihil</strong></span> <span class='ocrx_word' id='word_1_77' title='bbox 1147 1221 1499 1286; x_wconf 74' lang='lat' dir='ltr'><strong>inveniet&quot;;</strong></span> <span class='ocrx_word' id='word_1_78' title='bbox 1549 1238 1571 1271; x_wconf 83' lang='grc'><strong>›</strong></span> <span class='ocrx_word' id='word_1_79' title='bbox 1626 1235 1810 1291; x_wconf 84' lang='lat' dir='ltr'><strong>neque</strong></span> <span class='ocrx_word' id='word_1_80' title='bbox 1865 1218 2017 1275; x_wconf 90' lang='lat' dir='ltr'><strong>enim</strong></span> 
     </span>
    </p>
   </div>
   <div class='ocr_carea' id='block_1_12' title="bbox 426 1308 2016 1384">
    <p class='ocr_par' dir='ltr' id='par_1_12' title="bbox 426 1308 2016 1384">
     <span class='ocr_line' id='line_1_12' title="bbox 426 1308 2016 1384; baseline -0.003 -16"><span class='ocrx_word' id='word_1_81' title='bbox 426 1314 557 1370; x_wconf 78' lang='lat' dir='ltr'><strong>fecit</strong></span> <span class='ocrx_word' id='word_1_82' title='bbox 617 1321 938 1384; x_wconf 84' lang='lat' dir='ltr'><strong>peccatum,</strong></span> <span class='ocrx_word' id='word_1_83' title='bbox 996 1320 1059 1367; x_wconf 90' lang='lat' dir='ltr'><strong>ut</strong></span> <span class='ocrx_word' id='word_1_84' title='bbox 1116 1311 1415 1382; x_wconf 59' lang='lat' dir='ltr'><strong>Scriptura:</strong></span> <span class='ocrx_word' id='word_1_85' title='bbox 1452 1310 1776 1367; x_wconf 82' lang='lat' dir='ltr'><strong>tradunt&quot;.</strong></span> <span class='ocrx_word' id='word_1_86' title='bbox 1834 1308 2016 1366; x_wconf 78' lang='lat' dir='ltr'><strong>Affer-</strong></span> 
     </span>
    </p>
   </div>
   <div class='ocr_carea' id='block_1_13' title="bbox 427 1401 2020 1476">
    <p class='ocr_par' dir='ltr' id='par_1_13' title="bbox 427 1401 2020 1476">
     <span class='ocr_line' id='line_1_13' title="bbox 427 1401 2020 1476; baseline -0.003 -16"><span class='ocrx_word' id='word_1_87' title='bbox 427 1414 519 1460; x_wconf 72' lang='lat' dir='ltr'><strong>tur</strong></span> <span class='ocrx_word' id='word_1_88' title='bbox 567 1415 754 1460; x_wconf 88' lang='lat' dir='ltr'><strong>autem</strong></span> <span class='ocrx_word' id='word_1_89' title='bbox 789 1404 857 1459; x_wconf 89' lang='lat' dir='ltr'><strong>ad</strong></span> <span class='ocrx_word' id='word_1_90' title='bbox 910 1404 1057 1476; x_wconf 85' lang='lat' dir='ltr'><strong>ipsas</strong></span> <span class='ocrx_word' id='word_1_91' title='bbox 1097 1402 1441 1459; x_wconf 80' lang='lat' dir='ltr'><strong>tabernaculi</strong></span> <span class='ocrx_word' id='word_1_92' title='bbox 1474 1402 1623 1459; x_wconf 79' lang='lat' dir='ltr'><strong>fores</strong></span> <span class='ocrx_word' id='word_1_93' title='bbox 1678 1417 1865 1459; x_wconf 87' lang='lat' dir='ltr'><strong>coram</strong></span> <span class='ocrx_word' id='word_1_94' title='bbox 1912 1401 2020 1456; x_wconf 87' lang='lat' dir='ltr'><strong>D0—</strong></span> 
     </span>
    </p>
   </div>
   <div class='ocr_carea' id='block_1_14' title="bbox 428 1491 2015 1565">
    <p class='ocr_par' dir='ltr' id='par_1_14' title="bbox 428 1491 2015 1565">
     <span class='ocr_line' id='line_1_14' title="bbox 428 1491 2015 1565; baseline -0.001 -17"><span class='ocrx_word' id='word_1_95' title='bbox 428 1508 580 1549; x_wconf 80' lang='lat' dir='ltr'><strong>mtno</strong></span> <span class='ocrx_word' id='word_1_96' title='bbox 598 1512 611 1548; x_wconf 92' lang='lat'>:</span> <span class='ocrx_word' id='word_1_97' title='bbox 632 1494 777 1564; x_wconf 88' lang='lat' dir='ltr'><strong>quod</strong></span> <span class='ocrx_word' id='word_1_98' title='bbox 797 1493 909 1565; x_wconf 89' lang='lat' dir='ltr'><strong>pati</strong></span> <span class='ocrx_word' id='word_1_99' title='bbox 940 1508 1041 1563; x_wconf 90' lang='lat' dir='ltr'><strong>pro</strong></span> <span class='ocrx_word' id='word_1_100' title='bbox 1063 1493 1181 1564; x_wconf 87' lang='lat' dir='ltr'><strong>ipso</strong></span> <span class='ocrx_word' id='word_1_101' title='bbox 1203 1501 1393 1549; x_wconf 85' lang='lat' dir='ltr'><strong>sancto</strong></span> <span class='ocrx_word' id='word_1_102' title='bbox 1422 1492 1797 1559; x_wconf 82' lang='lat' dir='ltr'><strong>tabernaculo,</strong></span> <span class='ocrx_word' id='word_1_103' title='bbox 1827 1491 1883 1551; x_wconf 87' lang='lat' dir='ltr'><strong>id</strong></span> <span class='ocrx_word' id='word_1_104' title='bbox 1910 1500 2015 1557; x_wconf 89' lang='lat' dir='ltr'><strong>est,</strong></span> 
     </span>
    </p>
   </div>
   <div class='ocr_carea' id='block_1_15' title="bbox 429 1584 2017 1657">
    <p class='ocr_par' dir='ltr' id='par_1_15' title="bbox 429 1584 2017 1657">
     <span class='ocr_line' id='line_1_15' title="bbox 429 1584 2017 1657; baseline 0.001 -18"><span class='ocrx_word' id='word_1_105' title='bbox 429 1600 532 1657; x_wconf 90' lang='lat' dir='ltr'><strong>pro</strong></span> <span class='ocrx_word' id='word_1_106' title='bbox 561 1584 805 1640; x_wconf 82' lang='lat' dir='ltr'><strong>Ecclesia</strong></span> <span class='ocrx_word' id='word_1_107' title='bbox 834 1600 941 1640; x_wconf 91' lang='lat' dir='ltr'><strong>non</strong></span> <span class='ocrx_word' id='word_1_108' title='bbox 970 1584 1261 1650; x_wconf 89' lang='lat' dir='ltr'><strong>recusarit,</strong></span> <span class='ocrx_word' id='word_1_109' title='bbox 1297 1584 1393 1639; x_wconf 88' lang='lat' dir='ltr'><strong>sed</strong></span> <span class='ocrx_word' id='word_1_110' title='bbox 1419 1599 1521 1655; x_wconf 90' lang='lat' dir='ltr'><strong>pro</strong></span> <span class='ocrx_word' id='word_1_111' title='bbox 1550 1584 1645 1640; x_wconf 91' lang='lat' dir='ltr'><strong>illa</strong></span> <span class='ocrx_word' id='word_1_112' title='bbox 1673 1584 1788 1640; x_wconf 90' lang='lat' dir='ltr'><strong>Deo</strong></span> <span class='ocrx_word' id='word_1_113' title='bbox 1820 1600 1885 1640; x_wconf 88' lang='lat' dir='ltr'><strong>ac</strong></span> <span class='ocrx_word' id='word_1_114' title='bbox 1912 1585 2017 1640; x_wconf 81' lang='lat' dir='ltr'><strong>Pa-</strong></span> 
     </span>
    </p>
   </div>
   <div class='ocr_carea' id='block_1_16' title="bbox 433 1676 2020 1749">
    <p class='ocr_par' dir='ltr' id='par_1_16' title="bbox 433 1676 2020 1749">
     <span class='ocr_line' id='line_1_16' title="bbox 433 1676 2020 1749; baseline 0.001 -16"><span class='ocrx_word' id='word_1_115' title='bbox 433 1678 502 1733; x_wconf 85' lang='lat' dir='ltr'><strong>tri</strong></span> <span class='ocrx_word' id='word_1_116' title='bbox 537 1679 592 1733; x_wconf 89' lang='lat' dir='ltr'><strong>in</strong></span> <span class='ocrx_word' id='word_1_117' title='bbox 626 1678 850 1735; x_wconf 89' lang='lat' dir='ltr'><strong>odorem</strong></span> <span class='ocrx_word' id='word_1_118' title='bbox 897 1677 1185 1733; x_wconf 81' lang='lat' dir='ltr'><strong>suavitatis</strong></span> <span class='ocrx_word' id='word_1_119' title='bbox 1217 1677 1437 1732; x_wconf 83' lang='lat' dir='ltr'><strong>oblatus</strong></span> <span class='ocrx_word' id='word_1_120' title='bbox 1457 1676 1547 1732; x_wconf 90' lang='lat' dir='ltr'><strong>sit.</strong></span> <span class='ocrx_word' id='word_1_121' title='bbox 1576 1678 1899 1749; x_wconf 85' lang='lat' dir='ltr'><strong>—-ldeoque</strong></span> <span class='ocrx_word' id='word_1_122' title='bbox 1936 1678 2020 1734; x_wconf 86' lang='lat' dir='ltr'><strong>di-</strong></span> 
     </span>
    </p>
   </div>
   <div class='ocr_carea' id='block_1_17' title="bbox 432 1768 2012 1841">
    <p class='ocr_par' dir='ltr' id='par_1_17' title="bbox 432 1768 2012 1841">
     <span class='ocr_line' id='line_1_17' title="bbox 432 1768 2012 1841; baseline -0.002 -16"><span class='ocrx_word' id='word_1_123' title='bbox 432 1770 594 1826; x_wconf 81' lang='lat' dir='ltr'><strong>cebat</strong></span> <span class='ocrx_word' id='word_1_124' title='bbox 630 1787 642 1824; x_wconf 93' lang='lat'><strong>:</strong></span> <span class='ocrx_word' id='word_1_125' title='bbox 687 1790 705 1820; x_wconf 76' lang='grc' dir='ltr'><strong>ι</strong></span> <span class='ocrx_word' id='word_1_126' title='bbox 747 1770 854 1825; x_wconf 84' lang='lat' dir='ltr'><strong>Pro</strong></span> <span class='ocrx_word' id='word_1_127' title='bbox 905 1768 1039 1839; x_wconf 82' lang='lat' dir='ltr'><strong>ipsis</strong></span> <span class='ocrx_word' id='word_1_128' title='bbox 1109 1785 1210 1840; x_wconf 89' lang='lat' dir='ltr'><strong>ego</strong></span> <span class='ocrx_word' id='word_1_129' title='bbox 1257 1769 1545 1826; x_wconf 87' lang='lat' dir='ltr'><strong>sanctiﬁco</strong></span> <span class='ocrx_word' id='word_1_130' title='bbox 1588 1770 1864 1841; x_wconf 83' lang='lat' dir='ltr'><strong>meipsum</strong></span> <span class='ocrx_word' id='word_1_131' title='bbox 1893 1771 1932 1824; x_wconf 73' lang='grc'>³.</span> <span class='ocrx_word' id='word_1_132' title='bbox 1991 1788 2012 1822; x_wconf 76' lang='grc' dir='ltr'><strong>ι</strong></span> 
     </span>
    </p>
   </div>
   <div class='ocr_carea' id='block_1_18' title="bbox 431 1860 2021 1933">
    <p class='ocr_par' dir='ltr' id='par_1_18' title="bbox 431 1860 2021 1933">
     <span class='ocr_line' id='line_1_18' title="bbox 431 1860 2021 1933; baseline -0.001 -14"><span class='ocrx_word' id='word_1_133' title='bbox 431 1863 590 1927; x_wconf 84' lang='lat' dir='ltr'><strong>Nam,</strong></span> <span class='ocrx_word' id='word_1_134' title='bbox 627 1877 752 1918; x_wconf 90' lang='lat' dir='ltr'><strong>cum</strong></span> <span class='ocrx_word' id='word_1_135' title='bbox 783 1860 937 1926; x_wconf 84' lang='lat' dir='ltr'><strong>dicit,</strong></span> <span class='ocrx_word' id='word_1_136' title='bbox 961 1860 1267 1926; x_wconf 82' lang='lat' dir='ltr'><strong>sanctiﬁco,</strong></span> <span class='ocrx_word' id='word_1_137' title='bbox 1307 1861 1415 1917; x_wconf 88' lang='lat' dir='ltr'><strong>boc</strong></span> <span class='ocrx_word' id='word_1_138' title='bbox 1435 1861 1925 1933; x_wconf 77' lang='lat' dir='ltr'><strong>signiﬁcat,oﬂ&#39;ero</strong></span> <span class='ocrx_word' id='word_1_139' title='bbox 1955 1876 2021 1917; x_wconf 87' lang='lat' dir='ltr'><strong>ac</strong></span> 
     </span>
    </p>
   </div>
   <div class='ocr_carea' id='block_1_19' title="bbox 431 1953 2021 2025">
    <p class='ocr_par' dir='ltr' id='par_1_19' title="bbox 431 1953 2021 2025">
     <span class='ocr_line' id='line_1_19' title="bbox 431 1953 2021 2025; baseline 0.002 -15"><span class='ocrx_word' id='word_1_140' title='bbox 431 1954 677 2010; x_wconf 85' lang='lat' dir='ltr'><strong>devoveo</strong></span> <span class='ocrx_word' id='word_1_141' title='bbox 723 1953 994 2025; x_wconf 85' lang='lat' dir='ltr'><strong>meipsum</strong></span> <span class='ocrx_word' id='word_1_142' title='bbox 1056 1953 1393 2009; x_wconf 86' lang='lat' dir='ltr'><strong>oblationem</strong></span> <span class='ocrx_word' id='word_1_143' title='bbox 1448 1953 1859 2015; x_wconf 72' lang='lat' dir='ltr'><strong>immaculatum</strong></span> <span class='ocrx_word' id='word_1_144' title='bbox 1907 1956 2021 2013; x_wconf 79' lang='lat' dir='ltr'><strong>DeO</strong></span> 
     </span>
    </p>
   </div>
   <div class='ocr_carea' id='block_1_20' title="bbox 433 2045 2020 2117">
    <p class='ocr_par' dir='ltr' id='par_1_20' title="bbox 433 2045 2020 2117">
     <span class='ocr_line' id='line_1_20' title="bbox 433 2045 2020 2117; baseline -0.002 -14"><span class='ocrx_word' id='word_1_145' title='bbox 433 2047 580 2103; x_wconf 82' lang='lat' dir='ltr'><strong>Patri</strong></span> <span class='ocrx_word' id='word_1_146' title='bbox 624 2065 635 2099; x_wconf 92' lang='lat'>:</span> <span class='ocrx_word' id='word_1_147' title='bbox 667 2045 995 2102; x_wconf 82' lang='lat' dir='ltr'><strong>sanctiﬁcari</strong></span> <span class='ocrx_word' id='word_1_148' title='bbox 1026 2045 1172 2100; x_wconf 88' lang='lat' dir='ltr'><strong>enim</strong></span> <span class='ocrx_word' id='word_1_149' title='bbox 1200 2045 1423 2112; x_wconf 88' lang='lat' dir='ltr'><strong>dicitur,</strong></span> <span class='ocrx_word' id='word_1_150' title='bbox 1448 2047 1597 2117; x_wconf 88' lang='lat' dir='ltr'><strong>quod</strong></span> <span class='ocrx_word' id='word_1_151' title='bbox 1631 2047 1746 2103; x_wconf 86' lang='lat' dir='ltr'><strong>Deo</strong></span> <span class='ocrx_word' id='word_1_152' title='bbox 1768 2046 2020 2115; x_wconf 84' lang='lat' dir='ltr'><strong>dicatur,</strong></span> 
     </span>
    </p>
   </div>
   <div class='ocr_carea' id='block_1_21' title="bbox 2046 754 2702 829">
    <p class='ocr_par' dir='ltr' id='par_1_21' title="bbox 2046 754 2702 829">
     <span class='ocr_line' id='line_1_21' title="bbox 2046 754 2702 829; baseline 0.006 -18"><span class='ocrx_word' id='word_1_153' title='bbox 2046 766 2095 821; x_wconf 77' lang='grc' dir='ltr'><strong>Α</strong></span> <span class='ocrx_word' id='word_1_154' title='bbox 2194 758 2402 813; x_wconf 76' lang='grc' dir='ltr'><strong>ΠΑΛΛ.</strong></span> <span class='ocrx_word' id='word_1_155' title='bbox 2444 754 2518 813; x_wconf 83' lang='grc' dir='ltr'><strong>Εὖ</strong></span> <span class='ocrx_word' id='word_1_156' title='bbox 2546 758 2702 829; x_wconf 66' lang='grc' dir='ltr'>ἔφης.</span> 
     </span>
    </p>
   </div>
   <div class='ocr_carea' id='block_1_22' title="bbox 2186 850 3714 935">
    <p class='ocr_par' dir='ltr' id='par_1_22' title="bbox 2186 850 3714 935">
     <span class='ocr_line' id='line_1_22' title="bbox 2186 850 3714 935; baseline -0.001 -29"><span class='ocrx_word' id='word_1_157' title='bbox 2186 850 2349 907; x_wconf 83' lang='grc' dir='ltr'>ΚΥΡ.</span> <span class='ocrx_word' id='word_1_158' title='bbox 2393 850 2747 924; x_wconf 81' lang='grc' dir='ltr'>Λαμδάνεται</span> <span class='ocrx_word' id='word_1_159' title='bbox 2792 851 2974 904; x_wconf 85' lang='grc' dir='ltr'>τοίνυν</span> <span class='ocrx_word' id='word_1_160' title='bbox 3010 851 3040 904; x_wconf 86' lang='lat'><strong>6</strong></span> <span class='ocrx_word' id='word_1_161' title='bbox 3070 852 3268 935; x_wconf 71' lang='grc' dir='ltr'>μόσχος</span> <span class='ocrx_word' id='word_1_162' title='bbox 3307 851 3612 923; x_wconf 83' lang='grc' dir='ltr'>ἁμὼμητός</span> <span class='ocrx_word' id='word_1_163' title='bbox 3650 867 3714 904; x_wconf 76' lang='grc' dir='ltr'>τι</span> 
     </span>
    </p>
   </div>
   <div class='ocr_carea' id='block_1_23' title="bbox 2115 939 3708 1013">
    <p class='ocr_par' dir='ltr' id='par_1_23' title="bbox 2115 939 3708 1013">
     <span class='ocr_line' id='line_1_23' title="bbox 2115 939 3708 1013; baseline -0.001 -16"><span class='ocrx_word' id='word_1_164' title='bbox 2115 940 2213 997; x_wconf 72' lang='grc' dir='ltr'>καὶ</span> <span class='ocrx_word' id='word_1_165' title='bbox 2249 940 2430 1012; x_wconf 79' lang='grc' dir='ltr'>ἁπλὴξ</span> <span class='ocrx_word' id='word_1_166' title='bbox 2455 942 2535 1004; x_wconf 84' lang='grc' dir='ltr'><strong>είς</strong></span> <span class='ocrx_word' id='word_1_167' title='bbox 2577 940 2748 994; x_wconf 78' lang='grc' dir='ltr'>τύπον</span> <span class='ocrx_word' id='word_1_168' title='bbox 2787 940 3025 1011; x_wconf 75' lang='grc' dir='ltr'><strong>Χριστοῦ</strong></span> <span class='ocrx_word' id='word_1_169' title='bbox 3068 941 3162 994; x_wconf 79' lang='grc' dir='ltr'>τοῦ</span> <span class='ocrx_word' id='word_1_170' title='bbox 3190 941 3409 1013; x_wconf 82' lang='grc' dir='ltr'>ἀληθῶς</span> <span class='ocrx_word' id='word_1_171' title='bbox 3442 939 3708 1013; x_wconf 75' lang='grc' dir='ltr'>ἀμώμου.</span> 
     </span>
    </p>
   </div>
   <div class='ocr_carea' id='block_1_24' title="bbox 2118 1031 3714 1103">
    <p class='ocr_par' dir='ltr' id='par_1_24' title="bbox 2118 1031 3714 1103">
     <span class='ocr_line' id='line_1_24' title="bbox 2118 1031 3714 1103; baseline -0.002 -16"><span class='ocrx_word' id='word_1_172' title='bbox 2118 1032 2214 1090; x_wconf 78' lang='grc' dir='ltr'>καὶ</span> <span class='ocrx_word' id='word_1_173' title='bbox 2244 1031 2334 1087; x_wconf 79' lang='grc' dir='ltr'>τὸν</span> <span class='ocrx_word' id='word_1_174' title='bbox 2363 1032 2429 1085; x_wconf 73' lang='grc' dir='ltr'>ἐκ</span> <span class='ocrx_word' id='word_1_175' title='bbox 2460 1033 2559 1103; x_wconf 83' lang='grc' dir='ltr'>τῆς</span> <span class='ocrx_word' id='word_1_176' title='bbox 2588 1031 2861 1103; x_wconf 81' lang='grc' dir='ltr'>ἁμαρτίας</span> <span class='ocrx_word' id='word_1_177' title='bbox 2889 1033 3312 1103; x_wconf 77' lang='grc' dir='ltr'>τραυματισμὸν</span> <span class='ocrx_word' id='word_1_178' title='bbox 3349 1033 3450 1086; x_wconf 82' lang='grc' dir='ltr'>οὐκ</span> <span class='ocrx_word' id='word_1_179' title='bbox 3480 1034 3714 1101; x_wconf 78' lang='grc' dir='ltr'>ἀνασχο-</span> 
     </span>
    </p>
   </div>
   <div class='ocr_carea' id='block_1_25' title="bbox 2121 1122 3712 1197">
    <p class='ocr_par' dir='ltr' id='par_1_25' title="bbox 2121 1122 3712 1197">
     <span class='ocr_line' id='line_1_25' title="bbox 2121 1122 3712 1197; baseline -0.003 -17"><span class='ocrx_word' id='word_1_180' title='bbox 2121 1124 2284 1195; x_wconf 70' lang='grc' dir='ltr'>μένου</span> <span class='ocrx_word' id='word_1_181' title='bbox 2311 1122 2524 1180; x_wconf 77' lang='grc' dir='ltr'><strong>παθεῖν.</strong></span> <span class='ocrx_word' id='word_1_182' title='bbox 2571 1142 2590 1176; x_wconf 81' lang='grc' dir='ltr'><strong>ι</strong></span> <span class='ocrx_word' id='word_1_183' title='bbox 2638 1125 2902 1197; x_wconf 83' lang='grc' dir='ltr'>Ἔρχεται</span> <span class='ocrx_word' id='word_1_184' title='bbox 2934 1125 3066 1194; x_wconf 75' lang='grc' dir='ltr'>γὰρ,</span> <span class='ocrx_word' id='word_1_185' title='bbox 3117 1128 3305 1195; x_wconf 71' lang='grc' dir='ltr'>φησιν,</span> <span class='ocrx_word' id='word_1_186' title='bbox 3339 1127 3368 1179; x_wconf 98' lang='lat'><strong>6</strong></span> <span class='ocrx_word' id='word_1_187' title='bbox 3401 1127 3587 1195; x_wconf 80' lang='grc' dir='ltr'>ἄρχων</span> <span class='ocrx_word' id='word_1_188' title='bbox 3615 1125 3712 1178; x_wconf 79' lang='grc' dir='ltr'>τοῦ</span> 
     </span>
    </p>
   </div>
   <div class='ocr_carea' id='block_1_26' title="bbox 2118 1211 3714 1286">
    <p class='ocr_par' dir='ltr' id='par_1_26' title="bbox 2118 1211 3714 1286">
     <span class='ocr_line' id='line_1_26' title="bbox 2118 1211 3714 1286; baseline 0.001 -21"><span class='ocrx_word' id='word_1_189' title='bbox 2118 1211 2325 1283; x_wconf 77' lang='grc' dir='ltr'>κόσμου</span> <span class='ocrx_word' id='word_1_190' title='bbox 2354 1211 2569 1278; x_wconf 79' lang='grc' dir='ltr'>τούτου,</span> <span class='ocrx_word' id='word_1_191' title='bbox 2598 1214 2695 1269; x_wconf 73' lang='grc' dir='ltr'>καὶ</span> <span class='ocrx_word' id='word_1_192' title='bbox 2722 1214 2779 1267; x_wconf 84' lang='grc' dir='ltr'>ὲν</span> <span class='ocrx_word' id='word_1_193' title='bbox 2812 1213 2938 1283; x_wconf 75' lang='grc' dir='ltr'><strong>ἐμοὶ</strong></span> <span class='ocrx_word' id='word_1_194' title='bbox 2960 1215 3183 1285; x_wconf 79' lang='grc' dir='ltr'>εὑρήσει</span> <span class='ocrx_word' id='word_1_195' title='bbox 3212 1215 3366 1269; x_wconf 78' lang='grc' dir='ltr'>οὐδέν</span> <span class='ocrx_word' id='word_1_196' title='bbox 3387 1232 3401 1248; x_wconf 89' lang='grc'><strong>·</strong></span> <span class='ocrx_word' id='word_1_197' title='bbox 3440 1234 3457 1267; x_wconf 73' lang='grc' dir='ltr'><strong>ι</strong></span> <span class='ocrx_word' id='word_1_198' title='bbox 3503 1215 3563 1269; x_wconf 74' lang='grc' dir='ltr'>οὐ</span> <span class='ocrx_word' id='word_1_199' title='bbox 3602 1216 3714 1286; x_wconf 83' lang='grc' dir='ltr'>γὰρ</span> 
     </span>
    </p>
   </div>
   <div class='ocr_carea' id='block_1_27' title="bbox 2121 1305 3716 1379">
    <p class='ocr_par' dir='ltr' id='par_1_27' title="bbox 2121 1305 3716 1379">
     <span class='ocr_line' id='line_1_27' title="bbox 2121 1305 3716 1379; baseline 0.001 -20"><span class='ocrx_word' id='word_1_200' title='bbox 2121 1306 2377 1378; x_wconf 74' lang='grc' dir='ltr'>ἐποίησεν</span> <span class='ocrx_word' id='word_1_201' title='bbox 2399 1306 2703 1378; x_wconf 76' lang='grc' dir='ltr'><strong>ἁμαρτίαν,</strong></span> <span class='ocrx_word' id='word_1_202' title='bbox 2730 1305 2873 1360; x_wconf 80' lang='grc' dir='ltr'><strong>κατὰ</strong></span> <span class='ocrx_word' id='word_1_203' title='bbox 2893 1306 2993 1370; x_wconf 70' lang='grc' dir='ltr'>τὰς</span> <span class='ocrx_word' id='word_1_204' title='bbox 3018 1308 3263 1379; x_wconf 65' lang='grc' dir='ltr'>Γραφὰς.</span> <span class='ocrx_word' id='word_1_205' title='bbox 3289 1309 3638 1377; x_wconf 81' lang='grc' dir='ltr'>Προσάγεται</span> <span class='ocrx_word' id='word_1_206' title='bbox 3656 1309 3716 1361; x_wconf 79' lang='grc' dir='ltr'>δὲ</span> 
     </span>
    </p>
   </div>
   <div class='ocr_carea' id='block_1_28' title="bbox 2118 1396 3716 1472">
    <p class='ocr_par' dir='ltr' id='par_1_28' title="bbox 2118 1396 3716 1472">
     <span class='ocr_line' id='line_1_28' title="bbox 2118 1396 3716 1472; baseline 0.003 -21"><span class='ocrx_word' id='word_1_207' title='bbox 2118 1396 2257 1468; x_wconf 81' lang='grc' dir='ltr'>πρὸς</span> <span class='ocrx_word' id='word_1_208' title='bbox 2296 1398 2489 1462; x_wconf 80' lang='grc' dir='ltr'>αὑταῖς</span> <span class='ocrx_word' id='word_1_209' title='bbox 2534 1397 2635 1469; x_wconf 83' lang='grc' dir='ltr'>τῆς</span> <span class='ocrx_word' id='word_1_210' title='bbox 2677 1399 2839 1468; x_wconf 81' lang='grc' dir='ltr'>ἁγίας</span> <span class='ocrx_word' id='word_1_211' title='bbox 2879 1400 3088 1472; x_wconf 78' lang='grc' dir='ltr'><strong>σκηνῆς</strong></span> <span class='ocrx_word' id='word_1_212' title='bbox 3128 1403 3251 1464; x_wconf 85' lang='grc' dir='ltr'>ταῖς</span> <span class='ocrx_word' id='word_1_213' title='bbox 3297 1399 3491 1472; x_wconf 77' lang='grc' dir='ltr'>θύραις</span> <span class='ocrx_word' id='word_1_214' title='bbox 3530 1400 3716 1455; x_wconf 75' lang='grc' dir='ltr'>ἔναντι</span> 
     </span>
    </p>
   </div>
   <div class='ocr_carea' id='block_1_29' title="bbox 2117 1489 3714 1565">
    <p class='ocr_par' dir='ltr' id='par_1_29' title="bbox 2117 1489 3714 1565">
     <span class='ocr_line' id='line_1_29' title="bbox 2117 1489 3714 1565; baseline 0.001 -20"><span class='ocrx_word' id='word_1_215' title='bbox 2117 1489 2354 1560; x_wconf 84' lang='grc' dir='ltr'>Κυρίου.</span> <span class='ocrx_word' id='word_1_216' title='bbox 2377 1489 2437 1543; x_wconf 74' lang='grc' dir='ltr'>τὸ</span> <span class='ocrx_word' id='word_1_217' title='bbox 2463 1489 2657 1544; x_wconf 83' lang='grc' dir='ltr'>παθεῖν</span> <span class='ocrx_word' id='word_1_218' title='bbox 2685 1489 2876 1563; x_wconf 81' lang='grc' dir='ltr'>ὥσπερ</span> <span class='ocrx_word' id='word_1_219' title='bbox 2900 1493 2963 1546; x_wconf 82' lang='grc' dir='ltr'>οὐ</span> <span class='ocrx_word' id='word_1_220' title='bbox 2993 1493 3454 1564; x_wconf 74' lang='grc' dir='ltr'><strong>παραιτούμενος,</strong></span> <span class='ocrx_word' id='word_1_221' title='bbox 3481 1495 3626 1565; x_wconf 82' lang='grc' dir='ltr'>ὑπέρ</span> <span class='ocrx_word' id='word_1_222' title='bbox 3647 1510 3714 1563; x_wconf 83' lang='grc' dir='ltr'><strong>γε</strong></span> 
     </span>
    </p>
   </div>
   <div class='ocr_carea' id='block_1_30' title="bbox 2117 1581 3712 1657">
    <p class='ocr_par' dir='ltr' id='par_1_30' title="bbox 2117 1581 3712 1657">
     <span class='ocr_line' id='line_1_30' title="bbox 2117 1581 3712 1657; baseline 0.001 -18"><span class='ocrx_word' id='word_1_223' title='bbox 2117 1581 2217 1653; x_wconf 79' lang='grc' dir='ltr'>τῆς</span> <span class='ocrx_word' id='word_1_224' title='bbox 2242 1582 2403 1651; x_wconf 80' lang='grc' dir='ltr'>ἁγίας</span> <span class='ocrx_word' id='word_1_225' title='bbox 2430 1582 2666 1654; x_wconf 80' lang='grc' dir='ltr'><strong>σκηνῆς,</strong></span> <span class='ocrx_word' id='word_1_226' title='bbox 2695 1582 2842 1637; x_wconf 70' lang='grc' dir='ltr'>τοῦτ’</span> <span class='ocrx_word' id='word_1_227' title='bbox 2868 1583 3014 1649; x_wconf 75' lang='grc' dir='ltr'>ἔστι,</span> <span class='ocrx_word' id='word_1_228' title='bbox 3046 1585 3145 1656; x_wconf 82' lang='grc' dir='ltr'>τῆς</span> <span class='ocrx_word' id='word_1_229' title='bbox 3182 1585 3514 1657; x_wconf 80' lang='grc' dir='ltr'>Ἐκιιλησίας</span> <span class='ocrx_word' id='word_1_230' title='bbox 3534 1626 3549 1649; x_wconf 91' lang='grc'><strong>,</strong></span> <span class='ocrx_word' id='word_1_231' title='bbox 3577 1588 3712 1640; x_wconf 86' lang='grc' dir='ltr'><strong>ἀνα-</strong></span> 
     </span>
    </p>
   </div>
   <div class='ocr_carea' id='block_1_31' title="bbox 2119 1673 3715 1749">
    <p class='ocr_par' dir='ltr' id='par_1_31' title="bbox 2119 1673 3715 1749">
     <span class='ocr_line' id='line_1_31' title="bbox 2119 1673 3715 1749; baseline 0.001 -20"><span class='ocrx_word' id='word_1_232' title='bbox 2119 1673 2433 1747; x_wconf 75' lang='grc' dir='ltr'><strong>τεθειμένος</strong></span> <span class='ocrx_word' id='word_1_233' title='bbox 2458 1690 2520 1729; x_wconf 81' lang='grc' dir='ltr'><strong>τε</strong></span> <span class='ocrx_word' id='word_1_234' title='bbox 2563 1674 2705 1746; x_wconf 76' lang='grc' dir='ltr'>ὑπὲρ</span> <span class='ocrx_word' id='word_1_235' title='bbox 2734 1674 2906 1746; x_wconf 80' lang='grc' dir='ltr'>αὐτῆς</span> <span class='ocrx_word' id='word_1_236' title='bbox 2934 1675 3016 1738; x_wconf 70' lang='grc' dir='ltr'><strong>τίς</strong></span> <span class='ocrx_word' id='word_1_237' title='bbox 3045 1674 3220 1746; x_wconf 73' lang='grc' dir='ltr'>ὀσμὴν</span> <span class='ocrx_word' id='word_1_238' title='bbox 3242 1675 3469 1741; x_wconf 76' lang='grc' dir='ltr'><strong>εὐωδίας</strong></span> <span class='ocrx_word' id='word_1_239' title='bbox 3490 1676 3569 1749; x_wconf 83' lang='grc' dir='ltr'>τῷ</span> <span class='ocrx_word' id='word_1_240' title='bbox 3593 1676 3715 1748; x_wconf 82' lang='grc' dir='ltr'><strong>Θεῷ</strong></span> 
     </span>
    </p>
   </div>
   <div class='ocr_carea' id='block_1_32' title="bbox 2120 1765 3715 1842">
    <p class='ocr_par' dir='ltr' id='par_1_32' title="bbox 2120 1765 3715 1842">
     <span class='ocr_line' id='line_1_32' title="bbox 2120 1765 3715 1842; baseline 0.002 -22"><span class='ocrx_word' id='word_1_241' title='bbox 2120 1765 2214 1820; x_wconf 78' lang='grc' dir='ltr'>καὶ</span> <span class='ocrx_word' id='word_1_242' title='bbox 2250 1765 2446 1837; x_wconf 87' lang='grc' dir='ltr'>Πατρί.</span> <span class='ocrx_word' id='word_1_243' title='bbox 2486 1766 2779 1838; x_wconf 77' lang='grc' dir='ltr'><strong>Τοιγάρτοι</strong></span> <span class='ocrx_word' id='word_1_244' title='bbox 2810 1766 2908 1821; x_wconf 75' lang='grc' dir='ltr'>καὶ</span> <span class='ocrx_word' id='word_1_245' title='bbox 2947 1766 3211 1836; x_wconf 74' lang='grc' dir='ltr'>εφασκεν,</span> <span class='ocrx_word' id='word_1_246' title='bbox 3255 1787 3277 1821; x_wconf 82' lang='grc' dir='ltr'><strong>ι</strong></span> <span class='ocrx_word' id='word_1_247' title='bbox 3335 1768 3508 1842; x_wconf 75' lang='grc' dir='ltr'>’Υπὲρ</span> <span class='ocrx_word' id='word_1_248' title='bbox 3532 1770 3715 1823; x_wconf 78' lang='grc' dir='ltr'>αὐτῶν</span> 
     </span>
    </p>
   </div>
   <div class='ocr_carea' id='block_1_33' title="bbox 2121 1857 3713 1933">
    <p class='ocr_par' dir='ltr' id='par_1_33' title="bbox 2121 1857 3713 1933">
     <span class='ocr_line' id='line_1_33' title="bbox 2121 1857 3713 1933; baseline 0.002 -18"><span class='ocrx_word' id='word_1_249' title='bbox 2121 1857 2470 1932; x_wconf 68' lang='grc' dir='ltr'>ὲγὼὰγιᾶζω</span> <span class='ocrx_word' id='word_1_250' title='bbox 2491 1860 2748 1932; x_wconf 64' lang='grc' dir='ltr'>ἐμαυτόν.</span> <span class='ocrx_word' id='word_1_251' title='bbox 2782 1880 2801 1913; x_wconf 75' lang='grc' dir='ltr'><strong>ι</strong></span> <span class='ocrx_word' id='word_1_252' title='bbox 2824 1862 2899 1919; x_wconf 82' lang='lat' dir='ltr'><em>T6</em></span> <span class='ocrx_word' id='word_1_253' title='bbox 2916 1902 2932 1927; x_wconf 91' lang='lat'><strong>,</strong></span> <span class='ocrx_word' id='word_1_254' title='bbox 2961 1862 3192 1932; x_wconf 72' lang='grc' dir='ltr'>ἁγιάζω,</span> <span class='ocrx_word' id='word_1_255' title='bbox 3212 1863 3388 1933; x_wconf 84' lang='grc' dir='ltr'>λέγων</span> <span class='ocrx_word' id='word_1_256' title='bbox 3405 1904 3421 1929; x_wconf 90' lang='grc'><strong>,</strong></span> <span class='ocrx_word' id='word_1_257' title='bbox 3445 1865 3570 1918; x_wconf 78' lang='grc' dir='ltr'>ἀντὶ</span> <span class='ocrx_word' id='word_1_258' title='bbox 3593 1865 3713 1929; x_wconf 77' lang='grc' dir='ltr'>τοῦ,</span> 
     </span>
    </p>
   </div>
   <div class='ocr_carea' id='block_1_34' title="bbox 2121 1952 3717 2027">
    <p class='ocr_par' dir='ltr' id='par_1_34' title="bbox 2121 1952 3717 2027">
     <span class='ocr_line' id='line_1_34' title="bbox 2121 1952 3717 2027; baseline 0.001 -20"><span class='ocrx_word' id='word_1_259' title='bbox 2121 1952 2406 2023; x_wconf 79' lang='grc' dir='ltr'><strong>προσάγω,</strong></span> <span class='ocrx_word' id='word_1_260' title='bbox 2462 1953 2558 2008; x_wconf 83' lang='grc' dir='ltr'>καὶ</span> <span class='ocrx_word' id='word_1_261' title='bbox 2594 1952 2892 2025; x_wconf 76' lang='grc' dir='ltr'>ἀνατίθημι</span> <span class='ocrx_word' id='word_1_262' title='bbox 2928 1955 3248 2027; x_wconf 73' lang='grc' dir='ltr'>προσφορὰν</span> <span class='ocrx_word' id='word_1_263' title='bbox 3293 1955 3594 2026; x_wconf 80' lang='grc' dir='ltr'><strong>ἀμώμητον</strong></span> <span class='ocrx_word' id='word_1_264' title='bbox 3636 1956 3717 2026; x_wconf 80' lang='grc' dir='ltr'>τῷ</span> 
     </span>
    </p>
   </div>
   <div class='ocr_carea' id='block_1_35' title="bbox 2121 2045 3716 2119">
    <p class='ocr_par' dir='ltr' id='par_1_35' title="bbox 2121 2045 3716 2119">
     <span class='ocr_line' id='line_1_35' title="bbox 2121 2045 3716 2119; baseline -0.001 -18"><span class='ocrx_word' id='word_1_265' title='bbox 2121 2046 2244 2119; x_wconf 84' lang='grc' dir='ltr'><strong>Θεῷ</strong></span> <span class='ocrx_word' id='word_1_266' title='bbox 2265 2048 2360 2101; x_wconf 61' lang='grc' dir='ltr'><strong>καὶ⁵</strong></span> <span class='ocrx_word' id='word_1_267' title='bbox 2380 2047 2577 2119; x_wconf 84' lang='grc' dir='ltr'>Πατρί.</span> <span class='ocrx_word' id='word_1_268' title='bbox 2604 2045 2957 2114; x_wconf 73' lang='grc' dir='ltr'>’Δγιὰζεσθαι</span> <span class='ocrx_word' id='word_1_269' title='bbox 2978 2046 3089 2117; x_wconf 69' lang='grc' dir='ltr'>γὰρ</span> <span class='ocrx_word' id='word_1_270' title='bbox 3110 2046 3330 2115; x_wconf 84' lang='grc' dir='ltr'>λέγεται</span> <span class='ocrx_word' id='word_1_271' title='bbox 3358 2048 3421 2100; x_wconf 83' lang='grc' dir='ltr'>τὸ</span> <span class='ocrx_word' id='word_1_272' title='bbox 3452 2048 3716 2101; x_wconf 80' lang='grc' dir='ltr'>ἀνατιθέ-</span> 
     </span>
    </p>
   </div>
   <div class='ocr_carea' id='block_1_36' title="bbox 426 2119 2025 2212">
    <p class='ocr_par' dir='ltr' id='par_1_36' title="bbox 426 2138 2015 2211">
     <span class='ocr_line' id='line_1_36' title="bbox 426 2138 2015 2211; baseline 0.001 -18"><span class='ocrx_word' id='word_1_273' title='bbox 426 2140 583 2211; x_wconf 74' lang='lat' dir='ltr'><strong>juxta</strong></span> <span class='ocrx_word' id='word_1_274' title='bbox 612 2139 665 2195; x_wconf 92' lang='lat' dir='ltr'><strong>id</strong></span> <span class='ocrx_word' id='word_1_275' title='bbox 709 2138 857 2210; x_wconf 87' lang='lat' dir='ltr'><strong>quod</strong></span> <span class='ocrx_word' id='word_1_276' title='bbox 883 2139 1148 2210; x_wconf 81' lang='lat' dir='ltr'><strong>scriptum</strong></span> <span class='ocrx_word' id='word_1_277' title='bbox 1175 2149 1296 2194; x_wconf 88' lang='lat' dir='ltr'><strong>est:</strong></span> <span class='ocrx_word' id='word_1_278' title='bbox 1333 2159 1352 2192; x_wconf 76' lang='grc' dir='ltr'><strong>ι</strong></span> <span class='ocrx_word' id='word_1_279' title='bbox 1387 2139 1644 2210; x_wconf 77' lang='lat' dir='ltr'><strong>Laqueus</strong></span> <span class='ocrx_word' id='word_1_280' title='bbox 1667 2148 1753 2198; x_wconf 89' lang='lat' dir='ltr'><strong>est</strong></span> <span class='ocrx_word' id='word_1_281' title='bbox 1782 2140 2015 2206; x_wconf 86' lang='lat' dir='ltr'><strong>homini,</strong></span> 
     </span>
    </p>
   </div>
   <div class='ocr_carea' id='block_1_37' title="bbox 2128 2119 3713 2212">
    <p class='ocr_par' dir='ltr' id='par_1_37' title="bbox 2128 2138 3713 2212">
     <span class='ocr_line' id='line_1_37' title="bbox 2128 2138 3713 2212; baseline 0 -19"><span class='ocrx_word' id='word_1_282' title='bbox 2128 2156 2287 2212; x_wconf 87' lang='grc' dir='ltr'>μενον</span> <span class='ocrx_word' id='word_1_283' title='bbox 2336 2139 2414 2210; x_wconf 84' lang='grc' dir='ltr'><strong>τῷ</strong></span> <span class='ocrx_word' id='word_1_284' title='bbox 2455 2138 2609 2209; x_wconf 76' lang='grc' dir='ltr'>Θεῷ,</span> <span class='ocrx_word' id='word_1_285' title='bbox 2650 2138 2771 2195; x_wconf 87' lang='grc' dir='ltr'>κατ’</span> <span class='ocrx_word' id='word_1_286' title='bbox 2815 2138 2993 2192; x_wconf 66' lang='grc' dir='ltr'>ἐκεῖνό</span> <span class='ocrx_word' id='word_1_287' title='bbox 3043 2154 3150 2193; x_wconf 80' lang='grc' dir='ltr'><strong>που</strong></span> <span class='ocrx_word' id='word_1_288' title='bbox 3195 2138 3258 2192; x_wconf 83' lang='grc' dir='ltr'>τὸ</span> <span class='ocrx_word' id='word_1_289' title='bbox 3305 2141 3713 2211; x_wconf 81' lang='grc' dir='ltr'><strong>γεγραμμένον·</strong></span> 
     </span>
    </p>
   </div>
   <div class='ocr_carea' id='block_1_38' title="bbox 432 2230 2020 2302">
    <p class='ocr_par' dir='ltr' id='par_1_38' title="bbox 432 2230 2020 2302">
     <span class='ocr_line' id='line_1_38' title="bbox 432 2230 2020 2302; baseline -0.001 -15"><span class='ocrx_word' id='word_1_290' title='bbox 432 2232 543 2287; x_wconf 88' lang='lat' dir='ltr'><strong>cito</strong></span> <span class='ocrx_word' id='word_1_291' title='bbox 581 2230 789 2302; x_wconf 84' lang='lat' dir='ltr'><strong>aliquid</strong></span> <span class='ocrx_word' id='word_1_292' title='bbox 831 2245 862 2287; x_wconf 89' lang='lat' dir='ltr'><strong>e</strong></span> <span class='ocrx_word' id='word_1_293' title='bbox 881 2230 998 2285; x_wconf 85' lang='lat' dir='ltr'><strong>suis</strong></span> <span class='ocrx_word' id='word_1_294' title='bbox 1026 2230 1193 2286; x_wconf 88' lang='lat' dir='ltr'><strong>rebus</strong></span> <span class='ocrx_word' id='word_1_295' title='bbox 1218 2230 1567 2286; x_wconf 84' lang='lat' dir='ltr'><strong>sanctiﬁcare</strong></span> <span class='ocrx_word' id='word_1_296' title='bbox 1593 2250 1610 2298; x_wconf 89' lang='lat'><strong>;</strong></span> <span class='ocrx_word' id='word_1_297' title='bbox 1632 2246 1781 2297; x_wconf 84' lang='lat' dir='ltr'><strong>nam,</strong></span> <span class='ocrx_word' id='word_1_298' title='bbox 1803 2237 2020 2301; x_wconf 86' lang='lat' dir='ltr'><strong>postea-</strong></span> 
     </span>
    </p>
   </div>
   <div class='ocr_carea' id='block_1_39' title="bbox 432 2322 2020 2396">
    <p class='ocr_par' dir='ltr' id='par_1_39' title="bbox 432 2322 2020 2396">
     <span class='ocr_line' id='line_1_39' title="bbox 432 2322 2020 2396; baseline 0 -17"><span class='ocrx_word' id='word_1_299' title='bbox 432 2340 597 2396; x_wconf 84' lang='lat' dir='ltr'><strong>quam</strong></span> <span class='ocrx_word' id='word_1_300' title='bbox 630 2322 954 2389; x_wconf 88' lang='lat' dir='ltr'><strong>devoverit,</strong></span> <span class='ocrx_word' id='word_1_301' title='bbox 988 2322 1049 2377; x_wconf 91' lang='lat' dir='ltr'><strong>ﬁt</strong></span> <span class='ocrx_word' id='word_1_302' title='bbox 1078 2332 1139 2379; x_wconf 92' lang='lat' dir='ltr'><strong>ut</strong></span> <span class='ocrx_word' id='word_1_303' title='bbox 1174 2324 1440 2395; x_wconf 73' lang='lat' dir='ltr'><strong>pmniteat</strong></span> <span class='ocrx_word' id='word_1_304' title='bbox 1464 2326 1505 2378; x_wconf 81' lang='grc'>³.</span> <span class='ocrx_word' id='word_1_305' title='bbox 1555 2343 1573 2377; x_wconf 73' lang='grc' dir='ltr'><strong>ι</strong></span> <span class='ocrx_word' id='word_1_306' title='bbox 1602 2325 1795 2385; x_wconf 83' lang='lat' dir='ltr'><strong>Fuisse</strong></span> <span class='ocrx_word' id='word_1_307' title='bbox 1833 2332 2020 2381; x_wconf 77' lang='lat' dir='ltr'><strong>autem</strong></span> 
     </span>
    </p>
   </div>
   <div class='ocr_carea' id='block_1_40' title="bbox 435 2414 2019 2490">
    <p class='ocr_par' dir='ltr' id='par_1_40' title="bbox 435 2414 2019 2490">
     <span class='ocr_line' id='line_1_40' title="bbox 435 2414 2019 2490; baseline -0.001 -18"><span class='ocrx_word' id='word_1_308' title='bbox 435 2415 752 2490; x_wconf 84' lang='lat' dir='ltr'><strong>bujusmodi</strong></span> <span class='ocrx_word' id='word_1_309' title='bbox 773 2414 1111 2471; x_wconf 86' lang='lat' dir='ltr'><strong>oblationem</strong></span> <span class='ocrx_word' id='word_1_310' title='bbox 1150 2423 1458 2486; x_wconf 87' lang='lat' dir='ltr'><strong>acceptam,</strong></span> <span class='ocrx_word' id='word_1_311' title='bbox 1493 2432 1559 2475; x_wconf 86' lang='lat' dir='ltr'><strong>ac</strong></span> <span class='ocrx_word' id='word_1_312' title='bbox 1598 2418 1713 2473; x_wconf 89' lang='lat' dir='ltr'><strong>Deo</strong></span> <span class='ocrx_word' id='word_1_313' title='bbox 1739 2417 2019 2488; x_wconf 75' lang='lat' dir='ltr'><strong>placitam,</strong></span> 
     </span>
    </p>
   </div>
   <div class='ocr_carea' id='block_1_41' title="bbox 432 2507 2023 2579">
    <p class='ocr_par' dir='ltr' id='par_1_41' title="bbox 432 2507 2023 2579">
     <span class='ocr_line' id='line_1_41' title="bbox 432 2507 2023 2579; baseline -0.004 -12"><span class='ocrx_word' id='word_1_314' title='bbox 432 2510 716 2567; x_wconf 85' lang='lat' dir='ltr'><strong>declarant</strong></span> <span class='ocrx_word' id='word_1_315' title='bbox 755 2509 847 2563; x_wconf 88' lang='lat' dir='ltr'><strong>illa</strong></span> <span class='ocrx_word' id='word_1_316' title='bbox 878 2508 1047 2564; x_wconf 84' lang='lat' dir='ltr'><strong>verba</strong></span> <span class='ocrx_word' id='word_1_317' title='bbox 1081 2525 1093 2561; x_wconf 91' lang='lat'><strong>:</strong></span> <span class='ocrx_word' id='word_1_318' title='bbox 1134 2527 1151 2559; x_wconf 76' lang='grc' dir='ltr'><strong>ι</strong></span> <span class='ocrx_word' id='word_1_319' title='bbox 1183 2507 1381 2564; x_wconf 86' lang='lat' dir='ltr'><strong>Coram</strong></span> <span class='ocrx_word' id='word_1_320' title='bbox 1417 2509 1675 2567; x_wconf 85' lang='lat' dir='ltr'><strong>Domino.</strong></span> <span class='ocrx_word' id='word_1_321' title='bbox 1709 2528 1728 2560; x_wconf 71' lang='grc' dir='ltr'><strong>ι</strong></span> <span class='ocrx_word' id='word_1_322' title='bbox 1752 2508 2023 2579; x_wconf 75' lang='lat' dir='ltr'><strong>lnteliigi-</strong></span> 
     </span>
    </p>
   </div>
   <div class='ocr_carea' id='block_1_42' title="bbox 432 2596 2025 2671">
    <p class='ocr_par' dir='ltr' id='par_1_42' title="bbox 432 2596 2025 2671">
     <span class='ocr_line' id='line_1_42' title="bbox 432 2596 2025 2671; baseline -0.002 -15"><span class='ocrx_word' id='word_1_323' title='bbox 432 2615 559 2656; x_wconf 81' lang='lat' dir='ltr'><strong>mus</strong></span> <span class='ocrx_word' id='word_1_324' title='bbox 576 2600 724 2655; x_wconf 89' lang='lat' dir='ltr'><strong>enim</strong></span> <span class='ocrx_word' id='word_1_325' title='bbox 764 2598 841 2663; x_wconf 88' lang='lat' dir='ltr'><strong>id,</strong></span> <span class='ocrx_word' id='word_1_326' title='bbox 864 2596 1011 2671; x_wconf 89' lang='lat' dir='ltr'><strong>quod</strong></span> <span class='ocrx_word' id='word_1_327' title='bbox 1040 2596 1109 2651; x_wconf 90' lang='lat' dir='ltr'><strong>de</strong></span> <span class='ocrx_word' id='word_1_328' title='bbox 1137 2597 1229 2651; x_wconf 90' lang='lat' dir='ltr'><strong>illo</strong></span> <span class='ocrx_word' id='word_1_329' title='bbox 1253 2596 1483 2653; x_wconf 83' lang='lat' dir='ltr'><strong>fratrum</strong></span> <span class='ocrx_word' id='word_1_330' title='bbox 1510 2613 1897 2670; x_wconf 81' lang='lat' dir='ltr'><strong>germanorum</strong></span> <span class='ocrx_word' id='word_1_331' title='bbox 1929 2612 2025 2667; x_wconf 87' lang='lat' dir='ltr'><strong>pa-</strong></span> 
     </span>
    </p>
   </div>
   <div class='ocr_carea' id='block_1_43' title="bbox 434 2687 2017 2761">
    <p class='ocr_par' dir='ltr' id='par_1_43' title="bbox 434 2687 2017 2761">
     <span class='ocr_line' id='line_1_43' title="bbox 434 2687 2017 2761; baseline -0.001 -15"><span class='ocrx_word' id='word_1_332' title='bbox 434 2691 483 2747; x_wconf 86' lang='lat' dir='ltr'><strong>ri</strong></span> <span class='ocrx_word' id='word_1_333' title='bbox 508 2691 773 2761; x_wconf 80' lang='lat' dir='ltr'><strong>scriptum</strong></span> <span class='ocrx_word' id='word_1_334' title='bbox 815 2697 920 2755; x_wconf 90' lang='lat' dir='ltr'><strong>est,</strong></span> <span class='ocrx_word' id='word_1_335' title='bbox 957 2688 1026 2744; x_wconf 88' lang='lat' dir='ltr'><strong>de</strong></span> <span class='ocrx_word' id='word_1_336' title='bbox 1056 2687 1215 2753; x_wconf 87' lang='lat' dir='ltr'><strong>Cain,</strong></span> <span class='ocrx_word' id='word_1_337' title='bbox 1257 2687 1503 2759; x_wconf 83' lang='lat' dir='ltr'><strong>inquam,</strong></span> <span class='ocrx_word' id='word_1_338' title='bbox 1547 2696 1604 2743; x_wconf 89' lang='lat' dir='ltr'><strong>et</strong></span> <span class='ocrx_word' id='word_1_339' title='bbox 1656 2688 1818 2744; x_wconf 81' lang='lat' dir='ltr'><strong>Abel.</strong></span> <span class='ocrx_word' id='word_1_340' title='bbox 1856 2707 1874 2738; x_wconf 78' lang='grc' dir='ltr'><strong>ι</strong></span> <span class='ocrx_word' id='word_1_341' title='bbox 1913 2689 2017 2744; x_wconf 82' lang='lat' dir='ltr'><strong>Re-</strong></span> 
     </span>
    </p>
   </div>
   <div class='ocr_carea' id='block_1_44' title="bbox 434 2779 2026 2855">
    <p class='ocr_par' dir='ltr' id='par_1_44' title="bbox 434 2779 2026 2855">
     <span class='ocr_line' id='line_1_44' title="bbox 434 2779 2026 2855; baseline -0.004 -16"><span class='ocrx_word' id='word_1_342' title='bbox 434 2783 615 2855; x_wconf 77' lang='lat' dir='ltr'><strong>spexit</strong></span> <span class='ocrx_word' id='word_1_343' title='bbox 639 2782 815 2846; x_wconf 82' lang='lat' dir='ltr'><strong>enim,</strong></span> <span class='ocrx_word' id='word_1_344' title='bbox 857 2781 1039 2851; x_wconf 88' lang='lat' dir='ltr'><strong>inquit</strong></span> <span class='ocrx_word' id='word_1_345' title='bbox 1076 2821 1091 2847; x_wconf 85' lang='lat'><strong>,</strong></span> <span class='ocrx_word' id='word_1_346' title='bbox 1124 2780 1271 2835; x_wconf 87' lang='lat' dir='ltr'><strong>Deus</strong></span> <span class='ocrx_word' id='word_1_347' title='bbox 1304 2779 1374 2835; x_wconf 89' lang='lat' dir='ltr'><strong>ad</strong></span> <span class='ocrx_word' id='word_1_348' title='bbox 1406 2779 1565 2844; x_wconf 83' lang='lat' dir='ltr'><strong>Abel,</strong></span> <span class='ocrx_word' id='word_1_349' title='bbox 1590 2787 1647 2834; x_wconf 89' lang='lat' dir='ltr'><strong>et</strong></span> <span class='ocrx_word' id='word_1_350' title='bbox 1690 2779 1760 2835; x_wconf 90' lang='lat' dir='ltr'><strong>ad</strong></span> <span class='ocrx_word' id='word_1_351' title='bbox 1796 2793 2026 2835; x_wconf 87' lang='lat' dir='ltr'><strong>munera</strong></span> 
     </span>
    </p>
   </div>
   <div class='ocr_carea' id='block_1_45' title="bbox 430 2869 2025 2946">
    <p class='ocr_par' dir='ltr' id='par_1_45' title="bbox 430 2869 2025 2946">
     <span class='ocr_line' id='line_1_45' title="bbox 430 2869 2025 2946; baseline -0.003 -17"><span class='ocrx_word' id='word_1_352' title='bbox 430 2875 556 2946; x_wconf 84' lang='lat' dir='ltr'><strong>ejus</strong></span> <span class='ocrx_word' id='word_1_353' title='bbox 580 2892 593 2928; x_wconf 89' lang='lat'><strong>:</strong></span> <span class='ocrx_word' id='word_1_354' title='bbox 618 2873 687 2929; x_wconf 88' lang='lat' dir='ltr'><strong>ad</strong></span> <span class='ocrx_word' id='word_1_355' title='bbox 706 2872 842 2928; x_wconf 81' lang='lat' dir='ltr'><strong>Cain</strong></span> <span class='ocrx_word' id='word_1_356' title='bbox 864 2878 1053 2927; x_wconf 80' lang='lat' dir='ltr'><strong>autem</strong></span> <span class='ocrx_word' id='word_1_357' title='bbox 1083 2879 1139 2926; x_wconf 90' lang='lat' dir='ltr'><strong>et</strong></span> <span class='ocrx_word' id='word_1_358' title='bbox 1158 2870 1227 2925; x_wconf 89' lang='lat' dir='ltr'><strong>ad</strong></span> <span class='ocrx_word' id='word_1_359' title='bbox 1253 2869 1526 2925; x_wconf 86' lang='lat' dir='ltr'><strong>sacriﬁcia</strong></span> <span class='ocrx_word' id='word_1_360' title='bbox 1546 2870 1665 2939; x_wconf 84' lang='lat' dir='ltr'><strong>ejus</strong></span> <span class='ocrx_word' id='word_1_361' title='bbox 1694 2885 1806 2926; x_wconf 85' lang='lat' dir='ltr'><strong>non</strong></span> <span class='ocrx_word' id='word_1_362' title='bbox 1842 2877 2025 2924; x_wconf 86' lang='lat' dir='ltr'><strong>atten-</strong></span> 
     </span>
    </p>
   </div>
   <div class='ocr_carea' id='block_1_46' title="bbox 434 2957 2028 3035">
    <p class='ocr_par' dir='ltr' id='par_1_46' title="bbox 434 2957 2028 3035">
     <span class='ocr_line' id='line_1_46' title="bbox 434 2957 2028 3035; baseline -0.003 -16"><span class='ocrx_word' id='word_1_363' title='bbox 434 2964 593 3030; x_wconf 74' lang='lat' dir='ltr'><strong>dit&#39;;</strong></span> <span class='ocrx_word' id='word_1_364' title='bbox 631 2983 649 3015; x_wconf 75' lang='grc' dir='ltr'><strong>ι</strong></span> <span class='ocrx_word' id='word_1_365' title='bbox 682 2977 810 3017; x_wconf 80' lang='lat' dir='ltr'><strong>nam</strong></span> <span class='ocrx_word' id='word_1_366' title='bbox 829 2962 1105 3035; x_wconf 85' lang='lat' dir='ltr'><strong>respicere</strong></span> <span class='ocrx_word' id='word_1_367' title='bbox 1128 2960 1281 3014; x_wconf 83' lang='lat' dir='ltr'><strong>illum</strong></span> <span class='ocrx_word' id='word_1_368' title='bbox 1308 2957 1362 3013; x_wconf 90' lang='lat' dir='ltr'><strong>id</strong></span> <span class='ocrx_word' id='word_1_369' title='bbox 1394 2958 1542 3030; x_wconf 91' lang='lat' dir='ltr'><strong>quod</strong></span> <span class='ocrx_word' id='word_1_370' title='bbox 1572 2959 1676 3014; x_wconf 88' lang='lat' dir='ltr'><strong>sibi</strong></span> <span class='ocrx_word' id='word_1_371' title='bbox 1697 2959 1939 3030; x_wconf 86' lang='lat' dir='ltr'><strong>placeat;</strong></span> <span class='ocrx_word' id='word_1_372' title='bbox 1970 2968 2028 3014; x_wconf 92' lang='lat' dir='ltr'><strong>et</strong></span> 
     </span>
    </p>
   </div>
   <div class='ocr_carea' id='block_1_47' title="bbox 430 3047 2026 3120">
    <p class='ocr_par' dir='ltr' id='par_1_47' title="bbox 430 3047 2026 3120">
     <span class='ocr_line' id='line_1_47' title="bbox 430 3047 2026 3120; baseline -0.004 -12"><span class='ocrx_word' id='word_1_373' title='bbox 430 3052 674 3110; x_wconf 80' lang='lat' dir='ltr'><strong>vicissim</strong></span> <span class='ocrx_word' id='word_1_374' title='bbox 690 3049 933 3107; x_wconf 80' lang='lat' dir='ltr'><strong>aversari</strong></span> <span class='ocrx_word' id='word_1_375' title='bbox 962 3049 1109 3120; x_wconf 90' lang='lat' dir='ltr'><strong>quod</strong></span> <span class='ocrx_word' id='word_1_376' title='bbox 1140 3064 1300 3104; x_wconf 87' lang='lat' dir='ltr'><strong>secus</strong></span> <span class='ocrx_word' id='word_1_377' title='bbox 1338 3048 1557 3113; x_wconf 86' lang='lat' dir='ltr'><strong>habeat,</strong></span> <span class='ocrx_word' id='word_1_378' title='bbox 1579 3064 1690 3104; x_wconf 91' lang='lat' dir='ltr'><strong>non</strong></span> <span class='ocrx_word' id='word_1_379' title='bbox 1711 3056 1797 3104; x_wconf 85' lang='lat' dir='ltr'><strong>cst</strong></span> <span class='ocrx_word' id='word_1_380' title='bbox 1824 3047 2026 3104; x_wconf 89' lang='lat' dir='ltr'><strong>obscu-</strong></span> 
     </span>
    </p>
   </div>
   <div class='ocr_carea' id='block_1_48' title="bbox 432 3141 2026 3215">
    <p class='ocr_par' dir='ltr' id='par_1_48' title="bbox 432 3141 2026 3215">
     <span class='ocr_line' id='line_1_48' title="bbox 432 3141 2026 3215; baseline -0.004 -13"><span class='ocrx_word' id='word_1_381' title='bbox 432 3161 576 3202; x_wconf 85' lang='lat' dir='ltr'><strong>rum.</strong></span> <span class='ocrx_word' id='word_1_382' title='bbox 612 3145 935 3215; x_wconf 86' lang='lat' dir='ltr'><strong>Imponente</strong></span> <span class='ocrx_word' id='word_1_383' title='bbox 977 3150 1165 3201; x_wconf 88' lang='lat' dir='ltr'><strong>autem</strong></span> <span class='ocrx_word' id='word_1_384' title='bbox 1198 3157 1395 3197; x_wconf 90' lang='lat' dir='ltr'><strong>manus</strong></span> <span class='ocrx_word' id='word_1_385' title='bbox 1438 3142 1496 3197; x_wconf 90' lang='lat' dir='ltr'><strong>in</strong></span> <span class='ocrx_word' id='word_1_386' title='bbox 1533 3141 1774 3197; x_wconf 87' lang='lat' dir='ltr'><strong>vitulum</strong></span> <span class='ocrx_word' id='word_1_387' title='bbox 1801 3157 1889 3207; x_wconf 89' lang='lat' dir='ltr'><strong>eo,</strong></span> <span class='ocrx_word' id='word_1_388' title='bbox 1930 3141 2026 3212; x_wconf 89' lang='lat' dir='ltr'><strong>qui</strong></span> 
     </span>
    </p>
   </div>
   <div class='ocr_carea' id='block_1_49' title="bbox 2127 2226 3715 2302">
    <p class='ocr_par' dir='ltr' id='par_1_49' title="bbox 2127 2226 3715 2302">
     <span class='ocr_line' id='line_1_49' title="bbox 2127 2226 3715 2302; baseline -0.001 -19"><span class='ocrx_word' id='word_1_389' title='bbox 2127 2248 2149 2283; x_wconf 82' lang='grc' dir='ltr'><strong>ι</strong></span> <span class='ocrx_word' id='word_1_390' title='bbox 2186 2227 2364 2296; x_wconf 71' lang='grc' dir='ltr'>Παγὶς</span> <span class='ocrx_word' id='word_1_391' title='bbox 2394 2227 2550 2300; x_wconf 77' lang='grc' dir='ltr'>ἀνδρὶ</span> <span class='ocrx_word' id='word_1_392' title='bbox 2567 2267 2583 2291; x_wconf 92' lang='grc'><strong>,</strong></span> <span class='ocrx_word' id='word_1_393' title='bbox 2605 2226 2744 2299; x_wconf 85' lang='grc' dir='ltr'>ταχύ</span> <span class='ocrx_word' id='word_1_394' title='bbox 2764 2247 2818 2281; x_wconf 91' lang='grc' dir='ltr'><strong>τι</strong></span> <span class='ocrx_word' id='word_1_395' title='bbox 2847 2228 2958 2281; x_wconf 84' lang='grc' dir='ltr'><strong>τῶν</strong></span> <span class='ocrx_word' id='word_1_396' title='bbox 2984 2228 3129 2282; x_wconf 85' lang='grc' dir='ltr'>ίδίων</span> <span class='ocrx_word' id='word_1_397' title='bbox 3155 2228 3383 2297; x_wconf 80' lang='grc' dir='ltr'>ἁγιάσαι</span> <span class='ocrx_word' id='word_1_398' title='bbox 3402 2244 3417 2257; x_wconf 83' lang='grc'><em>’</em></span> <span class='ocrx_word' id='word_1_399' title='bbox 3446 2229 3586 2299; x_wconf 84' lang='grc' dir='ltr'><strong>μετὰ</strong></span> <span class='ocrx_word' id='word_1_400' title='bbox 3607 2229 3715 2302; x_wconf 75' lang='grc' dir='ltr'><strong>γὰρ</strong></span> 
     </span>
    </p>
   </div>
   <div class='ocr_carea' id='block_1_50' title="bbox 2119 2317 3717 2392">
    <p class='ocr_par' dir='ltr' id='par_1_50' title="bbox 2119 2317 3717 2392">
     <span class='ocr_line' id='line_1_50' title="bbox 2119 2317 3717 2392; baseline 0.001 -19"><span class='ocrx_word' id='word_1_401' title='bbox 2119 2319 2183 2375; x_wconf 74' lang='grc' dir='ltr'>τὸ</span> <span class='ocrx_word' id='word_1_402' title='bbox 2208 2318 2487 2386; x_wconf 77' lang='grc' dir='ltr'>εὔξασθαι,</span> <span class='ocrx_word' id='word_1_403' title='bbox 2518 2322 2802 2390; x_wconf 82' lang='grc' dir='ltr'>μετανοεῖν</span> <span class='ocrx_word' id='word_1_404' title='bbox 2823 2319 3058 2389; x_wconf 75' lang='grc' dir='ltr'>γίνεται.</span> <span class='ocrx_word' id='word_1_405' title='bbox 3089 2338 3109 2371; x_wconf 74' lang='grc' dir='ltr'>δ</span> <span class='ocrx_word' id='word_1_406' title='bbox 3136 2317 3262 2372; x_wconf 81' lang='grc' dir='ltr'><strong>Ὅτι</strong></span> <span class='ocrx_word' id='word_1_407' title='bbox 3285 2319 3398 2390; x_wconf 74' lang='grc' dir='ltr'><strong>δὲή</strong></span> <span class='ocrx_word' id='word_1_408' title='bbox 3429 2322 3717 2392; x_wconf 75' lang='grc' dir='ltr'>προσφορὰ</span> 
     </span>
    </p>
   </div>
   <div class='ocr_carea' id='block_1_51' title="bbox 2121 2409 3713 2483">
    <p class='ocr_par' dir='ltr' id='par_1_51' title="bbox 2121 2409 3713 2483">
     <span class='ocr_line' id='line_1_51' title="bbox 2121 2409 3713 2483; baseline -0.001 -18"><span class='ocrx_word' id='word_1_409' title='bbox 2121 2411 2285 2483; x_wconf 82' lang='grc' dir='ltr'>δεκτὴ</span> <span class='ocrx_word' id='word_1_410' title='bbox 2314 2411 2409 2466; x_wconf 65' lang='grc' dir='ltr'>καὶ</span> <span class='ocrx_word' id='word_1_411' title='bbox 2438 2411 2757 2483; x_wconf 77' lang='grc' dir='ltr'>εὐάρεστος,</span> <span class='ocrx_word' id='word_1_412' title='bbox 2806 2410 2959 2481; x_wconf 87' lang='grc' dir='ltr'>δηλοῖ</span> <span class='ocrx_word' id='word_1_413' title='bbox 2982 2409 3064 2472; x_wconf 74' lang='grc' dir='ltr'><strong>τὸ,</strong></span> <span class='ocrx_word' id='word_1_414' title='bbox 3106 2428 3125 2463; x_wconf 77' lang='grc' dir='ltr'><strong>ι</strong></span> <span class='ocrx_word' id='word_1_415' title='bbox 3166 2410 3389 2464; x_wconf 81' lang='grc' dir='ltr'>Ἔναντι</span> <span class='ocrx_word' id='word_1_416' title='bbox 3413 2410 3645 2481; x_wconf 77' lang='grc' dir='ltr'>Κυρίου.</span> <span class='ocrx_word' id='word_1_417' title='bbox 3692 2431 3713 2463; x_wconf 75' lang='grc' dir='ltr'><strong>ο</strong></span> 
     </span>
    </p>
   </div>
   <div class='ocr_carea' id='block_1_52' title="bbox 2123 2488 3717 2574">
    <p class='ocr_par' dir='ltr' id='par_1_52' title="bbox 2123 2488 3717 2574">
     <span class='ocr_line' id='line_1_52' title="bbox 2123 2488 3717 2574; baseline 0.001 -17"><span class='ocrx_word' id='word_1_418' title='bbox 2123 2502 2371 2574; x_wconf 80' lang='grc' dir='ltr'>Νοοῦμεν</span> <span class='ocrx_word' id='word_1_419' title='bbox 2394 2502 2504 2573; x_wconf 87' lang='grc' dir='ltr'>γὰρ</span> <span class='ocrx_word' id='word_1_420' title='bbox 2533 2502 2634 2573; x_wconf 79' lang='grc' dir='ltr'><strong>ἠδη</strong></span> <span class='ocrx_word' id='word_1_421' title='bbox 2662 2502 2725 2557; x_wconf 75' lang='grc' dir='ltr'>τὸ</span> <span class='ocrx_word' id='word_1_422' title='bbox 2754 2488 3145 2574; x_wconf 71' lang='grc' dir='ltr'>γεγραμμένον</span> <span class='ocrx_word' id='word_1_423' title='bbox 3174 2501 3268 2555; x_wconf 68' lang='grc' dir='ltr'><strong>ἐπὶ</strong></span> <span class='ocrx_word' id='word_1_424' title='bbox 3292 2501 3390 2571; x_wconf 76' lang='grc' dir='ltr'>τῆς</span> <span class='ocrx_word' id='word_1_425' title='bbox 3427 2501 3538 2556; x_wconf 85' lang='grc' dir='ltr'>τῶν</span> <span class='ocrx_word' id='word_1_426' title='bbox 3563 2503 3717 2558; x_wconf 78' lang='grc' dir='ltr'>ἁδελ-</span> 
     </span>
    </p>
   </div>
   <div class='ocr_carea' id='block_1_53' title="bbox 2125 2592 3718 2667">
    <p class='ocr_par' dir='ltr' id='par_1_53' title="bbox 2125 2592 3718 2667">
     <span class='ocr_line' id='line_1_53' title="bbox 2125 2592 3718 2667; baseline 0 -18"><span class='ocrx_word' id='word_1_427' title='bbox 2125 2594 2242 2666; x_wconf 82' lang='grc' dir='ltr'>φῶν</span> <span class='ocrx_word' id='word_1_428' title='bbox 2273 2593 2585 2667; x_wconf 79' lang='grc' dir='ltr'>ξυνωρίδος,</span> <span class='ocrx_word' id='word_1_429' title='bbox 2619 2594 2761 2649; x_wconf 78' lang='grc' dir='ltr'>Καῖν</span> <span class='ocrx_word' id='word_1_430' title='bbox 2812 2595 2874 2648; x_wconf 85' lang='grc' dir='ltr'><strong>τέ</strong></span> <span class='ocrx_word' id='word_1_431' title='bbox 2906 2611 3052 2665; x_wconf 76' lang='grc' dir='ltr'>φημι</span> <span class='ocrx_word' id='word_1_432' title='bbox 3098 2594 3193 2647; x_wconf 80' lang='grc' dir='ltr'>καὶ</span> <span class='ocrx_word' id='word_1_433' title='bbox 3233 2592 3408 2648; x_wconf 80' lang='grc' dir='ltr'>Ἀϐέλ.</span> <span class='ocrx_word' id='word_1_434' title='bbox 3445 2612 3467 2646; x_wconf 72' lang='grc' dir='ltr'><strong>ι</strong></span> <span class='ocrx_word' id='word_1_435' title='bbox 3506 2595 3718 2649; x_wconf 81' lang='grc' dir='ltr'>Ἐπεῖδε</span> 
     </span>
    </p>
   </div>
   <div class='ocr_carea' id='block_1_54' title="bbox 2127 2682 3718 2757">
    <p class='ocr_par' dir='ltr' id='par_1_54' title="bbox 2127 2682 3718 2757">
     <span class='ocr_line' id='line_1_54' title="bbox 2127 2682 3718 2757; baseline -0.002 -18"><span class='ocrx_word' id='word_1_436' title='bbox 2127 2686 2230 2757; x_wconf 83' lang='grc' dir='ltr'><strong>μὲν</strong></span> <span class='ocrx_word' id='word_1_437' title='bbox 2261 2685 2401 2755; x_wconf 73' lang='grc' dir='ltr'>γὰρ,</span> <span class='ocrx_word' id='word_1_438' title='bbox 2434 2684 2594 2755; x_wconf 57' lang='grc' dir='ltr'>φησὶν</span> <span class='ocrx_word' id='word_1_439' title='bbox 2620 2725 2635 2751; x_wconf 93' lang='grc'><strong>,</strong></span> <span class='ocrx_word' id='word_1_440' title='bbox 2667 2686 2697 2739; x_wconf 89' lang='lat'><strong>6</strong></span> <span class='ocrx_word' id='word_1_441' title='bbox 2732 2683 2866 2747; x_wconf 81' lang='grc' dir='ltr'>Θεὸς</span> <span class='ocrx_word' id='word_1_442' title='bbox 2913 2684 3007 2737; x_wconf 74' lang='grc' dir='ltr'><strong>ἐπὶ</strong></span> <span class='ocrx_word' id='word_1_443' title='bbox 3051 2683 3204 2737; x_wconf 76' lang='grc' dir='ltr'>Ἀϐέλ</span> <span class='ocrx_word' id='word_1_444' title='bbox 3235 2700 3297 2735; x_wconf 85' lang='grc' dir='ltr'><strong>τε</strong></span> <span class='ocrx_word' id='word_1_445' title='bbox 3332 2682 3426 2737; x_wconf 78' lang='grc' dir='ltr'>καὶ</span> <span class='ocrx_word' id='word_1_446' title='bbox 3458 2684 3551 2736; x_wconf 71' lang='grc' dir='ltr'><strong>ἐπὶ</strong></span> <span class='ocrx_word' id='word_1_447' title='bbox 3604 2686 3718 2746; x_wconf 83' lang='grc' dir='ltr'>τοῖς</span> 
     </span>
    </p>
   </div>
   <div class='ocr_carea' id='block_1_55' title="bbox 2124 2774 3718 2849">
    <p class='ocr_par' dir='ltr' id='par_1_55' title="bbox 2124 2774 3718 2849">
     <span class='ocr_line' id='line_1_55' title="bbox 2124 2774 3718 2849; baseline -0.003 -16"><span class='ocrx_word' id='word_1_448' title='bbox 2124 2777 2320 2849; x_wconf 81' lang='grc' dir='ltr'>δώροις</span> <span class='ocrx_word' id='word_1_449' title='bbox 2358 2777 2545 2843; x_wconf 80' lang='grc' dir='ltr'>αὑτοῦ,</span> <span class='ocrx_word' id='word_1_450' title='bbox 2578 2776 2672 2830; x_wconf 76' lang='grc' dir='ltr'><strong>ἐπὶ</strong></span> <span class='ocrx_word' id='word_1_451' title='bbox 2697 2777 2755 2833; x_wconf 72' lang='grc' dir='ltr'>δὲ</span> <span class='ocrx_word' id='word_1_452' title='bbox 2787 2775 2928 2831; x_wconf 80' lang='grc' dir='ltr'>Καῖν</span> <span class='ocrx_word' id='word_1_453' title='bbox 2949 2776 3046 2831; x_wconf 76' lang='grc' dir='ltr'>καὶ</span> <span class='ocrx_word' id='word_1_454' title='bbox 3070 2778 3190 2839; x_wconf 78' lang='grc' dir='ltr'>ταῖς</span> <span class='ocrx_word' id='word_1_455' title='bbox 3223 2775 3437 2839; x_wconf 76' lang='grc' dir='ltr'>θυσίαις</span> <span class='ocrx_word' id='word_1_456' title='bbox 3461 2774 3626 2829; x_wconf 73' lang='grc' dir='ltr'>αὐτοῦ</span> <span class='ocrx_word' id='word_1_457' title='bbox 3654 2775 3718 2829; x_wconf 81' lang='grc' dir='ltr'>οὐ</span> 
     </span>
    </p>
   </div>
   <div class='ocr_carea' id='block_1_56' title="bbox 2128 2867 3720 2941">
    <p class='ocr_par' dir='ltr' id='par_1_56' title="bbox 2128 2867 3720 2941">
     <span class='ocr_line' id='line_1_56' title="bbox 2128 2867 3720 2941; baseline -0.002 -18"><span class='ocrx_word' id='word_1_458' title='bbox 2128 2870 2434 2941; x_wconf 78' lang='grc' dir='ltr'>προσέσχεν</span> <span class='ocrx_word' id='word_1_459' title='bbox 2462 2884 2477 2899; x_wconf 76' lang='grc' dir='ltr'><strong><em>ο</em></strong></span> <span class='ocrx_word' id='word_1_460' title='bbox 2523 2886 2541 2919; x_wconf 77' lang='grc' dir='ltr'><strong>ι</strong></span> <span class='ocrx_word' id='word_1_461' title='bbox 2575 2868 2748 2940; x_wconf 68' lang='grc' dir='ltr'>ἐφορᾷ</span> <span class='ocrx_word' id='word_1_462' title='bbox 2777 2869 2889 2940; x_wconf 77' lang='grc' dir='ltr'>γὰρ</span> <span class='ocrx_word' id='word_1_463' title='bbox 2916 2869 2997 2923; x_wconf 77' lang='grc' dir='ltr'>ὅτι</span> <span class='ocrx_word' id='word_1_464' title='bbox 3033 2868 3096 2921; x_wconf 76' lang='grc' dir='ltr'><strong>τὸ</strong></span> <span class='ocrx_word' id='word_1_465' title='bbox 3131 2867 3356 2922; x_wconf 83' lang='grc' dir='ltr'>ἁνδάνον</span> <span class='ocrx_word' id='word_1_466' title='bbox 3411 2867 3581 2939; x_wconf 79' lang='grc' dir='ltr'>αὐτῷ,</span> <span class='ocrx_word' id='word_1_467' title='bbox 3624 2868 3720 2921; x_wconf 78' lang='grc' dir='ltr'>καὶ</span> 
     </span>
    </p>
   </div>
   <div class='ocr_carea' id='block_1_57' title="bbox 2128 2960 3719 3033">
    <p class='ocr_par' dir='ltr' id='par_1_57' title="bbox 2128 2960 3719 3033">
     <span class='ocr_line' id='line_1_57' title="bbox 2128 2960 3719 3033; baseline 0.001 -18"><span class='ocrx_word' id='word_1_468' title='bbox 2128 2960 2532 3033; x_wconf 81' lang='grc' dir='ltr'>ἀποστρέφεται</span> <span class='ocrx_word' id='word_1_469' title='bbox 2563 2960 2739 3032; x_wconf 84' lang='grc' dir='ltr'>μισῶν</span> <span class='ocrx_word' id='word_1_470' title='bbox 2780 2961 2842 3014; x_wconf 81' lang='grc' dir='ltr'>τὸ</span> <span class='ocrx_word' id='word_1_471' title='bbox 2876 2961 2951 3031; x_wconf 81' lang='grc' dir='ltr'><strong>μὴ</strong></span> <span class='ocrx_word' id='word_1_472' title='bbox 2984 2960 3160 3026; x_wconf 71' lang='grc' dir='ltr'>οὕτως</span> <span class='ocrx_word' id='word_1_473' title='bbox 3206 2960 3349 3032; x_wconf 74' lang='grc' dir='ltr'>ἔχον,</span> <span class='ocrx_word' id='word_1_474' title='bbox 3395 2961 3499 3015; x_wconf 82' lang='grc' dir='ltr'>οὐκ</span> <span class='ocrx_word' id='word_1_475' title='bbox 3537 2960 3719 3031; x_wconf 78' lang='grc' dir='ltr'>ἀσυμ-</span> 
     </span>
    </p>
   </div>
   <div class='ocr_carea' id='block_1_58' title="bbox 2129 3049 3718 3127">
    <p class='ocr_par' dir='ltr' id='par_1_58' title="bbox 2129 3049 3718 3127">
     <span class='ocr_line' id='line_1_58' title="bbox 2129 3049 3718 3127; baseline -0.001 -22"><span class='ocrx_word' id='word_1_476' title='bbox 2129 3050 2316 3122; x_wconf 74' lang='grc' dir='ltr'>ιρανές.</span> <span class='ocrx_word' id='word_1_477' title='bbox 2358 3052 2783 3125; x_wconf 83' lang='grc' dir='ltr'>Ἐπιτιθεμένων</span> <span class='ocrx_word' id='word_1_478' title='bbox 2817 3051 2876 3105; x_wconf 75' lang='grc' dir='ltr'>δὲ</span> <span class='ocrx_word' id='word_1_479' title='bbox 2908 3049 2989 3127; x_wconf 74' lang='grc' dir='ltr'>τῷ</span> <span class='ocrx_word' id='word_1_480' title='bbox 3019 3052 3205 3124; x_wconf 84' lang='grc' dir='ltr'>μόσχῳ</span> <span class='ocrx_word' id='word_1_481' title='bbox 3236 3052 3348 3106; x_wconf 81' lang='grc' dir='ltr'><strong>τῶν</strong></span> <span class='ocrx_word' id='word_1_482' title='bbox 3382 3051 3585 3124; x_wconf 82' lang='grc' dir='ltr'>χειρῶν</span> <span class='ocrx_word' id='word_1_483' title='bbox 3622 3050 3718 3105; x_wconf 75' lang='grc' dir='ltr'>τοῦ</span> 
     </span>
    </p>
   </div>
   <div class='ocr_carea' id='block_1_59' title="bbox 2128 3144 3720 3217">
    <p class='ocr_par' dir='ltr' id='par_1_59' title="bbox 2128 3144 3720 3217">
     <span class='ocr_line' id='line_1_59' title="bbox 2128 3144 3720 3217; baseline 0.003 -21"><span class='ocrx_word' id='word_1_484' title='bbox 2128 3144 2568 3216; x_wconf 83' lang='grc' dir='ltr'>διημαρτηκότος</span> <span class='ocrx_word' id='word_1_485' title='bbox 2591 3183 2608 3212; x_wconf 89' lang='grc'><strong>,</strong></span> <span class='ocrx_word' id='word_1_486' title='bbox 2666 3145 2700 3215; x_wconf 84' lang='grc' dir='ltr'><strong>ἡ</strong></span> <span class='ocrx_word' id='word_1_487' title='bbox 2751 3144 2937 3216; x_wconf 68' lang='grc' dir='ltr'>σφαγὴ</span> <span class='ocrx_word' id='word_1_488' title='bbox 2980 3144 3303 3217; x_wconf 81' lang='grc' dir='ltr'>πράττεται·</span> <span class='ocrx_word' id='word_1_489' title='bbox 3357 3146 3456 3199; x_wconf 76' lang='grc' dir='ltr'>καὶ</span> <span class='ocrx_word' id='word_1_490' title='bbox 3491 3145 3720 3200; x_wconf 78' lang='grc' dir='ltr'>ἐνώπιον</span> 
     </span>
    </p>
   </div>
   <div class='ocr_carea' id='block_1_60' title="bbox 432 3232 2025 3311">
    <p class='ocr_par' dir='ltr' id='par_1_60' title="bbox 432 3232 2025 3310">
     <span class='ocr_line' id='line_1_60' title="bbox 432 3232 2025 3310; baseline -0.004 -16"><span class='ocrx_word' id='word_1_491' title='bbox 432 3236 682 3310; x_wconf 88' lang='lat' dir='ltr'><strong>peccavit</strong></span> <span class='ocrx_word' id='word_1_492' title='bbox 701 3277 715 3302; x_wconf 90' lang='lat'><strong>,</strong></span> <span class='ocrx_word' id='word_1_493' title='bbox 740 3234 972 3291; x_wconf 77' lang='lat' dir='ltr'><strong>caeditur</strong></span> <span class='ocrx_word' id='word_1_494' title='bbox 1005 3234 1206 3299; x_wconf 89' lang='lat' dir='ltr'><strong>hostia,</strong></span> <span class='ocrx_word' id='word_1_495' title='bbox 1232 3241 1292 3288; x_wconf 89' lang='lat' dir='ltr'><strong>et</strong></span> <span class='ocrx_word' id='word_1_496' title='bbox 1323 3234 1381 3288; x_wconf 92' lang='lat' dir='ltr'><strong>in</strong></span> <span class='ocrx_word' id='word_1_497' title='bbox 1407 3242 1709 3305; x_wconf 87' lang='lat' dir='ltr'><strong>conspectu</strong></span> <span class='ocrx_word' id='word_1_498' title='bbox 1741 3233 1839 3289; x_wconf 91' lang='lat' dir='ltr'><strong>Dei</strong></span> <span class='ocrx_word' id='word_1_499' title='bbox 1867 3232 2025 3288; x_wconf 80' lang='lat' dir='ltr'><strong>caedi-</strong></span> 
     </span>
    </p>
   </div>
   <div class='ocr_carea' id='block_1_61' title="bbox 2128 3232 3720 3311">
    <p class='ocr_par' dir='ltr' id='par_1_61' title="bbox 2132 3236 3720 3311">
     <span class='ocr_line' id='line_1_61' title="bbox 2132 3236 3720 3311; baseline 0.001 -19"><span class='ocrx_word' id='word_1_500' title='bbox 2132 3236 2360 3308; x_wconf 83' lang='grc' dir='ltr'>Κυρίου.</span> <span class='ocrx_word' id='word_1_501' title='bbox 2403 3257 2422 3290; x_wconf 78' lang='grc' dir='ltr'><strong>ι</strong></span> <span class='ocrx_word' id='word_1_502' title='bbox 2454 3237 2627 3301; x_wconf 77' lang='grc' dir='ltr'>Αὐτὸς</span> <span class='ocrx_word' id='word_1_503' title='bbox 2650 3238 2769 3311; x_wconf 12' lang='grc' dir='ltr'>,γὰρ</span> <span class='ocrx_word' id='word_1_504' title='bbox 2803 3236 2961 3310; x_wconf 79' lang='grc' dir='ltr'><strong>ἡμῶν</strong></span> <span class='ocrx_word' id='word_1_505' title='bbox 2984 3238 3130 3309; x_wconf 74' lang='grc' dir='ltr'>αἴρει</span> <span class='ocrx_word' id='word_1_506' title='bbox 3150 3236 3251 3303; x_wconf 75' lang='grc' dir='ltr'><strong>τὰς</strong></span> <span class='ocrx_word' id='word_1_507' title='bbox 3290 3239 3592 3311; x_wconf 79' lang='grc' dir='ltr'>ἁμαρτίας,</span> <span class='ocrx_word' id='word_1_508' title='bbox 3625 3240 3720 3295; x_wconf 78' lang='grc' dir='ltr'>καὶ</span> 
     </span>
    </p>
   </div>
   <div class='ocr_carea' id='block_1_62' title="bbox 435 3321 2025 3406">
    <p class='ocr_par' dir='ltr' id='par_1_62' title="bbox 435 3325 2025 3401">
     <span class='ocr_line' id='line_1_62' title="bbox 435 3325 2025 3401; baseline -0.004 -15"><span class='ocrx_word' id='word_1_509' title='bbox 435 3338 548 3388; x_wconf 88' lang='lat' dir='ltr'><strong>tur.</strong></span> <span class='ocrx_word' id='word_1_510' title='bbox 608 3348 627 3383; x_wconf 81' lang='grc' dir='ltr'><strong>ι</strong></span> <span class='ocrx_word' id='word_1_511' title='bbox 657 3328 777 3401; x_wconf 78' lang='lat' dir='ltr'><strong>Ipse</strong></span> <span class='ocrx_word' id='word_1_512' title='bbox 806 3327 955 3385; x_wconf 88' lang='lat' dir='ltr'><strong>enim</strong></span> <span class='ocrx_word' id='word_1_513' title='bbox 983 3333 1168 3398; x_wconf 84' lang='lat' dir='ltr'><strong>portat</strong></span> <span class='ocrx_word' id='word_1_514' title='bbox 1203 3325 1523 3396; x_wconf 88' lang='lat' dir='ltr'><strong>iniquitates</strong></span> <span class='ocrx_word' id='word_1_515' title='bbox 1562 3334 1816 3390; x_wconf 67' lang='lat' dir='ltr'><strong>nostras,</strong></span> <span class='ocrx_word' id='word_1_516' title='bbox 1843 3332 1899 3381; x_wconf 89' lang='lat' dir='ltr'><strong>et</strong></span> <span class='ocrx_word' id='word_1_517' title='bbox 1926 3339 2025 3395; x_wconf 88' lang='lat' dir='ltr'><strong>pro</strong></span> 
     </span>
    </p>
   </div>
   <div class='ocr_carea' id='block_1_63' title="bbox 2128 3321 3723 3406">
    <p class='ocr_par' dir='ltr' id='par_1_63' title="bbox 2133 3330 3723 3406">
     <span class='ocr_line' id='line_1_63' title="bbox 2133 3330 3723 3406; baseline 0.001 -21"><span class='ocrx_word' id='word_1_518' title='bbox 2133 3330 2278 3403; x_wconf 79' lang='grc' dir='ltr'>ὑπὲρ</span> <span class='ocrx_word' id='word_1_519' title='bbox 2307 3330 2467 3402; x_wconf 80' lang='grc' dir='ltr'>ἡμῶν</span> <span class='ocrx_word' id='word_1_520' title='bbox 2503 3330 2756 3386; x_wconf 78' lang='grc' dir='ltr'>όδυνᾶται</span> <span class='ocrx_word' id='word_1_521' title='bbox 2792 3350 2811 3382; x_wconf 75' lang='grc' dir='ltr'><strong>ι</strong></span> <span class='ocrx_word' id='word_1_522' title='bbox 2852 3330 3210 3402; x_wconf 77' lang='grc' dir='ltr'>σφαζόμενος.</span> <span class='ocrx_word' id='word_1_523' title='bbox 3272 3333 3477 3404; x_wconf 85' lang='grc' dir='ltr'>Ἐργου</span> <span class='ocrx_word' id='word_1_524' title='bbox 3511 3333 3621 3404; x_wconf 74' lang='grc' dir='ltr'><strong>γὰρ</strong></span> <span class='ocrx_word' id='word_1_525' title='bbox 3656 3333 3723 3406; x_wconf 79' lang='grc' dir='ltr'>δὴ</span> 
     </span>
    </p>
   </div>
   <div class='ocr_carea' id='block_1_64' title="bbox 431 3416 2025 3497">
    <p class='ocr_par' dir='ltr' id='par_1_64' title="bbox 431 3416 2025 3488">
     <span class='ocr_line' id='line_1_64' title="bbox 431 3416 2025 3488; baseline -0.003 -11"><span class='ocrx_word' id='word_1_526' title='bbox 431 3421 596 3477; x_wconf 88' lang='lat' dir='ltr'><strong>nobis</strong></span> <span class='ocrx_word' id='word_1_527' title='bbox 614 3419 763 3475; x_wconf 90' lang='lat' dir='ltr'><strong>dolet</strong></span> <span class='ocrx_word' id='word_1_528' title='bbox 776 3418 817 3485; x_wconf 68' lang='grc'>⁸,</span> <span class='ocrx_word' id='word_1_529' title='bbox 839 3437 856 3470; x_wconf 72' lang='grc' dir='ltr'><strong>ι</strong></span> <span class='ocrx_word' id='word_1_530' title='bbox 875 3418 1006 3474; x_wconf 88' lang='lat' dir='ltr'><strong>dum</strong></span> <span class='ocrx_word' id='word_1_531' title='bbox 1023 3416 1283 3483; x_wconf 69' lang='lat' dir='ltr'><strong>eazditur;</strong></span> <span class='ocrx_word' id='word_1_532' title='bbox 1309 3416 1494 3488; x_wconf 85' lang='lat' dir='ltr'><strong>operis</strong></span> <span class='ocrx_word' id='word_1_533' title='bbox 1512 3417 1731 3473; x_wconf 85' lang='lat' dir='ltr'><strong>enimet</strong></span> <span class='ocrx_word' id='word_1_534' title='bbox 1751 3417 2025 3473; x_wconf 87' lang='lat' dir='ltr'><strong>actionum</strong></span> 
     </span>
    </p>
   </div>
   <div class='ocr_carea' id='block_1_65' title="bbox 2128 3416 3722 3497">
    <p class='ocr_par' dir='ltr' id='par_1_65' title="bbox 2140 3423 3722 3497">
     <span class='ocr_line' id='line_1_65' title="bbox 2140 3423 3722 3497; baseline 0.001 -18"><span class='ocrx_word' id='word_1_535' title='bbox 2140 3427 2235 3480; x_wconf 73' lang='grc' dir='ltr'><strong>καὶ</strong></span> <span class='ocrx_word' id='word_1_536' title='bbox 2268 3424 2545 3497; x_wconf 78' lang='grc' dir='ltr'>πράξεων,</span> <span class='ocrx_word' id='word_1_537' title='bbox 2571 3425 2605 3495; x_wconf 75' lang='grc' dir='ltr'><strong>ἡ</strong></span> <span class='ocrx_word' id='word_1_538' title='bbox 2630 3423 2774 3496; x_wconf 75' lang='grc' dir='ltr'>χεὶρ,</span> <span class='ocrx_word' id='word_1_539' title='bbox 2806 3425 2885 3487; x_wconf 87' lang='grc' dir='ltr'>εἰς</span> <span class='ocrx_word' id='word_1_540' title='bbox 2916 3424 3111 3478; x_wconf 84' lang='grc' dir='ltr'>τύπον.</span> <span class='ocrx_word' id='word_1_541' title='bbox 3149 3424 3318 3497; x_wconf 81' lang='grc' dir='ltr'>Πλὴν,</span> <span class='ocrx_word' id='word_1_542' title='bbox 3350 3425 3722 3487; x_wconf 68' lang='grc' dir='ltr'>ἐνώπιονΚυο</span> 
     </span>
    </p>
   </div>
   <div class='ocr_carea' id='block_1_66' title="bbox 435 3509 2032 3587">
    <p class='ocr_par' dir='ltr' id='par_1_66' title="bbox 435 3509 2032 3587">
     <span class='ocr_line' id='line_1_66' title="bbox 435 3509 2032 3587; baseline -0.005 -16"><span class='ocrx_word' id='word_1_543' title='bbox 435 3515 669 3587; x_wconf 73' lang='lat' dir='ltr'><strong>ﬁguram</strong></span> <span class='ocrx_word' id='word_1_544' title='bbox 734 3528 847 3584; x_wconf 67' lang='lat' dir='ltr'><strong>pra:</strong></span> <span class='ocrx_word' id='word_1_545' title='bbox 888 3526 947 3567; x_wconf 91' lang='lat' dir='ltr'><strong>se</strong></span> <span class='ocrx_word' id='word_1_546' title='bbox 996 3510 1185 3566; x_wconf 80' lang='lat' dir='ltr'><strong>ferunt</strong></span> <span class='ocrx_word' id='word_1_547' title='bbox 1212 3526 1429 3565; x_wconf 89' lang='lat' dir='ltr'><strong>manus.</strong></span> <span class='ocrx_word' id='word_1_548' title='bbox 1475 3509 1752 3566; x_wconf 67' lang='lat' dir='ltr'><strong>Cteterum</strong></span> <span class='ocrx_word' id='word_1_549' title='bbox 1809 3510 1865 3564; x_wconf 90' lang='lat' dir='ltr'><strong>iu</strong></span> <span class='ocrx_word' id='word_1_550' title='bbox 1896 3524 2032 3564; x_wconf 88' lang='lat' dir='ltr'><strong>eon-</strong></span> 
     </span>
    </p>
   </div>
   <div class='ocr_carea' id='block_1_67' title="bbox 432 3600 2035 3678">
    <p class='ocr_par' dir='ltr' id='par_1_67' title="bbox 432 3600 2035 3678">
     <span class='ocr_line' id='line_1_67' title="bbox 432 3600 2035 3678; baseline -0.004 -16"><span class='ocrx_word' id='word_1_551' title='bbox 432 3614 628 3678; x_wconf 74' lang='lat' dir='ltr'><strong>spectu</strong></span> <span class='ocrx_word' id='word_1_552' title='bbox 650 3604 749 3660; x_wconf 89' lang='lat' dir='ltr'><strong>Dei</strong></span> <span class='ocrx_word' id='word_1_553' title='bbox 775 3603 1004 3660; x_wconf 62' lang='lat' dir='ltr'><strong>caeditur</strong></span> <span class='ocrx_word' id='word_1_554' title='bbox 1028 3602 1174 3674; x_wconf 87' lang='lat' dir='ltr'><strong>quod</strong></span> <span class='ocrx_word' id='word_1_555' title='bbox 1198 3603 1361 3657; x_wconf 87' lang='lat' dir='ltr'><strong>Pater</strong></span> <span class='ocrx_word' id='word_1_556' title='bbox 1378 3600 1778 3673; x_wconf 89' lang='lat' dir='ltr'><strong>propemodum</strong></span> <span class='ocrx_word' id='word_1_557' title='bbox 1802 3615 2035 3655; x_wconf 79' lang='lat' dir='ltr'><strong>consen-</strong></span> 
     </span>
    </p>
   </div>
   <div class='ocr_carea' id='block_1_68' title="bbox 434 3690 2032 3769">
    <p class='ocr_par' dir='ltr' id='par_1_68' title="bbox 434 3690 2032 3769">
     <span class='ocr_line' id='line_1_68' title="bbox 434 3690 2032 3769; baseline -0.003 -17"><span class='ocrx_word' id='word_1_558' title='bbox 434 3697 590 3762; x_wconf 83' lang='lat' dir='ltr'><strong>tiret,</strong></span> <span class='ocrx_word' id='word_1_559' title='bbox 619 3702 681 3751; x_wconf 90' lang='lat' dir='ltr'><strong>ut</strong></span> <span class='ocrx_word' id='word_1_560' title='bbox 727 3709 829 3769; x_wconf 85' lang='lat' dir='ltr'><strong>pro</strong></span> <span class='ocrx_word' id='word_1_561' title='bbox 857 3692 1019 3748; x_wconf 86' lang='lat' dir='ltr'><strong>nobis</strong></span> <span class='ocrx_word' id='word_1_562' title='bbox 1058 3692 1231 3747; x_wconf 85' lang='lat' dir='ltr'><strong>Filius</strong></span> <span class='ocrx_word' id='word_1_563' title='bbox 1269 3698 1613 3756; x_wconf 88' lang='lat' dir='ltr'><strong>moreretur;</strong></span> <span class='ocrx_word' id='word_1_564' title='bbox 1671 3704 1851 3759; x_wconf 80' lang='lat' dir='ltr'><strong>neque</strong></span> <span class='ocrx_word' id='word_1_565' title='bbox 1884 3690 2032 3747; x_wconf 89' lang='lat' dir='ltr'><strong>enim</strong></span> 
     </span>
    </p>
   </div>
   <div class='ocr_carea' id='block_1_69' title="bbox 432 3781 2033 3855">
    <p class='ocr_par' dir='ltr' id='par_1_69' title="bbox 432 3781 2033 3855">
     <span class='ocr_line' id='line_1_69' title="bbox 432 3781 2033 3855; baseline -0.005 -9"><span class='ocrx_word' id='word_1_566' title='bbox 432 3797 746 3855; x_wconf 83' lang='lat' dir='ltr'><strong>aversatur,</strong></span> <span class='ocrx_word' id='word_1_567' title='bbox 773 3801 899 3843; x_wconf 91' lang='lat' dir='ltr'><strong>cum</strong></span> <span class='ocrx_word' id='word_1_568' title='bbox 945 3785 1219 3843; x_wconf 88' lang='lat' dir='ltr'><strong>immolari</strong></span> <span class='ocrx_word' id='word_1_569' title='bbox 1247 3784 1450 3840; x_wconf 85' lang='lat' dir='ltr'><strong>Filium</strong></span> <span class='ocrx_word' id='word_1_570' title='bbox 1484 3781 1700 3854; x_wconf 88' lang='lat' dir='ltr'><strong>aspicit,</strong></span> <span class='ocrx_word' id='word_1_571' title='bbox 1752 3797 1862 3837; x_wconf 86' lang='lat' dir='ltr'><strong>non</strong></span> <span class='ocrx_word' id='word_1_572' title='bbox 1882 3782 2033 3852; x_wconf 89' lang='lat' dir='ltr'><strong>quod</strong></span> 
     </span>
    </p>
   </div>
   <div class='ocr_carea' id='block_1_70' title="bbox 434 3872 2032 3956">
    <p class='ocr_par' dir='ltr' id='par_1_70' title="bbox 434 3872 2032 3956">
     <span class='ocr_line' id='line_1_70' title="bbox 434 3872 2032 3956; baseline -0.006 -17"><span class='ocrx_word' id='word_1_573' title='bbox 434 3883 560 3956; x_wconf 87' lang='lat' dir='ltr'><strong>ejus</strong></span> <span class='ocrx_word' id='word_1_574' title='bbox 579 3881 890 3952; x_wconf 84' lang='lat' dir='ltr'><strong>passionem</strong></span> <span class='ocrx_word' id='word_1_575' title='bbox 920 3893 1150 3952; x_wconf 90' lang='lat' dir='ltr'><strong>prorsus</strong></span> <span class='ocrx_word' id='word_1_576' title='bbox 1188 3874 1480 3947; x_wconf 87' lang='lat' dir='ltr'><strong>approbet,</strong></span> <span class='ocrx_word' id='word_1_577' title='bbox 1555 3872 1655 3928; x_wconf 88' lang='lat' dir='ltr'><strong>sed</strong></span> <span class='ocrx_word' id='word_1_578' title='bbox 1692 3873 1841 3944; x_wconf 86' lang='lat' dir='ltr'><strong>quod</strong></span> <span class='ocrx_word' id='word_1_579' title='bbox 1877 3873 2032 3929; x_wconf 89' lang='lat' dir='ltr'><strong>illum</strong></span> 
     </span>
    </p>
   </div>
   <div class='ocr_carea' id='block_1_71' title="bbox 434 3964 2032 4040">
    <p class='ocr_par' dir='ltr' id='par_1_71' title="bbox 434 3964 2032 4040">
     <span class='ocr_line' id='line_1_71' title="bbox 434 3964 2032 4040; baseline -0.004 -12"><span class='ocrx_word' id='word_1_580' title='bbox 434 3969 762 4028; x_wconf 83' lang='lat' dir='ltr'><strong>Emmanuel</strong></span> <span class='ocrx_word' id='word_1_581' title='bbox 794 3984 896 4040; x_wconf 84' lang='lat' dir='ltr'><strong>pro</strong></span> <span class='ocrx_word' id='word_1_582' title='bbox 932 3968 1096 4023; x_wconf 87' lang='lat' dir='ltr'><strong>nobis</strong></span> <span class='ocrx_word' id='word_1_583' title='bbox 1128 3966 1240 4038; x_wconf 87' lang='lat' dir='ltr'><strong>pati</strong></span> <span class='ocrx_word' id='word_1_584' title='bbox 1269 3981 1387 4019; x_wconf 90' lang='lat' dir='ltr'><strong>rem</strong></span> <span class='ocrx_word' id='word_1_585' title='bbox 1417 3978 1542 4020; x_wconf 90' lang='lat' dir='ltr'><strong>esse</strong></span> <span class='ocrx_word' id='word_1_586' title='bbox 1576 3964 1789 4020; x_wconf 85' lang='lat' dir='ltr'><strong>munda</strong></span> <span class='ocrx_word' id='word_1_587' title='bbox 1827 3964 2032 4022; x_wconf 87' lang='lat' dir='ltr'><strong>saluta-</strong></span> 
     </span>
    </p>
   </div>
   <div class='ocr_carea' id='block_1_72' title="bbox 438 4057 2027 4132">
    <p class='ocr_par' dir='ltr' id='par_1_72' title="bbox 438 4057 2027 4132">
     <span class='ocr_line' id='line_1_72' title="bbox 438 4057 2027 4132; baseline -0.003 -14"><span class='ocrx_word' id='word_1_588' title='bbox 438 4076 578 4127; x_wconf 87' lang='lat' dir='ltr'><strong>rem,</strong></span> <span class='ocrx_word' id='word_1_589' title='bbox 607 4077 717 4117; x_wconf 89' lang='lat' dir='ltr'><strong>non</strong></span> <span class='ocrx_word' id='word_1_590' title='bbox 740 4061 972 4132; x_wconf 77' lang='lat' dir='ltr'><strong>ignoret.</strong></span> <span class='ocrx_word' id='word_1_591' title='bbox 1003 4059 1125 4130; x_wconf 84' lang='lat' dir='ltr'><strong>Ipse</strong></span> <span class='ocrx_word' id='word_1_592' title='bbox 1159 4057 1328 4131; x_wconf 80' lang='lat' dir='ltr'><strong>igitur</strong></span> <span class='ocrx_word' id='word_1_593' title='bbox 1349 4065 1537 4117; x_wconf 85' lang='lat' dir='ltr'><strong>nostra</strong></span> <span class='ocrx_word' id='word_1_594' title='bbox 1566 4064 1796 4129; x_wconf 78' lang='lat' dir='ltr'><strong>peccata</strong></span> <span class='ocrx_word' id='word_1_595' title='bbox 1823 4065 2027 4128; x_wconf 87' lang='lat' dir='ltr'><strong>portat.</strong></span> 
     </span>
    </p>
   </div>
   <div class='ocr_carea' id='block_1_73' title="bbox 428 4149 2031 4226">
    <p class='ocr_par' dir='ltr' id='par_1_73' title="bbox 428 4149 2031 4226">
     <span class='ocr_line' id='line_1_73' title="bbox 428 4149 2031 4226; baseline -0.004 -13"><span class='ocrx_word' id='word_1_596' title='bbox 428 4169 506 4214; x_wconf 75' lang='lat' dir='ltr'><strong>ac</strong></span> <span class='ocrx_word' id='word_1_597' title='bbox 534 4169 637 4226; x_wconf 86' lang='lat' dir='ltr'><strong>pro</strong></span> <span class='ocrx_word' id='word_1_598' title='bbox 667 4152 828 4209; x_wconf 86' lang='lat' dir='ltr'><strong>nobis</strong></span> <span class='ocrx_word' id='word_1_599' title='bbox 865 4152 1037 4217; x_wconf 90' lang='lat' dir='ltr'><strong>dolet,</strong></span> <span class='ocrx_word' id='word_1_600' title='bbox 1065 4150 1197 4208; x_wconf 83' lang='lat' dir='ltr'><strong>dum</strong></span> <span class='ocrx_word' id='word_1_601' title='bbox 1247 4150 1306 4205; x_wconf 90' lang='lat' dir='ltr'><strong>in</strong></span> <span class='ocrx_word' id='word_1_602' title='bbox 1334 4149 1426 4205; x_wconf 89' lang='lat' dir='ltr'><strong>illa</strong></span> <span class='ocrx_word' id='word_1_603' title='bbox 1456 4151 1699 4222; x_wconf 78' lang='lat' dir='ltr'><strong>pretiosa</strong></span> <span class='ocrx_word' id='word_1_604' title='bbox 1727 4166 1889 4207; x_wconf 85' lang='lat' dir='ltr'><strong>cruce</strong></span> <span class='ocrx_word' id='word_1_605' title='bbox 1929 4167 2031 4222; x_wconf 81' lang='lat' dir='ltr'><strong>pro</strong></span> 
     </span>
    </p>
   </div>
   <div class='ocr_carea' id='block_1_74' title="bbox 437 4241 2033 4319">
    <p class='ocr_par' dir='ltr' id='par_1_74' title="bbox 437 4241 2033 4319">
     <span class='ocr_line' id='line_1_74' title="bbox 437 4241 2033 4319; baseline -0.001 -14"><span class='ocrx_word' id='word_1_606' title='bbox 437 4248 599 4319; x_wconf 82' lang='lat' dir='ltr'><strong>nobis</strong></span> <span class='ocrx_word' id='word_1_607' title='bbox 636 4246 814 4306; x_wconf 90' lang='lat' dir='ltr'><strong>occidi</strong></span> <span class='ocrx_word' id='word_1_608' title='bbox 838 4246 1092 4305; x_wconf 88' lang='lat' dir='ltr'><strong>sustinet.</strong></span> <span class='ocrx_word' id='word_1_609' title='bbox 1128 4241 1272 4300; x_wconf 74' lang='lat' dir='ltr'><strong>&#39;hun</strong></span> <span class='ocrx_word' id='word_1_610' title='bbox 1302 4244 1562 4301; x_wconf 84' lang='lat' dir='ltr'><strong>sacerdos</strong></span> <span class='ocrx_word' id='word_1_611' title='bbox 1606 4244 1779 4317; x_wconf 85' lang='lat' dir='ltr'><strong>digito</strong></span> <span class='ocrx_word' id='word_1_612' title='bbox 1806 4261 2033 4303; x_wconf 82' lang='lat' dir='ltr'><strong>sumens</strong></span> 
     </span>
    </p>
   </div>
   <div class='ocr_carea' id='block_1_75' title="bbox 439 4338 2027 4414">
    <p class='ocr_par' dir='ltr' id='par_1_75' title="bbox 439 4338 2027 4414">
     <span class='ocr_line' id='line_1_75' title="bbox 439 4338 2027 4414; baseline -0.001 -17"><span class='ocrx_word' id='word_1_613' title='bbox 439 4340 509 4397; x_wconf 89' lang='lat' dir='ltr'><strong>de</strong></span> <span class='ocrx_word' id='word_1_614' title='bbox 536 4340 824 4414; x_wconf 81' lang='lat' dir='ltr'><strong>sanguine,</strong></span> <span class='ocrx_word' id='word_1_615' title='bbox 856 4347 1112 4413; x_wconf 84' lang='lat' dir='ltr'><strong>asperget</strong></span> <span class='ocrx_word' id='word_1_616' title='bbox 1133 4338 1340 4410; x_wconf 85' lang='lat' dir='ltr'><strong>septies</strong></span> <span class='ocrx_word' id='word_1_617' title='bbox 1365 4338 1433 4399; x_wconf 78' lang='lat' dir='ltr'><strong>ad</strong></span> <span class='ocrx_word' id='word_1_618' title='bbox 1463 4338 1715 4399; x_wconf 84' lang='lat' dir='ltr'><strong>velamen</strong></span> <span class='ocrx_word' id='word_1_619' title='bbox 1754 4347 2027 4406; x_wconf 86' lang='lat' dir='ltr'><strong>sanctum,</strong></span> 
     </span>
    </p>
   </div>
   <div class='ocr_carea' id='block_1_76' title="bbox 439 4431 2029 4505">
    <p class='ocr_par' dir='ltr' id='par_1_76' title="bbox 439 4431 2029 4505">
     <span class='ocr_line' id='line_1_76' title="bbox 439 4431 2029 4505; baseline 0 -18"><span class='ocrx_word' id='word_1_620' title='bbox 439 4432 590 4504; x_wconf 87' lang='lat' dir='ltr'><strong>quod</strong></span> <span class='ocrx_word' id='word_1_621' title='bbox 626 4441 711 4489; x_wconf 88' lang='lat' dir='ltr'><strong>est</strong></span> <span class='ocrx_word' id='word_1_622' title='bbox 746 4447 913 4505; x_wconf 85' lang='lat' dir='ltr'><strong>super</strong></span> <span class='ocrx_word' id='word_1_623' title='bbox 946 4447 1150 4498; x_wconf 81' lang='lat' dir='ltr'><strong>arcam,</strong></span> <span class='ocrx_word' id='word_1_624' title='bbox 1203 4431 1295 4489; x_wconf 89' lang='lat' dir='ltr'><strong>cui</strong></span> <span class='ocrx_word' id='word_1_625' title='bbox 1341 4447 1546 4491; x_wconf 82' lang='lat' dir='ltr'><strong>nomen</strong></span> <span class='ocrx_word' id='word_1_626' title='bbox 1584 4439 1672 4491; x_wconf 79' lang='lat' dir='ltr'><strong>est</strong></span> <span class='ocrx_word' id='word_1_627' title='bbox 1694 4433 2029 4503; x_wconf 84' lang='lat' dir='ltr'><strong>propitiato-</strong></span> 
     </span>
    </p>
   </div>
   <div class='ocr_carea' id='block_1_77' title="bbox 436 4522 2029 4599">
    <p class='ocr_par' dir='ltr' id='par_1_77' title="bbox 436 4522 2029 4599">
     <span class='ocr_line' id='line_1_77' title="bbox 436 4522 2029 4599; baseline -0.001 -20"><span class='ocrx_word' id='word_1_628' title='bbox 436 4524 626 4590; x_wconf 74' lang='lat' dir='ltr'><strong>riuln;</strong></span> <span class='ocrx_word' id='word_1_629' title='bbox 670 4524 825 4599; x_wconf 79' lang='lat' dir='ltr'><strong>ungit</strong></span> <span class='ocrx_word' id='word_1_630' title='bbox 870 4523 1038 4579; x_wconf 91' lang='lat' dir='ltr'><strong>etiam</strong></span> <span class='ocrx_word' id='word_1_631' title='bbox 1079 4538 1286 4579; x_wconf 87' lang='lat' dir='ltr'><strong>cornua</strong></span> <span class='ocrx_word' id='word_1_632' title='bbox 1338 4522 1535 4585; x_wconf 80' lang='lat' dir='ltr'><strong>altaris</strong></span> <span class='ocrx_word' id='word_1_633' title='bbox 1575 4522 1787 4577; x_wconf 88' lang='lat' dir='ltr'><strong>incensi</strong></span> <span class='ocrx_word' id='word_1_634' title='bbox 1820 4541 1833 4575; x_wconf 89' lang='lat'><strong>:</strong></span> <span class='ocrx_word' id='word_1_635' title='bbox 1862 4522 2029 4579; x_wconf 89' lang='lat' dir='ltr'><strong>Cbri-</strong></span> 
     </span>
    </p>
   </div>
   <div class='ocr_carea' id='block_1_78' title="bbox 440 4608 2030 4687">
    <p class='ocr_par' dir='ltr' id='par_1_78' title="bbox 440 4608 2030 4687">
     <span class='ocr_line' id='line_1_78' title="bbox 440 4608 2030 4687; baseline -0.003 -18"><span class='ocrx_word' id='word_1_636' title='bbox 440 4621 562 4669; x_wconf 83' lang='lat' dir='ltr'><strong>stus</strong></span> <span class='ocrx_word' id='word_1_637' title='bbox 585 4612 733 4669; x_wconf 83' lang='lat' dir='ltr'><strong>enim</strong></span> <span class='ocrx_word' id='word_1_638' title='bbox 753 4611 1075 4687; x_wconf 83' lang='lat' dir='ltr'><strong>propitiatio</strong></span> <span class='ocrx_word' id='word_1_639' title='bbox 1094 4618 1260 4681; x_wconf 86' lang='lat' dir='ltr'><strong>atque</strong></span> <span class='ocrx_word' id='word_1_640' title='bbox 1280 4608 1729 4680; x_wconf 81' lang='lat' dir='ltr'><strong>propitiatorium</strong></span> <span class='ocrx_word' id='word_1_641' title='bbox 1750 4608 1928 4664; x_wconf 79' lang='lat' dir='ltr'><strong>factus</strong></span> <span class='ocrx_word' id='word_1_642' title='bbox 1945 4618 2030 4665; x_wconf 89' lang='lat' dir='ltr'><strong>est</strong></span> 
     </span>
    </p>
   </div>
   <div class='ocr_carea' id='block_1_79' title="bbox 436 4699 2027 4772">
    <p class='ocr_par' dir='ltr' id='par_1_79' title="bbox 436 4699 2027 4772">
     <span class='ocr_line' id='line_1_79' title="bbox 436 4699 2027 4772; baseline -0.002 -14"><span class='ocrx_word' id='word_1_643' title='bbox 436 4703 621 4763; x_wconf 78' lang='lat' dir='ltr'><strong>nobis.</strong></span> <span class='ocrx_word' id='word_1_644' title='bbox 654 4701 933 4760; x_wconf 71' lang='lat' dir='ltr'><strong>Caeterum</strong></span> <span class='ocrx_word' id='word_1_645' title='bbox 962 4700 1021 4759; x_wconf 87' lang='lat' dir='ltr'><strong>in</strong></span> <span class='ocrx_word' id='word_1_646' title='bbox 1052 4699 1320 4770; x_wconf 82' lang='lat' dir='ltr'><strong>sanguine</strong></span> <span class='ocrx_word' id='word_1_647' title='bbox 1341 4699 1655 4757; x_wconf 79' lang='lat' dir='ltr'><strong>testamenti</strong></span> <span class='ocrx_word' id='word_1_648' title='bbox 1676 4701 1866 4759; x_wconf 66' lang='lat' dir='ltr'><strong>aeterni</strong></span> <span class='ocrx_word' id='word_1_649' title='bbox 1898 4716 2027 4772; x_wconf 89' lang='lat' dir='ltr'><strong>per-</strong></span> 
     </span>
    </p>
   </div>
   <div class='ocr_carea' id='block_1_80' title="bbox 440 4790 2033 4864">
    <p class='ocr_par' dir='ltr' id='par_1_80' title="bbox 440 4790 2033 4864">
     <span class='ocr_line' id='line_1_80' title="bbox 440 4790 2033 4864; baseline -0.001 -11"><span class='ocrx_word' id='word_1_650' title='bbox 440 4796 797 4853; x_wconf 79' lang='lat' dir='ltr'><strong>fectissimam</strong></span> <span class='ocrx_word' id='word_1_651' title='bbox 825 4794 985 4850; x_wconf 88' lang='lat' dir='ltr'><strong>nobis</strong></span> <span class='ocrx_word' id='word_1_652' title='bbox 1037 4790 1422 4863; x_wconf 79' lang='lat' dir='ltr'><strong>purgationem</strong></span> <span class='ocrx_word' id='word_1_653' title='bbox 1448 4790 1701 4862; x_wconf 75' lang='lat' dir='ltr'><strong>largitur.</strong></span> <span class='ocrx_word' id='word_1_654' title='bbox 1729 4792 1887 4864; x_wconf 69' lang='lat'><strong>35],</strong></span> <span class='ocrx_word' id='word_1_655' title='bbox 1918 4793 2033 4852; x_wconf 84' lang='lat' dir='ltr'><strong>Hoc</strong></span> 
     </span>
    </p>
   </div>
   <div class='ocr_carea' id='block_1_81' title="bbox 436 4870 2032 4958">
    <p class='ocr_par' dir='ltr' id='par_1_81' title="bbox 436 4870 2032 4958">
     <span class='ocr_line' id='line_1_81' title="bbox 436 4870 2032 4958; baseline -0.007 -12"><span class='ocrx_word' id='word_1_656' title='bbox 436 4889 592 4946; x_wconf 80' lang='lat' dir='ltr'><strong>enim</strong></span> <span class='ocrx_word' id='word_1_657' title='bbox 611 4894 715 4952; x_wconf 85' lang='lat' dir='ltr'><strong>est,</strong></span> <span class='ocrx_word' id='word_1_658' title='bbox 745 4888 854 4945; x_wconf 80' lang='lat' dir='ltr'><strong>nisi</strong></span> <span class='ocrx_word' id='word_1_659' title='bbox 894 4885 1075 4949; x_wconf 76' lang='lat' dir='ltr'><strong>fallor,</strong></span> <span class='ocrx_word' id='word_1_660' title='bbox 1108 4870 1575 4954; x_wconf 60' lang='lat' dir='ltr'><strong>septies&#39;aspergi</strong></span> <span class='ocrx_word' id='word_1_661' title='bbox 1606 4886 1873 4956; x_wconf 75' lang='lat' dir='ltr'><strong>sanguine</strong></span> <span class='ocrx_word' id='word_1_662' title='bbox 1902 4904 2032 4958; x_wconf 79' lang='lat' dir='ltr'><strong>pro.</strong></span> 
     </span>
    </p>
   </div>
   <div class='ocr_carea' id='block_1_82' title="bbox 440 4974 2034 5053">
    <p class='ocr_par' dir='ltr' id='par_1_82' title="bbox 440 4974 2034 5053">
     <span class='ocr_line' id='line_1_82' title="bbox 440 4974 2034 5053; baseline 0 -17"><span class='ocrx_word' id='word_1_663' title='bbox 440 4979 820 5053; x_wconf 85' lang='lat' dir='ltr'><strong>pitiatorium;</strong></span> <span class='ocrx_word' id='word_1_664' title='bbox 854 4985 940 5033; x_wconf 84' lang='lat' dir='ltr'><strong>est</strong></span> <span class='ocrx_word' id='word_1_665' title='bbox 967 4975 1118 5030; x_wconf 85' lang='lat' dir='ltr'><strong>enim</strong></span> <span class='ocrx_word' id='word_1_666' title='bbox 1164 4974 1517 5043; x_wconf 80' lang='lat' dir='ltr'><strong>septenarius</strong></span> <span class='ocrx_word' id='word_1_667' title='bbox 1556 4991 1822 5035; x_wconf 79' lang='lat' dir='ltr'><strong>nmnerus</strong></span> <span class='ocrx_word' id='word_1_668' title='bbox 1855 4979 2034 5049; x_wconf 69' lang='lat' dir='ltr'><strong>perfe—</strong></span> 
     </span>
    </p>
   </div>
   <div class='ocr_carea' id='block_1_83' title="bbox 442 5067 2033 5143">
    <p class='ocr_par' dir='ltr' id='par_1_83' title="bbox 442 5067 2033 5143">
     <span class='ocr_line' id='line_1_83' title="bbox 442 5067 2033 5143; baseline -0.003 -12"><span class='ocrx_word' id='word_1_669' title='bbox 442 5072 650 5135; x_wconf 80' lang='lat' dir='ltr'><strong>ctionis</strong></span> <span class='ocrx_word' id='word_1_670' title='bbox 716 5071 953 5143; x_wconf 72' lang='lat' dir='ltr'><strong>signum.</strong></span> <span class='ocrx_word' id='word_1_671' title='bbox 1024 5067 1201 5121; x_wconf 84' lang='lat' dir='ltr'><strong>Porro</strong></span> <span class='ocrx_word' id='word_1_672' title='bbox 1254 5067 1377 5137; x_wconf 88' lang='lat' dir='ltr'><strong>ejus</strong></span> <span class='ocrx_word' id='word_1_673' title='bbox 1443 5067 1561 5138; x_wconf 85' lang='lat' dir='ltr'><strong>ipsa</strong></span> <span class='ocrx_word' id='word_1_674' title='bbox 1620 5084 1839 5142; x_wconf 85' lang='lat' dir='ltr'><strong>quoque</strong></span> <span class='ocrx_word' id='word_1_675' title='bbox 1883 5087 2033 5129; x_wconf 76' lang='lat' dir='ltr'><strong>mors</strong></span> 
     </span>
    </p>
   </div>
   <div class='ocr_carea' id='block_1_84' title="bbox 444 5157 2034 5234">
    <p class='ocr_par' dir='ltr' id='par_1_84' title="bbox 444 5157 2034 5234">
     <span class='ocr_line' id='line_1_84' title="bbox 444 5157 2034 5234; baseline 0 -13"><span class='ocrx_word' id='word_1_676' title='bbox 444 5163 638 5229; x_wconf 82' lang='lat' dir='ltr'><strong>mundi</strong></span> <span class='ocrx_word' id='word_1_677' title='bbox 696 5161 931 5217; x_wconf 80' lang='lat' dir='ltr'><strong>salutem</strong></span> <span class='ocrx_word' id='word_1_678' title='bbox 991 5171 1056 5212; x_wconf 85' lang='lat' dir='ltr'><strong>ac</strong></span> <span class='ocrx_word' id='word_1_679' title='bbox 1102 5157 1275 5212; x_wconf 79' lang='lat' dir='ltr'><strong>vitam</strong></span> <span class='ocrx_word' id='word_1_680' title='bbox 1320 5167 1377 5213; x_wconf 89' lang='lat' dir='ltr'><strong>et</strong></span> <span class='ocrx_word' id='word_1_681' title='bbox 1454 5174 1733 5219; x_wconf 85' lang='lat' dir='ltr'><strong>accessum</strong></span> <span class='ocrx_word' id='word_1_682' title='bbox 1802 5179 1903 5234; x_wconf 90' lang='lat' dir='ltr'><strong>per</strong></span> <span class='ocrx_word' id='word_1_683' title='bbox 1967 5163 2034 5221; x_wconf 85' lang='lat' dir='ltr'><strong>ﬁ-</strong></span> 
     </span>
    </p>
   </div>
   <div class='ocr_carea' id='block_1_85' title="bbox 447 5250 2037 5327">
    <p class='ocr_par' dir='ltr' id='par_1_85' title="bbox 447 5250 2037 5327">
     <span class='ocr_line' id='line_1_85' title="bbox 447 5250 2037 5327; baseline 0.002 -18"><span class='ocrx_word' id='word_1_684' title='bbox 447 5260 575 5316; x_wconf 75' lang='lat' dir='ltr'><strong>dem</strong></span> <span class='ocrx_word' id='word_1_685' title='bbox 640 5254 793 5311; x_wconf 85' lang='lat' dir='ltr'><strong>velut</strong></span> <span class='ocrx_word' id='word_1_686' title='bbox 851 5250 1080 5306; x_wconf 87' lang='lat' dir='ltr'><strong>odorem</strong></span> <span class='ocrx_word' id='word_1_687' title='bbox 1133 5252 1308 5321; x_wconf 81' lang='lat' dir='ltr'><strong>spirat</strong></span> <span class='ocrx_word' id='word_1_688' title='bbox 1354 5271 1367 5307; x_wconf 74' lang='grc' dir='ltr'>ε</span> <span class='ocrx_word' id='word_1_689' title='bbox 1428 5273 1447 5306; x_wconf 73' lang='grc' dir='ltr'><strong>ι</strong></span> <span class='ocrx_word' id='word_1_690' title='bbox 1481 5253 1637 5311; x_wconf 86' lang='lat' dir='ltr'><strong>Unus</strong></span> <span class='ocrx_word' id='word_1_691' title='bbox 1681 5256 1886 5327; x_wconf 87' lang='lat' dir='ltr'><strong>quippe</strong></span> <span class='ocrx_word' id='word_1_692' title='bbox 1934 5271 2037 5326; x_wconf 88' lang='lat' dir='ltr'><strong>pro</strong></span> 
     </span>
    </p>
   </div>
   <div class='ocr_carea' id='block_1_86' title="bbox 448 5346 2034 5419">
    <p class='ocr_par' dir='ltr' id='par_1_86' title="bbox 448 5346 2034 5419">
     <span class='ocr_line' id='line_1_86' title="bbox 448 5346 2034 5419; baseline -0.001 -13"><span class='ocrx_word' id='word_1_693' title='bbox 448 5347 710 5406; x_wconf 89' lang='lat' dir='ltr'><strong>omnibus</strong></span> <span class='ocrx_word' id='word_1_694' title='bbox 755 5351 1008 5400; x_wconf 89' lang='lat' dir='ltr'><strong>mortuus</strong></span> <span class='ocrx_word' id='word_1_695' title='bbox 1055 5353 1189 5409; x_wconf 87' lang='lat' dir='ltr'><strong>est,</strong></span> <span class='ocrx_word' id='word_1_696' title='bbox 1248 5353 1309 5401; x_wconf 91' lang='lat' dir='ltr'><strong>ut</strong></span> <span class='ocrx_word' id='word_1_697' title='bbox 1341 5346 1435 5416; x_wconf 87' lang='lat' dir='ltr'><strong>qui</strong></span> <span class='ocrx_word' id='word_1_698' title='bbox 1496 5347 1731 5413; x_wconf 82' lang='lat' dir='ltr'><strong>vivunt,</strong></span> <span class='ocrx_word' id='word_1_699' title='bbox 1783 5363 1897 5405; x_wconf 79' lang='lat' dir='ltr'><strong>non</strong></span> <span class='ocrx_word' id='word_1_700' title='bbox 1922 5348 2034 5419; x_wconf 76' lang='lat' dir='ltr'><strong>jam</strong></span> 
     </span>
    </p>
   </div>
   <div class='ocr_carea' id='block_1_87' title="bbox 449 5436 2032 5509">
    <p class='ocr_par' dir='ltr' id='par_1_87' title="bbox 449 5436 2032 5509">
     <span class='ocr_line' id='line_1_87' title="bbox 449 5436 2032 5509; baseline -0.003 -9"><span class='ocrx_word' id='word_1_701' title='bbox 449 5441 557 5501; x_wconf 85' lang='lat' dir='ltr'><strong>sibi</strong></span> <span class='ocrx_word' id='word_1_702' title='bbox 606 5437 794 5493; x_wconf 85' lang='lat' dir='ltr'><strong>vivant</strong></span> <span class='ocrx_word' id='word_1_703' title='bbox 823 5478 836 5498; x_wconf 88' lang='lat'><strong>,</strong></span> <span class='ocrx_word' id='word_1_704' title='bbox 903 5436 998 5493; x_wconf 85' lang='lat' dir='ltr'><strong>sed</strong></span> <span class='ocrx_word' id='word_1_705' title='bbox 1052 5436 1102 5492; x_wconf 89' lang='lat' dir='ltr'><strong>ei</strong></span> <span class='ocrx_word' id='word_1_706' title='bbox 1162 5438 1257 5507; x_wconf 82' lang='lat' dir='ltr'><strong>qui</strong></span> <span class='ocrx_word' id='word_1_707' title='bbox 1298 5454 1397 5508; x_wconf 85' lang='lat' dir='ltr'><strong>pro</strong></span> <span class='ocrx_word' id='word_1_708' title='bbox 1437 5439 1570 5509; x_wconf 87' lang='lat' dir='ltr'><strong>ipsis</strong></span> <span class='ocrx_word' id='word_1_709' title='bbox 1610 5448 1864 5495; x_wconf 88' lang='lat' dir='ltr'><strong>mortuus</strong></span> <span class='ocrx_word' id='word_1_710' title='bbox 1915 5451 2032 5508; x_wconf 90' lang='lat' dir='ltr'><strong>est,</strong></span> 
     </span>
    </p>
   </div>
   <div class='ocr_carea' id='block_1_88' title="bbox 448 5528 2029 5602">
    <p class='ocr_par' dir='ltr' id='par_1_88' title="bbox 448 5528 2029 5602">
     <span class='ocr_line' id='line_1_88' title="bbox 448 5528 2029 5602; baseline -0.001 -14"><span class='ocrx_word' id='word_1_711' title='bbox 448 5541 505 5589; x_wconf 90' lang='lat' dir='ltr'><strong>et</strong></span> <span class='ocrx_word' id='word_1_712' title='bbox 555 5528 891 5593; x_wconf 68' lang='lat' dir='ltr'><strong>resurrexit,</strong></span> <span class='ocrx_word' id='word_1_713' title='bbox 928 5547 947 5580; x_wconf 76' lang='grc' dir='ltr'><strong>ι</strong></span> <span class='ocrx_word' id='word_1_714' title='bbox 987 5538 1049 5583; x_wconf 85' lang='lat' dir='ltr'><strong>ut</strong></span> <span class='ocrx_word' id='word_1_715' title='bbox 1112 5530 1379 5599; x_wconf 87' lang='lat' dir='ltr'><strong>scriptum</strong></span> <span class='ocrx_word' id='word_1_716' title='bbox 1423 5531 1565 5586; x_wconf 67' lang='lat' dir='ltr'><strong>est“.</strong></span> <span class='ocrx_word' id='word_1_717' title='bbox 1622 5529 1780 5597; x_wconf 81' lang='lat' dir='ltr'><strong>Quod</strong></span> <span class='ocrx_word' id='word_1_718' title='bbox 1846 5530 2029 5602; x_wconf 83' lang='lat' dir='ltr'><strong>itaque</strong></span> 
     </span>
    </p>
   </div>
   <div class='ocr_carea' id='block_1_89' title="bbox 447 5619 2032 5693">
    <p class='ocr_par' dir='ltr' id='par_1_89' title="bbox 447 5619 2032 5693">
     <span class='ocr_line' id='line_1_89' title="bbox 447 5619 2032 5693; baseline -0.001 -14"><span class='ocrx_word' id='word_1_719' title='bbox 447 5624 620 5679; x_wconf 87' lang='lat' dir='ltr'><strong>altare</strong></span> <span class='ocrx_word' id='word_1_720' title='bbox 645 5619 853 5675; x_wconf 88' lang='lat' dir='ltr'><strong>incensi</strong></span> <span class='ocrx_word' id='word_1_721' title='bbox 881 5634 1109 5676; x_wconf 84' lang='lat' dir='ltr'><strong>aureum</strong></span> <span class='ocrx_word' id='word_1_722' title='bbox 1148 5621 1415 5691; x_wconf 83' lang='lat' dir='ltr'><strong>sanguine</strong></span> <span class='ocrx_word' id='word_1_723' title='bbox 1445 5621 1793 5691; x_wconf 86' lang='lat' dir='ltr'><strong>perungitur,</strong></span> <span class='ocrx_word' id='word_1_724' title='bbox 1828 5621 1883 5677; x_wconf 87' lang='lat' dir='ltr'><strong>id</strong></span> <span class='ocrx_word' id='word_1_725' title='bbox 1910 5624 2032 5693; x_wconf 87' lang='lat' dir='ltr'><strong>ejus</strong></span> 
     </span>
    </p>
   </div>
   <div class='ocr_carea' id='block_1_90' title="bbox 447 5710 2028 5784">
    <p class='ocr_par' dir='ltr' id='par_1_90' title="bbox 447 5710 2028 5784">
     <span class='ocr_line' id='line_1_90' title="bbox 447 5710 2028 5784; baseline 0.001 -15"><span class='ocrx_word' id='word_1_726' title='bbox 447 5711 645 5769; x_wconf 87' lang='lat' dir='ltr'><strong>mortis</strong></span> <span class='ocrx_word' id='word_1_727' title='bbox 673 5710 1025 5780; x_wconf 71' lang='lat' dir='ltr'><strong>frugi-entiam</strong></span> <span class='ocrx_word' id='word_1_728' title='bbox 1053 5710 1346 5784; x_wconf 82' lang='lat' dir='ltr'><strong>signiﬁcat.</strong></span> <span class='ocrx_word' id='word_1_729' title='bbox 1377 5712 1694 5768; x_wconf 82' lang='lat' dir='ltr'><strong>Eﬁ‘unditur</strong></span> <span class='ocrx_word' id='word_1_730' title='bbox 1713 5716 2028 5770; x_wconf 78' lang='lat' dir='ltr'><strong>veroetiam</strong></span> 
     </span>
    </p>
   </div>
   <div class='ocr_carea' id='block_1_91' title="bbox 519 5818 1580 5916">
    <p class='ocr_par' dir='ltr' id='par_1_91' title="bbox 519 5818 1580 5916">
     <span class='ocr_line' id='line_1_91' title="bbox 519 5818 1580 5916; baseline 0.006 -20"><span class='ocrx_word' id='word_1_731' title='bbox 519 5846 568 5916; x_wconf 63' lang='grc'><strong>9⁸</strong></span> <span class='ocrx_word' id='word_1_732' title='bbox 586 5818 742 5902; x_wconf 67' lang='lat' dir='ltr'><strong>Joan.</strong></span> <span class='ocrx_word' id='word_1_733' title='bbox 772 5861 881 5916; x_wconf 70' lang='lat' dir='ltr'><strong>xiv.</strong></span> <span class='ocrx_word' id='word_1_734' title='bbox 906 5845 995 5901; x_wconf 76' lang='grc'><strong>50.</strong></span> <span class='ocrx_word' id='word_1_735' title='bbox 1089 5848 1133 5880; x_wconf 85' lang='grc'><strong>⁹⁹</strong></span> <span class='ocrx_word' id='word_1_736' title='bbox 1168 5847 1188 5902; x_wconf 85' lang='lat' dir='ltr'><strong>l</strong></span> <span class='ocrx_word' id='word_1_737' title='bbox 1226 5847 1376 5902; x_wconf 88' lang='lat' dir='ltr'><strong>Petr.</strong></span> <span class='ocrx_word' id='word_1_738' title='bbox 1406 5861 1472 5916; x_wconf 84' lang='grc' dir='ltr'><strong>ιι,</strong></span> <span class='ocrx_word' id='word_1_739' title='bbox 1491 5846 1580 5902; x_wconf 69' lang='lat'><strong>22.</strong></span> 
     </span>
    </p>
   </div>
   <div class='ocr_carea' id='block_1_92' title="bbox 454 5913 905 5984">
    <p class='ocr_par' dir='ltr' id='par_1_92' title="bbox 454 5913 905 5984">
     <span class='ocr_line' id='line_1_92' title="bbox 454 5913 905 5984; baseline -0.018 -8"><span class='ocrx_word' id='word_1_740' title='bbox 454 5913 479 5948; x_wconf 86' lang='grc'>⁸</span> <span class='ocrx_word' id='word_1_741' title='bbox 516 5915 692 5975; x_wconf 84' lang='lat' dir='ltr'><strong>lCor.</strong></span> <span class='ocrx_word' id='word_1_742' title='bbox 732 5932 785 5984; x_wconf 89' lang='lat' dir='ltr'><strong>v,</strong></span> <span class='ocrx_word' id='word_1_743' title='bbox 815 5915 905 5969; x_wconf 78' lang='lat' dir='ltr'><strong>M.</strong></span> 
     </span>
    </p>
   </div>
   <div class='ocr_carea' id='block_1_93' title="bbox 1699 5850 2205 5919">
    <p class='ocr_par' dir='ltr' id='par_1_93' title="bbox 1699 5850 2205 5919">
     <span class='ocr_line' id='line_1_93' title="bbox 1699 5850 2205 5919; baseline 0.014 -15"><span class='ocrx_word' id='word_1_744' title='bbox 1699 5850 1711 5880; x_wconf 87' lang='lat'>&#39;</span> <span class='ocrx_word' id='word_1_745' title='bbox 1745 5850 1901 5906; x_wconf 86' lang='lat' dir='ltr'><strong>Joan.</strong></span> <span class='ocrx_word' id='word_1_746' title='bbox 1953 5867 2083 5919; x_wconf 79' lang='lat' dir='ltr'><strong>xvn,</strong></span> <span class='ocrx_word' id='word_1_747' title='bbox 2116 5853 2205 5911; x_wconf 75' lang='lat' dir='ltr'><strong>l9.</strong></span> 
     </span>
    </p>
   </div>
   <div class='ocr_carea' id='block_1_94' title="bbox 2137 3514 3722 3589">
    <p class='ocr_par' dir='ltr' id='par_1_94' title="bbox 2137 3514 3722 3589">
     <span class='ocr_line' id='line_1_94' title="bbox 2137 3514 3722 3589; baseline 0.002 -21"><span class='ocrx_word' id='word_1_748' title='bbox 2137 3516 2257 3589; x_wconf 83' lang='grc' dir='ltr'>ρίου</span> <span class='ocrx_word' id='word_1_749' title='bbox 2301 3514 2569 3586; x_wconf 73' lang='grc' dir='ltr'>σφάζεται</span> <span class='ocrx_word' id='word_1_750' title='bbox 2589 3554 2605 3580; x_wconf 89' lang='grc'><strong>,</strong></span> <span class='ocrx_word' id='word_1_751' title='bbox 2636 3514 2921 3586; x_wconf 69' lang='grc' dir='ltr'>μονονουχὶ</span> <span class='ocrx_word' id='word_1_752' title='bbox 2949 3516 3045 3569; x_wconf 72' lang='grc' dir='ltr'>καὶ</span> <span class='ocrx_word' id='word_1_753' title='bbox 3073 3516 3603 3585; x_wconf 79' lang='grc' dir='ltr'>συγκαταϐαίνοντος</span> <span class='ocrx_word' id='word_1_754' title='bbox 3626 3516 3722 3571; x_wconf 80' lang='grc' dir='ltr'><strong>τοῦ</strong></span> 
     </span>
    </p>
   </div>
   <div class='ocr_carea' id='block_1_95' title="bbox 2136 3604 3722 3681">
    <p class='ocr_par' dir='ltr' id='par_1_95' title="bbox 2136 3604 3722 3681">
     <span class='ocr_line' id='line_1_95' title="bbox 2136 3604 3722 3681; baseline -0.001 -17"><span class='ocrx_word' id='word_1_755' title='bbox 2136 3608 2352 3680; x_wconf 75' lang='grc' dir='ltr'>Πατρδς</span> <span class='ocrx_word' id='word_1_756' title='bbox 2386 3610 2467 3673; x_wconf 81' lang='grc' dir='ltr'><strong>εἰς</strong></span> <span class='ocrx_word' id='word_1_757' title='bbox 2494 3607 2557 3662; x_wconf 78' lang='grc' dir='ltr'><strong>τὸ</strong></span> <span class='ocrx_word' id='word_1_758' title='bbox 2587 3607 2700 3662; x_wconf 80' lang='grc' dir='ltr'>δεῖν</span> <span class='ocrx_word' id='word_1_759' title='bbox 2725 3604 2869 3681; x_wconf 77' lang='grc' dir='ltr'>ὑπὲρ</span> <span class='ocrx_word' id='word_1_760' title='bbox 2895 3607 3056 3679; x_wconf 82' lang='grc' dir='ltr'>ἡμῶν</span> <span class='ocrx_word' id='word_1_761' title='bbox 3089 3608 3407 3663; x_wconf 74' lang='grc' dir='ltr'>ὲκτεθνὰναι</span> <span class='ocrx_word' id='word_1_762' title='bbox 3442 3608 3534 3665; x_wconf 76' lang='grc' dir='ltr'>τὸν</span> <span class='ocrx_word' id='word_1_763' title='bbox 3573 3608 3722 3663; x_wconf 67' lang='grc' dir='ltr'>Υἱόνθ</span> 
     </span>
    </p>
   </div>
   <div class='ocr_carea' id='block_1_96' title="bbox 2134 3699 3722 3773">
    <p class='ocr_par' dir='ltr' id='par_1_96' title="bbox 2134 3699 3722 3773">
     <span class='ocr_line' id='line_1_96' title="bbox 2134 3699 3722 3773; baseline 0 -17"><span class='ocrx_word' id='word_1_764' title='bbox 2134 3703 2198 3757; x_wconf 80' lang='lat'><em>06</em></span> <span class='ocrx_word' id='word_1_765' title='bbox 2238 3702 2347 3773; x_wconf 81' lang='grc' dir='ltr'><strong>γὰρ</strong></span> <span class='ocrx_word' id='word_1_766' title='bbox 2379 3701 2787 3773; x_wconf 78' lang='grc' dir='ltr'>ἀποστρέφεται</span> <span class='ocrx_word' id='word_1_767' title='bbox 2839 3699 3185 3773; x_wconf 70' lang='grc' dir='ltr'>σφαζόμενον</span> <span class='ocrx_word' id='word_1_768' title='bbox 3232 3701 3470 3773; x_wconf 83' lang='grc' dir='ltr'>βλέπων,</span> <span class='ocrx_word' id='word_1_769' title='bbox 3518 3704 3616 3757; x_wconf 76' lang='grc' dir='ltr'>καὶ</span> <span class='ocrx_word' id='word_1_770' title='bbox 3659 3702 3722 3756; x_wconf 81' lang='grc' dir='ltr'>οὐ</span> 
     </span>
    </p>
   </div>
   <div class='ocr_carea' id='block_1_97' title="bbox 2135 3792 3724 3867">
    <p class='ocr_par' dir='ltr' id='par_1_97' title="bbox 2135 3792 3724 3867">
     <span class='ocr_line' id='line_1_97' title="bbox 2135 3792 3724 3867; baseline 0.001 -19"><span class='ocrx_word' id='word_1_771' title='bbox 2135 3794 2199 3867; x_wconf 81' lang='grc' dir='ltr'>δή</span> <span class='ocrx_word' id='word_1_772' title='bbox 2229 3811 2330 3847; x_wconf 83' lang='grc' dir='ltr'><strong>που</strong></span> <span class='ocrx_word' id='word_1_773' title='bbox 2365 3792 2585 3859; x_wconf 79' lang='grc' dir='ltr'>πάντως</span> <span class='ocrx_word' id='word_1_774' title='bbox 2610 3792 2672 3847; x_wconf 81' lang='grc' dir='ltr'>τὸ</span> <span class='ocrx_word' id='word_1_775' title='bbox 2698 3793 2893 3847; x_wconf 81' lang='grc' dir='ltr'>παθεῖν</span> <span class='ocrx_word' id='word_1_776' title='bbox 2934 3792 3193 3861; x_wconf 75' lang='grc' dir='ltr'>ἐπαινῶν,</span> <span class='ocrx_word' id='word_1_777' title='bbox 3222 3794 3326 3847; x_wconf 80' lang='grc' dir='ltr'>οὐκ</span> <span class='ocrx_word' id='word_1_778' title='bbox 3347 3793 3637 3866; x_wconf 83' lang='grc' dir='ltr'>ὴγνοηκὼς</span> <span class='ocrx_word' id='word_1_779' title='bbox 3665 3794 3724 3849; x_wconf 75' lang='grc' dir='ltr'>δὲ</span> 
     </span>
    </p>
   </div>
   <div class='ocr_carea' id='block_1_98' title="bbox 2135 3883 3726 3960">
    <p class='ocr_par' dir='ltr' id='par_1_98' title="bbox 2135 3883 3726 3960">
     <span class='ocr_line' id='line_1_98' title="bbox 2135 3883 3726 3960; baseline 0.001 -21"><span class='ocrx_word' id='word_1_780' title='bbox 2135 3885 2217 3939; x_wconf 82' lang='grc' dir='ltr'>ὅτι</span> <span class='ocrx_word' id='word_1_781' title='bbox 2253 3884 2519 3957; x_wconf 83' lang='grc' dir='ltr'>σωτήριόν</span> <span class='ocrx_word' id='word_1_782' title='bbox 2568 3887 2685 3939; x_wconf 74' lang='grc' dir='ltr'>ἐστι</span> <span class='ocrx_word' id='word_1_783' title='bbox 2718 3883 2796 3956; x_wconf 80' lang='grc' dir='ltr'><strong>τῷ</strong></span> <span class='ocrx_word' id='word_1_784' title='bbox 2843 3885 3034 3957; x_wconf 87' lang='grc' dir='ltr'>κόσμῳ</span> <span class='ocrx_word' id='word_1_785' title='bbox 3065 3886 3127 3939; x_wconf 82' lang='grc' dir='ltr'>τὸ</span> <span class='ocrx_word' id='word_1_786' title='bbox 3158 3885 3353 3940; x_wconf 80' lang='grc' dir='ltr'>παθεῖν</span> <span class='ocrx_word' id='word_1_787' title='bbox 3396 3886 3541 3960; x_wconf 76' lang='grc' dir='ltr'>ὑπὲρ</span> <span class='ocrx_word' id='word_1_788' title='bbox 3566 3886 3726 3959; x_wconf 73' lang='grc' dir='ltr'>ἡμῶν</span> 
     </span>
    </p>
   </div>
   <div class='ocr_carea' id='block_1_99' title="bbox 2133 3975 3727 4052">
    <p class='ocr_par' dir='ltr' id='par_1_99' title="bbox 2133 3975 3727 4052">
     <span class='ocr_line' id='line_1_99' title="bbox 2133 3975 3727 4052; baseline 0.001 -19"><span class='ocrx_word' id='word_1_789' title='bbox 2133 3978 2226 4033; x_wconf 78' lang='grc' dir='ltr'><strong>τὸν</strong></span> <span class='ocrx_word' id='word_1_790' title='bbox 2261 3978 2317 4033; x_wconf 82' lang='grc' dir='ltr'><strong>Ἐ</strong></span> <span class='ocrx_word' id='word_1_791' title='bbox 2327 3978 2628 4049; x_wconf 88' lang='grc' dir='ltr'>μμανουήλ.</span> <span class='ocrx_word' id='word_1_792' title='bbox 2652 3975 2867 4031; x_wconf 76' lang='grc' dir='ltr'>Οὐκοῦν</span> <span class='ocrx_word' id='word_1_793' title='bbox 2894 3978 3058 4041; x_wconf 75' lang='grc' dir='ltr'>αὐτὸς</span> <span class='ocrx_word' id='word_1_794' title='bbox 3077 3978 3236 4049; x_wconf 76' lang='grc' dir='ltr'><strong>ἡμῶν</strong></span> <span class='ocrx_word' id='word_1_795' title='bbox 3258 3980 3402 4052; x_wconf 74' lang='grc' dir='ltr'>αἴρει</span> <span class='ocrx_word' id='word_1_796' title='bbox 3424 3982 3524 4043; x_wconf 69' lang='grc' dir='ltr'><strong>τὰς</strong></span> <span class='ocrx_word' id='word_1_797' title='bbox 3546 3982 3727 4052; x_wconf 82' lang='grc' dir='ltr'>ἁμαρ-</span> 
     </span>
    </p>
   </div>
   <div class='ocr_carea' id='block_1_100' title="bbox 2132 4068 3726 4145">
    <p class='ocr_par' dir='ltr' id='par_1_100' title="bbox 2132 4068 3726 4145">
     <span class='ocr_line' id='line_1_100' title="bbox 2132 4068 3726 4145; baseline 0.002 -21"><span class='ocrx_word' id='word_1_798' title='bbox 2132 4070 2278 4134; x_wconf 85' lang='grc' dir='ltr'>τίας,</span> <span class='ocrx_word' id='word_1_799' title='bbox 2317 4069 2414 4123; x_wconf 76' lang='grc' dir='ltr'>καὶ</span> <span class='ocrx_word' id='word_1_800' title='bbox 2461 4068 2603 4139; x_wconf 79' lang='grc' dir='ltr'>ὑπὲρ</span> <span class='ocrx_word' id='word_1_801' title='bbox 2657 4068 2816 4140; x_wconf 82' lang='grc' dir='ltr'><strong>ἡμῶν</strong></span> <span class='ocrx_word' id='word_1_802' title='bbox 2860 4069 3134 4136; x_wconf 75' lang='grc' dir='ltr'>ὀδυνᾶται,</span> <span class='ocrx_word' id='word_1_803' title='bbox 3179 4072 3279 4143; x_wconf 79' lang='grc' dir='ltr'>τὴν</span> <span class='ocrx_word' id='word_1_804' title='bbox 3317 4073 3412 4125; x_wconf 66' lang='grc' dir='ltr'><strong>ἐπὶ</strong></span> <span class='ocrx_word' id='word_1_805' title='bbox 3444 4071 3523 4143; x_wconf 77' lang='grc' dir='ltr'><strong>τῷ</strong></span> <span class='ocrx_word' id='word_1_806' title='bbox 3559 4074 3726 4145; x_wconf 79' lang='grc' dir='ltr'>τιμίῳ</span> 
     </span>
    </p>
   </div>
   <div class='ocr_carea' id='block_1_101' title="bbox 2135 4159 3726 4235">
    <p class='ocr_par' dir='ltr' id='par_1_101' title="bbox 2135 4159 3726 4235">
     <span class='ocr_line' id='line_1_101' title="bbox 2135 4159 3726 4235; baseline 0.003 -19"><span class='ocrx_word' id='word_1_807' title='bbox 2135 4160 2356 4232; x_wconf 85' lang='grc' dir='ltr'>σταυρῷ</span> <span class='ocrx_word' id='word_1_808' title='bbox 2406 4160 2472 4214; x_wconf 85' lang='grc' dir='ltr'><strong>δι’</strong></span> <span class='ocrx_word' id='word_1_809' title='bbox 2500 4162 2649 4232; x_wconf 69' lang='grc' dir='ltr'>ἡμᾶς</span> <span class='ocrx_word' id='word_1_810' title='bbox 2691 4160 2981 4232; x_wconf 79' lang='grc' dir='ltr'>ὑπομένων</span> <span class='ocrx_word' id='word_1_811' title='bbox 3024 4164 3264 4235; x_wconf 80' lang='grc' dir='ltr'>σφαγήν.</span> <span class='ocrx_word' id='word_1_812' title='bbox 3309 4159 3441 4221; x_wconf 73' lang='grc' dir='ltr'>Εἶτα</span> <span class='ocrx_word' id='word_1_813' title='bbox 3482 4164 3661 4218; x_wconf 76' lang='grc' dir='ltr'>λαϐὼν</span> <span class='ocrx_word' id='word_1_814' title='bbox 3695 4168 3726 4220; x_wconf 90' lang='lat'><strong>6</strong></span> 
     </span>
    </p>
   </div>
   <div class='ocr_carea' id='block_1_102' title="bbox 2136 4251 3727 4329">
    <p class='ocr_par' dir='ltr' id='par_1_102' title="bbox 2136 4251 3727 4329">
     <span class='ocr_line' id='line_1_102' title="bbox 2136 4251 3727 4329; baseline 0.002 -20"><span class='ocrx_word' id='word_1_815' title='bbox 2136 4255 2317 4327; x_wconf 77' lang='grc' dir='ltr'>ἱερεὺς</span> <span class='ocrx_word' id='word_1_816' title='bbox 2335 4252 2444 4307; x_wconf 76' lang='grc' dir='ltr'><strong>ἀπὸ</strong></span> <span class='ocrx_word' id='word_1_817' title='bbox 2460 4251 2554 4306; x_wconf 77' lang='grc' dir='ltr'>τοῦ</span> <span class='ocrx_word' id='word_1_818' title='bbox 2578 4253 2809 4323; x_wconf 81' lang='grc' dir='ltr'>αἵματος</span> <span class='ocrx_word' id='word_1_819' title='bbox 2840 4252 2919 4325; x_wconf 84' lang='grc' dir='ltr'>τῷ</span> <span class='ocrx_word' id='word_1_820' title='bbox 2948 4252 3218 4328; x_wconf 74' lang='grc' dir='ltr'>δακτύλῳ,</span> <span class='ocrx_word' id='word_1_821' title='bbox 3247 4258 3400 4329; x_wconf 80' lang='grc' dir='ltr'>ρανεῖ</span> <span class='ocrx_word' id='word_1_822' title='bbox 3427 4258 3525 4329; x_wconf 77' lang='grc' dir='ltr'><strong>μὲν</strong></span> <span class='ocrx_word' id='word_1_823' title='bbox 3559 4257 3727 4313; x_wconf 77' lang='grc' dir='ltr'>ἑπτά-</span> 
     </span>
    </p>
   </div>
   <div class='ocr_carea' id='block_1_103' title="bbox 2134 4340 3726 4421">
    <p class='ocr_par' dir='ltr' id='par_1_103' title="bbox 2134 4340 3726 4421">
     <span class='ocr_line' id='line_1_103' title="bbox 2134 4340 3726 4421; baseline -0.007 -19"><span class='ocrx_word' id='word_1_824' title='bbox 2134 4364 2221 4410; x_wconf 88' lang='grc' dir='ltr'><strong>κις</strong></span> <span class='ocrx_word' id='word_1_825' title='bbox 2250 4347 2344 4401; x_wconf 64' lang='grc' dir='ltr'><strong>ἐπὶ</strong></span> <span class='ocrx_word' id='word_1_826' title='bbox 2374 4345 2436 4400; x_wconf 82' lang='grc' dir='ltr'>τὸ</span> <span class='ocrx_word' id='word_1_827' title='bbox 2465 4340 2869 4417; x_wconf 74' lang='grc' dir='ltr'>καταπέτασμα</span> <span class='ocrx_word' id='word_1_828' title='bbox 2907 4347 2970 4400; x_wconf 84' lang='grc' dir='ltr'>τὸ</span> <span class='ocrx_word' id='word_1_829' title='bbox 3001 4346 3178 4416; x_wconf 67' lang='grc' dir='ltr'>ἅγιον,</span> <span class='ocrx_word' id='word_1_830' title='bbox 3213 4348 3245 4402; x_wconf 82' lang='grc' dir='ltr'>ὂ</span> <span class='ocrx_word' id='word_1_831' title='bbox 3280 4344 3350 4420; x_wconf 81' lang='grc' dir='ltr'>ἦν</span> <span class='ocrx_word' id='word_1_832' title='bbox 3382 4351 3477 4403; x_wconf 70' lang='grc' dir='ltr'><strong>ἐπὶ</strong></span> <span class='ocrx_word' id='word_1_833' title='bbox 3505 4351 3606 4421; x_wconf 77' lang='grc' dir='ltr'>τῆς</span> <span class='ocrx_word' id='word_1_834' title='bbox 3637 4368 3726 4404; x_wconf 77' lang='grc' dir='ltr'><strong>κι.</strong></span> 
     </span>
    </p>
   </div>
   <div class='ocr_carea' id='block_1_104' title="bbox 2133 4436 3726 4515">
    <p class='ocr_par' dir='ltr' id='par_1_104' title="bbox 2133 4436 3726 4515">
     <span class='ocr_line' id='line_1_104' title="bbox 2133 4436 3726 4515; baseline 0.004 -24"><span class='ocrx_word' id='word_1_835' title='bbox 2133 4436 2334 4494; x_wconf 79' lang='grc' dir='ltr'>δωτοῢ.</span> <span class='ocrx_word' id='word_1_836' title='bbox 2377 4439 2592 4509; x_wconf 87' lang='grc' dir='ltr'>Ὀνομα</span> <span class='ocrx_word' id='word_1_837' title='bbox 2624 4438 2683 4490; x_wconf 77' lang='grc' dir='ltr'>δὲ</span> <span class='ocrx_word' id='word_1_838' title='bbox 2728 4437 2900 4508; x_wconf 83' lang='grc' dir='ltr'>αὐτῷ,</span> <span class='ocrx_word' id='word_1_839' title='bbox 2934 4439 2996 4492; x_wconf 79' lang='grc' dir='ltr'>τὸ</span> <span class='ocrx_word' id='word_1_840' title='bbox 3040 4439 3372 4512; x_wconf 66' lang='grc' dir='ltr'>ἱλαστήριον.</span> <span class='ocrx_word' id='word_1_841' title='bbox 3423 4442 3726 4515; x_wconf 75' lang='grc' dir='ltr'>Καταχρίει</span> 
     </span>
    </p>
   </div>
   <div class='ocr_carea' id='block_1_105' title="bbox 2131 4529 3720 4604">
    <p class='ocr_par' dir='ltr' id='par_1_105' title="bbox 2131 4529 3720 4604">
     <span class='ocr_line' id='line_1_105' title="bbox 2131 4529 3720 4604; baseline 0.003 -20"><span class='ocrx_word' id='word_1_842' title='bbox 2131 4530 2189 4584; x_wconf 73' lang='grc' dir='ltr'>δὲ</span> <span class='ocrx_word' id='word_1_843' title='bbox 2217 4530 2314 4584; x_wconf 72' lang='grc' dir='ltr'>καὶ</span> <span class='ocrx_word' id='word_1_844' title='bbox 2340 4529 2407 4585; x_wconf 68' lang='grc' dir='ltr'>τὰ</span> <span class='ocrx_word' id='word_1_845' title='bbox 2433 4529 2641 4601; x_wconf 84' lang='grc' dir='ltr'>κέρατα</span> <span class='ocrx_word' id='word_1_846' title='bbox 2667 4529 2765 4583; x_wconf 76' lang='grc' dir='ltr'>τοῦ</span> <span class='ocrx_word' id='word_1_847' title='bbox 2791 4529 3185 4604; x_wconf 82' lang='grc' dir='ltr'>θυσιαστηρίου</span> <span class='ocrx_word' id='word_1_848' title='bbox 3219 4533 3315 4586; x_wconf 81' lang='grc' dir='ltr'>τοῦ</span> <span class='ocrx_word' id='word_1_849' title='bbox 3347 4531 3720 4604; x_wconf 82' lang='grc' dir='ltr'>θυμιάματος.</span> 
     </span>
    </p>
   </div>
   <div class='ocr_carea' id='block_1_106' title="bbox 2134 4622 3726 4699">
    <p class='ocr_par' dir='ltr' id='par_1_106' title="bbox 2134 4622 3726 4699">
     <span class='ocr_line' id='line_1_106' title="bbox 2134 4622 3726 4699; baseline 0.001 -22"><span class='ocrx_word' id='word_1_850' title='bbox 2134 4623 2331 4694; x_wconf 82' lang='grc' dir='ltr'>Γέγονε</span> <span class='ocrx_word' id='word_1_851' title='bbox 2366 4623 2476 4694; x_wconf 80' lang='grc' dir='ltr'><strong>γὰρ</strong></span> <span class='ocrx_word' id='word_1_852' title='bbox 2509 4624 2641 4694; x_wconf 76' lang='grc' dir='ltr'>ἡμῖν</span> <span class='ocrx_word' id='word_1_853' title='bbox 2671 4622 2897 4693; x_wconf 75' lang='grc' dir='ltr'>ἱλασμός</span> <span class='ocrx_word' id='word_1_854' title='bbox 2927 4639 2989 4678; x_wconf 77' lang='grc' dir='ltr'><strong>τε</strong></span> <span class='ocrx_word' id='word_1_855' title='bbox 3033 4625 3127 4681; x_wconf 79' lang='grc' dir='ltr'>καὶ</span> <span class='ocrx_word' id='word_1_856' title='bbox 3173 4627 3507 4699; x_wconf 80' lang='grc' dir='ltr'>ίλαστήριον,</span> <span class='ocrx_word' id='word_1_857' title='bbox 3539 4630 3569 4681; x_wconf 91' lang='lat'><strong>6</strong></span> <span class='ocrx_word' id='word_1_858' title='bbox 3593 4627 3726 4698; x_wconf 81' lang='grc' dir='ltr'>Χρι-</span> 
     </span>
    </p>
   </div>
   <div class='ocr_carea' id='block_1_107' title="bbox 2133 4714 3749 4788">
    <p class='ocr_par' dir='ltr' id='par_1_107' title="bbox 2133 4714 3749 4788">
     <span class='ocr_line' id='line_1_107' title="bbox 2133 4714 3749 4788; baseline -0.001 -17"><span class='ocrx_word' id='word_1_859' title='bbox 2133 4716 2276 4780; x_wconf 85' lang='grc' dir='ltr'>στός.</span> <span class='ocrx_word' id='word_1_860' title='bbox 2314 4714 2482 4786; x_wconf 79' lang='grc' dir='ltr'>Πλὴν,</span> <span class='ocrx_word' id='word_1_861' title='bbox 2507 4715 2566 4768; x_wconf 68' lang='grc' dir='ltr'><strong>ἒν</strong></span> <span class='ocrx_word' id='word_1_862' title='bbox 2596 4714 2784 4784; x_wconf 73' lang='grc' dir='ltr'>αἵματι</span> <span class='ocrx_word' id='word_1_863' title='bbox 2812 4714 3078 4788; x_wconf 75' lang='grc' dir='ltr'>διαθήκης</span> <span class='ocrx_word' id='word_1_864' title='bbox 3100 4717 3347 4782; x_wconf 74' lang='grc' dir='ltr'>αἰωνίου,</span> <span class='ocrx_word' id='word_1_865' title='bbox 3380 4717 3749 4788; x_wconf 79' lang='grc' dir='ltr'>τελεωτάτην-</span> 
     </span>
    </p>
   </div>
   <div class='ocr_carea' id='block_1_108' title="bbox 2133 4805 3722 4882">
    <p class='ocr_par' dir='ltr' id='par_1_108' title="bbox 2133 4805 3722 4882">
     <span class='ocr_line' id='line_1_108' title="bbox 2133 4805 3722 4882; baseline 0.001 -20"><span class='ocrx_word' id='word_1_866' title='bbox 2133 4810 2263 4881; x_wconf 85' lang='grc' dir='ltr'>ὴμῖν</span> <span class='ocrx_word' id='word_1_867' title='bbox 2304 4808 2557 4879; x_wconf 80' lang='grc' dir='ltr'>δωρεῖται</span> <span class='ocrx_word' id='word_1_868' title='bbox 2595 4805 2696 4877; x_wconf 74' lang='grc' dir='ltr'>τὴν</span> <span class='ocrx_word' id='word_1_869' title='bbox 2741 4806 3142 4881; x_wconf 78' lang='grc' dir='ltr'>ἀποκάθαρσιν.</span> <span class='ocrx_word' id='word_1_870' title='bbox 3182 4809 3353 4864; x_wconf 68' lang='grc' dir='ltr'>Τοῦτο</span> <span class='ocrx_word' id='word_1_871' title='bbox 3384 4811 3516 4882; x_wconf 83' lang='grc' dir='ltr'><strong>γὰρ,</strong></span> <span class='ocrx_word' id='word_1_872' title='bbox 3546 4806 3722 4881; x_wconf 80' lang='grc' dir='ltr'>οἶμαι,</span> 
     </span>
    </p>
   </div>
   <div class='ocr_carea' id='block_1_109' title="bbox 2133 4897 3727 4972">
    <p class='ocr_par' dir='ltr' id='par_1_109' title="bbox 2133 4897 3727 4972">
     <span class='ocr_line' id='line_1_109' title="bbox 2133 4897 3727 4972; baseline 0.001 -20"><span class='ocrx_word' id='word_1_873' title='bbox 2133 4900 2275 4965; x_wconf 69' lang='grc' dir='ltr'>ἐστὶ,</span> <span class='ocrx_word' id='word_1_874' title='bbox 2308 4898 2370 4951; x_wconf 79' lang='grc' dir='ltr'>τὸ</span> <span class='ocrx_word' id='word_1_875' title='bbox 2404 4897 2636 4962; x_wconf 76' lang='grc' dir='ltr'>ἑπτάκις</span> <span class='ocrx_word' id='word_1_876' title='bbox 2669 4897 2945 4968; x_wconf 72' lang='grc' dir='ltr'>ῥαίνεσθαι</span> <span class='ocrx_word' id='word_1_877' title='bbox 2974 4899 3054 4972; x_wconf 80' lang='grc' dir='ltr'>τῷ</span> <span class='ocrx_word' id='word_1_878' title='bbox 3081 4900 3269 4972; x_wconf 80' lang='grc' dir='ltr'>αἵματι</span> <span class='ocrx_word' id='word_1_879' title='bbox 3304 4901 3367 4954; x_wconf 72' lang='grc' dir='ltr'>τὸ</span> <span class='ocrx_word' id='word_1_880' title='bbox 3392 4901 3727 4972; x_wconf 56' lang='grc' dir='ltr'>ἱλαστήριον</span> 
     </span>
    </p>
   </div>
   <div class='ocr_carea' id='block_1_110' title="bbox 2134 4986 3725 5063">
    <p class='ocr_par' dir='ltr' id='par_1_110' title="bbox 2134 4986 3725 5063">
     <span class='ocr_line' id='line_1_110' title="bbox 2134 4986 3725 5063; baseline 0.003 -21"><span class='ocrx_word' id='word_1_881' title='bbox 2134 4987 2403 5060; x_wconf 74' lang='grc' dir='ltr'>σύμϐολον</span> <span class='ocrx_word' id='word_1_882' title='bbox 2432 4986 2490 5041; x_wconf 74' lang='grc' dir='ltr'>δὲ</span> <span class='ocrx_word' id='word_1_883' title='bbox 2515 4987 2888 5057; x_wconf 75' lang='grc' dir='ltr'>τελειότητος,</span> <span class='ocrx_word' id='word_1_884' title='bbox 2937 4992 2966 5043; x_wconf 94' lang='lat'><strong>6</strong></span> <span class='ocrx_word' id='word_1_885' title='bbox 3012 4990 3155 5045; x_wconf 71' lang='grc' dir='ltr'>ἐπτὰ</span> <span class='ocrx_word' id='word_1_886' title='bbox 3185 4990 3441 5063; x_wconf 76' lang='grc' dir='ltr'>ἀριθμός.</span> <span class='ocrx_word' id='word_1_887' title='bbox 3485 4989 3725 5047; x_wconf 74' lang='grc' dir='ltr'>Εὐωδιάο</span> 
     </span>
    </p>
   </div>
   <div class='ocr_carea' id='block_1_111' title="bbox 2135 5076 3727 5155">
    <p class='ocr_par' dir='ltr' id='par_1_111' title="bbox 2135 5076 3727 5155">
     <span class='ocr_line' id='line_1_111' title="bbox 2135 5076 3727 5155; baseline 0.003 -23"><span class='ocrx_word' id='word_1_888' title='bbox 2135 5077 2218 5142; x_wconf 76' lang='grc' dir='ltr'>ζει</span> <span class='ocrx_word' id='word_1_889' title='bbox 2240 5078 2350 5150; x_wconf 83' lang='grc' dir='ltr'><strong>γὰρ</strong></span> <span class='ocrx_word' id='word_1_890' title='bbox 2375 5076 2542 5133; x_wconf 77' lang='grc' dir='ltr'>αὐτοῦ</span> <span class='ocrx_word' id='word_1_891' title='bbox 2569 5078 2663 5131; x_wconf 75' lang='grc' dir='ltr'>καὶ</span> <span class='ocrx_word' id='word_1_892' title='bbox 2684 5079 2713 5131; x_wconf 90' lang='lat'><strong>6</strong></span> <span class='ocrx_word' id='word_1_893' title='bbox 2731 5076 2961 5142; x_wconf 77' lang='grc' dir='ltr'>θάνατος</span> <span class='ocrx_word' id='word_1_894' title='bbox 2980 5079 3078 5150; x_wconf 75' lang='grc' dir='ltr'>τὴν</span> <span class='ocrx_word' id='word_1_895' title='bbox 3103 5080 3197 5135; x_wconf 79' lang='grc' dir='ltr'><strong>τοῦ</strong></span> <span class='ocrx_word' id='word_1_896' title='bbox 3220 5081 3427 5151; x_wconf 80' lang='grc' dir='ltr'>κόσμου</span> <span class='ocrx_word' id='word_1_897' title='bbox 3452 5085 3727 5155; x_wconf 85' lang='grc' dir='ltr'>σωτηρίαν</span> 
     </span>
    </p>
   </div>
   <div class='ocr_carea' id='block_1_112' title="bbox 2138 5167 3729 5247">
    <p class='ocr_par' dir='ltr' id='par_1_112' title="bbox 2138 5167 3729 5247">
     <span class='ocr_line' id='line_1_112' title="bbox 2138 5167 3729 5247; baseline 0.004 -24"><span class='ocrx_word' id='word_1_898' title='bbox 2138 5169 2233 5223; x_wconf 76' lang='grc' dir='ltr'>καὶ</span> <span class='ocrx_word' id='word_1_899' title='bbox 2266 5168 2413 5239; x_wconf 75' lang='grc' dir='ltr'>ζωὴν</span> <span class='ocrx_word' id='word_1_900' title='bbox 2447 5169 2540 5223; x_wconf 80' lang='grc' dir='ltr'>καὶ</span> <span class='ocrx_word' id='word_1_901' title='bbox 2571 5169 2672 5240; x_wconf 76' lang='grc' dir='ltr'>τὴν</span> <span class='ocrx_word' id='word_1_902' title='bbox 2703 5169 2763 5221; x_wconf 77' lang='grc' dir='ltr'><strong>ὲν</strong></span> <span class='ocrx_word' id='word_1_903' title='bbox 2805 5168 2986 5224; x_wconf 83' lang='grc' dir='ltr'>πίστει</span> <span class='ocrx_word' id='word_1_904' title='bbox 3020 5173 3408 5242; x_wconf 75' lang='grc' dir='ltr'>προσαγωγήψ</span> <span class='ocrx_word' id='word_1_905' title='bbox 3446 5191 3467 5225; x_wconf 76' lang='grc' dir='ltr'><strong>ο</strong></span> <span class='ocrx_word' id='word_1_906' title='bbox 3496 5167 3592 5237; x_wconf 67' lang='grc' dir='ltr'><strong>Εἷς</strong></span> <span class='ocrx_word' id='word_1_907' title='bbox 3629 5175 3729 5247; x_wconf 71' lang='grc' dir='ltr'>γὰρ</span> 
     </span>
    </p>
   </div>
   <div class='ocr_carea' id='block_1_113' title="bbox 2138 5259 3729 5336">
    <p class='ocr_par' dir='ltr' id='par_1_113' title="bbox 2138 5259 3729 5336">
     <span class='ocr_line' id='line_1_113' title="bbox 2138 5259 3729 5336; baseline 0.003 -22"><span class='ocrx_word' id='word_1_908' title='bbox 2138 5259 2278 5332; x_wconf 80' lang='grc' dir='ltr'>ὑπὲρ</span> <span class='ocrx_word' id='word_1_909' title='bbox 2302 5260 2521 5315; x_wconf 83' lang='grc' dir='ltr'>πάντων</span> <span class='ocrx_word' id='word_1_910' title='bbox 2548 5261 2840 5326; x_wconf 81' lang='grc' dir='ltr'>ἀπέθανεν,</span> <span class='ocrx_word' id='word_1_911' title='bbox 2873 5261 2961 5316; x_wconf 82' lang='grc' dir='ltr'>ἳνα</span> <span class='ocrx_word' id='word_1_912' title='bbox 2982 5263 3031 5318; x_wconf 88' lang='grc' dir='ltr'>οἱ</span> <span class='ocrx_word' id='word_1_913' title='bbox 3061 5261 3262 5329; x_wconf 78' lang='grc' dir='ltr'>ζῶντες</span> <span class='ocrx_word' id='word_1_914' title='bbox 3290 5266 3493 5336; x_wconf 84' lang='grc' dir='ltr'>μηκέτι</span> <span class='ocrx_word' id='word_1_915' title='bbox 3515 5266 3729 5330; x_wconf 70' lang='grc' dir='ltr'>ἑαυτοῖς</span> 
     </span>
    </p>
   </div>
   <div class='ocr_carea' id='block_1_114' title="bbox 2137 5349 3732 5430">
    <p class='ocr_par' dir='ltr' id='par_1_114' title="bbox 2137 5349 3732 5430">
     <span class='ocr_line' id='line_1_114' title="bbox 2137 5349 3732 5430; baseline 0.005 -27"><span class='ocrx_word' id='word_1_916' title='bbox 2137 5350 2323 5417; x_wconf 79' lang='grc' dir='ltr'>ζῶσιν,</span> <span class='ocrx_word' id='word_1_917' title='bbox 2358 5349 2600 5423; x_wconf 84' lang='grc' dir='ltr'>ἁλλὰτῷ</span> <span class='ocrx_word' id='word_1_918' title='bbox 2645 5351 2788 5423; x_wconf 79' lang='grc' dir='ltr'>ὑπὲρ</span> <span class='ocrx_word' id='word_1_919' title='bbox 2839 5352 3019 5407; x_wconf 77' lang='grc' dir='ltr'>αὐτῶν</span> <span class='ocrx_word' id='word_1_920' title='bbox 3059 5353 3389 5411; x_wconf 79' lang='grc' dir='ltr'>ἀποθανόντι</span> <span class='ocrx_word' id='word_1_921' title='bbox 3428 5356 3523 5411; x_wconf 77' lang='grc' dir='ltr'>καὶ</span> <span class='ocrx_word' id='word_1_922' title='bbox 3569 5358 3732 5430; x_wconf 78' lang='grc' dir='ltr'>ἐγερ-</span> 
     </span>
    </p>
   </div>
   <div class='ocr_carea' id='block_1_115' title="bbox 2140 5442 3730 5524">
    <p class='ocr_par' dir='ltr' id='par_1_115' title="bbox 2140 5442 3730 5524">
     <span class='ocr_line' id='line_1_115' title="bbox 2140 5442 3730 5524; baseline 0.006 -29"><span class='ocrx_word' id='word_1_923' title='bbox 2140 5442 2307 5509; x_wconf 86' lang='grc' dir='ltr'>θέντι,</span> <span class='ocrx_word' id='word_1_924' title='bbox 2349 5463 2369 5494; x_wconf 72' lang='grc' dir='ltr'><strong>ι</strong></span> <span class='ocrx_word' id='word_1_925' title='bbox 2408 5443 2552 5498; x_wconf 89' lang='grc' dir='ltr'><strong>κατὰ</strong></span> <span class='ocrx_word' id='word_1_926' title='bbox 2577 5443 2676 5508; x_wconf 89' lang='grc' dir='ltr'><strong>τὰς</strong></span> <span class='ocrx_word' id='word_1_927' title='bbox 2705 5444 2949 5516; x_wconf 78' lang='grc' dir='ltr'>Γραφὰς.</span> <span class='ocrx_word' id='word_1_928' title='bbox 2989 5448 3200 5502; x_wconf 73' lang='grc' dir='ltr'>Οὐκοῦν</span> <span class='ocrx_word' id='word_1_929' title='bbox 3231 5447 3329 5502; x_wconf 82' lang='grc' dir='ltr'>τοῦ</span> <span class='ocrx_word' id='word_1_930' title='bbox 3358 5449 3589 5504; x_wconf 76' lang='grc' dir='ltr'>θανάτου</span> <span class='ocrx_word' id='word_1_931' title='bbox 3628 5452 3730 5524; x_wconf 73' lang='grc' dir='ltr'><strong>τὴν</strong></span> 
     </span>
    </p>
   </div>
   <div class='ocr_carea' id='block_1_116' title="bbox 2138 5534 3731 5612">
    <p class='ocr_par' dir='ltr' id='par_1_116' title="bbox 2138 5534 3731 5612">
     <span class='ocr_line' id='line_1_116' title="bbox 2138 5534 3731 5612; baseline 0.004 -25"><span class='ocrx_word' id='word_1_932' title='bbox 2138 5534 2368 5588; x_wconf 79' lang='grc' dir='ltr'>εὐωδίαν</span> <span class='ocrx_word' id='word_1_933' title='bbox 2413 5534 2565 5606; x_wconf 85' lang='grc' dir='ltr'>δηλοῖ</span> <span class='ocrx_word' id='word_1_934' title='bbox 2603 5535 2666 5589; x_wconf 85' lang='grc' dir='ltr'>τὸ</span> <span class='ocrx_word' id='word_1_935' title='bbox 2701 5535 3101 5609; x_wconf 80' lang='grc' dir='ltr'>καταχρίεσθαι</span> <span class='ocrx_word' id='word_1_936' title='bbox 3161 5539 3241 5611; x_wconf 75' lang='grc' dir='ltr'>τῷ</span> <span class='ocrx_word' id='word_1_937' title='bbox 3271 5540 3464 5611; x_wconf 82' lang='grc' dir='ltr'>αἵματι</span> <span class='ocrx_word' id='word_1_938' title='bbox 3505 5540 3569 5594; x_wconf 81' lang='grc' dir='ltr'>τὸ</span> <span class='ocrx_word' id='word_1_939' title='bbox 3598 5559 3731 5612; x_wconf 80' lang='grc' dir='ltr'>χρυ-</span> 
     </span>
    </p>
   </div>
   <div class='ocr_carea' id='block_1_117' title="bbox 2140 5624 3736 5701">
    <p class='ocr_par' dir='ltr' id='par_1_117' title="bbox 2140 5624 3736 5701">
     <span class='ocr_line' id='line_1_117' title="bbox 2140 5624 3736 5701; baseline 0.003 -21"><span class='ocrx_word' id='word_1_940' title='bbox 2140 5626 2269 5680; x_wconf 82' lang='grc' dir='ltr'>σοῦν</span> <span class='ocrx_word' id='word_1_941' title='bbox 2300 5626 2683 5699; x_wconf 78' lang='grc' dir='ltr'>θυμιατήριον.</span> <span class='ocrx_word' id='word_1_942' title='bbox 2728 5628 3001 5700; x_wconf 81' lang='grc' dir='ltr'>Ἐκχεῖται</span> <span class='ocrx_word' id='word_1_943' title='bbox 3030 5630 3088 5684; x_wconf 69' lang='grc' dir='ltr'>δὲ</span> <span class='ocrx_word' id='word_1_944' title='bbox 3119 5630 3219 5693; x_wconf 73' lang='grc' dir='ltr'>καὶ</span> <span class='ocrx_word' id='word_1_945' title='bbox 3253 5630 3316 5685; x_wconf 80' lang='grc' dir='ltr'>τὸ</span> <span class='ocrx_word' id='word_1_946' title='bbox 3344 5624 3487 5701; x_wconf 78' lang='grc' dir='ltr'>αἷμα</span> <span class='ocrx_word' id='word_1_947' title='bbox 3520 5632 3582 5685; x_wconf 83' lang='grc' dir='ltr'>τὸ</span> <span class='ocrx_word' id='word_1_948' title='bbox 3618 5632 3736 5685; x_wconf 80' lang='grc' dir='ltr'>λοι-</span> 
     </span>
    </p>
   </div>
   <div class='ocr_carea' id='block_1_118' title="bbox 2139 5719 3736 5796">
    <p class='ocr_par' dir='ltr' id='par_1_118' title="bbox 2139 5719 3736 5796">
     <span class='ocr_line' id='line_1_118' title="bbox 2139 5719 3736 5796; baseline 0.003 -23"><span class='ocrx_word' id='word_1_949' title='bbox 2139 5719 2242 5773; x_wconf 74' lang='grc' dir='ltr'>πὸν</span> <span class='ocrx_word' id='word_1_950' title='bbox 2274 5721 2427 5793; x_wconf 84' lang='grc' dir='ltr'><strong>παρὰ</strong></span> <span class='ocrx_word' id='word_1_951' title='bbox 2472 5720 2572 5792; x_wconf 84' lang='grc' dir='ltr'>τὴν</span> <span class='ocrx_word' id='word_1_952' title='bbox 2616 5721 2777 5792; x_wconf 77' lang='grc' dir='ltr'>βάσιν</span> <span class='ocrx_word' id='word_1_953' title='bbox 2808 5719 2903 5775; x_wconf 79' lang='grc' dir='ltr'><strong>τοῦ</strong></span> <span class='ocrx_word' id='word_1_954' title='bbox 2935 5720 3327 5795; x_wconf 86' lang='grc' dir='ltr'>θυσιαστηρίου</span> <span class='ocrx_word' id='word_1_955' title='bbox 3355 5723 3465 5777; x_wconf 84' lang='grc' dir='ltr'><strong>τῶν</strong></span> <span class='ocrx_word' id='word_1_956' title='bbox 3504 5739 3736 5796; x_wconf 85' lang='grc' dir='ltr'>καρπω-</span> 
     </span>
    </p>
   </div>
   <div class='ocr_carea' id='block_1_119' title="bbox 2311 5857 3729 5928">
    <p class='ocr_par' dir='ltr' id='par_1_119' title="bbox 2311 5857 3729 5928">
     <span class='ocr_line' id='line_1_119' title="bbox 2311 5857 3729 5928; baseline 0.004 -15"><span class='ocrx_word' id='word_1_957' title='bbox 2311 5857 2332 5889; x_wconf 81' lang='grc'>²</span> <span class='ocrx_word' id='word_1_958' title='bbox 2363 5857 2527 5913; x_wconf 88' lang='lat' dir='ltr'><strong>Prov.</strong></span> <span class='ocrx_word' id='word_1_959' title='bbox 2559 5864 2627 5913; x_wconf 61' lang='grc' dir='ltr'>ιιι</span> <span class='ocrx_word' id='word_1_960' title='bbox 2683 5857 2737 5912; x_wconf 78' lang='lat'><strong>5.</strong></span> <span class='ocrx_word' id='word_1_961' title='bbox 2847 5857 2867 5889; x_wconf 89' lang='grc'>³</span> <span class='ocrx_word' id='word_1_962' title='bbox 2905 5858 3043 5914; x_wconf 85' lang='lat' dir='ltr'><strong>Gen.</strong></span> <span class='ocrx_word' id='word_1_963' title='bbox 3078 5873 3151 5927; x_wconf 81' lang='lat' dir='ltr'><strong>iv,</strong></span> <span class='ocrx_word' id='word_1_964' title='bbox 3176 5858 3231 5914; x_wconf 71' lang='grc'>4.</span> <span class='ocrx_word' id='word_1_965' title='bbox 3307 5858 3327 5891; x_wconf 77' lang='grc'><strong>⁸</strong></span> <span class='ocrx_word' id='word_1_966' title='bbox 3358 5857 3464 5916; x_wconf 76' lang='lat' dir='ltr'><strong>Ise.</strong></span> <span class='ocrx_word' id='word_1_967' title='bbox 3496 5875 3612 5928; x_wconf 83' lang='lat' dir='ltr'><strong>un,</strong></span> <span class='ocrx_word' id='word_1_968' title='bbox 3641 5860 3729 5918; x_wconf 78' lang='lat' dir='ltr'><strong>il.</strong></span> 
     </span>
    </p>
   </div>
  </div>
