4118 6434
453 390 558 445 635}

1201 399 1291 455 DE
1333 400 1784 459 ADORATIONE
1826 403 1894 460 IN
1934 403 2211 466 SPIBITU
2256 408 2346 464 ET
2388 406 2762 467 VERITATE.
2809 407 2940 462 LIB.
2978 406 3047 460 Χ.

3656 412 3762 470 θθθ

456 516 641 586 μάτων
673 515 730 564 ἐν
756 516 823 584 τῇ
861 513 1054 585 πρώτῃ
1083 516 1281 586 σκηνῇ·
1316 515 1411 570 καὶ
1441 514 1622 588 ψυχῆς
1650 517 1752 588 μὲν
1776 517 1859 581 εἰς
1883 517 2056 572 τύπον

2168 519 2415 588 reliquus
2456 518 2681 589 sanguis
2713 517 2781 571 ad
2816 515 2995 571 basim
3042 514 3235 570 altaris
3281 516 3678 573 sacriﬁciorum
3707 519 3763 575 in

452 619 515 663 το
543 602 702 679 αἷμα.
734 607 958 662 Τέθεικε
989 609 1046 663 δὲ
1079 610 1178 682 τὴν
1206 608 1385 681 ψυχήν
1427 612 1458 664 6
1516 610 1897 682 Ἐμμανουήλ,
1950 612 2051 682 οὐχ

454 701 598 773 ὑπέρ
627 718 690 770 γε
727 700 896 773 μόνης
934 701 1035 772 τῆς
1070 700 1130 767 ἐξ
1169 702 1342 756 ὲθνῶν
1383 702 1743 774 Ἐκκλησίας,
1786 703 1923 758 ἀλλὰ
1958 705 2053 758 καὶ

454 796 598 866 ὑπὲρ
635 794 745 847 τῶν
784 795 842 848 ὲν
873 794 1057 866 νόμῳ,
1086 796 1364 861 τουτέστι,
1402 796 1499 851 τοῦ
1538 798 1778 869 Ἰσραήλ,
1837 796 2055 851 ἐκλελυ-

454 886 716 959 τρὼμεθα
768 887 880 959 γὰρ
930 887 1010 959 τῷ
1057 889 1253 960 αἵματι
1302 889 1398 943 τοῦ
1449 889 1691 961 Χριστοῦ
1752 888 2054 960 συλλήϐδην

459 981 722 1043 ἅπαντες,
743 978 1010 1050 Ἔλληνές
1058 997 1117 1034 τε
1160 981 1255 1035 καὶ
1289 979 1558 1046 Ἰουδαῖοι,
1591 981 1685 1035 καὶ
1710 980 2055 1052 μαρτυρήσει

458 1072 635 1140 λέγων
663 1074 692 1125 6
720 1071 967 1136 Παῦλος·
1002 1093 1021 1125 ι
1059 1073 1130 1126 Ἢ
1170 1072 1441 1128 Ἰουδαίων
1473 1075 1501 1127 6
1531 1072 1665 1136 Θεὸς
1701 1071 1896 1144 μόνως
1934 1071 2056 1140 οὐχὶ

459 1166 516 1218 δὲ
556 1165 649 1220 καὶ
694 1163 904 1231 ὲθνῶνς
949 1165 1038 1219 ναὶ⁵
1072 1166 1167 1220 καὶ
1195 1165 1396 1220 ἐθνῶν·
1430 1166 1591 1236 εἴπερ
1618 1160 1701 1228 εἷς
1737 1166 1767 1218 6
1799 1163 1932 1227 Θεὸς
1952 1202 1967 1226 ,
1997 1162 2055 1227 ὃς

459 1255 742 1311 δικαιώσει
778 1258 1081 1330 περιτομὴν
1121 1259 1186 1312 ὲκ
1226 1256 1493 1322 πίστεως,
1543 1257 1639 1311 καὶ
1686 1255 2055 1329 ἀκροϐυστίαν

458 1350 547 1404 διά
579 1350 845 1414 πίστεως.
876 1370 902 1403 ι
943 1350 1355 1422 ’Υφαιρομένων
1377 1350 1434 1404 δὲ
1454 1348 1550 1404 ἀπ’
1573 1349 1754 1403 αὐτῶν
1778 1349 1888 1403 τῶν
1910 1350 2057 1402 ἐντο-

463 1441 627 1495 σθίων
658 1440 754 1495 τοῦ
787 1442 991 1512 μόσχου
1023 1441 1121 1496 καὶ
1157 1440 1581 1514 ἀναφερομένων
1615 1442 1695 1505 εἰς
1739 1442 1800 1494 τὸ
1828 1440 2056 1494 θυσιασ-

457 1537 669 1605 τήριον,
707 1534 813 1600 ἔξω
853 1536 953 1607 τῆς
980 1534 1335 1606 παρεμϐολῆς
1366 1534 1427 1588 τὸ
1467 1534 1752 1588 ἐπίλοιπον
1779 1533 2058 1600 καταπίμ-

461 1644 668 1697 πραται
712 1627 895 1699 σῶμα.
946 1626 1106 1682 Ἐστι
1150 1627 1260 1696 γάρ
1301 1624 1467 1689 αὐτὸς
1504 1628 1567 1679 τὸ
1607 1622 1759 1697 θῦμα
1798 1624 1860 1677 τὸ
1891 1624 2056 1696 ἱερὸν,

459 1714 776 1781 εὖωδιάζων
804 1719 863 1771 ὲν
886 1717 1132 1789 ἀρεταῖς,
1158 1713 1234 1773 ὧν
1260 1716 1372 1776 εἷεν
1402 1723 1467 1777 ἂν
1497 1723 1660 1777 τύποι
1688 1723 1758 1778 τὰ
1783 1722 2055 1785 ὲντόσθια,

461 1808 557 1861 καὶ
586 1810 972 1880 κεκρυμμέναι
1009 1812 1176 1865 οἱονεί
1213 1830 1332 1876 πως
1360 1817 1417 1867 ἐν
1446 1816 1582 1884 ήμῐν
1613 1815 1670 1869 αί
1706 1816 1935 1885 ἀρεταὶ,
1965 1814 2060 1869 καὶ

2161 611 2342 683 primo
2381 609 2776 675 tabernaculo;
2808 624 2872 663 ac
2900 607 3127 678 sanguis
3156 606 3381 676 quidem
3399 608 3598 664 anima:
3624 608 3765 681 ﬁgu-
3794 606 3799 611 ’

2162 721 2227 760 ra
2259 711 2365 759 est.
2402 702 2498 757 Ille
2528 716 2695 772 porro
2733 699 3059 756 Emmanuel
3098 715 3211 753 non
3248 714 3349 768 pro
3388 699 3504 754 sola
3531 715 3599 755 ex
3628 718 3764 773 gen-

2164 798 2314 854 tibus
2343 795 2594 853 Ecclesia
2639 794 2883 850 animam
2935 792 3142 864 posuit,
3188 792 3285 848 sed
3348 809 3449 863 pro
3490 792 3557 849 iis
3596 795 3764 852 etiam

2161 891 2258 962 qui
2293 889 2398 945 sub
2453 889 2575 960 lege
2622 894 2801 952 erant,
2846 884 2902 940 id
2945 894 3052 951 est,
3106 901 3208 956 pro
3243 884 3406 941 Israel
3446 904 3459 938 :
3494 886 3767 958 redempti

2161 983 2313 1038 enim
2347 997 2542 1039 sumus
2566 980 2775 1036 Christi
2807 979 3077 1050 sanguine
3100 979 3265 1034 simul
3292 981 3773 1052 omnes,,gentiles

2163 1090 2331 1149 atque
2356 1076 2560 1141 Judaei,
2588 1076 2821 1147 ejusque
2862 1073 2942 1129 rei
2980 1072 3137 1130 testis
3154 1080 3240 1129 est
3265 1074 3491 1141 Paulus,
3519 1074 3713 1130 dicens
3746 1091 3763 1128 :

2172 1190 2190 1223 ι
2220 1172 2302 1224 An
2330 1169 2651 1225 Judaaorum
2697 1168 2847 1222 Deus
2878 1173 2963 1220 est
2994 1164 3249 1219 tantum?
3302 1181 3486 1221 nonne
3524 1174 3581 1220 et
3628 1182 3766 1237 gen-

2168 1261 2351 1318 tium?
2380 1261 2491 1315 imo
2532 1268 2589 1315 et
2616 1259 2865 1331 gentium
2908 1276 2922 1313 :
2961 1256 3236 1327 siquidem
3279 1273 3423 1312 unus
3470 1266 3557 1313 est
3596 1259 3766 1321 Deus,

2165 1356 2261 1427 qui
2293 1353 2621 1426 justiticabit
2665 1350 3148 1408 eircumcisionem
3178 1366 3248 1406 ex
3279 1349 3406 1416 ﬁde,
3464 1359 3522 1407 et
3550 1367 3773 1427 praepu-

2169 1448 2309 1502 tium
2356 1464 2456 1519 per
2495 1446 2661 1503 fidem
2694 1446 2738 1498 ‘.
2770 1465 2787 1497 ι
2819 1444 3092 1501 Detractis
3134 1452 3321 1499 autem
3356 1444 3661 1499 interaneis
3689 1444 3771 1497 vi-

2169 1543 2294 1608 tuli,
2350 1550 2408 1597 et
2455 1541 2660 1597 oblatis
2697 1540 2765 1596 ad
2814 1540 3009 1603 altare,
3054 1538 3330 1608 reliquum
3358 1551 3562 1607 corpus
3611 1543 3779 1591 extra:

2167 1644 2350 1692 castra
2372 1644 2690 1700 crematur;
2723 1633 2840 1704 ipse
2861 1630 3011 1687 enim
3045 1630 3226 1685 hostia
3260 1644 3417 1684 sacra
3438 1636 3525 1684 est
3552 1627 3772 1683 virtuti-

2169 1730 2276 1785 bus
2309 1728 2584 1800 fragrans,
2644 1740 2882 1797 quarum
2933 1723 3123 1797 ﬁgurae
3154 1730 3286 1778 sunt
3327 1720 3624 1777 interiores
3664 1721 3775 1775 illa:

2169 1822 2419 1894 corporis
2467 1828 2654 1893 partes
2683 1837 2696 1875 :
2724 1826 2855 1876 sunt
2882 1818 3031 1874 enim
3076 1817 3135 1872 in
3169 1813 3332 1873 nobis
3362 1812 3772 1884 quodammodo

460 1904 542 1966 είς
574 1901 700 1956 νοῦν
732 1902 841 1957 ἔσω
877 1903 1155 1976 κείμεναι·
1187 1907 1352 1971 αὐτὸς
1385 1909 1481 1961 καὶ
1511 1910 1540 1962 6
1572 1909 1798 1980 πάσχων
1829 1906 1936 1974 ἔξω
1968 1909 2060 1980 τῆς

2168 1916 2375 1972 abdita:
2407 1915 2669 1979 virtutes,
2713 1922 2773 1969 et
2820 1913 2879 1968 in
2924 1912 3112 1968 animo
3149 1910 3375 1982 penitus
3428 1907 3769 1965 reconditae:

459 1994 660 2067 πύλης,
691 1997 783 2050 καὶ
810 1996 887 2069 τῷ
916 1997 1134 2068 θανάτῳ
1157 2000 1259 2071 τῆς
1298 1999 1436 2064 ἰδίας
1478 2001 1680 2071 σαρκὸς
1713 2001 2067 2073 ἐκκαθαίρων

458 2087 589 2151 τοὺς
617 2087 1090 2160 μεμολυσμένους·
1139 2111 1157 2142 ι
1193 2091 1494 2163 Δαμάλεως
1523 2092 1631 2166 γὰρ
1659 2094 1858 2158 σποδὸς
1887 2093 2067 2167 ῥαντί-

462 2178 630 2243 ζουσα
674 2180 803 2244 τοὺς
847 2182 1279 2253 κεκοινωμένους
1297 2225 1313 2250 ,
1336 2183 1579 2253 ἁγιάζει,
1605 2188 1763 2259 φησι,
1795 2188 1933 2260 πρὸς
1962 2187 2065 2260 τὴν

459 2269 563 2339 τῆς
607 2271 810 2343 σαρκὸς
854 2273 1230 2347 καθαρότητα.
1283 2296 1302 2329 ι
1354 2274 1567 2331 Οὐκοῦν
1600 2274 1682 2343 εἷς
1720 2279 1815 2334 καὶ
1843 2280 1873 2333 6
1899 2281 2066 2346 αὐτὸς

459 2361 727 2434 ὑπάρχων
755 2363 784 2416 6
823 2363 1196 2437 Ἐμμανουήλ,
1223 2368 1317 2420 καὶ
1335 2368 1394 2422 ὲν
1415 2371 1535 2433 ταῖς
1557 2370 1746 2439 ἁγίαις
1775 2370 2063 2436 εὐωδιάζει

462 2457 711 2526 σκηναῖς,
744 2457 890 2526 φημὶ
918 2456 984 2529 δὴ
1017 2459 1139 2523 ταῖς
1191 2460 1571 2531 Ἐκκλησίαις·
1605 2463 1843 2517 πέπονθε
1877 2463 1934 2518 δὲ
1968 2465 2063 2519 καὶ

461 2546 583 2611 ἔξιθ’
604 2548 703 2611 τῆς
739 2548 917 2621 πύλης
941 2566 954 2580 ·
982 2549 1113 2605 ἔνθα
1139 2554 1234 2606 καὶ
1258 2554 1409 2624 ἡμᾶς
1440 2553 1642 2618 ἐξιέναι
1668 2555 1781 2609 δεῖν
1806 2556 1897 2609 τὸν
1924 2558 2065 2612 ὀνει-

458 2636 652 2707 δισμὸν
704 2639 870 2694 αὐτοῦ
911 2639 1214 2712 φέροντας,
1261 2646 1289 2697 6
1334 2643 1624 2710 θεσπέσιος
1674 2646 1779 2719 ἔφη
1827 2646 2062 2712 Παῦλος.

462 2730 809 2801 Προσάγεται
833 2732 892 2787 δὲ
908 2735 936 2787 6
961 2733 1163 2804 μόσχος
1191 2736 1285 2789 καὶ
1307 2737 1447 2809 ὑπὲρ
1470 2738 1577 2791 τῶν
1597 2738 1691 2792 τοῦ
1713 2739 1843 2794 λαοῦ
1864 2742 2064 2812 ἀγνοη-

464 2823 670 2894 μάτων,
703 2827 761 2879 ἐν
791 2827 892 2898 τσῳ
936 2844 998 2880 τε
1042 2829 1139 2881 καὶ
1171 2828 1610 2901 ἀπαραλλάκτως
1632 2846 1649 2863 ·
1683 2831 1779 2885 καὶ
1809 2831 1965 2901 λόγος
1995 2826 2066 2903 ἦν

456 2914 561 2985 τῆς
592 2915 785 2981 θυσίας
824 2920 882 2971 ὲν
925 2917 1129 2974 ἅπασιν
1163 2922 1191 2973 6
1221 2920 1405 2985 αὑτός.
1456 2921 1545 2976 Ἐν
1578 2920 1679 2994 ἴσῳ
1723 2922 1834 2993 γὰρ
1875 2922 2065 2995 τρόπῳ

460 3009 904 3079 προσκεκόμικεν
926 3011 1118 3064 ἑαυτὸν
1142 3012 1281 3086 ὑπέρ
1309 3031 1369 3067 τε
1404 3014 1618 3085 μικρῶν
1650 3016 1751 3068 καὶ
1782 3015 2065 3085 μεγάλων,

457 3098 591 3153 λαοῦ
615 3119 674 3155 τε
704 3102 799 3155 καὶ
834 3103 1030 3175 ἱερέων
1067 3107 1096 3159 6
1142 3103 1516 3179 Ἐμμανουήλ..
1566 3108 1640 3161 ’Ἡ
1672 3108 1774 3162 οὐκ
1808 3108 2009 3180 ἀληθὲς
2036 3116 2068 3170 ὅ

460 3209 639 3265 φημι;

532 3308 742 3367 [ΙΑΛΛ.
781 3310 906 3374 Πῶς
934 3310 1043 3382 γάρ
1082 3309 1141 3364 οῦ
1169 3328 1184 3376 ;

534 3401 697 3455 ΚΥΡ.
730 3403 918 3456 Βούλει
950 3403 1015 3473 δὴ
1053 3398 1147 3457 οῦν
1173 3401 1366 3475 ὥσπερ
1391 3403 1585 3460 ἀνόπιν
1613 3404 1706 3458 τὸν
1734 3404 1896 3475 λόγον
1924 3406 2062 3462 ἀνα-

459 3496 841 3566 σειράζοντες,
877 3495 1013 3569 πρὸς
1060 3496 1128 3551 τὰ
1164 3495 1257 3550 ἐπὶ
1292 3499 1359 3569 τῇ
1394 3499 1570 3571 σκηνῇ
1607 3498 1927 3572 διηγήματα
1963 3515 2064 3571 με·

2168 2010 2285 2080 ipse
2313 2009 2482 2075 idem,
2518 2008 2614 2079 qui
2643 2015 2799 2064 extra
2830 2017 3046 2077 portam
3080 2005 3312 2076 patitur,
3347 2014 3404 2059 et
3436 2002 3621 2059 carnis
3658 2016 3774 2055 suae

2167 2109 2347 2158 morte
2371 2110 2574 2173 purgat
2594 2100 2917 2172 inquinatos
2954 2119 2967 2154 :
3012 2118 3031 2151 ι
3074 2097 3276 2156 Vitulae
3310 2096 3462 2153 enim
3497 2094 3643 2151 cinis
3678 2109 3770 2149 as-

2166 2212 2384 2268 persus,
2402 2196 2500 2262 ait,
2535 2195 2860 2267 inquinatos
2887 2193 3199 2249 sanctiﬁcat
3224 2191 3294 2247 ad
3314 2188 3775 2247 emundationem

2166 2287 2411 2343 carnis‘.
2444 2307 2462 2339 ι
2497 2287 2649 2344 Unus
2673 2286 2844 2358 igitur
2873 2284 3133 2355 idemque
3161 2299 3289 2339 cum
3322 2284 3396 2338 sit
3420 2279 3772 2343 Emmanuel,

2165 2387 2224 2436 et
2252 2380 2308 2434 in
2337 2378 2510 2434 sacris
2540 2377 2937 2443 tabernaculis,
2977 2377 3034 2431 in
3056 2373 3342 2439 Ecclesiis,
3378 2372 3627 2442 inquam,
3647 2384 3777 2425 sua-

2165 2470 2357 2527 vitatis
2378 2470 2610 2526 odorem
2644 2468 2778 2524 dum
2814 2467 3134 2524 incenditur
3159 2465 3356 2537 spirat,
3381 2472 3439 2519 et
3460 2471 3615 2520 extra
3638 2476 3775 2532 por-

2167 2570 2279 2618 tam
2308 2577 2506 2633 passus
2539 2570 2658 2626 est,
2695 2577 2808 2632 quo
2841 2560 3008 2615 nobis
3036 2574 3260 2631 quoque
3286 2555 3607 2614 exeundum
3650 2568 3778 2609 esse

2168 2655 2569 2727 improperium
2591 2655 2716 2727 ejus
2744 2652 3119 2724 portantibus,
3158 2651 3357 2706 beatus
3388 2648 3594 2706 Paulus
3618 2646 3697 2701 ait
3729 2645 3773 2700 ⁵.

2165 2746 2413 2805 Oti‘ertur
2451 2747 2621 2804 etiam
2665 2746 2925 2803 similiter
2978 2744 3289 2817 eodemque
3334 2741 3503 2798 modo
3565 2739 3778 2796 vitulus

2167 2857 2270 2913 pro
2292 2841 2484 2912 populi
2511 2840 2861 2913 ignorantiis,
2886 2839 3082 2895 eadem
3108 2855 3208 2911 per
3232 2836 3419 2895 omnia
3445 2836 3661 2891 ratione
3683 2849 3777 2889 sa-

2167 2935 2365 2992 criﬁcii
2399 2943 2639 2995 servata.
2692 2934 2832 2990 Nam
2879 2934 3122 3006 scipsum
3173 2933 3268 2988 illo
3313 2929 3638 2988 Emmanuel
3671 2943 3797 2999 prov

2168 3029 2432 3085 tenuibus
2452 3044 2610 3099 aeque
2659 3042 2726 3083 ac
2751 3042 2855 3099 pro
2880 3027 3095 3098 magnis
3111 3070 3129 3097 ,
3156 3040 3259 3097 pro
3291 3023 3500 3097 populo
3530 3035 3686 3093 aeque
3709 3035 3799 3075 ac-

2167 3130 2270 3187 pro
2303 3117 2690 3173 sacerdotibus
2719 3116 2942 3173 obtulit.
2992 3116 3074 3171 An
3119 3130 3254 3171 vero
3292 3130 3407 3170 non
3447 3126 3644 3169 verum
3690 3117 3783 3167 est

2090 3256 2137 3323 c
2169 3209 2316 3280 quod
2342 3209 2505 3265 dixi?

2244 3342 2445 3398 PALL.
2475 3342 2683 3398 Verum
2711 3357 2864 3399 sane.

2238 3434 2398 3491 CYR.
2426 3436 2596 3491 Visne
2622 3434 2812 3508 igitur,
2850 3443 2911 3490 ut
2933 3432 3090 3505 quasi
3118 3442 3543 3504 retorqueamus
3563 3433 3774 3489 oratio-

2166 3545 2316 3593 nem,
2342 3537 2399 3584 et
2423 3529 2492 3584 ad
2545 3545 2612 3585 ea
2643 3544 2766 3600 quae
2786 3529 2854 3584 ad
2887 3529 3305 3586 tabernaculum
3323 3527 3626 3599 pertinent,
3648 3541 3779 3581 nar-

456 3586 888 3658 τατρεπώμεθα.

533 3682 745 3735 llAAA.
778 3683 892 3737 Καὶ
921 3682 1088 3755 μάλα.

533 3798 698 3852 ΚΥΡ.
759 3800 1326 3873 Συμπεπερασμένων
1373 3800 1666 3875 τοιγαροῦν
1718 3802 1835 3857 τῶν
1884 3802 2064 3881 ἔργων

458 3892 739 3958 ἁπάντων,
760 3893 864 3948 καὶ
889 3895 949 3948 ὲν
972 3894 1125 3959 τόπῳ
1141 3893 1219 3966 τῷ
1245 3896 1467 3967 ἑκάστῳ
1486 3896 1933 3968 πρεπωδεστάτῳ
1953 3895 2060 3950 τῶν

2168 3910 2277 3969 suo
2299 3895 2571 3967 cujusque
2619 3896 2744 3951 loco
2772 3896 3083 3967 dispositis,
3137 3894 3403 3966 praecepit
3426 3896 3595 3961 Deus,
3621 3901 3686 3949 ut
3721 3904 3792 3951 et.

456 3984 505 4035 is
515 3982 624 4054 ρῶν
644 3985 856 4038 σκευῶν
880 3979 938 4039 εὖ
966 3984 1112 4055 μάλα
1135 3985 1583 4057 συντεθειμένων,
1611 3985 1935 4057 άγιάζεσθαι
1950 3984 2060 4041 δεῖν

2168 3988 2261 4042 illa
2299 3994 2358 4043 et
2391 3987 2811 4043 tabernaculum
2836 3989 3283 4045 sanctiﬁearetur
3327 4003 3340 4041 :
3385 3987 3571 4057 itaque
3611 3987 3779 4042 beato

455 4076 601 4131 αὐτά
622 4094 683 4130 τε
724 4079 817 4132 καὶ
844 4083 946 4149 τὴν
979 4079 1187 4151 σκηνὴν
1218 4078 1475 4133 διετύπου
1505 4078 1639 4143 Θεὸς
1659 4119 1674 4145 ,
1704 4076 1849 4132 οὕτω
1881 4076 2060 4148 λέγων

2170 4079 2339 4152 Moysi
2362 4079 2500 4135 dixit
2534 4098 2547 4133 :
2580 4101 2599 4133 ι
2626 4081 2696 4136 Et
2716 4081 2955 4153 accipies
2981 4082 3164 4138 oleum
3192 4081 3494 4145 unctionis,
3524 4090 3583 4136 et
3605 4095 3781 4151 unges

453 4168 538 4239 τῷ
567 4169 842 4243 θεσπεσίῳ
892 4172 1090 4243 Μωσῇ·
1131 4191 1150 4224 ι
1188 4172 1300 4226 Καὶ
1332 4169 1481 4243 λήψῃ
1512 4170 1572 4224 τὸ
1604 4170 1782 4225 ἔλαιον
1809 4168 1908 4223 τοῦ
1940 4169 2060 4242 χρί·

2168 4171 2589 4227 tabernaculum
2616 4181 2672 4226 et
2704 4172 2890 4227 omnia
2914 4187 3037 4242 quae
3064 4172 3122 4227 in
3156 4187 3227 4227 eo
3272 4179 3423 4249 sunt,
3448 4179 3506 4226 et
3527 4169 3778 4227 sanctiﬁ-

459 4279 689 4332 σματος,
743 4263 838 4317 καὶ
880 4262 1096 4336 κρίσεις
1141 4261 1241 4336 τὴν
1273 4261 1507 4335 σκηνὴν,
1543 4262 1640 4316 καὶ
1671 4262 1850 4317 πάντα
1879 4262 1950 4316 τὰ
2001 4263 2060 4315 ὲν

2168 4262 2320 4318 cabis
2351 4261 2511 4327 illud,
2551 4268 2609 4317 et
2631 4262 2819 4317 omnia
2844 4278 2975 4318 vasa
3012 4262 3155 4333 ejus,
3180 4269 3242 4332 et
3264 4267 3432 4316 erunt
3472 4268 3682 4315 sancta.
3707 4259 3785 4314 Et

454 4357 619 4428 αὐτῇ,
638 4357 734 4410 καὶ
768 4357 1017 4426 άγιάσεις
1040 4356 1231 4429 αὐτὴν,
1254 4357 1349 4410 καὶ
1368 4356 1548 4410 πάντα
1565 4357 1634 4409 τά
1661 4354 1834 4426 σκεύη
1863 4354 2059 4423 αὐτῆς,

2168 4371 2341 4427 unges
2368 4354 2545 4410 altare
2575 4353 3002 4419 sacriﬁciorum,
3049 4361 3107 4409 et
3139 4353 3325 4409 omnia
3355 4362 3506 4417 vasa,
3547 4359 3606 4407 et
3645 4366 3776 4407 san-

454 4448 553 4501 καὶ
598 4448 754 4503 ἔσται
809 4450 963 4519 ἅγια.
999 4450 1112 4505 Καὶ
1163 4450 1378 4522 χρίσεις
1414 4449 1477 4503 τὸ
1523 4449 1917 4520 θυσιαστήριον
1950 4448 2060 4501 τῶν

2168 4449 2647 4515 rtilieabisaltare,
2663 4459 2723 4506 et
2744 4449 2853 4505 erit
2867 4449 3041 4505 altare
3069 4448 3332 4503 Sanctum
3353 4455 3670 4502 sanctorum
3693 4447 3735 4499 ’.
3749 4463 3768 4496 ι

454 4542 875 4612 καρπωμάτων,
935 4543 1029 4596 καὶ
1073 4542 1254 4597 πάντα
1300 4541 1370 4596 τὰ
1404 4542 1461 4594 ἐν
1512 4539 1666 4613 αὑτῷ
1719 4539 1911 4612 σκεύη,
1965 4540 2060 4594 καὶ

2168 4541 2333 4597 Vides
2359 4540 2529 4612 igitur
2549 4542 2674 4597 oleo
2699 4546 2893 4597 sancto
2919 4554 3103 4595 arcam
3140 4538 3375 4611 perungi
3409 4554 3476 4595 ac
3501 4552 3773 4601 mensam,

454 4633 711 4703 άγιάσεις
763 4634 824 4688 τὸ
852 4634 1261 4708 θυσιαστήριον,
1296 4633 1389 4688 καὶ
1434 4630 1593 4686 ἔσται
1648 4630 1715 4685 τὸ
1764 4630 2060 4704 θυσιαστή-

2168 4634 2561 4691 candelabrum
2588 4640 2880 4704 prasterea,
2907 4640 2965 4688 et
2989 4633 3162 4688 altare
3197 4648 3421 4703 quoque
3443 4631 3653 4687 incensi
3672 4646 3774 4684 au-

454 4746 578 4801 ριον
623 4729 819 4797 ’Ἀγιον
874 4728 1067 4798 άγίων.
1115 4747 1134 4780 ι
1183 4728 1385 4799 Ἐλαίῳ
1413 4727 1478 4798 δὴ
1518 4721 1614 4781 οῦν
1641 4723 1721 4797 τῷ
1768 4724 1912 4795 ἁγίῳ
1962 4740 2060 4778 κα-

2170 4741 2363 4791 rcum;
2393 4724 2547 4795 atqui
2573 4724 2663 4779 his
2701 4725 2965 4781 omnibus
2986 4725 3141 4780 illum
3172 4724 3497 4781 Emmanuel
3525 4722 3774 4795 ﬁgurari,

450 4822 861 4894 ταχριουμένην
915 4822 1051 4895 ὁρᾷς
1118 4822 1222 4895 τήν
1291 4836 1352 4875 1e
1412 4820 1667 4887 κιϐωτὸν,
1716 4819 1812 4875 καὶ
1879 4818 2060 4891 μέντοι

2173 4819 2367 4875 multis
2395 4818 2508 4890 jam
2533 4817 2725 4874 verbis
2750 4816 3093 4875 declaratum
3116 4828 3222 4875 est.

472 4920 576 4988 τὴν
628 4916 958 4990 τράπεζαν,
1019 4920 1121 4973 καὶ
1163 4919 1269 4991 τὴν
1308 4916 1535 4990 λυχνίαν
1595 4917 1683 4971 ἐπ’
1732 4915 1911 4988 αὐτῇ,
1963 4915 2061 4970 καὶ
2093 4914 2156 4969 τὸ
2198 4913 2440 4987 χρυσοῦν
2483 4913 2566 4969 ἔτι
2630 4912 3031 4987 θυμιατήριον·
3093 4917 3187 4971 καί
3237 4933 3323 4968 τοι
3393 4912 3504 4985 γὰρ
3552 4911 3773 4968 πάντων

455 5007 670 5080 μακρὸς
706 5010 846 5082 ἡμῖν
887 5009 1218 5081 διεσάφησεν
1265 5010 1369 5083 ἢδη
1402 5010 1562 5081 λόγος
1611 5007 2061 5081 ἀνατυπούμενον
2098 5007 2192 5062 τὸν
2237 5006 2613 5080 Ἐμμανουήλ.

528 5102 741 5157 ΠΑΛΛ.
782 5100 1021 5173 Ἀληθές.

2229 5100 2429 5157 PALL.
2460 5102 2668 5157 Verum
2698 5108 2801 5155 est.

524 5192 693 5249 ΚΥΡ.
727 5194 895 5260 Σύνες
927 5196 993 5268 δὴ
1022 5191 1121 5251 οὖν
1153 5195 1263 5270 ἄρα
1305 5197 1368 5252 τὸ
1400 5196 1490 5252 διά
1518 5198 1706 5269 φωνῆς
1731 5196 1826 5252 τοῦ
1856 5192 2021 5251 Δαδὶδ
2045 5233 2060 5259 ,

2227 5191 2388 5248 CYR.
2421 5191 2670 5262 lntellige
2692 5190 2864 5261 igitur
2896 5190 3054 5256 illud,
3078 5190 3227 5262 quod
3261 5191 3457 5255 David,
3505 5198 3769 5263 tauquam

448 5287 530 5350 ὡς
560 5286 700 5360 πρὸς
726 5288 895 5343 αὐτὸν
931 5288 1294 5361 ὑμνούμενον·
1331 5310 1351 5343 ι
1400 5290 1732 5363 Ἦγάπησας
1780 5282 2060 5343 δικαιοσύδ

2168 5283 2228 5339 ιὰ
2255 5283 2410 5339 illam
2432 5299 2567 5339 voce
2597 5296 2887 5346 conversa,
2909 5282 3224 5338 decantavit
3253 5301 3265 5337 :
3292 5300 3307 5335 ι
3330 5283 3579 5339 Dilexisti
3604 5283 3771 5357 justi-

449 5393 577 5445 νην,
612 5377 709 5432 καὶ
737 5380 1013 5452 ἐμίσησας
1038 5380 1274 5437 ἀδικίαν.
1301 5381 1402 5436 Διὰ
1419 5382 1582 5437 τοῦτο
1608 5381 1796 5454 ἔχρισε
1819 5398 1880 5434 σε
1901 5380 2059 5445 Θεὸς,

2168 5378 2318 5443 tiam,
2366 5386 2424 5433 et
2473 5377 2640 5433 odisti
2694 5376 3064 5447 iniquitatem.
3137 5378 3440 5449 Propterea
3490 5378 3653 5435 uiuit
3717 5386 3772 5433 te

448 5472 480 5523 6
507 5471 642 5537 Θεός
676 5489 797 5539 σου,
829 5473 1013 5529 ἔλαιον
1041 5474 1420 5545 ἀγαλλιάσεως
1450 5476 1605 5548 παρά
1623 5476 1751 5539 τοὺς
1788 5473 2057 5544 μετόχους

2168 5469 2351 5534 Deus,
2404 5468 2553 5523 Dens
2609 5475 2761 5533 tuus,
2807 5467 2931 5523 oleo
2969 5467 3175 5524 laetitiae
3235 5484 3352 5539 pra:
3418 5468 3773 5525 consortibus

408 5590 411 5591 ν
451 5579 574 5617 σου.
621 5582 640 5615 ι
674 5565 887 5636 Γράφει
925 5566 984 5620 δὲ
1027 5567 1123 5620 καὶ¹
1145 5567 1174 5620 6
1202 5564 1439 5631 Παῦλος,
1478 5582 1498 5618 ι
1529 5565 1558 5619 ὃ
1586 5578 1646 5619 τε
1676 5563 1785 5636 γὰρ
1812 5561 2057 5631 ἁγιάζων

2169 5562 2281 5618 tuis
2305 5562 2370 5616 ".
2409 5581 2428 5613 ι
2462 5560 2673 5618 Scribit
2690 5561 2861 5617 etiam
2893 5561 3096 5617 Paulus
3123 5578 3136 5615 :
3171 5580 3191 5613 ι
3224 5560 3329 5629 Qui
3349 5561 3501 5619 enim
3529 5561 3772 5617 sanctiﬁ-

452 5652 552 5705 καὶ
580 5653 631 5706 oi
660 5653 1050 5727 ἁγιαζόμενοι,
1086 5656 1145 5723 ἐξ
1172 5654 1294 5719 ἐνὸς
1322 5657 1553 5721 πάντες,
1575 5674 1597 5708 ι
1632 5654 1835 5709 ’ἰστέον
1860 5651 1941 5717 δὲ,
1976 5652 2060 5707 ὅτι

2168 5665 2278 5721 cat,
2312 5662 2371 5710 et
2419 5653 2859 5719 sanetitlcautur,
2890 5668 2958 5709 ex
3001 5668 3115 5709 uno
3166 5654 3493 5711 omnes“.'t
3527 5653 3648 5709 Non
3684 5658 3772 5706 est

453 5741 611 5797 κατὰ
641 5743 737 5799 τὸν
763 5745 1089 5818 ἀμωμήτως
1117 5746 1313 5820 ἔχοντα
1342 5746 1524 5817 λόγον,
1554 5745 1719 5811 αὐτὸς
1746 5744 2011 5817 ὑπάρχων
2026 5745 2060 5798 6

2172 5756 2358 5802 autem
2421 5743 2789 5817 iguorandum
2848 5745 3005 5818 quod
3047 5761 3183 5803 sana
3225 5761 3464 5819 veraque
3512 5743 3765 5801 doctrina

451 5854 730 5995 multum.
774 5877 852 5928 ιιι,
883 5862 973 5930 29,
1007 5862 1095 5920 '50.
1177 5865 1196 5898 ⁷
1227 5863 1397 5922 Hebr.
1433 5881 1516 5934 ix,
1552 5865 1636 5922 l5.
1716 5864 1737 5897 ⁸
1763 5863 1931 5922 llebr.
1961 5880 2076 5931 xm,
2119 5863 2201 5919 15.
2279 5865 2300 5897 ¹
2333 5862 2509 5920 Exod.
2548 5879 2601 5930 x,
2636 5864 2828 5922 25-29.
2913 5866 2955 5898 "
2989 5866 3134 5923 Psal.
3167 5880 3311 5935 xuv,
3343 5866 3396 5920 8.
3480 5864 3519 5896 “
3553 5862 3724 5919 Hebr.

2172 3623 2347 3679 randa
2378 3621 2783 3679 deﬂectamus?

2236 3712 2401 3785 352
2425 3714 2624 3770 PALL.
2649 3715 2886 3773 Maxime
2914 3731 3066 3772 vero.

2237 3803 2398 3860 ΟΥΕ.
2426 3790 2700 3862 Omnibus
2737 3807 3010 3878 operibus
3038 3806 3295 3880 espletis,
3319 3805 3577 3876 vasisque
3604 3805 3781 3860 sacris
