4118 6426
303 5876 340 5944 ‘l

373 409 469 471 691
1365 412 1422 465 S.
1461 409 1737 468 CYRILLI
1780 406 2252 466 ALEXANDRINI
2295 410 2612 467 ARCIIIEP.
3544 407 3653 465 692

374 527 590 593 suadet,
641 526 816 598 ipsum
861 526 1048 591 etiam,
1090 527 1184 596 qui
1231 532 1489 595 tanquam
1518 525 1663 580 Deus
1705 525 1963 580 omnibus

2070 527 2179 586 τοῖς
2209 525 2388 589 ἄλλοις
2421 526 2628 581 ἅπασιν
2658 526 2935 598 ἀγιασμοῦ
2968 526 3204 600 χορηγὸς
3237 526 3334 582 καὶ
3366 527 3651 601 συνδοτὴρ,

374 618 498 675 aliis
537 618 1026 674 sanctiﬁcationem
1065 617 1278 684 tribuit,
1306 626 1363 673 et
1386 632 1494 671 una
1536 631 1660 671 cum
1694 617 1854 673 Patre
1891 632 1955 671 ac

2070 616 2136 682 ὥς
2169 617 2322 683 Θεὸς,
2358 618 2438 689 τῷ
2475 618 2596 690 Θεῷ
2632 621 2725 674 καὶ
2771 621 2969 693 Πατρὶ,
3022 620 3140 690 μεθ’
3174 622 3335 692 ἡμῶν
3368 622 3655 691 ἁγιάζεται

373 711 487 765 Deo
527 710 779 781 largitur,
829 710 1116 764 nobiscum
1163 716 1345 764 tamen
1378 725 1446 764 ex
1491 717 1688 763 natura
1718 709 1956 765 humana

2070 709 2201 764 μιατά
2245 711 2305 764 τὸ
2359 711 2693 783 ἀνθρώπινον
2718 730 2735 744 ⁸
2770 714 2863 767 καὶ
2911 713 3065 767 τοῦτό
3102 715 3252 767 ἐστιν
3295 715 3328 785 ἠ
3375 714 3652 786 λεγομένη

373 801 731 867 sanctiﬁcari,
769 801 995 871 [necque
1038 809 1121 856 est
1151 802 1263 866 illa,
1290 816 1413 872 quae
1459 800 1662 855 dicitur
1713 802 1959 855 exinani-

377 895 455 948 tio
482 896 544 947 η.
578 894 713 948 Nam
735 893 830 964 qui
862 894 1167 949 secundum
1185 903 1437 948 naturam
1477 902 1699 948 sanctus
1728 902 1831 959 est,
1876 902 1958 948 nt-

374 995 502 1055 pote
543 986 636 1055 qui
679 986 750 1040 sit
772 986 936 1049 Deus,
964 986 1211 1057 indigere
1256 987 1368 1040 Deo
1395 986 1772 1041 sanctiﬁcante
1824 987 1961 1041 dici-

377 1091 468 1135 tur
492 1096 507 1144 ;
530 1079 695 1149 idque
717 1080 793 1133 ait
813 1079 1009 1134 beatus
1035 1080 1230 1133 Petrus
1261 1097 1273 1132 :
1317 1099 1334 1130 σ
1360 1079 1547 1134 Jesum
1571 1096 1602 1133 a
1628 1080 1865 1133 Nazaret
1901 1087 1961 1134 ut

374 1169 596 1225 unxerit
625 1186 752 1225 cum
780 1171 926 1226 Deus
966 1170 1176 1240 Spiritu
1213 1162 1403 1226 saneto
1432 1172 1493 1225 ”.
1528 1192 1545 1223 ›
1592 1170 1754 1227 Cadit
1794 1172 1961 1242 igitur

375 1261 745 1317 inhumanam
776 1262 895 1333 ejus
917 1270 1170 1317 naturam
1200 1265 1406 1328 unctio,
1427 1275 1479 1320 et
1513 1266 1567 1319 in
1594 1266 1715 1335 ejus
1736 1281 1959 1320 carnem

374 1353 757 1419 sanctiﬁcatio,
787 1370 908 1424 qua:
943 1370 1055 1409 non
1082 1367 1273 1427 suapte
1300 1366 1498 1412 natura
1524 1367 1710 1413 sancta
1735 1367 1836 1422 cst,
1865 1358 1962 1412 sed

374 1452 635 1515 tanquam
655 1461 721 1501 ex
754 1446 1173 1517 participatione
1200 1447 1421 1516 divina;
1449 1466 1575 1503 nam
1621 1449 1963 1505 extrinsecus

376 1533 432 1587 in
456 1543 739 1589 creaturas
757 1536 980 1591 advenit
1023 1538 1406 1603 sanctiﬁcatio,
1448 1548 1505 1594 et
1545 1539 1904 1595 adventitiam
1931 1556 1963 1595 a

374 1624 488 1679 Deo
510 1627 740 1696 gratiam
771 1639 1200 1699 consequuntur.
1240 1630 1476 1701 Ungitur
1508 1631 1673 1686 etiam
1703 1648 1811 1686 una
1836 1648 1961 1686 cum

375 1718 590 1773 caeteris
621 1718 768 1775 illius
808 1721 997 1792 legalis
1021 1722 1202 1777 cultus
1225 1722 1415 1778 altare.
1452 1722 1650 1778 Sancta
1684 1734 1769 1779 est
1812 1726 1962 1779 enim

375 1806 483 1872 lex,
509 1823 633 1863 cum
651 1810 718 1864 ad
740 1812 1072 1882 agnitionem
1101 1813 1241 1883 ejus,
1266 1814 1359 1884 qui
1380 1815 1685 1870 secundum
1711 1825 1963 1876 naturam

375 1899 522 1955 Deus
545 1910 647 1969 est,
682 1914 862 1969 vocet,
913 1916 968 1961 et
1016 1906 1072 1961 in
1108 1907 1450 1963 audientium
1500 1909 1701 1964 animis
1740 1909 1967 1981 justitiae

373 1994 743 2062 cognitionem
763 1996 978 2066 inferat,
1010 2009 1066 2055 et
1093 2015 1208 2066 eos,
1239 2015 1378 2071 quos
1397 2001 1654 2066 instituit,
1677 2000 1744 2056 ad
1775 2001 1966 2071 probi-

380 2086 504 2142 tatis
554 2088 711 2145 initia
757 2092 1063 2161 perducat:
1105 2114 1121 2143 ι
1155 2092 1378 2148 Initium
1401 2093 1546 2148 enim
1571 2136 1584 2160 ,
1633 2095 1832 2165 inquit.
1866 2096 1968 2152 via;

375 2176 554 2243 bonae,
593 2188 677 2234 est
729 2179 910 2236 facere
931 2182 1079 2253 justa
1109 2182 1169 2236 “.
1215 2202 1232 2234 ι
1282 2182 1487 2238 Scribit
1510 2185 1677 2239 etiam
1721 2186 1967 2257 profecto

372 2266 579 2325 Paulus
608 2289 622 2324 :
673 2290 691 2323 ι
721 2272 909 2343 Itaque
933 2275 1020 2329 lex
1046 2274 1272 2344 quidem
1310 2287 1520 2343 sancta,
1548 2287 1605 2332 et
1647 2278 1963 2335 mandatum

373 2369 646 2429 sanctum,
705 2374 762 2419 et
802 2364 1014 2435 justum
1055 2376 1113 2422 et
1166 2367 1371 2422 bonum
1400 2369 1463 2422 η.
1508 2388 1526 2421 ι
1561 2370 1735 2425 Porro
1778 2381 1966 2427 saneta

373 2461 688 2510 sanctorum
711 2464 795 2511 est
819 2456 928 2522 lex,
954 2474 1063 2512 non
1105 2474 1171 2513 ex
1192 2474 1259 2515 eo
1282 2460 1429 2530 quod
1456 2461 1650 2516 umbra
1678 2470 1782 2527 est,
1804 2462 1966 2534 353

371 2540 468 2596 sed
492 2542 662 2612 quod,
693 2544 737 2598 si
763 2544 829 2599 ad
845 2545 1191 2615 spiritualem
1226 2549 1748 2619 contemplationem
1784 2561 1966 2608 trans-

371 2630 605 2698 feratur,
654 2634 759 2689 illze
816 2636 937 2707 ejus
994 2636 1184 2708 ﬁgurat
1218 2639 1380 2695 nobis
1416 2640 1698 2695 Christum
1727 2642 1966 2697 clamare

370 2725 689 2794 vidcantur,
724 2730 819 2799 qui
869 2745 1001 2785 vere
1057 2729 1292 2786 Sanctus
1325 2740 1643 2788 sanctorum
1684 2741 1788 2801 est,
1839 2750 1965 2790 cum

373 2819 681 2876 sanctiﬁcet
723 2828 980 2893 tanquam
1025 2823 1207 2890 Deus,
1258 2834 1314 2881 et
1356 2840 1472 2889 eos,
1503 2826 1597 2896 qui
1652 2842 1751 2897 per
1801 2826 1965 2882 ﬁdem

372 2908 505 2965 facti
537 2918 666 2965 sunt
688 2911 809 2983 ejus
830 2914 1146 2986 participes,
1183 2930 1285 2971 suo
1325 2916 1525 2986 spiritu
1569 2916 1816 2988 inungat.
1844 2918 1964 2973 Jam

373 3017 506 3059 vero
526 3019 682 3060 sacro
710 3005 1066 3063 tabernaculo
1108 3016 1316 3074 erecto,
1347 3017 1514 3080 atque
1559 3008 1726 3064 etiam
1776 3018 1968 3066 sancto

377 3094 501 3151 oleo
523 3106 815 3166 peruncto,
843 3098 1092 3155 dicamus
1116 3101 1263 3170 quod
1286 3101 1557 3173 sequitur,
1586 3101 1632 3157 si
1657 3101 1855 3173 placet.

452 3188 650 3245 PALL.
689 3189 831 3247 Sane
856 3208 1008 3247 vero.

456 3279 614 3337 CYR.
674 3282 765 3340 Sic
827 3284 1014 3356 itaque
1057 3286 1326 3358 scriptum
1378 3297 1505 3343 est:
1549 3308 1567 3339 ι
1625 3289 1695 3344 Ει
1742 3287 1975 3358 perfecit

380 3370 597 3443 Moyses
620 3375 809 3430 omnia
837 3391 1029 3446 opera,
1070 3385 1128 3433 et
1160 3377 1382 3448 operuit
1419 3379 1600 3435 nubes
1640 3380 1975 3436 tabernacu-

374 3462 493 3518 lum
528 3464 853 3532 testimonii,
875 3476 932 3522 et
948 3468 1123 3537 gloria
1141 3469 1358 3524 Domini
1382 3470 1666 3540 impletum
1684 3479 1770 3526 est
1791 3472 1977 3528 taber-

372 3554 657 3611 naculum.
680 3556 750 3611 Et
771 3571 881 3612 non
904 3559 1085 3628 potuit
1099 3559 1309 3631 Moyses
1330 3560 1543 3631 ingredi
1569 3561 1623 3615 in
1652 3561 1978 3618 tabernacu-

372 3645 489 3700 lum
506 3645 828 3712 testimonii,
843 3650 972 3719 quia
986 3650 1415 3707 obumbraverat
1429 3651 1563 3706 illud
1580 3652 1776 3719 nubes,
1796 3662 1853 3708 et
1866 3655 1980 3725 glo-

374 3736 460 3793 ria
476 3737 695 3794 Domini
718 3741 1006 3812 impletum
1019 3752 1139 3798 erat
1159 3742 1596 3799 tabernaculum.
1613 3744 1978 3811 Quotiescun-

376 3844 486 3898 que
520 3838 706 3887 autem
744 3834 1066 3897 elevabatur
1104 3854 1135 3895 a
1161 3842 1537 3908 tabernaculo.
1573 3855 1753 3902 castra
1792 3862 1978 3907 move-

373 3923 512 3981 bant
531 3929 628 3985 lilii
651 3928 818 3986 Israel
846 3946 971 3986 cum
997 3932 1212 3987 sarcina
1244 3949 1374 4002 sua;
1408 3937 1555 4006 quod
1577 3937 1623 3992 si
1649 3954 1758 3993 non
1784 3938 1979 3994 fuisse!

374 4024 592 4079 elevata
616 4024 816 4090 nubes,
866 4041 977 4081 non
1006 4027 1302 4083 movebant
1327 4039 1505 4086 castra
1531 4047 1705 4102 usque
1728 4033 1782 4088 in
1805 4032 1974 4099 diem,

374 4132 492 4187 quo
538 4118 851 4175 elevaretur
908 4120 1135 4187 nubes;
1190 4122 1367 4178 nubes
1426 4124 1575 4179 enim
1634 4134 1756 4180 erat
1808 4141 1977 4196 super

379 4208 477 4266 illo
503 4226 603 4282 per
621 4211 769 4267 diem
802 4222 860 4267 et
886 4212 1031 4284 ignis
1058 4229 1157 4285 per
1193 4223 1413 4271 noctem
1452 4216 1507 4271 in
1542 4226 1842 4287 conSpectu
1888 4225 1975 4272 to-

378 4303 493 4358 tius’
517 4304 684 4361 Israel
722 4305 779 4359 in
831 4306 1092 4363 omnibus
1141 4308 1581 4378 profectionibus
1606 4325 1798 4365 eorum
1844 4312 1909 4364 η.
1944 4330 1962 4362 ι

380 4396 729 4452 Illanifestato
776 4413 1016 4470 namque
1075 4400 1129 4455 in
1173 4401 1309 4456 orbe
1348 4408 1622 4456 terrarum
1657 4411 1848 4457 sancto
1880 4402 1974 4457 illo

378 4502 445 4541 ac
475 4487 690 4543 veriore
711 4488 1088 4554 tabernaculo,
1121 4490 1177 4543 id
1207 4501 1312 4553 est,
1348 4491 1439 4544 illa
1469 4506 1539 4547 ex
1566 4491 1826 4560 gentibus
1859 4489 1966 4544 Ec-

2060 802 2311 867 κένωσις.
2361 805 2418 858 Ὀ
2444 805 2555 876 γὰρ
2584 804 2739 874 ἅγιος
2778 805 2927 883 ,κατά
2960 805 3122 874 φύσιν
3161 805 3236 870 ὡς
3262 806 3396 870 Θεὸς
3420 849 3436 874 ,
3466 806 3657 877 δεδεῆ-

2062 898 2184 952 σθαι
2217 897 2433 968 λέγεται
2460 898 2554 953 τοῦ
2586 899 2907 969 ἀγιάζοντος
2937 898 3074 952 Θεοῦ
3102 917 3115 930 ’
3178 900 3271 953 καὶ
3300 898 3458 952 τοῦτό
3489 916 3655 969 φησιν

2058 994 2087 1045 6
2131 994 2399 1064 μακάριος
2442 993 2682 1064 Πέτρος·
2739 1013 2758 1045 ‹
2797 993 2915 1047 ’Ίνα
2947 994 3038 1047 τὸν
3090 994 3197 1048 ἀπὸ
3249 993 3542 1065 Ναζαρὲτ,
3579 993 3654 1056 ὡς

2062 1084 2279 1156 ἔχρισεν
2308 1087 2469 1140 αὐτὸν
2492 1088 2519 1140 6
2545 1086 2677 1150 Θεὸς
2709 1086 2993 1157 Πνεύματι
3021 1087 3182 1158 ἁγίῳ.
3224 1105 3242 1138 ι
3280 1087 3490 1141 Οὐκοῦν
3522 1087 3653 1157 περὶ

2062 1177 2121 1230 τὸ
2152 1176 2490 1248 ἀνθρώπινον
2518 1177 2778 1249 ήχρίσις,
2811 1178 2905 1230 καὶ
2940 1180 3038 1250 τῆς
3070 1178 3272 1249 σαρκὸς
3301 1179 3329 1230 6
3358 1177 3656 1246 ἁγιασμὸς,

2063 1270 2160 1339 τῆς
2186 1269 2245 1321 οὐ
2269 1268 2408 1321 κατά
2436 1269 2597 1337 φύσιν
2628 1270 2810 1338 ἁγίας,
2843 1269 2957 1322 ἀλλ’
2987 1270 3062 1333 ὡς
3080 1271 3136 1323 ἐν
3162 1268 3378 1339 μεθέξει
3406 1272 3470 1341 τῇ
3503 1271 3656 1342 παρά

2065 1359 2228 1414 Θεοῦ·
2265 1360 2501 1433 θύραθεν
2531 1360 2642 1432 γὰρ
2670 1364 2783 1425 τοῖς
2821 1362 3118 1430 κτίσμασιν
3153 1363 3181 1414 6
3207 1360 3482 1431 ἁγιασμὸς
3507 1402 3522 1425 ,
3556 1364 3653 1415 καὶ

2066 1455 2392 1525 είσποιητῶς
2437 1456 2586 1526 παρὰ
2639 1454 2775 1509 Θεοῦ
2827 1455 3265 1509 καταπλουτοῦσι
3319 1455 3418 1526 τὴν
3469 1456 3653 1527 χάριν.

2065 1549 2293 1621 Χρίεται
2320 1547 2377 1600 δὲ
2405 1550 2518 1611 τοῖς
2554 1548 2736 1611 ἄλλοις
2761 1548 2921 1617 ὁμοῦ,
2952 1548 3047 1601 καὶ
3078 1547 3178 1618 τῆς
3202 1548 3345 1602 κατά
3374 1548 3538 1619 νόμον
3564 1548 3657 1600 λα-

2065 1641 2250 1711 τρείας
2297 1640 2357 1694 τὸ
2393 1639 2798 1712 θυσιαστήριον.
2833 1641 3027 1708 ’Ἄγιος
3072 1641 3182 1713 γὰρ
3233 1643 3326 1693 καὶ
3382 1641 3410 1692 6
3453 1640 3652 1711 νόμος,

2066 1732 2248 1786 καλῶν
2280 1734 2358 1796 είς
2391 1733 2686 1800 ἐπίγνωσιν
2726 1730 2819 1785 τοῦ
2861 1731 3003 1785 κατὰ
3044 1732 3205 1801 φύσιν
3239 1730 3376 1785 Θεοῦ
3397 1773 3411 1795 ,
3446 1734 3541 1785 καὶ
3576 1732 3658 1785 δι-

2068 1820 2364 1892 καιοσύνης
2420 1820 2629 1892 εἴδησιν
2676 1822 2789 1884 τοῖς
2839 1820 3217 1893 ἀκροωμένοις
3255 1822 3508 1885 ἐντιθεὶς,
3559 1823 3656 1876 καὶ

2071 1914 2153 1978 είς
2170 1913 2345 1984 ἀρχὰς
2374 1914 2715 1985 ἀγαθότητος
2739 1914 3033 1986 ἀποφέρων
3056 1916 3185 1978 τοὺς
3206 1916 3652 1986 παιδευομένους

2074 2025 2095 2056 ε
2147 2002 2315 2074 Ἀρχὴ
2374 2002 2503 2076 γὰρ,
2576 2006 2760 2075 φησὶν,
2815 2004 2937 2059 ὁδοῦ
2982 2004 3196 2076 ἀγαθῆς
3246 2006 3309 2060 τὸ
3368 2010 3544 2060 ποιεῖν
3584 2006 3658 2061 τά

2067 2096 2272 2149 δίκαια.
2319 2114 2337 2146 ι
2376 2095 2582 2165 Γράφει
2628 2095 2685 2149 δέ
2718 2113 2819 2149 που
2873 2096 2965 2150 καὶ
3012 2098 3041 2149 6
3076 2096 3361 2161 θεσπέσιος
3407 2098 3653 2162 Παῦλος,

2075 2209 2093 2239 ι
2136 2189 2300 2241 Ὥστε
2331 2190 2358 2242 6
2395 2188 2495 2259 μὲν
2528 2188 2694 2259 νόμος
2717 2189 2902 2257 ἅγιος,
2946 2189 3041 2242 καὶ
3076 2192 3107 2261 ἡ
3140 2189 3328 2261 ἐντολὴ
3370 2190 3522 2258 ἁγία,
3549 2192 3647 2244 καὶ

2068 2278 2252 2333 δικαία
2271 2278 2366 2333 καὶ
2387 2278 2586 2351 ἀγαθή.
2625 2298 2643 2329 ι
2677 2280 2865 2348 ’Ἄγιος
2884 2279 2940 2332 δὲ
2967 2279 3136 2348 άγίων
3161 2282 3189 2333 6
3208 2280 3391 2351 νόμος,
3423 2281 3483 2334 οὐ
3512 2281 3658 2335 κατά

2066 2386 2131 2439 γε
2162 2370 2262 2441 τὴν
2284 2369 2465 2435 σκιὰν,
2492 2369 2608 2423 ἀλλ’
2635 2371 2717 2423 ὅτι
2740 2370 2881 2441 πρὸς
2915 2370 3149 2443 θεωρίαν
3175 2373 3224 2424 εί
3256 2374 3656 2445 μετατρέποιτο

2066 2465 2166 2537 τὴν
2193 2464 2594 2536 πνευματικὴν,
2632 2465 2794 2518 αὑτὸν
2825 2466 2955 2536 ἡμῖν
2982 2467 3030 2518 οἱ
3062 2466 3221 2521 τύποι
3252 2467 3656 2539 διακεκράγασι

2067 2558 2160 2612 τὸν
2202 2556 2473 2628 Χριστὸν,
2527 2555 2619 2608 τὸν
2671 2556 2864 2624 Ἀγιον
2930 2557 3104 2626 ἀγίων
3156 2556 3394 2629 ἀληθῶςο
3435 2558 3656 2625 ἁγιάζει

2067 2648 2177 2721 γάρ
2210 2649 2285 2713 ὡς
2323 2648 2459 2713 Θεὸς
2483 2647 2562 2719 τῷ
2601 2648 2716 2719 ἰδίῳ
2745 2649 3060 2721 καταχρίων
3109 2650 3387 2721 πνεύματι
3425 2650 3552 2713 τοὺς
3596 2653 3657 2704 ἐν

2070 2741 2286 2813 μεθέξει
2330 2740 2624 2811 γεγονότας
2666 2739 2836 2795 αὐτοῦ
2875 2740 2963 2794 διὰ
3009 2741 3112 2811 τῆς
3162 2742 3423 2806 πίστεως.
3489 2742 3656 2810 Ἐγη-

2066 2833 2343 2905 γερμένης
2380 2833 2437 2886 δὲ
2481 2831 2585 2904 δὴ,
2616 2832 2712 2886 καὶ
2767 2833 2876 2904 μὴν
2919 2832 3010 2886 καὶ
3054 2833 3221 2905 ἐλαίῳ
3271 2833 3352 2904 τῷ
3381 2832 3537 2902 ⁹ἁγίῳ
3563 2851 3662 2887 κα-

2065 2922 2509 2996 τακεχρισμένης
2554 2923 2657 2995 τῆς
2703 2924 2866 2994 ἁγίας
2918 2924 3170 2997 σκηνῆς,
3232 2926 3295 2979 τὸ
3331 2926 3471 2996 μετά
3496 2926 3657 2980 τοῦτο

2067 3018 2338 3089 λέγοιμεν,
2380 3018 2430 3071 εί
2458 3016 2626 3071 δοκεῖ.
3204 3022 3207 3033 ‘

1985 3215 2028 3272 (ζ
2132 3199 2340 3253 ΠΑΛΛ.
2375 3199 2522 3254 Πάνυ
2557 3197 2656 3270 μὲν
2691 3190 2818 3253 οῦ).

2150 3292 2315 3346 ΚΥΡ.
2365 3292 2682 3363 Γέγραπται
2727 3292 2910 3346 τοίνυν
2955 3290 3076 3346 ὠδί’
3115 3313 3135 3345 ι
3175 3292 3291 3347 Kal.
3338 3292 3658 3347 συνετέλεσε

2078 3380 2289 3451 Μωσῆς
2319 3381 2498 3435 πάντα
2533 3382 2603 3437 τά
2638 3380 2796 3454 ἔργα,
2844 3380 2940 3435 καὶ
2976 3382 3350 3452 συνεκάλυψεν
3393 3385 3427 3454 ἠ
3462 3382 3664 3452 νεφέλη

2076 3476 2178 3546 τὴν
2210 3474 2415 3547 σκηνὴν
2444 3474 2538 3529 τοῦ
2582 3475 2915 3548 μαρτυρίου,
2948 3476 3044 3530 καὶ
3069 3475 3233 3547 δόξης
3261 3476 3471 3547 Κυρίου
3495 3476 3667 3546 ἐπλη-

2081 3566 2229 3638 ρώθη
2266 3568 2299 3638 ἡ
2352 3567 2550 3639 σκηνή.
2582 3567 2697 3620 Kal
2740 3567 2842 3622 οὐκ
2876 3567 3118 3639 ἠδυνήθη
3155 3568 3362 3640 Μωσῆς
3406 3567 3669 3621 εἰσελθεῖν

2080 3660 2161 3722 είς
2191 3659 2292 3731 τὴν
2328 3660 2533 3732 σκηνὴν
2566 3658 2663 3713 τοῦ
2713 3660 3055 3732 μαρτυρίου,
3100 3662 3182 3714 ὅτι
3218 3658 3546 3724 ἐπεσκίαζεν
3580 3660 3668 3712 ἐπ’

2079 3753 2306 3825 αὺτὴνή
2334 3752 2557 3823 νεφέλη,
2583 3752 2678 3806 καὶ
2711 3752 2871 3823 δόξης
2893 3753 3102 3826 Κυρίου
3131 3752 3376 3823 ἐπλήσθη
3409 3753 3442 3822 ἡ
3468 3752 3666 3821 σκηνή.

2092 3843 2287 3897 Ἠνίκα
2299 3842 2355 3895 δὲ
2374 3841 2541 3913 ἀνέϐη
2561 3843 2671 3896 ἀπὸ
2689 3844 2788 3913 τῆς
2802 3844 3028 3913 σκηνῆς,
3058 3842 3460 3911 ἀνεζεύγνυσαν
3490 3843 3539 3895 oi
3561 3842 3670 3894 uiol.

2094 3931 2311 4003 Ἰσραὴλ
2343 3932 2440 3986 σὺν
2478 3935 2544 4003 τῇ
2576 3933 2824 4006 ἀπαρτίᾳ
2873 3933 3054 3987 αὐτῶν
3079 3948 3093 3963 ’
3127 3937 3175 3987 εί
3216 3934 3271 3987 δὲ
3304 3932 3379 4004 μὴ
3435 3931 3602 4005 ἀνέϐη
3634 3934 3668 4001 η

2080 4023 2301 4092 νεφέλη,
2329 4022 2852 4092 οὐκάνεζεύγνυσαν
2904 4023 3009 4086 ἕως
3034 4024 3133 4094 τῆς
3156 4023 3392 4094 ἡμέρας,
3414 4016 3481 4093 ἦς
3499 4021 3667 4092 ἀνέϐη

2077 4116 2112 4185 η
2149 4113 2344 4183 νεφέλη
2371 4129 2386 4144 ·
2418 4114 2615 4185 νεφέλη
2664 4114 2773 4184 γὰρ
2800 4110 2866 4186 ἦν
2913 4115 3007 4168 ἐπὶ
3054 4116 3151 4185 τῆς
3183 4115 3388 4184 σκηνῆς
3431 4114 3666 4185 ἡμέρας,

2081 4203 2176 4258 καὶ
2212 4204 2324 4276 πῦρ
2356 4202 2424 4277 ἦν
2453 4205 2542 4260 ἐπ’
2583 4206 2755 4277 αὐτῆς
2790 4206 3006 4271 νυκτὸς,
3044 4207 3287 4261 ἐναντίον
3320 4207 3521 4270 παντὸς
3568 4208 3670 4260 Ἰσ-

2084 4296 2223 4369 ραὴλ
2246 4338 2261 4361 ,
2295 4299 2353 4351 ἐν
2385 4299 2591 4363 πάσαις
2637 4301 2760 4363 ταῖς
2794 4299 3095 4367 ἀναζυγαῖς
3138 4298 3340 4353 αὐτῶν.
3387 4319 3405 4351 ι
3458 4298 3671 4352 Ἀναδε-

2079 4391 2370 4461 δειγμένης
2399 4391 2509 4461 γὰρ
2538 4393 2595 4444 ἐν
2625 4392 2816 4462 κόσμῳ
2848 4392 2947 4461 τῆς
2975 4392 3137 4461 ἁγίας
3166 4392 3262 4446 καὶ
3295 4391 3670 4464 ἀληθεστέρας

2081 4483 2311 4552 σκηνῆς,
2346 4481 2493 4535 τοῦτ’
2529 4482 2679 4546 ἔστι,
2711 4482 2811 4553 τῆς
2848 4481 2907 4548 ἐξ
2937 4481 3107 4536 ἐθνῶν
3153 4483 3520 4555 Ἑκκλησίας,
3553 4483 3669 4552 φῶς

379 4578 568 4644 clesia,
624 4578 830 4635 Christi
864 4581 1051 4635 lumen
1087 4579 1458 4635 circumfulsit
1504 4586 1561 4633 et
1601 4580 1757 4649 quasi
1787 4579 1966 4634 nubes

2075 4573 2482 4645 περιελάμπετο
2504 4572 2764 4644 Χριστοῦ,
2793 4576 2889 4627 καὶ
2912 4575 2944 4645 ὴ
2968 4574 3165 4646 νεφέλη
3184 4574 3375 4646 ὥσπερ
3396 4591 3482 4637 τις
3506 4590 3669 4627 πνευ-

378 4670 629 4738 qutedam
662 4670 966 4741 spiritualis
993 4686 1234 4741 superno
1254 4686 1378 4725 rore
1407 4686 1511 4725 nos
1528 4670 1748 4725 abunde
1787 4670 1967 4725 laetiﬁ-

379 4779 531 4829 cans,
578 4764 674 4820 Dei
726 4766 991 4837 templum
1038 4763 1295 4833 complet.
1358 4762 1479 4817 Non
1512 4773 1716 4833 _tamen
1763 4764 1964 4834 potuit,

380 4855 582 4927 inquit,
612 4856 826 4928 ingredi
875 4857 1119 4928 Moyses;
1154 4870 1333 4924 neque
1378 4854 1527 4909 enim
1560 4855 1843 4927 ingressus
1883 4866 1968 4913 est

381 4948 572 5014 Israel,
606 4948 735 5020 quia
774 4948 947 5003 divini
974 4945 1202 5002 luminis
1225 4946 1412 5002 radios
1444 4946 1591 5003 ferre
1612 4963 1723 5003 non
1758 4951 1960 5019 potuit,

379 5026 562 5113 neque
615 5042 886 5098 intellexit
925 5039 1133 5095 Christi
1171 5040 1528 5111 mysterium;
1573 5043 1685 5112 jam
1716 5059 1847 5098 vero
1897 5060 1967 5099 ne

383 5133 730 5206 spiritualem
760 5131 988 5202 quidem
1027 5130 1487 5191 illuminationem
1517 5132 1759 5199 admisit,
1786 5148 1967 5204 neque

379 5225 583 5281 mentis
607 5224 784 5280 oculis
802 5222 1019 5278 Domini
1039 5223 1268 5295 gloriam
1288 5225 1517 5294 aspexit,
1539 5239 1666 5280 eum
1695 5241 1806 5297 quo
1836 5225 1968 5280 dum

377 5316 439 5371 in
474 5315 646 5387 ﬁgura
694 5314 862 5369 nubis
906 5329 974 5368 ex
1023 5314 1128 5369 hoc
1152 5314 1358 5369 mundo
1388 5316 1779 5386 proﬁciscitur,
1816 5324 1874 5371 et
1898 5317 1966 5371 ad

381 5415 586 5470 supera
617 5398 813 5464 tendit,
840 5399 1004 5454 simul
1048 5398 1451 5469 proﬁciscimur
1476 5399 1759 5455 Dominica
1791 5401 1961 5454 vesti-

377 5493 468 5563 gia
493 5499 914 5562 persequentes.
946 5493 1188 5549 Initiavit
1207 5493 1355 5549 enim
1393 5493 1554 5549 nobis
1579 5493 1725 5548 viam
1764 5507 1962 5546 novam

377 5591 436 5637 et
472 5581 749 5637 viventem
781 5623 795 5648 ,
851 5583 1000 5639 illam
1028 5601 1151 5656 quae
1190 5599 1412 5640 sursum
1455 5583 1611 5638 ducit
1638 5583 1693 5637 in
1718 5584 1918 5639 coelum
1946 5600 1960 5637 :
1992 5626 2004 5632 -

380 5672 626 5743 dumque
672 5677 1016 5746 conquiescit
1077 5684 1243 5749 atque
1295 5677 1589 5743 considet,
1622 5677 1787 5733 simul
1833 5692 1962 5733 con~

2075 4666 2280 4738 ματικὴ
2301 4666 2491 4738 δρόσος
2518 4667 2670 4737 ἡμᾶς
2693 4668 2803 4730 τοῖς
2831 4666 3039 4720 ἄνωθεν
3070 4666 3341 4730 πλουσίως
3369 4666 3667 4720 καταπιαί-

2071 4773 2236 4812 νουσα
2261 4798 2276 4822 ,
2311 4758 2403 4811 τὸν
2436 4758 2578 4811 θεῖον
2605 4756 2732 4811 ναὸν
2765 4756 3172 4828 ἀναπίμπλησι.
3209 4759 3378 4831 Πλὴν,
3413 4758 3514 4813 οὐκ
3540 4759 3668 4828 ἠδυ-

2066 4849 2226 4922 νήθη,
2263 4850 2449 4921 φησὶν,
2481 4848 2742 4903 εἰσελθεῖν
2773 4852 2800 4903 6
2830 4850 3056 4921 Μωσῆς,
3091 4852 3150 4905 οὐ
3187 4851 3297 4921 γὰρ
3340 4850 3666 4923 εἰσϐέϐηκεν

2020 5014 2029 5018 δ
2068 4946 2097 4998 6
2143 4944 2384 5016 Ἰσραὴλ,
2430 4943 2529 5015 τὴν
2560 4944 2655 4998 τοῦ
2687 4943 2833 4997 θείου
2869 4945 3047 5014 φωτὸς
3076 4944 3382 5017 προσϐολὴν
3420 4944 3665 5012 ἐνεγκεῖν

2070 5036 2133 5088 οῦ
2171 5035 2502 5106 δυνάμενος,
2538 5035 2744 5090 ἐπείτοι
2783 5037 2904 5091 οὐδὲ
2935 5040 3135 5108 συνῆκε
3162 5037 3223 5091 τὸ
3249 5035 3488 5107 Χριστοῦ
3523 5052 3666 5106 μυσ-

2068 5128 2255 5199 τήριον
2279 5170 2294 5195 ,
2326 5127 2442 5181 ἀλλ’
2479 5127 2602 5181 οὐδὲ
2631 5130 2949 5200 προσήκατο
2976 5129 3067 5182 τὸν
3100 5131 3157 5182 ἐν
3190 5127 3465 5197 πνεύματι
3495 5143 3665 5195 φωτι-

2071 5222 2245 5292 σμὸν,
2275 5222 2399 5275 οὐδὲ
2426 5221 2681 5276 τεθέαται
2729 5226 2845 5286 τοῖς
2892 5224 2992 5294 τῆς
3024 5222 3266 5287 διανοίας
3308 5222 3519 5293 ὄμμασι
3563 5220 3663 5291 τὴν

2067 5314 2226 5379 δόξαν
2252 5314 2485 5387 Κυρίου,
2578 5316 2674 5369 καὶ
2699 5317 2774 5379 ὼς
2807 5317 2865 5370 ἐν
2896 5316 3054 5387 τύπῳ
3083 5316 3335 5387 νεφέλης,
3371 5315 3665 5386 ἀπαίροντι

2073 5406 2175 5476 μὲν
2204 5404 2299 5459 τοῦ
2331 5406 2541 5477 κόσμου
2592 5409 2687 5462 καὶ
2727 5408 2865 5480 πρὸς
2897 5407 2965 5461 τὰ
3023 5409 3136 5463 ἄνω
3183 5406 3486 5478 βαδίζοντι,
3533 5423 3666 5460 συν-

2072 5498 2387 5569 απαίρομεν
2416 5501 2536 5552 κατ’
2561 5498 2703 5570 ἴχνος
2730 5500 2901 5564 ἰόντες
2924 5500 2985 5553 τὸ
3003 5500 3339 5553 δεσποτικόν·
3358 5498 3711 5558 ἐνεκαίνισεν
3734 5502 3743 5509 ’

2070 5592 2181 5660 γὰρ
2219 5591 2352 5661 ἡμῖν
2378 5591 2476 5661 τὴν
2505 5591 2819 5662 πρόσφατόν
2849 5609 2910 5644 τε
2938 5591 3031 5645 καὶ
3065 5592 3247 5657 ζῶσαν
3274 5591 3418 5653 ὁδὸν,
3449 5589 3550 5660 τὴν
3578 5591 3662 5654 εἰς

2070 5681 2139 5734 τά
2161 5681 2273 5735 ἄνω
2303 5682 2447 5752 φημὶ
2477 5684 2574 5737 καὶ
2600 5686 2658 5738 ἐν
2685 5683 2920 5756 οὐρανῷ,
2948 5682 3350 5754 ἀναπαυομένῳ
3389 5682 3446 5736 δὲ
3470 5680 3663 5745 ὥσπερ

491 5851 532 5884 ¹²¹
564 5853 759 5927 Philip.
796 5875 854 5925 ιι,
891 5859 942 5925 6,
980 5860 1032 5913 7.
1112 5858 1154 5891 ¹³
1181 5856 1302 5913 Act.
1341 5873 1393 5922 κ,
1428 5855 1517 5911 '56.
1601 5857 1642 5891 ’δ
1672 5857 1834 5913 Prov.
1874 5874 1959 5912 xw

2115 5858 2156 5890 “'
2183 5859 2343 5915 Rem.
2379 5875 2471 5925 vn,
2504 5859 2587 5913 19.
2670 5859 2710 5890 ”
2736 5861 2908 5916 Exod.
2934 5877 3017 5925 XL,
3041 5859 3224 5916 ’ὀί-56.
