4118 6490
476 338 588 397 6θὸ

1232 338 1321 393 DE
1356 334 1803 393 ADORATIONE
1843 333 1910 388 IN
1948 331 2220 390 SPIRITU
2262 334 2351 389 ET
2391 332 2764 390 VERITATE.
2808 332 2938 387 LIB.
2987 332 3050 387 Χ.

3686 331 3791 388 694

480 448 581 502 καὶ
617 448 959 515 καταλύοντι,
996 449 1493 521 συναναπαυόμεθα
1531 449 1626 503 καὶ
1662 446 2071 515 συγκαταλύσο-

2193 448 2531 517 μιίθεοριηυε
2576 456 2743 517 atque
2796 446 3237 502 considebimus.
3288 444 3445 500 Nube
3470 444 3621 498 enim
3659 460 3786 512 pre-

486 559 612 612 μεν.
653 542 993 617 ’Δπαιρούσῃ
1025 543 1082 596 δὲ
1134 546 1202 615 τῇ
1235 542 1435 614 νεφέλῃ
1461 588 1473 606 ,
1513 541 1837 611 συναπῆρεν
1863 540 1890 591 6
1918 538 2074 601 λαός·

484 632 583 685 καὶ
621 634 1004 706 καταλυούσης
1029 675 1046 701 ,
1088 634 1557 704 συγκατηυλίζετο
1589 647 1603 660 °
1638 651 1657 685 ς
1709 629 1929 700 Νεφέλη
1969 630 2080 701 γὰρ

480 718 574 794 ἦν,
611 726 799 796 φησιν,
837 727 931 780 ἐπὶ
966 728 1066 797 τῆς
1123 727 1331 797 σκηνῆς
1384 725 1482 795 τὴν
1529 724 1788 796 ἡμέραν,
1838 719 2080 791 καὶπῦρ

482 817 586 887 τὴν
626 817 819 875 νύκτα.
873 837 892 869 ι
936 819 1303 885 Καταπιαίνει
1341 818 1440 888 μὲν
1465 817 1576 889 γὰρ
1601 817 1630 869 6
1653 815 1891 887 Χριστὸς
1918 811 2079 886 χαρί-

488 925 661 978 σμασι
703 912 815 974 τοῖς
849 914 1273 982 πνευματικοῖς,
1304 911 1429 970 τοὺς
1455 909 1646 980 ὥσπερ
1675 909 1734 961 ἐν
1767 906 1950 979 ἡμέρᾳ
1987 904 2081 959 καὶ¹

485 1002 626 1069 φωτὶ
654 1001 948 1070 γεγονότας
963 1042 979 1066 ,
1000 1001 1089 1054 διά
1111 1018 1173 1071 γε
1194 1000 1288 1054 τοῦ
1314 999 1412 1071 τὴν
1433 1001 1520 1053 ἐπ’
1548 998 1697 1069 αὐτῷ
1719 996 1920 1066 γνῶσιν
1948 995 2073 1048 λεπ-

484 1092 595 1156 τῶς
622 1110 682 1146 τε
714 1094 807 1147 καὶ
844 1093 1231 1168 ἐξητασμένως
1265 1092 1427 1152 ἑλεῖν,
1473 1092 1571 1145 καὶ
1596 1086 2080 1161 ὲκλελαμπρύνθαι

483 1183 576 1238 τὸν
618 1183 766 1237 νοῦν*
815 1183 1190 1255 καταφωτίζει
1241 1184 1298 1238 δὲ
1347 1184 1472 1247 τοὺς
1525 1181 1937 1253 ἀμαθεστέρους
1974 1178 2076 1233 έτι.

484 1274 687 1339 Σκότος
717 1275 775 1328 δὲ
817 1275 954 1340 ὅλως
989 1276 1263 1347 κοσμικῆς
1297 1275 1515 1346 ἀπάτης
1543 1275 1644 1328 οὐκ
1675 1273 1821 1327 ἔστιν
1853 1274 1910 1327 ἐν
1953 1273 2081 1325 Ἐκ-

483 1367 761 1437 κλησίαις,
795 1370 1333 1440 περιαστράπτοντος
1372 1367 1541 1432 αὑτὰς
1565 1366 1659 1420 τοῦ
1696 1364 1958 1438 Χριστοῦ,
1987 1365 2080 1419 καὶ

482 1459 659 1532 νοητῷ
712 1463 853 1531 φωτὶ⁹
889 1462 957 1516 τά
1002 1462 1295 1534 σύμπαντα
1336 1459 1773 1528 καταυγάζοντος
1806 1475 1821 1490 ο

482 1555 655 1623 ἐσμεν
682 1553 899 1617 νυκτὸς,
917 1554 1039 1625 οὐδὲ
1064 1554 1312 1617 σκότους,
1346 1553 1459 1607 ἀλλ’
1488 1552 1596 1606 υἱοὶ
1619 1551 1794 1621 φωτὸς
1823 1551 1917 1604 καὶ
1945 1550 2079 1622 ὴμέ-

484 1660 609 1713 ρας,
643 1643 787 1698 κατὰ
825 1644 888 1697 τὸ
922 1644 1331 1717 γεγραμμένον.

555 1737 769 1790 ΠΑΛΛ.
808 1735 1017 1808 Ὀρθῶς
1046 1735 1208 1807 ἔφης.

1871 1460 1932 1512 ού
1969 1458 2079 1530 γάρ
2114 1474 2123 1482 ·

2185 537 2487 603 ﬁciscente,
2522 539 2687 593 simul
2738 537 3197 608 proﬁciscebatur
3229 533 3787 605 populus;eteonsi-

2182 630 2370 696 dente,
2434 631 2599 685 simul
2649 630 3026 686 considebat:
3095 648 3113 681 α
3176 628 3366 683 Nubes
3414 625 3566 681 enim
3633 634 3785 688 erat,

2184 722 2387 792 inquit,
2453 737 2622 793 super
2679 722 3099 777 tabernaculum
3146 736 3246 791 per
3314 719 3484 783 diem,
3536 726 3593 772 et
3645 717 3789 788 ignis

2181 832 2283 886 per
2336 825 2579 871 noctem.
2633 834 2652 865 ›
2696 815 3097 885 Spiritualibus
3149 828 3389 883 namque
3436 811 3790 867 charismatis

2182 923 2279 963 eos
2307 907 2565 964 Christus
2592 906 2807 978 irrigat,
2844 908 2940 978 qui
2974 915 3271 978 propterea
3309 917 3569 974 tanquam
3604 904 3661 957 in
3695 902 3786 957 die

2182 1008 2311 1054 sunt
2331 1015 2396 1055 ac
2428 999 2570 1064 luce,
2600 998 2748 1069 quod
2782 998 3128 1053 subtiliorem
3163 997 3339 1068 ipsius
3364 1005 3530 1067 atque
3555 1010 3787 1050 accura—

2184 1092 2384 1147 tiorem
2418 1090 2800 1162 cognitionem
2852 1099 3248 1161 perceperunt,
3299 1098 3356 1145 et
3389 1098 3631 1144 mentem
3656 1087 3784 1141 illu—

2182 1195 2410 1242 stratam
2446 1184 2656 1241 habent
2687 1203 2700 1240 :
2746 1201 2842 1241 eos
2870 1185 3043 1251 enim,
3082 1185 3179 1255 qui
3212 1192 3342 1239 sunt
3378 1184 3561 1239 adhuc
3591 1181 3783 1237 rudio-

2182 1295 2291 1345 res,
2320 1275 2784 1348 illuminat.35&,
2800 1275 3038 1331 Omnino
3070 1283 3257 1331 autem
3284 1273 3547 1330 mundani
3576 1273 3796 1328 erroris

2182 1374 2425 1430 tenebrae
2463 1375 2521 1429 in
2577 1370 2843 1428 Ecclesiis
2876 1370 3041 1426 nulla:
3075 1382 3225 1435 sunt,
3272 1384 3398 1424 cum
3447 1368 3656 1422 circum
3690 1382 3787 1421 eas

2180 1467 2439 1522 Christus
2486 1465 2718 1537 fulgeat,
2767 1471 2824 1520 et
2846 1462 3125 1534 spirituali
3167 1461 3377 1517 lumine
3412 1462 3668 1516 universa
3705 1460 3784 1514 si-

2182 1558 2295 1613 mul
2329 1557 2570 1613 illustret
2605 1574 2618 1611 :
2648 1555 2952 1626 non,cnim
2987 1569 3183 1610 sumus
3210 1553 3392 1608 noctis
3423 1568 3604 1622 neque
3629 1559 3784 1607 tene-

2181 1650 2429 1716 brarum,
2455 1649 2554 1705 sed
2586 1647 2686 1703 ﬁlii
2714 1647 2859 1703 lucis
2884 1656 2941 1702 et
2966 1646 3100 1711 diei,
3129 1654 3192 1700 ut
3216 1644 3486 1716 scriptum
3505 1652 3592 1699 est
3612 1644 3672 1696 ”.

2251 1741 2452 1798 PALL.
2476 1740 2650 1796 Recte
2681 1738 2787 1795 ais.

554 1828 722 1884 Kl'P.
769 1804 1110 1901 Προσθέντες
1139 1804 1197 1882 62-:
1239 1826 1487 1896 τούτοις,
1529 1830 1626 1884 καὶ
1668 1828 1770 1884 οὐκ
1811 1830 1870 1884 ὲν
1912 1828 2080 1900 μήκει

2252 1834 2409 1891 CYR.
2461 1833 2561 1889 His
2599 1831 2928 1904 adjiciemus
2982 1829 3229 1885 breviter
3259 1828 3429 1900 leges,
3457 1843 3579 1898 qua!
3605 1826 3675 1881 ad
3704 1831 3788 1880 ta-

480 1919 680 1991 λόγων,
717 1922 844 1984 τοὺς
890 1921 985 1975 ἐπί
1024 1937 1101 1991 γε-
1120 1923 1188 1993 τῇ
1223 1923 1397 1993 σκηνῇ
1436 1920 1672 1992 νόμους,
1723 1921 1824 1986 τάς
1869 1938 1931 1974 τε
1970 1919 2081 1974 τῶν

484 2012 635 2067 λαῶν
665 2013 1012 2085 δωροφορίας
1037 2053 1052 2079 ,
1084 2015 1179 2068 καὶ
1209 2014 1316 2087 μὴν
1339 2014 1434 2069 καὶ
1463 2014 1735 2086 ἀπάρσεις
1763 2015 1858 2069 καὶ
1885 2030 2083 2069 συναυ-

482 2103 739 2177 λισμοῦς,
768 2107 1177 2179 ἀφηγησόμεθα
1205 2125 1219 2139 ⁸
1258 2107 1330 2163 ἴοι
1357 2106 1467 2179 γὰρ
1498 2108 1565 2163 ἂν
1583 2107 1728 2163 οὕτω
1760 2108 1899 2181 πρὸς
1925 2104 2081 2181 οἶμον

479 2198 652 2272 ὀρθὴν
680 2201 710 2254 6
728 2198 909 2268 λόγος.

552 2292 764 2348 ΠΔΛΛ.
793 2291 1088 2364 Σύμφημι.

555 2383 723 2439 ΚΥΡ.
752 2383 1084 2439 Δεδικαίωκε
1124 2385 1309 2442 τοίνυν
1344 2386 1374 2441 6
1408 2387 1711 2460 νομοθέτης
1762 2387 1859 2441 καὶ
1886 2387 2084 2460 κριτὴς

483 2475 544 2527 έν
575 2472 717 2545 μόνῃ
746 2473 810 2545 δὴ
843 2473 1041 2545 χρῆναι
1070 2477 1138 2547 τῇ
1174 2476 1309 2549 ἁγίᾳ
1343 2481 1518 2550 σκηνῇ
1552 2478 1654 2542 τὰς
1679 2478 1874 2543 θυσίας
1902 2480 2085 2533 ἐπιτε-

481 2565 615 2631 λεῖν,
651 2566 778 2631 τοὺς
810 2565 970 2638 είπερ
1005 2565 1073 2621 ἂν
1098 2568 1303 2623 ἕλοιντο
1335 2569 1496 2624 τοῦτο
1527 2570 1686 2642 δρᾷν,
1712 2571 1972 2642 ἀφιστὰς,
2002 2567 2083 2627 οἷ-

486 2660 587 2731 μαί
623 2678 750 2726 που,
787 2660 886 2730 τῆς
919 2660 1092 2715 ἑώλου
1108 2662 1572 2737 ψευδολατρειας,
1604 2664 1705 2734 τῆς
1729 2666 1789 2718 ὲν
1821 2664 2087 2739 Αἰγύπτῳ

483 2754 665 2825 φημὶ,
697 2753 829 2808 ἔνθα
864 2754 1033 2819 πολὺς
1076 2755 1177 2827 μὲν
1221 2756 1251 2809 6
1299 2754 1408 2811 τῶν
1449 2755 1686 2813 εἰδώλων
1729 2758 2085 2830 ὲμπαιγμδς,

484 2843 627 2897 θεῶν
662 2861 725 2897 τε
772 2843 885 2898 τῶν
933 2843 1306 2916 ψευδωνύμων
1347 2846 1381 2916 ὴ
1420 2844 1796 2918 ἀκαλλεστάτη
1842 2846 2085 2918 πληθὺς,

483 2937 608 2991 οὐδὲ
634 2937 819 3001 αὐτοῖς
844 2937 987 3009 τάχα
1016 2954 1120 2991 που
1135 2940 1249 3001 τοῖς
1272 2940 1600 3008 προσκυνεῖν
1626 2939 1925 3012 ᾑρημένοις
1949 2954 2089 3007 γνω-

488 3030 737 3102 ρίζεσθαι
764 3029 1042 3102 δυναμένη
1081 3046 1096 3060 θ
1132 3030 1351 3084 ἀνεῖται
1381 3028 1440 3084 δὲ
1477 3030 1571 3084 καὶ
1608 3030 1670 3084 τὸ
1701 3030 1871 3086 θύειν.
1899 3031 2088 3102 ὥσπερ

2193 3049 2285 3120 qui
2305 3049 2539 3105 adorare
2584 3045 2813 3109 vellent,
2847 3040 3106 3113 cognosci
3140 3047 3362 3111 posset;
3397 3033 3689 3090 ubietiam
3724 3031 3794 3085 li,

485 3122 555 3177 ἂν
587 3122 762 3177 ἓλοιτό
794 3139 900 3187 τις,
937 3121 1081 3177 κατά
1108 3140 1172 3192 γε
1197 3122 1258 3176 τὸ
1285 3121 1393 3176 ὑπό
1424 3140 1519 3176 του
1542 3122 1652 3177 τῶν
1687 3125 1820 3196 παρ’
1854 3123 2082 3194 Ἕλλησι

486 3214 669 3285 σοφῶν
688 3213 980 3286 ἀτημελῶς
1000 3216 1315 3288 είρημένον,
1337 3215 1497 3279 ἄλλος
1510 3215 1554 3269 δ’
1571 3214 1718 3287 ἄλλῳ
1741 3215 1898 3288 ἔρεζε
1921 3215 2083 3271 θεῶν.

499 3306 761 3375 Ἀφιστάς
792 3302 885 3360 οὖν
914 3307 1015 3379 τῆς
1052 3304 1198 3360 οὕτω
1227 3306 1444 3378 ψυχρᾶς
1475 3323 1535 3359 τε
1576 3308 1670 3361 καὶ
1713 3305 1946 3378 βεϐήλου
1974 3324 2086 3378 τρι-

486 3398 596 3469 ϐῆς
639 3399 737 3453 καὶ
769 3397 1070 3467 συνηθείας
1110 3398 1500 3469 ἀλογωτάτης,
1552 3397 1656 3469 ἔφη
1704 3398 1865 3453 πάλιν
1909 3399 1967 3450 έν
2012 3397 2089 3470 τῷ

483 3491 785 3563 Δευιτικῷ·
811 3512 829 3544 ‹
856 3491 1105 3563 Λάλησον
1124 3491 1263 3564 πρὸς
1292 3490 1503 3563 Ἀαρὼν
1518 3493 1769 3565 καὶπρὸς
1791 3494 1916 3556 τοὺς
1939 3495 2089 3558 υἱοὺς

484 3580 679 3646 αὐτοῦ,
701 3583 796 3636 καὶ
816 3583 953 3653 πρὸς
975 3583 1184 3647 πάντας
1211 3582 1338 3648 τοὺς
1360 3584 1513 3648 υἱοὺς
1549 3584 1792 3656 Ἰσραὴλ,
1820 3584 1916 3638 καὶ
1943 3586 2089 3657 ἐρεῖς

486 3672 631 3742 πρὸς
663 3672 902 3737 αὐτούς·
943 3672 1118 3726 Τοῦτο
1159 3673 1223 3727 τὸ
1269 3674 1423 3745 ῥῆμα
1471 3674 1500 3728 ὃ
1539 3675 1851 3730 ἐνετείλατο
1885 3675 2091 3746 Κύριος

488 3765 692 3836 λέγων’
727 3764 1052 3838 ’Ἄνθρωπος
1087 3765 1197 3821 τῶν
1225 3765 1359 3821 υἱῶν
1404 3768 1658 3840 Ἰσραὴλ,
1698 3768 1730 3839 ἢ
1765 3767 1873 3823 τῶν
1918 3786 2091 3842 προσ-

420 3898 429 3903 .
491 3858 768 3931 κειμένων
794 3861 852 3913 έν
896 3862 1047 3931 ὑμῖν,
1079 3860 1138 3924 ὃς
1164 3858 1247 3914 ἂν,
1265 3860 1447 3934 σφάξῃ
1481 3862 1685 3934 μόσχον
1718 3862 1752 3933 ἦ
1792 3862 2089 3933 πρόϐατον,

488 3951 525 4022 ἢ
561 3947 695 4021 αἶγα
729 3954 789 4005 ὲν
815 3954 882 4022 τῇ
916 3952 1267 4024 παρεμϐολῇ,
1306 3953 1401 4007 καὶ
1432 3953 1492 4018 ὃς
1521 3954 1618 4009 ἐὰν
1649 3954 1830 4027 σφάξῃ
1861 3955 1966 4020 ἔξω
1993 3957 2092 4028 τῆς

492 4045 875 4118 παρεμϐολῆς,
903 4046 997 4098 καὶ
1035 4047 1128 4098 ἐπὶ
1154 4047 1255 4118 τὴν
1281 4045 1453 4118 θύραν
1479 4047 1578 4119 τῆς
1599 4051 1806 4122 σκηνῆς
1827 4051 1923 4105 τοῦ
1953 4069 2095 4123 μαρ-

493 4141 683 4215 τυρίου
727 4141 803 4212 μὴ
854 4141 1086 4213 ἐνέγκῃ,
1132 4140 1273 4195 ὥστε
1322 4141 1548 4213 ποιῆσαι
1586 4142 1718 4196 αὐτὸ
1754 4146 1836 4208 είς
1870 4144 2099 4199 ὁλοκαύ-

494 4249 678 4303 τωμα,
705 4231 739 4303 ῆ
771 4232 1038 4303 σωτήριον
1069 4230 1147 4302 τῷ
1173 4231 1387 4301 Κυρίῳ,
1421 4230 1611 4285 δεκτδν
1638 4233 1720 4296 είς
1753 4233 1930 4306 ὀσμὴν
1957 4235 2095 4288 εύω-

493 4324 637 4389 δίας·
669 4325 764 4379 καὶ
790 4324 851 4388 ὃς
882 4323 950 4378 ἂν
988 4324 1173 4395 σφάξῃ
1199 4321 1304 4387 ἔξω
1330 4323 1425 4376 ἐπὶ
1449 4324 1550 4395 τὴν
1571 4323 1743 4396 θύραν
1763 4326 1862 4398 τῆς
1889 4329 2101 4400 σκηνῆς

2184 1925 2549 1983 bernaculum
2578 1924 2884 1996 pertinent,
2919 1931 2975 1977 et
3021 1922 3333 1977 oblationes
3387 1919 3600 1991 populi,
3654 1934 3787 1989 pro-

2184 2019 2453 2075 fectiones
2492 2017 2660 2074 etiam
2690 2033 2757 2073 ac
2802 2015 3070 2071 stationes
3116 2029 3489 2085 exponemus;
3525 2012 3605 2068 sic
3637 2011 3786 2067 enim

2189 2120 2339 2168 recto
2371 2111 2576 2167 itinere
2606 2108 2996 2181 progredietur
3029 2107 3228 2163 oratio.

3368 2223 3416 2235 ’.ο

2257 2307 2456 2364 PALL.
2481 2304 2787 2363 Assentior.

2256 2401 2415 2457 CYR.
2453 2398 2753 2457 Constituit
2780 2397 2930 2454 enim
2968 2396 3061 2452 ille
3107 2394 3391 2467 Iegislator
3417 2407 3481 2447 ac
3503 2389 3696 2460 judex,
3725 2393 3788 2443 ut

2188 2496 2244 2551 in
2286 2502 2476 2551 sancto
2521 2493 2619 2549 illo
2652 2490 3011 2547 tabernaculo
3060 2488 3327 2545 duntaxat
3357 2483 3627 2541 sacriﬁcia
3651 2497 3788 2536 con-

2187 2594 2552 2652 summarent,
2598 2585 2917 2656 quicunque
2961 2582 3016 2637 id
3067 2582 3249 2637 facere
3279 2579 3509 2641 vellent,
3554 2582 3618 2630 ut
3668 2587 3807 2636 eos,

2188 2681 2407 2751 opinor,
2442 2679 2512 2735 ab
2545 2678 2643 2734 illo
2687 2675 2862 2732 veteri
2897 2675 3051 2731 cultu
3086 2673 3234 2728 falsae
3258 2668 3546 2741 religionis
3571 2672 3805 2721 averte;

2189 2780 2293 2836 ret;
2320 2785 2485 2843 quem
2536 2770 2594 2824 in
2649 2767 2883 2841 Egypto
2928 2765 3193 2821 nimirum
3252 2760 3641 2822 exhibuerant,
3694 2751 3793 2809 ubi

2189 2864 2365 2919 multa
2433 2861 2693 2934 vigebant
2750 2859 3027 2915 idolorum
3084 2854 3364 2919 ludibria,
3416 2850 3801 2917 falsorumque

2190 2956 2420 3012 deorum
2452 2953 2771 3024 turpissima
2808 2951 2991 3016 turba,
3032 2965 3156 3019 quae
3189 2962 3258 3003 ne
3283 2945 3354 3001 ab
3383 2943 3519 3015 ipsis
3543 2940 3793 3012 quidem,

2190 3143 2386 3200 berum
2416 3149 2538 3196 erat
2562 3137 2784 3208 cuique,
2809 3151 2876 3190 eo
2904 3133 3068 3203 mon
3094 3130 3426 3194 sacriﬁcare,
3452 3141 3562 3197 quo
3587 3123 3795 3179 voluis-

2190 3242 2294 3299 set,
2336 3242 2397 3288 ut
2438 3240 2521 3287 est
2551 3247 2581 3285 a
2614 3229 2862 3300 sapiente
2913 3224 3155 3297 quodam
3190 3220 3382 3293 gentili
3444 3227 3657 3273 temere
3704 3212 3795 3267 di-

2193 3337 2372 3392 ctum;
2405 3324 2547 3379 alius
2591 3336 2725 3376 vero
2773 3317 2866 3373 alii
2899 3317 3005 3372 deo
3038 3312 3409 3371 sacriﬁcabat.
3443 3309 3528 3364 Ab
3559 3307 3665 3361 hoc
3693 3303 3795 3374 igi-

2194 3429 2285 3475 tur
2307 3419 2446 3475 adeo
2469 3416 2638 3472 stulto
2670 3421 2837 3483 atque
2866 3409 3037 3480 impio
3069 3424 3174 3464 usu
3201 3414 3265 3462 et.
3285 3402 3527 3460 absurda
3553 3412 3797 3456 consue-

2196 3509 2388 3565 tudine
2442 3521 2569 3562 cum
2601 3520 2699 3560 eos
2751 3500 3031 3557 abducere
3078 3497 3269 3561 vellet,
3314 3493 3454 3550 dixit
3508 3504 3705 3547 rursus
3736 3487 3808 3541 in.

2197 3600 2445 3657 Levitico
2480 3616 2493 3651 :
2537 3616 2556 3647 ι
2588 3596 2842 3667 Loquere
2881 3594 2950 3649 ad
2993 3592 3198 3654 Aaron,
3226 3596 3283 3645 et
3308 3585 3375 3641 ad
3402 3584 3544 3640 ﬁlios
3574 3582 3714 3653 ejus,
3739 3585 3809 3633 eL

2198 3693 2267 3749 ad
2320 3706 2516 3748 omnes
2559 3688 2703 3744 ﬁlios
2737 3688 2929 3754 Israel,
2972 3694 3031 3742 et
3084 3682 3238 3737 dices
3298 3678 3363 3734 ad
3390 3693 3487 3733 eos
3517 3693 3531 3729 :
3567 3675 3681 3729 lloc
3711 3679 3810 3727 est.

2198 3786 2450 3850 verbum,
2478 3783 2627 3855 quod
2654 3782 2917 3854 praecepit
2940 3777 3231 3839 Dominus,
3254 3773 3447 3828 dicens
3477 3787 3490 3823 :
3520 3767 3699 3822 llomo
3725 3780 3809 3819 ex.

2202 3878 2327 3945 ﬁliis
2357 3878 2547 3941 Israel,
2581 3877 2669 3931 vel
2692 3892 2761 3931 ex
2793 3875 2880 3939 iis,
2916 3871 3012 3944 qui
3054 3865 3290 3941 appositi
3327 3870 3458 3919 sunt
3488 3859 3671 3922 vobis,
3700 3857 3811 3929 qui

2200 3969 2469 4025 occiderit
2496 3968 2732 4024 vitulum
2756 3973 2853 4021 aut
2899 3978 3082 4026 ovem,
3127 3968 3224 4015 aut
3249 3970 3472 4026 capram
3498 3954 3553 4007 iu
3577 3951 3809 4015 castris,

2200 4072 2257 4117 et
2282 4061 2378 4131 qui
2401 4059 2671 4115 occiderit
2699 4066 2855 4113 extra
2887 4062 3089 4116 castra,
3116 4061 3172 4106 et
3207 4049 3275 4104 ad
3308 4049 3509 4103 ostium
3536 4044 3796 4099 taberna-

2202 4153 2310 4209 culi
2354 4149 2655 4206 testimonii
2705 4164 2816 4202 non
2862 4144 3135 4209 attulerit,
3172 4149 3234 4198 ut
3258 4139 3424 4194 faciat
3478 4135 3616 4190 illud
3644 4134 3803 4189 holo-

2203 4249 2456 4298 caustum
2479 4241 2563 4295 vel
2594 4237 2928 4294 sacriﬁcium
2956 4235 3221 4297 salutare,
3244 4229 3478 4285 Domino
3509 4233 3808 4295 acceptum.

2204 4335 2260 4390 in
2283 4334 2509 4390 odorem
2541 4329 2861 4395 suavitatis;
2897 4336 2955 4383 et
2981 4326 3077 4397 qui
3136 4321 3405 4380 occiderit
3433 4326 3609 4383 extra,
3648 4328 3706 4372 et
3730 4316 3800 4370 ad

493 4416 590 4471 τοῦ
627 4416 954 4488 μαρτυρίου,
987 4417 1081 4470 καὶ
1105 4415 1180 4487 μὴ
1207 4415 1407 4488 ἐνέγκῃ
1444 4415 1599 4481 αὐτὸ,
1630 4415 1775 4470 ὥστε
1802 4418 1880 4489 μὴ
1926 4436 2089 4490 προσ-

2200 4429 2404 4485 ostium
2434 4422 2776 4482 tabernaculi
2809 4418 3111 4477 testimonii
3168 4432 3279 4471 non
3334 4411 3586 4469 attulerit
3639 4409 3805 4472 illud,

495 4515 702 4582 ενέγκῃ
754 4508 931 4580 δῶρον
964 4506 1157 4579 Κυρίῳ
1188 4507 1453 4561 ἀπέναντι
1473 4508 1572 4577 τῆς
1596 4507 1807 4579 σκηνῆς
1844 4510 2054 4582 Κυρίου
2076 4552 2094 4577 ,

426 4660 429 4667 ι
496 4600 592 4653 καὶ
621 4599 1012 4670 λογισθήσεται
1041 4598 1119 4670 τῷ
1139 4598 1414 4671 ἀνθρώπῳ
1438 4597 1652 4670 ἐκείνῳ,
1686 4592 1830 4671 αἷμα
1858 4599 2099 4672 ἐξέχεεν,

495 4691 1013 4765 ὲξολοθρευθήσεται
1037 4695 1071 4764 ή
1093 4693 1246 4765 ψυχὴ
1270 4693 1451 4764 ἐκείνη
1476 4695 1542 4746 ὲκ
1561 4692 1658 4747 τοῦ
1688 4692 1822 4748 λαοῦ
1852 4695 2045 4767 αὐτῆς.
2076 4714 2094 4747 ι

494 4781 647 4856 Αἷμα
679 4785 780 4857 μὲν
809 4781 905 4840 οὖν
946 4787 1150 4858 ἐκχεῖν,
1181 4788 1277 4841 καὶ
1301 4790 1415 4851 τοῖς
1436 4790 1516 4851 είς
1548 4787 1881 4858 μιαιφωνίαν
1901 4789 2103 4861 ἐγκλή-

500 4895 668 4950 μασιν
700 4878 888 4950 ἔνοχον
922 4876 1146 4933 ἔσεσθαι
1182 4879 1276 4933 τὸν
1316 4878 1424 4944 ἔξω
1470 4878 1672 4935 θύοντα
1719 4880 1820 4952 τῆς
1868 4884 2095 4953 σκηνῆς.

509 4973 739 5026 Ἑαυτὸν
770 4972 883 5043 γὰρ
907 4971 1100 5045 ὥσπερ
1131 4972 1460 5045 διεχρήσατο
1490 4990 1606 5037 τις,
1634 4974 1730 5027 καὶ
1763 4974 1867 5046 τὴν
1886 4973 2097 5029 οἰκείαν

497 5064 810 5137 ώλόθρευσε
860 5065 1079 5137 ψυχὴν,
1139 5067 1168 5118 ὁ
1217 5065 1355 5119 Θεοῦ
1421 5065 1522 5137 μὲν
1573 5065 1669 5120 τοῦ
1731 5065 1874 5121 κατὰ
1932 5067 2094 5136 φύσιν

499 5158 741 5228 ἀφιστὰς
795 5157 1006 5229 αὐτὴν,
1061 5158 1390 5229 προσνέμων
1442 5159 1500 5212 δὲ
1549 5158 1721 5224 λίθοις
1771 5161 1866 5213 καὶ
1916 5162 2096 5226 ξύλοις

501 5256 601 5310 καὶ
632 5258 756 5320 ταῖς
794 5255 905 5309 τών
945 5255 1239 5326 δαιμονίων
1279 5256 1519 5320 ἀπάταις
1562 5256 1858 5321 ἀνατιθείς.
1893 5259 2015 5311 ’Ὁτι
2048 5258 2105 5311 δὲ

499 5350 563 5401 οὐ
621 5350 733 5402 πᾶν
802 5348 993 5413 ἁπλῶς
1057 5348 1205 5421 θῦμα
1272 5350 1426 5421 παρά
1481 5349 1580 5413 τὰς
1637 5349 1810 5422 θύρας
1872 5351 2103 5419 ἄγεσθαι

501 5440 841 5512 προστέταχε
890 5441 990 5511 τῆς
1042 5442 1247 5511 σκηνῆς
1273 5481 1288 5502 ,
1324 5441 1442 5495 ἀλλ’
1476 5442 1614 5513 ὅπερ
1666 5442 1842 5497 ’ἐλοιτό
1885 5460 1975 5508 τις
2023 5447 2104 5508 εἰς

502 5533 698 5588 θυσίαν
772 5533 1060 5589 ἀιαθεῖναι
1105 5534 1270 5603 Θεῷ,
1323 5534 1560 5605 δέδειχεν
1610 5535 1855 5607 ἐναργῶς
1937 5553 2105 5607 προσ-

503 5625 733 5696 επάγων
768 5625 967 5691 εὐθύςο
1006 5646 1025 5677 ι
1066 5627 1176 5681 Καὶ
1227 5625 1290 5679 οὐ
1339 5626 1596 5681 θύσουσιν
1643 5628 1734 5680 ἐπὶ
1774 5626 1872 5691 τὰς
1912 5626 2105 5693 θυσίαις

582 5812 623 5843 ’⁷
649 5811 670 5867 ι
693 5809 887 5867 Thess.
920 5828 970 5877 ν,
1015 5810 1066 5865 ὃ.
1178 5809 1218 5841 ³⁸
1250 5809 1426 5865 chit.
1458 5826 1586 5878 xvn,
1621 5809 1656 5864 2
1687 5825 1839 5883 seqq.

2196 4528 2259 4575 ut
2285 4517 2487 4573 olierat
2520 4514 2730 4570 donum
2784 4510 3019 4567 Domino
3075 4521 3263 4564 coram
3307 4500 3663 4559 tabernaculo
3689 4500 3798 4553 Do—

2198 4612 2366 4679 mini;
2402 4608 2627 4681 sanguis
2655 4603 3022 4678 imputabitur
3068 4598 3279 4657 homini
3324 4597 3402 4651 illi
3431 4612 3446 4663 ;
3475 4591 3805 4664 sanguinem

2198 4705 2417 4771 ell‘udit,
2446 4698 2916 4759 exterminabitur
2938 4695 3121 4751 anima
3146 4692 3239 4748 illa
3261 4691 3329 4746 de
3346 4687 3553 4760 populo
3575 4700 3676 4741 suo
3701 4684 3761 4737 ⁸⁸.
3778 4702 3794 4733 ι

2202 4795 2540 4869 Sanguinem
2600 4793 2770 4864 igitur
2848 4788 3122 4851 fundere,
3183 4793 3242 4839 et
3303 4776 3589 4837 homicidii
3646 4790 3803 4829 reum

2205 4866 2346 4955 fore,
2378 4887 2559 4958 inquit
2603 4901 2756 4952 eum,
2784 4883 2880 4955 qui
2908 4890 3065 4938 extra
3090 4874 3504 4934 tabernaculum
3532 4866 3805 4925 sacriﬁca-

2203 4982 2369 5039 verit.
2431 4981 2685 5052 Seipsum
2737 4979 2886 5034 enim
2919 4972 3215 5035 interfecit,
3250 4983 3314 5023 ac
3362 4979 3516 5021 suam
3563 4959 3809 5015 animam

2204 5062 2477 5143 perdidit,
2499 5070 2754 5142 quisquis
2789 5069 2937 5123 illam
2966 5067 3036 5122 ab
3061 5081 3149 5128 eo,
3172 5061 3268 5133 qui
3302 5054 3613 5114 secundum
3635 5060 3801 5143 natu-

2205 5180 2324 5219 ram
2356 5141 2532 5219 Deus,
2559 5170 2667 5227 est,
2712 5159 2934 5222 avertit,
2983 5169 3215 5224 eamque
3245 5148 3521 5220 lapidibus
3549 5159 3615 5198 ac
3639 5141 3808 5212 lignis

2207 5270 2263 5313 ct
2302 5256 2706 5314 daemoniorum
2760 5251 3050 5307 erroribus
3095 5245 3321 5302 dicavit.
3369 5242 3643 5298 Caeterum
3692 5250 3805 5290 non

2204 5364 2426 5405 omnem
2459 5363 2688 5421 prorsus
2712 5345 2992 5402 vietimam
3026 5340 3094 5395 ad
3120 5338 3323 5394 ostium
3349 5331 3512 5406 355
3543 5329 3802 5385 taberna-

2207 5444 2324 5499 culi
2352 5442 2545 5499 aﬂ‘erri
2577 5439 2929 5512 praecepisse,
2959 5435 3055 5491 sed
3075 5449 3196 5489 eam
3227 5431 3516 5493 duntaxat,
3548 5438 3714 5495 quam
3748 5419 3803 5475 iu

2205 5536 2543 5592 sacriﬁcium
2565 5534 2769 5590 oﬂ‘erre
2799 5533 2912 5587 Deo
2940 5530 3177 5601 quisque
3198 5524 3484 5587 voluisset,
3516 5515 3804 5591 perspicue

2206 5629 2469 5697 ostendit,
2501 5644 2628 5685 eum
2677 5626 2825 5682 illico
2876 5622 3160 5696 subjunxit
3189 5639 3201 5675 :
3238 5640 3253 5673 ι
3290 5619 3355 5675 Et
3384 5630 3495 5672 non
3529 5608 3801 5668 sacriﬁca-
