  <div class='ocr_page' id='page_1' title='image "/cluster/home/n/w/nwhite01/storage/ocr_20150623/68:no.1/coo.31924054869742/355.png"; bbox 0 0 4118 6482; ppageno 0'>
   <div class='ocr_carea' id='block_1_1' title="bbox 357 333 463 387">
    <p class='ocr_par' dir='ltr' id='par_1_1' title="bbox 357 333 463 387">
     <span class='ocr_line' id='line_1_1' title="bbox 357 333 463 387; baseline 0 0"><span class='ocrx_word' id='word_1_1' title='bbox 357 333 463 387; x_wconf 77' lang='lat'><strong>695</strong></span> 
     </span>
    </p>
   </div>
   <div class='ocr_carea' id='block_1_2' title="bbox 1352 331 2605 394">
    <p class='ocr_par' dir='ltr' id='par_1_2' title="bbox 1352 331 2605 394">
     <span class='ocr_line' id='line_1_2' title="bbox 1352 331 2605 394; baseline 0.006 -6"><span class='ocrx_word' id='word_1_2' title='bbox 1352 332 1409 388; x_wconf 75' lang='grc' dir='ltr'>ε.</span> <span class='ocrx_word' id='word_1_3' title='bbox 1449 331 1725 389; x_wconf 77' lang='lat' dir='ltr'><strong>CYBILLI</strong></span> <span class='ocrx_word' id='word_1_4' title='bbox 1763 332 2236 391; x_wconf 74' lang='lat' dir='ltr'><strong>ALEXANDRINI</strong></span> <span class='ocrx_word' id='word_1_5' title='bbox 2275 335 2605 394; x_wconf 60' lang='lat' dir='ltr'><strong>ARCHIEPv&#39;</strong></span> 
     </span>
    </p>
   </div>
   <div class='ocr_carea' id='block_1_3' title="bbox 3526 348 3634 406">
    <p class='ocr_par' dir='ltr' id='par_1_3' title="bbox 3526 348 3634 406">
     <span class='ocr_line' id='line_1_3' title="bbox 3526 348 3634 406; baseline 0.009 -1"><span class='ocrx_word' id='word_1_6' title='bbox 3526 348 3634 406; x_wconf 61' lang='grc' dir='ltr'><strong>επ</strong></span> 
     </span>
    </p>
   </div>
   <div class='ocr_carea' id='block_1_4' title="bbox 358 442 1957 530">
    <p class='ocr_par' dir='ltr' id='par_1_4' title="bbox 358 442 1949 513">
     <span class='ocr_line' id='line_1_4' title="bbox 358 442 1949 513; baseline 0 -14"><span class='ocrx_word' id='word_1_7' title='bbox 358 447 501 499; x_wconf 83' lang='lat' dir='ltr'><strong>bunt</strong></span> <span class='ocrx_word' id='word_1_8' title='bbox 561 443 829 499; x_wconf 89' lang='lat' dir='ltr'><strong>sacriﬁcia</strong></span> <span class='ocrx_word' id='word_1_9' title='bbox 874 460 972 499; x_wconf 87' lang='lat' dir='ltr'><strong>sua</strong></span> <span class='ocrx_word' id='word_1_10' title='bbox 1003 443 1360 506; x_wconf 86' lang='lat' dir='ltr'><strong>vanitatibus,</strong></span> <span class='ocrx_word' id='word_1_11' title='bbox 1412 458 1540 501; x_wconf 86' lang='lat' dir='ltr'><strong>cum</strong></span> <span class='ocrx_word' id='word_1_12' title='bbox 1582 442 1789 512; x_wconf 89' lang='lat' dir='ltr'><strong>quibus</strong></span> <span class='ocrx_word' id='word_1_13' title='bbox 1845 443 1949 513; x_wconf 86' lang='lat' dir='ltr'><strong>ipsi</strong></span> 
     </span>
    </p>
   </div>
   <div class='ocr_carea' id='block_1_5' title="bbox 2061 442 3642 530">
    <p class='ocr_par' dir='ltr' id='par_1_5' title="bbox 2061 448 3642 530">
     <span class='ocr_line' id='line_1_5' title="bbox 2061 448 3642 530; baseline 0.009 -29"><span class='ocrx_word' id='word_1_14' title='bbox 2061 448 2237 502; x_wconf 66' lang='lat' dir='ltr'><strong>utier</strong></span> <span class='ocrx_word' id='word_1_15' title='bbox 2258 453 2370 513; x_wconf 82' lang='grc' dir='ltr'>τοῖς</span> <span class='ocrx_word' id='word_1_16' title='bbox 2398 453 2671 522; x_wconf 76' lang='grc' dir='ltr'>ματαίοις,</span> <span class='ocrx_word' id='word_1_17' title='bbox 2702 448 2784 517; x_wconf 76' lang='grc' dir='ltr'>οἷς</span> <span class='ocrx_word' id='word_1_18' title='bbox 2813 455 2969 510; x_wconf 75' lang='grc' dir='ltr'>αὐτοὶ</span> <span class='ocrx_word' id='word_1_19' title='bbox 2998 457 3440 530; x_wconf 82' lang='grc' dir='ltr'>ἐκπορνεύσωσιν</span> <span class='ocrx_word' id='word_1_20' title='bbox 3459 460 3642 514; x_wconf 78' lang='grc' dir='ltr'>ὀπίσω</span> 
     </span>
    </p>
   </div>
   <div class='ocr_carea' id='block_1_6' title="bbox 360 534 1943 606">
    <p class='ocr_par' dir='ltr' id='par_1_6' title="bbox 360 534 1943 606">
     <span class='ocr_line' id='line_1_6' title="bbox 360 534 1943 606; baseline 0 -17"><span class='ocrx_word' id='word_1_21' title='bbox 360 536 705 590; x_wconf 87' lang='lat' dir='ltr'><strong>i&#39;ornicantur</strong></span> <span class='ocrx_word' id='word_1_22' title='bbox 732 545 853 605; x_wconf 89' lang='lat' dir='ltr'><strong>post</strong></span> <span class='ocrx_word' id='word_1_23' title='bbox 880 535 1064 590; x_wconf 78' lang='lat' dir='ltr'><strong>eas&quot;.</strong></span> <span class='ocrx_word' id='word_1_24' title='bbox 1113 555 1131 587; x_wconf 73' lang='grc' dir='ltr'><strong>ι</strong></span> <span class='ocrx_word' id='word_1_25' title='bbox 1163 534 1334 606; x_wconf 83' lang='lat' dir='ltr'><strong>Igitur</strong></span> <span class='ocrx_word' id='word_1_26' title='bbox 1381 534 1662 589; x_wconf 88' lang='lat' dir='ltr'><strong>interdicit</strong></span> <span class='ocrx_word' id='word_1_27' title='bbox 1698 550 1943 604; x_wconf 76' lang='lat' dir='ltr'><strong>prorsus,</strong></span> 
     </span>
    </p>
   </div>
   <div class='ocr_carea' id='block_1_7' title="bbox 362 625 1946 697">
    <p class='ocr_par' dir='ltr' id='par_1_7' title="bbox 362 625 1946 697">
     <span class='ocr_line' id='line_1_7' title="bbox 362 625 1946 697; baseline 0 -18"><span class='ocrx_word' id='word_1_28' title='bbox 362 642 431 679; x_wconf 86' lang='lat' dir='ltr'><strong>ne</strong></span> <span class='ocrx_word' id='word_1_29' title='bbox 459 627 584 696; x_wconf 87' lang='lat' dir='ltr'><strong>quis</strong></span> <span class='ocrx_word' id='word_1_30' title='bbox 614 627 763 681; x_wconf 90' lang='lat' dir='ltr'><strong>nullo</strong></span> <span class='ocrx_word' id='word_1_31' title='bbox 795 626 1136 693; x_wconf 90' lang='lat' dir='ltr'><strong>discrimine,</strong></span> <span class='ocrx_word' id='word_1_32' title='bbox 1204 630 1516 697; x_wconf 85' lang='lat' dir='ltr'><strong>cuicunque</strong></span> <span class='ocrx_word' id='word_1_33' title='bbox 1555 626 1706 691; x_wconf 81' lang='lat' dir='ltr'><strong>velit,</strong></span> <span class='ocrx_word' id='word_1_34' title='bbox 1733 625 1946 682; x_wconf 88' lang='lat' dir='ltr'><strong>sacriﬁ-</strong></span> 
     </span>
    </p>
   </div>
   <div class='ocr_carea' id='block_1_8' title="bbox 362 718 1946 787">
    <p class='ocr_par' dir='ltr' id='par_1_8' title="bbox 362 718 1946 787">
     <span class='ocr_line' id='line_1_8' title="bbox 362 718 1946 787; baseline 0 -16"><span class='ocrx_word' id='word_1_35' title='bbox 362 727 477 783; x_wconf 90' lang='lat' dir='ltr'><strong>cct;</strong></span> <span class='ocrx_word' id='word_1_36' title='bbox 509 719 607 773; x_wconf 90' lang='lat' dir='ltr'><strong>soli</strong></span> <span class='ocrx_word' id='word_1_37' title='bbox 631 727 814 773; x_wconf 90' lang='lat' dir='ltr'><strong>autem</strong></span> <span class='ocrx_word' id='word_1_38' title='bbox 837 718 909 783; x_wconf 90' lang='lat' dir='ltr'><strong>ei,</strong></span> <span class='ocrx_word' id='word_1_39' title='bbox 939 718 1034 787; x_wconf 88' lang='lat' dir='ltr'><strong>qui</strong></span> <span class='ocrx_word' id='word_1_40' title='bbox 1066 718 1372 773; x_wconf 90' lang='lat' dir='ltr'><strong>secundum</strong></span> <span class='ocrx_word' id='word_1_41' title='bbox 1401 726 1656 776; x_wconf 87' lang='lat' dir='ltr'><strong>naturam</strong></span> <span class='ocrx_word' id='word_1_42' title='bbox 1679 718 1825 773; x_wconf 86' lang='lat' dir='ltr'><strong>Deus</strong></span> <span class='ocrx_word' id='word_1_43' title='bbox 1839 726 1946 782; x_wconf 90' lang='lat' dir='ltr'><strong>est,</strong></span> 
     </span>
    </p>
   </div>
   <div class='ocr_carea' id='block_1_9' title="bbox 363 807 1697 879">
    <p class='ocr_par' dir='ltr' id='par_1_9' title="bbox 363 807 1697 879">
     <span class='ocr_line' id='line_1_9' title="bbox 363 807 1697 879; baseline 0.001 -19"><span class='ocrx_word' id='word_1_44' title='bbox 363 807 571 861; x_wconf 86' lang='lat' dir='ltr'><strong>cultum</strong></span> <span class='ocrx_word' id='word_1_45' title='bbox 597 807 968 861; x_wconf 78' lang='lat' dir='ltr'><strong>exhibendum</strong></span> <span class='ocrx_word' id='word_1_46' title='bbox 992 823 1134 874; x_wconf 89' lang='lat' dir='ltr'><strong>esse,</strong></span> <span class='ocrx_word' id='word_1_47' title='bbox 1164 809 1509 879; x_wconf 75' lang='lat' dir='ltr'><strong>apertissime</strong></span> <span class='ocrx_word' id='word_1_48' title='bbox 1543 807 1697 863; x_wconf 80' lang='lat' dir='ltr'><strong>dicit.</strong></span> 
     </span>
    </p>
   </div>
   <div class='ocr_carea' id='block_1_10' title="bbox 433 897 1485 956">
    <p class='ocr_par' dir='ltr' id='par_1_10' title="bbox 433 897 1485 956">
     <span class='ocr_line' id='line_1_10' title="bbox 433 897 1485 956; baseline 0.005 -6"><span class='ocrx_word' id='word_1_49' title='bbox 433 897 629 951; x_wconf 77' lang='lat' dir='ltr'><strong>PALL.</strong></span> <span class='ocrx_word' id='word_1_50' title='bbox 671 898 941 955; x_wconf 72' lang='lat' dir='ltr'><strong>Prwclare</strong></span> <span class='ocrx_word' id='word_1_51' title='bbox 972 915 1104 956; x_wconf 92' lang='lat' dir='ltr'><strong>sane</strong></span> <span class='ocrx_word' id='word_1_52' title='bbox 1138 900 1347 955; x_wconf 90' lang='lat' dir='ltr'><strong>dictum</strong></span> <span class='ocrx_word' id='word_1_53' title='bbox 1380 909 1485 956; x_wconf 89' lang='lat' dir='ltr'><strong>est.</strong></span> 
     </span>
    </p>
   </div>
   <div class='ocr_carea' id='block_1_11' title="bbox 434 992 1949 1063">
    <p class='ocr_par' dir='ltr' id='par_1_11' title="bbox 434 992 1949 1063">
     <span class='ocr_line' id='line_1_11' title="bbox 434 992 1949 1063; baseline 0.001 -18"><span class='ocrx_word' id='word_1_54' title='bbox 434 992 590 1045; x_wconf 76' lang='lat' dir='ltr'><strong>CYlt.</strong></span> <span class='ocrx_word' id='word_1_55' title='bbox 633 992 745 1047; x_wconf 82' lang='lat' dir='ltr'><strong>Nec</strong></span> <span class='ocrx_word' id='word_1_56' title='bbox 770 1008 902 1046; x_wconf 82' lang='lat' dir='ltr'><strong>vero</strong></span> <span class='ocrx_word' id='word_1_57' title='bbox 929 992 1285 1047; x_wconf 73' lang='lat' dir='ltr'><strong>mediocriter</strong></span> <span class='ocrx_word' id='word_1_58' title='bbox 1314 994 1490 1063; x_wconf 82' lang='lat' dir='ltr'><strong>juvat,</strong></span> <span class='ocrx_word' id='word_1_59' title='bbox 1522 993 1567 1047; x_wconf 89' lang='lat' dir='ltr'><strong>si</strong></span> <span class='ocrx_word' id='word_1_60' title='bbox 1599 993 1708 1047; x_wconf 88' lang='lat' dir='ltr'><strong>alio</strong></span> <span class='ocrx_word' id='word_1_61' title='bbox 1729 1007 1949 1063; x_wconf 86' lang='lat' dir='ltr'><strong>quoque</strong></span> 
     </span>
    </p>
   </div>
   <div class='ocr_carea' id='block_1_12' title="bbox 365 1081 1949 1156">
    <p class='ocr_par' dir='ltr' id='par_1_12' title="bbox 365 1081 1949 1156">
     <span class='ocr_line' id='line_1_12' title="bbox 365 1081 1949 1156; baseline 0.004 -23"><span class='ocrx_word' id='word_1_62' title='bbox 365 1081 527 1137; x_wconf 86' lang='lat' dir='ltr'><strong>modo</strong></span> <span class='ocrx_word' id='word_1_63' title='bbox 578 1083 948 1155; x_wconf 78' lang='lat' dir='ltr'><strong>intelligamus</strong></span> <span class='ocrx_word' id='word_1_64' title='bbox 1004 1086 1300 1155; x_wconf 81' lang='lat' dir='ltr'><strong>expedire,</strong></span> <span class='ocrx_word' id='word_1_65' title='bbox 1349 1093 1514 1156; x_wconf 89' lang='lat' dir='ltr'><strong>atque</strong></span> <span class='ocrx_word' id='word_1_66' title='bbox 1558 1085 1726 1140; x_wconf 90' lang='lat' dir='ltr'><strong>etiam</strong></span> <span class='ocrx_word' id='word_1_67' title='bbox 1778 1099 1949 1155; x_wconf 86' lang='lat' dir='ltr'><strong>prope</strong></span> 
     </span>
    </p>
   </div>
   <div class='ocr_carea' id='block_1_13' title="bbox 361 1179 1950 1245">
    <p class='ocr_par' dir='ltr' id='par_1_13' title="bbox 361 1179 1950 1245">
     <span class='ocr_line' id='line_1_13' title="bbox 361 1179 1950 1245; baseline -0.001 -10"><span class='ocrx_word' id='word_1_68' title='bbox 361 1183 734 1235; x_wconf 80' lang='lat' dir='ltr'><strong>necessarium</strong></span> <span class='ocrx_word' id='word_1_69' title='bbox 775 1197 917 1245; x_wconf 87' lang='lat' dir='ltr'><strong>esse,</strong></span> <span class='ocrx_word' id='word_1_70' title='bbox 956 1183 1013 1236; x_wconf 92' lang='lat' dir='ltr'><strong>in</strong></span> <span class='ocrx_word' id='word_1_71' title='bbox 1055 1190 1246 1236; x_wconf 86' lang='lat' dir='ltr'><strong>sancto</strong></span> <span class='ocrx_word' id='word_1_72' title='bbox 1287 1181 1552 1236; x_wconf 72' lang='lat' dir='ltr'><strong>duntaxat</strong></span> <span class='ocrx_word' id='word_1_73' title='bbox 1592 1179 1950 1236; x_wconf 88' lang='lat' dir='ltr'><strong>tabernaculo</strong></span> 
     </span>
    </p>
   </div>
   <div class='ocr_carea' id='block_1_14' title="bbox 362 1269 1617 1335">
    <p class='ocr_par' dir='ltr' id='par_1_14' title="bbox 362 1269 1617 1335">
     <span class='ocr_line' id='line_1_14' title="bbox 362 1269 1617 1335; baseline -0.002 -10"><span class='ocrx_word' id='word_1_74' title='bbox 362 1271 626 1326; x_wconf 65' lang='lat' dir='ltr'><strong>sacriﬁcia</strong></span> <span class='ocrx_word' id='word_1_75' title='bbox 657 1272 795 1335; x_wconf 86' lang='lat' dir='ltr'><strong>ﬁeri,</strong></span> <span class='ocrx_word' id='word_1_76' title='bbox 825 1288 889 1326; x_wconf 88' lang='lat' dir='ltr'><strong>ac</strong></span> <span class='ocrx_word' id='word_1_77' title='bbox 920 1287 1106 1328; x_wconf 85' lang='lat' dir='ltr'><strong>sacras</strong></span> <span class='ocrx_word' id='word_1_78' title='bbox 1133 1271 1384 1326; x_wconf 77' lang='lat' dir='ltr'><strong>victimas</strong></span> <span class='ocrx_word' id='word_1_79' title='bbox 1408 1269 1617 1326; x_wconf 76' lang='lat' dir='ltr'><strong>oﬁ‘crri.</strong></span> 
     </span>
    </p>
   </div>
   <div class='ocr_carea' id='block_1_15' title="bbox 434 1448 1267 1518">
    <p class='ocr_par' dir='ltr' id='par_1_15' title="bbox 434 1448 1267 1518">
     <span class='ocr_line' id='line_1_15' title="bbox 434 1448 1267 1518; baseline -0.007 -12"><span class='ocrx_word' id='word_1_80' title='bbox 434 1452 629 1506; x_wconf 72' lang='lat' dir='ltr'><strong>PALL.</strong></span> <span class='ocrx_word' id='word_1_81' title='bbox 673 1451 793 1518; x_wconf 85' lang='lat' dir='ltr'><strong>Quo</strong></span> <span class='ocrx_word' id='word_1_82' title='bbox 818 1450 1039 1504; x_wconf 86' lang='lat' dir='ltr'><strong>tandem</strong></span> <span class='ocrx_word' id='word_1_83' title='bbox 1067 1448 1267 1503; x_wconf 86' lang='lat' dir='ltr'><strong>modo?</strong></span> 
     </span>
    </p>
   </div>
   <div class='ocr_carea' id='block_1_16' title="bbox 432 1535 1952 1610">
    <p class='ocr_par' dir='ltr' id='par_1_16' title="bbox 432 1535 1952 1610">
     <span class='ocr_line' id='line_1_16' title="bbox 432 1535 1952 1610; baseline -0.006 -13"><span class='ocrx_word' id='word_1_84' title='bbox 432 1543 591 1597; x_wconf 68' lang='lat' dir='ltr'><strong>CVR.</strong></span> <span class='ocrx_word' id='word_1_85' title='bbox 633 1542 829 1597; x_wconf 83' lang='lat' dir='ltr'><strong>Annon</strong></span> <span class='ocrx_word' id='word_1_86' title='bbox 877 1540 1171 1610; x_wconf 80' lang='lat' dir='ltr'><strong>imaginem</strong></span> <span class='ocrx_word' id='word_1_87' title='bbox 1196 1555 1261 1592; x_wconf 91' lang='lat' dir='ltr'><strong>ac</strong></span> <span class='ocrx_word' id='word_1_88' title='bbox 1288 1538 1514 1609; x_wconf 79' lang='lat' dir='ltr'><strong>ﬁguram</strong></span> <span class='ocrx_word' id='word_1_89' title='bbox 1538 1536 1713 1605; x_wconf 86' lang='lat' dir='ltr'><strong>ipsius</strong></span> <span class='ocrx_word' id='word_1_90' title='bbox 1736 1535 1952 1591; x_wconf 85' lang='lat' dir='ltr'><strong>Emma-</strong></span> 
     </span>
    </p>
   </div>
   <div class='ocr_carea' id='block_1_17' title="bbox 364 1625 1950 1695">
    <p class='ocr_par' dir='ltr' id='par_1_17' title="bbox 364 1625 1950 1695">
     <span class='ocr_line' id='line_1_17' title="bbox 364 1625 1950 1695; baseline -0.003 -12"><span class='ocrx_word' id='word_1_91' title='bbox 364 1632 492 1685; x_wconf 85' lang='lat' dir='ltr'><strong>nuel</strong></span> <span class='ocrx_word' id='word_1_92' title='bbox 527 1646 647 1685; x_wconf 86' lang='lat' dir='ltr'><strong>esse</strong></span> <span class='ocrx_word' id='word_1_93' title='bbox 680 1630 1004 1685; x_wconf 83' lang='lat' dir='ltr'><strong>dicebamus</strong></span> <span class='ocrx_word' id='word_1_94' title='bbox 1043 1628 1194 1682; x_wconf 90' lang='lat' dir='ltr'><strong>illum</strong></span> <span class='ocrx_word' id='word_1_95' title='bbox 1235 1627 1489 1688; x_wconf 87' lang='lat' dir='ltr'><strong>vitulum,</strong></span> <span class='ocrx_word' id='word_1_96' title='bbox 1515 1625 1609 1694; x_wconf 92' lang='lat' dir='ltr'><strong>qui</strong></span> <span class='ocrx_word' id='word_1_97' title='bbox 1636 1640 1738 1695; x_wconf 87' lang='lat' dir='ltr'><strong>pro</strong></span> <span class='ocrx_word' id='word_1_98' title='bbox 1766 1640 1950 1680; x_wconf 89' lang='lat' dir='ltr'><strong>sacer-</strong></span> 
     </span>
    </p>
   </div>
   <div class='ocr_carea' id='block_1_18' title="bbox 363 1718 1952 1792">
    <p class='ocr_par' dir='ltr' id='par_1_18' title="bbox 363 1718 1952 1792">
     <span class='ocr_line' id='line_1_18' title="bbox 363 1718 1952 1792; baseline -0.003 -17"><span class='ocrx_word' id='word_1_99' title='bbox 363 1723 493 1777; x_wconf 84' lang='lat' dir='ltr'><strong>dote</strong></span> <span class='ocrx_word' id='word_1_100' title='bbox 525 1730 583 1776; x_wconf 85' lang='lat' dir='ltr'><strong>ct</strong></span> <span class='ocrx_word' id='word_1_101' title='bbox 621 1724 809 1792; x_wconf 86' lang='lat' dir='ltr'><strong>populi</strong></span> <span class='ocrx_word' id='word_1_102' title='bbox 842 1723 1145 1792; x_wconf 80' lang='lat' dir='ltr'><strong>ignorantia</strong></span> <span class='ocrx_word' id='word_1_103' title='bbox 1174 1720 1241 1775; x_wconf 84' lang='lat' dir='ltr'><strong>ad</strong></span> <span class='ocrx_word' id='word_1_104' title='bbox 1293 1718 1710 1774; x_wconf 66' lang='lat' dir='ltr'><strong>tabernaculum</strong></span> <span class='ocrx_word' id='word_1_105' title='bbox 1748 1726 1952 1783; x_wconf 85' lang='lat' dir='ltr'><strong>macta-</strong></span> 
     </span>
    </p>
   </div>
   <div class='ocr_carea' id='block_1_19' title="bbox 364 1815 567 1869">
    <p class='ocr_par' dir='ltr' id='par_1_19' title="bbox 364 1815 567 1869">
     <span class='ocr_line' id='line_1_19' title="bbox 364 1815 567 1869; baseline -0.015 0"><span class='ocrx_word' id='word_1_106' title='bbox 364 1815 567 1869; x_wconf 70' lang='lat' dir='ltr'><strong>luatur?</strong></span> 
     </span>
    </p>
   </div>
   <div class='ocr_carea' id='block_1_20' title="bbox 435 1903 1030 1959">
    <p class='ocr_par' dir='ltr' id='par_1_20' title="bbox 435 1903 1030 1959">
     <span class='ocr_line' id='line_1_20' title="bbox 435 1903 1030 1959; baseline -0.003 0"><span class='ocrx_word' id='word_1_107' title='bbox 435 1904 634 1959; x_wconf 78' lang='lat' dir='ltr'><strong>PALL.</strong></span> <span class='ocrx_word' id='word_1_108' title='bbox 678 1903 1030 1959; x_wconf 75' lang='lat' dir='ltr'><strong>Dicebamus.</strong></span> 
     </span>
    </p>
   </div>
   <div class='ocr_carea' id='block_1_21' title="bbox 433 1995 1952 2068">
    <p class='ocr_par' dir='ltr' id='par_1_21' title="bbox 433 1995 1952 2068">
     <span class='ocr_line' id='line_1_21' title="bbox 433 1995 1952 2068; baseline -0.001 -17"><span class='ocrx_word' id='word_1_109' title='bbox 433 1998 592 2051; x_wconf 66' lang='grc' dir='ltr'><strong>ΟΥΕ.</strong></span> <span class='ocrx_word' id='word_1_110' title='bbox 626 1996 709 2051; x_wconf 89' lang='lat' dir='ltr'><strong>0h</strong></span> <span class='ocrx_word' id='word_1_111' title='bbox 732 2012 855 2051; x_wconf 90' lang='lat' dir='ltr'><strong>eam</strong></span> <span class='ocrx_word' id='word_1_112' title='bbox 882 1997 1049 2068; x_wconf 81' lang='lat' dir='ltr'><strong>igitur</strong></span> <span class='ocrx_word' id='word_1_113' title='bbox 1076 2011 1299 2052; x_wconf 86' lang='lat' dir='ltr'><strong>causam</strong></span> <span class='ocrx_word' id='word_1_114' title='bbox 1323 1996 1561 2051; x_wconf 87' lang='lat' dir='ltr'><strong>dicimus</strong></span> <span class='ocrx_word' id='word_1_115' title='bbox 1586 1998 1642 2051; x_wconf 90' lang='lat' dir='ltr'><strong>in</strong></span> <span class='ocrx_word' id='word_1_116' title='bbox 1668 1995 1952 2061; x_wconf 84' lang='lat' dir='ltr'><strong>Ecclesiis,</strong></span> 
     </span>
    </p>
   </div>
   <div class='ocr_carea' id='block_1_22' title="bbox 364 2089 1954 2162">
    <p class='ocr_par' dir='ltr' id='par_1_22' title="bbox 364 2089 1954 2162">
     <span class='ocr_line' id='line_1_22' title="bbox 364 2089 1954 2162; baseline 0.001 -20"><span class='ocrx_word' id='word_1_117' title='bbox 364 2099 623 2159; x_wconf 82' lang='lat' dir='ltr'><strong>tanquam</strong></span> <span class='ocrx_word' id='word_1_118' title='bbox 660 2090 715 2143; x_wconf 92' lang='lat' dir='ltr'><strong>in</strong></span> <span class='ocrx_word' id='word_1_119' title='bbox 746 2090 950 2145; x_wconf 86' lang='lat' dir='ltr'><strong>sanctis</strong></span> <span class='ocrx_word' id='word_1_120' title='bbox 977 2089 1370 2155; x_wconf 88' lang='lat' dir='ltr'><strong>tabernaculis,</strong></span> <span class='ocrx_word' id='word_1_121' title='bbox 1395 2089 1605 2146; x_wconf 86' lang='lat' dir='ltr'><strong>Christi</strong></span> <span class='ocrx_word' id='word_1_122' title='bbox 1629 2089 1954 2162; x_wconf 86' lang='lat' dir='ltr'><strong>mysterium</strong></span> 
     </span>
    </p>
   </div>
   <div class='ocr_carea' id='block_1_23' title="bbox 364 2178 1954 2251">
    <p class='ocr_par' dir='ltr' id='par_1_23' title="bbox 364 2178 1954 2251">
     <span class='ocr_line' id='line_1_23' title="bbox 364 2178 1954 2251; baseline 0.001 -19"><span class='ocrx_word' id='word_1_123' title='bbox 364 2178 554 2249; x_wconf 87' lang='lat' dir='ltr'><strong>perﬁci</strong></span> <span class='ocrx_word' id='word_1_124' title='bbox 598 2189 886 2249; x_wconf 83' lang='lat' dir='ltr'><strong>Oporterc;</strong></span> <span class='ocrx_word' id='word_1_125' title='bbox 924 2179 1070 2249; x_wconf 90' lang='lat' dir='ltr'><strong>quod</strong></span> <span class='ocrx_word' id='word_1_126' title='bbox 1104 2178 1286 2249; x_wconf 90' lang='lat' dir='ltr'><strong>ipsum</strong></span> <span class='ocrx_word' id='word_1_127' title='bbox 1329 2180 1460 2235; x_wconf 88' lang='lat' dir='ltr'><strong>alibi</strong></span> <span class='ocrx_word' id='word_1_128' title='bbox 1499 2196 1720 2251; x_wconf 90' lang='lat' dir='ltr'><strong>quoque</strong></span> <span class='ocrx_word' id='word_1_129' title='bbox 1748 2194 1954 2250; x_wconf 85' lang='lat' dir='ltr'><strong>praece-</strong></span> 
     </span>
    </p>
   </div>
   <div class='ocr_carea' id='block_1_24' title="bbox 364 2270 1955 2342">
    <p class='ocr_par' dir='ltr' id='par_1_24' title="bbox 364 2270 1955 2342">
     <span class='ocr_line' id='line_1_24' title="bbox 364 2270 1955 2342; baseline 0.002 -19"><span class='ocrx_word' id='word_1_130' title='bbox 364 2270 467 2341; x_wconf 90' lang='lat' dir='ltr'><strong>pit.</strong></span> <span class='ocrx_word' id='word_1_131' title='bbox 498 2271 635 2327; x_wconf 89' lang='lat' dir='ltr'><strong>Cum</strong></span> <span class='ocrx_word' id='word_1_132' title='bbox 676 2271 825 2327; x_wconf 87' lang='lat' dir='ltr'><strong>enim</strong></span> <span class='ocrx_word' id='word_1_133' title='bbox 870 2271 941 2326; x_wconf 87' lang='lat' dir='ltr'><strong>ab</strong></span> <span class='ocrx_word' id='word_1_134' title='bbox 986 2270 1146 2326; x_wconf 90' lang='lat' dir='ltr'><strong>initio</strong></span> <span class='ocrx_word' id='word_1_135' title='bbox 1190 2272 1483 2337; x_wconf 81' lang='lat' dir='ltr'><strong>sanxisset,</strong></span> <span class='ocrx_word' id='word_1_136' title='bbox 1512 2288 1621 2342; x_wconf 89' lang='lat' dir='ltr'><strong>qua</strong></span> <span class='ocrx_word' id='word_1_137' title='bbox 1665 2272 1880 2327; x_wconf 83' lang='lat' dir='ltr'><strong>ratione</strong></span> <span class='ocrx_word' id='word_1_138' title='bbox 1923 2288 1955 2326; x_wconf 92' lang='lat' dir='ltr'><strong>a</strong></span> 
     </span>
    </p>
   </div>
   <div class='ocr_carea' id='block_1_25' title="bbox 364 2362 1958 2435">
    <p class='ocr_par' dir='ltr' id='par_1_25' title="bbox 364 2362 1958 2435">
     <span class='ocr_line' id='line_1_25' title="bbox 364 2362 1958 2435; baseline 0 -18"><span class='ocrx_word' id='word_1_139' title='bbox 364 2363 494 2419; x_wconf 85' lang='lat' dir='ltr'><strong>ﬁliis</strong></span> <span class='ocrx_word' id='word_1_140' title='bbox 531 2365 694 2420; x_wconf 88' lang='lat' dir='ltr'><strong>lsracl</strong></span> <span class='ocrx_word' id='word_1_141' title='bbox 737 2380 803 2421; x_wconf 78' lang='lat' dir='ltr'><strong>ex</strong></span> <span class='ocrx_word' id='word_1_142' title='bbox 842 2363 1222 2435; x_wconf 61' lang='lat' dir='ltr'><strong>Egyptiorum</strong></span> <span class='ocrx_word' id='word_1_143' title='bbox 1277 2372 1423 2419; x_wconf 86' lang='lat' dir='ltr'><strong>terra</strong></span> <span class='ocrx_word' id='word_1_144' title='bbox 1473 2362 1958 2434; x_wconf 88' lang='lat' dir='ltr'><strong>proﬁciscentibus</strong></span> 
     </span>
    </p>
   </div>
   <div class='ocr_carea' id='block_1_26' title="bbox 364 2454 1957 2528">
    <p class='ocr_par' dir='ltr' id='par_1_26' title="bbox 364 2454 1957 2528">
     <span class='ocr_line' id='line_1_26' title="bbox 364 2454 1957 2528; baseline 0.001 -19"><span class='ocrx_word' id='word_1_145' title='bbox 364 2472 538 2528; x_wconf 79' lang='lat' dir='ltr'><strong>agnus</strong></span> <span class='ocrx_word' id='word_1_146' title='bbox 574 2457 631 2512; x_wconf 93' lang='lat' dir='ltr'><strong>in</strong></span> <span class='ocrx_word' id='word_1_147' title='bbox 668 2456 875 2513; x_wconf 86' lang='lat' dir='ltr'><strong>Christi</strong></span> <span class='ocrx_word' id='word_1_148' title='bbox 922 2455 1154 2527; x_wconf 77' lang='lat' dir='ltr'><strong>ﬁguram</strong></span> <span class='ocrx_word' id='word_1_149' title='bbox 1196 2463 1345 2513; x_wconf 85' lang='lat' dir='ltr'><strong>esset</strong></span> <span class='ocrx_word' id='word_1_150' title='bbox 1384 2454 1798 2511; x_wconf 86' lang='lat' dir='ltr'><strong>immolandus:</strong></span> <span class='ocrx_word' id='word_1_151' title='bbox 1838 2475 1856 2506; x_wconf 74' lang='grc' dir='ltr'><strong>ι</strong></span> <span class='ocrx_word' id='word_1_152' title='bbox 1895 2456 1957 2510; x_wconf 86' lang='lat' dir='ltr'><strong>In</strong></span> 
     </span>
    </p>
   </div>
   <div class='ocr_carea' id='block_1_27' title="bbox 367 2548 1958 2619">
    <p class='ocr_par' dir='ltr' id='par_1_27' title="bbox 367 2548 1958 2619">
     <span class='ocr_line' id='line_1_27' title="bbox 367 2548 1958 2619; baseline -0.001 -15"><span class='ocrx_word' id='word_1_153' title='bbox 367 2564 475 2604; x_wconf 87' lang='lat' dir='ltr'><strong>una</strong></span> <span class='ocrx_word' id='word_1_154' title='bbox 545 2549 713 2605; x_wconf 89' lang='lat' dir='ltr'><strong>domo</strong></span> <span class='ocrx_word' id='word_1_155' title='bbox 758 2548 1125 2614; x_wconf 89' lang='lat' dir='ltr'><strong>comedetur,</strong></span> <span class='ocrx_word' id='word_1_156' title='bbox 1187 2549 1405 2619; x_wconf 90' lang='lat' dir='ltr'><strong>inquit,</strong></span> <span class='ocrx_word' id='word_1_157' title='bbox 1470 2564 1652 2619; x_wconf 89' lang='lat' dir='ltr'><strong>neque</strong></span> <span class='ocrx_word' id='word_1_158' title='bbox 1693 2548 1958 2604; x_wconf 69' lang='lat' dir='ltr'><strong>eﬁ‘eretur</strong></span> 
     </span>
    </p>
   </div>
   <div class='ocr_carea' id='block_1_28' title="bbox 364 2638 1958 2711">
    <p class='ocr_par' dir='ltr' id='par_1_28' title="bbox 364 2638 1958 2711">
     <span class='ocr_line' id='line_1_28' title="bbox 364 2638 1958 2711; baseline 0 -18"><span class='ocrx_word' id='word_1_159' title='bbox 364 2639 433 2693; x_wconf 88' lang='lat' dir='ltr'><strong>de</strong></span> <span class='ocrx_word' id='word_1_160' title='bbox 468 2640 733 2695; x_wconf 87' lang='lat' dir='ltr'><strong>carnibus</strong></span> <span class='ocrx_word' id='word_1_161' title='bbox 762 2640 885 2711; x_wconf 86' lang='lat' dir='ltr'><strong>ejus</strong></span> <span class='ocrx_word' id='word_1_162' title='bbox 909 2638 1058 2695; x_wconf 78' lang='lat' dir='ltr'><strong>foras</strong></span> <span class='ocrx_word' id='word_1_163' title='bbox 1087 2640 1153 2671; x_wconf 75' lang='grc'><strong>¹⁹⁶</strong></span> <span class='ocrx_word' id='word_1_164' title='bbox 1182 2658 1194 2692; x_wconf 92' lang='lat'>:</span> <span class='ocrx_word' id='word_1_165' title='bbox 1232 2660 1250 2691; x_wconf 73' lang='grc' dir='ltr'><strong>ι</strong></span> <span class='ocrx_word' id='word_1_166' title='bbox 1280 2639 1491 2694; x_wconf 81' lang='lat' dir='ltr'><strong>violant</strong></span> <span class='ocrx_word' id='word_1_167' title='bbox 1514 2640 1701 2711; x_wconf 83' lang='lat' dir='ltr'><strong>igitur,</strong></span> <span class='ocrx_word' id='word_1_168' title='bbox 1738 2638 1958 2694; x_wconf 84' lang='lat' dir='ltr'><strong>diversa</strong></span> 
     </span>
    </p>
   </div>
   <div class='ocr_carea' id='block_1_29' title="bbox 364 2730 1954 2801">
    <p class='ocr_par' dir='ltr' id='par_1_29' title="bbox 364 2730 1954 2801">
     <span class='ocr_line' id='line_1_29' title="bbox 364 2730 1954 2801; baseline -0.001 -14"><span class='ocrx_word' id='word_1_169' title='bbox 364 2733 672 2787; x_wconf 86' lang='lat' dir='ltr'><strong>sentientes</strong></span> <span class='ocrx_word' id='word_1_170' title='bbox 698 2730 967 2795; x_wconf 85' lang='lat' dir='ltr'><strong>haeretici,</strong></span> <span class='ocrx_word' id='word_1_171' title='bbox 995 2730 1090 2786; x_wconf 90' lang='lat' dir='ltr'><strong>Dei</strong></span> <span class='ocrx_word' id='word_1_172' title='bbox 1118 2730 1425 2796; x_wconf 87' lang='lat' dir='ltr'><strong>decretum,</strong></span> <span class='ocrx_word' id='word_1_173' title='bbox 1452 2731 1545 2801; x_wconf 92' lang='lat' dir='ltr'><strong>qui</strong></span> <span class='ocrx_word' id='word_1_174' title='bbox 1573 2739 1772 2801; x_wconf 66' lang='lat' dir='ltr'><strong>praeter</strong></span> <span class='ocrx_word' id='word_1_175' title='bbox 1796 2731 1954 2797; x_wconf 92' lang='lat' dir='ltr'><strong>illud,</strong></span> 
     </span>
    </p>
   </div>
   <div class='ocr_carea' id='block_1_30' title="bbox 365 2823 1957 2895">
    <p class='ocr_par' dir='ltr' id='par_1_30' title="bbox 365 2823 1957 2895">
     <span class='ocr_line' id='line_1_30' title="bbox 365 2823 1957 2895; baseline 0 -17"><span class='ocrx_word' id='word_1_176' title='bbox 365 2823 515 2895; x_wconf 91' lang='lat' dir='ltr'><strong>quod</strong></span> <span class='ocrx_word' id='word_1_177' title='bbox 553 2833 640 2879; x_wconf 87' lang='lat' dir='ltr'><strong>est</strong></span> <span class='ocrx_word' id='word_1_178' title='bbox 684 2839 878 2880; x_wconf 84' lang='lat' dir='ltr'><strong>revera</strong></span> <span class='ocrx_word' id='word_1_179' title='bbox 924 2833 1174 2880; x_wconf 87' lang='lat' dir='ltr'><strong>sanctum</strong></span> <span class='ocrx_word' id='word_1_180' title='bbox 1225 2823 1672 2888; x_wconf 87' lang='lat' dir='ltr'><strong>tabernaculum,</strong></span> <span class='ocrx_word' id='word_1_181' title='bbox 1719 2824 1957 2880; x_wconf 85' lang='lat' dir='ltr'><strong>alterum</strong></span> 
     </span>
    </p>
   </div>
   <div class='ocr_carea' id='block_1_31' title="bbox 365 2914 1958 2987">
    <p class='ocr_par' dir='ltr' id='par_1_31' title="bbox 365 2914 1958 2987">
     <span class='ocr_line' id='line_1_31' title="bbox 365 2914 1958 2987; baseline 0 -16"><span class='ocrx_word' id='word_1_182' title='bbox 365 2916 472 2972; x_wconf 83' lang='lat' dir='ltr'><strong>sibi</strong></span> <span class='ocrx_word' id='word_1_183' title='bbox 513 2916 708 2987; x_wconf 82' lang='lat' dir='ltr'><strong>ﬁgunt,</strong></span> <span class='ocrx_word' id='word_1_184' title='bbox 733 2925 791 2971; x_wconf 91' lang='lat' dir='ltr'><strong>et</strong></span> <span class='ocrx_word' id='word_1_185' title='bbox 816 2915 951 2971; x_wconf 77' lang='lat' dir='ltr'><strong>foris</strong></span> <span class='ocrx_word' id='word_1_186' title='bbox 984 2931 1184 2987; x_wconf 86' lang='lat' dir='ltr'><strong>agnum</strong></span> <span class='ocrx_word' id='word_1_187' title='bbox 1222 2916 1526 2981; x_wconf 87' lang='lat' dir='ltr'><strong>immolant,</strong></span> <span class='ocrx_word' id='word_1_188' title='bbox 1555 2926 1613 2971; x_wconf 92' lang='lat' dir='ltr'><strong>et</strong></span> <span class='ocrx_word' id='word_1_189' title='bbox 1641 2914 1958 2986; x_wconf 79' lang='lat' dir='ltr'><strong>longissime</strong></span> 
     </span>
    </p>
   </div>
   <div class='ocr_carea' id='block_1_32' title="bbox 364 3006 1959 3077">
    <p class='ocr_par' dir='ltr' id='par_1_32' title="bbox 364 3006 1959 3077">
     <span class='ocr_line' id='line_1_32' title="bbox 364 3006 1959 3077; baseline -0.001 -15"><span class='ocrx_word' id='word_1_190' title='bbox 364 3009 436 3063; x_wconf 88' lang='lat' dir='ltr'><strong>ab</strong></span> <span class='ocrx_word' id='word_1_191' title='bbox 466 3010 559 3063; x_wconf 89' lang='lat' dir='ltr'><strong>illa</strong></span> <span class='ocrx_word' id='word_1_192' title='bbox 599 3023 707 3063; x_wconf 91' lang='lat' dir='ltr'><strong>una</strong></span> <span class='ocrx_word' id='word_1_193' title='bbox 747 3007 912 3063; x_wconf 89' lang='lat' dir='ltr'><strong>domo</strong></span> <span class='ocrx_word' id='word_1_194' title='bbox 944 3007 1206 3071; x_wconf 71' lang='lat' dir='ltr'><strong>efferunt,</strong></span> <span class='ocrx_word' id='word_1_195' title='bbox 1230 3016 1287 3062; x_wconf 88' lang='lat' dir='ltr'><strong>et</strong></span> <span class='ocrx_word' id='word_1_196' title='bbox 1312 3008 1468 3062; x_wconf 90' lang='lat' dir='ltr'><strong>illum</strong></span> <span class='ocrx_word' id='word_1_197' title='bbox 1519 3006 1615 3077; x_wconf 86' lang='lat' dir='ltr'><strong>qui</strong></span> <span class='ocrx_word' id='word_1_198' title='bbox 1644 3016 1727 3062; x_wconf 87' lang='lat' dir='ltr'><strong>est</strong></span> <span class='ocrx_word' id='word_1_199' title='bbox 1759 3007 1959 3062; x_wconf 78' lang='lat' dir='ltr'><strong>indivi-</strong></span> 
     </span>
    </p>
   </div>
   <div class='ocr_carea' id='block_1_33' title="bbox 366 3099 1955 3170">
    <p class='ocr_par' dir='ltr' id='par_1_33' title="bbox 366 3099 1955 3170">
     <span class='ocr_line' id='line_1_33' title="bbox 366 3099 1955 3170; baseline 0.001 -17"><span class='ocrx_word' id='word_1_200' title='bbox 366 3099 533 3165; x_wconf 87' lang='lat' dir='ltr'><strong>duus,</strong></span> <span class='ocrx_word' id='word_1_201' title='bbox 557 3099 811 3159; x_wconf 81' lang='lat' dir='ltr'><strong>dividunt</strong></span> <span class='ocrx_word' id='word_1_202' title='bbox 845 3119 857 3153; x_wconf 95' lang='lat'><strong>:</strong></span> <span class='ocrx_word' id='word_1_203' title='bbox 888 3116 1032 3155; x_wconf 87' lang='lat' dir='ltr'><strong>unus</strong></span> <span class='ocrx_word' id='word_1_204' title='bbox 1067 3110 1153 3156; x_wconf 87' lang='lat' dir='ltr'><strong>est</strong></span> <span class='ocrx_word' id='word_1_205' title='bbox 1182 3100 1332 3156; x_wconf 88' lang='lat' dir='ltr'><strong>enim</strong></span> <span class='ocrx_word' id='word_1_206' title='bbox 1362 3116 1427 3155; x_wconf 91' lang='lat' dir='ltr'><strong>ac</strong></span> <span class='ocrx_word' id='word_1_207' title='bbox 1453 3100 1730 3170; x_wconf 82' lang='lat' dir='ltr'><strong>perfectus</strong></span> <span class='ocrx_word' id='word_1_208' title='bbox 1759 3100 1813 3155; x_wconf 92' lang='lat' dir='ltr'><strong>in</strong></span> <span class='ocrx_word' id='word_1_209' title='bbox 1840 3117 1955 3155; x_wconf 85' lang='lat' dir='ltr'><strong>om-</strong></span> 
     </span>
    </p>
   </div>
   <div class='ocr_carea' id='block_1_34' title="bbox 367 3188 2032 3264">
    <p class='ocr_par' dir='ltr' id='par_1_34' title="bbox 367 3188 2032 3264">
     <span class='ocr_line' id='line_1_34' title="bbox 367 3188 2032 3264; baseline 0.002 -17"><span class='ocrx_word' id='word_1_210' title='bbox 367 3192 534 3249; x_wconf 87' lang='lat' dir='ltr'><strong>nibus</strong></span> <span class='ocrx_word' id='word_1_211' title='bbox 573 3193 846 3249; x_wconf 84' lang='lat' dir='ltr'><strong>Christus.</strong></span> <span class='ocrx_word' id='word_1_212' title='bbox 885 3193 957 3248; x_wconf 84' lang='lat' dir='ltr'><strong>At</strong></span> <span class='ocrx_word' id='word_1_213' title='bbox 990 3208 1125 3248; x_wconf 89' lang='lat' dir='ltr'><strong>vero</strong></span> <span class='ocrx_word' id='word_1_214' title='bbox 1164 3192 1388 3264; x_wconf 85' lang='lat' dir='ltr'><strong>sapiens</strong></span> <span class='ocrx_word' id='word_1_215' title='bbox 1428 3192 1542 3257; x_wconf 91' lang='lat' dir='ltr'><strong>ille,</strong></span> <span class='ocrx_word' id='word_1_216' title='bbox 1575 3208 1639 3248; x_wconf 91' lang='lat' dir='ltr'><strong>ac</strong></span> <span class='ocrx_word' id='word_1_217' title='bbox 1675 3208 1957 3248; x_wconf 88' lang='lat' dir='ltr'><strong>sacrorum</strong></span> <span class='ocrx_word' id='word_1_218' title='bbox 1988 3188 2032 3250; x_wconf 88' lang='lat' dir='ltr'><strong>C</strong></span> 
     </span>
    </p>
   </div>
   <div class='ocr_carea' id='block_1_35' title="bbox 367 3285 1958 3358">
    <p class='ocr_par' dir='ltr' id='par_1_35' title="bbox 367 3285 1958 3358">
     <span class='ocr_line' id='line_1_35' title="bbox 367 3285 1958 3358; baseline 0.001 -19"><span class='ocrx_word' id='word_1_219' title='bbox 367 3285 643 3357; x_wconf 80' lang='lat' dir='ltr'><strong>interpres</strong></span> <span class='ocrx_word' id='word_1_220' title='bbox 672 3286 885 3358; x_wconf 72' lang='lat' dir='ltr'><strong>Moyses</strong></span> <span class='ocrx_word' id='word_1_221' title='bbox 910 3287 1072 3342; x_wconf 89' lang='lat' dir='ltr'><strong>nobis</strong></span> <span class='ocrx_word' id='word_1_222' title='bbox 1093 3286 1344 3357; x_wconf 78' lang='lat' dir='ltr'><strong>praecipit</strong></span> <span class='ocrx_word' id='word_1_223' title='bbox 1381 3285 1571 3342; x_wconf 87' lang='lat' dir='ltr'><strong>dicens</strong></span> <span class='ocrx_word' id='word_1_224' title='bbox 1600 3285 1656 3341; x_wconf 89' lang='lat' dir='ltr'><strong>in</strong></span> <span class='ocrx_word' id='word_1_225' title='bbox 1691 3288 1958 3342; x_wconf 86' lang='lat' dir='ltr'><strong>Deutero-</strong></span> 
     </span>
    </p>
   </div>
   <div class='ocr_carea' id='block_1_36' title="bbox 365 3378 1957 3449">
    <p class='ocr_par' dir='ltr' id='par_1_36' title="bbox 365 3378 1957 3449">
     <span class='ocr_line' id='line_1_36' title="bbox 365 3378 1957 3449; baseline 0.003 -19"><span class='ocrx_word' id='word_1_226' title='bbox 365 3378 555 3431; x_wconf 82' lang='lat' dir='ltr'><strong>notnio</strong></span> <span class='ocrx_word' id='word_1_227' title='bbox 597 3396 609 3408; x_wconf 88' lang='lat'><strong>-</strong></span> <span class='ocrx_word' id='word_1_228' title='bbox 657 3397 675 3430; x_wconf 80' lang='grc' dir='ltr'><strong>ι</strong></span> <span class='ocrx_word' id='word_1_229' title='bbox 714 3378 858 3435; x_wconf 84' lang='lat' dir='ltr'><strong>Cave</strong></span> <span class='ocrx_word' id='word_1_230' title='bbox 904 3379 1005 3434; x_wconf 89' lang='lat' dir='ltr'><strong>tibi</strong></span> <span class='ocrx_word' id='word_1_231' title='bbox 1050 3379 1176 3449; x_wconf 86' lang='lat' dir='ltr'><strong>ipsi,</strong></span> <span class='ocrx_word' id='word_1_232' title='bbox 1217 3394 1287 3434; x_wconf 90' lang='lat' dir='ltr'><strong>ne</strong></span> <span class='ocrx_word' id='word_1_233' title='bbox 1329 3378 1531 3435; x_wconf 79' lang='lat' dir='ltr'><strong>oﬁ‘eras</strong></span> <span class='ocrx_word' id='word_1_234' title='bbox 1573 3378 1957 3437; x_wconf 81' lang='lat' dir='ltr'><strong>holocaustum</strong></span> 
     </span>
    </p>
   </div>
   <div class='ocr_carea' id='block_1_37' title="bbox 368 3470 1957 3541">
    <p class='ocr_par' dir='ltr' id='par_1_37' title="bbox 368 3470 1957 3541">
     <span class='ocr_line' id='line_1_37' title="bbox 368 3470 1957 3541; baseline -0.001 -16"><span class='ocrx_word' id='word_1_235' title='bbox 368 3480 525 3525; x_wconf 89' lang='lat' dir='ltr'><strong>tuum</strong></span> <span class='ocrx_word' id='word_1_236' title='bbox 575 3470 632 3525; x_wconf 85' lang='lat' dir='ltr'><strong>in</strong></span> <span class='ocrx_word' id='word_1_237' title='bbox 676 3471 824 3525; x_wconf 90' lang='lat' dir='ltr'><strong>omni</strong></span> <span class='ocrx_word' id='word_1_238' title='bbox 865 3470 1009 3536; x_wconf 89' lang='lat' dir='ltr'><strong>loco,</strong></span> <span class='ocrx_word' id='word_1_239' title='bbox 1037 3486 1204 3541; x_wconf 85' lang='lat' dir='ltr'><strong>quem</strong></span> <span class='ocrx_word' id='word_1_240' title='bbox 1242 3470 1469 3535; x_wconf 85' lang='lat' dir='ltr'><strong>videris,</strong></span> <span class='ocrx_word' id='word_1_241' title='bbox 1498 3478 1869 3541; x_wconf 66' lang='lat' dir='ltr'><strong>praeterquam</strong></span> <span class='ocrx_word' id='word_1_242' title='bbox 1901 3471 1957 3525; x_wconf 92' lang='lat' dir='ltr'><strong>in</strong></span> 
     </span>
    </p>
   </div>
   <div class='ocr_carea' id='block_1_38' title="bbox 364 3560 1956 3633">
    <p class='ocr_par' dir='ltr' id='par_1_38' title="bbox 364 3560 1956 3633">
     <span class='ocr_line' id='line_1_38' title="bbox 364 3560 1956 3633; baseline 0 -17"><span class='ocrx_word' id='word_1_243' title='bbox 364 3562 508 3628; x_wconf 85' lang='lat' dir='ltr'><strong>loco,</strong></span> <span class='ocrx_word' id='word_1_244' title='bbox 535 3577 700 3632; x_wconf 87' lang='lat' dir='ltr'><strong>quem</strong></span> <span class='ocrx_word' id='word_1_245' title='bbox 723 3562 955 3633; x_wconf 79' lang='lat' dir='ltr'><strong>elegerit</strong></span> <span class='ocrx_word' id='word_1_246' title='bbox 980 3562 1248 3625; x_wconf 82' lang='lat' dir='ltr'><strong>Dominus</strong></span> <span class='ocrx_word' id='word_1_247' title='bbox 1272 3562 1419 3617; x_wconf 86' lang='lat' dir='ltr'><strong>Deus</strong></span> <span class='ocrx_word' id='word_1_248' title='bbox 1446 3570 1575 3616; x_wconf 87' lang='lat' dir='ltr'><strong>tuus</strong></span> <span class='ocrx_word' id='word_1_249' title='bbox 1600 3560 1654 3615; x_wconf 86' lang='lat' dir='ltr'><strong>in</strong></span> <span class='ocrx_word' id='word_1_250' title='bbox 1686 3578 1794 3616; x_wconf 88' lang='lat' dir='ltr'><strong>una</strong></span> <span class='ocrx_word' id='word_1_251' title='bbox 1817 3561 1956 3617; x_wconf 86' lang='lat' dir='ltr'><strong>civi-</strong></span> 
     </span>
    </p>
   </div>
   <div class='ocr_carea' id='block_1_39' title="bbox 350 3645 1957 3723">
    <p class='ocr_par' dir='ltr' id='par_1_39' title="bbox 350 3645 1957 3723">
     <span class='ocr_line' id='line_1_39' title="bbox 350 3645 1957 3723; baseline 0.002 -15"><span class='ocrx_word' id='word_1_252' title='bbox 350 3645 542 3710; x_wconf 71' lang='lat' dir='ltr'><strong>tatum</strong></span> <span class='ocrx_word' id='word_1_253' title='bbox 596 3662 849 3723; x_wconf 88' lang='lat' dir='ltr'><strong>tuarum;</strong></span> <span class='ocrx_word' id='word_1_254' title='bbox 889 3656 965 3710; x_wconf 88' lang='lat' dir='ltr'><strong>ibi</strong></span> <span class='ocrx_word' id='word_1_255' title='bbox 1003 3656 1207 3711; x_wconf 84' lang='lat' dir='ltr'><strong>oﬁ‘eres</strong></span> <span class='ocrx_word' id='word_1_256' title='bbox 1253 3654 1572 3710; x_wconf 89' lang='lat' dir='ltr'><strong>holocausta</strong></span> <span class='ocrx_word' id='word_1_257' title='bbox 1622 3662 1735 3718; x_wconf 84' lang='lat' dir='ltr'><strong>tua,</strong></span> <span class='ocrx_word' id='word_1_258' title='bbox 1776 3664 1834 3709; x_wconf 91' lang='lat' dir='ltr'><strong>et</strong></span> <span class='ocrx_word' id='word_1_259' title='bbox 1880 3655 1957 3711; x_wconf 88' lang='lat' dir='ltr'><strong>ibi</strong></span> 
     </span>
    </p>
   </div>
   <div class='ocr_carea' id='block_1_40' title="bbox 366 3745 1955 3819">
    <p class='ocr_par' dir='ltr' id='par_1_40' title="bbox 366 3745 1955 3819">
     <span class='ocr_line' id='line_1_40' title="bbox 366 3745 1955 3819; baseline 0.001 -19"><span class='ocrx_word' id='word_1_260' title='bbox 366 3748 538 3803; x_wconf 79' lang='lat' dir='ltr'><strong>facies</strong></span> <span class='ocrx_word' id='word_1_261' title='bbox 571 3748 776 3813; x_wconf 61' lang='lat' dir='ltr'><strong>on‘mia,</strong></span> <span class='ocrx_word' id='word_1_262' title='bbox 816 3762 1162 3819; x_wconf 68' lang='lat' dir='ltr'><strong>quaecunque</strong></span> <span class='ocrx_word' id='word_1_263' title='bbox 1203 3761 1308 3817; x_wconf 83' lang='lat' dir='ltr'><strong>ego</strong></span> <span class='ocrx_word' id='word_1_264' title='bbox 1338 3745 1597 3817; x_wconf 72' lang='lat' dir='ltr'><strong>praecipio</strong></span> <span class='ocrx_word' id='word_1_265' title='bbox 1627 3747 1729 3802; x_wconf 88' lang='lat' dir='ltr'><strong>tibi</strong></span> <span class='ocrx_word' id='word_1_266' title='bbox 1761 3746 1955 3811; x_wconf 88' lang='lat' dir='ltr'><strong>hodie;</strong></span> 
     </span>
    </p>
   </div>
   <div class='ocr_carea' id='block_1_41' title="bbox 368 3837 1960 3902">
    <p class='ocr_par' dir='ltr' id='par_1_41' title="bbox 368 3837 1960 3902">
     <span class='ocr_line' id='line_1_41' title="bbox 368 3837 1960 3902; baseline -0.001 -6"><span class='ocrx_word' id='word_1_267' title='bbox 368 3839 465 3896; x_wconf 86' lang='lat' dir='ltr'><strong>sed</strong></span> <span class='ocrx_word' id='word_1_268' title='bbox 490 3842 546 3896; x_wconf 90' lang='lat' dir='ltr'><strong>in</strong></span> <span class='ocrx_word' id='word_1_269' title='bbox 588 3841 737 3899; x_wconf 89' lang='lat' dir='ltr'><strong>omni</strong></span> <span class='ocrx_word' id='word_1_270' title='bbox 763 3841 1040 3897; x_wconf 88' lang='lat' dir='ltr'><strong>desiderio</strong></span> <span class='ocrx_word' id='word_1_271' title='bbox 1085 3849 1178 3892; x_wconf 91' lang='lat' dir='ltr'><strong>tuo</strong></span> <span class='ocrx_word' id='word_1_272' title='bbox 1222 3837 1579 3902; x_wconf 87' lang='lat' dir='ltr'><strong>sacriﬁcabis,</strong></span> <span class='ocrx_word' id='word_1_273' title='bbox 1611 3846 1666 3895; x_wconf 86' lang='lat' dir='ltr'><strong>et</strong></span> <span class='ocrx_word' id='word_1_274' title='bbox 1702 3838 1960 3895; x_wconf 89' lang='lat' dir='ltr'><strong>comedes</strong></span> 
     </span>
    </p>
   </div>
   <div class='ocr_carea' id='block_1_42' title="bbox 368 3930 1957 3997">
    <p class='ocr_par' dir='ltr' id='par_1_42' title="bbox 368 3930 1957 3997">
     <span class='ocr_line' id='line_1_42' title="bbox 368 3930 1957 3997; baseline -0.002 -8"><span class='ocrx_word' id='word_1_275' title='bbox 368 3950 566 3990; x_wconf 86' lang='lat' dir='ltr'><strong>carnes</strong></span> <span class='ocrx_word' id='word_1_276' title='bbox 603 3934 907 3991; x_wconf 87' lang='lat' dir='ltr'><strong>secundum</strong></span> <span class='ocrx_word' id='word_1_277' title='bbox 954 3930 1293 3988; x_wconf 85' lang='lat' dir='ltr'><strong>desiderium</strong></span> <span class='ocrx_word' id='word_1_278' title='bbox 1339 3930 1538 3986; x_wconf 64' lang='lat' dir='ltr'><strong>anima;</strong></span> <span class='ocrx_word' id='word_1_279' title='bbox 1581 3938 1708 3997; x_wconf 67' lang='lat' dir='ltr'><strong>ture,</strong></span> <span class='ocrx_word' id='word_1_280' title='bbox 1755 3947 1957 3986; x_wconf 90' lang='lat' dir='ltr'><strong>secun-</strong></span> 
     </span>
    </p>
   </div>
   <div class='ocr_carea' id='block_1_43' title="bbox 369 4023 1960 4095">
    <p class='ocr_par' dir='ltr' id='par_1_43' title="bbox 369 4023 1960 4095">
     <span class='ocr_line' id='line_1_43' title="bbox 369 4023 1960 4095; baseline -0.001 -14"><span class='ocrx_word' id='word_1_281' title='bbox 369 4029 501 4082; x_wconf 88' lang='lat' dir='ltr'><strong>dum</strong></span> <span class='ocrx_word' id='word_1_282' title='bbox 531 4027 979 4083; x_wconf 89' lang='lat' dir='ltr'><strong>benedictionem</strong></span> <span class='ocrx_word' id='word_1_283' title='bbox 1024 4023 1241 4078; x_wconf 90' lang='lat' dir='ltr'><strong>Domini</strong></span> <span class='ocrx_word' id='word_1_284' title='bbox 1274 4024 1372 4080; x_wconf 87' lang='lat' dir='ltr'><strong>Dei</strong></span> <span class='ocrx_word' id='word_1_285' title='bbox 1406 4026 1507 4090; x_wconf 84' lang='lat' dir='ltr'><strong>tui,</strong></span> <span class='ocrx_word' id='word_1_286' title='bbox 1536 4039 1701 4095; x_wconf 86' lang='lat' dir='ltr'><strong>quam</strong></span> <span class='ocrx_word' id='word_1_287' title='bbox 1742 4023 1960 4080; x_wconf 87' lang='lat' dir='ltr'><strong>dederit</strong></span> 
     </span>
    </p>
   </div>
   <div class='ocr_carea' id='block_1_44' title="bbox 373 4116 1959 4188">
    <p class='ocr_par' dir='ltr' id='par_1_44' title="bbox 373 4116 1959 4188">
     <span class='ocr_line' id='line_1_44' title="bbox 373 4116 1959 4188; baseline -0.003 -12"><span class='ocrx_word' id='word_1_288' title='bbox 373 4122 478 4176; x_wconf 82' lang='lat' dir='ltr'><strong>tibi</strong></span> <span class='ocrx_word' id='word_1_289' title='bbox 510 4122 565 4176; x_wconf 90' lang='lat' dir='ltr'><strong>in</strong></span> <span class='ocrx_word' id='word_1_290' title='bbox 606 4121 757 4175; x_wconf 86' lang='lat' dir='ltr'><strong>omni</strong></span> <span class='ocrx_word' id='word_1_291' title='bbox 802 4120 1049 4174; x_wconf 84' lang='lat' dir='ltr'><strong>civitate.</strong></span> <span class='ocrx_word' id='word_1_292' title='bbox 1080 4116 1425 4182; x_wconf 86' lang='lat' dir='ltr'><strong>lmmundus,</strong></span> <span class='ocrx_word' id='word_1_293' title='bbox 1456 4118 1553 4188; x_wconf 87' lang='lat' dir='ltr'><strong>qui</strong></span> <span class='ocrx_word' id='word_1_294' title='bbox 1591 4117 1648 4172; x_wconf 91' lang='lat' dir='ltr'><strong>in</strong></span> <span class='ocrx_word' id='word_1_295' title='bbox 1680 4125 1735 4172; x_wconf 91' lang='lat' dir='ltr'><strong>te</strong></span> <span class='ocrx_word' id='word_1_296' title='bbox 1770 4126 1876 4182; x_wconf 90' lang='lat' dir='ltr'><strong>est,</strong></span> <span class='ocrx_word' id='word_1_297' title='bbox 1901 4124 1959 4172; x_wconf 89' lang='lat' dir='ltr'><strong>et</strong></span> 
     </span>
    </p>
   </div>
   <div class='ocr_carea' id='block_1_45' title="bbox 368 4208 1957 4281">
    <p class='ocr_par' dir='ltr' id='par_1_45' title="bbox 368 4208 1957 4281">
     <span class='ocr_line' id='line_1_45' title="bbox 368 4208 1957 4281; baseline -0.004 -12"><span class='ocrx_word' id='word_1_298' title='bbox 368 4214 612 4269; x_wconf 87' lang='lat' dir='ltr'><strong>mundus</strong></span> <span class='ocrx_word' id='word_1_299' title='bbox 652 4213 818 4269; x_wconf 84' lang='lat' dir='ltr'><strong>simul</strong></span> <span class='ocrx_word' id='word_1_300' title='bbox 868 4210 1162 4267; x_wconf 89' lang='lat' dir='ltr'><strong>comedent</strong></span> <span class='ocrx_word' id='word_1_301' title='bbox 1208 4208 1420 4281; x_wconf 88' lang='lat' dir='ltr'><strong>ipsum,</strong></span> <span class='ocrx_word' id='word_1_302' title='bbox 1467 4220 1529 4264; x_wconf 82' lang='lat' dir='ltr'><strong>ut</strong></span> <span class='ocrx_word' id='word_1_303' title='bbox 1576 4224 1831 4280; x_wconf 82' lang='lat' dir='ltr'><strong>capream</strong></span> <span class='ocrx_word' id='word_1_304' title='bbox 1869 4208 1957 4264; x_wconf 88' lang='lat' dir='ltr'><strong>vel</strong></span> 
     </span>
    </p>
   </div>
   <div class='ocr_carea' id='block_1_46' title="bbox 368 4304 1959 4378">
    <p class='ocr_par' dir='ltr' id='par_1_46' title="bbox 368 4304 1959 4378">
     <span class='ocr_line' id='line_1_46' title="bbox 368 4304 1959 4378; baseline -0.004 -16"><span class='ocrx_word' id='word_1_305' title='bbox 368 4324 616 4373; x_wconf 86' lang='lat' dir='ltr'><strong>cervum,</strong></span> <span class='ocrx_word' id='word_1_306' title='bbox 660 4317 1030 4378; x_wconf 67' lang='lat' dir='ltr'><strong>prieterquam</strong></span> <span class='ocrx_word' id='word_1_307' title='bbox 1075 4305 1223 4377; x_wconf 91' lang='lat' dir='ltr'><strong>quod</strong></span> <span class='ocrx_word' id='word_1_308' title='bbox 1263 4304 1587 4376; x_wconf 71' lang='lat' dir='ltr'><strong>sanguinem</strong></span> <span class='ocrx_word' id='word_1_309' title='bbox 1622 4319 1735 4358; x_wconf 87' lang='lat' dir='ltr'><strong>non</strong></span> <span class='ocrx_word' id='word_1_310' title='bbox 1776 4316 1959 4357; x_wconf 85' lang='lat' dir='ltr'><strong>come-</strong></span> 
     </span>
    </p>
   </div>
   <div class='ocr_carea' id='block_1_47' title="bbox 368 4395 1949 4468">
    <p class='ocr_par' dir='ltr' id='par_1_47' title="bbox 368 4395 1949 4468">
     <span class='ocr_line' id='line_1_47' title="bbox 368 4395 1949 4468; baseline -0.004 -17"><span class='ocrx_word' id='word_1_311' title='bbox 368 4398 543 4464; x_wconf 83' lang='lat' dir='ltr'><strong>detis;</strong></span> <span class='ocrx_word' id='word_1_312' title='bbox 590 4399 646 4453; x_wconf 88' lang='lat' dir='ltr'><strong>in</strong></span> <span class='ocrx_word' id='word_1_313' title='bbox 694 4408 897 4453; x_wconf 86' lang='lat' dir='ltr'><strong>terram</strong></span> <span class='ocrx_word' id='word_1_314' title='bbox 942 4397 1462 4468; x_wconf 40' lang='lat' dir='ltr'><strong>eii‘undetis‘ipsum</strong></span> <span class='ocrx_word' id='word_1_315' title='bbox 1497 4404 1561 4451; x_wconf 90' lang='lat' dir='ltr'><strong>ut</strong></span> <span class='ocrx_word' id='word_1_316' title='bbox 1596 4410 1795 4464; x_wconf 88' lang='lat' dir='ltr'><strong>aquam</strong></span> <span class='ocrx_word' id='word_1_317' title='bbox 1825 4395 1891 4446; x_wconf 76' lang='grc' dir='ltr'><strong>ὀ.</strong></span> <span class='ocrx_word' id='word_1_318' title='bbox 1930 4412 1949 4444; x_wconf 72' lang='grc' dir='ltr'><strong>ι</strong></span> 
     </span>
    </p>
   </div>
   <div class='ocr_carea' id='block_1_48' title="bbox 368 4486 1958 4562">
    <p class='ocr_par' dir='ltr' id='par_1_48' title="bbox 368 4486 1958 4562">
     <span class='ocr_line' id='line_1_48' title="bbox 368 4486 1958 4562; baseline -0.004 -16"><span class='ocrx_word' id='word_1_319' title='bbox 368 4492 552 4547; x_wconf 79' lang='lat' dir='ltr'><strong>Animi</strong></span> <span class='ocrx_word' id='word_1_320' title='bbox 593 4492 762 4562; x_wconf 78' lang='lat' dir='ltr'><strong>igitur</strong></span> <span class='ocrx_word' id='word_1_321' title='bbox 784 4499 870 4546; x_wconf 87' lang='lat' dir='ltr'><strong>est</strong></span> <span class='ocrx_word' id='word_1_322' title='bbox 899 4491 953 4545; x_wconf 92' lang='lat' dir='ltr'><strong>in</strong></span> <span class='ocrx_word' id='word_1_323' title='bbox 976 4491 1171 4561; x_wconf 88' lang='lat' dir='ltr'><strong>primis</strong></span> <span class='ocrx_word' id='word_1_324' title='bbox 1203 4489 1369 4561; x_wconf 74' lang='lat'><strong>356</strong></span> <span class='ocrx_word' id='word_1_325' title='bbox 1406 4488 1560 4559; x_wconf 91' lang='lat' dir='ltr'><strong>impii</strong></span> <span class='ocrx_word' id='word_1_326' title='bbox 1583 4487 1743 4557; x_wconf 84' lang='lat' dir='ltr'><strong>culpa</strong></span> <span class='ocrx_word' id='word_1_327' title='bbox 1770 4495 1826 4541; x_wconf 89' lang='lat' dir='ltr'><strong>et</strong></span> <span class='ocrx_word' id='word_1_328' title='bbox 1851 4486 1958 4540; x_wconf 84' lang='lat' dir='ltr'><strong>cri—</strong></span> 
     </span>
    </p>
   </div>
   <div class='ocr_carea' id='block_1_49' title="bbox 2050 539 3638 615">
    <p class='ocr_par' dir='ltr' id='par_1_49' title="bbox 2050 539 3638 615">
     <span class='ocr_line' id='line_1_49' title="bbox 2050 539 3638 615; baseline 0.008 -23"><span class='ocrx_word' id='word_1_329' title='bbox 2050 539 2252 593; x_wconf 83' lang='grc' dir='ltr'>αὺτῶν.</span> <span class='ocrx_word' id='word_1_330' title='bbox 2320 559 2338 589; x_wconf 71' lang='grc' dir='ltr'><strong>ι</strong></span> <span class='ocrx_word' id='word_1_331' title='bbox 2397 541 2611 596; x_wconf 83' lang='grc' dir='ltr'>Οὐκοῦν</span> <span class='ocrx_word' id='word_1_332' title='bbox 2658 546 2976 615; x_wconf 80' lang='grc' dir='ltr'>άποφάσκει</span> <span class='ocrx_word' id='word_1_333' title='bbox 3034 549 3316 611; x_wconf 78' lang='grc' dir='ltr'><strong>παντελῶς</strong></span> <span class='ocrx_word' id='word_1_334' title='bbox 3365 550 3428 601; x_wconf 85' lang='grc' dir='ltr'><strong>τὸ</strong></span> <span class='ocrx_word' id='word_1_335' title='bbox 3487 549 3638 604; x_wconf 82' lang='grc' dir='ltr'>θύειν</span> 
     </span>
    </p>
   </div>
   <div class='ocr_carea' id='block_1_50' title="bbox 2051 628 3639 717">
    <p class='ocr_par' dir='ltr' id='par_1_50' title="bbox 2051 628 3639 717">
     <span class='ocr_line' id='line_1_50' title="bbox 2051 628 3639 717; baseline 0.01 -34"><span class='ocrx_word' id='word_1_336' title='bbox 2051 631 2380 703; x_wconf 83' lang='grc' dir='ltr'>ἀδιακρίτως</span> <span class='ocrx_word' id='word_1_337' title='bbox 2399 675 2414 697; x_wconf 84' lang='grc'><em>,</em></span> <span class='ocrx_word' id='word_1_338' title='bbox 2440 628 2595 709; x_wconf 78' lang='grc' dir='ltr'>ᾧπερ</span> <span class='ocrx_word' id='word_1_339' title='bbox 2624 638 2691 693; x_wconf 85' lang='grc' dir='ltr'><strong>ἂν</strong></span> <span class='ocrx_word' id='word_1_340' title='bbox 2722 639 2966 717; x_wconf 70' lang='grc' dir='ltr'>βούλοιτό</span> <span class='ocrx_word' id='word_1_341' title='bbox 3011 660 3120 708; x_wconf 83' lang='grc' dir='ltr'>τις,</span> <span class='ocrx_word' id='word_1_342' title='bbox 3154 645 3266 697; x_wconf 84' lang='grc' dir='ltr'>δεῖν</span> <span class='ocrx_word' id='word_1_343' title='bbox 3294 643 3351 697; x_wconf 76' lang='grc' dir='ltr'>δὲ</span> <span class='ocrx_word' id='word_1_344' title='bbox 3385 644 3450 715; x_wconf 86' lang='grc' dir='ltr'>δὴ</span> <span class='ocrx_word' id='word_1_345' title='bbox 3488 646 3639 717; x_wconf 80' lang='grc' dir='ltr'>μόνῳ</span> 
     </span>
    </p>
   </div>
   <div class='ocr_carea' id='block_1_51' title="bbox 2051 722 3641 807">
    <p class='ocr_par' dir='ltr' id='par_1_51' title="bbox 2051 722 3641 807">
     <span class='ocr_line' id='line_1_51' title="bbox 2051 722 3641 807; baseline 0.013 -32"><span class='ocrx_word' id='word_1_346' title='bbox 2051 722 2131 794; x_wconf 78' lang='grc' dir='ltr'>τῷ</span> <span class='ocrx_word' id='word_1_347' title='bbox 2151 725 2290 779; x_wconf 79' lang='grc' dir='ltr'>κατὰ</span> <span class='ocrx_word' id='word_1_348' title='bbox 2323 727 2484 795; x_wconf 81' lang='grc' dir='ltr'>φύσιν</span> <span class='ocrx_word' id='word_1_349' title='bbox 2512 728 2633 801; x_wconf 80' lang='grc' dir='ltr'><strong>Θεῷ</strong></span> <span class='ocrx_word' id='word_1_350' title='bbox 2659 731 2759 796; x_wconf 80' lang='grc' dir='ltr'>τὰς</span> <span class='ocrx_word' id='word_1_351' title='bbox 2791 732 3047 807; x_wconf 78' lang='grc' dir='ltr'><strong>λατρείας</strong></span> <span class='ocrx_word' id='word_1_352' title='bbox 3068 735 3361 803; x_wconf 81' lang='grc' dir='ltr'>ἐπιτελεῖν,</span> <span class='ocrx_word' id='word_1_353' title='bbox 3394 733 3454 791; x_wconf 86' lang='grc' dir='ltr'><strong>εὖ</strong></span> <span class='ocrx_word' id='word_1_354' title='bbox 3489 737 3641 807; x_wconf 81' lang='grc' dir='ltr'>μάλα</span> 
     </span>
    </p>
   </div>
   <div class='ocr_carea' id='block_1_52' title="bbox 2004 818 2207 888">
    <p class='ocr_par' dir='ltr' id='par_1_52' title="bbox 2004 818 2207 888">
     <span class='ocr_line' id='line_1_52' title="bbox 2004 818 2207 888; baseline 0.01 -19"><span class='ocrx_word' id='word_1_355' title='bbox 2004 842 2013 851; x_wconf 71' lang='grc' dir='ltr'><em>ο</em></span> <span class='ocrx_word' id='word_1_356' title='bbox 2052 818 2207 888; x_wconf 78' lang='grc' dir='ltr'>φησί.</span> 
     </span>
    </p>
   </div>
   <div class='ocr_carea' id='block_1_53' title="bbox 2120 911 3329 990">
    <p class='ocr_par' dir='ltr' id='par_1_53' title="bbox 2120 911 3329 990">
     <span class='ocr_line' id='line_1_53' title="bbox 2120 911 3329 990; baseline 0.009 -27"><span class='ocrx_word' id='word_1_357' title='bbox 2120 911 2329 970; x_wconf 80' lang='grc' dir='ltr'><strong>ΠΑΛΛ.</strong></span> <span class='ocrx_word' id='word_1_358' title='bbox 2378 915 2464 979; x_wconf 78' lang='grc' dir='ltr'>Ὡς</span> <span class='ocrx_word' id='word_1_359' title='bbox 2496 915 2697 988; x_wconf 81' lang='grc' dir='ltr'>ἄριστά</span> <span class='ocrx_word' id='word_1_360' title='bbox 2716 935 2779 986; x_wconf 86' lang='grc' dir='ltr'><strong>γε</strong></span> <span class='ocrx_word' id='word_1_361' title='bbox 2802 919 2936 987; x_wconf 84' lang='grc' dir='ltr'>ἡμῖν</span> <span class='ocrx_word' id='word_1_362' title='bbox 2958 920 2989 971; x_wconf 91' lang='lat'><strong>6</strong></span> <span class='ocrx_word' id='word_1_363' title='bbox 3015 919 3172 987; x_wconf 86' lang='grc' dir='ltr'>λόγος</span> <span class='ocrx_word' id='word_1_364' title='bbox 3197 919 3329 990; x_wconf 82' lang='grc' dir='ltr'>ἔχει.</span> 
     </span>
    </p>
   </div>
   <div class='ocr_carea' id='block_1_54' title="bbox 2122 1003 3640 1085">
    <p class='ocr_par' dir='ltr' id='par_1_54' title="bbox 2122 1003 3640 1085">
     <span class='ocr_line' id='line_1_54' title="bbox 2122 1003 3640 1085; baseline 0.008 -29"><span class='ocrx_word' id='word_1_365' title='bbox 2122 1003 2289 1058; x_wconf 83' lang='grc' dir='ltr'><strong>ΚΥΡ.</strong></span> <span class='ocrx_word' id='word_1_366' title='bbox 2336 1006 2579 1080; x_wconf 85' lang='grc' dir='ltr'>ὐνήσειε</span> <span class='ocrx_word' id='word_1_367' title='bbox 2620 1009 2664 1062; x_wconf 84' lang='grc' dir='ltr'>δ’</span> <span class='ocrx_word' id='word_1_368' title='bbox 2708 1010 2776 1063; x_wconf 80' lang='grc' dir='ltr'>ἂν</span> <span class='ocrx_word' id='word_1_369' title='bbox 2805 1011 2902 1064; x_wconf 75' lang='grc' dir='ltr'><strong>καὶ</strong></span> <span class='ocrx_word' id='word_1_370' title='bbox 2930 1011 2990 1064; x_wconf 85' lang='grc' dir='ltr'><strong>ού</strong></span> <span class='ocrx_word' id='word_1_371' title='bbox 3030 1012 3269 1083; x_wconf 77' lang='grc' dir='ltr'><strong>μετρίως</strong></span> <span class='ocrx_word' id='word_1_372' title='bbox 3317 1014 3466 1085; x_wconf 77' lang='grc' dir='ltr'>ἡμᾶς</span> <span class='ocrx_word' id='word_1_373' title='bbox 3512 1013 3640 1068; x_wconf 86' lang='grc' dir='ltr'>καθ’</span> 
     </span>
    </p>
   </div>
   <div class='ocr_carea' id='block_1_55' title="bbox 2052 1091 3639 1172">
    <p class='ocr_par' dir='ltr' id='par_1_55' title="bbox 2052 1091 3639 1172">
     <span class='ocr_line' id='line_1_55' title="bbox 2052 1091 3639 1172; baseline 0.008 -26"><span class='ocrx_word' id='word_1_374' title='bbox 2052 1095 2241 1165; x_wconf 79' lang='grc' dir='ltr'>ἕτερον</span> <span class='ocrx_word' id='word_1_375' title='bbox 2269 1091 2429 1167; x_wconf 75' lang='grc' dir='ltr'>οἶμαι</span> <span class='ocrx_word' id='word_1_376' title='bbox 2486 1099 2688 1171; x_wconf 79' lang='grc' dir='ltr'><strong>τρόπον</strong></span> <span class='ocrx_word' id='word_1_377' title='bbox 2707 1101 2771 1153; x_wconf 82' lang='grc' dir='ltr'><strong>τὸ</strong></span> <span class='ocrx_word' id='word_1_378' title='bbox 2797 1101 2997 1172; x_wconf 72' lang='grc' dir='ltr'>χρῆναι</span> <span class='ocrx_word' id='word_1_379' title='bbox 3039 1106 3182 1157; x_wconf 83' lang='grc' dir='ltr'>νοεῖν</span> <span class='ocrx_word' id='word_1_380' title='bbox 3219 1104 3294 1167; x_wconf 83' lang='grc' dir='ltr'>ὡς</span> <span class='ocrx_word' id='word_1_381' title='bbox 3332 1105 3450 1157; x_wconf 77' lang='grc' dir='ltr'>ἔστι</span> <span class='ocrx_word' id='word_1_382' title='bbox 3483 1105 3639 1159; x_wconf 87' lang='grc' dir='ltr'>λυσι-</span> 
     </span>
    </p>
   </div>
   <div class='ocr_carea' id='block_1_56' title="bbox 2050 1186 3640 1267">
    <p class='ocr_par' dir='ltr' id='par_1_56' title="bbox 2050 1186 3640 1267">
     <span class='ocr_line' id='line_1_56' title="bbox 2050 1186 3640 1267; baseline 0.008 -28"><span class='ocrx_word' id='word_1_383' title='bbox 2050 1186 2202 1251; x_wconf 82' lang='grc' dir='ltr'>τελὲς</span> <span class='ocrx_word' id='word_1_384' title='bbox 2222 1190 2315 1243; x_wconf 66' lang='grc' dir='ltr'><strong>καὶ</strong></span> <span class='ocrx_word' id='word_1_385' title='bbox 2344 1190 2642 1259; x_wconf 84' lang='grc' dir='ltr'>ἀναγκαῖον</span> <span class='ocrx_word' id='word_1_386' title='bbox 2673 1192 2773 1263; x_wconf 74' lang='grc' dir='ltr'>ἤδη</span> <span class='ocrx_word' id='word_1_387' title='bbox 2796 1211 2913 1257; x_wconf 84' lang='grc' dir='ltr'><strong>πως</strong></span> <span class='ocrx_word' id='word_1_388' title='bbox 2934 1193 3015 1261; x_wconf 77' lang='grc' dir='ltr'><strong>τὸ,</strong></span> <span class='ocrx_word' id='word_1_389' title='bbox 3044 1197 3101 1247; x_wconf 80' lang='grc' dir='ltr'>ἐν</span> <span class='ocrx_word' id='word_1_390' title='bbox 3126 1195 3263 1266; x_wconf 75' lang='grc' dir='ltr'>μόνῃ</span> <span class='ocrx_word' id='word_1_391' title='bbox 3285 1195 3397 1249; x_wconf 84' lang='grc' dir='ltr'>δεῖν</span> <span class='ocrx_word' id='word_1_392' title='bbox 3418 1199 3482 1267; x_wconf 81' lang='grc' dir='ltr'>τῇ</span> <span class='ocrx_word' id='word_1_393' title='bbox 3506 1198 3640 1267; x_wconf 65' lang='grc' dir='ltr'>ἁγίᾳ.</span> 
     </span>
    </p>
   </div>
   <div class='ocr_carea' id='block_1_57' title="bbox 2056 1280 3637 1359">
    <p class='ocr_par' dir='ltr' id='par_1_57' title="bbox 2056 1280 3637 1359">
     <span class='ocr_line' id='line_1_57' title="bbox 2056 1280 3637 1359; baseline 0.007 -29"><span class='ocrx_word' id='word_1_394' title='bbox 2056 1280 2228 1350; x_wconf 81' lang='grc' dir='ltr'><strong>σκηνῇ</strong></span> <span class='ocrx_word' id='word_1_395' title='bbox 2264 1280 2603 1351; x_wconf 84' lang='grc' dir='ltr'>πράττεσθαι</span> <span class='ocrx_word' id='word_1_396' title='bbox 2637 1283 2736 1347; x_wconf 76' lang='grc' dir='ltr'><strong>τὰς</strong></span> <span class='ocrx_word' id='word_1_397' title='bbox 2765 1283 2975 1350; x_wconf 80' lang='grc' dir='ltr'><strong>Θυσίας,</strong></span> <span class='ocrx_word' id='word_1_398' title='bbox 3004 1286 3099 1339; x_wconf 78' lang='grc' dir='ltr'><strong>καὶ</strong></span> <span class='ocrx_word' id='word_1_399' title='bbox 3127 1285 3194 1339; x_wconf 82' lang='grc' dir='ltr'>τὰ</span> <span class='ocrx_word' id='word_1_400' title='bbox 3229 1287 3351 1358; x_wconf 80' lang='grc' dir='ltr'>ἱερά</span> <span class='ocrx_word' id='word_1_401' title='bbox 3392 1288 3637 1359; x_wconf 76' lang='grc' dir='ltr'>προσφέ-</span> 
     </span>
    </p>
   </div>
   <div class='ocr_carea' id='block_1_58' title="bbox 2057 1371 2520 1443">
    <p class='ocr_par' dir='ltr' id='par_1_58' title="bbox 2057 1371 2520 1443">
     <span class='ocr_line' id='line_1_58' title="bbox 2057 1371 2520 1443; baseline 0.011 -20"><span class='ocrx_word' id='word_1_402' title='bbox 2057 1371 2246 1441; x_wconf 87' lang='grc' dir='ltr'>ρεσθαι</span> <span class='ocrx_word' id='word_1_403' title='bbox 2281 1372 2520 1443; x_wconf 84' lang='grc' dir='ltr'>θύματα.</span> 
     </span>
    </p>
   </div>
   <div class='ocr_carea' id='block_1_59' title="bbox 2124 1464 2712 1540">
    <p class='ocr_par' dir='ltr' id='par_1_59' title="bbox 2124 1464 2712 1540">
     <span class='ocr_line' id='line_1_59' title="bbox 2124 1464 2712 1540; baseline 0.007 -23"><span class='ocrx_word' id='word_1_404' title='bbox 2124 1464 2332 1520; x_wconf 78' lang='grc' dir='ltr'><strong>ΠΑΛΛ.</strong></span> <span class='ocrx_word' id='word_1_405' title='bbox 2374 1467 2498 1531; x_wconf 82' lang='grc' dir='ltr'><strong>Πῶς</strong></span> <span class='ocrx_word' id='word_1_406' title='bbox 2535 1468 2674 1540; x_wconf 71' lang='grc' dir='ltr'>ἔφης</span> <span class='ocrx_word' id='word_1_407' title='bbox 2698 1486 2712 1535; x_wconf 90' lang='grc'><strong>;</strong></span> 
     </span>
    </p>
   </div>
   <div class='ocr_carea' id='block_1_60' title="bbox 2124 1555 3639 1636">
    <p class='ocr_par' dir='ltr' id='par_1_60' title="bbox 2124 1555 3639 1636">
     <span class='ocr_line' id='line_1_60' title="bbox 2124 1555 3639 1636; baseline 0.002 -25"><span class='ocrx_word' id='word_1_408' title='bbox 2124 1558 2289 1613; x_wconf 84' lang='grc' dir='ltr'><strong>ΚΥΡ.</strong></span> <span class='ocrx_word' id='word_1_409' title='bbox 2325 1555 2403 1614; x_wconf 83' lang='grc' dir='ltr'>Ἦ</span> <span class='ocrx_word' id='word_1_410' title='bbox 2428 1561 2529 1614; x_wconf 78' lang='grc' dir='ltr'><strong>οὐκ</strong></span> <span class='ocrx_word' id='word_1_411' title='bbox 2558 1562 2742 1616; x_wconf 80' lang='grc' dir='ltr'><strong>εἰκόνα</strong></span> <span class='ocrx_word' id='word_1_412' title='bbox 2770 1563 2865 1616; x_wconf 75' lang='grc' dir='ltr'><strong>καὶ</strong></span> <span class='ocrx_word' id='word_1_413' title='bbox 2888 1563 3062 1616; x_wconf 81' lang='grc' dir='ltr'>τύπον</span> <span class='ocrx_word' id='word_1_414' title='bbox 3091 1563 3354 1636; x_wconf 78' lang='grc' dir='ltr'>ἐλέγομεν</span> <span class='ocrx_word' id='word_1_415' title='bbox 3378 1560 3517 1619; x_wconf 82' lang='grc' dir='ltr'>εἶναι</span> <span class='ocrx_word' id='word_1_416' title='bbox 3540 1561 3639 1616; x_wconf 89' lang='grc' dir='ltr'><strong>τοῦ</strong></span> 
     </span>
    </p>
   </div>
   <div class='ocr_carea' id='block_1_61' title="bbox 2069 1649 3644 1729">
    <p class='ocr_par' dir='ltr' id='par_1_61' title="bbox 2069 1649 3644 1729">
     <span class='ocr_line' id='line_1_61' title="bbox 2069 1649 3644 1729; baseline 0.004 -25"><span class='ocrx_word' id='word_1_417' title='bbox 2069 1649 2453 1723; x_wconf 84' lang='grc' dir='ltr'>Ἐμμανουὴλ,</span> <span class='ocrx_word' id='word_1_418' title='bbox 2495 1653 2587 1709; x_wconf 77' lang='grc' dir='ltr'><strong>τὸν</strong></span> <span class='ocrx_word' id='word_1_419' title='bbox 2635 1653 2827 1724; x_wconf 80' lang='grc' dir='ltr'><strong>ἱερέως</strong></span> <span class='ocrx_word' id='word_1_420' title='bbox 2869 1672 2927 1707; x_wconf 90' lang='grc' dir='ltr'><strong>τε</strong></span> <span class='ocrx_word' id='word_1_421' title='bbox 2962 1655 3091 1727; x_wconf 88' lang='grc' dir='ltr'>πέρι</span> <span class='ocrx_word' id='word_1_422' title='bbox 3126 1657 3222 1709; x_wconf 79' lang='grc' dir='ltr'><strong>καὶ</strong></span> <span class='ocrx_word' id='word_1_423' title='bbox 3274 1656 3644 1729; x_wconf 79' lang='grc' dir='ltr'>ἀγνοημάτων</span> 
     </span>
    </p>
   </div>
   <div class='ocr_carea' id='block_1_62' title="bbox 2055 1741 3498 1819">
    <p class='ocr_par' dir='ltr' id='par_1_62' title="bbox 2055 1741 3498 1819">
     <span class='ocr_line' id='line_1_62' title="bbox 2055 1741 3498 1819; baseline 0.006 -25"><span class='ocrx_word' id='word_1_424' title='bbox 2055 1741 2188 1795; x_wconf 88' lang='grc' dir='ltr'>λαοῦ</span> <span class='ocrx_word' id='word_1_425' title='bbox 2223 1743 2363 1814; x_wconf 85' lang='grc' dir='ltr'>πρὸς</span> <span class='ocrx_word' id='word_1_426' title='bbox 2393 1746 2458 1816; x_wconf 85' lang='grc' dir='ltr'>τῇ</span> <span class='ocrx_word' id='word_1_427' title='bbox 2497 1744 2630 1816; x_wconf 74' lang='grc' dir='ltr'>ἁγία</span> <span class='ocrx_word' id='word_1_428' title='bbox 2662 1748 2837 1817; x_wconf 81' lang='grc' dir='ltr'>σκηνῇ</span> <span class='ocrx_word' id='word_1_429' title='bbox 2872 1746 3220 1817; x_wconf 81' lang='grc' dir='ltr'>σφαζόμενον</span> <span class='ocrx_word' id='word_1_430' title='bbox 3258 1748 3498 1819; x_wconf 76' lang='grc' dir='ltr'>μόσχονς</span> 
     </span>
    </p>
   </div>
   <div class='ocr_carea' id='block_1_63' title="bbox 2129 1923 2702 1994">
    <p class='ocr_par' dir='ltr' id='par_1_63' title="bbox 2129 1923 2702 1994">
     <span class='ocr_line' id='line_1_63' title="bbox 2129 1923 2702 1994; baseline 0.003 -19"><span class='ocrx_word' id='word_1_431' title='bbox 2129 1923 2335 1977; x_wconf 51' lang='grc' dir='ltr'><strong>ΠΑΛΛγ</strong></span> <span class='ocrx_word' id='word_1_432' title='bbox 2387 1923 2702 1994; x_wconf 83' lang='grc' dir='ltr'>Ἑλέγομεν.</span> 
     </span>
    </p>
   </div>
   <div class='ocr_carea' id='block_1_64' title="bbox 2129 2010 3647 2089">
    <p class='ocr_par' dir='ltr' id='par_1_64' title="bbox 2129 2010 3647 2089">
     <span class='ocr_line' id='line_1_64' title="bbox 2129 2010 3647 2089; baseline 0.003 -23"><span class='ocrx_word' id='word_1_433' title='bbox 2129 2014 2293 2069; x_wconf 83' lang='grc' dir='ltr'><strong>ΚΥΡ.</strong></span> <span class='ocrx_word' id='word_1_434' title='bbox 2323 2013 2538 2087; x_wconf 77' lang='grc' dir='ltr'>Χρῆναι</span> <span class='ocrx_word' id='word_1_435' title='bbox 2561 2014 2625 2086; x_wconf 83' lang='grc' dir='ltr'>δὴ</span> <span class='ocrx_word' id='word_1_436' title='bbox 2650 2010 2745 2070; x_wconf 74' lang='grc' dir='ltr'><strong>οὖν</strong></span> <span class='ocrx_word' id='word_1_437' title='bbox 2767 2014 2941 2089; x_wconf 83' lang='grc' dir='ltr'>ταύτῃ</span> <span class='ocrx_word' id='word_1_438' title='bbox 2966 2033 3052 2070; x_wconf 89' lang='grc' dir='ltr'><strong>τοι</strong></span> <span class='ocrx_word' id='word_1_439' title='bbox 3077 2018 3281 2087; x_wconf 82' lang='grc' dir='ltr'>φαμὲν,</span> <span class='ocrx_word' id='word_1_440' title='bbox 3310 2017 3388 2081; x_wconf 85' lang='grc' dir='ltr'>ὼς</span> <span class='ocrx_word' id='word_1_441' title='bbox 3413 2018 3474 2070; x_wconf 82' lang='grc' dir='ltr'>ὲν</span> <span class='ocrx_word' id='word_1_442' title='bbox 3508 2033 3647 2089; x_wconf 81' lang='grc' dir='ltr'>σκη-</span> 
     </span>
    </p>
   </div>
   <div class='ocr_carea' id='block_1_65' title="bbox 2057 2104 3642 2181">
    <p class='ocr_par' dir='ltr' id='par_1_65' title="bbox 2057 2104 3642 2181">
     <span class='ocr_line' id='line_1_65' title="bbox 2057 2104 3642 2181; baseline 0.003 -24"><span class='ocrx_word' id='word_1_443' title='bbox 2057 2106 2175 2167; x_wconf 83' lang='grc' dir='ltr'>ναῖς</span> <span class='ocrx_word' id='word_1_444' title='bbox 2206 2104 2329 2173; x_wconf 63' lang='grc' dir='ltr'>ἁγία</span> <span class='ocrx_word' id='word_1_445' title='bbox 2342 2120 2390 2169; x_wconf 84' lang='grc' dir='ltr'><strong>ις</strong></span> <span class='ocrx_word' id='word_1_446' title='bbox 2417 2107 2538 2169; x_wconf 80' lang='grc' dir='ltr'>ταῖς</span> <span class='ocrx_word' id='word_1_447' title='bbox 2578 2104 2930 2176; x_wconf 84' lang='grc' dir='ltr'>Ἐκκλησίαις</span> <span class='ocrx_word' id='word_1_448' title='bbox 2956 2107 3052 2161; x_wconf 89' lang='grc' dir='ltr'><strong>τοῦ</strong></span> <span class='ocrx_word' id='word_1_449' title='bbox 3086 2108 3245 2174; x_wconf 85' lang='grc' dir='ltr'>Θεοῦ,</span> <span class='ocrx_word' id='word_1_450' title='bbox 3274 2109 3370 2168; x_wconf 86' lang='grc' dir='ltr'><strong>τοῦ</strong></span> <span class='ocrx_word' id='word_1_451' title='bbox 3400 2108 3642 2181; x_wconf 80' lang='grc' dir='ltr'>Χριστοῦ</span> 
     </span>
    </p>
   </div>
   <div class='ocr_carea' id='block_1_66' title="bbox 2055 2193 3643 2268">
    <p class='ocr_par' dir='ltr' id='par_1_66' title="bbox 2055 2193 3643 2268">
     <span class='ocr_line' id='line_1_66' title="bbox 2055 2193 3643 2268; baseline 0.003 -21"><span class='ocrx_word' id='word_1_452' title='bbox 2055 2193 2329 2247; x_wconf 76' lang='grc' dir='ltr'>τελεῖσθαι</span> <span class='ocrx_word' id='word_1_453' title='bbox 2348 2195 2670 2266; x_wconf 82' lang='grc' dir='ltr'>μυστήριον.</span> <span class='ocrx_word' id='word_1_454' title='bbox 2684 2195 2849 2249; x_wconf 74' lang='grc' dir='ltr'>Τουτὶ</span> <span class='ocrx_word' id='word_1_455' title='bbox 2868 2195 2979 2267; x_wconf 80' lang='grc' dir='ltr'>γὰρ</span> <span class='ocrx_word' id='word_1_456' title='bbox 3000 2196 3132 2268; x_wconf 72' lang='grc' dir='ltr'>ἡμῖν</span> <span class='ocrx_word' id='word_1_457' title='bbox 3157 2196 3254 2250; x_wconf 70' lang='grc' dir='ltr'><strong>καὶ</strong></span> <span class='ocrx_word' id='word_1_458' title='bbox 3275 2197 3505 2268; x_wconf 73' lang='grc' dir='ltr'>ἑτέρωθί</span> <span class='ocrx_word' id='word_1_459' title='bbox 3536 2216 3643 2252; x_wconf 87' lang='grc' dir='ltr'><strong>που</strong></span> 
     </span>
    </p>
   </div>
   <div class='ocr_carea' id='block_1_67' title="bbox 2057 2284 3642 2362">
    <p class='ocr_par' dir='ltr' id='par_1_67' title="bbox 2057 2284 3642 2362">
     <span class='ocr_line' id='line_1_67' title="bbox 2057 2284 3642 2362; baseline 0.003 -24"><span class='ocrx_word' id='word_1_460' title='bbox 2057 2285 2203 2338; x_wconf 88' lang='grc' dir='ltr'>διετύ</span> <span class='ocrx_word' id='word_1_461' title='bbox 2214 2302 2312 2339; x_wconf 84' lang='grc' dir='ltr'><strong>που</strong></span> <span class='ocrx_word' id='word_1_462' title='bbox 2337 2284 2516 2340; x_wconf 83' lang='grc' dir='ltr'>πάλιν.</span> <span class='ocrx_word' id='word_1_463' title='bbox 2544 2286 2965 2359; x_wconf 83' lang='grc' dir='ltr'>Θεσμοθετήσας</span> <span class='ocrx_word' id='word_1_464' title='bbox 2991 2288 3102 2360; x_wconf 87' lang='grc' dir='ltr'><strong>γὰρ</strong></span> <span class='ocrx_word' id='word_1_465' title='bbox 3129 2290 3188 2343; x_wconf 85' lang='grc' dir='ltr'>ὲν</span> <span class='ocrx_word' id='word_1_466' title='bbox 3207 2290 3404 2361; x_wconf 81' lang='grc' dir='ltr'><strong>ἀρχαῖς</strong></span> <span class='ocrx_word' id='word_1_467' title='bbox 3429 2291 3551 2343; x_wconf 85' lang='grc' dir='ltr'>τίνα</span> <span class='ocrx_word' id='word_1_468' title='bbox 3576 2290 3642 2362; x_wconf 78' lang='grc' dir='ltr'>δὴ</span> 
     </span>
    </p>
   </div>
   <div class='ocr_carea' id='block_1_68' title="bbox 2056 2377 3646 2451">
    <p class='ocr_par' dir='ltr' id='par_1_68' title="bbox 2056 2377 3646 2451">
     <span class='ocr_line' id='line_1_68' title="bbox 2056 2377 3646 2451; baseline 0.003 -22"><span class='ocrx_word' id='word_1_469' title='bbox 2056 2377 2256 2449; x_wconf 77' lang='grc' dir='ltr'>τρόπον</span> <span class='ocrx_word' id='word_1_470' title='bbox 2272 2378 2541 2449; x_wconf 76' lang='grc' dir='ltr'>προσήκει</span> <span class='ocrx_word' id='word_1_471' title='bbox 2560 2377 2861 2446; x_wconf 72' lang='grc' dir='ltr'><strong>σφάζεσθαι</strong></span> <span class='ocrx_word' id='word_1_472' title='bbox 2889 2379 2982 2433; x_wconf 76' lang='grc' dir='ltr'><strong>τὸν</strong></span> <span class='ocrx_word' id='word_1_473' title='bbox 3005 2379 3176 2451; x_wconf 77' lang='grc' dir='ltr'>ἀμνὸν</span> <span class='ocrx_word' id='word_1_474' title='bbox 3196 2381 3277 2444; x_wconf 90' lang='grc' dir='ltr'><strong>είς</strong></span> <span class='ocrx_word' id='word_1_475' title='bbox 3306 2380 3477 2432; x_wconf 85' lang='grc' dir='ltr'>τύπον</span> <span class='ocrx_word' id='word_1_476' title='bbox 3506 2382 3646 2451; x_wconf 81' lang='grc' dir='ltr'>Χρι-</span> 
     </span>
    </p>
   </div>
   <div class='ocr_carea' id='block_1_69' title="bbox 2061 2468 3646 2543">
    <p class='ocr_par' dir='ltr' id='par_1_69' title="bbox 2061 2468 3646 2543">
     <span class='ocr_line' id='line_1_69' title="bbox 2061 2468 3646 2543; baseline 0.002 -21"><span class='ocrx_word' id='word_1_477' title='bbox 2061 2469 2186 2523; x_wconf 88' lang='grc' dir='ltr'>στοῦ</span> <span class='ocrx_word' id='word_1_478' title='bbox 2196 2468 2298 2539; x_wconf 82' lang='grc' dir='ltr'>τῆς</span> <span class='ocrx_word' id='word_1_479' title='bbox 2312 2468 2621 2538; x_wconf 78' lang='grc' dir='ltr'><strong>Αἰγυπτίων</strong></span> <span class='ocrx_word' id='word_1_480' title='bbox 2633 2470 2927 2542; x_wconf 79' lang='grc' dir='ltr'>ἀπαίρουσι</span> <span class='ocrx_word' id='word_1_481' title='bbox 2936 2470 3042 2541; x_wconf 84' lang='grc' dir='ltr'>γῆς</span> <span class='ocrx_word' id='word_1_482' title='bbox 3054 2474 3165 2534; x_wconf 81' lang='grc' dir='ltr'>τοῖς</span> <span class='ocrx_word' id='word_1_483' title='bbox 3178 2471 3235 2537; x_wconf 71' lang='grc' dir='ltr'><strong>ἐξ</strong></span> <span class='ocrx_word' id='word_1_484' title='bbox 3260 2472 3493 2543; x_wconf 77' lang='grc' dir='ltr'>Ἰσραήλ·</span> <span class='ocrx_word' id='word_1_485' title='bbox 3505 2490 3523 2522; x_wconf 80' lang='grc' dir='ltr'><strong>ι</strong></span> <span class='ocrx_word' id='word_1_486' title='bbox 3553 2472 3646 2525; x_wconf 82' lang='grc' dir='ltr'>Ἐν</span> 
     </span>
    </p>
   </div>
   <div class='ocr_carea' id='block_1_70' title="bbox 2057 2560 3647 2635">
    <p class='ocr_par' dir='ltr' id='par_1_70' title="bbox 2057 2560 3647 2635">
     <span class='ocr_line' id='line_1_70' title="bbox 2057 2560 3647 2635; baseline 0.001 -20"><span class='ocrx_word' id='word_1_487' title='bbox 2057 2560 2206 2633; x_wconf 77' lang='grc' dir='ltr'>οἰκίᾳ</span> <span class='ocrx_word' id='word_1_488' title='bbox 2241 2563 2338 2633; x_wconf 76' lang='grc' dir='ltr'>μιᾷ</span> <span class='ocrx_word' id='word_1_489' title='bbox 2371 2561 2715 2635; x_wconf 79' lang='grc' dir='ltr'>βρωθήσεται</span> <span class='ocrx_word' id='word_1_490' title='bbox 2738 2601 2757 2629; x_wconf 86' lang='lat'><strong>,</strong></span> <span class='ocrx_word' id='word_1_491' title='bbox 2797 2564 2953 2633; x_wconf 74' lang='grc' dir='ltr'>φησὶ,</span> <span class='ocrx_word' id='word_1_492' title='bbox 3004 2565 3099 2617; x_wconf 77' lang='grc' dir='ltr'>καὶ</span> <span class='ocrx_word' id='word_1_493' title='bbox 3129 2564 3233 2618; x_wconf 79' lang='grc' dir='ltr'><strong>οὐκ</strong></span> <span class='ocrx_word' id='word_1_494' title='bbox 3267 2562 3502 2629; x_wconf 76' lang='grc' dir='ltr'>ἐξοίσετε</span> <span class='ocrx_word' id='word_1_495' title='bbox 3535 2564 3647 2618; x_wconf 77' lang='grc' dir='ltr'><strong>άπὸ</strong></span> 
     </span>
    </p>
   </div>
   <div class='ocr_carea' id='block_1_71' title="bbox 2058 2650 3647 2725">
    <p class='ocr_par' dir='ltr' id='par_1_71' title="bbox 2058 2650 3647 2725">
     <span class='ocr_line' id='line_1_71' title="bbox 2058 2650 3647 2725; baseline 0.001 -20"><span class='ocrx_word' id='word_1_496' title='bbox 2058 2650 2167 2705; x_wconf 73' lang='grc' dir='ltr'>τῶν</span> <span class='ocrx_word' id='word_1_497' title='bbox 2199 2651 2375 2723; x_wconf 83' lang='grc' dir='ltr'>κρεῶν</span> <span class='ocrx_word' id='word_1_498' title='bbox 2412 2651 2580 2707; x_wconf 87' lang='grc' dir='ltr'>αὐτοῦ</span> <span class='ocrx_word' id='word_1_499' title='bbox 2612 2650 2738 2717; x_wconf 77' lang='grc' dir='ltr'>ἔξω.</span> <span class='ocrx_word' id='word_1_500' title='bbox 2786 2673 2805 2704; x_wconf 73' lang='grc' dir='ltr'><strong>ι</strong></span> <span class='ocrx_word' id='word_1_501' title='bbox 2833 2652 3044 2708; x_wconf 82' lang='grc' dir='ltr'>Οὐκοῦν</span> <span class='ocrx_word' id='word_1_502' title='bbox 3070 2653 3413 2725; x_wconf 83' lang='grc' dir='ltr'>παραλύουσι</span> <span class='ocrx_word' id='word_1_503' title='bbox 3439 2653 3501 2707; x_wconf 83' lang='grc' dir='ltr'><strong>τὸ</strong></span> <span class='ocrx_word' id='word_1_504' title='bbox 3524 2653 3647 2725; x_wconf 79' lang='grc' dir='ltr'>Θεῷ</span> 
     </span>
    </p>
   </div>
   <div class='ocr_carea' id='block_1_72' title="bbox 2058 2741 3648 2818">
    <p class='ocr_par' dir='ltr' id='par_1_72' title="bbox 2058 2741 3648 2818">
     <span class='ocr_line' id='line_1_72' title="bbox 2058 2741 3648 2818; baseline 0.004 -22"><span class='ocrx_word' id='word_1_505' title='bbox 2058 2742 2271 2807; x_wconf 86' lang='grc' dir='ltr'>δοκοῦν,</span> <span class='ocrx_word' id='word_1_506' title='bbox 2307 2746 2357 2797; x_wconf 74' lang='grc' dir='ltr'>οἱ</span> <span class='ocrx_word' id='word_1_507' title='bbox 2414 2743 2772 2816; x_wconf 79' lang='grc' dir='ltr'>ἐτερόφρονες</span> <span class='ocrx_word' id='word_1_508' title='bbox 2812 2745 3083 2817; x_wconf 74' lang='grc' dir='ltr'>αἰρετικοὶ</span> <span class='ocrx_word' id='word_1_509' title='bbox 3137 2745 3293 2816; x_wconf 78' lang='grc' dir='ltr'>παρὰ</span> <span class='ocrx_word' id='word_1_510' title='bbox 3336 2746 3439 2818; x_wconf 80' lang='grc' dir='ltr'><strong>τὴν</strong></span> <span class='ocrx_word' id='word_1_511' title='bbox 3479 2741 3648 2802; x_wconf 78' lang='grc' dir='ltr'>οὖσαν</span> 
     </span>
    </p>
   </div>
   <div class='ocr_carea' id='block_1_73' title="bbox 2059 2835 3645 2909">
    <p class='ocr_par' dir='ltr' id='par_1_73' title="bbox 2059 2835 3645 2909">
     <span class='ocr_line' id='line_1_73' title="bbox 2059 2835 3645 2909; baseline 0.001 -20"><span class='ocrx_word' id='word_1_512' title='bbox 2059 2835 2274 2907; x_wconf 80' lang='grc' dir='ltr'>άληθῶς</span> <span class='ocrx_word' id='word_1_513' title='bbox 2296 2836 2459 2906; x_wconf 80' lang='grc' dir='ltr'>ἁγίαν</span> <span class='ocrx_word' id='word_1_514' title='bbox 2487 2837 2711 2909; x_wconf 75' lang='grc' dir='ltr'>σκηνὴν,</span> <span class='ocrx_word' id='word_1_515' title='bbox 2741 2839 2955 2903; x_wconf 78' lang='grc' dir='ltr'>ἑαυτοῖς</span> <span class='ocrx_word' id='word_1_516' title='bbox 2986 2837 3181 2909; x_wconf 77' lang='grc' dir='ltr'>ἑτέραν</span> <span class='ocrx_word' id='word_1_517' title='bbox 3213 2837 3645 2909; x_wconf 86' lang='grc' dir='ltr'>διαπηγνύντες,</span> 
     </span>
    </p>
   </div>
   <div class='ocr_carea' id='block_1_74' title="bbox 2061 2928 3648 3001">
    <p class='ocr_par' dir='ltr' id='par_1_74' title="bbox 2061 2928 3648 3001">
     <span class='ocr_line' id='line_1_74' title="bbox 2061 2928 3648 3001; baseline 0.001 -20"><span class='ocrx_word' id='word_1_518' title='bbox 2061 2929 2157 2981; x_wconf 71' lang='grc' dir='ltr'>καὶ</span> <span class='ocrx_word' id='word_1_519' title='bbox 2188 2928 2294 2995; x_wconf 80' lang='grc' dir='ltr'><strong>ἔξω</strong></span> <span class='ocrx_word' id='word_1_520' title='bbox 2327 2929 2551 2993; x_wconf 84' lang='grc' dir='ltr'>θύοντες</span> <span class='ocrx_word' id='word_1_521' title='bbox 2593 2929 2685 2984; x_wconf 80' lang='grc' dir='ltr'><strong>τὸν</strong></span> <span class='ocrx_word' id='word_1_522' title='bbox 2726 2929 2922 3001; x_wconf 81' lang='grc' dir='ltr'>ἀμνὸν,</span> <span class='ocrx_word' id='word_1_523' title='bbox 2962 2930 3057 2983; x_wconf 77' lang='grc' dir='ltr'><strong>καὶ</strong></span> <span class='ocrx_word' id='word_1_524' title='bbox 3092 2929 3365 2983; x_wconf 81' lang='grc' dir='ltr'>ἀπωτάτω</span> <span class='ocrx_word' id='word_1_525' title='bbox 3408 2947 3513 2983; x_wconf 89' lang='grc' dir='ltr'><strong>που</strong></span> <span class='ocrx_word' id='word_1_526' title='bbox 3545 2929 3648 3000; x_wconf 81' lang='grc' dir='ltr'>τῆς</span> 
     </span>
    </p>
   </div>
   <div class='ocr_carea' id='block_1_75' title="bbox 2064 3019 3649 3093">
    <p class='ocr_par' dir='ltr' id='par_1_75' title="bbox 2064 3019 3649 3093">
     <span class='ocr_line' id='line_1_75' title="bbox 2064 3019 3649 3093; baseline -0.001 -19"><span class='ocrx_word' id='word_1_527' title='bbox 2064 3022 2193 3091; x_wconf 77' lang='grc' dir='ltr'>μιᾶς</span> <span class='ocrx_word' id='word_1_528' title='bbox 2240 3022 2611 3093; x_wconf 74' lang='grc' dir='ltr'>ἀποφέροντες</span> <span class='ocrx_word' id='word_1_529' title='bbox 2639 3021 2819 3084; x_wconf 87' lang='grc' dir='ltr'>οίκίας</span> <span class='ocrx_word' id='word_1_530' title='bbox 2843 3061 2857 3083; x_wconf 85' lang='grc'>,</span> <span class='ocrx_word' id='word_1_531' title='bbox 2888 3022 2984 3075; x_wconf 72' lang='grc' dir='ltr'><strong>καὶ</strong></span> <span class='ocrx_word' id='word_1_532' title='bbox 3028 3021 3345 3093; x_wconf 75' lang='grc' dir='ltr'>μερίζοντες</span> <span class='ocrx_word' id='word_1_533' title='bbox 3388 3019 3479 3075; x_wconf 76' lang='grc' dir='ltr'>τὸν</span> <span class='ocrx_word' id='word_1_534' title='bbox 3508 3020 3649 3090; x_wconf 80' lang='grc' dir='ltr'><strong>ἀμέ-</strong></span> 
     </span>
    </p>
   </div>
   <div class='ocr_carea' id='block_1_76' title="bbox 2066 3108 3648 3184">
    <p class='ocr_par' dir='ltr' id='par_1_76' title="bbox 2066 3108 3648 3184">
     <span class='ocr_line' id='line_1_76' title="bbox 2066 3108 3648 3184; baseline -0.001 -21"><span class='ocrx_word' id='word_1_535' title='bbox 2066 3129 2247 3183; x_wconf 87' lang='grc' dir='ltr'>ριστον</span> <span class='ocrx_word' id='word_1_536' title='bbox 2275 3131 2288 3144; x_wconf 71' lang='grc'><strong><em>⁸</em></strong></span> <span class='ocrx_word' id='word_1_537' title='bbox 2330 3108 2412 3176; x_wconf 73' lang='grc' dir='ltr'>εἷς</span> <span class='ocrx_word' id='word_1_538' title='bbox 2441 3112 2552 3184; x_wconf 83' lang='grc' dir='ltr'>γὰρ</span> <span class='ocrx_word' id='word_1_539' title='bbox 2576 3113 2672 3166; x_wconf 76' lang='grc' dir='ltr'><strong>καὶ</strong></span> <span class='ocrx_word' id='word_1_540' title='bbox 2710 3112 2913 3175; x_wconf 79' lang='grc' dir='ltr'>τέλειος</span> <span class='ocrx_word' id='word_1_541' title='bbox 2942 3113 2999 3166; x_wconf 80' lang='grc' dir='ltr'>ὲν</span> <span class='ocrx_word' id='word_1_542' title='bbox 3033 3113 3167 3165; x_wconf 75' lang='grc' dir='ltr'>πᾶσι</span> <span class='ocrx_word' id='word_1_543' title='bbox 3205 3111 3460 3182; x_wconf 84' lang='grc' dir='ltr'>Χριστός.</span> <span class='ocrx_word' id='word_1_544' title='bbox 3507 3110 3648 3164; x_wconf 83' lang='grc' dir='ltr'>Ἀλλ’</span> 
     </span>
    </p>
   </div>
   <div class='ocr_carea' id='block_1_77' title="bbox 2062 3202 3651 3276">
    <p class='ocr_par' dir='ltr' id='par_1_77' title="bbox 2062 3202 3651 3276">
     <span class='ocr_line' id='line_1_77' title="bbox 2062 3202 3651 3276; baseline -0.001 -19"><span class='ocrx_word' id='word_1_545' title='bbox 2062 3205 2158 3271; x_wconf 79' lang='grc' dir='ltr'><strong>ὅγε</strong></span> <span class='ocrx_word' id='word_1_546' title='bbox 2190 3205 2354 3275; x_wconf 79' lang='grc' dir='ltr'>σοφός</span> <span class='ocrx_word' id='word_1_547' title='bbox 2383 3222 2443 3258; x_wconf 87' lang='grc' dir='ltr'><strong>τε</strong></span> <span class='ocrx_word' id='word_1_548' title='bbox 2474 3207 2608 3276; x_wconf 83' lang='grc' dir='ltr'>ἡμῖν</span> <span class='ocrx_word' id='word_1_549' title='bbox 2637 3204 2735 3258; x_wconf 61' lang='grc' dir='ltr'><strong>καὶ⁵</strong></span> <span class='ocrx_word' id='word_1_550' title='bbox 2763 3204 3089 3276; x_wconf 77' lang='grc' dir='ltr'>ἱεροφάντης</span> <span class='ocrx_word' id='word_1_551' title='bbox 3125 3202 3334 3274; x_wconf 81' lang='grc' dir='ltr'><strong>Μωσῆς</strong></span> <span class='ocrx_word' id='word_1_552' title='bbox 3358 3203 3651 3275; x_wconf 79' lang='grc' dir='ltr'>παρεγγυᾴ</span> 
     </span>
    </p>
   </div>
   <div class='ocr_carea' id='block_1_78' title="bbox 2064 3294 3648 3370">
    <p class='ocr_par' dir='ltr' id='par_1_78' title="bbox 2064 3294 3648 3370">
     <span class='ocr_line' id='line_1_78' title="bbox 2064 3294 3648 3370; baseline -0.002 -19"><span class='ocrx_word' id='word_1_553' title='bbox 2064 3299 2240 3367; x_wconf 79' lang='grc' dir='ltr'>λέγων</span> <span class='ocrx_word' id='word_1_554' title='bbox 2288 3300 2346 3351; x_wconf 79' lang='grc' dir='ltr'>ἐν</span> <span class='ocrx_word' id='word_1_555' title='bbox 2374 3297 2452 3369; x_wconf 79' lang='grc' dir='ltr'>τῷ</span> <span class='ocrx_word' id='word_1_556' title='bbox 2482 3297 2913 3370; x_wconf 85' lang='grc' dir='ltr'>Δευτερονομίῳ,</span> <span class='ocrx_word' id='word_1_557' title='bbox 2951 3314 2972 3349; x_wconf 72' lang='grc' dir='ltr'><strong>ι</strong></span> <span class='ocrx_word' id='word_1_558' title='bbox 3024 3296 3272 3368; x_wconf 81' lang='grc' dir='ltr'>Πρόσεχε</span> <span class='ocrx_word' id='word_1_559' title='bbox 3315 3294 3527 3365; x_wconf 87' lang='grc' dir='ltr'>σεαυτῷ</span> <span class='ocrx_word' id='word_1_560' title='bbox 3573 3294 3648 3366; x_wconf 84' lang='grc' dir='ltr'>μὴ</span> 
     </span>
    </p>
   </div>
   <div class='ocr_carea' id='block_1_79' title="bbox 2064 3379 3651 3462">
    <p class='ocr_par' dir='ltr' id='par_1_79' title="bbox 2064 3379 3651 3462">
     <span class='ocr_line' id='line_1_79' title="bbox 2064 3379 3651 3462; baseline -0.003 -18"><span class='ocrx_word' id='word_1_561' title='bbox 2064 3391 2365 3462; x_wconf 79' lang='grc' dir='ltr'>άνενέγκῃς</span> <span class='ocrx_word' id='word_1_562' title='bbox 2393 3391 2456 3445; x_wconf 83' lang='grc' dir='ltr'><strong>τὸ</strong></span> <span class='ocrx_word' id='word_1_563' title='bbox 2484 3390 2849 3461; x_wconf 81' lang='grc' dir='ltr'>ὁλοκαύτωμά</span> <span class='ocrx_word' id='word_1_564' title='bbox 2878 3406 2973 3448; x_wconf 93' lang='grc' dir='ltr'><strong>σου</strong></span> <span class='ocrx_word' id='word_1_565' title='bbox 3002 3390 3060 3442; x_wconf 75' lang='grc' dir='ltr'><strong>ἐν</strong></span> <span class='ocrx_word' id='word_1_566' title='bbox 3091 3388 3257 3441; x_wconf 75' lang='grc' dir='ltr'>παντὶ</span> <span class='ocrx_word' id='word_1_567' title='bbox 3289 3388 3441 3457; x_wconf 86' lang='grc' dir='ltr'>τόπῳ</span> <span class='ocrx_word' id='word_1_568' title='bbox 3479 3379 3523 3455; x_wconf 75' lang='grc' dir='ltr'><strong>ᾧ</strong></span> <span class='ocrx_word' id='word_1_569' title='bbox 3552 3386 3651 3440; x_wconf 75' lang='grc' dir='ltr'><strong>ἐὰν</strong></span> 
     </span>
    </p>
   </div>
   <div class='ocr_carea' id='block_1_80' title="bbox 2067 3475 3651 3553">
    <p class='ocr_par' dir='ltr' id='par_1_80' title="bbox 2067 3475 3651 3553">
     <span class='ocr_line' id='line_1_80' title="bbox 2067 3475 3651 3553; baseline -0.005 -17"><span class='ocrx_word' id='word_1_570' title='bbox 2067 3482 2205 3553; x_wconf 73' lang='grc' dir='ltr'>ἴδῃς.</span> <span class='ocrx_word' id='word_1_571' title='bbox 2230 3482 2349 3536; x_wconf 82' lang='grc' dir='ltr'>ἀλλ’</span> <span class='ocrx_word' id='word_1_572' title='bbox 2380 3482 2415 3553; x_wconf 79' lang='grc' dir='ltr'>ἢ</span> <span class='ocrx_word' id='word_1_573' title='bbox 2447 3484 2527 3546; x_wconf 87' lang='grc' dir='ltr'><strong>είς</strong></span> <span class='ocrx_word' id='word_1_574' title='bbox 2552 3482 2719 3535; x_wconf 83' lang='grc' dir='ltr'>τόπον</span> <span class='ocrx_word' id='word_1_575' title='bbox 2741 3480 2801 3534; x_wconf 82' lang='grc' dir='ltr'>ὃν</span> <span class='ocrx_word' id='word_1_576' title='bbox 2824 3479 2890 3535; x_wconf 80' lang='grc' dir='ltr'><strong>ἂν</strong></span> <span class='ocrx_word' id='word_1_577' title='bbox 2922 3479 3210 3549; x_wconf 74' lang='grc' dir='ltr'><strong>ἐκλέξηται</strong></span> <span class='ocrx_word' id='word_1_578' title='bbox 3238 3475 3447 3549; x_wconf 82' lang='grc' dir='ltr'>Κύριος</span> <span class='ocrx_word' id='word_1_579' title='bbox 3465 3479 3495 3529; x_wconf 97' lang='lat'><strong>6</strong></span> <span class='ocrx_word' id='word_1_580' title='bbox 3515 3475 3651 3539; x_wconf 84' lang='grc' dir='ltr'>Θεός</span> 
     </span>
    </p>
   </div>
   <div class='ocr_carea' id='block_1_81' title="bbox 2070 3567 3650 3643">
    <p class='ocr_par' dir='ltr' id='par_1_81' title="bbox 2070 3567 3650 3643">
     <span class='ocr_line' id='line_1_81' title="bbox 2070 3567 3650 3643; baseline -0.003 -18"><span class='ocrx_word' id='word_1_581' title='bbox 2070 3588 2162 3624; x_wconf 85' lang='grc' dir='ltr'><strong>σου</strong></span> <span class='ocrx_word' id='word_1_582' title='bbox 2193 3572 2379 3637; x_wconf 85' lang='grc' dir='ltr'>αὐτὸν,</span> <span class='ocrx_word' id='word_1_583' title='bbox 2410 3573 2469 3625; x_wconf 80' lang='grc' dir='ltr'>ὲν</span> <span class='ocrx_word' id='word_1_584' title='bbox 2499 3572 2599 3643; x_wconf 76' lang='grc' dir='ltr'>μιᾷ</span> <span class='ocrx_word' id='word_1_585' title='bbox 2626 3570 2735 3624; x_wconf 84' lang='grc' dir='ltr'>τῶν</span> <span class='ocrx_word' id='word_1_586' title='bbox 2768 3569 2978 3623; x_wconf 83' lang='grc' dir='ltr'>πόλεών</span> <span class='ocrx_word' id='word_1_587' title='bbox 3007 3586 3101 3623; x_wconf 84' lang='grc' dir='ltr'><strong>σου</strong></span> <span class='ocrx_word' id='word_1_588' title='bbox 3128 3609 3142 3632; x_wconf 89' lang='grc'><em>,</em></span> <span class='ocrx_word' id='word_1_589' title='bbox 3171 3570 3289 3622; x_wconf 79' lang='grc' dir='ltr'>ἐκεῖ</span> <span class='ocrx_word' id='word_1_590' title='bbox 3313 3568 3552 3631; x_wconf 82' lang='grc' dir='ltr'>ἀνοίσεις</span> <span class='ocrx_word' id='word_1_591' title='bbox 3579 3567 3650 3621; x_wconf 76' lang='grc' dir='ltr'>τὰ</span> 
     </span>
    </p>
   </div>
   <div class='ocr_carea' id='block_1_82' title="bbox 2065 3656 3652 3731">
    <p class='ocr_par' dir='ltr' id='par_1_82' title="bbox 2065 3656 3652 3731">
     <span class='ocr_line' id='line_1_82' title="bbox 2065 3656 3652 3731; baseline -0.001 -20"><span class='ocrx_word' id='word_1_592' title='bbox 2065 3658 2491 3731; x_wconf 76' lang='grc' dir='ltr'>ὀλοῑιαυτώματά</span> <span class='ocrx_word' id='word_1_593' title='bbox 2521 3677 2636 3720; x_wconf 85' lang='grc' dir='ltr'>σου,</span> <span class='ocrx_word' id='word_1_594' title='bbox 2661 3658 2756 3713; x_wconf 71' lang='grc' dir='ltr'><strong>καὶ</strong></span> <span class='ocrx_word' id='word_1_595' title='bbox 2778 3661 2899 3712; x_wconf 85' lang='grc' dir='ltr'><strong>ὲκεῖ</strong></span> <span class='ocrx_word' id='word_1_596' title='bbox 2923 3660 3173 3729; x_wconf 80' lang='grc' dir='ltr'>ποιήσεις</span> <span class='ocrx_word' id='word_1_597' title='bbox 3203 3657 3385 3712; x_wconf 83' lang='grc' dir='ltr'>πάντα</span> <span class='ocrx_word' id='word_1_598' title='bbox 3412 3658 3512 3711; x_wconf 82' lang='grc' dir='ltr'><strong>ὅσα</strong></span> <span class='ocrx_word' id='word_1_599' title='bbox 3538 3656 3652 3726; x_wconf 70' lang='grc' dir='ltr'><strong>ἐγὼ</strong></span> 
     </span>
    </p>
   </div>
   <div class='ocr_carea' id='block_1_83' title="bbox 2065 3740 3652 3822">
    <p class='ocr_par' dir='ltr' id='par_1_83' title="bbox 2065 3740 3652 3822">
     <span class='ocr_line' id='line_1_83' title="bbox 2065 3740 3652 3822; baseline -0.003 -19"><span class='ocrx_word' id='word_1_600' title='bbox 2065 3749 2382 3822; x_wconf 76' lang='grc' dir='ltr'>ἐντέλλομαί</span> <span class='ocrx_word' id='word_1_601' title='bbox 2422 3767 2503 3804; x_wconf 92' lang='grc' dir='ltr'><strong>σοι</strong></span> <span class='ocrx_word' id='word_1_602' title='bbox 2537 3751 2775 3822; x_wconf 81' lang='grc' dir='ltr'>σήμερον</span> <span class='ocrx_word' id='word_1_603' title='bbox 2800 3767 2814 3781; x_wconf 90' lang='grc'><strong>·</strong></span> <span class='ocrx_word' id='word_1_604' title='bbox 2861 3749 2974 3802; x_wconf 84' lang='grc' dir='ltr'>ἀλλ’</span> <span class='ocrx_word' id='word_1_605' title='bbox 3009 3747 3044 3821; x_wconf 73' lang='grc' dir='ltr'>ἢ</span> <span class='ocrx_word' id='word_1_606' title='bbox 3095 3750 3153 3802; x_wconf 79' lang='grc' dir='ltr'>ἐν</span> <span class='ocrx_word' id='word_1_607' title='bbox 3186 3746 3338 3819; x_wconf 82' lang='grc' dir='ltr'>πάσῃ</span> <span class='ocrx_word' id='word_1_608' title='bbox 3381 3740 3652 3817; x_wconf 72' lang='grc' dir='ltr'>ἐπιθυμίᾳ.</span> 
     </span>
    </p>
   </div>
   <div class='ocr_carea' id='block_1_84' title="bbox 2066 3839 3651 3923">
    <p class='ocr_par' dir='ltr' id='par_1_84' title="bbox 2066 3839 3651 3923">
     <span class='ocr_line' id='line_1_84' title="bbox 2066 3839 3651 3923; baseline -0.004 -25"><span class='ocrx_word' id='word_1_609' title='bbox 2066 3862 2161 3898; x_wconf 92' lang='grc' dir='ltr'><strong>σου</strong></span> <span class='ocrx_word' id='word_1_610' title='bbox 2192 3843 2399 3923; x_wconf 74' lang='grc' dir='ltr'>θύσεις,</span> <span class='ocrx_word' id='word_1_611' title='bbox 2432 3844 2528 3897; x_wconf 74' lang='grc' dir='ltr'><strong>καὶ</strong></span> <span class='ocrx_word' id='word_1_612' title='bbox 2557 3844 2708 3916; x_wconf 78' lang='grc' dir='ltr'>φάγῃ</span> <span class='ocrx_word' id='word_1_613' title='bbox 2747 3843 2885 3913; x_wconf 80' lang='grc' dir='ltr'>κρέα</span> <span class='ocrx_word' id='word_1_614' title='bbox 2915 3842 3060 3896; x_wconf 78' lang='grc' dir='ltr'>κατὰ</span> <span class='ocrx_word' id='word_1_615' title='bbox 3092 3839 3193 3912; x_wconf 80' lang='grc' dir='ltr'>τὴν</span> <span class='ocrx_word' id='word_1_616' title='bbox 3223 3839 3524 3911; x_wconf 76' lang='grc' dir='ltr'>ἐπιθυμίαν</span> <span class='ocrx_word' id='word_1_617' title='bbox 3548 3839 3651 3907; x_wconf 77' lang='grc' dir='ltr'>τῆς</span> 
     </span>
    </p>
   </div>
   <div class='ocr_carea' id='block_1_85' title="bbox 2063 3931 3649 4008">
    <p class='ocr_par' dir='ltr' id='par_1_85' title="bbox 2063 3931 3649 4008">
     <span class='ocr_line' id='line_1_85' title="bbox 2063 3931 3649 4008; baseline -0.004 -18"><span class='ocrx_word' id='word_1_618' title='bbox 2063 3937 2242 4008; x_wconf 71' lang='grc' dir='ltr'>ψυχῆς</span> <span class='ocrx_word' id='word_1_619' title='bbox 2272 3954 2364 3991; x_wconf 88' lang='grc' dir='ltr'><strong>σου</strong></span> <span class='ocrx_word' id='word_1_620' title='bbox 2388 3953 2405 3968; x_wconf 72' lang='grc' dir='ltr'><strong>ο</strong></span> <span class='ocrx_word' id='word_1_621' title='bbox 2436 3936 2578 3991; x_wconf 82' lang='grc' dir='ltr'>κατὰ</span> <span class='ocrx_word' id='word_1_622' title='bbox 2603 3936 2703 4008; x_wconf 85' lang='grc' dir='ltr'>τὴν</span> <span class='ocrx_word' id='word_1_623' title='bbox 2720 3935 2974 4005; x_wconf 78' lang='grc' dir='ltr'>εὐλογίαν</span> <span class='ocrx_word' id='word_1_624' title='bbox 3003 3935 3212 4006; x_wconf 81' lang='grc' dir='ltr'>Κυρίου</span> <span class='ocrx_word' id='word_1_625' title='bbox 3238 3934 3332 3988; x_wconf 86' lang='grc' dir='ltr'><strong>τοῦ</strong></span> <span class='ocrx_word' id='word_1_626' title='bbox 3364 3931 3500 3986; x_wconf 85' lang='grc' dir='ltr'>Θεοῦ</span> <span class='ocrx_word' id='word_1_627' title='bbox 3530 3948 3649 3995; x_wconf 85' lang='grc' dir='ltr'>σου,</span> 
     </span>
    </p>
   </div>
   <div class='ocr_carea' id='block_1_86' title="bbox 2065 4024 3651 4102">
    <p class='ocr_par' dir='ltr' id='par_1_86' title="bbox 2065 4024 3651 4102">
     <span class='ocr_line' id='line_1_86' title="bbox 2065 4024 3651 4102; baseline -0.004 -19"><span class='ocrx_word' id='word_1_628' title='bbox 2065 4032 2130 4102; x_wconf 80' lang='grc' dir='ltr'>ἠν</span> <span class='ocrx_word' id='word_1_629' title='bbox 2175 4030 2343 4084; x_wconf 76' lang='grc' dir='ltr'>ἔδωκέ</span> <span class='ocrx_word' id='word_1_630' title='bbox 2377 4046 2463 4083; x_wconf 89' lang='grc' dir='ltr'><strong>σοι</strong></span> <span class='ocrx_word' id='word_1_631' title='bbox 2501 4030 2562 4083; x_wconf 77' lang='grc' dir='ltr'>ἐν</span> <span class='ocrx_word' id='word_1_632' title='bbox 2610 4029 2757 4102; x_wconf 83' lang='grc' dir='ltr'>πάσῃ</span> <span class='ocrx_word' id='word_1_633' title='bbox 2801 4027 2974 4083; x_wconf 86' lang='grc' dir='ltr'>πόλει.</span> <span class='ocrx_word' id='word_1_634' title='bbox 3021 4028 3081 4081; x_wconf 84' lang='lat'><strong>&#39;0</strong></span> <span class='ocrx_word' id='word_1_635' title='bbox 3127 4025 3437 4098; x_wconf 79' lang='grc' dir='ltr'>ἀκάθαρτος</span> <span class='ocrx_word' id='word_1_636' title='bbox 3476 4026 3536 4078; x_wconf 74' lang='grc' dir='ltr'>ἐν</span> <span class='ocrx_word' id='word_1_637' title='bbox 3566 4024 3651 4077; x_wconf 78' lang='grc' dir='ltr'>σοὶ</span> 
     </span>
    </p>
   </div>
   <div class='ocr_carea' id='block_1_87' title="bbox 2064 4114 3651 4194">
    <p class='ocr_par' dir='ltr' id='par_1_87' title="bbox 2064 4114 3651 4194">
     <span class='ocr_line' id='line_1_87' title="bbox 2064 4114 3651 4194; baseline -0.005 -18"><span class='ocrx_word' id='word_1_638' title='bbox 2064 4123 2161 4176; x_wconf 76' lang='grc' dir='ltr'>καὶ</span> <span class='ocrx_word' id='word_1_639' title='bbox 2180 4125 2209 4176; x_wconf 95' lang='lat'><strong>6</strong></span> <span class='ocrx_word' id='word_1_640' title='bbox 2228 4122 2471 4194; x_wconf 81' lang='grc' dir='ltr'>καθαρὸς</span> <span class='ocrx_word' id='word_1_641' title='bbox 2493 4121 2587 4174; x_wconf 72' lang='grc' dir='ltr'>ἐπὶ</span> <span class='ocrx_word' id='word_1_642' title='bbox 2615 4121 2675 4174; x_wconf 73' lang='grc' dir='ltr'>τὸ</span> <span class='ocrx_word' id='word_1_643' title='bbox 2701 4120 2835 4174; x_wconf 80' lang='grc' dir='ltr'>αὐτὸ</span> <span class='ocrx_word' id='word_1_644' title='bbox 2863 4120 3098 4190; x_wconf 83' lang='grc' dir='ltr'>φάγεται</span> <span class='ocrx_word' id='word_1_645' title='bbox 3128 4119 3280 4182; x_wconf 76' lang='grc' dir='ltr'>αὐτὸ,</span> <span class='ocrx_word' id='word_1_646' title='bbox 3307 4118 3384 4182; x_wconf 85' lang='grc' dir='ltr'>ὡς</span> <span class='ocrx_word' id='word_1_647' title='bbox 3413 4114 3651 4187; x_wconf 82' lang='grc' dir='ltr'>δορκάδα</span> 
     </span>
    </p>
   </div>
   <div class='ocr_carea' id='block_1_88' title="bbox 2063 4206 3649 4285">
    <p class='ocr_par' dir='ltr' id='par_1_88' title="bbox 2063 4206 3649 4285">
     <span class='ocr_line' id='line_1_88' title="bbox 2063 4206 3649 4285; baseline -0.005 -18"><span class='ocrx_word' id='word_1_648' title='bbox 2063 4214 2096 4285; x_wconf 83' lang='grc' dir='ltr'>ἦ</span> <span class='ocrx_word' id='word_1_649' title='bbox 2133 4213 2354 4283; x_wconf 77' lang='grc' dir='ltr'>ἔλαφον,</span> <span class='ocrx_word' id='word_1_650' title='bbox 2399 4211 2540 4284; x_wconf 75' lang='grc' dir='ltr'>πλὴν</span> <span class='ocrx_word' id='word_1_651' title='bbox 2575 4212 2639 4265; x_wconf 84' lang='grc' dir='ltr'><strong>τὸ</strong></span> <span class='ocrx_word' id='word_1_652' title='bbox 2672 4206 2816 4283; x_wconf 75' lang='grc' dir='ltr'>αἷμα</span> <span class='ocrx_word' id='word_1_653' title='bbox 2858 4213 2922 4265; x_wconf 86' lang='grc' dir='ltr'><strong>οὐ</strong></span> <span class='ocrx_word' id='word_1_654' title='bbox 2951 4210 3196 4281; x_wconf 80' lang='grc' dir='ltr'>φάγεσθε</span> <span class='ocrx_word' id='word_1_655' title='bbox 3217 4248 3235 4275; x_wconf 87' lang='grc'><em>,</em></span> <span class='ocrx_word' id='word_1_656' title='bbox 3268 4209 3362 4261; x_wconf 78' lang='grc' dir='ltr'><strong>ἐπὶ</strong></span> <span class='ocrx_word' id='word_1_657' title='bbox 3406 4211 3505 4277; x_wconf 75' lang='grc' dir='ltr'><strong>τὴν</strong></span> <span class='ocrx_word' id='word_1_658' title='bbox 3545 4206 3649 4276; x_wconf 73' lang='grc' dir='ltr'>γῆν</span> 
     </span>
    </p>
   </div>
   <div class='ocr_carea' id='block_1_89' title="bbox 2064 4297 3671 4377">
    <p class='ocr_par' dir='ltr' id='par_1_89' title="bbox 2064 4297 3671 4377">
     <span class='ocr_line' id='line_1_89' title="bbox 2064 4297 3671 4377; baseline -0.003 -19"><span class='ocrx_word' id='word_1_659' title='bbox 2064 4307 2304 4376; x_wconf 79' lang='grc' dir='ltr'>ὲκχεεῖτε</span> <span class='ocrx_word' id='word_1_660' title='bbox 2339 4304 2504 4367; x_wconf 75' lang='grc' dir='ltr'>αὐτὸ.</span> <span class='ocrx_word' id='word_1_661' title='bbox 2550 4305 2628 4367; x_wconf 85' lang='grc' dir='ltr'>ὼς</span> <span class='ocrx_word' id='word_1_662' title='bbox 2670 4303 2833 4376; x_wconf 76' lang='grc' dir='ltr'>ὕδωρ.</span> <span class='ocrx_word' id='word_1_663' title='bbox 2892 4322 2909 4355; x_wconf 76' lang='grc' dir='ltr'><strong>ι</strong></span> <span class='ocrx_word' id='word_1_664' title='bbox 2965 4303 3216 4366; x_wconf 87' lang='grc' dir='ltr'>Διανοίας</span> <span class='ocrx_word' id='word_1_665' title='bbox 3262 4297 3357 4355; x_wconf 84' lang='grc' dir='ltr'><strong>οῦν</strong></span> <span class='ocrx_word' id='word_1_666' title='bbox 3395 4300 3505 4370; x_wconf 80' lang='grc' dir='ltr'>ἄρα</span> <span class='ocrx_word' id='word_1_667' title='bbox 3548 4298 3671 4377; x_wconf 74' lang='grc' dir='ltr'>τῆς</span> 
     </span>
    </p>
   </div>
   <div class='ocr_carea' id='block_1_90' title="bbox 2066 4390 3653 4469">
    <p class='ocr_par' dir='ltr' id='par_1_90' title="bbox 2066 4390 3653 4469">
     <span class='ocr_line' id='line_1_90' title="bbox 2066 4390 3653 4469; baseline -0.007 -16"><span class='ocrx_word' id='word_1_668' title='bbox 2066 4398 2475 4469; x_wconf 83' lang='grc' dir='ltr'>βδελυρωτάτης</span> <span class='ocrx_word' id='word_1_669' title='bbox 2514 4397 2863 4468; x_wconf 81' lang='grc' dir='ltr'>ἀμπλάκημα</span> <span class='ocrx_word' id='word_1_670' title='bbox 2909 4397 3004 4449; x_wconf 74' lang='grc' dir='ltr'><strong>καὶ</strong></span> <span class='ocrx_word' id='word_1_671' title='bbox 3032 4395 3253 4467; x_wconf 73' lang='grc' dir='ltr'>γραφὴ,</span> <span class='ocrx_word' id='word_1_672' title='bbox 3295 4394 3357 4447; x_wconf 78' lang='grc' dir='ltr'>τὸ</span> <span class='ocrx_word' id='word_1_673' title='bbox 3392 4394 3450 4446; x_wconf 79' lang='grc' dir='ltr'>ὲν</span> <span class='ocrx_word' id='word_1_674' title='bbox 3484 4390 3653 4449; x_wconf 70' lang='grc' dir='ltr'>παντὶ</span> 
     </span>
    </p>
   </div>
   <div class='ocr_carea' id='block_1_91' title="bbox 2063 4482 3651 4562">
    <p class='ocr_par' dir='ltr' id='par_1_91' title="bbox 2063 4482 3651 4562">
     <span class='ocr_line' id='line_1_91' title="bbox 2063 4482 3651 4562; baseline -0.006 -17"><span class='ocrx_word' id='word_1_675' title='bbox 2063 4491 2214 4562; x_wconf 80' lang='grc' dir='ltr'>τόπῳ</span> <span class='ocrx_word' id='word_1_676' title='bbox 2240 4490 2386 4544; x_wconf 80' lang='grc' dir='ltr'>θύειν</span> <span class='ocrx_word' id='word_1_677' title='bbox 2414 4489 2749 4560; x_wconf 82' lang='grc' dir='ltr'>ἁποτολμᾷν,</span> <span class='ocrx_word' id='word_1_678' title='bbox 2775 4489 2870 4543; x_wconf 70' lang='grc' dir='ltr'><strong>καὶ</strong></span> <span class='ocrx_word' id='word_1_679' title='bbox 2905 4488 2982 4559; x_wconf 83' lang='grc' dir='ltr'>μὴ</span> <span class='ocrx_word' id='word_1_680' title='bbox 3006 4490 3065 4542; x_wconf 86' lang='grc' dir='ltr'>ὲν</span> <span class='ocrx_word' id='word_1_681' title='bbox 3088 4488 3225 4557; x_wconf 74' lang='grc' dir='ltr'>οἴκῳ</span> <span class='ocrx_word' id='word_1_682' title='bbox 3246 4484 3383 4545; x_wconf 69' lang='grc' dir='ltr'>Θεοῦ</span> <span class='ocrx_word' id='word_1_683' title='bbox 3410 4482 3651 4556; x_wconf 83' lang='grc' dir='ltr'>πληροῦν</span> 
     </span>
    </p>
   </div>
   <div class='ocr_carea' id='block_1_92' title="bbox 369 4554 1957 4655">
    <p class='ocr_par' dir='ltr' id='par_1_92' title="bbox 369 4576 1957 4647">
     <span class='ocr_line' id='line_1_92' title="bbox 369 4576 1957 4647; baseline -0.005 -10"><span class='ocrx_word' id='word_1_684' title='bbox 369 4599 518 4647; x_wconf 86' lang='lat' dir='ltr'><strong>men,</strong></span> <span class='ocrx_word' id='word_1_685' title='bbox 545 4583 748 4638; x_wconf 87' lang='lat' dir='ltr'><strong>audere</strong></span> <span class='ocrx_word' id='word_1_686' title='bbox 777 4583 829 4637; x_wconf 90' lang='lat' dir='ltr'><strong>in</strong></span> <span class='ocrx_word' id='word_1_687' title='bbox 857 4583 1010 4638; x_wconf 91' lang='lat' dir='ltr'><strong>omni</strong></span> <span class='ocrx_word' id='word_1_688' title='bbox 1046 4583 1171 4637; x_wconf 90' lang='lat' dir='ltr'><strong>loco</strong></span> <span class='ocrx_word' id='word_1_689' title='bbox 1202 4579 1535 4642; x_wconf 89' lang='lat' dir='ltr'><strong>sacriﬁcare,</strong></span> <span class='ocrx_word' id='word_1_690' title='bbox 1557 4593 1670 4632; x_wconf 90' lang='lat' dir='ltr'><strong>non</strong></span> <span class='ocrx_word' id='word_1_691' title='bbox 1706 4580 1761 4631; x_wconf 91' lang='lat' dir='ltr'><strong>in</strong></span> <span class='ocrx_word' id='word_1_692' title='bbox 1793 4576 1957 4633; x_wconf 87' lang='lat' dir='ltr'><strong>domo</strong></span> 
     </span>
    </p>
   </div>
   <div class='ocr_carea' id='block_1_93' title="bbox 2061 4554 2742 4655">
    <p class='ocr_par' dir='ltr' id='par_1_93' title="bbox 2061 4554 2742 4655">
     <span class='ocr_line' id='line_1_93' title="bbox 2061 4554 2742 4655; baseline 0.001 -20"><span class='ocrx_word' id='word_1_693' title='bbox 2061 4583 2126 4635; x_wconf 77' lang='grc' dir='ltr'><strong>τὸ</strong></span> <span class='ocrx_word' id='word_1_694' title='bbox 2152 4554 2390 4655; x_wconf 86' lang='grc' dir='ltr'>ριστοῦ</span> <span class='ocrx_word' id='word_1_695' title='bbox 2420 4554 2742 4654; x_wconf 79' lang='grc' dir='ltr'>μυστήριον.</span> 
     </span>
    </p>
   </div>
   <div class='ocr_carea' id='block_1_94' title="bbox 368 4673 1321 4746">
    <p class='ocr_par' dir='ltr' id='par_1_94' title="bbox 368 4673 1321 4746">
     <span class='ocr_line' id='line_1_94' title="bbox 368 4673 1321 4746; baseline -0.005 -17"><span class='ocrx_word' id='word_1_696' title='bbox 368 4676 464 4730; x_wconf 89' lang='lat' dir='ltr'><strong>Dei</strong></span> <span class='ocrx_word' id='word_1_697' title='bbox 490 4676 713 4745; x_wconf 78' lang='lat' dir='ltr'><strong>explere</strong></span> <span class='ocrx_word' id='word_1_698' title='bbox 740 4675 946 4731; x_wconf 88' lang='lat' dir='ltr'><strong>Christi</strong></span> <span class='ocrx_word' id='word_1_699' title='bbox 973 4673 1321 4746; x_wconf 73' lang='lat' dir='ltr'><strong>mysterium.</strong></span> 
     </span>
    </p>
   </div>
   <div class='ocr_carea' id='block_1_95' title="bbox 440 4762 1963 4833">
    <p class='ocr_par' dir='ltr' id='par_1_95' title="bbox 440 4762 1963 4833">
     <span class='ocr_line' id='line_1_95' title="bbox 440 4762 1963 4833; baseline 0 -13"><span class='ocrx_word' id='word_1_700' title='bbox 440 4766 638 4821; x_wconf 79' lang='lat' dir='ltr'><strong>PALL.</strong></span> <span class='ocrx_word' id='word_1_701' title='bbox 681 4766 854 4822; x_wconf 79' lang='lat' dir='ltr'><strong>Recte</strong></span> <span class='ocrx_word' id='word_1_702' title='bbox 903 4781 1036 4821; x_wconf 84' lang='lat' dir='ltr'><strong>sane</strong></span> <span class='ocrx_word' id='word_1_703' title='bbox 1087 4765 1257 4831; x_wconf 88' lang='lat' dir='ltr'><strong>dicis;</strong></span> <span class='ocrx_word' id='word_1_704' title='bbox 1298 4762 1432 4817; x_wconf 90' lang='lat' dir='ltr'><strong>illud</strong></span> <span class='ocrx_word' id='word_1_705' title='bbox 1488 4771 1671 4816; x_wconf 85' lang='lat' dir='ltr'><strong>tamen</strong></span> <span class='ocrx_word' id='word_1_706' title='bbox 1720 4763 1963 4833; x_wconf 82' lang='lat' dir='ltr'><strong>explices</strong></span> 
     </span>
    </p>
   </div>
   <div class='ocr_carea' id='block_1_96' title="bbox 368 4854 1959 4931">
    <p class='ocr_par' dir='ltr' id='par_1_96' title="bbox 368 4854 1959 4931">
     <span class='ocr_line' id='line_1_96' title="bbox 368 4854 1959 4931; baseline 0 -18"><span class='ocrx_word' id='word_1_707' title='bbox 368 4861 558 4924; x_wconf 85' lang='lat' dir='ltr'><strong>velim,</strong></span> <span class='ocrx_word' id='word_1_708' title='bbox 599 4875 724 4915; x_wconf 91' lang='lat' dir='ltr'><strong>cum</strong></span> <span class='ocrx_word' id='word_1_709' title='bbox 760 4859 1027 4931; x_wconf 78' lang='lat' dir='ltr'><strong>sanguine</strong></span> <span class='ocrx_word' id='word_1_710' title='bbox 1055 4858 1203 4914; x_wconf 83' lang='lat' dir='ltr'><strong>vesci</strong></span> <span class='ocrx_word' id='word_1_711' title='bbox 1244 4857 1332 4911; x_wconf 80' lang='lat' dir='ltr'><strong>lex</strong></span> <span class='ocrx_word' id='word_1_712' title='bbox 1378 4854 1793 4924; x_wconf 61' lang='lat' dir='ltr'><strong>improbat-erit,</strong></span> <span class='ocrx_word' id='word_1_713' title='bbox 1820 4865 1876 4913; x_wconf 84' lang='lat' dir='ltr'><strong>et</strong></span> <span class='ocrx_word' id='word_1_714' title='bbox 1905 4858 1959 4913; x_wconf 87' lang='lat' dir='ltr'><strong>id</strong></span> 
     </span>
    </p>
   </div>
   <div class='ocr_carea' id='block_1_97' title="bbox 364 4943 1792 5023">
    <p class='ocr_par' dir='ltr' id='par_1_97' title="bbox 364 4943 1792 5023">
     <span class='ocr_line' id='line_1_97' title="bbox 364 4943 1792 5023; baseline -0.006 -18"><span class='ocrx_word' id='word_1_715' title='bbox 364 4953 490 5023; x_wconf 84' lang='lat' dir='ltr'><strong>jure</strong></span> <span class='ocrx_word' id='word_1_716' title='bbox 514 4950 730 5023; x_wconf 62' lang='lat' dir='ltr'><strong>iecerit,</strong></span> <span class='ocrx_word' id='word_1_717' title='bbox 756 4951 981 5019; x_wconf 86' lang='lat' dir='ltr'><strong>quinam</strong></span> <span class='ocrx_word' id='word_1_718' title='bbox 1008 4947 1063 5001; x_wconf 92' lang='lat' dir='ltr'><strong>in</strong></span> <span class='ocrx_word' id='word_1_719' title='bbox 1088 4947 1193 5000; x_wconf 88' lang='lat' dir='ltr'><strong>hac</strong></span> <span class='ocrx_word' id='word_1_720' title='bbox 1215 4945 1402 4999; x_wconf 88' lang='lat' dir='ltr'><strong>littera</strong></span> <span class='ocrx_word' id='word_1_721' title='bbox 1425 4958 1621 4997; x_wconf 87' lang='lat' dir='ltr'><strong>sensus</strong></span> <span class='ocrx_word' id='word_1_722' title='bbox 1645 4943 1792 4999; x_wconf 88' lang='lat' dir='ltr'><strong>insit.</strong></span> 
     </span>
    </p>
   </div>
   <div class='ocr_carea' id='block_1_98' title="bbox 440 5032 1965 5102">
    <p class='ocr_par' dir='ltr' id='par_1_98' title="bbox 440 5032 1965 5102">
     <span class='ocr_line' id='line_1_98' title="bbox 440 5032 1965 5102; baseline -0.002 -8"><span class='ocrx_word' id='word_1_723' title='bbox 440 5039 598 5095; x_wconf 82' lang='lat' dir='ltr'><strong>CYR.</strong></span> <span class='ocrx_word' id='word_1_724' title='bbox 642 5038 699 5094; x_wconf 90' lang='lat' dir='ltr'><strong>Si</strong></span> <span class='ocrx_word' id='word_1_725' title='bbox 744 5039 818 5093; x_wconf 90' lang='lat' dir='ltr'><strong>ita</strong></span> <span class='ocrx_word' id='word_1_726' title='bbox 858 5036 1102 5099; x_wconf 84' lang='lat' dir='ltr'><strong>videtur,</strong></span> <span class='ocrx_word' id='word_1_727' title='bbox 1134 5049 1200 5089; x_wconf 86' lang='lat' dir='ltr'><strong>ea</strong></span> <span class='ocrx_word' id='word_1_728' title='bbox 1254 5048 1380 5102; x_wconf 69' lang='lat' dir='ltr'><strong>quae</strong></span> <span class='ocrx_word' id='word_1_729' title='bbox 1422 5041 1553 5088; x_wconf 89' lang='lat' dir='ltr'><strong>sunt</strong></span> <span class='ocrx_word' id='word_1_730' title='bbox 1594 5032 1699 5088; x_wconf 85' lang='lat' dir='ltr'><strong>hac</strong></span> <span class='ocrx_word' id='word_1_731' title='bbox 1730 5034 1798 5089; x_wconf 91' lang='lat' dir='ltr'><strong>de</strong></span> <span class='ocrx_word' id='word_1_732' title='bbox 1824 5051 1884 5091; x_wconf 91' lang='lat' dir='ltr'><strong>re</strong></span> <span class='ocrx_word' id='word_1_733' title='bbox 1910 5035 1965 5091; x_wconf 92' lang='lat' dir='ltr'><strong>in</strong></span> 
     </span>
    </p>
   </div>
   <div class='ocr_carea' id='block_1_99' title="bbox 369 5126 1962 5201">
    <p class='ocr_par' dir='ltr' id='par_1_99' title="bbox 369 5126 1962 5201">
     <span class='ocr_line' id='line_1_99' title="bbox 369 5126 1962 5201; baseline -0.001 -16"><span class='ocrx_word' id='word_1_734' title='bbox 369 5131 619 5187; x_wconf 84' lang='lat' dir='ltr'><strong>Levitico</strong></span> <span class='ocrx_word' id='word_1_735' title='bbox 642 5145 865 5201; x_wconf 89' lang='lat' dir='ltr'><strong>quoque</strong></span> <span class='ocrx_word' id='word_1_736' title='bbox 889 5128 1125 5192; x_wconf 81' lang='lat' dir='ltr'><strong>sancita,</strong></span> <span class='ocrx_word' id='word_1_737' title='bbox 1159 5126 1439 5191; x_wconf 86' lang='lat' dir='ltr'><strong>dicamus;</strong></span> <span class='ocrx_word' id='word_1_738' title='bbox 1466 5142 1588 5196; x_wconf 69' lang='lat' dir='ltr'><strong>quae</strong></span> <span class='ocrx_word' id='word_1_739' title='bbox 1613 5126 1693 5182; x_wconf 91' lang='lat' dir='ltr'><strong>sic</strong></span> <span class='ocrx_word' id='word_1_740' title='bbox 1716 5127 1925 5185; x_wconf 89' lang='lat' dir='ltr'><strong>habent</strong></span> <span class='ocrx_word' id='word_1_741' title='bbox 1949 5148 1962 5182; x_wconf 92' lang='lat'><strong>:</strong></span> 
     </span>
    </p>
   </div>
   <div class='ocr_carea' id='block_1_100' title="bbox 379 5218 1967 5291">
    <p class='ocr_par' dir='ltr' id='par_1_100' title="bbox 379 5218 1967 5291">
     <span class='ocr_line' id='line_1_100' title="bbox 379 5218 1967 5291; baseline -0.004 -12"><span class='ocrx_word' id='word_1_742' title='bbox 379 5244 396 5269; x_wconf 73' lang='grc' dir='ltr'><strong>ε</strong></span> <span class='ocrx_word' id='word_1_743' title='bbox 428 5224 495 5278; x_wconf 83' lang='lat' dir='ltr'><strong>Et</strong></span> <span class='ocrx_word' id='word_1_744' title='bbox 520 5223 689 5277; x_wconf 90' lang='lat' dir='ltr'><strong>homo</strong></span> <span class='ocrx_word' id='word_1_745' title='bbox 708 5222 776 5276; x_wconf 88' lang='lat' dir='ltr'><strong>de</strong></span> <span class='ocrx_word' id='word_1_746' title='bbox 800 5221 927 5275; x_wconf 88' lang='lat' dir='ltr'><strong>ﬁliis</strong></span> <span class='ocrx_word' id='word_1_747' title='bbox 953 5219 1141 5284; x_wconf 87' lang='lat' dir='ltr'><strong>Israel,</strong></span> <span class='ocrx_word' id='word_1_748' title='bbox 1169 5228 1265 5273; x_wconf 87' lang='lat' dir='ltr'><strong>aut</strong></span> <span class='ocrx_word' id='word_1_749' title='bbox 1302 5218 1370 5274; x_wconf 89' lang='lat' dir='ltr'><strong>de</strong></span> <span class='ocrx_word' id='word_1_750' title='bbox 1398 5219 1710 5290; x_wconf 82' lang='lat' dir='ltr'><strong>proselytis,</strong></span> <span class='ocrx_word' id='word_1_751' title='bbox 1749 5220 1845 5291; x_wconf 91' lang='lat' dir='ltr'><strong>qui</strong></span> <span class='ocrx_word' id='word_1_752' title='bbox 1871 5235 1967 5291; x_wconf 82' lang='lat' dir='ltr'><strong>ap-</strong></span> 
     </span>
    </p>
   </div>
   <div class='ocr_carea' id='block_1_101' title="bbox 370 5310 1966 5385">
    <p class='ocr_par' dir='ltr' id='par_1_101' title="bbox 370 5310 1966 5385">
     <span class='ocr_line' id='line_1_101' title="bbox 370 5310 1966 5385; baseline -0.002 -16"><span class='ocrx_word' id='word_1_753' title='bbox 370 5315 538 5385; x_wconf 83' lang='lat' dir='ltr'><strong>positi</strong></span> <span class='ocrx_word' id='word_1_754' title='bbox 564 5324 695 5369; x_wconf 89' lang='lat' dir='ltr'><strong>sunt</strong></span> <span class='ocrx_word' id='word_1_755' title='bbox 716 5312 895 5376; x_wconf 84' lang='lat' dir='ltr'><strong>vobis,</strong></span> <span class='ocrx_word' id='word_1_756' title='bbox 924 5310 1242 5381; x_wconf 85' lang='lat' dir='ltr'><strong>quicunque</strong></span> <span class='ocrx_word' id='word_1_757' title='bbox 1263 5310 1567 5365; x_wconf 86' lang='lat' dir='ltr'><strong>comederit</strong></span> <span class='ocrx_word' id='word_1_758' title='bbox 1595 5327 1815 5367; x_wconf 91' lang='lat' dir='ltr'><strong>omnem</strong></span> <span class='ocrx_word' id='word_1_759' title='bbox 1843 5327 1966 5367; x_wconf 87' lang='lat' dir='ltr'><strong>san-</strong></span> 
     </span>
    </p>
   </div>
   <div class='ocr_carea' id='block_1_102' title="bbox 370 5402 1960 5477">
    <p class='ocr_par' dir='ltr' id='par_1_102' title="bbox 370 5402 1960 5477">
     <span class='ocr_line' id='line_1_102' title="bbox 370 5402 1960 5477; baseline -0.001 -17"><span class='ocrx_word' id='word_1_760' title='bbox 370 5407 625 5477; x_wconf 81' lang='lat' dir='ltr'><strong>guinem,</strong></span> <span class='ocrx_word' id='word_1_761' title='bbox 671 5413 909 5459; x_wconf 87' lang='lat' dir='ltr'><strong>statuam</strong></span> <span class='ocrx_word' id='word_1_762' title='bbox 957 5402 1151 5458; x_wconf 83' lang='lat' dir='ltr'><strong>faciem</strong></span> <span class='ocrx_word' id='word_1_763' title='bbox 1198 5418 1376 5458; x_wconf 86' lang='lat' dir='ltr'><strong>meam</strong></span> <span class='ocrx_word' id='word_1_764' title='bbox 1421 5403 1477 5458; x_wconf 88' lang='lat' dir='ltr'><strong>in</strong></span> <span class='ocrx_word' id='word_1_765' title='bbox 1528 5404 1791 5469; x_wconf 81' lang='lat' dir='ltr'><strong>animam,</strong></span> <span class='ocrx_word' id='word_1_766' title='bbox 1836 5419 1960 5474; x_wconf 64' lang='lat' dir='ltr'><strong>quae</strong></span> 
     </span>
    </p>
   </div>
   <div class='ocr_carea' id='block_1_103' title="bbox 370 5496 1956 5567">
    <p class='ocr_par' dir='ltr' id='par_1_103' title="bbox 370 5496 1956 5567">
     <span class='ocr_line' id='line_1_103' title="bbox 370 5496 1956 5567; baseline -0.001 -15"><span class='ocrx_word' id='word_1_767' title='bbox 370 5499 618 5555; x_wconf 81' lang='lat' dir='ltr'><strong>vescitur</strong></span> <span class='ocrx_word' id='word_1_768' title='bbox 659 5496 946 5567; x_wconf 79' lang='lat' dir='ltr'><strong>sanguine,</strong></span> <span class='ocrx_word' id='word_1_769' title='bbox 982 5504 1040 5550; x_wconf 85' lang='lat' dir='ltr'><strong>et</strong></span> <span class='ocrx_word' id='word_1_770' title='bbox 1086 5496 1312 5566; x_wconf 87' lang='lat' dir='ltr'><strong>perdam</strong></span> <span class='ocrx_word' id='word_1_771' title='bbox 1347 5512 1465 5552; x_wconf 87' lang='lat' dir='ltr'><strong>eam</strong></span> <span class='ocrx_word' id='word_1_772' title='bbox 1495 5497 1563 5552; x_wconf 80' lang='lat' dir='ltr'><strong>de</strong></span> <span class='ocrx_word' id='word_1_773' title='bbox 1592 5497 1796 5566; x_wconf 87' lang='lat' dir='ltr'><strong>populo</strong></span> <span class='ocrx_word' id='word_1_774' title='bbox 1822 5511 1956 5562; x_wconf 91' lang='lat' dir='ltr'><strong>suo;</strong></span> 
     </span>
    </p>
   </div>
   <div class='ocr_carea' id='block_1_104' title="bbox 372 5589 1959 5661">
    <p class='ocr_par' dir='ltr' id='par_1_104' title="bbox 372 5589 1959 5661">
     <span class='ocr_line' id='line_1_104' title="bbox 372 5589 1959 5661; baseline -0.002 -16"><span class='ocrx_word' id='word_1_775' title='bbox 372 5607 501 5647; x_wconf 86' lang='lat' dir='ltr'><strong>nam</strong></span> <span class='ocrx_word' id='word_1_776' title='bbox 535 5589 719 5646; x_wconf 86' lang='lat' dir='ltr'><strong>anima</strong></span> <span class='ocrx_word' id='word_1_777' title='bbox 758 5589 937 5645; x_wconf 91' lang='lat' dir='ltr'><strong>omnis</strong></span> <span class='ocrx_word' id='word_1_778' title='bbox 970 5589 1174 5657; x_wconf 88' lang='lat' dir='ltr'><strong>carnis,</strong></span> <span class='ocrx_word' id='word_1_779' title='bbox 1207 5589 1429 5661; x_wconf 80' lang='lat' dir='ltr'><strong>sanguis</strong></span> <span class='ocrx_word' id='word_1_780' title='bbox 1460 5590 1581 5661; x_wconf 89' lang='lat' dir='ltr'><strong>ejus</strong></span> <span class='ocrx_word' id='word_1_781' title='bbox 1612 5599 1698 5643; x_wconf 87' lang='lat' dir='ltr'><strong>est</strong></span> <span class='ocrx_word' id='word_1_782' title='bbox 1727 5606 1740 5643; x_wconf 92' lang='lat'>:</span> <span class='ocrx_word' id='word_1_783' title='bbox 1770 5595 1829 5643; x_wconf 85' lang='lat' dir='ltr'><strong>et</strong></span> <span class='ocrx_word' id='word_1_784' title='bbox 1856 5603 1959 5659; x_wconf 80' lang='lat' dir='ltr'><strong>ego</strong></span> 
     </span>
    </p>
   </div>
   <div class='ocr_carea' id='block_1_105' title="bbox 480 5772 972 5840">
    <p class='ocr_par' dir='ltr' id='par_1_105' title="bbox 480 5772 972 5840">
     <span class='ocr_line' id='line_1_105' title="bbox 480 5772 972 5840; baseline 0 -11"><span class='ocrx_word' id='word_1_785' title='bbox 480 5775 521 5806; x_wconf 77' lang='grc'>¹⁹</span> <span class='ocrx_word' id='word_1_786' title='bbox 555 5772 732 5829; x_wconf 77' lang='lat' dir='ltr'><strong>chit.</strong></span> <span class='ocrx_word' id='word_1_787' title='bbox 764 5790 893 5840; x_wconf 64' lang='lat' dir='ltr'><strong>“svn,</strong></span> <span class='ocrx_word' id='word_1_788' title='bbox 925 5777 972 5831; x_wconf 85' lang='lat'><strong>7.</strong></span> 
     </span>
    </p>
   </div>
   <div class='ocr_carea' id='block_1_106' title="bbox 2136 4749 3653 4826">
    <p class='ocr_par' dir='ltr' id='par_1_106' title="bbox 2136 4749 3653 4826">
     <span class='ocr_line' id='line_1_106' title="bbox 2136 4749 3653 4826; baseline -0.009 -10"><span class='ocrx_word' id='word_1_789' title='bbox 2136 4760 2345 4815; x_wconf 81' lang='grc' dir='ltr'><strong>ΠΑΛΑ.</strong></span> <span class='ocrx_word' id='word_1_790' title='bbox 2378 4752 2455 4814; x_wconf 78' lang='grc' dir='ltr'><strong>Εὖ</strong></span> <span class='ocrx_word' id='word_1_791' title='bbox 2489 4757 2698 4826; x_wconf 64' lang='grc' dir='ltr'>λὲγεις·</span> <span class='ocrx_word' id='word_1_792' title='bbox 2721 4753 2863 4826; x_wconf 81' lang='grc' dir='ltr'>πλὴν</span> <span class='ocrx_word' id='word_1_793' title='bbox 2889 4755 3067 4807; x_wconf 75' lang='grc' dir='ltr'>ἐκεῖνο</span> <span class='ocrx_word' id='word_1_794' title='bbox 3090 4754 3319 4825; x_wconf 81' lang='grc' dir='ltr'>φράσον.</span> <span class='ocrx_word' id='word_1_795' title='bbox 3354 4752 3464 4823; x_wconf 80' lang='grc' dir='ltr'><strong>Τὴν</strong></span> <span class='ocrx_word' id='word_1_796' title='bbox 3486 4749 3653 4821; x_wconf 76' lang='grc' dir='ltr'>αἷμα-</span> 
     </span>
    </p>
   </div>
   <div class='ocr_carea' id='block_1_107' title="bbox 2064 4842 3648 4922">
    <p class='ocr_par' dir='ltr' id='par_1_107' title="bbox 2064 4842 3648 4922">
     <span class='ocr_line' id='line_1_107' title="bbox 2064 4842 3648 4922; baseline -0.006 -17"><span class='ocrx_word' id='word_1_797' title='bbox 2064 4868 2156 4915; x_wconf 88' lang='grc' dir='ltr'><strong>τος</strong></span> <span class='ocrx_word' id='word_1_798' title='bbox 2179 4851 2384 4922; x_wconf 83' lang='grc' dir='ltr'>βρῶσιν</span> <span class='ocrx_word' id='word_1_799' title='bbox 2403 4846 2825 4919; x_wconf 77' lang='grc' dir='ltr'>κεκιϐδήλευκεν</span> <span class='ocrx_word' id='word_1_800' title='bbox 2847 4849 2875 4900; x_wconf 91' lang='lat'><strong>6</strong></span> <span class='ocrx_word' id='word_1_801' title='bbox 2906 4848 3091 4917; x_wconf 80' lang='grc' dir='ltr'>νόμος,</span> <span class='ocrx_word' id='word_1_802' title='bbox 3116 4846 3212 4899; x_wconf 86' lang='grc' dir='ltr'><strong>καί</strong></span> <span class='ocrx_word' id='word_1_803' title='bbox 3242 4843 3386 4916; x_wconf 83' lang='grc' dir='ltr'>μάλα</span> <span class='ocrx_word' id='word_1_804' title='bbox 3403 4842 3648 4906; x_wconf 77' lang='grc' dir='ltr'>εἰκότως.</span> 
     </span>
    </p>
   </div>
   <div class='ocr_carea' id='block_1_108' title="bbox 2066 4935 3434 5011">
    <p class='ocr_par' dir='ltr' id='par_1_108' title="bbox 2066 4935 3434 5011">
     <span class='ocr_line' id='line_1_108' title="bbox 2066 4935 3434 5011; baseline -0.007 -13"><span class='ocrx_word' id='word_1_805' title='bbox 2066 4945 2131 4997; x_wconf 88' lang='grc' dir='ltr'>Τί</span> <span class='ocrx_word' id='word_1_806' title='bbox 2156 4944 2202 4998; x_wconf 85' lang='grc' dir='ltr'>δ’</span> <span class='ocrx_word' id='word_1_807' title='bbox 2240 4942 2308 4996; x_wconf 81' lang='grc' dir='ltr'><strong>ἂν</strong></span> <span class='ocrx_word' id='word_1_808' title='bbox 2335 4943 2419 5011; x_wconf 75' lang='grc' dir='ltr'>εἴη</span> <span class='ocrx_word' id='word_1_809' title='bbox 2441 4938 2603 4993; x_wconf 82' lang='grc' dir='ltr'>πάλιν</span> <span class='ocrx_word' id='word_1_810' title='bbox 2625 4941 2655 4993; x_wconf 89' lang='lat'><strong>6</strong></span> <span class='ocrx_word' id='word_1_811' title='bbox 2677 4937 2735 4992; x_wconf 86' lang='grc' dir='ltr'>ἔν</span> <span class='ocrx_word' id='word_1_812' title='bbox 2770 4956 2835 5008; x_wconf 84' lang='grc' dir='ltr'><strong>γε</strong></span> <span class='ocrx_word' id='word_1_813' title='bbox 2865 4937 2943 5009; x_wconf 81' lang='grc' dir='ltr'>τῷ</span> <span class='ocrx_word' id='word_1_814' title='bbox 2969 4937 3259 5009; x_wconf 82' lang='grc' dir='ltr'>γράμματι</span> <span class='ocrx_word' id='word_1_815' title='bbox 3281 4935 3434 4998; x_wconf 87' lang='grc' dir='ltr'>νοῦς;</span> 
     </span>
    </p>
   </div>
   <div class='ocr_carea' id='block_1_109' title="bbox 2136 5024 3647 5098">
    <p class='ocr_par' dir='ltr' id='par_1_109' title="bbox 2136 5024 3647 5098">
     <span class='ocr_line' id='line_1_109' title="bbox 2136 5024 3647 5098; baseline -0.008 -10"><span class='ocrx_word' id='word_1_816' title='bbox 2136 5034 2302 5089; x_wconf 79' lang='grc' dir='ltr'><strong>ΚΥΡ.</strong></span> <span class='ocrx_word' id='word_1_817' title='bbox 2328 5029 2562 5095; x_wconf 84' lang='grc' dir='ltr'>Οὐκοῦν,</span> <span class='ocrx_word' id='word_1_818' title='bbox 2578 5032 2627 5085; x_wconf 86' lang='grc' dir='ltr'><strong>εί</strong></span> <span class='ocrx_word' id='word_1_819' title='bbox 2650 5030 2818 5095; x_wconf 86' lang='grc' dir='ltr'>δοκεῖ,</span> <span class='ocrx_word' id='word_1_820' title='bbox 2841 5029 2911 5083; x_wconf 84' lang='grc' dir='ltr'>τὰ</span> <span class='ocrx_word' id='word_1_821' title='bbox 2933 5030 3027 5083; x_wconf 72' lang='grc' dir='ltr'><strong>ἐπὶ</strong></span> <span class='ocrx_word' id='word_1_822' title='bbox 3050 5028 3187 5098; x_wconf 81' lang='grc' dir='ltr'>τῷδε</span> <span class='ocrx_word' id='word_1_823' title='bbox 3212 5024 3616 5096; x_wconf 78' lang='grc' dir='ltr'>τεθεσπισμένα</span> <span class='ocrx_word' id='word_1_824' title='bbox 3631 5064 3647 5089; x_wconf 86' lang='grc'>,</span> 
     </span>
    </p>
   </div>
   <div class='ocr_carea' id='block_1_110' title="bbox 2064 5109 3646 5194">
    <p class='ocr_par' dir='ltr' id='par_1_110' title="bbox 2064 5109 3646 5194">
     <span class='ocr_line' id='line_1_110' title="bbox 2064 5109 3646 5194; baseline -0.009 -13"><span class='ocrx_word' id='word_1_825' title='bbox 2064 5125 2161 5182; x_wconf 74' lang='grc' dir='ltr'><strong>καὶ</strong></span> <span class='ocrx_word' id='word_1_826' title='bbox 2181 5125 2239 5178; x_wconf 83' lang='grc' dir='ltr'><strong>ὲν</strong></span> <span class='ocrx_word' id='word_1_827' title='bbox 2265 5123 2345 5194; x_wconf 80' lang='grc' dir='ltr'>τῷ</span> <span class='ocrx_word' id='word_1_828' title='bbox 2371 5122 2642 5193; x_wconf 79' lang='grc' dir='ltr'>Λευιτικῷ</span> <span class='ocrx_word' id='word_1_829' title='bbox 2667 5122 2804 5194; x_wconf 86' lang='grc' dir='ltr'>φέρε</span> <span class='ocrx_word' id='word_1_830' title='bbox 2818 5120 2883 5192; x_wconf 82' lang='grc' dir='ltr'>δὴ</span> <span class='ocrx_word' id='word_1_831' title='bbox 2899 5119 3172 5189; x_wconf 83' lang='grc' dir='ltr'>λέγωμεν.</span> <span class='ocrx_word' id='word_1_832' title='bbox 3203 5118 3357 5187; x_wconf 83' lang='grc' dir='ltr'>Ἔχει</span> <span class='ocrx_word' id='word_1_833' title='bbox 3378 5114 3488 5186; x_wconf 84' lang='grc' dir='ltr'>γὰρ</span> <span class='ocrx_word' id='word_1_834' title='bbox 3521 5109 3646 5168; x_wconf 80' lang='grc' dir='ltr'>ὦδε·</span> 
     </span>
    </p>
   </div>
   <div class='ocr_carea' id='block_1_111' title="bbox 2069 5207 3649 5287">
    <p class='ocr_par' dir='ltr' id='par_1_111' title="bbox 2069 5207 3649 5287">
     <span class='ocr_line' id='line_1_111' title="bbox 2069 5207 3649 5287; baseline -0.008 -16"><span class='ocrx_word' id='word_1_835' title='bbox 2069 5239 2089 5272; x_wconf 73' lang='grc' dir='ltr'><strong>ι</strong></span> <span class='ocrx_word' id='word_1_836' title='bbox 2136 5217 2245 5270; x_wconf 77' lang='grc' dir='ltr'><strong>Καὶ</strong></span> <span class='ocrx_word' id='word_1_837' title='bbox 2272 5218 2301 5270; x_wconf 90' lang='grc' dir='ltr'>ὁ</span> <span class='ocrx_word' id='word_1_838' title='bbox 2334 5214 2620 5287; x_wconf 80' lang='grc' dir='ltr'>ἄνθρωπος</span> <span class='ocrx_word' id='word_1_839' title='bbox 2645 5213 2755 5268; x_wconf 78' lang='grc' dir='ltr'><strong>τῶν</strong></span> <span class='ocrx_word' id='word_1_840' title='bbox 2790 5212 2925 5266; x_wconf 83' lang='grc' dir='ltr'>υίῶν</span> <span class='ocrx_word' id='word_1_841' title='bbox 2969 5210 3204 5283; x_wconf 79' lang='grc' dir='ltr'>Ἰσραὴλ,</span> <span class='ocrx_word' id='word_1_842' title='bbox 3237 5210 3271 5280; x_wconf 85' lang='grc' dir='ltr'>ἢ</span> <span class='ocrx_word' id='word_1_843' title='bbox 3301 5207 3412 5262; x_wconf 81' lang='grc' dir='ltr'>τῶν</span> <span class='ocrx_word' id='word_1_844' title='bbox 3437 5223 3649 5278; x_wconf 84' lang='grc' dir='ltr'>προση-</span> 
     </span>
    </p>
   </div>
   <div class='ocr_carea' id='block_1_112' title="bbox 2063 5302 3650 5381">
    <p class='ocr_par' dir='ltr' id='par_1_112' title="bbox 2063 5302 3650 5381">
     <span class='ocr_line' id='line_1_112' title="bbox 2063 5302 3650 5381; baseline -0.007 -16"><span class='ocrx_word' id='word_1_845' title='bbox 2063 5312 2239 5365; x_wconf 87' lang='grc' dir='ltr'>λύτων</span> <span class='ocrx_word' id='word_1_846' title='bbox 2267 5308 2377 5363; x_wconf 85' lang='grc' dir='ltr'><strong>τῶν</strong></span> <span class='ocrx_word' id='word_1_847' title='bbox 2416 5306 2836 5381; x_wconf 81' lang='grc' dir='ltr'>προσκειμένων</span> <span class='ocrx_word' id='word_1_848' title='bbox 2863 5308 2921 5360; x_wconf 83' lang='grc' dir='ltr'>ὲν</span> <span class='ocrx_word' id='word_1_849' title='bbox 2951 5307 3080 5377; x_wconf 84' lang='grc' dir='ltr'>ὑμῖν</span> <span class='ocrx_word' id='word_1_850' title='bbox 3100 5344 3116 5369; x_wconf 87' lang='grc'>,</span> <span class='ocrx_word' id='word_1_851' title='bbox 3155 5305 3216 5368; x_wconf 87' lang='grc' dir='ltr'>ὂς</span> <span class='ocrx_word' id='word_1_852' title='bbox 3255 5305 3324 5358; x_wconf 84' lang='grc' dir='ltr'>ἂν</span> <span class='ocrx_word' id='word_1_853' title='bbox 3355 5302 3505 5373; x_wconf 83' lang='grc' dir='ltr'><strong>φάγῃ</strong></span> <span class='ocrx_word' id='word_1_854' title='bbox 3538 5303 3650 5355; x_wconf 77' lang='grc' dir='ltr'>πᾶν</span> 
     </span>
    </p>
   </div>
   <div class='ocr_carea' id='block_1_113' title="bbox 2064 5393 3649 5473">
    <p class='ocr_par' dir='ltr' id='par_1_113' title="bbox 2064 5393 3649 5473">
     <span class='ocr_line' id='line_1_113' title="bbox 2064 5393 3649 5473; baseline -0.008 -15"><span class='ocrx_word' id='word_1_855' title='bbox 2064 5398 2226 5473; x_wconf 74' lang='grc' dir='ltr'>αἷμα,</span> <span class='ocrx_word' id='word_1_856' title='bbox 2256 5402 2541 5471; x_wconf 78' lang='grc' dir='ltr'>ἐπιστήσω</span> <span class='ocrx_word' id='word_1_857' title='bbox 2560 5400 2623 5452; x_wconf 86' lang='grc' dir='ltr'><strong>τὸ</strong></span> <span class='ocrx_word' id='word_1_858' title='bbox 2651 5398 2945 5472; x_wconf 86' lang='grc' dir='ltr'>πρόσωπόν</span> <span class='ocrx_word' id='word_1_859' title='bbox 2972 5416 3073 5469; x_wconf 86' lang='grc' dir='ltr'><strong>μου</strong></span> <span class='ocrx_word' id='word_1_860' title='bbox 3109 5397 3205 5451; x_wconf 72' lang='grc' dir='ltr'><strong>ἐπὶ</strong></span> <span class='ocrx_word' id='word_1_861' title='bbox 3232 5396 3331 5468; x_wconf 85' lang='grc' dir='ltr'>τὴν</span> <span class='ocrx_word' id='word_1_862' title='bbox 3348 5394 3528 5466; x_wconf 78' lang='grc' dir='ltr'>ψυχὴν</span> <span class='ocrx_word' id='word_1_863' title='bbox 3548 5393 3649 5465; x_wconf 82' lang='grc' dir='ltr'>τὴν</span> 
     </span>
    </p>
   </div>
   <div class='ocr_carea' id='block_1_114' title="bbox 2065 5483 3649 5565">
    <p class='ocr_par' dir='ltr' id='par_1_114' title="bbox 2065 5483 3649 5565">
     <span class='ocr_line' id='line_1_114' title="bbox 2065 5483 3649 5565; baseline -0.006 -17"><span class='ocrx_word' id='word_1_864' title='bbox 2065 5495 2331 5549; x_wconf 78' lang='grc' dir='ltr'>ἕσθουσαν</span> <span class='ocrx_word' id='word_1_865' title='bbox 2376 5494 2438 5546; x_wconf 75' lang='grc' dir='ltr'>τὸ</span> <span class='ocrx_word' id='word_1_866' title='bbox 2480 5487 2658 5565; x_wconf 73' lang='grc' dir='ltr'>αἷμα,</span> <span class='ocrx_word' id='word_1_867' title='bbox 2710 5493 2803 5546; x_wconf 76' lang='grc' dir='ltr'><strong>καὶ</strong></span> <span class='ocrx_word' id='word_1_868' title='bbox 2835 5491 3026 5546; x_wconf 84' lang='grc' dir='ltr'>ἀπολῶ</span> <span class='ocrx_word' id='word_1_869' title='bbox 3061 5489 3231 5561; x_wconf 80' lang='grc' dir='ltr'>αὐτὴν</span> <span class='ocrx_word' id='word_1_870' title='bbox 3264 5490 3330 5542; x_wconf 81' lang='grc' dir='ltr'>ἐκ</span> <span class='ocrx_word' id='word_1_871' title='bbox 3377 5486 3472 5541; x_wconf 88' lang='grc' dir='ltr'><strong>τοῦ</strong></span> <span class='ocrx_word' id='word_1_872' title='bbox 3516 5483 3649 5541; x_wconf 86' lang='grc' dir='ltr'>λαοῦ</span> 
     </span>
    </p>
   </div>
   <div class='ocr_carea' id='block_1_115' title="bbox 2068 5573 3650 5658">
    <p class='ocr_par' dir='ltr' id='par_1_115' title="bbox 2068 5573 3650 5658">
     <span class='ocr_line' id='line_1_115' title="bbox 2068 5573 3650 5658; baseline -0.007 -17"><span class='ocrx_word' id='word_1_873' title='bbox 2068 5586 2258 5657; x_wconf 71' lang='grc' dir='ltr'>αὐτῆς.</span> <span class='ocrx_word' id='word_1_874' title='bbox 2307 5586 2369 5638; x_wconf 87' lang='grc' dir='ltr'>Ἡ</span> <span class='ocrx_word' id='word_1_875' title='bbox 2429 5584 2537 5658; x_wconf 81' lang='grc' dir='ltr'>γὰρ</span> <span class='ocrx_word' id='word_1_876' title='bbox 2580 5583 2725 5657; x_wconf 76' lang='grc' dir='ltr'>ψυχὴ</span> <span class='ocrx_word' id='word_1_877' title='bbox 2791 5583 2973 5655; x_wconf 81' lang='grc' dir='ltr'>πάσης</span> <span class='ocrx_word' id='word_1_878' title='bbox 3035 5581 3238 5654; x_wconf 76' lang='grc' dir='ltr'>σαρκὸς</span> <span class='ocrx_word' id='word_1_879' title='bbox 3286 5573 3427 5651; x_wconf 71' lang='grc' dir='ltr'>αἷμα</span> <span class='ocrx_word' id='word_1_880' title='bbox 3481 5573 3650 5632; x_wconf 74' lang='grc' dir='ltr'>αὐτοῦ</span> 
     </span>
    </p>
   </div>
   <div class='ocr_carea' id='block_1_116' title="bbox 1081 5772 2109 5842">
    <p class='ocr_par' dir='ltr' id='par_1_116' title="bbox 1081 5772 2109 5842">
     <span class='ocr_line' id='line_1_116' title="bbox 1081 5772 2109 5842; baseline 0.01 -14"><span class='ocrx_word' id='word_1_881' title='bbox 1081 5778 1140 5810; x_wconf 67' lang='lat'><strong>’9‘</strong></span> <span class='ocrx_word' id='word_1_882' title='bbox 1184 5775 1355 5831; x_wconf 64' lang='lat' dir='ltr'><strong>Exod.</strong></span> <span class='ocrx_word' id='word_1_883' title='bbox 1388 5792 1480 5842; x_wconf 70' lang='lat' dir='ltr'><strong>xu,</strong></span> <span class='ocrx_word' id='word_1_884' title='bbox 1510 5776 1596 5831; x_wconf 63' lang='grc'><strong>46.</strong></span> <span class='ocrx_word' id='word_1_885' title='bbox 1678 5776 1721 5806; x_wconf 85' lang='grc'><strong>²⁰</strong></span> <span class='ocrx_word' id='word_1_886' title='bbox 1750 5772 1887 5829; x_wconf 76' lang='lat' dir='ltr'><strong>Ibid.</strong></span> <span class='ocrx_word' id='word_1_887' title='bbox 1925 5772 2109 5828; x_wconf 63' lang='lat'><strong>13-16-</strong></span> 
     </span>
    </p>
   </div>
  </div>
