4118 6458
296 372 411 432 6’17

1057 378 1145 433 DE
1184 376 1631 435 ADORATIONE
1672 375 1738 431 lN
1782 375 2056 436 SPIRITU
2099 383 2189 438 ET
2232 370 2608 440 VERITATE.
2654 382 2785 439 LIB.
2823 382 2892 442 Χ.

3501 389 3609 446 698

298 493 448 548 ἐστι.
494 496 610 550 Καὶ
665 494 777 565 ἐγὼ
811 495 1023 551 δέδωκα
1075 498 1209 553 αὐτὸ
1256 500 1388 571 ὑμῖν
1428 501 1521 553 ἐπὶ
1574 502 1669 554 τοῦ
1707 500 1888 553 θυσια-

2007 501 2132 557 dedi
2159 504 2292 559 illud
2318 505 2480 567 vobis
2509 521 2678 578 super
2705 504 2890 571 altari,
2917 512 2979 559 ut
3002 504 3334 576 pr0pitietur
3361 520 3462 576 pro
3484 504 3609 561 ani-

298 603 534 659 στηριου
555 586 941 652 ἐξιλάσκεσθαι
965 590 1090 662 περὶ
1118 590 1227 644 τῶν
1255 591 1444 663 ψυχῶν
1478 591 1632 663 ὑμῶν
1654 609 1668 623 ·
1704 592 1764 646 τὸ
1792 591 1902 665 γὰρ

296 671 447 749 αἷμα
486 679 654 733 αὑτοῦ
697 680 817 735 ἀντὶ
861 681 1042 753 ψυχῆς
1092 682 1421 749 ὲξιλάσεται.
1472 685 1572 737 Διά
1621 683 1781 737 τοῦτο
1826 683 1900 738 εἷο

299 786 454 841 ρηκα
505 774 619 836 τοῖς
658 773 796 835 υίοϊς
854 773 1077 845 Ἰσραήλ
1104 787 1122 804 ⁸
1148 776 1307 829 Πᾶσα
1353 775 1500 848 ψυχὴ
1541 775 1599 843 ἐξ
1650 775 1807 847 ὑμῶν
1838 776 1900 830 οὑ

295 863 544 931 φάγεται
577 857 741 935 αἷμα.
774 865 887 918 Καὶ
919 865 948 917 6
976 866 1319 940 προσήλυτος
1353 867 1383 919 6
1418 867 1819 940 προσκείμενος
1843 870 1902 922 ὲν

292 954 434 1024 ὑμῖν
472 955 534 1008 οὑ
567 956 806 1025 φάγεται
832 950 975 1028 αἷμα
995 977 1013 994 -
1041 960 1137 1013 καὶ
1169 958 1459 1032 ἄνθρωπος
1483 960 1593 1014 τῶν
1629 960 1761 1015 υίῶν
1796 962 1902 1016 Ἰσ-

295 1045 514 1119 ραὴλ,ἢ
536 1046 647 1103 τῶν
676 1048 1038 1121 προσηλύτων
1062 1050 1173 1106 τῶν
1202 1051 1623 1123 προσκειμένων
1655 1054 1714 1106 ὲν
1745 1053 1897 1125 ὑμῖν,

290 1136 359 1201 ὃς
382 1136 452 1191 ἂν
474 1139 721 1212 θηρεύσῃ
746 1139 999 1214 θηρευμα
1022 1143 1211 1216 θηρίον
1235 1143 1269 1216 ἢ
1294 1145 1560 1213 πετεινδν,
1582 1145 1610 1199 ὃ
1636 1145 1896 1216 ἐσθίεται,

290 1229 396 1282 καὶ
426 1231 614 1302 ὲκχεεῐ
638 1232 700 1285 τὸ
726 1227 887 1304 αἷμα,
915 1235 1008 1289 καὶ
1047 1235 1281 1307 καλύψει
1314 1237 1448 1292 αὐτὸ
1479 1240 1546 1309 τῇ
1572 1239 1643 1310 γῇ
1677 1255 1690 1291 τ
1723 1241 1756 1311 ή
1789 1238 1899 1312 γάρ

288 1321 447 1394 ψυχὴ
478 1323 662 1396 πάσης
699 1326 920 1398 σαρκὸς,
946 1322 1085 1397 αἷμα
1113 1328 1281 1383 αὑτοῦ
1311 1331 1451 1386 ἐστι.
1487 1332 1598 1385 Καὶ
1634 1327 1765 1385 εἶπα
1786 1335 1898 1397 τοῖς

290 1411 439 1474 υἱοῖς
486 1412 727 1486 Ἰσραήλ·
761 1409 914 1487 Αἷμα
946 1418 1130 1489 πάσης
1148 1418 1350 1490 σαρκὸς
1371 1420 1431 1473 οὑ
1458 1419 1721 1490 φάγεσθε,
1751 1422 1834 1476 ὅτι
1863 1422 1896 1494 ἡ

286 1503 446 1575 ψυχὴ
476 1504 659 1578 πάσης
699 1510 903 1581 σαρκὸς
936 1505 1076 1583 αἷμα
1117 1512 1283 1567 αὑτοῦ
1320 1514 1469 1567 ἐστι·
1506 1515 1611 1578 πᾶς
1641 1516 1670 1568 6
1695 1513 1897 1571 ἐσθίων

288 1596 466 1661 αὑτὸ,
498 1596 1033 1673 έξολοθρευθήσεται.
1072 1622 1092 1655 ι
1132 1603 1325 1676 Ἀθρει
1359 1605 1424 1676 δὴ
1449 1599 1544 1659 οὖν
1582 1605 1769 1677 σαφῶς
1804 1608 1898 1660 καὶ

286 1686 605 1756 ἀναφανδὸν
666 1690 744 1756 ὠς
788 1694 870 1756 είς
925 1694 1104 1766 ψυχῆς
1151 1695 1322 1750 τύπον
1380 1697 1441 1751 τὸ
1489 1692 1628 1767 αἷμα
1681 1697 1897 1769 λαμϐά-

292 1794 470 1834 ιεται.

365 1873 580 1929 ΠΑΛΛ.
624 1875 879 1947 Συνίημι,

365 1967 535 2020 ΚΥΡ.
579 1967 879 2041 Ἀλλοτριοῖ
900 1971 1192 2051 τοιγαροῦν
1229 1975 1258 2026 6
1285 1972 1471 2045 νόμος,
1500 1975 1597 2029 καὶ
1625 1973 1889 2044 ὑπεξάγει

283 2059 572 2130 σωμάτων
603 2061 713 2115 τῶν
740 2064 1099 2136 σφαζομένων
1122 2066 1184 2120 τὸ
1205 2062 1345 2138 αἷμα
1364 2107 1380 2132 ,
1415 2067 1593 2139 δόγμα
1622 2068 1889 2125 διδάσκων

284 2152 499 2224 ἀληθὲς
518 2193 532 2218 ,
563 2154 658 2208 καὶ
687 2156 826 2227 πρός
864 2174 928 2227 γε
965 2158 1124 2230 ἡμῶν
1158 2159 1339 2215 αὐτῶν
1375 2163 1435 2215 ὲν
1462 2161 1645 2215 πίστει
1677 2160 1885 2225 δεκτὺν,

283 2246 390 2300 καὶ
421 2249 479 2300 ὲν
513 2248 866 2320 Ἐκκλησίαις
888 2249 1089 2323 τίμιον,
1118 2252 1201 2321 τὸ,
1231 2253 1502 2308 ἀθάνατον
1531 2249 1671 2310 εἶναί
1701 2271 1843 2326 φημι
1867 2294 1885 2321 ,

278 2340 603 2394 διακεῖσθαι
645 2342 741 2397 καὶ
784 2348 1003 2415 φρονεῖν
1047 2347 1149 2416 τὴν
1189 2345 1418 2419 λογικὴν
1457 2345 1550 2401 τοῦ
1594 2347 1885 2420 ἀνθρώπου

278 2431 495 2504 ψυχὴν,
529 2436 597 2506 ἦν
629 2437 744 2500 τοῖς
770 2436 983 2506 γηῖνοις
1016 2435 1290 2509 σώμασιν,
1327 2439 1390 2492 ού
1421 2437 1886 2511 συγκαταφθείρει

280 2525 546 2592 θάνατος,
574 2527 799 2580 ἀπολύει
821 2527 878 2582 δὲ
896 2528 1099 2600 μᾶλλον
1121 2530 1215 2585 καὶ
1237 2530 1452 2605 ἀνίησιν
1472 2532 1500 2584 6
1518 2533 1885 2604 Δημιουργδς,

281 2619 389 2673 καὶ
428 2618 698 2688 ὑπεξάγει
730 2619 826 2674 τοῦ
866 2620 1095 2689 παθεῖν,
1130 2620 1280 2695 ζωῆς
1311 2623 1602 2696 ἀποφήνας
1633 2622 1883 2696 μέτοχον.

281 2709 599 2781 Πεποίηται
623 2711 733 2783 γὰρ
772 2714 800 2765 6
833 2711 1124 2785 ἄνθρωπος
1152 2715 1212 2768 ὲν
1244 2715 1442 2786 ἀρχαῖς
1462 2717 1543 2779 είς
1567 2715 1747 2789 ψυχὴν
1775 2716 1886 2783 ζῶ-

282 2819 413 2868 σαν,
441 2803 675 2869 ἐνιέντος
698 2803 850 2876 αὑτῷ
879 2805 977 2859 τοῦ
1004 2805 1141 2860 Θεοῦ
1172 2807 1343 2879 πνοὴν
1372 2807 1517 2879 ζωῆς
1537 2825 1551 2840 ο
1576 2808 1887 2881 γέγραπται

278 2892 400 2966 γάρ
442 2894 559 2950 ὡδί.
594 2897 1037 2969 Καταγράψομεν
1066 2897 1198 2971 γάρ,
1237 2898 1492 2972 καθάπερ
1536 2894 1773 2973 ἐγῷμαι,
1826 2901 1887 2956 τδ

279 2984 486 3040 ἅναλκι
516 2987 617 3057 τῆς
640 2986 712 3040 τὰ
743 2987 923 3042 πάντα
959 2988 1339 3061 ζωογονούσης
1367 2989 1535 3060 ζωῆς,
1583 2993 1632 3045 εί
1663 2992 1724 3045 τὸ
1749 2994 1887 3065 πρὸς

279 3078 464 3152 αὐτῆς
501 3081 727 3150 γεγονὸς
762 3082 844 3146 είς
884 3080 1050 3154 ζωὴν,
1104 3082 1516 3138 συνδιόλλυσθαί
1558 3101 1739 3155 φαμεν
1773 3087 1887 3150 τοῖς

2003 597 2203 653 mabus
2231 599 2471 665 vestris;
2515 599 2741 670 sanguis
2777 598 2930 654 enim
2966 599 3089 669 ejus
3120 614 3222 668 pro
3255 599 3438 653 anima
3473 612 3608 670 pro-

2002 690 2313 762 pitiabitur.
2347 690 2478 746 Ideo
2519 690 2633 745 dixi
2668 690 2798 746 ﬁliis
2841 690 3011 746 Israel
3046 708 3058 744 :
3091 688 3282 745 Omnis
3323 689 3507 745 anima
3537 703 3608 746 ex

2001 780 2161 836 vobis
2202 796 2314 836 non
2360 779 2614 836 comedet
2660 780 3010 850 sanguinem.
3040 779 3111 834 Et
3143 780 3476 851 proselytus,
3508 776 3627 851 qui

2002 873 2289 944 appositus
2341 880 2428 929 est
2462 871 2657 938 vobis,
2687 887 2800 927 non
2847 872 3101 928 comedet
3147 872 3505 943 sanguinem;
3548 879 3608 927 et

2001 965 2169 1021 homo
2190 965 2259 1021 de
2283 965 2413 1021 ﬁliis
2450 965 2620 1021 Israel
2664 970 2761 1018 aut
2807 964 2875 1019 de
2898 963 3216 1034 proselytis,
3242 963 3338 1033 qui
3364 963 3604 1034 appositi

2001 1068 2131 1114 sunt
2161 1059 2342 1125 vobis,
2369 1059 2465 1130 qui
2498 1058 2754 1114 venando
2777 1058 2991 1127 ceperit
3035 1057 3231 1123 feram,
3271 1065 3369 1112 aut
3416 1072 3599 1123 avem,

2001 1166 2109 1223 qua
2140 1152 2289 1207 vesci
2308 1151 2463 1217 licet,
2484 1149 2737 1205 eﬁ‘undet
2773 1148 3101 1219 sanguinem
3137 1149 3278 1219 ejus,
3304 1154 3362 1202 et
3383 1147 3603 1218 operiet

2000 1242 2158 1298 illum
2181 1250 2362 1310 terra;
2391 1243 2574 1298 anima
2597 1242 2749 1296 enim
2775 1240 2959 1295 omnis
2984 1238 3192 1305 carnis,
3224 1240 3450 1311 sanguis
3481 1239 3604 1310 ejus

1998 1342 2103 1393 est.
2129 1334 2199 1390 Et
2229 1334 2346 1391 dixi
2374 1334 2502 1390 ﬁliis
2529 1333 2734 1390 Israel:
2758 1330 3096 1403 Sanguinem
3118 1329 3391 1385 universae
3417 1328 3604 1385 carnis

1999 1443 2111 1485 non
2155 1427 2482 1493 comedetis,
2521 1426 2653 1498 quia
2699 1425 2885 1482 anima
2933 1425 3116 1479 omnis
3150 1423 3337 1480 carnis
3378 1421 3603 1492 sanguis

1998 1522 2120 1594 ejus
2144 1529 2260 1587 est;
2291 1520 2387 1592 qui
2413 1520 2597 1576 ederit
2618 1535 2769 1586 eum,
2797 1517 3266 1574 exterminabitur
3296 1515 3364 1568 ¹¹.
3399 1534 3417 1566 ι
3461 1513 3601 1569 Vide

1998 1613 2168 1685 igitur
2193 1623 2383 1684 aperte
2409 1628 2475 1670 ac
2507 1612 2800 1669 manifeste
2827 1626 2929 1684 pro
2956 1610 3156 1668 animae
3180 1609 3355 1682 ﬁgura
3381 1605 3603 1679 sangui-

1998 1722 2125 1761 nem
2153 1706 2349 1778 accipi.

1915 1843 1967 1923 ’Β
2067 1879 2269 1935 PALL.
2305 1881 2579 1954 Intelligo.

2067 1971 2226 2028 CYR.
2268 1972 2383 2029 Lex
2412 1975 2582 2044 igitur
2613 1971 2940 2044 sanguinem
2976 1985 3006 2025 a
3039 1969 3368 2041 corporibus
3397 1967 3599 2027 occisis

1994 2066 2233 2139 sejungit
2264 2082 2329 2122 ac
2365 2065 2675 2131 subtrahit;
2718 2079 2827 2136 qua
2860 2064 2917 2117 in
2944 2047 3005 2119 re
3033 2062 3232 2135 dogma
3267 2073 3462 2118 verum
3490 2061 3594 2118 do-

1992 2165 2081 2214 cet
2114 2166 2172 2213 et
2199 2174 2230 2213 a
2267 2158 2433 2214 nobis
2476 2158 2612 2229 ipsis
2647 2157 2758 2213 ﬁde
2803 2163 3113 2227 receptum,
3147 2162 3205 2211 et
3240 2155 3295 2209 in
3329 2141 3597 2211 Beclesiis

1992 2253 2049 2307 in
2076 2252 2373 2323 praecipuis
2410 2252 2700 2318 habitum;
2738 2265 2938 2321 nempe
2978 2249 3058 2305 sic
3095 2248 3414 2305 habendum
3444 2264 3593 2318 esse,

1990 2354 2054 2399 ut
2089 2344 2331 2399 animam
2374 2342 2619 2398 hominis
2659 2343 2894 2397 rationis
2934 2348 3270 2412 compotem,
3304 2343 3593 2397 immorta-

1990 2435 2101 2491 lem
2125 2447 2421 2507 putemus;
2449 2451 2633 2506 neque
2666 2435 2819 2490 enim
2853 2449 3006 2489 mors
3033 2449 3153 2489 eam
3185 2449 3295 2488 una
3324 2449 3451 2500 cum
3485 2441 3594 2489 ter-

1990 2530 2140 2584 renis
2159 2529 2489 2600 corporibus
2517 2527 2810 2594 interimit,
2853 2526 2949 2583 sed
2974 2527 3162 2598 potius
3184 2526 3276 2582 ille
3300 2526 3591 2591 Conditor,

1990 2620 2087 2691 qui
2112 2619 2191 2675 illi
2218 2620 2390 2675 vitam
2416 2620 2744 2690 impertivit,
2772 2618 3032 2684 absolvit,
3051 2625 3108 2673 et
3134 2618 3363 2683 relaxat,
3386 2632 3451 2672 ac
3464 2617 3595 2673 sub—

1989 2710 2163 2777 ducit,
2203 2711 2501 2782 quominus
2533 2725 2655 2766 eam
2684 2709 3049 2782 perpetiatur.
3086 2708 3288 2763 Factus
3320 2714 3406 2763 est
3440 2707 3593 2762 enim

1989 2802 2157 2859 homo
2196 2804 2265 2858 ab
2304 2804 2429 2874 ipso
2461 2802 2621 2858 initio
2661 2803 2722 2858 in
2756 2801 2998 2857 animam
3038 2800 3340 2865 viventem,
3372 2815 3497 2855 cum
3534 2797 3595 2854 in

1989 2894 2172 2971 ipsum
2213 2894 2361 2951 Deus
2400 2895 2734 2949 immisisset
2790 2894 3049 2965 spiritum
3091 2892 3255 2960 vilic;
3305 2891 3385 2948 sic
3440 2891 3595 2947 enim

1986 2988 2257 3059 scriptum
2294 2995 2382 3045 est
2413 2989 2501 3041 ²¹⁴.
2536 2987 2914 3058 lmpingemus
2952 2985 3124 3052 enim,
3154 2995 3215 3041 ut
3254 2986 3473 3056 opinor,
3510 2984 3595 3040 in-

1988 3079 2267 3137 ﬁrmitatis
2318 3079 2519 3136 vitium
2578 3081 2707 3135 vitae
2757 3072 2860 3145 illi,
2907 3079 3094 3135 omnia
3145 3077 3469 3140 viviﬁcanti,
3519 3077 3590 3144 si,

280 3171 654 3243 προσκαίροις
691 3170 932 3244 σώμασι.
975 3173 1196 3228 Συνέσει
1230 3174 1287 3230 δὲ
1325 3178 1391 3248 τῇ
1440 3176 1710 3249 παγκάλῳ
1759 3177 1882 3231 στέ-

1989 3172 2136 3243 quod
2176 3173 2247 3227 ab
2276 3187 2342 3227 ea
2374 3170 2706 3243 productum
2735 3178 2822 3226 est
2847 3178 2907 3225 ut
2932 3169 3104 3235 vivat,
3133 3185 3242 3224 una
3267 3184 3394 3224 cum
3416 3168 3590 3225 cadu-

277 3261 489 3332 ψομεν,
521 3261 792 3317 ἀθάνατον
823 3258 962 3318 εἶναι
990 3263 1361 3328 πιστεύοντες,
1390 3264 1584 3320 δοκοῦν
1604 3258 1706 3321 ὧδε
1737 3266 1883 3338 ἔχειν

1989 3265 2067 3320 cis
2089 3262 2421 3335 corporibus
2446 3262 2755 3318 dixerimus
2778 3262 3041 3329 interire;
3068 3277 3133 3317 ac
3153 3260 3398 3316 vicissim
3422 3274 3595 3314 orna-

279 3353 462 3427 αὑτὴν
494 3354 574 3427 τῷ
593 3358 813 3412 πάντων
849 3345 1180 3430 Δημιουργῷ
1200 3397 1214 3421 ,
1243 3359 1300 3411 ἐν
1328 3351 1372 3427 ᾧ
1406 3357 1590 3430 ζῶμεν
1616 3401 1631 3427 ,
1672 3360 1768 3414 καὶ
1800 3378 1885 3414 κι-

279 3444 552 3517 νούμεθα,
572 3446 668 3500 καὶ
691 3447 881 3519 ἐσμέν.
912 3447 1022 3502 Καὶ
1037 3439 1215 3513 οὗτος,
1249 3445 1404 3520 οῐμαί
1432 3465 1559 3516 που,
1584 3450 1882 3522 τῆς-νομο-

278 3526 479 3601 θεσίας
511 3538 610 3610 τῆς
636 3539 729 3593 ἐπὶ
757 3538 896 3611 τῷδε
930 3539 1114 3608 λόγος.
1148 3540 1350 3611 Ἴωμεν
1382 3540 1440 3594 δὲ
1480 3541 1576 3595 καὶ
1605 3543 1693 3612 ἐφ’
1718 3542 1883 3615 ἕτερα

276 3629 638 3703 δικαιώματα
674 3631 776 3702 τῆς
808 3631 1033 3704 σκηνῆς.
1073 3631 1221 3704 Ἔφη
1260 3632 1441 3686 τοίνυν
1473 3632 1503 3686 6
1548 3631 1682 3698 Θεὸς
1712 3634 1771 3688 ὲν
1815 3636 1881 3706 τῇ

295 3720 503 3793 Ἐξόδῳ
525 3761 540 3787 ,
583 3741 602 3774 ι
640 3722 716 3776 Οὐ
766 3722 992 3792 σφάξεις
1021 3722 1116 3777 ἐπὶ
1145 3721 1293 3796 ζύμῃ
1327 3719 1470 3795 αἷμα
1510 3725 1884 3797 θυσιάσματός

281 3827 415 3883 μου.
455 3830 476 3863 ι
511 3811 757 3883 Ἀζυμον
804 3811 965 3877 ἔστω,
1006 3814 1141 3884 φησι
1163 3857 1176 3880 ,
1207 3814 1268 3868 τὸ
1302 3815 1671 3888 προχεόμενον
1697 3811 1838 3890 αἷμα
1865 3858 1881 3886 ,

278 3903 383 3957 καὶ
414 3903 557 3974 ὑπὲρ
578 3902 672 3957 τοῦ
704 3905 1251 3976 προσκεκομισμένου
1283 3909 1363 3972 είς
1395 3906 1586 3962 θυσίαν
1616 3908 1695 3980 τῷ
1721 3909 1841 3982 Θεῷ
1864 3950 1880 3977 ,

277 3994 469 4067 ζύμης
500 3996 652 4069 αὐτῷ
678 3997 921 4068 δηλονότι
965 3998 1085 4069 ἦτοι
1114 3998 1445 4071 σεμιδάλεως
1475 4001 1840 4074 ἐζυμωμένης
1864 4018 1891 4068 ,ε

277 4089 389 4143 οὑκ
421 4089 865 4163 ἐπενηνεγμένης
886 4107 900 4121 ·
933 4089 1039 4164 χρὴ
1067 4089 1174 4163 γάρ
1194 4092 1343 4163 ἡμᾶς
1364 4094 1884 4167 ὲκκεκαθαρμὲνους

278 4184 385 4239 καὶ
406 4181 654 4255 ἀζύμους
688 4181 879 4254 ὥσπερ
924 4183 1293 4255 ὑπάρχοντας,
1322 4184 1470 4238 τοῦτ’
1503 4183 1642 4252 ἔστι,
1674 4187 1773 4259 τὴν
1817 4188 1884 4241 ὲκ

280 4274 633 4348 φαυλότητος
665 4274 759 4328 καὶ
790 4274 1057 4346 πονηρίας
1084 4274 1249 4328 οἱονεί
1274 4291 1393 4339 πως
1437 4275 1759 4348 ἐπιπλοκὴν,
1801 4279 1883 4342 είς

1985 3356 2170 3413 bimus
2206 3355 2470 3426 praeclara
2511 3355 2801 3426 sapientiae
2828 3353 3017 3421 laude,
3047 3357 3093 3410 si
3126 3354 3274 3409 illam
3308 3352 3596 3408 immorta-

1984 3449 2095 3505 lem
2136 3464 2258 3505 esse
2300 3448 2726 3514 crediderimus,
2763 3463 2942 3518 eaque
2978 3446 3297 3503 conditione
3329 3454 3391 3501 ut
3418 3452 3588 3511 esset,

1986 3542 2065 3597 illi
2096 3542 2346 3598 omnium
2379 3557 2570 3597 rerum
2612 3540 2826 3597 Artiﬁci
2860 3541 3160 3612 placuisse,
3192 3538 3356 3610 357
3398 3538 3455 3592 in
3480 3552 3591 3608 quo

1985 3635 2244 3700 vivimus,
2273 3643 2330 3690 et
2356 3649 2645 3690 movemur
2674 3642 2732 3689 et
2754 3648 2969 3689 sumus.
2997 3631 3183 3703 Atque
3215 3632 3322 3686 hoc
3350 3629 3456 3685 sibi
3488 3645 3590 3685 vo-

1984 3727 2109 3782 lunt
2129 3727 2269 3799 legis
2291 3726 2395 3782 hac
2423 3726 2492 3782 de
2516 3742 2577 3781 re
2601 3726 2919 3782 constitutae
2942 3725 3133 3781 verba.
3165 3724 3272 3783 Sed
3296 3739 3593 3795 pergamus

1985 3820 2056 3877 ad
2092 3821 2230 3876 alias
2270 3818 2617 3877 tabernaculi
2661 3820 2831 3892 leges.
2871 3817 2962 3874 Ait
3004 3818 3175 3889 igitur
3219 3817 3489 3878 Dominus
3533 3816 3591 3871 in

1985 3914 2176 3971 Exodo
2206 3931 2220 3969 :
2256 3933 2275 3966 ι
2306 3913 2429 3969 Non
2455 3912 2727 3968 mactabis
2760 3926 2931 3983 super
2957 3910 3233 3965 fermento
3265 3909 3591 3979 sanguinem

1982 4004 2179 4060 hostiae
2203 4018 2340 4059 meae
2361 4004 2430 4058 η.
2465 4022 2483 4054 ι
2521 4001 2652 4058 Sine
2680 4001 2956 4057 fermento
2987 4001 3079 4066 sit,
3107 3998 3309 4069 inquit,
3343 3999 3587 4070 sanguis,

1983 4095 2079 4166 qui
2117 4093 2395 4159 funditur,
2420 4108 2604 4163 neque
2641 4107 2810 4162 super
2837 4090 2915 4156 id,
2943 4089 3093 4161 quod
3128 4090 3240 4144 Deo
3281 4089 3338 4143 in
3375 4088 3587 4144 sacriﬁ—

1983 4186 2130 4242 cium
2159 4184 2414 4250 oﬁ'ertur,
2441 4182 2777 4239 fermentum
2818 4189 2915 4236 aut
2937 4180 3114 4235 simila
3135 4179 3462 4235 fermentata
3484 4177 3587 4234 ad-

1976 4278 2204 4349 jiciatur
2230 4295 2244 4331 :
2271 4283 2493 4347 oportet
2527 4275 2678 4331 enim
2721 4283 2785 4327 ut
2823 4271 3117 4345 expurgati
3156 4279 3213 4328 et
3245 4271 3588 4344 azymiquo—

277 4365 414 4420 νοῦν
442 4347 543 4421 οὑκ
576 4365 798 4438 ἔχοντας
828 4406 843 4431 ,
877 4364 1174 4438 καθιεροῦν
1211 4366 1290 4438 τῷ
1338 4365 1459 4438 Θεῷ
1514 4367 1615 4432 τὰς
1672 4368 1883 4423 ἑαυτῶν

1989 4347 2300 4437 dammodo,
2333 4369 2389 4425 id
2437 4376 2544 4435 est,
2589 4367 2801 4423 nullam
2843 4367 2968 4422 vitii
3016 4375 3183 4438 atque
3215 4365 3590 4437 improbitatis

275 4456 489 4528 ψυχάς,
524 4450 600 4511 ὧν
651 4457 733 4521 είς
765 4459 936 4511 τύπον
969 4456 1029 4509 τὸ
1072 4449 1242 4528 αἷμα·
1277 4457 1396 4512 νέον
1428 4458 1485 4511 δὲ
1519 4457 1750 4530 φύραμα
1786 4460 1881 4513 καὶ

1980 4462 2368 4518 admistionem
2414 4460 2474 4515 in
2518 4459 2706 4515 animo
2749 4458 3043 4525 habentes,
3086 4459 3303 4514 animas
3343 4465 3586 4522 nostras,

278 4541 533 4614 ἀζύμους
561 4543 747 4597 ἐκάλει
786 4545 881 4598 καὶ
927 4545 955 4599 6
984 4543 1272 4610 θεσπέσιος
1305 4545 1521 4611 Παῦλος
1548 4589 1564 4613 ,
1593 4550 1723 4613 τοὺς
1748 4549 1879 4603 είλι-

1989 4570 2220 4626 quarum
2261 4552 2488 4626 sanguis
2531 4551 2765 4624 ﬁguram
2806 4553 2967 4625 gerit,
3005 4552 3119 4608 Deo
3157 4565 3586 4617 consecremus;

277 4636 448 4708 κρινῆ
498 4637 594 4690 καὶ
624 4635 912 4703 ἀθόλωτον,
954 4638 1047 4692 καὶ
1077 4639 1369 4711 ἀσυμμιγῆ
1413 4639 1753 4712 φαυλότητος
1784 4642 1883 4714 τὴν

276 4729 494 4783 οἰκείαν
514 4729 821 4802 τηροῦντας
844 4730 1046 4802 ψυχὴν,
1067 4730 1154 4785 διά
1176 4732 1415 4797 πίστεως
1437 4733 1495 4786 δὲ
1514 4733 1756 4804 δηλονότι
1784 4735 1886 4805 τῆς

279 4827 369 4887 εἰς
397 4823 656 4894 Χριστὸν,
688 4823 781 4877 καὶ
808 4825 1031 4895 ἀγάπης
1058 4824 1362 4890 ὁλοτελοῦς.
1407 4824 1551 4879 Ἀλλ’
1584 4844 1602 4878 ι
1639 4827 1778 4882 Οὐδὲ
1809 4828 1891 4899 μὴ

278 4914 584 4988 κοιμηθῇ,
651 4916 807 4987 φησι,
866 4916 1040 4988 στέαρ
1111 4918 1215 4989 τῆς
1287 4918 1485 4990 ἑορτῆς
1566 4936 1708 4991 μου,
1781 4918 1887 4982 ἕως

278 5005 458 5079 πρωῒ,
513 5024 531 5058 ι
591 5006 735 5060 τοῦτ’
769 5005 906 5071 ἔστι,
953 5006 1138 5079 χθιζὸν
1190 5008 1293 5062 οὑκ
1321 5008 1561 5074 ἀνοίσεις
1595 5009 1762 5081 στέαρ
1800 5010 1881 5074 είς

278 5096 470 5168 ὀσμὴν
525 5096 777 5160 εὐωδίας.
834 5097 923 5151 Ἐν
979 5094 1037 5149 δὲ
1084 5095 1166 5171 τῷ
1213 5098 1487 5171 Λευιτικῷ
1540 5099 1884 5171 σαφεστέραν

281 5190 529 5243 ποιεῖται
552 5186 646 5241 τοῦ
669 5188 839 5259 νόμου
866 5188 970 5259 τὴν
997 5187 1257 5259 δήλωσιν,
1287 5189 1383 5244 καὶ
1411 5190 1472 5244 τὸ
1503 5190 1695 5262 χρῆμα
1726 5191 1887 5262 ἐναρ-

280 5282 389 5349 γὲς
423 5279 720 5353 καθίστησι
764 5278 942 5349 λέγων
983 5279 1114 5352 περὶ
1157 5278 1252 5333 τοῦ
1294 5281 1667 5353 προσάγοντος
1710 5279 1882 5353 θῦμα·

286 5394 309 5425 ι
366 5371 487 5426 Κᾶν
522 5370 707 5442 εὐχὴν,
744 5371 777 5442 ἦ
821 5372 1070 5425 ἑκούσιον
1102 5371 1340 5446 θυσιάσῃ
1381 5371 1444 5427 τὸ
1477 5372 1652 5446 δῶρον
1682 5373 1884 5439 αὑτοῦ,

281 5462 320 5542 ᾗ
354 5464 425 5519 ἂν
450 5463 637 5538 ἡμέρᾳ
662 5463 1005 5536 προσενέγκῃ
1037 5463 1138 5536 τὴν
1161 5464 1372 5532 θυσίαν,
1394 5466 1759 5538 βρωθήσεται,
1795 5466 1889 5521 καὶ

281 5564 356 5632 τῇ
388 5558 611 5631 αὔριον·
663 5559 726 5613 τὸ
775 5558 834 5613 δὲ
879 5557 1241 5629 καταλειφθὲν
1272 5559 1381 5613 ἀπὸ
1421 5560 1531 5614 τῶν
1564 5560 1745 5631 κρεῶν
1789 5561 1889 5631 τῆς

283 5653 485 5717 θυσίας
512 5695 527 5719 ,
578 5652 686 5716 ἓως
726 5649 940 5723 ἡμέρας
992 5651 1204 5723 τρίτης,
1252 5653 1312 5705 ὲν
1356 5653 1489 5723 πυρὶ
1525 5652 1880 5723 καυθήσεται.

1981 4662 2184 4703 novam
2230 4646 2398 4702 etiam
2443 4647 2897 4716 conspersionem
2936 4650 2993 4700 et
3032 4658 3256 4715 azymos
3293 4641 3592 4714 appellavit

1983 4739 2182 4795 beatus
2209 4738 2416 4793 Paulus
2436 4735 2505 4803 ",
2539 4735 2634 4808 qui
2673 4753 2775 4808 per
2816 4736 2983 4792 ﬁdem
3019 4736 3075 4790 in
3106 4734 3416 4800 Christum,
3442 4734 3588 4789 inte-

1984 4844 2250 4904 gramque
2300 4828 2657 4885 dilectionem
2702 4829 2978 4884 sinceram
3034 4843 3100 4883 ac
3144 4842 3366 4898 puram,
3409 4832 3468 4881 et
3518 4823 3591 4880 ab

1984 4923 2137 4980 omni
2186 4920 2563 4993 improbitatis
2609 4920 2945 4977 admistione
2995 4920 3302 4991 sejunctam
3348 4916 3591 4971 animam

1984 5020 2402 5072 conservarent.
2451 5009 2597 5079 Quin
2641 5009 2810 5066 etiam
2868 5027 2882 5063 :
2949 5027 2968 5060 ι
3025 5007 3150 5063 Non
3191 5003 3545 5078 pernoctabit
3568 5042 3588 5070 ,

1982 5104 2182 5176 inquit,
2231 5102 2402 5173 adeps
2444 5099 2763 5156 festivitatis
2803 5102 2940 5154 meae
2961 5110 3139 5167 usque
3170 5110 3334 5151 mane
3361 5093 3441 5161 “;
3473 5111 3494 5145 ι
3529 5090 3588 5147 id

1981 5205 2088 5261 est,
2123 5196 2453 5250 hesternum
2495 5194 2716 5265 adipem
2749 5207 2860 5248 non
2889 5190 3092 5247 oﬁ‘eres
3119 5188 3177 5243 in
3209 5188 3436 5244 odorem
3464 5200 3592 5242 sua-

1981 5284 2188 5339 vitatis.
2211 5282 2273 5339 In
2294 5283 2542 5339 Levitico
2563 5290 2749 5339 autem
2770 5281 3020 5353 apertius
3040 5279 3186 5335 hanc
3207 5279 3385 5350 legem
3407 5276 3588 5348 expli-

1993 5385 2102 5443 cat,
2127 5391 2362 5448 eamque
2384 5391 2500 5432 rem
2528 5376 2880 5447 perspicuam
2908 5373 3041 5429 facit
3064 5371 3257 5427 dicens
3278 5369 3347 5427 de
3373 5386 3462 5438 eo,
3489 5370 3589 5442 qui

1995 5470 2158 5526 oﬁ‘ert
2184 5470 2468 5525 victimam
2503 5486 2516 5523 :
2556 5488 2576 5519 ε
2618 5467 2745 5525 Sive
2781 5473 2913 5523 voto
2940 5465 3213 5531 debitum,
3240 5464 3356 5521 sive
3386 5463 3589 5521 volun-

1994 5561 2194 5616 tarium
2222 5558 2618 5617 sacriﬁcaverit
2643 5573 2849 5613 munus
2876 5571 3060 5623 suum,
3089 5570 3200 5625 quo
3242 5553 3334 5611 die
3365 5553 3589 5611 obtule-

1994 5651 2067 5706 rit
2109 5650 2465 5716 sacriﬁcium,
2500 5650 2848 5717 comedetur,
2873 5658 2932 5705 et
2971 5647 3278 5720 postridie;
3312 5645 3459 5721 quod
3490 5660 3594 5704 au-

368 5835 413 5870 “
443 5837 621 5895 Levit.
664 5852 794 5906 ιιι-ιι,
838 5836 993 5892 8-H.
1073 5837 1135 5869 ἰ·
1161 5830 1298 5892 Gen.
1330 5835 1460 5903 11,7.
1539 5837 1584 5867 ²²
1608 5835 1783 5894 Exod.
1810 5852 1888 5891 xx:

1989 5834 2102 5892 .25.
2180 5836 2225 5869 ¹³
2247 5835 2265 5890 l
2288 5835 2416 5892 Cor.
2444 5852 2496 5901 v,
2530 5835 2582 5889 7.
2662 5834 2709 5867 "
2733 5834 2894 5891 Deut.
2927 5849 3078 5902 mn,
3110 5832 3208 5888 18.
