4118 6450
565 340 670 397 699

1490 346 1501 354 “
1552 345 1607 402 S.
1647 346 1925 403 CYRILLI
1963 342 2436 400 ALEXANDRINI
2474 344 2797 405 ARCHIEP.

3727 339 3847 398 709

568 462 680 508 tem
720 453 989 525 reliquum
1021 455 1189 510 fuerit
1225 454 1292 509 de
1319 454 1579 510 carnibus
1611 455 1868 511 sacriﬁcii
1894 469 2066 523 usque
2094 450 2150 507 in

2267 448 2391 503 Ἐὰν
2419 450 2477 503 δὲ
2505 451 2696 520 φαγὼν
2743 452 2894 526 φάγῃ
2925 449 3034 507 ἀπὸ
3066 452 3175 506 τῶν
3223 450 3403 524 κρεῶν
3448 450 3515 520 τῇ
3552 447 3737 522 ἡμέρᾳ
3761 451 3834 521 τῇ

570 546 717 601 diem
741 546 988 612 tertium,
1018 548 1128 618 igni
1156 547 1531 601 comburetur.
1560 546 1718 614 Quod
1740 549 1784 603 si
1807 544 2146 602 comedenda

569 635 870 690 comederit
893 637 959 691 de
987 637 1246 692 carnibus
1270 637 1357 691 die
1382 638 1569 703 tertio,
1592 654 1702 692 non
1728 638 1835 693 erit
1859 644 2146 706 acceptum

568 727 823 783 offerenti
872 727 1028 794 illud,
1072 744 1183 783 non
1233 729 1600 799 imputabitur
1645 729 1782 799 ipsi;
1839 727 2146 800 inquinatio

566 829 681 883 est;
735 819 918 874 anima
970 830 1156 875 autem
1194 837 1316 891 quae
1355 821 1422 875 de
1459 822 1568 877 illis
1614 821 1936 886 comederit,
1966 818 2150 890 inqui-

566 912 813 977 nabitur,
837 925 894 968 et
915 922 1201 982 peceatum
1230 914 1540 984 accipiet".
1575 934 1592 964 ι
1623 914 1810 969 Tertio
1833 915 1998 984 igitur
2018 921 2147 967 ante

566 1001 655 1057 die
675 1003 1014 1058 immolatum
1039 1003 1371 1059 sacrificium
1402 1005 1610 1075 rejicit;
1629 1004 1725 1059 sed
1742 1005 1907 1060 etiam
1930 1004 2148 1061 hester-

566 1108 773 1147 numse
797 1094 1037 1148 aversari
1062 1094 1379 1159 declaravit,
1410 1094 1638 1150 dicens:
1671 1113 1690 1145 ι
1723 1093 1880 1160 Quod
1902 1094 1947 1149 si
1973 1093 2146 1148 sacri-

567 1180 820 1237 ﬁcaveris
859 1182 1193 1238 sacriﬁcium
1228 1193 1418 1239 votum
1454 1200 1556 1255 pro
1581 1183 1771 1255 gratiis
1793 1183 2019 1254 agendis
2042 1183 2149 1238 Do-

567 1269 806 1336 mino,ut
829 1272 1165 1341 aceeptabile
1182 1272 1255 1327 sit
1272 1272 1452 1340 vobis,
1478 1272 1858 1329 sacriﬁcabitis
1879 1273 2036 1337 illud,
2055 1288 2149 1329 eo-

566 1360 693 1416 dem
713 1362 832 1432 ipso
845 1363 934 1418 die
951 1364 1299 1433 cpmedetur:
1316 1381 1426 1419 non
1444 1366 1789 1435 relinquetur
1808 1366 1875 1420 de
1888 1364 2148 1419 carnibus

566 1451 624 1506 in
652 1468 809 1508 mane
839 1471 853 1508 :
882 1470 984 1525 ego
1007 1471 1128 1510 sum
1157 1455 1451 1522 Dominus;
1472 1466 1758 1526 peccatum
1783 1456 2013 1525 accipiet
2041 1455 2138 1507 ’⁶.›

640 1544 837 1600 PALL.
858 1546 965 1602 Sed
989 1547 1241 1617 quisnam
1266 1548 1464 1602 horum
1490 1549 1784 1604 verborum
1805 1563 2000 1602 sensus
2022 1546 2147 1602 est?

638 1634 797 1691 CYR.
833 1635 891 1691 ln
929 1637 1310 1707 superioribus
1338 1639 1421 1693 lex
1456 1638 1615 1694 nobis
1645 1654 2021 1709 sazpenumero
2048 1637 2146 1693 de-

567 1729 894 1783 monstravit
925 1728 1076 1784 hunc
1111 1745 1321 1785 morem
1353 1746 1475 1786 esse
1507 1730 1707 1787 divinae
1740 1730 2057 1801 Scripturze,
2086 1740 2149 1786 ut

2254 541 2433 614 τρίτῃ,
2466 543 2528 596 ού
2553 543 2877 615 δεχθήσεται
2905 545 3053 616 αὐτῷ
3077 545 3155 617 τῷ
3194 543 3561 617 προσφέροντι
3587 541 3739 606 αὐτὸ,
3771 540 3835 594 οὐ

2251 630 2632 704 λογισθήσεται
2664 634 2834 706 αὐτῷ,
2869 636 3087 706 μίασμά
3136 638 3285 690 ἐστιν
3313 653 3327 666 ’
3375 637 3409 706 ἡ
3435 634 3493 687 δὲ
3516 634 3666 704 ψυχὴ
3709 632 3837 703 ἥτις

2254 720 2321 775 ἂν
2350 723 2500 795 φάγῃ
2536 725 2633 779 ἀπ’
2667 726 2836 780 αὐτοῦ
2863 766 2878 790 ,
2909 727 3292 798 μιανθήσεται,
3318 727 3413 780 καὶ
3433 725 3532 795 τὴν
3558 724 3838 796 ἁμαρτίαν

2252 809 2498 882 λήψεται.
2528 833 2551 875 ι
2580 814 2834 886 Τριταῖον
2858 815 2956 886 μὲν
2984 811 3077 869 οῦν
3094 816 3482 883 ἀποπέμπεται
3499 813 3667 885 θῦμα,
3692 831 3834 882 παρο

2255 906 2483 958 αιτεϊται
2509 903 2566 957 δὲ
2592 905 2673 959 ὅτι
2709 908 2802 959 καὶ
2824 906 2883 959 τὸ
2918 906 3117 976 χθιζὸν,
3139 907 3385 974 διεσάφει
3415 906 3608 973 λέγων.
3645 923 3664 955 ‹
3706 902 3841 955 Ἐὰν

2251 993 2307 1046 δὲ
2341 992 2510 1067 θύσῃς
2543 994 2735 1048 θυσίαν
2773 997 2938 1067 εύχὴν
2988 996 3341 1067 χαρμοσύνης
3382 996 3460 1065 τῷ
3501 994 3713 1066 Κυρίῳ,
3756 994 3842 1056 εἰς

2252 1084 2438 1140 δεκτὸν
2463 1087 2591 1156 ύμῖν
2625 1087 2815 1141 θύσετε
2835 1089 2992 1142 αὐτό.
3018 1089 3165 1160 Λύτῇ
3186 1091 3251 1158 τῇ
3275 1089 3460 1159 ἡμέρᾳ
3488 1086 3670 1156 ἐκείνῃ
3702 1084 3842 1154 βρωο

2254 1177 2497 1249 θήσεται,
2530 1180 2589 1233 ού
2614 1182 2997 1252 καταλείψεται
3019 1182 3129 1235 ἀπὸ
3148 1183 3256 1235 τῶν
3281 1180 3458 1252 κρεῶν
3481 1181 3560 1244 είς
3581 1179 3644 1232 τὸ
3666 1178 3837 1248 πρωῖ’

2254 1270 2364 1339 ἐγώ
2382 1273 2497 1343 εἰμι
2530 1272 2756 1345 Κύριοςο
2783 1275 2883 1344 τὴν
2915 1275 3191 1347 ἁμαρτίαν
3224 1272 3475 1345 λήψεται.
3518 1290 3536 1323 ι

2323 1547 2530 1602 ΠΑΛΛ.
2568 1543 2703 1604 Εἶτα
2730 1549 2813 1611 τίς
2841 1547 2908 1602 ἂν
2938 1546 3148 1617 γένοιτο
3168 1546 3263 1602 καὶ
3287 1546 3454 1600 τῶνδε
3481 1547 3510 1600 6
3539 1544 3694 1616 νοῦς’;

2324 1637 2487 1691 ΚΥΡ.
2531 1638 2991 1709 Προαποδέδειχεν
3032 1640 3164 1710 ἡμῖν
3197 1639 3226 1691 6
3259 1638 3419 1709 νόμος
3451 1638 3510 1690 έν
3548 1639 3662 1700 τοῖς
3692 1637 3839 1689 ἀνω-

2251 1725 2396 1798 τέρω
2422 1727 2757 1793 πλειστάκις,
2780 1730 2861 1783 ὅτι
2886 1729 2977 1783 τὸν
3007 1728 3224 1783 ἃπαντα
3248 1728 3437 1799 χρόνον
3478 1726 3842 1797 κατατέμνειν

568 1820 888 1875 universum
930 1830 1146 1891 tempus
1185 1821 1464 1877 interdum
1501 1823 1639 1879 duas
1686 1823 1744 1878 in
1783 1832 1969 1893 partes
2008 1823 2150 1877 divi-

2254 1818 2371 1882 έθος
2398 1820 2462 1890 τῇ
2498 1819 2618 1892 θείᾳ
2647 1820 2861 1892 Γραφῇ,
2910 1821 3042 1875 ποτὲ
3073 1821 3173 1892 μὲν
3205 1823 3286 1884 είς
3312 1820 3426 1886 δύο,
3472 1816 3594 1874 καθ’
3620 1819 3678 1874 ὃ)
3712 1815 3780 1891 ἦν
3811 1820 3844 1871 6

567 1913 690 1979 dat;
720 1912 777 1967 in
811 1908 966 1979 illud,
997 1929 1106 1984 quo
1143 1912 1235 1969 lex
1275 1913 1416 1981 fuit;
1462 1924 1519 1971 et
1561 1914 1717 1979 illud,
1753 1929 1862 1984 quo
1898 1913 2153 1969 Christus

570 2002 793 2058 illuxit:
831 2018 1228 2075 nonnunquam
1276 2004 1334 2058 in
1381 2013 1523 2070 tres,
1573 2021 1641 2061 eo
1691 2015 1939 2075 tempore
1984 2005 2151 2061 etiam

567 2094 877 2166 interjccto,
918 2103 1083 2165 atque
1122 2096 1179 2150 in
1220 2095 1403 2151 medio
1453 2096 1741 2160 collocato,
1775 2112 1885 2166 quo
1931 2101 2151 2151 sancto-

569 2202 691 2240 rum
725 2186 1115 2258 prophetarum
1156 2186 1361 2243 chorus
1396 2187 1640 2254 eﬂ'ulsit;
1677 2187 1773 2242 sed
1825 2196 2006 2243 tamen
2042 2196 2151 2242 tam

568 2293 636 2334 co
680 2285 947 2350 tempore,
991 2295 1105 2350 quo
1141 2279 1375 2351 Moyses,
1409 2295 1575 2351 quam
1616 2296 1685 2336 eo
1722 2296 1833 2351 quo
1871 2281 2154 2352 propheta:

566 2368 809 2435 fuerunt,
839 2369 1032 2426 eadem
1080 2371 1223 2426 ratio
1267 2371 1450 2427 cultus
1476 2370 1775 2427 exhibendi
1808 2371 1943 2437 fuit;
1987 2370 2154 2442 358

570 2459 831 2517 nimirum
866 2461 923 2515 in
951 2462 1164 2518 umbris
1194 2462 1377 2519 adhuc
1414 2463 1571 2534 legis.
1603 2462 1734 2529 Sed,
1758 2479 1884 2519 cum
1914 2464 2027 2534 jam
2071 2462 2155 2517 di-

570 2551 817 2618 luxisset,
848 2568 914 2608 ac
960 2553 1182 2609 tertium
1228 2555 1364 2610 illud
1410 2564 1629 2625 tempus
1672 2554 2036 2625 apparuisset,
2067 2562 2151 2609 at-

566 2657 677 2712 que
719 2643 892 2707 orbis,
923 2644 1018 2715 qui
1061 2645 1165 2700 sub
1201 2645 1315 2701 sole
1359 2653 1464 2711 est,
1497 2636 1791 2700 universus
1823 2644 2152 2715 intelligibili

566 2732 795 2799 lumine,
830 2733 886 2789 id
909 2742 1013 2801 est,
1035 2734 1239 2791 Christi
1256 2735 1551 2807 splendore
1578 2735 1950 2792 circumfusus
1977 2746 2145 2800 esset,

560 2823 676 2894 jam
703 2814 879 2880 veteri
921 2826 1153 2898 caligine
1191 2827 1462 2894 discussa,
1503 2828 1595 2884 illa
1627 2829 1811 2884 cultus
1840 2828 2003 2894 ratio,
2031 2844 2153 2899 quae

567 2928 636 2969 eo
675 2922 919 2986 tempore
954 2916 1224 2987 viguerat,
1258 2933 1371 2973 non
1421 2916 1605 2975 adhuc
1641 2926 1796 2989 grata
1832 2926 1891 2974 et
1926 2924 2153 2989 accepta

566 3018 673 3074 est,
703 3008 800 3064 sed
844 3008 1015 3079 adeps
1058 3018 1155 3065 aut
1195 3008 1527 3066 sacriﬁcium
1559 3009 1676 3066 sive
1707 3010 2032 3066 hesternum
2058 3010 2150 3076 sit,

2253 1909 2437 1979 νόμος,
2478 1910 2573 1965 καὶ
2615 1912 2737 1965 καθ’
2781 1913 2839 1966 ὃν
2884 1913 3199 1984 ἐπέλαμψεν
3238 1914 3267 1965 ὁ
3298 1912 3554 1982 Χριστός·
3590 1912 3725 1964 ποτὲ
3778 1911 3841 1964 δὲ

2253 1997 2344 2064 αὖ,
2371 2002 2451 2066 εἰς
2483 2004 2633 2074 τρεῖς
2672 2004 3194 2076 παρεισκρινομένου
3232 2022 3292 2057 τε
3322 2005 3416 2058 καὶ
3444 2002 3515 2057 τὰ
3549 2003 3842 2066 τάττοντος

2257 2091 2481 2162 μεταξὺ,
2509 2093 2602 2146 καὶ
2623 2093 2746 2148 καθ’
2773 2094 2832 2147 ὃν
2860 2095 2888 2146 6
2911 2094 3020 2148 τῶν
3041 2094 3212 2165 ἁγίων
3237 2094 3532 2168 προφητῶν
3558 2092 3842 2163 ἀνέλαμψε

2253 2185 2429 2257 χορὸς,
2460 2186 2600 2256 πλὴν
2631 2187 2713 2241 ὅτι
2743 2188 2841 2241 καὶ
2869 2188 2928 2240 ὲν
2965 2187 3141 2258 χρόνῳ
3176 2186 3254 2258 τῷ
3286 2187 3433 2241 κατὰ
3474 2186 3711 2248 Μωσέα,
3742 2185 3845 2237 καὶ

2252 2279 2313 2331 ὲν
2354 2277 2432 2349 τῷ
2472 2278 2580 2332 τῶν
2626 2280 2800 2348 ἁγίων
2837 2280 3136 2350 προφητῶν
3178 2280 3432 2353 λατρείας
3469 2274 3538 2351 ἦν
3571 2279 3773 2351 τρόπος
3809 2279 3847 2330 ὁ

2252 2369 2432 2435 αὐτὸς,
2463 2369 2540 2434 ὠς
2567 2370 2625 2425 ὲν
2651 2366 2832 2434 σκιαῖς
2869 2370 2950 2424 έτι
2989 2373 3108 2435 τᾱίς
3139 2371 3280 2425 κατὰ
3308 2372 3493 2442 νόμον.
3528 2373 3751 2444 Πρωτας
3779 2369 3849 2425 δὲ

2246 2461 2584 2531 γενομένης,
2612 2461 2734 2533 ἦτοι
2765 2459 2860 2516 τοῦ
2886 2460 3070 2533 τρίτου
3096 2460 3280 2514 λοιπὸν
3306 2460 3469 2516 πάλιν
3495 2459 3844 2531 ἀναδειχθέν-

2250 2566 2343 2614 τος
2370 2550 2585 2619 καιροῦ,
2625 2552 2721 2605 καὶ
2749 2550 2844 2605 τοῦ
2886 2551 3078 2622 νοητοῦ
3120 2550 3318 2621 φωτὸς,
3351 2549 3496 2604 τοῦτ’
3529 2551 3667 2616 ἐστι,
3696 2551 3843 2620 Χρι-

2254 2640 2402 2705 στοῦ,
2452 2641 2551 2715 τὴν
2600 2643 2690 2713 ὑφ’
2734 2643 2888 2714 ἣλιον
2937 2644 3490 2714 περιαστράπτοντος,
3538 2640 3847 2712 λελυμένης

2251 2733 2309 2787 δὲ
2332 2731 2518 2787 λοιπὸν
2555 2734 2656 2805 τῆς
2693 2734 2931 2799 παλαιάς
2972 2733 3189 2805 ἀχλύος,
3224 2733 3408 2788 οὐκέτι
3439 2734 3624 2798 δεκτὸς
3650 2734 3750 2803 τῆς
3780 2734 3846 2786 τὸ

2250 2825 2505 2896 τηνικάδε
2542 2826 2799 2900 λατρείας
2838 2830 2866 2882 6
2905 2827 3131 2900 τρόπος,
3198 2827 3314 2881 ἁλλ’
3352 2828 3462 2881 εἴτε
3494 2825 3701 2898 χθιζὸν,
3738 2824 3848 2877 εἰτ’

2251 2915 2344 2975 οὖν
2367 2919 2454 2991 είη
2474 2919 2535 2973 τὺ
2561 2921 2803 2988 τριταῖον
2831 2919 3019 2989 στέαρ,
3045 2919 3079 2991 ἢ
3106 2918 3277 2990 θύμα,
3300 2918 3488 2973 δεκτὺν
3514 2918 3612 2988 μὲν
3630 2916 3844 2981 οὐκέτι,

2254 3010 2508 3083 βδελυρὸν
2538 3010 2596 3063 δὲ
2643 3009 2739 3064 καὶ
2782 3009 3087 3080 ἀπόϐλητον
3127 3009 3280 3080 παρὰ
3319 3007 3461 3079 Θεῷ,
3490 3008 3585 3062 καὶ
3617 3010 3677 3061 ὲν
3708 3007 3848 3078 μιά-

567 3098 683 3153 sive
709 3099 1024 3164 tertianum,
1054 3098 1200 3170 apud
1226 3099 1401 3154 Deum
1422 3098 1760 3155 exsecrabile
1790 3107 1894 3167 est,
1922 3109 1980 3156 et
1996 3116 2150 3155 aver-

2255 3117 2463 3171 σματος
2491 3099 2642 3167 τάξει
2671 3099 3052 3170 λελογισμένον
3076 3102 3190 3164 τοῖς
3224 3100 3323 3153 ούκ
3365 3102 3422 3153 ὲν
3449 3098 3627 3170 καιρῷ
3662 3113 3845 3171 προσ-

567 3200 720 3245 satur
756 3206 821 3246 ac
857 3191 1086 3261 respuit,
1123 3197 1181 3246 et
1227 3190 1408 3246 alieno
1442 3198 1691 3262 tempore
1727 3189 1929 3246 offerre
1960 3191 2151 3263 volen-

569 3283 719 3338 tibus
749 3298 850 3353 pro
887 3283 1305 3353 inquinamento
1345 3282 1662 3353 deputatur.
1698 3282 1803 3349 An,
1835 3298 1959 3338 eum
1989 3282 2152 3339 Chri-

568 3382 686 3429 stus
711 3374 1039 3446 evangelicis
1076 3373 1385 3444 disciplinis
1416 3373 1660 3429 illustrct
1693 3380 2007 3430 sanctorum
2038 3373 2157 3428 ani-

569 3481 709 3530 mos,
736 3481 943 3536 eosque
973 3466 1275 3536 spiritualis
1297 3465 1478 3521 cultus
1501 3465 1769 3521 rationem
1793 3464 1999 3535 optime
2025 3479 2155 3534 per—

569 3556 785 3623 doceat,
818 3558 1043 3613 minime
1087 3564 1250 3627 putas
1293 3571 1664 3628 supervacuas
1702 3571 1826 3611 esse
1861 3556 1974 3625 jam
2013 3570 2154 3625 quo-

570 3647 862 3702 dammodo
908 3659 1073 3717 atque
1108 3647 1332 3703 inutiles
1365 3646 1502 3717 legis
1526 3644 1978 3701 observationes?

643 3737 837 3792 PALL.
876 3737 991 3809 Ego
1013 3752 1147 3792 vero
1169 3737 1364 3803 fateor;
1396 3750 1577 3805 neque
1609 3735 1760 3789 enim
1793 3734 1988 3805 ignoro
2012 3742 2153 3790 ster-

456 3848 463 3853 '
570 3847 699 3887 cora
736 3846 801 3886 ac
828 3830 1159 3886 detrimenta
1188 3829 1410 3884 beatum
1434 3828 1663 3883 Paulum
1695 3828 1995 3899 appellasse
2021 3827 2157 3897 legis

569 3932 913 3987 ornamenta,
935 3928 1163 3992 propter
1186 3918 1521 3975 eminentem
1550 3919 1834 3976 scientiam
1855 3918 2064 3975 Christi
2089 3919 2154 3985 ﬂ;

567 4012 733 4069 video
767 4014 916 4068 enim
962 4013 1117 4066 illum
1160 4012 1229 4066 ad
1269 4011 1537 4083 quosdam
1584 4012 1871 4083 scripsisse
1912 4028 1925 4063 :
1970 4029 1988 4061 ι
2024 4009 2157 4064 Dico

569 4112 752 4160 autem
791 4104 970 4171 vobis,
1005 4105 1268 4173 quoniam
1296 4103 1340 4159 si
1370 4102 1869 4170 circumcidamini,
1902 4100 2157 4159 Christus

568 4194 729 4248 vobis
756 4192 894 4248 nihil
924 4192 1175 4265 proderit
1200 4194 1269 4249 “.
1304 4214 1322 4246 ι

639 4283 797 4339 CYR.
839 4283 1007 4339 Recte
1034 4283 1133 4340 ais.
1163 4283 1331 4356 Igitur
1359 4292 1645 4356 peccatum
1680 4292 1786 4349 est,
1813 4293 1871 4339 et
1898 4284 2156 4356 inquina-

568 4376 740 4431 menti
778 4376 1025 4447 plenum,
1057 4377 1406 4434 manifestato
1431 4379 1544 4448 jam
1572 4377 1815 4443 Christo,
1849 4392 1975 4432 cum
2014 4388 2156 4435 tem-

2259 3188 2505 3261 κομίζειν
2545 3189 2860 3262 ᾑρημένοις.
2914 3193 2983 3244 Ἦ
3029 3191 3130 3244 οὐκ
3180 3185 3320 3245 εἶναι
3354 3189 3460 3260 φὴς
3486 3190 3723 3260 ἀληθὲς.
3760 3191 3848 3244 ὅτι

2260 3281 2495 3357 Χριστοῦ
2529 3282 2979 3352 καταλάμποντος
3033 3283 3145 3344 τοῖς
3196 3280 3566 3350 εύαγγελικοῖς
3619 3278 3849 3333 παιδεύ-

2264 3393 2397 3447 μασι
2444 3373 2543 3437 τὰς
2592 3374 2703 3426 τῶν
2757 3372 2927 3441 ἁγίων
2976 3371 3156 3443 ψυχὰς
3189 3372 3283 3426 καὶ
3331 3374 3410 3434 είς
3441 3368 3697 3441 λατρείαν
3746 3369 3848 3440 τὴν

2262 3466 2638 3539 πνευματικὴν
2668 3464 3152 3537 μυσταγωγοῦντος
3180 3460 3240 3518 εὖ
3275 3464 3438 3536 μάλα,
3472 3462 3703 3534 περιττά
3726 3479 3847 3524 πως

2263 3559 2366 3630 ἤδη
2392 3559 2483 3613 καὶ
2515 3557 2769 3628 ἀνωφελῆ
2796 3556 2865 3612 τὰ
2894 3559 2956 3611 ὲν
2977 3556 3164 3628 νόμως

2332 3737 2542 3791 ΠΑΛΛ.
2608 3733 2775 3805 Φημί.
2828 3735 3194 3806 Μεμνήσομαι
3249 3731 3357 3805 γὰρ
3406 3731 3502 3785 τοῦ
3554 3730 3846 3784 θεσπεσίου

2263 3828 2502 3892 Παύλου,
2531 3825 2776 3881 σκύϐαλα
2801 3825 2897 3881 καὶ
2922 3824 3124 3897 ζημίαν
3144 3824 3584 3893 ἀποκεκληκότος
3611 3822 3681 3875 τὰ
3701 3823 3855 3877 κατά

2225 3919 2427 3991 ,νόμον
2457 3919 2750 3988 αὐχήματα
2770 3957 2784 3980 ,
2817 3917 2905 3971 διὰ
2943 3917 3006 3970 τὸ
3041 3917 3305 3988 ὑπερέχον
3334 3917 3434 3986 τῆς
3464 3915 3720 3984 γνώσεως
3748 3913 3845 3967 τοῦ

2262 4008 2534 4081 Χριστοῦ.⁹
2562 4006 2769 4060 Ἀκούω
2798 4005 2855 4059 δὲ
2876 4006 3214 4079 γεγραφότος
3240 4004 3371 4058 τισίν
3407 4004 3595 4071 «Λέγω
3627 4002 3684 4056 δὲ
3714 4004 3851 4072 ύμῖν

2263 4101 2344 4154 ὅτι
2365 4100 2459 4153 ἐὰν
2472 4096 3140 4170 περιτέμνησθε,Χριστος
3162 4095 3315 4149 οὐδὲν
3340 4095 3487 4166 ἡμᾶς
3507 4093 3844 4164 ὠφελήσει.»

2333 4289 2498 4344 ΚΥΡ.
2550 4285 2760 4358 Ὀρθῶς
2792 4284 2946 4356 ἔφης.
2981 4280 3189 4338 Οὐκοῦν
3243 4282 3491 4353 ἁμαρτία
3539 4283 3634 4336 καὶ
3675 4282 3847 4353 μολυ-

2265 4382 2421 4454 σμὸς,
2456 4378 2867 4449 ἀναδειχθέντος
2896 4374 3157 4447 Χριστοῦ,
3190 4373 3284 4428 καὶ
3309 4374 3716 4445 παρελάσαντος
3748 4375 3849 4428 τοῦ

568 4481 673 4538 pus
715 4466 849 4523 illud
892 4470 1242 4539 praeterierit,
1280 4484 1391 4539 quo
1426 4468 1517 4524 lex
1554 4477 1612 4523 et
1651 4469 1935 4538 propheta:
1967 4470 2150 4541 vigue-

2263 4472 2475 4546 καιροῦ,
2494 4471 2617 4525 καθ’
2638 4465 2780 4539 ὃνῆν
2806 4470 2834 4521 6
2854 4468 3016 4539 νόμος
3042 4468 3137 4522 καὶ
3160 4469 3208 4520 οἱ
3243 4467 3542 4537 προφῆται,
3568 4466 3671 4536 τῆς
3688 4466 3766 4530 ὡς
3788 4468 3849 4518 ἐν

570 4569 722 4626 runt,
751 4562 892 4616 velle
925 4563 1275 4618 umbratilem
1322 4561 1477 4615 illum
1516 4560 1727 4614 cultum
1757 4559 2021 4625 retinere,
2061 4577 2157 4617 au-

569 4650 813 4723 dereque
839 4654 951 4709 Deo
991 4670 1173 4719 ovem,
1218 4662 1314 4707 aut
1354 4651 1596 4721 adipem,
1632 4656 1728 4703 aut
1754 4649 1881 4704 thus
1918 4649 2155 4720 oil‘erre;

569 4757 695 4797 cum
725 4745 1013 4816 perspicue
1040 4744 1187 4799 dicat
1214 4742 1389 4797 Filius
1416 4740 1565 4795 Patri
1600 4753 1665 4795 ac
1693 4741 1806 4796 Deo
1836 4757 1847 4794 :
1879 4760 1898 4792 ‹
1935 4740 2157 4800 Sacriﬁ-

571 4833 718 4888 cium
747 4844 804 4890 et
840 4835 1178 4890 oblationem
1220 4831 1471 4895 noluisti,
1505 4846 1706 4901 corpus
1739 4841 1923 4888 autem
1957 4838 2157 4905 aptasti

569 4925 727 4979 mihi.
783 4926 1114 4980 Holocausta
1164 4931 1221 4979 et
1268 4936 1369 4991 pro
1412 4928 1638 4991 peccato
1674 4938 1786 4977 non
1830 4924 2160 4993 placucrunt

572 5017 705 5085 tibi;
737 5026 871 5072 tunc
906 5015 1021 5071 dixi
1062 5032 1074 5067 :
1115 5015 1256 5069 Ecce
1282 5012 1445 5067 venio
1482 5030 1496 5065 :
1538 5013 1594 5068 in
1634 5015 1813 5085 capite
1852 5017 1980 5072 libri
2017 5018 2157 5073 scri-

571 5116 727 5179 ptum
775 5117 861 5164 est
909 5107 978 5161 de
1028 5120 1146 5169 me,
1203 5112 1264 5160 ut
1316 5103 1582 5170 facerem,
1619 5106 1782 5173 Deus,
1818 5108 2158 5165 voluntatem

573 5207 723 5254 tuam
752 5199 817 5251 ’9.
861 5216 880 5247 ι
934 5194 1092 5254 Nam.
1134 5205 1487 5266 posteaquam
1526 5198 1698 5254 Filius
1752 5199 2158 5256 immaculatum

571 5290 853 5345 victimam
889 5299 990 5357 pro
1031 5286 1192 5343 nobis
1233 5287 1452 5353 obtulit,
1493 5288 1763 5360 legalibus
1807 5291 2157 5348 caaremoniis

574 5380 738 5435 ﬁnem
773 5376 1052 5448 imposuit,
1088 5394 1213 5435 cum
1240 5396 1303 5435 ea
1333 5379 1549 5435 auferre
1588 5391 1814 5452 peccata
1859 5397 1973 5437 non
2015 5397 2147 5451 pos-

492 5480 499 5483 “
573 5480 729 5538 sent;
768 5472 895 5527 ﬁnis
929 5470 1075 5525 enim
1104 5472 1239 5544 legis
1268 5489 1334 5529 ac
1362 5474 1777 5545 prophetarum,
1803 5474 2072 5531 Christus.

644 5562 844 5619 PALL.
883 5564 1053 5620 Recte
1092 5567 1192 5623 ais.

2261 4568 2441 4628 σκιαῖς
2464 4560 2718 4634 λατρείας
2744 4559 3097 4630 ἀντέχεσθαι·
3131 4559 3225 4612 καὶ
3254 4557 3373 4630 Θεῴ
3404 4559 3701 4628 προσάγειν
3722 4559 3848 4611 ἐπι-

2256 4658 2456 4729 χειρεῖν
2481 4655 2582 4720 δῖν,
2618 4653 2651 4723 ἢ
2698 4652 2889 4721 στέαρ,
2927 4650 2959 4720 ἢ
2999 4649 3295 4703 λιϐανωτόν
3323 4667 3337 4681 ·
3383 4649 3562 4704 καίτοι
3591 4650 3847 4717 λέγοντος

2252 4747 2499 4819 ἐναργῶς
2532 4744 2627 4797 τοῦ
2662 4740 2793 4796 Υίοῦ
2837 4741 2916 4812 τῷ
2961 4741 3081 4813 Θεῷ
3114 4743 3210 4797 καὶ
3231 4743 3425 4814 Πατρί·
3447 4761 3466 4793 ι
3504 4740 3712 4813 Θυσίαν
3746 4740 3848 4793 καὶ

2253 4836 2569 4909 προσφορὰν
2606 4835 2708 4888 οὐκ
2753 4831 3048 4903 ἠθέλησας,
3074 4833 3234 4904 σῶμα
3271 4833 3329 4886 δὲ
3374 4832 3691 4903 κατηρτίσω
3728 4848 3840 4900 μοι.

2266 4925 2726 4997 Ὀλοκαυτῶματα
2772 4924 2866 4978 καὶ
2911 4925 3042 4996 περὶ
3084 4924 3358 4996 ἁμαρτίας
3386 4926 3486 4978 οὐκ
3506 4923 3840 4994 ηύδόκησας,

2258 5022 2379 5075 τότε
2401 5015 2578 5082 εἷπον,
2615 5017 2747 5072 Ἰδοὺ
2774 5018 2914 5088 ἥκω·
2938 5018 2996 5069 ὲν
3023 5017 3272 5086 κεφαλίδι
3294 5016 3498 5087 βιϐλίου
3525 5016 3843 5085 γέγραπται

2255 5102 2551 5175 περὶὲμοῦ,
2574 5107 2670 5162 τοῦ
2684 5107 2928 5177 ποιῆσαι,
2952 5107 2980 5160 6
2996 5106 3149 5171 Θεὸς,
3170 5107 3230 5161 τὸ
3249 5106 3463 5178 θέλημά
3484 5123 3600 5160 σου.
3616 5107 3843 5177 ι’Δμω-

2260 5216 2365 5270 μον
2389 5199 2493 5268 γὰρ
2530 5196 2717 5271 ὥσπερ
2756 5200 2952 5270 ἱερεῖον
2980 5200 3171 5254 ἑαυτὸν
3201 5199 3341 5271 ὑπὲρ
3370 5199 3527 5270 ἡμῶν
3557 5196 3781 5260 ἀναθεὶς
3810 5198 3843 5249 6

2260 5289 2409 5353 Υἱὸς,
2455 5288 2651 5361 ὲστησε
2683 5290 2755 5344 τὰ
2802 5292 2862 5344 ὲν
2890 5293 3061 5363 νόμῳ,
3120 5291 3391 5363 περιελεῖν
3442 5289 3720 5361 ἁμαρτίας
3774 5288 3839 5339 ού

2257 5380 2564 5451 δυνάμενα·
2609 5380 2768 5446 τέλος
2819 5383 2929 5455 γὰρ
2969 5383 3137 5454 νόμου
3181 5382 3276 5438 καὶ
3309 5382 3604 5454 προφητῶν
3640 5382 3669 5435 6
3703 5380 3844 5450 Χρι-

2257 5472 2400 5534 στός.

2322 5566 2530 5621 ΠΔΛΛ.
2578 5558 2650 5621 Εὖ
2686 5566 2841 5636 ἔφης.

648 5744 696 5778 ³³
723 5745 902 5803 chit.
930 5762 1023 5816 vn,
1054 5746 1118 5805 16
1155 5748 1246 5807 18.
1314 5750 1358 5782 ²⁶
1387 5748 1526 5806 Ibid.
1572 5748 1653 5803 1‘2.
1735 5751 1777 5781 ’⁷
1816 5748 2052 5821 Philipp.
2081 5764 2150 5815 m1

2333 5749 2379 5781 ’³⁸
2406 5746 2579 5804 Galat.
2616 5764 2666 5814 v,
2699 5748 2751 5802 2.
2832 5749 2877 5828 ²¹ξ
2920 5745 3061 5805 Psal.
3112 5761 3290 5815 xxxix,
3329 5743 3443 5802 7-9.
