4118 6500
362 401 439 457 70
450 403 470 459 i

1131 414 1219 469 DE
1258 414 1707 475 ADOBATIONE
1744 419 1815 477 IN
1855 421 2129 484 SPIRI'I'U
2171 428 2262 484 ET
2303 429 2677 487 νΕιιιΤΑΤΕ.
2714 433 2846 489 LIB.
2890 433 2958 489 Χ.

3573 440 3679 498 7νῖ

438 521 608 577 ΚΥΡ.
654 523 756 579 Διὰ
789 527 1021 600 νομικῆς
1052 526 1148 584 οὖν
1180 531 1289 602 ἄρα
1329 532 1592 606 λατρείας
1621 536 1918 609 ἀπρόσιτος
1945 542 1959 594 ί

2149 544 2307 601 CYR.
2351 547 2482 603 Post
2512 548 2659 603 illam
2694 550 2863 621 igitur
2897 550 2953 606 in
2987 550 3206 609 Christo
3241 558 3678 614 consummatio-

357 616 583 688 Πατὴρ,
619 619 761 688 μετὰ
793 620 892 692 τὴν
931 621 991 675 ἐν
1032 624 1255 697 Χριστῷ
1286 626 1588 695 τελείωσιν,
1625 632 1884 702 προσιτὸς
1915 634 1973 687 δέ

357 708 487 761 ἐστι
510 708 599 763 διὰ
629 710 792 779 μόνου
818 709 912 764 τοῦ
940 711 1094 767 Υἱοῦ.
1129 715 1422 789 Τοιγάρτοι
1444 720 1540 772 καὶ
1564 719 1971 790 ἐφασκεν,‹οὐ-

353 798 480 863 δεὶς
503 798 725 871 ἔρχεται
748 802 885 875 πρὸς
920 804 1011 857 τὸν
1036 806 1279 880 Πατέρα,
1308 812 1358 863 εί
1393 808 1471 882 μὴ
1501 811 1571 865 δι’
1601 813 1760 884 ἐμοῦ.
1799 835 1818 868 ι
1848 818 1972 871 Ὅτι

356 889 423 942 δὲ
457 891 660 947 ἄθυτόν
693 911 753 949 τε
780 897 876 951 καὶ
902 897 1092 961 ἀτελὲς
1131 900 1240 954 πᾶν
1269 901 1374 955 εἴτι
1412 904 1487 975 μὴ
1524 905 1583 959 ὲν
1613 907 1858 981 Χριστῷ,
1886 911 1974 965 δε-

356 982 497 1037 κτὺν
529 983 587 1038 δὲ
630 987 727 1040 καὶ
769 988 1065 1060 ἱερώτατον
1090 992 1151 1046 τὸ
1178 993 1249 1047 δι’
1273 995 1440 1049 αὑτοῦ
1470 1014 1531 1050 τε
1562 999 1656 1052 καὶ
1683 1001 1743 1054 ὲν
1799 1002 1969 1074 αὐτῷ,

359 1078 539 1146 σαφὲς
567 1078 635 1133 ἂν
654 1080 864 1149 γένοιτο
892 1084 985 1138 καὶ
1011 1085 1078 1139 δι’
1100 1079 1176 1140 ὧν
1206 1090 1234 1142 6
1258 1088 1426 1160 νόμος
1452 1091 1512 1145 ὲν
1544 1093 1643 1163 μὲν
1666 1095 1734 1165 τῇ
1778 1094 1971 1166 Ἐξόδῳ

358 1170 557 1241 φησίνο
595 1173 739 1245 ιυύχ
764 1175 989 1246 ἐφήσεις
1011 1178 1151 1250 ἄρνα
1168 1182 1226 1234 ἐν
1250 1181 1484 1250 γάλακτι
1516 1185 1721 1257 μητρὸς
1740 1187 1929 1241 αὐτοῦ’
1945 1208 1963 1241 ι

356 1263 425 1316 ὲν
451 1264 511 1319 δὲ
530 1264 610 1337 τῷ
633 1268 932 1340 Λευιτικῷ⁸
955 1289 972 1321 ι
987 1271 1095 1327 Καὶ
1121 1272 1353 1345 ἐλάλησε
1370 1274 1577 1348 Κύριος
1599 1278 1738 1349 πρὸς
1760 1281 1970 1353 Μωσῆν

355 1357 562 1426 λέγων’
596 1360 818 1431 Μόσχον
865 1361 898 1433 ἢ
935 1364 1210 1436 πρόϐατον
1250 1365 1284 1437 ἢ
1313 1363 1445 1437 αἶγα
1558 1368 1623 1424 ἂν
1654 1372 1842 1445 τεχθῇ,
1875 1375 1968 1428 καὶ

291 1479 305 1488 -
356 1449 521 1504 ἔσται
562 1452 706 1506 ἑπτὰ
732 1454 949 1527 ἡμέρας
996 1458 1102 1511 ὑπὸ
1152 1458 1255 1530 τὴν
1288 1462 1503 1533 μητέρα
1555 1462 1743 1519 αὐτοῦ.
1800 1466 1879 1538 Τῇ
1909 1466 1966 1520 δὲ

355 1543 552 1614 ἡμέρᾳ
584 1546 651 1616 τῇ
699 1545 863 1621 ὀγδόῃ
909 1549 1002 1602 καὶ
1038 1550 1321 1615 ἐπέκεινα,
1352 1553 1677 1625 δεχθήσεται
1707 1557 1785 1620 είς
1815 1556 1966 1629 δῶρα

240 1652 249 1655 τ
354 1635 652 1708 κάρπωμα
680 1638 761 1710 τῷ
792 1640 1008 1712 Κυρίῳ,
1039 1643 1135 1697 καὶ
1169 1644 1369 1716 μόσχον
1414 1646 1507 1700 καὶ
1538 1646 1833 1720 πρόῦατον,
1862 1649 1966 1701 αὐ-

353 1725 462 1797 τὴν
487 1726 662 1780 καὶτὸ
694 1728 908 1783 παιδίον
937 1731 1111 1802 αὐτῆς
1131 1736 1193 1788 οὐ
1221 1734 1454 1804 σφάξετε
1481 1738 1542 1790 ὲν
1571 1738 1754 1810 ἡμέρᾳ
1780 1740 1900 1810 μιᾷ.
1936 1756 1956 1790 ι

357 1819 547 1889 Ἀρνα
605 1820 709 1892 μὲν
767 1818 863 1877 οὖν
927 1823 988 1878 τὸ
1041 1827 1330 1896 ἀρτιγενὲς
1385 1829 1482 1882 καὶ
1543 1829 1830 1885 ὑπότιτθον
1879 1831 1960 1886 ἔτι

2074 653 2203 692 nem
2235 638 2424 693 accedi
2453 640 2524 693 ad
2550 641 2771 696 Patrem
2812 643 2993 699 adhuc
3031 646 3191 717 legali
3232 647 3384 701 cultu
3421 664 3532 703 non
3572 665 3676 720 po-

2075 736 2201 793 test,
2238 727 2334 783 sed
2378 743 2476 798 per
2510 729 2710 783 Filium
2754 730 3023 787 duntaxat
3061 733 3133 788 ad
3173 750 3301 787 eum
3336 735 3676 802 accedimus,

2073 817 2308 887 ideoque
2333 817 2554 872 dicebat
2587 836 2599 871 :
2639 837 2658 869 ‹
2690 819 2863 873 Nemo
2892 823 3048 876 venit
3076 823 3144 877 ad
3173 824 3412 889 Patrem,
3442 824 3549 878 nisi
3575 841 3674 895 per

2073 920 2160 959 me
2190 906 2254 959 ³ο.
2286 925 2303 957 ι
2348 906 2483 961 Esse
2516 915 2701 961 autem
2739 908 2805 961 ad
2849 911 3272 967 sacriﬁcandum
3302 912 3551 984 ineptum
3585 924 3670 969 at-

2072 996 2625 1068 queimperfectum,
2661 999 2929 1069 quidquid
2972 1001 3025 1055 in
3062 1002 3285 1056 Christo
3322 1019 3433 1057 non
3466 1004 3668 1071 fuerit;

2071 1096 2126 1141 et
2153 1088 2396 1143 vicissim
2439 1098 2729 1160 acceptum
2765 1099 2822 1145 et
2860 1095 3263 1148 consecrationi
3298 1096 3668 1165 aptissimum,

2070 1180 2340 1252 quidquid
2368 1198 2467 1252 per
2499 1183 2679 1252 ipsum
2706 1192 2763 1238 et
2797 1184 2851 1238 in
2883 1183 3002 1255 ipso
3035 1186 3286 1252 oﬁ‘ertur,
3313 1190 3669 1257 perspicuum

2070 1273 2165 1325 ﬁet
2195 1288 2294 1343 per
2312 1289 2396 1338 ea,
2420 1289 2541 1343 qua:
2570 1274 2656 1328 lex
2688 1276 2890 1344 partim
2923 1276 2977 1329 in
3015 1277 3205 1331 Exodo
3239 1280 3409 1333 edicit
3434 1281 3522 1335 his
3549 1298 3673 1335 vcr-

2068 1364 2195 1419 bis:
2230 1383 2249 1415 (
2288 1365 2409 1419 Non
2448 1381 2655 1435 eoques
2681 1382 2882 1438 agnum
2914 1367 2969 1422 in
2996 1370 3137 1424 lacte
3168 1371 3362 1425 matris
3402 1389 3515 1426 sua:
3543 1374 3606 1438 3';
3643 1394 3662 1425 ι

2066 1457 2269 1526 partim
2311 1456 2364 1511 in
2404 1457 2653 1514 chitico
2695 1478 2708 1513 :
2759 1479 2778 1512 ι
2823 1462 2891 1516 Ει
2925 1462 3143 1517 locutus
3184 1472 3266 1517 est
3302 1465 3567 1521 Dominus
3600 1466 3669 1520 ad

2065 1547 2308 1618 Moysen,
2341 1549 2531 1605 dicens
2565 1569 2577 1604 :
2612 1551 2668 1607 Si
2704 1553 2914 1609 vitulus
2934 1561 3031 1609 aut
3059 1554 3199 1618 ovis,
3230 1563 3325 1609 aut
3357 1571 3521 1626 capra
3553 1558 3670 1611 cui-

2064 1656 2230 1711 quam
2289 1652 2418 1697 nata
2482 1642 2687 1710 fuerit,
2728 1647 2837 1701 erit
2890 1653 3101 1716 septem
3158 1647 3279 1701 dies
3334 1648 3437 1702 sub
3491 1658 3668 1704 matre

2063 1737 2222 1806 ejus;
2263 1736 2353 1792 die
2385 1744 2571 1794 autem
2613 1739 2780 1810 359
2804 1748 3000 1795 octavo
3027 1749 3084 1795 et
3112 1740 3376 1810 deinceps
3409 1749 3666 1811 accepta-

2062 1828 2192 1884 bilis
2226 1831 2336 1884 erit
2362 1830 2418 1885 in
2444 1830 2775 1897 obiationes,
2805 1832 3139 1887 sacriﬁcium
3170 1832 3405 1888 Domino
3436 1852 3448 1887 :
3486 1843 3541 1888 et
3570 1835 3669 1889 bo—

352 1911 661 1982 σφράττειν
689 1914 791 1968 οὐκ
826 1917 912 1987 ἑᾷ,
945 1916 1164 1984 δεικνὺς
1200 1920 1306 1990 ὅτι,
1345 1921 1407 1975 τὺ
1431 1922 1622 1987 ἀτελὲς
1651 1922 1732 1977 ἔτι
1762 1924 1855 1977 καὶ
1880 1925 1956 1989 ὡς

2062 1936 2187 1976 vcm
2229 1930 2287 1976 et
2330 1937 2520 1988 ovem;
2552 1921 2729 1992 ipsam
2768 1932 2825 1977 et
2861 1921 3036 1977 ﬁlium
3078 1924 3201 1993 ejus
3243 1939 3357 1977 non
3399 1924 3667 1979 oceidetis

351 2005 419 2057 ἐν
466 2005 684 2059 συνέσει
731 2006 908 2080 βραχύ
942 2027 1003 2063 τε
1040 2011 1136 2065 καὶ
1162 2012 1413 2079 ἀσθενὲς,
1454 2014 1608 2070 οὔπω
1653 2016 1753 2086 μὲν
1784 2017 1955 2089 ἱερόν·

349 2096 440 2151 ἔτι
486 2098 545 2152 δὲ
595 2099 980 2172 ἀπαράδεκτον
1008 2101 1101 2157 διὰ
1133 2103 1294 2159 τοῦτο
1329 2104 1472 2178 Θεῷ.
1518 2106 1764 2162 Τοιοῦτοί
1810 2125 1957 2173 τινες

347 2186 500 2264 ἦσαν
555 2192 751 2265 ᾶσοφοί
808 2212 870 2249 τε
926 2197 1021 2251 καὶ
1075 2197 1529 2270 ὀλιγογνώμονες,
1585 2200 1722 2271 πρὸς
1781 2199 1877 2266 οὓς
1926 2204 1956 2256 6

350 2286 649 2353 θεσπέσιος
672 2288 879 2359 γράφει
908 2290 1177 2357 Παῦλος(
1209 2293 1321 2347 Καὶ
1343 2292 1454 2367 γὰρ
1486 2294 1795 2363 ὀφείλοντες
1815 2291 1955 2350 εἶναι

348 2375 671 2432 διδάσκαλοι
720 2378 810 2433 διὰ
839 2380 934 2434 τὸν
963 2382 1178 2453 χρόνον,
1218 2383 1386 2438 πάλιν
1427 2384 1616 2458 χρείαν
1656 2384 1809 2457 ἔχετε
1857 2386 1953 2441 τοῦ

345 2469 704 2535 διδάσκοντος
748 2472 897 2544 ὑμᾶς
938 2475 1062 2529 τίνα
1109 2475 1178 2530 τὰ
1213 2480 1452 2548 στοιχεῖα
1480 2481 1583 2551 τῆς
1632 2480 1811 2552 ἀρχῆς
1845 2480 1955 2534 τῶν

344 2560 553 2631 λογίων
572 2562 669 2617 τοῦ
707 2563 867 2630 Θεοῦ,
902 2567 997 2620 καὶ
1024 2569 1288 2638 γεγόνατε
1313 2571 1506 2643 χρείαν
1537 2571 1753 2643 ἔχοντες
1774 2573 1953 2642 γάλα-

345 2669 504 2718 κτος,
529 2654 593 2708 οὗ
623 2656 853 2726 στερεᾶς
878 2658 1091 2729 τροφῆς
1118 2676 1135 2694 ο
1164 2659 1388 2716 τελείων
1416 2661 1474 2716 δέ
1505 2665 1655 2717 ἐστιν
1687 2665 1721 2735 ή
1754 2664 1953 2736 στερεὰ

344 2747 804 2817 τροφή.›οὑκοῦν
828 2749 1016 2812 ἀτελὲς
1038 2750 1143 2819 ἔτι,
1172 2752 1236 2807 τὸ
1263 2754 1324 2807 ὲν
1351 2754 1593 2824 γάλακτί
1624 2772 1687 2809 τε
1721 2756 1818 2811 καὶ
1847 2757 1954 2811 ὑπὸ

351 2841 583 2907 μαστὸν,
615 2844 759 2898 κατά
790 2860 855 2914 γε
903 2844 966 2898 τὸ
997 2847 1058 2899 ὲν
1101 2846 1315 2902 συνέσει
1347 2850 1491 2921 φημὶ
1533 2850 1631 2904 καὶ
1676 2849 1954 2924 εὐρωστίᾳ

346 2937 725 3007 πνευματικῇ·
750 2935 848 2991 ἴτω
871 2937 928 2992 δὲ
945 2935 1013 2994 αὖ
1036 2942 1169 3013 ἡμῖν
1191 2942 1220 2995 ὀ
1245 2941 1375 3013 περὶ
1393 2941 1562 2997 τῶνδε
1587 2943 1765 3014 λόγος,
1788 2945 1867 3011 ὡς
1886 2947 1952 3001 ἐκ

339 3023 524 3078 τύπου
544 3025 655 3080 τῶν
674 3029 732 3083 ἐν
748 3028 1000 3102 αἰσθήσει
1012 3032 1107 3085 καὶ
1120 3032 1368 3104 ἐναργῶν
1389 3034 1756 3106 πραγμάτων,
1773 3036 1866 3091 ἐπὶ
1883 3035 1953 3090 τὰ

341 3116 496 3189 ὑπὲρ
528 3117 785 3190 αἴσθησίν
800 3138 861 3175 τε
885 3123 983 3176 καὶ
1001 3125 1192 3196 νοητὰ,
1222 3124 1362 3198 πλὴν
1383 3125 1464 3181 ὅτι
1491 3127 1562 3183 τὰ
1587 3127 1768 3182 πάντα
1791 3129 1952 3198 γέγο-

340 3224 440 3260 νεν
467 3207 527 3260 ὲν
547 3208 773 3282 Χριστῷ
795 3212 890 3266 καὶ
909 3213 969 3266 ὲν
987 3213 1296 3287 τελειότητι
1321 3216 1417 3270 καὶ
1440 3217 1748 3289 παραδοχῇ,
1784 3219 1949 3289 συνή-

2060 2010 2117 2066 in
2157 2027 2268 2067 uno
2308 2012 2399 2069 die
2430 2014 2495 2067 ³³.
2527 2032 2551 2065 θ
2597 2012 2815 2084 Agnum
2855 2014 3027 2084 igitur
3071 2030 3270 2069 recens
3310 2015 3559 2086 genitum
3601 2031 3667 2070 ac

2056 2102 2353 2160 lactentem
2408 2105 2610 2169 adhuc,
2650 2114 2895 2163 mactare
2942 2122 3053 2160 non
3099 2107 3377 2177 permittit
3407 2126 3419 2160 :
3448 2123 3557 2178 qua
3607 2107 3666 2162 in

2058 2210 2119 2250 re
2149 2196 2285 2250 illud
2316 2196 2582 2263 ostendit,
2613 2197 2762 2267 quod
2789 2196 3175 2268 imperfectum
3213 2199 3285 2255 sit
3307 2199 3509 2263 adhuc,
3542 2200 3662 2255 exi-

2056 2304 2163 2362 gua
2198 2288 2526 2360 inﬁrmaque
2553 2290 2872 2360 prudentia,
2902 2291 2955 2345 id
2986 2291 3231 2345 nondum
3263 2306 3385 2346 esse
3418 2307 3660 2359 sacrum,

2056 2382 2128 2437 ob
2160 2397 2395 2451 eamque
2421 2397 2644 2437 causam
2676 2398 2745 2437 nc
2776 2392 3066 2453 acceptum
3097 2383 3322 2453 quidem
3362 2392 3418 2438 et
3443 2391 3659 2453 gratum

2055 2472 2191 2536 Deo,
2228 2472 2539 2543 cujusmodi
2586 2472 2668 2528 illi
2705 2483 2866 2527 erant
2898 2473 3226 2544 insipientes
3263 2489 3328 2528 ac
3367 2474 3557 2539 rudes,
3591 2475 3661 2530 ad

2054 2580 2195 2634 quos
2223 2564 2417 2620 beatus
2447 2565 2651 2619 Paulus
2669 2565 2864 2619 scribit
2892 2583 2904 2618 :
2939 2584 2957 2616 ‹
2989 2565 3233 2630 Etenim,
3264 2582 3389 2620 cum
3420 2566 3660 2620 debere-

2055 2658 2128 2714 tis
2169 2675 2290 2715 esse
2328 2659 2577 2730 magistri
2611 2666 2842 2729 propter
2886 2666 3125 2728 tempus,
3165 2675 3362 2714 rursus
3401 2659 3663 2731 indigetis

2054 2762 2140 2813 eo,
2166 2748 2262 2819 qui
2292 2763 2393 2803 vos
2421 2748 2638 2813 doceat,
2666 2764 2789 2818 quae
2818 2749 2931 2803 sint
2959 2749 3235 2803 elementa
3268 2749 3411 2803 initii
3452 2764 3665 2805 sermo-

2052 2856 2185 2896 num
2217 2840 2342 2907 Dei;
2382 2848 2440 2896 et
2470 2838 2600 2896 facti
2629 2840 2785 2906 estis,
2818 2841 3028 2911 quibus
3064 2841 3205 2896 lacte
3243 2857 3386 2912 opus
3417 2842 3509 2907 sit,
3548 2858 3664 2899 non

2053 2932 2232 2989 solido
2276 2931 2432 2998 cibo;
2486 2931 2863 3002 perfectorum
2918 2940 3006 2987 est
3063 2940 3249 2987 autem
3302 2933 3514 2988 solidus
3578 2934 3662 2989 ci-

2053 3023 2159 3079 bus
2192 3024 2256 3078 ³³.
2294 3043 2312 3076 ι
2370 3024 2546 3095 Igitur
2607 3024 2996 3094 imperfectum
3049 3032 3154 3089 est,
3201 3024 3472 3095 quidquid
3518 3026 3661 3081 lacte

2053 3117 2238 3172 adhuc
2261 3116 2531 3183 nul-ritur,
2567 3126 2623 3172 et
2659 3116 2763 3171 sub
2793 3116 2966 3171 ubere
2995 3124 3102 3180 est,
3132 3116 3279 3185 quod
3313 3117 3379 3171 ad
3410 3117 3659 3186 pruden-

2055 3209 2186 3264 tiam
2214 3208 2674 3280 spiritualemque
2705 3206 3024 3261 ﬁrmitatem
3073 3207 3293 3262 attinet.
3329 3206 3447 3262 Jam
3489 3206 3661 3277 igitur

341 3315 468 3364 σεις
498 3295 559 3354 εὖ
585 3301 752 3373 μάλα.
796 3305 877 3359 Τὰ
908 3305 1019 3379 γάρ
1052 3325 1135 3363 τοι
1167 3287 1804 3382 προσκομιζόμενα
1846 3287 1942 3365 καὶ

2059 3318 2121 3358 ex
2160 3301 2247 3368 iis,
2283 3316 2406 3372 qua:
2426 3301 2611 3356 sensui
2639 3310 2771 3355 sunt
2794 3300 3047 3370 exposita
3087 3309 3145 3354 et
3175 3300 3496 3369 conspicua,
3533 3307 3657 3355 tan-

338 3390 717 3464 ἀντιτιθέμενα
744 3394 824 3467 τῷ
843 3396 987 3469 Θεῷ,
1009 3399 1120 3453 δεῖν
1145 3400 1247 3471 μὲν
1267 3396 1410 3458 εἷναί
1435 3420 1601 3473 φησιν
1634 3402 1776 3457 ἑπτὰ
1803 3402 1944 3474 ἡμέ-

342 3498 453 3553 ρας
472 3482 579 3537 ὑπὸ
609 3484 711 3557 τὴν
735 3486 949 3558 μητέρα
967 3530 982 3555 ,
1005 3491 1072 3562 τῇ
1108 3489 1166 3544 δὲ
1197 3490 1381 3563 ἡμέρᾳ
1406 3493 1472 3562 τῇ
1499 3490 1663 3563 ὀγδόῃ
1692 3489 1789 3544 καὶ
1815 3488 1944 3542 ἐπέ-

337 3591 526 3643 κεινα,
552 3576 726 3650 δῶρον
752 3579 998 3645 ἔσεσθαι,
1035 3585 1130 3638 καὶ
1156 3585 1237 3649 εἰς
1270 3583 1556 3656 κάρπωμα
1586 3583 1665 3654 τῷ
1694 3580 1837 3655 Θεῷ.

2053 3410 2217 3467 quam
2239 3410 2308 3449 ex
2334 3393 2529 3464 ﬁgura,
2562 3392 2629 3447 ad
2655 3407 2721 3447 ea
2744 3406 2868 3461 qua:
2891 3407 3114 3446 sensum
3139 3391 3377 3462 fugiunt,
3410 3400 3467 3446 et
3496 3392 3661 3447 intel-

2052 3488 2197 3543 lectu
2239 3483 2558 3554 capiuntur,
2597 3489 2790 3553 perget
2829 3481 3033 3535 oratio.
3078 3480 3217 3535 Illud
3258 3489 3409 3536 certe
3449 3483 3656 3553 optime

2053 3575 2361 3646 intelliges,
2419 3573 2609 3629 omnia
2654 3573 2712 3626 in
2762 3571 2985 3656 Christo
3034 3572 3280 3643 perfecta
3330 3581 3388 3629 et
3428 3581 3656 3644 accepta

339 3667 506 3735 ﬁeri;
550 3685 679 3725 nam
725 3686 791 3728 ea
843 3674 1173 3744 animantia,
1222 3694 1348 3750 quae
1388 3678 1729 3734 oﬁ‘errentur
1777 3684 1945 3747 atque
2019 3676 2485 3728 consecrarentur
2559 3668 2693 3731 Deo,
2739 3676 2951 3739 septem
2998 3666 3122 3722 dies
3165 3668 3269 3723 sub
3315 3676 3492 3724 matre
3534 3683 3655 3727 esse

333 3760 524 3834 jubet,
553 3762 792 3833 septimo
826 3766 1051 3823 demum
1085 3769 1176 3826 die
1205 3786 1270 3826 ae
1298 3771 1562 3845 deinceps
1592 3787 1662 3828 ex
1694 3771 1777 3828 eis
1801 3770 1948 3827 dona
1985 3774 2043 3823 et
2073 3762 2345 3821 sacriﬁcia
2376 3762 2491 3817 Deo
2519 3760 2710 3815 oﬁ‘erri
2737 3760 2930 3847 licere.

414 3854 629 3911 ΠΔΛΛ.
671 3859 748 3913 Οὐ
784 3861 993 3935 σφόδρα
1023 3866 1204 3938 σαφὴς
1234 3867 1264 3920 6
1289 3867 1467 3938 λόγος.

2101 3859 2300 3916 PALL.
2334 3858 2457 3914 Non
2480 3857 2616 3912 satis
2642 3856 2937 3928 perspicua
2960 3867 3090 3914 sunt
3118 3858 3240 3914 haec
3281 3857 3476 3913 verba.

413 3948 584 4002 ΚΥΡ.
623 3944 702 4004 Ἦ
743 3952 853 4022 γὰρ
878 3955 1001 4026 οὐχὶ
1041 3957 1143 4029 τὴν
1189 3958 1383 4031 ὀγδόην
1420 3962 1520 4033 τὴν
1565 3961 1939 4033 ἀναστάσιμον

2097 3952 2257 4008 CYR.
2309 3950 2392 4005 An
2443 3957 2501 4004 tu
2526 3950 2674 4004 diem
2702 3957 2961 4004 octavum
2998 3950 3426 4005 resurrectionis
3465 3951 3640 4007 nostri

330 4039 437 4095 τοῦ
468 4042 725 4116 Σωτῆρος
770 4047 989 4119 ἡμέραν
1026 4046 1168 4105 εἶναι
1216 4052 1342 4125 φὴς,
1380 4055 1474 4108 καὶ
1517 4055 1694 4128 ἀρχὴν
1748 4054 1939 4127 ὥσπερ

2059 4043 2338 4099 Salvatoris
2355 4042 2503 4097 diem
2532 4057 2655 4096 esse
2684 4042 2913 4096 minime
2945 4041 3158 4107 fateris,
3179 4050 3235 4095 et
3260 4042 3482 4096 initium
3506 4059 3649 4111 quo-

332 4133 540 4200 αἱῶνος
579 4137 724 4204 νέου,
756 4141 1247 4212 παριππεύσαντος
1278 4144 1372 4199 τοῦ
1402 4146 1545 4201 κατὰ
1577 4147 1744 4219 νόμον
1775 4148 1851 4211 ὡς
1883 4149 1942 4202 ὲν

2059 4138 2336 4194 lammodo
2364 4137 2494 4192 novi
2514 4136 2725 4201 saeculi,
2751 4151 2864 4207 quo
2887 4136 3002 4206 jam
3043 4134 3183 4188 illud
3214 4133 3353 4205 legis
3377 4135 3644 4189 saeculum

328 4225 584 4298 ἡμέραις
616 4228 763 4285 ἑπτὰ
794 4234 915 4297 ταῖς
944 4232 1224 4304 πρώταις;

2059 4246 2302 4301 μαηῳιειῐη
2339 4228 2397 4283 in
2428 4228 2628 4283 diebus
2654 4235 2867 4298 septem
2915 4225 3204 4297 prioribus
3244 4226 3651 4296 pertransivit?

413 4320 625 4376 ΠΑΛΛ.
668 4324 836 4395 Φημί.
1804 4334 1939 4383 ε’*ἕὲς

2112 4321 2314 4378 PALL.
2357 4321 2473 4393 Ego
2500 4335 2636 4375 vero
2661 4319 2858 4374 fateor.

411 4412 575 4470 ΚΥΡ.
616 4416 830 4471 Οὐκοῦν
872 4418 1089 4492 ἀνίερόν
1131 4437 1189 4474 τε
1237 4422 1333 4475 καὶ
1379 4422 1823 4496 ἀπροσκόμιστον
1858 4426 1938 4481 ἔτι

2112 4414 2272 4471 CYR.
2316 4413 2490 4486 Igitur
2513 4411 2782 4484 profanus
2822 4418 2908 4466 est
2928 4411 3064 4482 jam,
3093 4417 3149 4465 et
3197 4410 3267 4465 ad
3301 4411 3643 4466 oblationem

327 4505 401 4560 τδ
434 4506 513 4571 ὡς
558 4507 617 4562 ἐν
662 4510 841 4582 χρόνῳ
886 4510 966 4583 τῷ
996 4476 1142 4569 κατὰ
1185 4513 1279 4567 τὸν
1304 4476 1472 4586 νόμον
1508 4476 1937 4588 Velz—eia-

2064 4516 2284 4579 neptus,
2312 4476 2569 4578 quisquis
2589 4512 2676 4560 est
2695 4476 2957 4574 tanquam
2988 4502 3046 4556 in
3067 4502 3208 4574 legis
3249 4509 3518 4572 tempore,
3556 4503 3645 4556 ni-

328 4598 569 4673 λατρείᾳ
619 4606 856 4675 σαρκικῇ
883 4619 897 4634 ’
941 4605 1114 4678 δῶρον
1146 4607 1204 4660 δὲ
1246 4609 1345 4681 ἤδη
1396 4610 1490 4663 καὶ
1540 4610 1937 4682 εὐπρόσδεκτον

2059 4601 2241 4657 nirum
2266 4598 2518 4671 quisquis
2554 4597 2613 4652 in
2656 4597 2809 4652 cultu
2843 4595 3052 4651 carnali
3092 4603 3386 4650 versatur:
3413 4601 3471 4649 et
3519 4603 3647 4663 apta

327 4689 418 4762 τῷ
447 4689 570 4762 Θεῷ
612 4694 721 4747 πᾶν
754 4693 859 4747 εἴτι
888 4694 1073 4751 λοιπὸν
1107 4698 1168 4751 ἐν
1193 4699 1415 4771 Χριστῷ
1450 4700 1591 4754 κατὰ
1619 4699 1717 4772 τὴν
1741 4700 1937 4773 ὀγδόην

2059 4694 2279 4751 ’ἰοὶεείιη
2315 4693 2544 4758 oblatio,
2580 4706 2758 4761 eaque
2803 4691 2919 4745 Deo
2951 4688 3331 4760 aceeptabilis,
3378 4687 3647 4757 quisquis

328 4782 434 4836 καὶ
463 4782 743 4838 ἐπέκεινα.
794 4786 1200 4859 Ἀκατάληκτος
1224 4791 1333 4862 γὰρ
1365 4792 1398 4863 ὴ
1442 4793 1502 4845 ἐν
1546 4791 1772 4864 Χριστῷ
1798 4793 1935 4865 κλῆ-

2059 4803 2102 4841 :x
2135 4792 2331 4842 octavo
2354 4785 2469 4855 jam
2507 4783 2598 4838 die
2617 4798 2682 4837 ac
2713 4782 2983 4851 deinceps
3006 4780 3063 4834 in
3095 4779 3322 4836 Christo
3363 4786 3468 4835 est.
3506 4779 3644 4833 Nam

330 4891 444 4938 σις,
475 4875 655 4951 ἀρχὴν
688 4875 886 4949 ἔχουσα
931 4879 1032 4952 τὴν
1065 4882 1385 4940 ἀνάστασιν.
1430 4885 1544 4938 Καὶ
1587 4884 1748 4940 τοῦτο
1780 4886 1937 4952 εἰδὼς

2059 4876 2126 4931 lla
2153 4876 2212 4930 in
2259 4874 2483 4931 Christo
2518 4873 2757 4938 vocatio,
2784 4887 2913 4926 cum
2939 4886 3009 4926 ex
3055 4871 3179 4942 ejus
3221 4869 3644 4925 resurrectione

334 4963 510 5029 αὐτὸς
555 4965 799 5037 ἔφασκεν
839 4970 869 5022 ὁ
893 4969 1038 5037 Υἱὸς,
1070 4972 1161 5026 ὁτὲ
1210 4973 1333 5044 μὲν,
1371 4992 1391 5026 ι
1432 4974 1602 5028 Ὅταν
1631 4975 1833 5046 ὑψωθῶ
1867 4980 1933 5031 ἐκ

2059 4969 2249 5024 uitium
2286 4967 2608 5038 sumpserit,
2635 4980 2922 5036 nunquam
2959 4964 3196 5020 desinet.
3237 4963 3411 5034 quue
3444 4963 3631 5019 sciens

324 5057 436 5126 τῆς
465 5056 593 5128 γῆς,
637 5059 845 5125 πάντας
885 5061 1099 5117 ἑλκύσω
1132 5064 1272 5135 πρὸς
1319 5066 1579 5137 ἐμαυτὸν,
1624 5086 1643 5120 ι
1696 5067 1786 5121 ὁτὲ
1836 5067 1927 5132 δὲ,

2059 5060 2229 5115 Ἢὶιιε⁸
2252 5058 2475 5114 diccbat
2514 5058 2796 5114 interdum
2839 5055 3066 5127 quidem
3088 5073 3114 5108 εκ
3139 5074 3158 5106 ι
3192 5054 3333 5110 Cum
3363 5054 3641 5109 cxaltatus

332 5167 355 5200 ι
410 5148 584 5222 Ἀμὴν
616 5150 763 5221 λέγω
787 5153 939 5223 ὑμῖν,
979 5156 1075 5211 ἐὰν
1109 5155 1184 5228 μὴ
1208 5158 1238 5210 6
1266 5158 1466 5222 κόκκος
1495 5159 1678 5216 πεσὼν
1717 5161 1800 5223 είς
1828 5161 1931 5234 τὴν

2059 5166 2192 5207 uero
2218 5167 2249 5206 a
2274 5159 2446 5217 terra,
2473 5166 2669 5205 omnes
2697 5147 2912 5203 traham
2943 5147 3012 5202 ad
3035 5147 3307 5217 meipsum
3327 5146 3391 5199 ³⁸.
3414 5164 3434 5196 ›
3456 5145 3638 5200 Inter-

323 5241 441 5311 γῆν
486 5242 757 5316 ἀποθάνῃ,
800 5247 962 5312 αὐτὸς
1004 5248 1163 5319 μόνος
1198 5250 1374 5322 μένει·
1426 5251 1523 5307 ἐὰν
1556 5252 1615 5306 δὲ
1655 5252 1927 5326 ἀποθάνῃ,

2059 5261 2159 5300 ,ιιω
2178 5260 2346 5300 vero:
2381 5264 2399 5295 ι
2426 5244 2605 5299 Amen
2630 5243 2758 5298 dico
2780 5241 2960 5305 vobis,
2979 5240 3089 5295 nisi
3114 5253 3349 5310 granum
3366 5236 3638 5294 frumenti

326 5335 550 5407 καρπὸν
577 5338 803 5394 πλείονα
828 5340 1008 5413 φέρει.
1050 5361 1069 5395 ι

2059 5339 2239 5395 adens
2287 5339 2346 5392 in
2394 5345 2623 5399 terram,
2679 5341 2963 5389 mortuum
3016 5331 3208 5395 fuerit,
3243 5329 3429 5401 ipsum
3452 5330 3637 5386 solum

2039 5438 2256 5497 manet;
2294 5430 2341 5486 si
2368 5438 2552 5485 autem
2574 5434 2857 5483 mortuum
2914 5423 3106 5489 fuerit,
3132 5423 3370 5479 multum
3390 5422 3637 5478 fructum

2223 5524 2290 5577 Ill.
2317 5542 2335 5574 ι

2032 5524 2278 5672 Μίξξὶιι.
2313 5617 2484 5672 Recte
2507 5614 2618 5671 ais:
2652 5613 2793 5670 illud
2817 5629 2975 5681 vero,
2992 5628 3107 5669 non
3130 5609 3494 5669 occidendam
3512 5624 3637 5667 esse

401 5607 616 5664 ΠΑΛΛ.
670 5608 878 5681 Ὀρθῶς
920 5611 1080 5686 ἔφης.
1114 5613 1189 5679 Τὸ
1212 5613 1271 5669 δέ
1308 5629 1374 5684 γε
1409 5613 1486 5688 μὴ
1518 5615 1933 5671 συνδιόλλυσθαι

406 5812 644 5893 ³⁸βοοη.
675 5830 783 5878 xw,
811 5815 864 5872 6.
943 5816 985 5850 ³¹
1020 5820 1195 5878 Exod.
1264 5838 1442 5891 χχχιιι,
1497 5823 1585 5880 26.
1667 5825 1711 5859 ³³
1770 5824 1948 5882 chit.

324 5882 380 5920 ³⁸
401 5882 546 5941 Ibid.
572 5883 665 5941 24.
691 5884 779 5940 25.
1294 5922 1299 5929 .

2059 5840 2157 5892 tu,
2208 5823 2315 5890 27,
2361 5822 2450 5877 9.8.
2531 5818 2578 5853 ³³
2622 5820 2792 5876 Ilebr.
2848 5833 2903 5887 ν,
2940 5816 3028 5872 l2.
3108 5815 3153 5849 "
3185 5811 3346 5872 Joan.
3396 5825 3494 5870 xu.
3540 5807 3631 5864 52.

533 5924 546 5938 ι
577 5920 665 5954 ῌ⁴Ι,
695 5920 779 5940 αυ-
1294 5922 1299 5929 ⁵
