4118 6426
563 357 667 414 705

1574 355 1630 411 S.
1667 353 1946 411 CYRILLI
1987 350 2463 409 ALEXANDle
2501 351 2825 411 ARCHIEP.

3734 349 3840 407 705

562 482 791 529 matrem
823 487 947 527 cum
994 468 1122 527 ﬁliis
1170 468 1366 524 eodem
1390 467 1501 534 die,
1537 467 1802 538 quidnam
1834 463 2147 539 signiﬁcat?

2250 463 2360 516 δεῖν
2393 463 2608 537 μητέρα
2638 467 2751 530 τοῖς
2783 462 2995 527 τέκνοις
3046 461 3103 515 ὲν
3155 460 3338 533 ἡμέρᾳ
3385 461 3509 532 μιᾷ,
3550 460 3602 514 τί
3640 461 3709 515 ἂν
3749 462 3838 534 εἴη

624 655 781 711 CYR.
808 655 945 710 Cum
963 670 1048 719 ea,
1071 671 1194 725 qua:
1216 654 1285 710 ad
1315 651 1983 723 Christumpertinebant,
2006 649 2148 720 opti-

559 762 646 801 me
667 746 1067 811 constituisset,
1094 762 1158 801 ac
1178 746 1596 816 perfectionem,
1617 760 1740 814 quae
1753 759 1853 814 per
1867 743 2023 798 illum
2047 741 2147 796 tri-

559 837 772 902 buitur,
796 837 1203 908 elegantissime
1224 837 1571 908 praedixisset
1597 875 1613 901 ,
1643 835 1808 907 360
1838 849 1950 890 non
1993 835 2149 905 igno-

560 928 716 993 ravit,
758 937 948 998 utpote
975 944 1102 985 cum
1130 930 1279 985 Deus
1302 938 1472 993 esset,
1504 928 1822 984 Iudaeorum
1853 933 2146 981 contuma—

554 1018 696 1072 ciam
716 1029 772 1074 et
791 1019 869 1074 eil'
869 1028 1114 1074 renatam
1125 1019 1433 1083 audaciam,
1455 1017 1528 1072 oh
1541 1032 1773 1087 eamque
1791 1030 2011 1072 causam
2026 1030 2151 1084 per-

554 1108 769 1163 dendos
800 1122 922 1163 esse
948 1108 1245 1173 lsraelitas,
1278 1114 1340 1162 ut
1367 1107 1462 1177 qui
1485 1104 1864 1170 Dominicidze,
1884 1112 1942 1159 et
1968 1103 2026 1157 iu
2048 1102 2147 1158 Dei

558 1198 755 1253 Filium
784 1199 1100 1253 immaniter
1127 1197 1515 1253 contumeliosi
1537 1196 1791 1260 fuissent,
1820 1211 1935 1249 non
1962 1204 2146 1249 tamen

552 1290 861 1345 Jerusalem
887 1290 1136 1345 funditus
1157 1290 1488 1360 perituram,
1516 1287 1613 1343 sed
1636 1287 1767 1342 ﬁliis
1790 1287 1981 1342 orbam
2004 1285 2145 1350 fore,

558 1380 813 1435 ultimum
860 1389 1280 1450 extremumque
1325 1387 1542 1449 tempus
1580 1383 2011 1448 exspectantem,
2035 1391 2148 1445 quo

553 1472 721 1526 etiam
752 1472 868 1542 ipsa
902 1471 1050 1526 salva
1067 1470 1178 1534 (iet,
1209 1478 1407 1541 acpost
1428 1477 1618 1541 gentes
1651 1475 1922 1523 accurret.
1956 1465 2148 1521 Posita

553 1564 700 1618 extim
745 1563 802 1617 in
844 1562 1091 1627 dorsum,
1132 1562 1186 1617 id
1219 1569 1306 1617 est
1343 1569 1513 1625 retro,
1536 1562 1693 1632 juxta
1718 1558 2014 1615 Psallentis
2045 1573 2143 1612 vo-

555 1670 673 1709 cem
694 1671 738 1706 ει
767 1653 1036 1720 Quoniam
1058 1669 1229 1724 pones
1244 1667 1341 1708 eos
1356 1652 1637 1707 dorsum"
1663 1669 1678 1718 ;
1707 1673 1724 1703 ι
1744 1651 1925 1705 omnis
1941 1650 2146 1720 quippe

555 1747 720 1801 Israel
738 1746 920 1801 salvus
933 1745 1025 1801 ﬁet
1036 1746 1104 1810 ³⁷,
1122 1754 1480 1816 posteaquam
1496 1759 1629 1815 grex
1644 1742 1890 1814 gentium
1907 1741 1961 1796 in
1980 1740 2147 1795 ovilia

554 1851 621 1892 se
648 1836 832 1891 divina
860 1836 1149 1906 receperit.
1171 1836 1291 1891 Non
1316 1835 1488 1906 igitur
1509 1840 1763 1889 extremo
1786 1833 2008 1889 excidio
2040 1832 2140 1887 de-

554 1928 658 1983 leri
690 1928 778 1984 lex
802 1928 1101 1997 permittit,
1143 1927 1508 1998 prmdicitque
1547 1926 1881 1997 supplicium
1914 1924 1983 1980 de
2003 1939 2140 1979 con-

555 2020 863 2074 tumacibus
886 2019 1216 2075 sumendum
1260 2035 1400 2085 esse,
1435 2019 1727 2075 clementia
1753 2026 2139 2088 temperatum.

555 2110 725 2167 Simul
749 2111 936 2176 etiam,
972 2112 1265 2181 utopinor,
1295 2110 1354 2166 in
1376 2126 1443 2166 ea
1469 2126 1531 2165 re
1549 2118 1813 2179 tanquam
1830 2108 2142 2178 exemplum

554 2202 826 2271 quoddam
886 2202 1216 2274 cognitionis
1254 2201 1582 2258 necessariae
1612 2201 1915 2266 describit;
1963 2214 2143 2269 neque

551 2293 701 2348 cnim
730 2309 821 2349 res
852 2310 1046 2350 omnes
1084 2295 1365 2349 intereunt
1388 2295 1446 2350 in
1488 2294 1750 2359 nihilum,
1788 2307 1945 2347 mero
1976 2291 2145 2348 exitio

531 2392 809 2475 Itanquam
831 2402 974 2442 saevo
994 2386 1219 2441 domino
1238 2387 1521 2458 subjectae,
1551 2385 1649 2441 sed
1678 2392 2008 2455 permanent
2029 2384 2147 2439 vel-

552 2477 629 2532 uti
663 2477 1112 2533 successionibus
1143 2476 1505 2547 quibusdam,
1534 2483 1591 2531 et
1638 2475 1747 2530 hoc
1770 2474 1830 2529 in
1857 2474 1972 2540 illo,
2009 2473 2145 2529 illud

552 2583 744 2624 rursus
767 2569 824 2624 in
845 2568 951 2623 hoc
981 2576 1258 2634 servatur,
1306 2574 1598 2638 propterea
1639 2565 1787 2637 quod
1817 2582 1946 2621 suas
1987 2581 2145 2621 crea-

551 2669 703 2716 turas
727 2676 826 2732 per
856 2675 1059 2729 genera
1091 2675 1156 2714 ac
1181 2660 1396 2730 species
1442 2658 1696 2714 funditus
1750 2657 1981 2713 interire
2035 2673 2144 2713 non

552 2752 757 2822 patitur
786 2753 953 2807 Deus.
994 2770 1015 2803 ι
1062 2751 1284 2807 Creavit
1311 2750 1484 2817 enim,
1539 2758 1603 2806 ut
1643 2758 1830 2805 essent
1853 2748 2060 2815 omnia,
2091 2756 2147 2804 et

552 2842 823 2898 salutares
835 2842 1218 2914 generationes
1239 2842 1464 2907 mundi,
1497 2862 1515 2894 ι
1539 2843 1682 2898 sicut
1696 2842 1963 2912 scriptum
1978 2851 2061 2898 est
2080 2842 2143 2895 ³⁸.

549 2933 1153 2988 Convenientissimum
1222 2948 1398 3003 porro
1448 2940 1572 2988 erat
1605 2940 1667 2987 ut
1706 2933 1880 2989 iidem
1932 2949 2147 2989 sermo-

552 3039 651 3080 nes
696 3025 969 3096 ejusmodi
994 3040 1217 3095 quoque
1264 3041 1353 3082 res
1377 3026 1815 3096 pramuntiarent
1837 3034 2006 3098 atque
2035 3025 2137 3081 de-

550 3118 843 3182 clararent,
875 3118 972 3188 qui
996 3118 1279 3174 Christum
1324 3118 1726 3189 prazdicabant,
1755 3136 1855 3191 per
1897 3134 2065 3192 quem
2091 3130 2147 3175 et

552 3208 610 3264 in
632 3224 742 3278 quo
760 3225 882 3279 quae
915 3208 1197 3275 interiere,
1235 3220 1549 3277 servantur,
1576 3219 1635 3267 et
1672 3228 1796 3283 quae
1822 3212 2019 3269 mortis
2049 3211 2147 3267 do-

552 3301 763 3358 minatu
779 3310 910 3357 sunt
932 3316 1217 3373 oppressa,
1256 3302 1620 3361 reﬂorescnnt
1642 3305 1713 3360 ad
1742 3305 1915 3360 vitam
1962 3324 1974 3359 :
2017 3321 2145 3362 nam

552 3393 720 3464 stirps
764 3395 990 3449 humani
1020 3395 1241 3467 generis
1296 3405 1355 3451 ut
1379 3395 1436 3451 in
1495 3396 1691 3461 Adam,
1745 3397 1919 3453 veluti
1970 3408 2147 3453 mater

551 3484 805 3553 quaadam
827 3485 1099 3542 exstincta
1122 3495 1247 3553 est;
1274 3487 1372 3557 qui
1419 3495 1603 3543 tamen
1626 3503 1695 3543 ex
1715 3487 1806 3543 illa
1840 3488 1949 3543 orti
1992 3497 2144 3554 sunt,

553 3575 610 3631 id
629 3584 737 3641 est,
766 3592 868 3633 nos
900 3576 1251 3634 reﬂoruimus
1277 3577 1334 3635 in
1362 3577 1610 3645 Christo,
1644 3578 1702 3633 in
1725 3594 1905 3649 eoque
1922 3594 2137 3645 sumus,

553 3676 611 3724 ct
641 3669 938 3735 salvamur,
974 3669 1266 3741 ipsumque
1303 3671 1476 3726 vitam
1504 3678 1562 3726 et
1585 3671 1820 3726 alteram
1872 3670 2146 3741 quodam-

554 3759 720 3816 modo
751 3760 979 3831 stirpem
1000 3760 1174 3817 nostri
1195 3762 1417 3832 generis
1444 3762 1735 3817 habemus.

626 3850 822 3906 PALL.
880 3851 1151 3907 Praeclara
1213 3866 1345 3909 sane
1410 3858 1470 3907 et
1534 3851 1779 3922 expolita
1845 3850 2147 3908 admodum

554 3943 752 4000 oratio.

604 4033 762 4090 CYR.
777 4032 971 4104 Operm
983 4035 1223 4105 pretium
1240 4048 1393 4100 vero,
1411 4033 1639 4099 Palladi,
1659 4042 1745 4090 est
1764 4034 1831 4090 iis
1861 4050 1984 4105 qua:
2002 4034 2149 4091 dicta

556 4133 688 4180 sunt
726 4125 895 4183 etiam
934 4126 1071 4182 illud
1117 4125 1454 4198 adjungere:
1506 4145 1526 4178 ι
1577 4126 1697 4182 Non
1727 4127 2004 4197 plantabis
2047 4127 2148 4183 tibi

558 4217 662 4287 ipsi
695 4233 913 4284 nemus,
946 4233 1110 4273 omne
1131 4218 1340 4289 lignum
1365 4233 1537 4288 prope
1570 4218 1748 4274 altare
1778 4218 1997 4274 Domini
2050 4218 2148 4274 Dei

558 4309 662 4373 tui,
702 4326 814 4365 non
846 4310 1014 4366 facies
1038 4309 1137 4365 tibi
1171 4318 1336 4382 atque
1367 4311 1674 4367 constitues
1718 4317 1990 4377 statuam;
2026 4326 2150 4381 quae

557 4402 677 4457 odit
699 4403 963 4459 Dominus
983 4404 1129 4460 Deus
1160 4412 1289 4460 tuus
1310 4404 1377 4459 ".
1408 4424 1426 4456 ι
1456 4402 1593 4459 Vide
1626 4402 1777 4457 enim
1805 4411 1866 4457 ut
1898 4402 2150 4458 veritatis

561 4492 907 4551 adoratorem
933 4495 1004 4551 ab
1044 4497 1196 4551 omni
1227 4511 1421 4551 errore
1465 4494 1743 4549 idolorum
1772 4509 2005 4563 prorsus
2054 4495 2151 4550 ab-

561 4582 746 4649 ducat,
781 4599 906 4640 cum
934 4587 1224 4657 gentilium
1251 4585 1468 4655 legibus
1489 4584 1570 4639 uti
1591 4583 1819 4638 minime
1843 4584 2146 4654 permittat,

563 4684 619 4731 et
639 4676 859 4733 illorum
902 4694 1084 4735 mores
1120 4679 1362 4748 abjicere
1398 4676 1703 4747 praecipiat,
1746 4677 1965 4735 etiamsi
2013 4680 2153 4737 nihil

563 4766 891 4825 oﬂ‘ensionis
913 4768 1145 4826 fortasse
1168 4766 1432 4834 habeant,
1473 4766 1519 4823 si
1550 4777 1865 4824 serventur.

636 4955 834 5012 PALL.
879 4955 1051 5023 Quale
1087 4953 1309 5010 tandem
1335 4956 1483 5011 istud
1505 4965 1613 5022 est,
1636 4956 1785 5029 qu'od
1817 4959 1957 5015 dicis
1984 4961 2009 5015 ?

620 5048 779 5105 ΟΥΕ.
798 5046 1248 5111 Gentiles,sieubi
1273 5046 1472 5105 densas
1492 5049 1738 5115 arbores,
1761 5050 1920 5123 361
1947 5052 2159 5108 lucum-

565 5155 674 5210 que
698 5147 874 5195 totum
898 5136 1119 5192 abunde
1144 5152 1381 5207 opacum
1404 5139 1908 5211 deprehenderant,
1933 5142 2009 5197 ibi
2034 5158 2160 5199 aras

567 5230 637 5290 ad
660 5230 971 5286 daemonum
1024 5227 1293 5285 sacriﬁcia
1328 5232 1717 5288 exstruebant:
1750 5231 1966 5289 scilicet
2017 5247 2159 5303 opus

566 5331 689 5377 erat
703 5318 1102 5377 daemoniorum
1118 5319 1231 5376 aris
1254 5328 1514 5393 tanquam
1534 5324 1942 5383 aberrationem
1957 5339 2155 5394 quam-

569 5413 694 5468 dam
714 5410 884 5467 animi
906 5426 971 5466 ac
984 5413 1271 5470 saeculares
1283 5414 1681 5473 oblectationes
1704 5416 1994 5487 adjunctas
2013 5431 2157 5481 esse;

548 5519 699 5559 nam
715 5502 927 5560 falsitas
946 5503 1062 5576 ipsa
1086 5520 1185 5575 per
1212 5522 1272 5563 se
1287 5508 1509 5564 infirma
1530 5518 1649 5575 est;
1677 5506 1946 5564 adhibitis
1970 5516 2157 5563 autem

568 5594 916 5651 extrinsecus
936 5610 1182 5668 persaepe
1205 5598 1368 5665 fucis,
1431 5608 1687 5665 ornatur,
1711 5606 1772 5652 ut
1809 5607 2003 5668 turpes
2039 5614 2160 5654 mu-

689 5776 736 5810 "
767 5777 907 5835 Psal.
940 5748 1028 5848 xi,
1062 5779 1147 5835 is.
1226 5782 1268 5814 ιτ
1299 5781 1457 5836 Rom.
1501 5797 1574 5846 x1,
1610 5781 1694 5836 '26.
1777 5780 1818 5812 ιε
1844 5781 1971 5853 Sap.
1998 5795 2035 5849 ι,
2077 5778 2162 5835 1t.

2252 572 2413 608 παΛιν
2436 572 2451 618 ;

2319 646 2483 700 ΚΥΡ.
2519 646 2911 717 Νομοθετήσας
2948 640 3009 721 εὖ
3046 642 3193 714 μάλα
3229 641 3302 695 τὰ
3334 642 3426 694 ἐπὶ
3456 640 3703 712 Χριστῷ,
3743 643 3841 697 καὶ

2246 735 2348 808 τὴν
2393 737 2461 790 δι’
2506 736 2674 791 αὑτοῦ
2728 737 3006 789 τελείωσιν
3052 734 3529 806 προαναφωνήσας
3575 733 3841 799 ἀστείως,

2247 828 2349 882 οὐκ
2387 828 2676 899 ἠγνόησεν,
2721 828 2797 892 ὡς
2834 827 2989 891 Θεὸς,
3035 826 3147 881 τῶν
3189 824 3461 880 Ἰουδαίων
3483 824 3544 878 τὸ
3589 825 3839 892 ἀπειθὲς,

2248 921 2479 990 καὶτῆς
2533 919 2890 992 Ἰερουσαλὴμ
2936 920 2999 973 τὸ
3044 919 3316 990 δυσηνιον⁹
3366 918 3461 970 καὶ
3505 917 3586 970 ὅτι
3628 917 3840 987 ταύτης

2247 1010 2413 1065 ἓνεκα
2439 1011 2540 1081 τῆς
2570 1012 2771 1074 αἰτίας,
2804 1010 3289 1082 ὀλοθρευθήσονται
3323 1009 3421 1080 μὲν
3452 1008 3527 1071 ὡς
3552 1011 3843 1080 κυριοκτό-

2248 1120 2351 1168 νοι,
2398 1096 2491 1157 καὶ
2520 1101 2728 1174 ἀγρίως
2775 1101 3235 1173 πεπαρῳνηκότες
3278 1102 3360 1164 εἰς
3391 1099 3481 1155 τὸν
3522 1100 3653 1154 Υίδν
3690 1102 3741 1153 οἱ
3779 1101 3841 1166 ἐξ

2262 1195 2501 1268 Ἰσραὴλ,
2550 1195 2687 1268 πλὴν
2734 1196 2837 1249 οὐκ
2905 1194 3137 1248 είσάπαν
3177 1193 3419 1265 δλόριζος
3480 1192 3841 1264 Ἰερουσαλὴμ

2247 1287 2550 1357 οἰχήσεται,
2578 1287 2729 1357 μενεῖ
2758 1286 2815 1340 δὲ
2838 1285 3029 1357 ὥσπερ
3051 1284 3257 1356 ἔρημος
3280 1284 3508 1349 τέκνων,
3533 1283 3626 1337 τὸν
3648 1283 3838 1336 τελευ-

2248 1380 2398 1432 ταῖον
2427 1377 2524 1431 καὶ
2568 1378 2626 1432 ὲν
2665 1378 2919 1449 ἐσχάτοις
2950 1378 3321 1449 περιμένουσα
3356 1375 3570 1446 καιρὸν,
3623 1375 3747 1428 καθ’
3778 1374 3838 1427 ὃν

2248 1470 2344 1523 καὶ
2384 1470 2523 1543 αὑτὴ
2566 1470 2869 1541 σωθήσεται
2917 1470 3149 1525 κατόπιν
3184 1469 3453 1541 τρέχουσα
3485 1468 3595 1521 τῶν
3641 1466 3837 1520 ὲθνῶνο

2248 1562 2485 1616 τέθειται
2514 1562 2627 1634 γὰρ
2654 1565 2733 1628 εἰς
2763 1563 2955 1629 νῶτον,
2979 1562 3125 1616 τοῦτ’
3146 1561 3315 1629 ἐστιν,
3346 1562 3545 1624 ὀπίσω,
3573 1560 3716 1613 κατὰ
3738 1560 3839 1630 τὴν
3858 1628 3869 1637 _

2248 1655 2344 1709 τοῦ
2371 1655 2678 1720 Ψάλλοντος
2700 1656 2905 1727 φωνὴν,
2946 1679 2965 1707 ι
3010 1657 3134 1709 ’Ότι
3167 1654 3322 1725 θήσει
3344 1655 3544 1716 αὐτοὺς
3573 1652 3773 1705 νῶτον·
3812 1671 3832 1702 ›

2251 1748 2360 1812 πᾶς
2401 1747 2510 1819 γὰρ
2576 1749 2794 1820 Ἰσραὴλ
2844 1748 3169 1819 σωθήσεται,
3212 1747 3314 1818 τῆς
3337 1746 3399 1812 ἐξ
3424 1746 3596 1800 ὲθνῶν
3632 1746 3836 1817 ἀγέλης

2176 1816 2354 1905 Βτοῖς
2402 1816 2568 1903 θείοις
2611 1816 2803 1912 σηκοίς
2857 1816 3383 1910 προενηυλισμένης.
3443 1836 3562 1893 Οὐκ
3617 1839 3684 1909 ἐᾷ
3726 1856 3840 1892 τοι·

2243 1928 2449 2002 γαροῦν
2481 1930 2511 1983 ὁ
2536 1930 2700 2002 νόμος
2744 1929 2844 2002 τὴν
2872 1930 2948 1992 ὼς
2976 1932 3034 1983 ὲν
3065 1930 3271 2000 ἐσχάτῃ
3302 1928 3649 1999 πανωλεθρίᾳ
3674 1929 3838 1997 γενέ-

2247 2024 2373 2079 σθαι
2404 2024 2630 2097 φθορὰν,
2666 2025 2966 2096 ήμερότητι
2994 2023 3449 2095 συγκεκραμένην
3476 2021 3576 2093 τὴν
3597 2021 3692 2075 ἐπὶ
3722 2022 3839 2085 τοῖς

2243 2117 2576 2189 ἀπειθήσασι
2600 2117 3018 2188 προαναφαίνων
3042 2116 3235 2188 ὀργὴν,
3264 2117 3320 2168 ὲν
3343 2114 3527 2185 ταύτῷ
3574 2114 3653 2179 δὲ,
3683 2108 3841 2185 οἶμαι

2244 2208 2432 2262 τύπων
2458 2207 2647 2280 ὥσπερ
2681 2208 2808 2262 τινὰ
2844 2207 2904 2261 τὸ
2932 2207 3121 2279 χρῆμα
3158 2206 3330 2271 τιθεὶς
3375 2200 3633 2278 εἶδήσεως
3655 2204 3834 2272 ἀναγ⁶

2246 2302 2430 2367 καίας.
2460 2302 2703 2356 ’ΊΙκιστα
2743 2302 2842 2372 μὲν
2886 2300 2996 2372 γὰρ
3024 2301 3309 2371 οἰχήσεται
3337 2299 3406 2352 τὰ
3452 2298 3581 2351 ὄντα
3607 2297 3745 2369 πρὸς
3775 2297 3845 2351 τὸ

2250 2395 2416 2466 μηδὲν
2468 2395 2692 2465 ἀκράτῳ
2743 2393 2922 2467 φθορᾷ
2977 2391 3409 2464 τυραννούμενα,
3473 2392 3723 2462 διαμενεῖ
3776 2389 3838 2443 δὲ

2247 2486 2435 2556 ὥσπερ
2460 2490 2579 2543 ταῖς
2600 2486 2871 2557 διαδοχαῖς
2893 2485 3050 2539 τοῦτο
3077 2488 3135 2539 ἐν
3160 2484 3379 2555 ἐκείνῳ,
3411 2485 3629 2538 κάκεῖνο
3662 2482 3832 2553 τυχὸν

2248 2580 2306 2631 ἐν
2338 2577 2513 2649 τούτῳ
2539 2577 2846 2644 σωζόμενα,
2875 2577 3017 2631 κατὰ
3046 2594 3110 2646 γε
3136 2577 3197 2630 τὸ
3228 2574 3543 2646 συγγενὲςῆ
3570 2575 3842 2647 ὁμοειδὲς,

2245 2668 2339 2723 τὸν
2381 2667 2616 2722 είσάπαν
2668 2667 2892 2739 ὄλεθρον
2940 2666 3051 2720 τῶν
3090 2657 3239 2721 ἰδίων
3271 2663 3586 2736 κτισμάτων
3641 2665 3845 2718 ἀποσο-

2247 2760 2471 2825 ϐοῦντος
2517 2758 2614 2813 τοῦ
2660 2758 2818 2814 Θεοῦ.
2859 2778 2877 2812 ι
2919 2760 3144 2813 Ἔκτισε
3189 2757 3299 2830 γὰρ
3330 2759 3412 2822 εἰς
3464 2755 3525 2811 τὸ
3580 2752 3726 2812 εἶναι
3769 2755 3845 2809 τὰ

2248 2850 2429 2905 πάντα
2472 2850 2565 2903 καὶ
2595 2849 2850 2921 σωτήριοι
2876 2850 2930 2902 αἱ
2957 2848 3199 2917 γενέσεις
3234 2847 3328 2902 τοῦ
3355 2847 3586 2919 κόσμου,
3638 2864 3657 2898 ι
3694 2846 3845 2900 κατὰ

2247 2943 2310 2997 τὸ
2362 2942 2774 3015 γεγραμμένον.
2828 2941 3078 3012 Ἔπρεπε
3109 2940 3167 2994 δὲ
3215 2940 3310 2994 καὶ⁵
3375 2940 3486 2999 τῶν
3511 2938 3771 2993 τοιούτοιν
3804 2941 3843 3009 ή

2251 3040 2676 3108 προαγόρευσις,
2722 3033 2818 3087 καὶ
2866 3033 2974 3105 μὴν
3027 3032 3193 3103 καὶὴ
3251 3031 3507 3103 δήλωσις,
3550 3030 3661 3083 τῶν
3712 3033 3846 3101 περὶ

2250 3123 2487 3197 Χριστοῦ
2522 3123 2717 3193 λόγων,
2750 3124 2816 3177 δι’
2855 3122 2913 3177 ὃν
2945 3121 3038 3177 καὶ
3061 3124 3119 3175 ὲν
3147 3114 3191 3190 ᾧ
3212 3122 3279 3177 τὰ
3307 3121 3628 3193 ἐφθαρμένα
3664 3119 3845 3185 σώζε-

2251 3235 2365 3278 ται,
2413 3215 2508 3271 καὶ
2542 3215 2606 3268 τὸ
2645 3214 2862 3291 θανάτῳ
2913 3212 3344 3286 τυραννούμενον
3393 3212 3723 3283 ἀνατέθηλεν
3760 3214 3847 3277 εἰς

2254 3308 2422 3380 ζωὴν,
2468 3306 2824 3379 τετελεύτηκε
2871 3307 2970 3378 μὲν
3003 3305 3111 3379 γὰρ
3145 3307 3179 3377 η
3210 3305 3339 3376 ῥίζα
3368 3303 3465 3357 τοῦ
3495 3301 3843 3375 ἀνθρωπείου

2253 3399 2445 3468 γένους
2475 3393 2567 3453 οἶά
2584 3416 2670 3463 τις
2699 3399 2904 3471 μήτηρ,
2929 3399 3004 3461 ὼς
3025 3400 3084 3451 ἐν
3116 3395 3308 3468 ’Δδὰμ,
3330 3394 3472 3467 πλὴν
3492 3397 3541 3449 οἱ
3562 3395 3623 3458 ἐξ
3644 3394 3842 3463 αὐτῆς.

2253 3478 2589 3556 τοῦτδέστιν,
2615 3492 2799 3561 ἡμεῖς,
2830 3488 3191 3560 ἀνεθάλλομεν
3218 3489 3277 3543 ὲν
3299 3486 3519 3559 Χριστῷ
3547 3487 3643 3540 καὶ
3672 3485 3846 3555 ἐσμὲν

2256 3583 2351 3636 καὶ
2386 3580 2699 3652 σωζόμεθα,
2733 3580 2879 3652 ζωὴν
2905 3580 3120 3652 ἔχοντες
3151 3579 3313 3634 αὐτὸν
3340 3579 3436 3633 καὶ⁵
3461 3576 3618 3649 ῥίζαν
3651 3575 3845 3647 ὥσπερ

2252 3675 2348 3730 τοῦ
2378 3675 2571 3744 γένους
2597 3673 2877 3745 δευτέραν.

2326 3854 2536 3910 ΠΛΛΛ.
2592 3854 2682 3918 Ὠς
2724 3848 2785 3908 εὖ
2829 3869 2894 3924 γε
2938 3848 3004 3923 δὴ
3051 3849 3147 3905 καὶ
3186 3849 3331 3921 μάλα
3377 3846 3768 3919 ἀπεζεσμένως
3815 3847 3845 3899 ὁ

2254 3948 2411 4018 λόγος
2427 3947 2581 4022 ἔχει.

2329 4040 2496 4111 Κὶἶξ).
2548 4039 2731 4106 Ἄξιον
2785 4036 2864 4104 δὲ,
2921 4028 2966 4091 ὦ
3015 4035 3305 4100 Παλλάδιε,
3374 4034 3485 4097 τοῖς
3528 4030 3845 4104 είρημένοις

2254 4134 2594 4201 ἐπενεγκεῖν,
2637 4131 2721 4186 τόο
2760 4149 2781 4183 ι
2822 4130 2899 4183 Οὐ
2930 4128 3219 4201 φυτεύσεις
3260 4125 3474 4197 σεαυτῷ
3516 4126 3699 4188 ἄλσος·
3733 4126 3844 4177 πᾶν

2257 4227 2413 4294 ξύλον
2447 4225 2600 4297 παρὰ
2632 4224 2694 4277 τὸ
2733 4223 3119 4294 θυσιαστήριον
3158 4221 3369 4293 Κυρίου
3399 4218 3493 4273 τοῦ
3542 4217 3679 4271 Θεοῦ
3723 4234 3840 4282 σου,

2254 4321 2315 4374 ού
2367 4318 2616 4390 ποιήσεις
2653 4314 2889 4387 σεαυτῷ,
2928 4314 2990 4368 ού
3026 4314 3245 4384 στήσεις
3289 4310 3505 4381 σεαυτῷ
3542 4311 3771 4382 στήλην,
3807 4309 3844 4364 ἃ

2255 4411 2485 4484 ἐμίσησε
2516 4407 2724 4480 Κύριος
2748 4407 2777 4460 ὁ
2804 4406 2938 4471 θεός
2966 4423 3084 4461 σου.
3124 4423 3142 4457 ι
3180 4404 3291 4459 Θέα
3326 4404 3432 4478 γὰρ
3455 4403 3601 4465 ὅπως
3630 4402 3843 4454 εἰδωλο-

2182 4541 2227 4597 D
2258 4507 2505 4582 πρεποῦς
2525 4508 2742 4578 ἀπάτης
2757 4501 3310 4597 ὲξοικίζειμπαντελῶς
3335 4501 3428 4553 τὸν
3451 4499 3557 4597 τῆς
3572 4496 3842 4597 digii-eia;

2254 4597 2667 4673 προσκυνητὴν,
2714 4596 2917 4666 ἥκιστα
2969 4592 3071 4662 μὲν
3139 4594 3338 4663 ἐφιεὶς,
3387 4591 3501 4653 τοῖς
3572 4588 3843 4659 Ἑλλήνων

2251 4689 2666 4764 ἁποκεχρῆσθαι
2704 4688 2922 4758 νόμοις,
2959 4683 3314 4739 ἀποσείεσθαι
3359 4681 3416 4735 δὲ
3453 4681 3563 4734 δεῖν
3603 4677 3676 4732 τὰ
3714 4678 3843 4747 παρ’

2141 4832 2153 4851 ,
2253 4787 2483 4849 ἐκείνοις
2509 4783 2608 4853 ἔθη
2638 4779 2990 4852 παρεγγυῶν,
3026 4776 3131 4831 κᾶν
3158 4778 3207 4830 εί
3240 4776 3403 4848 μηδὲν
3444 4773 3619 4845 ἔχοιεν
3654 4771 3721 4826 τὸ
3756 4772 3844 4824 λυ-

2255 4878 2413 4941 ποῦν,
2445 4877 2540 4933 καὶ
2568 4877 2616 4928 εἰ
2645 4873 2884 4942 γίνοιντο
2916 4871 3100 4942 τυχόν.

2328 4970 2542 5025 ΠΑΛΛ.
2584 4962 2710 5021 Οἷόν
2746 4982 2799 5019 τι
2826 4967 2967 5036 φήςς

2326 5059 2492 5115 ΚΥΡ.
2536 5058 2618 5112 Τὰ
2643 5056 3009 5128 εύερνέστατα
3032 5053 3141 5108 τῶν
3169 5052 3359 5125 φυτῶν
3380 5049 3560 5106 πάντα
3582 5066 3643 5104 τε
3676 5052 3848 5122 ἀμφι-

2255 5148 2443 5220 λαφῶς
2477 5146 2738 5218 κομῶντα
2762 5143 2967 5217 δρυμὸν
3011 5141 3527 5213 καταλαμϐάνοντες
3562 5140 3848 5211 Ἕλληνες.

2260 5240 2476 5311 βωμοὺς
2498 5237 2594 5291 καὶ
2610 5235 2803 5297 θυσίας
2826 5236 2939 5298 τοῖς
2964 5232 3260 5302 δαιμονίοις
3283 5231 3696 5287 ἴστασαν.⁹Εδει
3717 5230 3845 5303 γὰρ,

2257 5330 2365 5385 ἔδει
2409 5329 2524 5391 τοῖς
2569 5324 2679 5379 τῶν
2725 5323 3019 5394 δαιμονίων
3069 5321 3275 5393 βωμοῖς
3317 5320 3604 5391 ἀποφορὰν
3657 5318 3851 5389 ὥσπερ

2259 5421 2375 5485 νοῦ,
2405 5420 2498 5473 καὶ
2549 5417 2656 5490 μὴν
2687 5417 2784 5471 καὶ
2812 5415 3035 5488 τέρψεις
3075 5411 3510 5484 παραπεπῆχθαι
3552 5411 3848 5483 κοσμικὰς.

2260 5509 2428 5564 Νοσεῖ
2448 5509 2558 5576 γὰρ
2577 5506 2638 5559 τὸ
2653 5504 2849 5576 ψεῦδος
2868 5502 3082 5558 οἴκοθεν
3110 5502 3213 5574 μὲν
3232 5501 3294 5555 τὸ
3323 5501 3542 5570 ἄναλκι,
3574 5501 3852 5556 κατακαλ-

2262 5599 2481 5654 λύνεται
2535 5597 2592 5651 δὲ
2649 5595 2913 5660 πολλάκις
2962 5596 3077 5659 τοῖς
3133 5595 3469 5666 εἰσποιητοῖς
3520 5593 3849 5666 ὡραῖσμοῖς,

2239 5779 2282 5813 ³⁸
2312 5780 2469 5837 Deut.
2507 5795 2615 5846 XVI,
2644 5777 2736 5847 21,
2768 5776 2869 5836 22.
