4118 6486
295 441 417 501 705

1063 441 1152 495 DE
1189 437 1632 494 ADORATIONE
1675 439 1741 494 IN
1785 437 2055 494 SPlRlTU
2087 439 2176 494 ET
2216 441 2587 500 VERITATE.
2633 445 2759 502 LIB.
2802 448 2868 502 Χ.

3495 447 3598 505 7οὓ

301 559 566 630 καθάπερ
598 555 792 626 ἀμέλει
825 553 918 608 καὶ
954 553 1061 606 τῶν
1101 551 1341 620 γυναίων
1375 550 1442 604 τὰ
1467 551 1701 621 ἄσεμνα.
1733 549 1826 619 Τῷ
1859 549 1915 602 δὲ

2026 553 2271 610 lierculzr
2323 558 2520 612 solent.
2563 559 2704 613 Illud
2754 576 2923 630 porro
2966 561 3217 618 divinum
3277 565 3452 620 altare
3471 581 3599 621 eum

300 651 449 720 θείῳ
483 645 862 718 θυσιαστηρίῳ
907 644 987 715 τῷ
1031 643 1130 715 τῆς
1171 642 1429 714 ἀληθείας
1460 641 1909 712 ἁπαστρᾶπτοντι

302 739 525 801 κάλλει,
578 735 748 788 ποίων
809 734 916 786 ἔδει
979 731 1089 785 τῶν
1149 730 1351 798 ἔξωθεν
1422 731 1910 800 ὲπικουπμάτων,

301 831 484 900 ἤγουν
516 827 740 880 είκαίων
777 821 1110 896 ὼραῖσμῶνς
1142 823 1204 876 οὐ
1240 823 1347 893 γὰρ
1392 821 1481 874 διὰ
1522 820 1768 892 τέρψεως
1820 835 1908 873 κο-

299 921 522 991 σμικῆς
574 917 834 988 προσιτὸν
891 917 952 968 τὸ
1003 916 1168 978 Οεῖον,
1220 914 1342 969 οὐδὲ
1382 912 1654 984 ἀνειμένῳ
1710 912 1912 984 τρόπον

307 1011 438 1064 τινὰ
468 1010 543 1079 νῷ
576 1010 670 1062 καὶ
699 1008 998 1061 ἁνάπτοντι
1031 1006 1167 1076 πρὸς
1199 1005 1268 1058 τὰ
1305 1003 1564 1074 σαρκικὰ,
1602 1004 1717 1057 ἀλλ’
1748 1004 1824 1066 ὡς
1855 1005 1912 1055 ἐν

306 1101 564 1173 νηφούσῃ
598 1099 808 1170 διανοίᾳ
835 1098 930 1151 καὶ
958 1096 1094 1149 πολῦ
1125 1095 1262 1166 πρὸς
1291 1094 1349 1147 τὸ
1380 1093 1492 1147 ἂνω
1523 1093 1794 1164 βλεπούσῃ
1822 1093 1914 1144 καὶ

303 1198 370 1248 ἐν
409 1195 686 1266 οὐρανοῖς.
724 1193 900 1262 Εἴπερ
931 1185 1000 1260 ἦν
1032 1189 1169 1252 ὅλως
1211 1186 1304 1240 καὶ
1335 1187 1442 1238 ὑπὸ
1482 1186 1702 1257 πρέμνα
1729 1185 1913 1256 τυχὶν,

303 1290 391 1352 ὡς
420 1290 488 1341 ἐκ
523 1285 868 1356 ταυτομάτου
918 1282 1142 1352 γεγονὸς
1177 1279 1319 1333 θεῖόν
1356 1297 1461 1332 που
1502 1278 1912 1350 Θυσιαστήριον,

303 1379 577 1451 ἠδίκησεν
611 1376 768 1456 ἂντὸ
798 1375 989 1447 χρῆμα
1015 1371 1169 1456 οὐδὲν
1197 1370 1288 1424 τὸν
1318 1370 1538 1440 ἀσφαλῆ
1571 1371 1664 1423 καὶ
1692 1371 1916 1439 γνήσιον

304 1467 410 1520 τοῦ
461 1452 724 1538 Σωτῆρος
765 1452 1188 1536 προσκυνητήν·
1227 1461 1416 1532 ἐπειδὴ
1465 1459 1524 1513 δέ
1585 1460 1734 1512 ἐστιν
1781 1458 1916 1522 ὅλως

320 1559 647 1630 Ἑλληνικὸν
675 1559 739 1611 τὸ
759 1557 1019 1626 ἐπιτήδευ
1029 1572 1124 1626 μα,
1149 1553 1518 1625 παραιτητέον
1535 1552 1634 1625 τὴν
1661 1553 1914 1625 μίμησιν,

307 1653 525 1722 καὶτῆς
545 1649 838 1720 συνηθείας
857 1649 920 1702 τὸ
939 1647 1199 1718 ἐμφερὲς,
1221 1646 1475 1716 καθάπερ
1490 1646 1701 1716 ἀμέλει,
1723 1645 1802 1714 τῷ
1821 1645 1919 1716 μὲν

2011 651 2384 720 ιιυΙοΙιρΠ-ἰιηει
2455 653 2706 708 veritatis
2776 655 2960 724 specie
3013 656 3290 728 fulgeret,
3345 674 3600 728 quaenam

2011 741 2324 797 extrinseca
2357 743 2696 814 adjumenta,
2718 754 2812 798 aut
2831 762 2970 801 vana
2993 756 3319 802 ornamenta
3348 748 3602 818 require-

2013 835 2142 888 ret?
2170 850 2350 905 neque
2385 835 2532 890 enim
2567 851 2666 904 per
2689 838 2973 892 szecularia
3035 840 3436 895 oblectamenta
3480 841 3602 894 adi—

2010 925 2192 994 tur_ad
2241 927 2436 989 Deum,
2485 943 2664 996 neque
2703 930 2884 984 soluto
2917 930 3260 1000 remissoque
3302 931 3508 993 animo,
3546 941 3604 985 et

2019 1020 2089 1073 ad
2109 1021 2360 1074 carnales
2383 1019 2696 1089 voluptates
2719 1022 2966 1091 proiecto
2998 1029 3161 1092 atque
3193 1023 3477 1091 resupino,
3505 1021 3602 1076 sed

2014 1112 2349 1182 vigilantiae
2381 1127 2602 1166 sursum
2651 1113 3021 1168 intentissime
3053 1113 3397 1184 respicienti,
3447 1122 3504 1168 et
3549 1117 3603 1166 in

2013 1201 2171 1256 ccelis
2195 1202 2320 1255 ﬁxo.
2344 1202 2440 1266 Ae,
2472 1204 2516 1256 si
2552 1202 2784 1258 fortuito
2803 1220 2869 1258 ex
2898 1204 2992 1257 illo
3016 1204 3206 1258 divino
3228 1205 3384 1258 altari
3401 1206 3604 1275 stirpes

2015 1293 2381 1356 exstitissent,
2410 1309 2475 1347 ea
2521 1309 2612 1348 res
2641 1292 2799 1348 ﬁrmo
2824 1309 2887 1347 ac
2921 1292 3066 1348 ﬁdeli
3099 1294 3274 1348 nostri
3303 1292 3606 1350 Salvatoris

2015 1382 2299 1438 adoratori
2338 1384 2474 1438 nihil
2505 1384 2807 1439 obl'uisset:
2840 1383 2958 1448 sed,
3011 1385 3138 1453 quia
3185 1384 3474 1454 gentilium
3519 1390 3607 1438 est

2016 1489 2248 1546 prorsus
2304 1475 2358 1531 id
2426 1477 2768 1541 institutum,
2829 1475 3152 1547 refugienda
3205 1483 3289 1529 est
3346 1476 3602 1539 imitatio,

2016 1575 2182 1638 atque
2258 1567 2681 1622 consuetudinis
2753 1567 3082 1632 similitudo,
3138 1566 3607 1637 quemadmodum

2014 1659 2212 1731 procul
2240 1659 2412 1714 dubio
2454 1659 2604 1714 ﬁdeli
2631 1660 2868 1725 homini,
2918 1668 2976 1715 et
3026 1660 3083 1714 in
3111 1675 3243 1714 vera
3293 1659 3607 1729 cognitione
3651 1717 3654 1719 ς

307 1743 500 1815 πιστῷ
531 1744 629 1796 καὶ
648 1740 906 1812 βεϐηκότι
930 1739 1008 1811 νῷ
1043 1738 1180 1810 πρὸς
1216 1737 1394 1808 ἀληοῆ
1426 1737 1654 1807 εἴδησιν,
1699 1736 1916 1790 εἴδωλον

2025 1763 2189 1824 atque
2218 1754 2449 1809 scientia
2474 1754 2825 1817 conﬁrmato,
2852 1752 2993 1806 nihil
3017 1758 3107 1806 est
3127 1751 3333 1805 idolum
3363 1751 3417 1802 in
3445 1764 3610 1803 mun-

309 1832 423 1902 μὲν
475 1830 631 1884 οὐδὲν
661 1831 720 1882 ἐν
750 1828 964 1900 κόσμῳ,
1017 1827 1132 1882 ἀλλ’
1167 1827 1288 1881 οὐδὲ
1340 1826 1689 1880 εἰδωλόθυτόν
1744 1829 1914 1894 ἐστιν,

306 1922 524 1977 ἐσθίειν
545 1939 609 1990 γε
648 1921 756 1990 μὴν
781 1922 883 1974 οὐκ
916 1920 1128 1988 ἐφίεται
1159 1919 1585 1990 παρεγγυῶντος
1612 1920 1801 1991 ἐτέρου
1829 1920 1916 1975 διὰ

295 2018 418 2087 ιιι-ὴν
445 2015 555 2070 τῶν
583 2014 991 2086 ἀσθενεστέρων
1024 2014 1346 2084 συνείδησιν
1395 2033 1412 2065 ι
1451 2014 1568 2068 Ἵνα
1595 2014 1648 2066 τί
1680 2015 1788 2086 γὰρ
1806 2014 1916 2084 ἐγὼ

306 2110 578 2180 κρίνομαι
605 2107 713 2160 ὑπὸ
739 2107 905 2175 ἄλλης
933 2107 1320 2178 συνειδήσεως;
1355 2107 1418 2159 Εἰ
1448 2105 1561 2176 ἐγὼ
1579 2107 1764 2178 χάριτι
1790 2124 1918 2177 μετ-

308 2204 451 2272 έχω,
483 2202 536 2256 τί
570 2200 1034 2272 βλασφημοῦμαι,
1077 2199 1219 2270 uri-.9
1254 2194 1316 2254 οὗ
1355 2199 1467 2270 ἐγὼ
1502 2199 1850 2272 εὐχαριστῶς
1890 2219 1908 2252 ι

308 2294 602 2366 εὐδοκιμεῖ
641 2292 932 2365 τοιγαροῦν
963 2291 1026 2346 τὸ
1058 2292 1248 2363 χρῆμα
1281 2292 1435 2364 παρὰ
1469 2292 1588 2364 Θεῷ
1619 2294 1681 2346 τὸ
1713 2309 1918 2363 παραι-

305 2389 531 2443 τεῖσθαί
560 2405 703 2460 φημι
731 2388 832 2460 τὴν
865 2387 1002 2458 πρὸς
1029 2385 1298 2456 Ἐλλήνας
1334 2386 1636 2458 ίσουργίαν,
1668 2386 1744 2450 ὡς
1772 2385 1827 2439 ἕν
1857 2402 1918 2440 τε

301 2485 385 2554 τῇ
425 2483 536 2536 τῶν
569 2481 972 2552 θυσιαστηρίων
1005 2478 1175 2543 Θέσει,
1209 2478 1305 2533 καὶ
1352 2481 1412 2532 ὲν
1449 2480 1564 2542 τοῖς
1614 2479 1743 2550 περὶ
1780 2478 1918 2551 θρη-

307 2572 513 2635 σκείας
548 2571 696 2625 ἔθεσί
728 2589 788 2625 τε
817 2571 911 2625 καὶ
938 2569 1182 2642 τρόποις.

392 2663 607 2717 ΠΛΛΛ.
649 2659 937 2732 Σύμφημι.

393 2753 561 2806 ΚΥΡ.
604 2751 678 2804 Τὸ
727 2751 785 2804 δὲ
831 2751 898 2822 δὴ
944 2751 1142 2824 χρῆναι
1199 2735 1574 2824 καρποφορεῖν
1622 2752 1702 2814 εἰς
1761 2748 1920 2816 δόξαν

298 2845 481 2910 Θεοῦ,
537 2845 634 2900 καὶ
687 2844 763 2917 μὴ
809 2844 976 2910 κενὰς
1008 2849 1197 2919 χεῖρας
1233 2844 1458 2917 ἔχοντας
1501 2847 1582 2909 είς
1623 2843 1728 2916 τὴν
1760 2843 1922 2913 ἁγίαν

314 2939 461 2992 ξέναι
510 2937 738 3009 σκηνὴν,
787 2937 1034 3007 διεσάφει
1089 2939 1258 2993 πάλιν
1312 2939 1448 3010 ἡμῖν
1492 2937 1558 2991 τὸ
1589 2937 1830 3008 Γράμμα
1860 2936 1922 2990 τὸ

313 3030 504 3103 ἱερὸν,
531 3032 590 3083 ὲν
619 3031 734 3094 τοῖς
777 3028 1059 3101 Ἀριθμοῖς
1088 3029 1263 3094 οὕτως
1298 3028 1440 3098 ἔχον·
1487 3046 1507 3080 ο
1539 3027 1649 3083 Kal
1679 3026 1919 3095 ἐγένετο,

2021 1848 2114 1912 do,
2169 1863 2358 1919 neque
2412 1846 2623 1918 aliquid
2657 1854 2743 1901 est
2791 1844 3161 1916 idolothytum
3198 1843 3266 1907 ⁵ο,
3311 1851 3494 1896 tamen
3545 1844 3607 1893 ut

2020 1941 2164 1996 alius
2193 1940 2417 2011 quidam
2472 1938 2746 2010 prazcipit,
2779 1952 2848 1992 eo
2870 1936 3020 1991 vesci
3057 1951 3166 1989 non
3197 1935 3328 1989 licet
3381 1938 3608 2002 propter

2021 2032 2367 2087 inﬁrmorum
2408 2024 2902 2086 conscientiam“:
2961 2047 2979 2079 ‹
3033 2026 3246 2098 thnid
3307 2026 3454 2079 enim
3507 2039 3611 2094 ego

2015 2124 2237 2195 judicor
2275 2125 2343 2179 ab
2365 2124 2472 2179 alia
2506 2122 2884 2179 conscientia?
2917 2121 2972 2177 Si
3005 2137 3106 2192 ego
3129 2136 3253 2176 cum
3288 2118 3462 2189 gratia
3482 2133 3610 2186 par-

2025 2218 2216 2288 ticipo,
2236 2233 2336 2272 cur
2368 2217 2744 2287 blasphemor,
2770 2231 2872 2286 pro
2906 2230 3016 2285 quo
3044 2229 3145 2284 ego
3173 2211 3377 2282 gratias
3410 2225 3510 2278 ago
3534 2209 3557 2261 ?
3586 2227 3603 2257 ι

2020 2309 2323 2366 Laudabile
2390 2309 2559 2380 igitur
2603 2318 2688 2364 est
2732 2307 2878 2378 apud
2922 2308 3092 2360 Deum
3154 2319 3385 2366 cavere,
3433 2317 3501 2355 ne
3554 2300 3610 2353 in

2021 2404 2280 2459 altarium
2305 2404 2592 2466 situ,nevc
2615 2402 2672 2456 in
2707 2400 2993 2470 religionis
3022 2398 3273 2453 moribus
3299 2405 3465 2462 atque
3497 2392 3608 2448 ritu

2019 2497 2256 2569 gentiles
2281 2496 2582 2551 imitemur.

2101 2675 2303 2733 PALL.
2338 2675 2649 2731 Assentior.

2093 2768 2251 2825 CYR.
2285 2768 2525 2838 {Equum
2554 2782 2677 2822 esse
2706 2771 2914 2828 autem,
2946 2770 3009 2817 ut
3059 2760 3372 2817 oblationes
3413 2755 3480 2812 ad
3503 2754 3602 2812 Dei

2023 2860 2257 2933 gloriam
2287 2858 2609 2921 offeramus,
2641 2871 2746 2911 nec
2797 2853 2986 2910 vacuis
3008 2853 3266 2908 manibus
3297 2849 3365 2904 ad
3397 2861 3618 2902 sacrum

2024 2953 2444 3009 tabernaculum
2474 2952 2758 3014 adeamus,
2795 2949 3000 3004 eaedem
3050 2961 3222 3001 sacrae
3253 2944 3479 2998 Litterae
3517 2939 3619 2993 de—

2024 3047 2258 3110 clarant,
2283 3061 2406 3116 quae
2423 3046 2502 3100 sic
2525 3043 2738 3098 habent
2763 3043 2814 3096 in
2831 3039 3122 3097 Numeris:
3156 3059 3173 3089 ι
3200 3039 3269 3092 Ει
3288 3037 3491 3091 factum
3511 3041 3616 3098 est,

309 3118 352 3196 ᾖ
383 3123 574 3195 ἡμέρᾳ
625 3122 940 3176 συνετέλεσε
986 3121 1217 3192 Μωσῆς,
1278 3120 1420 3175 ὥστε
1465 3120 1770 3191 ἀναστῆσαι
1819 3119 1922 3190 τὴν

2025 3150 2134 3206 quo
2161 3134 2250 3189 die
2277 3133 2681 3189 consummavit
2701 3133 2915 3203 Moyses
2934 3131 3147 3201 erigere
3176 3126 3618 3187 tabernaculum,

315 3213 555 3286 σκηνὴν,
602 3215 700 3267 καὶ
732 3214 950 3287 ἔχρισεν
979 3213 1172 3286 αὐτὴν,
1206 3215 1303 3269 καὶ
1331 3214 1562 3285 ἡγίασεν
1603 3213 1792 3286 αὐτὴν,
1828 3212 1923 3268 καὶ

310 3304 505 3361 πᾶντα
549 3305 619 3360 τὰ
659 3305 830 3376 σκεύη
891 3306 1084 3376 αὐτῆς,
1135 3308 1229 3360 καὶ
1265 3307 1330 3359 τὸ
1374 3307 1784 3378 θυσιαστήριον,
1828 3306 1923 3360 καὶ

309 3397 504 3452 πάντα
525 3397 596 3451 τὰ
621 3398 794 3469 σκεύη
816 3397 1005 3466 αὑτοῦ,
1027 3399 1123 3453 καὶ
1144 3397 1364 3470 ἔχρισεν
1384 3397 1545 3466 αὐτὰ,
1572 3398 1667 3451 καὶ
1693 3397 1922 3470 ἡγίασεν

303 3493 484 3546 αὑτά.
512 3491 622 3545 Kal
655 3492 1042 3561 προσήνεγκαν
1073 3491 1123 3545 oi
1156 3492 1417 3563 ἄρχοντες
1445 3490 1683 3563 Ἰσραὴλ,
1715 3490 1922 3544 δώδεκα

303 3584 585 3656 ἄρχοντες
617 3583 783 3636 οἴκων
829 3583 1078 3654 πατριῶν
1125 3582 1328 3637 αὐτῶν.
1365 3574 1527 3637 Οὗτοι
1580 3583 1628 3635 οἱ
1660 3581 1923 3653 ἄρχοντες

309 3671 528 3743 φυλῶν,
574 3668 722 3729 οὗτοι
764 3674 815 3726 οἱ
867 3673 1279 3746 παρεστηκότες
1332 3675 1426 3728 ἐπὶ
1457 3674 1558 3745 τῆς
1589 3675 1919 3746 ἐπισκοπῆς.

311 3765 433 3818 Kal
486 3765 729 3836 ἤνεγκαν
771 3763 833 3817 τὸ
887 3763 1060 3836 δῶρον
1116 3765 1296 3819 αὐτῶν
1350 3765 1532 3820 ἔναντι
1583 3766 1813 3839 Κυρίου,
1864 3765 1924 3833 ἒξ

306 3857 542 3927 ἀμάξας
563 3857 940 3930 λαμπηνίκας,
965 3858 1062 3913 καὶ
1085 3857 1298 3914 δώδεκα
1345 3860 1496 3932 βόας,
1527 3861 1749 3933 ἅμαξαν
1773 3863 1926 3934 παρὰ

305 3951 416 4006 δύο
447 3950 750 4023 ἀρχόντων,
789 3952 886 4006 καὶ
916 3951 1118 4025 μόσχον
1148 3953 1302 4025 παρὰ
1331 3954 1589 4009 ἑκάστου.
1620 3955 1730 4008 Καὶ
1761 3969 1926 4027 προσ-

312 4044 534 4114 ήγαγον
575 4043 820 4099 ἐναντίον
846 4043 948 4116 τῆς
993 4045 1214 4116 σκηνῆς.
1246 4046 1357 4100 Kal
1391 4041 1514 4100 εἷπε
1554 4047 1761 4119 Κύριος
1788 4047 1926 4120 πρὸς

312 4137 555 4208 Μωσῆν,
584 4137 792 4207 λέγων·
821 4136 969 4193 Λάϐε
1009 4139 1139 4210 παρ’
1170 4138 1373 4203 αὐτῶν,
1419 4141 1514 4193 καὶ
1544 4139 1760 4196 ἔσονται
1787 4141 1924 4214 πρὸς

310 4228 394 4283 τὰ
426 4227 564 4300 ἔργα
598 4229 669 4282 τὰ
704 4229 1058 4301 λειτουργικὰ
1087 4230 1182 4301 τῆς
1215 4231 1422 4301 σκηνῆς
1460 4232 1555 4285 τοῦ
1595 4237 1922 4304 μαρτυρίου,

311 4321 420 4375 καὶ
448 4320 644 4384 δώσεις
683 4320 824 4374 αὐτὰ
852 4323 965 4386 τοῖς
991 4321 1244 4386 Λευίταις
1284 4322 1502 4394 ἑκάστῳ
1529 4325 1671 4378 κατὰ
1697 4325 1795 4396 τὴν
1824 4325 1924 4378 αὐ·

313 4413 420 4469 τοῦ
451 4413 818 4485 λειτουργίαν.
849 4414 957 4468 Kal
980 4413 1163 4468 λαϐὼν
1195 4415 1403 4485 Μωσῆς
1444 4415 1543 4480 τὰς
1585 4415 1802 4487 ἁμάξας
1830 4419 1926 4472 καὶ

315 4512 455 4576 τοὺς
486 4511 637 4582 βόας,
673 4511 880 4566 ἔδωκεν
911 4511 1052 4566 αὐτὰ
1090 4514 1204 4577 τοῖς
1235 4512 1513 4576 Λευίταις.
1551 4531 1570 4564 ι
1604 4513 1713 4566 Kal
1743 4513 1803 4566 οὐ
1832 4513 1930 4584 μέ-

318 4622 418 4677 χρι
461 4603 670 4657 τούτων
699 4603 768 4656 τὰ
798 4605 862 4657 ὲκ
901 4602 1010 4658 τῶν
1055 4603 1347 4675 φυλάρχων
1381 4598 1448 4674 ἦν
1469 4619 1483 4633 ·
1527 4605 1933 4676 προσεπενήνε-

317 4714 454 4752 κται
479 4695 536 4749 δὲ
567 4695 663 4749 καὶ
689 4695 876 4766 ἕτερα.
906 4695 1222 4769 Γέγραπται
1256 4695 1385 4767 γὰρ,
1426 4713 1444 4746 ι
1484 4695 1598 4749 Kal
1625 4697 1934 4767 προσήνεγ-

319 4807 434 4844 καν
473 4790 523 4842 οἱ
563 4787 827 4859 ἄρχοντες
869 4790 950 4849 εἰς
979 4788 1071 4840 τὸν
1100 4787 1452 4858 ὲγκαινισμὸν
1479 4786 1571 4841 τοῦ
1619 4787 1929 4858 θυσιαστη-

324 4882 473 4955 ρίου,
516 4883 574 4934 ὲν
609 4882 676 4951 τῇ
705 4879 891 4952 ἡμέρᾳ
986 4877 1201 4951 ἔχρισεν
1235 4881 1387 4943 αὐτὸ,
1420 4880 1514 4934 καὶ
1550 4882 1935 4952 προσήνεγκαν

319 4979 376 5030 οἱ
409 4975 674 5045 ἄρχοντες
707 4973 782 5027 τὰ
810 4973 963 5045 δῶρα
1004 4973 1182 5028 αὐτῶν
1215 4974 1478 5028 ἀπέναντι
1507 4973 1602 5028 τοῦ
1638 4974 1930 5046 θυσιαστη-

327 5069 474 5140 ρίου.
507 5067 617 5122 Kal
639 5063 761 5120 εἷπε
790 5066 998 5136 Κύριος
1018 5066 1156 5138 πρὸς
1186 5067 1392 5137 Μωσνῖψ
1409 5082 1424 5098 ο
1460 5067 1679 5138 ’Ἄρχων
1703 5060 1783 5131 εἷς
1807 5068 1931 5122 καθ’

325 5162 574 5232 ἡμέραν,
607 5159 792 5231 ἄρχων
814 5158 936 5214 καθ’
959 5160 1173 5231 ἡμέραν
1203 5159 1556 5229 προσοίσουσι
1571 5159 1642 5213 τὰ
1666 5159 1814 5231 δῶρα
1837 5163 1934 5215 ab.

326 5252 446 5309 τῶν
482 5253 560 5316 εἰς
589 5252 681 5306 τὸν
707 5252 1066 5323 ὲγκαινισμὸν
1090 5251 1184 5306 τοῦ
1218 5251 1632 5324 θυσιαστηρίου.
1677 5253 1790 5308 Kal
1817 5249 1886 5324 ἦν
1905 5255 1937 5306 ὁ

329 5344 671 5417 προσφέρων
710 5346 769 5397 ἐν
807 5346 872 5415 τῇ
900 5344 1084 5416 ἡμέρᾳ
1117 5346 1184 5416 τῇ
1215 5342 1408 5418 πρώτῃ
1433 5345 1494 5398 τὸ
1532 5344 1706 5416 δῶρον
1741 5344 1933 5407 αὐτοῦ,

325 5435 614 5494 Ναασσὼν
650 5435 768 5500 υίὸς
809 5435 1138 5507 ’Λμιναδὰ6,
1160 5435 1345 5506 ἄρχων
1383 5436 1484 5506 τῆς
1506 5436 1682 5508 φυλῆς
1741 5437 1930 5492 Ἰούδα.

327 5531 447 5587 Καὶ
479 5530 827 5602 προσήνεγκε
855 5529 916 5583 τὸ
946 5529 1121 5600 δῶρον
1142 5527 1339 5591 αὐτοῦ,
1371 5528 1625 5600 τρυϐλίον
1655 5530 1934 5602 ἀργυροῦν

326 5624 416 5688 ἒν,
435 5622 732 5694 τριάκοντα
762 5621 856 5676 καὶ
874 5622 1069 5676 ἑκατὸν
1095 5620 1228 5692 ὁλκὴ
1254 5621 1441 5675 αὐτοῦ·
1469 5622 1668 5694 φιάλην
1692 5623 1822 5693 μίαν
1837 5625 1937 5695 ἀρ-

331 5729 406 5782 γυ
414 5714 536 5785 ρᾶν,
557 5711 932 5785 ἑϐδομήκοντα
956 5709 1156 5766 σίκλων
1180 5710 1321 5764 κατὰ
1340 5710 1430 5763 τὸν
1450 5709 1632 5763 σίκλον
1650 5711 1739 5764 τὸν
1759 5711 1932 5782 ἅγιον.

2032 3228 2190 3282 unxit
2220 3227 2353 3282 illud
2381 3242 2444 3282 ac
2491 3225 2876 3288 sanetiﬁeavit,
2924 3232 2979 3278 et
3012 3223 3195 3278 omnia
3213 3236 3340 3276 vasa
3380 3220 3519 3288 ejus,
3563 3225 3621 3272 et

2029 3321 2189 3375 unxit
2219 3336 2302 3385 ea,
2336 3329 2394 3375 et
2448 3318 2812 3374 sanetiﬁcavit
2869 3333 2957 3382 ea,
3011 3324 3069 3371 et
3102 3317 3298 3376 altare,
3339 3323 3396 3368 et
3434 3311 3620 3366 omnia

2029 3415 2152 3484 ejus
2183 3429 2334 3478 vasa,
2363 3421 2420 3468 et
2445 3413 2684 3467 unxitae
2709 3409 3074 3465 sanctiﬁeavit
3100 3423 3193 3474 ea;
3216 3416 3271 3462 et
3297 3407 3622 3459 obtulerunt

2030 3505 2312 3577 principes
2351 3503 2855 3568 Israel,duodeeim
2895 3501 3176 3572 principes
3221 3500 3513 3553 domorum
3543 3497 3622 3551 fa-

2030 3599 2313 3654 miliarum
2347 3613 2576 3653 suarum
2609 3615 2622 3650 :
2650 3597 2706 3651 hi
2765 3595 3048 3667 principes
3075 3595 3346 3656 tribuum,
3379 3593 3436 3646 hi
3468 3599 3619 3654 sunt,
3695 3601 3698 3604 '

2033 3694 2128 3765 qui
2158 3692 2458 3748 adfuerunt
2507 3690 2840 3754 rccensioni,
2885 3697 2942 3744 et
3008 3691 3314 3744 attulerunt
3349 3687 3490 3741 dona
3525 3700 3624 3740 sua

2033 3796 2161 3842 ante
2192 3784 2520 3851 Dominum;
2572 3800 2668 3839 sex
2701 3783 2956 3838 vehicula
3009 3789 3173 3844 tecta,
3223 3787 3278 3835 et
3329 3777 3624 3834 duodecim

2031 3878 2205 3934 boves
2229 3896 2242 3945 ;
2267 3878 2588 3933 vehiculum
2617 3893 2647 3932 a
2686 3876 2907 3932 duobus
2926 3875 3300 3947 principibus,
3341 3879 3398 3929 et
3426 3874 3624 3928 bovem

2035 3971 2334 4041 asingulis,
2356 3979 2412 4025 et
2435 3970 2787 4025 adduxerunt
2821 3985 2884 4023 ea
2924 3977 3051 4023 ante
3083 3968 3522 4023 tabernaculum.
3556 3965 3626 4021 Et

2032 4061 2256 4116 locutus
2281 4067 2366 4114 est
2401 4059 2669 4114 Dominus
2693 4058 2761 4113 ad
2789 4057 3034 4128 Moysen,
3065 4057 3298 4111 dicens:
3327 4056 3530 4126 Accipe
3555 4056 3626 4110 ab

2035 4153 2192 4224 ipsis,
2222 4152 2386 4222 362
2411 4159 2468 4206 et
2491 4158 2658 4206 erunt
2699 4149 2767 4204 ad
2822 4165 2992 4219 opera
3013 4185 3018 4190 -
3041 4149 3335 4203 ministerii
3366 4149 3628 4203 taberna-

2034 4242 2144 4296 culi
2172 4239 2496 4303 testimonii,
2527 4247 2584 4293 et
2608 4239 2767 4293 dabis
2790 4255 2856 4293 ea
2882 4238 3111 4301 Levitis,
3136 4239 3368 4307 singulis
3394 4255 3496 4308 pro
3524 4254 3629 4293 suo

2033 4328 2365 4384 ministerio.
2397 4328 2465 4382 Et
2485 4327 2767 4397 accipiens
2790 4327 3006 4400 Moyses
3024 4329 3299 4391 vehicula,
3350 4337 3407 4382 et
3457 4329 3628 4385 boves

2033 4419 2301 4476 dediteas
2349 4419 2561 4474 Levitis
2587 4418 2655 4472 ⁸³.
2685 4437 2702 4469 ›
2756 4418 2948 4487 Neque
2996 4433 3131 4472 vero
3174 4418 3461 4488 hucusque
3486 4417 3628 4472 dun-

1961 4504 2006 4562 D
2036 4518 2188 4566 taxat
2214 4509 2528 4581 principum
2553 4508 2801 4564 tribuum
2830 4509 2975 4564 dona
3010 4523 3303 4580 progressa
3349 4517 3498 4574 sunt,
3527 4509 3627 4564 sed

2031 4601 2122 4658 his
2143 4602 2311 4657 etiam
2332 4602 2441 4656 alia
2461 4601 2744 4672 adjuncta.
2774 4601 3066 4672 Scriptum
3085 4610 3172 4656 est
3205 4603 3354 4656 enim
3374 4621 3419 4656 τι
3445 4603 3512 4656 Et
3532 4603 3630 4657 ob-

2034 4692 2287 4748 tulerunt
2320 4691 2603 4763 principes
2629 4691 2698 4746 ad
2721 4691 3129 4747 dedicationem
3155 4693 3368 4758 altaris,
3397 4693 3487 4748 dic
3514 4709 3628 4763 quo

2032 4786 2194 4840 unxit
2221 4785 2379 4850 illud,
2413 4792 2470 4840 et
2496 4783 2805 4839 attulerunt
2854 4785 3140 4856 principes
3181 4787 3326 4841 dona
3369 4803 3467 4842 sua
3502 4795 3629 4841 ante

2035 4879 2228 4934 altare.
2261 4877 2330 4932 Et
2359 4877 2499 4931 dixit
2521 4877 2789 4933 Dominus
2810 4878 2878 4933 ad
2901 4879 3156 4951 Moysen:
3194 4879 3459 4950 Princeps
3485 4894 3631 4935 unus

2035 4987 2137 5043 per
2164 4971 2414 5041 singulos
2436 4970 2557 5025 dies
2580 4970 2744 5026 oﬂ’ert
2769 4971 2913 5025 dona
2960 4987 3058 5026 sua
3107 4970 3178 5024 ad
3217 4970 3626 5025 dedicationem

2031 5063 2240 5118 altaris.
2267 5063 2336 5118 Et
2368 5062 2476 5117 fuit
2497 5063 2593 5133 qui
2617 5063 2820 5118 obtulit
2858 5063 3040 5132 primo
3083 5063 3172 5117 die
3206 5063 3414 5118 donum
3444 5079 3626 5129 suum,

2031 5157 2278 5212 Naasson
2309 5155 2457 5211 ﬁlius
2488 5155 2798 5211 Aminadab
2818 5155 3082 5225 princeps
3112 5155 3291 5209 tribus
3324 5155 3500 5210 Judac.
3560 5155 3629 5210 Et

2033 5250 2458 5305 obtulitdonum
2481 5265 2640 5304 suum
2668 5249 2914 5304 catinum
2936 5255 3259 5318 argenteum
3283 5263 3475 5309 unum,
3502 5261 3632 5303 cen-

2044 5349 2158 5396 tum
2199 5350 2255 5396 et
2282 5341 2508 5413 tri-ginta
2532 5342 2749 5413 pondus
2769 5342 2921 5412 ejus;
2955 5341 3196 5411 phialam
3217 5357 3382 5397 unam
3437 5357 3633 5414 argen-

2045 5441 2212 5495 team,
2253 5433 2607 5504 scptuaginta
2631 5432 2893 5487 sicterum
2917 5434 3074 5504 juxta
3102 5434 3300 5488 siclum
3354 5443 3629 5499 sanetum,

2043 5533 2347 5596 utrumque
2374 5525 2600 5596 plenum
2639 5525 2822 5580 simila
2864 5540 3164 5595 conspersa
3211 5527 3336 5582 oleo
3358 5527 3426 5580 ad
3462 5529 3635 5586 sacri-

2042 5617 2673 5684 ﬁcium;mortariolum
2730 5632 2901 5672 unum
2950 5616 3141 5672 decem
3190 5631 3487 5673 aureorum
3512 5617 3632 5688 ple-

2045 5727 2178 5766 num
2209 5710 2471 5771 incenso;
2522 5707 2760 5764 vitulum
2817 5724 2990 5765 unum
3038 5709 3107 5765 de
3157 5708 3356 5774 bobus,
3402 5708 3632 5772 arietem

409 5936 464 5975 δ’
488 5938 512 5996 Ι
537 5938 663 5998 Cor.
695 5959 812 6009 vm,
851 5943 904 6034 4.
950 5943 993 5977 ⁸¹
1025 5945 1046 6000 1
1083 5945 1209 6002 Cor.
1241 5963 1296 6015 Χ,
1339 5946 1430 6014 29,
1473 5947 1563 6001 30.
1607 5946 1650 5979 δ’
1680 5946 1844 6003 Num.
1880 5962 1974 6015 vn,
2013 5944 2130 6002 1-6.
