  <div class='ocr_page' id='page_1' title='image "/cluster/home/n/w/nwhite01/storage/ocr_20150623/68:no.1/coo.31924054869742/361.png"; bbox 0 0 4118 6482; ppageno 0'>
   <div class='ocr_carea' id='block_1_1' title="bbox 553 418 657 476">
    <p class='ocr_par' dir='ltr' id='par_1_1' title="bbox 553 418 657 476">
     <span class='ocr_line' id='line_1_1' title="bbox 553 418 657 476; baseline 0.019 -2"><span class='ocrx_word' id='word_1_1' title='bbox 553 418 657 476; x_wconf 81' lang='grc'><strong>707</strong></span> 
     </span>
    </p>
   </div>
   <div class='ocr_carea' id='block_1_2' title="bbox 1580 408 2834 468">
    <p class='ocr_par' dir='ltr' id='par_1_2' title="bbox 1580 408 2834 468">
     <span class='ocr_line' id='line_1_2' title="bbox 1580 408 2834 468; baseline -0.002 0"><span class='ocrx_word' id='word_1_2' title='bbox 1580 410 1638 468; x_wconf 88' lang='lat' dir='ltr'><strong>S.</strong></span> <span class='ocrx_word' id='word_1_3' title='bbox 1677 409 1955 468; x_wconf 85' lang='lat' dir='ltr'><strong>CYRILLI</strong></span> <span class='ocrx_word' id='word_1_4' title='bbox 1991 408 2467 465; x_wconf 73' lang='lat' dir='ltr'><strong>ALEXANDRINI</strong></span> <span class='ocrx_word' id='word_1_5' title='bbox 2513 409 2834 467; x_wconf 79' lang='lat' dir='ltr'><strong>ARCHIEP.</strong></span> 
     </span>
    </p>
   </div>
   <div class='ocr_carea' id='block_1_3' title="bbox 3728 414 3834 472">
    <p class='ocr_par' dir='ltr' id='par_1_3' title="bbox 3728 414 3834 472">
     <span class='ocr_line' id='line_1_3' title="bbox 3728 414 3834 472; baseline 0.066 -7"><span class='ocrx_word' id='word_1_6' title='bbox 3728 414 3834 472; x_wconf 72' lang='lat'><strong>708</strong></span> 
     </span>
    </p>
   </div>
   <div class='ocr_carea' id='block_1_4' title="bbox 555 504 2113 583">
    <p class='ocr_par' dir='ltr' id='par_1_4' title="bbox 555 505 2113 583">
     <span class='ocr_line' id='line_1_4' title="bbox 555 505 2113 583; baseline -0.006 -14"><span class='ocrx_word' id='word_1_7' title='bbox 555 527 748 578; x_wconf 89' lang='lat' dir='ltr'><strong>unum,</strong></span> <span class='ocrx_word' id='word_1_8' title='bbox 775 526 975 583; x_wconf 79' lang='lat' dir='ltr'><strong>agnum</strong></span> <span class='ocrx_word' id='word_1_9' title='bbox 996 523 1165 566; x_wconf 90' lang='lat' dir='ltr'><strong>unum</strong></span> <span class='ocrx_word' id='word_1_10' title='bbox 1196 505 1517 563; x_wconf 91' lang='lat' dir='ltr'><strong>anniculum</strong></span> <span class='ocrx_word' id='word_1_11' title='bbox 1548 506 1607 560; x_wconf 92' lang='lat' dir='ltr'><strong>in</strong></span> <span class='ocrx_word' id='word_1_12' title='bbox 1630 505 2052 570; x_wconf 83' lang='lat' dir='ltr'><strong>holocaustum,</strong></span> <span class='ocrx_word' id='word_1_13' title='bbox 2083 520 2113 559; x_wconf 88' lang='lat' dir='ltr'><strong>e</strong></span> 
     </span>
    </p>
   </div>
   <div class='ocr_carea' id='block_1_5' title="bbox 2219 504 3835 583">
    <p class='ocr_par' dir='ltr' id='par_1_5' title="bbox 2244 504 3835 580">
     <span class='ocr_line' id='line_1_5' title="bbox 2244 504 3835 580; baseline 0.003 -22"><span class='ocrx_word' id='word_1_14' title='bbox 2244 504 2529 576; x_wconf 80' lang='grc' dir='ltr'>ἀμφότερα</span> <span class='ocrx_word' id='word_1_15' title='bbox 2579 505 2759 578; x_wconf 82' lang='grc' dir='ltr'>πλήρη</span> <span class='ocrx_word' id='word_1_16' title='bbox 2842 505 3179 576; x_wconf 69' lang='grc' dir='ltr'><strong>σεμιδάλεως</strong></span> <span class='ocrx_word' id='word_1_17' title='bbox 3227 505 3714 580; x_wconf 83' lang='grc' dir='ltr'>άναπεποιημένης</span> <span class='ocrx_word' id='word_1_18' title='bbox 3770 512 3835 564; x_wconf 80' lang='grc' dir='ltr'>ὲν</span> 
     </span>
    </p>
   </div>
   <div class='ocr_carea' id='block_1_6' title="bbox 552 597 2137 673">
    <p class='ocr_par' dir='ltr' id='par_1_6' title="bbox 552 597 2137 673">
     <span class='ocr_line' id='line_1_6' title="bbox 552 597 2137 673; baseline -0.006 -11"><span class='ocrx_word' id='word_1_19' title='bbox 552 604 861 661; x_wconf 62' lang='grc' dir='ltr'>ὴωάιιωάο</span> <span class='ocrx_word' id='word_1_20' title='bbox 885 602 1068 673; x_wconf 84' lang='lat' dir='ltr'><strong>capris</strong></span> <span class='ocrx_word' id='word_1_21' title='bbox 1093 617 1264 657; x_wconf 86' lang='lat' dir='ltr'><strong>unum</strong></span> <span class='ocrx_word' id='word_1_22' title='bbox 1288 616 1391 670; x_wconf 90' lang='lat' dir='ltr'><strong>pro</strong></span> <span class='ocrx_word' id='word_1_23' title='bbox 1430 607 1679 669; x_wconf 87' lang='lat' dir='ltr'><strong>peccato,</strong></span> <span class='ocrx_word' id='word_1_24' title='bbox 1704 606 1761 654; x_wconf 86' lang='lat' dir='ltr'><strong>et</strong></span> <span class='ocrx_word' id='word_1_25' title='bbox 1789 597 1859 653; x_wconf 91' lang='lat' dir='ltr'><strong>ad</strong></span> <span class='ocrx_word' id='word_1_26' title='bbox 1897 598 2137 653; x_wconf 81' lang='lat' dir='ltr'><strong>hostiam</strong></span> 
     </span>
    </p>
   </div>
   <div class='ocr_carea' id='block_1_7' title="bbox 550 688 2139 759">
    <p class='ocr_par' dir='ltr' id='par_1_7' title="bbox 550 688 2139 759">
     <span class='ocr_line' id='line_1_7' title="bbox 550 688 2139 759; baseline -0.004 -9"><span class='ocrx_word' id='word_1_27' title='bbox 550 694 807 750; x_wconf 74' lang='lat' dir='ltr'><strong>salutaris</strong></span> <span class='ocrx_word' id='word_1_28' title='bbox 833 693 1035 747; x_wconf 84' lang='lat' dir='ltr'><strong>vitulas</strong></span> <span class='ocrx_word' id='word_1_29' title='bbox 1082 691 1240 755; x_wconf 88' lang='lat' dir='ltr'><strong>duas,</strong></span> <span class='ocrx_word' id='word_1_30' title='bbox 1290 698 1347 745; x_wconf 89' lang='lat' dir='ltr'><strong>et</strong></span> <span class='ocrx_word' id='word_1_31' title='bbox 1383 690 1585 745; x_wconf 80' lang='lat' dir='ltr'><strong>arietes</strong></span> <span class='ocrx_word' id='word_1_32' title='bbox 1643 689 1905 759; x_wconf 89' lang='lat' dir='ltr'><strong>quinque,</strong></span> <span class='ocrx_word' id='word_1_33' title='bbox 1952 688 2139 743; x_wconf 86' lang='lat' dir='ltr'><strong>hircos</strong></span> 
     </span>
    </p>
   </div>
   <div class='ocr_carea' id='block_1_8' title="bbox 548 779 2141 854">
    <p class='ocr_par' dir='ltr' id='par_1_8' title="bbox 548 779 2141 854">
     <span class='ocr_line' id='line_1_8' title="bbox 548 779 2141 854; baseline -0.004 -15"><span class='ocrx_word' id='word_1_34' title='bbox 548 790 814 854; x_wconf 89' lang='lat' dir='ltr'><strong>quinque,</strong></span> <span class='ocrx_word' id='word_1_35' title='bbox 843 799 1013 854; x_wconf 82' lang='lat' dir='ltr'><strong>agnos</strong></span> <span class='ocrx_word' id='word_1_36' title='bbox 1047 782 1341 836; x_wconf 85' lang='lat' dir='ltr'><strong>anniculos</strong></span> <span class='ocrx_word' id='word_1_37' title='bbox 1360 781 1632 851; x_wconf 91' lang='lat' dir='ltr'><strong>quinque.</strong></span> <span class='ocrx_word' id='word_1_38' title='bbox 1666 780 1782 835; x_wconf 81' lang='lat' dir='ltr'><strong>Hoc</strong></span> <span class='ocrx_word' id='word_1_39' title='bbox 1812 779 2141 834; x_wconf 80' lang='lat' dir='ltr'><strong>fuitdonum</strong></span> 
     </span>
    </p>
   </div>
   <div class='ocr_carea' id='block_1_9' title="bbox 546 872 2140 942">
    <p class='ocr_par' dir='ltr' id='par_1_9' title="bbox 546 872 2140 942">
     <span class='ocr_line' id='line_1_9' title="bbox 546 872 2140 942; baseline -0.003 -11"><span class='ocrx_word' id='word_1_40' title='bbox 546 877 791 932; x_wconf 88' lang='lat' dir='ltr'><strong>Naasson</strong></span> <span class='ocrx_word' id='word_1_41' title='bbox 830 875 928 930; x_wconf 93' lang='lat' dir='ltr'><strong>ﬁlii</strong></span> <span class='ocrx_word' id='word_1_42' title='bbox 983 874 1288 930; x_wconf 84' lang='lat' dir='ltr'><strong>Aminadab</strong></span> <span class='ocrx_word' id='word_1_43' title='bbox 1310 875 1375 928; x_wconf 65' lang='grc'><strong>⁸³.</strong></span> <span class='ocrx_word' id='word_1_44' title='bbox 1402 894 1420 925; x_wconf 72' lang='grc' dir='ltr'><strong>ι</strong></span> <span class='ocrx_word' id='word_1_45' title='bbox 1487 872 1827 928; x_wconf 91' lang='lat' dir='ltr'><strong>Obtulerunt</strong></span> <span class='ocrx_word' id='word_1_46' title='bbox 1868 879 2140 942; x_wconf 61' lang='lat' dir='ltr'><strong>praeterea</strong></span> 
     </span>
    </p>
   </div>
   <div class='ocr_carea' id='block_1_10' title="bbox 546 963 2140 1038">
    <p class='ocr_par' dir='ltr' id='par_1_10' title="bbox 546 963 2140 1038">
     <span class='ocr_line' id='line_1_10' title="bbox 546 963 2140 1038; baseline -0.003 -15"><span class='ocrx_word' id='word_1_47' title='bbox 546 969 727 1023; x_wconf 65' lang='lat' dir='ltr'><strong>caeteri</strong></span> <span class='ocrx_word' id='word_1_48' title='bbox 751 968 1012 1038; x_wconf 84' lang='lat' dir='ltr'><strong>deinceps</strong></span> <span class='ocrx_word' id='word_1_49' title='bbox 1035 982 1209 1037; x_wconf 88' lang='lat' dir='ltr'><strong>usque</strong></span> <span class='ocrx_word' id='word_1_50' title='bbox 1234 968 1303 1021; x_wconf 89' lang='lat' dir='ltr'><strong>ad</strong></span> <span class='ocrx_word' id='word_1_51' title='bbox 1329 966 1719 1022; x_wconf 89' lang='lat' dir='ltr'><strong>duodecimum</strong></span> <span class='ocrx_word' id='word_1_52' title='bbox 1751 964 1947 1020; x_wconf 91' lang='lat' dir='ltr'><strong>eodem</strong></span> <span class='ocrx_word' id='word_1_53' title='bbox 1976 963 2140 1018; x_wconf 93' lang='lat' dir='ltr'><strong>modo</strong></span> 
     </span>
    </p>
   </div>
   <div class='ocr_carea' id='block_1_11' title="bbox 546 1056 2142 1128">
    <p class='ocr_par' dir='ltr' id='par_1_11' title="bbox 546 1056 2142 1128">
     <span class='ocr_line' id='line_1_11' title="bbox 546 1056 2142 1128; baseline -0.001 -17"><span class='ocrx_word' id='word_1_54' title='bbox 546 1058 820 1128; x_wconf 85' lang='lat' dir='ltr'><strong>similique</strong></span> <span class='ocrx_word' id='word_1_55' title='bbox 866 1058 1295 1128; x_wconf 83' lang='lat' dir='ltr'><strong>magniﬁcentia,</strong></span> <span class='ocrx_word' id='word_1_56' title='bbox 1347 1073 1474 1111; x_wconf 92' lang='lat' dir='ltr'><strong>cum</strong></span> <span class='ocrx_word' id='word_1_57' title='bbox 1528 1072 1661 1112; x_wconf 91' lang='lat' dir='ltr'><strong>suus</strong></span> <span class='ocrx_word' id='word_1_58' title='bbox 1704 1056 1907 1126; x_wconf 88' lang='lat' dir='ltr'><strong>cuique</strong></span> <span class='ocrx_word' id='word_1_59' title='bbox 1958 1062 2142 1110; x_wconf 84' lang='lat' dir='ltr'><strong>certus</strong></span> 
     </span>
    </p>
   </div>
   <div class='ocr_carea' id='block_1_12' title="bbox 546 1148 2065 1219">
    <p class='ocr_par' dir='ltr' id='par_1_12' title="bbox 546 1148 2065 1219">
     <span class='ocr_line' id='line_1_12' title="bbox 546 1148 2065 1219; baseline -0.001 -16"><span class='ocrx_word' id='word_1_60' title='bbox 546 1149 664 1204; x_wconf 79' lang='lat' dir='ltr'><strong>dies</strong></span> <span class='ocrx_word' id='word_1_61' title='bbox 688 1151 991 1205; x_wconf 89' lang='lat' dir='ltr'><strong>attributus</strong></span> <span class='ocrx_word' id='word_1_62' title='bbox 1021 1159 1202 1205; x_wconf 89' lang='lat' dir='ltr'><strong>esset:</strong></span> <span class='ocrx_word' id='word_1_63' title='bbox 1234 1150 1315 1204; x_wconf 86' lang='lat' dir='ltr'><strong>sic</strong></span> <span class='ocrx_word' id='word_1_64' title='bbox 1338 1150 1488 1203; x_wconf 90' lang='lat' dir='ltr'><strong>enim</strong></span> <span class='ocrx_word' id='word_1_65' title='bbox 1529 1155 1868 1219; x_wconf 67' lang='lat' dir='ltr'><strong>praeceperat</strong></span> <span class='ocrx_word' id='word_1_66' title='bbox 1901 1148 2065 1202; x_wconf 88' lang='lat' dir='ltr'><strong>Deus.</strong></span> 
     </span>
    </p>
   </div>
   <div class='ocr_carea' id='block_1_13' title="bbox 2244 594 3832 673">
    <p class='ocr_par' dir='ltr' id='par_1_13' title="bbox 2244 594 3832 673">
     <span class='ocr_line' id='line_1_13' title="bbox 2244 594 3832 673; baseline 0.002 -25"><span class='ocrx_word' id='word_1_67' title='bbox 2244 595 2410 668; x_wconf 78' lang='grc' dir='ltr'>ἐλαίῳ</span> <span class='ocrx_word' id='word_1_68' title='bbox 2430 597 2511 660; x_wconf 85' lang='grc' dir='ltr'><strong>είς</strong></span> <span class='ocrx_word' id='word_1_69' title='bbox 2533 597 2750 661; x_wconf 80' lang='grc' dir='ltr'><strong>θυσίαν,</strong></span> <span class='ocrx_word' id='word_1_70' title='bbox 2791 594 3023 668; x_wconf 80' lang='grc' dir='ltr'><strong>θυΐσκην</strong></span> <span class='ocrx_word' id='word_1_71' title='bbox 3053 598 3186 669; x_wconf 87' lang='grc' dir='ltr'>μίαν</span> <span class='ocrx_word' id='word_1_72' title='bbox 3219 596 3353 651; x_wconf 83' lang='grc' dir='ltr'><strong>δέκα</strong></span> <span class='ocrx_word' id='word_1_73' title='bbox 3380 597 3618 669; x_wconf 83' lang='grc' dir='ltr'><strong>χρυσῶν,</strong></span> <span class='ocrx_word' id='word_1_74' title='bbox 3642 599 3832 673; x_wconf 83' lang='grc' dir='ltr'>πλήρη</span> 
     </span>
    </p>
   </div>
   <div class='ocr_carea' id='block_1_14' title="bbox 2245 687 3833 760">
    <p class='ocr_par' dir='ltr' id='par_1_14' title="bbox 2245 687 3833 760">
     <span class='ocr_line' id='line_1_14' title="bbox 2245 687 3833 760; baseline 0.002 -19"><span class='ocrx_word' id='word_1_75' title='bbox 2245 687 2623 758; x_wconf 81' lang='grc' dir='ltr'><strong>θυμιάματος,</strong></span> <span class='ocrx_word' id='word_1_76' title='bbox 2672 687 2873 758; x_wconf 79' lang='grc' dir='ltr'>μόσχον</span> <span class='ocrx_word' id='word_1_77' title='bbox 2917 687 3013 740; x_wconf 75' lang='grc' dir='ltr'>ἕνα</span> <span class='ocrx_word' id='word_1_78' title='bbox 3039 688 3102 741; x_wconf 78' lang='grc' dir='ltr'>ὲκ</span> <span class='ocrx_word' id='word_1_79' title='bbox 3133 687 3475 758; x_wconf 52' lang='grc' dir='ltr'>βοῶν,νκριὸν</span> <span class='ocrx_word' id='word_1_80' title='bbox 3503 688 3618 750; x_wconf 76' lang='grc' dir='ltr'>ἕνα,</span> <span class='ocrx_word' id='word_1_81' title='bbox 3656 691 3833 760; x_wconf 65' lang='grc' dir='ltr'>ἀμνὸν</span> 
     </span>
    </p>
   </div>
   <div class='ocr_carea' id='block_1_15' title="bbox 2242 774 3833 847">
    <p class='ocr_par' dir='ltr' id='par_1_15' title="bbox 2242 774 3833 847">
     <span class='ocr_line' id='line_1_15' title="bbox 2242 774 3833 847; baseline 0.002 -18"><span class='ocrx_word' id='word_1_82' title='bbox 2242 777 2337 831; x_wconf 74' lang='grc' dir='ltr'>ἕνα</span> <span class='ocrx_word' id='word_1_83' title='bbox 2362 777 2631 830; x_wconf 77' lang='grc' dir='ltr'>ἐνιαύσιον</span> <span class='ocrx_word' id='word_1_84' title='bbox 2652 778 2733 840; x_wconf 85' lang='grc' dir='ltr'>εἰς</span> <span class='ocrx_word' id='word_1_85' title='bbox 2758 774 3138 847; x_wconf 82' lang='grc' dir='ltr'>ὁλοκαύτωμα.</span> <span class='ocrx_word' id='word_1_86' title='bbox 3168 778 3279 829; x_wconf 76' lang='grc' dir='ltr'><strong>Καὶ</strong></span> <span class='ocrx_word' id='word_1_87' title='bbox 3298 777 3531 847; x_wconf 78' lang='grc' dir='ltr'><strong>χίμαρον</strong></span> <span class='ocrx_word' id='word_1_88' title='bbox 3564 778 3622 844; x_wconf 80' lang='grc' dir='ltr'>ἐξ</span> <span class='ocrx_word' id='word_1_89' title='bbox 3651 779 3833 846; x_wconf 83' lang='grc' dir='ltr'><strong>αἰγῶν</strong></span> 
     </span>
    </p>
   </div>
   <div class='ocr_carea' id='block_1_16' title="bbox 2238 867 3833 941">
    <p class='ocr_par' dir='ltr' id='par_1_16' title="bbox 2238 867 3833 941">
     <span class='ocr_line' id='line_1_16' title="bbox 2238 867 3833 941; baseline 0.001 -19"><span class='ocrx_word' id='word_1_90' title='bbox 2238 870 2333 923; x_wconf 76' lang='grc' dir='ltr'>ἕνα</span> <span class='ocrx_word' id='word_1_91' title='bbox 2355 870 2481 941; x_wconf 77' lang='grc' dir='ltr'>περὶ</span> <span class='ocrx_word' id='word_1_92' title='bbox 2510 869 2806 939; x_wconf 80' lang='grc' dir='ltr'>ἁμαρτίας·</span> <span class='ocrx_word' id='word_1_93' title='bbox 2841 868 2935 921; x_wconf 69' lang='grc' dir='ltr'>καὶ</span> <span class='ocrx_word' id='word_1_94' title='bbox 2953 870 3033 932; x_wconf 77' lang='grc' dir='ltr'>εἰς</span> <span class='ocrx_word' id='word_1_95' title='bbox 3059 867 3251 922; x_wconf 83' lang='grc' dir='ltr'>Θυσίαν</span> <span class='ocrx_word' id='word_1_96' title='bbox 3274 869 3544 940; x_wconf 83' lang='grc' dir='ltr'><strong>σωτηρίου</strong></span> <span class='ocrx_word' id='word_1_97' title='bbox 3560 869 3833 941; x_wconf 78' lang='grc' dir='ltr'><strong>δαμάλεις</strong></span> 
     </span>
    </p>
   </div>
   <div class='ocr_carea' id='block_1_17' title="bbox 2237 960 3805 1033">
    <p class='ocr_par' dir='ltr' id='par_1_17' title="bbox 2237 960 3805 1033">
     <span class='ocr_line' id='line_1_17' title="bbox 2237 960 3805 1033; baseline 0 -18"><span class='ocrx_word' id='word_1_98' title='bbox 2237 962 2352 1026; x_wconf 88' lang='grc' dir='ltr'>δύο,</span> <span class='ocrx_word' id='word_1_99' title='bbox 2392 961 2578 1033; x_wconf 78' lang='grc' dir='ltr'>κριοὺς</span> <span class='ocrx_word' id='word_1_100' title='bbox 2617 960 2800 1026; x_wconf 82' lang='grc' dir='ltr'><strong>πέντε,</strong></span> <span class='ocrx_word' id='word_1_101' title='bbox 2852 960 3091 1032; x_wconf 84' lang='grc' dir='ltr'><strong>τράγους</strong></span> <span class='ocrx_word' id='word_1_102' title='bbox 3134 960 3315 1024; x_wconf 75' lang='grc' dir='ltr'>πέντε,</span> <span class='ocrx_word' id='word_1_103' title='bbox 3378 961 3621 1031; x_wconf 78' lang='grc' dir='ltr'>ἀμνάδας</span> <span class='ocrx_word' id='word_1_104' title='bbox 3651 965 3805 1015; x_wconf 85' lang='grc' dir='ltr'>ὲνιαυ</span> 
     </span>
    </p>
   </div>
   <div class='ocr_carea' id='block_1_18' title="bbox 2241 1048 3826 1121">
    <p class='ocr_par' dir='ltr' id='par_1_18' title="bbox 2241 1048 3826 1121">
     <span class='ocr_line' id='line_1_18' title="bbox 2241 1048 3826 1121; baseline -0.003 -15"><span class='ocrx_word' id='word_1_105' title='bbox 2241 1053 2362 1116; x_wconf 90' lang='grc' dir='ltr'>σίας</span> <span class='ocrx_word' id='word_1_106' title='bbox 2390 1053 2573 1105; x_wconf 80' lang='grc' dir='ltr'>πέντε.</span> <span class='ocrx_word' id='word_1_107' title='bbox 2603 1049 2775 1103; x_wconf 79' lang='grc' dir='ltr'>Τοῦτο</span> <span class='ocrx_word' id='word_1_108' title='bbox 2801 1048 2974 1121; x_wconf 84' lang='grc' dir='ltr'>δῶρον</span> <span class='ocrx_word' id='word_1_109' title='bbox 2999 1048 3269 1103; x_wconf 84' lang='grc' dir='ltr'>Ναασσὼν</span> <span class='ocrx_word' id='word_1_110' title='bbox 3295 1049 3413 1102; x_wconf 84' lang='grc' dir='ltr'>υίοῦ</span> <span class='ocrx_word' id='word_1_111' title='bbox 3450 1050 3769 1120; x_wconf 74' lang='grc' dir='ltr'>Ἀμιναδάϐ.</span> <span class='ocrx_word' id='word_1_112' title='bbox 3806 1071 3826 1102; x_wconf 72' lang='grc' dir='ltr'><strong>ι</strong></span> 
     </span>
    </p>
   </div>
   <div class='ocr_carea' id='block_1_19' title="bbox 2242 1139 3831 1213">
    <p class='ocr_par' dir='ltr' id='par_1_19' title="bbox 2242 1139 3831 1213">
     <span class='ocr_line' id='line_1_19' title="bbox 2242 1139 3831 1213; baseline 0.001 -17"><span class='ocrx_word' id='word_1_113' title='bbox 2242 1141 2646 1213; x_wconf 78' lang='grc' dir='ltr'>Προσεκόμιξον</span> <span class='ocrx_word' id='word_1_114' title='bbox 2683 1140 2740 1193; x_wconf 83' lang='grc' dir='ltr'>δὲ</span> <span class='ocrx_word' id='word_1_115' title='bbox 2784 1141 2880 1194; x_wconf 76' lang='grc' dir='ltr'>καὶ</span> <span class='ocrx_word' id='word_1_116' title='bbox 2909 1140 3146 1209; x_wconf 83' lang='grc' dir='ltr'><strong>καθεξῆς</strong></span> <span class='ocrx_word' id='word_1_117' title='bbox 3178 1141 3306 1211; x_wconf 67' lang='grc' dir='ltr'>ἄχρι</span> <span class='ocrx_word' id='word_1_118' title='bbox 3343 1139 3438 1192; x_wconf 82' lang='grc' dir='ltr'><strong>τοῦ</strong></span> <span class='ocrx_word' id='word_1_119' title='bbox 3471 1142 3831 1198; x_wconf 82' lang='grc' dir='ltr'>δυοκαιδεκά-</span> 
     </span>
    </p>
   </div>
   <div class='ocr_carea' id='block_1_20' title="bbox 541 1231 3831 1310">
    <p class='ocr_par' dir='ltr' id='par_1_20' title="bbox 541 1231 3831 1310">
     <span class='ocr_line' id='line_1_20' title="bbox 541 1231 3831 1310; baseline -0.002 -19"><span class='ocrx_word' id='word_1_120' title='bbox 541 1257 657 1304; x_wconf 87' lang='grc' dir='ltr'>του,</span> <span class='ocrx_word' id='word_1_121' title='bbox 693 1241 836 1293; x_wconf 86' lang='grc' dir='ltr'>κατά</span> <span class='ocrx_word' id='word_1_122' title='bbox 863 1257 925 1308; x_wconf 90' lang='grc' dir='ltr'><strong>γε</strong></span> <span class='ocrx_word' id='word_1_123' title='bbox 955 1239 1046 1292; x_wconf 83' lang='grc' dir='ltr'><strong>τὸν</strong></span> <span class='ocrx_word' id='word_1_124' title='bbox 1079 1238 1190 1292; x_wconf 76' lang='grc' dir='ltr'>ἴσον</span> <span class='ocrx_word' id='word_1_125' title='bbox 1228 1240 1429 1310; x_wconf 82' lang='grc' dir='ltr'>τρόπον</span> <span class='ocrx_word' id='word_1_126' title='bbox 1462 1240 1555 1293; x_wconf 84' lang='grc' dir='ltr'>καὶ</span> <span class='ocrx_word' id='word_1_127' title='bbox 1605 1241 1663 1291; x_wconf 86' lang='grc' dir='ltr'>ὲν</span> <span class='ocrx_word' id='word_1_128' title='bbox 1702 1238 2145 1308; x_wconf 73' lang='grc' dir='ltr'>ἀπαραλλάκτως</span> <span class='ocrx_word' id='word_1_129' title='bbox 2183 1234 2538 1304; x_wconf 81' lang='grc' dir='ltr'>φιλοτιμίαις,</span> <span class='ocrx_word' id='word_1_130' title='bbox 2580 1231 2977 1304; x_wconf 79' lang='grc' dir='ltr'>ὲκνεμηθείσης</span> <span class='ocrx_word' id='word_1_131' title='bbox 3017 1232 3233 1302; x_wconf 75' lang='grc' dir='ltr'>ἑκάστῳ</span> <span class='ocrx_word' id='word_1_132' title='bbox 3273 1232 3374 1302; x_wconf 75' lang='grc' dir='ltr'>τῆς</span> <span class='ocrx_word' id='word_1_133' title='bbox 3424 1231 3575 1303; x_wconf 77' lang='grc' dir='ltr'>αὐτῷ</span> <span class='ocrx_word' id='word_1_134' title='bbox 3642 1250 3831 1288; x_wconf 86' lang='grc' dir='ltr'>συντε-</span> 
     </span>
    </p>
   </div>
   <div class='ocr_carea' id='block_1_21' title="bbox 543 1325 2037 1402">
    <p class='ocr_par' dir='ltr' id='par_1_21' title="bbox 543 1325 2037 1402">
     <span class='ocr_line' id='line_1_21' title="bbox 543 1325 2037 1402; baseline 0.003 -22"><span class='ocrx_word' id='word_1_135' title='bbox 543 1330 822 1399; x_wconf 80' lang='grc' dir='ltr'>ταγμένης</span> <span class='ocrx_word' id='word_1_136' title='bbox 849 1329 1062 1401; x_wconf 81' lang='grc' dir='ltr'>ἡμέρας</span> <span class='ocrx_word' id='word_1_137' title='bbox 1094 1331 1298 1394; x_wconf 75' lang='grc' dir='ltr'>ἰδικῶςο</span> <span class='ocrx_word' id='word_1_138' title='bbox 1325 1330 1578 1384; x_wconf 88' lang='grc' dir='ltr'>διετύπου</span> <span class='ocrx_word' id='word_1_139' title='bbox 1610 1332 1720 1402; x_wconf 81' lang='grc' dir='ltr'><strong>γὰρ</strong></span> <span class='ocrx_word' id='word_1_140' title='bbox 1748 1325 1852 1385; x_wconf 84' lang='grc' dir='ltr'>ὦδε</span> <span class='ocrx_word' id='word_1_141' title='bbox 1885 1331 2037 1392; x_wconf 57' lang='grc' dir='ltr'>Θεός.</span> 
     </span>
    </p>
   </div>
   <div class='ocr_carea' id='block_1_22' title="bbox 614 1418 2126 1494">
    <p class='ocr_par' dir='ltr' id='par_1_22' title="bbox 614 1418 2126 1494">
     <span class='ocr_line' id='line_1_22' title="bbox 614 1418 2126 1494; baseline -0.002 -19"><span class='ocrx_word' id='word_1_142' title='bbox 614 1420 811 1475; x_wconf 85' lang='lat' dir='ltr'><strong>PALL.</strong></span> <span class='ocrx_word' id='word_1_143' title='bbox 844 1420 952 1474; x_wconf 84' lang='lat' dir='ltr'><strong>Sed</strong></span> <span class='ocrx_word' id='word_1_144' title='bbox 977 1437 1099 1490; x_wconf 71' lang='lat' dir='ltr'><strong>quae</strong></span> <span class='ocrx_word' id='word_1_145' title='bbox 1138 1420 1363 1475; x_wconf 83' lang='lat' dir='ltr'><strong>tandem</strong></span> <span class='ocrx_word' id='word_1_146' title='bbox 1393 1430 1479 1476; x_wconf 89' lang='lat' dir='ltr'><strong>est</strong></span> <span class='ocrx_word' id='word_1_147' title='bbox 1503 1422 1670 1494; x_wconf 87' lang='lat' dir='ltr'><strong>hujus</strong></span> <span class='ocrx_word' id='word_1_148' title='bbox 1686 1421 1827 1476; x_wconf 90' lang='lat' dir='ltr'><strong>adeo</strong></span> <span class='ocrx_word' id='word_1_149' title='bbox 1852 1418 2126 1490; x_wconf 89' lang='lat' dir='ltr'><strong>multipli-</strong></span> 
     </span>
    </p>
   </div>
   <div class='ocr_carea' id='block_1_23' title="bbox 541 1511 1154 1567">
    <p class='ocr_par' dir='ltr' id='par_1_23' title="bbox 541 1511 1154 1567">
     <span class='ocr_line' id='line_1_23' title="bbox 541 1511 1154 1567; baseline 0.002 -2"><span class='ocrx_word' id='word_1_150' title='bbox 541 1512 621 1567; x_wconf 85' lang='lat' dir='ltr'><strong>cis</strong></span> <span class='ocrx_word' id='word_1_151' title='bbox 647 1511 945 1565; x_wconf 83' lang='lat' dir='ltr'><strong>oblationis</strong></span> <span class='ocrx_word' id='word_1_152' title='bbox 969 1513 1154 1566; x_wconf 87' lang='lat' dir='ltr'><strong>ratio?</strong></span> 
     </span>
    </p>
   </div>
   <div class='ocr_carea' id='block_1_24' title="bbox 609 1604 2127 1677">
    <p class='ocr_par' dir='ltr' id='par_1_24' title="bbox 609 1604 2127 1677">
     <span class='ocr_line' id='line_1_24' title="bbox 609 1604 2127 1677; baseline 0.001 -18"><span class='ocrx_word' id='word_1_153' title='bbox 609 1604 765 1659; x_wconf 63' lang='grc' dir='ltr'>ΟΥΕ.</span> <span class='ocrx_word' id='word_1_154' title='bbox 796 1605 1086 1674; x_wconf 86' lang='lat' dir='ltr'><strong>Equidem,</strong></span> <span class='ocrx_word' id='word_1_155' title='bbox 1115 1606 1344 1669; x_wconf 83' lang='lat' dir='ltr'><strong>Palladi,</strong></span> <span class='ocrx_word' id='word_1_156' title='bbox 1385 1607 1431 1661; x_wconf 91' lang='lat' dir='ltr'><strong>si</strong></span> <span class='ocrx_word' id='word_1_157' title='bbox 1468 1622 1582 1660; x_wconf 91' lang='lat' dir='ltr'><strong>rem</strong></span> <span class='ocrx_word' id='word_1_158' title='bbox 1625 1616 1834 1677; x_wconf 83' lang='lat' dir='ltr'><strong>gestam</strong></span> <span class='ocrx_word' id='word_1_159' title='bbox 1891 1615 2127 1676; x_wconf 89' lang='lat' dir='ltr'><strong>spectes,</strong></span> 
     </span>
    </p>
   </div>
   <div class='ocr_carea' id='block_1_25' title="bbox 543 1696 2129 1769">
    <p class='ocr_par' dir='ltr' id='par_1_25' title="bbox 543 1696 2129 1769">
     <span class='ocr_line' id='line_1_25' title="bbox 543 1696 2129 1769; baseline 0.003 -21"><span class='ocrx_word' id='word_1_160' title='bbox 543 1696 751 1749; x_wconf 86' lang='lat' dir='ltr'><strong>oblatio</strong></span> <span class='ocrx_word' id='word_1_161' title='bbox 780 1702 883 1759; x_wconf 85' lang='lat' dir='ltr'><strong>est,</strong></span> <span class='ocrx_word' id='word_1_162' title='bbox 944 1697 1040 1751; x_wconf 91' lang='lat' dir='ltr'><strong>sed</strong></span> <span class='ocrx_word' id='word_1_163' title='bbox 1097 1697 1174 1751; x_wconf 90' lang='lat' dir='ltr'><strong>illi</strong></span> <span class='ocrx_word' id='word_1_164' title='bbox 1229 1699 1521 1768; x_wconf 84' lang='lat' dir='ltr'><strong>conjuncta</strong></span> <span class='ocrx_word' id='word_1_165' title='bbox 1571 1705 1655 1753; x_wconf 85' lang='lat' dir='ltr'><strong>est</strong></span> <span class='ocrx_word' id='word_1_166' title='bbox 1698 1698 1946 1769; x_wconf 82' lang='lat' dir='ltr'><strong>mystica,</strong></span> <span class='ocrx_word' id='word_1_167' title='bbox 2008 1714 2129 1753; x_wconf 90' lang='lat' dir='ltr'><strong>mea</strong></span> 
     </span>
    </p>
   </div>
   <div class='ocr_carea' id='block_1_26' title="bbox 2296 1410 3826 1483">
    <p class='ocr_par' dir='ltr' id='par_1_26' title="bbox 2296 1410 3826 1483">
     <span class='ocr_line' id='line_1_26' title="bbox 2296 1410 3826 1483; baseline -0.011 0"><span class='ocrx_word' id='word_1_168' title='bbox 2296 1415 2507 1470; x_wconf 77' lang='grc' dir='ltr'><strong>ΠΑΑΛο</strong></span> <span class='ocrx_word' id='word_1_169' title='bbox 2558 1413 2670 1467; x_wconf 64' lang='grc' dir='ltr'><strong>Καὶ</strong></span> <span class='ocrx_word' id='word_1_170' title='bbox 2696 1413 2780 1475; x_wconf 80' lang='grc' dir='ltr'><strong>τίς</strong></span> <span class='ocrx_word' id='word_1_171' title='bbox 2819 1412 2883 1483; x_wconf 79' lang='grc' dir='ltr'>δὴ</span> <span class='ocrx_word' id='word_1_172' title='bbox 2914 1411 3022 1483; x_wconf 81' lang='grc' dir='ltr'>ἄρα</span> <span class='ocrx_word' id='word_1_173' title='bbox 3049 1412 3169 1467; x_wconf 75' lang='grc' dir='ltr'>ἐστὶ</span> <span class='ocrx_word' id='word_1_174' title='bbox 3202 1410 3305 1482; x_wconf 85' lang='grc' dir='ltr'>τῆς</span> <span class='ocrx_word' id='word_1_175' title='bbox 3331 1410 3475 1465; x_wconf 79' lang='grc' dir='ltr'>οὕτω</span> <span class='ocrx_word' id='word_1_176' title='bbox 3506 1411 3826 1479; x_wconf 71' lang='grc' dir='ltr'>πολυειδιῦς</span> 
     </span>
    </p>
   </div>
   <div class='ocr_carea' id='block_1_27' title="bbox 2227 1503 2874 1577">
    <p class='ocr_par' dir='ltr' id='par_1_27' title="bbox 2227 1503 2874 1577">
     <span class='ocr_line' id='line_1_27' title="bbox 2227 1503 2874 1577; baseline 0.012 -18"><span class='ocrx_word' id='word_1_177' title='bbox 2227 1504 2593 1577; x_wconf 80' lang='grc' dir='ltr'>προσαγωγῆς</span> <span class='ocrx_word' id='word_1_178' title='bbox 2625 1503 2654 1554; x_wconf 84' lang='grc' dir='ltr'>ὁ</span> <span class='ocrx_word' id='word_1_179' title='bbox 2685 1503 2845 1570; x_wconf 80' lang='grc' dir='ltr'>λόγος</span> <span class='ocrx_word' id='word_1_180' title='bbox 2859 1519 2874 1567; x_wconf 88' lang='grc'>;</span> 
     </span>
    </p>
   </div>
   <div class='ocr_carea' id='block_1_28' title="bbox 2299 1589 3826 1666">
    <p class='ocr_par' dir='ltr' id='par_1_28' title="bbox 2299 1589 3826 1666">
     <span class='ocr_line' id='line_1_28' title="bbox 2299 1589 3826 1666; baseline 0.001 -16"><span class='ocrx_word' id='word_1_181' title='bbox 2299 1597 2460 1650; x_wconf 83' lang='grc' dir='ltr'><strong>ΚΥΡ.</strong></span> <span class='ocrx_word' id='word_1_182' title='bbox 2497 1596 2861 1666; x_wconf 80' lang='grc' dir='ltr'>Καρποφορία</span> <span class='ocrx_word' id='word_1_183' title='bbox 2888 1594 2985 1665; x_wconf 80' lang='grc' dir='ltr'>μὲν</span> <span class='ocrx_word' id='word_1_184' title='bbox 3006 1589 3100 1647; x_wconf 72' lang='grc' dir='ltr'><strong>οὖν</strong></span> <span class='ocrx_word' id='word_1_185' title='bbox 3122 1594 3182 1649; x_wconf 85' lang='grc' dir='ltr'><strong>τὸ</strong></span> <span class='ocrx_word' id='word_1_186' title='bbox 3203 1594 3394 1666; x_wconf 80' lang='grc' dir='ltr'>χρῆμά</span> <span class='ocrx_word' id='word_1_187' title='bbox 3417 1596 3589 1662; x_wconf 75' lang='grc' dir='ltr'>ἐστιν,</span> <span class='ocrx_word' id='word_1_188' title='bbox 3614 1591 3658 1649; x_wconf 81' lang='grc' dir='ltr'>ὦ</span> <span class='ocrx_word' id='word_1_189' title='bbox 3680 1597 3826 1651; x_wconf 87' lang='grc' dir='ltr'>Παλ·</span> 
     </span>
    </p>
   </div>
   <div class='ocr_carea' id='block_1_29' title="bbox 2227 1681 3824 1760">
    <p class='ocr_par' dir='ltr' id='par_1_29' title="bbox 2227 1681 3824 1760">
     <span class='ocr_line' id='line_1_29' title="bbox 2227 1681 3824 1760; baseline 0.002 -19"><span class='ocrx_word' id='word_1_190' title='bbox 2227 1688 2396 1752; x_wconf 88' lang='grc' dir='ltr'>λάδιε,</span> <span class='ocrx_word' id='word_1_191' title='bbox 2433 1687 2738 1741; x_wconf 80' lang='grc' dir='ltr'>πέπλεκται</span> <span class='ocrx_word' id='word_1_192' title='bbox 2766 1686 2843 1748; x_wconf 83' lang='grc' dir='ltr'>δὲ,</span> <span class='ocrx_word' id='word_1_193' title='bbox 2873 1681 3048 1756; x_wconf 73' lang='grc' dir='ltr'>οἶμαι,</span> <span class='ocrx_word' id='word_1_194' title='bbox 3077 1688 3170 1739; x_wconf 72' lang='grc' dir='ltr'><strong>καὶ</strong></span> <span class='ocrx_word' id='word_1_195' title='bbox 3196 1687 3353 1755; x_wconf 81' lang='grc' dir='ltr'>λόγος</span> <span class='ocrx_word' id='word_1_196' title='bbox 3379 1689 3515 1760; x_wconf 77' lang='grc' dir='ltr'>αὐτῇ</span> <span class='ocrx_word' id='word_1_197' title='bbox 3556 1690 3824 1759; x_wconf 81' lang='grc' dir='ltr'>μυστικὸς</span> 
     </span>
    </p>
   </div>
   <div class='ocr_carea' id='block_1_30' title="bbox 538 1776 2113 1877">
    <p class='ocr_par' dir='ltr' id='par_1_30' title="bbox 538 1786 2113 1859">
     <span class='ocr_line' id='line_1_30' title="bbox 538 1786 2113 1859; baseline 0 -19"><span class='ocrx_word' id='word_1_198' title='bbox 538 1786 761 1854; x_wconf 87' lang='lat' dir='ltr'><strong>quidem</strong></span> <span class='ocrx_word' id='word_1_199' title='bbox 786 1787 1079 1851; x_wconf 88' lang='lat' dir='ltr'><strong>sententia,</strong></span> <span class='ocrx_word' id='word_1_200' title='bbox 1115 1789 1275 1853; x_wconf 88' lang='lat' dir='ltr'><strong>ratio,</strong></span> <span class='ocrx_word' id='word_1_201' title='bbox 1297 1805 1397 1859; x_wconf 90' lang='lat' dir='ltr'><strong>per</strong></span> <span class='ocrx_word' id='word_1_202' title='bbox 1419 1805 1586 1859; x_wconf 89' lang='lat' dir='ltr'><strong>quam</strong></span> <span class='ocrx_word' id='word_1_203' title='bbox 1612 1789 1682 1844; x_wconf 91' lang='lat' dir='ltr'><strong>ad</strong></span> <span class='ocrx_word' id='word_1_204' title='bbox 1706 1790 2052 1854; x_wconf 88' lang='lat' dir='ltr'><strong>Emmanuel,</strong></span> <span class='ocrx_word' id='word_1_205' title='bbox 2073 1799 2113 1843; x_wconf 81' lang='lat' dir='ltr'><strong>el</strong></span> 
     </span>
    </p>
   </div>
   <div class='ocr_carea' id='block_1_31' title="bbox 2219 1776 3823 1877">
    <p class='ocr_par' dir='ltr' id='par_1_31' title="bbox 2229 1776 3823 1853">
     <span class='ocr_line' id='line_1_31' title="bbox 2229 1776 3823 1853; baseline 0.003 -22"><span class='ocrx_word' id='word_1_206' title='bbox 2229 1781 2310 1842; x_wconf 73' lang='grc' dir='ltr'>εἰς</span> <span class='ocrx_word' id='word_1_207' title='bbox 2338 1778 2428 1832; x_wconf 85' lang='grc' dir='ltr'><strong>τὸν</strong></span> <span class='ocrx_word' id='word_1_208' title='bbox 2479 1776 2851 1849; x_wconf 75' lang='grc' dir='ltr'>Ἐμμανουήλ,</span> <span class='ocrx_word' id='word_1_209' title='bbox 2885 1777 2980 1831; x_wconf 77' lang='grc' dir='ltr'>καὶ</span> <span class='ocrx_word' id='word_1_210' title='bbox 3018 1781 3098 1842; x_wconf 76' lang='grc' dir='ltr'>εἰς</span> <span class='ocrx_word' id='word_1_211' title='bbox 3131 1779 3279 1849; x_wconf 84' lang='grc' dir='ltr'>ἡμᾶς</span> <span class='ocrx_word' id='word_1_212' title='bbox 3319 1779 3519 1843; x_wconf 81' lang='grc' dir='ltr'>αὐτοὺς</span> <span class='ocrx_word' id='word_1_213' title='bbox 3554 1782 3823 1853; x_wconf 85' lang='grc' dir='ltr'>ἀνακομί-</span> 
     </span>
    </p>
   </div>
   <div class='ocr_carea' id='block_1_32' title="bbox 538 1878 2125 1951">
    <p class='ocr_par' dir='ltr' id='par_1_32' title="bbox 538 1878 2125 1951">
     <span class='ocr_line' id='line_1_32' title="bbox 538 1878 2125 1951; baseline 0.003 -21"><span class='ocrx_word' id='word_1_214' title='bbox 538 1878 606 1931; x_wconf 85' lang='lat' dir='ltr'><strong>ad</strong></span> <span class='ocrx_word' id='word_1_215' title='bbox 634 1894 737 1933; x_wconf 89' lang='lat' dir='ltr'><strong>nos</strong></span> <span class='ocrx_word' id='word_1_216' title='bbox 762 1880 909 1948; x_wconf 89' lang='lat' dir='ltr'><strong>ipsos</strong></span> <span class='ocrx_word' id='word_1_217' title='bbox 936 1880 1042 1933; x_wconf 88' lang='lat' dir='ltr'><strong>hoc</strong></span> <span class='ocrx_word' id='word_1_218' title='bbox 1066 1880 1299 1950; x_wconf 66' lang='lat' dir='ltr'><strong>mnigma</strong></span> <span class='ocrx_word' id='word_1_219' title='bbox 1331 1880 1596 1946; x_wconf 79' lang='lat' dir='ltr'><strong>refertur;</strong></span> <span class='ocrx_word' id='word_1_220' title='bbox 1648 1881 1701 1934; x_wconf 92' lang='lat' dir='ltr'><strong>id</strong></span> <span class='ocrx_word' id='word_1_221' title='bbox 1733 1890 1918 1935; x_wconf 87' lang='lat' dir='ltr'><strong>autem</strong></span> <span class='ocrx_word' id='word_1_222' title='bbox 1944 1880 2125 1951; x_wconf 76' lang='lat' dir='ltr'><strong>expli-</strong></span> 
     </span>
    </p>
   </div>
   <div class='ocr_carea' id='block_1_33' title="bbox 537 1967 2125 2040">
    <p class='ocr_par' dir='ltr' id='par_1_33' title="bbox 537 1967 2125 2040">
     <span class='ocr_line' id='line_1_33' title="bbox 537 1967 2125 2040; baseline 0.003 -21"><span class='ocrx_word' id='word_1_223' title='bbox 537 1967 695 2030; x_wconf 88' lang='lat' dir='ltr'><strong>cabo,</strong></span> <span class='ocrx_word' id='word_1_224' title='bbox 719 1976 1013 2037; x_wconf 83' lang='lat' dir='ltr'><strong>utpotero.</strong></span> <span class='ocrx_word' id='word_1_225' title='bbox 1052 1968 1300 2037; x_wconf 82' lang='lat' dir='ltr'><strong>Namque</strong></span> <span class='ocrx_word' id='word_1_226' title='bbox 1358 1969 1711 2024; x_wconf 80' lang='lat' dir='ltr'><strong>manifestato</strong></span> <span class='ocrx_word' id='word_1_227' title='bbox 1737 1971 1851 2040; x_wconf 86' lang='lat' dir='ltr'><strong>jam</strong></span> <span class='ocrx_word' id='word_1_228' title='bbox 1892 1970 1948 2024; x_wconf 91' lang='lat' dir='ltr'><strong>in</strong></span> <span class='ocrx_word' id='word_1_229' title='bbox 1989 1970 2125 2024; x_wconf 84' lang='lat' dir='ltr'><strong>orbe</strong></span> 
     </span>
    </p>
   </div>
   <div class='ocr_carea' id='block_1_34' title="bbox 536 2061 2122 2131">
    <p class='ocr_par' dir='ltr' id='par_1_34' title="bbox 536 2061 2122 2131">
     <span class='ocr_line' id='line_1_34' title="bbox 536 2061 2122 2131; baseline 0.002 -19"><span class='ocrx_word' id='word_1_230' title='bbox 536 2067 808 2113; x_wconf 89' lang='lat' dir='ltr'><strong>terrarum</strong></span> <span class='ocrx_word' id='word_1_231' title='bbox 835 2070 1025 2114; x_wconf 87' lang='lat' dir='ltr'><strong>sancto</strong></span> <span class='ocrx_word' id='word_1_232' title='bbox 1074 2061 1169 2114; x_wconf 92' lang='lat' dir='ltr'><strong>illo</strong></span> <span class='ocrx_word' id='word_1_233' title='bbox 1195 2076 1440 2131; x_wconf 74' lang='lat' dir='ltr'><strong>veroque</strong></span> <span class='ocrx_word' id='word_1_234' title='bbox 1489 2062 1866 2128; x_wconf 90' lang='lat' dir='ltr'><strong>tabernaculo,</strong></span> <span class='ocrx_word' id='word_1_235' title='bbox 1912 2062 1967 2116; x_wconf 90' lang='lat' dir='ltr'><strong>id</strong></span> <span class='ocrx_word' id='word_1_236' title='bbox 2017 2069 2122 2127; x_wconf 89' lang='lat' dir='ltr'><strong>est,</strong></span> 
     </span>
    </p>
   </div>
   <div class='ocr_carea' id='block_1_35' title="bbox 535 2149 2123 2223">
    <p class='ocr_par' dir='ltr' id='par_1_35' title="bbox 535 2149 2123 2223">
     <span class='ocr_line' id='line_1_35' title="bbox 535 2149 2123 2223; baseline 0.003 -21"><span class='ocrx_word' id='word_1_237' title='bbox 535 2149 799 2213; x_wconf 85' lang='lat' dir='ltr'><strong>Ecclesia,</strong></span> <span class='ocrx_word' id='word_1_238' title='bbox 836 2149 1092 2205; x_wconf 87' lang='lat' dir='ltr'><strong>Christus</strong></span> <span class='ocrx_word' id='word_1_239' title='bbox 1119 2152 1173 2205; x_wconf 93' lang='lat' dir='ltr'><strong>in</strong></span> <span class='ocrx_word' id='word_1_240' title='bbox 1201 2168 1267 2207; x_wconf 91' lang='lat' dir='ltr'><strong>ea</strong></span> <span class='ocrx_word' id='word_1_241' title='bbox 1290 2154 1480 2208; x_wconf 90' lang='lat' dir='ltr'><strong>multis</strong></span> <span class='ocrx_word' id='word_1_242' title='bbox 1501 2154 1785 2223; x_wconf 81' lang='lat' dir='ltr'><strong>variisque</strong></span> <span class='ocrx_word' id='word_1_243' title='bbox 1826 2153 2005 2209; x_wconf 76' lang='lat' dir='ltr'><strong>modis</strong></span> <span class='ocrx_word' id='word_1_244' title='bbox 2025 2170 2123 2208; x_wconf 75' lang='lat' dir='ltr'><strong>ex-</strong></span> 
     </span>
    </p>
   </div>
   <div class='ocr_carea' id='block_1_36' title="bbox 533 2243 2123 2316">
    <p class='ocr_par' dir='ltr' id='par_1_36' title="bbox 533 2243 2123 2316">
     <span class='ocr_line' id='line_1_36' title="bbox 533 2243 2123 2316; baseline 0.003 -21"><span class='ocrx_word' id='word_1_245' title='bbox 533 2243 738 2297; x_wconf 89' lang='lat' dir='ltr'><strong>cellens</strong></span> <span class='ocrx_word' id='word_1_246' title='bbox 781 2244 892 2299; x_wconf 90' lang='lat' dir='ltr'><strong>Deo</strong></span> <span class='ocrx_word' id='word_1_247' title='bbox 918 2259 981 2298; x_wconf 91' lang='lat' dir='ltr'><strong>ac</strong></span> <span class='ocrx_word' id='word_1_248' title='bbox 1015 2245 1163 2299; x_wconf 84' lang='lat' dir='ltr'><strong>Patri</strong></span> <span class='ocrx_word' id='word_1_249' title='bbox 1191 2261 1222 2299; x_wconf 91' lang='lat' dir='ltr'><strong>a</strong></span> <span class='ocrx_word' id='word_1_250' title='bbox 1271 2245 1434 2299; x_wconf 89' lang='lat' dir='ltr'><strong>nobis</strong></span> <span class='ocrx_word' id='word_1_251' title='bbox 1479 2247 1878 2316; x_wconf 86' lang='lat' dir='ltr'><strong>propemodum</strong></span> <span class='ocrx_word' id='word_1_252' title='bbox 1911 2262 1976 2300; x_wconf 91' lang='lat' dir='ltr'><strong>ac</strong></span> <span class='ocrx_word' id='word_1_253' title='bbox 2022 2261 2123 2315; x_wconf 86' lang='lat' dir='ltr'><strong>pro</strong></span> 
     </span>
    </p>
   </div>
   <div class='ocr_carea' id='block_1_37' title="bbox 531 2333 2123 2407">
    <p class='ocr_par' dir='ltr' id='par_1_37' title="bbox 531 2333 2123 2407">
     <span class='ocr_line' id='line_1_37' title="bbox 531 2333 2123 2407; baseline 0.004 -21"><span class='ocrx_word' id='word_1_254' title='bbox 531 2333 693 2388; x_wconf 80' lang='lat' dir='ltr'><strong>nobis</strong></span> <span class='ocrx_word' id='word_1_255' title='bbox 717 2341 777 2388; x_wconf 91' lang='lat' dir='ltr'><strong>ut</strong></span> <span class='ocrx_word' id='word_1_256' title='bbox 802 2350 960 2389; x_wconf 83' lang='lat' dir='ltr'><strong>sacra</strong></span> <span class='ocrx_word' id='word_1_257' title='bbox 982 2336 1211 2390; x_wconf 79' lang='lat' dir='ltr'><strong>victima</strong></span> <span class='ocrx_word' id='word_1_258' title='bbox 1231 2336 1491 2402; x_wconf 70' lang='lat' dir='ltr'><strong>oﬁ‘ertur,</strong></span> <span class='ocrx_word' id='word_1_259' title='bbox 1517 2353 1641 2407; x_wconf 66' lang='lat' dir='ltr'><strong>qua:</strong></span> <span class='ocrx_word' id='word_1_260' title='bbox 1677 2338 1928 2407; x_wconf 89' lang='lat' dir='ltr'><strong>pretium</strong></span> <span class='ocrx_word' id='word_1_261' title='bbox 1958 2338 2032 2392; x_wconf 92' lang='lat' dir='ltr'><strong>sit</strong></span> <span class='ocrx_word' id='word_1_262' title='bbox 2056 2351 2123 2392; x_wconf 85' lang='lat' dir='ltr'><strong>ac</strong></span> 
     </span>
    </p>
   </div>
   <div class='ocr_carea' id='block_1_38' title="bbox 531 2425 2122 2499">
    <p class='ocr_par' dir='ltr' id='par_1_38' title="bbox 531 2425 2122 2499">
     <span class='ocr_line' id='line_1_38' title="bbox 531 2425 2122 2499; baseline 0.004 -23"><span class='ocrx_word' id='word_1_263' title='bbox 531 2439 633 2492; x_wconf 75' lang='lat' dir='ltr'><strong>pro</strong></span> <span class='ocrx_word' id='word_1_264' title='bbox 662 2425 1044 2480; x_wconf 78' lang='lat' dir='ltr'><strong>universorum</strong></span> <span class='ocrx_word' id='word_1_265' title='bbox 1070 2428 1180 2482; x_wconf 84' lang='lat' dir='ltr'><strong>vita</strong></span> <span class='ocrx_word' id='word_1_266' title='bbox 1201 2430 1555 2498; x_wconf 85' lang='lat' dir='ltr'><strong>permutatio,</strong></span> <span class='ocrx_word' id='word_1_267' title='bbox 1612 2430 1814 2499; x_wconf 88' lang='lat' dir='ltr'><strong>quippe</strong></span> <span class='ocrx_word' id='word_1_268' title='bbox 1852 2444 1979 2483; x_wconf 90' lang='lat' dir='ltr'><strong>cum</strong></span> <span class='ocrx_word' id='word_1_269' title='bbox 2030 2429 2122 2483; x_wconf 86' lang='lat' dir='ltr'><strong>ille</strong></span> 
     </span>
    </p>
   </div>
   <div class='ocr_carea' id='block_1_39' title="bbox 530 2514 2120 2591">
    <p class='ocr_par' dir='ltr' id='par_1_39' title="bbox 530 2514 2120 2591">
     <span class='ocr_line' id='line_1_39' title="bbox 530 2514 2120 2591; baseline 0.006 -24"><span class='ocrx_word' id='word_1_270' title='bbox 530 2529 675 2569; x_wconf 89' lang='lat' dir='ltr'><strong>unus</strong></span> <span class='ocrx_word' id='word_1_271' title='bbox 714 2514 786 2569; x_wconf 88' lang='lat' dir='ltr'><strong>sit</strong></span> <span class='ocrx_word' id='word_1_272' title='bbox 809 2532 910 2586; x_wconf 90' lang='lat' dir='ltr'><strong>pro</strong></span> <span class='ocrx_word' id='word_1_273' title='bbox 938 2518 1214 2573; x_wconf 79' lang='lat' dir='ltr'><strong>universis</strong></span> <span class='ocrx_word' id='word_1_274' title='bbox 1236 2536 1392 2590; x_wconf 66' lang='lat' dir='ltr'><strong>aequa</strong></span> <span class='ocrx_word' id='word_1_275' title='bbox 1420 2521 1737 2575; x_wconf 74' lang='lat' dir='ltr'><strong>aestimatio.</strong></span> <span class='ocrx_word' id='word_1_276' title='bbox 1765 2522 1926 2588; x_wconf 89' lang='lat' dir='ltr'><strong>Nam,</strong></span> <span class='ocrx_word' id='word_1_277' title='bbox 1968 2530 2120 2591; x_wconf 90' lang='lat' dir='ltr'><strong>post-</strong></span> 
     </span>
    </p>
   </div>
   <div class='ocr_carea' id='block_1_40' title="bbox 527 2607 2117 2678">
    <p class='ocr_par' dir='ltr' id='par_1_40' title="bbox 527 2607 2117 2678">
     <span class='ocr_line' id='line_1_40' title="bbox 527 2607 2117 2678; baseline 0.006 -20"><span class='ocrx_word' id='word_1_278' title='bbox 527 2620 761 2674; x_wconf 89' lang='lat' dir='ltr'><strong>eaquam</strong></span> <span class='ocrx_word' id='word_1_279' title='bbox 810 2607 901 2661; x_wconf 91' lang='lat' dir='ltr'><strong>ille</strong></span> <span class='ocrx_word' id='word_1_280' title='bbox 928 2608 1257 2678; x_wconf 85' lang='lat' dir='ltr'><strong>Unigenitus</strong></span> <span class='ocrx_word' id='word_1_281' title='bbox 1293 2610 1472 2665; x_wconf 81' lang='lat' dir='ltr'><strong>factus</strong></span> <span class='ocrx_word' id='word_1_282' title='bbox 1507 2620 1678 2666; x_wconf 92' lang='lat' dir='ltr'><strong>estut</strong></span> <span class='ocrx_word' id='word_1_283' title='bbox 1706 2628 1851 2668; x_wconf 90' lang='lat' dir='ltr'><strong>unus</strong></span> <span class='ocrx_word' id='word_1_284' title='bbox 1879 2629 1910 2670; x_wconf 89' lang='lat' dir='ltr'><strong>e</strong></span> <span class='ocrx_word' id='word_1_285' title='bbox 1955 2615 2117 2670; x_wconf 92' lang='lat' dir='ltr'><strong>nobis</strong></span> 
     </span>
    </p>
   </div>
   <div class='ocr_carea' id='block_1_41' title="bbox 530 2692 2120 2777">
    <p class='ocr_par' dir='ltr' id='par_1_41' title="bbox 530 2692 2120 2777">
     <span class='ocr_line' id='line_1_41' title="bbox 530 2692 2120 2777; baseline 0.008 -30"><span class='ocrx_word' id='word_1_286' title='bbox 530 2693 716 2760; x_wconf 88' lang='lat' dir='ltr'><strong>homo,</strong></span> <span class='ocrx_word' id='word_1_287' title='bbox 744 2697 989 2767; x_wconf 88' lang='lat' dir='ltr'><strong>seipsum</strong></span> <span class='ocrx_word' id='word_1_288' title='bbox 1036 2700 1240 2755; x_wconf 89' lang='lat' dir='ltr'><strong>obtulit</strong></span> <span class='ocrx_word' id='word_1_289' title='bbox 1283 2702 1397 2757; x_wconf 88' lang='lat' dir='ltr'><strong>Deo</strong></span> <span class='ocrx_word' id='word_1_290' title='bbox 1431 2710 1488 2757; x_wconf 90' lang='lat' dir='ltr'><strong>et</strong></span> <span class='ocrx_word' id='word_1_291' title='bbox 1538 2705 1686 2758; x_wconf 87' lang='lat' dir='ltr'><strong>Patri</strong></span> <span class='ocrx_word' id='word_1_292' title='bbox 1737 2706 1893 2776; x_wconf 89' lang='lat' dir='ltr'><strong>quasi</strong></span> <span class='ocrx_word' id='word_1_293' title='bbox 1928 2692 2120 2777; x_wconf 77' lang='lat' dir='ltr'><strong>praeci-</strong></span> 
     </span>
    </p>
   </div>
   <div class='ocr_carea' id='block_1_42' title="bbox 527 2788 2119 2864">
    <p class='ocr_par' dir='ltr' id='par_1_42' title="bbox 527 2788 2119 2864">
     <span class='ocr_line' id='line_1_42' title="bbox 527 2788 2119 2864; baseline 0.009 -24"><span class='ocrx_word' id='word_1_294' title='bbox 527 2800 702 2856; x_wconf 86' lang='lat' dir='ltr'><strong>puum</strong></span> <span class='ocrx_word' id='word_1_295' title='bbox 740 2788 1001 2858; x_wconf 88' lang='lat' dir='ltr'><strong>quiddam</strong></span> <span class='ocrx_word' id='word_1_296' title='bbox 1023 2806 1088 2846; x_wconf 90' lang='lat' dir='ltr'><strong>ac</strong></span> <span class='ocrx_word' id='word_1_297' title='bbox 1117 2792 1392 2862; x_wconf 89' lang='lat' dir='ltr'><strong>primitias</strong></span> <span class='ocrx_word' id='word_1_298' title='bbox 1417 2794 1673 2851; x_wconf 65' lang='lat' dir='ltr'><strong>humana:</strong></span> <span class='ocrx_word' id='word_1_299' title='bbox 1720 2806 1956 2864; x_wconf 63' lang='lat' dir='ltr'><strong>natura),</strong></span> <span class='ocrx_word' id='word_1_300' title='bbox 1993 2816 2119 2855; x_wconf 91' lang='lat' dir='ltr'><strong>san-</strong></span> 
     </span>
    </p>
   </div>
   <div class='ocr_carea' id='block_1_43' title="bbox 528 2878 2120 2962">
    <p class='ocr_par' dir='ltr' id='par_1_43' title="bbox 528 2878 2120 2962">
     <span class='ocr_line' id='line_1_43' title="bbox 528 2878 2120 2962; baseline 0.01 -29"><span class='ocrx_word' id='word_1_301' title='bbox 528 2878 778 2934; x_wconf 87' lang='lat' dir='ltr'><strong>ctitatem</strong></span> <span class='ocrx_word' id='word_1_302' title='bbox 803 2881 1124 2950; x_wconf 87' lang='lat' dir='ltr'><strong>redolentis,</strong></span> <span class='ocrx_word' id='word_1_303' title='bbox 1148 2901 1270 2954; x_wconf 68' lang='lat' dir='ltr'><strong>qum</strong></span> <span class='ocrx_word' id='word_1_304' title='bbox 1290 2885 1370 2941; x_wconf 90' lang='lat' dir='ltr'><strong>illi</strong></span> <span class='ocrx_word' id='word_1_305' title='bbox 1393 2890 1677 2955; x_wconf 90' lang='lat' dir='ltr'><strong>sanctitas,</strong></span> <span class='ocrx_word' id='word_1_306' title='bbox 1707 2907 1816 2961; x_wconf 91' lang='lat' dir='ltr'><strong>qua</strong></span> <span class='ocrx_word' id='word_1_307' title='bbox 1851 2901 2004 2962; x_wconf 88' lang='lat' dir='ltr'><strong>parte</strong></span> <span class='ocrx_word' id='word_1_308' title='bbox 2036 2894 2120 2948; x_wconf 83' lang='lat' dir='ltr'><strong>in-</strong></span> 
     </span>
    </p>
   </div>
   <div class='ocr_carea' id='block_1_44' title="bbox 528 2969 2109 3050">
    <p class='ocr_par' dir='ltr' id='par_1_44' title="bbox 528 2969 2109 3050">
     <span class='ocr_line' id='line_1_44' title="bbox 528 2969 2109 3050; baseline 0.012 -27"><span class='ocrx_word' id='word_1_309' title='bbox 528 2969 814 3041; x_wconf 74' lang='lat' dir='ltr'><strong>telligitur,</strong></span> <span class='ocrx_word' id='word_1_310' title='bbox 845 2982 1011 3045; x_wconf 90' lang='lat' dir='ltr'><strong>atque</strong></span> <span class='ocrx_word' id='word_1_311' title='bbox 1036 2975 1177 3031; x_wconf 87' lang='lat' dir='ltr'><strong>adeo</strong></span> <span class='ocrx_word' id='word_1_312' title='bbox 1202 2984 1289 3033; x_wconf 87' lang='lat' dir='ltr'><strong>est</strong></span> <span class='ocrx_word' id='word_1_313' title='bbox 1319 2979 1484 3045; x_wconf 90' lang='lat' dir='ltr'><strong>Deus,</strong></span> <span class='ocrx_word' id='word_1_314' title='bbox 1514 2982 1819 3050; x_wconf 83' lang='lat' dir='ltr'><strong>secundum</strong></span> <span class='ocrx_word' id='word_1_315' title='bbox 1849 2992 2109 3043; x_wconf 86' lang='lat' dir='ltr'><strong>naturam</strong></span> 
     </span>
    </p>
   </div>
   <div class='ocr_carea' id='block_1_45' title="bbox 526 3065 2112 3135">
    <p class='ocr_par' dir='ltr' id='par_1_45' title="bbox 526 3065 2112 3135">
     <span class='ocr_line' id='line_1_45' title="bbox 526 3065 2112 3135; baseline 0.011 -20"><span class='ocrx_word' id='word_1_316' title='bbox 526 3069 586 3116; x_wconf 90' lang='lat' dir='ltr'><strong>et</strong></span> <span class='ocrx_word' id='word_1_317' title='bbox 621 3065 920 3120; x_wconf 87' lang='lat' dir='ltr'><strong>essentiam</strong></span> <span class='ocrx_word' id='word_1_318' title='bbox 953 3068 1153 3135; x_wconf 89' lang='lat' dir='ltr'><strong>inerat,</strong></span> <span class='ocrx_word' id='word_1_319' title='bbox 1186 3069 1283 3125; x_wconf 86' lang='lat' dir='ltr'><strong>sed</strong></span> <span class='ocrx_word' id='word_1_320' title='bbox 1320 3072 1573 3127; x_wconf 89' lang='lat' dir='ltr'><strong>eamdem</strong></span> <span class='ocrx_word' id='word_1_321' title='bbox 1608 3073 1971 3130; x_wconf 87' lang='lat' dir='ltr'><strong>adventitiam</strong></span> <span class='ocrx_word' id='word_1_322' title='bbox 2011 3077 2112 3132; x_wconf 87' lang='lat' dir='ltr'><strong>ha-</strong></span> 
     </span>
    </p>
   </div>
   <div class='ocr_carea' id='block_1_46' title="bbox 2229 1867 3817 1943">
    <p class='ocr_par' dir='ltr' id='par_1_46' title="bbox 2229 1867 3817 1943">
     <span class='ocr_line' id='line_1_46' title="bbox 2229 1867 3817 1943; baseline 0.003 -17"><span class='ocrx_word' id='word_1_323' title='bbox 2229 1873 2338 1938; x_wconf 81' lang='grc' dir='ltr'>ζων</span> <span class='ocrx_word' id='word_1_324' title='bbox 2368 1872 2427 1924; x_wconf 82' lang='grc' dir='ltr'><strong>τὸ</strong></span> <span class='ocrx_word' id='word_1_325' title='bbox 2461 1872 2725 1941; x_wconf 83' lang='grc' dir='ltr'>αἴνιγμα·</span> <span class='ocrx_word' id='word_1_326' title='bbox 2768 1872 2962 1943; x_wconf 81' lang='grc' dir='ltr'>φράσω</span> <span class='ocrx_word' id='word_1_327' title='bbox 3001 1872 3058 1925; x_wconf 80' lang='grc' dir='ltr'>δὲ</span> <span class='ocrx_word' id='word_1_328' title='bbox 3097 1872 3172 1936; x_wconf 85' lang='grc' dir='ltr'>ὼς</span> <span class='ocrx_word' id='word_1_329' title='bbox 3203 1871 3269 1925; x_wconf 87' lang='grc' dir='ltr'>ἂν</span> <span class='ocrx_word' id='word_1_330' title='bbox 3314 1867 3427 1937; x_wconf 78' lang='grc' dir='ltr'>οἷός</span> <span class='ocrx_word' id='word_1_331' title='bbox 3458 1891 3519 1926; x_wconf 92' lang='grc' dir='ltr'><strong>τε</strong></span> <span class='ocrx_word' id='word_1_332' title='bbox 3557 1867 3603 1927; x_wconf 79' lang='grc' dir='ltr'>ὦ</span> <span class='ocrx_word' id='word_1_333' title='bbox 3633 1876 3817 1932; x_wconf 82' lang='grc' dir='ltr'>πάλιν.</span> 
     </span>
    </p>
   </div>
   <div class='ocr_carea' id='block_1_47' title="bbox 2240 1963 3819 2037">
    <p class='ocr_par' dir='ltr' id='par_1_47' title="bbox 2240 1963 3819 2037">
     <span class='ocr_line' id='line_1_47' title="bbox 2240 1963 3819 2037; baseline 0.002 -20"><span class='ocrx_word' id='word_1_334' title='bbox 2240 1963 2715 2033; x_wconf 79' lang='grc' dir='ltr'>’Λναδεδειγμένης</span> <span class='ocrx_word' id='word_1_335' title='bbox 2752 1963 2860 2033; x_wconf 85' lang='grc' dir='ltr'><strong>γὰρ</strong></span> <span class='ocrx_word' id='word_1_336' title='bbox 2886 1964 2945 2016; x_wconf 77' lang='grc' dir='ltr'>ὲν</span> <span class='ocrx_word' id='word_1_337' title='bbox 2975 1963 3113 2033; x_wconf 84' lang='grc' dir='ltr'>τῷδε</span> <span class='ocrx_word' id='word_1_338' title='bbox 3146 1963 3223 2034; x_wconf 81' lang='grc' dir='ltr'><strong>τῷ</strong></span> <span class='ocrx_word' id='word_1_339' title='bbox 3264 1964 3456 2036; x_wconf 85' lang='grc' dir='ltr'>κόσμῳ</span> <span class='ocrx_word' id='word_1_340' title='bbox 3493 1966 3594 2037; x_wconf 80' lang='grc' dir='ltr'>τῆς</span> <span class='ocrx_word' id='word_1_341' title='bbox 3630 1966 3819 2034; x_wconf 81' lang='grc' dir='ltr'>ἁγίας,</span> 
     </span>
    </p>
   </div>
   <div class='ocr_carea' id='block_1_48' title="bbox 2226 2054 3814 2129">
    <p class='ocr_par' dir='ltr' id='par_1_48' title="bbox 2226 2054 3814 2129">
     <span class='ocr_line' id='line_1_48' title="bbox 2226 2054 3814 2129; baseline 0.001 -20"><span class='ocrx_word' id='word_1_342' title='bbox 2226 2056 2319 2109; x_wconf 74' lang='grc' dir='ltr'>καὶ</span> <span class='ocrx_word' id='word_1_343' title='bbox 2360 2054 2589 2125; x_wconf 76' lang='grc' dir='ltr'>ἀληθοῦς</span> <span class='ocrx_word' id='word_1_344' title='bbox 2643 2055 2879 2125; x_wconf 83' lang='grc' dir='ltr'>σκηνῆς,</span> <span class='ocrx_word' id='word_1_345' title='bbox 2930 2055 3074 2110; x_wconf 77' lang='grc' dir='ltr'>τοῦτ’</span> <span class='ocrx_word' id='word_1_346' title='bbox 3125 2055 3262 2121; x_wconf 80' lang='grc' dir='ltr'>ἔστι,</span> <span class='ocrx_word' id='word_1_347' title='bbox 3315 2057 3415 2127; x_wconf 87' lang='grc' dir='ltr'><strong>τῆς</strong></span> <span class='ocrx_word' id='word_1_348' title='bbox 3461 2057 3814 2129; x_wconf 84' lang='grc' dir='ltr'>Ἐκκλησίας,</span> 
     </span>
    </p>
   </div>
   <div class='ocr_carea' id='block_1_49' title="bbox 2227 2145 3819 2219">
    <p class='ocr_par' dir='ltr' id='par_1_49' title="bbox 2227 2145 3819 2219">
     <span class='ocr_line' id='line_1_49' title="bbox 2227 2145 3819 2219; baseline 0.001 -19"><span class='ocrx_word' id='word_1_349' title='bbox 2227 2145 2523 2209; x_wconf 81' lang='grc' dir='ltr'>πολυειδῶς</span> <span class='ocrx_word' id='word_1_350' title='bbox 2548 2147 2605 2198; x_wconf 82' lang='grc' dir='ltr'>ἐν</span> <span class='ocrx_word' id='word_1_351' title='bbox 2636 2145 2773 2216; x_wconf 77' lang='grc' dir='ltr'>αὐτῇ</span> <span class='ocrx_word' id='word_1_352' title='bbox 2794 2145 3111 2216; x_wconf 75' lang='grc' dir='ltr'>διαπρέπων</span> <span class='ocrx_word' id='word_1_353' title='bbox 3144 2147 3378 2218; x_wconf 78' lang='grc' dir='ltr'>Χριστὸς</span> <span class='ocrx_word' id='word_1_354' title='bbox 3408 2147 3503 2201; x_wconf 74' lang='grc' dir='ltr'>καὶ</span> <span class='ocrx_word' id='word_1_355' title='bbox 3533 2150 3819 2219; x_wconf 77' lang='grc' dir='ltr'>μονονουχὶ</span> 
     </span>
    </p>
   </div>
   <div class='ocr_carea' id='block_1_50' title="bbox 2225 2237 3818 2311">
    <p class='ocr_par' dir='ltr' id='par_1_50' title="bbox 2225 2237 3818 2311">
     <span class='ocr_line' id='line_1_50' title="bbox 2225 2237 3818 2311; baseline 0.002 -21"><span class='ocrx_word' id='word_1_356' title='bbox 2225 2238 2356 2309; x_wconf 83' lang='grc' dir='ltr'>παρ’</span> <span class='ocrx_word' id='word_1_357' title='bbox 2408 2237 2568 2309; x_wconf 83' lang='grc' dir='ltr'>ἡμῶν</span> <span class='ocrx_word' id='word_1_358' title='bbox 2614 2238 2708 2291; x_wconf 57' lang='grc' dir='ltr'><strong>καὶ¹</strong></span> <span class='ocrx_word' id='word_1_359' title='bbox 2751 2239 2890 2311; x_wconf 79' lang='grc' dir='ltr'>ὑπὲρ</span> <span class='ocrx_word' id='word_1_360' title='bbox 2944 2238 3101 2310; x_wconf 78' lang='grc' dir='ltr'>ἡμῶν</span> <span class='ocrx_word' id='word_1_361' title='bbox 3140 2240 3216 2304; x_wconf 85' lang='grc' dir='ltr'><strong>ὡς</strong></span> <span class='ocrx_word' id='word_1_362' title='bbox 3272 2240 3417 2310; x_wconf 78' lang='grc' dir='ltr'>ἱερὸν</span> <span class='ocrx_word' id='word_1_363' title='bbox 3473 2241 3818 2311; x_wconf 81' lang='grc' dir='ltr'>προσάγεται</span> 
     </span>
    </p>
   </div>
   <div class='ocr_carea' id='block_1_51' title="bbox 2224 2327 3818 2403">
    <p class='ocr_par' dir='ltr' id='par_1_51' title="bbox 2224 2327 3818 2403">
     <span class='ocr_line' id='line_1_51' title="bbox 2224 2327 3818 2403; baseline 0.003 -21"><span class='ocrx_word' id='word_1_364' title='bbox 2224 2328 2371 2399; x_wconf 85' lang='grc' dir='ltr'>θύμα</span> <span class='ocrx_word' id='word_1_365' title='bbox 2402 2327 2481 2399; x_wconf 84' lang='grc' dir='ltr'><strong>τῷ</strong></span> <span class='ocrx_word' id='word_1_366' title='bbox 2529 2329 2647 2400; x_wconf 78' lang='grc' dir='ltr'>Θεῷ</span> <span class='ocrx_word' id='word_1_367' title='bbox 2703 2329 2797 2383; x_wconf 79' lang='grc' dir='ltr'>καὶ</span> <span class='ocrx_word' id='word_1_368' title='bbox 2831 2330 3030 2399; x_wconf 69' lang='grc' dir='ltr'>Πατρὶ,</span> <span class='ocrx_word' id='word_1_369' title='bbox 3079 2329 3272 2400; x_wconf 85' lang='grc' dir='ltr'>λύτρον</span> <span class='ocrx_word' id='word_1_370' title='bbox 3321 2330 3417 2383; x_wconf 67' lang='grc' dir='ltr'>καὶ</span> <span class='ocrx_word' id='word_1_371' title='bbox 3451 2332 3818 2403; x_wconf 80' lang='grc' dir='ltr'>ἀντάλλαγμα</span> 
     </span>
    </p>
   </div>
   <div class='ocr_carea' id='block_1_52' title="bbox 2220 2415 3815 2496">
    <p class='ocr_par' dir='ltr' id='par_1_52' title="bbox 2220 2415 3815 2496">
     <span class='ocr_line' id='line_1_52' title="bbox 2220 2415 3815 2496; baseline 0.001 -22"><span class='ocrx_word' id='word_1_372' title='bbox 2220 2421 2320 2491; x_wconf 80' lang='grc' dir='ltr'>τῆς</span> <span class='ocrx_word' id='word_1_373' title='bbox 2356 2420 2616 2474; x_wconf 82' lang='grc' dir='ltr'>ἁπάντων</span> <span class='ocrx_word' id='word_1_374' title='bbox 2648 2419 2813 2492; x_wconf 83' lang='grc' dir='ltr'>ζωῆς,</span> <span class='ocrx_word' id='word_1_375' title='bbox 2843 2415 2924 2484; x_wconf 79' lang='grc' dir='ltr'><strong>εἷς</strong></span> <span class='ocrx_word' id='word_1_376' title='bbox 2956 2422 2985 2474; x_wconf 87' lang='grc' dir='ltr'><strong>ὁ</strong></span> <span class='ocrx_word' id='word_1_377' title='bbox 3024 2421 3239 2475; x_wconf 87' lang='grc' dir='ltr'>πάντων</span> <span class='ocrx_word' id='word_1_378' title='bbox 3268 2422 3539 2487; x_wconf 78' lang='grc' dir='ltr'>ἀντάξιος.</span> <span class='ocrx_word' id='word_1_379' title='bbox 3589 2424 3815 2496; x_wconf 79' lang='grc' dir='ltr'>Ἐπειδὴ</span> 
     </span>
    </p>
   </div>
   <div class='ocr_carea' id='block_1_53' title="bbox 2222 2509 3812 2587">
    <p class='ocr_par' dir='ltr' id='par_1_53' title="bbox 2222 2509 3812 2587">
     <span class='ocr_line' id='line_1_53' title="bbox 2222 2509 3812 2587; baseline 0.002 -21"><span class='ocrx_word' id='word_1_380' title='bbox 2222 2513 2332 2587; x_wconf 87' lang='grc' dir='ltr'>γὰρ</span> <span class='ocrx_word' id='word_1_381' title='bbox 2364 2513 2586 2581; x_wconf 86' lang='grc' dir='ltr'>γέγονεν</span> <span class='ocrx_word' id='word_1_382' title='bbox 2619 2512 2905 2583; x_wconf 83' lang='grc' dir='ltr'>ἄνθρωπος</span> <span class='ocrx_word' id='word_1_383' title='bbox 2928 2515 2957 2566; x_wconf 83' lang='grc' dir='ltr'><strong>ό</strong></span> <span class='ocrx_word' id='word_1_384' title='bbox 2989 2514 3300 2584; x_wconf 81' lang='grc' dir='ltr'>Μονογενὴς</span> <span class='ocrx_word' id='word_1_385' title='bbox 3328 2516 3404 2578; x_wconf 74' lang='grc' dir='ltr'>ὡς</span> <span class='ocrx_word' id='word_1_386' title='bbox 3434 2509 3516 2579; x_wconf 80' lang='grc' dir='ltr'>εἷς</span> <span class='ocrx_word' id='word_1_387' title='bbox 3547 2517 3606 2581; x_wconf 80' lang='grc' dir='ltr'><strong>ἐξ</strong></span> <span class='ocrx_word' id='word_1_388' title='bbox 3627 2516 3812 2587; x_wconf 77' lang='grc' dir='ltr'>ἡμῶν,</span> 
     </span>
    </p>
   </div>
   <div class='ocr_carea' id='block_1_54' title="bbox 2216 2582 3811 2680">
    <p class='ocr_par' dir='ltr' id='par_1_54' title="bbox 2216 2582 3811 2680">
     <span class='ocr_line' id='line_1_54' title="bbox 2216 2582 3811 2680; baseline 0.003 -22"><span class='ocrx_word' id='word_1_389' title='bbox 2216 2582 2412 2659; x_wconf 45' lang='lat' dir='ltr'><strong>satith</strong></span> <span class='ocrx_word' id='word_1_390' title='bbox 2452 2582 2859 2676; x_wconf 15' lang='lat' dir='ltr'><strong>npocxsxéiptxe</strong></span> <span class='ocrx_word' id='word_1_391' title='bbox 2881 2604 2959 2675; x_wconf 79' lang='grc' dir='ltr'>τῷ</span> <span class='ocrx_word' id='word_1_392' title='bbox 2980 2604 3099 2677; x_wconf 78' lang='grc' dir='ltr'>Θεῷ</span> <span class='ocrx_word' id='word_1_393' title='bbox 3126 2606 3221 2660; x_wconf 76' lang='grc' dir='ltr'>καὶ</span> <span class='ocrx_word' id='word_1_394' title='bbox 3251 2582 3811 2680; x_wconf 74' lang='grc' dir='ltr'>Πατρὶ,πρωτόλειον</span> 
     </span>
    </p>
   </div>
   <div class='ocr_carea' id='block_1_55' title="bbox 2231 2694 3816 2770">
    <p class='ocr_par' dir='ltr' id='par_1_55' title="bbox 2231 2694 3816 2770">
     <span class='ocr_line' id='line_1_55' title="bbox 2231 2694 3816 2770; baseline 0.001 -18"><span class='ocrx_word' id='word_1_395' title='bbox 2231 2697 2381 2752; x_wconf 82' lang='grc' dir='ltr'>ὥσπε</span> <span class='ocrx_word' id='word_1_396' title='bbox 2390 2714 2423 2769; x_wconf 88' lang='grc' dir='ltr'><strong>ρ</strong></span> <span class='ocrx_word' id='word_1_397' title='bbox 2459 2714 2513 2751; x_wconf 90' lang='grc' dir='ltr'><strong>τι</strong></span> <span class='ocrx_word' id='word_1_398' title='bbox 2541 2698 2637 2751; x_wconf 79' lang='grc' dir='ltr'>καὶ</span> <span class='ocrx_word' id='word_1_399' title='bbox 2662 2694 2888 2770; x_wconf 79' lang='grc' dir='ltr'>ἀπαρχὴ</span> <span class='ocrx_word' id='word_1_400' title='bbox 2912 2698 3010 2769; x_wconf 85' lang='grc' dir='ltr'>τῆς</span> <span class='ocrx_word' id='word_1_401' title='bbox 3034 2696 3322 2770; x_wconf 86' lang='grc' dir='ltr'>ἀνθρώπου</span> <span class='ocrx_word' id='word_1_402' title='bbox 3346 2698 3559 2768; x_wconf 82' lang='grc' dir='ltr'>φύσεως</span> <span class='ocrx_word' id='word_1_403' title='bbox 3584 2701 3816 2755; x_wconf 88' lang='grc' dir='ltr'>εὐωδια-</span> 
     </span>
    </p>
   </div>
   <div class='ocr_carea' id='block_1_56' title="bbox 2221 2790 3811 2863">
    <p class='ocr_par' dir='ltr' id='par_1_56' title="bbox 2221 2790 3811 2863">
     <span class='ocr_line' id='line_1_56' title="bbox 2221 2790 3811 2863; baseline 0.002 -18"><span class='ocrx_word' id='word_1_404' title='bbox 2221 2791 2422 2863; x_wconf 84' lang='grc' dir='ltr'>ζούσης</span> <span class='ocrx_word' id='word_1_405' title='bbox 2461 2792 2521 2845; x_wconf 85' lang='grc' dir='ltr'>ὲν</span> <span class='ocrx_word' id='word_1_406' title='bbox 2559 2790 2846 2863; x_wconf 83' lang='grc' dir='ltr'>ἁγιασμῷ,</span> <span class='ocrx_word' id='word_1_407' title='bbox 2879 2791 3128 2860; x_wconf 79' lang='grc' dir='ltr'>φυσικῶς</span> <span class='ocrx_word' id='word_1_408' title='bbox 3162 2793 3263 2862; x_wconf 84' lang='grc' dir='ltr'>μὲν</span> <span class='ocrx_word' id='word_1_409' title='bbox 3295 2792 3390 2846; x_wconf 80' lang='grc' dir='ltr'>καὶ</span> <span class='ocrx_word' id='word_1_410' title='bbox 3414 2793 3687 2858; x_wconf 82' lang='grc' dir='ltr'>ούσιωδῶς</span> <span class='ocrx_word' id='word_1_411' title='bbox 3718 2795 3811 2848; x_wconf 76' lang='grc' dir='ltr'><strong>ἐν-</strong></span> 
     </span>
    </p>
   </div>
   <div class='ocr_carea' id='block_1_57' title="bbox 2218 2882 3815 2959">
    <p class='ocr_par' dir='ltr' id='par_1_57' title="bbox 2218 2882 3815 2959">
     <span class='ocr_line' id='line_1_57' title="bbox 2218 2882 3815 2959; baseline 0.003 -23"><span class='ocrx_word' id='word_1_412' title='bbox 2218 2883 2539 2954; x_wconf 79' lang='grc' dir='ltr'>υπάρχοντι,</span> <span class='ocrx_word' id='word_1_413' title='bbox 2568 2884 2691 2938; x_wconf 82' lang='grc' dir='ltr'>καθ’</span> <span class='ocrx_word' id='word_1_414' title='bbox 2730 2883 2760 2936; x_wconf 83' lang='grc' dir='ltr'><strong>δ</strong></span> <span class='ocrx_word' id='word_1_415' title='bbox 2796 2884 2999 2937; x_wconf 86' lang='grc' dir='ltr'>νοεῖται</span> <span class='ocrx_word' id='word_1_416' title='bbox 3031 2885 3126 2937; x_wconf 80' lang='grc' dir='ltr'>καὶ</span> <span class='ocrx_word' id='word_1_417' title='bbox 3170 2882 3287 2937; x_wconf 77' lang='grc' dir='ltr'>ἐστι</span> <span class='ocrx_word' id='word_1_418' title='bbox 3335 2884 3488 2949; x_wconf 83' lang='grc' dir='ltr'>Θεὸς,</span> <span class='ocrx_word' id='word_1_419' title='bbox 3534 2887 3815 2959; x_wconf 84' lang='grc' dir='ltr'>είσκεκρι-</span> 
     </span>
    </p>
   </div>
   <div class='ocr_carea' id='block_1_58' title="bbox 2222 2969 3812 3046">
    <p class='ocr_par' dir='ltr' id='par_1_58' title="bbox 2222 2969 3812 3046">
     <span class='ocr_line' id='line_1_58' title="bbox 2222 2969 3812 3046; baseline 0.001 -20"><span class='ocrx_word' id='word_1_420' title='bbox 2222 2974 2399 3046; x_wconf 83' lang='grc' dir='ltr'>μένως</span> <span class='ocrx_word' id='word_1_421' title='bbox 2432 2973 2489 3027; x_wconf 83' lang='grc' dir='ltr'>δὲ</span> <span class='ocrx_word' id='word_1_422' title='bbox 2511 2970 2579 3028; x_wconf 84' lang='grc' dir='ltr'>αὖ</span> <span class='ocrx_word' id='word_1_423' title='bbox 2610 2974 2698 3028; x_wconf 85' lang='grc' dir='ltr'>διὰ</span> <span class='ocrx_word' id='word_1_424' title='bbox 2724 2974 2786 3027; x_wconf 83' lang='grc' dir='ltr'><strong>τὸ</strong></span> <span class='ocrx_word' id='word_1_425' title='bbox 2821 2973 3184 3046; x_wconf 83' lang='grc' dir='ltr'>ἀνθρώπινον.</span> <span class='ocrx_word' id='word_1_426' title='bbox 3212 2969 3308 3038; x_wconf 81' lang='grc' dir='ltr'><strong>Εἷς</strong></span> <span class='ocrx_word' id='word_1_427' title='bbox 3333 2974 3390 3029; x_wconf 82' lang='grc' dir='ltr'>δὲ</span> <span class='ocrx_word' id='word_1_428' title='bbox 3415 2975 3679 3046; x_wconf 83' lang='grc' dir='ltr'>ὑπάρχων</span> <span class='ocrx_word' id='word_1_429' title='bbox 3709 2977 3812 3030; x_wconf 77' lang='grc' dir='ltr'>καὶ</span> 
     </span>
    </p>
   </div>
   <div class='ocr_carea' id='block_1_59' title="bbox 2216 3066 3807 3140">
    <p class='ocr_par' dir='ltr' id='par_1_59' title="bbox 2216 3066 3807 3140">
     <span class='ocr_line' id='line_1_59' title="bbox 2216 3066 3807 3140; baseline 0.001 -19"><span class='ocrx_word' id='word_1_430' title='bbox 2216 3067 2400 3131; x_wconf 82' lang='grc' dir='ltr'>αὐτὸς,</span> <span class='ocrx_word' id='word_1_431' title='bbox 2432 3068 2576 3122; x_wconf 82' lang='grc' dir='ltr'><strong>κατά</strong></span> <span class='ocrx_word' id='word_1_432' title='bbox 2603 3066 2831 3130; x_wconf 76' lang='grc' dir='ltr'>πολλοὺς</span> <span class='ocrx_word' id='word_1_433' title='bbox 2858 3067 3131 3139; x_wconf 71' lang='grc' dir='ltr'>ἐγράφετο</span> <span class='ocrx_word' id='word_1_434' title='bbox 3157 3068 3415 3139; x_wconf 83' lang='grc' dir='ltr'>τρόπους.</span> <span class='ocrx_word' id='word_1_435' title='bbox 3457 3069 3534 3133; x_wconf 84' lang='grc' dir='ltr'>ὡς</span> <span class='ocrx_word' id='word_1_436' title='bbox 3562 3069 3622 3122; x_wconf 70' lang='grc' dir='ltr'>ἐν</span> <span class='ocrx_word' id='word_1_437' title='bbox 3650 3086 3714 3137; x_wconf 87' lang='grc' dir='ltr'><strong>γε</strong></span> <span class='ocrx_word' id='word_1_438' title='bbox 3739 3073 3807 3140; x_wconf 78' lang='grc' dir='ltr'><strong>τῇ</strong></span> 
     </span>
    </p>
   </div>
   <div class='ocr_carea' id='block_1_60' title="bbox 524 3152 2113 3237">
    <p class='ocr_par' dir='ltr' id='par_1_60' title="bbox 524 3152 2108 3237">
     <span class='ocr_line' id='line_1_60' title="bbox 524 3152 2108 3237; baseline 0.009 -29"><span class='ocrx_word' id='word_1_439' title='bbox 524 3152 710 3220; x_wconf 82' lang='lat' dir='ltr'><strong>bebat,</strong></span> <span class='ocrx_word' id='word_1_440' title='bbox 747 3172 855 3227; x_wconf 90' lang='lat' dir='ltr'><strong>qua</strong></span> <span class='ocrx_word' id='word_1_441' title='bbox 878 3165 1034 3228; x_wconf 89' lang='lat' dir='ltr'><strong>parte</strong></span> <span class='ocrx_word' id='word_1_442' title='bbox 1076 3160 1317 3216; x_wconf 89' lang='lat' dir='ltr'><strong>humana</strong></span> <span class='ocrx_word' id='word_1_443' title='bbox 1346 3162 1404 3217; x_wconf 92' lang='lat' dir='ltr'><strong>in</strong></span> <span class='ocrx_word' id='word_1_444' title='bbox 1429 3178 1497 3219; x_wconf 88' lang='lat' dir='ltr'><strong>eo</strong></span> <span class='ocrx_word' id='word_1_445' title='bbox 1553 3174 1754 3219; x_wconf 86' lang='lat' dir='ltr'><strong>natura</strong></span> <span class='ocrx_word' id='word_1_446' title='bbox 1793 3175 2108 3237; x_wconf 88' lang='lat' dir='ltr'><strong>spectatur.</strong></span> 
     </span>
    </p>
   </div>
   <div class='ocr_carea' id='block_1_61' title="bbox 2219 3152 3806 3237">
    <p class='ocr_par' dir='ltr' id='par_1_61' title="bbox 2219 3159 3806 3233">
     <span class='ocr_line' id='line_1_61' title="bbox 2219 3159 3806 3233; baseline 0 -19"><span class='ocrx_word' id='word_1_447' title='bbox 2219 3159 2327 3214; x_wconf 85' lang='grc' dir='ltr'><strong>τῶν</strong></span> <span class='ocrx_word' id='word_1_448' title='bbox 2375 3161 2654 3232; x_wconf 78' lang='grc' dir='ltr'>ἀρχόντων</span> <span class='ocrx_word' id='word_1_449' title='bbox 2700 3159 3067 3231; x_wconf 67' lang='grc' dir='ltr'>προπομιδῇ,</span> <span class='ocrx_word' id='word_1_450' title='bbox 3119 3161 3484 3233; x_wconf 83' lang='grc' dir='ltr'>ίερουργεῖται</span> <span class='ocrx_word' id='word_1_451' title='bbox 3514 3159 3575 3214; x_wconf 84' lang='grc' dir='ltr'>δὲ</span> <span class='ocrx_word' id='word_1_452' title='bbox 3611 3160 3806 3230; x_wconf 81' lang='grc' dir='ltr'>ὥσπερ</span> 
     </span>
    </p>
   </div>
   <div class='ocr_carea' id='block_1_62' title="bbox 522 3243 2110 3323">
    <p class='ocr_par' dir='ltr' id='par_1_62' title="bbox 522 3243 2110 3323">
     <span class='ocr_line' id='line_1_62' title="bbox 522 3243 2110 3323; baseline 0.008 -22"><span class='ocrx_word' id='word_1_453' title='bbox 522 3243 687 3316; x_wconf 79' lang='lat'><strong>363</strong></span> <span class='ocrx_word' id='word_1_454' title='bbox 716 3246 966 3319; x_wconf 87' lang='lat' dir='ltr'><strong>Cumque</strong></span> <span class='ocrx_word' id='word_1_455' title='bbox 987 3267 1132 3306; x_wconf 90' lang='lat' dir='ltr'><strong>unus</strong></span> <span class='ocrx_word' id='word_1_456' title='bbox 1163 3252 1421 3323; x_wconf 89' lang='lat' dir='ltr'><strong>idemque</strong></span> <span class='ocrx_word' id='word_1_457' title='bbox 1457 3254 1549 3320; x_wconf 90' lang='lat' dir='ltr'><strong>sit,</strong></span> <span class='ocrx_word' id='word_1_458' title='bbox 1569 3255 1760 3311; x_wconf 90' lang='lat' dir='ltr'><strong>multis</strong></span> <span class='ocrx_word' id='word_1_459' title='bbox 1784 3264 1965 3313; x_wconf 90' lang='lat' dir='ltr'><strong>tamen</strong></span> <span class='ocrx_word' id='word_1_460' title='bbox 1988 3273 2110 3313; x_wconf 89' lang='lat' dir='ltr'><strong>mo-</strong></span> 
     </span>
    </p>
   </div>
   <div class='ocr_carea' id='block_1_63' title="bbox 523 3335 2110 3417">
    <p class='ocr_par' dir='ltr' id='par_1_63' title="bbox 523 3335 2110 3417">
     <span class='ocr_line' id='line_1_63' title="bbox 523 3335 2110 3417; baseline 0.009 -27"><span class='ocrx_word' id='word_1_461' title='bbox 523 3335 610 3391; x_wconf 89' lang='lat' dir='ltr'><strong>dis</strong></span> <span class='ocrx_word' id='word_1_462' title='bbox 636 3337 690 3392; x_wconf 93' lang='lat' dir='ltr'><strong>in</strong></span> <span class='ocrx_word' id='word_1_463' title='bbox 725 3338 818 3394; x_wconf 87' lang='lat' dir='ltr'><strong>illa</strong></span> <span class='ocrx_word' id='word_1_464' title='bbox 842 3342 1156 3412; x_wconf 89' lang='lat' dir='ltr'><strong>principum</strong></span> <span class='ocrx_word' id='word_1_465' title='bbox 1187 3345 1468 3400; x_wconf 90' lang='lat' dir='ltr'><strong>oblatione</strong></span> <span class='ocrx_word' id='word_1_466' title='bbox 1497 3346 1869 3417; x_wconf 84' lang='lat' dir='ltr'><strong>ﬁgurabatur:</strong></span> <span class='ocrx_word' id='word_1_467' title='bbox 1893 3358 1955 3405; x_wconf 91' lang='lat' dir='ltr'><strong>ut</strong></span> <span class='ocrx_word' id='word_1_468' title='bbox 1974 3366 2110 3405; x_wconf 80' lang='lat' dir='ltr'><strong>vero</strong></span> 
     </span>
    </p>
   </div>
   <div class='ocr_carea' id='block_1_64' title="bbox 523 3431 2107 3507">
    <p class='ocr_par' dir='ltr' id='par_1_64' title="bbox 523 3431 2107 3507">
     <span class='ocr_line' id='line_1_64' title="bbox 523 3431 2107 3507; baseline 0.008 -24"><span class='ocrx_word' id='word_1_469' title='bbox 523 3436 684 3495; x_wconf 87' lang='lat' dir='ltr'><strong>tunc,</strong></span> <span class='ocrx_word' id='word_1_470' title='bbox 740 3431 822 3487; x_wconf 90' lang='lat' dir='ltr'><strong>sic</strong></span> <span class='ocrx_word' id='word_1_471' title='bbox 853 3433 960 3487; x_wconf 90' lang='lat' dir='ltr'><strong>hoc</strong></span> <span class='ocrx_word' id='word_1_472' title='bbox 1010 3450 1232 3504; x_wconf 89' lang='lat' dir='ltr'><strong>quoque</strong></span> <span class='ocrx_word' id='word_1_473' title='bbox 1263 3444 1508 3507; x_wconf 88' lang='lat' dir='ltr'><strong>tempore</strong></span> <span class='ocrx_word' id='word_1_474' title='bbox 1554 3439 1896 3495; x_wconf 84' lang='lat' dir='ltr'><strong>sacriﬁcatur</strong></span> <span class='ocrx_word' id='word_1_475' title='bbox 1945 3441 2107 3496; x_wconf 90' lang='lat' dir='ltr'><strong>Chri-</strong></span> 
     </span>
    </p>
   </div>
   <div class='ocr_carea' id='block_1_65' title="bbox 522 3526 2107 3601">
    <p class='ocr_par' dir='ltr' id='par_1_65' title="bbox 522 3526 2107 3601">
     <span class='ocr_line' id='line_1_65' title="bbox 522 3526 2107 3601; baseline 0.009 -26"><span class='ocrx_word' id='word_1_476' title='bbox 522 3529 642 3577; x_wconf 87' lang='lat' dir='ltr'><strong>stus</strong></span> <span class='ocrx_word' id='word_1_477' title='bbox 662 3537 762 3591; x_wconf 90' lang='lat' dir='ltr'><strong>per</strong></span> <span class='ocrx_word' id='word_1_478' title='bbox 789 3538 887 3578; x_wconf 90' lang='lat' dir='ltr'><strong>eos</strong></span> <span class='ocrx_word' id='word_1_479' title='bbox 917 3526 1200 3596; x_wconf 89' lang='lat' dir='ltr'><strong>principes</strong></span> <span class='ocrx_word' id='word_1_480' title='bbox 1223 3528 1318 3598; x_wconf 91' lang='lat' dir='ltr'><strong>qui</strong></span> <span class='ocrx_word' id='word_1_481' title='bbox 1340 3545 1439 3600; x_wconf 88' lang='lat' dir='ltr'><strong>pro</strong></span> <span class='ocrx_word' id='word_1_482' title='bbox 1469 3540 1780 3601; x_wconf 90' lang='lat' dir='ltr'><strong>temporum</strong></span> <span class='ocrx_word' id='word_1_483' title='bbox 1801 3532 1944 3587; x_wconf 90' lang='lat' dir='ltr'><strong>serie</strong></span> <span class='ocrx_word' id='word_1_484' title='bbox 1977 3548 2107 3589; x_wconf 90' lang='lat' dir='ltr'><strong>suc-</strong></span> 
     </span>
    </p>
   </div>
   <div class='ocr_carea' id='block_1_66' title="bbox 522 3613 2107 3694">
    <p class='ocr_par' dir='ltr' id='par_1_66' title="bbox 522 3613 2107 3694">
     <span class='ocr_line' id='line_1_66' title="bbox 522 3613 2107 3694; baseline 0.008 -28"><span class='ocrx_word' id='word_1_485' title='bbox 522 3613 747 3678; x_wconf 77' lang='lat' dir='ltr'><strong>cedunt,</strong></span> <span class='ocrx_word' id='word_1_486' title='bbox 776 3617 1069 3686; x_wconf 89' lang='lat' dir='ltr'><strong>multiplici</strong></span> <span class='ocrx_word' id='word_1_487' title='bbox 1094 3620 1324 3676; x_wconf 89' lang='lat' dir='ltr'><strong>notione</strong></span> <span class='ocrx_word' id='word_1_488' title='bbox 1350 3633 1671 3693; x_wconf 87' lang='lat' dir='ltr'><strong>perceptus,</strong></span> <span class='ocrx_word' id='word_1_489' title='bbox 1702 3623 1985 3694; x_wconf 82' lang='lat' dir='ltr'><strong>variisque</strong></span> <span class='ocrx_word' id='word_1_490' title='bbox 2002 3639 2107 3679; x_wconf 88' lang='lat' dir='ltr'><strong>no-</strong></span> 
     </span>
    </p>
   </div>
   <div class='ocr_carea' id='block_1_67' title="bbox 521 3702 2107 3782">
    <p class='ocr_par' dir='ltr' id='par_1_67' title="bbox 521 3702 2107 3782">
     <span class='ocr_line' id='line_1_67' title="bbox 521 3702 2107 3782; baseline 0.007 -27"><span class='ocrx_word' id='word_1_491' title='bbox 521 3702 774 3758; x_wconf 85' lang='lat' dir='ltr'><strong>minibus</strong></span> <span class='ocrx_word' id='word_1_492' title='bbox 795 3713 1059 3760; x_wconf 89' lang='lat' dir='ltr'><strong>ornatus:</strong></span> <span class='ocrx_word' id='word_1_493' title='bbox 1093 3708 1259 3762; x_wconf 86' lang='lat' dir='ltr'><strong>ﬁebat</strong></span> <span class='ocrx_word' id='word_1_494' title='bbox 1292 3710 1442 3764; x_wconf 90' lang='lat' dir='ltr'><strong>enim</strong></span> <span class='ocrx_word' id='word_1_495' title='bbox 1488 3711 1697 3765; x_wconf 89' lang='lat' dir='ltr'><strong>oblatio</strong></span> <span class='ocrx_word' id='word_1_496' title='bbox 1737 3726 1837 3781; x_wconf 92' lang='lat' dir='ltr'><strong>per</strong></span> <span class='ocrx_word' id='word_1_497' title='bbox 1852 3712 2107 3782; x_wconf 77' lang='lat' dir='ltr'><strong>singulos</strong></span> 
     </span>
    </p>
   </div>
   <div class='ocr_carea' id='block_1_68' title="bbox 520 3794 2107 3872">
    <p class='ocr_par' dir='ltr' id='par_1_68' title="bbox 520 3794 2107 3872">
     <span class='ocr_line' id='line_1_68' title="bbox 520 3794 2107 3872; baseline 0.006 -23"><span class='ocrx_word' id='word_1_498' title='bbox 520 3794 641 3850; x_wconf 87' lang='lat' dir='ltr'><strong>dies</strong></span> <span class='ocrx_word' id='word_1_499' title='bbox 667 3814 681 3863; x_wconf 92' lang='lat'><strong>;</strong></span> <span class='ocrx_word' id='word_1_500' title='bbox 714 3813 824 3867; x_wconf 94' lang='lat' dir='ltr'><strong>quo</strong></span> <span class='ocrx_word' id='word_1_501' title='bbox 847 3796 992 3853; x_wconf 79' lang='lat' dir='ltr'><strong>facto</strong></span> <span class='ocrx_word' id='word_1_502' title='bbox 1020 3799 1434 3870; x_wconf 85' lang='lat' dir='ltr'><strong>signiﬁcabatur</strong></span> <span class='ocrx_word' id='word_1_503' title='bbox 1460 3801 1550 3855; x_wconf 89' lang='lat' dir='ltr'><strong>illa</strong></span> <span class='ocrx_word' id='word_1_504' title='bbox 1582 3817 1681 3871; x_wconf 91' lang='lat' dir='ltr'><strong>per</strong></span> <span class='ocrx_word' id='word_1_505' title='bbox 1707 3801 1956 3872; x_wconf 82' lang='lat' dir='ltr'><strong>singulos</strong></span> <span class='ocrx_word' id='word_1_506' title='bbox 1988 3802 2107 3859; x_wconf 87' lang='lat' dir='ltr'><strong>dies</strong></span> 
     </span>
    </p>
   </div>
   <div class='ocr_carea' id='block_1_69' title="bbox 519 3887 2105 3965">
    <p class='ocr_par' dir='ltr' id='par_1_69' title="bbox 519 3887 2105 3965">
     <span class='ocr_line' id='line_1_69' title="bbox 519 3887 2105 3965; baseline 0.004 -22"><span class='ocrx_word' id='word_1_507' title='bbox 519 3887 728 3943; x_wconf 84' lang='lat' dir='ltr'><strong>Christi</strong></span> <span class='ocrx_word' id='word_1_508' title='bbox 775 3889 969 3945; x_wconf 76' lang='lat' dir='ltr'><strong>hostia:</strong></span> <span class='ocrx_word' id='word_1_509' title='bbox 1015 3893 1338 3960; x_wconf 87' lang='lat' dir='ltr'><strong>perennitas</strong></span> <span class='ocrx_word' id='word_1_510' title='bbox 1398 3907 1464 3946; x_wconf 87' lang='lat' dir='ltr'><strong>ac</strong></span> <span class='ocrx_word' id='word_1_511' title='bbox 1510 3893 1886 3962; x_wconf 90' lang='lat' dir='ltr'><strong>perpetuitas,</strong></span> <span class='ocrx_word' id='word_1_512' title='bbox 1940 3902 2105 3965; x_wconf 90' lang='lat' dir='ltr'><strong>atque</strong></span> 
     </span>
    </p>
   </div>
   <div class='ocr_carea' id='block_1_70' title="bbox 518 3981 2105 4056">
    <p class='ocr_par' dir='ltr' id='par_1_70' title="bbox 518 3981 2105 4056">
     <span class='ocr_line' id='line_1_70' title="bbox 518 3981 2105 4056; baseline 0.005 -20"><span class='ocrx_word' id='word_1_513' title='bbox 518 3981 684 4036; x_wconf 87' lang='lat' dir='ltr'><strong>etiam</strong></span> <span class='ocrx_word' id='word_1_514' title='bbox 708 3997 921 4049; x_wconf 89' lang='lat' dir='ltr'><strong>eorum,</strong></span> <span class='ocrx_word' id='word_1_515' title='bbox 943 3985 1036 4053; x_wconf 93' lang='lat' dir='ltr'><strong>qui</strong></span> <span class='ocrx_word' id='word_1_516' title='bbox 1056 3984 1163 4039; x_wconf 85' lang='lat' dir='ltr'><strong>ﬁde</strong></span> <span class='ocrx_word' id='word_1_517' title='bbox 1194 3983 1480 4056; x_wconf 75' lang='lat' dir='ltr'><strong>iustiﬁcati</strong></span> <span class='ocrx_word' id='word_1_518' title='bbox 1518 3994 1669 4051; x_wconf 91' lang='lat' dir='ltr'><strong>sunt,</strong></span> <span class='ocrx_word' id='word_1_519' title='bbox 1716 3986 1772 4041; x_wconf 92' lang='lat' dir='ltr'><strong>in</strong></span> <span class='ocrx_word' id='word_1_520' title='bbox 1817 3988 2105 4045; x_wconf 85' lang='lat' dir='ltr'><strong>oﬁ&#39;erendo</strong></span> 
     </span>
    </p>
   </div>
   <div class='ocr_carea' id='block_1_71' title="bbox 517 4071 2100 4147">
    <p class='ocr_par' dir='ltr' id='par_1_71' title="bbox 517 4071 2100 4147">
     <span class='ocr_line' id='line_1_71' title="bbox 517 4071 2100 4147; baseline 0.006 -21"><span class='ocrx_word' id='word_1_521' title='bbox 517 4071 762 4143; x_wconf 82' lang='lat' dir='ltr'><strong>largitas.</strong></span> <span class='ocrx_word' id='word_1_522' title='bbox 793 4074 983 4144; x_wconf 87' lang='lat' dir='ltr'><strong>Neque</strong></span> <span class='ocrx_word' id='word_1_523' title='bbox 1009 4076 1159 4131; x_wconf 91' lang='lat' dir='ltr'><strong>enim</strong></span> <span class='ocrx_word' id='word_1_524' title='bbox 1187 4091 1431 4145; x_wconf 86' lang='lat' dir='ltr'><strong>unquam</strong></span> <span class='ocrx_word' id='word_1_525' title='bbox 1477 4075 1713 4133; x_wconf 92' lang='lat' dir='ltr'><strong>deerunt</strong></span> <span class='ocrx_word' id='word_1_526' title='bbox 1759 4079 2100 4147; x_wconf 88' lang='lat' dir='ltr'><strong>adoratores,</strong></span> 
     </span>
    </p>
   </div>
   <div class='ocr_carea' id='block_1_72' title="bbox 517 4166 2104 4238">
    <p class='ocr_par' dir='ltr' id='par_1_72' title="bbox 517 4166 2104 4238">
     <span class='ocr_line' id='line_1_72' title="bbox 517 4166 2104 4238; baseline 0.006 -19"><span class='ocrx_word' id='word_1_527' title='bbox 517 4180 697 4235; x_wconf 89' lang='lat' dir='ltr'><strong>neque</strong></span> <span class='ocrx_word' id='word_1_528' title='bbox 721 4166 828 4220; x_wconf 90' lang='lat' dir='ltr'><strong>erit</strong></span> <span class='ocrx_word' id='word_1_529' title='bbox 853 4167 1150 4223; x_wconf 89' lang='lat' dir='ltr'><strong>oblationis</strong></span> <span class='ocrx_word' id='word_1_530' title='bbox 1179 4168 1385 4238; x_wconf 88' lang='lat' dir='ltr'><strong>inopia,</strong></span> <span class='ocrx_word' id='word_1_531' title='bbox 1411 4169 1509 4225; x_wconf 91' lang='lat' dir='ltr'><strong>sed</strong></span> <span class='ocrx_word' id='word_1_532' title='bbox 1526 4169 1784 4227; x_wconf 83' lang='lat' dir='ltr'><strong>Christus</strong></span> <span class='ocrx_word' id='word_1_533' title='bbox 1806 4173 1863 4226; x_wconf 89' lang='lat' dir='ltr'><strong>in</strong></span> <span class='ocrx_word' id='word_1_534' title='bbox 1895 4173 2104 4229; x_wconf 87' lang='lat' dir='ltr'><strong>sanctis</strong></span> 
     </span>
    </p>
   </div>
   <div class='ocr_carea' id='block_1_73' title="bbox 518 4259 2100 4335">
    <p class='ocr_par' dir='ltr' id='par_1_73' title="bbox 518 4259 2100 4335">
     <span class='ocr_line' id='line_1_73' title="bbox 518 4259 2100 4335; baseline 0.004 -21"><span class='ocrx_word' id='word_1_535' title='bbox 518 4259 895 4315; x_wconf 76' lang='lat' dir='ltr'><strong>tabernaculis</strong></span> <span class='ocrx_word' id='word_1_536' title='bbox 919 4261 1150 4331; x_wconf 81' lang='lat' dir='ltr'><strong>mystice</strong></span> <span class='ocrx_word' id='word_1_537' title='bbox 1172 4260 1519 4317; x_wconf 86' lang='lat' dir='ltr'><strong>sacriﬁcatus</strong></span> <span class='ocrx_word' id='word_1_538' title='bbox 1547 4278 1578 4317; x_wconf 91' lang='lat' dir='ltr'><strong>a</strong></span> <span class='ocrx_word' id='word_1_539' title='bbox 1606 4263 1769 4319; x_wconf 89' lang='lat' dir='ltr'><strong>nobis</strong></span> <span class='ocrx_word' id='word_1_540' title='bbox 1797 4271 1971 4335; x_wconf 91' lang='lat' dir='ltr'><strong>etpro</strong></span> <span class='ocrx_word' id='word_1_541' title='bbox 1997 4281 2100 4321; x_wconf 89' lang='lat' dir='ltr'><strong>no-</strong></span> 
     </span>
    </p>
   </div>
   <div class='ocr_carea' id='block_1_74' title="bbox 398 4351 2102 4431">
    <p class='ocr_par' dir='ltr' id='par_1_74' title="bbox 398 4351 2102 4431">
     <span class='ocr_line' id='line_1_74' title="bbox 398 4351 2102 4431; baseline 0.004 -26"><span class='ocrx_word' id='word_1_542' title='bbox 398 4424 401 4431; x_wconf 29' lang='lat'><em>‘</em></span> <span class='ocrx_word' id='word_1_543' title='bbox 516 4351 606 4406; x_wconf 88' lang='lat' dir='ltr'><strong>bis</strong></span> <span class='ocrx_word' id='word_1_544' title='bbox 635 4351 921 4407; x_wconf 83' lang='lat' dir='ltr'><strong>oﬁ&#39;eretur.</strong></span> <span class='ocrx_word' id='word_1_545' title='bbox 960 4353 1084 4423; x_wconf 90' lang='lat' dir='ltr'><strong>lpse</strong></span> <span class='ocrx_word' id='word_1_546' title='bbox 1106 4360 1193 4409; x_wconf 88' lang='lat' dir='ltr'><strong>est</strong></span> <span class='ocrx_word' id='word_1_547' title='bbox 1241 4359 1426 4408; x_wconf 89' lang='lat' dir='ltr'><strong>autem</strong></span> <span class='ocrx_word' id='word_1_548' title='bbox 1462 4354 1674 4409; x_wconf 88' lang='lat' dir='ltr'><strong>oblatio</strong></span> <span class='ocrx_word' id='word_1_549' title='bbox 1699 4363 1889 4410; x_wconf 87' lang='lat' dir='ltr'><strong>nostra</strong></span> <span class='ocrx_word' id='word_1_550' title='bbox 1922 4357 2102 4426; x_wconf 89' lang='lat' dir='ltr'><strong>prima</strong></span> 
     </span>
    </p>
   </div>
   <div class='ocr_carea' id='block_1_75' title="bbox 515 4444 2102 4515">
    <p class='ocr_par' dir='ltr' id='par_1_75' title="bbox 515 4444 2102 4515">
     <span class='ocr_line' id='line_1_75' title="bbox 515 4444 2102 4515; baseline 0.003 -19"><span class='ocrx_word' id='word_1_551' title='bbox 515 4448 683 4511; x_wconf 90' lang='lat' dir='ltr'><strong>atque</strong></span> <span class='ocrx_word' id='word_1_552' title='bbox 728 4444 1043 4514; x_wconf 63' lang='lat' dir='ltr'><strong>praecipua;</strong></span> <span class='ocrx_word' id='word_1_553' title='bbox 1104 4446 1351 4515; x_wconf 84' lang='lat' dir='ltr'><strong>seipsum</strong></span> <span class='ocrx_word' id='word_1_554' title='bbox 1384 4446 1534 4501; x_wconf 87' lang='lat' dir='ltr'><strong>enim</strong></span> <span class='ocrx_word' id='word_1_555' title='bbox 1599 4446 1808 4499; x_wconf 85' lang='lat' dir='ltr'><strong>obtulit</strong></span> <span class='ocrx_word' id='word_1_556' title='bbox 1864 4445 2102 4501; x_wconf 86' lang='lat' dir='ltr'><strong>hostiam</strong></span> 
     </span>
    </p>
   </div>
   <div class='ocr_carea' id='block_1_76' title="bbox 2218 3250 3804 3324">
    <p class='ocr_par' dir='ltr' id='par_1_76' title="bbox 2218 3250 3804 3324">
     <span class='ocr_line' id='line_1_76' title="bbox 2218 3250 3804 3324; baseline 0.001 -18"><span class='ocrx_word' id='word_1_557' title='bbox 2218 3253 2313 3306; x_wconf 79' lang='grc' dir='ltr'>καὶ</span> <span class='ocrx_word' id='word_1_558' title='bbox 2335 3251 2431 3305; x_wconf 76' lang='grc' dir='ltr'><strong>νῦν</strong></span> <span class='ocrx_word' id='word_1_559' title='bbox 2455 3254 2485 3305; x_wconf 85' lang='grc' dir='ltr'><strong>ὀ</strong></span> <span class='ocrx_word' id='word_1_560' title='bbox 2512 3252 2766 3323; x_wconf 82' lang='grc' dir='ltr'>Χριστὸς,</span> <span class='ocrx_word' id='word_1_561' title='bbox 2797 3250 2885 3304; x_wconf 83' lang='grc' dir='ltr'><strong>διά</strong></span> <span class='ocrx_word' id='word_1_562' title='bbox 2913 3250 3022 3304; x_wconf 88' lang='grc' dir='ltr'><strong>τῶν</strong></span> <span class='ocrx_word' id='word_1_563' title='bbox 3049 3250 3193 3305; x_wconf 86' lang='grc' dir='ltr'><strong>κατά</strong></span> <span class='ocrx_word' id='word_1_564' title='bbox 3220 3252 3445 3323; x_wconf 79' lang='grc' dir='ltr'>καιροὺς</span> <span class='ocrx_word' id='word_1_565' title='bbox 3479 3252 3804 3324; x_wconf 75' lang='grc' dir='ltr'>ἡγουμένων</span> 
     </span>
    </p>
   </div>
   <div class='ocr_carea' id='block_1_77' title="bbox 2219 3344 3807 3416">
    <p class='ocr_par' dir='ltr' id='par_1_77' title="bbox 2219 3344 3807 3416">
     <span class='ocr_line' id='line_1_77' title="bbox 2219 3344 3807 3416; baseline 0 -17"><span class='ocrx_word' id='word_1_566' title='bbox 2219 3344 2571 3414; x_wconf 87' lang='grc' dir='ltr'>πολυτρόπως</span> <span class='ocrx_word' id='word_1_567' title='bbox 2593 3345 2901 3416; x_wconf 86' lang='grc' dir='ltr'>νοούμενος,</span> <span class='ocrx_word' id='word_1_568' title='bbox 2933 3345 3029 3399; x_wconf 80' lang='grc' dir='ltr'>καὶ</span> <span class='ocrx_word' id='word_1_569' title='bbox 3052 3344 3330 3415; x_wconf 82' lang='grc' dir='ltr'>διαφόροις</span> <span class='ocrx_word' id='word_1_570' title='bbox 3361 3344 3620 3414; x_wconf 86' lang='grc' dir='ltr'>ὀνόμασιν</span> <span class='ocrx_word' id='word_1_571' title='bbox 3648 3347 3807 3399; x_wconf 77' lang='grc' dir='ltr'>ἐκτε-</span> 
     </span>
    </p>
   </div>
   <div class='ocr_carea' id='block_1_78' title="bbox 2216 3437 3801 3511">
    <p class='ocr_par' dir='ltr' id='par_1_78' title="bbox 2216 3437 3801 3511">
     <span class='ocr_line' id='line_1_78' title="bbox 2216 3437 3801 3511; baseline 0.001 -20"><span class='ocrx_word' id='word_1_572' title='bbox 2216 3438 2544 3509; x_wconf 85' lang='grc' dir='ltr'>τιμημένος·</span> <span class='ocrx_word' id='word_1_573' title='bbox 2581 3439 2675 3511; x_wconf 61' lang='grc' dir='ltr'><strong>κοιλ⁵</strong></span> <span class='ocrx_word' id='word_1_574' title='bbox 2703 3439 2825 3493; x_wconf 85' lang='grc' dir='ltr'>καθ’</span> <span class='ocrx_word' id='word_1_575' title='bbox 2862 3440 3078 3511; x_wconf 82' lang='grc' dir='ltr'>ἡμέραν</span> <span class='ocrx_word' id='word_1_576' title='bbox 3105 3438 3412 3511; x_wconf 84' lang='grc' dir='ltr'>προσφορὰ,</span> <span class='ocrx_word' id='word_1_577' title='bbox 3448 3437 3511 3490; x_wconf 77' lang='grc' dir='ltr'><strong>τὸ</strong></span> <span class='ocrx_word' id='word_1_578' title='bbox 3548 3437 3801 3492; x_wconf 86' lang='grc' dir='ltr'>ἀνεκλει-</span> 
     </span>
    </p>
   </div>
   <div class='ocr_carea' id='block_1_79' title="bbox 2217 3509 3801 3601">
    <p class='ocr_par' dir='ltr' id='par_1_79' title="bbox 2217 3509 3801 3601">
     <span class='ocr_line' id='line_1_79' title="bbox 2217 3509 3801 3601; baseline 0 -17"><span class='ocrx_word' id='word_1_579' title='bbox 2217 3533 2317 3595; x_wconf 83' lang='grc' dir='ltr'>πὲς</span> <span class='ocrx_word' id='word_1_580' title='bbox 2344 3532 2507 3585; x_wconf 78' lang='grc' dir='ltr'>οἱονεί</span> <span class='ocrx_word' id='word_1_581' title='bbox 2543 3509 2659 3596; x_wconf 65' lang='grc' dir='ltr'>παῖς</span> <span class='ocrx_word' id='word_1_582' title='bbox 2685 3534 2779 3585; x_wconf 84' lang='grc' dir='ltr'>καὶ</span> <span class='ocrx_word' id='word_1_583' title='bbox 2804 3509 3183 3601; x_wconf 82' lang='grc' dir='ltr'>ἀκατάληκτον</span> <span class='ocrx_word' id='word_1_584' title='bbox 3209 3530 3310 3601; x_wconf 82' lang='grc' dir='ltr'><strong>τῆς</strong></span> <span class='ocrx_word' id='word_1_585' title='bbox 3339 3528 3576 3601; x_wconf 84' lang='grc' dir='ltr'>Χριστοῦ</span> <span class='ocrx_word' id='word_1_586' title='bbox 3606 3529 3801 3595; x_wconf 87' lang='grc' dir='ltr'>θυσίας</span> 
     </span>
    </p>
   </div>
   <div class='ocr_carea' id='block_1_80' title="bbox 2215 3621 3801 3695">
    <p class='ocr_par' dir='ltr' id='par_1_80' title="bbox 2215 3621 3801 3695">
     <span class='ocr_line' id='line_1_80' title="bbox 2215 3621 3801 3695; baseline 0 -19"><span class='ocrx_word' id='word_1_587' title='bbox 2215 3625 2273 3677; x_wconf 84' lang='grc' dir='ltr'>ὲν</span> <span class='ocrx_word' id='word_1_588' title='bbox 2306 3624 2490 3695; x_wconf 81' lang='grc' dir='ltr'>ἡμέρᾳ</span> <span class='ocrx_word' id='word_1_589' title='bbox 2525 3624 2674 3695; x_wconf 78' lang='grc' dir='ltr'>πάσῃ</span> <span class='ocrx_word' id='word_1_590' title='bbox 2714 3623 2898 3678; x_wconf 76' lang='grc' dir='ltr'>καὶτὸ</span> <span class='ocrx_word' id='word_1_591' title='bbox 2934 3624 2993 3676; x_wconf 81' lang='grc' dir='ltr'>ὲν</span> <span class='ocrx_word' id='word_1_592' title='bbox 3027 3623 3166 3693; x_wconf 79' lang='grc' dir='ltr'>αὐτῇ</span> <span class='ocrx_word' id='word_1_593' title='bbox 3191 3622 3541 3694; x_wconf 75' lang='grc' dir='ltr'>καρποφόρον</span> <span class='ocrx_word' id='word_1_594' title='bbox 3581 3621 3691 3675; x_wconf 84' lang='grc' dir='ltr'><strong>τῶν</strong></span> <span class='ocrx_word' id='word_1_595' title='bbox 3741 3624 3801 3676; x_wconf 78' lang='grc' dir='ltr'>ὲν</span> 
     </span>
    </p>
   </div>
   <div class='ocr_carea' id='block_1_81' title="bbox 2214 3713 3796 3786">
    <p class='ocr_par' dir='ltr' id='par_1_81' title="bbox 2214 3713 3796 3786">
     <span class='ocr_line' id='line_1_81' title="bbox 2214 3713 3796 3786; baseline -0.002 -17"><span class='ocrx_word' id='word_1_596' title='bbox 2214 3716 2395 3769; x_wconf 84' lang='grc' dir='ltr'>πίστει</span> <span class='ocrx_word' id='word_1_597' title='bbox 2423 3715 2857 3786; x_wconf 80' lang='grc' dir='ltr'>δεδικαιωμένων</span> <span class='ocrx_word' id='word_1_598' title='bbox 2891 3714 3283 3785; x_wconf 82' lang='grc' dir='ltr'>ὑποδηλοῦντος</span> <span class='ocrx_word' id='word_1_599' title='bbox 3324 3713 3420 3767; x_wconf 80' lang='grc' dir='ltr'><strong>τοῦ</strong></span> <span class='ocrx_word' id='word_1_600' title='bbox 3448 3713 3796 3784; x_wconf 77' lang='grc' dir='ltr'>πράγματος.</span> 
     </span>
    </p>
   </div>
   <div class='ocr_carea' id='block_1_82' title="bbox 2213 3805 3799 3878">
    <p class='ocr_par' dir='ltr' id='par_1_82' title="bbox 2213 3805 3799 3878">
     <span class='ocr_line' id='line_1_82' title="bbox 2213 3805 3799 3878; baseline -0.003 -17"><span class='ocrx_word' id='word_1_601' title='bbox 2213 3808 2289 3862; x_wconf 84' lang='grc' dir='ltr'><strong>Ού</strong></span> <span class='ocrx_word' id='word_1_602' title='bbox 2309 3807 2418 3878; x_wconf 87' lang='grc' dir='ltr'><strong>γὰρ</strong></span> <span class='ocrx_word' id='word_1_603' title='bbox 2438 3806 2805 3877; x_wconf 76' lang='grc' dir='ltr'>ἐπιλείψουσιν</span> <span class='ocrx_word' id='word_1_604' title='bbox 2829 3808 2879 3859; x_wconf 84' lang='grc' dir='ltr'><strong>οί</strong></span> <span class='ocrx_word' id='word_1_605' title='bbox 2895 3807 3291 3878; x_wconf 73' lang='grc' dir='ltr'>προσκυνηταὶ,</span> <span class='ocrx_word' id='word_1_606' title='bbox 3313 3805 3428 3860; x_wconf 85' lang='grc' dir='ltr'>ἀλλ’</span> <span class='ocrx_word' id='word_1_607' title='bbox 3449 3805 3799 3869; x_wconf 80' lang='grc' dir='ltr'>οὐδὲσπάνις</span> 
     </span>
    </p>
   </div>
   <div class='ocr_carea' id='block_1_83' title="bbox 2212 3893 3797 3969">
    <p class='ocr_par' dir='ltr' id='par_1_83' title="bbox 2212 3893 3797 3969">
     <span class='ocr_line' id='line_1_83' title="bbox 2212 3893 3797 3969; baseline -0.002 -21"><span class='ocrx_word' id='word_1_608' title='bbox 2212 3894 2365 3949; x_wconf 79' lang='grc' dir='ltr'>ἔσται</span> <span class='ocrx_word' id='word_1_609' title='bbox 2399 3896 2768 3969; x_wconf 80' lang='grc' dir='ltr'>δωροφορίας’</span> <span class='ocrx_word' id='word_1_610' title='bbox 2811 3895 3350 3967; x_wconf 80' lang='grc' dir='ltr'>προσκομισθήσεται</span> <span class='ocrx_word' id='word_1_611' title='bbox 3373 3895 3431 3948; x_wconf 86' lang='grc' dir='ltr'>δὲ</span> <span class='ocrx_word' id='word_1_612' title='bbox 3458 3894 3595 3966; x_wconf 78' lang='grc' dir='ltr'>πρὸς</span> <span class='ocrx_word' id='word_1_613' title='bbox 3638 3893 3797 3965; x_wconf 76' lang='grc' dir='ltr'>ἡμῶν</span> 
     </span>
    </p>
   </div>
   <div class='ocr_carea' id='block_1_84' title="bbox 2211 3986 3791 4061">
    <p class='ocr_par' dir='ltr' id='par_1_84' title="bbox 2211 3986 3791 4061">
     <span class='ocr_line' id='line_1_84' title="bbox 2211 3986 3791 4061; baseline -0.002 -19"><span class='ocrx_word' id='word_1_614' title='bbox 2211 3990 2307 4043; x_wconf 74' lang='grc' dir='ltr'>καὶ</span> <span class='ocrx_word' id='word_1_615' title='bbox 2335 3988 2474 4061; x_wconf 82' lang='grc' dir='ltr'>ὑπὲρ</span> <span class='ocrx_word' id='word_1_616' title='bbox 2504 3987 2660 4060; x_wconf 83' lang='grc' dir='ltr'>ήμῶν</span> <span class='ocrx_word' id='word_1_617' title='bbox 2685 3990 2714 4042; x_wconf 84' lang='grc' dir='ltr'>ὁ</span> <span class='ocrx_word' id='word_1_618' title='bbox 2744 3989 3000 4060; x_wconf 80' lang='grc' dir='ltr'>Χριστὸς,</span> <span class='ocrx_word' id='word_1_619' title='bbox 3029 3986 3306 4058; x_wconf 86' lang='grc' dir='ltr'>μυστικῶς</span> <span class='ocrx_word' id='word_1_620' title='bbox 3342 3986 3791 4058; x_wconf 77' lang='grc' dir='ltr'>ἱερουργούμενος</span> 
     </span>
    </p>
   </div>
   <div class='ocr_carea' id='block_1_85' title="bbox 2210 4077 3796 4151">
    <p class='ocr_par' dir='ltr' id='par_1_85' title="bbox 2210 4077 3796 4151">
     <span class='ocr_line' id='line_1_85' title="bbox 2210 4077 3796 4151; baseline -0.004 -17"><span class='ocrx_word' id='word_1_621' title='bbox 2210 4082 2269 4137; x_wconf 83' lang='grc' dir='ltr'>ὲν</span> <span class='ocrx_word' id='word_1_622' title='bbox 2299 4084 2420 4144; x_wconf 86' lang='grc' dir='ltr'>ταῖς</span> <span class='ocrx_word' id='word_1_623' title='bbox 2449 4082 2633 4150; x_wconf 85' lang='grc' dir='ltr'>ἁγίαις</span> <span class='ocrx_word' id='word_1_624' title='bbox 2668 4082 2913 4150; x_wconf 87' lang='grc' dir='ltr'>σκηναῖς.</span> <span class='ocrx_word' id='word_1_625' title='bbox 2946 4080 3119 4144; x_wconf 76' lang='grc' dir='ltr'>Αὐτὸς</span> <span class='ocrx_word' id='word_1_626' title='bbox 3159 4080 3216 4133; x_wconf 83' lang='grc' dir='ltr'>δὲ</span> <span class='ocrx_word' id='word_1_627' title='bbox 3246 4078 3401 4151; x_wconf 81' lang='grc' dir='ltr'>ἡμῶν</span> <span class='ocrx_word' id='word_1_628' title='bbox 3443 4077 3796 4150; x_wconf 68' lang='grc' dir='ltr'>καρποφορία</span> 
     </span>
    </p>
   </div>
   <div class='ocr_carea' id='block_1_86' title="bbox 2210 4169 3794 4245">
    <p class='ocr_par' dir='ltr' id='par_1_86' title="bbox 2210 4169 3794 4245">
     <span class='ocr_line' id='line_1_86' title="bbox 2210 4169 3794 4245; baseline -0.004 -19"><span class='ocrx_word' id='word_1_629' title='bbox 2210 4174 2404 4245; x_wconf 82' lang='grc' dir='ltr'>πρώτη</span> <span class='ocrx_word' id='word_1_630' title='bbox 2435 4173 2529 4226; x_wconf 78' lang='grc' dir='ltr'>καὶ</span> <span class='ocrx_word' id='word_1_631' title='bbox 2571 4171 2873 4242; x_wconf 76' lang='grc' dir='ltr'>ἐξαίρετος·</span> <span class='ocrx_word' id='word_1_632' title='bbox 2907 4170 3317 4242; x_wconf 80' lang='grc' dir='ltr'>προσκεκόμικε</span> <span class='ocrx_word' id='word_1_633' title='bbox 3344 4169 3452 4241; x_wconf 86' lang='grc' dir='ltr'><strong>γὰρ</strong></span> <span class='ocrx_word' id='word_1_634' title='bbox 3482 4169 3676 4223; x_wconf 78' lang='grc' dir='ltr'>ἑαυτὸν</span> <span class='ocrx_word' id='word_1_635' title='bbox 3711 4171 3794 4229; x_wconf 82' lang='grc' dir='ltr'><strong>είς</strong></span> 
     </span>
    </p>
   </div>
   <div class='ocr_carea' id='block_1_87' title="bbox 2210 4259 3790 4335">
    <p class='ocr_par' dir='ltr' id='par_1_87' title="bbox 2210 4259 3790 4335">
     <span class='ocr_line' id='line_1_87' title="bbox 2210 4259 3790 4335; baseline -0.004 -16"><span class='ocrx_word' id='word_1_636' title='bbox 2210 4264 2402 4319; x_wconf 83' lang='grc' dir='ltr'>θυσίαν</span> <span class='ocrx_word' id='word_1_637' title='bbox 2450 4265 2527 4335; x_wconf 81' lang='grc' dir='ltr'><strong>τῷ</strong></span> <span class='ocrx_word' id='word_1_638' title='bbox 2552 4265 2747 4334; x_wconf 68' lang='lat' dir='ltr'><strong>Ila-cpi,</strong></span> <span class='ocrx_word' id='word_1_639' title='bbox 2788 4265 2884 4318; x_wconf 76' lang='grc' dir='ltr'>καὶ</span> <span class='ocrx_word' id='word_1_640' title='bbox 2910 4264 3008 4335; x_wconf 77' lang='grc' dir='ltr'>οὐχ</span> <span class='ocrx_word' id='word_1_641' title='bbox 3042 4262 3182 4334; x_wconf 85' lang='grc' dir='ltr'>ύπὲρ</span> <span class='ocrx_word' id='word_1_642' title='bbox 3233 4279 3296 4331; x_wconf 90' lang='grc' dir='ltr'><strong>γε</strong></span> <span class='ocrx_word' id='word_1_643' title='bbox 3330 4262 3530 4333; x_wconf 78' lang='grc' dir='ltr'>μᾶλλον</span> <span class='ocrx_word' id='word_1_644' title='bbox 3568 4259 3790 4326; x_wconf 81' lang='grc' dir='ltr'>ἑαυτοῦ,</span> 
     </span>
    </p>
   </div>
   <div class='ocr_carea' id='block_1_88' title="bbox 2209 4352 3790 4427">
    <p class='ocr_par' dir='ltr' id='par_1_88' title="bbox 2209 4352 3790 4427">
     <span class='ocr_line' id='line_1_88' title="bbox 2209 4352 3790 4427; baseline -0.004 -17"><span class='ocrx_word' id='word_1_645' title='bbox 2209 4356 2350 4410; x_wconf 85' lang='grc' dir='ltr'><strong>κατά</strong></span> <span class='ocrx_word' id='word_1_646' title='bbox 2390 4356 2481 4411; x_wconf 76' lang='grc' dir='ltr'><strong>τὸν</strong></span> <span class='ocrx_word' id='word_1_647' title='bbox 2523 4357 2841 4427; x_wconf 86' lang='grc' dir='ltr'>ἀμωμήτως</span> <span class='ocrx_word' id='word_1_648' title='bbox 2879 4355 3070 4425; x_wconf 74' lang='grc' dir='ltr'>ἔχοντα</span> <span class='ocrx_word' id='word_1_649' title='bbox 3100 4355 3276 4422; x_wconf 85' lang='grc' dir='ltr'>λόγον,</span> <span class='ocrx_word' id='word_1_650' title='bbox 3309 4352 3422 4408; x_wconf 79' lang='grc' dir='ltr'>ἀλλ’</span> <span class='ocrx_word' id='word_1_651' title='bbox 3460 4354 3601 4424; x_wconf 77' lang='grc' dir='ltr'>ὑπὲρ</span> <span class='ocrx_word' id='word_1_652' title='bbox 3632 4353 3790 4423; x_wconf 79' lang='grc' dir='ltr'>ἡμῶν</span> 
     </span>
    </p>
   </div>
   <div class='ocr_carea' id='block_1_89' title="bbox 2207 4444 3792 4517">
    <p class='ocr_par' dir='ltr' id='par_1_89' title="bbox 2207 4444 3792 4517">
     <span class='ocr_line' id='line_1_89' title="bbox 2207 4444 3792 4517; baseline -0.002 -18"><span class='ocrx_word' id='word_1_653' title='bbox 2207 4447 2314 4500; x_wconf 88' lang='grc' dir='ltr'><strong>τῶν</strong></span> <span class='ocrx_word' id='word_1_654' title='bbox 2336 4446 2442 4500; x_wconf 83' lang='grc' dir='ltr'><strong>ὑπὸ</strong></span> <span class='ocrx_word' id='word_1_655' title='bbox 2467 4446 2631 4515; x_wconf 77' lang='grc' dir='ltr'>ζυγὸν</span> <span class='ocrx_word' id='word_1_656' title='bbox 2654 4448 2746 4500; x_wconf 73' lang='grc' dir='ltr'>καὶ</span> <span class='ocrx_word' id='word_1_657' title='bbox 2776 4448 2989 4517; x_wconf 74' lang='grc' dir='ltr'>γραφὴν</span> <span class='ocrx_word' id='word_1_658' title='bbox 3006 4445 3302 4517; x_wconf 81' lang='grc' dir='ltr'>ἁμαρτίας.</span> <span class='ocrx_word' id='word_1_659' title='bbox 3325 4445 3461 4499; x_wconf 80' lang='grc' dir='ltr'>Καθ’</span> <span class='ocrx_word' id='word_1_660' title='bbox 3490 4444 3792 4515; x_wconf 81' lang='grc' dir='ltr'>ὁμοιότητα.</span> 
     </span>
    </p>
   </div>
   <div class='ocr_carea' id='block_1_90' title="bbox 515 4515 2113 4611">
    <p class='ocr_par' dir='ltr' id='par_1_90' title="bbox 515 4531 2103 4607">
     <span class='ocr_line' id='line_1_90' title="bbox 515 4531 2103 4607; baseline 0.004 -20"><span class='ocrx_word' id='word_1_661' title='bbox 515 4531 663 4587; x_wconf 85' lang='lat' dir='ltr'><strong>Patri</strong></span> <span class='ocrx_word' id='word_1_662' title='bbox 720 4549 831 4589; x_wconf 90' lang='lat' dir='ltr'><strong>non</strong></span> <span class='ocrx_word' id='word_1_663' title='bbox 879 4551 981 4605; x_wconf 93' lang='lat' dir='ltr'><strong>pro</strong></span> <span class='ocrx_word' id='word_1_664' title='bbox 1031 4538 1235 4607; x_wconf 85' lang='lat' dir='ltr'><strong>seipse,</strong></span> <span class='ocrx_word' id='word_1_665' title='bbox 1290 4545 1354 4591; x_wconf 89' lang='lat' dir='ltr'><strong>ut</strong></span> <span class='ocrx_word' id='word_1_666' title='bbox 1408 4552 1543 4592; x_wconf 83' lang='lat' dir='ltr'><strong>vera</strong></span> <span class='ocrx_word' id='word_1_667' title='bbox 1592 4535 1732 4591; x_wconf 87' lang='lat' dir='ltr'><strong>ﬁdes</strong></span> <span class='ocrx_word' id='word_1_668' title='bbox 1778 4537 1961 4600; x_wconf 91' lang='lat' dir='ltr'><strong>docet,</strong></span> <span class='ocrx_word' id='word_1_669' title='bbox 2006 4538 2103 4593; x_wconf 89' lang='lat' dir='ltr'><strong>sed</strong></span> 
     </span>
    </p>
   </div>
   <div class='ocr_carea' id='block_1_91' title="bbox 2219 4515 3789 4611">
    <p class='ocr_par' dir='ltr' id='par_1_91' title="bbox 2219 4515 3789 4611">
     <span class='ocr_line' id='line_1_91' title="bbox 2219 4515 3789 4611; baseline -0.003 -20"><span class='ocrx_word' id='word_1_670' title='bbox 2219 4538 2265 4591; x_wconf 70' lang='grc' dir='ltr'>δὲ</span> <span class='ocrx_word' id='word_1_671' title='bbox 2294 4538 2393 4609; x_wconf 82' lang='grc' dir='ltr'><strong>τὴν</strong></span> <span class='ocrx_word' id='word_1_672' title='bbox 2431 4538 2567 4611; x_wconf 80' lang='grc' dir='ltr'>πρὸς</span> <span class='ocrx_word' id='word_1_673' title='bbox 2599 4539 2778 4601; x_wconf 80' lang='grc' dir='ltr'>αὑτὸν,</span> <span class='ocrx_word' id='word_1_674' title='bbox 2814 4515 2956 4610; x_wconf 10' lang='grc' dir='ltr'>ήὶεράῖ</span> <span class='ocrx_word' id='word_1_675' title='bbox 2988 4515 3206 4608; x_wconf 81' lang='grc' dir='ltr'>θύματα</span> <span class='ocrx_word' id='word_1_676' title='bbox 3251 4536 3345 4590; x_wconf 77' lang='grc' dir='ltr'>καὶ</span> <span class='ocrx_word' id='word_1_677' title='bbox 3383 4538 3565 4607; x_wconf 83' lang='grc' dir='ltr'>ἡμεῖς,</span> <span class='ocrx_word' id='word_1_678' title='bbox 3594 4535 3789 4604; x_wconf 77' lang='grc' dir='ltr'>κόσμῳ</span> 
     </span>
    </p>
   </div>
   <div class='ocr_carea' id='block_1_92' title="bbox 515 4623 2102 4697">
    <p class='ocr_par' dir='ltr' id='par_1_92' title="bbox 515 4623 2102 4697">
     <span class='ocr_line' id='line_1_92' title="bbox 515 4623 2102 4697; baseline 0.004 -24"><span class='ocrx_word' id='word_1_679' title='bbox 515 4635 619 4692; x_wconf 88' lang='lat' dir='ltr'><strong>pro</strong></span> <span class='ocrx_word' id='word_1_680' title='bbox 644 4623 930 4694; x_wconf 86' lang='lat' dir='ltr'><strong>nobis,qui</strong></span> <span class='ocrx_word' id='word_1_681' title='bbox 966 4627 1070 4681; x_wconf 90' lang='lat' dir='ltr'><strong>sub</strong></span> <span class='ocrx_word' id='word_1_682' title='bbox 1100 4627 1313 4697; x_wconf 89' lang='lat' dir='ltr'><strong>peccati</strong></span> <span class='ocrx_word' id='word_1_683' title='bbox 1330 4628 1462 4694; x_wconf 82' lang='lat' dir='ltr'><strong>jugo</strong></span> <span class='ocrx_word' id='word_1_684' title='bbox 1488 4638 1554 4678; x_wconf 89' lang='lat' dir='ltr'><strong>ac</strong></span> <span class='ocrx_word' id='word_1_685' title='bbox 1570 4632 1724 4678; x_wconf 87' lang='lat' dir='ltr'><strong>reatu</strong></span> <span class='ocrx_word' id='word_1_686' title='bbox 1758 4624 2102 4680; x_wconf 89' lang='lat' dir='ltr'><strong>tenebamur.</strong></span> 
     </span>
    </p>
   </div>
   <div class='ocr_carea' id='block_1_93' title="bbox 516 4711 2102 4785">
    <p class='ocr_par' dir='ltr' id='par_1_93' title="bbox 516 4711 2102 4785">
     <span class='ocr_line' id='line_1_93' title="bbox 516 4711 2102 4785; baseline 0.004 -19"><span class='ocrx_word' id='word_1_687' title='bbox 516 4711 719 4769; x_wconf 91' lang='lat' dir='ltr'><strong>Sumus</strong></span> <span class='ocrx_word' id='word_1_688' title='bbox 740 4716 939 4773; x_wconf 89' lang='lat' dir='ltr'><strong>deinde</strong></span> <span class='ocrx_word' id='word_1_689' title='bbox 970 4719 1038 4772; x_wconf 89' lang='lat' dir='ltr'><strong>ad</strong></span> <span class='ocrx_word' id='word_1_690' title='bbox 1074 4719 1227 4772; x_wconf 90' lang='lat' dir='ltr'><strong>illius</strong></span> <span class='ocrx_word' id='word_1_691' title='bbox 1252 4713 1675 4771; x_wconf 85' lang='lat' dir='ltr'><strong>similitudinem</strong></span> <span class='ocrx_word' id='word_1_692' title='bbox 1702 4730 1805 4769; x_wconf 89' lang='lat' dir='ltr'><strong>nos</strong></span> <span class='ocrx_word' id='word_1_693' title='bbox 1825 4714 1928 4784; x_wconf 91' lang='lat' dir='ltr'><strong>ipsi</strong></span> <span class='ocrx_word' id='word_1_694' title='bbox 1961 4731 2102 4785; x_wconf 87' lang='lat' dir='ltr'><strong>quo-</strong></span> 
     </span>
    </p>
   </div>
   <div class='ocr_carea' id='block_1_94' title="bbox 513 4806 2099 4879">
    <p class='ocr_par' dir='ltr' id='par_1_94' title="bbox 513 4806 2099 4879">
     <span class='ocr_line' id='line_1_94' title="bbox 513 4806 2099 4879; baseline 0.005 -21"><span class='ocrx_word' id='word_1_695' title='bbox 513 4819 622 4874; x_wconf 89' lang='lat' dir='ltr'><strong>que</strong></span> <span class='ocrx_word' id='word_1_696' title='bbox 646 4822 813 4867; x_wconf 70' lang='lat' dir='ltr'><strong>sacrae</strong></span> <span class='ocrx_word' id='word_1_697' title='bbox 859 4810 1115 4874; x_wconf 65' lang='lat' dir='ltr'><strong>victimae,</strong></span> <span class='ocrx_word' id='word_1_698' title='bbox 1140 4823 1266 4863; x_wconf 92' lang='lat' dir='ltr'><strong>cum</strong></span> <span class='ocrx_word' id='word_1_699' title='bbox 1298 4806 1507 4872; x_wconf 87' lang='lat' dir='ltr'><strong>mundo</strong></span> <span class='ocrx_word' id='word_1_700' title='bbox 1559 4806 1833 4868; x_wconf 83' lang='lat' dir='ltr'><strong>morimur</strong></span> <span class='ocrx_word' id='word_1_701' title='bbox 1858 4808 1927 4873; x_wconf 64' lang='grc'><strong>⁸⁵,</strong></span> <span class='ocrx_word' id='word_1_702' title='bbox 1957 4825 2099 4879; x_wconf 90' lang='lat' dir='ltr'><strong>qua-</strong></span> 
     </span>
    </p>
   </div>
   <div class='ocr_carea' id='block_1_95' title="bbox 513 4898 2096 4969">
    <p class='ocr_par' dir='ltr' id='par_1_95' title="bbox 513 4898 2096 4969">
     <span class='ocr_line' id='line_1_95' title="bbox 513 4898 2096 4969; baseline 0.003 -18"><span class='ocrx_word' id='word_1_703' title='bbox 513 4903 678 4953; x_wconf 88' lang='lat' dir='ltr'><strong>tenus</strong></span> <span class='ocrx_word' id='word_1_704' title='bbox 698 4909 987 4969; x_wconf 88' lang='lat' dir='ltr'><strong>peceatum</strong></span> <span class='ocrx_word' id='word_1_705' title='bbox 1013 4901 1069 4954; x_wconf 90' lang='lat' dir='ltr'><strong>in</strong></span> <span class='ocrx_word' id='word_1_706' title='bbox 1117 4898 1282 4953; x_wconf 89' lang='lat' dir='ltr'><strong>nobis</strong></span> <span class='ocrx_word' id='word_1_707' title='bbox 1314 4904 1596 4950; x_wconf 87' lang='lat' dir='ltr'><strong>mortuum</strong></span> <span class='ocrx_word' id='word_1_708' title='bbox 1626 4906 1730 4961; x_wconf 91' lang='lat' dir='ltr'><strong>est,</strong></span> <span class='ocrx_word' id='word_1_709' title='bbox 1763 4898 1876 4953; x_wconf 91' lang='lat' dir='ltr'><strong>Deo</strong></span> <span class='ocrx_word' id='word_1_710' title='bbox 1907 4908 2096 4955; x_wconf 88' lang='lat' dir='ltr'><strong>autem</strong></span> 
     </span>
    </p>
   </div>
   <div class='ocr_carea' id='block_1_96' title="bbox 509 4988 2092 5057">
    <p class='ocr_par' dir='ltr' id='par_1_96' title="bbox 509 4988 2092 5057">
     <span class='ocr_line' id='line_1_96' title="bbox 509 4988 2092 5057; baseline 0.003 -15"><span class='ocrx_word' id='word_1_711' title='bbox 509 4988 771 5054; x_wconf 76' lang='lat' dir='ltr'><strong>vivimus,</strong></span> <span class='ocrx_word' id='word_1_712' title='bbox 797 4991 944 5047; x_wconf 89' lang='lat' dir='ltr'><strong>illam</strong></span> <span class='ocrx_word' id='word_1_713' title='bbox 977 4990 1034 5043; x_wconf 92' lang='lat' dir='ltr'><strong>in</strong></span> <span class='ocrx_word' id='word_1_714' title='bbox 1059 4988 1353 5043; x_wconf 89' lang='lat' dir='ltr'><strong>sanctitate</strong></span> <span class='ocrx_word' id='word_1_715' title='bbox 1391 5002 1456 5042; x_wconf 88' lang='lat' dir='ltr'><strong>ac</strong></span> <span class='ocrx_word' id='word_1_716' title='bbox 1495 4989 1698 5057; x_wconf 89' lang='lat' dir='ltr'><strong>pietate</strong></span> <span class='ocrx_word' id='word_1_717' title='bbox 1727 4990 1917 5044; x_wconf 77' lang='lat' dir='ltr'><strong>vitam.</strong></span> <span class='ocrx_word' id='word_1_718' title='bbox 1961 4990 2092 5047; x_wconf 62' lang='lat' dir='ltr'><strong>Haec</strong></span> 
     </span>
    </p>
   </div>
   <div class='ocr_carea' id='block_1_97' title="bbox 511 5080 2097 5153">
    <p class='ocr_par' dir='ltr' id='par_1_97' title="bbox 511 5080 2097 5153">
     <span class='ocr_line' id='line_1_97' title="bbox 511 5080 2097 5153; baseline 0 -16"><span class='ocrx_word' id='word_1_719' title='bbox 511 5082 658 5137; x_wconf 91' lang='lat' dir='ltr'><strong>enim</strong></span> <span class='ocrx_word' id='word_1_720' title='bbox 694 5083 857 5138; x_wconf 91' lang='lat' dir='ltr'><strong>nobis</strong></span> <span class='ocrx_word' id='word_1_721' title='bbox 881 5098 993 5153; x_wconf 82' lang='lat' dir='ltr'><strong>prae</strong></span> <span class='ocrx_word' id='word_1_722' title='bbox 1008 5097 1066 5136; x_wconf 92' lang='lat' dir='ltr'><strong>se</strong></span> <span class='ocrx_word' id='word_1_723' title='bbox 1089 5080 1237 5135; x_wconf 78' lang='lat' dir='ltr'><strong>ferre</strong></span> <span class='ocrx_word' id='word_1_724' title='bbox 1253 5080 1474 5135; x_wconf 83' lang='lat' dir='ltr'><strong>videtur</strong></span> <span class='ocrx_word' id='word_1_725' title='bbox 1498 5081 1588 5135; x_wconf 90' lang='lat' dir='ltr'><strong>illa</strong></span> <span class='ocrx_word' id='word_1_726' title='bbox 1610 5081 1922 5152; x_wconf 90' lang='lat' dir='ltr'><strong>principum</strong></span> <span class='ocrx_word' id='word_1_727' title='bbox 1944 5082 2097 5137; x_wconf 75' lang='lat' dir='ltr'><strong>obla-</strong></span> 
     </span>
    </p>
   </div>
   <div class='ocr_carea' id='block_1_98' title="bbox 2209 4615 3788 4700">
    <p class='ocr_par' dir='ltr' id='par_1_98' title="bbox 2209 4615 3788 4700">
     <span class='ocr_line' id='line_1_98' title="bbox 2209 4615 3788 4700; baseline -0.004 -18"><span class='ocrx_word' id='word_1_728' title='bbox 2209 4629 2309 4698; x_wconf 79' lang='grc' dir='ltr'>μὲν</span> <span class='ocrx_word' id='word_1_729' title='bbox 2335 4615 2788 4700; x_wconf 82' lang='grc' dir='ltr'>ἀποθνήσκοντες,</span> <span class='ocrx_word' id='word_1_730' title='bbox 2816 4629 2893 4692; x_wconf 81' lang='grc' dir='ltr'>ὡς</span> <span class='ocrx_word' id='word_1_731' title='bbox 2925 4627 3338 4699; x_wconf 79' lang='grc' dir='ltr'>νενεκρωμένης</span> <span class='ocrx_word' id='word_1_732' title='bbox 3378 4626 3479 4696; x_wconf 82' lang='grc' dir='ltr'><strong>τῆς</strong></span> <span class='ocrx_word' id='word_1_733' title='bbox 3506 4624 3788 4696; x_wconf 83' lang='grc' dir='ltr'>ἁμαρτίας</span> 
     </span>
    </p>
   </div>
   <div class='ocr_carea' id='block_1_99' title="bbox 2205 4716 3785 4791">
    <p class='ocr_par' dir='ltr' id='par_1_99' title="bbox 2205 4716 3785 4791">
     <span class='ocr_line' id='line_1_99' title="bbox 2205 4716 3785 4791; baseline -0.003 -19"><span class='ocrx_word' id='word_1_734' title='bbox 2205 4720 2264 4772; x_wconf 81' lang='grc' dir='ltr'>ὲν</span> <span class='ocrx_word' id='word_1_735' title='bbox 2288 4722 2438 4791; x_wconf 85' lang='grc' dir='ltr'>ἡμῖν,</span> <span class='ocrx_word' id='word_1_736' title='bbox 2468 4720 2667 4783; x_wconf 81' lang='grc' dir='ltr'>ζῶντες</span> <span class='ocrx_word' id='word_1_737' title='bbox 2689 4720 2745 4773; x_wconf 84' lang='grc' dir='ltr'>δὲ</span> <span class='ocrx_word' id='word_1_738' title='bbox 2769 4720 2846 4791; x_wconf 83' lang='grc' dir='ltr'><strong>τῷ</strong></span> <span class='ocrx_word' id='word_1_739' title='bbox 2866 4719 3005 4790; x_wconf 77' lang='grc' dir='ltr'>Θεῷ,</span> <span class='ocrx_word' id='word_1_740' title='bbox 3031 4720 3130 4790; x_wconf 82' lang='grc' dir='ltr'><strong>τὴν</strong></span> <span class='ocrx_word' id='word_1_741' title='bbox 3151 4721 3209 4774; x_wconf 85' lang='grc' dir='ltr'>ὲν</span> <span class='ocrx_word' id='word_1_742' title='bbox 3236 4716 3493 4788; x_wconf 83' lang='grc' dir='ltr'>ἁγιασμῷ</span> <span class='ocrx_word' id='word_1_743' title='bbox 3521 4718 3618 4770; x_wconf 69' lang='grc' dir='ltr'>καὶ</span> <span class='ocrx_word' id='word_1_744' title='bbox 3643 4716 3785 4769; x_wconf 85' lang='grc' dir='ltr'>ὁσιό-</span> 
     </span>
    </p>
   </div>
   <div class='ocr_carea' id='block_1_100' title="bbox 2203 4809 3784 4884">
    <p class='ocr_par' dir='ltr' id='par_1_100' title="bbox 2203 4809 3784 4884">
     <span class='ocr_line' id='line_1_100' title="bbox 2203 4809 3784 4884; baseline -0.003 -19"><span class='ocrx_word' id='word_1_745' title='bbox 2203 4829 2327 4881; x_wconf 81' lang='grc' dir='ltr'>τητι</span> <span class='ocrx_word' id='word_1_746' title='bbox 2349 4812 2517 4883; x_wconf 78' lang='grc' dir='ltr'>ζωήν.</span> <span class='ocrx_word' id='word_1_747' title='bbox 2541 4814 2710 4867; x_wconf 82' lang='grc' dir='ltr'>Ταυτὶ</span> <span class='ocrx_word' id='word_1_748' title='bbox 2738 4813 2848 4884; x_wconf 86' lang='grc' dir='ltr'><strong>γὰρ</strong></span> <span class='ocrx_word' id='word_1_749' title='bbox 2874 4816 3006 4884; x_wconf 82' lang='grc' dir='ltr'>ἡμῖν</span> <span class='ocrx_word' id='word_1_750' title='bbox 3027 4814 3391 4884; x_wconf 82' lang='grc' dir='ltr'>ὑπεμφαίνειν</span> <span class='ocrx_word' id='word_1_751' title='bbox 3416 4811 3595 4864; x_wconf 77' lang='grc' dir='ltr'>ἔοικεν</span> <span class='ocrx_word' id='word_1_752' title='bbox 3615 4812 3650 4880; x_wconf 87' lang='grc' dir='ltr'><strong>ή</strong></span> <span class='ocrx_word' id='word_1_753' title='bbox 3677 4809 3784 4862; x_wconf 83' lang='grc' dir='ltr'><strong>τῶν</strong></span> 
     </span>
    </p>
   </div>
   <div class='ocr_carea' id='block_1_101' title="bbox 2202 4901 3782 4975">
    <p class='ocr_par' dir='ltr' id='par_1_101' title="bbox 2202 4901 3782 4975">
     <span class='ocr_line' id='line_1_101' title="bbox 2202 4901 3782 4975; baseline -0.003 -18"><span class='ocrx_word' id='word_1_754' title='bbox 2202 4903 2480 4974; x_wconf 86' lang='grc' dir='ltr'>ἀρχόντων</span> <span class='ocrx_word' id='word_1_755' title='bbox 2516 4906 2872 4975; x_wconf 81' lang='grc' dir='ltr'>προσαγωγὴ,</span> <span class='ocrx_word' id='word_1_756' title='bbox 2915 4906 2981 4975; x_wconf 78' lang='grc' dir='ltr'>ἣν</span> <span class='ocrx_word' id='word_1_757' title='bbox 3011 4906 3107 4959; x_wconf 80' lang='grc' dir='ltr'>καὶ</span> <span class='ocrx_word' id='word_1_758' title='bbox 3143 4907 3246 4958; x_wconf 81' lang='grc' dir='ltr'><strong>ἀνά</strong></span> <span class='ocrx_word' id='word_1_759' title='bbox 3285 4906 3450 4974; x_wconf 79' lang='grc' dir='ltr'>μέρος</span> <span class='ocrx_word' id='word_1_760' title='bbox 3492 4901 3782 4955; x_wconf 76' lang='grc' dir='ltr'>ὲκόασανίο</span> 
     </span>
    </p>
   </div>
   <div class='ocr_carea' id='block_1_102' title="bbox 2203 4986 3780 5068">
    <p class='ocr_par' dir='ltr' id='par_1_102' title="bbox 2203 4986 3780 5068">
     <span class='ocr_line' id='line_1_102' title="bbox 2203 4986 3780 5068; baseline -0.001 -23"><span class='ocrx_word' id='word_1_761' title='bbox 2203 4992 2389 5057; x_wconf 75' lang='grc' dir='ltr'>ζοντες</span> <span class='ocrx_word' id='word_1_762' title='bbox 2434 4996 2547 5057; x_wconf 83' lang='grc' dir='ltr'>τοῖς</span> <span class='ocrx_word' id='word_1_763' title='bbox 2592 4995 2895 5067; x_wconf 84' lang='grc' dir='ltr'>καθήκουσι</span> <span class='ocrx_word' id='word_1_764' title='bbox 2932 4995 3234 5068; x_wconf 87' lang='grc' dir='ltr'>λογισμοῖς,</span> <span class='ocrx_word' id='word_1_765' title='bbox 3280 4998 3428 5058; x_wconf 84' lang='grc' dir='ltr'>ὅπως</span> <span class='ocrx_word' id='word_1_766' title='bbox 3462 4994 3527 5048; x_wconf 86' lang='grc' dir='ltr'>ἂν</span> <span class='ocrx_word' id='word_1_767' title='bbox 3559 4995 3692 5065; x_wconf 76' lang='grc' dir='ltr'>ἡμῖν</span> <span class='ocrx_word' id='word_1_768' title='bbox 3722 4986 3780 5045; x_wconf 82' lang='grc' dir='ltr'>εὖ</span> 
     </span>
    </p>
   </div>
   <div class='ocr_carea' id='block_1_103' title="bbox 2204 5082 3449 5159">
    <p class='ocr_par' dir='ltr' id='par_1_103' title="bbox 2204 5082 3449 5159">
     <span class='ocr_line' id='line_1_103' title="bbox 2204 5082 3449 5159; baseline 0.004 -24"><span class='ocrx_word' id='word_1_769' title='bbox 2204 5082 2339 5154; x_wconf 74' lang='grc' dir='ltr'>ἔχοι,</span> <span class='ocrx_word' id='word_1_770' title='bbox 2373 5084 2554 5154; x_wconf 85' lang='grc' dir='ltr'>βούλει</span> <span class='ocrx_word' id='word_1_771' title='bbox 2590 5085 2839 5157; x_wconf 81' lang='grc' dir='ltr'>λέγωμεν</span> <span class='ocrx_word' id='word_1_772' title='bbox 2869 5088 3011 5142; x_wconf 70' lang='grc' dir='ltr'>κατὰ</span> <span class='ocrx_word' id='word_1_773' title='bbox 3042 5089 3105 5142; x_wconf 78' lang='grc' dir='ltr'><strong>τὸ</strong></span> <span class='ocrx_word' id='word_1_774' title='bbox 3133 5088 3449 5159; x_wconf 75' lang='grc' dir='ltr'>ὲγχωροῦν;</span> 
     </span>
    </p>
   </div>
   <div class='ocr_carea' id='block_1_104' title="bbox 512 5174 3781 5252">
    <p class='ocr_par' dir='ltr' id='par_1_104' title="bbox 512 5174 3781 5252">
     <span class='ocr_line' id='line_1_104' title="bbox 512 5174 3781 5252; baseline 0 -23"><span class='ocrx_word' id='word_1_775' title='bbox 512 5174 624 5240; x_wconf 88' lang='lat' dir='ltr'><strong>tio;</strong></span> <span class='ocrx_word' id='word_1_776' title='bbox 666 5191 831 5245; x_wconf 89' lang='lat' dir='ltr'><strong>quam</strong></span> <span class='ocrx_word' id='word_1_777' title='bbox 879 5175 1127 5244; x_wconf 90' lang='lat' dir='ltr'><strong>plaeetne</strong></span> <span class='ocrx_word' id='word_1_778' title='bbox 1166 5187 1264 5242; x_wconf 90' lang='lat' dir='ltr'><strong>per</strong></span> <span class='ocrx_word' id='word_1_779' title='bbox 1315 5182 1521 5243; x_wconf 89' lang='lat' dir='ltr'><strong>partes,</strong></span> <span class='ocrx_word' id='word_1_780' title='bbox 1567 5185 1630 5232; x_wconf 86' lang='lat' dir='ltr'><strong>ut</strong></span> <span class='ocrx_word' id='word_1_781' title='bbox 1672 5177 1834 5233; x_wconf 84' lang='lat' dir='ltr'><strong>nobis</strong></span> <span class='ocrx_word' id='word_1_782' title='bbox 1884 5177 2094 5247; x_wconf 88' lang='lat' dir='ltr'><strong>optime</strong></span> <span class='ocrx_word' id='word_1_783' title='bbox 2130 5176 2335 5234; x_wconf 86' lang='lat' dir='ltr'><strong>habere</strong></span> <span class='ocrx_word' id='word_1_784' title='bbox 2390 5177 2692 5246; x_wconf 80' lang='lat' dir='ltr'><strong>videbitur,</strong></span> <span class='ocrx_word' id='word_1_785' title='bbox 2754 5181 3189 5252; x_wconf 84' lang='lat' dir='ltr'><strong>congruentibus</strong></span> <span class='ocrx_word' id='word_1_786' title='bbox 3235 5181 3544 5237; x_wconf 83' lang='lat' dir='ltr'><strong>rationibus</strong></span> <span class='ocrx_word' id='word_1_787' title='bbox 3569 5174 3781 5233; x_wconf 81' lang='lat' dir='ltr'><strong>exami-</strong></span> 
     </span>
    </p>
   </div>
   <div class='ocr_carea' id='block_1_105' title="bbox 511 5265 1992 5339">
    <p class='ocr_par' dir='ltr' id='par_1_105' title="bbox 511 5265 1992 5339">
     <span class='ocr_line' id='line_1_105' title="bbox 511 5265 1992 5339; baseline 0 -16"><span class='ocrx_word' id='word_1_788' title='bbox 511 5281 728 5330; x_wconf 86' lang='lat' dir='ltr'><strong>nemus,</strong></span> <span class='ocrx_word' id='word_1_789' title='bbox 764 5274 953 5334; x_wconf 87' lang='lat' dir='ltr'><strong>atque,</strong></span> <span class='ocrx_word' id='word_1_790' title='bbox 987 5265 1168 5334; x_wconf 89' lang='lat' dir='ltr'><strong>quoad</strong></span> <span class='ocrx_word' id='word_1_791' title='bbox 1198 5265 1318 5324; x_wconf 89' lang='lat' dir='ltr'><strong>ﬁeri</strong></span> <span class='ocrx_word' id='word_1_792' title='bbox 1354 5267 1578 5336; x_wconf 86' lang='lat' dir='ltr'><strong>poterit,</strong></span> <span class='ocrx_word' id='word_1_793' title='bbox 1616 5269 1992 5339; x_wconf 80' lang='lat' dir='ltr'><strong>explicemus?</strong></span> 
     </span>
    </p>
   </div>
   <div class='ocr_carea' id='block_1_106' title="bbox 576 5355 1317 5426">
    <p class='ocr_par' dir='ltr' id='par_1_106' title="bbox 576 5355 1317 5426">
     <span class='ocr_line' id='line_1_106' title="bbox 576 5355 1317 5426; baseline 0 -12"><span class='ocrx_word' id='word_1_794' title='bbox 576 5356 775 5414; x_wconf 72' lang='lat' dir='ltr'><strong>PALL.</strong></span> <span class='ocrx_word' id='word_1_795' title='bbox 797 5355 928 5412; x_wconf 84' lang='lat' dir='ltr'><strong>Mihi</strong></span> <span class='ocrx_word' id='word_1_796' title='bbox 961 5371 1092 5410; x_wconf 90' lang='lat' dir='ltr'><strong>sane</strong></span> <span class='ocrx_word' id='word_1_797' title='bbox 1118 5359 1317 5426; x_wconf 86' lang='lat' dir='ltr'><strong>placet.</strong></span> 
     </span>
    </p>
   </div>
   <div class='ocr_carea' id='block_1_107' title="bbox 574 5444 2086 5520">
    <p class='ocr_par' dir='ltr' id='par_1_107' title="bbox 574 5444 2086 5520">
     <span class='ocr_line' id='line_1_107' title="bbox 574 5444 2086 5520; baseline 0.002 -19"><span class='ocrx_word' id='word_1_798' title='bbox 574 5445 732 5501; x_wconf 78' lang='lat' dir='ltr'><strong>CYB.</strong></span> <span class='ocrx_word' id='word_1_799' title='bbox 759 5444 972 5499; x_wconf 86' lang='lat' dir='ltr'><strong>Allatus</strong></span> <span class='ocrx_word' id='word_1_800' title='bbox 997 5445 1163 5515; x_wconf 80' lang='lat' dir='ltr'><strong>igitur</strong></span> <span class='ocrx_word' id='word_1_801' title='bbox 1198 5456 1283 5503; x_wconf 86' lang='lat' dir='ltr'><strong>est</strong></span> <span class='ocrx_word' id='word_1_802' title='bbox 1307 5465 1337 5506; x_wconf 87' lang='lat' dir='ltr'><strong>a</strong></span> <span class='ocrx_word' id='word_1_803' title='bbox 1364 5448 1598 5520; x_wconf 82' lang='lat' dir='ltr'><strong>singulis</strong></span> <span class='ocrx_word' id='word_1_804' title='bbox 1655 5450 1901 5515; x_wconf 69' lang='lat' dir='ltr'><strong>vitulus‘;</strong></span> <span class='ocrx_word' id='word_1_805' title='bbox 1928 5449 2086 5504; x_wconf 79' lang='lat' dir='ltr'><strong>vehi—</strong></span> 
     </span>
    </p>
   </div>
   <div class='ocr_carea' id='block_1_108' title="bbox 508 5528 2083 5610">
    <p class='ocr_par' dir='ltr' id='par_1_108' title="bbox 508 5528 2083 5610">
     <span class='ocr_line' id='line_1_108' title="bbox 508 5528 2083 5610; baseline 0.003 -20"><span class='ocrx_word' id='word_1_806' title='bbox 508 5528 744 5603; x_wconf 75' lang='lat' dir='ltr'><strong>euiaque</strong></span> <span class='ocrx_word' id='word_1_807' title='bbox 782 5549 877 5589; x_wconf 84' lang='lat' dir='ltr'><strong>sex</strong></span> <span class='ocrx_word' id='word_1_808' title='bbox 923 5551 1174 5602; x_wconf 89' lang='lat' dir='ltr'><strong>numero,</strong></span> <span class='ocrx_word' id='word_1_809' title='bbox 1228 5540 1400 5595; x_wconf 89' lang='lat' dir='ltr'><strong>sacris</strong></span> <span class='ocrx_word' id='word_1_810' title='bbox 1444 5540 1706 5610; x_wconf 89' lang='lat' dir='ltr'><strong>operibus</strong></span> <span class='ocrx_word' id='word_1_811' title='bbox 1740 5540 2083 5596; x_wconf 89' lang='lat' dir='ltr'><strong>tabernaculi</strong></span> 
     </span>
    </p>
   </div>
   <div class='ocr_carea' id='block_1_109' title="bbox 508 5624 2080 5701">
    <p class='ocr_par' dir='ltr' id='par_1_109' title="bbox 508 5624 2080 5701">
     <span class='ocr_line' id='line_1_109' title="bbox 508 5624 2080 5701; baseline 0.004 -21"><span class='ocrx_word' id='word_1_812' title='bbox 508 5624 772 5681; x_wconf 82' lang='lat' dir='ltr'><strong>attributa</strong></span> <span class='ocrx_word' id='word_1_813' title='bbox 805 5636 952 5685; x_wconf 84' lang='lat' dir='ltr'><strong>sunt.</strong></span> <span class='ocrx_word' id='word_1_814' title='bbox 990 5629 1197 5689; x_wconf 86' lang='lat' dir='ltr'><strong>Deinde</strong></span> <span class='ocrx_word' id='word_1_815' title='bbox 1224 5646 1255 5687; x_wconf 85' lang='lat' dir='ltr'><strong>a</strong></span> <span class='ocrx_word' id='word_1_816' title='bbox 1291 5632 1525 5701; x_wconf 78' lang='lat' dir='ltr'><strong>singulis</strong></span> <span class='ocrx_word' id='word_1_817' title='bbox 1556 5632 1773 5687; x_wconf 87' lang='lat' dir='ltr'><strong>catinus</strong></span> <span class='ocrx_word' id='word_1_818' title='bbox 1802 5647 1945 5687; x_wconf 91' lang='lat' dir='ltr'><strong>unus</strong></span> <span class='ocrx_word' id='word_1_819' title='bbox 1986 5649 2080 5688; x_wconf 87' lang='lat' dir='ltr'><strong>ar-</strong></span> 
     </span>
    </p>
   </div>
   <div class='ocr_carea' id='block_1_110' title="bbox 588 5789 1671 5878">
    <p class='ocr_par' dir='ltr' id='par_1_110' title="bbox 588 5789 1671 5878">
     <span class='ocr_line' id='line_1_110' title="bbox 588 5789 1671 5878; baseline 0.004 -15"><span class='ocrx_word' id='word_1_820' title='bbox 588 5789 635 5823; x_wconf 65' lang='lat'>”</span> <span class='ocrx_word' id='word_1_821' title='bbox 652 5806 814 5864; x_wconf 86' lang='lat' dir='ltr'><strong>Num.</strong></span> <span class='ocrx_word' id='word_1_822' title='bbox 853 5826 944 5878; x_wconf 68' lang='lat' dir='ltr'><strong>vn,</strong></span> <span class='ocrx_word' id='word_1_823' title='bbox 980 5810 1169 5865; x_wconf 58' lang='lat'><strong>&#39;10—17.</strong></span> <span class='ocrx_word' id='word_1_824' title='bbox 1250 5811 1293 5844; x_wconf 56' lang='grc'><strong>³⁸</strong></span> <span class='ocrx_word' id='word_1_825' title='bbox 1321 5813 1478 5867; x_wconf 86' lang='lat' dir='ltr'><strong>Rom.</strong></span> <span class='ocrx_word' id='word_1_826' title='bbox 1510 5828 1585 5877; x_wconf 74' lang='grc' dir='ltr'><strong>γι,</strong></span> <span class='ocrx_word' id='word_1_827' title='bbox 1620 5811 1671 5867; x_wconf 80' lang='grc'><strong>5.</strong></span> 
     </span>
    </p>
   </div>
   <div class='ocr_carea' id='block_1_111' title="bbox 2270 5360 2820 5430">
    <p class='ocr_par' dir='ltr' id='par_1_111' title="bbox 2270 5360 2820 5430">
     <span class='ocr_line' id='line_1_111' title="bbox 2270 5360 2820 5430; baseline 0.004 -17"><span class='ocrx_word' id='word_1_828' title='bbox 2270 5360 2479 5414; x_wconf 82' lang='grc' dir='ltr'><strong>ΠΑΛΛ.</strong></span> <span class='ocrx_word' id='word_1_829' title='bbox 2511 5360 2620 5414; x_wconf 80' lang='grc' dir='ltr'><strong>Καὶ</strong></span> <span class='ocrx_word' id='word_1_830' title='bbox 2655 5360 2820 5430; x_wconf 87' lang='grc' dir='ltr'>μάλα.</span> 
     </span>
    </p>
   </div>
   <div class='ocr_carea' id='block_1_112' title="bbox 2270 5454 3780 5537">
    <p class='ocr_par' dir='ltr' id='par_1_112' title="bbox 2270 5454 3780 5537">
     <span class='ocr_line' id='line_1_112' title="bbox 2270 5454 3780 5537; baseline 0.011 -32"><span class='ocrx_word' id='word_1_831' title='bbox 2270 5454 2433 5507; x_wconf 82' lang='grc' dir='ltr'><strong>ΚΥΡ.</strong></span> <span class='ocrx_word' id='word_1_832' title='bbox 2465 5456 2939 5530; x_wconf 86' lang='grc' dir='ltr'>Προσκεκόμισται</span> <span class='ocrx_word' id='word_1_833' title='bbox 2970 5461 3068 5530; x_wconf 81' lang='grc' dir='ltr'>μὲν</span> <span class='ocrx_word' id='word_1_834' title='bbox 3090 5456 3185 5515; x_wconf 81' lang='grc' dir='ltr'><strong>οὖν</strong></span> <span class='ocrx_word' id='word_1_835' title='bbox 3225 5462 3379 5535; x_wconf 86' lang='grc' dir='ltr'><strong>παρά</strong></span> <span class='ocrx_word' id='word_1_836' title='bbox 3407 5465 3643 5520; x_wconf 82' lang='grc' dir='ltr'>ἑκάστου</span> <span class='ocrx_word' id='word_1_837' title='bbox 3677 5467 3780 5537; x_wconf 84' lang='grc' dir='ltr'>μό-</span> 
     </span>
    </p>
   </div>
   <div class='ocr_carea' id='block_1_113' title="bbox 2196 5548 3781 5627">
    <p class='ocr_par' dir='ltr' id='par_1_113' title="bbox 2196 5548 3781 5627">
     <span class='ocr_line' id='line_1_113' title="bbox 2196 5548 3781 5627; baseline 0.01 -31"><span class='ocrx_word' id='word_1_838' title='bbox 2196 5562 2353 5616; x_wconf 76' lang='grc' dir='ltr'>σχος’</span> <span class='ocrx_word' id='word_1_839' title='bbox 2386 5548 2777 5620; x_wconf 80' lang='grc' dir='ltr'>ὲκνενέμηνται</span> <span class='ocrx_word' id='word_1_840' title='bbox 2819 5552 2877 5605; x_wconf 87' lang='grc' dir='ltr'>δὲ</span> <span class='ocrx_word' id='word_1_841' title='bbox 2935 5556 3050 5616; x_wconf 82' lang='grc' dir='ltr'>τοῖς</span> <span class='ocrx_word' id='word_1_842' title='bbox 3071 5554 3240 5626; x_wconf 72' lang='grc' dir='ltr'>ἱεροῖς</span> <span class='ocrx_word' id='word_1_843' title='bbox 3273 5555 3458 5626; x_wconf 78' lang='grc' dir='ltr'>ἔργοις</span> <span class='ocrx_word' id='word_1_844' title='bbox 3484 5557 3585 5627; x_wconf 85' lang='grc' dir='ltr'><strong>τῆς</strong></span> <span class='ocrx_word' id='word_1_845' title='bbox 3615 5558 3781 5627; x_wconf 84' lang='grc' dir='ltr'>ἁγίας</span> 
     </span>
    </p>
   </div>
   <div class='ocr_carea' id='block_1_114' title="bbox 2191 5635 3782 5723">
    <p class='ocr_par' dir='ltr' id='par_1_114' title="bbox 2191 5635 3782 5723">
     <span class='ocr_line' id='line_1_114' title="bbox 2191 5635 3782 5723; baseline 0.009 -34"><span class='ocrx_word' id='word_1_846' title='bbox 2191 5638 2417 5709; x_wconf 83' lang='grc' dir='ltr'>σκηνῆς,</span> <span class='ocrx_word' id='word_1_847' title='bbox 2441 5638 2503 5704; x_wconf 73' lang='grc' dir='ltr'><strong>ἓξ</strong></span> <span class='ocrx_word' id='word_1_848' title='bbox 2533 5635 2690 5695; x_wconf 82' lang='grc' dir='ltr'>οὖσαι</span> <span class='ocrx_word' id='word_1_849' title='bbox 2718 5642 2812 5698; x_wconf 82' lang='grc' dir='ltr'><strong>τὸν</strong></span> <span class='ocrx_word' id='word_1_850' title='bbox 2842 5644 3079 5716; x_wconf 82' lang='grc' dir='ltr'>ἀριθμὸν</span> <span class='ocrx_word' id='word_1_851' title='bbox 3114 5646 3174 5699; x_wconf 77' lang='grc' dir='ltr'>αἱ</span> <span class='ocrx_word' id='word_1_852' title='bbox 3208 5645 3441 5720; x_wconf 78' lang='grc' dir='ltr'>ἄμαξαι.</span> <span class='ocrx_word' id='word_1_853' title='bbox 3477 5643 3611 5703; x_wconf 73' lang='grc' dir='ltr'>Εἶτα</span> <span class='ocrx_word' id='word_1_854' title='bbox 3646 5650 3782 5723; x_wconf 72' lang='grc' dir='ltr'>παρ’</span> 
     </span>
    </p>
   </div>
  </div>
