4118 6500
364 466 493 519 τοι)

1131 467 1219 523 DE
1259 465 1706 524 ADOBATIOKE
1742 467 1807 522 IN
1851 465 2124 526 SPIRITU
2165 469 2254 525 ET
2291 470 2661 527 VERITATE.
2705 470 2833 526 LIB.
2877 469 2944 525 X.

3572 471 3677 525 710

376 580 619 633 ἑκάστου
646 577 904 650 τρυϐλίον
960 580 1020 633 ἔν
1064 580 1367 653 ἀργυροῦν,
1396 582 1492 637 καὶ
1525 582 1693 653 φιάλη
1739 581 1855 652 μία,
1889 581 1975 635 κα]

2089 592 2341 655 genteus,
2378 596 2433 639 et
2460 585 2645 656 phiala
2667 600 2796 651 una,
2827 593 2883 640 et
2948 592 3207 657 utraque,
3258 582 3459 655 inquit,
3502 583 3677 659 plena

374 670 695 741 ἀμφότερα,
727 671 883 741 φησὶ,
922 671 1104 744 πλήρη
1132 674 1466 744 σεμιδάλεως
1502 673 1984 745 ἀναπεποιημένης

379 766 441 818 ἐν
491 764 698 835 ἐλαίῳ,
750 764 949 834 θυΐσκη
989 764 1090 837 μία
1137 764 1487 836 θυμιάματος
1525 764 1799 836 ἔμπλεως,
1830 765 1985 836 κριὸς

368 844 486 917 εἷς,
532 852 707 922 ἀμνὸς
751 847 833 917 εἷς
867 853 1138 918 ἐνιαύσιος
1187 856 1270 918 εἰς
1316 854 1701 926 ὁλοκαύτωμα,
1749 855 1984 927 χίμαρος

377 944 442 1012 ἐξ
473 945 649 1013 αείγῶν
673 946 805 1017 περὶ
836 947 1117 1019 ἁμαρτίας
1142 963 1155 977 ·
1185 948 1283 1002 καὶ
1316 948 1479 1002 ταυτὶ
1518 949 1618 1019 μὲν
1651 948 1724 1003 τὰ
1751 949 1985 1003 ὁλοκαυ⁴

374 1034 634 1106 τώματα.
674 1036 1087 1108 Προσεκόμιζον
1120 1037 1178 1091 δὲ
1227 1037 1323 1091 καὶ⁵
1355 1038 1437 1101 εἰς
1465 1037 1655 1093 Θυσίαν
1685 1039 1981 1111 σωτηρίου,

362 1127 537 1198 φησι,
569 1127 835 1198 δαμάλεις
869 1128 985 1194 δύο,
1018 1129 1214 1202 κριοὺς
1271 1128 1459 1196 πέντε,
1513 1131 1754 1202 τράγους
1792 1131 1979 1194 πέντε,

370 1221 626 1293 ἀμνάδας
656 1223 969 1289 ἐνιαυσίους
997 1225 1184 1283 πέντε.

448 1314 662 1367 ΠΑΛΔ.
699 1315 881 1385 Φράζε
913 1314 978 1387 δὴ
1009 1311 1104 1372 οὖν
1131 1319 1225 1372 καὶ
1251 1319 1359 1392 πρό
1396 1336 1461 1390 γε
1487 1317 1598 1372 τῶν
1628 1317 1823 1381 ἄλλων,
1845 1317 1898 1371 τί
1918 1318 1980 1372 τὸ

377 1406 611 1477 μεταξὺ,
647 1410 745 1462 καὶ
768 1408 931 1464 ποίαν
953 1411 1019 1465 ἄν
1049 1428 1136 1476 τις
1161 1412 1306 1466 εἴποι
1340 1413 1440 1485 τὴν
1463 1411 1730 1483 διαφορὰν
1757 1411 1856 1482 τῆς
1883 1410 1977 1465 τοῦ

368 1497 650 1568 σωτηρίου
692 1498 908 1562 Θυσίας,
950 1501 1047 1554 καὶ
1068 1501 1547 1573 ὁλοκαυτώματος.

446 1590 614 1644 ΚΥΡ.
648 1592 845 1645 Ἀκουε
877 1593 963 1664 δή.
996 1594 1039 1645 Τ
1043 1593 1078 1647 ά
1115 1593 1216 1664 μὲν
1247 1593 1358 1667 γάρ
1394 1592 1834 1664 ὁλοκαυτώματα
1870 1592 1978 1647 τῶν

371 1681 534 1746 ζώων
568 1682 667 1737 ὅλα
720 1683 788 1737 δι’
818 1684 976 1747 ὅλων,
1014 1684 1146 1757 ἱερῷ
1188 1685 1281 1738 καὶ
1322 1686 1578 1757 ἀσϐέστῳ
1612 1684 1979 1754 κατεφλέγετο

370 1776 531 1847 πυρὶ,
563 1776 780 1841 οὐδενὸς
836 1776 897 1830 τὸ
949 1776 1173 1848 σύμπαν
1223 1776 1607 1850 ἐξῃρημένου,
1657 1777 1776 1832 ἀλλ’
1809 1778 1977 1833 οἱονεί

369 1884 496 1930 πως
535 1867 738 1931 παντὸς
792 1867 983 1939 μορίου
1037 1869 1132 1921 καὶ
1187 1868 1384 1939 μέλους
1415 1871 1495 1933 είς
1531 1868 1708 1941 ὀσμὴν
1750 1870 1978 1935 εὐωδίας

2085 676 2268 733 simila
2293 693 2591 748 conspersa
2634 679 2788 746 oleo;
2820 678 3208 733 mortariolum
3242 693 3414 732 unum
3461 678 3678 733 incensi

2083 768 2337 837 plenum.
2362 768 2508 824 aries
2527 785 2696 835 unus,
2749 785 2923 841 agnus
2973 785 3118 825 unus
3148 770 3443 824 anniculus
3468 770 3525 823 in
3562 769 3667 824 bo-

2084 860 2417 927 locaustum,
2442 861 2634 917 haedus
2657 878 2688 917 c
2718 863 2903 933 capris
2932 878 3078 917 unus
3102 878 3204 933 pro
3221 869 3477 934 peccato;
3510 871 3678 933 atque

2084 952 2201 1009 haec
2216 954 2442 1024 quidem
2469 953 2790 1009 holocausta
2816 954 2989 1010 fuere.
3029 954 3365 1011 Obtulerunt
3402 964 3676 1027 praeterea

2084 1044 2142 1101 in
2170 1047 2411 1102 hostiam
2442 1047 2703 1103 salutaris
2746 1047 2952 1102 vitulas
2982 1047 3141 1113 duas,
3171 1048 3373 1104 arietes
3401 1049 3673 1119 quinque,

2082 1138 2272 1194 hircos
2295 1139 2562 1210 quinque,
2592 1154 2763 1211 agnos
2785 1138 3075 1194 anniculos
3098 1140 3366 1211 quinque.

2150 1319 2349 1375 PALL.
2383 1320 2610 1390 Expone
2630 1318 2797 1390 igitur
2823 1317 2959 1372 illud
3001 1318 3057 1372 in
3071 1317 3285 1387 primis,
3324 1319 3457 1389 quid
3494 1320 3670 1376 inter-

2079 1411 2150 1466 sit
2175 1411 2377 1481 quidve
2418 1411 2647 1465 differre
2675 1409 2973 1466 dicendum
3016 1409 3090 1464 sit
3124 1408 3270 1463 inter
3314 1410 3550 1465 hostiam
3577 1426 3669 1467 sa-

2078 1500 2277 1555 lutaris
2306 1509 2364 1555 et
2388 1500 2795 1557 holocaustum.

2147 1590 2307 1646 CYR.
2332 1590 2535 1662 Accipe
2567 1592 2755 1663 igitur.
2779 1592 2917 1647 Nam
2941 1590 3033 1647 illa
3055 1607 3123 1647 ex
3150 1592 3528 1649 animantibus
3568 1595 3672 1649 bo-

2076 1682 2323 1738 locausta
2359 1692 2474 1738 tota
2512 1700 2580 1739 ex
2606 1685 2756 1738 omni
2788 1692 2947 1754 parte
2998 1684 3110 1756 igni
3150 1700 3310 1740 sacro
3332 1693 3501 1756 atque
3539 1702 3673 1756 per-

2076 1783 2244 1846 petuo
2278 1776 2691 1843 cremabantur,
2742 1777 2897 1833 nulla
2940 1784 3100 1848 parte
3133 1778 3362 1833 omnino
3414 1786 3669 1849 excepta,

2077 1868 2174 1923 sed
2203 1869 2492 1939 particulis
2545 1869 2661 1924 fere
2725 1870 2986 1925 omnibus
3011 1885 3078 1925 ac
3119 1870 3388 1926 membris
3416 1871 3676 1927 omnibus

368 1956 764 2021 ἀναϐαίνοντος
787 1957 866 2028 τῷ
904 1956 1031 2028 θεῷ,
1065 1958 1133 2012 τὰ
1162 1958 1220 2011 δέ
1256 1974 1321 2028 γε
1352 1959 1494 2031 ὑπὲρ
1524 1962 1625 2032 τῆς
1659 1959 1758 2014 τοῦ
1798 1978 1975 2033 σωτη-

2079 1959 2136 2014 in
2166 1960 2393 2015 odorem
2420 1961 2813 2017 suavitatisad
2838 1961 3012 2016 Deum
3051 1962 3518 2029 ascendentibus;
3549 1979 3674 2033 qua:

372 2050 497 2121 ρίου
533 2049 725 2113 θυσίας
769 2048 1107 2120 σφαζόμενα,
1138 2051 1372 2121 μερικὴν
1406 2050 1619 2122 ἐδέχετο
1658 2052 1758 2125 τὴν
1788 2052 1979 2106 καθιέ-

371 2159 566 2213 ρωσιν,
612 2143 689 2205 ὼς
727 2143 785 2195 ἐν
831 2140 968 2213 ὤμῳ
999 2140 1427 2215 δεξιῷηκεφαλῇ
1462 2160 1525 2197 τε
1559 2142 1656 2198 καὶ
1702 2145 1853 2211 ποσὶ,
1886 2162 1975 2199 νε-

369 2237 536 2305 φροῖς
560 2237 652 2289 καὶ
669 2234 866 2306 ἥπατι,
892 2233 987 2288 καί¹
1016 2233 1227 2305 ἑτέροις
1252 2236 1366 2289 τισὶ
1399 2238 1511 2301 τοῖς
1537 2236 1616 2299 είς
1635 2236 1696 2290 τὸ
1723 2237 1854 2289 εἴσω
1881 2235 1976 2291 καὶ

369 2325 690 2390 ἔνδοσθίοις.
721 2325 932 2397 Πρέπει
970 2326 1034 2399 δὴ
1056 2323 1151 2381 οὖν
1179 2326 1241 2381 τὸ
1266 2326 1698 2382 ὁλοκαυτοῦσθαι
1722 2326 1967 2399 Χριστιῖν

372 2419 477 2474 καὶ
511 2419 622 2490 γάρ
649 2420 799 2472 ἐστιν
831 2417 1052 2491 ἀληθῶς
1092 2419 1213 2484 ὅλος
1247 2418 1424 2489 ἅγιος,
1456 2419 1666 2491 εὐώδης
1695 2419 1842 2483 ἄπας
1878 2419 1974 2475 καὶ

379 2511 551 2584 ἱερός.
601 2512 766 2584 Ἡμῖν
803 2511 861 2565 δὲ
902 2512 1136 2578 οἰκεῖον,
1172 2513 1235 2567 τὸ
1272 2513 1375 2567 οὐκ
1407 2510 1643 2566 είσάπαν
1666 2510 1843 2580 ἅγιον,
1879 2512 1974 2565 καὶ

367 2609 477 2680 οὐχ
507 2606 825 2681 ὁλοκλήρως
858 2607 1029 2680 ἱερὸν,
1053 2602 1136 2672 οἷς
1164 2607 1341 2661 ἔνεστί
1364 2625 1417 2661 τι
1442 2607 1539 2662 καὶ
1576 2605 1859 2677 μολυσμοῦ
1887 2606 1976 2660 διὰ

345 2702 473 2774 -τὴν
506 2704 566 2758 ὲν
592 2704 728 2775 ἡμῖν
757 2701 1060 2774 ἁμαρτίαν.
1117 2719 1136 2752 ι
1191 2699 1450 2772 Καθαρὸς
1488 2697 1597 2770 γὰρ
1653 2697 1832 2760 οὐδεὶς
1869 2696 1977 2751 ἀπὺ

366 2792 608 2865 primu,»
631 2793 727 2847 καὶ
758 2811 776 2844 ι
808 2789 1245 2864 Παραπτώματα
1278 2789 1363 2856 τίς
1387 2791 1650 2861 συνήσει;
1690 2807 1709 2840 ι
1746 2789 1888 2843 κατὰ
1919 2787 1980 2842 τὸ

358 2885 891 2960 γεγραμμένον.Διὰ
908 2881 1069 2939 τοῦτο
1081 2881 1179 2954 τὴν
1199 2881 1341 2955 ὑπὲρ
1353 2881 1446 2936 τοῦ
1466 2880 1736 2953 σωτηρίου
1761 2879 1975 2946 θυσίαν,

360 2978 472 3048 οὐχ
501 2977 799 3032 ὁλόκαυτον
830 2977 860 3031 6
898 2974 1083 3048 νόμος,
1111 2968 1356 3049 μερικῶς
1375 2973 1432 3028 δὲ
1462 2971 1663 3044 μᾶλλον
1693 2970 1975 3043 καθιεροῦ-

352 3069 500 3124 »σθαι
527 3070 643 3124 δεῖν
681 3064 741 3124 εὖ
776 3069 923 3140 μάλα
952 3068 1343 3141 προστέταχεν.
1375 3062 1507 3139 τΔρ’
1532 3058 1648 3126 οὖν,
1680 3056 1729 3117 ὦ
1758 3061 1973 3116 Παλλά-

346 3164 473 3225 -διε,
503 3164 687 3235 σαφής
719 3179 804 3216 σοι
833 3161 930 3217 καὶ
963 3161 1222 3234 ἀποχρῶν
1250 3162 1331 3225 εἰς
1360 3156 1628 3232 εὐμαθίαν
1653 3158 1681 3210 6
1704 3154 1901 3225 λόγος;

2073 2068 2211 2107 vero
2234 2068 2338 2123 pro
2364 2054 2547 2109 hostia
2583 2055 2815 2110 salutari
2849 2054 3231 2121 caedebantur,
3272 2070 3339 2111 ea
3375 2070 3672 2111 consecra-

2074 2144 2280 2200 bantur
2321 2162 2390 2201 cx
2415 2155 2594 2217 parte,
2626 2147 2792 2220 364
2837 2156 2901 2203 ut
2946 2148 3144 2203 dexter
3171 2149 3466 2213 humerus,
3508 2157 3672 2219 caput

2074 2235 2256 2290 etiam
2288 2251 2355 2291 ac
2378 2236 2571 2306 pedes,
2602 2252 2770 2292 renes
2794 2253 2858 2291 ac
2876 2239 3057 2309 jecur,
3095 2238 3376 2292 nonnullae
3408 2248 3672 2307 prmterea

2070 2328 2374 2384 reconditas
2395 2338 2584 2400 partes
2632 2337 2689 2384 et
2726 2329 3025 2386 intestinas.
3076 2329 3302 2385 Christo
3334 2329 3504 2399 igitur
3533 2344 3674 2383 con-

2070 2422 2225 2477 venit
2248 2423 2305 2477 in
2323 2422 2710 2477 holocaustum
2744 2421 2969 2477 oil‘erri:
2997 2430 3082 2477 est
3106 2422 3257 2477 enim
3287 2436 3479 2476 revera
3528 2429 3676 2476 totus

2070 2525 2317 2580 sanctus,
2360 2523 2511 2570 totus
2548 2514 2720 2570 odore
2776 2514 3066 2589 suavitatis
3104 2514 3307 2583 plenus
3366 2528 3433 2568 ac
3492 2526 3671 2566 sacer.

2070 2605 2247 2662 Nobis
2269 2614 2455 2661 autem
2478 2607 2572 2661 illa
2593 2606 2822 2662 victima
2844 2605 3070 2676 proprie
3105 2603 3392 2670 convenit,
3409 2618 3533 2674 quae
3559 2618 3674 2658 non

2073 2709 2161 2755 est
2210 2716 2278 2756 ex
2334 2700 2485 2756 omni
2528 2708 2686 2771 parte
2736 2707 2945 2763 saneta,
2982 2712 3163 2767 neque
3207 2696 3439 2752 omnino
3492 2710 3672 2761 sacra,

2076 2792 2284 2862 quibus
2316 2792 2572 2847 nonnihil
2620 2792 2855 2847 macula:
2894 2790 3041 2845 inest
3083 2795 3315 2860 propter
3358 2795 3672 2858 peccatum,

2076 2883 2227 2954 quod
2269 2893 2358 2939 est
2405 2883 2460 2938 in
2488 2883 2653 2939 nobis
2688 2899 2702 2937 :
2747 2900 2766 2934 ι
2794 2882 2967 2938 Nemo
3007 2882 3157 2937 enim
3208 2880 3452 2935 mundus
3494 2894 3527 2934 α
3559 2894 3678 2934 sor-

2076 2975 2147 3032 de
2170 2976 2248 3044 “;
2278 2997 2295 3027 ι
2318 2984 2376 3032 et
2408 2995 2420 3031 :
2455 2996 2472 3027 ι
2495 2977 2703 3036 Delicta
2728 2977 2855 3046 quis
2880 2974 3150 3047 intelliget
3172 2974 3256 3028 “‘I
3275 2992 3296 3026 ι
3324 2981 3388 3030 ιιι
3408 2973 3676 3044 scriptum

2075 3077 2180 3124 est.
2217 3069 2300 3124 0b
2325 3084 2447 3124 eam
2479 3069 2666 3139 itaque
2696 3082 2941 3132 causam,
2958 3066 3196 3122 hostiam
3222 3080 3347 3136 quae
3375 3080 3478 3136 pro
3496 3064 3676 3119 salute

2080 3159 2443 3225 oﬂ‘erebatur,
2467 3175 2576 3215 non
2601 3158 2916 3215 universam
2944 3155 3191 3223 incendi,
3238 3157 3338 3213 sed
3363 3157 3557 3227 potius
3604 3170 3674 3210 ex

351 3266 531 3331 .parte
558 3254 874 3313 consecrari
889 3254 1115 3322 debere,
1142 3254 1234 3310 lex
1264 3249 1573 3309 rectissime
1590 3246 1775 3322 jussit.
1805 3246 1949 3302 Num
1987 3247 2178 3321 igitur,
2209 3249 2437 3317 Palladi,
2498 3247 2790 3321 perspicua
2847 3248 2948 3304 tibi
2991 3254 3077 3304 est
3128 3262 3255 3305 mea
3293 3248 3494 3315 oratio,
3519 3255 3577 3305 et
3603 3246 3674 3304 ad

360 3353 429 3412 in
438 3349 802 3423 telligcndum
836 3348 971 3406 satis
991 3347 1158 3420 apta?

436 3446 659 3505 ﬂAAA.
691 3444 803 3498 Kal.
834 3442 1003 3516 μάλα.

438 3540 602 3594 ΣΥΡ.
630 3537 769 3607 Φέρε
796 3535 861 3610 δὴ
884 3533 1001 3601 οὖν,
1028 3533 1117 3588 ἐπ’
1143 3534 1322 3589 ἐκεῖνο
1350 3530 1524 3603 ἴωμεν
1550 3532 1632 3596 είς
1654 3549 1718 3601 γε
1739 3531 1821 3596 τὸ,
1848 3529 1977 3584 ἐκά-

356 3650 487 3706 στῳ
516 3632 664 3706 φημὶ
693 3629 805 3685 τῶν
842 3626 1389 3703 προσενηνεγμένων,
1433 3623 1603 3695 φάναι
1636 3618 1711 3689 τί,
1744 3622 1839 3677 καὶ
1871 3621 1979 3694 μὴν

362 3728 471 3783 καὶ
501 3725 740 3780 συνιέναι
767 3723 876 3777 τῶν
910 3720 1231 3790 ἀναγκαίων
1252 3718 1333 3783 είς
1364 3717 1574 3790 ὄνησιν.

440 3820 659 3874 nam.
700 3816 808 3871 Ἴθι
848 3815 913 3888 δὴ
942 3810 1058 3870 οὖν.

437 3913 615 3968 ‘KYP.
648 3912 808 3965 Ἐστι
843 3911 1028 3964 τοίνυν
1056 3907 1125 3963 τὰ
1174 3907 1310 3980 παρ’
1360 3904 1595 3961 ἑκάστου
1628 3901 1740 3957 τῶν
1768 3900 1977 3975 φυλάρ-

358 4022 508 4080 χων,
537 4002 793 4077 τρυϐλίον
840 3998 1118 4073 ἀργυροῦν
1169 3997 1228 4052 ἓν
1263 3996 1358 4050 καὶ
1388 3995 1556 4066 φιάλη
1587 3994 1708 4066 μία,
1741 3993 1837 4047 καὶ
1871 3992 1979 4063 άμ-

368 4099 583 4168 φάτεορα
628 4095 816 4166 πλήρη
865 4090 1205 4169 σεμιδάλεως
1248 4086 1738 4158 ἁναπεποιημένης
1785 4083 1974 4155 ἐλαίῳ.

367 4190 451 4245 Τὸ
487 4189 587 4261 μὲν
613 4182 709 4241 οὖν
735 4184 989 4256 τρυϐλίον
1014 4183 1134 4235 ἐστὶ
1173 4181 1287 4244 τοῖς
1318 4178 1608 4248 ὲδωδίμοις
1642 4172 1975 4247 ὑπηρετοῦν,

368 4281 473 4337 καὶ
503 4282 586 4344 εἰς
613 4276 920 4348 ὀψοφαγίαν
969 4273 1266 4346 χρήσιμον,
1308 4268 1446 4324 καθὸ
1485 4268 1579 4322 καὶ
1638 4265 1802 4329 αὐτὸς
1861 4264 1975 4318 ἐδί-

364 4372 533 4438 δαξεν
568 4372 598 4424 ὁ
638 4361 1341 4440 Σωτὴρνφιλοπνευστοῦντι
1403 4360 1627 4431 Ἰωάννῃ
1658 4358 1738 4429 τῷ
1766 4356 1977 4427 γνησίῳ

376 4466 601 4540 μαθητῇ
670 4466 755 4526 τίς
818 4462 849 4515 ὁ
893 4457 1237 4531 παραδώσων
1279 4455 1464 4518 αὐτὸν,
1509 4474 1527 4507 ι
1586 4453 1645 4507 '0
1696 4450 1978 4523 ἐμϐάψας,

372 4564 536 4631 φησι.
564 4558 681 4631 μετ’
708 4555 846 4628 ἐμοῦ
876 4555 977 4627 τὴν
1010 4555 1172 4625 χεῖρα
1205 4552 1265 4604 ἑν
1295 4547 1375 4620 τῷ
1398 4545 1662 4619 τρυϐλίῳ.
1707 4564 1726 4597 ι
1768 4544 1974 4614 Φιάλης

368 4655 431 4708 δὲ
471 4653 524 4706 τί
554 4653 623 4707 ἂν
643 4650 863 4722 λέγοιμι
893 4648 992 4719 τὴν
1021 4645 1233 4719 χρείαν,
1278 4639 1705 4712 διακεκραγότος
1753 4636 1852 4691 ώδὶ
1879 4633 1976 4689 τοῦ

2001 3440 2047 3501 ι]
2155 3432 2355 3490 PALL.
2385 3430 2529 3487 Sane
2553 3444 2711 3486 vero.

2150 3525 2313 3582 CYR.
2343 3524 2455 3596 Age
2493 3523 2661 3594 igitur
2689 3534 2983 3593 pergamus
3010 3516 3079 3573 de
3112 3516 3202 3583 iis,
3236 3532 3361 3587 qua:
3386 3532 3417 3571 a
3442 3515 3676 3587 singulis

2079 3622 2265 3678 oblata
2291 3627 2441 3685 sunt,
2474 3616 2685 3688 aliquid
2710 3616 2898 3672 dicere
2942 3622 3110 3685 atque
3138 3612 3477 3684 intelligere,
3524 3610 3674 3681 quod

2077 3708 2429 3771 fructuosum
2452 3712 2527 3767 sit
2548 3711 2818 3765 futurum.

2153 3804 2357 3861 PALL.
2380 3805 2555 3875 Perge
2586 3801 2778 3873 igitur.

2154 3897 2314 3954 CYR.
2351 3897 2481 3952 Haec
2508 3905 2639 3950 sunt
2686 3905 2821 3963 ergo
2847 3905 2881 3945 a
2909 3888 3138 3960 singulis
3178 3886 3424 3942 tribuum
3463 3885 3677 3956 ρτίησὶι

2077 3988 2246 4059 pibus
2268 3987 2475 4050 oblata,
2515 3982 2734 4039 catinus
2771 3990 3073 4051 argenteus
3111 3993 3278 4042 unus,
3302 3976 3487 4047 phiala
3542 3992 3673 4040 una,

2077 4089 2135 4136 et
2181 4086 2418 4148 utraque
2477 4076 2641 4146 plena
2696 4072 2895 4128 similae
2935 4069 3202 4125 confecta:
3240 4062 3365 4124 oleo
3410 4068 3676 4123 :catinus

2076 4171 2266 4240 itaque
2294 4168 2362 4229 ad
2417 4166 2705 4223 esculenta
2756 4160 3091 4229 continenda
3142 4166 3230 4213 est
3278 4165 3461 4227 aptus,
3514 4163 3573 4211 et
3602 4156 3673 4211 ad

2078 4265 2366 4336 pulmenta
2397 4273 2563 4314 usum
2601 4256 2803 4311 habet:
2840 4254 2990 4324 quod
3043 4251 3213 4306 etiam
3248 4249 3367 4320 ipse
3419 4247 3675 4304 Salvator

2079 4355 2290 4419 docuit,
2326 4352 2423 4423 qui
2455 4347 2655 4406 Joanni
2681 4347 2763 4401 illi
2795 4345 2945 4400 ﬁdeli
2970 4342 3242 4412 discipulo
3263 4339 3673 4411 roganti,quis-

2077 4463 2208 4505 nam
2241 4448 2422 4517 ipsum
2467 4441 2774 4497 traditurus
2802 4446 2982 4493 esset:
3026 4454 3043 4486 ι
3070 4434 3176 4502 Qui
3236 4431 3546 4494 intinxerit,
3583 4430 3673 4484 iri--

2078 4539 2236 4611 quit,
2288 4550 2507 4592 mecum
2535 4545 2763 4587 manum
2816 4527 2874 4583 in
2927 4527 3111 4583 catino
3160 4522 3224 4579 ".
3264 4543 3282 4575 ι
3330 4525 3407 4579 De
3456 4522 3662 4593 phiala:

2080 4639 2266 4689 autem
2293 4645 2398 4684 usu
2426 4626 2560 4698 quid
2576 4624 2777 4679 attinet
2801 4621 3012 4685 dicere,
3052 4634 3219 4689 quem
3261 4617 3377 4687 ipsa
3429 4632 3519 4670 res
3538 4630 3674 4670 voce

370 4705 748 4819 stpd‘fpacog';
781 4705 894 4797 ἰξαὶ
937 4705 1164 4812 σημεῖον
1216 4738 1381 4810 ἄρτου
1420 4731 1723 4804 σεμίδαλις,
1764 4730 1847 4783 ὅτι
1884 4728 1975 4781 καὶ

2081 4736 2225 4793 pene
2271 4717 2466 4774 testari
2522 4711 2783 4770 videtur?
2838 4709 3032 4791 Simila
3070 4723 3242 4778 porro
3292 4706 3453 4777 panis
3484 4716 3568 4760 est
3597 4705 3674 4758 si-

371 4801 438 4903 ὲέ
480 4801 652 4907 αῦτῆς
688 4801 879 4907 άρτος,
922 4801 1087 4903 ἄρτος
1119 4830 1176 4883 δὲ
1204 4801 1372 4898 ζωῆς.
1416 4828 1444 4880 6
1475 4801 1731 4897 Χριστός.
1764 4819 1975 4874 Οὐκοῦν

2084 4827 2277 4885 gnum,
2309 4825 2379 4866 ex
2419 4808 2513 4864 illa
2569 4819 2811 4875 namque
2843 4801 2905 4858 fit
2935 4801 3134 4871 panis:
3168 4808 3254 4855 est
3303 4808 3487 4854 autem
3518 4801 3676 4867 panis

372 4933 456 4995 ὡς
494 4933 551 4983 ὲν
576 4926 656 4999 τῷ
685 4925 926 4999 τρυϐλίῳ
953 4925 1050 4978 καὶ
1088 4925 1146 4977 ὲν
1188 4922 1254 4993 τῇ
1292 4919 1480 4992 φιάλῃ,
1514 4916 1612 4971 καὶ
1641 4915 1717 4977 ὡς
1743 4914 1802 4966 ὲν
1823 4912 1976 4983 ἄρτῳ

369 5024 457 5095 τῷ
490 5025 549 5077 ἐν
604 5023 842 5093 ἀμφοῖν,
898 5017 1080 5088 πλήρη
1128 5014 1239 5085 γὰρ
1292 5009 1361 5084 ἦν
1412 5008 1768 5081 σεμιδάλεως,
1796 5005 1872 5069 ώς
1918 5005 1978 5095 εν

374 5094 581 5189 βρώσει
632 5131 692 5167 τε
739 5112 837 5165 καὶ⁹
867 5110 1045 5171 πόσει,
1096 5107 1210 5178 ζωὴ
1245 5106 1339 5158 καὶ
1368 5099 1634 5168 ζωοποιὸς
1668 5098 1698 5149 6
1736 5094 1975 5189 Χριστδς

375 5183 731 5281 σημαίνεται.
769 5224 789 5256 ι
844 5202 1019 5274 Ἀμὴν
1083 5201 1212 5271 γάρ,
1276 5195 1432 5266 φησι,
1486 5191 1632 5260 λέγω
1680 5189 1845 5259 ὑμῖν,
1883 5183 1980 5281 ἐὰν

378 5276 470 5375 pii]?
498 5301 714 5371 φάγητε
748 5298 849 5368 τὴν
878 5296 1058 5366 σάρκα
1082 5291 1177 5345 τοῦ
1212 5287 1344 5342 Υἱοῦ
1370 5285 1467 5340 τοῦ
1520 5276 1980 5375 ἀνθρώπους-καὶ

375 5372 547 5466 πίητε
579 5390 749 5447 αὑτοῦ
778 5389 841 5444 τὸ
871 5384 1030 5459 αἷμα,
1075 5384 1176 5438 οὐκ
1218 5382 1371 5451 ἔχετε
1405 5378 1552 5466 ζωὴν
1578 5377 1639 5466 ἐν
1680 5372 1917 5466 ἑαυτοῖς..

2084 4905 2212 4959 vitae
2240 4901 2515 4959 Christus.
2552 4897 2728 4969 Igitur
2790 4902 3055 4965 tanquam
3122 4891 3178 4946 in
3241 4891 3447 4951 catino,
3513 4896 3571 4942 et
3618 4887 3674 4942 in

2075 4995 2283 5067 phiala,
2314 5002 2371 5050 et
2431 5000 2696 5061 tanquam
2730 4987 2789 5041 in
2844 5000 3010 5056 pane,
3042 4983 3138 5053 qui
3170 4982 3225 5035 in
3266 4988 3502 5049 utroque
3541 4991 3675 5032 vase

2076 5098 2218 5153 erat,
2251 5102 2377 5145 cum
2407 5094 2704 5152 utrumque
2738 5079 2963 5149 plenum
2993 5081 3142 5130 esset
3169 5073 3385 5135 similm,
3409 5069 3676 5124 nimirum

2077 5186 2342 5247 tanquam
2368 5175 2425 5231 in
2478 5173 2607 5229 cibo
2663 5183 2728 5223 ac
2765 5175 2901 5237 potu
2941 5163 3216 5229 Christus,
3273 5161 3368 5232 qui
3409 5160 3520 5216 vita
3566 5167 3673 5223 est,

2088 5277 2251 5337 atque
2275 5264 2601 5327 viviﬁcator,
2623 5257 2984 5331 signiﬁcatur.
3019 5254 3210 5324 inquit
3234 5253 3415 5308 enim:
3457 5269 3475 5302 ι
3497 5250 3675 5306 Amen

2086 5364 2212 5420 dico
2236 5360 2414 5423 vobis,
2437 5358 2544 5413 nisi
2582 5349 3050 5410 manducaveritis
3079 5362 3302 5408 carnem
3331 5345 3458 5401 Filii
3490 5343 3675 5400 homi-

687 5434 1131 5548 ’ξὴξμνσξέλξᾶλιῖ
1144 5434 1453 5526 ήκατδαδεδεῦ
1461 5434 1586 5520 σόαι
1632 5478 1821 5533 φησιν,
1848 5457 1975 5552 αὐτο

2081 5456 2171 5513 nis
2191 5463 2249 5510 et
2291 5450 2549 5509 biberitis
2578 5449 2700 5519 ejus
2736 5444 3084 5517 sanguinem,
3132 5456 3246 5495 non
3278 5435 3558 5494 habebitis
3587 5434 3674 5489 vi—

2220 5546 2231 5552 -
2403 5543 2417 5552 .
2445 5542 2455 5552 ι
2522 5539 2564 5552 ι.
2677 5536 2734 5552 Α·
2862 5551 2871 5552 ,
2892 5542 3032 5552 ,,.A_-
3090 5531 3318 5552 -!___:I_...
3356 5528 3524 5552 fut---
3555 5541 3640 5552 ...Α

376 5593 490 5631 που
516 5573 579 5628 τὸ
611 5577 669 5628 ὲν
710 5570 962 5640 Ψαλμοῖς
993 5559 1473 5636 ἁναμελῳδοῦντος
1520 5554 1686 5610 οἱονεί
1733 5569 1837 5606 που
1884 5547 1981 5602 τοῦ

375 5665 581 5723 τύπου*
619 5683 638 5716 ι
686 5662 1013 5732 Ἡγάπησας
1045 5652 1419 5720 δικαιοσύνην,
1448 5648 1541 5709 καὶ
1565 5647 1839 5719 ἐμίσησας
1867 5640 1984 5695 ἁδι-
2082 5640 2377 5732 defactam,
2410 5640 2623 5732 inquit:
2660 5640 2735 5732 in.
2760 5643 2875 5732 quo
2924 5640 3096 5732 typus
3119 5640 3261 5732 ipse”

879 5714 1067 5824 έχρίσέ
1100 5764 1162 5802 σε
1193 5748 1222 5801 6
1243 5714 1399 5810 Θεὸς,
1429 5744 1459 5797 6
1487 5714 1620 5804 Θεὸς
1663 5714 1757 5792 σου
1801 5734 1975 5793 ἔλαιον

2082 5728 2314 5787 Psalmis
2340 5724 2633 5795 concipere
2684 5720 2940 5777 videtur:
2973 5737 2991 5770 ι
3016 5715 3264 5774 Dilexisti
3294 5714 3588 5793 justitiam,
3619 5714 3678 5767 et

380 5757 536 5825 κὶαν,
559 5755 648 5811 διὰ
679 5754 841 5809 τοῦτο

788 5843 806 5874 f

2082 5555 2194 5601 tam
2218 5546 2277 5600 in
2331 5542 2491 5598 vobis
2520 5539 2585 5593 “.
2621 5558 2639 5590 ι
2674 5536 2809 5594 Oleo
2853 5542 3039 5590 autem
3085 5531 3325 5587 similam
3355 5528 3527 5584 fuisse
3555 5541 3677 5581 ma-

2082 5638 2377 5701 defactam,
2410 5632 2623 5704 inquit:
2659 5630 2717 5686 in
2762 5643 2875 5700 quo
2924 5635 3090 5698 typus
3119 5624 3237 5696 ipse
3287 5638 3429 5694 pene
3484 5617 3675 5675 illude

461 5936 511 5973 “
540 5936 645 5996 Job
673 5953 784 6005 xw,
811 5938 863 5991 ι.
944 5931 989 5981 ‘9
1019 5931 1163 5988 Psal.
1203 5943 1356 5994 xvnl,
1402 5926 1482 5980 l3.
1562 5926 1605 5957 ⁸⁷
1642 5921 1834 5977 Matth.
1866 5934 2012 5985 xxvi,
2046 5914 2148 5983 25;
2181 5912 2338 5967 Joan.
2382 5926 2502 5974 xm,
2527 5907 2617 5967 26.
2698 5905 2741 5939 ⁸³
2777 5905 2936 5963 Joan.
2967 5919 3042 5966 vi,
3072 5903 3162 5961 54.
