4118 6500
516 467 611 523 711

1531 455 1588 512 S.
1630 455 1911 513 CYRILLI
1948 452 2422 512 ALEXANDRINI
2460 450 2777 508 ARClilEP.

3682 448 3792 503 71?.

518 575 683 631 odisti
714 571 1096 642 iniquitatem;
1130 576 1422 639 propterea
1471 567 1630 622 unxit
1665 577 1717 623 te
1744 568 1914 632 Deus,
1954 567 2100 623 Deus

2202 564 2584 635 ἀγαλλιάσεως
2642 561 2795 633 παρὰ
2849 561 2975 621 τούς
3025 559 3281 630 μετόχους
3339 578 3485 614 σου.’
3512 581 3531 612 ι
3575 563 3789 635 Θυῖσκη

520 676 672 730 tuus,
699 664 821 719 olco
856 662 1059 718 laetitiae
1082 675 1192 730 pra:
1222 659 1572 715 consortibus
1617 660 1727 715 tuis
1765 661 1831 713 ".
1857 679 1874 712 ι
1904 659 2104 715 Morta-

520 756 717 809 riolum
751 767 883 807 vero
909 751 1081 821 ﬁgura
1103 757 1187 803 est
1220 764 1284 804 ae
1306 748 1521 819 species
1554 750 1825 806 thuribuli
1849 751 1919 806 ad
1957 766 2104 805 mor-

472 896 487 899 _
518 846 642 901 tarii
667 842 1089 899 similitudinem
1115 841 1267 905 facti,
1303 841 1483 911 ipsum
1516 856 1740 911 quoque
1787 842 1952 896 thure
1982 840 2101 910 ple-

516 953 682 992 num:
711 936 891 991 bonus
922 934 1071 990 enim
1097 933 1235 988 odor
1257 948 1322 987 ac
1345 932 1690 987 thuribulum
1715 940 1801 988 εει
1823 932 2098 996 Christus,

515 1044 628 1084 non
678 1027 1023 1082 extrinsecus
1066 1024 1294 1079 odorem
1358 1023 1591 1088 habens,
1630 1031 1694 1078 ut
1737 1023 1902 1078 nobis
1951 1032 2103 1077 certe

516 1120 808 1190 contingit,
827 1118 920 1189 qui
969 1116 1399 1188 participatione
1444 1115 1671 1171 virtutis
1699 1125 1864 1185 atque
1893 1115 2103 1171 sancti-

516 1213 787 1268 ﬁcationis
819 1215 961 1282 ejus,
982 1226 1104 1281 quae
1141 1227 1207 1264 ex
1248 1210 1451 1279 pietate
1481 1218 1585 1272 est,
1623 1209 1741 1263 haec
1766 1208 1882 1278 ipsa
1912 1223 2105 1261 consc-

514 1305 738 1374 quimur
768 1322 780 1356 :
835 1303 997 1374 365
1029 1301 1125 1357 sed
1159 1317 1226 1355 ex
1251 1317 1308 1356 se
1335 1309 1590 1370 tanquam
1620 1300 1767 1354 Deus
1795 1299 1852 1353 in
1895 1313 2103 1368 suaque

514 1404 712 1450 natura
739 1395 809 1448 iis
835 1395 1001 1448 rebus
1029 1392 1344 1463 prmditum,
1378 1406 1476 1461 per
1515 1406 1639 1461 quae
1675 1391 1830 1444 illum
1860 1390 2104 1446 admira-

515 1503 659 1550 mur,
696 1494 753 1540 et
784 1485 976 1548 odore,
1032 1485 1128 1553 qui
1178 1499 1347 1553 supra
1376 1482 1645 1537 mundum
1677 1488 1783 1546 est,
1832 1491 1890 1537 et
1939 1496 2104 1551 supra

515 1583 825 1630 creaturam
851 1588 1095 1636 omnem,
1130 1579 1308 1626 totum
1328 1572 1550 1642 replens
1581 1571 1774 1625 orbem
1800 1579 2099 1625 terrarum.

514 1668 652 1722 Nam
676 1666 830 1719 illum
855 1664 1160 1719 secundum
1182 1671 1436 1717 naturam
1455 1678 1519 1717 ac
1548 1677 1742 1717 revera
1761 1662 1933 1716 Deum
1959 1676 2100 1725 esse.

517 1758 658 1813 etin
692 1772 791 1812 sua
818 1756 995 1826 ipsius
1025 1765 1222 1811 natura
1249 1765 1492 1826 paternae
1523 1753 1854 1824 cognitionis
1878 1753 2104 1808 odorem

516 1847 822 1918 accepisse,
881 1847 1087 1917 optime
1129 1847 1474 1918 dignoscitur
1517 1864 1530 1899 :
1564 1847 1790 1916 plenum
1825 1844 1993 1915 igitur
2022 1852 2107 1900 est

2202 661 2260 714 δὲ
2292 655 2384 725 αὖ,
2416 658 2679 730 σχῆμάτε
2711 656 2804 709 καὶ
2834 650 2976 718 εἶδος
2993 653 3378 726 θυμιατηρίου,
3413 654 3574 718 θυῖας
3607 657 3668 709 ὲν
3691 657 3796 725 ἴσῳ

2205 750 2603 821 πεποιημένου,
2629 748 2927 817 ὲπίμεστον
2974 746 3031 800 δὲ
3085 746 3182 799 καὶ
3225 745 3358 799 αὐτὸ
3383 747 3734 817 θυμιάματος
3772 763 3792 782 ο

2203 843 2401 898 εὐωδία
2427 843 2537 911 γὰρ
2565 841 2661 894 καὶ
2694 840 3052 910 θυμιατήριον
3098 840 3127 893 ὁ
3152 838 3385 910 Χριστὸς
3408 881 3422 901 ,
3451 841 3551 893 οὐκ
3587 840 3796 907 ἔξωθεν

2203 935 2343 989 δὲτὸ
2375 932 2575 995 εὐῶδες
2608 930 2770 1001 ἔχων,
2801 931 3055 1002 καθάπερ
3100 930 3292 1001 ἀμέλει
3318 932 3412 984 καὶ
3443 933 3604 1002 ἡμεῖς
3633 932 3799 988 αὐτοὶ

2204 1026 2344 1079 κατὰ
2375 1023 2590 1096 μέθεξιν
2621 1025 2844 1093 ἀρετῆς,
2888 1022 2983 1075 καὶ
3008 1021 3104 1075 τοῦ
3153 1023 3274 1075 κατ’
3305 1022 3587 1077 εὐσέϐειαν
3631 1025 3798 1092 ἁγια-

2205 1118 2344 1188 σμοῦ
2373 1117 2434 1169 τὸ
2483 1118 2541 1169 ὲν
2572 1114 2782 1177 τούτοις
2816 1109 2959 1166 εἶναι
3007 1113 3401 1184 κερδαίνοντες,
3432 1114 3548 1167 ἀλλ’
3574 1114 3797 1169 οἴκοθεν

2204 1212 2279 1273 ὡς
2308 1208 2441 1271 Θεὸς
2461 1208 2554 1259 καὶ
2585 1208 2642 1259 ὲν
2672 1206 2778 1275 ἰδίᾳ
2806 1203 2963 1272 φύσει
2993 1203 3239 1256 πλουτῶν
3260 1204 3330 1257 τὰ
3363 1204 3431 1257 δι’
3456 1198 3530 1258 ὧν
3567 1205 3793 1275 θαυμά-

2205 1301 2378 1365 ζεται,
2408 1300 2503 1354 καὶ
2528 1299 2655 1368 ὃλην
2682 1296 2986 1367 ἐμπίπλησι
3016 1294 3117 1360 τὴν
3137 1296 3461 1364 οἰκουμένην
3492 1296 3592 1365 τῆς
3621 1297 3798 1368 ὑπερ-

2205 1390 2435 1461 κοσμίου
2460 1390 2558 1442 καὶ
2598 1388 2738 1458 ὑπὲρ
2773 1386 2951 1441 κτίσιν
2985 1386 3180 1455 ὀσμῆς.
3223 1386 3356 1450 Θεὸς
3389 1386 3499 1457 γάρ
3524 1386 3599 1441 ὢν
3629 1387 3795 1457 φύσει

2206 1484 2300 1536 καὶ
2319 1481 2552 1552 ἀληθῶς,
2582 1481 2676 1533 καὶ
2707 1480 2807 1549 τὴν
2840 1476 3013 1549 ὀσμὴν
3041 1477 3141 1546 τῆς
3163 1476 3417 1545 γνώσεως
3445 1478 3559 1543 τοῦ,
3576 1480 3797 1549 Πατῷς

2206 1576 2264 1627 ὲν
2299 1574 2405 1642 ἰδίᾳ.
2437 1572 2598 1642 φύσει
2653 1569 2865 1640 λαχὼν,
2904 1565 2962 1623 εὖ
3007 1568 3156 1638 μάλα
3205 1569 3647 1637 διαγινώσκεται,
3695 1570 3797 1641 ἐμ-

2207 1663 2387 1728 πλεως
2422 1660 2578 1734 οὖνὴ
2625 1662 2822 1733 θυῖσκη
2854 1660 3221 1730 θυμιάματος.
3260 1660 3443 1732 Ταύτῃ
3479 1678 3564 1714 τοι
3620 1678 3796 1733 προσ-

2208 1756 2400 1824 ἀγεται
2442 1755 2636 1825 μόσχος
2672 1772 2731 1807 τε
2758 1752 2853 1806 καὶ
2882 1751 3056 1823 κριὸς,
3086 1750 3303 1823 καὶμὴν
3340 1754 3435 1805 καὶ
3464 1753 3657 1823 ἀμνὸς,
3694 1754 3797 1806 καὶ

2207 1849 2441 1920 χίμαρος
2469 1844 2529 1911 ἐξ
2553 1845 2746 1915 αἰγῶν,
2774 1844 2845 1898 τὰ
2873 1844 3011 1914 πρὸς
3065 1844 3278 1907 τούτοις
3309 1843 3390 1897 ἔτι
3417 1861 3795 1916 προσκεκομι-

516 1939 743 1994 incenso
780 1938 1180 1995 mortariolum.
1207 1938 1416 1993 Deinde
1454 1937 1751 1992 adducitur
1798 1935 1921 2000 bos,
1960 1934 2100 1990 aries

2211 1939 2403 2009 σμένα,
2437 1938 2533 1990 καὶ
2561 1936 2648 1988 διὰ
2676 1937 2890 1989 πάντων
2924 1933 3085 1997 αὐτὸς
3133 1935 3162 1987 ὁ
3199 1932 3564 2004 γραφόμενος
3594 1936 3652 1987 ὲν
3689 1933 3799 2004 μὲν

516 2036 784 2101 praeterea
811 2037 869 2083 et
890 2044 1064 2100 agnus
1086 2037 1143 2083 ει
1171 2028 1361 2083 haedus
1385 2043 1416 2082 e
1446 2027 1626 2097 capris
1655 2027 1991 2090 afferuntur;
2039 2039 2104 2079 ac

518 2135 623 2189 per
669 2119 792 2174 haec
819 2118 1005 2173 omnia
1028 2120 1335 2174 animantia
1379 2120 1497 2189 ipse
1525 2118 1812 2188 ﬁguratur,
1843 2116 1901 2170 in
1928 2115 2105 2170 vitulo

515 2211 738 2281 quidem
756 2219 979 2281 propter
994 2226 1261 2266 summam
1275 2211 1669 2275 ﬁrmitatem,et
1683 2209 1829 2279 quod
1846 2223 2102 2263 mansue-

513 2309 700 2355 torum
739 2300 1184 2370 mundorumque
1209 2300 1575 2356 animantium
1604 2300 1705 2354 bos
1736 2307 1822 2354 εει
1840 2306 2106 2369 praestan-

514 2391 781 2457 tissimus,
809 2407 873 2446 ac
911 2390 1288 2461 magnitudine
1331 2390 1583 2461 corporis
1614 2389 1835 2445 excellit
1871 2407 1884 2442 :
1916 2387 2103 2445 omnia

513 2492 719 2547 autem,
755 2498 879 2553 qua:
909 2483 979 2538 ad
1006 2483 1289 2539 Christum
1339 2483 1641 2552 pertinent,
1687 2481 1961 2551 spirituali
2008 2496 2105 2536 ex-

512 2576 770 2632 cellentia
802 2577 1030 2647 praedita
1061 2586 1208 2642 sunt,
1242 2585 1300 2631 et
1329 2577 1444 2645 ipse
1464 2575 1779 2647 praestantia
1802 2590 1901 2645 per
1918 2574 2102 2630 omnia

513 2667 743 2722 minime
783 2667 1153 2736 comparanda
1200 2666 1426 2732 eminet,
1477 2673 1640 2736 atque
1678 2668 1934 2736 superior
1978 2675 2099 2733 est;

513 2757 573 2813 in
598 2758 774 2813 ariete
805 2773 939 2813 vero
994 2766 1219 2827 propter
1265 2747 1680 2827 perfectionem,
1733 2765 1896 2827 atque
1935 2758 2101 2812 etiam

516 2857 749 2919 propter
778 2848 1157 2905 innocentiam
1190 2848 1247 2902 in
1278 2864 1420 2919 agno
1459 2865 1471 2902 :
1509 2867 1528 2899 ‹
1550 2848 1664 2918 Ego
1689 2848 1859 2913 enim,
1898 2847 2097 2917 inquit,

515 2948 776 3011 tanquam
805 2954 976 3010 agnus
1031 2940 1316 3003 innocens,
1347 2939 1440 3009 qui
1476 2938 1720 3003 ducitur,
1758 2946 1819 2994 ut
1847 2938 2100 2995 immole-

514 3040 627 3095 tur,
643 3032 955 3087 nesciebam
973 3033 1041 3097 l“’;
1067 3053 1085 3082 ι
1124 3032 1178 3085 in
1207 3032 1365 3087 haedo
1390 3048 1606 3097 rursus,
1630 3043 1927 3102 propterea
1951 3031 2100 3103 quod

513 3141 616 3196 pro
642 3125 1032 3196 peccatoribus
1065 3126 1285 3181 occisus
1314 3134 1421 3180 est.
1447 3126 1650 3181 llmdus
1688 3125 1839 3180 enim
1878 3142 1942 3182 ex
1964 3127 2100 3198 legis

512 3220 837 3289 praescripto
861 3217 1193 3274 sacriﬁcium
1220 3227 1306 3274 est
1334 3234 1435 3289 pro
1478 3228 1738 3289 peccato:
1772 3220 1867 3275 ille
1911 3228 2097 3275 autem

512 3311 833 3368 Emmanuel
884 3321 1116 3367 mortem
1164 3328 1264 3383 pro
1308 3312 1467 3367 nobis
1511 3312 1703 3377 subiit,
1747 3320 1804 3367 ει
1847 3328 1913 3367 ea
1960 3328 2098 3369 nece

2203 2030 2282 2102 τῷ
2323 2030 2529 2101 μόσχῳ,
2561 2029 2647 2083 διὰ
2664 2028 2724 2081 τὸ
2750 2027 2888 2096 ἄγαν
2906 2026 3177 2091 εὐσθενὲς,
3206 2029 3301 2080 καὶ
3326 2028 3407 2080 ὅτι
3428 2026 3537 2079 τῶν
3566 2027 3625 2080 ἐν
3644 2028 3677 2097 ἡ
3687 2045 3794 2098 με-

2208 2121 2392 2192 ρότητι
2424 2121 2519 2172 καὶ
2550 2118 2883 2189 καθαρότητι
2913 2114 3087 2182 ζώων,
3123 2117 3184 2170 τὸ
3214 2114 3473 2185 προῦχον,
3505 2118 3533 2167 ὁ
3559 2116 3791 2187 μόσχος,

2204 2212 2299 2266 καὶ
2341 2212 2417 2274 ὡς
2462 2213 2519 2265 ὲν
2557 2211 2777 2282 μεγέθει
2836 2208 3124 2280 σώματος,
3183 2209 3244 2261 τὸ
3299 2207 3632 2281 ὐπερτεροῦν
3659 2225 3674 2239 ο
3727 2211 3792 2262 ὲν

2205 2302 2445 2373 ὑπεροχῇ
2479 2301 2535 2353 δὲ
2575 2303 2641 2371 τῇ
2675 2302 2862 2372 νοητῇ,
2895 2300 3074 2354 πάντα
3117 2298 3234 2351 ἐστὶ
3273 2297 3343 2351 τὰ
3387 2297 3649 2369 Χριστοῦ,
3690 2295 3794 2351 καὶ

2202 2396 2365 2460 αὐτὸς
2413 2398 2442 2450 ὁ
2488 2394 2742 2467 προῦχων
2792 2392 2887 2446 καὶ
2934 2391 3327 2462 ύπερκείμενος
3371 2392 3437 2460 τῇ
3487 2388 3630 2442 κατὰ
3677 2388 3796 2442 πᾶν

2201 2487 2379 2542 ὁτιοῦν
2417 2486 2733 2557 ἅσυγκρίτῳ
2778 2484 3013 2554 διαφορᾷ
3044 2498 3057 2511 '
3095 2485 3154 2535 ἐν
3209 2481 3267 2535 δὲ
3307 2479 3386 2552 τῷ
3415 2481 3575 2552 κριῷ,
3608 2480 3698 2533 διὰ
3727 2479 3794 2533 τὸ

2202 2580 2425 2645 τέλειον,
2483 2579 2578 2633 καὶ
2615 2579 2798 2650 μέντοι
2841 2576 2928 2630 διὰ
2971 2575 3033 2628 τὸ
3086 2575 3313 2636 ἄκακον,
3367 2577 3425 2627 ἐν
3484 2573 3561 2644 τῷ
3602 2572 3787 2644 ἀμνῷο

2209 2691 2229 2727 ι
2290 2671 2431 2742 Ἐγὼ
2494 2672 2624 2740 γὰρ,
2681 2668 2868 2740 φησιν,
2927 2668 3003 2731 ὡς
3068 2667 3253 2736 ἀρνίον
3304 2666 3512 2721 ἄκακον
3579 2665 3793 2735 ἀγόμε-

2202 2783 2291 2819 νον
2318 2763 2413 2818 τοῦ
2442 2762 2684 2826 θύεσθαι,
2707 2762 2808 2815 οὐκ
2836 2760 3029 2830 ἔγνων
3065 2777 3083 2810 ι
3119 2760 3178 2811 ὲν
3204 2757 3261 2811 δὲ
3304 2756 3380 2827 τῷ
3423 2757 3662 2827 χιμάρῳ,
3699 2754 3792 2808 διὰ

2201 2858 2302 2929 τὴν
2324 2856 2464 2927 ὑπέρ
2485 2871 2550 2924 γε
2575 2854 2683 2908 τῶν
2708 2852 3110 2926 ἡμαρτηκότων
3138 2851 3375 2921 σφαγήν.
3403 2848 3650 2919 Χίμαρος
3675 2848 3789 2918 γὰρ

2200 2948 2343 3020 ὑπὲρ
2368 2946 2641 3019 ἁμαρτίας
2675 2946 2736 2999 τὸ
2773 2944 2941 3016 θῦμα,
2975 2942 3116 2999 κατά
3159 2942 3251 2996 τὸν
3278 2942 3441 3012 νόμον
3464 2957 3481 2971 ’
3512 2939 3691 2993 εἰσέδυ
3727 2939 3790 2992 δὲ

2199 3040 2267 3094 δι’
2301 3040 2448 3111 ἡμᾶς
2497 3038 2588 3093 τὸν
2625 3037 2855 3093 θάνατον
2900 3038 2930 3090 ὁ
2989 3033 3371 3107 Ἐμμανουήλ,
3425 3034 3520 3088 καὶ
3544 3032 3655 3085 τῶν
3686 3033 3790 3104 ἀρ-

2200 3134 2371 3205 χαίων
2395 3130 2885 3202 πλημμελημάτων
2919 3127 3393 3200 ἐκλελυτρώμεθα,
3440 3126 3507 3180 δι’
3546 3128 3614 3198 ἢν
3653 3127 3790 3180 ὑπέ-

2205 3235 2389 3289 μεινεν
2410 3217 2551 3288 ὑπὲρ
2567 3219 2599 3288 ἡ
2608 3217 2731 3288 μῶν
2744 3216 3062 3287 σφαγήν.Ἢ
3076 3215 3181 3269 οὐκ
3212 3211 3353 3269 εἶναι
3383 3215 3488 3289 φὴς
3509 3217 3606 3270 καὶ
3624 3215 3789 3270 τοῦτο

2203 3312 2401 3382 ἀληθές
2427 3329 2442 3377 ;

512 3416 677 3471 quam
700 3418 799 3473 pro
859 3404 1023 3458 nobis
1046 3403 1295 3474 pertulit,
1356 3419 1388 3457 a
1427 3403 1708 3459 veteribus
1745 3403 1963 3460 delictis
2021 3405 2240 3460 liberati
2269 3419 2479 3458 sumus.
2511 3402 2595 3457 An
2620 3417 2757 3457 vero
2794 3416 2905 3455 non
2935 3400 2990 3455 id
3033 3415 3155 3456 esse
3186 3411 3379 3455 verum
3403 3398 3608 3469 putas?

584 3491 783 3546 PALL.
825 3490 1029 3556 Quidni
1062 3492 1291 3561 putem?

586 3582 745 3637 CYR.
780 3582 918 3636 Illud
951 3592 1136 3638 autem
1177 3583 1439 3639 observes
1470 3585 1659 3651 velim,
1714 3585 1934 3641 oblatos
1974 3584 2101 3656 qui-

513 3676 641 3731 dem
670 3690 792 3730 esse
822 3675 1022 3742 boves;
1065 3684 1321 3731 caeterum
1343 3676 1411 3731 ad
1440 3692 1608 3747 opera
1634 3678 1977 3733 tabernaculi
2008 3678 2105 3733 de-

514 3766 775 3829 stinatos,
824 3774 905 3828 ut,
940 3781 1064 3820 cum
1121 3775 1301 3822 castra
1362 3768 1575 3823 moveri
1603 3784 1744 3839 opus
1789 3779 1956 3835 esset,
1998 3769 2102 3840 ipsi

513 3871 687 3911 onera
718 3855 992 3910 vehiculis
1030 3854 1285 3921 ferendo,
1312 3871 1598 3912 sacrorum
1644 3857 1998 3914 administros
2019 3858 2103 3913 la-
2146 3860 2165 3877 ’

512 3943 648 3999 bore
678 3959 743 4000 ac
772 3943 1027 3999 molestia
1079 3944 1349 3999 leva-rent.
1404 3944 1465 3999 In
1515 3943 1738 4000 Christo
1777 3945 1928 4002 enim
1964 3961 2101 4002 eon-

511 4036 748 4108 quiescit
779 4036 1044 4101 Ecclesia,
1075 4044 1131 4090 et
1157 4051 1261 4090 nos
1291 4036 1409 4106 ipse
1433 4035 1540 4091 [ει-ι
1591 4044 1649 4091 ει
1677 4037 1979 4103 laboribus,
2003 4039 2103 4110 qui

511 4144 679 4200 supra
700 4129 847 4183 vires
878 4136 1028 4194 sunt,
1070 4143 1291 4199 sacrum
1331 4127 1471 4183 illud
1512 4129 1957 4202 honoratumque
2000 4146 2095 4202 ge-

512 4236 637 4286 nus,
666 4235 733 4276 ac
781 4221 1046 4292 populum
1082 4236 1367 4276 sacrorum
1398 4238 1632 4293 operum
1676 4225 1919 4295 peritum
1967 4240 2097 4280 suc-

511 4311 774 4367 cumbere
812 4326 924 4365 non
963 4312 1258 4381 permittit.
1318 4311 1409 4368 Sic
1453 4314 1623 4385 igitur
1668 4316 1985 4386 supradicta
2026 4315 2093 4372 ad

508 4401 791 4457 Christum
825 4400 1117 4457 referenda
1156 4412 1305 4459 sunt.
1330 4403 1462 4470 Quae
1524 4414 1711 4461 autem
1744 4407 2095 4477 pertinebant

509 4493 580 4550 ad
608 4493 845 4549 hostiam
878 4494 1157 4561 salutaris,
1189 4511 1254 4550 ea
1296 4509 1399 4565 pro
1439 4497 1637 4566 seipsis
1688 4497 2096 4565 quodammodo

509 4576 790 4655 principes
826 4586 1153 4651 ali‘ercbant,
1180 4602 1243 4641 ac
1272 4595 1533 4656 tanquam
1566 4587 1927 4644 tabernaculo
1958 4606 2094 4646 con-

509 4677 817 4743 secrabant,
851 4678 1272 4747 oll'crcbantque
1294 4678 1409 4732 Deo
1436 4678 1493 4732 in
1519 4678 1749 4733 odorem
1779 4680 2091 4738 suavitatis.

511 4767 715 4826 Vitulaa
759 4780 944 4826 autem
974 4778 1135 4825 erant
1173 4769 1318 4834 dure,
1368 4771 1572 4824 arietes
1623 4771 1902 4841 quinque,
1952 4773 2093 4831 hirci

2125 3501 2167 3557 ο
2272 3495 2483 3549 ΠΑΛΛ.
2513 3494 2638 3559 Πῶς
2668 3494 2776 3564 γὰρ
2798 3490 2897 3558 of»;

2275 3586 2441 3639 ΚΥΡ.
2484 3587 2766 3656 Ἐπιτήρει
2818 3584 2876 3638 δὲ
2917 3584 2999 3638 ὅτι
3039 3582 3561 3655 προσεκομίσθησαν
3602 3582 3702 3653 μὲν
3736 3583 3789 3637 οι

2208 3678 2420 3749 μόσχοι,
2458 3679 2704 3733 δέδονται
2729 3694 2790 3747 γε
2822 3678 2930 3748 μὴν
2961 3678 3042 3742 είς
3069 3676 3140 3732 τὰ
3166 3676 3303 3746 ἔργα
3330 3676 3430 3747 τῆς
3456 3676 3684 3747 σκηνῆς,
3720 3676 3788 3731 ἶν’

2202 3772 2261 3824 ὲν
2284 3773 2403 3836 ταῖς
2448 3770 2803 3837 ἀναζεύξεσιν
2832 3770 2988 3823 αὐτοὶ
3010 3769 3268 3841 φέροντες
3292 3769 3378 3837 ἐφ’
3406 3768 3656 3838 ἁμαξῶν,
3688 3768 3789 3822 πό-

2202 3881 2294 3918 νου
2324 3864 2417 3918 καὶ
2437 3864 2593 3929 ἀνίας
2616 3862 2978 3920 ἀπαλλάτοιεν
3009 3862 3135 3924 τοὺς
3161 3860 3498 3932 ίερουργούς.
3547 3861 3785 3915 Ἐπανα-

2202 3957 2436 4012 παύεται
2465 3960 2574 4028 γὰρ
2602 3960 2637 4029 ἡ
2684 3957 2981 4027 Ἐκκλησία
3008 3953 3252 4026 Χριστῷ,
3303 3957 3394 4007 καὶ
3435 3954 3599 4018 αὐτὸς
3636 3955 3786 4026 ἡμᾶς

2202 4052 2392 4123 φέρει,
2441 4052 2554 4114 τοῖς
2596 4049 2737 4120 ὑπὲρ
2768 4047 2999 4119 δύναμιν
3050 4045 3233 4109 πόνοις
3280 4045 3635 4117 περιπίπτειν
3685 4045 3786 4100 οὐκ

2199 4144 2373 4212 ἐφιεὶς
2403 4143 2465 4197 τὸ
2499 4141 2643 4214 ἱερὸν
2671 4140 2767 4196 καὶ
2804 4140 2984 4210 τίμιον
3012 4138 3192 4207 γένος,
3232 4136 3326 4189 καὶ
3351 4136 3443 4190 τὸν
3471 4136 3580 4189 τῶν
3610 4135 3785 4206 ἁγίων

2199 4235 2378 4305 ἔργων
2398 4234 2738 4305 ἐπιστήμονα
2770 4232 2920 4286 λαόν.
2951 4230 3108 4285 Οὕτω
3141 4230 3240 4300 μὲν
3270 4225 3364 4284 οὖν
3393 4228 3669 4283 ἀνοιστέον
3691 4228 3787 4280 ἐπὶ

2198 4325 2433 4398 Χριστὸν
2460 4323 2530 4378 τὰ
2552 4324 2937 4394 ὠνομασμένα,
2968 4322 3050 4375 Τὰ
3088 4321 3145 4374 δέ
3167 4338 3231 4390 γε
3258 4322 3337 4382 εἰς
3373 4321 3565 4374 θυσίαν
3610 4336 3786 4391 σωτη-

2202 4416 2316 4488 ρίου
2334 4415 2736 4487 προσεκόμιζον
2759 4413 2923 4468 οίονεί
2953 4431 3071 4477 πως
3092 4406 3159 4466 αὖ
3187 4411 3303 4465 ἀνθ’
3321 4411 3531 4469 ἑαυτῶν
3560 4412 3607 4463 οἱ
3628 4410 3787 4480 ἡγούο

2202 4519 2376 4573 μενοι,
2416 4500 2801 4573 καθιεροῦντες
2826 4502 3027 4574 τρόπον
3053 4501 3174 4555 τινὰ
3200 4503 3267 4572 τῇ
3301 4501 3433 4572 ἁγίᾳ
3464 4503 3656 4570 σκηνῇ,
3689 4501 3785 4553 καὶ

2197 4595 2276 4656 εἰς
2315 4594 2491 4666 ὀσμὴν
2533 4594 2760 4657 εὐωδίας
2806 4593 3168 4666 ἀναφέροντες
3205 4593 3283 4664 τῷ
3333 4593 3471 4664 Θεῷ.
3509 4593 3785 4662 Δαμάλεις

2197 4682 2252 4736 δὲ
2279 4679 2420 4755 ἦσαν
2470 4684 2599 4748 δύο,
2635 4685 2783 4757 κριοὶ
2832 4686 3014 4748 πέντε,
3068 4685 3262 4756 τράγοι
3301 4684 3483 4742 πέντε.
3537 4685 3784 4755 ἀμνάδες

2198 4775 2380 4830 πέντε.
2414 4777 2524 4831 Καὶ
2551 4777 2750 4847 μόσχος
2787 4776 2906 4846 μὲν,
2947 4779 2976 4829 ὁ
3012 4777 3268 4847 Χριστὸς,
3303 4776 3565 4848 δαμάλεις
3606 4776 3664 4831 δὲ
3707 4774 3781 4832 αὖ

510 4862 775 4937 quinque,
795 4861 927 4932 'agni
963 4861 1229 4931 quinque.
1258 4859 1337 4914 Ac
1364 4860 1576 4914 vitulus
1602 4862 1824 4931 quidem
1840 4861 2095 4921 Christus

2200 4868 2377 4936 ἡμεῖς,
2415 4860 2506 4919 καὶ
2531 4866 2686 4934 λόγος
2706 4868 2735 4919 ό
2767 4865 2855 4919 ἐπ’
2887 4868 3113 4937 ἀμφοῖν,
3143 4868 3245 4921 οὐκ
3270 4866 3607 4937 ἀσύμφυλος,
3641 4868 3778 4938 ἀλη-

506 4961 614 5025 ρει,
652 4970 754 5010 nos
771 4955 1018 5010 vicissim
1037 4955 1252 5009 vitula:
1292 4953 1434 5007 ratio
1456 4953 1621 5008 etiam
1646 4954 1937 5027 utriusque
1980 4972 2091 5014 non

508 5054 597 5107 est
616 5046 818 5111 aliena,
846 5046 942 5101 sed
977 5060 1111 5100 vera
1154 5044 1342 5115 potius
1371 5054 1537 5115 atque
1570 5047 1892 5117 perspicua;
1941 5064 2090 5105 sem-

511 5152 608 5215 per
636 5137 785 5193 enim
813 5136 928 5199 fere
955 5150 1074 5191 mas
1098 5135 1407 5207 principem
1442 5137 1624 5192 locum
1647 5146 1819 5205 tenet,
1859 5148 1917 5196 et
1945 5141 2090 5212 apud

510 5229 923 5299 Deum‘honore
949 5227 1204 5298 acgloria
1246 5235 1491 5298 priestat,
1558 5244 1790 5301 eamque
1835 5248 1950 5289 rem
1990 5248 2092 5288 suo

511 5321 830 5388 testimonio
854 5326 1056 5374 natura
1109 5321 1456 5392 comprobat.
1519 5323 1751 5380 Inferior
1796 5335 1882 5383 est
1908 5336 2093 5383 autem

508 5411 734 5478 lemina,
792 5411 984 5482 illique
1036 5412 1303 5484 subjecta,
1368 5423 1425 5470 et
1476 5416 1721 5481 viribus,
1777 5428 1834 5474 et
1880 5420 2092 5477 honore

510 5503 802 5577 posterior,
824 5511 880 5558 et
909 5519 940 5559 a
968 5512 1120 5576 tergo
1146 5496 1576 5575 quodammodo'
1595 5523 1804 5564 marem
1831 5525 2085 5580 sequens.

509 5592 673 5665 306
694 5593 791 5648 Est
814 5594 999 5665 itaque
1024 5596 1164 5651 utin
1183 5612 1341 5652 mare
1379 5599 1557 5659 vitulo
1580 5598 1691 5653 dux
1722 5600 2085 5656 nosterChri-

2192 4958 2293 5038 θὴς
2349 4959 2407 5012 δὲ
2446 4956 2646 5029 μᾶλλον
2691 4959 2786 5012 καὶ
2834 4960 3088 5031 ἐναργήςο
3144 4959 3615 5031 ἡγεμονικώτατον
3669 4960 3778 5030 γὰρ

2192 5051 2281 5104 ἀεί
2302 5067 2417 5113 πως
2446 5049 2505 5103 τὸ
2543 5050 2710 5122 ἄρσεν
2739 5050 2877 5114 ἐστὶ,
2901 5052 2995 5105 καὶ
3018 5052 3231 5123 ὲνίτιμῇ
3263 5052 3359 5106 καὶ
3390 5050 3517 5124 δόξῃ
3543 5053 3610 5123 τῇ
3640 5068 3776 5105 παν-

2192 5142 2401 5213 αρίστῳ
2431 5142 2580 5212 παρὰ
2616 5140 2736 5212 Θεῷ
2755 5184 2770 5207 ,
2796 5144 2892 5197 καὶ
2923 5143 3137 5214 μάρτυς
3165 5146 3198 5214 ὴ
3229 5142 3410 5212 φύσις,
3434 5142 3775 5213 ὁμολογοῦσα

2191 5234 2253 5288 τὸ
2272 5233 2483 5305 χρῆμα.
2526 5235 2693 5288 Μείον
2727 5233 2783 5288 δὲ
2815 5235 2910 5288 καὶ
2948 5234 3366 5307 ὑπεστρωμένον
3394 5233 3454 5286 τὸ
3490 5232 3645 5304 θῆλυ,
3681 5234 3774 5288 καὶ

2189 5326 2354 5379 οἱονεὶ
2389 5325 2618 5379 κατόπιν
2653 5324 2729 5379 ἱὸν
2766 5325 2865 5396 τῆς
2896 5324 3141 5394 ἀρσένων
3169 5324 3341 5396 ἀλκῆς
3369 5340 3429 5377 τε
3465 5324 3559 5378 καὶ
3587 5323 3770 5395 δόξης.

2194 5416 2351 5471 Ἔστι
2372 5417 2435 5488 δὴ
2453 5413 2546 5472 οὖν
2575 5419 2633 5471 ὲν
2655 5418 2845 5488 ἄρσενι
2879 5416 3065 5487 μόσχῳ
3083 5458 3098 5484 ,
3125 5415 3447 5487 καθηγητὴς
3482 5416 3581 5486 μὲν
3615 5412 3774 5486 ἡμῶν

2185 5512 2217 5562 ὁ
2248 5510 2500 5581 Χριστὸς,
2528 5508 2911 5582 ὑπεζεύγμεθα
2938 5509 2997 5563 δὲ
3035 5508 3225 5579 ὥσπερ
3246 5509 3408 5579 ἡμεῖς
3437 5507 3530 5561 καὶ
3554 5509 3613 5560 ἐν
3641 5506 3775 5560 πολ-

2186 5601 2264 5673 λῷ
2300 5603 2471 5673 μείονι
2506 5602 2635 5674 παρ’
2668 5603 2829 5657 αὐτὸν
2862 5602 3002 5673 ἀλκῇ
3038 5618 3099 5655 τε
3121 5601 3217 5655 καὶ
3259 5600 3411 5672 δόξῃ,
3448 5601 3563 5666 καὶ,
3606 5599 3776 5667 ἀσύγ-

508 5692 648 5750 stus,
666 5700 768 5741 nos
780 5700 915 5742 vero
935 5687 1341 5776 quodammodo
1370 5690 1626 5761 subjecti,
1643 5701 1700 5748 et
1724 5692 1895 5749 multa
1920 5708 2086 5764 quam

2200 5711 2371 5766 ιριτον
2397 5696 2457 5750 τὸ
2497 5694 2851 5766 μεσολασοῶ.
2880 5695 2944 5749 Et
2972 5695 3080 5767 γὰρ
3107 5694 3416 5764 καὶσγέγονε
3442 5691 3566 5747 καθ’
3600 5694 3773 5765 ἡμᾶς,

581 5858 629 5909 θ’
656 5860 968 5931 Psal..n.rv,
1002 5862 1054 5919 8.
1133 5864 1179 5898 “
1207 5865 1412 5925 εἰει-ειη.
1444 5879 1524 5931 x1,
1561 5864 1650 5924 l9.
