4118 6446
372 448 479 507 ⁸7Ιὸ

1063 454 1154 511 DE
1190 449 1640 510 ADORATIONE
1680 451 1747 507 IN
1789 450 2061 509 SPIRITU
2103 452 2194 509 ET
2234 453 2609 511 VERITATE.
2652 487 2720 495 ——
2766 456 2895 513 LIB.
2937 453 3005 512 Χ.

3583 461 3689 517 7i-i

370 567 625 640 ὁμοειδὴς
658 568 769 641 γὰρ
794 567 874 641 τῷ
910 567 1100 641 μόσχῳ
1132 567 1390 640 δάμαλις,
1423 568 1539 623 ἀλλ’
1575 568 1633 620 ἐν
1657 566 1826 638 πολλῇ
1857 563 1975 618 λίαν

2087 566 2180 622 ille
2222 576 2339 622 tum
2380 568 2582 626 robore
2622 577 2737 626 tum
2771 572 2944 642 gloria
2983 569 3297 639 inferiores,
3334 573 3690 647 longissimo-

371 663 619 737 ὑπεροχῇ
642 664 711 719 τὰ
743 663 933 721 αὐτοῦ.
984 686 1003 718 ι
1045 666 1141 729 Τίς
1166 664 1277 738 γὰρ
1309 663 1715 737 ὁμοιωθήσεται
1749 661 1830 734 τῷ
1863 659 1985 733 Θεῷ

368 756 429 810 ἐν
462 759 597 821 υίοῖς
625 756 799 823 Θεοῦ;
834 777 854 810 ι
880 757 1006 813 καθ’
1034 759 1185 831 ἡμᾶς
1218 758 1329 832 γὰρ
1358 756 1496 829 ὁμοῦ
1537 756 1632 812 καὶ¹
1661 755 1804 829 ὑπὲρ
1832 755 1983 827 ἡμᾶς

364 851 398 903 ὁ
443 850 685 922 Χριστὸς
706 852 765 904 ὲν
795 852 1043 925 ὑπεροχῇ
1077 852 1354 924 θεότητος,
1388 853 1437 905 εί
1472 850 1569 906 καὶ
1594 849 1787 920 γέγονε
1822 849 1981 921 σάρξ.

365 941 474 996 Δύο
499 959 564 1012 γε
590 942 700 1016 μὴν
715 946 772 998 αί
791 944 1073 1016 δαμάλεις,
1094 946 1175 1009 είς
1197 943 1389 1010 τύπον,
1416 938 1572 1014 οἶμαί
1595 959 1722 1009 που,
1752 940 1861 996 τῶν
1888 940 1984 994 δύο

362 1035 550 1102 λαῶν,
596 1038 1128 1110 συνδεδραμηκότων
1170 1040 1251 1103 είς
1297 1038 1393 1092 ἕνα
1431 1036 1525 1090 τὸν
1589 1036 1684 1090 ἀπ’
1736 1035 1942 1106 ἀμφοῖν
1963 1074 1978 1099 ,

366 1130 716 1204 συνείροντος
744 1133 827 1198 είς
843 1132 1078 1205 ἑνότητα
1102 1132 1203 1205 τὴν
1226 1130 1609 1203 πνευματικὴν
1624 1128 1713 1184 διὰ
1742 1127 1982 1192 πίστεως

363 1222 461 1277 τοῦ
499 1222 568 1277 δι’
609 1225 760 1296 ἡμᾶς
783 1243 843 1279 τε
872 1225 969 1279 καὶ
997 1227 1118 1296 μεθ’
1153 1225 1333 1297 ἡμῶν.
1367 1225 1531 1296 Κριοὶ
1564 1223 1623 1278 δὲ
1663 1223 1831 1277 πάλιν
1885 1221 1982 1276 καὶ

361 1317 532 1388 ἀμνοὶ
569 1318 874 1391 ίσάριθμοι,
898 1318 1129 1391 χίμαροί
1165 1336 1228 1373 τε
1248 1319 1348 1391 οὐχ
1380 1319 1599 1389 ἥττους,
1630 1316 1742 1370 τῶν
1758 1332 1981 1370 πιστευ-

361 1408 539 1463 όντων
579 1408 793 1482 πληθὺν
826 1410 1293 1484 ὑπεμφαίνοντες,
1344 1410 1446 1481 τὴν
1506 1408 1584 1474 ὡς
1625 1409 1684 1463 ὲν
1717 1407 1977 1481 πέμπτῳ,

363 1502 535 1574 φημὶ,
570 1504 1045 1577 συνενηνεγμένην
1064 1502 1266 1575 καιρῷ,
1290 1501 1416 1557 καθ’
1445 1500 1505 1556 ὃν
1530 1503 1562 1575 ή
1595 1500 1859 1573 ἐπιδημία
1882 1500 1979 1554 τοῦ

361 1594 642 1664 λέγοντος,
675 1614 695 1647 ι
737 1597 908 1651 Ὅταν
926 1596 1132 1668 ὑψωθῶ
1160 1598 1227 1652 ὲκ
1251 1596 1347 1668 τῆς
1367 1596 1492 1668 γῆς,
1524 1596 1735 1661 πάντας
1764 1594 1980 1649 ἑλκύσω

365 1687 508 1758 πρὸς
555 1688 815 1760 ἐμαυτόν.
869 1709 888 1741 ι
927 1689 1273 1761 Σημαίνεται
1308 1687 1367 1742 δὲ
1391 1688 1501 1742 τῶν
1528 1686 1979 1742 πεπιστευκότων

362 1778 457 1834 δια
486 1780 588 1853 μὲν
627 1780 739 1836 τῶν
772 1780 946 1854 κριῶν
978 1782 1040 1836 τὸ
1086 1781 1165 1847 ὡς
1190 1782 1250 1836 ὲν
1285 1782 1548 1856 φρονήσει
1600 1778 1808 1834 τέλειον
1832 1821 1848 1845 ,
1885 1779 1978 1834 καὶ

362 1875 467 1946 τῆς
489 1877 688 1948 νοητῆς
717 1874 960 1948 ἡλικίας,
1002 1874 1166 1947 δῆλον
1198 1875 1256 1929 δὲ
1288 1876 1373 1930 ὅτι
1411 1874 1516 1946 τῆς
1560 1867 1618 1929 ὲν
1645 1872 1888 1945 Χριστῷ,
1916 1872 1978 1927 τὺ

2088 674 2195 730 que
2216 659 2509 717 intervallo
2540 661 2839 735 disjuucti:
2877 680 3008 720 nam
3038 664 3146 722 etsi
3170 666 3351 722 nostri
3374 667 3575 725 similis
3603 670 3691 727 fa-

2087 762 2212 811 ctus
2270 762 2358 810 est
2415 754 2634 827 (eadem
2678 759 2886 829 quippe
2934 758 3121 830 specie
3167 768 3299 817 sunt
3348 760 3559 819 vitulus
3624 779 3691 821 ac

2085 846 2307 921 vitula),
2335 848 2434 905 sed
2461 857 2669 917 tamen,
2707 867 2831 923 quae
2875 852 2947 908 ad
2995 869 3126 909 eum
3173 855 3479 926 pertinent,
3527 857 3692 930 longe

2086 950 2217 997 sunt
2246 942 2667 999 excellentiora.
2722 963 2741 996 ι
2770 943 2906 1011 Quis
2936 946 3430 1018 enim‘aequabitur
3461 950 3577 1005 Deo
3629 951 3691 1007 in

2084 1034 2217 1090 filiis
2241 1034 2341 1091 Dei
2370 1036 2452 1090 "‘2
2478 1056 2496 1088 ›
2536 1036 2713 1093 Simul
2748 1040 2899 1093 enim
2927 1048 2986 1095 et
3016 1041 3326 1096 secundum
3351 1056 3474 1108 nos,
3511 1049 3569 1098 et
3592 1058 3688 1099 su-

2082 1143 2185 1200 pra
2209 1144 2314 1185 nos
2366 1128 2627 1187 Christus
2665 1141 2788 1198 est;
2834 1147 2900 1188 ac
2956 1134 3334 1203 prmstantiam
3377 1135 3691 1194 divinitatis

2085 1219 2309 1286 retinet,
2332 1221 2470 1277 licet
2492 1221 2566 1277 sit
2594 1238 2724 1278 caro
2748 1222 2947 1279 factus.
2971 1222 3246 1280 Craterum
3271 1226 3396 1284 duae
3440 1238 3572 1284 sunt
3600 1229 3688 1284 vi-

2082 1311 2214 1368 tula;
2265 1312 2325 1368 in
2390 1312 2648 1386 ﬁguram,
2684 1323 2747 1371 ut
2781 1316 3002 1387 opinor,
3034 1316 3273 1374 duorum
3322 1321 3684 1391 populorum,

2083 1406 2180 1477 qui
2241 1421 2345 1462 suo
2403 1422 2685 1464 concursu
2749 1423 2924 1463 unum
2989 1407 3240 1465 efliciunt
3294 1412 3563 1482 populum
3617 1428 3687 1469 ex

2084 1506 2324 1571 utroque
2365 1498 2689 1567 conﬂatum,
2736 1516 2863 1557 cum
2905 1516 3004 1558 eos
3053 1502 3111 1558 in
3147 1503 3415 1561 unitatem
3456 1505 3690 1576 spiritus

2081 1608 2183 1663 per
2210 1592 2374 1649 fidem
2409 1593 2503 1650 ille
2544 1602 2807 1651 conserat
2832 1595 3009 1668 Iatque
3063 1599 3527 1677 connectattqui
3560 1614 3692 1670 pro—

2083 1693 2206 1755 pter
2225 1701 2328 1742 nos
2342 1696 2509 1758 atque
2534 1687 2684 1745 inter
2703 1705 2807 1745 nos
2826 1698 2914 1746 est
2942 1690 3141 1748 factus.
3173 1691 3397 1749 Arietes
3416 1702 3685 1765 praetcrea

2084 1786 2143 1833 et
2171 1779 2298 1850 agni
2332 1780 2585 1848 totidem,
2611 1782 2755 1838 hirci
2783 1798 3006 1855 quoque
3023 1784 3175 1841 haud
3192 1786 3509 1858 pauciores,
3537 1787 3687 1844 mul-

2083 1872 2384 1930 titudinem
2410 1875 2761 1933 credentium
2804 1876 3079 1944 indicant,
3129 1894 3253 1951 quas
3283 1881 3482 1952 quinto
3526 1882 3686 1954 quasi

361 1969 577 2041 ἀρτίως
609 1946 756 2040 ἔχον,
782 1969 872 2024 διὰ
893 1970 950 2025 δὲ
982 1946 1096 2023 τῶν
1124 1969 1317 2041 ἁμνῶν
1342 1969 1404 2022 τὸ
1433 1967 1510 2033 ὡς
1536 1970 1594 2021 ἐν
1627 1965 1895 2037 ἁπλότητι
1918 1983 1975 2020 τε

2084 1973 2335 2039 tempore
2390 1969 2686 2043 contingit,
2722 1985 2835 2042 quo
2870 1946 3265 2043 tempore—ille
3300 1946 3560 2041 advenit,
3588 1974 3688 2047 qui

364 2064 466 2119 καὶ
506 2063 736 2136 ἀκακία⁸
761 2084 780 2117 ‹
810 2064 905 2136 Μὴ
936 2083 955 2116 ι
982 2064 1093 2137 γὰρ
1123 2062 1207 2136 δὴ,
1241 2064 1432 2136 φησὶν,
1460 2060 1763 2134 σξὰδελφοὶ,
1784 2059 1976 2117 παιδία

362 2156 588 2227 γίνεσθε
611 2159 733 2222 ταῖς
772 2159 992 2230 φρεσὶν,
1025 2156 1165 2211 ἀλλὰ
1198 2157 1266 2229 τῆ
1289 2155 1460 2228 κακίᾳ
1495 2153 1820 2227 νηπιάζετε,
1854 2154 1978 2218 ταῖς

358 2250 422 2305 δὲ
461 2251 627 2322 φρεσὶ
673 2250 873 2305 τέλειοι
912 2249 1156 2320 γίνεσθε·
1198 2269 1218 2302 ›
1258 2249 1348 2304 διὰ
1390 2248 1449 2303 δὲ
1488 2247 1599 2303 τῶν
1629 2247 1773 2321 ὑπὲρ
1804 2247 1982 2319 ἁμαρο

358 2345 490 2410 τίας
528 2345 805 2418 χιμάρων,
827 2345 887 2399 τὸ
922 2345 1010 2400 ἀεὶ
1038 2345 1250 2400 δεῖσθαι
1279 2343 1632 2418 καθαρισμοῦ
1675 2344 1771 2397 καὶ
1798 2342 1983 2415 πλημ-

363 2436 703 2508 μελημάτων
735 2436 1009 2506 ἀφέσεως.
1036 2437 1330 2509 Τοιγάρτοι
1370 2437 1467 2492 καὶ
1486 2433 1853 2507 δεδιδάγμεθα
1888 2434 1978 2489 λέ-

359 2545 486 2597 γειν
535 2530 594 2582 ὲν
646 2532 1009 2601 προσευχαῖς·
1049 2550 1067 2581 ί
1116 2531 1288 2600 Ἀφες
1311 2531 1445 2602 ἡμῖν
1480 2529 1550 2584 τὰ
1585 2526 1975 2601 παραπτώμα-

358 2636 454 2674 τα.
496 2639 515 2672 ι
545 2620 618 2674 Οὐ
655 2619 768 2691 γάρ
809 2621 929 2674 ἐστι
972 2618 1205 2692 καιρὸς,
1238 2620 1328 2673 ὅτε
1371 2618 1446 2691 μὴ
1492 2618 1623 2692 βοᾷν
1673 2620 1973 2688 ἀναγκαῖον

358 2714 476 2777 τοῖς
507 2712 585 2776 ὡς
619 2711 838 2784 ἀληθῶς
870 2711 1189 2785 ἀρτίφροσι,
1217 2712 1313 2766 καὶ
1338 2713 1440 2785 τῆς
1469 2709 1824 2783 ἀνθρωπείας
1854 2709 1927 2781 φύ
1947 2740 1974 2751 -

361 2822 509 2871 σεως
532 2806 699 2861 εἰδόσι
719 2807 781 2861 τὸ
822 2807 1041 2872 ἄναλκι,
1067 2805 1185 2874 καὶ,
1222 2823 1241 2859 ι
1272 2803 1713 2879 Παραπτώματα
1744 2801 1829 2869 τίς
1852 2819 1983 2858 συν-

359 2899 524 2969 ήσει;
555 2919 573 2952 ι
601 2898 719 2967 καὶ,
766 2919 785 2953 ι
830 2900 926 2954 Ἐκ
945 2899 1056 2955 τῶν
1080 2898 1333 2972 κρυφίων
1369 2916 1470 2971 μου
1497 2896 1798 2971 καθάρισον
1830 2916 1921 2973 με.
1957 2917 1978 2952 ι

360 2990 540 3046 Τοῦτο
586 2990 751 3046 θυσία
808 2991 1198 3063 πνευματικὴ,
1248 2990 1528 3063 σωτηρίας
1578 3008 1640 3045 τε
1699 2993 1831 3067 πέρι
1872 2992 1983 3048 τῶν

358 3085 653 3159 ἡμετέρων
685 3084 876 3157 ψυχῶν
909 3082 1283 3149 εὐωδιάζουσα
1311 3082 1391 3155 τῷ
1414 3081 1558 3154 Θεῷ.

2080 2059 2262 2115 dixit:
2312 2080 2330 2112 ι
2360 2060 2502 2117 Cum
2551 2063 2829 2120 exaltatus
2854 2063 3015 2120 fuero
3046 2080 3079 2119 a
3125 2072 3292 2140 terra,
3326 2081 3524 2123 omnes
3567 2075 3686 2122 tra-

2078 2154 2205 2210 ham
2244 2153 2314 2209 ad
2348 2168 2438 2210 me
2472 2154 2655 2227 ipsum
2677 2156 2746 2211 ".
2773 2174 2791 2208 ι
2848 2156 2955 2212 Per
2981 2156 3186 2213 arietes
3222 2166 3409 2214 autem
3469 2158 3687 2231 signiﬁ-

2079 2255 2238 2303 catur
2273 2247 2622 2304 credentium
2654 2248 2970 2319 prudentiae
3002 2249 3295 2321 perfectio,
3317 2259 3376 2306 et
3414 2250 3685 2323 spiritua-

2079 2340 2150 2397 lis
2177 2341 2380 2407 aetatis,
2401 2340 2555 2398 illius
2586 2341 2855 2397 nimirum
2895 2357 3005 2413 qua
3031 2341 3087 2397 in
3106 2342 3331 2399 Christo
3354 2343 3682 2410 crescimus,

2080 2436 2395 2503 absolutio,
2443 2451 2545 2507 per
2573 2451 2744 2508 agnos
2792 2451 2930 2491 vero
2968 2436 3297 2507 simplicitas
3329 2446 3387 2491 et
3414 2437 3686 2494 innocen-

2084 2526 2204 2581 tia:
2245 2525 2466 2583 «Nolite
2494 2545 2513 2579 ι
2553 2526 2726 2592 enim,
2771 2526 2975 2598 inquit,
3018 2526 3289 2593 «fratres,
3326 2528 3482 2599 pueri
3541 2527 3686 2585 effici

2082 2616 2360 2683 sensibus,
2390 2616 2487 2673 sed
2517 2617 2728 2673 malitia
2766 2617 2986 2689 parvuli
3031 2626 3231 2684 estote,
3271 2620 3532 2676 sensibus
3583 2636 3686 2675 au-

2082 2717 2193 2765 tem
2248 2708 2481 2781 perfecti
2531 2718 2713 2769 estote
2739 2711 2787 2744 ¹⁵³
2810 2730 2830 2765 ι
2874 2729 2887 2766 :
2919 2727 3021 2783 per
3054 2712 3244 2770 hircos
3302 2713 3545 2785 denique
3584 2730 3687 2786 pro

2080 2812 2334 2878 peccato,
2364 2821 2588 2877 semper
2611 2820 2715 2863 nos
2746 2805 3065 2877 expiatione
3091 2821 3158 2862 ac
3184 2806 3513 2864 remissione
3552 2822 3686 2879 pec-

2081 2907 2335 2955 catorum
2370 2914 2511 2970 opus
2541 2899 2772 2956 habere.
2819 2900 3014 2971 Itaque
3030 2900 3217 2957 edocti
3240 2916 3434 2958 sumus
3458 2901 3515 2956 in
3555 2915 3686 2957 ora-

2083 2993 2335 3049 tionibus
2355 2992 2577 3048 dicere:
2613 3011 2632 3044 (
2655 2992 2883 3049 Dimitte
2902 2992 3067 3049 nobis
3087 2992 3277 3049 debita
3307 2993 3373 3048 “.
3408 3013 3426 3046 ι
3457 2992 3683 3048 Nullum

2080 3086 2236 3143 enim
2275 3094 2493 3157 tempus
2521 3093 2626 3151 est,
2673 3100 2786 3157 quo
2823 3100 2937 3141 non
2988 3086 3059 3142 iis
3091 3093 3266 3152 certe,
3307 3086 3404 3158 qui
3437 3086 3685 3158 perfecta

356 3189 496 3237 sunt
560 3179 861 3253 prudentia
925 3179 1295 3249 humanaeque
1363 3176 1762 3234 imbecillitatis
1820 3177 1968 3235 haud
2023 3174 2221 3248 ignari,
2271 3177 2515 3234 clamare
2552 3191 2780 3233 necesse
2837 3178 2942 3234 sit:
2981 3198 3000 3231 ι
3036 3178 3249 3235 Delicta
3297 3179 3426 3251 quis
3472 3179 3685 3235 intelli-

354 3275 480 3348 git?
506 3294 524 3326 ι
566 3282 643 3341 et,
693 3293 712 3325 ι
742 3273 826 3330 Ab
864 3272 1101 3330 occultis
1130 3271 1271 3327 meis
1308 3271 1514 3329 munda
1548 3287 1638 3329 me
1670 3273 1737 3326 ⁸⁸.
1779 3291 1797 3325 ι
1832 3273 1960 3330 Haec
1998 3281 2084 3330 est
2115 3272 2423 3346 spiritualis
2472 3273 2675 3341 hostia,
2736 3283 2793 3332 et
2829 3291 2952 3347 quae
2991 3290 3094 3348 pro
3154 3275 3333 3333 salute
3360 3284 3683 3334 nostrarum

356 3372 675 3428 animarum
706 3367 822 3425 Deo
848 3367 908 3422 in
944 3365 1176 3423 odorem
1199 3363 1496 3421 suavitatis
1520 3363 1774 3422 offertur.

434 3474 644 3528 IIAAA.
681 3468 931 3541 Ἀληθές.

432 3565 604 3621 ΚΥΡ.
640 3562 880 3636 Χριστὸν
914 3555 1008 3616 οὗν
1037 3559 1197 3631 ἔφην,
1247 3558 1322 3625 ὡς
1357 3559 1413 3613 ἓν
1449 3577 1513 3630 γε
1548 3558 1628 3630 τῷ
1667 3557 1854 3632 μόσχῳ
1880 3558 1976 3614 καὶ

353 3662 477 3724 τοῖς
507 3650 707 3730 κριοῖς,
741 3655 937 3728 ἀμνιῖς
966 3673 1025 3710 τε
1057 3655 1154 3709 καὶ
1193 3653 1446 3727 τράγοις,
1493 3654 1587 3708 καὶ
1624 3656 1740 3719 τοῖς
1767 3653 1976 3727 ἑτέροις

354 3748 914 3824 κατασημαίνεσθαι,
963 3747 1059 3803 καὶ
1115 3747 1468 3819 ἀφαμαρτεῖν
1524 3746 1621 3801 τοῦ
1669 3746 1977 3819 πρέποντος

353 3846 607 3920 οἰηθείην
633 3843 700 3899 ἂν
725 3841 843 3897 οὔτι
877 3858 979 3896 που
1022 3840 1114 3895 τὸν
1158 3840 1252 3894 ἐπὶ
1291 3838 1426 3911 τῷδε
1484 3839 1664 3911 λόγον.
1709 3841 1773 3894 Et
1819 3838 1876 3894 δὲ
1906 3839 1972 3912 δή

351 3958 447 4004 τις
494 3938 673 3994 ἕλοιτο
726 3937 822 3992 καὶ
860 3937 949 4006 ἐφ’
1003 3935 1153 4007 ἡμᾶς
1199 3933 1402 3998 αὐτοὺς
1458 3935 1560 4007 τὴν
1612 3933 1719 3990 τῶν
1752 3933 1974 3988 ἐννοιῶν

355 4031 735 4108 μετακομίσαι
750 4030 1004 4101 δύναμιν,
1032 4028 1095 4083 τὸ
1122 4026 1331 4083 λυποῦν
1355 4028 1532 4094 οὐδὲν,
1564 4028 1823 4100 τοιαύτην
1850 4027 1974 4083 τινὰ

351 4127 599 4202 θεωρίαν
629 4128 744 4189 τοῖς
769 4121 1156 4196 προκειμένοις
1191 4123 1532 4191 ἐπενεγκεῖν.

429 4220 647 4277 ΠΑΛΛ.
691 4216 917 4273 Ὀποίαν
941 4215 1008 4288 δὴ
1043 4214 1191 4288 φῄςς

427 4316 599 4373 ΚΥΡ.
634 4310 1110 4386 Προσεκομίζοντο
1140 4308 1285 4365 κατὰ
1320 4308 1413 4364 τὸν
1438 4309 1603 4382 νόμον
1643 4308 1798 4383 παρὰ
1839 4325 1974 4363 παν-

345 4411 449 4476 τὸς
476 4410 700 4483 Ἰσραὴλ
733 4408 806 4464 τὰ
847 4406 970 4480 ἱερὰ
1017 4405 1256 4479 θύματα.
1293 4407 1625 4478 Πῳσεχείτο
1658 4404 1716 4459 δὲ
1744 4404 1819 4477 τῷ
1840 4402 1973 4475 Θείῳ

346 4503 738 4577 θυσιαστηρίῳ
766 4501 879 4555 τῶν
903 4498 1264 4571 σφαζομένων
1284 4499 1345 4552 τὸ
1376 4492 1537 4569 αἷμα,
1561 4497 1848 4570 μονονουχὶ
1874 4513 1973 4550 κα-

343 4598 734 4670 ταγράφοντος
763 4594 840 4659 ὡς
880 4595 938 4647 ὲν
969 4592 1099 4663 σκιᾷ
1131 4590 1226 4646 τοῦ
1257 4590 1567 4664 δρωμένου,
1599 4589 1698 4644 καὶ
1725 4586 1975 4657 πλαγίως

344 4693 491 4763 ἡμῖν
530 4687 996 4761 ύπεμφαίνοντος,
1037 4686 1123 4739 ὅτι
1150 4683 1271 4756 Θεῴ
1302 4682 1382 4755 τῷ
1432 4683 1577 4754 ἁγίῳ
1616 4681 1718 4746 τὰς
1760 4679 1972 4736 ἑαυτῶν

344 4781 515 4856 ἡμῶν
546 4778 842 4851 καθιεροῦν
872 4778 1142 4850 προσήκει
1161 4775 1365 4848 ψυχάς.

424 4872 642 4929 ΠΑΛΛ.
691 4866 768 4925 Εὖ
798 4870 954 4939 ἔφης.

425 4965 593 5021 ΚΥΡ.
633 4960 846 5018 Οὐκοῦν
874 4961 991 5015 ἀνθ’
1021 4957 1180 5031 ἡμῶν
1209 4958 1304 5013 καὶ
1329 4956 1470 5031 ὑπὲρ
1488 4955 1646 5029 ἡμῶν
1681 4953 1755 5009 τὰ
1778 4952 1967 5025 θύμα--

339 5079 441 5126 τοι,
460 5058 558 5112 καί
580 5056 744 5129 ἡμεῖς
774 5055 944 5125 ἐσμεν
970 5052 1029 5106 ὲν
1066 5051 1253 5117 αὐτοῖς
1286 5052 1337 5106 οἱ
1370 5051 1514 5105 κατὰ
1543 5047 1715 5103 τύπον
1746 5051 1961 5118 ἱερουρ·

337 5153 447 5225 γού
456 5168 632 5224 μενοι.
926 5166 935 5169 “

420 5245 640 5300 IIAAA.
693 5240 942 5312 Ἀληθές.

422 5339 593 5394 ΚΥΡ.
628 5337 771 5408 Φέρε
799 5334 866 5406 δὴ
896 5328 991 5388 οὖν
1045 5327 1633 5403 πολυπραγμονοῦντες
1679 5325 1859 5401 ὀρθῶς
1894 5324 1964 5383 τὰ

338 5432 424 5498 ὼς
441 5430 597 5502 παρὰ
614 5429 835 5484 πάντων
867 5421 1401 5496 προσκεκομισμένα
1430 5419 1521 5475 διὰ
1547 5419 1649 5492 τῆς
1669 5418 1780 5474 τῶν
1798 5420 1961 5489 ἡγου-

343 5527 532 5601 μένων
568 5522 777 5594 χειρὸς,
805 5519 907 5590 τῆς
955 5521 1013 5574 ὲν
1062 5514 1340 5587 πνεύματι
1383 5511 1621 5584 θεωρίας
1664 5511 1726 5568 τὸ
1758 5510 1959 5576 κάλλος

341 5618 839 5691 περιαθρήσωμεν.
879 5608 991 5667 *Ην
1041 5604 1137 5664 οὖν
1204 5607 1318 5681 ἄρα
1363 5606 1434 5662 τὰ
1471 5604 1961 5679 προσενηνεγμινα

338 5715 404 5768 ιν
428 5711 695 5782 ἀργυροῖς
722 5704 969 5769 σκεύεσι,
992 5700 1257 5773 τρυϐλίῳ,
1294 5700 1462 5772 φημὶ,
1505 5699 1602 5755 καὶ
1638 5698 1827 5771 φιάλη,
1868 5713 1959 5751 σε-

341 5805 568 5873 μίδαλις
597 5799 979 5873 ἰλαιοσρεχής.
1021 5795 1304 5866 Σύμϐολον
1348 5793 1405 5848 δὲ
1433 5794 1823 5872 λαμπρότητος
1860 5792 1959 5864 μὶν

2006 3475 2050 3534 C
2154 3470 2354 3527 PALL.
2381 3470 2463 3526 Ita
2490 3477 2595 3526 est.

2142 3562 2303 3620 CYR.
2330 3562 2617 3621 Christum
2660 3560 2830 3633 igitur
2856 3559 2972 3616 dixi
3007 3559 3065 3616 in
3101 3556 3279 3616 vitulo
3306 3567 3364 3615 et
3383 3559 3680 3627 arietibus,

2078 3656 2236 3729 agnis
2261 3671 2484 3728 quoque
2513 3665 2570 3713 et
2607 3655 2783 3712 hircis
2812 3653 3143 3725 caaterisque
3181 3651 3564 3710 animantibus
3603 3653 3684 3709 si-

2076 3748 2369 3823 gniﬁcari:
2409 3765 2595 3822 neque
2626 3764 2762 3806 vero
2803 3762 2987 3805 meam
3015 3747 3121 3803 hac
3164 3746 3234 3803 de
3274 3762 3337 3803 re
3375 3745 3685 3820 expositio-

2074 3860 2204 3901 nem
2230 3844 2474 3901 arbitror
2491 3844 2561 3900 ab
2582 3858 2651 3900 eo
2673 3843 2822 3916 quod
2841 3851 3057 3898 rectum
3083 3841 3156 3897 sit
3193 3841 3519 3897 abhorrere.
3549 3840 3681 3907 Sed,

2075 3938 2119 3995 si
2150 3940 2280 4012 quis
2302 3939 2437 3995 velit
2459 3937 2529 3993 ad
2553 3952 2657 3994 nos
2683 3937 2836 4009 ipsos
2862 3950 3088 4008 quoque
3117 3934 3525 3990 sententiarum
3566 3933 3680 3988 vim

2075 4031 2403 4097 transferre,
2443 4029 2584 4085 nihil
2624 4027 2889 4099 prohibet
2912 4024 3189 4099 ejusmodi
3242 4025 3564 4096 quampiam
3593 4040 3682 4080 re-

2073 4119 2355 4187 conditam
2385 4117 2811 4189 intelligentiam
2833 4115 3135 4188 propositis
3164 4114 3334 4171 rebus
3353 4115 3679 4188 adiungere.

2145 4213 2347 4269 PALL.
2380 4211 2708 4284 Cuiusmodi
2740 4210 3004 4267 tandem?

2138 4305 2300 4363 CYR.
2361 4303 2779 4371 Offerebantur,
2835 4311 2899 4359 ut
2940 4303 3031 4359 lex
3067 4302 3461 4368 constituerat,
3510 4318 3681 4361 sacrm

2070 4396 2315 4454 victimae
2349 4396 2419 4452 ab
2444 4396 2712 4452 universo
2762 4393 2987 4451 Isra‘elis
3020 4394 3250 4466 populo.
3277 4393 3443 4467 367
3476 4392 3585 4451 Sed
3607 4395 3677 4451 ad

2072 4491 2248 4546 altare
2300 4487 2640 4545 fundebatur
2682 4501 2957 4544 caesorum
2995 4485 3364 4542 animantium
3412 4485 3676 4558 sanguis:

2073 4584 2131 4639 in
2163 4598 2276 4655 quo
2298 4597 2389 4640 res
2413 4582 2533 4655 ipsa
2550 4589 2705 4655 gesta
2724 4580 2891 4638 nobis
2911 4589 3177 4653 tanquam
3202 4580 3262 4636 in
3280 4579 3482 4639 umbra
3505 4596 3679 4653 prope

2071 4675 2373 4749 descripsit
2402 4683 2460 4732 et
2489 4674 2719 4747 oblique
2747 4673 3102 4747 significavit,
3134 4672 3270 4741 Deo,
3305 4673 3402 4746 qui
3454 4682 3681 4731 sanctus

2069 4779 2179 4838 est,
2214 4778 2436 4826 nostras
2464 4770 2680 4825 animas
2708 4783 2813 4825 nos
2841 4781 3172 4824 consecrare
3202 4766 3430 4823 debere.

1992 4845 2038 4902 Ῑ)
2137 4864 2338 4921 PALL.
2373 4864 2543 4920 Recte
2569 4862 2669 4918 ais.

2138 4956 2300 5013 CYR.
2354 4956 2557 5012 Nostro
2596 4955 2768 5029 igitur
2814 4953 2939 5011 loco
2970 4968 3036 5010 ac
3076 4968 3179 5025 pro
3224 4950 3389 5008 nobis
3436 4948 3677 5006 victima:

2066 5049 2403 5117 oﬂ‘eruntur,
2440 5064 2654 5120 nosque
2678 5049 2736 5104 in
2774 5047 2885 5103 illis
2920 5045 3101 5119 typiee
3125 5043 3522 5101 sacrificamur.

2134 5234 2338 5292 PALL.
2368 5234 2448 5290 Ita
2483 5243 2589 5290 est.

2134 5324 2295 5382 CYR.
2325 5323 2439 5396 Age
2463 5338 2616 5395 ergo,
2643 5320 2939 5393 diligenter
2973 5317 3357 5375 examinemus
3398 5334 3523 5392 qua:
3547 5329 3673 5380 tan-

2058 5435 2225 5492 quam
2265 5418 2336 5474 ab
2375 5417 2528 5473 omni
2573 5411 2935 5470 multitudine
2971 5426 3072 5484 per
3104 5424 3309 5469 manus
3350 5413 3670 5488 principum

2057 5511 2244 5568 oblata
2276 5517 2427 5576 sunt,
2456 5523 2522 5564 ac
2550 5505 2861 5579 spiritualis
2896 5504 3384 5578 contemplationis
3413 5508 3669 5580 pulchri-

2060 5604 2309 5661 tudinem
2352 5600 2890 5673 circumspiciamus.
2949 5598 3242 5671 Argenteis
3292 5599 3462 5673 igitur
3497 5601 3666 5666 vasis,

2059 5696 2266 5763 catino,
2317 5696 2566 5768 inquam,
2607 5709 2672 5749 ac
2700 5692 2908 5765 phiala,
2959 5692 3141 5748 simila
3179 5692 3363 5749 oblata
3411 5702 3496 5750 est
3540 5694 3667 5750 oleo

2059 5790 2408 5847 madefacta:
2436 5796 2520 5845 est
2551 5796 2736 5844 autem
2757 5794 3046 5860 argentum
3077 5787 3389 5858 splendoris
3422 5793 3573 5853 nota,
3605 5795 3666 5841 ut

460 5996 503 6028 "
527 5989 674 6049 Psal.
700 6004 955 6052 eum",
983 5985 1037 6040 7.
1114 5961 1320 6043 "'Joan
1375 5978 1588 6051 111,39.
1671 5982 1713 6017 ³³
1745 5982 1766 6041 I
1793 5980 1920 6040 Cor.
1948 5998 2060 6053 xxv,
2088 5980 2177 6037 ‘20.
2258 5981 2301 6015 "
2332 5979 2522 6038 Matth.
2559 5996 2632 6048 vr,
2674 5979 2756 6033 I2.
2835 5981 2880 6013 ⁸⁵
2913 5978 3033 6035 PsaI
3097 5991 3247 6036 an.
3286 5974 3374 6028 15.

677 6084 952 6145 ΡΑτιιοι..
998 6081 1114 6143 Gn.
1166 6077 1405 6141 LXVIII

3260 6064 3334 6126 23
