4118 6430
472 457 577 514 715

1501 455 1554 512 S.
1599 455 1875 512 CYRILLI
1915 454 2386 514 ALEXANDRINI
2425 457 2741 516 ARCHIEP.

3652 425 3751 514 τιό

472 575 652 629 simila
675 576 829 638 vitae,
865 571 1067 642 quippe
1107 585 1232 626 cum
1267 585 1336 625 ex
1383 569 1474 624 illa
1502 572 1660 642 panis
1685 574 1934 638 exsistat,
1962 573 2056 643 qui

2178 575 2190 626 ἃ
2235 573 2501 644 ἄργυρος,
2530 573 2676 645 ζωῆς
2721 573 2777 629 δὲ
2809 577 2843 646 ἡ
2903 571 3202 644 σεμίδαλις,
3227 571 3304 638 ὡς
3338 574 3502 646 ἄρτου
3540 573 3753 641 γένεσις

471 669 639 722 vitam
671 672 996 728 conservat;
1023 662 1207 717 oleum
1239 660 1478 732 denique
1515 662 1734 734 signum
1765 671 1850 718 est
1873 663 2063 719 hilari-

471 760 620 815 tatis.
656 757 932 813 Olferatur
954 757 1136 826 itaque
1167 771 1197 810 a
1222 753 1383 810 nobis
1413 753 1546 824 ipsis
1569 770 1791 825 quoque
1810 754 1942 822 Deo,
1968 757 2064 827 qui

472 861 558 907 est
599 866 765 924 super
805 849 1010 914 omnia,
1056 849 1112 903 in
1163 847 1455 919 splendore
1502 847 1629 902 vitae
1668 847 1919 903 hilaritas
1969 864 2066 918 per

473 960 624 1014 spem
648 958 769 1013 quae
800 942 853 996 in
873 941 1095 997 Christo
1115 949 1199 996 est
1225 958 1237 993 :
1275 960 1293 990 ι
1323 939 1430 1010 Spe
1450 939 1596 994 enim
1623 940 2008 1012 gaudentes“,
2039 959 2057 994 ›

473 1037 672 1107 inquit.
704 1036 807 1103 Qui
841 1035 988 1090 enim
1016 1034 1136 1089 fieri
1173 1042 1375 1104 potest,
1404 1040 1466 1088 ut
1495 1049 1606 1087 non
1635 1049 1847 1088 summa
1876 1034 2064 1089 laetitia

473 1128 620 1198 pleni
679 1129 818 1192 sint,
876 1128 970 1198 qui
1022 1142 1196 1198 genus
1241 1127 1368 1182 vitae
1417 1133 1581 1196 atque
1631 1127 2067 1182 conversationis

473 1219 826 1290 splendidum
851 1217 1144 1289 diligenter
1171 1217 1535 1282 excoluerint,
1569 1224 1624 1272 et
1649 1215 1950 1272 Salvatoris
1969 1233 2066 1271 no-

473 1313 573 1369 stri
626 1312 882 1367 mandata
933 1309 1328 1366 custodierint?
1384 1309 1587 1379 quibus
1630 1307 1859 1362 omnino
1921 1308 2066 1378 apud

472 1407 647 1462 Deum
685 1404 924 1476 reposita
964 1412 1049 1458 est
1081 1401 1202 1474 ejus
1233 1401 1406 1473 ipsius
1456 1400 1644 1471 gloria:
1694 1399 2064 1470 participatio.

481 1519 498 1550 ε
533 1497 733 1552 Mortui
763 1497 910 1551 enim
942 1496 1094 1560 estis,
1129 1514 1147 1546 ι
1189 1493 1388 1564 inquit,
1435 1511 1452 1543 ι
1489 1500 1545 1546 et
1583 1492 1696 1547 vita
1719 1500 1902 1547 vestra
1939 1491 2065 1545 abs-

472 1590 694 1645 condita
725 1599 810 1643 est
846 1603 973 1644 cum
1006 1587 1228 1643 Christo
1253 1585 1309 1640 in
1332 1586 1463 1640 Deo.
1505 1584 1643 1641 Cum
1687 1583 1942 1640 Christus
1967 1599 2064 1654 ap-

473 1683 740 1752 paruerit,
783 1681 896 1735 vita
929 1687 1139 1744 nostra,
1175 1687 1304 1733 tunc
1342 1686 1400 1735 et
1435 1693 1536 1732 vos
1564 1675 1904 1748 apparebitis
1941 1689 2067 1730 cum

472 1777 594 1844 ipso
621 1774 677 1828 in
705 1773 876 1844 gloria
901 1771 966 1822 ⁵⁷.
1009 1790 1028 1822 ι
1069 1771 1239 1841 Igitur
1266 1767 1444 1824 simila
1471 1767 1596 1822 oleo
1620 1781 1913 1837 conspersa
1961 1771 2064 1820 est.

471 1867 619 1922 lnest
642 1865 789 1925 enim
821 1863 877 1922 in
909 1869 1223 1919 sanctorum
1256 1860 1505 1914 virorum
1530 1858 1640 1912 vita
1673 1857 1849 1913 illaut
1877 1858 1932 1911 in
1973 1871 2068 1926 spe

2165 664 2259 718 τοῦ
2301 665 2615 737 συνέχοντος
2665 667 2744 731 εἰς
2785 664 2953 736 ζωὴν,
2978 665 3292 738 ἱλαρότητος
3342 664 3399 718 δὲ
3449 664 3511 717 τὸ
3551 663 3750 721 ἔλαιον.

2167 757 2535 829 Πφσαγέσθω
2561 757 2626 830 δὴ
2674 753 2769 812 οὖν
2818 758 2913 812 καὶ
2959 758 3096 829 πρός
3133 774 3198 826 γε
3239 755 3401 828 ἡμῶν
3441 755 3623 810 αὐτῶν
3677 755 3756 826 τῷ

2165 852 2258 904 ἐπὶ
2309 851 2525 905 πάντων
2553 849 2672 923 Θεῷ
2699 851 2760 905 τὸ
2793 851 2868 914 ὡς
2898 852 2954 904 έν
2993 850 3337 922 λαμπρότητι
3363 848 3512 920 ζωῆς
3547 847 3754 921 ἱλαρὸν,

2166 941 2351 994 ἐλπίδι
2377 944 2444 1013 τῇ
2473 942 2531 994 ὲν
2560 941 2804 1013 Χριστῷ.
2844 960 2862 993 ‹
2897 943 2974 1014 Τῇ
3010 944 3119 1014 γὰρ
3152 941 3326 996 ἑλπίδι
3377 940 3681 1012 χαίροντες,
3729 957 3747 992 ι

2167 1031 2320 1100 φησί.
2372 1032 2498 1096 Πῶς
2535 1032 2580 1084 δ’
2612 1032 2679 1086 ἂν
2720 1029 2829 1087 εῘεν
2890 1033 3012 1104 οὐχὶ
3049 1033 3148 1105 τῆς
3187 1033 3450 1088 ἀνωτάτω
3485 1031 3758 1102 θυμηδίας

2167 1121 2411 1194 ἔμπλεῳ,
2429 1123 2492 1176 τὸ
2510 1125 2566 1175 ὲν
2593 1123 2704 1194 ζωῇ
2722 1141 2780 1177 τε
2803 1125 2898 1178 καὶ
2917 1125 3165 1196 πολιτείᾳ
3195 1124 3497 1195 περιφανὲς
3521 1122 3759 1193 ἐξησκη-

2166 1215 2324 1279 κότες
2355 1211 2412 1269 εὖ
2451 1215 2596 1286 μάλα
2640 1217 2748 1271 τῶν
2777 1217 2871 1270 τοῦ
2916 1217 3170 1287 Σωτῆρος
3210 1215 3372 1286 ἡμῶν
3401 1214 3758 1285 ὲνταλμάτων

2166 1309 2214 1362 οἱ
2244 1309 2505 1378 φύλακες;
2554 1303 2636 1374 οἷς
2686 1309 2864 1381 πάντη
2896 1328 2954 1364 τε
2991 1312 3082 1364 καὶ
3117 1309 3336 1372 πάντως
3361 1309 3423 1362 τὸ
3451 1310 3509 1361 ὲν
3541 1307 3758 1380 μεθέξει

2166 1401 2426 1469 γενέσθαι
2465 1403 2566 1472 τῆς
2602 1402 2763 1475 δόξης
2791 1402 2960 1456 αὑτοῦ
2985 1401 3408 1474 τεθησαύρισται
3439 1399 3592 1472 παρὰ
3615 1399 3756 1471 Θεῷ.

2172 1493 2541 1549 «Ἀπεθάνετε
2584 1497 2715 1568 γὰρ,
2763 1495 2918 1568 φησὶ,
2975 1496 3070 1549 καὶ
3120 1497 3155 1566 ἡ
3195 1493 3307 1566 ζωὴ
3361 1492 3514 1564 ὑμῶν
3560 1492 3759 1561 κέκρυο

2168 1608 2300 1644 πται
2329 1591 2425 1644 σὺν
2472 1588 2549 1660 τῷ
2589 1589 2816 1662 Χριστῷ
2841 1591 2898 1643 ὲν
2938 1589 3018 1660 τῷ
3045 1587 3186 1658 Θεῷ.
3240 1589 3409 1641 Ὅταν
3454 1587 3483 1639 6
3522 1585 3758 1658 Χριστὸς

2169 1681 2479 1752 φανερωθῇ,
2521 1682 2555 1752 ἡ
2585 1679 2699 1754 ζωὴ
2745 1681 2923 1753 ἡμῶν,
2962 1681 3084 1734 τότε
3129 1681 3223 1734 καὶ
3272 1679 3431 1750 ὑμεῖς
3475 1679 3572 1732 σὺν
3609 1674 3760 1747 αὑτῷ

2168 1773 2623 1845 φανερωθήσεσθε
2650 1773 2708 1827 ἐν
2736 1773 2881 1846 δόξῃ.
2919 1792 2939 1825 ι
2973 1771 3236 1844 Οὑκοῦνή
3267 1769 3546 1842 σεμίδαλις
3593 1769 3762 1823 ἐλαιό-

2169 1865 2375 1930 δευτος.
2423 1866 2641 1920 Ἔνεστι
2683 1866 2793 1938 γάρ
2838 1869 2905 1937 τῇ
2935 1864 3043 1918 τῶν
3091 1865 3259 1935 ἁγίων
3304 1862 3416 1935 ζωῇ
3468 1863 3560 1915 καὶ
3597 1861 3658 1915 τὸ
3685 1860 3760 1924 ὠς

472 1959 663 2031 gloria:
688 1956 963 2021 hilaritas,
992 1969 1117 2010 cum
1153 1952 1446 2022 splendore
1466 1950 1728 2004 nimirum
1760 1948 2066 2004 sanctitatis

2178 1957 2225 2009 ὲν
2247 1955 2422 2008 ἐλπίδι
2438 1954 2595 2026 δόξης
2617 1955 2820 2027 ἱλαρὸν,
2845 1954 2988 2027 μετὰ
3005 1954 3387 2026 λαμπρότητος
3402 1951 3646 2024 δηλονότι
3661 1951 3762 2021 τῆς

472 2057 529 2105 et
553 2044 803 2122 justitiae.
827 2045 1073 2102 Aureum
1105 2060 1270 2116 porro
1301 2043 1686 2098 mortariolum
1714 2042 1923 2097 incensi
1951 2042 2068 2111 ple-

472 2157 606 2198 num
639 2149 955 2196 sanctorum
996 2137 1468 2210 pulchritudinem
1506 2133 1799 2206 signiﬁcat,
1829 2141 1885 2188 et
1917 2134 2064 2187 illam

475 2243 734 2303 tanquam
779 2232 836 2287 in
877 2231 1049 2286 sacris
1078 2230 1226 2285 vasis
1259 2228 1690 2284 suaveolentiam
1737 2226 2064 2290 sanctitatis,

472 2341 595 2396 quze
629 2325 831 2380 deinde
857 2323 1090 2379 offertur
1117 2323 1229 2377 Deo
1262 2322 1412 2376 velut
1444 2320 1651 2375 donum
1680 2318 1956 2390 quoddam
1985 2333 2070 2373 sa-

469 2435 542 2474 ne
565 2418 1088 2490 fragrantissimum.
1111 2418 1194 2470 An
1220 2430 1374 2480 vero,
1406 2414 1637 2478 Palladi,
1674 2420 1895 2468 sanctos
1921 2412 2071 2466 viros

467 2526 601 2567 vasa
637 2525 760 2566 esse
789 2507 1077 2579 splendida
1105 2514 1162 2562 et
1189 2506 1364 2569 electa
1385 2522 1495 2560 non
1523 2504 1879 2575 putabimus?

551 2602 750 2658 PALL.
782 2602 896 2672 Ego
922 2616 1054 2655 vero
1089 2599 1325 2654 maxime
1355 2608 1510 2670 puto.

540 2693 701 2752 ΟΥΕ.
725 2694 946 2750 Vitulus
964 2694 1134 2764 igitur
1156 2709 1186 2746 a
1208 2692 1440 2763 singulis
1463 2706 1608 2746 unus
1631 2689 1862 2746 oﬁ'ertur
1881 2732 1894 2756 ,
1919 2697 2072 2743 sunt-

475 2802 584 2858 que
632 2785 796 2841 simul
854 2784 1103 2839 universi
1149 2783 1463 2848 duodecim,
1520 2783 1616 2838 sed
1657 2781 2072 2836 tabernaculum

478 2891 664 2937 tamen
687 2881 898 2936 vehunt
943 2879 1082 2943 bini,
1117 2876 1187 2933 ad
1231 2875 1548 2930 vehiculum
1590 2890 1653 2930 ac
1675 2876 1865 2946 jugum
1901 2888 2072 2927 unum

473 2970 672 3041 juncti,
721 2969 1152 3038 Levitarumque
1209 2973 1338 3021 sunt
1388 2965 1713 3020 ministeriis
1768 2961 2018 3017 attributi
2058 2978 2070 3014 :

477 3078 599 3134 quae
643 3077 732 3116 res
768 3061 943 3132 ﬁgura
987 3068 1072 3114 est
1113 3059 1280 3129 368
1320 3058 1554 3113 duorum
1596 3057 1948 3128 populorum,
1979 3055 2076 3126 qui

476 3171 589 3210 non
612 3155 794 3209 adhuc
819 3154 1136 3224 dogmatum
1159 3162 1216 3206 et
1236 3151 1363 3206 vitae
1386 3149 1840 3204 dissimilitudine
1866 3149 2077 3221 disjun-

477 3250 574 3314 eti,
611 3248 708 3304 sed
742 3247 845 3304 sub
867 3263 1039 3301 unum
1073 3245 1376 3301 Salvatoris
1401 3244 1577 3298 nostri
1603 3246 1793 3316 jugum
1838 3243 2078 3297 toleran-

479 3351 564 3396 ter
591 3356 654 3394 ac
691 3339 910 3393 fortiter
952 3337 1235 3409 conjuncti
1271 3343 1402 3391 sunt
1440 3343 1604 3405 atque
1645 3345 2025 3392 convenerunt
2058 3352 2071 3387 :

487 3451 505 3484 ι
541 3430 790 3486 Viriliter
821 3429 970 3484 enim
999 3443 1122 3498 age,
1164 3446 1183 3479 ι
1215 3427 1416 3497 inquit,
1457 3447 1474 3477 ε
1512 3437 1569 3482 et
1603 3427 1945 3482 confortetur
1980 3441 2076 3481 cor

480 3537 660 3590 tuum,
688 3530 748 3578 et
777 3522 989 3578 sustine
1013 3519 1308 3582 Dominum
1334 3520 1401 3575 ⁵⁸.
1437 3539 1456 3572 ι
1491 3520 1590 3575 Est
1631 3528 1818 3575 autem
1861 3520 1962 3575 bos
1993 3520 2075 3575 la-

481 3613 635 3669 boris
663 3610 1155 3667 tolerantissimum
1182 3610 1383 3666 animal
1415 3619 1580 3681 atque
1606 3610 2074 3675 robustissimum,

483 3703 675 3774 quales
712 3701 938 3756 omnino
981 3709 1131 3768 sunt,
1189 3701 1285 3771 qui
1329 3701 1590 3772 pietatem
1636 3701 1693 3756 in
1737 3703 1912 3758 Deum
1958 3719 2078 3756 am-

485 3796 822 3866 plectuntur,
885 3791 980 3862 qui
1041 3790 1323 3848 Christum
1383 3791 1542 3862 quasi
1582 3792 1776 3862 jugum
1823 3791 1930 3847 sibi
1970 3793 2078 3847 im-

485 3887 724 3958 positum
759 3884 1055 3951 sustinent,
1087 3884 1144 3938 in
1168 3883 1262 3938 illo
1293 3899 1452 3939 sacro
1491 3883 1849 3939 tabernaculo
1880 3883 2080 3956 ﬁgura-

488 3994 623 4037 tum.
659 3979 876 4050 Corpus
909 3993 1076 4049 porro
1126 3978 1276 4034 illius
1323 3977 1626 4033 Ecclesiam
1687 3977 1804 4049 ipse
1859 3993 2080 4049 quoque

489 4073 692 4129 Paulus
724 4071 948 4127 divinus
973 4071 1062 4126 vir
1081 4071 1322 4140 appellat
1344 4067 1438 4122 ⁸⁸’.
1467 4069 1683 4126 Dictum
1710 4079 1793 4125 est
1817 4069 1982 4124 etiam
2011 4069 2081 4125 ad

486 4166 759 4221 Ananiam
795 4163 864 4219 de
896 4162 1090 4219 eodem
1118 4163 1327 4218 Paulo:
1361 4179 1380 4212 ι
1409 4161 1582 4227 Vade,
1617 4183 1635 4214 ι
1671 4163 1868 4233 inquit,
1899 4181 1917 4213 ι
1951 4162 2081 4232 quia

489 4273 584 4313 vas
611 4254 901 4311 electionis
932 4262 1019 4309 est
1049 4253 1143 4310 hic
1171 4254 1328 4319 mihi,
1360 4261 1423 4308 ut
1451 4263 1633 4325 portet
1661 4271 1863 4310 nomen
1896 4270 2080 4310 meum

489 4363 676 4403 coram
706 4345 965 4418 gentibus
990 4346 1057 4400 δ’.
1098 4364 1118 4397 ι
1156 4344 1318 4398 Aries
1339 4354 1604 4413 praeterea
1647 4354 1706 4399 et
1741 4359 1917 4415 agnus
1945 4344 2082 4400 alle-

489 4446 714 4503 runtur,
743 4438 841 4509 qui
881 4446 996 4494 tum
1030 4434 1364 4505 antiquioris
1392 4443 1507 4489 tum
1537 4436 1865 4491 recentioris
1894 4436 2084 4505 populi

491 4530 559 4585 ad
586 4531 760 4585 Deum
782 4543 1063 4586 accessum
1089 4542 1154 4582 ac
1179 4526 1350 4581 veluti
1379 4525 1786 4581 dedicationem
1819 4526 2084 4596 spiritua-

2170 2049 2228 2100 ὲν
2243 2049 2481 2119 ὁσιότητι
2499 2050 2592 2102 καὶ
2607 2048 2943 2123 δικαιοσύνῃ.
2962 2050 3007 2102 Χ
3015 2047 3156 2121 ρυσῆ
3173 2047 3229 2102 δὲ
3249 2047 3447 2117 θυΐσκη
3479 2045 3758 2116 θυμιάμα-

2169 2161 2260 2208 τος
2311 2143 2547 2216 πλήρης,
2577 2143 2636 2198 τὺ
2657 2145 2765 2198 τῶν
2794 2145 2965 2213 ἁγίων
3001 2143 3289 2215 γράφουσα
3313 2141 3530 2206 κάλλος,
3573 2141 3663 2194 καὶ
3684 2139 3759 2203 ὡς

2169 2238 2229 2291 ὲν
2257 2237 2508 2291 σκεύεσιν
2541 2237 2818 2302 ἐκλεκτοῖς
2849 2238 2911 2292 τὸ
2959 2237 3159 2300 εὑῶδες
3214 2237 3270 2289 ὲν
3314 2231 3592 2306 ἁγιασμῷ,
3641 2231 3761 2288 εἷτα

2169 2319 2340 2402 δῶρον
2362 2328 2552 2399 ὥσπερ
2581 2345 2634 2381 τι
2678 2328 2796 2400 Θεῷ
2819 2328 2880 2382 τὸ
2909 2327 3272 2398 εὐοσμότατον
3289 2325 3525 2396 άληθῶς.
3546 2323 3618 2378 Ἦ
3641 2323 3762 2394 οὐχὶ

2172 2423 2343 2495 σκεύη
2387 2423 2618 2497 λαμπρά
2660 2426 2756 2476 καὶ
2789 2420 3065 2477 άπόλεκτα
3095 2419 3225 2483 τοὺς
3248 2417 3443 2488 ἁγίους
3493 2416 3763 2487 ὑπάρχειν

2172 2514 2503 2586 οἰησαίμεθα
2527 2514 2615 2580 ἂν,
2640 2507 2684 2570 ὧ
2710 2512 3013 2579 Παλλάδιε;

2245 2609 2459 2664 ΠΑΛΛ.
2492 2607 2745 2663 Μάλιστά
2771 2625 2856 2676 γε.

2244 2699 2410 2753 KI‘P.
2442 2698 2658 2769 Μόσχος
2688 2697 2746 2751 δὲ
2773 2693 2842 2770 ἦν
2869 2698 3002 2768 παρ’
3027 2695 3283 2764 ἑκάστου,
3317 2695 3412 2750 καὶ
3442 2692 3764 2748 δυοκαίδεκα

2179 2791 2278 2865 μὲν
2337 2791 2390 2845 οἱ
2451 2791 2676 2855 πάντες.
2744 2788 3138 2862 Ἀχθοφοροῦσι
3191 2805 3256 2856 γε
3307 2788 3413 2858 μὴν
3466 2785 3577 2858 τῆν’
3603 2785 3765 2854 ἁγίαν

2177 2885 2413 2956 σκηνὴν,
2435 2883 2576 2939 κατὰ
2601 2884 2694 2938 δύο
2709 2866 3198 2954 προσενηνεγμένα
3223 2882 3358 2954 πρὸς
3375 2879 3591 2951 ἄμαξαν
3616 2880 3765 2952 μίαν,

2178 2977 2270 3029 καὶ
2294 2976 2397 3029 ὑπὸ
2425 2975 2587 3043 ζυγὸν
2619 2973 2736 3040 ἕνα,
2765 2973 3155 3045 ὲκνενέμηνται
3173 2973 3229 3026 δὲ
3255 2975 3374 3037 ταῖς
3391 2971 3500 3024 τῶν
3525 2970 3769 3024 Λευιτῶν

2179 3068 2506 3139 ὑπουργίαις
2532 3083 2544 3096 °
2599 3067 2694 3120 καὶ
2748 3065 2920 3130 τύπος
2975 3064 3042 3120 ἃν
3097 3067 3184 3137 εἴη
3219 3064 3280 3119 τό
3324 3066 3513 3136 χρῆμα
3539 3063 3647 3117 τῶν
3676 3063 3773 3117 δύο

2179 3162 2344 3228 λαῶν,
2382 3162 2566 3215 οὐκέτι
2613 3160 3031 3233 μεμερισμένων
3062 3161 3141 3222 είς
3171 3158 3534 3229 ἀνομοιότητα
3564 3156 3771 3227 δογμά-

2179 3271 2287 3307 των
2319 3253 2414 3308 καὶ
2453 3253 2621 3322 ζωῆς,
2653 3251 3137 3322 συνενηνεγμένοιν
3161 3250 3217 3303 δὲ
3250 3251 3439 3321 ὥσπερ
3459 3249 3553 3302 καὶ
3592 3247 3774 3302 συνδε·

2178 3347 2545 3419 δραμηκότοιν
2600 3345 2706 3398 ὑπό
2758 3361 2820 3414 γε
2861 3344 2952 3398 τὸν
2993 3342 3092 3396 ἕνα
3141 3341 3236 3396 τοῦ
3306 3340 3564 3412 Σωτῆρος
3606 3338 3773 3407 ζυγὸν

2176 3439 2472 3511 τληπαθῶς
2535 3437 2632 3492 καὶ
2689 3436 2972 3508 ἀνδρείως.
3029 3455 3048 3488 ι
3101 3432 3386 3505 Ἀνδρίζου
3427 3432 3558 3503 γὰρ,
3613 3431 3769 3502 φησὶ,

2177 3533 2272 3586 καὶ
2325 3528 2706 3602 κραταιούσθω
2761 3530 2794 3600 ἡ
2854 3527 3056 3596 καρδία
3082 3543 3200 3592 σου,
3237 3526 3332 3579 καὶ
3356 3524 3652 3596 ὑπόμεινον
3679 3522 3771 3576 τὸν

2179 3624 2405 3696 Κύριον.
2434 3643 2452 3675 ι
2487 3621 2775 3691 Τληπαθὲς
2801 3621 2860 3674 δὲ
2889 3620 3027 3685 ζῶον
3049 3621 3078 3673 6
3107 3621 3306 3691 μόσχος
3330 3618 3424 3672 καὶ
3444 3616 3772 3688 κραταιόταο

2180 3730 2290 3768 τον.
2325 3713 2529 3766 Τοιοίδε
2579 3713 2798 3774 πάντως
2828 3713 2877 3764 οί
2911 3709 3552 3787 θεοσεϐείαςιῄρημένοι,
3608 3706 3772 3774 ζυγὸν

2181 3805 2365 3876 ὥςπερ
2400 3805 2484 3875 ἐφ’
2518 3805 2730 3867 ἑαυτοῖς
2761 3803 3051 3874 ἐπέχοντες
3092 3801 3184 3856 τὸν
3218 3800 3477 3872 Χριστὸν,
3507 3798 3581 3862 ὡς
3621 3801 3679 3851 ὲν
3703 3801 3769 3868 τῇ

2184 3897 2316 3970 ἁγία
2353 3899 2527 3967 σκηνῇ
2575 3893 3150 3966 προανατυπούμενον.
3177 3891 3346 3962 Σῶμα
3374 3891 3431 3944 δὲ
3470 3887 3635 3943 αὑτοῦ
3673 3889 3774 3960 τὴν

2194 3989 2522 4061 Ἐκκλησίαν
2553 3988 2646 4041 καὶ
2679 3986 2708 4038 6
2738 3984 2879 4048 θεῖος
2904 3987 3034 4055 ἡμῖν
3069 3982 3320 4053 ὠνόμαζε
3355 3981 3588 4045 Παῦλος.
3628 3980 3776 4033 Ἐλέο

2183 4099 2311 4152 γετο
2339 4081 2396 4134 δὲ
2427 4080 2521 4133 καὶ
2570 4078 2708 4148 πρὸς
2743 4077 2994 4130 Ἀνανίαν
3031 4077 3160 4147 περὶ
3185 4073 3372 4140 αὑτοῦ,
3405 4075 3548 4145 φημὶ
3584 4072 3650 4144 δὴ
3677 4068 3776 4126 τοῦ

2185 4172 2416 4229 Παύλου·
2433 4191 2450 4224 ‹
2474 4171 2738 4242 Πορεύου,
2763 4169 2844 4222 ὅτι
2875 4167 3066 4232 σκεῦος
3083 4167 3314 4238 ἐκλογῆς
3347 4168 3464 4220 ἐστί
3489 4183 3577 4236 μοι
3597 4160 3774 4231 οὗτος,

2184 4264 2278 4320 τοῦ
2321 4264 2593 4335 βαστάσαι
2651 4262 2713 4315 τὸ
2766 4261 2940 4332 ὄνομά
2982 4279 3081 4333 μου
3111 4262 3353 4314 ἐναντίον
3391 4258 3499 4312 τῶν
3534 4258 3723 4312 ἐθνῶν.
3752 4276 3774 4310 ι

2185 4357 2354 4430 Κριὸς
2383 4357 2439 4410 δὲ
2471 4355 2607 4426 πρὸς
2640 4353 2872 4419 τούτοις,
2903 4353 2997 4407 καὶ
3045 4352 3150 4424 μὴν
3183 4353 3276 4406 καὶ
3309 4352 3480 4422 ἀμνὸς
3515 4351 3583 4405 τά
3611 4367 3781 4421 προσ-

2187 4449 2539 4522 ενηνεγμένα,
2569 4446 2664 4501 τοῦ
2731 4464 2790 4501 τε
2847 4445 3225 4517 πρεσϐυτέρου
3267 4443 3778 4516 προσενηνεγμένου

2189 4545 2283 4596 καὶ
2320 4541 2416 4594 τοῦ
2461 4542 2583 4595 νέου
2608 4539 2739 4594 λαοῦ
2789 4541 2890 4611 τὴν
2935 4539 3073 4610 πρὸς
3110 4538 3242 4591 Θεὸν
3311 4538 3497 4607 ἄφιξιν
3543 4537 3640 4590 καὶ
3681 4537 3780 4606 τὴν

491 4624 599 4678 lem
630 4639 742 4693 pra:
769 4638 828 4678 se
867 4621 1070 4678 lerunt.
1100 4619 1173 4675 Ut
1195 4618 1344 4673 enim
1391 4618 1446 4672 in
1488 4619 1668 4674 bobus
1701 4619 1994 4674 tolerantia
2025 4628 2078 4674 et

2189 4631 2474 4694 οἱονείπως
2509 4628 2788 4695 ἀνάθεσιν,
2836 4627 2996 4698 δῆλον
3035 4627 3093 4680 δὲ
3126 4629 3208 4682 ὅτι
3249 4626 3349 4698 τὴν
3377 4627 3780 4696 πνευματικὴν,

486 4715 759 4772 fortitudo
809 4713 1222 4786 designabatur,
1270 4709 1370 4774 sic,
1415 4719 1477 4764 ut
1514 4709 1732 4779 opinor,
1782 4709 1839 4763 in
1891 4709 2078 4766 ovibus

2185 4723 2635 4793 ὑπεμφαίνοντες.
2696 4722 2906 4790 Ὥσπερ
2969 4719 3080 4792 γὰρ
3120 4719 3182 4772 τὸ
3236 4719 3514 4789 τληπαθὲς
3554 4719 3649 4772 καὶ
3683 4719 3781 4771 ἀν-

492 4822 713 4878 quoque
748 4807 841 4861 illa
885 4821 1013 4860 cum
1052 4800 1477 4858 mansuetudine
1507 4801 1734 4856 ubertas
1767 4817 1960 4857 eorum
1991 4804 2078 4874 qui

2183 4815 2360 4887 δρείον
2394 4815 2470 4878 ὡς
2515 4812 2573 4864 έν
2618 4829 2682 4881 γε
2725 4815 2838 4874 τοῖς
2890 4811 3113 4882 μόσχοις
3147 4811 3599 4883 κατεσημαίνετο.
3638 4811 3786 4864 κατὰ

486 4918 594 4971 :per
627 4884 797 4956 ﬁdem
824 4899 880 4952 in
897 4896 1180 4954 Christum
1201 4893 1483 4966 iustiﬁcati
1512 4903 1662 4960 sunt,
1684 4895 1844 4966 plane
1879 4897 2090 4952 indica-

495 5001 626 5060 tur;
666 5001 752 5048 est
783 5005 1023 5060 namque
1067 4988 1122 5043 id
1158 4987 1366 5042 animal
1395 4996 1744 5043 mansuetum
1774 4997 1939 5061 atque
1968 4991 2088 5046 fru-

495 5097 786 5150 ctuosum,
821 5083 1014 5151 quales
1050 5087 1180 5135 sunt
1229 5094 1420 5134 omnes
1461 5079 1555 5149 qui
1591 5082 1959 5152 evangelicam
2001 5083 2086 5138 vi-

497 5177 660 5232 vendi
683 5175 958 5230 rationem
981 5172 1276 5242 diligenter
1298 5171 1506 5237 colunt,
1537 5189 1675 5242 quos
1696 5173 1812 5245 ipse
1834 5175 2089 5231 Christus

495 5267 922 5338 alloquebatur:
969 5285 987 5317 ι
1026 5264 1186 5321 Omni
1220 5264 1431 5336 petenti
1469 5273 1524 5320 te
1555 5266 1772 5334 tribue;
1815 5267 1970 5323 etab
1998 5283 2086 5334 eo,

497 5361 594 5432 qui
637 5361 781 5414 tollit
806 5374 894 5412 res
927 5368 1067 5425 tuas,
1097 5374 1167 5414 ne
1201 5367 1439 5428 repetas,
1481 5367 1538 5414 et
1583 5361 1917 5429 percutienti
1952 5367 2004 5416 te
2034 5361 2090 5416 in

498 5453 725 5508 dextera
767 5450 1006 5516 maxilla,
1051 5461 1206 5507 verte
1257 5451 1335 5504 illi
1376 5460 1433 5506 et
1473 5450 1701 5506 alteram
1726 5441 1793 5504 ⁸ο.
1829 5471 1847 5503 ι
1882 5451 2088 5510 Scribit
2125 5523 2136 5540 ἢ

484 5543 664 5598 etiam
694 5542 896 5597 Paulus
925 5561 940 5595 :
972 5561 989 5593 ‹
1017 5542 1248 5597 Servum
1275 5550 1459 5597 autem
1482 5543 1700 5597 Domini
1730 5558 1841 5598 non
1868 5553 2087 5614 oportet

498 5651 764 5708 pugnare,
797 5634 895 5690 sed
929 5644 1276 5690 mansuetum
1315 5647 1435 5690 esse
1468 5635 1538 5689 ad
1572 5649 1784 5701 omnes,
1829 5635 1886 5690 in
1929 5653 2086 5691 man-

483 5729 793 5786 suetudine
832 5729 1120 5784 docentem
1151 5729 1368 5785 diversa
1400 5729 1703 5785 sentientes
1733 5730 1796 5784 “.
1835 5749 1854 5781 ι
1886 5730 2088 5786 Praedi-

573 5845 618 5875 “
654 5844 812 5900 Rom.
853 5859 946 5906 xu,
980 5840 1066 5895 12.
1143 5842 1186 5874 ⁵⁷
1216 5840 1333 5897 Col.
1375 5857 1455 5910 tu,
1486 5841 1539 5910 5,
1568 5842 1621 5896 4.
1679 5843 1746 5912 ,⁸⁸
1778 5844 1921 5900 Psal.
1953 5860 2096 5910 xxvr,
2135 5845 2217 5900 14.

482 5914 550 5988 χιι
592 5914 638 5969 n
668 5915 807 5969 Tim.
844 5913 1018 5981 11,26.

2187 4907 2278 4962 τὸν
2305 4908 2439 4970 ἴσον,
2470 4900 2644 4975 οἶμαι.
2671 4904 2882 4957 τουτονὶ
2913 4906 3114 4977 τρόπον
3139 4905 3234 4958 καὶ
3270 4906 3328 4959 ὲν
3348 4907 3460 4967 τοῖς
3487 4901 3787 4973 προϐάτοις

2186 5000 2220 5070 ἡ
2277 4997 2354 5061 ὡς
2405 5000 2462 5052 ἐν
2516 4996 2785 5067 πραότητι
2847 4997 3195 5068 καρποφορία
3236 4995 3346 5049 τῶν
3400 4995 3486 5048 διὰ
3541 4995 3788 5057 πίστεως

2189 5089 2289 5158 τῆς
2327 5090 2385 5140 ὲν
2416 5085 2636 5161 Χριστῷ
2673 5087 3112 5158 δεδικαιωμένων
3158 5086 3527 5140 διαδείκνυται
3569 5084 3784 5153 σαφῶς.

2192 5182 2379 5253 Πρᾶον
2408 5181 2517 5253 γάρ
2539 5181 2604 5252 δὴ
2632 5181 2693 5234 τὸ
2727 5180 2884 5247 ζῶον,
2918 5181 3012 5234 καὶ
3057 5181 3164 5253 μὴν
3194 5180 3497 5252 ἔγκαρπον.
3535 5179 3789 5233 Τοιοῦτοι

2193 5275 2251 5329 δὲ
2275 5275 2474 5338 πάντες
2498 5276 2547 5327 οἱ
2587 5275 2684 5346 τῆς
2715 5275 3078 5346 εὐαγγελικῆς
3106 5275 3383 5337 πολιτείας
3419 5272 3668 5343 ἀκριϐεῖς
3696 5275 3792 5342 Ep-

2194 5363 2382 5431 γάται,
2415 5356 2497 5426 οἷς
2517 5364 2612 5415 καὶ
2645 5363 2808 5427 αὑτὸς
2837 5365 3190 5434 ἐπεφώνησεν
3217 5365 3246 5417 6
3268 5363 3525 5435 Χριστός·
3556 5380 3575 5414 ι
3612 5362 3795 5416 Παντὶ

2193 5455 2270 5526 τῷ
2304 5453 2545 5508 αἰτοῦντί
2579 5472 2638 5507 σε
2687 5455 2829 5508 δίδου
2859 5496 2874 5521 ,
2909 5457 3002 5508 καὶ
3028 5455 3134 5510 ἀπὸ
3179 5453 3274 5508 τοῦ
3302 5455 3551 5526 αἴροντος
3589 5453 3659 5506 τὰ
3695 5452 3794 5517 σά,

2199 5551 2274 5620 μὴ
2300 5548 2544 5614 ἀπαίτει,
2567 5549 2663 5602 καὶ
2693 5547 2770 5619 τῷ
2799 5547 3013 5602 παίοντί
3040 5565 3098 5601 σε
3122 5549 3202 5612 είς
3229 5547 3327 5619 τὴν
3351 5547 3598 5615 σιαγόνα,
3627 5546 3800 5615 στρέ-

2193 5641 2294 5711 ψον
2310 5639 2458 5712 αὐτῷ
2489 5642 2583 5695 καὶ
2607 5641 2706 5711 τὴν
2737 5640 2925 5713 ἄλλην.
2959 5659 2977 5691 ι
3018 5640 3057 5693 Γ
3056 5641 3228 5711 ’ράφει
3257 5641 3314 5694 δὲ
3353 5641 3447 5694 καὶ
3469 5643 3497 5693 6
3530 5639 3748 5701 Παῦλος
3770 5653 3792 5672 ο

2201 5751 2219 5785 ι
2254 5733 2449 5787 Δοῦλον
2477 5734 2533 5786 δὲ
2564 5733 2770 5805 Κυρίου
2793 5734 2852 5786 οὺ
2876 5734 2957 5787 δεῖ
2981 5734 3274 5804 μάχεσθαι,
3293 5734 3407 5788 ἀλλ’
3441 5734 3602 5805 ήπιον
3643 5727 3802 5785 εἶναι

2316 5845 2384 5878 ⁸⁸·
2415 5847 2532 5905 Col.
2561 5865 2612 5912 ι,
2664 5845 2754 5900 24.
2835 5847 2880 5881 ³³
2913 5846 3036 5902 Act.
3073 5863 3148 5915 1x,
3180 5847 3266 5904 l5.
3345 5846 3391 5879 θ’
3419 5845 3554 5902 Luc.
3584 5863 3658 5914 vx,
3689 5849 3798 5905 50.
