  <div class='ocr_page' id='page_1' title='image "/cluster/home/n/w/nwhite01/storage/ocr_20150623/68:no.1/coo.31924054869742/366.png"; bbox 0 0 4118 6428; ppageno 0'>
   <div class='ocr_carea' id='block_1_1' title="bbox 358 435 3678 504">
    <p class='ocr_par' dir='ltr' id='par_1_1' title="bbox 358 435 3678 504">
     <span class='ocr_line' id='line_1_1' title="bbox 358 435 3678 504; baseline 0 -2"><span class='ocrx_word' id='word_1_1' title='bbox 358 445 465 502; x_wconf 79' lang='grc'>711</span> <span class='ocrx_word' id='word_1_2' title='bbox 1060 441 1150 496; x_wconf 88' lang='lat' dir='ltr'><strong>DE</strong></span> <span class='ocrx_word' id='word_1_3' title='bbox 1190 437 1641 498; x_wconf 79' lang='lat' dir='ltr'>ADORATIONE</span> <span class='ocrx_word' id='word_1_4' title='bbox 1683 437 1749 493; x_wconf 72' lang='lat' dir='ltr'>IN</span> <span class='ocrx_word' id='word_1_5' title='bbox 1793 437 2066 494; x_wconf 79' lang='lat' dir='ltr'>SPlRlTU</span> <span class='ocrx_word' id='word_1_6' title='bbox 2106 439 2198 495; x_wconf 85' lang='lat' dir='ltr'><strong>ET</strong></span> <span class='ocrx_word' id='word_1_7' title='bbox 2237 438 2612 497; x_wconf 71' lang='lat' dir='ltr'>VERITATE.</span> <span class='ocrx_word' id='word_1_8' title='bbox 2644 469 2714 479; x_wconf 91' lang='lat'>-—</span> <span class='ocrx_word' id='word_1_9' title='bbox 2753 437 2884 494; x_wconf 83' lang='lat' dir='ltr'>LIB.</span> <span class='ocrx_word' id='word_1_10' title='bbox 2927 437 2994 494; x_wconf 78' lang='grc' dir='ltr'>Χ.</span> <span class='ocrx_word' id='word_1_11' title='bbox 3565 435 3678 504; x_wconf 59' lang='grc'>’718</span> 
     </span>
    </p>
   </div>
   <div class='ocr_carea' id='block_1_2' title="bbox 358 540 1984 637">
    <p class='ocr_par' dir='ltr' id='par_1_2' title="bbox 358 540 1958 637">
     <span class='ocr_line' id='line_1_2' title="bbox 358 540 1958 637; baseline -0.004 -19"><span class='ocrx_word' id='word_1_12' title='bbox 358 563 498 637; x_wconf 76' lang='grc' dir='ltr'>πρὸς</span> <span class='ocrx_word' id='word_1_13' title='bbox 523 563 755 626; x_wconf 86' lang='grc' dir='ltr'>πάντας,</span> <span class='ocrx_word' id='word_1_14' title='bbox 786 561 843 615; x_wconf 88' lang='grc' dir='ltr'>ἐν</span> <span class='ocrx_word' id='word_1_15' title='bbox 887 560 1159 633; x_wconf 80' lang='grc' dir='ltr'>πραότητι</span> <span class='ocrx_word' id='word_1_16' title='bbox 1185 540 1510 614; x_wconf 84' lang='grc' dir='ltr'>διδάσκοντα</span> <span class='ocrx_word' id='word_1_17' title='bbox 1558 557 1684 622; x_wconf 76' lang='grc' dir='ltr'>τοὺς</span> <span class='ocrx_word' id='word_1_18' title='bbox 1717 557 1958 612; x_wconf 82' lang='grc' dir='ltr'>ἀντιδια-</span> 
     </span>
    </p>
   </div>
   <div class='ocr_carea' id='block_1_3' title="bbox 2048 540 3674 637">
    <p class='ocr_par' dir='ltr' id='par_1_3' title="bbox 2065 557 3674 631">
     <span class='ocr_line' id='line_1_3' title="bbox 2065 557 3674 631; baseline 0.002 -17"><span class='ocrx_word' id='word_1_19' title='bbox 2065 558 2170 614; x_wconf 89' lang='lat' dir='ltr'>etis</span> <span class='ocrx_word' id='word_1_20' title='bbox 2206 569 2391 616; x_wconf 89' lang='lat' dir='ltr'>autem</span> <span class='ocrx_word' id='word_1_21' title='bbox 2419 558 2562 613; x_wconf 70' lang='lat' dir='ltr'>haedi</span> <span class='ocrx_word' id='word_1_22' title='bbox 2597 558 2764 614; x_wconf 89' lang='lat' dir='ltr'>etiam</span> <span class='ocrx_word' id='word_1_23' title='bbox 2788 557 3126 614; x_wconf 93' lang='lat' dir='ltr'>oblationem</span> <span class='ocrx_word' id='word_1_24' title='bbox 3149 559 3372 631; x_wconf 86' lang='lat' dir='ltr'>adjungi</span> <span class='ocrx_word' id='word_1_25' title='bbox 3394 571 3674 631; x_wconf 77' lang='lat' dir='ltr'>oportere,</span> 
     </span>
    </p>
   </div>
   <div class='ocr_carea' id='block_1_4' title="bbox 357 649 1983 728">
    <p class='ocr_par' dir='ltr' id='par_1_4' title="bbox 357 652 1960 728">
     <span class='ocr_line' id='line_1_4' title="bbox 357 652 1960 728; baseline -0.005 -16"><span class='ocrx_word' id='word_1_26' title='bbox 357 656 701 728; x_wconf 82' lang='grc' dir='ltr'>τιθεμένους.</span> <span class='ocrx_word' id='word_1_27' title='bbox 725 674 745 707; x_wconf 70' lang='grc' dir='ltr'>ι</span> <span class='ocrx_word' id='word_1_28' title='bbox 782 655 857 709; x_wconf 82' lang='grc' dir='ltr'>Τὸ</span> <span class='ocrx_word' id='word_1_29' title='bbox 887 655 944 709; x_wconf 85' lang='grc' dir='ltr'>δὲ</span> <span class='ocrx_word' id='word_1_30' title='bbox 977 655 1088 708; x_wconf 85' lang='grc' dir='ltr'>δεῖν</span> <span class='ocrx_word' id='word_1_31' title='bbox 1124 653 1358 709; x_wconf 70' lang='grc' dir='ltr'>ἕπεσθαι</span> <span class='ocrx_word' id='word_1_32' title='bbox 1401 655 1512 717; x_wconf 83' lang='grc' dir='ltr'>τοῖς</span> <span class='ocrx_word' id='word_1_33' title='bbox 1551 652 1654 725; x_wconf 68' lang='grc' dir='ltr'>ιἤδη</span> <span class='ocrx_word' id='word_1_34' title='bbox 1697 669 1960 725; x_wconf 82' lang='grc' dir='ltr'>προειρη-</span> 
     </span>
    </p>
   </div>
   <div class='ocr_carea' id='block_1_5' title="bbox 2049 649 3675 728">
    <p class='ocr_par' dir='ltr' id='par_1_5' title="bbox 2067 649 3675 726">
     <span class='ocr_line' id='line_1_5' title="bbox 2067 649 3675 726; baseline 0.002 -20"><span class='ocrx_word' id='word_1_35' title='bbox 2067 649 2122 707; x_wconf 92' lang='lat' dir='ltr'>id</span> <span class='ocrx_word' id='word_1_36' title='bbox 2155 651 2294 708; x_wconf 83' lang='lat' dir='ltr'><strong>nihil</strong></span> <span class='ocrx_word' id='word_1_37' title='bbox 2341 651 2513 720; x_wconf 84' lang='lat' dir='ltr'>aliud,</span> <span class='ocrx_word' id='word_1_38' title='bbox 2566 661 2628 707; x_wconf 93' lang='lat' dir='ltr'>ut</span> <span class='ocrx_word' id='word_1_39' title='bbox 2659 653 2880 724; x_wconf 83' lang='lat' dir='ltr'>opinor,</span> <span class='ocrx_word' id='word_1_40' title='bbox 2916 651 3161 708; x_wconf 80' lang='lat' dir='ltr'>ostendit</span> <span class='ocrx_word' id='word_1_41' title='bbox 3189 652 3298 708; x_wconf 89' lang='lat' dir='ltr'>nisi</span> <span class='ocrx_word' id='word_1_42' title='bbox 3332 653 3480 724; x_wconf 88' lang='lat' dir='ltr'>quod</span> <span class='ocrx_word' id='word_1_43' title='bbox 3511 655 3675 726; x_wconf 88' lang='lat' dir='ltr'>paulo</span> 
     </span>
    </p>
   </div>
   <div class='ocr_carea' id='block_1_6' title="bbox 362 745 1988 822">
    <p class='ocr_par' dir='ltr' id='par_1_6' title="bbox 362 746 1964 822">
     <span class='ocr_line' id='line_1_6' title="bbox 362 746 1964 822; baseline -0.004 -17"><span class='ocrx_word' id='word_1_44' title='bbox 362 750 547 822; x_wconf 79' lang='grc' dir='ltr'>μένοις</span> <span class='ocrx_word' id='word_1_45' title='bbox 594 749 691 804; x_wconf 71' lang='grc' dir='ltr'>καὶ</span> <span class='ocrx_word' id='word_1_46' title='bbox 723 747 824 822; x_wconf 78' lang='grc' dir='ltr'>τὴν</span> <span class='ocrx_word' id='word_1_47' title='bbox 859 749 1017 819; x_wconf 75' lang='grc' dir='ltr'>αἰγὸς</span> <span class='ocrx_word' id='word_1_48' title='bbox 1053 747 1401 822; x_wconf 77' lang='grc' dir='ltr'>προσφορὰν,</span> <span class='ocrx_word' id='word_1_49' title='bbox 1429 746 1724 812; x_wconf 79' lang='grc' dir='ltr'>ὲκδείξειεν</span> <span class='ocrx_word' id='word_1_50' title='bbox 1750 747 1816 802; x_wconf 75' lang='grc' dir='ltr'>ἂν</span> <span class='ocrx_word' id='word_1_51' title='bbox 1843 747 1964 817; x_wconf 73' lang='grc' dir='ltr'>οὐχὶ</span> 
     </span>
    </p>
   </div>
   <div class='ocr_carea' id='block_1_7' title="bbox 2048 745 3674 822">
    <p class='ocr_par' dir='ltr' id='par_1_7' title="bbox 2064 745 3674 817">
     <span class='ocr_line' id='line_1_7' title="bbox 2064 745 3674 817; baseline 0.002 -17"><span class='ocrx_word' id='word_1_52' title='bbox 2064 755 2196 802; x_wconf 88' lang='lat' dir='ltr'>ante</span> <span class='ocrx_word' id='word_1_53' title='bbox 2227 745 2364 812; x_wconf 87' lang='lat' dir='ltr'>dixi,</span> <span class='ocrx_word' id='word_1_54' title='bbox 2397 761 2612 810; x_wconf 90' lang='lat' dir='ltr'>omnes,</span> <span class='ocrx_word' id='word_1_55' title='bbox 2642 746 2863 801; x_wconf 90' lang='lat' dir='ltr'>etiamsi</span> <span class='ocrx_word' id='word_1_56' title='bbox 2914 745 3108 817; x_wconf 88' lang='lat' dir='ltr'>probis</span> <span class='ocrx_word' id='word_1_57' title='bbox 3143 746 3400 802; x_wconf 90' lang='lat' dir='ltr'>moribus</span> <span class='ocrx_word' id='word_1_58' title='bbox 3443 745 3674 814; x_wconf 84' lang='lat' dir='ltr'>fuerint,</span> 
     </span>
    </p>
   </div>
   <div class='ocr_carea' id='block_1_8' title="bbox 358 838 1984 915">
    <p class='ocr_par' dir='ltr' id='par_1_8' title="bbox 358 838 1962 915">
     <span class='ocr_line' id='line_1_8' title="bbox 358 838 1962 915; baseline -0.001 -21"><span class='ocrx_word' id='word_1_59' title='bbox 358 841 571 915; x_wconf 79' lang='grc' dir='ltr'>ἕτερον,</span> <span class='ocrx_word' id='word_1_60' title='bbox 594 838 770 913; x_wconf 74' lang='grc' dir='ltr'>οἶμαι,</span> <span class='ocrx_word' id='word_1_61' title='bbox 797 842 875 906; x_wconf 78' lang='grc' dir='ltr'>τὶ,</span> <span class='ocrx_word' id='word_1_62' title='bbox 906 841 1046 914; x_wconf 80' lang='grc' dir='ltr'>πλὴν</span> <span class='ocrx_word' id='word_1_63' title='bbox 1073 841 1211 913; x_wconf 81' lang='grc' dir='ltr'>ὅπερ</span> <span class='ocrx_word' id='word_1_64' title='bbox 1243 839 1472 910; x_wconf 78' lang='grc' dir='ltr'>ἔναγχος</span> <span class='ocrx_word' id='word_1_65' title='bbox 1495 839 1656 910; x_wconf 73' lang='grc' dir='ltr'>ἔφην,</span> <span class='ocrx_word' id='word_1_66' title='bbox 1679 839 1740 892; x_wconf 78' lang='grc' dir='ltr'>τὸ</span> <span class='ocrx_word' id='word_1_67' title='bbox 1757 838 1962 892; x_wconf 77' lang='grc' dir='ltr'>δεῖσθαι</span> 
     </span>
    </p>
   </div>
   <div class='ocr_carea' id='block_1_9' title="bbox 2050 838 3676 915">
    <p class='ocr_par' dir='ltr' id='par_1_9' title="bbox 2068 838 3676 912">
     <span class='ocr_line' id='line_1_9' title="bbox 2068 838 3676 912; baseline 0.002 -19"><span class='ocrx_word' id='word_1_68' title='bbox 2068 839 2395 912; x_wconf 88' lang='lat' dir='ltr'>purgatione</span> <span class='ocrx_word' id='word_1_69' title='bbox 2422 838 2764 910; x_wconf 61' lang='lat' dir='ltr'>poenitentia;</span> <span class='ocrx_word' id='word_1_70' title='bbox 2791 849 2848 895; x_wconf 92' lang='lat' dir='ltr'>et</span> <span class='ocrx_word' id='word_1_71' title='bbox 2875 838 3216 895; x_wconf 68' lang='lat' dir='ltr'>oﬁ‘ensarum</span> <span class='ocrx_word' id='word_1_72' title='bbox 3261 839 3542 896; x_wconf 80' lang='lat' dir='ltr'>oblivione</span> <span class='ocrx_word' id='word_1_73' title='bbox 3589 841 3676 896; x_wconf 85' lang='lat' dir='ltr'>in-</span> 
     </span>
    </p>
   </div>
   <div class='ocr_carea' id='block_1_10' title="bbox 357 927 1983 1007">
    <p class='ocr_par' dir='ltr' id='par_1_10' title="bbox 357 928 1965 1007">
     <span class='ocr_line' id='line_1_10' title="bbox 357 928 1965 1007; baseline -0.002 -18"><span class='ocrx_word' id='word_1_74' title='bbox 357 933 425 1007; x_wconf 81' lang='grc' dir='ltr'>δὴ</span> <span class='ocrx_word' id='word_1_75' title='bbox 455 933 692 998; x_wconf 78' lang='grc' dir='ltr'>πάντας,</span> <span class='ocrx_word' id='word_1_76' title='bbox 723 933 828 987; x_wconf 81' lang='grc' dir='ltr'>κᾶν</span> <span class='ocrx_word' id='word_1_77' title='bbox 860 934 916 987; x_wconf 71' lang='grc' dir='ltr'>εί</span> <span class='ocrx_word' id='word_1_78' title='bbox 941 951 1086 998; x_wconf 91' lang='grc' dir='ltr'>τινες</span> <span class='ocrx_word' id='word_1_79' title='bbox 1109 928 1221 987; x_wconf 73' lang='grc' dir='ltr'>εἷεν</span> <span class='ocrx_word' id='word_1_80' title='bbox 1246 930 1449 1004; x_wconf 71' lang='grc' dir='ltr'>ἀγαθοὶ</span> <span class='ocrx_word' id='word_1_81' title='bbox 1464 932 1560 1004; x_wconf 81' lang='grc' dir='ltr'>τὴν</span> <span class='ocrx_word' id='word_1_82' title='bbox 1592 933 1726 1001; x_wconf 75' lang='grc' dir='ltr'>ἕξιν,</span> <span class='ocrx_word' id='word_1_83' title='bbox 1748 932 1844 988; x_wconf 88' lang='grc' dir='ltr'>τοῦ</span> <span class='ocrx_word' id='word_1_84' title='bbox 1874 933 1965 987; x_wconf 73' lang='grc' dir='ltr'>διὰ</span> 
     </span>
    </p>
   </div>
   <div class='ocr_carea' id='block_1_11' title="bbox 2053 927 3679 1007">
    <p class='ocr_par' dir='ltr' id='par_1_11' title="bbox 2067 927 3679 1003">
     <span class='ocr_line' id='line_1_11' title="bbox 2067 927 3679 1003; baseline 0.001 -17"><span class='ocrx_word' id='word_1_85' title='bbox 2067 931 2279 1003; x_wconf 82' lang='lat' dir='ltr'>digere.</span> <span class='ocrx_word' id='word_1_86' title='bbox 2324 931 2494 1001; x_wconf 86' lang='lat' dir='ltr'>quue</span> <span class='ocrx_word' id='word_1_87' title='bbox 2519 931 2700 986; x_wconf 89' lang='lat' dir='ltr'>sciens</span> <span class='ocrx_word' id='word_1_88' title='bbox 2730 931 2926 986; x_wconf 88' lang='lat' dir='ltr'>beatus</span> <span class='ocrx_word' id='word_1_89' title='bbox 2953 931 3123 987; x_wconf 86' lang='lat' dir='ltr'>David</span> <span class='ocrx_word' id='word_1_90' title='bbox 3159 932 3382 990; x_wconf 87' lang='lat' dir='ltr'>aiebat:</span> <span class='ocrx_word' id='word_1_91' title='bbox 3425 944 3443 984; x_wconf 76' lang='grc' dir='ltr'>ι</span> <span class='ocrx_word' id='word_1_92' title='bbox 3477 927 3535 989; x_wconf 88' lang='lat' dir='ltr'>Si</span> <span class='ocrx_word' id='word_1_93' title='bbox 3571 934 3679 990; x_wconf 90' lang='lat' dir='ltr'>ini-</span> 
     </span>
    </p>
   </div>
   <div class='ocr_carea' id='block_1_12' title="bbox 361 1025 1987 1101">
    <p class='ocr_par' dir='ltr' id='par_1_12' title="bbox 361 1026 1965 1101">
     <span class='ocr_line' id='line_1_12' title="bbox 361 1026 1965 1101; baseline -0.001 -19"><span class='ocrx_word' id='word_1_94' title='bbox 361 1027 764 1101; x_wconf 79' lang='grc' dir='ltr'>μεταγνώσεως</span> <span class='ocrx_word' id='word_1_95' title='bbox 789 1026 1139 1100; x_wconf 79' lang='grc' dir='ltr'>καθαρισμοῦ</span> <span class='ocrx_word' id='word_1_96' title='bbox 1198 1026 1293 1080; x_wconf 69' lang='grc' dir='ltr'>καὶ</span> <span class='ocrx_word' id='word_1_97' title='bbox 1320 1027 1628 1098; x_wconf 80' lang='grc' dir='ltr'>ἀμνηστίας</span> <span class='ocrx_word' id='word_1_98' title='bbox 1663 1044 1965 1098; x_wconf 87' lang='grc' dir='ltr'>παραπτω-</span> 
     </span>
    </p>
   </div>
   <div class='ocr_carea' id='block_1_13' title="bbox 2052 1025 3678 1101">
    <p class='ocr_par' dir='ltr' id='par_1_13' title="bbox 2067 1025 3678 1099">
     <span class='ocr_line' id='line_1_13' title="bbox 2067 1025 3678 1099; baseline 0.004 -21"><span class='ocrx_word' id='word_1_99' title='bbox 2067 1025 2310 1095; x_wconf 89' lang='lat' dir='ltr'>quitates</span> <span class='ocrx_word' id='word_1_100' title='bbox 2339 1025 2749 1090; x_wconf 84' lang='lat' dir='ltr'>observaveris,</span> <span class='ocrx_word' id='word_1_101' title='bbox 2786 1025 3039 1091; x_wconf 91' lang='lat' dir='ltr'>Domine,</span> <span class='ocrx_word' id='word_1_102' title='bbox 3070 1026 3325 1093; x_wconf 86' lang='lat' dir='ltr'>Domine,</span> <span class='ocrx_word' id='word_1_103' title='bbox 3359 1027 3486 1099; x_wconf 85' lang='lat' dir='ltr'>quis</span> <span class='ocrx_word' id='word_1_104' title='bbox 3513 1029 3678 1085; x_wconf 89' lang='lat' dir='ltr'>susti-</span> 
     </span>
    </p>
   </div>
   <div class='ocr_carea' id='block_1_14' title="bbox 359 1118 1985 1194">
    <p class='ocr_par' dir='ltr' id='par_1_14' title="bbox 359 1118 1967 1194">
     <span class='ocr_line' id='line_1_14' title="bbox 359 1118 1967 1194; baseline -0.002 -18"><span class='ocrx_word' id='word_1_105' title='bbox 359 1121 568 1194; x_wconf 87' lang='grc' dir='ltr'>μάτων.</span> <span class='ocrx_word' id='word_1_106' title='bbox 595 1121 706 1174; x_wconf 71' lang='grc' dir='ltr'>Καὶ</span> <span class='ocrx_word' id='word_1_107' title='bbox 738 1119 898 1174; x_wconf 90' lang='grc' dir='ltr'>τοῦτο</span> <span class='ocrx_word' id='word_1_108' title='bbox 929 1119 1125 1186; x_wconf 84' lang='grc' dir='ltr'>εἰδὼςό</span> <span class='ocrx_word' id='word_1_109' title='bbox 1145 1119 1287 1183; x_wconf 86' lang='grc' dir='ltr'>θεῖος</span> <span class='ocrx_word' id='word_1_110' title='bbox 1320 1118 1425 1192; x_wconf 80' lang='grc' dir='ltr'>ἔφη</span> <span class='ocrx_word' id='word_1_111' title='bbox 1455 1119 1640 1175; x_wconf 88' lang='grc' dir='ltr'>Δαϐίδ.</span> <span class='ocrx_word' id='word_1_112' title='bbox 1668 1137 1687 1172; x_wconf 78' lang='grc' dir='ltr'>ι</span> <span class='ocrx_word' id='word_1_113' title='bbox 1717 1120 1842 1175; x_wconf 77' lang='grc' dir='ltr'>Ἐὰν</span> <span class='ocrx_word' id='word_1_114' title='bbox 1878 1121 1967 1174; x_wconf 80' lang='grc' dir='ltr'>ἀν·</span> 
     </span>
    </p>
   </div>
   <div class='ocr_carea' id='block_1_15' title="bbox 2050 1118 3676 1194">
    <p class='ocr_par' dir='ltr' id='par_1_15' title="bbox 2068 1118 3676 1194">
     <span class='ocr_line' id='line_1_15' title="bbox 2068 1118 3676 1194; baseline 0.002 -22"><span class='ocrx_word' id='word_1_115' title='bbox 2068 1119 2225 1174; x_wconf 89' lang='lat' dir='ltr'>nebit</span> <span class='ocrx_word' id='word_1_116' title='bbox 2256 1119 2334 1173; x_wconf 76' lang='lat' dir='ltr'>&quot;‘l</span> <span class='ocrx_word' id='word_1_117' title='bbox 2374 1139 2392 1170; x_wconf 84' lang='grc'>›</span> <span class='ocrx_word' id='word_1_118' title='bbox 2424 1118 2626 1174; x_wconf 56' lang='lat' dir='ltr'>Haedus</span> <span class='ocrx_word' id='word_1_119' title='bbox 2647 1119 2815 1190; x_wconf 79' lang='lat' dir='ltr'>igitur</span> <span class='ocrx_word' id='word_1_120' title='bbox 2838 1134 2940 1190; x_wconf 88' lang='lat' dir='ltr'>pro</span> <span class='ocrx_word' id='word_1_121' title='bbox 2970 1120 3297 1177; x_wconf 80' lang='lat' dir='ltr'>remissione</span> <span class='ocrx_word' id='word_1_122' title='bbox 3320 1131 3676 1194; x_wconf 85' lang='lat' dir='ltr'>peccatorum</span> 
     </span>
    </p>
   </div>
   <div class='ocr_carea' id='block_1_16' title="bbox 357 1211 1983 1287">
    <p class='ocr_par' dir='ltr' id='par_1_16' title="bbox 357 1211 1959 1287">
     <span class='ocr_line' id='line_1_16' title="bbox 357 1211 1959 1287; baseline -0.002 -19"><span class='ocrx_word' id='word_1_123' title='bbox 357 1213 522 1286; x_wconf 88' lang='grc' dir='ltr'>ομίας</span> <span class='ocrx_word' id='word_1_124' title='bbox 538 1214 962 1287; x_wconf 82' lang='grc' dir='ltr'>παρατηρήσῃς,</span> <span class='ocrx_word' id='word_1_125' title='bbox 988 1212 1184 1285; x_wconf 85' lang='grc' dir='ltr'>Κύριε,</span> <span class='ocrx_word' id='word_1_126' title='bbox 1203 1211 1402 1284; x_wconf 83' lang='grc' dir='ltr'>Κύριε,</span> <span class='ocrx_word' id='word_1_127' title='bbox 1419 1212 1504 1278; x_wconf 88' lang='grc' dir='ltr'>τίς</span> <span class='ocrx_word' id='word_1_128' title='bbox 1522 1213 1892 1285; x_wconf 85' lang='grc' dir='ltr'>ὑποστήσεται</span> <span class='ocrx_word' id='word_1_129' title='bbox 1911 1231 1924 1278; x_wconf 77' lang='grc' dir='ltr'>ς</span> <span class='ocrx_word' id='word_1_130' title='bbox 1943 1233 1959 1264; x_wconf 74' lang='grc' dir='ltr'>ι</span> 
     </span>
    </p>
   </div>
   <div class='ocr_carea' id='block_1_17' title="bbox 2051 1211 3677 1287">
    <p class='ocr_par' dir='ltr' id='par_1_17' title="bbox 2069 1211 3677 1286">
     <span class='ocr_line' id='line_1_17' title="bbox 2069 1211 3677 1286; baseline 0.004 -20"><span class='ocrx_word' id='word_1_131' title='bbox 2069 1211 2328 1278; x_wconf 71' lang='lat' dir='ltr'>offertur,</span> <span class='ocrx_word' id='word_1_132' title='bbox 2364 1213 2522 1284; x_wconf 71' lang='lat' dir='ltr'>juxta</span> <span class='ocrx_word' id='word_1_133' title='bbox 2554 1222 2802 1268; x_wconf 84' lang='lat' dir='ltr'>veterem</span> <span class='ocrx_word' id='word_1_134' title='bbox 2846 1213 3044 1284; x_wconf 90' lang='lat' dir='ltr'>legem,</span> <span class='ocrx_word' id='word_1_135' title='bbox 3077 1224 3133 1270; x_wconf 89' lang='lat' dir='ltr'>et</span> <span class='ocrx_word' id='word_1_136' title='bbox 3160 1231 3309 1270; x_wconf 90' lang='lat' dir='ltr'>nunc</span> <span class='ocrx_word' id='word_1_137' title='bbox 3345 1216 3677 1286; x_wconf 75' lang='lat' dir='ltr'>pcenitentia</span> 
     </span>
    </p>
   </div>
   <div class='ocr_carea' id='block_1_18' title="bbox 358 1303 1984 1384">
    <p class='ocr_par' dir='ltr' id='par_1_18' title="bbox 358 1303 1966 1380">
     <span class='ocr_line' id='line_1_18' title="bbox 358 1303 1966 1380; baseline -0.001 -18"><span class='ocrx_word' id='word_1_138' title='bbox 358 1308 612 1380; x_wconf 84' lang='grc' dir='ltr'>Χίμαρος</span> <span class='ocrx_word' id='word_1_139' title='bbox 639 1308 704 1379; x_wconf 84' lang='grc' dir='ltr'>δὴ</span> <span class='ocrx_word' id='word_1_140' title='bbox 727 1303 824 1362; x_wconf 83' lang='grc' dir='ltr'>οὖν</span> <span class='ocrx_word' id='word_1_141' title='bbox 854 1309 915 1361; x_wconf 85' lang='grc' dir='ltr'>τὸ</span> <span class='ocrx_word' id='word_1_142' title='bbox 929 1307 1069 1380; x_wconf 78' lang='grc' dir='ltr'>ὑπὲρ</span> <span class='ocrx_word' id='word_1_143' title='bbox 1090 1307 1342 1378; x_wconf 84' lang='grc' dir='ltr'>ἀφέσεως</span> <span class='ocrx_word' id='word_1_144' title='bbox 1366 1305 1537 1379; x_wconf 88' lang='grc' dir='ltr'>θῦμα,</span> <span class='ocrx_word' id='word_1_145' title='bbox 1567 1307 1708 1362; x_wconf 83' lang='grc' dir='ltr'>κατά</span> <span class='ocrx_word' id='word_1_146' title='bbox 1728 1307 1821 1362; x_wconf 73' lang='grc' dir='ltr'>τὸν</span> <span class='ocrx_word' id='word_1_147' title='bbox 1855 1308 1966 1361; x_wconf 67' lang='grc' dir='ltr'>πάι</span> 
     </span>
    </p>
   </div>
   <div class='ocr_carea' id='block_1_19' title="bbox 2048 1303 3674 1384">
    <p class='ocr_par' dir='ltr' id='par_1_19' title="bbox 2069 1305 3674 1384">
     <span class='ocr_line' id='line_1_19' title="bbox 2069 1305 3674 1384; baseline 0.004 -24"><span class='ocrx_word' id='word_1_148' title='bbox 2069 1317 2127 1362; x_wconf 90' lang='lat' dir='ltr'>et</span> <span class='ocrx_word' id='word_1_149' title='bbox 2163 1305 2462 1362; x_wconf 78' lang='lat' dir='ltr'>oblivionis</span> <span class='ocrx_word' id='word_1_150' title='bbox 2491 1306 2688 1376; x_wconf 84' lang='lat' dir='ltr'>petitio</span> <span class='ocrx_word' id='word_1_151' title='bbox 2721 1313 2974 1362; x_wconf 86' lang='lat' dir='ltr'>nostrum</span> <span class='ocrx_word' id='word_1_152' title='bbox 2997 1317 3083 1364; x_wconf 90' lang='lat' dir='ltr'>est</span> <span class='ocrx_word' id='word_1_153' title='bbox 3105 1309 3438 1365; x_wconf 88' lang='lat' dir='ltr'>sacriﬁcium</span> <span class='ocrx_word' id='word_1_154' title='bbox 3463 1310 3520 1366; x_wconf 92' lang='lat' dir='ltr'>in</span> <span class='ocrx_word' id='word_1_155' title='bbox 3559 1312 3674 1384; x_wconf 84' lang='lat' dir='ltr'>spi-</span> 
     </span>
    </p>
   </div>
   <div class='ocr_carea' id='block_1_20' title="bbox 356 1397 1982 1472">
    <p class='ocr_par' dir='ltr' id='par_1_20' title="bbox 356 1397 1967 1472">
     <span class='ocr_line' id='line_1_20' title="bbox 356 1397 1967 1472; baseline 0.001 -20"><span class='ocrx_word' id='word_1_156' title='bbox 356 1398 446 1454; x_wconf 89' lang='grc' dir='ltr'>λαι</span> <span class='ocrx_word' id='word_1_157' title='bbox 481 1401 669 1472; x_wconf 84' lang='grc' dir='ltr'>νόμον.</span> <span class='ocrx_word' id='word_1_158' title='bbox 705 1399 1064 1470; x_wconf 78' lang='grc' dir='ltr'>Μετάγνωσις</span> <span class='ocrx_word' id='word_1_159' title='bbox 1090 1399 1146 1454; x_wconf 84' lang='grc' dir='ltr'>δὲ</span> <span class='ocrx_word' id='word_1_160' title='bbox 1193 1397 1316 1454; x_wconf 77' lang='grc' dir='ltr'>νυνὶ</span> <span class='ocrx_word' id='word_1_161' title='bbox 1349 1400 1445 1454; x_wconf 77' lang='grc' dir='ltr'>καὶ</span> <span class='ocrx_word' id='word_1_162' title='bbox 1472 1399 1784 1472; x_wconf 81' lang='grc' dir='ltr'>ἀμνηστίας</span> <span class='ocrx_word' id='word_1_163' title='bbox 1818 1401 1967 1471; x_wconf 86' lang='grc' dir='ltr'>αἴτη-</span> 
     </span>
    </p>
   </div>
   <div class='ocr_carea' id='block_1_21' title="bbox 2040 1397 3666 1472">
    <p class='ocr_par' dir='ltr' id='par_1_21' title="bbox 2073 1399 3666 1458">
     <span class='ocr_line' id='line_1_21' title="bbox 2073 1399 3666 1458; baseline 0.001 -3"><span class='ocrx_word' id='word_1_164' title='bbox 2073 1401 2183 1456; x_wconf 90' lang='lat' dir='ltr'>ritu</span> <span class='ocrx_word' id='word_1_165' title='bbox 2234 1409 2290 1456; x_wconf 93' lang='lat' dir='ltr'>et</span> <span class='ocrx_word' id='word_1_166' title='bbox 2327 1401 2563 1456; x_wconf 77' lang='lat' dir='ltr'>veritate</span> <span class='ocrx_word' id='word_1_167' title='bbox 2618 1399 2687 1455; x_wconf 90' lang='lat' dir='ltr'>ad</span> <span class='ocrx_word' id='word_1_168' title='bbox 2745 1399 2919 1454; x_wconf 90' lang='lat' dir='ltr'>Deum</span> <span class='ocrx_word' id='word_1_169' title='bbox 2970 1400 3373 1456; x_wconf 87' lang='lat' dir='ltr'>accedentium.</span> <span class='ocrx_word' id='word_1_170' title='bbox 3436 1423 3454 1453; x_wconf 76' lang='grc' dir='ltr'>ι</span> <span class='ocrx_word' id='word_1_171' title='bbox 3513 1403 3611 1458; x_wconf 89' lang='lat' dir='ltr'>Dic</span> <span class='ocrx_word' id='word_1_172' title='bbox 3650 1424 3666 1456; x_wconf 79' lang='grc' dir='ltr'>ι</span> 
     </span>
    </p>
   </div>
   <div class='ocr_carea' id='block_1_22' title="bbox 358 1491 1984 1568">
    <p class='ocr_par' dir='ltr' id='par_1_22' title="bbox 358 1492 1969 1566">
     <span class='ocr_line' id='line_1_22' title="bbox 358 1492 1969 1566; baseline 0 -18"><span class='ocrx_word' id='word_1_173' title='bbox 358 1511 444 1559; x_wconf 88' lang='grc' dir='ltr'>σις</span> <span class='ocrx_word' id='word_1_174' title='bbox 471 1493 534 1548; x_wconf 87' lang='grc' dir='ltr'>τὸ</span> <span class='ocrx_word' id='word_1_175' title='bbox 569 1492 693 1546; x_wconf 84' lang='grc' dir='ltr'>καθ’</span> <span class='ocrx_word' id='word_1_176' title='bbox 734 1494 885 1564; x_wconf 78' lang='grc' dir='ltr'>ἡμᾶς</span> <span class='ocrx_word' id='word_1_177' title='bbox 919 1494 1136 1566; x_wconf 86' lang='grc' dir='ltr'>ἱερεῖον,</span> <span class='ocrx_word' id='word_1_178' title='bbox 1182 1493 1309 1560; x_wconf 82' lang='grc' dir='ltr'>τοὺς</span> <span class='ocrx_word' id='word_1_179' title='bbox 1343 1495 1403 1548; x_wconf 90' lang='grc' dir='ltr'>ἐν</span> <span class='ocrx_word' id='word_1_180' title='bbox 1450 1493 1728 1565; x_wconf 88' lang='grc' dir='ltr'>πνεύματί</span> <span class='ocrx_word' id='word_1_181' title='bbox 1773 1511 1833 1547; x_wconf 86' lang='grc' dir='ltr'>τε</span> <span class='ocrx_word' id='word_1_182' title='bbox 1875 1496 1969 1548; x_wconf 79' lang='grc' dir='ltr'>καὶ</span> 
     </span>
    </p>
   </div>
   <div class='ocr_carea' id='block_1_23' title="bbox 2049 1491 3675 1568">
    <p class='ocr_par' dir='ltr' id='par_1_23' title="bbox 2071 1491 3675 1568">
     <span class='ocr_line' id='line_1_23' title="bbox 2071 1491 3675 1568; baseline 0.001 -18"><span class='ocrx_word' id='word_1_183' title='bbox 2071 1495 2243 1561; x_wconf 88' lang='lat' dir='ltr'>enim,</span> <span class='ocrx_word' id='word_1_184' title='bbox 2302 1495 2502 1565; x_wconf 86' lang='lat' dir='ltr'>inquit,</span> <span class='ocrx_word' id='word_1_185' title='bbox 2545 1513 2562 1545; x_wconf 81' lang='grc' dir='ltr'>ι</span> <span class='ocrx_word' id='word_1_186' title='bbox 2601 1502 2661 1548; x_wconf 85' lang='lat' dir='ltr'>tu</span> <span class='ocrx_word' id='word_1_187' title='bbox 2693 1492 2847 1564; x_wconf 89' lang='lat' dir='ltr'>prior</span> <span class='ocrx_word' id='word_1_188' title='bbox 2873 1491 3214 1564; x_wconf 60' lang='lat' dir='ltr'>[iniquitates</span> <span class='ocrx_word' id='word_1_189' title='bbox 3249 1502 3392 1560; x_wconf 89' lang='lat' dir='ltr'>tuas,</span> <span class='ocrx_word' id='word_1_190' title='bbox 3417 1502 3478 1550; x_wconf 88' lang='lat' dir='ltr'>ut</span> <span class='ocrx_word' id='word_1_191' title='bbox 3509 1497 3675 1568; x_wconf 89' lang='lat' dir='ltr'>justi-</span> 
     </span>
    </p>
   </div>
   <div class='ocr_carea' id='block_1_24' title="bbox 355 1583 1981 1658">
    <p class='ocr_par' dir='ltr' id='par_1_24' title="bbox 355 1583 1966 1658">
     <span class='ocr_line' id='line_1_24' title="bbox 355 1583 1966 1658; baseline -0.001 -18"><span class='ocrx_word' id='word_1_192' title='bbox 355 1585 590 1658; x_wconf 76' lang='grc' dir='ltr'>ἀληθείᾳ</span> <span class='ocrx_word' id='word_1_193' title='bbox 650 1585 977 1657; x_wconf 84' lang='grc' dir='ltr'>προσιόντας</span> <span class='ocrx_word' id='word_1_194' title='bbox 1024 1583 1165 1656; x_wconf 80' lang='grc' dir='ltr'>Θεῷ.</span> <span class='ocrx_word' id='word_1_195' title='bbox 1210 1604 1227 1636; x_wconf 89' lang='grc' dir='ltr'>ι</span> <span class='ocrx_word' id='word_1_196' title='bbox 1268 1584 1412 1652; x_wconf 83' lang='grc' dir='ltr'><strong>Λέγε</strong></span> <span class='ocrx_word' id='word_1_197' title='bbox 1484 1585 1628 1658; x_wconf 82' lang='grc' dir='ltr'>γὰρ,</span> <span class='ocrx_word' id='word_1_198' title='bbox 1693 1584 1862 1658; x_wconf 73' lang='grc' dir='ltr'>φησὶ,</span> <span class='ocrx_word' id='word_1_199' title='bbox 1901 1585 1966 1638; x_wconf 79' lang='grc' dir='ltr'>σὺ</span> 
     </span>
    </p>
   </div>
   <div class='ocr_carea' id='block_1_25' title="bbox 2049 1583 3675 1658">
    <p class='ocr_par' dir='ltr' id='par_1_25' title="bbox 2073 1585 3675 1656">
     <span class='ocr_line' id='line_1_25' title="bbox 2073 1585 3675 1656; baseline 0.001 -14"><span class='ocrx_word' id='word_1_200' title='bbox 2073 1587 2256 1643; x_wconf 90' lang='lat' dir='ltr'>ﬁceris</span> <span class='ocrx_word' id='word_1_201' title='bbox 2299 1587 2363 1642; x_wconf 81' lang='grc'>⁸³,</span> <span class='ocrx_word' id='word_1_202' title='bbox 2420 1606 2436 1636; x_wconf 76' lang='grc' dir='ltr'>ι</span> <span class='ocrx_word' id='word_1_203' title='bbox 2479 1585 2672 1641; x_wconf 89' lang='lat' dir='ltr'>Psallit</span> <span class='ocrx_word' id='word_1_204' title='bbox 2703 1585 2871 1640; x_wconf 88' lang='lat' dir='ltr'>etiam</span> <span class='ocrx_word' id='word_1_205' title='bbox 2917 1585 3168 1656; x_wconf 84' lang='lat' dir='ltr'>profecto</span> <span class='ocrx_word' id='word_1_206' title='bbox 3214 1586 3427 1642; x_wconf 89' lang='lat' dir='ltr'>David:</span> <span class='ocrx_word' id='word_1_207' title='bbox 3475 1608 3492 1640; x_wconf 83' lang='grc' dir='ltr'>ι</span> <span class='ocrx_word' id='word_1_208' title='bbox 3532 1587 3675 1643; x_wconf 88' lang='lat' dir='ltr'>Dixi:</span> 
     </span>
    </p>
   </div>
   <div class='ocr_carea' id='block_1_26' title="bbox 353 1673 1979 1754">
    <p class='ocr_par' dir='ltr' id='par_1_26' title="bbox 353 1673 1968 1748">
     <span class='ocr_line' id='line_1_26' title="bbox 353 1673 1968 1748; baseline -0.001 -18"><span class='ocrx_word' id='word_1_209' title='bbox 353 1675 456 1740; x_wconf 70' lang='grc' dir='ltr'>τὰς</span> <span class='ocrx_word' id='word_1_210' title='bbox 488 1677 768 1748; x_wconf 81' lang='grc' dir='ltr'>ἁμαρτίας</span> <span class='ocrx_word' id='word_1_211' title='bbox 813 1691 909 1728; x_wconf 89' lang='grc' dir='ltr'>σου</span> <span class='ocrx_word' id='word_1_212' title='bbox 944 1673 1186 1744; x_wconf 80' lang='grc' dir='ltr'>πρῶτος,</span> <span class='ocrx_word' id='word_1_213' title='bbox 1217 1674 1308 1729; x_wconf 82' lang='grc' dir='ltr'>ἵνα</span> <span class='ocrx_word' id='word_1_214' title='bbox 1339 1673 1662 1747; x_wconf 75' lang='grc' dir='ltr'>δικαιωθῇς.</span> <span class='ocrx_word' id='word_1_215' title='bbox 1705 1693 1723 1726; x_wconf 69' lang='grc' dir='ltr'>ι</span> <span class='ocrx_word' id='word_1_216' title='bbox 1760 1674 1968 1730; x_wconf 76' lang='grc' dir='ltr'>Ψάλλει</span> 
     </span>
    </p>
   </div>
   <div class='ocr_carea' id='block_1_27' title="bbox 2053 1673 3679 1754">
    <p class='ocr_par' dir='ltr' id='par_1_27' title="bbox 2071 1678 3679 1754">
     <span class='ocr_line' id='line_1_27' title="bbox 2071 1678 3679 1754; baseline 0.001 -18"><span class='ocrx_word' id='word_1_217' title='bbox 2071 1679 2391 1754; x_wconf 82' lang='lat' dir='ltr'>Conﬁteer</span> <span class='ocrx_word' id='word_1_218' title='bbox 2411 1679 2707 1735; x_wconf 86' lang='lat' dir='ltr'>adversum</span> <span class='ocrx_word' id='word_1_219' title='bbox 2731 1695 2819 1735; x_wconf 91' lang='lat' dir='ltr'>me</span> <span class='ocrx_word' id='word_1_220' title='bbox 2843 1678 3174 1750; x_wconf 87' lang='lat' dir='ltr'>injustitiam</span> <span class='ocrx_word' id='word_1_221' title='bbox 3190 1696 3369 1736; x_wconf 91' lang='lat' dir='ltr'>meam</span> <span class='ocrx_word' id='word_1_222' title='bbox 3389 1680 3556 1753; x_wconf 80' lang='lat'><strong>369</strong></span> <span class='ocrx_word' id='word_1_223' title='bbox 3572 1682 3679 1738; x_wconf 78' lang='lat' dir='ltr'>Do—</span> 
     </span>
    </p>
   </div>
   <div class='ocr_carea' id='block_1_28' title="bbox 353 1761 1979 1842">
    <p class='ocr_par' dir='ltr' id='par_1_28' title="bbox 353 1761 1967 1840">
     <span class='ocr_line' id='line_1_28' title="bbox 353 1761 1967 1840; baseline 0 -18"><span class='ocrx_word' id='word_1_224' title='bbox 353 1768 412 1822; x_wconf 85' lang='grc' dir='ltr'>δέ</span> <span class='ocrx_word' id='word_1_225' title='bbox 444 1786 550 1822; x_wconf 88' lang='grc' dir='ltr'>που</span> <span class='ocrx_word' id='word_1_226' title='bbox 589 1769 687 1822; x_wconf 80' lang='grc' dir='ltr'>καὶ</span> <span class='ocrx_word' id='word_1_227' title='bbox 714 1769 742 1820; x_wconf 85' lang='grc' dir='ltr'>ὁ</span> <span class='ocrx_word' id='word_1_228' title='bbox 770 1767 954 1822; x_wconf 76' lang='grc' dir='ltr'>Δαϐίδο</span> <span class='ocrx_word' id='word_1_229' title='bbox 993 1788 1010 1820; x_wconf 82' lang='grc' dir='ltr'>ι</span> <span class='ocrx_word' id='word_1_230' title='bbox 1060 1761 1226 1832; x_wconf 82' lang='grc' dir='ltr'>Εἷπα,</span> <span class='ocrx_word' id='word_1_231' title='bbox 1271 1767 1650 1839; x_wconf 79' lang='grc' dir='ltr'>Ἐξαγορεύσω</span> <span class='ocrx_word' id='word_1_232' title='bbox 1679 1768 1800 1821; x_wconf 76' lang='grc' dir='ltr'>κατ’</span> <span class='ocrx_word' id='word_1_233' title='bbox 1835 1768 1967 1840; x_wconf 87' lang='grc' dir='ltr'>ἐμοῦ</span> 
     </span>
    </p>
   </div>
   <div class='ocr_carea' id='block_1_29' title="bbox 2043 1761 3669 1842">
    <p class='ocr_par' dir='ltr' id='par_1_29' title="bbox 2074 1770 3669 1842">
     <span class='ocr_line' id='line_1_29' title="bbox 2074 1770 3669 1842; baseline 0 -16"><span class='ocrx_word' id='word_1_234' title='bbox 2074 1773 2248 1838; x_wconf 91' lang='lat' dir='ltr'>mino,</span> <span class='ocrx_word' id='word_1_235' title='bbox 2305 1781 2362 1828; x_wconf 90' lang='lat' dir='ltr'>et</span> <span class='ocrx_word' id='word_1_236' title='bbox 2386 1780 2443 1826; x_wconf 86' lang='lat' dir='ltr'>tu</span> <span class='ocrx_word' id='word_1_237' title='bbox 2482 1771 2744 1827; x_wconf 89' lang='lat' dir='ltr'>remisisti</span> <span class='ocrx_word' id='word_1_238' title='bbox 2791 1770 3132 1842; x_wconf 88' lang='lat' dir='ltr'>impietatem</span> <span class='ocrx_word' id='word_1_239' title='bbox 3169 1773 3356 1830; x_wconf 87' lang='lat' dir='ltr'>cordis</span> <span class='ocrx_word' id='word_1_240' title='bbox 3396 1774 3506 1830; x_wconf 89' lang='lat' dir='ltr'>mei</span> <span class='ocrx_word' id='word_1_241' title='bbox 3538 1775 3602 1829; x_wconf 73' lang='lat'>“.</span> <span class='ocrx_word' id='word_1_242' title='bbox 3651 1793 3669 1826; x_wconf 80' lang='grc' dir='ltr'>ι</span> 
     </span>
    </p>
   </div>
   <div class='ocr_carea' id='block_1_30' title="bbox 357 1859 1983 1939">
    <p class='ocr_par' dir='ltr' id='par_1_30' title="bbox 357 1859 1968 1933">
     <span class='ocr_line' id='line_1_30' title="bbox 357 1859 1968 1933; baseline -0.001 -18"><span class='ocrx_word' id='word_1_243' title='bbox 357 1861 456 1932; x_wconf 82' lang='grc' dir='ltr'>τῆν</span> <span class='ocrx_word' id='word_1_244' title='bbox 473 1861 751 1933; x_wconf 77' lang='grc' dir='ltr'>ἁμαρτίαν</span> <span class='ocrx_word' id='word_1_245' title='bbox 781 1877 882 1932; x_wconf 89' lang='grc' dir='ltr'>μου</span> <span class='ocrx_word' id='word_1_246' title='bbox 909 1859 987 1932; x_wconf 81' lang='grc' dir='ltr'>τῷ</span> <span class='ocrx_word' id='word_1_247' title='bbox 1013 1859 1226 1931; x_wconf 85' lang='grc' dir='ltr'>Κυρίῳ,</span> <span class='ocrx_word' id='word_1_248' title='bbox 1257 1859 1353 1914; x_wconf 80' lang='grc' dir='ltr'>καὶ</span> <span class='ocrx_word' id='word_1_249' title='bbox 1379 1860 1443 1913; x_wconf 81' lang='grc' dir='ltr'>σὺ</span> <span class='ocrx_word' id='word_1_250' title='bbox 1469 1861 1688 1932; x_wconf 78' lang='grc' dir='ltr'>ἀφῆκας</span> <span class='ocrx_word' id='word_1_251' title='bbox 1715 1859 1816 1932; x_wconf 83' lang='grc' dir='ltr'>τὴν</span> <span class='ocrx_word' id='word_1_252' title='bbox 1837 1860 1968 1914; x_wconf 79' lang='grc' dir='ltr'>ἀσέ-</span> 
     </span>
    </p>
   </div>
   <div class='ocr_carea' id='block_1_31' title="bbox 2051 1859 3677 1939">
    <p class='ocr_par' dir='ltr' id='par_1_31' title="bbox 2073 1863 3677 1939">
     <span class='ocr_line' id='line_1_31' title="bbox 2073 1863 3677 1939; baseline 0.001 -19"><span class='ocrx_word' id='word_1_253' title='bbox 2073 1865 2242 1922; x_wconf 86' lang='lat' dir='ltr'>Estne</span> <span class='ocrx_word' id='word_1_254' title='bbox 2277 1866 2388 1938; x_wconf 82' lang='lat' dir='ltr'>jam</span> <span class='ocrx_word' id='word_1_255' title='bbox 2434 1865 2533 1921; x_wconf 91' lang='lat' dir='ltr'>tibi</span> <span class='ocrx_word' id='word_1_256' title='bbox 2578 1863 2798 1921; x_wconf 86' lang='lat' dir='ltr'>tandem</span> <span class='ocrx_word' id='word_1_257' title='bbox 2843 1863 2992 1921; x_wconf 89' lang='lat' dir='ltr'>illius</span> <span class='ocrx_word' id='word_1_258' title='bbox 3025 1865 3323 1922; x_wconf 88' lang='lat' dir='ltr'>oblationis</span> <span class='ocrx_word' id='word_1_259' title='bbox 3363 1867 3677 1939; x_wconf 87' lang='lat' dir='ltr'>principum</span> 
     </span>
    </p>
   </div>
   <div class='ocr_carea' id='block_1_32' title="bbox 355 1938 1981 2030">
    <p class='ocr_par' dir='ltr' id='par_1_32' title="bbox 355 1949 1968 2027">
     <span class='ocr_line' id='line_1_32' title="bbox 355 1949 1968 2027; baseline 0.001 -20"><span class='ocrx_word' id='word_1_260' title='bbox 355 1954 511 2010; x_wconf 89' lang='grc' dir='ltr'>ϐειαν</span> <span class='ocrx_word' id='word_1_261' title='bbox 547 1957 647 2027; x_wconf 86' lang='grc' dir='ltr'>τῆς</span> <span class='ocrx_word' id='word_1_262' title='bbox 701 1953 936 2026; x_wconf 84' lang='grc' dir='ltr'>καρδίας</span> <span class='ocrx_word' id='word_1_263' title='bbox 981 1971 1108 2026; x_wconf 89' lang='grc' dir='ltr'>μου.</span> <span class='ocrx_word' id='word_1_264' title='bbox 1161 1972 1179 2006; x_wconf 84' lang='grc'>›</span> <span class='ocrx_word' id='word_1_265' title='bbox 1221 1949 1372 2025; x_wconf 73' lang='grc' dir='ltr'>Ἀρά</span> <span class='ocrx_word' id='word_1_266' title='bbox 1403 1971 1486 2008; x_wconf 91' lang='grc' dir='ltr'>σοι</span> <span class='ocrx_word' id='word_1_267' title='bbox 1515 1953 1703 2009; x_wconf 83' lang='grc' dir='ltr'>λοιπὸν</span> <span class='ocrx_word' id='word_1_268' title='bbox 1734 1954 1915 2026; x_wconf 78' lang='grc' dir='ltr'>σαφὴς</span> <span class='ocrx_word' id='word_1_269' title='bbox 1940 1955 1968 2008; x_wconf 81' lang='grc' dir='ltr'>ό</span> 
     </span>
    </p>
   </div>
   <div class='ocr_carea' id='block_1_33' title="bbox 941 1938 2567 2030">
    <p class='ocr_par' dir='ltr' id='par_1_33' title="bbox 981 1938 2567 2030">
     <span class='ocr_line' id='line_1_33' title="bbox 981 1938 2567 2030; baseline 0.003 -22"><span class='ocrx_word' id='word_1_270' title='bbox 981 1971 1108 2026; x_wconf 89' lang='grc' dir='ltr'>μου.</span> <span class='ocrx_word' id='word_1_271' title='bbox 1161 1972 1179 2006; x_wconf 84' lang='grc'>›</span> <span class='ocrx_word' id='word_1_272' title='bbox 1221 1949 1372 2025; x_wconf 73' lang='grc' dir='ltr'>τΑρόι</span> <span class='ocrx_word' id='word_1_273' title='bbox 1403 1971 1486 2008; x_wconf 89' lang='grc' dir='ltr'>σοι</span> <span class='ocrx_word' id='word_1_274' title='bbox 1515 1953 1703 2009; x_wconf 83' lang='grc' dir='ltr'>λοιπὸν</span> <span class='ocrx_word' id='word_1_275' title='bbox 1734 1954 1915 2026; x_wconf 78' lang='grc' dir='ltr'>σαφὴς</span> <span class='ocrx_word' id='word_1_276' title='bbox 1940 1955 1968 2008; x_wconf 84' lang='grc' dir='ltr'>ό</span> <span class='ocrx_word' id='word_1_277' title='bbox 1999 1938 2040 1993; x_wconf 75' lang='grc' dir='ltr'><strong>Β</strong></span> <span class='ocrx_word' id='word_1_278' title='bbox 2071 1959 2210 2015; x_wconf 90' lang='lat' dir='ltr'>ratio</span> <span class='ocrx_word' id='word_1_279' title='bbox 2244 1958 2567 2030; x_wconf 72' lang='lat' dir='ltr'>perspicua?</span> 
     </span>
    </p>
   </div>
   <div class='ocr_carea' id='block_1_34' title="bbox 353 2047 1668 2121">
    <p class='ocr_par' dir='ltr' id='par_1_34' title="bbox 353 2047 1668 2121">
     <span class='ocr_line' id='line_1_34' title="bbox 353 2047 1668 2121; baseline -0.001 -18"><span class='ocrx_word' id='word_1_280' title='bbox 353 2048 517 2119; x_wconf 81' lang='grc' dir='ltr'>λόγος</span> <span class='ocrx_word' id='word_1_281' title='bbox 552 2050 682 2121; x_wconf 72' lang='grc' dir='ltr'>περὶ</span> <span class='ocrx_word' id='word_1_282' title='bbox 713 2050 814 2120; x_wconf 89' lang='grc' dir='ltr'>τῆς</span> <span class='ocrx_word' id='word_1_283' title='bbox 847 2049 957 2101; x_wconf 84' lang='grc' dir='ltr'>τῶν</span> <span class='ocrx_word' id='word_1_284' title='bbox 981 2047 1261 2120; x_wconf 83' lang='grc' dir='ltr'>ἀρχόντων</span> <span class='ocrx_word' id='word_1_285' title='bbox 1289 2048 1668 2120; x_wconf 73' lang='grc' dir='ltr'>δωροφορίας;</span> 
     </span>
    </p>
   </div>
   <div class='ocr_carea' id='block_1_35' title="bbox 429 2137 2055 2212">
    <p class='ocr_par' dir='ltr' id='par_1_35' title="bbox 429 2137 1245 2212">
     <span class='ocr_line' id='line_1_35' title="bbox 429 2137 1245 2212; baseline 0.001 -16"><span class='ocrx_word' id='word_1_286' title='bbox 429 2143 640 2196; x_wconf 79' lang='grc' dir='ltr'>ΠΑΛΛ.</span> <span class='ocrx_word' id='word_1_287' title='bbox 674 2141 824 2196; x_wconf 84' lang='grc' dir='ltr'>Πάνυ</span> <span class='ocrx_word' id='word_1_288' title='bbox 869 2141 968 2212; x_wconf 77' lang='grc' dir='ltr'>μὲν</span> <span class='ocrx_word' id='word_1_289' title='bbox 997 2137 1112 2196; x_wconf 79' lang='grc' dir='ltr'>οῦν.</span> <span class='ocrx_word' id='word_1_290' title='bbox 1242 2185 1245 2188; x_wconf 50' lang='grc'>‹</span> 
     </span>
    </p>
   </div>
   <div class='ocr_carea' id='block_1_36' title="bbox 1016 2137 2642 2212">
    <p class='ocr_par' dir='ltr' id='par_1_36' title="bbox 1016 2137 2642 2198">
     <span class='ocr_line' id='line_1_36' title="bbox 1016 2137 2642 2198; baseline 0 -3"><span class='ocrx_word' id='word_1_291' title='bbox 1016 2137 1112 2196; x_wconf 65' lang='grc' dir='ltr'>νῦν.</span> <span class='ocrx_word' id='word_1_292' title='bbox 1242 2185 1245 2188; x_wconf 45' lang='grc' dir='ltr'>ι</span> <span class='ocrx_word' id='word_1_293' title='bbox 2143 2143 2343 2198; x_wconf 77' lang='lat' dir='ltr'>PALL.</span> <span class='ocrx_word' id='word_1_294' title='bbox 2388 2143 2642 2197; x_wconf 79' lang='lat' dir='ltr'>Maxime.</span> 
     </span>
    </p>
   </div>
   <div class='ocr_carea' id='block_1_37' title="bbox 431 2231 2057 2308">
    <p class='ocr_par' dir='ltr' id='par_1_37' title="bbox 431 2231 1968 2308">
     <span class='ocr_line' id='line_1_37' title="bbox 431 2231 1968 2308; baseline -0.001 -18"><span class='ocrx_word' id='word_1_295' title='bbox 431 2239 598 2292; x_wconf 83' lang='grc' dir='ltr'>ΚΥΡ.</span> <span class='ocrx_word' id='word_1_296' title='bbox 632 2237 848 2308; x_wconf 85' lang='grc' dir='ltr'>Χρῆναι</span> <span class='ocrx_word' id='word_1_297' title='bbox 878 2237 937 2288; x_wconf 78' lang='grc' dir='ltr'>δὲ</span> <span class='ocrx_word' id='word_1_298' title='bbox 968 2231 1124 2308; x_wconf 75' lang='grc' dir='ltr'>οἶμαι</span> <span class='ocrx_word' id='word_1_299' title='bbox 1155 2236 1382 2289; x_wconf 76' lang='grc' dir='ltr'>κάκεῖνο</span> <span class='ocrx_word' id='word_1_300' title='bbox 1428 2235 1628 2301; x_wconf 79' lang='grc' dir='ltr'>εἰπεῖν,</span> <span class='ocrx_word' id='word_1_301' title='bbox 1661 2252 1968 2307; x_wconf 77' lang='grc' dir='ltr'>προσκεκοο</span> 
     </span>
    </p>
   </div>
   <div class='ocr_carea' id='block_1_38' title="bbox 2051 2231 3677 2308">
    <p class='ocr_par' dir='ltr' id='par_1_38' title="bbox 2133 2232 3677 2301">
     <span class='ocr_line' id='line_1_38' title="bbox 2133 2232 3677 2301; baseline 0 -9"><span class='ocrx_word' id='word_1_302' title='bbox 2133 2235 2292 2292; x_wconf 76' lang='lat' dir='ltr'><strong>CYR.</strong></span> <span class='ocrx_word' id='word_1_303' title='bbox 2328 2235 2468 2291; x_wconf 87' lang='lat' dir='ltr'>Illud</span> <span class='ocrx_word' id='word_1_304' title='bbox 2508 2234 2677 2290; x_wconf 88' lang='lat' dir='ltr'>etiam</span> <span class='ocrx_word' id='word_1_305' title='bbox 2719 2232 3016 2289; x_wconf 88' lang='lat' dir='ltr'>dicendum</span> <span class='ocrx_word' id='word_1_306' title='bbox 3052 2248 3176 2288; x_wconf 89' lang='lat' dir='ltr'>esse</span> <span class='ocrx_word' id='word_1_307' title='bbox 3213 2234 3476 2301; x_wconf 87' lang='lat' dir='ltr'>arbitror,</span> <span class='ocrx_word' id='word_1_308' title='bbox 3509 2236 3677 2292; x_wconf 88' lang='lat' dir='ltr'>allato</span> 
     </span>
    </p>
   </div>
   <div class='ocr_carea' id='block_1_39' title="bbox 357 2325 1983 2403">
    <p class='ocr_par' dir='ltr' id='par_1_39' title="bbox 357 2329 1966 2403">
     <span class='ocr_line' id='line_1_39' title="bbox 357 2329 1966 2403; baseline 0 -19"><span class='ocrx_word' id='word_1_309' title='bbox 357 2331 640 2403; x_wconf 83' lang='grc' dir='ltr'>μισμένης</span> <span class='ocrx_word' id='word_1_310' title='bbox 674 2330 786 2401; x_wconf 81' lang='grc' dir='ltr'>γὰρ</span> <span class='ocrx_word' id='word_1_311' title='bbox 829 2331 933 2403; x_wconf 67' lang='grc' dir='ltr'>ἤδη</span> <span class='ocrx_word' id='word_1_312' title='bbox 977 2329 1079 2400; x_wconf 85' lang='grc' dir='ltr'>τῆς</span> <span class='ocrx_word' id='word_1_313' title='bbox 1120 2333 1252 2402; x_wconf 79' lang='grc' dir='ltr'>παρ’</span> <span class='ocrx_word' id='word_1_314' title='bbox 1282 2329 1519 2384; x_wconf 75' lang='grc' dir='ltr'>ἑκάστου</span> <span class='ocrx_word' id='word_1_315' title='bbox 1569 2331 1662 2383; x_wconf 70' lang='grc' dir='ltr'>καὶ</span> <span class='ocrx_word' id='word_1_316' title='bbox 1716 2329 1792 2394; x_wconf 84' lang='grc' dir='ltr'>ὡς</span> <span class='ocrx_word' id='word_1_317' title='bbox 1822 2330 1966 2402; x_wconf 83' lang='grc' dir='ltr'>ὑπὲρ</span> 
     </span>
    </p>
   </div>
   <div class='ocr_carea' id='block_1_40' title="bbox 2051 2325 3677 2403">
    <p class='ocr_par' dir='ltr' id='par_1_40' title="bbox 2066 2325 3677 2402">
     <span class='ocr_line' id='line_1_40' title="bbox 2066 2325 3677 2402; baseline 0 -18"><span class='ocrx_word' id='word_1_318' title='bbox 2066 2331 2176 2402; x_wconf 86' lang='lat' dir='ltr'>jam</span> <span class='ocrx_word' id='word_1_319' title='bbox 2202 2345 2231 2383; x_wconf 90' lang='lat' dir='ltr'>a</span> <span class='ocrx_word' id='word_1_320' title='bbox 2259 2329 2495 2400; x_wconf 83' lang='lat' dir='ltr'>singulis</span> <span class='ocrx_word' id='word_1_321' title='bbox 2516 2326 2810 2392; x_wconf 89' lang='lat' dir='ltr'>sacriﬁcio,</span> <span class='ocrx_word' id='word_1_322' title='bbox 2836 2325 2986 2397; x_wconf 91' lang='lat' dir='ltr'>quod</span> <span class='ocrx_word' id='word_1_323' title='bbox 3011 2336 3270 2396; x_wconf 89' lang='lat' dir='ltr'>tanquam</span> <span class='ocrx_word' id='word_1_324' title='bbox 3293 2343 3395 2398; x_wconf 91' lang='lat' dir='ltr'>pro</span> <span class='ocrx_word' id='word_1_325' title='bbox 3417 2328 3677 2384; x_wconf 85' lang='lat' dir='ltr'>omnibus</span> 
     </span>
    </p>
   </div>
   <div class='ocr_carea' id='block_1_41' title="bbox 356 2417 1982 2494">
    <p class='ocr_par' dir='ltr' id='par_1_41' title="bbox 356 2421 1967 2494">
     <span class='ocr_line' id='line_1_41' title="bbox 356 2421 1967 2494; baseline -0.001 -16"><span class='ocrx_word' id='word_1_326' title='bbox 356 2423 581 2478; x_wconf 87' lang='grc' dir='ltr'>πάντων</span> <span class='ocrx_word' id='word_1_327' title='bbox 635 2423 852 2487; x_wconf 77' lang='grc' dir='ltr'>θυσίας,</span> <span class='ocrx_word' id='word_1_328' title='bbox 902 2423 1046 2494; x_wconf 81' lang='grc' dir='ltr'>ἀρχὴ</span> <span class='ocrx_word' id='word_1_329' title='bbox 1077 2423 1186 2476; x_wconf 84' lang='grc' dir='ltr'>τῶν</span> <span class='ocrx_word' id='word_1_330' title='bbox 1229 2422 1391 2476; x_wconf 89' lang='grc' dir='ltr'>θείων</span> <span class='ocrx_word' id='word_1_331' title='bbox 1442 2421 1662 2491; x_wconf 84' lang='grc' dir='ltr'>ἐγένετο</span> <span class='ocrx_word' id='word_1_332' title='bbox 1688 2422 1865 2492; x_wconf 90' lang='grc' dir='ltr'>λόγων</span> <span class='ocrx_word' id='word_1_333' title='bbox 1907 2425 1967 2478; x_wconf 85' lang='grc' dir='ltr'>ἐν</span> 
     </span>
    </p>
   </div>
   <div class='ocr_carea' id='block_1_42' title="bbox 2051 2417 3677 2494">
    <p class='ocr_par' dir='ltr' id='par_1_42' title="bbox 2069 2417 3677 2485">
     <span class='ocr_line' id='line_1_42' title="bbox 2069 2417 3677 2485; baseline 0 -8"><span class='ocrx_word' id='word_1_334' title='bbox 2069 2421 2434 2485; x_wconf 78' lang='lat' dir='ltr'>offerebatur,</span> <span class='ocrx_word' id='word_1_335' title='bbox 2485 2421 2662 2476; x_wconf 93' lang='lat' dir='ltr'>Deum</span> <span class='ocrx_word' id='word_1_336' title='bbox 2713 2419 2935 2473; x_wconf 89' lang='lat' dir='ltr'>initium</span> <span class='ocrx_word' id='word_1_337' title='bbox 2980 2417 3178 2474; x_wconf 80' lang='lat' dir='ltr'>fecisse</span> <span class='ocrx_word' id='word_1_338' title='bbox 3218 2419 3275 2474; x_wconf 88' lang='lat' dir='ltr'>in</span> <span class='ocrx_word' id='word_1_339' title='bbox 3317 2420 3677 2478; x_wconf 89' lang='lat' dir='ltr'>tabernaculo</span> 
     </span>
    </p>
   </div>
   <div class='ocr_carea' id='block_1_43' title="bbox 353 2510 1979 2586">
    <p class='ocr_par' dir='ltr' id='par_1_43' title="bbox 353 2510 1964 2586">
     <span class='ocr_line' id='line_1_43' title="bbox 353 2510 1964 2586; baseline -0.001 -19"><span class='ocrx_word' id='word_1_340' title='bbox 353 2515 424 2584; x_wconf 83' lang='grc' dir='ltr'>τῇ</span> <span class='ocrx_word' id='word_1_341' title='bbox 459 2513 593 2584; x_wconf 76' lang='grc' dir='ltr'>ἁγίᾳ</span> <span class='ocrx_word' id='word_1_342' title='bbox 625 2514 800 2584; x_wconf 83' lang='grc' dir='ltr'>σκηνῇ</span> <span class='ocrx_word' id='word_1_343' title='bbox 843 2511 980 2584; x_wconf 88' lang='grc' dir='ltr'>πρὸς</span> <span class='ocrx_word' id='word_1_344' title='bbox 1026 2510 1120 2564; x_wconf 85' lang='grc' dir='ltr'>τὸν</span> <span class='ocrx_word' id='word_1_345' title='bbox 1148 2511 1473 2584; x_wconf 70' lang='grc' dir='ltr'>ἱεροφάντην</span> <span class='ocrx_word' id='word_1_346' title='bbox 1499 2511 1725 2566; x_wconf 83' lang='grc' dir='ltr'>Μωσέα.</span> <span class='ocrx_word' id='word_1_347' title='bbox 1753 2511 1964 2586; x_wconf 82' lang='grc' dir='ltr'>Γέγρα-</span> 
     </span>
    </p>
   </div>
   <div class='ocr_carea' id='block_1_44' title="bbox 2051 2510 3677 2586">
    <p class='ocr_par' dir='ltr' id='par_1_44' title="bbox 2069 2511 3677 2586">
     <span class='ocr_line' id='line_1_44' title="bbox 2069 2511 3677 2586; baseline 0.001 -17"><span class='ocrx_word' id='word_1_348' title='bbox 2069 2530 2196 2569; x_wconf 90' lang='lat' dir='ltr'>cum</span> <span class='ocrx_word' id='word_1_349' title='bbox 2242 2514 2426 2586; x_wconf 86' lang='lat' dir='ltr'>Moyse</span> <span class='ocrx_word' id='word_1_350' title='bbox 2465 2513 2561 2568; x_wconf 91' lang='lat' dir='ltr'>illo</span> <span class='ocrx_word' id='word_1_351' title='bbox 2601 2528 2889 2567; x_wconf 87' lang='lat' dir='ltr'>sacrorum</span> <span class='ocrx_word' id='word_1_352' title='bbox 2944 2511 3251 2582; x_wconf 88' lang='lat' dir='ltr'>interprete</span> <span class='ocrx_word' id='word_1_353' title='bbox 3298 2513 3677 2584; x_wconf 87' lang='lat' dir='ltr'>colloquendi.</span> 
     </span>
    </p>
   </div>
   <div class='ocr_carea' id='block_1_45' title="bbox 356 2602 1982 2678">
    <p class='ocr_par' dir='ltr' id='par_1_45' title="bbox 356 2602 1960 2676">
     <span class='ocr_line' id='line_1_45' title="bbox 356 2602 1960 2676; baseline -0.001 -18"><span class='ocrx_word' id='word_1_354' title='bbox 356 2623 492 2660; x_wconf 87' lang='grc' dir='ltr'>πται</span> <span class='ocrx_word' id='word_1_355' title='bbox 534 2605 594 2658; x_wconf 81' lang='grc' dir='ltr'>δὲ</span> <span class='ocrx_word' id='word_1_356' title='bbox 643 2603 788 2658; x_wconf 78' lang='grc' dir='ltr'>οὕτω</span> <span class='ocrx_word' id='word_1_357' title='bbox 839 2604 1003 2658; x_wconf 88' lang='grc' dir='ltr'>πάλιν</span> <span class='ocrx_word' id='word_1_358' title='bbox 1052 2605 1110 2656; x_wconf 84' lang='grc' dir='ltr'>ἐν</span> <span class='ocrx_word' id='word_1_359' title='bbox 1156 2606 1268 2668; x_wconf 71' lang='grc' dir='ltr'>τοῖς</span> <span class='ocrx_word' id='word_1_360' title='bbox 1319 2602 1635 2676; x_wconf 85' lang='grc' dir='ltr'>Ἀριθμοῖς·</span> <span class='ocrx_word' id='word_1_361' title='bbox 1687 2623 1705 2654; x_wconf 78' lang='grc' dir='ltr'>ι</span> <span class='ocrx_word' id='word_1_362' title='bbox 1743 2603 1960 2675; x_wconf 80' lang='grc' dir='ltr'>Αῦτηὴ</span> 
     </span>
    </p>
   </div>
   <div class='ocr_carea' id='block_1_46' title="bbox 2054 2602 3680 2678">
    <p class='ocr_par' dir='ltr' id='par_1_46' title="bbox 2071 2603 3680 2678">
     <span class='ocr_line' id='line_1_46' title="bbox 2071 2603 3680 2678; baseline -0.002 -14"><span class='ocrx_word' id='word_1_363' title='bbox 2071 2608 2354 2678; x_wconf 88' lang='lat' dir='ltr'>Scriptum</span> <span class='ocrx_word' id='word_1_364' title='bbox 2383 2615 2469 2663; x_wconf 91' lang='lat' dir='ltr'>est</span> <span class='ocrx_word' id='word_1_365' title='bbox 2502 2615 2686 2661; x_wconf 89' lang='lat' dir='ltr'>autem</span> <span class='ocrx_word' id='word_1_366' title='bbox 2725 2619 2920 2660; x_wconf 87' lang='lat' dir='ltr'>rursus</span> <span class='ocrx_word' id='word_1_367' title='bbox 2942 2603 3010 2659; x_wconf 91' lang='lat' dir='ltr'>ad</span> <span class='ocrx_word' id='word_1_368' title='bbox 3041 2603 3191 2659; x_wconf 88' lang='lat' dir='ltr'>hunc</span> <span class='ocrx_word' id='word_1_369' title='bbox 3220 2604 3447 2660; x_wconf 91' lang='lat' dir='ltr'>modum</span> <span class='ocrx_word' id='word_1_370' title='bbox 3479 2605 3537 2660; x_wconf 91' lang='lat' dir='ltr'>in</span> <span class='ocrx_word' id='word_1_371' title='bbox 3562 2605 3680 2662; x_wconf 85' lang='lat' dir='ltr'>Nu-</span> 
     </span>
    </p>
   </div>
   <div class='ocr_carea' id='block_1_47' title="bbox 355 2695 1981 2771">
    <p class='ocr_par' dir='ltr' id='par_1_47' title="bbox 355 2695 1964 2770">
     <span class='ocr_line' id='line_1_47' title="bbox 355 2695 1964 2770; baseline -0.002 -16"><span class='ocrx_word' id='word_1_372' title='bbox 355 2699 667 2768; x_wconf 83' lang='grc' dir='ltr'>ἐγκαίνισις</span> <span class='ocrx_word' id='word_1_373' title='bbox 727 2697 823 2750; x_wconf 85' lang='grc' dir='ltr'>τοῦ</span> <span class='ocrx_word' id='word_1_374' title='bbox 877 2697 1304 2768; x_wconf 76' lang='grc' dir='ltr'>θυσιαστηρίου,</span> <span class='ocrx_word' id='word_1_375' title='bbox 1357 2695 1496 2768; x_wconf 86' lang='grc' dir='ltr'>μετά</span> <span class='ocrx_word' id='word_1_376' title='bbox 1559 2696 1620 2750; x_wconf 84' lang='grc' dir='ltr'>τὸ</span> <span class='ocrx_word' id='word_1_377' title='bbox 1671 2697 1964 2770; x_wconf 84' lang='grc' dir='ltr'>πληρῶσαι</span> 
     </span>
    </p>
   </div>
   <div class='ocr_carea' id='block_1_48' title="bbox 2054 2695 3680 2771">
    <p class='ocr_par' dir='ltr' id='par_1_48' title="bbox 2071 2697 3680 2771">
     <span class='ocr_line' id='line_1_48' title="bbox 2071 2697 3680 2771; baseline -0.001 -15"><span class='ocrx_word' id='word_1_378' title='bbox 2071 2701 2244 2757; x_wconf 90' lang='lat' dir='ltr'>meris</span> <span class='ocrx_word' id='word_1_379' title='bbox 2290 2719 2302 2754; x_wconf 92' lang='lat'>:</span> <span class='ocrx_word' id='word_1_380' title='bbox 2365 2719 2383 2752; x_wconf 78' lang='grc' dir='ltr'>ι</span> <span class='ocrx_word' id='word_1_381' title='bbox 2430 2699 2560 2755; x_wconf 65' lang='lat' dir='ltr'>Haec</span> <span class='ocrx_word' id='word_1_382' title='bbox 2608 2709 2694 2754; x_wconf 89' lang='lat' dir='ltr'>est</span> <span class='ocrx_word' id='word_1_383' title='bbox 2733 2697 3013 2754; x_wconf 86' lang='lat' dir='ltr'>dedicatio</span> <span class='ocrx_word' id='word_1_384' title='bbox 3051 2697 3267 2762; x_wconf 90' lang='lat' dir='ltr'>altaris,</span> <span class='ocrx_word' id='word_1_385' title='bbox 3317 2707 3680 2771; x_wconf 88' lang='lat' dir='ltr'>posteaquam</span> 
     </span>
    </p>
   </div>
   <div class='ocr_carea' id='block_1_49' title="bbox 353 2789 1979 2866">
    <p class='ocr_par' dir='ltr' id='par_1_49' title="bbox 353 2789 1964 2865">
     <span class='ocr_line' id='line_1_49' title="bbox 353 2789 1964 2865; baseline -0.003 -17"><span class='ocrx_word' id='word_1_386' title='bbox 353 2793 458 2857; x_wconf 73' lang='grc' dir='ltr'>τὰς</span> <span class='ocrx_word' id='word_1_387' title='bbox 484 2795 680 2865; x_wconf 87' lang='grc' dir='ltr'>χεῖρας</span> <span class='ocrx_word' id='word_1_388' title='bbox 714 2789 904 2858; x_wconf 80' lang='grc' dir='ltr'>αὑτοῦ,</span> <span class='ocrx_word' id='word_1_389' title='bbox 941 2791 1036 2844; x_wconf 73' lang='grc' dir='ltr'>καὶ</span> <span class='ocrx_word' id='word_1_390' title='bbox 1077 2789 1214 2862; x_wconf 85' lang='grc' dir='ltr'>μετά</span> <span class='ocrx_word' id='word_1_391' title='bbox 1248 2789 1308 2843; x_wconf 77' lang='grc' dir='ltr'>τὸ</span> <span class='ocrx_word' id='word_1_392' title='bbox 1338 2790 1524 2862; x_wconf 83' lang='grc' dir='ltr'>χρίσαι</span> <span class='ocrx_word' id='word_1_393' title='bbox 1555 2790 1740 2846; x_wconf 73' lang='grc' dir='ltr'>αὐτόν.</span> <span class='ocrx_word' id='word_1_394' title='bbox 1777 2791 1864 2844; x_wconf 88' lang='grc' dir='ltr'>Ἐν</span> <span class='ocrx_word' id='word_1_395' title='bbox 1886 2790 1964 2863; x_wconf 82' lang='grc' dir='ltr'>τῷ</span> 
     </span>
    </p>
   </div>
   <div class='ocr_carea' id='block_1_50' title="bbox 2053 2789 3679 2866">
    <p class='ocr_par' dir='ltr' id='par_1_50' title="bbox 2072 2790 3679 2866">
     <span class='ocr_line' id='line_1_50' title="bbox 2072 2790 3679 2866; baseline -0.001 -16"><span class='ocrx_word' id='word_1_396' title='bbox 2072 2795 2320 2866; x_wconf 90' lang='lat' dir='ltr'>implevit</span> <span class='ocrx_word' id='word_1_397' title='bbox 2348 2809 2545 2849; x_wconf 89' lang='lat' dir='ltr'>manus</span> <span class='ocrx_word' id='word_1_398' title='bbox 2573 2794 2715 2864; x_wconf 84' lang='lat' dir='ltr'>ejus,</span> <span class='ocrx_word' id='word_1_399' title='bbox 2737 2801 2795 2848; x_wconf 90' lang='lat' dir='ltr'>et</span> <span class='ocrx_word' id='word_1_400' title='bbox 2824 2799 3118 2862; x_wconf 89' lang='lat' dir='ltr'>postquam</span> <span class='ocrx_word' id='word_1_401' title='bbox 3146 2790 3307 2844; x_wconf 83' lang='lat' dir='ltr'>unxit</span> <span class='ocrx_word' id='word_1_402' title='bbox 3338 2790 3515 2846; x_wconf 91' lang='lat' dir='ltr'>illum.</span> <span class='ocrx_word' id='word_1_403' title='bbox 3542 2791 3679 2848; x_wconf 89' lang='lat' dir='ltr'>Cum</span> 
     </span>
    </p>
   </div>
   <div class='ocr_carea' id='block_1_51' title="bbox 355 2883 1981 2962">
    <p class='ocr_par' dir='ltr' id='par_1_51' title="bbox 355 2883 1962 2958">
     <span class='ocr_line' id='line_1_51' title="bbox 355 2883 1962 2958; baseline -0.001 -19"><span class='ocrx_word' id='word_1_404' title='bbox 355 2885 783 2955; x_wconf 82' lang='grc' dir='ltr'>εἰσπορεύεσθαι</span> <span class='ocrx_word' id='word_1_405' title='bbox 811 2885 1018 2956; x_wconf 77' lang='grc' dir='ltr'>Μωςῆν</span> <span class='ocrx_word' id='word_1_406' title='bbox 1044 2887 1123 2949; x_wconf 77' lang='grc' dir='ltr'>εἰς</span> <span class='ocrx_word' id='word_1_407' title='bbox 1145 2883 1244 2956; x_wconf 82' lang='grc' dir='ltr'>τὴν</span> <span class='ocrx_word' id='word_1_408' title='bbox 1278 2883 1483 2956; x_wconf 76' lang='grc' dir='ltr'>σκηνὴν</span> <span class='ocrx_word' id='word_1_409' title='bbox 1507 2884 1602 2938; x_wconf 86' lang='grc' dir='ltr'>τοῦ</span> <span class='ocrx_word' id='word_1_410' title='bbox 1631 2884 1962 2958; x_wconf 85' lang='grc' dir='ltr'>μαρτυρίου,</span> 
     </span>
    </p>
   </div>
   <div class='ocr_carea' id='block_1_52' title="bbox 2054 2883 3680 2962">
    <p class='ocr_par' dir='ltr' id='par_1_52' title="bbox 2073 2883 3680 2962">
     <span class='ocr_line' id='line_1_52' title="bbox 2073 2883 3680 2962; baseline -0.002 -18"><span class='ocrx_word' id='word_1_411' title='bbox 2073 2889 2460 2962; x_wconf 84' lang='lat' dir='ltr'>ingrederetur</span> <span class='ocrx_word' id='word_1_412' title='bbox 2503 2887 2716 2960; x_wconf 79' lang='lat' dir='ltr'>Moyses</span> <span class='ocrx_word' id='word_1_413' title='bbox 2767 2885 2823 2939; x_wconf 92' lang='lat' dir='ltr'>in</span> <span class='ocrx_word' id='word_1_414' title='bbox 2875 2883 3299 2940; x_wconf 87' lang='lat' dir='ltr'>tabernaculum</span> <span class='ocrx_word' id='word_1_415' title='bbox 3352 2885 3680 2949; x_wconf 89' lang='lat' dir='ltr'>testimonii,</span> 
     </span>
    </p>
   </div>
   <div class='ocr_carea' id='block_1_53' title="bbox 352 2976 1978 3053">
    <p class='ocr_par' dir='ltr' id='par_1_53' title="bbox 352 2976 1964 3050">
     <span class='ocr_line' id='line_1_53' title="bbox 352 2976 1964 3050; baseline -0.001 -17"><span class='ocrx_word' id='word_1_416' title='bbox 352 2977 454 3033; x_wconf 86' lang='grc' dir='ltr'>τοῦ</span> <span class='ocrx_word' id='word_1_417' title='bbox 502 2979 735 3047; x_wconf 84' lang='grc' dir='ltr'>λαλῆσαι</span> <span class='ocrx_word' id='word_1_418' title='bbox 788 2976 965 3049; x_wconf 74' lang='grc' dir='ltr'>αὐτῷ,</span> <span class='ocrx_word' id='word_1_419' title='bbox 1005 2977 1100 3031; x_wconf 70' lang='grc' dir='ltr'>καὶ</span> <span class='ocrx_word' id='word_1_420' title='bbox 1140 2978 1341 3049; x_wconf 67' lang='grc' dir='ltr'>ἤκουσε</span> <span class='ocrx_word' id='word_1_421' title='bbox 1383 2976 1482 3049; x_wconf 75' lang='grc' dir='ltr'>τὴν</span> <span class='ocrx_word' id='word_1_422' title='bbox 1521 2976 1706 3049; x_wconf 79' lang='grc' dir='ltr'>φωνὴν</span> <span class='ocrx_word' id='word_1_423' title='bbox 1751 2977 1964 3050; x_wconf 80' lang='grc' dir='ltr'>Κυρίου</span> 
     </span>
    </p>
   </div>
   <div class='ocr_carea' id='block_1_54' title="bbox 2057 2976 3683 3053">
    <p class='ocr_par' dir='ltr' id='par_1_54' title="bbox 2071 2976 3683 3053">
     <span class='ocr_line' id='line_1_54' title="bbox 2071 2976 3683 3053; baseline -0.003 -15"><span class='ocrx_word' id='word_1_424' title='bbox 2071 2991 2131 3038; x_wconf 87' lang='lat' dir='ltr'>ut</span> <span class='ocrx_word' id='word_1_425' title='bbox 2160 2983 2488 3053; x_wconf 88' lang='lat' dir='ltr'>loqueretur</span> <span class='ocrx_word' id='word_1_426' title='bbox 2522 2995 2649 3034; x_wconf 91' lang='lat' dir='ltr'>eum</span> <span class='ocrx_word' id='word_1_427' title='bbox 2691 2981 2833 3049; x_wconf 88' lang='lat' dir='ltr'>ipso,</span> <span class='ocrx_word' id='word_1_428' title='bbox 2880 2987 2938 3033; x_wconf 88' lang='lat' dir='ltr'>et</span> <span class='ocrx_word' id='word_1_429' title='bbox 2975 2976 3190 3033; x_wconf 85' lang='lat' dir='ltr'>audivit</span> <span class='ocrx_word' id='word_1_430' title='bbox 3227 2991 3419 3033; x_wconf 86' lang='lat' dir='ltr'>vocem</span> <span class='ocrx_word' id='word_1_431' title='bbox 3463 2976 3683 3034; x_wconf 91' lang='lat' dir='ltr'>Domini</span> 
     </span>
    </p>
   </div>
   <div class='ocr_carea' id='block_1_55' title="bbox 352 3069 1978 3146">
    <p class='ocr_par' dir='ltr' id='par_1_55' title="bbox 352 3069 1962 3143">
     <span class='ocr_line' id='line_1_55' title="bbox 352 3069 1962 3143; baseline 0.001 -19"><span class='ocrx_word' id='word_1_432' title='bbox 352 3070 452 3125; x_wconf 87' lang='grc' dir='ltr'>τοῦ</span> <span class='ocrx_word' id='word_1_433' title='bbox 481 3070 618 3124; x_wconf 82' lang='grc' dir='ltr'>Θεοῦ</span> <span class='ocrx_word' id='word_1_434' title='bbox 661 3070 953 3135; x_wconf 81' lang='grc' dir='ltr'>λαλοῦντος</span> <span class='ocrx_word' id='word_1_435' title='bbox 987 3070 1124 3143; x_wconf 85' lang='grc' dir='ltr'>πρὸς</span> <span class='ocrx_word' id='word_1_436' title='bbox 1165 3070 1328 3124; x_wconf 78' lang='grc' dir='ltr'>αὐτὸν</span> <span class='ocrx_word' id='word_1_437' title='bbox 1359 3070 1569 3125; x_wconf 84' lang='grc' dir='ltr'>ἄνωθεν</span> <span class='ocrx_word' id='word_1_438' title='bbox 1604 3069 1698 3124; x_wconf 88' lang='grc' dir='ltr'>τοῦ</span> <span class='ocrx_word' id='word_1_439' title='bbox 1739 3069 1962 3142; x_wconf 83' lang='grc' dir='ltr'>ἱλαστη·</span> 
     </span>
    </p>
   </div>
   <div class='ocr_carea' id='block_1_56' title="bbox 2058 3069 3684 3146">
    <p class='ocr_par' dir='ltr' id='par_1_56' title="bbox 2069 3069 3684 3146">
     <span class='ocr_line' id='line_1_56' title="bbox 2069 3069 3684 3146; baseline -0.004 -14"><span class='ocrx_word' id='word_1_440' title='bbox 2069 3075 2166 3132; x_wconf 89' lang='lat' dir='ltr'>Dei</span> <span class='ocrx_word' id='word_1_441' title='bbox 2200 3073 2484 3146; x_wconf 71' lang='lat' dir='ltr'>loquentis</span> <span class='ocrx_word' id='word_1_442' title='bbox 2519 3087 2646 3128; x_wconf 88' lang='lat' dir='ltr'>eum</span> <span class='ocrx_word' id='word_1_443' title='bbox 2678 3071 2796 3141; x_wconf 88' lang='lat' dir='ltr'>ipso</span> <span class='ocrx_word' id='word_1_444' title='bbox 2838 3085 3007 3140; x_wconf 90' lang='lat' dir='ltr'>supra</span> <span class='ocrx_word' id='word_1_445' title='bbox 3041 3069 3513 3141; x_wconf 87' lang='lat' dir='ltr'>propitiatorium,</span> <span class='ocrx_word' id='word_1_446' title='bbox 3535 3071 3684 3141; x_wconf 88' lang='lat' dir='ltr'>quod</span> 
     </span>
    </p>
   </div>
   <div class='ocr_carea' id='block_1_57' title="bbox 355 3161 1981 3239">
    <p class='ocr_par' dir='ltr' id='par_1_57' title="bbox 355 3161 1966 3236">
     <span class='ocr_line' id='line_1_57' title="bbox 355 3161 1966 3236; baseline 0.001 -21"><span class='ocrx_word' id='word_1_447' title='bbox 355 3163 515 3236; x_wconf 85' lang='grc' dir='ltr'>ρίου,</span> <span class='ocrx_word' id='word_1_448' title='bbox 544 3165 573 3217; x_wconf 83' lang='grc' dir='ltr'>ὅ</span> <span class='ocrx_word' id='word_1_449' title='bbox 620 3166 770 3217; x_wconf 86' lang='grc' dir='ltr'>ἐστιν</span> <span class='ocrx_word' id='word_1_450' title='bbox 812 3163 906 3216; x_wconf 74' lang='grc' dir='ltr'>ἐπὶ</span> <span class='ocrx_word' id='word_1_451' title='bbox 948 3163 1052 3234; x_wconf 89' lang='grc' dir='ltr'>τῆς</span> <span class='ocrx_word' id='word_1_452' title='bbox 1085 3161 1321 3216; x_wconf 87' lang='grc' dir='ltr'>κιϐωτοῦ</span> <span class='ocrx_word' id='word_1_453' title='bbox 1359 3161 1455 3216; x_wconf 88' lang='grc' dir='ltr'>τοῦ</span> <span class='ocrx_word' id='word_1_454' title='bbox 1491 3163 1828 3235; x_wconf 84' lang='grc' dir='ltr'>μαρτυρίου,</span> <span class='ocrx_word' id='word_1_455' title='bbox 1859 3163 1966 3218; x_wconf 82' lang='grc' dir='ltr'>ἀνά</span> 
     </span>
    </p>
   </div>
   <div class='ocr_carea' id='block_1_58' title="bbox 2055 3161 3681 3239">
    <p class='ocr_par' dir='ltr' id='par_1_58' title="bbox 2068 3161 3681 3239">
     <span class='ocr_line' id='line_1_58' title="bbox 2068 3161 3681 3239; baseline -0.005 -14"><span class='ocrx_word' id='word_1_456' title='bbox 2068 3177 2155 3225; x_wconf 86' lang='lat' dir='ltr'>est</span> <span class='ocrx_word' id='word_1_457' title='bbox 2193 3183 2361 3239; x_wconf 87' lang='lat' dir='ltr'>supra</span> <span class='ocrx_word' id='word_1_458' title='bbox 2401 3181 2587 3222; x_wconf 89' lang='lat' dir='ltr'>arcam</span> <span class='ocrx_word' id='word_1_459' title='bbox 2626 3161 2929 3220; x_wconf 90' lang='lat' dir='ltr'>testimonii</span> <span class='ocrx_word' id='word_1_460' title='bbox 2983 3161 3130 3218; x_wconf 91' lang='lat' dir='ltr'>inter</span> <span class='ocrx_word' id='word_1_461' title='bbox 3171 3163 3314 3218; x_wconf 91' lang='lat' dir='ltr'>duos</span> <span class='ocrx_word' id='word_1_462' title='bbox 3354 3161 3681 3229; x_wconf 87' lang='lat' dir='ltr'>Cherubim,</span> 
     </span>
    </p>
   </div>
   <div class='ocr_carea' id='block_1_59' title="bbox 359 3254 1985 3364">
    <p class='ocr_par' dir='ltr' id='par_1_59' title="bbox 359 3254 1957 3328">
     <span class='ocr_line' id='line_1_59' title="bbox 359 3254 1957 3328; baseline -0.001 -18"><span class='ocrx_word' id='word_1_463' title='bbox 359 3257 532 3328; x_wconf 84' lang='grc' dir='ltr'>μέσον</span> <span class='ocrx_word' id='word_1_464' title='bbox 561 3257 672 3312; x_wconf 82' lang='grc' dir='ltr'>τῶν</span> <span class='ocrx_word' id='word_1_465' title='bbox 703 3256 798 3310; x_wconf 88' lang='grc' dir='ltr'>δύο</span> <span class='ocrx_word' id='word_1_466' title='bbox 841 3255 1161 3328; x_wconf 69' lang='grc' dir='ltr'>Χερουϐὶμ,</span> <span class='ocrx_word' id='word_1_467' title='bbox 1195 3256 1290 3310; x_wconf 71' lang='grc' dir='ltr'>καὶ</span> <span class='ocrx_word' id='word_1_468' title='bbox 1327 3254 1506 3310; x_wconf 86' lang='grc' dir='ltr'>ἐλάλει</span> <span class='ocrx_word' id='word_1_469' title='bbox 1546 3256 1682 3328; x_wconf 83' lang='grc' dir='ltr'>πρὸς</span> <span class='ocrx_word' id='word_1_470' title='bbox 1717 3256 1898 3312; x_wconf 79' lang='grc' dir='ltr'>αὐτόν.</span> <span class='ocrx_word' id='word_1_471' title='bbox 1939 3275 1957 3309; x_wconf 71' lang='grc' dir='ltr'>ι</span> 
     </span>
    </p>
   </div>
   <div class='ocr_carea' id='block_1_60' title="bbox 2057 3254 3683 3364">
    <p class='ocr_par' dir='ltr' id='par_1_60' title="bbox 2068 3256 3683 3331">
     <span class='ocr_line' id='line_1_60' title="bbox 2068 3256 3683 3331; baseline -0.004 -14"><span class='ocrx_word' id='word_1_472' title='bbox 2068 3272 2125 3318; x_wconf 88' lang='lat' dir='ltr'>et</span> <span class='ocrx_word' id='word_1_473' title='bbox 2173 3259 2506 3331; x_wconf 88' lang='lat' dir='ltr'>loquebatur</span> <span class='ocrx_word' id='word_1_474' title='bbox 2547 3274 2676 3312; x_wconf 93' lang='lat' dir='ltr'>cum</span> <span class='ocrx_word' id='word_1_475' title='bbox 2729 3256 2850 3328; x_wconf 92' lang='lat' dir='ltr'>ipso</span> <span class='ocrx_word' id='word_1_476' title='bbox 2889 3257 2956 3311; x_wconf 77' lang='grc'>⁸⁵.</span> <span class='ocrx_word' id='word_1_477' title='bbox 3013 3274 3032 3307; x_wconf 73' lang='grc' dir='ltr'>ι</span> <span class='ocrx_word' id='word_1_478' title='bbox 3085 3256 3256 3321; x_wconf 89' lang='lat' dir='ltr'>Nam,</span> <span class='ocrx_word' id='word_1_479' title='bbox 3299 3267 3683 3312; x_wconf 89' lang='lat' dir='ltr'>consummato</span> 
     </span>
    </p>
   </div>
   <div class='ocr_carea' id='block_1_61' title="bbox 356 3348 1982 3427">
    <p class='ocr_par' dir='ltr' id='par_1_61' title="bbox 356 3348 1966 3422">
     <span class='ocr_line' id='line_1_61' title="bbox 356 3348 1966 3422; baseline 0 -19"><span class='ocrx_word' id='word_1_480' title='bbox 356 3349 812 3422; x_wconf 81' lang='grc' dir='ltr'>Τετελειωμὲνης</span> <span class='ocrx_word' id='word_1_481' title='bbox 865 3349 976 3421; x_wconf 87' lang='grc' dir='ltr'>γάρ</span> <span class='ocrx_word' id='word_1_482' title='bbox 1018 3348 1210 3422; x_wconf 80' lang='grc' dir='ltr'>ὥσπερ</span> <span class='ocrx_word' id='word_1_483' title='bbox 1252 3349 1356 3420; x_wconf 87' lang='grc' dir='ltr'>τῆς</span> <span class='ocrx_word' id='word_1_484' title='bbox 1405 3348 1567 3419; x_wconf 83' lang='grc' dir='ltr'>ἁγίας</span> <span class='ocrx_word' id='word_1_485' title='bbox 1598 3349 1836 3420; x_wconf 80' lang='grc' dir='ltr'>σκηνῆς,</span> <span class='ocrx_word' id='word_1_486' title='bbox 1868 3349 1966 3403; x_wconf 77' lang='grc' dir='ltr'>καὶ</span> 
     </span>
    </p>
   </div>
   <div class='ocr_carea' id='block_1_62' title="bbox 2055 3348 3681 3427">
    <p class='ocr_par' dir='ltr' id='par_1_62' title="bbox 2071 3349 3681 3427">
     <span class='ocr_line' id='line_1_62' title="bbox 2071 3349 3681 3427; baseline -0.003 -18"><span class='ocrx_word' id='word_1_487' title='bbox 2071 3355 2183 3427; x_wconf 87' lang='lat' dir='ltr'>jam</span> <span class='ocrx_word' id='word_1_488' title='bbox 2219 3350 2628 3424; x_wconf 89' lang='lat' dir='ltr'>quodammodo</span> <span class='ocrx_word' id='word_1_489' title='bbox 2681 3349 3061 3415; x_wconf 85' lang='lat' dir='ltr'>tabernaculo,</span> <span class='ocrx_word' id='word_1_490' title='bbox 3098 3359 3156 3404; x_wconf 89' lang='lat' dir='ltr'>et</span> <span class='ocrx_word' id='word_1_491' title='bbox 3183 3364 3315 3404; x_wconf 87' lang='lat' dir='ltr'>vera</span> <span class='ocrx_word' id='word_1_492' title='bbox 3350 3349 3439 3403; x_wconf 90' lang='lat' dir='ltr'>illa</span> <span class='ocrx_word' id='word_1_493' title='bbox 3474 3349 3681 3404; x_wconf 70' lang='lat' dir='ltr'>sancti~</span> 
     </span>
    </p>
   </div>
   <div class='ocr_carea' id='block_1_63' title="bbox 354 3438 1980 3513">
    <p class='ocr_par' dir='ltr' id='par_1_63' title="bbox 354 3438 1965 3513">
     <span class='ocr_line' id='line_1_63' title="bbox 354 3438 1965 3513; baseline -0.001 -16"><span class='ocrx_word' id='word_1_494' title='bbox 354 3441 774 3513; x_wconf 78' lang='grc' dir='ltr'>ἀναδειχθέντος</span> <span class='ocrx_word' id='word_1_495' title='bbox 826 3441 1020 3513; x_wconf 79' lang='grc' dir='ltr'>κόσμῳ</span> <span class='ocrx_word' id='word_1_496' title='bbox 1071 3440 1168 3493; x_wconf 89' lang='grc' dir='ltr'>τοῦ</span> <span class='ocrx_word' id='word_1_497' title='bbox 1219 3438 1457 3506; x_wconf 81' lang='grc' dir='ltr'>ἀληθοῦς</span> <span class='ocrx_word' id='word_1_498' title='bbox 1509 3441 1888 3513; x_wconf 87' lang='grc' dir='ltr'>ἀγιάσματος,</span> <span class='ocrx_word' id='word_1_499' title='bbox 1935 3441 1965 3495; x_wconf 76' lang='grc' dir='ltr'><strong>ὃ</strong></span> 
     </span>
    </p>
   </div>
   <div class='ocr_carea' id='block_1_64' title="bbox 2056 3438 3682 3513">
    <p class='ocr_par' dir='ltr' id='par_1_64' title="bbox 2074 3440 3682 3512">
     <span class='ocr_line' id='line_1_64' title="bbox 2074 3440 3682 3512; baseline -0.004 -9"><span class='ocrx_word' id='word_1_500' title='bbox 2074 3446 2354 3512; x_wconf 86' lang='lat' dir='ltr'>ﬁcatione,</span> <span class='ocrx_word' id='word_1_501' title='bbox 2398 3444 2452 3500; x_wconf 93' lang='lat' dir='ltr'>id</span> <span class='ocrx_word' id='word_1_502' title='bbox 2485 3453 2588 3510; x_wconf 87' lang='lat' dir='ltr'>est,</span> <span class='ocrx_word' id='word_1_503' title='bbox 2631 3443 2882 3499; x_wconf 88' lang='lat' dir='ltr'>Ecclesia</span> <span class='ocrx_word' id='word_1_504' title='bbox 2918 3441 3128 3497; x_wconf 91' lang='lat' dir='ltr'>mundo</span> <span class='ocrx_word' id='word_1_505' title='bbox 3153 3440 3524 3507; x_wconf 85' lang='lat' dir='ltr'>manifestata,</span> <span class='ocrx_word' id='word_1_506' title='bbox 3568 3450 3682 3497; x_wconf 92' lang='lat' dir='ltr'>tum</span> 
     </span>
    </p>
   </div>
   <div class='ocr_carea' id='block_1_65' title="bbox 355 3531 1981 3610">
    <p class='ocr_par' dir='ltr' id='par_1_65' title="bbox 355 3531 1965 3606">
     <span class='ocr_line' id='line_1_65' title="bbox 355 3531 1965 3606; baseline -0.002 -18"><span class='ocrx_word' id='word_1_507' title='bbox 355 3537 510 3590; x_wconf 84' lang='grc' dir='ltr'>ἐστιν</span> <span class='ocrx_word' id='word_1_508' title='bbox 540 3536 574 3606; x_wconf 80' lang='grc' dir='ltr'>ὴ</span> <span class='ocrx_word' id='word_1_509' title='bbox 620 3532 944 3605; x_wconf 84' lang='grc' dir='ltr'>Ἐκκλησία,</span> <span class='ocrx_word' id='word_1_510' title='bbox 975 3533 1098 3586; x_wconf 88' lang='grc' dir='ltr'>τότε</span> <span class='ocrx_word' id='word_1_511' title='bbox 1137 3531 1201 3603; x_wconf 81' lang='grc' dir='ltr'>δὴ</span> <span class='ocrx_word' id='word_1_512' title='bbox 1231 3531 1353 3586; x_wconf 91' lang='grc' dir='ltr'>τότε</span> <span class='ocrx_word' id='word_1_513' title='bbox 1397 3532 1551 3605; x_wconf 82' lang='grc' dir='ltr'>φωνὴ</span> <span class='ocrx_word' id='word_1_514' title='bbox 1591 3531 1784 3602; x_wconf 82' lang='grc' dir='ltr'>γέγονε</span> <span class='ocrx_word' id='word_1_515' title='bbox 1825 3531 1965 3605; x_wconf 84' lang='grc' dir='ltr'>πρὸς</span> 
     </span>
    </p>
   </div>
   <div class='ocr_carea' id='block_1_66' title="bbox 2056 3531 3682 3610">
    <p class='ocr_par' dir='ltr' id='par_1_66' title="bbox 2075 3535 3682 3610">
     <span class='ocr_line' id='line_1_66' title="bbox 2075 3535 3682 3610; baseline -0.002 -15"><span class='ocrx_word' id='word_1_516' title='bbox 2075 3539 2317 3610; x_wconf 87' lang='lat' dir='ltr'>denique</span> <span class='ocrx_word' id='word_1_517' title='bbox 2347 3553 2454 3593; x_wconf 84' lang='lat' dir='ltr'>vox</span> <span class='ocrx_word' id='word_1_518' title='bbox 2483 3537 2579 3592; x_wconf 89' lang='lat' dir='ltr'>Dei</span> <span class='ocrx_word' id='word_1_519' title='bbox 2621 3552 2686 3591; x_wconf 89' lang='lat' dir='ltr'>ac</span> <span class='ocrx_word' id='word_1_520' title='bbox 2705 3536 2890 3592; x_wconf 88' lang='lat' dir='ltr'>Patris</span> <span class='ocrx_word' id='word_1_521' title='bbox 2917 3535 3083 3591; x_wconf 84' lang='lat' dir='ltr'>nobis</span> <span class='ocrx_word' id='word_1_522' title='bbox 3105 3535 3405 3591; x_wconf 89' lang='lat' dir='ltr'>insonavit.</span> <span class='ocrx_word' id='word_1_523' title='bbox 3443 3555 3462 3588; x_wconf 82' lang='grc' dir='ltr'>ι</span> <span class='ocrx_word' id='word_1_524' title='bbox 3499 3535 3682 3592; x_wconf 84' lang='lat' dir='ltr'>Locu-</span> 
     </span>
    </p>
   </div>
   <div class='ocr_carea' id='block_1_67' title="bbox 355 3625 1981 3702">
    <p class='ocr_par' dir='ltr' id='par_1_67' title="bbox 355 3625 1961 3700">
     <span class='ocr_line' id='line_1_67' title="bbox 355 3625 1961 3700; baseline -0.001 -18"><span class='ocrx_word' id='word_1_525' title='bbox 355 3629 508 3700; x_wconf 74' lang='grc' dir='ltr'>ἡμᾶς</span> <span class='ocrx_word' id='word_1_526' title='bbox 547 3625 641 3682; x_wconf 89' lang='grc' dir='ltr'>τοῦ</span> <span class='ocrx_word' id='word_1_527' title='bbox 670 3626 806 3681; x_wconf 87' lang='grc' dir='ltr'>Θεοῦ</span> <span class='ocrx_word' id='word_1_528' title='bbox 835 3627 933 3680; x_wconf 80' lang='grc' dir='ltr'>καὶ</span> <span class='ocrx_word' id='word_1_529' title='bbox 960 3626 1198 3698; x_wconf 82' lang='grc' dir='ltr'>Πατρός.</span> <span class='ocrx_word' id='word_1_530' title='bbox 1237 3645 1254 3678; x_wconf 83' lang='grc' dir='ltr'>ι</span> <span class='ocrx_word' id='word_1_531' title='bbox 1289 3625 1573 3698; x_wconf 82' lang='grc' dir='ltr'>Λελάληκε</span> <span class='ocrx_word' id='word_1_532' title='bbox 1601 3627 1712 3697; x_wconf 84' lang='grc' dir='ltr'>γὰρ</span> <span class='ocrx_word' id='word_1_533' title='bbox 1741 3628 1876 3699; x_wconf 81' lang='grc' dir='ltr'>ἡμῖν</span> <span class='ocrx_word' id='word_1_534' title='bbox 1902 3627 1961 3680; x_wconf 84' lang='grc' dir='ltr'>ἐν</span> 
     </span>
    </p>
   </div>
   <div class='ocr_carea' id='block_1_68' title="bbox 2059 3625 3685 3702">
    <p class='ocr_par' dir='ltr' id='par_1_68' title="bbox 2077 3627 3685 3702">
     <span class='ocr_line' id='line_1_68' title="bbox 2077 3627 3685 3702; baseline -0.002 -13"><span class='ocrx_word' id='word_1_535' title='bbox 2077 3643 2165 3689; x_wconf 89' lang='lat' dir='ltr'>tus</span> <span class='ocrx_word' id='word_1_536' title='bbox 2189 3643 2275 3688; x_wconf 90' lang='lat' dir='ltr'>est</span> <span class='ocrx_word' id='word_1_537' title='bbox 2309 3651 2326 3684; x_wconf 74' lang='grc' dir='ltr'>ι</span> <span class='ocrx_word' id='word_1_538' title='bbox 2372 3630 2522 3687; x_wconf 90' lang='lat' dir='ltr'>enim</span> <span class='ocrx_word' id='word_1_539' title='bbox 2573 3649 2592 3682; x_wconf 84' lang='grc' dir='ltr'>ι</span> <span class='ocrx_word' id='word_1_540' title='bbox 2632 3627 2798 3684; x_wconf 90' lang='lat' dir='ltr'>nobis</span> <span class='ocrx_word' id='word_1_541' title='bbox 2864 3627 2918 3682; x_wconf 92' lang='lat' dir='ltr'>in</span> <span class='ocrx_word' id='word_1_542' title='bbox 2958 3627 3103 3684; x_wconf 90' lang='lat' dir='ltr'>Filio</span> <span class='ocrx_word' id='word_1_543' title='bbox 3129 3629 3206 3694; x_wconf 83' lang='lat'>“,</span> <span class='ocrx_word' id='word_1_544' title='bbox 3242 3648 3259 3679; x_wconf 76' lang='grc' dir='ltr'>ι</span> <span class='ocrx_word' id='word_1_545' title='bbox 3298 3645 3464 3700; x_wconf 89' lang='lat' dir='ltr'>quem</span> <span class='ocrx_word' id='word_1_546' title='bbox 3493 3629 3685 3702; x_wconf 88' lang='lat' dir='ltr'>propi-</span> 
     </span>
    </p>
   </div>
   <div class='ocr_carea' id='block_1_69' title="bbox 356 3715 1982 3795">
    <p class='ocr_par' dir='ltr' id='par_1_69' title="bbox 356 3715 1964 3795">
     <span class='ocr_line' id='line_1_69' title="bbox 356 3715 1964 3795; baseline -0.002 -17"><span class='ocrx_word' id='word_1_547' title='bbox 356 3723 496 3795; x_wconf 84' lang='grc' dir='ltr'>Υίῷ,</span> <span class='ocrx_word' id='word_1_548' title='bbox 543 3741 562 3775; x_wconf 75' lang='grc' dir='ltr'>ι</span> <span class='ocrx_word' id='word_1_549' title='bbox 601 3722 661 3777; x_wconf 82' lang='grc' dir='ltr'>ὃν</span> <span class='ocrx_word' id='word_1_550' title='bbox 717 3721 813 3776; x_wconf 72' lang='grc' dir='ltr'>καὶ</span> <span class='ocrx_word' id='word_1_551' title='bbox 881 3720 1196 3792; x_wconf 78' lang='grc' dir='ltr'>ἱλαστήριον</span> <span class='ocrx_word' id='word_1_552' title='bbox 1255 3715 1398 3774; x_wconf 79' lang='grc' dir='ltr'>εἶναί</span> <span class='ocrx_word' id='word_1_553' title='bbox 1443 3737 1623 3792; x_wconf 81' lang='grc' dir='ltr'>φαμεν</span> <span class='ocrx_word' id='word_1_554' title='bbox 1664 3721 1806 3792; x_wconf 80' lang='grc' dir='ltr'>ὑπὲρ</span> <span class='ocrx_word' id='word_1_555' title='bbox 1851 3719 1964 3774; x_wconf 83' lang='grc' dir='ltr'>τῶν</span> 
     </span>
    </p>
   </div>
   <div class='ocr_carea' id='block_1_70' title="bbox 2057 3715 3683 3795">
    <p class='ocr_par' dir='ltr' id='par_1_70' title="bbox 2075 3721 3683 3795">
     <span class='ocr_line' id='line_1_70' title="bbox 2075 3721 3683 3795; baseline -0.002 -13"><span class='ocrx_word' id='word_1_556' title='bbox 2075 3727 2361 3782; x_wconf 89' lang='lat' dir='ltr'>tiationem</span> <span class='ocrx_word' id='word_1_557' title='bbox 2391 3740 2514 3782; x_wconf 89' lang='lat' dir='ltr'>esse</span> <span class='ocrx_word' id='word_1_558' title='bbox 2547 3723 2788 3780; x_wconf 91' lang='lat' dir='ltr'>dicimus</span> <span class='ocrx_word' id='word_1_559' title='bbox 2819 3739 2922 3795; x_wconf 92' lang='lat' dir='ltr'>pro</span> <span class='ocrx_word' id='word_1_560' title='bbox 2961 3721 3205 3795; x_wconf 90' lang='lat' dir='ltr'>peccatis</span> <span class='ocrx_word' id='word_1_561' title='bbox 3227 3722 3456 3789; x_wconf 88' lang='lat' dir='ltr'>nostris,</span> <span class='ocrx_word' id='word_1_562' title='bbox 3483 3739 3683 3780; x_wconf 85' lang='lat' dir='ltr'>secun-</span> 
     </span>
    </p>
   </div>
   <div class='ocr_carea' id='block_1_71' title="bbox 355 3811 1981 3890">
    <p class='ocr_par' dir='ltr' id='par_1_71' title="bbox 355 3811 1964 3888">
     <span class='ocr_line' id='line_1_71' title="bbox 355 3811 1964 3888; baseline -0.003 -16"><span class='ocrx_word' id='word_1_563' title='bbox 355 3816 648 3888; x_wconf 83' lang='grc' dir='ltr'>ἁμαρτιῶν</span> <span class='ocrx_word' id='word_1_564' title='bbox 699 3813 886 3886; x_wconf 82' lang='grc' dir='ltr'>ἡμῶν,</span> <span class='ocrx_word' id='word_1_565' title='bbox 911 3813 1054 3867; x_wconf 87' lang='grc' dir='ltr'>κατά</span> <span class='ocrx_word' id='word_1_566' title='bbox 1084 3813 1184 3876; x_wconf 77' lang='grc' dir='ltr'>τὰς</span> <span class='ocrx_word' id='word_1_567' title='bbox 1218 3813 1465 3885; x_wconf 87' lang='grc' dir='ltr'>Γραφάς.</span> <span class='ocrx_word' id='word_1_568' title='bbox 1498 3811 1744 3867; x_wconf 81' lang='grc' dir='ltr'>Ἀνωθεν</span> <span class='ocrx_word' id='word_1_569' title='bbox 1762 3813 1819 3867; x_wconf 80' lang='grc' dir='ltr'>δὲ</span> <span class='ocrx_word' id='word_1_570' title='bbox 1851 3812 1964 3867; x_wconf 84' lang='grc' dir='ltr'>τῶν</span> 
     </span>
    </p>
   </div>
   <div class='ocr_carea' id='block_1_72' title="bbox 2058 3811 3684 3890">
    <p class='ocr_par' dir='ltr' id='par_1_72' title="bbox 2074 3815 3684 3890">
     <span class='ocr_line' id='line_1_72' title="bbox 2074 3815 3684 3890; baseline -0.001 -14"><span class='ocrx_word' id='word_1_571' title='bbox 2074 3820 2206 3876; x_wconf 90' lang='lat' dir='ltr'>dum</span> <span class='ocrx_word' id='word_1_572' title='bbox 2243 3819 2561 3890; x_wconf 88' lang='lat' dir='ltr'>Scripturas</span> <span class='ocrx_word' id='word_1_573' title='bbox 2601 3817 2667 3871; x_wconf 82' lang='lat'>&quot;.</span> <span class='ocrx_word' id='word_1_574' title='bbox 2713 3819 2964 3889; x_wconf 89' lang='lat' dir='ltr'>Desuper</span> <span class='ocrx_word' id='word_1_575' title='bbox 3009 3824 3194 3872; x_wconf 90' lang='lat' dir='ltr'>autem</span> <span class='ocrx_word' id='word_1_576' title='bbox 3233 3815 3539 3872; x_wconf 86' lang='lat' dir='ltr'>Cherubim</span> <span class='ocrx_word' id='word_1_577' title='bbox 3577 3833 3684 3874; x_wconf 89' lang='lat' dir='ltr'>vox</span> 
     </span>
    </p>
   </div>
   <div class='ocr_carea' id='block_1_73' title="bbox 355 3905 1981 3982">
    <p class='ocr_par' dir='ltr' id='par_1_73' title="bbox 355 3905 1962 3982">
     <span class='ocr_line' id='line_1_73' title="bbox 355 3905 1962 3982; baseline -0.004 -17"><span class='ocrx_word' id='word_1_578' title='bbox 355 3907 650 3982; x_wconf 61' lang='grc' dir='ltr'>Χερουϐὶμ</span> <span class='ocrx_word' id='word_1_579' title='bbox 695 3908 728 3978; x_wconf 85' lang='grc' dir='ltr'>ἡ</span> <span class='ocrx_word' id='word_1_580' title='bbox 773 3907 949 3977; x_wconf 80' lang='grc' dir='ltr'>φωνή·</span> <span class='ocrx_word' id='word_1_581' title='bbox 981 3906 1215 3968; x_wconf 84' lang='grc' dir='ltr'>κτίσεως</span> <span class='ocrx_word' id='word_1_582' title='bbox 1261 3905 1370 3979; x_wconf 85' lang='grc' dir='ltr'>γὰρ</span> <span class='ocrx_word' id='word_1_583' title='bbox 1416 3906 1681 3961; x_wconf 84' lang='grc' dir='ltr'>ἀνωτάτω</span> <span class='ocrx_word' id='word_1_584' title='bbox 1725 3906 1822 3960; x_wconf 77' lang='grc' dir='ltr'>καὶ</span> <span class='ocrx_word' id='word_1_585' title='bbox 1859 3907 1962 3958; x_wconf 86' lang='grc' dir='ltr'>ἐπ-</span> 
     </span>
    </p>
   </div>
   <div class='ocr_carea' id='block_1_74' title="bbox 2053 3905 3679 3982">
    <p class='ocr_par' dir='ltr' id='par_1_74' title="bbox 2073 3907 3679 3982">
     <span class='ocr_line' id='line_1_74' title="bbox 2073 3907 3679 3982; baseline -0.002 -13"><span class='ocrx_word' id='word_1_586' title='bbox 2073 3913 2435 3978; x_wconf 88' lang='lat' dir='ltr'>audiebatur;</span> <span class='ocrx_word' id='word_1_587' title='bbox 2466 3927 2593 3966; x_wconf 88' lang='lat' dir='ltr'>nam</span> <span class='ocrx_word' id='word_1_588' title='bbox 2629 3911 2890 3982; x_wconf 91' lang='lat' dir='ltr'>superior</span> <span class='ocrx_word' id='word_1_589' title='bbox 2923 3919 3181 3965; x_wconf 88' lang='lat' dir='ltr'>creatura</span> <span class='ocrx_word' id='word_1_590' title='bbox 3211 3907 3361 3963; x_wconf 87' lang='lat' dir='ltr'>omni</span> <span class='ocrx_word' id='word_1_591' title='bbox 3392 3917 3558 3979; x_wconf 87' lang='lat' dir='ltr'>atque</span> <span class='ocrx_word' id='word_1_592' title='bbox 3593 3910 3679 3965; x_wconf 84' lang='lat' dir='ltr'>ul-</span> 
     </span>
    </p>
   </div>
   <div class='ocr_carea' id='block_1_75' title="bbox 354 3998 1980 4071">
    <p class='ocr_par' dir='ltr' id='par_1_75' title="bbox 354 3998 1964 4071">
     <span class='ocr_line' id='line_1_75' title="bbox 354 3998 1964 4071; baseline -0.004 -13"><span class='ocrx_word' id='word_1_593' title='bbox 354 4004 548 4058; x_wconf 74' lang='grc' dir='ltr'>ἐκεινα</span> <span class='ocrx_word' id='word_1_594' title='bbox 575 4000 730 4067; x_wconf 84' lang='grc' dir='ltr'>Θεὸς,</span> <span class='ocrx_word' id='word_1_595' title='bbox 768 3999 1001 4071; x_wconf 80' lang='grc' dir='ltr'>ούσιώδη</span> <span class='ocrx_word' id='word_1_596' title='bbox 1033 4016 1094 4052; x_wconf 90' lang='grc' dir='ltr'>τε</span> <span class='ocrx_word' id='word_1_597' title='bbox 1129 3999 1224 4053; x_wconf 74' lang='grc' dir='ltr'>καὶ</span> <span class='ocrx_word' id='word_1_598' title='bbox 1254 3999 1672 4071; x_wconf 77' lang='grc' dir='ltr'>ἐνυπάρχουσαν</span> <span class='ocrx_word' id='word_1_599' title='bbox 1693 3998 1791 4071; x_wconf 83' lang='grc' dir='ltr'>τὴν</span> <span class='ocrx_word' id='word_1_600' title='bbox 1821 3998 1964 4054; x_wconf 89' lang='grc' dir='ltr'>κατά</span> 
     </span>
    </p>
   </div>
   <div class='ocr_carea' id='block_1_76' title="bbox 2056 3998 3682 4071">
    <p class='ocr_par' dir='ltr' id='par_1_76' title="bbox 2077 4000 3682 4071">
     <span class='ocr_line' id='line_1_76' title="bbox 2077 4000 3682 4071; baseline -0.002 -10"><span class='ocrx_word' id='word_1_601' title='bbox 2077 4007 2247 4062; x_wconf 89' lang='lat' dir='ltr'>terior</span> <span class='ocrx_word' id='word_1_602' title='bbox 2274 4015 2360 4060; x_wconf 92' lang='lat' dir='ltr'>est</span> <span class='ocrx_word' id='word_1_603' title='bbox 2388 4005 2554 4069; x_wconf 88' lang='lat' dir='ltr'>Deus,</span> <span class='ocrx_word' id='word_1_604' title='bbox 2583 4013 2640 4058; x_wconf 93' lang='lat' dir='ltr'>et</span> <span class='ocrx_word' id='word_1_605' title='bbox 2664 4002 2947 4058; x_wconf 83' lang='lat' dir='ltr'>essentiali</span> <span class='ocrx_word' id='word_1_606' title='bbox 2975 4009 3143 4071; x_wconf 87' lang='lat' dir='ltr'>atque</span> <span class='ocrx_word' id='word_1_607' title='bbox 3166 4000 3329 4056; x_wconf 89' lang='lat' dir='ltr'>insita</span> <span class='ocrx_word' id='word_1_608' title='bbox 3355 4001 3682 4058; x_wconf 85' lang='lat' dir='ltr'>excellentia</span> 
     </span>
    </p>
   </div>
   <div class='ocr_carea' id='block_1_77' title="bbox 356 4090 1982 4165">
    <p class='ocr_par' dir='ltr' id='par_1_77' title="bbox 356 4091 1963 4165">
     <span class='ocr_line' id='line_1_77' title="bbox 356 4091 1963 4165; baseline -0.005 -13"><span class='ocrx_word' id='word_1_609' title='bbox 356 4095 564 4159; x_wconf 73' lang='grc' dir='ltr'>παντὸς</span> <span class='ocrx_word' id='word_1_610' title='bbox 581 4093 677 4148; x_wconf 86' lang='grc' dir='ltr'>τοῦ</span> <span class='ocrx_word' id='word_1_611' title='bbox 715 4092 1003 4162; x_wconf 86' lang='grc' dir='ltr'>γεγονότος</span> <span class='ocrx_word' id='word_1_612' title='bbox 1036 4091 1176 4164; x_wconf 78' lang='grc' dir='ltr'>ἔχων</span> <span class='ocrx_word' id='word_1_613' title='bbox 1211 4092 1510 4164; x_wconf 74' lang='grc' dir='ltr'>ὑπεροχήνο</span> <span class='ocrx_word' id='word_1_614' title='bbox 1542 4091 1963 4165; x_wconf 85' lang='grc' dir='ltr'>διαπορθμεύων</span> 
     </span>
    </p>
   </div>
   <div class='ocr_carea' id='block_1_78' title="bbox 2054 4090 3680 4165">
    <p class='ocr_par' dir='ltr' id='par_1_78' title="bbox 2073 4090 3680 4164">
     <span class='ocr_line' id='line_1_78' title="bbox 2073 4090 3680 4164; baseline -0.002 -12"><span class='ocrx_word' id='word_1_615' title='bbox 2073 4097 2334 4153; x_wconf 89' lang='lat' dir='ltr'>omnibus</span> <span class='ocrx_word' id='word_1_616' title='bbox 2367 4095 2538 4150; x_wconf 89' lang='lat' dir='ltr'>rebus</span> <span class='ocrx_word' id='word_1_617' title='bbox 2570 4093 2810 4148; x_wconf 90' lang='lat' dir='ltr'>conditis</span> <span class='ocrx_word' id='word_1_618' title='bbox 2830 4100 3076 4164; x_wconf 75' lang='lat' dir='ltr'>praestat.</span> <span class='ocrx_word' id='word_1_619' title='bbox 3105 4090 3244 4147; x_wconf 86' lang='lat' dir='ltr'>Cum</span> <span class='ocrx_word' id='word_1_620' title='bbox 3277 4090 3463 4161; x_wconf 89' lang='lat' dir='ltr'>itaque</span> <span class='ocrx_word' id='word_1_621' title='bbox 3486 4107 3680 4148; x_wconf 89' lang='lat' dir='ltr'>verum</span> 
     </span>
    </p>
   </div>
   <div class='ocr_carea' id='block_1_79' title="bbox 353 4183 1979 4262">
    <p class='ocr_par' dir='ltr' id='par_1_79' title="bbox 353 4183 1960 4258">
     <span class='ocr_line' id='line_1_79' title="bbox 353 4183 1960 4258; baseline -0.002 -16"><span class='ocrx_word' id='word_1_622' title='bbox 353 4189 412 4243; x_wconf 84' lang='grc' dir='ltr'>δὲ</span> <span class='ocrx_word' id='word_1_623' title='bbox 454 4189 536 4251; x_wconf 86' lang='grc' dir='ltr'>εἰς</span> <span class='ocrx_word' id='word_1_624' title='bbox 574 4187 727 4258; x_wconf 82' lang='grc' dir='ltr'>ἡμᾶς</span> <span class='ocrx_word' id='word_1_625' title='bbox 757 4185 858 4250; x_wconf 80' lang='grc' dir='ltr'>τὰς</span> <span class='ocrx_word' id='word_1_626' title='bbox 904 4183 1114 4239; x_wconf 83' lang='grc' dir='ltr'>ἄνωθεν</span> <span class='ocrx_word' id='word_1_627' title='bbox 1157 4185 1252 4239; x_wconf 72' lang='grc' dir='ltr'>καὶ</span> <span class='ocrx_word' id='word_1_628' title='bbox 1285 4184 1441 4256; x_wconf 85' lang='grc' dir='ltr'>παρὰ</span> <span class='ocrx_word' id='word_1_629' title='bbox 1493 4185 1709 4258; x_wconf 81' lang='grc' dir='ltr'>Πατρὸς</span> <span class='ocrx_word' id='word_1_630' title='bbox 1752 4184 1960 4254; x_wconf 77' lang='grc' dir='ltr'>φωνὰς,</span> 
     </span>
    </p>
   </div>
   <div class='ocr_carea' id='block_1_80' title="bbox 2057 4183 3683 4262">
    <p class='ocr_par' dir='ltr' id='par_1_80' title="bbox 2073 4185 3683 4262">
     <span class='ocr_line' id='line_1_80' title="bbox 2073 4185 3683 4262; baseline 0 -18"><span class='ocrx_word' id='word_1_631' title='bbox 2073 4187 2546 4262; x_wconf 86' lang='lat' dir='ltr'>propitiatorium,</span> <span class='ocrx_word' id='word_1_632' title='bbox 2579 4186 2753 4241; x_wconf 89' lang='lat' dir='ltr'>Filius</span> <span class='ocrx_word' id='word_1_633' title='bbox 2789 4202 3011 4256; x_wconf 90' lang='lat' dir='ltr'>nempe,</span> <span class='ocrx_word' id='word_1_634' title='bbox 3045 4185 3114 4240; x_wconf 88' lang='lat' dir='ltr'>ad</span> <span class='ocrx_word' id='word_1_635' title='bbox 3145 4201 3248 4242; x_wconf 91' lang='lat' dir='ltr'>nos</span> <span class='ocrx_word' id='word_1_636' title='bbox 3276 4187 3683 4244; x_wconf 83' lang='lat' dir='ltr'>transmitteret</span> 
     </span>
    </p>
   </div>
   <div class='ocr_carea' id='block_1_81' title="bbox 352 4277 1978 4354">
    <p class='ocr_par' dir='ltr' id='par_1_81' title="bbox 352 4277 1962 4350">
     <span class='ocr_line' id='line_1_81' title="bbox 352 4277 1962 4350; baseline -0.002 -16"><span class='ocrx_word' id='word_1_637' title='bbox 352 4282 599 4350; x_wconf 76' lang='grc' dir='ltr'>ἔφασκεν</span> <span class='ocrx_word' id='word_1_638' title='bbox 627 4282 656 4334; x_wconf 85' lang='grc' dir='ltr'>ὁ</span> <span class='ocrx_word' id='word_1_639' title='bbox 686 4279 836 4344; x_wconf 81' lang='grc' dir='ltr'>Υἱὸς,</span> <span class='ocrx_word' id='word_1_640' title='bbox 863 4277 925 4331; x_wconf 87' lang='grc' dir='ltr'>τὸ</span> <span class='ocrx_word' id='word_1_641' title='bbox 958 4277 1160 4349; x_wconf 82' lang='grc' dir='ltr'>ἀληθὲς</span> <span class='ocrx_word' id='word_1_642' title='bbox 1192 4277 1532 4350; x_wconf 83' lang='grc' dir='ltr'>ἱλαστήριον,</span> <span class='ocrx_word' id='word_1_643' title='bbox 1569 4297 1588 4330; x_wconf 82' lang='grc' dir='ltr'>ι</span> <span class='ocrx_word' id='word_1_644' title='bbox 1625 4277 1708 4331; x_wconf 87' lang='grc' dir='ltr'>Τά</span> <span class='ocrx_word' id='word_1_645' title='bbox 1739 4279 1962 4349; x_wconf 83' lang='grc' dir='ltr'>ῥήματα</span> 
     </span>
    </p>
   </div>
   <div class='ocr_carea' id='block_1_82' title="bbox 2055 4277 3681 4354">
    <p class='ocr_par' dir='ltr' id='par_1_82' title="bbox 2072 4279 3681 4354">
     <span class='ocr_line' id='line_1_82' title="bbox 2072 4279 3681 4354; baseline 0.001 -17"><span class='ocrx_word' id='word_1_646' title='bbox 2072 4298 2302 4354; x_wconf 87' lang='lat' dir='ltr'>superas</span> <span class='ocrx_word' id='word_1_647' title='bbox 2323 4281 2445 4336; x_wconf 88' lang='lat' dir='ltr'>illas</span> <span class='ocrx_word' id='word_1_648' title='bbox 2465 4290 2521 4336; x_wconf 91' lang='lat' dir='ltr'>et</span> <span class='ocrx_word' id='word_1_649' title='bbox 2543 4280 2724 4336; x_wconf 90' lang='lat' dir='ltr'>editas</span> <span class='ocrx_word' id='word_1_650' title='bbox 2744 4297 2775 4336; x_wconf 91' lang='lat' dir='ltr'>a</span> <span class='ocrx_word' id='word_1_651' title='bbox 2797 4281 2960 4336; x_wconf 89' lang='lat' dir='ltr'>Patre</span> <span class='ocrx_word' id='word_1_652' title='bbox 2988 4295 3176 4345; x_wconf 88' lang='lat' dir='ltr'>voces,</span> <span class='ocrx_word' id='word_1_653' title='bbox 3200 4279 3422 4336; x_wconf 88' lang='lat' dir='ltr'>dicebat</span> <span class='ocrx_word' id='word_1_654' title='bbox 3450 4300 3463 4336; x_wconf 90' lang='lat'><strong>:</strong></span> <span class='ocrx_word' id='word_1_655' title='bbox 3501 4301 3519 4334; x_wconf 79' lang='grc' dir='ltr'>ι</span> <span class='ocrx_word' id='word_1_656' title='bbox 3547 4281 3681 4338; x_wconf 75' lang='lat' dir='ltr'>Ver-</span> 
     </span>
    </p>
   </div>
   <div class='ocr_carea' id='block_1_83' title="bbox 350 4368 1976 4449">
    <p class='ocr_par' dir='ltr' id='par_1_83' title="bbox 350 4368 1963 4442">
     <span class='ocr_line' id='line_1_83' title="bbox 350 4368 1963 4442; baseline -0.002 -16"><span class='ocrx_word' id='word_1_657' title='bbox 350 4371 390 4426; x_wconf 81' lang='grc' dir='ltr'><strong>ἂ</strong></span> <span class='ocrx_word' id='word_1_658' title='bbox 428 4369 543 4440; x_wconf 82' lang='grc' dir='ltr'>ἐγὼ</span> <span class='ocrx_word' id='word_1_659' title='bbox 588 4370 738 4425; x_wconf 86' lang='grc' dir='ltr'>λαλὼ</span> <span class='ocrx_word' id='word_1_660' title='bbox 785 4370 889 4424; x_wconf 81' lang='grc' dir='ltr'>οὐκ</span> <span class='ocrx_word' id='word_1_661' title='bbox 936 4368 1085 4424; x_wconf 80' lang='grc' dir='ltr'>ἐστιν</span> <span class='ocrx_word' id='word_1_662' title='bbox 1137 4369 1280 4441; x_wconf 85' lang='grc' dir='ltr'>ἐμὰ,</span> <span class='ocrx_word' id='word_1_663' title='bbox 1323 4368 1460 4423; x_wconf 86' lang='grc' dir='ltr'>ἀλλά</span> <span class='ocrx_word' id='word_1_664' title='bbox 1493 4368 1588 4423; x_wconf 90' lang='grc' dir='ltr'>τοῦ</span> <span class='ocrx_word' id='word_1_665' title='bbox 1645 4369 1963 4442; x_wconf 76' lang='grc' dir='ltr'>πέμψαντός</span> 
     </span>
    </p>
   </div>
   <div class='ocr_carea' id='block_1_84' title="bbox 2052 4368 3678 4449">
    <p class='ocr_par' dir='ltr' id='par_1_84' title="bbox 2071 4375 3678 4449">
     <span class='ocr_line' id='line_1_84' title="bbox 2071 4375 3678 4449; baseline 0.001 -19"><span class='ocrx_word' id='word_1_666' title='bbox 2071 4375 2141 4430; x_wconf 87' lang='lat' dir='ltr'>ha</span> <span class='ocrx_word' id='word_1_667' title='bbox 2173 4391 2296 4446; x_wconf 72' lang='lat' dir='ltr'>quae</span> <span class='ocrx_word' id='word_1_668' title='bbox 2333 4390 2436 4446; x_wconf 77' lang='lat' dir='ltr'>ego</span> <span class='ocrx_word' id='word_1_669' title='bbox 2479 4375 2677 4445; x_wconf 91' lang='lat' dir='ltr'>loquor</span> <span class='ocrx_word' id='word_1_670' title='bbox 2720 4390 2832 4430; x_wconf 90' lang='lat' dir='ltr'>non</span> <span class='ocrx_word' id='word_1_671' title='bbox 2882 4382 3012 4430; x_wconf 89' lang='lat' dir='ltr'>sunt</span> <span class='ocrx_word' id='word_1_672' title='bbox 3068 4390 3213 4441; x_wconf 90' lang='lat' dir='ltr'>mea,</span> <span class='ocrx_word' id='word_1_673' title='bbox 3257 4375 3355 4432; x_wconf 90' lang='lat' dir='ltr'>sed</span> <span class='ocrx_word' id='word_1_674' title='bbox 3412 4377 3533 4449; x_wconf 89' lang='lat' dir='ltr'>ejus</span> <span class='ocrx_word' id='word_1_675' title='bbox 3584 4377 3678 4448; x_wconf 89' lang='lat' dir='ltr'>qui</span> 
     </span>
    </p>
   </div>
   <div class='ocr_carea' id='block_1_85' title="bbox 357 4461 1983 4540">
    <p class='ocr_par' dir='ltr' id='par_1_85' title="bbox 357 4461 1958 4535">
     <span class='ocr_line' id='line_1_85' title="bbox 357 4461 1958 4535; baseline 0 -19"><span class='ocrx_word' id='word_1_676' title='bbox 357 4480 450 4535; x_wconf 87' lang='grc' dir='ltr'>με.</span> <span class='ocrx_word' id='word_1_677' title='bbox 509 4482 528 4516; x_wconf 70' lang='grc' dir='ltr'>ι</span> <span class='ocrx_word' id='word_1_678' title='bbox 581 4461 796 4517; x_wconf 81' lang='grc' dir='ltr'>Οὐκοῦν</span> <span class='ocrx_word' id='word_1_679' title='bbox 845 4461 1057 4517; x_wconf 82' lang='grc' dir='ltr'>ἀνωθεν</span> <span class='ocrx_word' id='word_1_680' title='bbox 1126 4461 1219 4515; x_wconf 86' lang='grc' dir='ltr'>τοῦ</span> <span class='ocrx_word' id='word_1_681' title='bbox 1282 4461 1598 4534; x_wconf 85' lang='grc' dir='ltr'>ίλαστηρίου</span> <span class='ocrx_word' id='word_1_682' title='bbox 1656 4463 1882 4531; x_wconf 83' lang='grc' dir='ltr'>γέγονεν</span> <span class='ocrx_word' id='word_1_683' title='bbox 1925 4464 1958 4532; x_wconf 84' lang='grc' dir='ltr'>ἠ</span> 
     </span>
    </p>
   </div>
   <div class='ocr_carea' id='block_1_86' title="bbox 2051 4461 3677 4540">
    <p class='ocr_par' dir='ltr' id='par_1_86' title="bbox 2073 4466 3677 4540">
     <span class='ocr_line' id='line_1_86' title="bbox 2073 4466 3677 4540; baseline 0.001 -16"><span class='ocrx_word' id='word_1_684' title='bbox 2073 4470 2226 4525; x_wconf 90' lang='lat' dir='ltr'>misit</span> <span class='ocrx_word' id='word_1_685' title='bbox 2261 4485 2350 4524; x_wconf 91' lang='lat' dir='ltr'>me</span> <span class='ocrx_word' id='word_1_686' title='bbox 2380 4469 2445 4521; x_wconf 79' lang='grc'>⁸⁸.</span> <span class='ocrx_word' id='word_1_687' title='bbox 2485 4488 2504 4520; x_wconf 68' lang='grc' dir='ltr'>ι</span> <span class='ocrx_word' id='word_1_688' title='bbox 2542 4467 2716 4540; x_wconf 86' lang='lat' dir='ltr'>Igitur</span> <span class='ocrx_word' id='word_1_689' title='bbox 2750 4467 2820 4523; x_wconf 92' lang='lat' dir='ltr'>de</span> <span class='ocrx_word' id='word_1_690' title='bbox 2862 4466 3255 4539; x_wconf 89' lang='lat' dir='ltr'>propitiatorio</span> <span class='ocrx_word' id='word_1_691' title='bbox 3301 4483 3409 4523; x_wconf 79' lang='lat' dir='ltr'>vox</span> <span class='ocrx_word' id='word_1_692' title='bbox 3445 4468 3677 4526; x_wconf 89' lang='lat' dir='ltr'>exstitit.</span> 
     </span>
    </p>
   </div>
   <div class='ocr_carea' id='block_1_87' title="bbox 353 4553 1979 4632">
    <p class='ocr_par' dir='ltr' id='par_1_87' title="bbox 353 4553 1964 4629">
     <span class='ocr_line' id='line_1_87' title="bbox 353 4553 1964 4629; baseline -0.002 -18"><span class='ocrx_word' id='word_1_693' title='bbox 353 4558 534 4629; x_wconf 81' lang='grc' dir='ltr'>φωνή.</span> <span class='ocrx_word' id='word_1_694' title='bbox 567 4556 894 4628; x_wconf 79' lang='grc' dir='ltr'>Θαυμάσαις</span> <span class='ocrx_word' id='word_1_695' title='bbox 921 4555 965 4610; x_wconf 78' lang='grc' dir='ltr'>δ’</span> <span class='ocrx_word' id='word_1_696' title='bbox 1003 4555 1069 4609; x_wconf 83' lang='grc' dir='ltr'>ἂν</span> <span class='ocrx_word' id='word_1_697' title='bbox 1104 4555 1164 4609; x_wconf 83' lang='grc' dir='ltr'>ού</span> <span class='ocrx_word' id='word_1_698' title='bbox 1208 4555 1449 4628; x_wconf 88' lang='grc' dir='ltr'>μετρίως</span> <span class='ocrx_word' id='word_1_699' title='bbox 1474 4554 1572 4626; x_wconf 78' lang='grc' dir='ltr'>τὴν</span> <span class='ocrx_word' id='word_1_700' title='bbox 1607 4555 1716 4608; x_wconf 81' lang='grc' dir='ltr'>τῶν</span> <span class='ocrx_word' id='word_1_701' title='bbox 1752 4553 1964 4626; x_wconf 83' lang='grc' dir='ltr'>φυλάρ-</span> 
     </span>
    </p>
   </div>
   <div class='ocr_carea' id='block_1_88' title="bbox 2051 4553 3677 4632">
    <p class='ocr_par' dir='ltr' id='par_1_88' title="bbox 2070 4559 3677 4632">
     <span class='ocr_line' id='line_1_88' title="bbox 2070 4559 3677 4632; baseline -0.001 -13"><span class='ocrx_word' id='word_1_702' title='bbox 2070 4563 2184 4619; x_wconf 87' lang='lat' dir='ltr'>Nec</span> <span class='ocrx_word' id='word_1_703' title='bbox 2209 4561 2571 4617; x_wconf 90' lang='lat' dir='ltr'>mediocriter</span> <span class='ocrx_word' id='word_1_704' title='bbox 2602 4561 2993 4626; x_wconf 89' lang='lat' dir='ltr'>admiraberis,</span> <span class='ocrx_word' id='word_1_705' title='bbox 3018 4560 3062 4615; x_wconf 91' lang='lat' dir='ltr'>si</span> <span class='ocrx_word' id='word_1_706' title='bbox 3097 4559 3382 4632; x_wconf 90' lang='lat' dir='ltr'>principes</span> <span class='ocrx_word' id='word_1_707' title='bbox 3408 4561 3677 4626; x_wconf 87' lang='lat' dir='ltr'>tribuum,</span> 
     </span>
    </p>
   </div>
   <div class='ocr_carea' id='block_1_89' title="bbox 351 4645 1977 4740">
    <p class='ocr_par' dir='ltr' id='par_1_89' title="bbox 351 4645 1962 4722">
     <span class='ocr_line' id='line_1_89' title="bbox 351 4645 1962 4722; baseline -0.001 -20"><span class='ocrx_word' id='word_1_708' title='bbox 351 4665 469 4718; x_wconf 82' lang='grc' dir='ltr'>χων</span> <span class='ocrx_word' id='word_1_709' title='bbox 495 4646 985 4718; x_wconf 81' lang='grc' dir='ltr'>ἀνασκοπούμενος</span> <span class='ocrx_word' id='word_1_710' title='bbox 1021 4647 1309 4719; x_wconf 87' lang='grc' dir='ltr'>πρόσοδον.</span> <span class='ocrx_word' id='word_1_711' title='bbox 1351 4645 1822 4718; x_wconf 86' lang='grc' dir='ltr'>Ἀπονεμηθείσης</span> <span class='ocrx_word' id='word_1_712' title='bbox 1851 4648 1962 4722; x_wconf 83' lang='grc' dir='ltr'>γὰρ</span> 
     </span>
    </p>
   </div>
   <div class='ocr_carea' id='block_1_90' title="bbox 2055 4645 3681 4740">
    <p class='ocr_par' dir='ltr' id='par_1_90' title="bbox 2072 4651 3681 4725">
     <span class='ocr_line' id='line_1_90' title="bbox 2072 4651 3681 4725; baseline 0.001 -17"><span class='ocrx_word' id='word_1_713' title='bbox 2072 4669 2183 4725; x_wconf 87' lang='lat' dir='ltr'>quo</span> <span class='ocrx_word' id='word_1_714' title='bbox 2215 4652 2413 4708; x_wconf 90' lang='lat' dir='ltr'>ordine</span> <span class='ocrx_word' id='word_1_715' title='bbox 2437 4652 2793 4718; x_wconf 87' lang='lat' dir='ltr'>accesserint,</span> <span class='ocrx_word' id='word_1_716' title='bbox 2823 4652 3153 4724; x_wconf 84' lang='lat' dir='ltr'>inspexeris.</span> <span class='ocrx_word' id='word_1_717' title='bbox 3185 4651 3325 4708; x_wconf 91' lang='lat' dir='ltr'>Cum</span> <span class='ocrx_word' id='word_1_718' title='bbox 3371 4654 3520 4709; x_wconf 87' lang='lat' dir='ltr'>enim</span> <span class='ocrx_word' id='word_1_719' title='bbox 3549 4671 3681 4711; x_wconf 85' lang='lat' dir='ltr'>suus</span> 
     </span>
    </p>
   </div>
   <div class='ocr_carea' id='block_1_91' title="bbox 351 4737 1977 4816">
    <p class='ocr_par' dir='ltr' id='par_1_91' title="bbox 351 4737 1960 4812">
     <span class='ocr_line' id='line_1_91' title="bbox 351 4737 1960 4812; baseline 0.002 -21"><span class='ocrx_word' id='word_1_720' title='bbox 351 4738 576 4810; x_wconf 76' lang='grc' dir='ltr'>ἡμέρας</span> <span class='ocrx_word' id='word_1_721' title='bbox 609 4738 826 4810; x_wconf 79' lang='grc' dir='ltr'>ἑκάστῳ</span> <span class='ocrx_word' id='word_1_722' title='bbox 853 4738 945 4792; x_wconf 73' lang='grc' dir='ltr'>καὶ</span> <span class='ocrx_word' id='word_1_723' title='bbox 983 4737 1188 4804; x_wconf 81' lang='grc' dir='ltr'>ίδικῶς,</span> <span class='ocrx_word' id='word_1_724' title='bbox 1223 4737 1347 4792; x_wconf 87' lang='grc' dir='ltr'>καθ’</span> <span class='ocrx_word' id='word_1_725' title='bbox 1380 4739 1446 4811; x_wconf 82' lang='grc' dir='ltr'>ἢν</span> <span class='ocrx_word' id='word_1_726' title='bbox 1475 4738 1583 4792; x_wconf 81' lang='grc' dir='ltr'>ἔδει</span> <span class='ocrx_word' id='word_1_727' title='bbox 1621 4737 1865 4812; x_wconf 86' lang='grc' dir='ltr'>πληροῦν</span> <span class='ocrx_word' id='word_1_728' title='bbox 1891 4740 1960 4794; x_wconf 77' lang='grc' dir='ltr'>τὰ</span> 
     </span>
    </p>
   </div>
   <div class='ocr_carea' id='block_1_92' title="bbox 2051 4737 3677 4816">
    <p class='ocr_par' dir='ltr' id='par_1_92' title="bbox 2065 4743 3677 4816">
     <span class='ocr_line' id='line_1_92' title="bbox 2065 4743 3677 4816; baseline 0.001 -17"><span class='ocrx_word' id='word_1_729' title='bbox 2065 4745 2268 4814; x_wconf 85' lang='lat' dir='ltr'>cuique</span> <span class='ocrx_word' id='word_1_730' title='bbox 2304 4743 2423 4799; x_wconf 90' lang='lat' dir='ltr'>dies</span> <span class='ocrx_word' id='word_1_731' title='bbox 2447 4743 2674 4814; x_wconf 85' lang='lat' dir='ltr'>proprie</span> <span class='ocrx_word' id='word_1_732' title='bbox 2707 4743 3012 4799; x_wconf 88' lang='lat' dir='ltr'>attributus</span> <span class='ocrx_word' id='word_1_733' title='bbox 3047 4751 3216 4810; x_wconf 88' lang='lat' dir='ltr'>esset,</span> <span class='ocrx_word' id='word_1_734' title='bbox 3243 4759 3355 4814; x_wconf 91' lang='lat' dir='ltr'>quo</span> <span class='ocrx_word' id='word_1_735' title='bbox 3401 4743 3492 4799; x_wconf 90' lang='lat' dir='ltr'>die</span> <span class='ocrx_word' id='word_1_736' title='bbox 3524 4745 3677 4816; x_wconf 86' lang='lat' dir='ltr'>jussa</span> 
     </span>
    </p>
   </div>
   <div class='ocr_carea' id='block_1_93' title="bbox 352 4831 1978 4907">
    <p class='ocr_par' dir='ltr' id='par_1_93' title="bbox 352 4831 1960 4904">
     <span class='ocr_line' id='line_1_93' title="bbox 352 4831 1960 4904; baseline 0.001 -19"><span class='ocrx_word' id='word_1_737' title='bbox 352 4831 776 4902; x_wconf 78' lang='grc' dir='ltr'>συντεταγμένα</span> <span class='ocrx_word' id='word_1_738' title='bbox 803 4833 901 4886; x_wconf 76' lang='grc' dir='ltr'>καὶ</span> <span class='ocrx_word' id='word_1_739' title='bbox 926 4831 1303 4903; x_wconf 86' lang='grc' dir='ltr'>προσκομίσαι</span> <span class='ocrx_word' id='word_1_740' title='bbox 1333 4831 1396 4885; x_wconf 83' lang='grc' dir='ltr'>τὸ</span> <span class='ocrx_word' id='word_1_741' title='bbox 1439 4831 1634 4904; x_wconf 84' lang='grc' dir='ltr'>δῶρον,</span> <span class='ocrx_word' id='word_1_742' title='bbox 1660 4831 1960 4904; x_wconf 90' lang='grc' dir='ltr'>προσίεσαν</span> 
     </span>
    </p>
   </div>
   <div class='ocr_carea' id='block_1_94' title="bbox 2048 4831 3674 4907">
    <p class='ocr_par' dir='ltr' id='par_1_94' title="bbox 2059 4836 3674 4907">
     <span class='ocr_line' id='line_1_94' title="bbox 2059 4836 3674 4907; baseline 0.001 -15"><span class='ocrx_word' id='word_1_743' title='bbox 2059 4836 2375 4906; x_wconf 88' lang='lat' dir='ltr'>perﬁceret,</span> <span class='ocrx_word' id='word_1_744' title='bbox 2408 4852 2473 4892; x_wconf 91' lang='lat' dir='ltr'>ac</span> <span class='ocrx_word' id='word_1_745' title='bbox 2506 4836 2714 4892; x_wconf 92' lang='lat' dir='ltr'>donum</span> <span class='ocrx_word' id='word_1_746' title='bbox 2749 4837 2998 4903; x_wconf 81' lang='lat' dir='ltr'>aﬁ&#39;erret,</span> <span class='ocrx_word' id='word_1_747' title='bbox 3041 4837 3295 4892; x_wconf 89' lang='lat' dir='ltr'>ordinate</span> <span class='ocrx_word' id='word_1_748' title='bbox 3330 4837 3411 4891; x_wconf 92' lang='lat' dir='ltr'>illi</span> <span class='ocrx_word' id='word_1_749' title='bbox 3451 4837 3674 4907; x_wconf 88' lang='lat' dir='ltr'>quidem</span> 
     </span>
    </p>
   </div>
   <div class='ocr_carea' id='block_1_95' title="bbox 351 4923 1977 5001">
    <p class='ocr_par' dir='ltr' id='par_1_95' title="bbox 351 4923 1958 5000">
     <span class='ocr_line' id='line_1_95' title="bbox 351 4923 1958 5000; baseline -0.002 -19"><span class='ocrx_word' id='word_1_750' title='bbox 351 4927 462 5000; x_wconf 86' lang='grc' dir='ltr'>μὲν</span> <span class='ocrx_word' id='word_1_751' title='bbox 503 4927 561 4980; x_wconf 87' lang='grc' dir='ltr'>ἐν</span> <span class='ocrx_word' id='word_1_752' title='bbox 611 4925 808 4998; x_wconf 86' lang='grc' dir='ltr'>κόσμῳ</span> <span class='ocrx_word' id='word_1_753' title='bbox 857 4925 1004 4980; x_wconf 86' lang='grc' dir='ltr'>κατά</span> <span class='ocrx_word' id='word_1_754' title='bbox 1050 4943 1118 4995; x_wconf 85' lang='grc' dir='ltr'>γε</span> <span class='ocrx_word' id='word_1_755' title='bbox 1181 4924 1245 4979; x_wconf 83' lang='grc' dir='ltr'>τὸ</span> <span class='ocrx_word' id='word_1_756' title='bbox 1299 4923 1379 4996; x_wconf 84' lang='grc' dir='ltr'>τῷ</span> <span class='ocrx_word' id='word_1_757' title='bbox 1431 4924 1702 4999; x_wconf 83' lang='grc' dir='ltr'>νομοθέτῃ</span> <span class='ocrx_word' id='word_1_758' title='bbox 1745 4924 1958 4979; x_wconf 72' lang='grc' dir='ltr'>δοκοῦν⁸</span> 
     </span>
    </p>
   </div>
   <div class='ocr_carea' id='block_1_96' title="bbox 2050 4923 3676 5001">
    <p class='ocr_par' dir='ltr' id='par_1_96' title="bbox 2059 4929 3676 5001">
     <span class='ocr_line' id='line_1_96' title="bbox 2059 4929 3676 5001; baseline 0 -18"><span class='ocrx_word' id='word_1_759' title='bbox 2059 4937 2434 4995; x_wconf 88' lang='lat' dir='ltr'>accesserunt,</span> <span class='ocrx_word' id='word_1_760' title='bbox 2463 4938 2526 4984; x_wconf 91' lang='lat' dir='ltr'>ut</span> <span class='ocrx_word' id='word_1_761' title='bbox 2564 4929 2867 5001; x_wconf 87' lang='lat' dir='ltr'>legislatori</span> <span class='ocrx_word' id='word_1_762' title='bbox 2894 4929 3077 4983; x_wconf 86' lang='lat' dir='ltr'>visum</span> <span class='ocrx_word' id='word_1_763' title='bbox 3105 4937 3212 4992; x_wconf 85' lang='lat' dir='ltr'>est,</span> <span class='ocrx_word' id='word_1_764' title='bbox 3245 4942 3358 4981; x_wconf 90' lang='lat' dir='ltr'>non</span> <span class='ocrx_word' id='word_1_765' title='bbox 3390 4935 3573 4982; x_wconf 90' lang='lat' dir='ltr'>tamen</span> <span class='ocrx_word' id='word_1_766' title='bbox 3608 4943 3676 4983; x_wconf 79' lang='lat' dir='ltr'>eo</span> 
     </span>
    </p>
   </div>
   <div class='ocr_carea' id='block_1_97' title="bbox 345 5016 1971 5093">
    <p class='ocr_par' dir='ltr' id='par_1_97' title="bbox 345 5016 1961 5090">
     <span class='ocr_line' id='line_1_97' title="bbox 345 5016 1961 5090; baseline 0.001 -18"><span class='ocrx_word' id='word_1_767' title='bbox 345 5016 498 5090; x_wconf 80' lang='grc' dir='ltr'>πλὴν</span> <span class='ocrx_word' id='word_1_768' title='bbox 539 5018 602 5072; x_wconf 82' lang='grc' dir='ltr'>ού</span> <span class='ocrx_word' id='word_1_769' title='bbox 651 5019 797 5072; x_wconf 84' lang='grc' dir='ltr'>κατά</span> <span class='ocrx_word' id='word_1_770' title='bbox 848 5017 950 5088; x_wconf 82' lang='grc' dir='ltr'>τὴν</span> <span class='ocrx_word' id='word_1_771' title='bbox 1009 5017 1112 5088; x_wconf 86' lang='grc' dir='ltr'>τῆς</span> <span class='ocrx_word' id='word_1_772' title='bbox 1159 5017 1431 5088; x_wconf 82' lang='grc' dir='ltr'>γενέσεως</span> <span class='ocrx_word' id='word_1_773' title='bbox 1467 5019 1644 5085; x_wconf 79' lang='grc' dir='ltr'>τάξιν,</span> <span class='ocrx_word' id='word_1_774' title='bbox 1686 5020 1806 5090; x_wconf 76' lang='grc' dir='ltr'>ῆτοι</span> <span class='ocrx_word' id='word_1_775' title='bbox 1835 5019 1961 5073; x_wconf 83' lang='grc' dir='ltr'>καθ’</span> 
     </span>
    </p>
   </div>
   <div class='ocr_carea' id='block_1_98' title="bbox 2047 5016 3673 5093">
    <p class='ocr_par' dir='ltr' id='par_1_98' title="bbox 2059 5021 3673 5093">
     <span class='ocr_line' id='line_1_98' title="bbox 2059 5021 3673 5093; baseline 0.002 -18"><span class='ocrx_word' id='word_1_776' title='bbox 2059 5021 2254 5076; x_wconf 89' lang='lat' dir='ltr'>ordine</span> <span class='ocrx_word' id='word_1_777' title='bbox 2299 5037 2412 5092; x_wconf 91' lang='lat' dir='ltr'>quo</span> <span class='ocrx_word' id='word_1_778' title='bbox 2456 5022 2693 5093; x_wconf 89' lang='lat' dir='ltr'>quisque</span> <span class='ocrx_word' id='word_1_779' title='bbox 2727 5031 2892 5078; x_wconf 90' lang='lat' dir='ltr'>natus</span> <span class='ocrx_word' id='word_1_780' title='bbox 2923 5029 3063 5088; x_wconf 88' lang='lat' dir='ltr'>erat,</span> <span class='ocrx_word' id='word_1_781' title='bbox 3113 5021 3168 5076; x_wconf 92' lang='lat' dir='ltr'>id</span> <span class='ocrx_word' id='word_1_782' title='bbox 3217 5032 3323 5087; x_wconf 86' lang='lat' dir='ltr'>est,</span> <span class='ocrx_word' id='word_1_783' title='bbox 3371 5022 3550 5077; x_wconf 62' lang='lat' dir='ltr'>inlatis</span> <span class='ocrx_word' id='word_1_784' title='bbox 3582 5039 3673 5079; x_wconf 86' lang='lat' dir='ltr'>ra-</span> 
     </span>
    </p>
   </div>
   <div class='ocr_carea' id='block_1_99' title="bbox 343 5109 1969 5186">
    <p class='ocr_par' dir='ltr' id='par_1_99' title="bbox 343 5109 1959 5184">
     <span class='ocr_line' id='line_1_99' title="bbox 343 5109 1959 5184; baseline 0.002 -21"><span class='ocrx_word' id='word_1_785' title='bbox 343 5109 604 5184; x_wconf 78' lang='grc' dir='ltr'>ὴλικίαν,</span> <span class='ocrx_word' id='word_1_786' title='bbox 640 5109 756 5164; x_wconf 84' lang='grc' dir='ltr'>ἀλλ’</span> <span class='ocrx_word' id='word_1_787' title='bbox 788 5109 911 5164; x_wconf 80' lang='grc' dir='ltr'>οὐδὲ</span> <span class='ocrx_word' id='word_1_788' title='bbox 935 5109 1140 5181; x_wconf 74' lang='grc' dir='ltr'>ἀναμὶξ</span> <span class='ocrx_word' id='word_1_789' title='bbox 1171 5111 1266 5164; x_wconf 74' lang='grc' dir='ltr'>καὶ</span> <span class='ocrx_word' id='word_1_790' title='bbox 1309 5111 1477 5183; x_wconf 84' lang='grc' dir='ltr'>χύδην</span> <span class='ocrx_word' id='word_1_791' title='bbox 1508 5112 1695 5178; x_wconf 84' lang='grc' dir='ltr'>ἁπλῶς</span> <span class='ocrx_word' id='word_1_792' title='bbox 1714 5153 1729 5179; x_wconf 91' lang='grc'>,</span> <span class='ocrx_word' id='word_1_793' title='bbox 1767 5130 1959 5167; x_wconf 89' lang='grc' dir='ltr'>συντε-</span> 
     </span>
    </p>
   </div>
   <div class='ocr_carea' id='block_1_100' title="bbox 2047 5109 3673 5186">
    <p class='ocr_par' dir='ltr' id='par_1_100' title="bbox 2063 5114 3673 5186">
     <span class='ocr_line' id='line_1_100' title="bbox 2063 5114 3673 5186; baseline 0.004 -18"><span class='ocrx_word' id='word_1_794' title='bbox 2063 5114 2213 5170; x_wconf 88' lang='lat' dir='ltr'>tione</span> <span class='ocrx_word' id='word_1_795' title='bbox 2243 5115 2473 5171; x_wconf 87' lang='lat' dir='ltr'>minime</span> <span class='ocrx_word' id='word_1_796' title='bbox 2503 5116 2715 5182; x_wconf 88' lang='lat' dir='ltr'>habita,</span> <span class='ocrx_word' id='word_1_797' title='bbox 2751 5131 2932 5186; x_wconf 90' lang='lat' dir='ltr'>neque</span> <span class='ocrx_word' id='word_1_798' title='bbox 2970 5130 3164 5170; x_wconf 87' lang='lat' dir='ltr'>rursus</span> <span class='ocrx_word' id='word_1_799' title='bbox 3185 5115 3413 5170; x_wconf 90' lang='lat' dir='ltr'>omnino</span> <span class='ocrx_word' id='word_1_800' title='bbox 3443 5117 3673 5174; x_wconf 83' lang='lat' dir='ltr'>confuse</span> 
     </span>
    </p>
   </div>
   <div class='ocr_carea' id='block_1_101' title="bbox 344 5201 1970 5280">
    <p class='ocr_par' dir='ltr' id='par_1_101' title="bbox 344 5201 1958 5278">
     <span class='ocr_line' id='line_1_101' title="bbox 344 5201 1958 5278; baseline 0.004 -23"><span class='ocrx_word' id='word_1_801' title='bbox 344 5201 604 5274; x_wconf 80' lang='grc' dir='ltr'>θειμένοι</span> <span class='ocrx_word' id='word_1_802' title='bbox 657 5201 716 5255; x_wconf 85' lang='grc' dir='ltr'>δὲ</span> <span class='ocrx_word' id='word_1_803' title='bbox 773 5201 975 5274; x_wconf 85' lang='grc' dir='ltr'>μᾶλλον</span> <span class='ocrx_word' id='word_1_804' title='bbox 1022 5201 1213 5274; x_wconf 84' lang='grc' dir='ltr'>ὥσπερ</span> <span class='ocrx_word' id='word_1_805' title='bbox 1259 5205 1340 5269; x_wconf 88' lang='grc' dir='ltr'>είς</span> <span class='ocrx_word' id='word_1_806' title='bbox 1392 5207 1708 5276; x_wconf 76' lang='grc' dir='ltr'>οἰκονομίαν</span> <span class='ocrx_word' id='word_1_807' title='bbox 1763 5223 1958 5278; x_wconf 89' lang='grc' dir='ltr'>μυστι-</span> 
     </span>
    </p>
   </div>
   <div class='ocr_carea' id='block_1_102' title="bbox 2046 5201 3672 5280">
    <p class='ocr_par' dir='ltr' id='par_1_102' title="bbox 2066 5207 3672 5280">
     <span class='ocr_line' id='line_1_102' title="bbox 2066 5207 3672 5280; baseline 0.002 -19"><span class='ocrx_word' id='word_1_808' title='bbox 2066 5215 2232 5277; x_wconf 90' lang='lat' dir='ltr'>atque</span> <span class='ocrx_word' id='word_1_809' title='bbox 2258 5208 2544 5279; x_wconf 89' lang='lat' dir='ltr'>permiste,</span> <span class='ocrx_word' id='word_1_810' title='bbox 2579 5209 2676 5264; x_wconf 89' lang='lat' dir='ltr'>sed</span> <span class='ocrx_word' id='word_1_811' title='bbox 2717 5209 2900 5280; x_wconf 86' lang='lat' dir='ltr'>potius</span> <span class='ocrx_word' id='word_1_812' title='bbox 2936 5207 3111 5262; x_wconf 86' lang='lat' dir='ltr'>veluti</span> <span class='ocrx_word' id='word_1_813' title='bbox 3151 5207 3383 5280; x_wconf 83' lang='lat' dir='ltr'>mystica</span> <span class='ocrx_word' id='word_1_814' title='bbox 3414 5209 3672 5265; x_wconf 89' lang='lat' dir='ltr'>modera-</span> 
     </span>
    </p>
   </div>
   <div class='ocr_carea' id='block_1_103' title="bbox 343 5297 1969 5357">
    <p class='ocr_par' dir='ltr' id='par_1_103' title="bbox 343 5297 481 5357">
     <span class='ocr_line' id='line_1_103' title="bbox 343 5297 481 5357; baseline 0 -7"><span class='ocrx_word' id='word_1_815' title='bbox 343 5297 481 5357; x_wconf 71' lang='grc' dir='ltr'>κήν.</span> 
     </span>
    </p>
   </div>
   <div class='ocr_carea' id='block_1_104' title="bbox 893 5297 2519 5357">
    <p class='ocr_par' dir='ltr' id='par_1_104' title="bbox 2067 5299 2519 5357">
     <span class='ocr_line' id='line_1_104' title="bbox 2067 5299 2519 5357; baseline 0.009 -5"><span class='ocrx_word' id='word_1_816' title='bbox 2067 5299 2218 5356; x_wconf 90' lang='lat' dir='ltr'>tione</span> <span class='ocrx_word' id='word_1_817' title='bbox 2245 5300 2519 5357; x_wconf 84' lang='lat' dir='ltr'>disnositi.</span> 
     </span>
    </p>
   </div>
   <div class='ocr_carea' id='block_1_105' title="bbox 411 5317 2037 5468">
    <p class='ocr_par' dir='ltr' id='par_1_105' title="bbox 411 5317 1962 5468">
     <span class='ocr_line' id='line_1_105' title="bbox 411 5317 481 5350; baseline 0.014 -1"><span class='ocrx_word' id='word_1_818' title='bbox 411 5317 481 5350; x_wconf 76' lang='lat' dir='ltr'>‘Vo</span> 
     </span>
     <span class='ocr_line' id='line_1_106' title="bbox 411 5339 1962 5468; baseline 0.003 -25"><span class='ocrx_word' id='word_1_819' title='bbox 411 5339 641 5443; x_wconf 49' lang='lat' dir='ltr'>‘IIAAA.</span> <span class='ocrx_word' id='word_1_820' title='bbox 675 5387 788 5442; x_wconf 77' lang='grc' dir='ltr'>Καὶ</span> <span class='ocrx_word' id='word_1_821' title='bbox 811 5387 919 5462; x_wconf 84' lang='grc' dir='ltr'>μὴν</span> <span class='ocrx_word' id='word_1_822' title='bbox 946 5388 976 5442; x_wconf 81' lang='grc' dir='ltr'><strong>ὅ</strong></span> <span class='ocrx_word' id='word_1_823' title='bbox 1002 5407 1057 5443; x_wconf 90' lang='grc' dir='ltr'>τι</span> <span class='ocrx_word' id='word_1_824' title='bbox 1085 5388 1217 5444; x_wconf 82' lang='grc' dir='ltr'>ποτέ</span> <span class='ocrx_word' id='word_1_825' title='bbox 1245 5391 1394 5468; x_wconf 78' lang='grc' dir='ltr'>ἐστιν</span> <span class='ocrx_word' id='word_1_826' title='bbox 1421 5391 1450 5446; x_wconf 84' lang='grc' dir='ltr'><strong>ὃ</strong></span> <span class='ocrx_word' id='word_1_827' title='bbox 1480 5393 1607 5464; x_wconf 76' lang='grc' dir='ltr'>φὴς,</span> <span class='ocrx_word' id='word_1_828' title='bbox 1637 5393 1839 5449; x_wconf 83' lang='grc' dir='ltr'>ἐννοεῖν</span> <span class='ocrx_word' id='word_1_829' title='bbox 1862 5393 1962 5448; x_wconf 83' lang='grc' dir='ltr'>οὐκ</span> 
     </span>
    </p>
   </div>
   <div class='ocr_carea' id='block_1_106' title="bbox 2041 5317 3667 5468">
    <p class='ocr_par' dir='ltr' id='par_1_106' title="bbox 2068 5317 3667 5466">
     <span class='ocr_line' id='line_1_107' title="bbox 2068 5317 2520 5373; baseline 0.009 -21"><span class='ocrx_word' id='word_1_830' title='bbox 2068 5317 2218 5356; x_wconf 81' lang='lat' dir='ltr'>none</span> <span class='ocrx_word' id='word_1_831' title='bbox 2245 5317 2520 5373; x_wconf 78' lang='lat' dir='ltr'>CllSpOSlll.</span> 
     </span>
     <span class='ocr_line' id='line_1_108' title="bbox 2133 5391 3667 5466; baseline 0.002 -19"><span class='ocrx_word' id='word_1_832' title='bbox 2133 5391 2332 5448; x_wconf 76' lang='lat' dir='ltr'><strong>PALL.</strong></span> <span class='ocrx_word' id='word_1_833' title='bbox 2365 5392 2657 5465; x_wconf 83' lang='lat' dir='ltr'>Equidem,</span> <span class='ocrx_word' id='word_1_834' title='bbox 2681 5392 2830 5464; x_wconf 85' lang='lat' dir='ltr'>quod</span> <span class='ocrx_word' id='word_1_835' title='bbox 2857 5409 2888 5448; x_wconf 89' lang='lat' dir='ltr'>a</span> <span class='ocrx_word' id='word_1_836' title='bbox 2919 5400 2974 5449; x_wconf 89' lang='lat' dir='ltr'>te</span> <span class='ocrx_word' id='word_1_837' title='bbox 3005 5392 3215 5448; x_wconf 89' lang='lat' dir='ltr'>dictum</span> <span class='ocrx_word' id='word_1_838' title='bbox 3246 5403 3352 5460; x_wconf 89' lang='lat' dir='ltr'>est,</span> <span class='ocrx_word' id='word_1_839' title='bbox 3383 5395 3548 5466; x_wconf 86' lang='lat' dir='ltr'>quale</span> <span class='ocrx_word' id='word_1_840' title='bbox 3576 5395 3667 5460; x_wconf 89' lang='lat' dir='ltr'>sit,</span> 
     </span>
    </p>
   </div>
   <div class='ocr_carea' id='block_1_107' title="bbox 341 5477 1967 5560">
    <p class='ocr_par' dir='ltr' id='par_1_107' title="bbox 341 5477 1266 5555">
     <span class='ocr_line' id='line_1_109' title="bbox 341 5477 1266 5555; baseline -0.001 -17"><span class='ocrx_word' id='word_1_841' title='bbox 341 5485 484 5555; x_wconf 77' lang='grc' dir='ltr'>ἔχω.</span> <span class='ocrx_word' id='word_1_842' title='bbox 517 5480 700 5553; x_wconf 78' lang='grc' dir='ltr'>Φράζε</span> <span class='ocrx_word' id='word_1_843' title='bbox 725 5481 790 5553; x_wconf 79' lang='grc' dir='ltr'>δὴ</span> <span class='ocrx_word' id='word_1_844' title='bbox 818 5477 914 5536; x_wconf 81' lang='grc' dir='ltr'>οῦν</span> <span class='ocrx_word' id='word_1_845' title='bbox 940 5499 1030 5554; x_wconf 83' lang='grc' dir='ltr'>μοι</span> <span class='ocrx_word' id='word_1_846' title='bbox 1057 5482 1266 5552; x_wconf 83' lang='grc' dir='ltr'>σαφῶς.</span> 
     </span>
    </p>
   </div>
   <div class='ocr_carea' id='block_1_108' title="bbox 2041 5477 3667 5560">
    <p class='ocr_par' dir='ltr' id='par_1_108' title="bbox 2059 5485 3667 5560">
     <span class='ocr_line' id='line_1_110' title="bbox 2059 5485 3667 5560; baseline 0.001 -19"><span class='ocrx_word' id='word_1_847' title='bbox 2059 5502 2170 5542; x_wconf 91' lang='lat' dir='ltr'>non</span> <span class='ocrx_word' id='word_1_848' title='bbox 2209 5504 2436 5560; x_wconf 90' lang='lat' dir='ltr'>possum</span> <span class='ocrx_word' id='word_1_849' title='bbox 2479 5487 2822 5560; x_wconf 85' lang='lat' dir='ltr'>intelligere;</span> <span class='ocrx_word' id='word_1_850' title='bbox 2853 5485 3216 5559; x_wconf 88' lang='lat' dir='ltr'>quamobrem</span> <span class='ocrx_word' id='word_1_851' title='bbox 3261 5504 3479 5559; x_wconf 80' lang='lat' dir='ltr'>expone</span> <span class='ocrx_word' id='word_1_852' title='bbox 3531 5488 3667 5545; x_wconf 91' lang='lat' dir='ltr'>illud</span> 
     </span>
    </p>
   </div>
   <div class='ocr_carea' id='block_1_109' title="bbox 2059 5581 2327 5637">
    <p class='ocr_par' dir='ltr' id='par_1_109' title="bbox 2059 5581 2327 5637">
     <span class='ocr_line' id='line_1_111' title="bbox 2059 5581 2327 5637; baseline 0.004 -2"><span class='ocrx_word' id='word_1_853' title='bbox 2059 5581 2327 5637; x_wconf 81' lang='lat' dir='ltr'>apertius.</span> 
     </span>
    </p>
   </div>
   <div class='ocr_carea' id='block_1_110' title="bbox 338 5597 1964 5748">
    <p class='ocr_par' dir='ltr' id='par_1_110' title="bbox 338 5634 1957 5742">
     <span class='ocr_line' id='line_1_112' title="bbox 338 5634 1957 5742; baseline 0.001 -20"><span class='ocrx_word' id='word_1_854' title='bbox 338 5665 519 5722; x_wconf 76' lang='grc' dir='ltr'>ΚΥΡ.</span> <span class='ocrx_word' id='word_1_855' title='bbox 562 5667 753 5721; x_wconf 86' lang='grc' dir='ltr'>Βούλει</span> <span class='ocrx_word' id='word_1_856' title='bbox 795 5665 1047 5739; x_wconf 82' lang='grc' dir='ltr'>λέγωμεν</span> <span class='ocrx_word' id='word_1_857' title='bbox 1077 5668 1133 5722; x_wconf 82' lang='grc' dir='ltr'>ἐν</span> <span class='ocrx_word' id='word_1_858' title='bbox 1157 5667 1311 5735; x_wconf 82' lang='grc' dir='ltr'>τάξει</span> <span class='ocrx_word' id='word_1_859' title='bbox 1338 5669 1433 5723; x_wconf 69' lang='grc' dir='ltr'>καὶ</span> <span class='ocrx_word' id='word_1_860' title='bbox 1461 5634 1696 5742; x_wconf 75' lang='grc' dir='ltr'>καθεξῆς</span> <span class='ocrx_word' id='word_1_861' title='bbox 1728 5671 1856 5734; x_wconf 85' lang='grc' dir='ltr'>τοὺς</span> <span class='ocrx_word' id='word_1_862' title='bbox 1896 5670 1957 5736; x_wconf 77' lang='grc' dir='ltr'>ἐξ</span> 
     </span>
    </p>
   </div>
   <div class='ocr_carea' id='block_1_111' title="bbox 2041 5597 3667 5748">
    <p class='ocr_par' dir='ltr' id='par_1_111' title="bbox 2059 5597 3667 5748">
     <span class='ocr_line' id='line_1_113' title="bbox 2059 5597 2327 5637; baseline 0.007 -3"><span class='ocrx_word' id='word_1_863' title='bbox 2059 5597 2087 5634; x_wconf 84' lang='lat' dir='ltr'>a</span> <span class='ocrx_word' id='word_1_864' title='bbox 2131 5597 2327 5637; x_wconf 89' lang='lat' dir='ltr'>erttus.</span> 
     </span>
     <span class='ocr_line' id='line_1_114' title="bbox 2093 5597 3667 5748; baseline 0.001 -18"><span class='ocrx_word' id='word_1_865' title='bbox 2093 5597 2286 5730; x_wconf 75' lang='lat' dir='ltr'>pCYR.</span> <span class='ocrx_word' id='word_1_866' title='bbox 2311 5673 2480 5731; x_wconf 77' lang='lat' dir='ltr'>Visne</span> <span class='ocrx_word' id='word_1_867' title='bbox 2533 5684 2596 5732; x_wconf 91' lang='lat' dir='ltr'>ut</span> <span class='ocrx_word' id='word_1_868' title='bbox 2625 5673 2820 5732; x_wconf 87' lang='lat' dir='ltr'>ordine</span> <span class='ocrx_word' id='word_1_869' title='bbox 2841 5683 2896 5732; x_wconf 88' lang='lat' dir='ltr'>et</span> <span class='ocrx_word' id='word_1_870' title='bbox 2923 5685 3329 5748; x_wconf 79' lang='lat' dir='ltr'>consequenter</span> <span class='ocrx_word' id='word_1_871' title='bbox 3358 5692 3454 5734; x_wconf 82' lang='lat' dir='ltr'>eos</span> <span class='ocrx_word' id='word_1_872' title='bbox 3475 5675 3570 5747; x_wconf 86' lang='lat' dir='ltr'>qui</span> <span class='ocrx_word' id='word_1_873' title='bbox 3599 5691 3667 5732; x_wconf 80' lang='lat' dir='ltr'>ex</span> 
     </span>
    </p>
   </div>
   <div class='ocr_carea' id='block_1_112' title="bbox 339 5872 3663 6014">
    <p class='ocr_par' dir='ltr' id='par_1_112' title="bbox 339 5872 3663 6014">
     <span class='ocr_line' id='line_1_115' title="bbox 339 5872 3663 6005; baseline 0.001 -75"><span class='ocrx_word' id='word_1_874' title='bbox 339 5963 388 6005; x_wconf 61' lang='grc' dir='ltr'>η</span> <span class='ocrx_word' id='word_1_875' title='bbox 422 5873 953 6001; x_wconf 48' lang='lat' dir='ltr'>°;Psal.lc’r;1:x,v?.</span> <span class='ocrx_word' id='word_1_876' title='bbox 976 5875 1077 6001; x_wconf 60' lang='lat'>6:</span> <span class='ocrx_word' id='word_1_877' title='bbox 1111 5873 1215 5930; x_wconf 87' lang='lat' dir='ltr'>lsa.</span> <span class='ocrx_word' id='word_1_878' title='bbox 1250 5888 1403 5942; x_wconf 77' lang='lat' dir='ltr'>xu&quot;,</span> <span class='ocrx_word' id='word_1_879' title='bbox 1435 5872 1524 5930; x_wconf 69' lang='grc'>96.</span> <span class='ocrx_word' id='word_1_880' title='bbox 1605 5873 1652 5907; x_wconf 73' lang='grc'>⁸³⁸</span> <span class='ocrx_word' id='word_1_881' title='bbox 1683 5874 1830 5933; x_wconf 77' lang='lat' dir='ltr'>Psal.</span> <span class='ocrx_word' id='word_1_882' title='bbox 1865 5889 2021 5943; x_wconf 79' lang='lat' dir='ltr'>xm,</span> <span class='ocrx_word' id='word_1_883' title='bbox 2049 5874 2102 5932; x_wconf 85' lang='lat'>5.</span> <span class='ocrx_word' id='word_1_884' title='bbox 2183 5877 2228 5910; x_wconf 80' lang='lat'><strong>“</strong></span> <span class='ocrx_word' id='word_1_885' title='bbox 2254 5876 2421 5934; x_wconf 85' lang='lat' dir='ltr'>Num.</span> <span class='ocrx_word' id='word_1_886' title='bbox 2455 5893 2550 5946; x_wconf 84' lang='lat' dir='ltr'>vn,</span> <span class='ocrx_word' id='word_1_887' title='bbox 2586 5877 2678 5948; x_wconf 88' lang='lat'>88,</span> <span class='ocrx_word' id='word_1_888' title='bbox 2708 5878 2796 5936; x_wconf 85' lang='lat'>89.</span> <span class='ocrx_word' id='word_1_889' title='bbox 2876 5882 2920 5914; x_wconf 79' lang='lat'><strong>“</strong></span> <span class='ocrx_word' id='word_1_890' title='bbox 2957 5880 3124 5937; x_wconf 69' lang='lat' dir='ltr'>llebr.</span> <span class='ocrx_word' id='word_1_891' title='bbox 3161 5897 3197 5944; x_wconf 82' lang='grc' dir='ltr'>ι,</span> <span class='ocrx_word' id='word_1_892' title='bbox 3237 5879 3289 5935; x_wconf 74' lang='grc'>2.</span> <span class='ocrx_word' id='word_1_893' title='bbox 3371 5881 3413 5913; x_wconf 75' lang='grc'>⁸⁷</span> <span class='ocrx_word' id='word_1_894' title='bbox 3448 5880 3467 5936; x_wconf 93' lang='lat' dir='ltr'>l</span> <span class='ocrx_word' id='word_1_895' title='bbox 3499 5881 3663 5938; x_wconf 64' lang='lat' dir='ltr'>Jean.</span> 
     </span>
     <span class='ocr_line' id='line_1_116' title="bbox 399 5982 1065 6014; baseline 0.006 -18"><span class='ocrx_word' id='word_1_896' title='bbox 399 5986 415 6014; x_wconf 87' lang='lat'>,</span> <span class='ocrx_word' id='word_1_897' title='bbox 450 5982 501 6001; x_wconf 82' lang='grc'>...</span> <span class='ocrx_word' id='word_1_898' title='bbox 808 5987 820 5997; x_wconf 92' lang='grc'>.</span> <span class='ocrx_word' id='word_1_899' title='bbox 927 5984 943 6011; x_wconf 90' lang='grc'>,</span> <span class='ocrx_word' id='word_1_900' title='bbox 1052 5987 1065 6000; x_wconf 94' lang='grc'>.</span> 
     </span>
    </p>
   </div>
  </div>
