4118 6428
467 395 572 451 .719

1493 392 1547 447 S.
1589 383 1865 448 CYRILLI
1903 392 2373 450 ALEXANDRINI
2413 395 2730 453 ARCHIEP.

3633 398 3736 453 720

471 511 636 566 Jacub
684 513 798 568 nati
843 521 991 576 sunt,
1022 509 1444 566 recenseamus?
1481 509 1571 565 Sic
1605 510 1754 565 enim
1792 509 2049 566 facillime

2167 509 2360 566 Ἰακὼϐ
2397 513 2725 582 γεγονότας;
2769 511 2947 581 Σαφὲς
2985 511 3094 583 γὰρ
3133 510 3198 566 ἂν
3245 509 3452 580 γένοιτο
3483 512 3576 566 καὶ
3615 514 3737 568 λίαν

470 605 824 674 perspicuum
873 601 963 657 ﬁet
991 601 1268 673 quomodo
1297 601 1368 656 sit
1401 603 1731 658 accessionis
1773 602 1911 658 ordo
1945 603 2048 656 im-

471 701 729 746 mutatus.

538 782 736 837 PALL.
765 782 938 838 Velim
969 783 1243 852 equidem.

535 874 692 928 CYR.
730 874 826 928 Est
854 873 1020 944 igitur
1057 873 1458 944 primogenitus
1497 872 1725 940 Ruben;
1753 882 1877 944 post
1903 874 2051 929 hunc

469 966 710 1032 Simeon,
745 964 906 1036 370
939 965 1092 1031 Levi,
1141 978 1198 1020 et
1235 965 1405 1020 Judas
1433 981 1500 1019 ex
1545 972 1717 1019 matre
1766 964 1883 1020 Lia.
1923 965 2051 1020 Bala

468 1059 667 1113 deinde
712 1059 910 1113 ancilla
959 1059 1076 1112 Dan
1110 1067 1165 1114 et
1218 1058 1571 1129 Nephthalim
1614 1058 1806 1128 parit;
1848 1057 2051 1127 Zelpha

468 1152 597 1205 item
625 1152 822 1207 ancilla
856 1151 986 1216 Liae,
1021 1133 1135 1206 Cad
1165 1149 1397 1204 etAser.
1425 1149 1522 1204 Lia
1553 1163 1748 1204 rursus
1771 1157 1893 1218 post
1917 1148 2054 1202 alios

467 1252 722 1311 quatuor,
758 1243 1007 1298 lssachar
1033 1250 1087 1295 et
1112 1239 1356 1295 Zabulon
1380 1239 1552 1311 gignit
1583 1257 1596 1292 :
1625 1239 1691 1294 de
1719 1239 1926 1293 Rachel
1952 1253 2052 1292 au-

470 1346 576 1388 tem
615 1335 816 1405 Joseph
849 1344 905 1390 et
930 1333 1218 1405 Benjamin
1259 1330 1372 1387 nati
1416 1341 1561 1388 sunt.
1593 1331 1764 1404 Igitur
1791 1330 1954 1403 primi
1986 1347 2053 1385 ex

467 1415 563 1480 Lia
595 1427 767 1481 libera
801 1435 1037 1497 quatuor
1061 1437 1206 1493 sunt,
1237 1426 1432 1482 Ruben
1467 1435 1524 1481 et
1557 1424 1798 1490 Simeon,
1835 1424 1966 1479 Levi
1998 1431 2054 1478 et

466 1519 634 1576 Judas
676 1538 688 1573 :
735 1537 803 1575 ex
846 1521 1060 1575 duabus
1110 1536 1276 1592 porro
1316 1519 1530 1574 ancillis
1577 1519 1706 1574 Bala
1749 1528 1805 1574 et
1851 1519 2052 1588 Zelpha

467 1624 724 1683 quatuor,
762 1615 877 1668 Dan
908 1623 962 1669 et
993 1613 1365 1684 Nephthalim,
1400 1612 1513 1668 Gad
1547 1620 1603 1667 et
1634 1612 1806 1667 Aser:
1841 1611 1929 1666 his
1961 1611 2052 1665 alii

468 1712 705 1778 quatuor
735 1707 928 1772 additi,
970 1706 1080 1760 duo
1117 1721 1184 1760 ex
1230 1704 1348 1771 Lia,
1395 1705 1644 1760 lssachar
1673 1714 1729 1759 et
1767 1703 2050 1770 Zabulon;

468 1797 579 1851 duo
611 1798 741 1853 item
785 1813 853 1851 ex
897 1796 1121 1861 Rachel,
1154 1795 1354 1866 Ioseph
1397 1803 1453 1850 et
1495 1793 1775 1865 Bcnjamin
1806 1812 1818 1846 :
1855 1793 2053 1847 memi-

2155 601 2252 655 ὡδὶ
2281 602 2340 656 τὸ
2378 604 2434 656 ἐν
2463 606 2529 674 τῇ
2557 603 2806 674 προσόδῳ
2838 603 3314 674 παρηλλαγμένον.

2227 777 2431 832 ΠΛΛΛ.
2476 779 2586 833 Καὶ
2624 778 2789 850 μάλα.

2226 871 2390 923 ΚΥΡ.
2437 869 2594 924 Ἐστι
2634 873 2813 924 τοίνυν
2865 871 3212 942 πρωτότοκος
3271 870 3369 941 μὲν
3403 871 3431 926 6
3470 871 3736 945 Ῥουὸὴμ,

2156 959 2241 1011 ἐπ’
2293 958 2440 1030 αὐτῷ
2485 959 2541 1011 δὲ
2585 957 2844 1029 Συμεὼν,
2894 959 3061 1022 Λευὶ,
3113 961 3209 1014 καὶ
3274 959 3472 1023 Ἰούδας
3521 961 3629 1013 ἀπό
3670 979 3736 1030 γε

2159 1053 2366 1124 μητρὸς
2412 1052 2510 1122 τῆς
2552 1051 2737 1114 Λείας.
2788 1051 2937 1105 Βάλα
2997 1052 3057 1106 δὲ
3105 1048 3171 1107 αὖ
3226 1052 3286 1106 τὸ
3333 1052 3741 1124 θεραπαινίδιον

2154 1144 2246 1198 τὸν
2286 1144 2394 1197 Δάν
2425 1161 2484 1196 τε
2531 1145 2626 1197 καὶ
2673 1143 3016 1216 Νεφθαλεὶμ,
3059 1145 3156 1199 καὶ
3204 1145 3309 1216 μὴν
3348 1144 3506 1216 καὶὴ
3553 1145 3738 1215 Ζελφὰ

2157 1236 2416 1306 παιδίσκη
2459 1235 2656 1300 Λείας,
2694 1236 2788 1288 τὸν
2837 1235 2944 1287 Γὰδ
2993 1236 3088 1288 καὶ
3141 1234 3327 1306 Ἀσὴρ,
3367 1236 3501 1290 Λεία
3527 1253 3593 1305 γε
3631 1238 3740 1306 μὴν

2155 1328 2291 1400 πρὸς
2318 1329 2428 1388 τοῖς
2457 1325 2638 1390 ἄλλοις
2676 1325 2978 1398 τέσσαρσι,
3010 1326 3100 1379 τὸν
3142 1326 3362 1398 Ἰσάχαρ
3403 1327 3496 1379 καὶ
3532 1326 3739 1380 Ζαϐου-

2154 1421 2261 1474 λὼν
2290 1419 2484 1474 τίκτει·
2517 1418 2780 1490 γενέσθην
2814 1418 2871 1472 δὲ
2926 1416 3019 1471 καὶ
3046 1417 3153 1470 ἀπὸ
3179 1418 3378 1488 Ῥαχὴλ
3423 1417 3620 1490 Ἰωσὴφ
3644 1419 3738 1471 καὶ

2155 1513 2437 1584 Βενιαμίν,
2470 1511 2679 1565 Οὐκοῦν
2722 1510 2934 1583 πρῶτοι
2978 1511 3075 1580 μὲν
3107 1511 3172 1563 ὲκ
3203 1511 3388 1576 Λείας,
3419 1511 3468 1564 οἱ
3501 1510 3560 1578 ἐξ
3586 1511 3739 1565 ἐλευ-

2163 1605 2328 1676 θέρας
2381 1605 2678 1676 τέσσαρες,
2729 1602 3000 1674 Ῥουϐὴμ,
3050 1603 3144 1656 καὶ
3193 1602 3448 1674 Συμεὼν,
3483 1602 3612 1656 Λευὶ
3643 1602 3738 1656 καὶ

2171 1699 2391 1761 Ἰούδας.
2449 1698 2545 1751 Ἐκ
2591 1695 2734 1750 δυοῖν
2779 1695 2836 1750 δὲ
2881 1695 3275 1767 θεραπαίναιν,
3315 1693 3492 1758 Βάλας
3534 1711 3594 1746 τε
3643 1695 3739 1748 καὶ

2159 1791 2403 1860 Ζελφᾶς,
2450 1789 2751 1860 τέσσαρες,
2799 1788 2906 1842 Δάν
2961 1786 3056 1840 κα)⁵
3097 1784 3449 1856 Νεφθαλεὶμ,
3497 1783 3604 1838 Γὰδ
3645 1783 3738 1836 καὶ

467 1889 614 1944 nisse
647 1898 826 1944 autem
858 1904 1079 1944 necesse
1107 1896 1209 1953 est,
1239 1887 1440 1957 Joseph
1473 1896 1677 1941 sortem
1714 1888 1769 1940 in
1801 1885 1940 1940 duas
1969 1884 2049 1938 di-

2171 1885 2360 1956 Ἀσήρ.
2411 1882 2630 1954 Ἐτεροι
2689 1881 2746 1934 δὲ
2800 1876 2867 1934 αὖ
2925 1880 3019 1932 ἐπὶ
3058 1878 3269 1941 τούτοις
3310 1877 3596 1947 τέσσαρες⁶
3644 1875 3739 1928 δύο

466 1980 640 2034 visam
664 1995 782 2036 esse
805 1980 1001 2043 tribus,
1029 1979 1086 2033 in
1108 1978 1369 2049 prraim
1399 1986 1454 2032 et
1473 1978 1739 2043 Manasse,
1767 1977 1958 2031 ambos
1982 1988 2050 2030 ει

468 2072 564 2128 illo
592 2073 803 2144 genitos
831 2074 894 2126 θ’.

2161 1975 2259 2048 μὲν
2291 1978 2355 2030 ὲκ
2386 1974 2582 2039 Λείας,
2626 1973 2846 2044 Ἰσάχαρ
2875 1989 2934 2024 τε
2976 1971 3070 2024 καὶ
3094 1968 3403 2034 Ζαϐουλὼν,
3442 1969 3549 2024 ἀπὸ
3581 1968 3640 2022 δέ
3672 1985 3738 2035 γε

2156 2069 2256 2139 τῆς
2295 2067 2528 2138 Ῥαχὴλ,
2581 2065 2781 2136 Ἰωσὴφ
2830 2064 2924 2118 καὶ
2986 2061 3264 2132 Βενιαμίν.
3309 2059 3634 2131 Μεμνῆσθαι
3679 2059 3738 2112 δὲ

465 2166 791 2233 ἀναγκαῖον,
825 2163 900 2227 ὡς
940 2165 1018 2228 είς
1062 2162 1156 2217 δύο
1188 2163 1518 2236 μεμέρισται
1569 2162 1743 2232 φυλὰς
1779 2165 1807 2216 6
1844 2162 2043 2234 Ἰωσὴφ
2083 2161 2303 2232 κλῆρος,
2328 2163 2408 2224 εἵς
2471 2177 2533 2213 τε
2595 2158 2686 2212 τὸν
2723 2155 2967 2229 Ἐφραῒμ
3021 2155 3115 2209 καὶ
3148 2154 3330 2225 μέντοι
3365 2153 3458 2206 τὸν
3511 2155 3736 2207 Μανασ-

457 2263 590 2325 οἴην,
621 2261 746 2323 τοὺς
776 2259 832 2325 ἐξ
863 2257 1026 2313 αὑτοῦ
1058 2258 1369 2327 γεγονότας.

539 2352 732 2407 PALL.
753 2350 1024 2422 Equidem
1047 2349 1298 2404 ordinem
1320 2350 1602 2406 nominum
1625 2350 1830 2421 optime
1853 2360 2050 2409 teneo:

465 2446 561 2502 sed
593 2447 670 2501 tui
715 2446 828 2516 jam
861 2442 1025 2498 officii
1057 2451 1142 2498 est
1181 2442 1462 2498 declarare
1503 2443 1649 2514 quod
1690 2444 1746 2498 in
1791 2443 1860 2499 iis
1899 2462 2050 2516 qua:-

467 2539 630 2593 ritur.

535 2630 694 2685 CYR.
726 2629 829 2696 Qui
868 2645 992 2684 cum
1031 2629 1191 2684 donis
1223 2627 1578 2694 accedebant,
1619 2628 1846 2695 Palladi,
1877 2629 1932 2684 id
1971 2629 2051 2684 fa-

465 2722 706 2787 ciebant,
738 2737 850 2776 non
886 2721 1064 2776 :etatis
1085 2720 1272 2774 habita
1307 2720 1540 2785 ratione,
1565 2720 1661 2775 sed
1692 2722 1904 2792 primus
1926 2721 2052 2791 qui-

465 2820 590 2874 dem
627 2818 816 2884 Judas,
858 2818 1072 2873 etiamsi
1107 2817 1370 2887 temporis
1402 2816 1596 2872 ordine
1631 2826 1860 2886 quartus
1898 2828 2049 2884 erat;

465 2927 662 2966 nonus.
680 2912 844 2966 etiam
874 2919 999 2981 post
1028 2924 1155 2964 eum
1188 2908 1434 2963 lssachar
1462 2915 1517 2962 et
1543 2925 1650 2962 una
1678 2908 1924 2963 decimus
1948 2909 2050 2963 Za-

457 3002 654 3057 bulon.
691 3003 819 3058 Post
839 3003 939 3056 hos
978 2999 1216 3056 secunda
1245 2999 1415 3053 veluti
1452 2999 1639 3054 classis
1670 3000 2050 3070 consequitur,

464 3095 862 3166 primogenitus
878 3092 1096 3157 Ruben,
1127 3099 1183 3146 et
1208 3091 1302 3160 qui
1329 3090 1589 3160 deinceps
1623 3091 1816 3146 ordine
1851 3107 2050 3146 secun-

466 3186 570 3240 dus
601 3195 685 3241 est
713 3185 967 3250 Simeon;
1003 3183 1200 3254 hisque
1229 3183 1558 3252 conjunctus
1597 3182 1712 3237 Dan
1749 3199 1814 3237 ex
1851 3185 2051 3239 ancilla

465 3286 646 3332 natus.
699 3277 918 3331 Tertius
963 3275 1050 3329 his
1089 3273 1302 3328 accedit
1348 3273 1484 3328 ordo
1525 3289 1593 3328 ex
1636 3274 1814 3328 tribus
1838 3274 2048 3340 liberis,

464 3364 746 3434 Ephraim,
779 3364 1024 3417 Manasse
1064 3371 1120 3417 et
1163 3361 1467 3433 Benjamin.
1512 3361 1716 3429 Quarta
1763 3364 1952 3418 classis
1995 3365 2051 3418 in

461 3456 724 3510 extremis
756 3455 1021 3510 Collocata
1054 3463 1138 3509 est
1175 3467 1388 3520 eorum,
1422 3455 1517 3524 qui
1561 3471 1628 3510 ex
1663 3455 1878 3510 ancillis
1916 3455 2049 3511 editi

463 3556 611 3612 sunt,
640 3557 859 3616 tresque
891 3546 1082 3600 itidem
1113 3556 1260 3611 sunt,
1305 3545 1442 3610 Dan,
1483 3546 1639 3610 Aser,
1673 3546 2046 3616 Nephthalim,

2227 2350 2435 2419 ΠΛΛΛ.
2469 2347 2701 2419 Συνίημι
2749 2346 2850 2418 μὲν
2885 2340 2942 2400 εὖ
2992 2346 3136 2418 μάλα
3172 2347 3281 2401 τῶν
3325 2346 3605 2418 ὀνομάτων
3638 2347 3740 2418 τὴν

2153 2443 2328 2508 τάξινσ
2364 2418 2418 2496 τί
2443 2443 2488 2494 δ’
2530 2442 2594 2495 ἂν
2621 2418 2706 2511 εἵη
2737 2439 2922 2492 λοιπὸν
2949 2440 3008 2492 τὸ
3035 2438 3364 2511 ζητούμενον
3390 2438 3466 2502 ὡς
3497 2439 3553 2492 έν
3582 2455 3645 2508 γε
3670 2438 3738 2509 δὴ

2151 2536 2392 2600 τούτοις,
2429 2535 2519 2588 σὸν
2549 2533 2651 2605 ἥδη
2685 2531 3026 2605 διατρανοῦν.
3724 2543 3728 2548 ’

2225 2630 2388 2682 ΚΥΡ.
2425 2629 2749 2700 Προσιόντες
2770 2669 2785 2694 ,
2811 2622 2856 2681 ὦ
2897 2626 3162 2680 Παλλάδιε
3184 2669 3200 2695 ,
3225 2629 3336 2691 τοῖς
3367 2624 3561 2697 δώροις
3595 2626 3735 2695 ἅμα,

2151 2723 2310 2778 τοῦτο
2355 2724 2554 2795 ἔδρων,
2605 2723 2666 2777 οὐ
2723 2721 2845 2775 καθ’
2903 2720 3152 2792 ἡλικίαν,
3203 2718 3344 2774 ἀλλὰ
3386 2714 3601 2791 πρῶτος
3639 2716 3740 2786 μὲν

2165 2817 2387 2882 Ἰούδας,
2458 2816 2636 2870 καίτοι
2679 2817 2940 2887 τέταρτος
2981 2813 3054 2866 ὢν
3087 2813 3228 2867 κατὰ
3267 2811 3478 2883 χρόνον,
3517 2810 3739 2870 ἐννατος

2153 2909 2209 2965 δὲ
2241 2910 2358 2983 μετ’
2391 2911 2555 2965 αὐτὸν
2610 2910 2864 2981 Ἰσάχαρ,
2894 2908 2991 2961 καὶ
3025 2909 3121 2961 σὺν
3161 2907 3343 2968 αὐτοῖς
3379 2904 3604 2983 δέκατος
3633 2901 3740 2954 Ζα-

2155 2982 2382 3056 ϐουλὼν.
2432 3001 2722 3074 Συμμορία
2755 3000 2810 3052 δὲ
2843 3001 3033 3069 ὥσπερ
3066 2995 3204 3068 μετὰ
3231 2994 3453 3057 τούτους
3483 2982 3736 3061 δευτέρα,

2167 3093 2408 3165 Ῥουϐὴμ
2435 3095 2462 3146 6
2495 3092 2866 3164 πρωτότοκος,
2897 3092 2991 3143 καὶ
3025 3091 3052 3143 6
3081 3087 3314 3158 καθεξῆς
3349 3087 3442 3142 καὶ
3463 3086 3746 3172 δεύτερος,

2154 3187 2402 3259 Συμεών.
2452 3187 2729 3256 Συνῆπται
2769 3183 2827 3237 δὲ
2878 3183 2971 3237 καὶ
3024 3181 3052 3233 6
3087 3181 3192 3234 Δὰν
3249 3181 3314 3233 ὲκ
3359 3179 3572 3250 δούλης.
3627 3179 3740 3231 Καὶ

2154 3280 2293 3351 πρός
2335 3295 2399 3348 γε
2460 3278 2524 3350 δὴ
2570 3275 2816 3340 τούτοις,
2867 3274 3057 3344 τάγμα
3100 3273 3160 3325 τὸ
3209 3270 3392 3342 τρίτον
3437 3271 3524 3324 διὰ
3569 3269 3738 3342 τριῶν

2155 3370 2485 3440 ἐλευθέρων,
2534 3367 2776 3439 Ἐφραίμ
2807 3381 2867 3418 τε
2894 3365 2989 3418 καὶ
3027 3362 3296 3433 Μανασσῆ
3331 3363 3426 3416 καὶ
3455 3362 3736 3433 Βενιαμίν.

2154 3459 2444 3530 Συμμορία
2474 3456 2530 3509 δὲ
2562 3457 2796 3526 τετάρτη
2832 3456 2889 3506 ἐν
2927 3454 3178 3524 ἐσχάτοις
3199 3491 3214 3518 ,
3241 3452 3350 3505 τῶν
3376 3454 3440 3505 ἐκ
3471 3451 3737 3524 θεραπαι-

2155 3551 2260 3605 νῶν
2284 3549 2603 3620 γεγονότων.
2651 3549 2812 3619 Τρεῖς
2871 3547 2930 3600 δὲ
2961 3547 3026 3618 δὴ
3072 3543 3220 3600 οὗτοι
3263 3546 3456 3610 πάλιν,
3499 3546 3606 3599 Δάν
3643 3546 3740 3599 καὶ

462 3639 715 3708 quamvis
739 3647 980 3708 tempore
1001 3639 1303 3694 nativitatis
1325 3637 1601 3692 anteirent
1623 3653 1717 3692 eos
1753 3639 1846 3708 qui
1868 3640 2049 3708 priore

2167 3643 2370 3714 Ἀσὴρ,
2422 3643 2516 3695 καὶ
2565 3639 2918 3710 Νεφθαλεὶμ,
2956 3639 3132 3692 καίτοι
3167 3637 3497 3710 προῦχοντες
3533 3637 3614 3708 τῷ
3638 3638 3739 3707 τῆς

461 3728 586 3783 loco
611 3729 860 3784 collocati
897 3737 1043 3794 sunt,
1079 3730 1364 3799 Ephraim,
1412 3729 1656 3800 inquam,
1705 3738 1762 3783 et
1805 3730 2050 3784 Manasse

463 3828 520 3874 et
559 3819 860 3891 Benjamin.
894 3821 1036 3875 Num
1071 3820 1236 3890 igitur
1285 3836 1479 3890 parum
1527 3820 1892 3875 necessariam
1929 3836 2050 3876 esse

463 3926 657 3967 censes
685 3913 880 3967 harum
908 3929 1093 3968 rerum
1128 3913 1578 3984 inquisitionem?

527 4101 724 4157 PALL.
750 4102 867 4174 Ego
899 4118 1031 4158 vero
1065 4104 1298 4159 maxime
1338 4104 1704 4159 necessariam
1750 4114 1917 4176 puto;
1954 4107 2051 4161 sed

463 4207 711 4262 quaenam
747 4194 818 4247 sit
850 4195 971 4264 ejus
1006 4194 1085 4248 rei
1116 4194 1276 4260 ratio,
1304 4195 1517 4249 enitere
1547 4203 1608 4250 ut
1631 4195 1764 4250 mihi
1787 4196 2047 4265 explices.

531 4283 688 4339 CYR.
723 4283 953 4339 Videtur
973 4301 1036 4339 ea
1059 4302 1167 4349 res,
1199 4296 1258 4341 ut
1283 4302 1384 4357 ego
1408 4287 1668 4351 arbitror,
1699 4303 1798 4356 per
1819 4288 2051 4358 aenigma

464 4375 765 4438 insinuare,
801 4393 921 4447 qua:
943 4394 1041 4448 per
1061 4378 1340 4433 Christum
1362 4379 1612 4434 instituta
1641 4387 1788 4443 sunt,
1817 4394 1882 4432 ea
1907 4378 2050 4448 apud

463 4467 635 4521 Deum
668 4469 907 4538 priorem
956 4471 1137 4525 locum
1179 4480 1388 4536 tenere,
1438 4487 1603 4541 quam
1641 4485 1706 4525 ea
1742 4486 1866 4540 qua:
1923 4479 2052 4525 sunt

463 4559 581 4627 lege
611 4559 849 4625 sancita;
890 4568 946 4614 et
985 4561 1079 4631 qui
1116 4569 1275 4616 erant
1309 4560 1494 4631 primi,
1531 4575 1626 4614 eos
1665 4573 1786 4613 esse
1824 4558 2052 4613 ultimos

463 4649 665 4716 factos,
699 4668 764 4707 ac
791 4652 1035 4708 vicissim
1076 4653 1300 4707 ultimos
1345 4651 1574 4722 primos.
1603 4649 1762 4713 Nam,
1787 4649 1880 4720 qui
1910 4659 2050 4704 tem-

462 4743 963 4815 pore'antiquiores
990 4753 1166 4809 erant,
1201 4754 1256 4799 et
1279 4744 1350 4798 ob
1379 4757 1500 4798 eam
1529 4756 1749 4796 causam
1779 4742 2051 4814 primoge-

465 4835 586 4901 niti,
607 4837 660 4892 id
685 4845 788 4902 est,
819 4837 984 4891 lsrael
1003 4845 1236 4907 gentesa
1254 4844 1407 4904 tergo
1426 4832 1704 4903 sequitur:
1725 4833 1925 4903 quippe
1954 4835 2049 4905 qui

463 4929 718 4999 spiritum
754 4927 1009 4983 servilem
1045 4927 1270 4990 habent,
1319 4933 1375 4979 et
1412 4923 1701 4980 servientis
1742 4925 2048 4982 Jerusalem

2153 3737 2422 3806 γενέσεως
2475 3734 2685 3806 χρόνῳ.
2737 3734 2848 3786 τῶν
2913 3733 2989 3796 ὡς
3036 3731 3188 3797 τάξει
3256 3732 3735 3803 προτεταγμένων,

2165 3829 2405 3900 Ἐφραῒμ
2459 3844 2542 3893 τε,
2592 3826 2758 3896 φημὶ,
2813 3825 2908 3878 καὶ
2957 3824 3258 3894 Μανασσῆ,
3307 3823 3403 3876 καὶ
3454 3823 3736 3896 Βενιαμίν.

2154 3915 2280 3992 Ἆρ’
2351 3920 2451 3972 οὐκ
2519 3917 2827 3986 ἀναγκαίαν
2888 3917 2993 3988 φῂς
3023 3917 3123 3988 τὴν
3195 3917 3288 3969 ἐπὶ
3356 3915 3568 3980 τούτοις
3633 3915 3736 3986 βά-

2154 4027 2313 4062 σανον
2330 4025 2344 4074 ;

2223 4099 2432 4152 ΠΛΛΛ.
2474 4095 2735 4152 Μάλιστά
2761 4113 2852 4166 γε·
2883 4096 2968 4159 τίς
3011 4091 3106 4150 οὖν
3152 4097 3180 4148 6
3217 4095 3399 4165 λόγος,
3433 4095 3608 4168 πειρῶ
3647 4113 3737 4167 μοι

2151 4190 2352 4260 λέγειν.
3382 4219 3387 4222 -

2223 4283 2388 4337 ΚΥΡ.
2425 4282 2666 4354 Αἴνιγμά
2696 4299 2800 4336 που
2831 4281 2890 4334 1:6
2917 4280 3112 4352 χρῆμά
3147 4282 3283 4346 ἐστι,
3317 4281 3569 4353 καθάπερ
3595 4275 3740 4350 ἑ.γῷ-

2155 4394 2254 4444 μαι
2295 4375 2478 4430 πάλιν.
2509 4377 2634 4427 Ὀτι
2665 4376 2819 4441 τάξιν
2865 4374 2976 4444 ἔχει
3021 4375 3122 4446 τὴν
3167 4373 3394 4446 πρώτην
3419 4375 3572 4446 παρὰ
3616 4374 3737 4446 Θεῷ

2150 4468 2218 4522 τά
2243 4468 2330 4521 διὰ
2364 4468 2600 4539 Χριστοῦ
2641 4468 2750 4520 τῶν
2785 4469 2842 4520 ὲν
2869 4467 3038 4538 νόμῳ·
3093 4468 3189 4522 καὶ
3219 4469 3300 4520 ὅτι
3329 4467 3601 4523 τέθεινται
3637 4469 3738 4538 μὲν

2151 4562 2200 4613 οί
2235 4560 2442 4633 πρῶτοι
2466 4561 2706 4632 ἔσχατοι,
2732 4561 2781 4613 oi
2809 4560 2865 4612 δὲ
2891 4560 3112 4631 ἔσχατοι
3164 4561 3394 4633 πρῶτοι.
3433 4563 3496 4616 Οἱ
3529 4562 3637 4633 γάρ
3660 4561 3738 4626 ὡς

2150 4655 2208 4707 ὲν
2263 4655 2442 4726 χρόνῳ
2489 4653 2853 4724 πρεσϐύτεροι
2906 4653 2996 4706 διά
3058 4671 3118 4706 τε
3163 4653 3322 4708 τοῦτο
3375 4654 3736 4724 πρωτότοκοι,

2149 4744 2292 4798 τοῦτ’
2323 4745 2469 4798 ἔστιν
2497 4748 2526 4799 6
2580 4744 2828 4816 Ἰσραὴλ,
2863 4745 3094 4800 κατόπιν
3135 4747 3356 4817 ἔρχεται
3394 4747 3502 4803 τῶν
3537 4746 3734 4802 ἐθνῶν.

2151 4837 2262 4890 Καὶ
2283 4839 2331 4889 οί
2361 4836 2419 4890 τὸ
2447 4834 2632 4888 δοῦλον
2668 4835 2884 4907 ἔχοντες
2915 4835 3154 4907 πνεῦμα,
3194 4837 3288 4891 καὶ
3315 4837 3416 4908 τῆς
3448 4836 3737 4891 δουλευού-

2153 4945 2252 4998 σης
2287 4927 2641 4999 Ἰερουσαλὴμ
2667 4927 2796 4992 υἱοὶ,
2828 4927 2890 4980 τὸ
2925 4927 3188 5000 προύχειν
3215 4930 3272 4982 ἐν
3315 4929 3442 5002 δόξῃ
3473 4947 3739 5003 παραχω-

467 5020 562 5076 ﬁlii
588 5021 655 5077 de
683 5020 1061 5093 pnestantiore
1099 5014 1256 5090 3'71
1294 5018 1463 5090 gloria
1487 5018 1795 5073 concedunt
1821 5018 1946 5074 liliis
1975 5020 2044 5074 li-

2155 5022 2377 5093 ρήσουσι
2442 5023 2555 5085 τοῖς
2608 5021 2708 5092 τῆς
2770 5021 3094 5092 ἐλευθέρας,
3159 5023 3280 5093 ἥτις
3362 5023 3482 5076 ἐστὶ
3547 5026 3737 5095 μήτηρ

465 5114 630 5178 bene,
665 5129 787 5184 qua:
810 5121 894 5167 est
916 5120 1090 5165 mater
1112 5119 1298 5165 nostra
1318 5110 1585 5174 omnium,
1617 5111 1711 5180 qui
1739 5111 1795 5165 in
1820 5111 2042 5166 Christo

461 5204 742 5275 iustiﬁcati
771 5218 980 5266 sumus,
1005 5209 1061 5256 et
1091 5217 1190 5272 per
1218 5203 1441 5272 spiritus
1467 5202 1777 5257 libertatem
1813 5203 1879 5258 ad
1901 5204 2044 5259 libe-

465 5312 578 5353 ram
614 5295 984 5350 conditionem
1012 5297 1206 5350 vocati.
1241 5297 1373 5351 V'ide
1404 5296 1573 5362 enim,
1610 5297 1654 5351 si
1683 5297 1880 5367 placet,
1917 5296 2045 5350 dili-

465 5395 682 5459 gentem
742 5386 907 5456 hujus
956 5389 1432 5459 contemplationis
1503 5387 1792 5444 ratio’nem.
1858 5389 2043 5444 Prima

465 5479 613 5532 enim
647 5477 792 5533 inter
845 5489 1070 5535 caateras
1111 5481 1315 5536 donum
1354 5481 1514 5536 aﬂ‘ert
1548 5482 1725 5536 tribus
1765 5481 1934 5547 Iuda,
1973 5497 2041 5535 ex

466 5581 574 5637 qua
607 5576 762 5621 ortus
795 5576 878 5622 est
907 5570 1208 5642 secundum
1249 5587 1469 5626 carnem
1498 5569 1791 5625 Christus:
1827 5581 1883 5626 et
1917 5581 2042 5641 post

466 5674 588 5713 eam
621 5661 882 5716 continuo
916 5663 1092 5719 tribus
1108 5664 1358 5721 lssachar
1380 5672 1435 5722 et
1465 5664 1732 5730 Zabulon,
1755 5663 1850 5734 qui
1881 5663 2043 5720 ambo

576 5835 619 5867 "
657 5833 792 5890 Gen.
827 5850 948 5891 mx
981 5852 1135 5908 seqq.

2150 5112 2309 5185 ἡμῶν
2334 5111 2445 5165 τῶν
2484 5115 2542 5167 ὲν
2586 5112 2808 5184 Χριστῷ
2846 5113 3310 5185 δεδικαιωμένων,
3349 5116 3444 5168 καὶ
3473 5117 3553 5179 εἰς
3578 5116 3738 5170 ἐλεύ-

2151 5204 2309 5276 θερον
2347 5203 2565 5276 ἀξίωμα
2599 5204 2954 5276 κεκλημένων
2987 5205 3053 5258 δι’
3087 5206 3372 5276 ἐλευθέρου
3399 5207 3736 5279 πνεύματος.

2153 5298 2296 5367 Ὅρα
2347 5296 2477 5367 γάρ,
2511 5298 2560 5349 εί
2597 5296 2765 5362 δοκεῖ,
2810 5297 2920 5349 τῶν
2961 5297 3338 5368 θεωρημάτων
3381 5297 3442 5350 τὸ
3483 5299 3738 5371 ἀκριϐές.

2151 5387 2348 5459 Πρώτη
2384 5387 2482 5458 μὲν
2513 5386 2621 5458 γὰρ
2666 5387 2933 5460 προσάγει
2968 5388 3030 5441 τὸ
3067 5389 3240 5460 δῶρον
3282 5391 3315 5460 ἠ
3367 5389 3539 5444 Ἰούδα
3569 5390 3737 5462 gauli}:

2148 5480 2207 5546 ἐξ
2242 5476 2310 5550 ἧς
2337 5478 2506 5549 ἀνέφυ
2540 5481 2682 5535 κατὰ
2712 5481 2889 5552 σάρκα
2927 5483 3182 5554 Χριστός.
3220 5483 3331 5536 Καὶ
3361 5483 3497 5553 μετά
3527 5485 3742 5557 ταύτην

2149 5571 2311 5634 εὐθὺς
2353 5573 2386 5642 ὴ
2427 5571 2646 5644 Ἰσάχαρ
2675 5590 2732 5626 τε
2783 5574 2878 5626 καὶ
2916 5573 3222 5629 Ζαϐουλὼν⁹
3265 5575 3432 5644 ἄμφω
3471 5575 3528 5629 δὲ
3559 5576 3746 5648 ήσθην

2149 5663 2425 5736 ἐλεύθεροι
2466 5666 2560 5722 καί
2593 5665 2654 5732 ἐξ
2690 5665 3011 5740 ἐλευθέρων.
3062 5663 3198 5722 Εῐτα
3236 5667 3482 5742 Ῥουῦημ
3513 5671 3544 5724 6
3576 5687 3740 5746 πρω·
