4118 6426
373 423 475 480 7‘Zl

1095 413 1185 468 DE
1225 406 1673 468 ADOBATIONE
1713 407 1780 464 IN
1823 402 2096 463 SPIRITU
2137 401 2226 458 ΕΤ
2267 396 2641 458 VERITATE.
2682 426 2752 439 -—
2786 395 2917 452 LIB.
2957 393 3026 450 Χ.

3577 394 3688 450 ῚΞΞ

368 539 625 598 τότοκος,
663 526 892 602 Συμεών
933 542 995 579 τε
1049 525 1144 580 καὶ
1186 523 1316 589 Γὰδ,
1356 523 1415 588 ὃς
1467 522 1618 576 ἐστιν
1663 520 1730 575 ἐκ
1757 517 1974 590 δούλης.

2107 515 2246 572 iberi
2287 525 2449 571 erant
2479 522 2535 569 et
2560 528 2628 568 ex
2665 510 2893 578 liberis;
2931 507 3134 565 deinde
3172 507 3371 564 Ruben
3407 508 3688 582 primoge-

372 628 713 702 Σημαίνεται
755 621 814 676 δὲ
847 619 937 676 διὰ
966 618 1176 675 τούτων
1211 617 1240 671 6
1281 615 1524 689 Ἰσραήλ.
1579 614 1692 670 Καὶ
1717 613 1853 684 φέρε
1879 611 1980 676 τὰς

373 721 462 790 ἐφ’
492 717 712 787 ἑκάστῳ
753 712 1039 784 λέγωμεν,
1074 711 1140 764 ἐκ
1168 707 1272 780 τῆς
1306 707 1396 762 ἐπ’
1443 705 1632 771 αὐτοῖς
1676 703 1980 776 γενομένης

373 809 722 883 προφητείας
768 805 828 874 ἐξ
872 803 1073 859 Ἰακὼϐ
1109 801 1483 871 συλλέγοντες.
1535 799 1680 870 Ἔφη
1731 797 1911 851 τοίνυν
1951 797 1980 849 6

374 903 667 966 θεσπέσιος
728 899 947 955 Ἰακώϐ·
985 919 1005 954 ι
1047 897 1295 970 Ῥουὸὴμ
1329 895 1676 968 πρωτότοκός
1723 910 1862 966 μου,
1915 892 1980 946 σὺ

377 996 537 1070 ἰσχύς
579 1013 706 1068 μου,
738 993 836 1049 καὶ
868 993 1012 1066 ἁρχὴ
1045 990 1256 1046 τέκνων
1290 1005 1416 1061 μου,
1452 987 1692 1060 σκληρὸς
1715 985 1981 1058 φέρεσθαι

375 1093 473 1146 καὶ
511 1088 752 1162 σκληρὸς
785 1087 1048 1158 αὐθάδης
1101 1104 1120 1138 ι
1162 1083 1259 1138 καὶ
1305 1082 1492 1137 πάλιν·
1553 1099 1572 1132 ι
1609 1077 1838 1151 Συμεὼν
1887 1079 1984 1133 καὶ

375 1184 512 1239 Λευὶ
557 1181 778 1252 ἀδελφοὶ
842 1177 1200 1234 συνετέλεσαν
1229 1175 1447 1233 ἀδικίαν
1495 1172 1557 1239 ἐξ
1588 1172 1860 1244 αἱρέσεως
1885 1170 1988 1224 αὐ-

375 1275 511 1331 τῶν.
558 1275 655 1340 Εἰς
718 1271 914 1346 βουλὴν
961 1271 1146 1326 αὐτῶν
1193 1268 1274 1341 μὴ
1320 1267 1540 1340 εἰσέλθῃ
1573 1268 1607 1338 ἡ
1656 1265 1804 1338 ψυχή
1855 1281 1982 1336 μου,

376 1369 476 1426 καὶ
507 1369 602 1424 ἐπὶ
644 1371 712 1441 τῇ
756 1367 1020 1422 συστάσει
1065 1363 1246 1420 αὐτῶν
1293 1365 1369 1434 μὴ
1411 1363 1622 1434 ἐρεῖσαι
1662 1359 1734 1414 τὰ
1789 1358 1982 1432 ἥπατά

381 1483 509 1539 μου*
544 1467 628 1521 ὅτι
675 1467 734 1518 ἐν
783 1462 864 1535 τῷ
887 1459 1046 1542 θυμῷ
1067 1459 1248 1516 αὐτῶν
1274 1459 1610 1514 ἀπέκτειναν
1635 1454 1984 1529 ἀνθρώπους,

377 1555 475 1609 καὶ
508 1554 567 1609 ἐν
604 1558 671 1628 τῇ
719 1554 988 1628 ἐπιθυμίᾳ
1031 1553 1213 1610 αὐτῶν
1276 1553 1725 1626 ἐνευροκόπησαν
1761 1549 1984 1624 ταῦρον.

391 1644 838 1717 Ἐπικατάρατος
874 1648 902 1700 6
933 1645 1105 1717 θυμὸς
1133 1643 1336 1711 αὐτῶν,
1381 1645 1465 1698 ὅτι
1515 1641 1781 1714 αὐθάδης,
1814 1642 1910 1695 καὶ
1953 1641 1988 1712 ἡ

381 1737 551 1809 μῆνις
595 1737 801 1804 αὐτῶν,
832 1739 919 1792 ὅτι
959 1736 1332 1810 ἐσκληρύνθη.
1391 1756 1410 1789 ι
1459 1735 1600 1806 Περὶ
1636 1734 1694 1788 δὲ
1744 1733 1841 1788 τοῦ
1880 1732 1990 1787 Γὰδ

379 1829 490 1904 ἔφη
515 1831 682 1886 πάλιν
713 1831 864 1886 τάδε’
899 1853 916 1886 ι
951 1831 1320 1904 Πειρατήριον
1356 1827 1728 1900 πειρατεύσει,
1760 1826 1854 1881 καὶ
1890 1827 1989 1880 αὐ-

2080 609 2256 675 nitus,
2283 607 2529 672 Simeon,
2559 605 2771 669 etGad,
2800 603 2897 674 qui
2919 611 3005 660 est
3035 619 3104 658 ex
3134 602 3332 658 ancilla
3363 611 3559 670 natus;
3589 619 3690 675 per

2081 699 2185 755 hos
2217 707 2403 754 autem
2431 695 2598 752 Israel
2635 693 3000 766 signiﬁcatur.
3027 693 3139 764 Age
3169 708 3322 764 ergo,
3345 691 3414 748 de
3439 708 3691 764 unoquo-

2083 808 2191 864 que
2230 792 2502 855 dicamus,
2528 797 2694 859 atque
2716 803 2784 843 ex
2833 786 2901 842 iis
2927 801 3049 857 quae
3069 801 3100 840 a
3119 784 3289 841 Iacob
3319 784 3388 839 de
3414 785 3524 840 illis
3545 799 3688 855 prae-

2084 886 2233 942 dicta
2261 891 2413 949 sunt,
2459 881 2716 938 nonnihil
2756 895 3059 935 sumamus.
3101 878 3252 932 Dixit
3285 878 3454 949 igitur
3493 878 3693 933 beatus

2083 977 2254 1034 Iacob
2291 993 2304 1030 :
2349 994 2367 1027 ‹
2404 972 2600 1028 Ruben
2647 971 3052 1042 primogenitus
3095 985 3275 1034 meus,
3320 978 3375 1024 tu
3425 969 3704 1028 fortitudo

2086 1087 2231 1137 mea,
2256 1079 2314 1126 et
2345 1066 2686 1141 principium
2717 1065 2960 1120 ﬁliorum
2993 1079 3269 1129 meorum,
3300 1063 3476 1119 durus
3503 1063 3573 1119 ad
3609 1063 3696 1119 fe-

2087 1162 2346 1226 rendum,
2371 1159 2549 1214 durus
2573 1167 2630 1212 et
2672 1172 2878 1228 procax
2902 1155 2969 1208 "°.
3008 1173 3026 1206 ι
3060 1154 3387 1210 Etiterum:
3422 1174 3439 1206 ι
3470 1154 3694 1211 Simeon

2087 1264 2144 1311 et
2169 1252 2303 1308 Levi
2340 1251 2542 1307 fratres
2574 1248 2933 1320 perfecerunt
2965 1244 3316 1316 iniquitatem
3341 1262 3409 1302 ex
3441 1247 3702 1303 instituto,

2089 1363 2212 1404 suo.
2241 1347 2302 1403 In
2325 1346 2622 1404 consilium
2653 1357 2848 1398 eorum
2880 1355 2994 1396 non
3031 1340 3205 1395 intret
3245 1340 3429 1396 anima
3469 1356 3614 1407 mea,
3644 1349 3704 1396 et

2090 1443 2148 1499 in
2181 1440 2593 1513 conspiratione
2621 1452 2816 1493 eorum
2847 1451 2960 1492 non
2994 1435 3267 1491 innitatur
3290 1437 3448 1508 jecur
3479 1449 3700 1498 meum,

2090 1537 2224 1609 quia
2251 1536 2307 1591 in
2329 1534 2518 1591 furore
2549 1548 2654 1590 suo
2675 1530 3006 1588 occiderunt
3025 1529 3198 1596 viros,
3227 1537 3284 1585 et
3308 1529 3368 1584 in
3397 1527 3704 1599 cupiditate

2091 1645 2192 1687 sua
2233 1629 2718 1686 subnervaverunt
2759 1633 2981 1682 taurum
3012 1643 3024 1679 :
3060 1623 3390 1680 maledictus
3422 1621 3577 1677 furor
3604 1637 3703 1680 eo-

2094 1740 2239 1789 rum,
2294 1723 2426 1795 quia
2469 1722 2746 1794 pertinax‘,
2786 1728 2845 1776 et
2876 1720 2958 1774 ira
2991 1733 3210 1783 eorum,
3261 1717 3389 1788 quia
3432 1715 3706 1772 obdurata

2094 1827 2181 1874 est
2209 1819 2277 1872 τ’.
2320 1837 2338 1870 ι
2375 1817 2454 1872 De
2486 1815 2601 1872 Gad
2628 1830 2762 1870 vero
2797 1815 2916 1869 haec
2940 1828 3138 1868 rursus
3167 1810 3309 1866 dixit
3339 1829 3352 1864 :
3393 1829 3411 1862 ‹
3449 1809 3710 1865 Tentatio
3818 1804 3824 1810 ’

377 1924 476 1989 τὸς
515 1925 871 1997 πειρατεύσει
910 1925 1076 1980 αὐτὸν
1106 1924 1248 1980 κατὰ
1271 1924 1461 1989 πόδας.
1502 1942 1521 1976 ι
1555 1920 1767 1977 Οὐκοῦν
1796 1923 1855 1976 ἐν
1892 1921 1990 1994 μέν

2104 1910 2331 1967 tentabit
2354 1924 2507 1974 eum,
2539 1917 2596 1964 et
2617 1908 2734 1979 ipse
2767 1905 3007 1962 tentahit
3041 1920 3170 1960 eum
3196 1918 3357 1960 secus
3384 1902 3556 1974 pedes
3579 1902 3647 1955 τ’.
3683 1921 3702 1952 ι

379 2017 463 2090 τῷ
519 2017 768 2092 Ῥουϐὴμ
833 2020 1156 2092 σημαίνοιτο
1207 2020 1273 2076 ἂν
1321 2019 1548 2084 εἰκότως
1595 2020 1624 2073 6
1683 2017 1923 2090 Ἰσραὴλ,
1963 2017 1992 2070 6

379 2112 738 2182 πρωτότοκος
783 2112 883 2185 μὲν
930 2113 1076 2167 κατὰ
1124 2112 1352 2186 χρόνον,
1402 2110 1639 2183 σκληρὸς
1691 2109 1748 2164 δὲ
1791 2109 1856 2180 δὴ
1899 2110 1992 2163 καὶ

380 2203 632 2278 αὐθάδης
661 2207 757 2261 καὶ
793 2206 1061 2279 ὑϐριστής
1084 2224 1098 2238 ο
1143 2209 1200 2261 ἐν
1245 2207 1304 2262 δέ
1347 2223 1414 2275 γε
1440 2205 1519 2277 τῷ
1551 2205 1798 2275 Συμεὼν,
1831 2195 1875 2272 ᾧ
1899 2203 1993 2257 καί

384 2299 662 2368 συνῆπται
737 2297 906 2364 Λευῒ,
955 2299 1033 2363 ώς
1080 2297 1306 2370 ἕτοιμος
1359 2298 1440 2362 είς
1499 2295 1846 2368 μιαιφονίαν,
1897 2296 1994 2348 καὶ

381 2391 709 2457 ἀπεκτονὼς
765 2392 864 2463 μὲν
914 2392 1133 2460 ἁγίους·
1182 2410 1200 2444 ι
1244 2390 1421 2445 Τίνα»
1456 2389 1596 2462 γὰρ,
1631 2390 1788 2462 φησὶ,
1821 2408 1841 2442 ι
1882 2388 1995 2443 τῶν

385 2484 688 2555 προφητῶν
719 2485 820 2538 οὐκ
845 2484 1176 2538 ἀπέκτειναν
1197 2485 1247 2538 οἱ
1282 2481 1520 2557 πατέρες
1546 2482 1704 2553 ὑμῶν
1727 2499 1740 2547 ;
1768 2501 1785 2534 ι
1811 2499 1997 2554 νευρο-

384 2579 644 2648 κοπὴσας
692 2577 751 2632 δὲ
796 2576 990 2650 ὥσπερ
1037 2577 1132 2631 καὶ
1183 2576 1426 2647 ταῦρον,
1471 2576 1532 2641 ὃς
1574 2579 1692 2630 ἐστι
1734 2576 1993 2646 Χριστός.

384 2670 468 2725 Οὐ
501 2669 697 2741 γάρτοι
751 2670 913 2743 μόνος
940 2673 969 2726 6
1002 2669 1112 2725 τῶν
1165 2670 1437 2726 Ἰουδαίων
1479 2672 1881 2742 καταφωρᾶται
1908 2687 1998 2724 τε-

382 2761 684 2834 τολμηκὼς
723 2764 794 2818 τὰ
835 2763 980 2818 κατὰ
1022 2763 1132 2818 τῶν
1191 2763 1367 2832 ἁγίων
1427 2762 1522 2817 καί¹
1562 2761 1704 2817 κατὰ
1751 2761 1995 2835 Χριστοῦ

385 2857 745 2930 τολμήματα,
781 2857 1087 2930 συνέδραμε
1126 2857 1185 2912 δέ
1223 2857 1442 2922 τούτοις
1471 2857 1567 2912 καὶ
1596 2857 1624 2910 6
1659 2855 1815 2922 Λευτ,
1849 2855 1996 2911 τοῦτ’

386 2948 510 3004 εστι
537 2949 598 3004 τὸ
625 2951 769 3024 ἱερὸν
793 2950 975 3021 γένος,
1009 2953 1058 3005 οἱ
1083 2948 1162 3028 τῷ
1196 2949 1573 3023 θυσιαστηρίῳ
1611 2951 2001 3024 προσεδρεύον-

386 3059 521 3107 τες,
570 3043 934 3121 Γραμματεῖς
976 3061 1036 3098 τε
1079 3043 1176 3098 καὶ
1221 3044 1528 3117 Φαρισαῖοι.
1574 3043 1675 3099 Διὰ
1721 3043 1903 3110 τοῦτο,
1940 3047 2001 3099 ἐν

389 3137 520 3200 ταῖς
546 3135 644 3190 τοῦ
684 3137 1038 3209 προπάτορος
1078 3135 1278 3191 Ἰακὼὸ
1310 3137 1677 3210 προφητείαις
1697 3179 1711 3204 ,
1741 3136 1999 3204 συνέζευ-

2094 2004 2269 2077 Igitur
2293 2019 2394 2075 per
2422 2001 2624 2057 Ruben
2645 2017 2759 2056 non
2793 1999 3035 2056 absurde
3068 1999 3236 2054 Israel
3268 1996 3576 2067 accipitur;
3599 1994 3714 2064 pri-

2095 2096 2411 2168 mogenitus
2451 2094 2543 2149 ille
2573 2093 2800 2164 quidem
2837 2091 3106 2163 temporis
3147 2089 3368 2155 ordine,
3402 2087 3499 2144 sed
3533 2086 3714 2142 durus

2094 2199 2152 2247 et
2183 2204 2391 2261 procax
2435 2195 2493 2244 et
2536 2186 2974 2243 contumeliosus
3014 2203 3027 2241 :
3066 2199 3168 2256 per
3217 2182 3449 2238 Simeon
3498 2187 3710 2243 autem,

2096 2285 2188 2340 cui
2229 2285 2562 2356 conjunctus
2586 2290 2672 2337 est
2693 2281 2849 2345 Levi,
2875 2281 3020 2336 idem
3053 2278 3296 2350 populus
3324 2283 3386 2332 ut
3408 2275 3478 2330 ad
3506 2273 3720 2330 aedem

2096 2386 2475 2452 promptus,et
2490 2382 2809 2432 sanctorum
2827 2374 3044 2430 occisor
3060 2370 3408 2443 signiﬁcatur
3429 2387 3473 2423 τι
3489 2367 3666 2435 Quem
3689 2387 3706 2416 ι

2098 2472 2251 2528 enim
2289 2489 2308 2522 ι
2348 2468 2776 2542 prephetarum,
2825 2485 2844 2517 ›
2879 2462 3084 2535 inquit,
3150 2480 3169 2513 ι
3207 2476 3320 2517 non
3385 2457 3724 2514 occideruntv

2101 2573 2288 2637 patres
2310 2562 2481 2618 vestri
2515 2560 2595 2615 "?
2618 2581 2636 2613 ι
2663 2561 2738 2616 Ει
2763 2567 2985 2614 taurum
3011 2563 3304 2627 prmterea,
3332 2552 3430 2624 qui
3455 2550 3718 2607 Christus

2099 2666 2205 2725 est,
2242 2655 2642 2714 subnervavit:
2683 2666 2870 2722 neque
2913 2649 3063 2706 enim
3111 2648 3433 2705 Iudaeorum
3477 2643 3720 2716 populus

2101 2752 2374 2809 duntaxat
2413 2746 2599 2805 moliri
2637 2761 2810 2802 ausus
2843 2751 2928 2800 est
2961 2743 3056 2798 illa
3084 2740 3353 2797 adversus
3385 2745 3610 2794 sanctos
3630 2735 3722 2791 vi-

2102 2861 2194 2902 ros
2249 2852 2417 2916 atque
2449 2844 2633 2915 ipsum
2655 2839 2944 2897 Christum
2972 2836 3259 2902 facinora;
3294 2833 3393 2891 sed
3420 2831 3553 2888 Levi
3577 2845 3721 2902 quo-

2102 2956 2211 3011 que
2239 2955 2298 2996 se
2328 2939 2398 2995 iis
2427 2937 2643 2994 socium
2679 2933 2952 3007 adjunxit,
3001 2946 3159 2987 sacra
3201 2927 3468 2984 nimirum
3516 2924 3718 2990 tribus,

2103 3033 2199 3104 qui
2235 3031 2398 3088 altari
2420 3030 2630 3102 iugiter
2664 3035 2866 3099 praesto
2895 3033 3091 3090 erant,
3145 3020 3358 3078 Scribae
3399 3033 3624 3090 quoque
3655 3032 3725 3073 ac

2103 3124 2392 3182 Pharisaei.
2419 3122 2634 3179 Idcirco
2659 3120 2715 3174 in
2746 3115 3208 3191 praedictionibus
3233 3113 3404 3170 Iacob
3429 3110 3596 3184 primi
3620 3124 3724 3182 pa-

390 3244 523 3285 κται
561 3228 642 3301 τῷ
681 3202 912 3302 Συμεὼν
944 3202 1056 3284 ’καὶ
1083 3232 1112 3285 6
1143 3231 1296 3286 Λευῖ.
1335 3202 1517 3284 ’ίΞνἿδέ
1555 3247 1619 3301 γε
1666 3202 1745 3302 τῷ
1781 3202 1910 3298 Γὰδ,
1941 3233 1998 3296 ὃς

2109 3217 2286 3273 rentis
2309 3231 2435 3272 cum
2464 3213 2689 3270 Simeon
2717 3209 3078 3282 conjungitur
3127 3206 3280 3262 Levi.
3317 3205 3423 3261 Per
3455 3202 3573 3260 Gad
3618 3219 3722 3258 au-

391 3323 548 3377 ἐστιν
577 3322 643 3377 ἐκ
668 3321 866 3394 δούλης
904 3323 1002 3377 καὶ
1034 3325 1416 3398 πειρατήριον,
1447 3324 1524 3389 ώς
1550 3324 1821 3396 δυσγενὴς
1862 3327 2006 3380 κατὰ

390 3412 662 3487 γνώμην,
709 3415 805 3475 καὶ
854 3416 1136 3488 πειράζων
1176 3416 1268 3472 τὸν
1334 3417 1574 3490 Ἰησοῦν,
1625 3419 1722 3474 καὶ
1769 3420 2007 3491 παγίδας

395 3506 573 3580 ἱστὰς,
608 3508 691 3573 είς
720 3510 1066 3583 κακουργίας
1107 3511 1278 3584 αὐτῷ⁹
1321 3512 1638 3586 προσῄεσαν
1680 3515 1790 3587 γὰρ
1816 3514 2008 3584 λέγον-

393 3617 511 3666 τες,
560 3620 579 3654 ι
637 3601 860 3668 Ἔξεστι
919 3601 1105 3658 δοῦναι
1168 3604 1376 3678 φόρους
1437 3606 1788 3681 Καίσαρι,ἢ
1840 3607 1940 3675 ob;
1981 3629 1999 3661 ι

396 3689 652 3756 Οὐκοῦν,
695 3692 899 3746 άνοίσω
947 3695 1054 3765 γὰρ
1105 3689 1262 3759 αὖθις
1313 3698 1396 3760 είς
1451 3695 1515 3751 τὸ
1563 3697 1622 3752 ἐν
1668 3698 1868 3771 ἀρχαῖς
1913 3699 2008 3754 τὸν

395 3781 582 3853 λόγον,
629 3785 658 3838 6
692 3787 752 3840 ἐν
796 3787 975 3858 χρόνῳ
1014 3788 1365 3858 πρωτότοκος
1403 3789 1644 3863 Ἰσραὴλ,
1688 3792 1717 3846 6
1766 3791 2006 3866 σκληρὸς

397 3875 497 3930 καὶ
535 3874 780 3948 αὐθάδης
811 3881 905 3931 καὶ
939 3878 1226 3952 ὑϐριστὴς,
1263 3883 1290 3935 6
1322 3881 1618 3955 πρόχειρος
1651 3884 1733 3948 είς
1778 3885 2006 3956 μιαιφο-

398 3966 545 4032 νίαν,
582 3969 679 4023 καὶ
711 3969 994 4044 ἐπάρατον
1032 3970 1132 4042 μὲν
1167 3972 1268 4044 τὴν
1303 3973 1466 4045 μῆνιν
1496 3975 1658 4046 ἔχων,
1687 3976 2010 4044 ἀπεκτονὼς

397 4059 457 4113 δὲ
483 4059 830 4134 ἀνθρώπους,
862 4064 961 4119 καὶ
982 4068 1403 4147 νευροκοπήσας
1432 4068 1657 4142 ταῦρον,
1688 4073 1717 4125 6
1741 4071 2009 4145 δυσγενὴς

398 4153 498 4208 καὶ
538 4155 741 4227 πικρὸς
779 4159 860 4221 είς
895 4157 1114 4222 δόλους,
1163 4158 1260 4214 καὶ
1293 4159 1532 4229 παγίδας
1571 4164 1726 4229 ίστὰς
1760 4166 1857 4219 καὶ
1892 4184 2010 4221 πει-

400 4249 695 4321 ρατήριον,
729 4251 962 4306 κατόπιν
1004 4252 1269 4308 τέτακται
1309 4253 1421 4308 τῶν
1456 4257 1515 4310 ἐν
1558 4257 1783 4330 Χριστῷ
1812 4276 1873 4312 τε
1916 4260 2012 4315 καὶ

397 4340 741 4414 ἐλευθέρων,
791 4343 891 4398 καὶ
953 4345 1004 4399 εί
1060 4343 1350 4418 ἐλεύθερος
1414 4349 1535 4418 μεθ’
1587 4351 1777 4422 ἡμᾶς,
1827 4351 1904 4418 ώς
1953 4355 2013 4408 ἐν

397 4433 523 4506 ὕψει
563 4434 720 4507 μόλις
759 4435 1020 4509 ἔρχεσθαι
1058 4437 1219 4494 Θεοῦ.

475 4618 689 4674 ΠΑΛΑ.
723 4617 799 4675 Εὖ
834 4619 992 4692 ἔφης.

470 4713 643 4770 ΚΥΡ.
688 4714 1023 4788 Ἀναμάθοις
1054 4715 1100 4770 δ’
1146 4713 1214 4771 ἂν
1249 4718 1278 4773 ὅ
1312 4734 1488 4790 φημι,
1524 4716 1620 4772 καὶ
1662 4719 1778 4782 τοῖς
1811 4718 2012 4791 ἐφεξῆς

395 4807 492 4862 τὸν
519 4808 647 4863 νοῦν
674 4809 925 4880 ἐφιστάς.
952 4809 1118 4882 Τρεῖς
1145 4810 1257 4883 γὰρ
1280 4810 1530 4882 ἀλλήλων
1563 4810 1816 4882 ἐχόμενοι
1848 4828 2017 4884 προσ-

397 4901 663 4973 εκόμιζον
697 4900 920 4974 ἐφεξῆς,
950 4902 1012 4968 ἐξ
1036 4902 1333 4976 ἐλευθέρας
1365 4905 1469 4976 τῆς
1507 4901 1712 4974 Ῥαχὴλ
1734 4943 1750 4968 ,
1769 4902 2012 4976 Ἐφραίμ

396 5010 461 5047 τε
503 4994 600 5049 καὶ
628 4996 975 5070 Μανασσῆςθ.
1004 4991 1139 5051 Εἶτα
1169 4999 1323 5070 τρεῖς
1360 4995 1611 5068 ἀλλήλων
1639 4996 1896 5068 ἐχόμενοί
1951 5014 2012 5050 τε

397 5088 502 5142 καὶ
548 5089 668 5159 μετ’
704 5089 955 5154 ἐκείνους
999 5090 1048 5143 oi
1097 5091 1162 5144 ἐκ
1215 5089 1596 5163 θεραπαινῶν,
1646 5088 1794 5161 φημὶ
1834 5088 1893 5142 δὲ
1946 5089 2012 5161 δὴ

400 5182 608 5248 πάλιν,
641 5182 784 5247 Δὰν,
816 5182 988 5256 Ἀσήρ
1034 5201 1095 5237 τε
1143 5184 1239 5237 καὶ
1284 5182 1629 5255 Νεφθαλείμ.
1682 5181 1882 5254 Συνίης
1919 5178 2015 5238 οὖν

397 5275 489 5329 ὅτι
522 5274 982 5346 προεισϐάλλουσι
1017 5274 1118 5347 μὲν
1151 5275 1249 5329 καὶ
1291 5263 1684 5347 ἐκτετίμηνται
1713 5272 1836 5327 λίαν
1870 5275 1921 5330 oi
1953 5274 2014 5340 ἐξ

398 5365 734 5439 ἐλευθέρας,
790 5368 1021 5425 ἕπονταί,
1066 5385 1132 5440 γε
1183 5368 1292 5440 μὴν
1341 5368 1392 5421 oi
1447 5369 1513 5422 ἐκ
1567 5366 2008 5440 θεραπαινῶνοῆ

400 5461 529 5532 οὐχὶ
561 5460 723 5516 τοῦτό
757 5463 909 5515 ἐστιν
956 5459 1225 5532 ἐναργὲς,
1259 5458 1289 5513 ὃ
1324 5459 1421 5513 καὶ
1466 5458 1632 5523 αὐτὸς
1677 5459 1812 5531 ἡμίν
1842 5460 1871 5511 6
1920 5457 2011 5512 θε-

403 5552 637 5618 σπέσιος
697 5554 904 5625 γράφει
945 5553 1194 5617 Παῦλοςς
1234 5572 1254 5604 ι
1293 5553 1466 5606 Ὅταν
1489 5571 1508 5604 ι
1536 5552 1666 5626 γὰρ,
1704 5552 1860 5623 φησὶ,
1909 5568 1927 5602 ι
1954 5550 2015 5604 τὸ

401 5647 690 5722 πλήρωμα
718 5647 829 5701 τῶν
858 5646 1030 5702 ἐθνῶν
1058 5644 1279 5718 εἰσέλθῃ
1303 5685 1318 5710 ,
1345 5644 1468 5699 τότε
1499 5646 1610 5710 πᾶς
1652 5643 1873 5722 Ἰσραὴλ
1909 5661 2016 5698 σω-

405 5739 661 5810 θήσεται.
702 5757 720 5789 ι

2112 3323 2246 3378 tem,
2279 3310 2374 3381 qui
2396 3315 2483 3365 est
2520 3322 2551 3363 e
2575 3320 2756 3371 serva,
2784 3311 2842 3359 et
2866 3310 3293 3365 tentamentum,
3330 3298 3476 3354 idem
3512 3294 3724 3352 intelli-

2111 3409 2286 3480 gitur,
2317 3412 2381 3460 ut
2408 3403 2506 3475 qui
2537 3416 2704 3458 sensu
2727 3406 2784 3454 et
2811 3397 2999 3453 animo
3031 3394 3106 3452 sit
3147 3391 3402 3466 ignobili,
3447 3398 3503 3445 et
3532 3388 3722 3444 Iesum

2112 3507 2310 3566 tentet,
2347 3506 2516 3567 atque
2556 3493 2783 3550 malitiae
2833 3507 2946 3547 suae
2991 3489 3222 3560 laqueos
3255 3484 3447 3542 tendat
3480 3500 3492 3536 :
3533 3496 3724 3537 acces~

2111 3600 2305 3650 serunt
2327 3591 2498 3657 enim,
2528 3589 2778 3645 dicentes
2809 3604 2820 3639 :
2854 3604 2871 3638 ι
2897 3585 3057 3640 Licet
3082 3596 3311 3639 censum
3341 3579 3474 3634 dare
3498 3575 3722 3640 Caesari,

2112 3703 2184 3743 an
2209 3701 2323 3742 non
2346 3684 2394 3718 ⁷⁸
2421 3683 2444 3738 ?
2485 3702 2504 3735 ι
2538 3681 2716 3754 Igitur
2737 3721 2751 3749 ,
2781 3687 2844 3734 ut
2871 3678 2940 3734 ad
2971 3676 3026 3733 id
3060 3675 3210 3748 quod
3262 3673 3422 3737 initio
3469 3669 3725 3726 dicebam

2113 3795 2369 3837 revocem
2411 3776 2724 3834 orationem
2779 3788 2984 3838 meam,
3034 3770 3127 3826 ille
3174 3768 3338 3840 3'72
3389 3764 3577 3829 Israel,
3629 3762 3738 3834 qui

2111 3872 2383 3945 temporis
2428 3869 2626 3926 ordine
2675 3864 3084 3939 primogenitus
3121 3869 3263 3926 erat,
3321 3859 3414 3914 ille
3461 3856 3638 3912 durus
3671 3866 3732 3911 et

2110 3981 2316 4038 procax
2347 3970 2405 4020 et
2433 3959 2892 4024 contumeliosus,
2929 3957 3022 4012 ille
3059 3959 3349 4026 promptus
3391 3949 3460 4005 ad
3494 3947 3724 4013 caedem,

2112 4067 2170 4114 et
2191 4057 2286 4128 qui
2318 4054 2670 4112 maledictam
2695 4053 2838 4108 iram
2869 4049 3096 4114 retinet,
3125 4055 3182 4102 et
3210 4043 3468 4100 homines
3497 4041 3724 4103 occidit,

2113 4156 2171 4206 et
2203 4144 2566 4203 subnervavit
2592 4153 2838 4205 taurum,
2881 4141 2976 4197 ille
3013 4138 3276 4210 ignobilis
3314 4144 3370 4192 et
3400 4134 3634 4192 acerbus
3657 4133 3728 4189 ad

2115 4241 2416 4302 struendos
2442 4241 2622 4307 dolos,
2663 4246 2720 4296 et
2749 4239 2845 4310 qui
2881 4238 3111 4308 laqueos
3141 4232 3343 4299 tendit,
3373 4239 3431 4288 et
3461 4238 3724 4294 tentator,

2116 4339 2364 4409 denique
2388 4343 2517 4408 post
2540 4350 2659 4401 eos,
2692 4333 2789 4404 qui
2822 4333 2879 4388 in
2907 4330 3132 4388 Christo
3166 4337 3224 4385 et
3250 4325 3416 4384 liberi
3441 4333 3591 4390 sunt,
3613 4324 3732 4381 (δοιά

2116 4433 2333 4491 locatus
2362 4439 2468 4498 est,
2503 4429 2610 4486 etsi
2649 4428 2792 4486 liber
2829 4434 2957 4501 post
2983 4441 3086 4482 nos
3114 4424 3242 4490 erit,
3285 4430 3350 4478 ut
3378 4421 3469 4476 vix
3503 4419 3727 4476 tandem

2121 4527 2189 4585 ad
2221 4525 2322 4583 Dei
2349 4529 2710 4596 conspectum
2739 4521 2946 4578 veniat.

2041 4615 2088 4673 I)
2191 4619 2392 4678 PALL.
2421 4617 2754 4676 Rectissime
2786 4614 2945 4672 dicis.

2181 4712 2341 4770 CYR.
2368 4709 2528 4778 Quod
2560 4717 2749 4766 autem
2796 4707 2946 4773 dixi,
2975 4706 3140 4778 plane
3167 4704 3462 4777 intelliges,
3490 4703 3536 4759 si
3571 4702 3636 4758 ad
3665 4718 3729 4758 ea

2111 4819 2236 4876 quae
2265 4802 2530 4872 deinceps
2573 4807 2888 4872 sequuntur
2931 4798 3178 4854 animum
3220 4795 3527 4852 intenderis
3566 4812 3578 4847 :
3619 4803 3732 4850 tres

2113 4897 2264 4953 enim
2295 4895 2443 4951 inter
2476 4909 2535 4950 se
2569 4891 2856 4966 conjuncti
2883 4890 3152 4961 deinceps
3172 4889 3499 4945 obtulerunt
3522 4902 3590 4941 ex
3615 4886 3728 4941 Ra-

2116 4991 2274 5047 chele
2307 4989 2506 5055 libera,
2543 4986 2832 5059 Ephraim,
2878 4994 2936 5040 et
2980 4984 3280 5048 Manasses,
3321 4990 3380 5038 et
3417 4979 3727 5052 Benjamin.

2115 5101 2353 5157 quorum
2412 5083 2632 5156 priores
2695 5095 2766 5136 ex
2831 5077 3036 5149 Ioseph
3099 5084 3334 5148 parente
3395 5073 3511 5129 nati
3573 5084 3727 5133 sunt.

2113 5179 2381 5251 Ephraim
2408 5186 2464 5234 et
2489 5177 2801 5233 Manasses:
2833 5173 3037 5230 deinde
3066 5180 3193 5244 post
3221 5171 3349 5227 illos
3373 5168 3468 5225 alii
3497 5176 3611 5224 tres
3640 5169 3730 5224 in-

2112 5274 2293 5329 vicem
2341 5271 2549 5344 iuncti,
2605 5269 3045 5337 ancillarumque
3099 5264 3228 5330 ﬁlii,
3282 5263 3422 5329 Dan,
3479 5261 3728 5334 inquam,

2112 5363 2252 5420 Aser
2299 5373 2358 5419 et
2404 5361 2790 5433 Nephthalim.
2825 5355 3240 5414 Animadvertis
3274 5354 3442 5428 igitur
3470 5369 3502 5410 e
3535 5354 3733 5410 liberis

2124 5457 2351 5528 quidem
2385 5463 2546 5512 natos
2574 5451 2926 5531 antecedere,
2958 5459 3014 5506 ct
3052 5450 3108 5504 in
3139 5465 3338 5521 magno
3380 5449 3593 5505 honore
3629 5449 3731 5504 ha-

2125 5550 2269 5616 beri,
2297 5550 2456 5621 sequi
2487 5558 2675 5604 autem
2703 5546 2847 5602 ﬁlios
2875 5546 3203 5601 ancillarum
3239 5564 3251 5598 :
3285 5560 3472 5599 annon
3524 5545 3631 5600 hoc
3659 5545 3720 5598 il-

2121 5641 2222 5697 lud
2263 5650 2370 5707 est,
2420 5639 2570 5711 quod
2611 5641 2730 5711 ipse
2777 5638 2941 5694 nobis
2987 5637 3187 5694 beatus
3234 5637 3437 5694 Paulus
3484 5636 3679 5692 scribit
3710 5637 3742 5688 ⁸2⁸

2133 5754 2150 5786 ι
2181 5733 2319 5790 Cum
2355 5754 2373 5784 υ
2405 5733 2578 5799 enim,
2609 5732 2809 5804 inquit,
2845 5751 2863 5783 ‹
2890 5731 3181 5802 plenitudo
3211 5732 3458 5803 gentium
3493 5730 3732 5783 intrave‘

2021 5865 2028 5870 -
2125 5829 2218 5893 rit,
2262 5837 2394 5883 tunc
2424 5827 2607 5882 omnis
2627 5825 2795 5882 Israel
2827 5825 3012 5882 salvus
3049 5824 3240 5880 erit”.
3284 5844 3301 5874 ι

483 5945 534 5979 ’⁸
576 5943 714 6004 Gen.
763 5963 905 6014 XLIX,
948 5945 1003 6012 5,
1037 5947 1088 6004 ί.
1172 5947 1211 5981 ⁷³
1248 5945 1390 6007 Ibid.
1451 5947 1575 6007 5-7.
1637 5948 1700 6014 ,⁷³
1747 5943 1888 6003 Ibid.
1929 5943 1995 6002 I9

2104 5943 2143 5977 ”
2181 5942 2303 6000 Act.
2351 5960 2444 6014 γυ,
2483 5943 2570 5999 52.
2653 5944 2697 5976 ⁷³
2729 5939 2920 5999 Matth.
2953 5955 3084 6006 χχιι,
3136 5937 3222 5992 17.
3256 5938 3300 5969 ⁷⁸
3332 5936 3490 5991 Rom.
3529 5948 3602 5998 χι,
3632 5929 3728 5989 95..
