4118 6426
462 378 568 435 725

1487 377 1542 437 S.
1577 377 1855 434 CYRILLI
1893 375 2369 435 ALEXANDRINI
2408 376 2730 437 ARCHIEP.

528 492 727 549 PALL.
770 492 939 549 Recte
979 492 1103 546 ais:
1152 501 1240 547 est
1286 492 1436 547 enim
1478 491 1700 547 subtilis
1750 490 2030 548 admodun

2227 493 2440 550 IIAAA.
2490 493 2697 566 Ὀρθῶς
2729 491 2886 567 ἔφης·
2939 493 3097 567 ἰσχνὴ
3141 494 3251 568 γάρ
3291 495 3432 565 ἄγαν
3475 497 3510 566 ή
3548 496 3745 567 ἐπιτή-

456 584 787 641 observatio.

525 678 685 735 CYR.
713 677 882 748 Atqui
919 678 975 733 id
1018 692 1130 733 non
1174 691 1298 733 esse
1342 675 1482 732 falso
1516 676 1728 734 dictum
1759 676 1944 745 scies,
1992 687 2051 735 et

455 768 680 840 quidem
716 768 973 825 facillime
1010 787 1023 824 :
1054 770 1166 841 jam
1204 769 1353 826 enim
1380 768 1670 841 Scriptura
1694 786 1798 828 nos
1826 786 1894 826 ex
1924 771 2050 826 aliis

454 861 746 918 sententiis
767 860 1093 917 conﬁrmat:
1122 862 1315 919 ordine
1339 863 1669 935 congruenti
1686 863 1853 934 jussit
1877 864 2046 930 Deus,

454 964 516 1010 ut
547 965 726 1010 castra
752 963 1041 1012 moverent
1067 964 1234 1027 atque
1256 957 1525 1022 locarent,
1557 970 1624 1012 ac
1656 955 1919 1012 sisterent
1948 956 2047 1013 ﬁlii

450 1046 641 1112 Israel,
676 1057 733 1103 et
764 1057 827 1104 ut
856 1049 1276 1106 tabernaculum
1309 1048 1690 1114 circumirent,
1723 1048 2042 1114 constituit,

444 1139 601 1209 juxta
625 1139 783 1206 illud,
813 1140 1032 1212 opinor,
1057 1142 1204 1212 quod
1224 1150 1311 1197 est
1335 1157 1368 1196 a
1390 1140 1552 1197 beato
1571 1140 1743 1196 David
1765 1140 2047 1213 eleganter

449 1231 840 1287 deeantatum:
870 1253 888 1285 ι
918 1234 987 1289 Et
1005 1232 1367 1290 eircumdabo
1392 1232 1565 1288 altare
1584 1240 1764 1297 tuum,
1789 1230 2043 1297 Domine,

449 1328 510 1376 ut
538 1321 760 1379 audiam
788 1337 979 1379 vocem
1004 1324 1185 1380 laudis
1206 1332 1316 1379 tua:
1347 1324 1417 1390 ⁷⁸,
1455 1343 1475 1375 ι
1521 1322 1612 1379 vel
1648 1321 1785 1377 illud
1829 1340 1842 1376 :
1872 1340 1892 1373 ι
1921 1320 2044 1377 Cir-

446 1412 595 1471 cuivi
616 1423 674 1470 et
700 1413 979 1469 immolavi
1014 1414 1072 1469 in
1098 1413 1457 1469 tabernaculo
1488 1413 1663 1483 ipsius
1687 1410 1926 1468 hostiam
1948 1427 2045 1467 vo-

444 1506 790 1562 ciferationis
828 1506 897 1560 ⁷⁷.
943 1526 961 1559 ι
993 1506 1308 1562 Insinuatur
1351 1506 1521 1563 etiam
1572 1506 1724 1562 aliud
1756 1506 2041 1578 quidpiam

444 1608 568 1650 esse
605 1600 881 1664 tanquam
913 1595 971 1650 in
1006 1594 1181 1667 ﬁgura
1216 1596 1334 1651 ﬁeri
1356 1596 1593 1668 jussum.
1629 1595 1861 1668 Oportet
1889 1598 2042 1653 enim

446 1695 509 1741 ut
527 1700 631 1741 nos
649 1701 681 1740 a
702 1686 816 1743 Deo
838 1688 1067 1743 minime
1088 1688 1492 1760 disjungamur,
1515 1688 1613 1745 sed
1634 1689 1885 1760 proxime
1906 1705 2044 1761 quo-

444 1779 740 1836 dammodo
768 1788 825 1837 et
856 1781 1005 1838 circa
1039 1781 1193 1837 illum
1228 1790 1375 1838 stare
1411 1782 1720 1849 videamur,
1745 1798 1815 1838 ne
1841 1799 2039 1855 pecca-

2229 600 2334 640 σις.

2266 601 2281 637 ι
2319 625 2334 640 .

2156 601 2388 732 ρηὲξῬ.
2416 677 2526 731 Kal
2549 675 2658 749 μὴν
2686 676 2768 730 ὅτι
2795 674 2858 729 τὸ
2875 676 3068 748 χρῆμα
3098 676 3200 731 οὐκ
3223 676 3586 749 ἐψευσμένον,
3608 678 3732 750 εἴσῃ

2147 783 2231 821 τοι
2258 769 2355 823 καὶ
2399 767 2519 823 λίαν
2565 766 2831 830 εὐπετῶς.
2878 767 3138 838 Ἑμπεδοῖ
3178 768 3287 840 γὰρ
3335 769 3487 840 ἡμᾶς
3535 768 3633 823 καὶ
3677 768 3740 835 ἐξ

2150 860 2359 931 ἑτέρων
2406 860 2570 926 εὐθὺς
2609 861 2832 916 ἐννοιῶν
2875 864 2905 916 ὁ
2947 861 3126 931 λόγος’
3168 863 3227 917 ὲν
3271 862 3463 936 κόσμῳ
3505 862 3615 937 γὰρ
3659 863 3741 933 τῷ

2149 953 2445 1024 καθήκοντι
2472 954 2811 1026 πράττεσθαι
2841 955 2953 1009 δεῖν
2983 955 3190 1010 ὲτύπου
3217 956 3351 1022 Θεὸς
3378 955 3479 1020 τάς
3512 973 3572 1010 τε
3607 957 3743 1010 ἀνα-

2150 1045 2382 1113 ζεύξεις,
2426 1046 2519 1100 καὶ
2571 1048 2678 1119 μὴν
2732 1048 2830 1101 κα)⁵
2883 1047 3151 1118 ἱδρύσεις,
3195 1047 3317 1118 ἦτοι
3372 1046 3742 1116 συγκαταυλι-

2150 1140 2321 1210 σμοὺς
2353 1140 2460 1193 τῶν
2498 1138 2630 1192 υἱῶν
2679 1137 2924 1210 Ἰσραὴλ,
2972 1137 3162 1211 κύκλῳ
3199 1155 3258 1193 τε
3310 1138 3447 1192 ἱέναι
3476 1138 3579 1209 τῆς
3602 1154 3742 1209 σκη-

2146 1231 2245 1301 νῆς
2283 1224 2343 1284 εὖ
2395 1228 2543 1301 μάλα
2590 1229 2952 1301 προστέταχε,
2988 1230 3132 1284 κατά
3172 1246 3237 1299 γε
3275 1230 3359 1297 τὸ,
3394 1226 3573 1301 οἶμαι,
3601 1229 3743 1302 πρὸς

2144 1320 2241 1376 τοῦ
2278 1321 2527 1393 μάκαρος
2557 1319 2724 1374 Δαϐὶδ
2755 1320 2989 1384 ἀστείως
3028 1319 3390 1391 ὑμνούμενον·
3437 1338 3457 1372 ι
3493 1319 3606 1373 Καὶ
3635 1336 3738 1372 κυ-

2146 1411 2342 1467 κλώσω
2368 1412 2430 1466 τὸ
2460 1411 2849 1484 θυσιαστήριόν
2885 1428 3004 1478 σου,
3033 1410 3230 1483 Κύριε,
3270 1409 3365 1464 τοῦ
3402 1409 3636 1464 ἀκοῦσαί
3668 1426 3737 1480 με

2145 1505 2330 1576 φωνῆς
2361 1503 2623 1569 αἰνέσεὼς
2662 1521 2792 1571 σου,
2844 1523 2863 1557 ι
2901 1503 3070 1574 ἤγουν
3097 1502 3187 1569 τὸ,
3223 1523 3242 1555 ‹
3292 1500 3615 1556 Ἐκύκλωσα
3643 1501 3740 1555 καὶ

2145 1594 2316 1650 ἔθυσα
2366 1596 2423 1650 ὲν
2471 1597 2539 1667 τῇ
2597 1597 2774 1667 σκηνῇ
2829 1592 2997 1649 αὑτοῦ
3062 1593 3258 1647 θυσίαν
3310 1590 3653 1662 ἀλαλαγμοῦ.
3711 1610 3734 1645 ι

2155 1685 2626 1758 Ὑποσημαίνεται
2658 1686 2717 1741 δέ
2764 1702 2821 1740 τι
2854 1687 2949 1742 καὶ
2981 1685 3202 1757 ἕτερον,
3246 1684 3308 1739 τὸ
3354 1683 3432 1749 ὡς
3474 1685 3535 1738 ὲν
3574 1682 3735 1754 τύπῳ

2143 1777 2338 1850 δράσαι
2402 1777 2856 1850 κεκελευσμένον.
2908 1778 3031 1850 Χρὴ
3084 1776 3196 1849 γὰρ
3245 1777 3396 1848 ἡμᾶς
3437 1775 3539 1831 οὐκ
3597 1775 3739 1829 am.

445 1879 562 1925 tum
610 1870 997 1947 interpositum
1029 1873 1120 1939 sit,
1151 1887 1291 1929 neve
1320 1872 1430 1928 ulla
1468 1873 1749 1930 saecularis
1784 1850 2030 1945 voluptas

2143 1868 2492 1940 νοσφίζεσθαι
2507 1868 2665 1938 Θεοῦ,
2690 1869 2805 1924 ἀλλ’
2822 1850 3117 1934 οίονείπωξ
3123 1868 3294 1940 ἀγχοῦ
3337 1868 3431 1923 καὶ
3457 1870 3517 1922 ὲν
3538 1865 3729 1937 κύκλῳ

441 1978 545 2019 nos
563 1962 794 2031 dividat,
819 1965 916 2021 sed
944 1974 1109 2021 recta:
1139 1966 1342 2022 mentis
1363 1966 1655 2037 praesentia
1678 1975 1734 2023 et
1758 1967 1827 2023 ad
1847 1983 2041 2025 omnes

441 2054 746 2113 laudandas
781 2058 1026 2113 actiones
1058 2057 1441 2128 suscipiendas
1479 2058 1735 2115 alacritas
1763 2059 1832 2115 ad
1871 2060 2039 2131 spiri-

441 2148 645 2204 tualem
687 2151 958 2207 unitatem
991 2150 1232 2223 colligat.
1262 2151 1401 2206 Nam
1433 2151 1528 2222 qui
1562 2151 1642 2208 sic
1684 2152 2039 2209 laudabiliter

437 2255 498 2297 se
531 2256 724 2312 gerere
753 2243 1092 2321 curaverint,
1125 2258 1221 2299 eos
1261 2252 1413 2299 certe
1444 2244 1501 2298 in
1541 2244 1736 2314 primis
1764 2245 1908 2301 dona
1952 2244 2037 2301 of-

438 2333 587 2391 ferre
615 2333 793 2389 decet.
813 2334 1093 2405 Scriptum
1121 2344 1206 2391 est
1235 2336 1417 2392 enim:
1443 2356 1461 2388 ι
1485 2334 1689 2393 Omnes
1715 2338 1771 2392 in
1797 2338 2037 2395 circuitu

435 2425 557 2495 ejus
583 2423 821 2482 aﬁ‘erent
848 2441 1083 2483 munera
1114 2427 1178 2480 ⁷⁸.
1215 2446 1232 2478 ι
1270 2426 1461 2497 Itaque
1501 2426 1669 2482 simul
1708 2427 1870 2498 373
1907 2444 2036 2483 cum

436 2515 796 2589 tabernaculo
833 2531 931 2572 eos
959 2515 1258 2587 proﬁcisci,
1295 2525 1353 2572 et
1382 2516 1460 2571 illi
1508 2514 1875 2572 circumfusos
1902 2533 2034 2588 pro-

437 2621 658 2663 movere
681 2607 869 2677 jussit,
901 2605 1099 2661 ordine
1120 2621 1343 2677 quoque
1369 2621 1481 2661 non
1504 2606 1602 2677 qui
1638 2607 1788 2663 aetati
1829 2623 2033 2664 conve-

433 2700 605 2765 niret,
629 2713 812 2769 neque
835 2697 930 2768 qui
964 2712 996 2752 a
1027 2696 1223 2767 primis
1257 2697 1326 2752 ad
1358 2704 1636 2752 extremos
1658 2696 1883 2754 confuse
1909 2714 2037 2770 per-

433 2792 675 2856 veniret,
701 2790 800 2847 sed
820 2791 1017 2846 eadem
1048 2791 1263 2854 ratione
1286 2792 1613 2863 conjunctos
1637 2800 1804 2862 atque
1830 2792 2036 2847 discre-

435 2894 553 2948 tos,
603 2899 712 2954 qua
750 2883 809 2938 in
851 2881 1126 2938 donorum
1164 2882 1447 2939 oblatione
1493 2882 1748 2954 dispositi
1789 2881 2029 2941 fuerant.

434 2975 715 3047 Scriptum
732 2984 817 3032 est
833 2975 984 3033 enim
996 2977 1060 3031 in
1086 2976 1132 3032 Ν
1140 2976 1346 3033 umeris
1368 2975 1435 3031 ad
1462 2976 1613 3032 hunc
1634 2976 1861 3032 modum
1881 2995 1894 3032 :
1917 2996 1936 3028 ι
1962 2976 2032 3031 Ει

431 3064 652 3122 locutus
683 3074 769 3122 est
799 3065 1065 3124 Dominus
1103 3065 1173 3126 ad
1214 3066 1434 3139 Moysen
1473 3075 1529 3122 et
1556 3065 1759 3133 Aaron,
1787 3067 1980 3123 dicens
2014 3086 2027 3122 :

431 3160 851 3232 Iiomojunctus
877 3160 1185 3217 secundum
1204 3176 1402 3233 agmen
1428 3176 1612 3227 suum,
1634 3170 1692 3217 et
1720 3162 2026 3219 secundum

432 3252 608 3323 signa,
639 3251 947 3309 secundum
976 3250 1171 3308 domos
1206 3251 1544 3307 familiarum
1573 3267 1801 3308 suarum
1822 3264 2029 3310 castra-

431 3348 711 3403 metentur
751 3340 849 3397 ﬁlii
878 3341 1047 3399 Israel
1086 3356 1277 3397 coram
1300 3339 1557 3408 Domino,
1601 3342 1813 3399 circum
1849 3343 2034 3400 taber-

430 3432 695 3488 naculum
715 3432 1019 3488 testimonii
1039 3435 1583 3491 castrametabuntur
1602 3435 1699 3493 ﬁlii
1721 3436 1890 3492 Israel
1908 3438 1974 3493 ⁷³.
2004 3458 2023 3490 ι

431 3521 638 3578 Deinde
659 3522 990 3584 attributum
1018 3523 1219 3594 cuique
1252 3524 1435 3580 locum
1460 3527 1728 3591 ostendit,
1768 3527 1993 3584 ubinam
2012 3572 2027 3596 ,

429 3622 489 3670 et
512 3615 812 3684 quomodo,
835 3615 999 3685 quive
1028 3617 1405 3675 castrametari
1432 3617 1670 3676 debeant
1704 3637 1721 3681 ι
1748 3621 2033 3693 subjungit

428 3705 581 3762 enim
624 3704 693 3760 ad
737 3705 889 3762 hunc
930 3707 1156 3767 modum
1201 3727 1221 3771 ι
1257 3727 1276 3760 ι
1309 3709 1379 3765 Et
1420 3710 1517 3780 qui
1567 3719 2029 3769 castrametantur

427 3795 596 3872 primi
611 3796 679 3851 ad
699 3797 995 3865 orientem,
1030 3814 1225 3872 agmen
1243 3811 1553 3857 castrorum
1570 3802 1600 3859 J
1605 3802 1717 3865 uda
1733 3819 1858 3862 cum
1874 3820 2032 3862 exer-

430 3889 549 3945 citu
576 3904 699 3957 suo,
725 3898 781 3946 et
811 3899 1265 3950 castrametantes
1281 3894 1441 3966 juxta
1471 3912 1540 3951 ex
1570 3896 1719 3952 tribu
1754 3897 2027 3966 Issachar,

429 3991 488 4037 et
510 3992 967 4044 castrametantes
1003 3987 1158 4059 iusta
1189 4003 1287 4046 eos
1319 4005 1388 4044 ex
1422 3989 1573 4045 tribu
1608 3989 1858 4046 Zabulon
1897 3992 1964 4046 ⁸ο.
2001 4009 2020 4043 ι

427 4072 637 4135 Deinde
658 4077 959 4134 secundam
982 4077 1217 4135 classem
1240 4090 1513 4147 recenset,
1539 4090 1596 4137 et
1623 4081 1733 4138 ait:
1770 4101 1787 4133 (
1814 4082 2027 4153 Agmen

428 4178 733 4229 castrorum
765 4170 965 4230 Ruben
993 4173 1061 4230 ad
1100 4183 1349 4231 austrum
1378 4191 1504 4232 cum
1534 4176 1781 4232 exercitu
1807 4191 2022 4243 eorum,

414 4275 476 4327 et
497 4263 760 4337 princeps
782 4263 1022 4324 ﬁliorum
1036 4267 1237 4325 Ruben
1251 4269 1438 4327 Elisur
1455 4268 1605 4325 ﬁlius
1626 4269 2026 4352 Sediur,.exer-

426 4355 570 4414 citus
587 4359 708 4430 ejus
730 4360 991 4417 recensiti
1011 4376 1109 4419 sex
1127 4369 1184 4417 et
1204 4361 1567 4435 quadraginta
1589 4363 1763 4418 millia
1782 4371 1840 4419 et
1860 4364 2026 4435 quin-

427 4448 578 4519 genti
594 4465 609 4515 ;
624 4458 682 4503 et
697 4453 1322 4525 castrametantesjuxta
1343 4469 1470 4511 eum
1494 4471 1563 4511 ex
1590 4456 1740 4510 tribu
1761 4455 2021 4525 Simeon;

2144 1960 2433 2032 φαίνεσθαι
2466 1960 2939 2032 περιεστηκότας,
2988 1960 3050 2015 οὺ
3097 1959 3507 2033 μεσολαϐούσης
3552 1959 3738 2029 ἀμαρ-

2139 2056 2281 2120 τίας,
2307 2055 2368 2107 οὐ
2402 2053 2699 2125 διαστάσης
2733 2055 2885 2124 ἡμᾶς
2918 2054 3190 2124 κοσμικῆς
3238 2050 3452 2123 ἡδονῆς,
3484 2044 3601 2103 ἀλλ’
3642 2050 3726 2113 είς

2141 2146 2371 2217 ἑνότητα
2422 2145 2520 2217 τὴν
2574 2125 2956 2217 πνευματικὴν
2997 2142 3351 2213 συλλέγοντος
3399 2140 3562 2214 ὀρθοῦ
3608 2141 3729 2195 δια-

2140 2239 2289 2303 νοίας
2332 2240 2767 2310 παραστήματος
2813 2236 3169 2308 ὲτοιμότητός
3204 2252 3265 2289 τε
3308 2235 3407 2306 τῆς
3445 2233 3583 2304 πρὸς
3622 2233 3737 2287 πᾶν

2138 2330 2317 2385 ὁτιοῦν
2366 2331 2475 2385 τῶν
2515 2330 3003 2402 τεθαυμασμένων.
3033 2329 3245 2400 Πρέπει
3277 2326 3388 2400 γὰρ
3419 2325 3486 2381 ἂν
3506 2326 3589 2380 ὅτι
3622 2325 3736 2397 μά-

2138 2422 2298 2478 λιστά
2323 2440 2385 2493 γε
2427 2425 2542 2487 τοῖς
2578 2422 2754 2487 οὕτως
2787 2421 3095 2493 εὐδοκιμεῖν
3147 2420 3448 2492 ᾑρημένοις
3491 2418 3554 2472 τὸ
3594 2415 3735 2489 χρῆ·

2137 2533 2224 2570 ναι
2247 2533 2318 2569 κα
2324 2518 2641 2588 ρποφορεῖν.
2656 2515 2970 2586 Γέγραπται
2988 2513 3096 2585 γὰρ
3110 2513 3193 2566 ὅτι
3215 2529 3232 2563 ι
3255 2512 3466 2575 Πάντες
3478 2510 3527 2564 oi
3545 2507 3734 2580 κύκλῳ

2137 2608 2302 2663 αὐτοῦ
2323 2607 2530 2663 οἴσουσι
2549 2608 2718 2679 δῶρα.
2740 2627 2759 2661 ι
2786 2607 2998 2662 Οὐκοῦν
3013 2606 3372 2678 συναπαίρειν
3393 2605 3590 2669 αὐτοὺς
3606 2604 3733 2657 ἐκέ-

2137 2698 2258 2755 λεύε
2292 2702 2357 2772 τῇ
2388 2701 2586 2771 σκηνῇ,
2612 2699 2710 2754 καὶ
2740 2698 2928 2770 κύκλῳ
2957 2698 3219 2769 βαδίζειν,
3252 2696 3348 2750 καὶ
3380 2696 3458 2760 ὼς
3488 2696 3546 2749 ὲν
3577 2694 3731 2759 τάξει

2136 2790 2318 2855 πάλιν,
2362 2791 2423 2845 ού
2469 2793 2589 2853 ταῖς
2633 2789 2875 2862 ἡλικίαις
2927 2788 3217 2861 πρεπούσῃ
3261 2789 3353 2841 καὶ
3405 2783 3734 2856 ἀσυγχύτως

2139 2885 2293 2959 ἰούσῃ
2332 2885 2470 2958 πρὸς
2500 2886 2627 2948 τοὺς
2657 2883 2925 2956 ἐσχάτους
2953 2882 3063 2936 ἀπὸ
3089 2880 3198 2936 τῶν
3232 2877 3489 2953 πρώτων,
3517 2894 3731 2947 συνημ-

2139 2976 2335 3049 μένους
2364 2974 2421 3029 δὲ
2451 2972 2615 3041 οὕτω,
2649 2976 2747 3028 καὶ⁸
2776 2973 2882 3029 ἀνὰ
2915 2972 3104 3045 μέρος,
3143 2971 3397 3043 καθάπερ
3430 2971 3489 3023 ὲν
3525 2970 3592 3040 τῇ
3619 2967 3731 3021 τῶν

2132 3066 2322 3141 δώρων
2384 3068 2745 3140 προσαγωγῇ.
2799 3065 3120 3138 Γέγραπται
3176 3063 3233 3117 δὲ
3282 3062 3455 3126 οὕτως
3509 3062 3567 3115 ἐν
3615 3062 3734 3124 τοῖς

2148 3158 2446 3232 Ἀριθμοῖς,
2494 3165 2526 3210 «⁸
2566 3158 2677 3213 Kal
2711 3155 2943 3229 ἐλάλησε
2973 3155 3177 3227 Κύριος
3226 3153 3365 3226 πρὸς
3392 3151 3600 3223 Μωσῆν
3631 3149 3732 3205 καὶ

2148 3250 2360 3324 Ἀαρὼν
2420 3251 2631 3321 λέγων·
2683 3249 3005 3323 Ἀνθρωπος
3046 3249 3306 3321 ἐχόμενος
3349 3247 3493 3301 κατὰ
3538 3247 3731 3317 τάγμα

2133 3349 2298 3403 αὐτοῦ
2325 3347 2419 3401 καὶ
2445 3346 2585 3401 κατὰ
2603 3346 2882 3418 σημασίας
2900 3344 3018 3399 κατ’
3041 3344 3224 3407 οἴκους
3245 3339 3493 3413 πατριῶν
3523 3338 3727 3402 αὐτῶν,

2132 3438 2640 3513 παρεμϐαλὲτωσαν
2671 3440 2720 3491 οἱ
2761 3437 2868 3490 υἱοὶ
2892 3436 3129 3508 Ἰσραὴλ
3149 3435 3331 3489 ἔναντι
3367 3431 3598 3504 Κυρίου,
3628 3429 3728 3483 κύ-

2130 3529 2245 3601 κλῳ
2276 3529 2376 3601 τῆς
2426 3528 2634 3600 σκηνῆς
2682 3524 2776 3580 τοῦ
2826 3526 3130 3599 μαρτυρίου
3177 3521 3625 3599 παρεμϐαλοῦσιν
3674 3522 3726 3573 οξ

2130 3620 2240 3674 υἱοὶ
2284 3619 2527 3691 Ἰσραήλ.
2564 3639 2582 3672 ι
2617 3613 2755 3673 Εἶτα
2787 3618 2879 3673 τὸν
2914 3618 3133 3689 ἑκάστῳ
3164 3617 3329 3672 τόπον
3353 3612 3729 3687 ὲκνεμηθέντα

2130 3713 2397 3769 δεικνύει·
2438 3714 2562 3767 ὅποι
2593 3730 2653 3766 τε
2689 3712 2785 3766 καὶ
2813 3714 2964 3776 ὅπως
2994 3711 3089 3766 καὶ
3131 3710 3276 3773 τίνες
3319 3710 3367 3763 οἱ
3405 3704 3728 3779 παρεμϐάλ-

2128 3803 2330 3869 λοντες.
2350 3802 2634 3876 Ἐπιφὲρει
2659 3803 2768 3876 γὰρ
2793 3802 2889 3856 ὡδί
2910 3820 2922 3833 ο
2952 3821 2971 3855 ι
3010 3803 3123 3858 Kal
3155 3803 3205 3856 oi.
3245 3798 3726 3872 παρεμϐάλλοντες

2131 3895 2360 3969 πρῶτοι,
2402 3893 2546 3949 κατὰ
2591 3893 2879 3960 ἀνατολὰς,
2927 3893 3117 3965 τάγμα
3152 3889 3510 3964 παρεμϐολῆς
3551 3887 3725 3943 Ἰούδα

2131 3988 2230 4042 σὺν
2263 3986 2491 4059 δυνάμει
2516 3986 2719 4050 αὐτῶν,
2748 3986 2845 4040 καὶ
2873 3987 2921 4039 oi
2954 3984 3438 4056 παρεμϐάλλοντες
3472 3981 3723 4054 ἐχόμενοι

2130 4079 2303 4150 φυλῆς
2330 4079 2573 4151 Ἰσάχαρ,
2593 4078 2687 4133 καὶ
2704 4079 2752 4132 οί
2775 4076 3253 4149 παρεμϐάλλοντες
3270 4076 3521 4146 ἐχόμενοι
3545 4074 3725 4144 φυλῆς

2128 4171 2436 4229 Ζαϐουλὼν.
2476 4191 2495 4224 ι
2533 4167 2665 4227 Εἶτα
2692 4171 3061 4245 διαμέμνηται
3108 4169 3423 4242 συμμορίας
3458 4168 3720 4237 δευτέρας

2125 4265 2219 4319 καί
2248 4282 2401 4337 φησι·
2444 4284 2463 4319 ι
2498 4265 2699 4337 Τάγμα
2732 4261 3086 4335 παρεμϐολῆς
3118 4260 3361 4333 Ῥουϐὴμ
3402 4260 3540 4333 πρὸς
3569 4259 3722 4313 νότον

2128 4359 2226 4412 σὺν
2262 4357 2486 4429 δυνάμει
2521 4357 2722 4420 αὐτῶν,
2766 4355 2862 4410 καὶ
2892 4355 2920 4407 ὁ
2952 4353 3135 4424 ἄρχων
3154 4353 3263 4406 τῶν
3292 4353 3425 4406 υἱῶν
3454 4349 3720 4421 Ῥουϐὴμ,

2138 4452 2408 4523 Ἐλισοὺρ,
2443 4450 2560 4516 υίδς
2593 4429 2839 4519 Σεδιούρ,
2882 4445 3112 4519 δύναμις
3140 4445 3307 4500 αὑτοῦ
3344 4447 3394 4499 οἱ
3439 4447 3723 4517 ἐπεσκεμ-

425 4548 484 4597 et
504 4548 960 4598 castrametantes
977 4545 1134 4615 juxta
1169 4561 1298 4620 eum
1326 4562 1395 4601 ex
1422 4547 1572 4602 tribu
1599 4547 1715 4602 Gad
1740 4547 1808 4602 “.
1840 4567 1859 4599 ι
1890 4548 2025 4603 Ter-

2135 4542 2283 4614 μένοι
2314 4540 2374 4609 ἓξ
2395 4541 2495 4611 καί¹
2519 4539 2933 4609 τεσσαράκοντα
2956 4535 3195 4607 χιλιάδες
3224 4535 3320 4589 καὶ
3345 4533 3717 4590 πεντακόσιοι.

425 4629 558 4687 tiam
581 4630 669 4687 his
689 4632 838 4688 illico
862 4635 1098 4691 classem
1114 4636 1382 4707 adjungit,
1403 4637 1597 4693 dicens
1622 4655 1635 4692 :
1663 4657 1682 4689 ι
1705 4637 1917 4709 Agmm
1936 4654 2025 4694 ca-

424 4732 673 4779 strorum
703 4723 971 4795 Ephraim
996 4741 1170 4798 prope
1200 4743 1353 4784 mare
1376 4744 1504 4784 cum
1532 4729 1780 4784 exercitu
1805 4745 2022 4797 eorum,

422 4822 482 4879 et
530 4823 988 4874 castrametantes
1036 4818 1193 4890 juxta
1239 4833 1371 4873 eum
1417 4819 1513 4888 qui
1560 4835 1630 4875 ex
1679 4820 1824 4877 tribu
1874 4821 2021 4879 Ben-

416 4906 594 4977 jamin
631 4907 704 4971 3’,
739 4931 758 4960 ι
787 4908 1011 4977 Quartae
1028 4923 1252 4980 quoque
1296 4910 1488 4967 classis
1528 4913 1794 4969 continuo
1821 4915 2020 4970 memi-

419 5001 525 5068 nit,
563 5003 756 5061 dicens
787 5020 808 5069 ς⁴
836 5021 855 5055 ι
889 5003 1099 5074 Agmen
1126 5010 1437 5058 castrorum
1465 5004 1582 5062 Dan
1608 5004 1676 5061 ad
1706 5007 2021 5077 aquilonem

421 5109 549 5148 cum
574 5094 827 5151 exercitu
860 5108 990 5161 8‘10;
1018 5101 1076 5148 οι
1110 5102 1563 5152 castrametantes
1592 5112 1767 5168 prope
1790 5112 1916 5154 eum
1953 5112 2021 5153 ex

421 5184 576 5244 tribu
613 5186 774 5251 Aser,
815 5193 873 5241 et
912 5191 1373 5243 castrametantes
1406 5203 1577 5259 prope
1607 5203 1733 5245 eum
1771 5205 1838 5245 ex
1871 5188 2016 5244 tribu

415 5272 773 5345 Nephthalim
798 5291 992 5332 omnes
1028 5276 1287 5335 recensiti
1308 5318 1325 5349 ,η
1353 5277 1566 5351 inquit,
1603 5296 1635 5336 c
1671 5282 1871 5336 castris
1899 5280 2017 5336 Dan

418 5373 642 5421 centum
680 5365 1081 5439 quinquaginta
1111 5375 1169 5424 et
1193 5378 1405 5440 septem
1438 5370 1610 5425 millia
1637 5379 1694 5426 et
1725 5371 2005 5434 sexcenti,

417 5458 651 5515 extremi
674 5459 976 5516 movebunt
997 5462 1215 5534 agmina
1235 5479 1335 5521 sua
1353 5464 1422 5521 ⁸³.
1454 5484 1473 5517 ι
1495 5464 1661 5521 Vides
1680 5465 1861 5535 primo
1885 5466 2008 5523 loco

417 5549 658 5626 positum
692 5566 816 5608 esse
852 5552 1070 5620 Iudam,
1102 5566 1159 5613 et
1193 5558 1315 5627 ejus
1346 5559 1546 5624 socios,
1578 5565 1635 5614 et
1664 5560 2004 5630 praecipuum

418 5639 671 5705 habitare
703 5640 886 5697 locum
917 5643 987 5701 ad
1020 5644 1297 5705 orientem
1328 5654 1385 5701 et
1426 5658 1710 5715 austrum;
1742 5663 1870 5704 nam
1908 5653 2005 5721 qui

2127 4634 2242 4691 Kal
2290 4635 2339 4687 οἱ
2386 4628 2869 4704 παρεμϐάλλοντες
2902 4628 3154 4700 ἐχόμενοι
3182 4625 3373 4692 αύτοῦ,
3409 4623 3585 4696 φυλῆς
3612 4624 3719 4678 Συο

2128 4724 2296 4798 μεὼν,
2329 4725 2423 4779 καί
2442 4725 2492 4776 οἱ
2526 4720 3008 4794 παρεμϐάλλοντες
3042 4719 3291 4792 ἐχόμενοι
3319 4716 3507 4782 αὑτοῦ,
3540 4715 3718 4787 φυλῆς

2123 4819 2248 4875 Γάδ.
2285 4838 2302 4870 ι
2324 4817 2435 4871 Kal
2460 4815 2652 4888 τρίτην
2676 4813 2838 4877 εὐθὺς
2858 4808 3440 4882 ἐπισυνάπτείλέγων·
3469 4830 3489 4862 ι
3512 4810 3718 4879 Τάγμα
3820 4814 3829 4821 ’

2123 4907 2480 4981 παρεμϐολῆς
2543 4904 2786 4978 Ἐφραῒμ
2822 4904 2976 4977 παρὰ
3014 4904 3291 4962 Θάλασσαν
3336 4903 3434 4958 σὺν
3483 4903 3717 4975 δυνάμει

2122 4999 2323 5065 αὐτῶν,
2358 4998 2455 5052 καὶ
2479 4999 2529 5051 οἱ
2557 4996 3039 5070 παρεμϐάλλοντες
3076 4996 3328 5071 ἐχόμενοι
3378 4996 3553 5069 φυλῆς
3578 4997 3715 5051 Bev-

2122 5093 2298 5165 ιαμίν.
2340 5110 2359 5143 ι
2405 5092 2517 5147 Kal
2571 5090 2679 5162 μὴν
2725 5088 2820 5144 καὶ
2872 5090 3143 5161 τετάρτης
3191 5088 3506 5162 συμμορίας
3550 5089 3715 5154 εὐθὺς

2118 5184 2488 5257 διαμέμνηται
2516 5184 2715 5253 λέγων,
2758 5201 2776 5234 ι
2809 5182 3011 5254 Τάγμα
3040 5182 3400 5255 παρεμϐολῆς
3425 5182 3534 5236 Α’ὰν
3573 5183 3714 5255 πρὸς

2118 5279 2322 5351 βορρᾶν
2355 5278 2453 5331 σὺν
2493 5276 2722 5347 δυνάμει
2756 5274 2969 5329 αὐτῶν·
3006 5273 3101 5329 καὶ
3142 5276 3189 5327 οἱ
3231 5274 3713 5346 παρεμϐάλλοντες

2117 5369 2365 5441 ἐχόμενοι
2399 5365 2564 5421 αὐτοῦ
2598 5364 2773 5438 φυλῆς
2812 5363 3001 5436 Ἀσὴρ,
3038 5364 3134 5417 καὶ
3159 5365 3207 5418 οἱ
3231 5364 3722 5436 παρεμϐάλλοντες-

2118 5462 2368 5535 ὲχόμενοι
2394 5458 2561 5515 αὑτοῦ
2584 5458 2759 5529 φυλῆς
2781 5456 3123 5529 Νεφθαλεὶμ,
3144 5459 3347 5522 πάντες
3368 5459 3419 5511 οἱ
3436 5459 3636 5511 ἐπεσκε
3645 5476 3710 5529 μ-

2121 5556 2293 5627 μένοι,
2319 5552 2475 5623 φησὶ,
2496 5552 2600 5623 τῆς
2620 5549 2977 5624 παρεμϐολῆς
3001 5548 3129 5616 Δάν,
3152 5551 3349 5604 ἑκατὸν
3370 5550 3707 5621 πεντήκοντα

2115 5648 2211 5703 καὶ
2242 5644 2383 5702 ἑπτὰ
2411 5643 2653 5717 χιλιάδες
2699 5643 2794 5698 καὶ
2833 5640 3129 5711 ἑξακόσιοι,
3172 5642 3391 5715 ἔσχατοι
3447 5641 3706 5716 ὲξαροῦσι

486 5779 865 5858 Ϊ.⁶.Ῑῖειὶ¹;³ἑὶνι
904 5782 977 5858 6;-
1011 5783 1258 5858 3-1)Ψὲ
1283 5801 1439 5858 δῖενι,
1476 5788 1525 5843 6.
1607 5788 1655 5821 ⁷⁸
1688 5788 1831 5846 Psal-
1878 5804 2030 5858 LXXV.

2137 5830 2148 5843 .
2230 5788 2274 5821 τ’
2311 5785 2474 5843 Num.
2509 5801 2569 5852 ιι,
2604 5783 2725 5852 με.
2805 5779 2851 5813 ⁸ο
2876 5781 3017 5841 Ibid.
3055 5783 3175 5840 2-5.
3254 5781 3298 5815 ⁸³
3324 5781 3469 5842 Ibid.
3513 5779 3702 5841 1046i.

419 5853 458 5889 ιτ
481 5849 623 5915 Ibid,
663 5851 851 5919 ιιι-22.
933 5851 980 5886 ⁸³
1011 5852 1148 5918 Ibid.
1179 5853 1383 5919 εἰς-δι.
1418 5936 1419 5939 γ

3639 379 3748 436 ’⁷⁵24
3826 388 3835 397 '
