4118 6502
479 359 586 417 735

1195 358 1283 414 DE
1321 357 1770 416 ADORATIONE
1809 359 1878 416 IN
1915 358 2191 418 SPIRITU
2230 361 2320 417 ET
2357 363 2728 420 VERITATE.
2755 394 2824 403 —-
2862 363 2990 418 LIB.
3033 362 3126 418 XI.

3668 359 3778 413 7‘26

479 477 623 533 κατά
667 477 925 549 τάγματα
959 476 1162 532 αὐτῶν.
1209 495 1227 529 ι
1270 478 1433 550 Ὁρᾷς
1463 479 1545 534 ὅτι
1576 480 1942 551 προτέτακται
1975 480 2075 551 μὲν

2184 480 2234 535 in
2259 480 2480 537 Christo
2513 494 2662 548 sunt,
2693 483 2749 538 in
2785 482 2996 537 lumine
3019 489 3331 546 versantur,
3358 487 3414 536 et
3442 478 3636 549 spiritu
3658 478 3771 532 fcr-

481 567 686 633 Ἰούδας
716 570 811 622 καὶ
833 569 880 621 οί
908 569 1006 622 σὺν
1030 565 1200 640 αὐτῷ,
1220 570 1312 622 καὶ
1340 569 1432 622 τὸν
1449 569 1750 623 ἀπόλεκτον
1771 568 1884 640 ἔχει
1909 569 2074 624 τόπον

480 662 572 714 τὸν
607 659 746 733 πρὸς
774 659 857 731 ἠὼ
894 661 989 714 καὶ
1016 661 1204 728 νότον;
1242 663 1300 714 εν
1339 662 1478 731 φωτὶ
1513 661 1624 733 γὰρ
1667 664 1714 715 oi
1746 663 1804 715 ἐν
1827 660 2071 734 Χριστῷ,

480 753 577 806 καὶ
607 749 686 823 τῷ
716 750 988 823 πνεύματι
1022 748 1256 817 ζέοντες.
1285 750 1550 824 Δεύτερος
1576 749 1882 822 όῬουϐὴμ,
1910 751 2004 805 καὶ
2026 751 2074 804 οί

483 841 783 914 σὺναύτῷ.
827 843 939 897 Καὶ
969 842 1144 914 τρίτοι
1193 842 1295 915 μὲν
1339 843 1504 896 πάλιν
1557 843 1607 896 οἱ
1653 841 1714 908 ἐξ
1761 841 2074 914 ἐλευθέρας.

480 928 615 988 Εἶτα
643 934 785 1006 μετά
824 933 1050 998 τούτους
1093 933 1272 1006 ἕτεροι
1304 935 1474 1006 τρεῖς,
1505 936 1556 988 οἱ
1599 936 1664 989 ὲκ
1704 918 2073 1008 θεραπαινῶν,

481 1029 610 1099 περὶ
629 1023 706 1082 ὧν
729 1029 947 1101 εἴρηται
984 1028 1067 1094 τὸ,
1100 1029 1395 1100 (Ἔσχατοι
1417 1027 1724 1100 ἐξαιροῦσιν.
1761 1046 1781 1080 ι
1817 1023 1947 1100 Ἆρ’
1977 1028 2078 1083 οὐκ

481 1121 715 1194 ἐναργὲς
735 1122 830 1176 καὶ
859 1121 1164 1193 οὐδαμόθεν
1192 1120 1525 1185 ἐνδοιαστὸν,
1557 1120 1640 1174 ὅτι
1678 1121 2077 1192 προτετίμηται

483 1217 579 1272 καὶ
630 1214 1096 1289 προεισκέκληται
1152 1213 1248 1268 τοῦ
1292 1212 1641 1286 πρωτοτόκου
1688 1211 1751 1265 τὸ
1801 1210 2074 1282 δεύτερον,

481 1310 614 1362 τοῦτ
647 1307 787 1376 ἐστι,
826 1308 887 1362 τὸ
927 1311 984 1363 ὲν
1031 1305 1276 1381 Χριστῷ,
1310 1305 1408 1360 καὶ
1456 1304 1567 1360 τῶν
1616 1307 1682 1358 ἐκ
1731 1304 1978 1368 δουλείας
2016 1304 2079 1358 τὸ

482 1399 771 1472 ἐλεύθερον
797 1403 855 1454 ὲν
882 1400 1097 1466 πίστει;
1132 1400 1204 1453 Οίο
1259 1397 1358 1470 μὲν
1405 1397 1514 1470 γὰρ
1558 1397 1821 1468 ἡγοῦνται
1854 1397 1943 1451 διὰ
1986 1396 2079 1450 τὸν

482 1491 544 1559 ἐξ
575 1491 749 1546 Ἰούδα
778 1491 1035 1564 Χριστόν’
1081 1494 1132 1546 oi
1157 1491 1217 1546 δὲ
1245 1491 1478 1546 κατόπιν
1497 1489 1748 1562 ἔρχονται
1777 1489 1950 1561 μόλις,
1983 1489 2079 1542 καὶ

483 1583 561 1648 ὠς
587 1584 646 1637 ὲν
670 1582 906 1655 δευτέρᾳ
933 1581 1210 1637 τέθεινται
1243 1580 1417 1649 τάξει.

555 1675 766 1731 ΠΑΛΛ.
823 1676 1121 1749 Ὀρθότατα
1153 1675 1290 1748 ἔφης
1312 1692 1324 1705 ·
1365 1676 1458 1729 καί
1491 1692 1551 1729 σε
1584 1673 1685 1745 τῆς
1712 1671 1854 1726 οὓτω
1875 1669 2080 1740 λεπτῆς

483 1767 767 1840 ἀγχινοίας
797 1768 1169 1840 ἐπαινέσαιμι.

2177 582 2326 628 vent.
2371 573 2627 630 Secundo
2683 575 2805 630 loco
2838 574 3036 629 Ruben
3065 583 3124 629 et
3157 574 3278 645 ejus
3311 572 3572 638 comites;
3607 570 3772 626 tertio

2177 674 2390 726 rursus,
2415 661 2512 732 qui
2535 677 2566 717 e
2589 661 2767 717 libera
2790 672 2942 728 sunt,
2966 671 3091 733 post
3116 661 3218 718 hos
3239 661 3423 718 caeteri
3451 671 3564 716 tres
3582 675 3650 716 ex
3677 675 3775 716 an-

2179 753 2341 820 cillis,
2371 754 2442 809 de
2464 754 2667 824 quibus
2696 755 2906 811 dictum
2928 765 3015 811 est
3044 774 3057 810 :
3093 775 3112 808 ι
3142 754 3387 811 Extremi
3413 752 3773 825 proﬁciscen-

2178 856 2291 901 tur.
2334 867 2352 899 ι
2391 846 2590 903 Annon
2635 849 2990 919 perspicuum
3021 857 3124 915 est,
3161 865 3224 904 ac
3254 848 3482 903 minime
3515 846 3770 911 dubium,

2178 935 2480 992 antelatum
2502 953 2624 1000 esse
2649 953 2776 994 eum
2805 940 3196 1010 primogenito,
3228 955 3294 996 ac
3317 939 3471 1010 prius
3491 946 3771 1001 vocatum,

2179 1030 2274 1100 qui
2305 1030 2582 1086 secundus
2615 1038 2720 1097 est,
2753 1031 2918 1116 374
2958 1033 3197 1102 populus
3237 1033 3524 1096 nimirum,
3562 1032 3660 1102 qui
3688 1039 3776 1087 est

2179 1123 2236 1178 in
2254 1123 2499 1191 Christo,
2521 1132 2578 1179 et
2606 1125 2845 1187 liberum
2871 1141 2971 1196 per
2995 1124 3160 1180 ﬁdem
3184 1126 3528 1196 propositum
3559 1124 3648 1189 iis,
3675 1123 3773 1194 qui

2179 1231 2211 1271 e
2237 1230 2396 1272 serva
2419 1226 2548 1272 sunt
2568 1217 2717 1272 nati?
2737 1217 2820 1273 Illi
2839 1219 2991 1274 enim
3017 1218 3342 1288 praecedunt
3363 1224 3590 1289 propter
3614 1214 3775 1272 Chri-

2180 1314 2348 1372 stum,
2372 1307 2469 1378 qui
2506 1323 2575 1364 ex
2609 1323 2811 1380 genere
2835 1307 2977 1365 Juda
3009 1316 3174 1364 natus
3205 1316 3320 1376 est;
3361 1309 3420 1364 hi
3444 1323 3576 1364 vero
3611 1307 3705 1363 vix
3742 1324 3774 1363 a

2181 1407 2333 1470 tergo
2358 1409 2692 1470 sequuntur,
2718 1409 2776 1456 et
2798 1401 3041 1457 secundo
3071 1401 3195 1457 loco
3221 1401 3385 1472 positi
3410 1409 3567 1457 sunt.

2252 1671 2450 1728 PALL.
2479 1671 2806 1728 Rectissime
2838 1687 2970 1728 sane
2996 1671 3206 1728 dictum
3232 1680 3337 1737 est,
3376 1688 3438 1726 ac
3462 1679 3608 1726 tuam
3636 1671 3778 1732 adeo

2183 1764 2440 1821 subtilem
2463 1764 2818 1835 prudentiam
2841 1764 3104 1821 admiror.

488 1974 3771 2028 Μ

1077 2186 1479 2316 ΠΕΡΙ
1579 2181 1924 2313 ΤΗΣ
2009 2179 2218 2308 EN
2313 2095 3204 2313 ΠΝΕΥΜΑΤΙ

1764 2442 1955 2532 ΚΑΙ
2027 2391 2525 2532 ΑΛΗΘΕΪΑ

900 2665 2135 2789 ΠΡΟΣΚΥΝΗΣΕΩΣ
2247 2669 2530 2781 ΚΑΙ
2641 2661 3390 2782 ΛΑΤΡΕΙΑΣ

1575 2891 1944 2980 ΛΟΓΟΣ
2035 2885 2734 2978 ΕΝΔΕΚΑΤΟΣ.

558 3248 742 3364 DE
864 3243 1796 3366 ADORATIONE
1913 3242 2098 3356 ET
2232 3237 2718 3358 CULTU
2852 3231 2998 3346 ΙΝ
3129 3228 3709 3346 SPIRITU

1699 3497 1864 3605 ET
1940 3490 2606 3605 VERITATE

1600 3721 1957 3804 LIBER
2043 3715 2793 3802 UNDECIMUS.

487 4063 630 4136 Περὶ
652 4062 1006 4137 ἱερωσύνης,
1037 4060 1138 4144 καί
1173 4060 1505 4144 ότι-τύπος
1522 4058 1602 4134 ἦν
1641 4063 1679 4132 ἡ
1716 4061 1868 4118 κατὰ
1895 4061 2082 4132 νόμον

2188 4059 2351 4131 375
2401 4057 2479 4113 υε
2515 4054 2836 4144 εφςεέτιιιςεξρε
2869 4040 3490 4144 ,ξίέῗεζέοιείὶί.¹ἔῖ.η¹ῗ9ξ¹ίθ
3552 4041 3786 4114 ﬁguram

1036 4133 1149 4203 τῆς
1175 4133 1246 4187 ὲν
1273 4133 1534 4204 Χριστῷ.

560 4270 727 4325 ΚΥΡ.
747 4268 968 4341 Σκηνῆς
992 4269 1090 4341 μὲν
1113 4269 1179 4340 δὴ
1205 4267 1334 4341 πέρι
1357 4268 1580 4324 καὶτῶν
1610 4270 1698 4322 ἐπ’
1721 4268 1860 4341 αὐτῇ
1883 4286 2087 4340 κεχρη-

491 4362 887 4435 σμῳδημένων,
939 4361 1202 4434 ἀποχρῶν
1233 4361 1367 4433 ἡμῖν
1405 4354 1464 4416 εὖ
1514 4360 1663 4432 μάλα
1712 4361 1808 4414 καὶ
1857 4361 2089 4426 ἀστείως

489 4455 660 4523 ἁπεξε
668 4455 864 4527 σμένος
876 4456 956 4519 εἰς
977 4454 1267 4526 ἰσχνότητα
1279 4453 1378 4524 τὴν
1396 4470 1529 4506 πνευ
1538 4453 1775 4524 ματικὴν
1789 4452 2090 4525 ὲκπεποίη-

487 4565 581 4602 ται
606 4547 788 4618 λόγος.
815 4546 1026 4618 Πρέποι
1055 4547 1100 4601 δ’
1119 4545 1205 4611 ἂν,
1226 4544 1302 4610 ὥς
1331 4545 1395 4614 γέ
1425 4562 1516 4616 μοι
1544 4544 1818 4614 φαίνεται,
1844 4546 2089 4619 συνερεῖς

489 4639 547 4694 δέ
583 4655 686 4692 που
721 4638 816 4692 καὶ.
847 4638 1033 4700 αὐτὸς,
1069 4632 1164 4691 οἷδ’
1200 4637 1306 4702 ὅτι,
1355 4635 1466 4690 τῶν
1509 4635 1814 4708 ἱερωσύνης
1846 4635 2090 4706 ἅψασθαι

491 4729 693 4804 γερῶν,
726 4728 850 4783 τίνα
876 4746 936 4783 τε
973 4723 1039 4783 αὖ
1075 4727 1169 4782 τὸν
1214 4726 1420 4800 τρόπον
1450 4725 1539 4780 διὰ
1578 4727 1680 4798 τῆς
1706 4727 1766 4781 ὲν
1795 4726 1955 4798 τύπῳ
1995 4728 2092 4782 καὶ

492 4823 638 4878 κατά
679 4823 844 4893 νόμον
871 4823 904 4893 ἠ
937 4819 1146 4893 ἀληθὴς
1179 4819 1530 4892 σημαίνεται,
1572 4819 1721 4873 τοῦτ’
1763 4819 1932 4888 ἔστιν,
1967 4822 2000 4892 ὴ
2033 4823 2092 4876 ἑν

491 4914 718 4988 Χριστῷ
745 4931 806 4968 τε
837 4915 932 4969 καὶ
961 4913 1028 4967 δι’
1067 4913 1235 4966 αὐτοῦ
1265 4911 1327 4966 τὸ
1369 4911 1516 4984 ἱερὸν
1564 4911 1871 4982 ἀγιάζουσα
1911 4911 2088 4982 γένος,

492 5007 639 5078 φημὶ
661 5005 723 5059 δὲ
764 5005 830 5078 δὴ
871 5003 1036 5058 πάλιν
1068 5004 1196 5068 τοὺς
1238 5005 1297 5058 ὲν
1325 5003 1509 5057 πίστει
1539 5001 2089 5076 λελαμπρυσμένους,

494 5100 591 5153 καὶ
621 5097 722 5171 τὴν
748 5098 830 5162 είς
872 5096 1006 5150 Θεὸν
1051 5096 1364 5168 οἰκειότητα
1402 5095 1875 5166 πεπλουτηκότας,
1914 5095 2002 5151 διά
2027 5112 2091 5166 γε

496 5191 590 5246 τοῦ
630 5191 956 5263 μεταλαχεῖν
992 5189 1149 5258 ἁγίου
1181 5187 1520 5260 Πνεύματος.

567 5282 779 5339 ΠΑΛΛ.
810 5281 1021 5352 Πρέποι
1049 5277 1160 5350 γάρ
1189 5277 1256 5333 ἂν
1285 5279 1382 5332 καὶ
1415 5277 1560 5349 μάλα
1592 5278 1840 5341 εἰκότως.

567 5375 732 5431 ΚΥΡ.
772 5349 1260 5442 Ἀποτελεσθείσης
1308 5371 1374 5442 δὴ
1405 5365 1500 5425 οὖν
1532 5372 1591 5424 ὲν
1624 5371 1817 5442 κόσμῳ
1845 5370 2090 5443 τῷιπρέ-

2510 4126 2670 4197 fuisse
2692 4123 2838 4180 illius
2861 4120 3002 4192 quod
3025 4121 3081 4174 in
3107 4116 3316 4174 Christo
3341 4121 3438 4168 est.

2258 4263 2336 4317 De
2361 4257 2720 4315 tabernaculo
2741 4255 2966 4327 quidem
2988 4261 3045 4310 et
3079 4252 3147 4308 iis
3171 4265 3294 4322 quae
3318 4249 3386 4304 de
3415 4262 3482 4302 eo
3509 4252 3784 4316 praecepta

2189 4361 2339 4419 sunt,
2363 4365 2546 4409 sermo
2577 4367 2608 4406 a
2638 4349 2801 4405 nobis
2828 4347 2962 4404 satis
3001 4345 3198 4417 plenus
3227 4348 3313 4397 est
3339 4337 3584 4401 habitus,
3621 4345 3678 4390 et
3716 4334 3784 4389 ad

2191 4444 2533 4518 spiritualem
2560 4442 2920 4500 subtilitatem
2941 4437 3224 4508 eleganter
3246 4431 3542 4504 expolitus.
3565 4429 3662 4484 Est
3691 4443 3787 4483 au—

2192 4545 2302 4594 tem
2328 4549 2694 4607 consequens,
2723 4539 2785 4587 ut
2807 4530 2945 4585 mihi
2977 4527 3202 4600 quidem
3230 4523 3474 4588 videtur,
3506 4529 3670 4590 teque
3703 4533 3788 4573 as-

2191 4647 2484 4692 sensurum
2527 4635 2682 4686 certo
2709 4625 2846 4690 scio,
2890 4622 2958 4679 ad
2997 4616 3292 4677 sacerdotii
3331 4628 3566 4670 munera
3609 4610 3786 4682 expli-

2191 4725 2366 4783 canda
2397 4721 2664 4787 transire;
2696 4731 2877 4790 quove
2902 4713 3066 4770 modo
3086 4727 3187 4783 per
3210 4707 3562 4782 ﬁgurativum
3591 4703 3783 4776 legale,

2190 4833 2383 4874 verum
2413 4814 2775 4888 signiﬁcetur,
2809 4808 3076 4866 nimirum
3104 4803 3262 4868 illud,
3297 4800 3445 4872 quod
3476 4799 3532 4853 in
3565 4796 3788 4853 Christo

2191 4917 2297 4976 est,
2327 4917 2385 4965 et
2410 4923 2509 4979 per
2531 4905 2813 4963 Christum
2841 4916 3013 4974 genus
3041 4896 3176 4953 illud
3215 4909 3431 4951 sacrum
3460 4889 3763 4948 sanctiﬁcat
3782 4923 3798 4950 ,

2192 5017 2308 5068 eos,
2342 5003 2590 5072 inquam,
2617 4998 2712 5070 qui
2734 4996 2863 5052 ﬁdei
2886 4993 3134 5050 claritate
3159 4998 3288 5044 sunt
3316 4987 3579 5049 illustres,
3606 4999 3669 5039 ac
3689 4982 3786 5037 Dei

2193 5093 2641 5164 conjunctionem
2669 5105 2768 5160 per
2809 5087 3050 5158 Spiritus
3081 5081 3256 5139 sancti
3300 5076 3786 5152 participationem

2194 5185 2496 5242 consecuti.

2264 5275 2463 5333 PALL.
2494 5275 2854 5343 Consequens
2879 5287 3032 5335 vero,
3062 5285 3125 5325 ac
3150 5269 3275 5340 jure
3304 5264 3514 5337 Optimo
3541 5261 3784 5333 quidem.

2268 5368 2436 5441 376
2452 5366 2612 5423 CYR.
2635 5365 2810 5437 Igitur
2827 5404 2840 5428 ,
2871 5378 3028 5418 sacro
3051 5361 3144 5416 illo
3174 5355 3530 5415 tabernaculo
3551 5369 3677 5410 cum
3698 5353 3792 5407 de-

497 5482 654 5520 ποντι
687 5465 790 5534 τῆς
837 5462 1002 5532 ἀγίας
1038 5434 1265 5532 σκηνῆς,
1299 5434 1395 5515 καὶ
1426 5462 1508 5525 είς
1551 5457 1690 5525 εἶδος
1721 5434 2082 5534 ἐνηνεγμένης

2199 5434 2358 5514 centi
2373 5434 2571 5510 o'rnatu
2597 5434 2708 5524 jam
2734 5452 3008 5518 absoluto,
3032 5450 3412 5522 perductoque
3440 5445 3509 5502 ad
3531 5460 3653 5500 eam
3683 5442 3794 5498 for-

495 5559 560 5614 τὸ
587 5559 645 5612 ὲν
677 5555 757 5626 τῷ
791 5555 911 5628 ὄρει
941 5553 1305 5626 παραδειχθὲν
1332 5553 1413 5625 τῷ
1444 5553 1719 5626 θεσπεσίῳ
1763 5555 1960 5626 Μωσῇ,
1996 5555 2082 5628 τὴν

2192 5567 2340 5607 mam
2377 5563 2499 5621 quae
2516 5548 2573 5602 in
2598 5554 2784 5602 monte
2803 5543 3160 5600 lueratbeato
3175 5541 3345 5614 Moysi
3359 5549 3794 5602 ostensa,sacer—

497 5651 607 5706 τῶν
663 5625 856 5724 ἱερέων
905 5625 1177 5712 ἀνάδειξιν
1233 5647 1474 5700 ἐποιεῖτο
1524 5625 1699 5714 Θεὸς,
1735 5647 1832 5702 καὶ
2000 5625 2082 5701 καλ

2194 5643 2352 5699 dotes
2367 5641 2620 5712 designat
2633 5639 2780 5694 Deus
2807 5655 2818 5691 :
2844 5637 3027 5706 itaque
3043 5631 3123 5689 ait
3149 5651 3162 5688 :
3190 5649 3208 5685 ‹
3235 5633 3305 5688 Ει
3323 5640 3402 5697 ιιι,
3422 5629 3636 5701 applica
3651 5625 3719 5681 ad
3738 5632 3791 5679 to

499 5718 729 5815 ἔφασκε,
765 5763 784 5798 ι
829 5745 939 5800 Καὶ
971 5744 1036 5797 σὺ
1082 5741 1610 5815 προσαγάγουπρὸς
1661 5740 1852 5795 ἑαυτὸν
1893 5718 1985 5795 τόν
2034 5757 2082 5796 τε

2195 5736 2401 5802 Aaron,
2439 5733 2664 5789 fratrem
2701 5739 2878 5795 tuum,
2910 5737 2967 5786 et
2993 5727 3138 5783 ﬁlios
3159 5736 3279 5798 ejus
3312 5724 3381 5780 de
3424 5722 3554 5778 ﬁliis
3597 5718 3789 5779 Israel.

518 5812 731 5911 ’λαρὼν
768 5837 859 5900 τὸν
889 5812 1141 5907 ἀδελφόν-
1169 5852 1260 5890 σου
1314 5833 1407 5892 καὶ
1437 5812 1562 5899 τοῦς
1596 5833 1746 5899 υἱοὺς
1795 5831 1960 5888 αὐτοῦ
2031 5833 2082 5888 tu

2199 5836 2258 5887 ut
2297 5825 2606 5886 sacerdotio
2637 5823 2951 5912 iungantur
2979 5820 3153 5879 mihi.
3206 5819 3385 5878 Aaron
3430 5824 3485 5872 et
3514 5812 3700 5870 Nadab
3727 5818 3779 5866 et
