4118 6504
336 410 437 464 7;Π

1361 400 1416 455 S.
1456 396 1737 455 CYRILLI
1771 391 2247 450 ALEXANDRINI
2276 394 2594 452 ARCHIEP.

3495 388 3601 446 7‘28

336 524 518 582 Abiud
555 532 611 579 et
645 523 891 586 Eleazar,
922 526 978 575 et
1018 518 1259 573 Ithamar
1284 513 1425 569 ﬁlios
1449 514 1634 569 Aaron
1659 513 1726 569 “.
1760 532 1777 564 ι
1809 511 1923 567 No-

2042 510 2140 564 εῶν
2177 509 2304 565 υἱῶν
2339 512 2557 584 Ἰσραὴλ
2590 510 2887 585 ἱερατεύειν
2908 527 3021 585 μοι,
3050 508 3265 583 Ἀαρὼν
3290 506 3386 562 καὶ
3412 505 3601 560 Ναδαϐ

339 614 590 671 minatim
614 613 782 684 igitur
800 609 960 667 electi
988 608 1066 662 illi
1094 605 1199 662 viri
1223 614 1352 661 sunt
1393 604 1462 660 ad
1484 602 1776 659 sacerdotii
1803 615 1925 655 mu-

338 718 446 761 nus
467 704 667 760 vocati.
704 721 722 754 ι
754 702 942 771 Neque
977 698 1124 755 enim
1173 697 1279 753 sibi
1305 697 1595 768 quisquam
1623 693 1792 751 sumit
1818 692 1923 748 ho-

340 806 565 857 norem,
606 790 703 847 sed
735 790 828 861 qui
880 797 1109 844 vocatur
1147 803 1179 843 a
1222 788 1369 854 Deo,
1418 806 1436 839 ι
1470 787 1613 842 sicut
1656 785 1924 855 scriptum

338 887 424 935 est
458 880 525 932 ³⁸.
552 878 723 949 Igitur
758 876 826 930 ad
856 874 1153 931 sacerdotii
1183 890 1407 939 munus,
1438 872 1586 944 quod
1618 887 1649 926 a
1688 871 1802 925 Deo
1825 869 1925 925 de-

339 966 535 1032 fertur,
560 980 657 1021 sua
679 975 873 1037 sponte
893 965 1119 1021 accedat
1139 979 1325 1027 nemo,
1344 963 1462 1029 sed,
1480 971 1543 1017 ut
1566 968 1812 1024 vocetur,
1833 975 1926 1014 ex-

340 1068 576 1131 spectet;
606 1059 833 1131 alioqui,
876 1059 922 1114 si
962 1058 1153 1114 divino
1183 1056 1445 1128 suﬁ‘ragio
1484 1054 1712 1110 minime
1744 1052 1923 1106 tribu-

344 1160 459 1207 tum
491 1166 685 1222 rapere
718 1151 1036 1214 tentaverit,
1079 1151 1136 1204 in
1169 1148 1413 1214 easdem,
1449 1161 1588 1218 quas
1617 1145 1830 1200 Dathan
1873 1151 1930 1199 et

339 1243 568 1309 Abiron,
603 1259 795 1314 poenas
830 1244 1055 1299 incidet.
1083 1243 1273 1312 Neque
1298 1256 1429 1296 vero
1462 1239 1562 1295 tibi
1600 1237 1806 1293 mirum
1836 1236 1924 1291 vi—

340 1332 462 1390 deri
490 1334 677 1400 debet,
703 1334 750 1390 si
788 1334 895 1389 hoc
920 1335 1119 1405 ipsum,
1144 1340 1337 1403 sponte
1363 1347 1421 1387 se
1444 1330 1700 1403 ingerere
1746 1329 1805 1383 in
1827 1343 1927 1384 no-

344 1425 449 1491 bis,
480 1424 781 1480 absurdum
806 1440 871 1481 ac
912 1433 1072 1494 turpe
1115 1424 1207 1489 sit,
1238 1421 1461 1493 quando
1493 1421 1660 1476 etiam
1702 1418 1771 1473 de
1809 1417 1931 1487 ipso

343 1515 566 1571 Christo
589 1517 784 1571 scribit
808 1516 1011 1571 Paulus
1042 1532 1055 1568 :
1089 1533 1106 1566 ι
1139 1514 1259 1569 Non
1283 1512 1641 1582 semetipsum
1667 1507 1933 1565 clariﬁca-

342 1609 444 1672 vit,
478 1616 540 1662 ut
572 1607 821 1678 pontifex
852 1606 1028 1672 ﬁeret,
1060 1604 1155 1661 sed
1188 1603 1282 1674 qui
1313 1604 1530 1658 locutus
1557 1609 1642 1657 est
1666 1599 1736 1654 ad
1760 1614 1887 1653 eum
1915 1615 1927 1651 :

347 1697 427 1753 Tu
455 1713 516 1754 es
544 1699 801 1754 sacerdos
822 1698 878 1753 in
899 1705 1167 1754 aeternum
1189 1695 1491 1751 secundum
1515 1693 1765 1749 ordinem
1797 1690 1932 1746 Mel-

292 1824 295 1825 ν
346 1791 641 1847 chisedech
673 1793 741 1846 ⁸⁸.
775 1811 793 1844 ι
824 1791 968 1862 Ergo
1000 1788 1325 1855 vocationis,
1355 1804 1463 1859 qua
1485 1786 1740 1843 Christus
1767 1798 1933 1841 voca-

349 1892 439 1939 tus
462 1898 584 1939 esse
605 1883 829 1950 dicitur,
861 1856 1040 1954 imago
1062 1889 1147 1937 est
1165 1924 1179 1948 ,
1205 1880 1351 1951 quod
1373 1856 1447 1935 ad
1473 1879 1694 1950 Moysen
1720 1875 1934 1947 sapien—
1965 1856 2007 1911 Β

350 1981 436 2030 ter
458 1984 544 2030 est
569 1974 776 2030 dictum
808 1991 823 2027 :
854 1992 873 2025 ι
895 1974 965 2028 Ει
989 1981 1069 2040 ιιι,
1094 1972 1307 2044 applica
1337 1971 1405 2026 ad
1445 1980 1498 2025 te
1527 1971 1707 2040 ipsum
1750 1969 1934 2023 Aaron

349 2064 578 2122 fratrem
597 2075 775 2133 tuum,
799 2073 854 2122 et
877 2065 1021 2121 ﬁlios
1042 2066 1181 2137 ejus.
1210 2083 1229 2116 ι
1255 2063 1393 2119 Nam
1414 2061 1570 2128 illud,
1598 2080 1616 2114 ι
1645 2060 1877 2131 applica,
1909 2077 1927 2109 ι

348 2155 484 2226 quid
515 2156 684 2221 aliud,
708 2170 892 2226 quam,
918 2155 1154 2226 adjunge
1180 2162 1345 2225 atque
1367 2152 1573 2208 advoca
1596 2193 1611 2219 ,
1634 2149 1936 2221 signiﬁcat?

352 2245 590 2302 Vocatus
618 2253 705 2301 est
747 2254 930 2301 autem
968 2244 1224 2303 Christus
1268 2253 1530 2315 tanquam
1560 2242 1630 2297 ad
1660 2240 1938 2313 pontiﬁcis

349 2352 552 2392 munus
576 2352 677 2408 per
699 2338 1041 2393 voluntatem
1069 2338 1287 2404 Patris;
1321 2336 1483 2392 simul
1512 2343 1697 2391 autem
1724 2349 1848 2390 cum
1870 2348 1939 2388 eo

348 2427 755 2497 quodammodo
787 2429 988 2492 vocati,
1020 2436 1521 2499 cooperatoresque
1557 2424 1722 2480 oﬁicii
1751 2439 1937 2481 sacer-

349 2520 552 2576 dotalis
583 2519 767 2576 eﬁ'ecti
806 2530 938 2577 sunt
980 2521 1148 2576 etiam
1186 2520 1362 2576 sancti
1406 2519 1484 2574 illi
1516 2516 1794 2588 discipuli.
1830 2516 1938 2572 Ita-

347 2627 457 2682 que
483 2612 649 2667 etiam
686 2621 877 2683 aperte
906 2612 1167 2668 dicebant
1195 2630 1207 2666 :
1246 2630 1263 2663 ι
1304 2610 1403 2666 Dei
1429 2617 1817 2680 cooperatores
1843 2622 1939 2663 su-

350 2718 476 2758 mus
504 2703 568 2756 ⁸⁷.
606 2722 624 2754 ι
654 2701 887 2758 Omnem
920 2711 1183 2774 praterea
1217 2703 1408 2759 orbem
1436 2709 1710 2757 terrarum
1739 2700 1941 2757 circui-

351 2796 505 2860 baut,
537 2793 912 2850 sacriﬁcantes
938 2796 994 2850 in
1033 2795 1290 2866 gentibus
1325 2794 1682 2865 Evangelium
1714 2792 1940 2849 Christi.

350 2886 614 2954 Quamvis
640 2886 789 2941 enim
815 2887 995 2942 vocati
1026 2888 1136 2942 sint
1174 2887 1252 2941 illi
1282 2887 1506 2958 quidem
1535 2901 1635 2957 per
1662 2884 1943 2942 Christum

351 2978 421 3035 ad
462 2978 849 3049 apostolatum,
890 2979 1057 3049 idque
1089 2978 1377 3034 verissime
1416 2977 1654 3042 dicatur,
1698 2983 1820 3031 erat
1860 2983 1943 3030 ta-

353 3087 482 3126 men
522 3071 575 3126 id
615 3086 844 3142 prorsus
872 3084 941 3124 ex
965 3069 1247 3125 voluntate
1274 3069 1454 3125 Patris
1482 3087 1495 3122 :
1525 3084 1634 3123 una
1678 3075 1764 3122 est
1795 3065 1943 3121 enim

2023 601 2120 658 καὶ
2164 602 2398 666 Ἀδιοὺδ,
2431 606 2526 658 καὶ
2566 604 2850 677 Ἐλεάζαρ,
2891 605 2986 659 καὶ
3029 604 3257 675 Ἰθάμαρ
3296 602 3443 663 υἱοὺς
3474 599 3605 653 ‘Aa-

2026 696 2156 768 ρών.
2204 717 2223 751 ι
2279 698 2575 770 Ὀνομαστὶ
2616 698 2714 769 μὲν
2752 693 2845 752 οὖν
2879 698 2929 751 οἱ
2974 696 3266 751 ἀπόλεκτοι
3306 694 3602 764 κέκληνται

2025 788 2163 859 πρὸς
2214 789 2547 862 ἱερουργίαν.
2587 808 2606 841 ι
2649 789 2724 843 Οὐ
2757 789 2865 861 γὰρ
2894 789 3072 859 ἑαυτῷ
3092 805 3175 852 τις
3205 785 3472 857 λαμϐάνει
3504 784 3604 852 τὴν

2024 881 2213 956 τιμὴν,
2263 883 2380 937 ἀλλ’
2418 884 2447 937 6
2477 881 2811 953 καλούμενος
2838 879 2943 935 ὑπὸ
2978 879 3073 938 τοῦ
3113 878 3271 943 Θεοῦ,
3310 897 3329 930 ι
3373 875 3521 931 κατά
3543 874 3606 929 τὸ

2027 974 2432 1047 γεγραμμένον.
2466 977 2593 1028 Ἴτω
2616 974 2682 1045 δὴ
2721 970 2814 1028 οὖν
2849 971 3149 1045 αὐτόμολος
3185 974 3281 1043 μὲν
3318 969 3506 1042 μηδεὶς
3525 970 3607 1035 εἱς

2028 1067 2089 1121 τὺ
2116 1066 2418 1138 ἱερατεύειν
2450 1065 2529 1137 τῷ
2552 1065 2694 1137 Θεῷ,
2725 1066 3068 1137 πριμενέτω
3095 1063 3151 1118 δὲ
3180 1063 3392 1133 κλῆσιν,
3413 1061 3607 1132 ῆγουν,

2031 1159 2298 1231 ἁρπάζειν
2330 1159 2649 1231 ἐπιχειρῶν,
2685 1158 2714 1212 ὃ
2752 1159 2827 1231 μὴ
2852 1159 2976 1222 ταῖς
3007 1156 3214 1213 ἀνωθεν
3245 1155 3357 1227 ἔχει
3384 1153 3608 1225 ψήφοις,

2028 1250 2124 1323 τὴν
2153 1251 2331 1306 Δαθάν
2355 1269 2414 1306 τε
2441 1250 2537 1309 κα)⁵
2576 1250 2844 1323 Ἀὅειρὼν
2873 1250 3062 1321 ὑφέξει
3084 1248 3264 1319 δίκην.
3295 1246 3409 1301 Καὶ
3450 1246 3613 1317 μήτοι

2035 1342 2324 1415 θαυμάσῃς
2352 1345 2401 1398 εἰ
2432 1344 2495 1398 τὸ
2520 1344 2816 1415 αὐτόμολον
2840 1344 2924 1413 ἐφ’
2958 1343 3116 1413 ἡμῶν
3149 1338 3380 1395 ἔκτοπόν
3406 1354 3465 1390 τε
3516 1335 3614 1390 καὶ

2030 1437 2286 1502 ἀκαλλὲς,
2331 1438 2421 1491 ὅτε
2469 1437 2566 1491 καὶ
2607 1438 2735 1508 περὶ
2777 1430 2947 1490 αὐτοῦ
2991 1434 3088 1488 τοῦ
3138 1430 3380 1505 Χριστοῦ
3408 1430 3620 1501 γράφει

2032 1526 2264 1591 Παῦλος,
2302 1544 2321 1577 ι
2360 1526 2471 1597 Οὐχ
2504 1526 2698 1580 ἑαυτὸν
2747 1524 2969 1590 ἐδόξατε
2996 1522 3297 1593 γενηθῆναι
3324 1517 3613 1592 ἀρχιερέα,

2031 1619 2146 1674 ἀλλ’
2168 1621 2197 1673 6
2220 1618 2463 1690 λαλήσας
2486 1618 2621 1690 πρὸς
2651 1618 2834 1684 αὐτὸν,
2884 1617 2956 1671 Σὺ
2988 1616 3169 1688 ἱερεὺς
3200 1616 3279 1678 εἱς
3317 1611 3408 1667 τὸν
3442 1609 3617 1667 αἰῶνα

2034 1710 2177 1766 κατά
2202 1710 2301 1781 τὴν
2332 1709 2487 1775 τάξιν
2514 1708 2870 1779 Μελχισεδέκ.
2910 1726 2929 1760 ι
2962 1707 3220 1779 Κλήσεως
3247 1700 3340 1758 οὖν
3378 1702 3487 1774 ἄρα
3513 1701 3618 1770 τῆς

2035 1805 2128 1859 ἐπὶ
2182 1802 2406 1876 Χριστῷ
2454 1803 2756 1874 λεγομένης
2785 1800 2948 1856 εἰκὼν
2978 1801 3045 1855 ἂν
3081 1801 3167 1870 εἴη
3201 1797 3361 1852 πάλιν
3389 1795 3450 1849 τὸ
3482 1794 3620 1864 πρὸς

2035 1893 2234 1948 Μωσέα
2266 1892 2446 1963 σοφῶς
2484 1893 2794 1965 εἰρημένον,
2826 1910 2845 1943 ‹
2885 1892 2995 1945 Kal
3018 1890 3083 1944 σὺ
3102 1888 3454 1961 προσαγάγου
3481 1882 3621 1956 πρὸς

2037 1985 2232 2041 ἑαυτὸν
2254 1984 2352 2063 τόν
2372 2001 2431 2037 τε
2462 1983 2676 2055 Ἀαρὼν
2692 1984 2785 2038 τὸν
2806 1981 3034 2052 ἀδελφόν
3059 1997 3176 2044 σου,
3202 1978 3443 2041 καὶτοὺς
3471 1978 3623 2040 υἱοὺς

2036 2076 2221 2133 αὐτοῦ.
2271 2096 2290 2130 ι
2342 2077 2416 2131 Τὸ
2463 2076 2572 2148 γὰρ
2605 2095 2626 2130 ι
2683 2075 3057 2148 προσαγάγοι),
3095 2093 3115 2127 ι
3163 2072 3217 2126 τί
3249 2071 3437 2142 ἕτερον
3471 2068 3623 2140 ἢτὸ,

2036 2167 2317 2222 οἱκείωσαί
2359 2183 2417 2221 τε
2474 2169 2570 2221 καὶ
2623 2166 2949 2240 προσκάλει,
2997 2164 3178 2237 δηλοῖς
3221 2162 3502 2233 Κέκληται
3562 2158 3625 2217 δὲ

2038 2263 2227 2334 ὥσπερ
2249 2262 2329 2324 εἱς
2349 2260 2610 2332 ἀρχιερέα
2642 2258 2880 2330 Χριστὸς
2924 2256 3015 2311 διὰ
3042 2255 3234 2327 βουλῆς
3254 2253 3349 2308 τοῦ
3384 2252 3620 2323 Πατρός.

2039 2353 2449 2425 Συγκέκληνται
2483 2352 2541 2406 δὲ
2567 2352 2769 2425 τρόπον
2798 2349 2921 2405 τινὰ
2946 2348 3095 2420 αὐτῷ
3137 2349 3232 2402 καὶ
3264 2340 3523 2417 συνεργοϊ
3541 2342 3627 2395 τέ-

2041 2447 2245 2502 θεινται
2276 2445 2413 2518 πρὸς
2450 2444 2763 2517 ἱερουργίαν
2817 2442 2912 2496 καὶ
2944 2443 2993 2495 οἱ
3040 2439 3321 2493 θεσπέσιοι
3358 2434 3621 2507 μαθηταί.

2041 2538 2329 2611 Τοιγάρτοι
2360 2537 2453 2591 καὶ
2483 2535 2780 2609 διαρρήδην
2803 2535 3065 2604 ἔφασκον,
3100 2551 3119 2585 ι
3158 2530 3296 2585 Θεοῦ
3320 2530 3430 2598 γάρ
3456 2530 3626 2597 ἐσμεν

2044 2631 2325 2702 συνεργοίο
2381 2648 2400 2682 ›
2455 2627 2816 2699 περιεφοίτων
2849 2625 2906 2679 δὲ
2952 2619 3019 2679 αὖ
3074 2622 3170 2677 καὶ
3199 2621 3301 2694 τὴν
3349 2620 3439 2690 ὐφ’
3469 2616 3625 2688 ἥλιον

2043 2724 2245 2786 πᾶσαν,
2308 2718 2720 2792 ἱερουργοῦντες
2772 2719 2853 2781 εἰς
2899 2717 2969 2771 τὰ
3015 2715 3142 2787 ἔθνη
3194 2714 3255 2767 τὸ
3295 2708 3627 2779 Εύαγγέλιον

2042 2812 2305 2887 Χριστοῦ.
2363 2811 2675 2883 Κέκληνται
2735 2810 2836 2881 μὲν
2891 2808 3002 2878 γὰρ
3048 2809 3130 2870 εἱς
3176 2801 3482 2873 ἀποστολὴν
3537 2799 3627 2853 διά

2044 2906 2304 2981 Χριστοῦ,
2336 2904 2431 2961 καὶ
2465 2902 2674 2976 ἀληθὴς
2705 2904 2733 2955 6
2761 2903 2944 2971 λόγος.
2991 2899 3131 2953 Ἀλλ’
3171 2893 3241 2970 ῆν
3271 2913 3375 2951 που
3406 2895 3629 2958 πάντως

2043 3000 2107 3055 τδ
2138 3000 2327 3073 χρῆμα
2348 2998 2442 3052 καὶ
2470 2996 2605 3051 αὐτὸ
2636 2995 2862 3067 θελητδν
2900 2992 2980 3065 τῷ
3008 2990 3186 3064 Πατρί
3204 3007 3217 3022 ’
3251 2989 3350 3060 μία
3396 2987 3504 3058 γὰρ
3540 2986 3626 3054 ἐφ’

2047 3094 2220 3149 ἀπασι
2261 3094 2375 3154 τοῖς
2422 3087 2720 3162 δρωμένοις
2751 3088 2784 3157 ή
2814 3086 3016 3155 ψῆφος,
3046 3084 3130 3138 ὅτι
3173 3082 3269 3136 καὶ
3320 3079 3483 3151 βουλὴ
3533 3078 3629 3131 καὶ

354 3164 415 3218 in
440 3164 899 3240 omnibus,_quat
949 3170 1253 3235 geruntur,
1302 3162 1587 3232 utriusque
1634 3158 1939 3223 sententia,

2048 3180 2208 3250 σοφία
2241 3178 2336 3233 καὶ
2390 3158 2608 3246 θέλησις
2657 3174 2754 3229 τοῦ
2795 3173 3009 3245 Πατρὸς
3085 3173 3115 3226 6
3150 3170 3300 3235 Υίός.
3351 3165 3561 3223 Οὐκοῦν
3599 3168 3630 3220 6

354 3258 560 3330 quippe
589 3273 714 3313 cum
745 3258 925 3322 Patris
952 3264 1010 3315 et
1040 3258 1331 3315 consilium
1365 3265 1423 3312 et
1452 3256 1723 3333 sapientia
1759 3262 1816 3311 et
1840 3269 1940 3311 vo-

355 3351 540 3406 luntas
566 3351 638 3405 sit
667 3351 859 3407 Filius.
894 3351 991 3406 Est
1017 3350 1186 3421 igitur
1218 3349 1402 3404 Aaron
1429 3349 1635 3405 Christi
1666 3348 1860 3420 ﬁgura,
1889 3355 1945 3422 et

356 3442 511 3498 illius
548 3444 866 3510 sacerdotii,
896 3443 1044 3515 quod
1075 3443 1129 3497 in
1166 3444 1365 3514 spiritu
1394 3450 1451 3497 et
1473 3442 1706 3501 veritate
1736 3440 1944 3497 intelli-

358 3535 527 3606 gitur,
570 3536 819 3607 quaedam
854 3544 917 3591 ut
964 3537 1021 3593 in
1072 3538 1285 3593 umbris
1318 3538 1499 3593 adhuc
1530 3536 1948 3593 obscurioribus

359 3626 730 3698 praesignatio.
777 3627 1170 3684 Animadverte
1215 3638 1398 3684 autem
1423 3628 1609 3700 juberi
1656 3628 1848 3700 Moysi,
1889 3636 1950 3683 ut

360 3719 600 3789 applicet
637 3718 705 3773 ad
735 3734 794 3774 se
824 3719 1040 3801 Aaron;
1088 3720 1306 3775 inﬁrma
1335 3721 1482 3776 enim
1515 3728 1601 3775 est
1635 3721 1724 3775 lex
1751 3726 1809 3775 et
1843 3720 1949 3781 im-

360 3807 627 3878 perfecta,
653 3808 699 3863 si
729 3823 761 3862 a
789 3807 1012 3864 Christo
1036 3807 1371 3880 disjungitur
1402 3826 1416 3862 :
1450 3827 1468 3860 ‹
1501 3807 1846 3879 Impossibile
1867 3814 1952 3863 est

362 3899 512 3954 enim
541 3899 805 3971 sanguine
835 3907 1119 3956 taurorum
1158 3907 1215 3955 et
1246 3902 1530 3956 hircorum
1574 3900 1777 3956 auferri
1818 3916 1950 3972 pec-

365 4000 484 4049 cata
526 3991 592 4054 ’3.
623 3992 834 4063 r377
860 3992 1115 4050 Christus
1147 4003 1332 4051 autem
1370 4009 1537 4049 unam
1567 4008 1669 4065 pro
1694 4002 1950 4063 peccato-

364 4083 521 4139 ribus
543 4097 670 4139 cum
694 4083 993 4143 obtulisset
1020 4085 1276 4151 hostiam,
1301 4087 1701 4140 consummavit
1721 4086 1775 4140 in
1805 4099 1954 4141 sem-

366 4177 645 4248 piternum
693 4178 1080 4234 sanctiﬁcatos.
1131 4177 1318 4234 Sciant
1351 4177 1521 4249 igitur
1564 4176 1659 4248 qui
1704 4176 1954 4232 umbram

364 4269 550 4331 adhuc
588 4277 647 4326 et
673 4269 915 4337 litteram
962 4270 1229 4343 diligunt,
1276 4278 1333 4327 et
1383 4269 1635 4327 Mosaicis
1685 4269 1957 4325 mandatis

2058 3271 2267 3344 Ἀαρὼν
2298 3269 2470 3334 τύπος
2492 3268 2559 3326 ἂν
2593 3268 2677 3341 εἴη
2728 3265 2990 3338 Χριστοῦ,
3023 3267 3116 3320 καὶ
3142 3268 3243 3337 τῆς
3269 3266 3327 3319 έν
3358 3259 3632 3334 πνεύματί

2045 3383 2105 3419 τε
2137 3365 2232 3419 καὶ
2266 3361 2496 3433 ἀληθείᾳ
2524 3359 2826 3431 νοουμένης
2854 3359 3175 3431 ἱερωσύνης,
3203 3355 3365 3411 οἱονεὶ
3395 3353 3636 3426 προανά-

2046 3457 2230 3523 δειξις,
2264 3455 2340 3519 ὡς
2374 3455 2432 3508 έν
2467 3454 2648 3515 σκιαῖς
2674 3451 2755 3504 ἔτι
2785 3452 2906 3512 ταῖς
2945 3448 3363 3523 ἀμυδροτέραις.
3387 3448 3552 3511 Σύνες
3575 3446 3636 3498 δὲ

2049 3554 2130 3606 ὅτι
2184 3545 2581 3620 προστάττεται
2615 3539 3307 3617 Μωσῆςπροσαγαγέσθαι
3334 3538 3472 3610 πρὸς
3505 3539 3635 3591 έαυ-

2050 3643 2139 3697 τὸν
2167 3642 2259 3695 τόν
2305 3656 2368 3694 τε
2419 3635 2629 3709 Ἀαρών
2648 3653 2662 3668 ο
2700 3633 2932 3707 ἀσθενὴς
2954 3634 3063 3703 γάρ
3111 3650 3228 3695 πως
3261 3630 3358 3686 καὶ
3390 3630 3585 3699 ἀτελὴς
3608 3630 3640 3682 6

2050 3736 2234 3805 νόμος,
2259 3733 2308 3786 εἱ
2338 3731 2434 3784 καὶ
2455 3726 2874 3796 ἀπονοσφίζοιτο
2898 3723 2992 3779 τοῦ
3012 3722 3273 3796 Χριστοῦ.
3297 3741 3315 3775 ι
3351 3720 3639 3775 Ἀδύνατον

2052 3827 2162 3899 γάρ
2193 3819 2334 3896 αἷμα
2366 3822 2587 3894 ταύρων
2621 3820 2716 3875 καὶ
2744 3812 2966 3891 τράγων
2996 3817 3250 3888 ἀφαιρεῖν
3275 3812 3575 3885 ἁμαρτίας.
3616 3829 3634 3861 ι

2053 3918 2289 3992 Χριστὸς
2316 3914 2374 3968 δὲ
2411 3912 2540 3985 μίαν
2571 3910 2716 3982 ὑπὲρ
2750 3906 3097 3980 ἁμαρτωλῶν
3140 3905 3515 3979 προσενέγκας
3545 3902 3642 3958 θυ-

2057 4014 2197 4078 σίαν,
2225 4007 2580 4064 τετελείωκεν
2608 4005 2688 4067 εἱς
2722 4002 2783 4056 τὸ
2808 3999 3055 4071 διηνεκὲς
3073 3999 3201 4063 τοὺς
3221 3995 3640 4069 ἁγιαζομένους.

2059 4106 2326 4160 ’Ῑστωσαν
2352 4099 2418 4171 δὴ
2458 4093 2550 4153 οὖν
2592 4097 2641 4150 οἱ
2675 4095 2834 4159 σκιᾶς
2867 4092 2947 4146 ἔτι
2984 4093 3080 4146 καὶ
3112 4090 3440 4162 γράμματος
3472 4088 3640 4159 φίλοι,

2056 4193 2154 4249 καὶ
2183 4188 2498 4248 Μωσαῖκῶν
2527 4183 2880 4256 ένταλμάτων
2910 4178 3316 4252 κατηξιωμένοι
3346 4177 3445 4251 (l),
3491 4178 3568 4242 ὡς
3593 4179 3644 4232 εἱ

2063 4284 2137 4359 μὴ
2173 4279 2612 4356 προσαγάγοιντο
2648 4275 2788 4349 πρὸς
2821 4273 3054 4337 ἑαυτοὺς
3093 4272 3186 4326 τὸν
3235 4270 3502 4343 ἀρχιερέα
3547 4270 3647 4324 καὶ

367 4362 650 4421 mordicus
683 4363 1088 4438 adhaerescunt,
1131 4363 1238 4420 nisi
1278 4364 1384 4419 sibi
1429 4364 1563 4436 ipsis
1608 4362 1947 4435 adjunxerlnl

2059 4375 2357 4434 ἀπόστολον
2386 4374 2485 4444 τῆς
2514 4367 2803 4442 ὁμολογίας
2828 4365 2985 4439 ήμῶν
3024 4364 3232 4437 Ἰησοῦν
3264 4361 3357 4417 τὸν
3385 4360 3643 4434 Χριστὸν,

368 4462 535 4527 atque
565 4455 964 4535 applicaverint
992 4455 1332 4513 sacerdotem
1373 4455 1529 4511 illum
1567 4464 1624 4511 et
1651 4456 1956 4526 apostolum

2062 4471 2140 4534 εἱς
2172 4467 2327 4521 οὐδὲν
2354 4465 2540 4528 αὐτοῖς
2568 4461 2670 4533 τῆς
2700 4463 2757 4514 ἐν
2788 4458 2946 4529 τύπῳ
2972 4455 3229 4528 λατρείας
3262 4452 3558 4525 καταλήξει
3586 4451 3648 4504 τὸ

369 4546 733 4605 confessionis
764 4556 985 4613 nostrae,
1017 4548 1205 4604 Iesum
1227 4546 1531 4611 Christum,
1556 4546 1693 4601 illud
1713 4546 1947 4602 studium

2064 4558 2405 4629 σπούδασμα.
2437 4556 2576 4612 Ποῖα
2612 4552 2720 4624 γὰρ
2750 4550 2818 4605 ἂν
2848 4546 2961 4604 εἶεν
2993 4548 3145 4620 παρά
3165 4563 3229 4616 γε
3256 4545 3334 4617 τῷ
3375 4542 3650 4613 φιλαρέτῳ

371 4641 553 4697 cultus
580 4640 637 4695 in
663 4640 833 4711 ﬁgura
860 4641 1092 4697 exhibiti
1122 4653 1326 4694 vanum
1354 4647 1410 4694 et
1435 4638 1652 4692 irritum
1681 4636 1818 4694 fore.
1837 4636 1959 4704 Quo

371 4734 521 4789 enim
545 4750 778 4792 numero
803 4735 913 4790 sint
941 4733 1087 4812 apud
1108 4732 1333 4787 virtutis
1356 4737 1631 4785 amantem
1668 4729 1841 4785 Deum
1869 4728 1959 4784 illa

369 4828 497 4883 vitae
530 4828 835 4885 secundum
863 4829 1039 4899 legem
1069 4834 1205 4889 actae
1230 4822 1582 4879 ornamenta?
1610 4822 1797 4893 Itaque
1819 4822 1960 4878 Pau-

371 4916 461 4975 lus
480 4916 573 4973 ille
593 4917 679 4973 vir
694 4915 1132 4997 sapientissimus
1156 4921 1381 4995 propter
1400 4910 1733 4966 eminentem
1754 4910 1958 4968 Christi

374 5009 680 5076 scientiam,
714 5017 776 5064 ut
805 5015 1046 5063 stercora
1074 5021 1132 5062 se
1161 5003 1416 5059 arbitrari
1459 5010 1707 5068 testatur,
1746 5020 1866 5074 quae
1903 5004 1960 5060 in

372 5101 581 5156 mundo
618 5109 749 5157 sunt
790 5099 998 5163 omnia,
1029 5097 1221 5166 eisque
1255 5094 1557 5165 spiritualia
1586 5095 1841 5165 praeferre
1881 5095 1959 5163 ";

376 5192 543 5265 idque
570 5200 679 5258 est,
706 5188 1014 5253 secundum
1028 5186 1406 5268 sublimiorem
1424 5202 1667 5253 sensum,
1689 5186 1963 5262 applicare

374 5284 441 5339 ad
475 5299 533 5339 se
563 5285 765 5339 Aaron.

448 5375 646 5432 PALL.
704 5375 891 5430 Teneo
931 5372 1065 5442 quid
1108 5374 1245 5430 velis
1284 5390 1301 5441 :9
1335 5373 1623 5446 perspicua
1675 5381 1759 5428 est
1808 5372 1957 5427 enim

376 5469 576 5523 oratio.

448 5558 852 5631 CYR.Applica
884 5557 1052 5633 igitur
1087 5560 1155 5616 ad
1189 5567 1262 5626 te,
1300 5559 1499 5631 inquit,
1525 5559 1709 5614 Aaron
1734 5557 1959 5612 fratrem

449 5687 497 5720 ⁵⁸
536 5687 710 5743 Exod.
749 5668 933 5753 xxvm,
971 5687 1020 5742 l.
1130 5686 1179 5721 ⁸⁸
1207 5687 1377 5749 Hebr.
1404 5688 1531 5751 v54.

384 5754 431 5789 ⁸³
445 5758 684 5829 Philipp.
708 5775 784 5823 ut,
806 5757 858 5814 8.

1642 5682 1690 5715 ⁸⁵
1717 5682 1857 5739 Ibid.
1882 5682 1939 5749 5,
1972 5681 2024 5737 6.

2055 4651 2177 4723 Θεῷ
2230 4652 2328 4723 τῆς
2359 4652 2417 4705 ὲν
2440 4648 2589 4720 νόμῳ
2612 4645 2756 4714 ζωῆς
2782 4643 2851 4698 τὰ
2877 4642 3173 4713 αὐχήματα
3198 4657 3213 4707 ;
3239 4634 3531 4708 Τοιγάρτοι
3552 4635 3650 4688 καὶ

2057 4742 2269 4808 Παῦλος
2297 4745 2427 4815 ἡμῖν
2456 4742 2486 4793 6
2524 4737 2851 4807 σοφώτατος,
2877 4735 2967 4789 διά
2996 4734 3058 4788 τὸ
3081 4732 3351 4805 ὑπερέχον
3375 4732 3473 4801 τῆς
3502 4727 3647 4797 γνώ-

2059 4855 2198 4901 σεως
2221 4835 2319 4907 τῆς
2337 4830 2601 4905 Χριστοῦ,
2629 4827 2876 4883 σκύϐαλα
2905 4826 3003 4898 μὲν
3022 4823 3274 4897 ἡγεῖσθαι
3289 4822 3358 4876 τὰ
3377 4823 3434 4875 ὲν
3456 4819 3651 4889 κόσμῳ

2060 4927 2247 5000 φησὶν,
2280 4921 2607 4979 ἀνθελέσθαι
2629 4916 2687 4972 δὲ
2707 4918 2778 4974 τὰ
2810 4915 3192 4989 πνευματικόν
3219 4914 3313 4968 καὶ
3346 4909 3508 4966 τοῦτό
3529 4911 3648 4963 ἐστι

2060 5018 2291 5092 νοητῶς,
2340 5015 2403 5068 τὺ
2448 5011 2824 5088 προσάγεσθαι
2868 5009 3001 5082 πρὸς
3061 5007 3256 5063 ἑαυτὸν
3309 5004 3473 5063 αὑτὸν
3552 5002 3645 5055 τὸν

2072 5113 2127 5166 Ἀ
2136 5128 2168 5165 α
2173 5107 2303 5180 ρῶν.

2136 5376 2347 5432 ΠΑΛΛ.
2376 5371 2612 5442 Συνίημι
2642 5369 2671 5423 6
2700 5369 2804 5441 φῄς
2826 5383 2839 5399 ’
2870 5366 3045 5439 σαφὴς
3069 5366 3178 5437 γὰρ
3218 5368 3246 5421 ὁ
3273 5363 3451 5433 λόγος.

2136 5554 2301 5609 ΚΥΡ.
2360 5547 2723 5622 Προσαγάγου
2769 5546 2980 5612 τοίνυν,
3036 5545 3191 5617 φησι,
3245 5541 3379 5614 πρὸς
3456 5539 3648 5595 ἑαυτὸν

2128 5679 2230 5745 ⁸⁷1
2274 5676 2507 5742 Comm,
2555 5673 2617 5741 9;
2678 5674 2837 5738 Rom.
2897 5686 3008 5737 xvi,
3048 5667 3100 5725 5.
3178 5666 3225 5699 ⁸⁸
3261 5665 3431 5731 Hebr.
3484 5681 3539 5729 ι,
3592 5665 3647 5733 4.

455 5873 530 5952 (1)
565 5873 699 5933 Cod.
736 5876 880 5946 Vat,
913 5876 1081 5948 ἀπρὶξ
1113 5876 1369 5950 ἡμμένοι,
1402 5874 1547 5947 quod
1584 5876 1862 5947 interpres
1888 5867 2151 5927 reddidit.
