4118 6426
321 383 429 445 799

1041 385 1132 442 DE
1167 384 1615 443 ADORATIONE
1654 388 1722 443 IN
1768 370 2057 446 SPlRlTU‘
2078 388 2171 444 ET
2211 387 2587 444 VERITATE.
2623 419 2695 429 —
2732 386 2864 442 LIB.
2903 385 2997 465 xi.

3453 410 3458 415 ‘
3538 390 3643 447 7'30

334 498 556 576 ’Δαρὼν
579 500 673 555 τὸν
697 499 927 570 ἀδελφόν
963 517 1079 567 σου,
1109 502 1205 556 καὶ
1224 501 1347 556 καθ’
1364 501 1452 557 έτε
1463 520 1574 575 ρον,
1607 497 1788 574 οἶμαι,
1806 503 1933 575 τρό-

2046 510 2239 568 tuum;
2282 500 2389 555 alia
2437 515 2660 571 quoque
2692 499 2929 565 ratione,
2978 509 3040 556 ut
3081 500 3303 572 opinor,
3331 500 3645 575 hocipsuin

323 611 450 662 πον,
482 593 546 648 τὸ
573 594 781 665 χρῆμα,
808 592 968 656 εἰδὼς
1002 594 1104 647 οὐκ
1155 594 1457 659 ἁσυντελὲς
1485 597 1566 660 είς
1605 595 1793 668 ὄνησιν
1824 594 1924 667 τὴν

321 689 401 753 ὡς
420 688 480 763 ἐν
507 688 692 759 νοήσει
720 689 1066 758 πνευματικῇ
1089 705 1103 719 ·
1133 685 1289 751 σύνες
1317 687 1373 741 δὲ
1391 687 1419 741 ὃ
1450 688 1614 759 φημί.
1634 687 1927 741 Ἀπεστέλ-

325 779 453 833 λετο
494 777 594 849 μὲν
628 776 739 849 γὰρ
772 777 1002 847 Μωσῆς,
1027 778 1129 849 τῆς
1157 779 1215 832 ἐν
1259 777 1522 850 Αἰγύπτῳ
1545 777 1927 850 ταλαιπωρίας

326 870 647 943 έκκομίζων
669 870 763 925 τὸν
806 870 1047 942 Ἰσραήλ.
1082 868 1219 924 Εἶτα
1249 871 1349 941 τὴν
1376 870 1670 943 ἀνθρώπου
1697 870 1928 942 δύναμιν

326 963 783 1035 ὑπερανεστηκδς
811 964 976 1032 ἁγαν,
1016 964 1112 1018 καὶ
1133 962 1278 1036 πέρα
1307 962 1372 1035 δὴ
1397 962 1615 1034 μέτρων
1648 965 1747 1034 τῆς
1776 961 1929 1016 ὲνού-

324 1072 434 1128 σης
465 1054 652 1128 ῑσχύος
687 1072 746 1109 τε
793 1055 890 1108 καὶ
938 1055 1275 1125 εὐγλωττίας
1318 1054 1469 1127 αὐτῷ
1518 1055 1580 1107 τὺ
1618 1055 1929 1126 ἐγχείρημα

326 1148 569 1221 βλέπων,
614 1147 872 1219 ἐλιπάρει
918 1147 1095 1216 λέγων
1122 1164 1137 1180 ·
1176 1167 1195 1200 ι
1241 1148 1374 1202 Ἰδού
1412 1146 1514 1200 οὐκ
1550 1146 1789 1215 εὐλαλός
1813 1149 1927 1218 ειμι

323 1242 438 1314 πρὸ
459 1242 560 1314 τῆς
585 1242 737 1314 χθὲς,
766 1241 890 1295 οὐδὲ
921 1241 1028 1314 πρὸ
1050 1240 1151 1312 τῆς
1179 1240 1391 1312 τρίτης,
1416 1239 1538 1294 οὐδὲ
1563 1240 1657 1309 ἀφ’
1688 1234 1749 1295 οὗ
1778 1240 1931 1312 ήρξω

324 1333 511 1388 λαλεῖν
539 1332 622 1404 τῷ
642 1332 940 1404 θεράποντε
965 1349 1085 1396 σου,
1115 1331 1443 1405 ἰσχνόφωνος
1460 1332 1554 1386 καὶ
1579 1330 1933 1404 βραδύγλωσ-

329 1428 424 1492 σός
456 1427 577 1498 είμι
608 1423 744 1495 ἐγώ.
788 1446 804 1478 ι
841 1423 979 1479 Θεοῦ
1016 1425 1074 1480 δὲ
1117 1425 1256 1497 πρὸς
1304 1423 1500 1487 ταῦτα,
1541 1444 1559 1477 ι
1615 1424 1713 1487 Τίς
1761 1425 1931 1480 ἔδωκε

270 1584 275 1585 ί
327 1517 511 1590 στόμα
531 1515 830 1588 ἀνθρώπῳ,
863 1536 881 1569 ι
913 1515 1189 1586 λέγοντος,
1220 1536 1240 1568 ‹
1281 1515 1367 1580 τίς
1400 1516 1626 1585 ἐποίησε
1644 1516 1931 1587 δύσκωφον

325 1613 426 1667 καὶ
447 1611 656 1681 κωφὸν,
696 1610 965 1683 βλέποντα
997 1610 1094 1664 καὶ⁵
1124 1608 1327 1681 τυφλόν
1352 1627 1367 1677 ;
1404 1611 1507 1664 οὐκ
1535 1608 1647 1680 ἐγὼ
1676 1609 1883 1682 Κύριος
1904 1611 1933 1664 ὁ

325 1704 501 1773 Θεὸςς
548 1703 646 1757 καὶ
673 1701 770 1757 νῦν
819 1701 1079 1775 πορεύου,
1119 1703 1216 1757 καὶ
1245 1701 1357 1773 ἐγὼ
1409 1702 1606 1770 ἁνοίξω
1643 1702 1706 1757 τὸ
1760 1703 1932 1774 στόμα

327 1812 448 1852 σου.
500 1812 520 1849 ι
554 1795 667 1867 Τῆς
713 1794 826 1849 τῶν
866 1793 1314 1867 κατορθωμάτων
1352 1793 1633 1866 ὑπεροχῆς
1673 1791 1927 1866 ἡττώμε-

2032 592 2100 649 ad
2150 592 2460 664 spiritualis
2492 593 2870 664 intelligentia
2896 593 3139 649 fructum
3173 596 3426 651 nonnihil
3460 597 3648 655 valere
3703 590 3707 595 ’

2034 684 2255 751 sciens;
2291 682 2388 739 sed
2427 683 2577 754 quod
2634 683 2889 740 dicturus
2932 699 3055 739 sum
3081 727 3095 751 ,
3149 684 3406 741 advertas
3453 688 3643 744 velim.
3692 716 3709 742 ο.

2033 776 2356 831 Mittebatur
2385 790 2626 845 namque
2648 775 2882 848 Moyses,
2923 787 2985 832 ut
3014 793 3082 833 ex
3103 776 3319 851 Egypti
3344 777 3646 837 afﬂictione

2034 866 2294 922 Israelem
2331 866 2600 923 educeret
2628 885 2642 934 ;
2675 868 2771 938 qui
2797 885 2923 924 cum
2946 870 3206 927 humanis
3229 872 3446 927 viribus
3469 872 3647 927 multo

2037 959 2411 1026 antecellere,
2468 976 2693 1031 suaque
2761 960 3040 1019 facultatis
3093 974 3259 1036 atque
3314 966 3647 1036 eloquentia

2037 1052 2266 1107 modum
2316 1068 2581 1123 superare
2622 1053 2758 1108 illud
2799 1069 2939 1125 opus
2984 1056 3360 1129 intelligeret,
3417 1059 3647 1130 rogabat

2037 1145 2229 1201 dicens
2264 1163 2278 1199 :
2316 1164 2334 1197 ι
2373 1145 2517 1200 Ecce
2548 1161 2659 1200 non
2683 1161 2805 1201 sum
2844 1146 3110 1217 eloquens
3137 1158 3264 1205 ante
3298 1151 3644 1216 hesternum,

2037 1251 2220 1307 neque
2272 1246 2401 1293 ante
2449 1237 2657 1293 nudius
2704 1238 3003 1293 tertianum
3034 1240 3204 1307 diem,
3233 1259 3414 1313 neque
3444 1260 3512 1299 ex
3535 1260 3648 1315 quo

2039 1328 2256 1400 capisti
2312 1330 2466 1401 loqui
2516 1330 2586 1385 ad
2647 1345 2873 1387 servum
2924 1340 3129 1400 tuum;
3166 1335 3357 1405 gracili
3406 1352 3649 1408 namque

2037 1436 2174 1477 voce
2230 1438 2296 1478 ac
2326 1422 2516 1495 lingua
2541 1424 2788 1480 tardiore
2813 1440 2936 1480 sum
2964 1442 3067 1498 ego
3093 1427 3158 1482 π.
3194 1448 3212 1479 ι
3252 1428 3334 1484 Ad
3357 1428 3474 1486 hac
3501 1431 3649 1488 Deus

2040 1529 2169 1569 cum
2196 1513 2444 1572 diceret:
2483 1535 2503 1570 ι
2539 1516 2679 1585 Quis
2725 1518 2882 1576 dedit
2913 1534 2977 1575 os
3008 1519 3264 1575 homini?
3287 1531 3344 1577 et
3368 1522 3494 1593 quis
3517 1521 3654 1581 fecit

2041 1606 2273 1663 surdum
2318 1624 2383 1664 ac
2431 1620 2670 1676 mutum,
2724 1610 3005 1668 videntem
3063 1627 3129 1669 ac
3174 1615 3428 1670 cacum?
3466 1631 3651 1672 nonne

2041 1715 2142 1772 ego
2177 1702 2447 1760 Dominus
2485 1704 2675 1760 Deus?
2706 1705 2777 1760 Et
2799 1721 2949 1761 nunc
2984 1706 3146 1774 vade,
3180 1715 3238 1763 et
3277 1723 3380 1779 ego
3406 1711 3652 1779 aperiam

2042 1809 2106 1849 os
2158 1803 2314 1851 tuum
2349 1797 2417 1863 ⁹¹,
2453 1816 2473 1849 ι
2525 1797 2620 1852 ille
2656 1796 2823 1853 ofﬁcii
2863 1798 3245 1877 magnitudine
3288 1800 3490 1867 victus,
3523 1817 3653 1872 per—

325 1905 442 1952 νος,
465 1886 656 1941 ἐδεδίει
678 1886 864 1954 πάλιν,
911 1887 1007 1942 καὶ
1045 1886 1111 1959 δὴ
1159 1886 1448 1958 ἔφασκε,ζι
1477 1886 1705 1959 Δέομαι,
1731 1884 1929 1959 Κύριε,

2046 1886 2472 1955 timuititerum,
2514 1905 2579 1945 ac
2615 1889 2796 1945 dixit:
2842 1910 2860 1943 ι
2895 1889 3163 1957 Obsecro,
3202 1891 3458 1959 Domine,
3508 1892 3653 1965 elige

326 1980 683 2055 προχείρισαι
729 1979 890 2035 ἀλλον
910 2024 927 2049 ,
964 1981 1059 2035 τὸν
1085 1980 1406 2052 δυνάμενον,
1432 1978 1492 2033 ὃν
1522 1979 1864 2044 ἀποστελεῖς.
1910 2000 1928 2032 ι

329 2073 759 2148 Προεχειρίζετο
793 2072 851 2127 δὲ
893 2073 955 2127 τὸ
983 2073 1245 2144 τηνικάδε
1294 2071 1429 2137 Θεὸς
1472 2072 1818 2145 παραχρῆμα
1841 2072 1935 2127 τὸν

341 2167 582 2241 Ἀαρὼν,
631 2169 712 2232 είς
757 2166 928 2221 τύπον
966 2165 1063 2219 τοῦ
1113 2165 1293 2220 πάντα
1343 2165 1584 2229 εὐκόλως
1633 2163 1935 2237 κατορθοῦν

330 2259 539 2325 εἰδότος
557 2257 822 2334 Χριστοῦ·
850 2257 1190 2329 λελύτρωται
1212 2256 1268 2310 δὲ
1291 2257 1392 2328 οὐχ
1417 2255 1621 2328 ἑτέρως
1639 2257 1668 2310 ὁ
1694 2254 1932 2328 Ἰσραὴλ,

328 2355 382 2408 εί
430 2352 505 2426 μὴ
533 2353 745 2409 δέδοται
773 2352 1041 2426 συνεργὸς
1086 2354 1154 2423 τῇ
1193 2350 1442 2414 Μωσέως
1483 2348 1812 2423 ίσχνομυθίᾳ
1841 2350 1938 2401 καὶ

331 2446 595 2518 ἀσθενείᾳ
624 2446 809 2514 πάλιν,
840 2445 917 2510 ὡς
957 2448 1015 2501 ὲν
1046 2443 1217 2499 εἰκόνι
1253 2446 1320 2516 τῇ
1367 2441 1579 2515 Ἀαρὼν
1604 2444 1633 2496 6
1662 2442 1898 2515 Χριστός
1918 2460 1933 2473 θ

330 2539 481 2595 οὕτω
527 2539 762 2595 κάνθάδε
793 2540 1033 2611 νοήσεις.
1080 2536 1155 2591 Τὸ
1196 2535 1308 2609 γάρ
1358 2535 1587 2599 ἀσθενὲς
1637 2534 1732 2589 τοῦ
1771 2534 1936 2605 νόμον

330 2632 561 2688 τελειῷν
599 2633 659 2687 ὲν
688 2631 938 2705 Χριστῷ,
970 2629 1349 2701 παρεκόμισεν
1378 2630 1458 2694 εἰς
1506 2626 1810 2699 ἱερωσύνην
1846 2626 1939 2679 τὸν

347 2723 591 2799 Ἀαρὼν,
625 2724 725 2780 καὶ
742 2723 1012 2779 συνάπτει
1041 2721 1333 2795 χρησίμως
1349 2720 1428 2792 τῷ
1449 2720 1707 2793 μακαρίῳ
1736 2721 1934 2792 Μωσῇ.

333 2817 476 2874 Οὔτε
506 2818 617 2889 γάρ
660 2820 741 2882 είς
792 2816 1064 2888 λύτρωσιν
1093 2813 1385 2888 ἀρκέσειεν
1436 2811 1503 2867 ἂν
1532 2814 1561 2867 6
1599 2811 1785 2884 νόμος,
1813 2810 1939 2865 οὐτε

338 2911 451 2985 μὴν
502 2913 583 2976 είς
643 2911 706 2965 τὸ
759 2909 1024 2964 δύνασθαι
1074 2905 1320 2963 τελειοῦν
1366 2907 1447 2971 είς
1494 2904 1768 2975 ἁγιασμὸν
1812 2904 1940 2969 τούς

332 3002 878 3075 ὲκλελυτρωμένους.
916 3001 1206 3072 Λύτρωσις
1225 3000 1283 3053 δὲ
1310 2998 1405 3053 καὶ
1444 2997 1717 3069 ἁγιασμὸς
1750 3000 1777 3053 6
1802 2999 1940 3070 Χρι-

335 3095 484 3164 στὸς,
502 3095 997 3169 συνεργαζομένων
1022 3094 1194 3163 ἁγίων
1214 3110 1228 3125 ο
1244 3091 1499 3164 καθάπερ
1522 3092 1714 3164 ἀμέλει
1736 3090 1942 3161 Μωσῆς

336 3190 443 3263 μὲν
471 3188 552 3262 τῷ
593 3188 807 3262 ’Δαρὼν
840 3190 900 3243 ἐν
933 3186 1198 3258 Αἰγύπτῳ
1244 3185 1399 3254 τότε,
1437 3184 1590 3257 αὐτῷ
1620 3203 1685 3256 γε
1725 3185 1831 3257 μὴν
1864 3184 1942 3257 τῷ

2042 1980 2236 2047 alium,
2286 1981 2384 2052 qui
2435 1982 2633 2054 possit,
2679 1999 2849 2054 quem
2899 1983 3091 2038 mittas
3138 1983 3205 2037 ⁹¹.
3242 2004 3261 2037 ι
3294 1984 3451 2040 Tunc
3483 1984 3654 2057 igitur

2044 2074 2228 2130 statim
2277 2074 2427 2131 Deus
2481 2075 2650 2147 elegit
2690 2076 2874 2132 Aaron
2919 2075 2977 2131 in
3014 2075 3225 2133 Christi
3273 2075 3526 2148 ﬁguram,
3555 2078 3653 2148 qui

2042 2166 2228 2221 omnia
2261 2166 2423 2223 facile
2454 2166 2724 2238 perﬁcere
2750 2167 2908 2224 novit
2936 2187 2950 2223 :
2984 2185 3168 2240 neque
3196 2168 3358 2225 aliter
3383 2169 3657 2228 liberatus

2043 2258 2241 2315 fuisset
2284 2260 2478 2326 Israel,
2513 2261 2621 2316 nisi
2657 2260 2735 2316 illi
2768 2256 2942 2335 Moysi
2974 2263 3128 2319 vocis
3160 2262 3453 2335 gracilitati
3488 2272 3656 2336 atque

2044 2350 2354 2408 inﬁrmitati
2407 2351 2667 2409 Christus
2726 2352 2923 2409 itidem
2983 2364 3247 2426 tanquam
3301 2355 3357 2411 in
3415 2355 3655 2427 imagine

2044 2443 2226 2500 Aaron
2277 2445 2443 2501 datus
2496 2456 2645 2501 esset
2704 2446 2947 2518 adjutor.
2999 2448 3084 2503 Ad
3130 2448 3390 2504 eumdem
3429 2462 3656 2520 quoque

2045 2535 2270 2590 modum
2299 2536 2407 2591 hoc
2428 2537 2552 2592 loco
2574 2537 2739 2592 velim
2765 2538 3039 2610 intelligas
3064 2557 3080 2607 ;
3115 2549 3178 2594 ut
3225 2541 3375 2595 enim
3399 2540 3539 2612 legis
3566 2540 3657 2595 in—

2047 2626 2366 2682 firmitatem
2406 2627 2462 2682 in
2495 2626 2720 2684 Christo
2746 2629 3065 2699 perﬁceret,
3103 2630 3243 2686 adeo
3269 2630 3451 2702 ipsum
3473 2630 3657 2686 Aaron

2047 2718 2117 2775 ad
2163 2719 2505 2776 sacerdotale
2538 2736 2744 2777 munus
2774 2722 3051 2793 provexit,
3092 2729 3261 2793 atque
3298 2723 3462 2778 beato
3486 2722 3659 2795 Moysi

2048 2813 2261 2872 utiliter
2295 2814 2567 2887 adjunxit.
2603 2814 2773 2886 378
2798 2814 2991 2886 Neque
3015 2815 3165 2871 enim
3190 2815 3259 2871 ad
3281 2814 3657 2879 liberandum,

2046 2923 2231 2979 neque
2260 2907 2327 2963 ad
2361 2907 2766 2979 perﬁciendum
2806 2908 2863 2963 in
2915 2908 3353 2966 sanctiﬁcatione
3392 2909 3529 2966 satis
3572 2910 3661 2965 vi-

2048 3002 2194 3058 rium
2219 3011 2304 3058 est
2329 3002 2385 3057 in
2414 3002 2555 3073 lege,
2583 3001 2680 3057 sed
2716 3010 3038 3073 utrumque,
3078 3011 3135 3056 et
3163 3001 3422 3058 liberatio
3445 3008 3503 3057 et
3527 3017 3659 3057 san-

2050 3093 2346 3159 ctificatio,
2373 3092 2632 3149 Christus
2657 3100 2765 3159 est,
2803 3093 3022 3149 tametsi
3060 3103 3437 3165 cooperentur
3481 3094 3659 3150 sancti

2048 3185 2177 3251 viri,
2226 3194 2290 3241 ut
2326 3192 2478 3241 certe
2507 3184 2722 3258 Moyses
2767 3185 2873 3255 ipsi
2906 3185 3113 3241 Aaroni
3156 3194 3291 3242 tunc
3326 3187 3384 3242 in
3424 3185 3660 3259 {Egypto

345 3256 566 3357 λΑαριῖλν
594 3284 644 3337 οἱ
676 3256 804 3338 υἱοί.
840 3280 931 3353 Τῷ
960 3256 1023 3335 at
1046 3280 1111 3352 δὴ
1134 3256 1353 3335 πάντων
1380 3280 1633 3352 ἀρχιερεῖ
1654 3256 1748 3333 καλ
1770 3256 1939 3350 ήγουὲ

2046 3277 2261 3333 socium
2307 3292 2367 3333 se
2414 3256 2610 3348 operis
2644 3277 2924 3348 praestitit,
2951 3284 3009 3333 et
3040 3278 3221 3333 eidem
3261 3289 3452 3350 postea
3485 3256 3663 3350 ipsius

336 3376 492 3449 μένῳ
514 3375 740 3449 Χριστῷ
774 3373 1201 3447 συνειργάζοντο
1234 3372 1443 3446 νοητῷς
1470 3373 1565 3427 καὶ
1589 3374 1639 3427 οἱ
1660 3372 1942 3427 θεσπέσιοι

336 3466 608 3539 μαθηται.
633 3467 823 3522 Πάντα
857 3466 959 3539 μὲν
988 3465 1230 3537 ἰσχύοντι
1255 3465 1580 3537 κατορθοῦν,
1617 3467 1712 3521 καὶ
1737 3467 1836 3538 οὐχ
1867 3468 1942 3531 ὡς

333 3558 660 3617 ἀσθενοῦντι
707 3559 1118 3631 συντρέχοντες,
1166 3557 1282 3612 ἁλλ’
1317 3558 1394 3623 ὡς
1440 3558 1773 3630 κεκλημένοι
1806 3556 1943 3630 πρὸς

334 3652 654 3725 ὑπουργίαν
692 3652 790 3706 καὶ
820 3649 1138 3724 ἀριστίνδην
1168 3648 1607 3722 ἐπιλελεγμένοι,
1636 3649 1734 3703 καὶ
1767 3649 1830 3704 τὸ
1857 3650 1943 3720 ἐφ’

333 3747 547 3803 ᾶπασιν
578 3747 833 3811 εὐσθενὲς
863 3745 996 3818 παρ’
1031 3745 1199 3799 αὐτοῦ
1232 3743 1631 3817 κερδαίνοντες.
1663 3744 1775 3799 Καὶ
1800 3763 1942 3818 μαρο

331 3843 567 3913 τυρήσει
610 3841 790 3910 λέγων
830 3842 859 3895 6
887 3839 1175 3905 θεσπέσιος
1204 3838 1442 3904 Παῦλοςσ
1485 3858 1505 3892 ι
1556 3839 1744 3896 Πάντα
1776 3838 1946 3912 ἰσχύω

337 3934 399 3993 ἑν
435 3933 516 4007 τῷ
547 3932 937 4006 ἐνδυναμοῦντί
976 3950 1043 4005 με
1078 3931 1324 4006 Χριστῷ.
1366 3952 1384 3985 ι

413 4203 628 4263 ΠΑΑΛ.
663 4202 877 4259 υύκοῦν
908 4202 1202 4259 ἀπόλεκτοι
1232 4204 1330 4258 καὶ
1361 4203 1627 4274 ὀνομαστὶ
1649 4201 1947 4276 κέκληνται

336 4298 481 4371 πρὸς
518 4298 835 4372 ἱερουργίαν
876 4297 1092 4371 ’Δαρών
1122 4315 1183 4353 τε
1217 4297 1315 4352 καὶ
1334 4299 1384 4352 oi
1409 4297 1613 4369 λοιποί,

416 4393 586 4448 ΚΥΡ.
641 4393 757 4447 Καὶ
794 4391 934 4463 πρός
981 4408 1046 4462 γε
1090 4392 1156 4464 δὴ
1203 4389 1418 4457 τούτοις
1467 4390 1702 4464 λαμπρά
1740 4409 1802 4445 τε
1853 4392 1949 4446 καὶ¹

341 4484 653 4559 ἱεροπρεπῆ
719 4484 790 4540 τά
839 4484 1132 4557 ἐσθήματα
1194 4482 1712 4549 κατασκευάζεσθαι
1761 4486 1950 4551 αὐτοῖς

2042 3368 2226 3425 Aaron
2288 3367 2410 3423 ﬁlii.
2456 3367 2529 3423 At
2576 3384 2711 3424 vero
2759 3368 2909 3424 illius
2971 3369 3173 3425 summi
3198 3370 3508 3426 sacerdotis
3537 3386 3661 3426 om-

2043 3463 2201 3519 nium
2234 3470 2402 3533 atque
2457 3460 2731 3532 principis
2757 3459 2968 3517 Christi
2997 3462 3365 3534 spiritualiter
3399 3478 3665 3534 coopera-

2046 3565 2196 3612 tores
2233 3556 2466 3612 fuerunt
2511 3556 2684 3612 etiam
2739 3556 2889 3612 beati
2948 3556 3230 3627 discipuli,
3279 3558 3537 3627 quamvis
3567 3557 3661 3613 ille

2045 3650 2233 3707 omnia
2291 3658 2481 3721 posset
2519 3649 2765 3717 edicere,
2823 3650 2987 3720 eique
3038 3665 3153 3705 non
3197 3658 3259 3705 ut
3293 3649 3572 3706 imbecillo
3602 3665 3663 3706 se

2046 3744 2280 3799 comites
2320 3742 2728 3815 adjunxissent,
2778 3743 2877 3798 sed
2918 3753 2982 3799 ut
3018 3743 3090 3799 ad
3122 3742 3663 3799 subministrandum

2044 3835 2228 3893 vocati
2274 3851 2342 3892 ac
2370 3851 2488 3908 pra
2510 3836 2731 3893 cateris
2753 3836 2941 3903 electi,
2961 3836 3180 3891 viribus
3201 3837 3273 3891 ab
3295 3852 3363 3892 eo
3383 3836 3453 3892 ad
3475 3836 3666 3892 omnia

2045 3928 2388 4001 perficienda
2444 3929 2702 4000 sumptis.
2744 3927 2918 3999 Cujus
2966 3929 3049 3985 rei
3109 3929 3268 3984 testis
3322 3936 3409 3984 est
3469 3927 3667 3983 beatus

2046 4022 2291 4088 Paulus,
2332 4037 2460 4077 cum
2499 4021 2683 4078 dicit:
2737 4042 2754 4073 ι
2788 4020 2993 4077 Omnia
3040 4037 3269 4093 possum
3322 4022 3379 4078 in
3428 4036 3519 4087 eo,
3567 4019 3666 4092 qui

2047 4132 2137 4173 me
2168 4115 2445 4173 confortat
2470 4113 2696 4172 Christo
2727 4115 2793 4169 ".
2843 4135 2862 4167 ι

2122 4207 2324 4265 PALL.
2383 4207 2558 4279 Igitur
2600 4206 2802 4262 delecti
2851 4221 2918 4261 ac
2948 4204 3277 4261 nominatim
3310 4206 3566 4277 appellati
3593 4206 3665 4262 ad

2050 4300 2351 4357 sacerdotii
2373 4314 2581 4357 munus
2613 4298 2797 4354 vocati
2832 4307 2966 4354 sunt
2985 4299 3173 4355 Aaron
3206 4315 3272 4355 ac
3294 4298 3517 4369 reliqui.

2121 4392 2280 4450 CYR.
2321 4391 2403 4447 Ad
2450 4391 2572 4447 hac
2614 4399 2801 4447 vestes
2861 4391 2973 4447 illis
3018 4406 3240 4464 quoque
3266 4392 3561 4463 praclaras
3609 4402 3667 4450 et

2053 4487 2387 4546 sacerdotali
2417 4501 2653 4542 munere
2683 4485 2880 4559 dignas
2904 4484 3104 4543 conﬁci
3141 4483 3427 4557 praeepit,
3449 4482 3662 4541 dicens:

339 4577 660 4650 ἐνομοθέτει
722 4577 921 4646 λέγων·
980 4597 999 4630 ι
1055 4576 1168 4637 Καὶ
1225 4576 1480 4647 ποιήσεις
1538 4575 1734 4648 στολὴν
1788 4576 1939 4647 ἁγίαν

2063 4603 2081 4636 ι
2110 4584 2181 4641 Et
2232 4581 2406 4639 facies
2442 4581 2643 4638 stolam
2667 4588 2914 4638 sanctam
2945 4581 3129 4636 Aaron
3151 4578 3311 4635 fratri
3345 4586 3442 4634 tuo
3469 4578 3538 4635 ad
3568 4578 3670 4634 ho-

313 4706 322 4716 ι
354 4670 572 4744 Ἀαρὼν
603 4670 684 4742 τῷ
723 4668 941 4742 ἀδελφῷ
971 4686 1066 4725 σου
1103 4670 1182 4733 είς
1211 4669 1379 4742 τιμήν
1415 4668 1509 4723 καὶ
1537 4667 1719 4734 δόξαν,
1742 4669 1840 4723 καὶ
1883 4670 1939 4723 ei.

2051 4692 2250 4733 norem
2288 4684 2345 4732 et
2367 4675 2599 4747 gloriam
2631 4693 2643 4728 :
2681 4683 2737 4731 et
2767 4681 2826 4730 tu
2870 4673 3103 4745 loquere
3133 4672 3204 4729 ad
3224 4687 3418 4728 omnes
3443 4672 3667 4743 sapien-

340 4765 583 4839 λὰλησον
617 4767 757 4819 πᾶσι
794 4767 910 4829 τοῖς
939 4766 1125 4833 σοφοῖς
1163 4766 1232 4835 τῇ
1271 4762 1502 4836 διανοίᾳ,
1551 4760 1648 4826 οὓς
1675 4762 1951 4834 ἐνέπλησα

342 4859 570 4932 πνεῦμα
607 4857 939 4931 αἰσθήσεως,
995 4858 1093 4911 καὶ
1138 4858 1428 4928 ποιήσουσι
1462 4854 1564 4929 τήν
1611 4854 1805 4928 στολὴν
1853 4856 1952 4926 τὴν

344 4953 509 5024 ἁγίαν
562 4951 776 5025 Ἀαρὼν
829 4953 910 5016 είς
937 4954 999 5006 τδ
1045 4949 1203 5020 ἆγιον
1244 4952 1304 5004 έν
1348 4943 1384 5022 ᾗ
1433 4948 1739 5022 ἱερατεύσει
1778 4964 1890 5019 μοι.
1930 4966 1946 4999 ι

346 5047 565 5113 Παῦλος
600 5047 701 5118 μὲν
729 5039 824 5101 οὖν
847 5048 876 5099 ὁ
907 5046 1223 5114 σοφώτατος
1239 5045 1356 5107 τοῖς
1385 5044 1444 5098 ὲν
1463 5043 1648 5099 πίστει
1668 5040 1955 5095 δεδικαιω-

350 5137 553 5210 μένοις.
569 5136 672 5208 τὴν
700 5134 867 5206 ἁγίαν
905 5134 1078 5197 ὅντως
1110 5132 1205 5187 καὶ
1249 5131 1311 5198 ἐξ
1335 5130 1570 5204 οὐρανοῦ
1615 5130 1809 5203 στολὴν
1858 5132 1957 5185 ἁν-

348 5230 625 5288 άπτεσθαι
649 5230 763 5284 δεῖν
788 5226 1155 5301 συμϐουλεύει
1185 5227 1435 5298 γράφωνσ
1464 5246 1483 5279 ι
1506 5225 1833 5286 Ἐνδύσασθε
1863 5225 1957 5278 τὸν

347 5325 560 5399 Κύριον
604 5323 763 5397 ήμῶν
830 5320 1042 5393 Ἰησοῦν
1096 5321 1355 5392 Χριστόν.
1394 5340 1413 5373 ι
1456 5317 1631 5374 Τοῦτο
1672 5317 1869 5390 γάρτοι
1928 5319 1958 5372 6

347 5421 646 5494 προφήτης
704 5417 937 5481 Ἡσαΐας
993 5416 1477 5488 προανακεκράγει
1527 5415 1703 5485 λέγων
1756 5412 1833 5478 ὡς
1891 5414 1959 5468 ὲκ

349 5511 652 5585 προσώπου
697 5527 798 5583 της
849 5509 1202 5581 Ἐκκλησίας,
1242 5527 1263 5563 ι
1326 5509 1702 5578 Ἀγαλλιὰσθω
1736 5510 1770 5581 ἡ
1806 5508 1953 5580 ψυχή

354 5624 462 5678 μου
494 5605 590 5659 ἐπὶ
610 5604 691 5675 τῷ
719 5604 936 5675 Κυρίῳ,
970 5602 1189 5658 ἐνέδυσε
1213 5603 1324 5674 γάρ
1351 5619 1419 5674 με
1443 5603 1659 5674 ἱμάτιον
1684 5603 1956 5674 σωτηρίου

350 5701 450 5757 καὶ
499 5698 706 5775 χιτέὺνα
758 5696 1123 5771 εὐφροσύνης.
1171 5715 1191 5748 ι
1236 5695 1493 5768 Ἔσθημα
1527 5696 1593 5768 δὴ
1640 5692 1734 5751 οὖν
1786 5695 1849 5749 τὸ
1878 5697 1961 5760 είς

424 5814 473 5845 ’⁸
501 5813 677 5869 Exod.
704 5830 777 5879 IV,
804 5814 887 5871 IO.
1006 5816 1050 5848 "
1084 5813 1224 5872 Ibid.
1257 5812 1344 5869 Il.
1465 5814 1509 5847 ”
1538 5812 1679 5869 Ibid.
1706 5814 1790 5869 15.

355 5883 404 5919 ’⁸
432 5884 539 5947 lsa,
580 5901 689 5952 LXI,
726 5884 812 5941 l0.

1908 5812 1953 5845 ”
1973 5814 2216 5887 Philipp.
2246 5831 2319 5883 Iv,
2346 5813 2432 5868 I5.

2050 4774 2138 4824 tes
2170 4775 2379 4833 mente,
2429 4783 2571 4838 quos
2612 4767 2842 4839 implevi
2899 4765 3099 4837 spiritu
3151 4763 3571 4837 intelligentia;
3611 4773 3666 4820 et

2049 4860 2261 4917 facient
2307 4860 2509 4915 stolam
2541 4867 2794 4914 sanctam
2835 4859 3021 4913 Aaron
3054 4858 3113 4912 in
3146 4854 3665 4919 sanctiﬁcationem,

2046 4946 2181 5009 “cum
2215 4968 2325 5024 qua
2349 4952 2664 5009 sacerdotio
2690 4951 2952 5024 fungatur
2969 4950 3108 5006 mihi
3126 4950 3192 5004 ’⁸.
3223 4969 3242 5003 ι
3261 4948 3469 5004 Paulus
3497 4947 3668 5018 igitur

2052 5045 2144 5103 vir
2206 5045 2658 5116 sapientissimus
2702 5059 2817 5110 eos,
2871 5045 2968 5114 qui
3010 5042 3117 5097 ﬁde
3156 5040 3444 5113 iustiﬁcati
3482 5048 3664 5104 erant,

2057 5145 2252 5195 sancta
2287 5137 2381 5193 illa
2405 5154 2471 5194 ac
2499 5153 2630 5193 vere
2664 5137 2733 5193 de
2762 5136 2906 5192 calo
2932 5135 3073 5191 stola
3102 5142 3163 5189 ut
3198 5132 3501 5188 induantur
3531 5130 3665 5187 hor-

2056 5238 2235 5297 tatur,
2275 5230 2567 5287 scribens:
2633 5249 2651 5281 ‹
2680 5228 2899 5285 lnduite
2947 5225 3243 5283 Dominum
3276 5233 3529 5280 nostrum
3571 5223 3666 5281 Je—

2058 5338 2181 5379 sum
2240 5322 2526 5379 Christum
2574 5321 2642 5375 ".
2674 5340 2691 5372 ι
2739 5321 2909 5376 Isaias
2941 5334 3163 5390 quoque
3196 5317 3465 5389 propheta
3493 5317 3670 5381 multo

2058 5424 2189 5473 ante
2240 5425 2503 5486 tanquam
2558 5430 2627 5469 ex
2669 5413 2936 5470 Ecclesia
2978 5427 3217 5482 persona
3243 5410 3541 5475 clamabat,
3579 5410 3669 5465 di-

2056 5526 2201 5566 cens
2251 5529 2263 5564 :
2319 5529 2338 5561 ι
2382 5509 2636 5564 Exsultet
2677 5505 2866 5572 anima
2904 5520 3028 5559 mea
3072 5505 3128 5559 in
3164 5504 3442 5570 Domino;
3490 5502 3673 5558 induit

2063 5603 2220 5665 enim
2249 5617 2338 5657 me
2376 5599 2711 5656 vestimento
2742 5596 2958 5660 salutis,
2999 5604 3057 5650 et
3085 5596 3270 5651 tunica
3294 5594 3501 5650 latitia
3529 5594 3595 5648 ".
3645 5613 3665 5646 ι

2064 5696 2254 5755 Vestis
2290 5695 2459 5767 igitur
2498 5693 2566 5749 ad
2609 5693 2876 5747 honorem
2914 5699 2972 5745 et
3002 5690 3231 5762 gloriam
3276 5688 3439 5761 plane
3475 5685 3673 5743 sacrati

2540 5810 2781 5870 "Exod.
2813 5824 3001 5867 xxvm.
3027 5809 3081 5864 2.
3192 5807 3237 5840 ³³
3260 5806 3420 5864 Rom.
3439 5820 3553 5873 xm,
3580 5804 3669 5862 ﬂ.
