4118 6430
475 347 569 401 731

1495 340 1550 396 S.
1591 339 1868 396 CYRlLLI
1905 337 2375 393 ALEXANDRJNI
2414 333 2732 392 ARCBIEP.

3635 332 3737 387 739

475 459 759 528 sanctique
790 457 1008 528 generis
1034 454 1291 512 Christus
1313 461 1417 519 est,
1450 461 1616 523 atque
1645 452 1968 522 praeclarum
1999 466 2063 505 ac

2175 449 2329 521 τιμὴν
2365 449 2457 502 καὶ⁵
2504 447 2664 514 δόξαν
2703 445 2920 517 άληθῶς
2947 444 3024 516 τῷ
3073 445 3206 516 ίερῷ
3246 445 3340 498 καὶ
3378 445 3518 514 ἁγίῳ
3570 447 3742 514 γένει.

476 565 784 619 ΒυρΘΓΠυΙΙΥ
858 557 1171 601 sanctarum
1255 545 1563 599 animarum
1655 550 2059 598 ornamentum.

485 663 502 692 ‹
532 641 809 710 Quotquot
842 640 991 694 enim
1033 638 1293 708 haptizati
1325 638 1458 693 estis
1486 637 1542 691 in
1571 635 1872 700 Christum,
1904 656 1921 685 ι
1977 635 2062 689 in-

479 735 619 803 quit,
661 751 678 784 ‹
715 732 996 788 Christum
1048 731 1308 785 induistis
1365 731 1408 762 ’⁷
1439 747 1454 796 ;
1491 749 1509 781 ι
1573 728 1719 799 quod
1776 727 2064 782 verissime

479 826 686 880 dictum
725 835 827 880 est.
877 824 989 878 Lex
1015 839 1183 893 porro
1214 831 1472 893 tanquam
1502 822 1556 876 in
1592 821 1800 876 umbris
1831 830 1886 875 et
1927 821 2065 874 ima-

479 914 604 985 gine
662 922 892 968 exornat
933 915 1112 984 ipsum
1162 913 1366 978 Aaron,
1425 929 1656 983 eamque
1704 913 1854 966 illius
1900 912 2066 968 varia:

478 1004 648 1058 vestis
701 1004 931 1074 gloriam
975 1003 1042 1057 ad
1089 1003 1371 1058 Christum
1414 1003 1628 1069 refert;
1667 1002 2066 1073 propemodum

478 1095 625 1148 enim
676 1111 784 1149 una
825 1111 951 1150 cum
1007 1095 1103 1148 illo
1145 1095 1446 1150 artiﬁcioso
1492 1103 1753 1166 apparatu
1811 1103 2064 1151 contexta

480 1187 619 1241 ratio
671 1187 899 1258 mystica
921 1196 1087 1257 atque
1123 1187 1342 1243 subtilis
1369 1188 1667 1253 invenitur,
1691 1202 1812 1257 quae
1838 1187 2066 1258 ﬁgurate

481 1280 781 1336 Salvatoris
807 1281 981 1335 nostri
1011 1281 1240 1352 gloriam
1275 1281 1500 1335 indicat.
1533 1279 1669 1335 Vide
1692 1280 1840 1335 enim
1872 1295 2065 1350 quem-

479 1372 775 1427 admodum
821 1372 1060 1428 vestium
1109 1370 1335 1442 Opiﬁces
1381 1371 1574 1442 spiritu
1620 1371 1930 1439 sapientiae,
1971 1368 2065 1438 qui

481 1467 646 1521 datur
685 1482 717 1520 a
753 1466 887 1528 Deo,
925 1465 1169 1535 repletos
1203 1479 1324 1519 esse
1360 1464 1528 1528 dicat,
1569 1463 1663 1532 qui
1688 1462 1915 1532 spiritus
1943 1462 2067 1516 illos

481 1556 549 1610 ad
577 1554 755 1609 ﬂoridi
787 1569 852 1608 ac
897 1554 1164 1625 variegati
1194 1551 1379 1622 operis
1409 1551 1757 1607 eﬁ‘ectionem
1797 1548 2064 1620 perduce-

482 1652 588 1709 ret,
637 1653 694 1700 et
728 1644 934 1699 Christi
982 1645 1212 1714 gloriam
1250 1643 1305 1696 in
1335 1642 1680 1698 vestimentis
1708 1641 2062 1695 describeret.

481 1737 649 1808 379
685 1736 825 1791 Sunt
866 1745 1050 1792 autem
1097 1752 1161 1790 ea
1203 1734 1441 1806 opiﬁcia,
1470 1734 1744 1805 pectorale
1773 1742 1830 1788 et
1868 1749 2064 1804 super-

2170 539 2426 610 Χριστδς,
2469 538 2731 610 κόσμημά
2760 556 2816 592 τε
2839 536 3091 610 λαμπρὸν
3111 539 3204 592 καὶ
3227 539 3328 592 ὑπε
3340 537 3598 608 ρκόσμιον
3625 540 3745 601 ταῖς

2170 630 2280 685 τῶν
2325 629 2496 697 ἁγίων
2527 629 2745 700 ψυχαῖς.
2782 647 2799 681 ι
2832 629 2992 682 Ὅσοι
3035 627 3144 700 γὰρ
3180 629 3261 691 εἰς
3279 624 3747 699 Χριστὸνέΰαπτί-

2173 721 2357 793 σθητε,
2389 719 2625 792 Χριστὸν
2647 719 2990 786 ἐνεδύσασθε,
3025 739 3045 773 ι
3073 721 3228 790 φησι,
3258 719 3354 773 καὶ
3380 718 3584 790 ἀληθὴς
3607 717 3748 773 ὁηλό-

2171 832 2286 882 γος.
2353 815 2440 878 Ὠς
2487 816 2545 867 ἐν
2597 816 2775 876 σκιαῖς
2818 811 2874 866 δὲ
2923 813 2951 866 ὁ
2995 811 3160 884 νόμος
3201 810 3600 866 κατακαλλύνει
3659 810 3750 862 τὸν

2184 901 2414 974 Ἀαρὼν,
2447 903 2525 965 εἰς
2561 901 2796 973 Χριστὸν
2828 901 3116 974 ἀναφέρων
3147 900 3249 972 τὴν
3274 901 3338 954 ἐκ
3366 900 3460 953 τοῦ
3492 899 3750 964 ποικίλως

2173 992 2430 1047 ἐστάλθαι
2467 991 2642 1056 δόξαν.
2687 992 2991 1062 Μονονουχὶ
3035 992 3142 1066 γὰρ
3191 992 3286 1046 καὶ
3339 990 3752 1060 συνυφασμένος

2171 1085 2237 1154 τῇ
2287 1083 2396 1136 τῶν
2445 1083 2801 1155 τεχνημάτων
2871 1086 3185 1154 κατασκευῇ
3237 1083 3500 1154 μυστικὸς
3546 1099 3606 1135 τε
3657 1083 3754 1135 καὶ

2173 1170 2404 1243 ἀκριϐὴς
2433 1172 2746 1242 εὑρίσκεται
2778 1171 2956 1241 λόγος,
2988 1172 3403 1242 αἰνιγματωδῶς
3438 1170 3754 1242 ὑποφαίνων

2173 1259 2266 1313 τοῦ
2297 1260 2550 1333 Σωτῆρος
2578 1261 2676 1333 τὴν
2707 1261 2882 1328 δόξαν.
2913 1261 3024 1316 Θέα
3043 1261 3150 1334 γὰρ
3175 1263 3324 1326 ὅπως
3355 1261 3453 1333 τῆς
3484 1261 3754 1326 συνέσεως

2173 1354 2269 1425 τῆς
2309 1353 2459 1423 παρὰ
2515 1352 2651 1407 Θεοῦ
2716 1352 2826 1407 τῶν
2880 1353 3204 1425 ἐσθημάτων
3243 1355 3367 1417 τοὺς
3393 1355 3756 1425 τεχνουργοὺς

2175 1444 2590 1516 ἀναπεπλῆσθαί
2627 1462 2812 1516 φησιν,
2847 1447 2929 1509 εἰς
2958 1445 3159 1516 εὐανθῆ
3189 1445 3598 1514 ποικιλουργίαν
3619 1445 3757 1499 ἀπο-

2175 1512 2510 1610 κομίζοντος,
2542 1512 2648 1591 και
2669 1512 2767 1609 τὴν
2784 1537 3023 1609 Χριστοῦ
3057 1512 3167 1601 τοῖς
3193 1512 3756 1608 ἀμφίοιςέγγράφον-

2173 1649 2263 1694 τος
2292 1629 2468 1696 δόξαν.
2507 1629 2864 1700 Περιστήθιον
2889 1629 2944 1683 δὲ
2979 1629 3073 1682 καὶ
3098 1630 3332 1701 ἐπωμὶς,
3359 1631 3454 1683 καὶ
3485 1629 3750 1701 ποδήρης.

2176 1724 2269 1776 καὶ
2305 1721 2468 1794 χιτὼν
2519 1724 2548 1775 ὁ
2579 1721 2951 1793 κοσυμϐωτὸς,
2987 1721 3197 1792 κίδαρις
3241 1739 3304 1775 τε
3339 1721 3433 1775 καὶ
3471 1721 3640 1793 ζώνη,
3685 1722 3754 1774 τὸ.

483 1829 766 1886 humerale
808 1837 863 1883 et
903 1829 1090 1884 talaris
1129 1829 1334 1893 tunica,
1369 1835 1426 1882 et
1477 1827 1663 1882 tunica
1713 1826 1944 1881 ﬁmbriis
1984 1841 2071 1881 or-

2175 1811 2662 1883 τεχνουργούμενα,
2697 1811 2837 1864 αὑτά
2872 1827 2932 1862 τε
2987 1809 3079 1864 καὶ
3105 1809 3243 1881 πρὸς
3267 1809 3481 1873 τούτοις
3506 1809 3694 1882 ἕτερα,
3720 1809 3760 1863 ἃ.

482 1928 635 1986 nata,
684 1920 886 1975 cidaris
929 1920 1096 1974 etiam
1131 1928 1185 1974 et
1219 1935 1376 1983 zona,
1410 1927 1466 1974 et
1495 1918 1760 1973 nonnulla
1793 1917 1897 1971 alia
1929 1933 2070 1988 prae-

484 2018 657 2073 terea,
682 2008 751 2063 de
771 2009 975 2078 quibus
999 2009 1275 2078 sigillatim
1301 2008 1409 2063 erit
1435 2008 1616 2072 nobis,
1643 2017 1702 2062 ut
1728 2023 1817 2062 res
1840 2009 2068 2078 patitur,

483 2095 890 2150 disserendum.
933 2095 1009 2150 De
1061 2096 1130 2151 iis
1175 2097 1364 2167 igitur,
1413 2096 1508 2166 qui
1563 2096 1631 2150 ad
1668 2112 1733 2150 ea
1759 2112 1927 2166 opera
1955 2095 2074 2150 effi-

484 2187 678 2242 cienda
715 2187 1156 2252 assumebantur,
1213 2189 1330 2242 ait:
1380 2208 1398 2240 ‹
1434 2189 1502 2244 Ει
1536 2189 1638 2259 ipsi
1677 2189 1953 2260 accipient
1979 2205 2074 2244 au-

485 2295 606 2333 rum
628 2289 681 2333 et
697 2279 1055 2351 hyacinthum
1084 2289 1140 2334 et
1172 2295 1496 2350 purpuram,
1529 2289 1586 2336 et
1618 2296 1843 2335 coccum
1865 2289 1922 2336 et
1945 2281 2073 2353 bys-

485 2386 606 2426 sum
625 2373 692 2424 ⁹⁸.
729 2391 746 2423 ι
777 2370 854 2425 Ae
876 2371 1013 2425 mihi
1043 2387 1236 2427 rursus
1259 2372 1327 2426 ad
1351 2388 1437 2437 ea,
1464 2387 1586 2442 quae
1608 2372 1890 2442 proposita
1922 2382 2072 2438 sunt,

484 2461 685 2516 mentis
722 2461 897 2516 aciem
944 2461 1201 2518 intendas
1247 2463 1434 2529 velim,
1469 2472 1634 2533 atque
1672 2463 1777 2518 hoc
1811 2471 1938 2520 ante
1969 2465 2075 2519 alia

483 2550 823 2606 consideres.

559 2641 760 2696 PALL.
791 2641 933 2708 Quid
961 2642 1108 2698 istud
1141 2651 1226 2697 est
1255 2642 1280 2695 ἲ

554 2733 710 2789 CVR.
739 2736 937 2789 Annon
984 2749 1052 2790 ex
1077 2751 1212 2789 auro
1239 2745 1295 2789 et
1314 2736 1478 2808 bysso
1507 2745 1562 2791 et
1590 2751 1834 2807 purpura
1861 2744 1918 2789 et
1946 2749 2074 2790 coc-

484 2825 614 2881 cino
644 2834 812 2889 torto,
839 2841 903 2880 ac
924 2826 1223 2898 hyacintho
1243 2828 1408 2882 etiam
1431 2843 1496 2882 ea
1516 2826 1700 2881 omnia
1727 2825 1869 2880 facta
1897 2834 2072 2889 erant,

485 2932 609 2987 quae
628 2915 697 2972 ad
736 2917 1154 2972 tabernaculum
1181 2918 1554 2989 pertinebant,
1583 2919 1882 2988 eademque
1912 2915 2073 2972 Chri-

485 3009 557 3064 sti
590 3007 817 3079 ﬁguram
841 3009 1148 3079 gerebant?

556 3099 756 3154 PALL.
787 3099 865 3154 Ita
889 3109 993 3155 est.

555 3189 714 3246 CYR.
747 3191 884 3246 Vide
916 3191 1082 3262 igitur
1114 3208 1180 3247 ex
1208 3193 1437 3248 materia
1467 3192 1659 3248 eadem
1686 3194 1850 3250 etiam
1883 3195 2075 3264 praei—

485 3280 582 3350 pui
611 3280 913 3335 sacerdotis
941 3281 1137 3335 stolam
1159 3297 1280 3336 esse
1310 3281 1636 3348 confectam,
1693 3298 1814 3352 quae
1863 3282 2074 3338 Christi

486 3371 717 3442 gloriam
745 3380 806 3426 ut
842 3372 897 3425 in
927 3371 1162 3443 imagine
1187 3371 1377 3428 itidem
1409 3388 1473 3428 ac
1501 3374 1692 3446 ﬁguris
1730 3376 2071 3442 contineret;

487 3479 613 3518 nam
638 3463 831 3518 eadem
855 3464 1044 3528 verba,
1071 3473 1128 3520 et
1149 3465 1461 3520 intellectus
1482 3482 1592 3520 non
1615 3466 1888 3532 diversus,
1913 3467 2075 3525 Chri-

487 3557 558 3610 sti
600 3556 828 3627 gloriam
877 3555 1204 3628 signiﬁcant.
1255 3557 1390 3611 Nam
1432 3558 1478 3612 is
1509 3567 1571 3614 ut
1600 3559 1655 3613 in
1686 3575 1822 3614 auro
1852 3561 2073 3629 quidem

488 3647 656 3711 Deus,
693 3655 752 3701 ut
786 3647 841 3702 in
871 3662 1116 3716 purpura
1139 3647 1345 3718 regiam
1379 3647 1704 3719 dignitatem
1743 3649 1972 3716 habens,
2015 3661 2076 3706 ut

489 3737 544 3791 in
575 3735 736 3807 bysso
776 3736 928 3790 tenui
976 3735 1220 3791 Verbum
1266 3735 1470 3792 subtile
1513 3747 1568 3791 et
1605 3739 1852 3808 corporis
1879 3755 2074 3810 expers

490 3828 865 3898 intelligitur:
907 3826 1052 3882 idem
1100 3841 1320 3896 quoque
1369 3837 1430 3882 ut
1483 3826 1538 3882 in
1595 3842 1761 3883 cocco
1808 3827 2074 3899 ﬁguratur

489 3927 716 3992 propter
752 3920 936 3975 carnis
981 3927 1239 3974 naturam
1279 3936 1293 3986 ;
1326 3927 1388 3974 ut
1428 3919 1484 3974 in
1514 3919 1809 3991 hyacintho
1837 3921 2074 3992 denique

489 4009 634 4069 aeris
654 4009 892 4081 speciem
917 4008 1187 4064 referente
1210 4009 1280 4081 (is
1297 4018 1380 4064 est
1401 4010 1549 4064 enim
1571 4011 1853 4082 hyacinthi
1875 4013 2072 4084 color),

488 4111 784 4177 propterea
809 4102 956 4172 quod
984 4117 1014 4157 e
1036 4101 1290 4171 supernis
1310 4109 1395 4156 est
1419 4110 1476 4157 et
1501 4117 1531 4156 e
1558 4103 1718 4158 coelo.
1741 4102 1883 4169 Quid
1903 4103 2077 4158 enim?

489 4193 684 4251 Nonne
711 4200 765 4247 et
791 4193 937 4248 Deus
957 4191 1121 4248 simul
1145 4200 1200 4248 et
1222 4194 1336 4250 Rex
1357 4202 1442 4250 est
1463 4193 1597 4249 illud
1613 4209 1682 4250 ex
1707 4194 1819 4250 Deo
1843 4195 2076 4250 Parente

492 4285 736 4340 Verbum
762 4285 786 4338 ’ἶ

563 4377 761 4431 PALL.
793 4375 928 4444 Quis
953 4379 1164 4447 neget?

2174 1906 2266 1959 καὶ
2305 1904 2407 1959 ἀνὰ
2434 1903 2598 1975 μέρος
2628 1905 2780 1974 ἡμῖν,
2819 1904 2895 1968 ὡς
2920 1902 3019 1968 ἔνι,
3056 1901 3352 1970 λελέξεται.
3377 1903 3523 1974 Ἔφη
3571 1901 3757 1955 τοίνυν

2174 1996 2302 2067 περὶ
2330 1995 2437 2048 τῶν
2468 1996 2547 2059 εἰς
2575 1995 2709 2067 ἔργα
2753 1994 3235 2066 παρειλημμένων,
3276 2013 3295 2046 ι
3334 1993 3633 2066 K613546101
3659 1993 3759 2065 λή-

2171 2089 2360 2157 ψονται
2384 2087 2446 2140 τὸ
2471 2087 2714 2159 χρυσίον,
2740 2086 2834 2140 καὶ
2861 2085 2960 2156 τὴν
2991 2084 3267 2152 ὑάκινθον,
3297 2085 3391 2138 καὶ
3418 2085 3520 2154 τὴν
3540 2083 3755 2156 πορφύ-

2175 2197 2296 2251 ραν,
2331 2181 2424 2232 καὶ
2450 2179 2510 2231 τὸ
2539 2177 2811 2243 κόκκινον,
2844 2176 2939 2230 καὶ
2983 2175 3198 2256 βύσσον.
3240 2195 3259 2228 ι
3306 2175 3416 2230 Καί
3465 2193 3556 2245 μοι
3594 2176 3758 2230 πάλιν

2173 2269 2370 2323 λεπτὸν
2395 2270 2556 2333 ἐνιεὶς
2589 2272 2702 2333 τοῖς
2731 2270 3113 2340 προκειμένοις
3133 2268 3225 2322 τὸν
3265 2267 3410 2334 νοῦν,
3443 2267 3538 2321 καὶ
3561 2267 3666 2338 πρό
3693 2284 3758 2335 γε

2173 2361 2237 2432 δὴ
2261 2359 2368 2415 τῶν
2399 2360 2576 2415 ἄλλων
2605 2359 2761 2432 ἄθρει
2789 2358 2853 2430 δὴ
2872 2358 3014 2413 τόδε.

2247 2641 2461 2695 IlAAA.
2503 2639 2577 2691 Τὸ
2605 2637 2756 2691 ποῖον
2787 2637 2841 2690 τί
2876 2637 3016 2708 φής;

2246 2732 2410 2787 ΚΥΡ.
2451 2732 2526 2786 Οὑ
2575 2730 2683 2803 γὰρ
2726 2729 2951 2801 χρυσίου
2993 2728 3088 2782 καὶ
3141 2726 3361 2798 βύσσου,
3395 2727 3488 2780 καὶ
3530 2725 3636 2798 μὴν
3661 2727 3760 2779 καὶ

2175 2823 2460 2894 πορφύρας
2508 2823 2604 2876 καὶ
2647 2821 2905 2876 κοκκίνου
2948 2818 3349 2891 κεκλωσμένου,
3395 2817 3651 2872 ὑακίνθου
3698 2834 3761 2870 τε

2174 2911 2241 2971 αὖ
2271 2916 2451 2970 πάντα
2490 2913 2818 2984 πεποίηνται
2869 2913 2938 2968 τὰ
2986 2913 3045 2966 ἐν
3090 2913 3156 2982 τῇ
3216 2911 3412 2980 σκηνῇ,
3447 2910 3541 2963 καὶ
3574 2905 3642 2980 ἦν
3680 2911 3764 2972 είς

2174 3011 2345 3065 τύπον
2377 3007 2618 3080 Χριστοῦ
2638 3025 2654 3075 ;

2246 3103 2456 3157 ΠΑΛΛ.
2499 3094 2626 3155 Ὧδε
2662 3099 2795 3171 ἔχει.

2246 3195 2412 3248 ΚΥΡ.
2450 3192 2560 3246 Θέα
2593 3191 2651 3245 δὲ
2693 3190 2757 3262 δὴ
2805 3193 2885 3244 ὅτι
2929 3189 3017 3244 διὰ
3066 3189 3175 3244 τῶν
3219 3189 3401 3244 αὑτῶν
3443 3192 3537 3247 καὶ
3579 3193 3620 3263 ἡ
3665 3189 3764 3244 τοῦ

2179 3283 2506 3356 προύχοντος
2552 3284 2610 3338 ἐν
2679 3282 2950 3355 ἱερωσύνῃ
3011 3283 3370 3355 διεσκευάσθη
3426 3285 3610 3356 στολὴ,
3663 3285 3767 3356 τὴν

2177 3374 2412 3447 Χριστοῦ
2447 3375 2602 3438 δόξαν
2649 3374 2726 3437 ὡς
2774 3376 2830 3428 ἐν
2880 3374 3048 3428 εἰκόνι
3102 3373 3166 3444 δὴ
3219 3375 3383 3429 πάλιν
3427 3379 3522 3430 καὶ
3568 3376 3766 3438 τύποις

2175 3467 2457 3521 ὠδίνουσα·
2487 3466 2636 3534 λόγοι
2667 3465 2776 3534 γὰρ
2825 3467 2872 3519 oi
2913 3466 3086 3530 αὐτοὶ,
3119 3467 3320 3535 γνῶσις
3353 3468 3411 3522 δέ
3447 3469 3544 3538 οὑχ
3574 3467 3762 3539 ἑτέρα,

2175 3559 2235 3612 τὸ
2266 3558 2506 3633 Χριστοῦ
2539 3557 2738 3623 κάλλος
2773 3559 3264 3630 κατασημαίνουσι.
3294 3559 3629 3614 Γινώσκεται
3655 3559 3766 3631 γὰρ

2173 3653 2247 3716 ὡς
2280 3654 2339 3706 ἐν
2375 3650 2562 3723 χρυσῷ
2594 3650 2694 3722 μὲν
2720 3649 2870 3716 Θεὸς,
2894 3649 2969 3713 ὡς
2994 3651 3051 3704 ἐν
3083 3650 3339 3724 πορφύρᾳ
3384 3651 3446 3706 τὸ
3484 3650 3764 3722 βασίλειον

2175 3744 2314 3814 ἔχων
2361 3742 2613 3813 ἀξίωμα,
2663 3741 2758 3795 καὶ
2810 3741 2885 3804 ὼς
2920 3741 2978 3793 ἐν
3030 3739 3214 3811 βύσσῳ
3252 3742 3423 3813 λεπτῇ
3489 3741 3647 3809 λόγος
3681 3741 3765 3794 ἰσι-

2174 3833 2299 3906 χνὸς
2331 3835 2425 3888 καὶ
2450 3831 2760 3903 ἀσώματος,
2799 3829 2876 3895 ὡς
2910 3830 2968 3884 ἐν
3007 3831 3243 3902 κοκκίνῳ
3278 3831 3364 3886 διὰ
3408 3831 3506 3902 τὴν
3553 3831 3762 3904 σάρκα·

2176 3927 2234 3979 ἐν
2297 3923 2536 3995 ὑακίνθῳ
2587 3940 2651 3993 γε
2704 3924 2811 3995 μὴν
2861 3924 3175 3993 ἀεροφανεϊ,
3241 3923 3600 3994 τοιουτόχρως
3655 3923 3767 3994 γὰρ

2175 4015 2450 4080 ὑάκινθος,
2481 4013 2570 4068 διὰ
2615 4013 2676 4067 τὸ
2732 4012 2941 4068 ἄνωθεν
2993 4013 3087 4066 καὶ
3137 4011 3198 4078 ἐξ
3260 4006 3510 4084 ούρανοῦ.
3539 4011 3610 4064 Ἣ
3655 4011 3766 4083 γὰρ

2176 4108 2298 4179 ούχὶ
2324 4107 2455 4172 Θεός
2488 4125 2546 4160 τε
2581 4105 2696 4178 ἅμα
2747 4107 2843 4159 καὶ
2899 4101 3154 4176 βασιλεὺς
3195 4105 3225 4159 ό
3275 4105 3341 4158 ἐκ
3387 4103 3523 4159 Θεοῦ
3552 4103 3768 4176 Πατρὺς

2178 4201 2351 4269 Λόγος
2367 4218 2382 4264 ς

2249 4383 2458 4437 ΠΑΛΛ.
2500 4382 2625 4448 Πῶς
2654 4383 2762 4454 γὰρ
2793 4381 2853 4436 οῦ
2871 4434 2882 4446 ,

560 4468 718 4524 CVR.
757 4469 949 4525 Nonne
992 4479 1278 4540 praeterea,
1313 4487 1440 4526 eum
1467 4470 1709 4526 Verbum
1730 4479 1876 4526 esset
1901 4471 2071 4525 Patris

2251 4475 2416 4528 ΚΥΡ.
2459 4475 2594 4546 Οὐχὶ
2625 4475 2683 4528 δὲ
2711 4475 2884 4544 Λόγος
2921 4473 2996 4528 ὢν
3043 4474 3136 4527 τοῦ
3192 4472 3403 4545 Πατρὺς
3451 4472 3646 4537 λεπτὸς
3671 4475 3766 4528 καὶ

493 4558 694 4614 subtile
753 4569 810 4615 et
847 4560 1090 4630 corporis
1116 4576 1331 4631 expers,
1372 4560 1518 4615 idem
1554 4561 1612 4613 in
1657 4575 1823 4614 carne
1847 4559 2076 4626 factum,

492 4659 550 4707 et
577 4651 644 4706 de
668 4652 924 4720 supernis
953 4662 1036 4707 est
1064 4652 1089 4705 ?

563 4743 764 4800 PALL.
795 4745 1023 4799 Verum.

563 4832 723 4888 CYR.
753 4832 924 4903 Igitur
967 4833 1162 4888 eadem
1209 4837 1293 4885 est
1331 4829 1556 4886 omnino
1601 4829 1795 4894 etiam,
1835 4831 1980 4900 quod
2010 4832 2078 4888 ad

492 4923 841 4978 subtiliorem
875 4923 1392 4991 contemplationem
1423 4921 1685 4992 pertinet,
1732 4923 1956 4977 materia
1981 4939 2080 4979 ve-

493 5016 905 5077 stimentorum,
941 5021 1012 5068 et
1050 5028 1241 5067 eorum
1285 5028 1407 5081 qua:
1454 5013 1509 5068 in
1549 5013 1886 5070 tabernaculi
1912 5031 2080 5085 opere

493 5105 744 5162 confecta
777 5114 924 5159 sunt.
961 5103 1072 5159 Sed
1104 5104 1172 5159 de
1208 5105 1294 5159 his
1321 5107 1474 5161 satis.
1522 5105 1642 5161 Jam
1685 5122 1820 5162 vero
1868 5107 1936 5164 de
1987 5108 2076 5174 iis,

492 5213 616 5267 quae
656 5197 726 5251 ad
759 5197 1028 5250 honorem
1073 5205 1130 5252 et
1169 5197 1398 5268 gloriam
1427 5198 1610 5253 Aaron
1643 5199 1794 5254 varie
1823 5208 2078 5254 contexta

494 5295 646 5353 sunt,
699 5287 920 5343 dicendi
971 5295 1188 5358 tempus
1225 5297 1328 5344 est.
1380 5290 1551 5361 [gitur
1577 5332 1590 5356 ,
1643 5310 1661 5342 ι
1687 5291 1756 5346 Ει
1787 5291 2012 5356 facient,
2052 5309 2071 5341 ›

497 5379 696 5448 inquit,
747 5397 766 5429 ι
806 5380 1254 5450 superhumerale
1285 5398 1353 5437 es
1386 5383 1547 5455 bysso
1583 5393 1746 5449 torta,
1783 5397 1923 5452 opus
1959 5391 2074 5437 tex-

498 5468 596 5528 tile
653 5469 986 5537 variatoris,
1051 5471 1160 5526 duo
1213 5472 1687 5542 superhumeralia
1736 5472 2100 5526 continentiae

498 5567 661 5619 erunt
689 5561 812 5632 ipsi,
841 5561 1072 5620 alterum
1099 5563 1257 5620 alteri
1279 5563 1334 5618 in
1356 5565 1574 5620 duabus
1594 5563 1846 5635 partibus
1860 5563 2070 5635 juncta,

573 5768 617 5800 "
647 5762 820 5829 Galat.
854 5782 930 5835 tn,
959 5769 1045 5823 27.
1123 5767 1167 5798 ’⁸
1193 5769 1363 5825 Exod.
1396 5787 1575 5837 xxviii,
1603 5770 1653 5824 5.

2179 4562 2489 4634 ἀσώματος,
2521 4564 2747 4634 γέγονεν
2772 4563 2829 4616 ἐν
2862 4562 3024 4636 σαρκὶ
3053 4562 3147 4618 καὶ
3182 4561 3328 4616 ἐστιν
3353 4560 3560 4616 ἄνωθεν
3587 4579 3601 4626 ;

2249 4738 2462 4792 ΠΑΛΛ.
2516 4735 2758 4808 Ἀληθές.

2249 4830 2414 4882 ΚΥΡ.
2455 4830 2522 4882 Αἱ
2548 4829 2711 4882 αὑταὶ
2751 4827 3042 4899 τοιγαροῦν
3083 4829 3522 4901 ἀπαραλλάκτως
3570 4830 3665 4883 καὶ
3689 4830 3766 4893 ὡς

2180 4919 2237 4973 ἐν
2270 4919 2474 4990 θεωρίᾳ
2507 4917 2676 4990 λεπτῇ
2721 4916 2832 4972 τῶν
2861 4918 3188 4990 ἐσθημάτων
3213 4922 3267 4973 αί
3318 4919 3463 4984 ὗλαι,
3496 4920 3589 4974 καὶ
3620 4920 3753 4990 μὲν-

2179 5028 2260 5064 τοι
2301 5011 2396 5063 καὶ
2448 5009 2557 5064 τῶν
2595 5011 3126 5082 κατεσκευασμένων
3171 5013 3228 5065 ἐν
3269 5013 3336 5083 τῇ
3384 5011 3517 5082 ἁγίᾳ
3564 5013 3758 5082 σκηνῇ.

2178 5101 2286 5156 Καὶ
2303 5100 2461 5154 ταυτὶ
2485 5101 2583 5171 μὲν
2599 5094 2722 5163 ὧδε,
2738 5101 2806 5154 τὰ
2825 5101 2882 5156 δὲ
2902 5104 2980 5166 εἰς
2994 5101 3157 5174 τιμὴν
3171 5103 3266 5157 καὶ
3284 5101 3442 5168 δόξαν
3459 5101 3538 5172 τῷ
3553 5101 3765 5172 ’Δαρὼν

2181 5192 2437 5257 ποικίλως
2475 5193 2826 5264 ἐξυφασμένα
2872 5194 3064 5266 καιρὸς
3114 5195 3215 5266 ἤδη
3267 5195 3465 5264 λέγειν.
3524 5193 3761 5257 Οὐκοῦν,

2184 5283 2331 5340 «Καὶ
2375 5286 2682 5355 ποιήσουσι,
2726 5285 2883 5355 φησὶ,
2949 5285 3049 5356 τὴν
3096 5285 3350 5356 ἐπωμίδα
3419 5287 3489 5338 ὲκ
3561 5284 3764 5354 βύσσου

2180 5376 2587 5447 κεκλωσμένης,
2626 5375 2788 5448 ἔργον
2824 5376 3061 5446 ὑφαντὸν
3090 5375 3390 5439 ποικιλτοῦ,
3425 5374 3519 5429 δύο
3548 5375 3766 5446 ἐπωμί-

2183 5470 2274 5533 δες
2315 5468 2639 5540 συνέχουσαι
2670 5467 2886 5524 ἔσονται
2923 5468 3093 5539 αὐτῷ,
3134 5468 3299 5540 ἐτέρα
3324 5468 3424 5538 τὴν
3446 5465 3644 5536 ἑτέραν
3672 5466 3770 5520 ἐπὶ

2181 5564 2292 5627 τοῖς
2326 5560 2420 5616 δύο
2455 5549 2678 5632 μέρεσιν
2726 5561 3092 5634 ἐξηρτημένα.
3132 5560 3241 5616 Καὶ
3277 5559 3340 5614 τὸ
3384 5559 3614 5630 ὕφασμα
3649 5556 3767 5613 τῶν
