4118 6500
465 400 569 456 735

1132 411 1220 466 DE
1259 411 1702 468 ADOIIATIONE
1739 411 1806 478 IN
1847 409 2119 468 SPIRITU
2163 409 2251 466 ET
2296 407 2668 466 VERITATE.
2704 436 2774 446 -—-
2814 404 2944 460 LIB.
2989 405 3080 460 XI.

3648 410 3758 466 73-5

453 527 766 598 ἐπωμίδων,
812 527 841 581 ὃ
873 528 1019 582 ἐστιν
1049 530 1136 584 ἐπ’
1166 526 1512 600 αὐτῷ’κατὰ
1565 529 1663 601 τὴν
1704 529 1941 600 ποίησιν,
1989 531 2014 582 ἐ

2123 580 2124 587 η
2153 535 2210 581 et
2250 533 2468 581 textura
2507 522 3070 596 superhumeralium,
3103 536 3228 592 qua:
3257 530 3342 576 est
3369 521 3425 576 in
3457 522 3579 594 ipso
3603 523 3762 593 juxta
3830 597 3844 611 τ

452 620 621 697 αὐτου
652 619 808 674 ἔσται
844 624 908 674 ὲκ
947 622 1152 694 χρυσοῦ
1189 625 1284 680 καὶ
1326 623 1587 678 ὑακίνθου
1623 624 1717 678 καὶ
1759 624 2050 696 πορφύρας

452 715 543 766 καὶ
574 714 831 768 κοκκίνου
876 716 1302 788 διανενησμένου
1336 719 1432 772 καὶ
1485 717 1686 789 βύσσου
1731 717 2050 788 κεκλωσμέ-

447 825 565 880 νης,
603 827 622 859 ι
651 808 827 877 ’Υλην
863 809 920 863 δὲ
949 813 1064 874 τοῖς
1095 811 1386 883 ὑφάσμασι
1422 811 1547 875 δοὺς
1577 810 1676 882 τὴν
1721 811 1822 881 ἤδη
1859 828 2047 882 προει-

451 901 722 972 ρημένην,
752 902 914 966 εὐθὺς
940 905 1212 978 ἐπιφέρει·
1238 925 1255 956 ι
1281 905 1393 958 Καὶ
1414 904 1561 976 λήψῃ
1587 904 1713 968 τοὺς
1733 903 1826 956 δύο
1843 901 2042 967 λίθους.

442 989 627 1055 λίθους
659 992 1033 1062 σμαράγδους,
1064 996 1158 1048 καὶ
1174 993 1401 1065 γλύψεις
1429 996 1484 1046 ἐν
1501 993 1685 1056 αὐτοῖς
1705 993 1773 1047 τὰ
1803 993 2045 1064 ὀνόματα

439 1081 553 1135 τῶν
589 1083 722 1136 υίῶν
769 1073 1007 1155 Ἰσραὴλ,
1050 1084 1110 1150 ἓξ
1147 1086 1389 1156 ὀνόματα
1441 1085 1572 1157 περὶ
1619 1083 1712 1136 τὸν
1753 1084 1901 1138 λίθον
1951 1084 2044 1138 τὸν

439 1173 560 1236 ἕνα,
601 1174 698 1227 καὶ
739 1174 810 1228 τὰ
860 1174 919 1243 ἒξ
968 1176 1210 1248 ὀνόματα
1248 1177 1314 1230 τὰ
1337 1175 1500 1230 λοιπὰ
1529 1176 1619 1232 ἐπὶ
1648 1177 1738 1230 τὸν
1773 1176 1918 1231 λίθον
1951 1177 2043 1232 τὸν

435 1265 713 1337 δεύτερον,
746 1267 890 1321 κατὰ
923 1267 1022 1333 τὰς
1060 1269 1304 1338 γενέσεις
1347 1270 1554 1334 αὐτῶν,
1604 1269 1769 1342 ἔργον
1826 1269 2042 1342 λιθουρ-

437 1359 607 1429 γικῆς
652 1360 888 1431 τέχνης·
937 1361 1170 1432 γλύμμα
1217 1363 1516 1432 σφραγίδος
1557 1361 1874 1432 διαγλύψεις
1913 1364 2041 1428 τοὺς

433 1449 621 1514 λίθους
651 1452 748 1505 ἐπὶ
798 1455 912 1515 τοῖς
945 1453 1174 1524 ὀνόμασι
1206 1454 1317 1508 τῶν
1352 1455 1483 1508 υίῶν
1529 1455 1766 1526 Ἰσραήλ.
1804 1457 1912 1510 Καὶ
1941 1454 2040 1527 θή-

435 1561 551 1608 σεις
590 1544 719 1609 τοὺς
751 1544 846 1599 δύο
875 1545 1058 1610 λίθους
1086 1547 1180 1600 ἐπὶ
1217 1547 1326 1600 τῶν
1379 1546 1548 1618 ὤμων
1591 1541 1701 1618 τῆς
1727 1548 2027 1620 ἐπωμίδος·

431 1636 571 1691 λίθοι
605 1638 957 1709 μνημόσυνόν
983 1641 1091 1693 εἰσι
1131 1642 1245 1704 τοῖς
1269 1641 1407 1704 υἱοῖς
1436 1642 1675 1714 Ἰσραήλ.
1700 1659 1720 1693 ι

504 1730 712 1784 ΠΑΛΛ.
755 1731 936 1796 Βαθὺς
973 1732 1092 1802 μὲν,
1121 1732 1197 1795 ὠς
1246 1732 1443 1799 ἔοικεν,
1475 1735 1504 1788 ὁ
1559 1736 1618 1788 ὲν
1657 1735 1771 1798 τοῖς
1824 1733 2034 1808 θεωρήο

2159 617 2532 683 eﬂ‘ectionem,
2567 635 2631 673 ex
2675 619 2795 687 ipso
2834 617 2961 681 erit,
2999 631 3068 671 ex
3106 630 3246 669 auro
3279 624 3335 670 et
3373 615 3672 689 hyacintho
3704 631 3761 677 et
3790 617 3835 656 ‘

2158 724 2406 780 purpura
2428 717 2485 764 et
2509 725 2677 765 cocco
2707 718 2875 773 torto,
2900 717 2957 762 et
2975 709 3140 780 bysso
3166 717 3295 763 neta
3316 709 3383 764 ⁹⁹.
3426 728 3445 762 ›
3480 709 3620 765 Cum
3653 713 3758 768 ita-

2157 815 2265 870 que
2300 801 2591 857 materiam
2622 817 2745 872 qua
2784 815 2934 856 nunc
2970 801 3116 858 dicta
3138 809 3244 867 est,
3276 802 3558 858 textilibus
3586 806 3759 860 vesti-

2155 892 2262 949 bus
2305 893 2614 959 tribuisset,
2655 895 2921 949 continuo
2967 894 3252 966 subjungit
3287 913 3300 948 :
3358 913 3375 947 ‹
3413 896 3484 950 Ει
3517 898 3757 968 accipies

2153 987 2294 1043 duos
2334 987 2582 1058 lapides,
2625 987 2791 1058 380
2819 989 3032 1059 lapides
3070 988 3410 1059 smaragdos,
3449 998 3506 1044 et
3537 992 3757 1062 sculpes

2153 1078 2211 1133 in
2239 1079 2321 1134 eis
2343 1080 2567 1134 nomina
2600 1078 2842 1134 filiorum
2874 1080 3078 1135 Israel:
3105 1095 3204 1135 sex
3230 1083 3457 1137 nomina
3485 1082 3542 1137 in
3572 1081 3755 1153 lapide

2152 1187 2283 1236 uno,
2319 1180 2376 1226 et
2417 1187 2514 1228 sex
2550 1172 2777 1228 nomina
2813 1172 3027 1243 reliqua
3055 1173 3113 1228 in
3151 1172 3334 1244 lapide
3363 1175 3559 1240 altero,
3595 1176 3754 1246 juxta

2149 1265 2468 1321 nativitates
2504 1281 2719 1330 eorum,
2745 1281 2885 1335 opus
2923 1267 3240 1337 gemmariae
3270 1268 3424 1323 artis.
3454 1268 3752 1339 Sculptura

2147 1355 2311 1427 sigilli
2350 1358 2571 1427 sculpes
2606 1357 2822 1428 lapides
2852 1356 3174 1412 nominibus
3196 1356 3434 1412 ﬁliorum
3461 1359 3661 1414 Israel:
3694 1369 3752 1416 et

2147 1465 2320 1519 pones
2375 1450 2517 1506 duos
2565 1451 2778 1522 lapides
2825 1453 2882 1506 in
2935 1451 3186 1505 humeris
3233 1451 3744 1521 superhumeralis:

2144 1539 2357 1610 lapides
2389 1542 2709 1598 memoriale
2733 1552 2864 1598 sunt
2896 1541 3024 1596 filiis
3052 1541 3220 1597 Israel
3252 1544 3290 1596 ⁸.
3326 1562 3345 1594 ›

2216 1717 2416 1772 PALL.
2462 1719 2744 1775 Profunda
2775 1720 3035 1791 equidem
3066 1719 3290 1775 videtur
3335 1721 3746 1790 propositarum

431 1840 569 1894 μασι
607 1823 787 1892 λόγος’
839 1824 1018 1897 πειρῶ
1046 1825 1103 1878 δὲ
1153 1826 1422 1896 πρότερον
1455 1827 1635 1880 ἐκεῖνο
1667 1828 1864 1893 εἰπεῖν,
1893 1827 1946 1880 τί
1974 1826 2021 1879 τί

2142 1811 2507 1878 quaestionum
2533 1812 2707 1866 ratio:
2729 1813 2826 1868 sed
2847 1815 3060 1868 enitere
3085 1813 3192 1867 hoc
3220 1811 3358 1867 mihi
3392 1814 3548 1883 prius
3574 1831 3746 1885 expo-

427 1917 619 1988 χρῆμα
649 1919 750 1988 τῆς
807 1919 1038 1988 ἐπίκλην
1090 1918 1386 1991 ἐπωμίδος,
1437 1919 1471 1991 ἢ
1504 1923 1657 1976 ποῖον
1697 1919 1764 1975 ἂν
1798 1919 1912 1992 ἔχοι
1936 1922 2021 1991 τῆς

2139 1920 2272 1960 nere
2293 1906 2560 1976 quidnam
2585 1905 2722 1961 illud
2748 1905 2818 1960 sit
2844 1905 2995 1975 quod
3029 1904 3342 1975 appellatur
3374 1905 3746 1974 superhume-

427 2010 777 2080 κατασκευῆς
803 2010 896 2064 τὸν
925 2011 1148 2081 τρόπον.

497 2102 664 2156 ΚΥΡ.
711 2103 982 2175 ’Υφασμά
1004 2122 1056 2158 τι
1079 2103 1308 2174 χιτῶνος
1335 2105 1412 2170 ὡς
1444 2106 1504 2159 ὲν
1551 2103 1679 2160 εῖδει
1713 2104 1808 2160 καλ¹
1868 2105 2031 2176 μέχρι

425 2195 652 2266 στέρνου
704 2195 893 2267 διῆκον
945 2196 1202 2264 γενέσθαι
1270 2198 1662 2269 προστέταχεν,
1716 2198 1794 2263 ὡς
1845 2199 2032 2263 αὐτοῖς

423 2286 536 2340 ἔσω
561 2303 622 2339 τε
662 2287 758 2341 καὶ
799 2285 877 2351 ὡς
907 2289 966 2342 ὲν
999 2288 1117 2359 χρῷ
1145 2290 1239 2344 καὶ
1274 2290 1437 2361 μέχρι
1486 2289 1670 2344 ποδῶν
1719 2289 2029 2360 ὲσθὴμασιν

423 2381 896 2452 ὲπενηνεγμένου,
949 2382 1048 2436 καὶ⁸
1104 2382 1202 2454 τὴν
1226 2383 1293 2435 ὲκ
1347 2383 1552 2453 χρυσοῦ
1590 2383 1685 2437 καὶ
1739 2383 2029 2454 πορφύρας

422 2471 838 2543 ἅπαστράπτων
871 2473 1069 2544 αὐγὴν,
1097 2477 1211 2538 τοῖς
1253 2473 1362 2527 τῶν
1393 2473 1687 2543 θεωμένων
1725 2473 2027 2543 ὀφθαλμοῖς

422 2563 623 2620 σεπτόν
659 2583 720 2619 τε
767 2566 865 2620 καὶ
918 2567 1248 2638 ίεροπρεπὲς
1278 2566 1574 2620 έντέκοιτὺ
1607 2565 1815 2637 θαῦμα.
1854 2566 2027 2619 Τοῦτο

414 2656 690 2728 κέκληκεν
713 2657 985 2729 ἐπωμίδα,
1014 2657 1104 2711 διὰ
1123 2657 1206 2723 τὸ,
1239 2654 1414 2730 οἶμαι,
1445 2656 1618 2730 βραχὺ
1637 2657 1730 2712 τοῦ
1747 2660 1908 2730 τεχνή
1919 2675 2024 2729 μα-

414 2765 530 2815 τος,
553 2750 648 2804 καὶ
675 2750 737 2804 τὸ
766 2753 972 2821 ἀμφοῖν
1002 2750 1067 2822 δὴ
1095 2750 1246 2822 μόλις
1276 2750 1667 2805 ὲπιτάννυσθαι
1687 2753 1802 2804 τοῖν
1826 2749 2020 2821 ὢμοιν.

425 2843 519 2898 Ἐν
547 2843 721 2916 ταύτῃ
765 2845 830 2914 δὴ
861 2839 956 2898 οὖν
995 2847 1061 2916 τῇ
1101 2843 1340 2914 ἐπωμίδι
1377 2843 1472 2896 δύο
1529 2843 1732 2908 λίθους,
1770 2844 2024 2916 σμαράγ-

413 2936 506 2991 δου
527 2936 585 2990 δὲ
615 2932 801 3002 αὗται,
831 2934 1154 3007 κλώσμασιν
1201 2937 1402 3006 ἰσχνοῖς
1429 2932 1490 2990 εὖ
1524 2936 1669 3007 μάλα
1701 2935 2022 3007 διεσφιγμέ-

410 3047 512 3095 νας
555 3029 926 3102 ὲνερείδεσθαι
973 3031 1088 3085 δεῖν
1150 3028 1406 3083 διετύπου
1455 3028 1665 3100 σαφῶς,
1707 3029 2020 3101 ὲνορωρυγ-

412 3119 595 3190 μένων
639 3121 911 3190 εὐτέχνως
939 3120 1202 3192 ὀνομαστὶ
1236 3119 1344 3174 τῶν
1372 3119 1578 3189 φυλῶν,
1612 3119 1688 3183 ὡς
1729 3119 1788 3187 ἒξ
1815 3121 1874 3174 ὲν
1919 3123 2020 3192 μιᾷ

405 3212 722 3284 γράφεσθαι
749 3214 906 3286 λίθῳ.
947 3215 1060 3269 Καὶ
1096 3214 1183 3278 τίς
1214 3216 1243 3268 ὁ
1273 3213 1427 3268 τοῦδε
1459 3213 1638 3283 λόγος,
1687 3214 1849 3278 αὐτὸς
1885 3215 2018 3285 ἡμῖν
2046 3251 2088 3309 C

2141 1996 2278 2063 rale,
2303 2013 2483 2068 quove
2506 1999 2672 2053 modo
2694 1997 3030 2052 confectum.
3467 2075 3476 2078 _

2205 2088 2363 2146 CYR.
2403 2091 2670 2146 Textilem
2710 2091 3006 2162 quamdam
3074 2099 3284 2146 vestem
3327 2074 3531 2146 tunicae
3568 2090 3743 2146 instar

2135 2196 2311 2250 usque
2339 2181 2410 2236 ad
2434 2191 2629 2252 pectus
2667 2182 3038 2252 pertinentem
3065 2182 3188 2238 ﬁeri
3213 2183 3402 2254 jussit,
3428 2191 3510 2248 ut,
3545 2183 3615 2238 iis
3641 2199 3741 2239 ve-

2133 2275 2332 2342 stibus,
2370 2292 2494 2346 quae
2536 2276 2833 2332 interiores
2866 2284 3075 2343 essent,
3120 2286 3178 2333 et
3208 2292 3412 2348 corpus
3448 2278 3739 2348 continge-

2132 2376 2280 2432 rent,
2321 2380 2378 2422 et
2412 2383 2586 2439 usque
2631 2368 2700 2424 ad
2737 2369 2907 2439 pedes
2968 2369 3418 2434 demitterentur,
3479 2370 3736 2439 superin-

2130 2458 2316 2524 ducta,
2363 2467 2420 2515 et
2455 2462 2576 2515 auri
2635 2477 2700 2516 ac
2733 2477 2996 2532 purpurae
3043 2461 3340 2532 splendore
3380 2460 3617 2532 fulgens,
3654 2461 3738 2515 in-

2129 2552 2405 2606 tuentium
2431 2553 2607 2608 oculis
2624 2552 2996 2608 venerandam
3023 2562 3079 2608 et
3109 2553 3436 2608 sacerdotali
3450 2553 3736 2623 majestate

2129 2643 2352 2715 dignam
2391 2645 2816 2701 admirationem
2874 2646 3183 2716 ingeneret.
3219 2646 3374 2701 Hauc
3395 2645 3614 2700 vocavit
3637 2660 3734 2700 su-

2127 2736 2540 2805 perhumerale,
2580 2753 2700 2804 seu,
2735 2751 2799 2793 ut
2837 2737 3028 2794 Graece
3054 2748 3161 2805 est,
3199 2739 3473 2808 ἐπωμίδα,
3509 2748 3736 2809 propter

2127 2827 2479 2894 brevitatem,
2520 2838 2582 2884 ut
2627 2830 2893 2895 arbitror,
2941 2830 3147 2900 operis,
3181 2837 3238 2885 et
3271 2829 3421 2900 quod
3450 2829 3542 2884 vix
3568 2846 3735 2900 super

2127 2928 2431 2990 utrumque
2467 2919 2765 2976 humerum
2803 2921 3222 2977 extenderetur.
3272 2921 3333 2976 In
3383 2922 3489 2976 hoc
3546 2921 3732 2992 itaque

2125 3011 2570 3082 superhumerali
2618 3013 2759 3068 duos
2811 3013 3026 3084 lapides
3077 3012 3376 3085 (smaragdi
3424 3015 3482 3069 hi
3541 3017 3730 3084 erant)

2125 3103 2390 3160 tenuibus
2432 3105 2668 3160 texturis
2722 3106 2898 3176 probe
2946 3107 3281 3160 constrictos
3325 3106 3496 3161 inseri
3542 3106 3728 3178 jussit,

2125 3193 2417 3266 insculptis
2447 3196 2749 3252 artificiose
2789 3214 2891 3268 per
2921 3197 3147 3252 nomina
3193 3197 3490 3265 tribubus,
3548 3198 3624 3253 ita
3670 3209 3732 3254 ut

401 3307 656 3376 διεσάφει
695 3306 903 3376 λέγων·
937 3327 954 3360 ι
978 3309 1090 3362 Καὶ
1130 3307 1363 3379 λήψεται
1409 3306 1621 3378 Ἀαρὼν
1662 3306 1731 3360 τὰ
1771 3307 2014 3378 ὀνόματα

2123 3301 2216 3341 sex
2248 3288 2304 3342 in
2340 3303 2450 3343 uno
2478 3289 2662 3359 lapide
2696 3290 3171 3346 describerentur.
3221 3291 3464 3362 Ejusque
3509 3292 3593 3347 rei
3638 3308 3728 3347 ra-

399 3395 518 3452 τῶν
547 3396 683 3451 υίῶν
724 3397 945 3469 Ἰσραὴλ
987 3396 1171 3452 ἔναντι
1206 3398 1414 3468 Κυρίου
1455 3396 1684 3451 ἐπὶτῶν
1718 3397 1813 3452 δύο
1842 3397 2013 3471 ὤμων

407 3489 599 3555 αὑτοῦ,
629 3491 980 3561 μνημόσυνον
1002 3493 1130 3563 περὶ
1155 3491 1358 3548 αὐτῶν.
1390 3511 1408 3544 ι

479 3668 688 3723 ΠΑΛΛ.
730 3668 1048 3740 Νομιοῦμεν
1089 3668 1144 3722 δὲ
1199 3669 1251 3722 τί
1299 3669 1386 3724 διά
1418 3687 1478 3724 τε
1538 3671 1651 3726 τῶν
1699 3671 1865 3726 λίθων
1917 3673 2011 3727 καὶ

397 3757 514 3812 τῶν
548 3759 604 3810 ὲν
643 3759 829 3824 αὐτοῖς
858 3760 1258 3830 ὑποδηλοῧσθαι
1283 3761 1478 3827 πάλιν;

475 3850 644 3905 ΚΥΡ.
693 3852 894 3905 Ἄκουε
923 3852 1012 3924 δή·
1054 3853 1212 3924 ὠχρὰ
1257 3855 1355 3925 μὲν
1400 3854 1548 3918 λίθος
1593 3857 1624 3926 ἡ
1665 3857 2007 3927 σμάραγδος.

411 3941 733 4013 Ἐννήχεται
771 3944 828 3997 δὲ
861 3944 1001 4016 αὐτῇ
1032 3945 1092 3998 τὸ
1124 3945 1406 4014 αὐγοειδὲς
1439 3948 1496 3999 ὲν
1531 3946 1707 4017 βάθει,
1753 3950 2008 4004 καὶοὶον-

398 4033 452 4088 εὶ
483 4036 664 4106 σκότῳ
721 4037 1099 4108 συγκέκραται
1158 4037 1294 4106 φῶς·
1360 4040 1625 4111 ἐκατέρου
1666 4042 1802 4114 πρὸς
1845 4044 2009 4098 ἑαυτὸ

396 4123 462 4178 τὸ
487 4128 646 4198 νικᾷν
671 4126 1051 4191 ἀνθέλκοντος.
1086 4123 1213 4200 Ἆρ’
1239 4127 1351 4190 οὖν,
1379 4123 1424 4182 ὦ
1458 4130 1745 4194 Παλλάδιε,
1774 4133 1909 4201 πρὸς
1947 4133 2007 4186 τὸ

396 4216 538 4287 ὑψοῦ
562 4237 621 4272 τε
652 4220 750 4272 καὶ
789 4219 902 4274 ἄνω
953 4219 1170 4290 βλέπων
1213 4223 1240 4274 ό
1274 4221 1368 4274 τοῦ
1408 4224 1663 4291 σώματος
1700 4223 2002 4294 ὀφθαλμὸς,

394 4312 494 4364 καὶ
526 4313 854 4376 κατατείνας
879 4316 961 4377 εἰς
983 4313 1044 4366 τὸ
1065 4314 1201 4384 βαθὺ
1224 4313 1360 4384 πρὸς
1394 4314 1592 4386 αἰθέρα
1625 4317 1717 4369 καὶ
1747 4318 2002 4387 οὐρανὸν,

393 4404 518 4474 οὐχὶ
557 4405 738 4476 τοιᾷδέ
792 4423 896 4459 τινι
937 4406 1204 4479 προϐαλεῖ
1254 4407 1490 4478 θεωρίας
1541 4407 1719 4479 ὠχρὸς
1753 4407 1862 4480 γάρ
1899 4427 2002 4464 που

392 4497 492 4548 καὶ
523 4496 601 4559 ὡς
634 4499 692 4550 ἐν
736 4497 892 4567 βάθει
920 4498 1109 4568 μέλας,
1135 4497 1231 4552 καὶ
1260 4499 1402 4568 φωτὶ
1447 4498 1656 4570 μετρίῳ
1690 4500 2000 4573 συμμιγὴς,

389 4592 423 4644 ὁ
460 4590 726 4644 ἀνωτάτω
755 4590 876 4644 λίαν
911 4592 1101 4662 αἰθήρ.

467 4773 682 4828 ΠΛΛΛ.
726 4768 852 4829 Ὧδε
887 4776 1022 4848 ἔχει.

467 4867 632 4922 ΚΥΡ.
669 4869 866 4923 Είκόνα
889 4870 954 4942 δὴ
976 4868 1070 4925 οὖν
1098 4871 1332 4946 οὐρανοῦ
1365 4875 1468 4947 τὴν
1495 4874 1643 4930 λίθον
1676 4879 1911 4932 ποιεῖται
1938 4879 1998 4932 τὸ

389 4957 638 5029 Γράμμα
679 4960 742 5014 τὸ
803 4963 971 5033 ἱερόν.
1005 4963 1111 5019 Καὶ
1160 4967 1238 5039 μή
1296 4984 1380 5021 τοι
1421 4968 1714 5042 θαυμάσῃς
1767 4971 1856 5025 ὅτε
1903 4974 1998 5026 καὶ

389 5054 686 5125 σαπφείρῳ
746 5057 1074 5128 παρεικάζει
1138 5060 1303 5114 πάλιν
1358 5061 1539 5116 αὐτόν.
1591 5063 1759 5135 Ὠχρὰ
1815 5065 1923 5137 γὰρ
1962 5067 1997 5136 ἠ

390 5144 725 5219 σάπφειρος,
772 5151 868 5204 καὶ
909 5151 1010 5221 τῆς
1055 5153 1113 5204 ὲν
1161 5155 1465 5226 σμαράγδῳ
1508 5155 1636 5220 θέας
1665 5158 1726 5210 οὐ
1755 5160 1995 5231 μακράν.

389 5239 717 5310 Γέγραπται
770 5242 828 5294 δὲ
871 5243 1047 5306 οὕτως
1117 5246 1175 5300 ὲν
1216 5249 1283 5318 τῇ
1351 5247 1566 5319 Ἐξόδῳ,
1636 5251 1784 5303 «Καὶ
1829 5251 1995 5322 ἀνέϐη

2119 3380 2325 3435 tionem
2370 3381 2487 3452 ipse
2509 3382 2673 3438 nobis
2697 3382 3022 3450 declaravit,
3053 3385 3246 3440 dicens
3280 3403 3291 3437 :
3338 3405 3356 3434 ι
3389 3386 3458 3439 Et
3483 3385 3730 3456 portabit

2115 3472 2299 3528 Aaron
2341 3475 2567 3530 nomina
2618 3474 2860 3529 filiorum
2908 3477 3099 3542 Israel,
3146 3492 3335 3532 coram
3380 3477 3635 3543 Domino,
3670 3478 3727 3532 in

2115 3566 2336 3621 duobus
2360 3567 2609 3622 humeris
2638 3570 2774 3635 suis,
2814 3569 2868 3624 in
2907 3571 3309 3626 monimentum
3335 3585 3434 3640 pro
3460 3570 3596 3640 ipsis
3624 3573 3665 3625 ⁸.
3700 3589 3719 3621 ι

2183 3680 2382 3736 PALL.
2418 3681 2563 3748 Quid
2601 3699 2736 3739 vero
2775 3684 3207 3740 existimandum
3235 3693 3319 3740 est
3351 3684 3631 3756 lapidibus
3670 3697 3727 3741 et

2113 3788 2309 3828 eorum
2346 3775 2648 3845 sculpturis
2670 3776 2969 3847 signiﬁcari
2996 3778 3020 3830 ?
3239 3817 3250 3822 -
3448 3766 3455 3771 ’

2183 3861 2344 3918 CYR.
2386 3864 2588 3935 Accipe
2620 3866 2753 3936 jam.
2793 3866 3024 3921 Lividus
3070 3867 3212 3937 lapis
3251 3873 3334 3921 est
3359 3866 3720 3938 smaragdus:

2111 3953 2280 4008 habet
2317 3962 2499 4010 tamen
2522 3956 2878 4026 splendorem
2911 3958 2967 4011 in
2999 3958 3276 4027 profundo
3296 3959 3448 4014 velut
3471 3959 3727 4014 innatan-

2111 4054 2244 4112 tem,
2293 4062 2359 4101 ac
2410 4047 2602 4103 lumen
2647 4049 3057 4118 quodammodo
3110 4049 3408 4104 admistum
3449 4051 3720 4118 tenebris,

2109 4154 2348 4208 quorum
2395 4148 2694 4210 utrumque
2729 4142 2966 4196 alterum
2995 4141 3220 4196 vincere
3245 4141 3552 4197 contendit.
3576 4143 3722 4199 Num

2106 4231 2298 4302 igitur,
2349 4233 2580 4302 Palladi,
2633 4233 2724 4287 hic
2749 4232 3002 4302 corporis
3039 4232 3236 4287 oculus
3267 4247 3489 4287 sursum
3523 4249 3722 4291 versus

2105 4336 2163 4381 et
2196 4327 2249 4380 in
2276 4327 2516 4382 sublime
2547 4336 2827 4397 spectans,
2857 4336 2912 4381 et
2935 4342 3100 4396 quam
3126 4326 3447 4398 longissime
3475 4327 3530 4380 in
3563 4342 3719 4382 sum-

2107 4434 2258 4473 mum
2302 4435 2486 4474 aerem
2558 4427 2614 4474 et
2680 4419 2882 4474 coelum
2938 4419 3222 4485 intentus,
3280 4434 3395 4474 non
3444 4420 3718 4490 ejusmodi

2106 4511 2402 4581 quamdam
2434 4510 2677 4582 speciem
2713 4511 2997 4564 incurrit?
3029 4511 3258 4566 Lividus
3280 4519 3367 4566 est
3387 4511 3535 4566 enim
3559 4527 3715 4577 sane,

2032 4611 2078 4666 D
2102 4620 2168 4660 ac
2194 4603 2348 4659 velut
2375 4603 2433 4657 in
2455 4603 2733 4673 profundo
2760 4604 2936 4673 niger,
2966 4611 3023 4657 et
3046 4603 3255 4658 lumine
3280 4603 3550 4660 mediocri
3575 4612 3716 4659 tem-

2107 4705 2332 4767 peratus
2359 4696 2450 4750 ille
2477 4696 2639 4764 longe
2668 4711 2962 4766 supremus
2993 4711 3108 4752 aer.

2176 4790 2374 4845 I‘ALL.
2416 4790 2495 4844 Ita
2530 4799 2634 4845 est.

2176 4883 2336 4939 CYR.
2365 4883 2609 4938 Utuntur
2641 4898 2773 4952 ergo
2806 4883 2911 4938 hoc
2934 4881 3118 4953 lapide
3143 4897 3312 4936 sacra:
3334 4880 3560 4936 Litterae
3586 4889 3710 4935 tan-

2102 4989 2269 5044 quam
2315 4973 2553 5044 imagine
2598 4973 2837 5045 quadam
2870 4974 3034 5028 cmli:
3069 4987 3252 5040 neque
3291 4970 3392 5025 tibi
3424 4971 3479 5025 id
3505 4972 3710 5026 mirum

2101 5066 2400 5128 videatur,
2455 5080 2583 5120 cum
2647 5064 2816 5119 etiam
2893 5063 3158 5134 sapphiro
3213 5061 3353 5116 illud
3426 5061 3713 5131 persimile

2097 5155 2265 5211 faciat
2291 5173 2303 5209 :
2349 5155 2553 5225 pallida
2580 5164 2667 5210 est
2692 5155 2840 5210 enim
2875 5170 3091 5225 gemma
3126 5152 3447 5222 sapphirus,
3477 5140 3534 5206 et
3564 5150 3710 5206 smaé

2097 5250 2251 5321 ragdi
2279 5249 2462 5320 specie
2498 5266 2611 5304 non
2641 5250 2806 5322 longe
2832 5256 3066 5305 remota.
3099 5249 3199 5303 Est
3236 5255 3422 5301 autem
3457 5246 3532 5300 ita
3562 5245 3705 5301 scri-

357 5331 602 5400 .Μωσῆς
633 5333 728 5386 καὶ⁸
770 5332 1005 5404 Ἀαρὼν,
1072 5335 1165 5388 καὶ
1217 5337 1426 5403 Ναδάϐ,
1480 5339 1574 5392 καὶ
1635 5339 1868 5406 Ἀὅιοὺδ,
1900 5341 1996 5394 καὶ

2123 5349 2250 5397 ltum
2292 5343 2348 5397 in
2382 5343 2572 5398 Exodo
2606 5361 2618 5395 :
2656 5341 2818 5412 381
2851 5360 2870 5393 ‹
2903 5341 2972 5395 Ει
2998 5339 3246 5395 ascendit
3269 5339 3481 5410 Moyses
3510 5346 3566 5394 et
3592 5336 3704 5393 Aa-

389 5422 772 5494 ἐὸδομήκοντα
818 5428 919 5496 τῆς
955 5427 1250 5500 γερουσίας
1289 5431 1526 5503 Ἰσραήλ.
1586 5432 1697 5487 Καὶ
1737 5428 1879 5486 εἶδον
1899 5434 1992 5489 τὸν

2123 5451 2214 5501 on,
2245 5445 2300 5492 et
2326 5436 2514 5491 Nadab
2536 5441 2593 5490 et
2614 5435 2818 5502 Abiud,
2843 5443 2900 5490 et
2920 5435 3266 5506 septuaginta
3301 5448 3332 5487 e
3359 5430 3677 5488 senioribus

388 5515 560 5568 τόπον
593 5511 655 5571 οὗ
704 5518 956 5589 εἱστήκει
991 5521 1019 5573 ὁ
1061 5519 1196 5585 Θεὸς
1235 5523 1482 5594 Ἰσραήλ·
1512 5523 1609 5576 καὶ
1633 5523 1702 5577 τὰ
1731 5524 1837 5579 ὑπὸ
1865 5526 1992 5590 τοὺς

391 5608 564 5672 πόδας
592 5610 784 5673 αὑτοῦ,
817 5611 950 5665 ὡσεὶ
979 5612 1142 5683 ἔργον
1187 5612 1337 5667 λίθου
1377 5615 1703 5687 σαπφείρου,
1732 5618 1830 5671 καὶ
1878 5617 1989 5672 ῶσ-

393 5717 503 5772 περ
525 5700 664 5766 εἶδος
686 5702 1069 5776 στερεὼματος
1091 5705 1186 5761 τοῦ
1216 5706 1471 5778 οὐρανοῦ,
1502 5711 1567 5780 τῇ
1596 5709 1983 5784 καθαρότητι.)

2096 5527 2290 5594 Israel,
2324 5537 2382 5584 et
2411 5529 2673 5584 viderunt
2707 5527 2891 5584 locum
2937 5529 3032 5583 ubi
3056 5527 3238 5582 stabat
3257 5527 3407 5581 Deus
3429 5523 3619 5584 Israel,
3643 5532 3712 5583 et.

2097 5622 2202 5676 sub
2223 5621 2460 5691 pedibus
2482 5622 2602 5692 ejus
2623 5620 2779 5691 quasi
2796 5635 2937 5690 opus
2957 5619 3157 5690 lapidis
3175 5617 3441 5689 sapphiri,
3467 5623 3523 5671 et
3539 5614 3712 5685 quasi;

2095 5715 2309 5784 species
2362 5712 2695 5771 firmamenti
2725 5713 2872 5782 coeli,
2923 5729 3056 5771 cum
3081 5725 3284 5785 purum
3321 5717 3407 5766 est
3430 5708 3469 5763 ³.
3501 5727 3519 5760 ι
3558 5706 3710 5767 Nam;

468 5881 514 5914 ’θ
539 5880 712 5937 Exod.
742 5898 928 5952 xxvur,
964 5884 1083 5940 6’8.
1167 5886 1177 5917 ¹
1206 5885 1346 5942 Ibid.
1375 5886 1524 5943 9-12.
1603 5889 1620 5919 ¹
1647 5889 1789 5947 Ibid.
1866 5890 1883 5923 ³
1917 5891 2021 5946 Exc

2123 5908 2261 5958 χειν,
2286 5893 2341 5959 9,
2373 5893 2454 5948 ιο.
