4118 6506
398 435 505 492 755

1426 433 1481 488 S.
1523 428 1799 491 CYRILLI
1837 435 2308 492 ALEXANDle
2341 433 2669 491 ARCHIEP.

3563 428 3665 484 756

401 547 529 617 quia
569 547 624 600 in
657 545 889 617 Egypto
934 545 1029 600 filii
1069 545 1235 601 Israel
1261 546 1548 602 coluerant
1574 557 1980 613 creaturam,et

2104 547 2318 620 Ἐπειδὴ
2363 547 2469 619 γὰρ
2512 549 2569 601 ἐν
2615 547 2879 617 Αἰγύπτῳ
2923 544 3207 615 γεγονότες
3253 543 3301 597 οἱ
3355 542 3414 608 ἐξ
3453 542 3669 614 Ἰσραὴλ

405 637 604 694 cmlum
651 637 816 694 deum
862 639 1228 707 appellabant,
1269 638 1395 694 ideo
1444 651 1753 710 opportune
1796 657 1982 696 rerum

405 730 651 782 omnium
707 728 796 782 ille
834 729 1096 782 Dominus
1131 744 1296 799 super
1327 730 1506 800 ipsum
1543 748 1762 802 quoque
1797 732 1982 787 ﬁrma-

405 829 650 872 mentum
705 817 903 875 sedens
952 819 1251 888 apparuit,
1297 829 1360 874 ut
1410 821 1783 892 intelligerent
1831 823 1982 878 illum

404 909 585 963 omnia
637 909 739 963 sub
777 909 1012 978 pedibus
1039 910 1267 976 habere,
1299 919 1354 966 et
1387 912 1558 981 ipsius
1590 914 1714 968 cmli
1739 929 1860 968 esse
1883 915 1982 968 do-

407 999 636 1059 minum.
677 1008 737 1053 ut
768 1000 915 1055 illius
939 1000 1279 1057 effectorem.
1315 1003 1581 1075 Intelligis
1603 1005 1769 1075 igitur
1801 1021 1986 1061 sacras

405 1087 645 1142 Litteras
685 1089 844 1158 quasi
889 1088 1118 1159 figuram
1165 1091 1460 1159 quamdam
1496 1099 1553 1144 et
1591 1091 1884 1161 imaginem
1918 1091 1986 1145 ad

405 1175 531 1231 coeli
577 1177 816 1246 speciem
865 1177 1279 1247 significandam
1317 1178 1577 1232 adhibere
1609 1177 1845 1247 lapidem
1869 1192 1987 1231 me-

406 1267 579 1323 diocri
619 1268 857 1337 quodam
887 1269 1094 1322 lumine
1120 1268 1533 1338 pallescentem,
1567 1284 1691 1324 cum
1719 1269 1788 1324 sit
1814 1268 1990 1323 ferru-

407 1359 566 1428 gineo
595 1360 832 1430 quodam
865 1359 1157 1429 splendore
1180 1360 1470 1431 praeditum
1493 1361 1516 1412 ἲ

479 1449 679 1506 PALL.
728 1449 946 1519 Optime
980 1451 1140 1506 dicis.

478 1541 638 1597 (ΝΒ.
679 1541 812 1597 Caeli
847 1541 1013 1612 igitur
1046 1551 1130 1597 est
1163 1551 1293 1597 nota
1330 1541 1669 1613 smaragdus,
1704 1550 1762 1595 et
1791 1540 1990 1594 inscri-

410 1639 565 1701 ptum
598 1631 765 1686 habet
796 1648 894 1702 per
924 1648 1124 1702 genera
1161 1640 1326 1702 atque
1359 1634 1536 1688 tribus
1579 1633 1757 1704 ipsum
1801 1633 1988 1699 Israel,

411 1723 702 1792 locumque
744 1723 801 1778 in
842 1725 1282 1793 superhumerali
1330 1733 1488 1780 nacta
1524 1743 1536 1778 :
1578 1740 1644 1779 ex
1677 1740 1786 1794 quo
1831 1725 1990 1779 facile

413 1815 645 1886 intelligi
685 1824 884 1886 potest,
920 1817 1235 1887 quicunque
1280 1816 1708 1886 descriptionem
1754 1817 1809 1870 in
1852 1817 1990 1872 caelo

2082 639 2470 710 λελατρεύκασι
2503 642 2570 712 τῇ
2615 639 2812 702 κτίσει,
2851 639 2948 692 καὶ
2975 637 3096 690 θεὸν
3121 637 3352 691 ἐκάλουν
3385 636 3475 688 τὸν
3503 635 3668 706 οὐρα-

2083 729 2190 791 νὸν,
2226 731 2511 801 χρησίμως
2559 731 2743 792 αὐτοῖς
2788 729 2816 781 ὁ
2847 728 2956 781 τῶν
3007 727 3144 782 ὅλων
3199 725 3402 797 Κύριος
3439 726 3534 779 καὶ
3580 723 3671 778 ἐπ’

2082 821 2246 874 αὑτοῦ
2275 821 2520 892 βεϐηκὼς
2543 821 2790 890 ἐφαίνετο
2819 820 2910 873 τοῦ
2945 819 3342 890 στερεώματος,
3373 817 3439 870 ἵν’
3479 817 3671 870 είδεῖεν

2084 913 2166 966 ὅτι
2201 913 2376 966 πάντα
2404 911 2509 966 ὑπὸ
2569 911 2737 974 πόδας
2765 911 2900 980 ἔχει,
2934 912 3030 964 καὶ
3062 909 3243 962 αὐτῶν
3284 910 3398 960 ἐστι
3429 906 3538 961 τῶν
3577 908 3672 959 06-

2089 1005 2268 1077 ρανῶν
2295 1003 2582 1072 δεσπότης,
2611 1003 2687 1067 ὡς
2711 1001 3064 1072 δημιουργός.
3103 1000 3301 1070 Συνίης
3342 993 3436 1075 οῦν
3464 997 3547 1051 ὅτι
3577 996 3674 1050 τύ-

2085 1113 2185 1149 πον
2216 1095 2406 1168 ὦσπερ
2437 1095 2560 1149 τινὰ
2587 1095 2683 1148 καὶ
2730 1091 3038 1162 είκονισμδν
3070 1089 3302 1162 οὐρανοῦ
3338 1089 3402 1143 τό
3430 1088 3674 1161 Γράμμα

2086 1189 2316 1241 ποιεῖται
2367 1185 2428 1239 τὸ
2485 1186 2651 1258 ἱερὸν,
2683 1185 2784 1256 τὴν
2843 1184 2918 1247 ὡς
2969 1183 3028 1236 ἐν
3080 1182 3286 1253 μετρίῳ
3329 1181 3470 1252 φωτὶ
3539 1195 3676 1234 κατ-

2085 1277 2375 1348 ωχριῶσαν
2397 1274 2542 1329 λίθον
2564 1289 2582 1344 ;
2620 1273 2934 1343 κυαναυγὴς
2963 1270 3072 1343 γὰρ
3095 1269 3276 1341 φύσει.

2161 1450 2368 1504 ΠᾹΛΛ.
2413 1450 2642 1522 Ἀριστα
2670 1449 2827 1520 ἔφης.

2160 1543 2323 1596 ΚΥΡ.
2361 1541 2605 1614 Οὐρανοῦ
2635 1543 2700 1614 δή
2731 1537 2824 1596 οὖν
2869 1542 3096 1612 σημεῖον
3121 1545 3154 1612 ή
3190 1541 3525 1613 σμάραγδος,
3580 1555 3676 1608 γεο

2090 1632 2409 1704 γραμμένον
2445 1633 2640 1704 ἔχουσα
2671 1634 2812 1687 κατὰ
2840 1633 2996 1702 γένος
3016 1633 3106 1688 τὸν
3139 1633 3376 1706 Ἰσραὴλ,
3398 1632 3494 1686 καὶ
3509 1632 3678 1684 τόπον

2090 1725 2330 1795 λαχοῦσα
2375 1724 2473 1796 τὴν
2519 1725 2788 1796 ἐπωμίδα,
2835 1725 2901 1778 δι’
2949 1719 3011 1778 οὗ
3051 1725 3318 1797 παρέσται
3371 1725 3530 1787 νοεῖν,
3572 1721 3674 1786 ὡς,

2092 1817 2251 1887 οἵπερ
2305 1815 2370 1870 ἂν
2410 1813 2520 1869 εἶεν
2550 1815 2650 1887 τὴν
2695 1816 3022 1887 ἀπογραφὴν
3073 1815 3328 1886 λαχόντες
3359 1816 3418 1868 ἐν
3439 1813 3677 1884 οὐρανῷ,

414 1907 694 1962 consecuti
728 1907 954 1972 fuerint,
982 1924 1078 1963 eos
1115 1924 1342 1978 prorsus
1373 1909 1429 1962 in
1463 1907 1685 1963 Christo
1712 1909 1996 1978 requietu-

2104 1903 2244 1961 οὗτοι
2269 1907 2446 1977 πάντη
2474 1924 2534 1960 τε
2559 1907 2650 1960 καὶ
2680 1907 2900 1971 πάντως
2929 1906 3408 1961 ἐπαναπαὺσονται
3441 1904 3522 1975 τῷ
3545 1905 3682 1975 Χρι-

415 2011 527 2062 ros,
569 1999 663 2067 qui
706 1997 908 2067 probos
944 1999 1093 2053 viros
1125 1998 1523 2068 propemodum
1561 1999 1614 2052 in
1645 1997 1892 2052 humeris
1921 2006 2001 2052 te-

414 2096 529 2155 net,
556 2097 612 2144 et
636 2090 756 2145 loco
786 2091 1023 2145 filiorum
1057 2091 1244 2145 habet.
1274 2091 1556 2161 Ejusmodi
1581 2089 1841 2160 quiddam
1868 2090 1998 2144 bea-

416 2188 506 2234 tus
549 2195 766 2250 quoque
815 2182 1026 2252 Moyses
1077 2181 1234 2247 dixit,
1281 2197 1406 2236 cum
1452 2197 1482 2236 a
1520 2181 1614 2235 Dei
1657 2181 2000 2252 protectione

414 2270 640 2326 laudare
675 2272 843 2326 vellet
878 2273 1133 2328 Israelem
1169 2291 1182 2327 :
1217 2293 1234 2324 ι
1271 2273 1425 2327 Sicut
1464 2273 1645 2343 aquila
1689 2274 1880 2329 fovens
1910 2275 1998 2328 ni-

416 2361 545 2416 dum
583 2376 765 2428 suum,
793 2371 849 2417 et
881 2379 1046 2434 super
1076 2363 1241 2433 pullis
1270 2365 1385 2419 suis
1411 2363 1764 2430 desideravit,
1793 2380 1999 2435 expan—

415 2453 551 2508 dens
598 2455 712 2509 alas
752 2471 881 2510 suas
937 2456 1149 2526 accepit
1196 2472 1315 2522 eos,
1358 2465 1413 2512 et
1463 2458 1763 2528 assumpsit
1808 2472 1903 2512 eos
1943 2457 2001 2511 in

417 2544 662 2600 humeris
704 2547 818 2601 suis
856 2546 895 2600 ⁸.
928 2566 945 2598 ι
994 2546 1306 2613 Quinetiam
1356 2549 1525 2602 David
1568 2557 1758 2603 sancto
1803 2548 2001 2618 cuique

414 2635 543 2692 etin
578 2637 854 2708 adjutorio
874 2637 1139 2693 Altissimi
1163 2639 1434 2693 habitanti
1465 2639 1718 2709 praacinit
1755 2657 1768 2692 :
1813 2657 1831 2690 ι
1867 2638 1999 2694 Sca-

417 2728 562 2799 pulis
592 2730 726 2794 suis,
764 2749 781 2779 ι
832 2730 1109 2799 inquiens,
1150 2749 1166 2782 ι
1208 2731 1564 2786 obumbrabit
1605 2730 1704 2784 tibi
1737 2733 1788 2797 ’ς
1821 2750 1838 2781 ι
1880 2745 2002 2785 sca-

416 2821 595 2891 pulas,
641 2829 702 2875 ut
743 2822 960 2891 opinor,
990 2829 1175 2893 partes
1219 2822 1465 2892 corporis
1491 2839 1611 2892 quae
1650 2823 1751 2878 sub
1789 2823 2002 2877 cervice

418 2917 567 2974 sunt,
600 2918 656 2966 et
701 2911 966 2968 humeros
1007 2912 1278 2976 indicans,
1313 2927 1422 2966 non
1466 2914 1691 2966 omnino
1735 2922 1904 2984 terga.
1941 2913 2003 2967 In

420 3001 669 3056 humeris
703 3002 868 3072 igitur
901 3003 1291 3072 portabuntur,
1322 3011 1383 3057 ut
1415 3003 1683 3074 propheta
1713 3003 1851 3057 dixit
1879 3003 1918 3068 ⁶,
1946 3003 2004 3058 in

418 3093 648 3149 brachio
701 3102 1082 3162 assumentur,
1134 3094 1362 3164 perinde
1411 3104 1574 3165 atque
1617 3096 1708 3150 ille
1745 3096 2005 3166 antiquus

419 3185 704 3256 Ephraim,
740 3189 1057 3258 quicunque
1089 3203 1341 3257 superam
1384 3188 1532 3242 illam
1575 3188 2001 3259 descriptionem

418 3281 699 3335 consecuti
751 3281 974 3346 fuerint,
1011 3296 1176 3350 quam
1228 3280 1522 3351 gloriosam
1564 3296 1684 3335 esse
1725 3288 1779 3335 et
1825 3280 2001 3335 admi-

417 3371 677 3436 randam,
725 3379 783 3426 et
819 3372 1019 3427 divinis
1067 3373 1394 3427 muneribus
1438 3373 1648 3428 caeteris
1691 3372 2002 3443 pulchritu—

415 3465 546 3522 dine
591 3463 751 3533 longe
794 3473 1164 3532 praestantem,
1202 3464 1318 3533 ipse
1362 3463 1610 3518 Salvator
1654 3463 1858 3518 sanctis
1891 3464 2004 3518 suis

420 3550 705 3620 discipulis
733 3551 1050 3616 declaravit,
1073 3552 1263 3608 dicens
1284 3553 1352 3606 ad
1379 3553 1528 3606 hunc
1554 3552 1778 3607 modum
1805 3571 1816 3604 :
1853 3571 1869 3602 ι
1898 3551 2006 3606 Νο-

422 3639 518 3693 lite
543 3641 801 3710 gaudere,
828 3639 975 3711 quOd
1002 3641 1270 3696 diemonia
1297 3641 1668 3712 subjiciuntur
1692 3642 1881 3707 vobis;
1909 3641 2005 3696 sed

422 3730 606 3799 potius
628 3729 881 3799 gaudete,
907 3730 1054 3800 quod
1092 3731 1315 3785 nomina
1345 3740 1527 3785 vestra
1557 3730 1760 3802 scripta
1793 3740 1919 3785 sunt
1950 3730 2006 3783 in

423 3818 648 3875 cmlis".
690 3839 708 3871 ›
752 3819 904 3874 Illam
948 3836 1115 3890 porro
1158 3821 1213 3874 in
1259 3820 1535 3890 lapidibus
1579 3819 2004 3890 descriptionem

425 3910 542 3966 fore
584 3911 762 3980 inquit
803 3912 931 3967 filiis
972 3911 1139 3967 Israel
1192 3913 1592 3966 monimentum
1659 3927 1842 3966 coram
1895 3911 2006 3966 Do-

424 4000 597 4068 mino,
630 4019 768 4074 quos
802 4005 892 4059 ille
925 4011 1182 4074 tanquam
1221 4003 1277 4057 in
1320 4005 1500 4058 Aaron
1540 4019 1774 4074 persona
1804 4019 2008 4074 prope-

424 4094 650 4149 modum
698 4095 1007 4164 intueatur;
1054 4097 1217 4166 382
1270 4096 1511 4150 admittit
1545 4097 1692 4151 enim
1729 4111 1831 4152 nos
1863 4096 2009 4152 Deus

425 4200 491 4242 ac
519 4187 681 4242 Pater
722 4189 778 4242 in
813 4189 1131 4243 memoriam
1167 4188 1222 4242 in
1251 4187 1492 4255 Christo,
1521 4189 1575 4242 in
1618 4203 1793 4258 eoque
1824 4195 1881 4242 et
1913 4187 2012 4243 do-

427 4280 641 4336 mestici
683 4280 812 4336 facti
853 4298 1043 4338 sumus
1082 4291 1139 4338 et
1169 4286 1288 4356 ejus
1320 4281 1658 4355 inspectione
1692 4280 1922 4351 dignati,
1953 4288 2010 4336 et

428 4382 688 4442 tanquam
715 4375 770 4428 in
793 4373 892 4429 Dei
919 4375 1064 4430 libro
1093 4375 1414 4447 conscripti.

501 4467 695 4522 PALL.
737 4470 906 4525 Recte
936 4470 1038 4525 ais.

2031 3209 2146 3300 cf?

2103 2001 2233 2072 στῷ,
2273 2000 2553 2070 μονονουχὶ
2583 2001 2677 2052 καὶ
2709 1998 2795 2052 ἐπ’
2817 1997 2982 2069 ὤμων
3021 1998 3217 2069 ἔχοντι,
3243 1998 3336 2052 καὶ
3377 1996 3452 2060 ὡς
3488 1997 3548 2049 ἐν
3574 1995 3678 2048 τά·

2100 2093 2180 2158 εει
2212 2091 2418 2144 τέκνων
2450 2090 2757 2162 ποιουμένῳ
2775 2093 2900 2154 τοὺς
2928 2089 3186 2158 ἀγαθούς.
3223 2089 3476 2142 Τοιοῦτον
3499 2087 3557 2140 δὲ
3581 2087 3680 2140 καὶ

2098 2187 2127 2237 ό
2158 2183 2300 2246 θεῖος
2350 2182 2456 2253 ἐφη
2503 2182 2732 2252 Μωσῆς,
2764 2182 2937 2251 φειδοῖ
2959 2185 3026 2253 τῇ
3059 2180 3208 2251 παρὰ
3240 2179 3376 2233 Θεοῦ
3403 2178 3684 2250 κατακαλ-

2099 2275 2272 2329 λύνων
2312 2275 2404 2329 τὸν
2465 2273 2703 2348 Ἰσραήλ·
2739 2293 2757 2325 ι
2798 2274 2886 2337 Ὠς
2939 2273 3096 2336 ἀετὸς
3145 2271 3415 2327 σκεπάσαι
3454 2269 3678 2325 νοσσιὰν

2101 2366 2316 2432 ἐαυτοῦ,
2370 2368 2464 2420 καὶ
2521 2366 2614 2420 ἐπὶ
2655 2367 2768 2429 τοῖς
2815 2368 3056 2427 νεοσσοῖς
3119 2364 3283 2418 αὐτοῦ
3345 2361 3679 2431 ἐπεπόθησε,

2099 2457 2231 2522 διεὶς
2257 2456 2358 2519 τὰς
2387 2456 2664 2525 πτέρυγας
2706 2455 2873 2510 αὑτοῦ
2927 2456 3145 2520 ἐδέξατο
3200 2455 3420 2518 αὐτοὺς,
3452 2453 3547 2508 καὶ
3585 2454 3683 2507 ἁν-

2102 2551 2292 2605 έλαὸεν
2317 2551 2514 2613 αὐτοὺς
2568 2549 2661 2602 ἐπὶ
2680 2548 2788 2602 τῶν
2837 2547 3186 2619 μεταφρένων
3241 2546 3422 2602 αὑτοῦ.
3467 2565 3486 2598 ι
3519 2544 3683 2599 Ἀλλὰ

2101 2644 2164 2714 δή
2211 2660 2312 2696 που
2359 2642 2501 2696 καὶὸ
2526 2640 2692 2694 Δα6ὶδ
2724 2639 3063 2711 ἀναμελῳδεῑ
3089 2639 3227 2711 ἁγίῳ
3268 2638 3451 2703 παντὶ,
3500 2639 3594 2692 καὶ
3621 2639 3684 2692 ἐν

2104 2733 2327 2805 βοηθείᾳ
2359 2733 2453 2786 τοῦ
2491 2731 2746 2802 Ὑψίστου
2781 2731 3146 2801 κατῳκηκότι,
3173 2748 3193 2782 ι
3225 2729 3348 2784 Ἐπὶ
3381 2729 3490 2784 τῶν
3519 2747 3687 2800 μετα-

2103 2826 2316 2898 φρένων
2347 2825 2514 2878 αὐτοῦ
2561 2824 2870 2879 ἐπισκιάσει
2939 2841 3057 2892 σοι,
3095 2841 3113 2875 ι
3148 2823 3301 2894 φησί.
3351 2821 3687 2892 Μετάφρενά

2104 2935 2207 2972 που
2233 2917 2482 2989 καθάπερ
2509 2910 2720 2987 ἐγῷμαι
2759 2915 2828 2969 τὰ
2859 2915 3160 2987 ὑπαυχένια
3192 2915 3356 2987 μέρη,
3392 2914 3488 2967 καὶ
3515 2912 3584 2965 τὰ
3603 2911 3685 2974 ὼς

2105 3012 2163 3064 ἐν
2187 3009 2357 3080 ὤμοις
2388 3009 2692 3081 ὺποδηλῶν,
2741 3010 2835 3062 καὶ
2866 3010 2988 3080 οὐχὶ
3011 3009 3074 3080 δὴ
3129 3007 3348 3071 πάντως
3396 3005 3468 3060 τὰ
3510 3003 3683 3058 νῶτα.

2119 3102 2235 3155 Ἐπ’
2268 3099 2435 3172 ὤμων
2482 3101 2546 3173 δὴ
2597 3098 2690 3155 οὖν
2733 3099 3085 3172 ἀρθήσονται,
3115 3099 3259 3154 κατὰ
3289 3099 3388 3168 τὴν
3422 3096 3516 3152 τοῦ
3552 3113 3687 3167 προσ

2150 3193 2279 3264 ήτου
2319 3191 2522 3262 φωνὴν,
2559 3190 2656 3244 καὶ
2709 3190 2804 3243 ἐπὶ
2859 3190 3145 3262 βραχίονος
3207 3187 3690 3258 ὰναληφθήσονται

2108 3281 2250 3337 κατὰ
2305 3282 2396 3336 τὸν
2433 3283 2659 3352 ἀρχαῖον
2697 3279 2958 3352 Ἐφραῒμ,
2993 3281 3042 3333 οί
3094 3281 3194 3349 τὴν
3257 3279 3369 3333 ἄνω
3428 3277 3691 3348 λαχόντες

2107 3371 2524 3442 ἀπογραφὴν,ἥν
2545 3371 2744 3424 εὐκλεᾶ
2757 3389 2814 3424 τε
2837 3371 2931 3424 καὶ
2950 3370 3273 3439 ἀξιάγαστον
3290 3370 3384 3423 καὶ
3399 3369 3505 3422 τῶν
3529 3367 3692 3422 Θείων

2108 3468 2462 3540 χαρισμάτων
2481 3467 2541 3519 τὸ
2568 3465 2760 3530 κάλλος
2781 3464 3182 3536 ὑπερκειμένην
3221 3461 3382 3526 αὐτὸς
3412 3461 3692 3531 ἀπέφηνεν

2107 3562 2134 3614 ό
2165 3559 2374 3630 Σωτὴρ,
2423 3561 2535 3623 τοῖς
2587 3558 2762 3626 ἁγίοις
2809 3557 3073 3629 μαθηταῖς
3103 3556 3279 3626 ὼδίπη
3323 3554 3516 3623 λέγων·
3553 3572 3572 3605 ι
3596 3554 3690 3624 Μὴ

2109 3650 2330 3722 χαίρετε
2361 3649 2442 3704 ὃτι
2479 3648 2549 3702 τὰ
2579 3648 2833 3717 δαιμόνια
2864 3647 3234 3702 ὑποτάσσεται
3273 3645 3424 3716 ὑμῖν,
3465 3642 3690 3715 χαίρετε

2109 3741 2166 3794 δέ
2198 3740 2414 3811 μᾶλλον,
2475 3741 2555 3793 ὅτι
2605 3739 2674 3794 τὰ
2721 3739 2964 3809 ὀνόματα
2991 3738 3148 3808 ὑμῶν
3202 3735 3581 3807 ἐγγέγραπται
3629 3736 3691 3787 ἐν

2109 3834 2222 3894 τοῖς
2263 3831 2530 3899 οὐρανοῖς.
2578 3849 2596 3883 ι
2650 3829 3011 3900 Μνημόσυνον
3045 3828 3102 3883 δὲ
3141 3829 3240 3900 τὴν
3267 3827 3324 3883 ἐν
3371 3844 3436 3897 γε
3470 3830 3582 3890 τοῖς
3615 3826 3694 3878 λί-

2111 3922 2223 3986 θοις
2278 3923 2607 3994 ἀπογραφὴν
2664 3921 2882 3974 ἔσεσθαί
2931 3938 3064 3991 φησι
3115 3923 3228 3984 τοῖς
3286 3921 3422 3983 υίοῖς
3475 3917 3696 3992 Ἰσραὴλ

2111 4014 2290 4068 ἔναντι
2329 4014 2558 4087 Κυρίου,
2618 4013 2903 4084 μονονουχὶ
2949 4013 3044 4066 καὶ
3073 4011 3492 4076 ἐνατενίζοντος,
3523 4010 3600 4072 ὡς
3635 4011 3696 4062 ἐν

2123 4105 2334 4176 Ἀαρών
2353 4121 2368 4135 ’
2397 4106 2695 4175 εἰσδέχεται
2725 4104 2833 4176 γὰρ
2863 4105 3010 4174 ἡμᾶς
3040 4105 3068 4157 ό
3096 4103 3228 4167 Θεὸς
3250 4104 3345 4157 καὶ
3387 4103 3580 4173 Πατὴρ
3609 4103 3696 4163 εἰς

2110 4197 2417 4269 ἀνάμνησιν
2449 4199 2507 4251 ἐν
2545 4196 2786 4268 Χριστῷ,
2832 4197 2927 4249 καὶ
2956 4196 3257 4266 γεγόναμεν
3287 4196 3346 4248 ἐν
3374 4194 3522 4266 αὐτῷ
3553 4194 3698 4263 γνώ-

2112 4291 2265 4364 ριμοί
2298 4307 2358 4343 τε
2387 4289 2482 4344 καὶ
2513 4289 2808 4353 ἐποπτείας
2833 4288 2995 4356 ἄξιοι,
3030 4288 3123 4342 καὶ
3151 4287 3228 4353 ὠς
3260 4288 3318 4342 ἐν
3349 4285 3516 4358 βίϐλῳ
3529 4286 3695 4341 Θεοῦ.

2181 4469 2388 4524 ΠΑΛΛ.
2444 4467 2647 4539 Ὀρθῶς
2669 4467 2826 4539 ἔφης.

498 4559 655 4616 CYR.
691 4561 831 4617 Huic
855 4565 1090 4617 alterum
1120 4578 1339 4633 quoque
1369 4573 1754 4619 ornamentum
1784 4561 2002 4633 adjungi

2182 4561 2347 4617 ΚΥΡ.
2410 4561 2690 4631 Κόσμημα
2735 4561 2792 4613 δέ
2849 4558 3022 4631 τούτῳ
3067 4560 3162 4612 καὶ
3207 4558 3393 4629 ἕτερον
3451 4573 3703 4627 προσεπ-

424 4652 604 4724 jubet,
637 4651 827 4707 dicens
853 4671 864 4706 :
897 4673 915 4704 ‹
945 4653 1014 4708 Ει
1035 4652 1204 4708 facies
1227 4653 1442 4708 scutula
1460 4670 1529 4709 ex
1559 4669 1696 4709 auro
1723 4669 1864 4724 puro
1885 4667 2017 4722 per-

431 4743 628 4809 mista;
662 4753 719 4799 et
757 4743 928 4800 facies
960 4745 1097 4799 duas
1137 4744 1384 4798 fimbrias
1425 4759 1492 4798 ex
1530 4759 1667 4798 auro
1711 4759 1851 4813 puro
1888 4758 2017 4812 per-

433 4835 624 4890 mistas
665 4833 915 4900 ﬂoribus,
961 4851 1102 4905 opus
1149 4834 1354 4898 tortile,
1397 4841 1454 4888 et
1492 4833 1741 4903 impones
1771 4833 2019 4888 fimbrias

437 4935 605 4982 tortas
651 4927 883 4982 scutulis
927 4925 994 4980 ad
1042 4925 1348 4980 humeralia
1396 4939 1589 4980 eorum
1641 4942 1708 4979 ex
1751 4926 2016 4980 anteriori

434 5028 609 5090 parte.
640 5019 709 5073 Et
741 5018 910 5074 facies
939 5018 1203 5073 rationale
1229 5017 1561 5088 judiciorum
1593 5034 1731 5089 opus
1755 5019 2014 5085 textoris;

435 5111 505 5165 ad
544 5112 764 5167 modum
796 5109 1267 5182 superhumeralis
1300 5108 1467 5166 facies
1501 5110 1671 5177 illud;
1704 5126 1772 5165 ex
1798 5125 1932 5165 auro
1963 5119 2020 5165 et

437 5201 735 5273 hyacintho
777 5209 834 5257 et
877 5215 1123 5270 purpura
1175 5210 1232 5256 et
1277 5201 1502 5257 coccino
1557 5209 1724 5268 torto,
1767 5212 1823 5257 et
1854 5202 2017 5273 bysso

439 5302 582 5348 torta
626 5293 795 5348 facies
837 5293 1007 5359 illud;
1042 5294 1480 5365 quadrangulum
1516 5297 1626 5352 erit
1669 5296 1874 5366 duplex
1917 5311 2014 5350 ex-

441 5395 604 5440 tenta:
634 5385 828 5454 palma:
862 5402 1174 5443 mensuram
1206 5389 1260 5444 in
1294 5391 1658 5461 longitudine,
1687 5400 1744 5445 et
1771 5398 2013 5445 tantum-

441 5479 565 5532 dem
593 5479 647 5532 in
669 5479 993 5545 latitudine;
1022 5490 1077 5535 et
1099 5494 1308 5540 attexes
1346 5486 1424 5540 illi
1465 5493 1734 5541 texturam
1775 5493 2014 5554 quatuor

440 5570 732 5624 ordinibus
759 5570 999 5642 lapidum
1034 5575 1294 5632 intextam
1317 5579 1360 5630 ⁸.
1403 5597 1420 5628 ι
1461 5579 1689 5643 Deinde,
1717 5592 1842 5630 cum
1871 5576 2014 5645 lapi-

441 5659 572 5715 dum
614 5660 836 5717 nomina
873 5663 1120 5720 ordinate
1155 5667 1450 5736 posuisset,
1479 5666 1725 5738 adjungit
1767 5665 1969 5719 iterum
1999 5682 2012 5719 :

516 5845 537 5880 ¹⁵
567 5847 724 5906 Deut.
758 5868 917 5919 xxx",
967 5852 1050 5906 ll.
1128 5853 1147 5886 ⁸
1171 5853 1311 5909 Psal.
1354 5869 1440 5919 xc,
1471 5853 1547 5935 ιι..
1635 5852 1655 5883 ⁸
1689 5850 1905 5914 Ose.x1,
1933 5846 1986 5900 5.

2114 4651 2348 4722 ἀγεσθαι
2384 4652 2492 4706 δεῖν
2526 4653 2801 4707 ἐπιτάττει
2841 4651 3037 4719 λέγων,
3070 4669 3088 4702 ι
3113 4650 3224 4706 Καὶ
3252 4651 3500 4720 ποιήσεις
3537 4649 3702 4703 ἀσπιά

2112 4744 2300 4808 δίσκας
2348 4745 2414 4798 ἐκ
2448 4739 2653 4814 χρυσοῦ
2725 4740 2968 4813 καθαροῦ
3014 4741 3536 4812 καταμεμιγμένας,
3602 4741 3698 4792 καὶ

2113 4837 2362 4906 ποιήσεις
2395 4833 2487 4886 δύο
2504 4832 2791 4903 κροσσωτὰ
2824 4833 2888 4884 ἐκ
2911 4833 3137 4902 χρυσίου
3166 4832 3408 4906 καθαροῦ
3447 4849 3697 4902 καταμε-

2119 4925 2363 4999 μιγμένα
2391 4927 2448 4980 ἐν
2479 4924 2697 4979 ἄνθεσιν
2741 4922 2900 4996 ἔργον
2937 4923 3164 4995 πλοκῆς,
3189 4925 3282 4977 καὶ
3315 4923 3597 4995 ἐπιθήσεις
3630 4923 3699 4976 τὰ

2115 5016 2406 5092 κροσσωτὰ
2434 5016 2504 5070 τὰ
2536 5016 2892 5087 πεπλεγμένα
2939 5017 3032 5070 ἐπὶ
3081 5017 3183 5082 τὰς
3241 5015 3568 5080 ὰσπιδίσκας
3601 5016 3696 5069 καὶ

2115 5113 2215 5176 τὰς
2237 5110 2562 5182 παρωμίδας
2587 5107 2768 5163 αὐτῶν
2795 5111 2860 5162 ἐκ
2883 5110 2990 5164 τῶν
3018 5109 3383 5181 ἐμπροσθίων.
3405 5109 3516 5163 Καὶ
3537 5111 3696 5181 ποιή-

2117 5221 2232 5266 σεις
2271 5201 2452 5271 λόγιον
2497 5201 2606 5254 τῶν
2641 5201 2901 5272 κρίσεων,
2954 5200 3116 5271 ἔργον
3153 5201 3389 5270 ὑφάντου
3428 5202 3570 5255 κατὰ
3602 5202 3695 5255 τὸν

2113 5292 2320 5365 ῥυθμὸν
2350 5292 2448 5364 τῆς
2475 5291 2770 5361 ἐπωμίδος,
2798 5293 3046 5360 ποιήσεις
3088 5292 3220 5347 αὐτὸ
3249 5294 3313 5345 ἐκ
3345 5293 3568 5364 χρυσίου
3603 5295 3696 5346 καὶ

2114 5383 2394 5448 ὑακίνθου,
2433 5384 2528 5436 καὶ
2563 5383 2851 5453 πορφύρας
2881 5384 2974 5437 καὶ
3013 5384 3267 5438 κοκκίνου
3293 5385 3694 5451 κεκλωσμένου,

2119 5479 2213 5534 καὶ
2237 5477 2432 5549 βύσσου
2461 5475 2866 5547 κεκλωσμένης,
2901 5479 3148 5548 ποιήσεις
3168 5477 3298 5529 αὐτὸ
3325 5463 3692 5547 τετράγωνον.

2121 5571 2273 5624 ἔσται
2317 5567 2536 5622 διπλοῦν
2577 5565 2858 5636 σπιθαμῆς
2892 5567 2952 5619 τὸ
2989 5567 3164 5637 μῆκος
3194 5569 3288 5620 καὶ
3335 5567 3610 5636 σπιθαμῆς
3639 5567 3698 5619 τὸ

2125 5657 2302 5732 εὖρος.
2331 5659 2439 5712 Καὶ
2484 5657 2814 5726 καθυφανεῖς
2864 5659 2922 5711 ἐν
2953 5657 3102 5727 αὐτῷ
3150 5656 3377 5730 ὕφασμα
3418 5656 3557 5712 κατὰ
3605 5655 3707 5710 τὸν-

2101 5838 2282 5901 τιλιιρ,
2318 5862 2368 5909 x,
2410 5845 2500 5900 20.
2601 5843 2620 5874 ⁸
2649 5843 2821 5899 Exod.
2848 5859 3031 5910 xxvnr,
3073 5841 3260 5898 I347.
