4118 6510
459 424 562 479 737

1134 424 1223 478 DE
1263 421 1709 480 ADORATIONE
1739 422 1806 478 IN
1850 422 2123 479 SPIRITU
2164 424 2253 480 ET
2292 391 2664 483 VERI'I‘ATE.
2703 459 2771 468 —-
2806 429 2936 485 LIB.
2973 431 3065 486 XI.

3625 440 3734 502 758

452 540 603 594 λίθον
631 537 1002 609 τετράστιχον.
1031 557 1050 590 ι
1083 535 1215 592 Εἶτα
1255 539 1363 592 τῶν
1398 539 1563 593 λίθων
1591 538 1804 603 συνθεὶς
1825 539 1895 592 τὰ
1928 540 2041 594 ὀνό-

2153 561 2169 592 ι
2200 541 2268 596 Ει
2300 542 2513 612 lapides
2551 544 2663 598 sint
2693 560 2760 600 ex
2785 545 3105 602 nominibus
3129 544 3367 602 filiorum
3397 548 3565 605 Israel
3592 551 3732 607 duo-

457 647 603 703 ματα
637 629 837 694 αὑτῶν,
875 631 1213 701 προσεπάγει
1237 631 1421 695 πάλιν,
1459 650 1477 683 ι
1502 631 1612 686 Καὶ
1635 633 1683 686 οί
1715 631 1850 685 λίθοι
1875 631 2043 686 ἔστω-

453 742 555 778 σαν
604 726 669 776 ἐκ
727 723 836 778 τῶν
880 722 1160 793 ὀνομάτων
1213 723 1324 776 τῶν
1365 723 1498 777 υἱῶν
1553 723 1772 795 Ἰσραὴλ
1808 723 2040 792 δώδεκα,

451 813 595 868 κατὰ
621 813 693 866 τὰ
717 812 958 883 ὀνόματα
985 812 1188 876 αὑτῶν,
1223 812 1424 882 γλυφαὶ
1463 813 1778 886 σφραγίδων
1807 813 2040 868 ἑκάστου

449 905 594 960 κατὰ
637 905 706 959 τὰ
756 905 1000 976 ὀνόματα
1042 905 1224 960 αὐτῶν
1273 904 1518 960 ἔστωσαν
1572 908 1654 970 είς
1704 906 1804 971 τὰς
1836 906 2044 962 δώδεκα

449 997 646 1067 φυλάς.
679 1017 696 1048 ι
723 997 834 1052 Καὶ
855 998 983 1068 ἐξῆς
1011 998 1126 1068 μετ’
1151 997 1330 1066 ὀλίγα·
1361 999 1504 1051 «Καὶ
1531 998 1778 1070 λήψεται,
1803 1017 1822 1051 ι
1853 1000 2038 1071 φησὶν,

455 1109 474 1143 ι
519 1089 730 1163 ’Δαρὼν
771 1091 841 1145 τὰ
888 1091 1129 1162 ὀνόματα
1190 1091 1300 1145 τῶν
1353 1092 1484 1146 υίῶν
1527 1091 1742 1164 Ἰσραὴλ
1796 1093 1894 1146 ἐπὶ
1947 1091 2041 1145 τοῦ

2146 634 2325 689 decim
2368 637 2526 706 juxta
2569 639 2793 692 nomina
2838 653 3053 705 eorum,
3085 640 3384 712 sculptura:
3428 641 3733 712 sigillorum

2145 726 2374 797 singulis
2402 729 2554 799 juxta
2591 731 2815 786 nomina
2842 727 3036 788 eorum
3073 733 3184 789 sint
3223 736 3279 790 in
3310 736 3600 794 duodecim
3633 739 3735 793 tri-

2145 816 2328 872 bubus
2348 820 2388 872 θ.
2430 839 2447 869 ι
2494 821 2562 874 Et
2593 831 2715 891 post
2749 839 2922 893 pauca
2959 841 2976 878 :
3021 845 3039 876 ι
3074 826 3143 881 Et
3176 829 3440 897 portabit,
3477 849 3494 880 ι
3531 829 3733 900 inquit,

2153 929 2172 962 ι
2215 911 2399 967 Aaron
2433 914 2657 968 nomina
2689 903 2928 971 filiorum
2961 918 3127 975 Israel
3171 921 3226 976 in
3259 923 3511 978 rationali
3535 924 3732 995 judicii

2144 1003 2199 1059 in
2232 1013 2475 1076 pectore,
2502 1022 2626 1061 cum
2663 1007 2970 1079 ingreditur
3000 1011 3054 1066 in
3089 1012 3372 1081 Sanctum,
3413 1015 3734 1071 memoriale

2144 1113 2330 1152 coram
2361 1099 2594 1155 Domino
2625 1100 2738 1155 Deo
2771 1102 2836 1155 ‘°.
2871 1120 2889 1153 ι

445 1184 631 1248 λογίου
659 1183 762 1255 τῆς
799 1185 1054 1254 κρίσεως,
1091 1185 1184 1237 ἐπὶ
1215 1183 1309 1238 τοῦ
1352 1184 1584 1254 στήθους
1624 1185 1846 1238 εἰσιόντι
1879 1184 1957 1246 είς
1981 1181 2042 1236 τὸ
2137 1227 2146 1234 .

448 1278 660 1347 Ἀγιον,
692 1278 1038 1348 μνημόσυνον
1063 1276 1244 1330 ἔναντι
1273 1275 1478 1347 Κυρίου
1506 1276 1598 1331 τοῦ
1625 1275 1781 1330 Θεοῦ.
1803 1295 1821 1328 ι

516 1369 730 1424 ΠΑΛΛ.
788 1367 876 1432 Ὠς
925 1367 1062 1438 βαθὺ
1112 1368 1207 1422 τοῦ
1253 1367 1435 1437 λογίου
1462 1368 1522 1422 τὸ
1562 1369 1772 1440 χρῆμα,
1815 1366 2039 1435 δυσέφι-

447 1461 576 1527 κτός
606 1478 666 1514 τε
698 1460 900 1533 κομιδῆ
933 1461 1029 1517 καὶ
1059 1462 1218 1528 αὑτὸς
1251 1456 1391 1517 εἶναί
1421 1479 1512 1533 μοι
1555 1461 1702 1516 δοκεῖ
1737 1461 1836 1532 τῆς
1871 1477 2039 1514 κατα-

449 1553 652 1625 σκευῆς
686 1555 715 1606 ὁ
745 1553 964 1626 τρόπος.

518 1735 681 1790 ΚΥΡ.
731 1734 896 1789 Ἰτέον
925 1735 989 1807 δὴ
1042 1733 1136 1790 οὖν
1187 1737 1274 1790 ἐπ’
1296 1734 1458 1804 αὐτὰ,
1510 1737 1608 1792 καὶ
1655 1736 1731 1802 ὡς
1774 1736 1945 1809 ἀγχοῦ
1973 1738 2036 1811 δὴ

448 1829 592 1900 μάλα
625 1829 726 1901 τῆς
777 1829 1058 1902 ἀληθείας,
1094 1830 1143 1883 εί
1183 1830 1280 1884 καὶ
1307 1831 1385 1902 μὴ
1433 1831 1670 1885 είσάπαν
1715 1832 1889 1907 αὐτῆς
1940 1834 2038 1904 ἐφο

447 1919 659 1975 ικέσθαι
691 1920 853 1991 τυχὸν
872 1901 1168 1992 ἐπιτρέπει
1207 1921 1268 1975 τὸ
1300 1901 1545 1984 ἄναντες.
1593 1922 1674 1975 Τὰ
1698 1901 1889 1996 γάρτοι
1917 1901 2036 1976 λίαν
2069 1901 2110 1956 Β

443 2011 740 2082 άσυμφανῆ
787 2011 892 2065 κᾶν
923 2010 1055 2080 γοῦν
1094 2013 1150 2064 ἐν
1189 2011 1438 2082 ἐσόπτρῳ
1480 2012 1718 2083 βλέπειν,
1760 2013 1927 2084 φαίην
1969 2013 2034 2066 ἂν

442 2103 619 2171 ἔγωγε
665 2101 894 2175 θατέρου
939 2103 1257 2172 διενεγκεῖν,
1302 2103 1399 2156 τοῦ
1456 2104 1576 2174 μηδ’
1611 2104 1747 2168 ὅλως
1791 2105 2034 2176 ἐννενοῆ-

443 2195 568 2251 σθαι
594 2195 758 2264 λέγω.
779 2195 918 2268 Ἐρῶ
952 2196 1016 2266 δὴ
1039 2193 1156 2261 οὖν,
1188 2197 1264 2260 ὠς
1285 2192 1398 2250 οἷόν
1422 2215 1479 2250 τε
1509 2198 1603 2251 καὶ
1640 2197 1716 2261 ὡς
1750 2197 1827 2250 ἂν
1853 2197 2033 2268 ἔχοιμι

440 2284 585 2345 κάτά
615 2289 760 2346 νοῦν.
802 2288 1155 2354 Ἀσπιδίσκας
1186 2290 1279 2344 δύο
1311 2291 1646 2361 προστέταχε
1683 2289 1935 2360 γενέσθαι
1969 2291 2034 2344 ἐκ

439 2383 667 2456 χρυσίου
714 2382 778 2454 δὴ
823 2381 1089 2454 καθαροῦ,
1127 2383 1428 2453 εὑρυτέρας
1461 2383 1561 2454 μὲν
1594 2383 1626 2454 ἢ
1657 2383 1799 2437 κατὰ
1844 2382 2035 2454 νομίσ-

442 2495 615 2548 ματος
649 2476 880 2543 κύκλον’,
917 2476 974 2528 ἐν
1008 2475 1139 2529 εἴδει
1193 2492 1258 2544 γε
1304 2477 1410 2546 μὴν
1451 2475 1528 2547 τῷ
1561 2473 1727 2545 αὑτῷ·
1782 2474 2036 2529 κυκλοτε-

443 2574 536 2642 ρές
563 2572 673 2643 γὰρ
703 2571 764 2626 τὸ
797 2571 1064 2643 νόμισμα·
1113 2566 1232 2624 εἶτα
1262 2570 1356 2624 δύο
1401 2568 1688 2640 κροσσωτὰ
1718 2570 2036 2641 μεμιγμένα

438 2667 500 2718 ἐν
526 2665 742 2720 ἄνθεσιν
774 2666 838 2717 ἐκ
867 2665 1093 2736 χρυσίου
1140 2663 1404 2736 καθαροῦ.
1437 2663 1633 2735 Σειρὰς
1682 2663 1738 2716 δὲ
1766 2660 1902 2715 εἶναί
1936 2679 2037 2731 φα-

442 2774 543 2828 μεν
570 2758 637 2812 τὰ
666 2756 976 2828 κροσσωτὰ,
1031 2754 1532 2826 ἐκπεποικιλμένην
1571 2752 1800 2824 ἐχούσας
1832 2752 1928 2824 τὴν
1961 2752 2035 2816 ὡς

440 2853 499 2904 ἐν
523 2849 810 2922 χρώμασιν
833 2848 975 2919 ὄψιν.
1000 2847 1171 2918 Ἀνθη
1194 2847 1302 2918 γὰρ
1325 2849 1428 2918 ἔφη
1467 2846 1536 2900 τὰ
1568 2844 1857 2916 χρώματα.
1895 2843 2036 2897 Βύσ-

441 2958 532 3003 σος
582 2939 639 2994 δὲ
686 2937 753 3008 ἦν
799 2939 908 3010 ἄρα
950 2939 1047 2992 καί⁵
1103 2937 1361 3009 πορφύρα
1389 2937 1566 3000 ταυτὶ,
1600 2935 1696 2989 καὶ
1723 2935 1873 3006 νῆμα
1907 2953 2038 3006 χρυ-

439 3030 590 3096 σοῦν,
631 3032 728 3084 καὶ
781 3031 890 3102 μὴν
923 3031 1016 3084 καὶ
1044 3029 1318 3093 ὑάκινθος,
1353 3029 1446 3082 καὶ
1494 3027 1724 3098 κλῶσμα
1753 3028 1813 3082 τὸ
1843 3028 2035 3081 κόκκι-

436 3140 551 3177 νον.
584 3123 696 3176 Kal.
745 3122 886 3193 πρός
923 3138 988 3190 γε
1040 3121 1104 3192 δὴ
1153 3121 1329 3191 τούτῳ
1370 3120 1570 3191 χρῆναι
1623 3118 1876 3188 γενέσθαι
1900 3120 2035 3190 φησὶ

433 3214 782 3287 τετράγωνον
811 3212 1061 3284 ὕφασμα,
1092 3213 1182 3266 καὶ
1208 3212 1284 3275 ὡς
1329 3213 1384 3264 ἐν
1435 3210 1563 3264 εἴδει
1617 3210 1807 3274 κύϐου,
1840 3210 2036 3264 σπιθα-
2063 3243 2104 3301 C

439 3311 645 3379 μιαῖον,
685 3306 1006 3378 ἰσόπλευρον
1041 3305 1311 3376 πανταχῆ.
1352 3302 1764 3372 Ἐνυφαίνεσθαι
1816 3303 1870 3356 δὲ
1918 3303 2028 3357 δεῖν

436 3399 588 3472 αὑτῷ
619 3402 719 3466 τὰς
747 3400 1072 3454 δυοκαίδεκα
1100 3399 1286 3463 λίθους
1321 3393 1379 3452 εὖ
1416 3398 1562 3470 μάλα
1595 3397 1753 3469 φησὶ,
1799 3396 1895 3450 καὶ
1926 3394 2032 3449 ἀνὰ

434 3499 587 3568 τρεῖς
616 3495 897 3567 κειμένας.
927 3494 1003 3558 ὡς
1047 3496 1104 3548 ἐν
1147 3493 1440 3565 τέσσαρσιν
1470 3492 1614 3556 ὅλοις
1646 3491 1850 3562 στίχοις
1880 3491 2028 3544 ἐντε-

435 3588 786 3660 τορευμένων
833 3587 1025 3649 αὐταῖς
1079 3585 1342 3655 ὀνομαστὶ
1394 3583 1502 3636 τῶν
1553 3581 1756 3653 φυλῶν.
1819 3579 2030 3634 Οὑκοῦν

434 3682 546 3736 ἀπὸ
576 3681 675 3753 μὲν
716 3682 815 3751 τῆς
857 3677 1153 3749 ἐπωμίδος,
1189 3678 1421 3747 χρυσαῖς
1456 3676 1551 3729 καὶ
1595 3674 1930 3728 πολυειδέσιν
1972 3674 2030 3726 αἱ

437 3774 757 3828 ἀσπιδίσκαι
823 3771 1033 3841 σειραῖς
1094 3769 1610 3839 ἐκκεκρεμασμέναι
1685 3765 2031 3835 ὑπεκάθηντο

438 3867 622 3938 μέντοι
656 3865 862 3937 ἡρέμα,
894 3863 954 3917 τὸ
999 3862 1133 3933 ὑψοῦ
1157 3881 1215 3917 τε
1242 3864 1416 3918 δοκεῖν
1445 3865 1538 3918 καὶ
1557 3862 1646 3918 ἐπ’
1675 3862 1856 3926 αὐτοῖς
1891 3856 2031 3917 εἶναι

433 3964 549 4024 τοῖς
585 3959 778 4031 ὤμοις.
805 3960 1079 4011 Ἤπτοντο
1109 3959 1166 4012 δὲ
1190 3957 1300 4010 τῶν
1335 3957 1574 4028 στέρνων
1598 3957 1694 4010 καὶ
1720 3956 1904 4019 αὐτοῖς
1927 3954 2027 4027 ἤδη

434 4053 762 4126 ἐπῃώρηντο
793 4053 906 4114 τοῖς
958 4054 1202 4122 μαστοῖς·
1246 4050 1355 4104 ἀπὸ
1380 4050 1437 4103 δέ
1463 4067 1526 4118 γε
1551 4049 1660 4102 τῶν
1690 4047 2030 4102 ἀσπιδισκῶν

437 4148 648 4217 σειραῖς
675 4145 891 4216 ἑτέραις
915 4142 975 4197 τὸ
1001 4143 1109 4196 τῶν
1134 4143 1367 4215 κρίσεων
1396 4142 1576 4210 λόγιον
1605 4138 1665 4195 εὖ
1692 4142 1836 4212 μάλα
1868 4158 2033 4211 προσ-

432 4237 752 4310 ηρτημένον
805 4237 1102 4307 ἐπενήχετο
1147 4234 1226 4306 τῷ
1279 4233 1511 4306 στέρνῳ,
1562 4233 1893 4306 κροσσωτῶν
1939 4234 2030 4286 ἐκ·

434 4327 926 4399 κεκρεμασμὲνων.
963 4327 1072 4379 Καὶ
1120 4321 1188 4397 ἦν
1218 4325 1319 4378 οὐκ
1343 4324 1697 4396 ἀθαύμαστον
1717 4327 1831 4389 τοῖς
1860 4323 2029 4396 ὁρῶσι

433 4421 497 4474 τὸ
528 4419 746 4491 χρῆμα,
776 4417 947 4482 λίθοις
977 4417 1074 4472 καὶ
1117 4416 1305 4489 χρυσῷ
1338 4415 1594 4486 διαφανὲς
1631 4417 1724 4471 καλ⁸
1773 4418 1894 4480 ταῖς
1921 4415 2029 4469 τῶν

435 4511 642 4582 ἐτέρων
703 4510 845 4563 ὑλῶν
901 4508 1180 4580 εὑχροίαις
1257 4507 1536 4575 πανδόξως
1583 4506 2024 4580 ἐξειργασμένον.

2214 1365 2412 1420 PALL.
2459 1365 2769 1422 Obscurum
2807 1384 2938 1426 sane
2975 1380 3060 1426 est
3102 1371 3280 1443 ipsum
3323 1374 3588 1432 rationale
3626 1396 3639 1430 :
3675 1386 3733 1434 et

2143 1455 2286 1509 ratio
2324 1471 2544 1526 quoque
2599 1473 2817 1528 exequa
2858 1466 3238 1516 constructum
3280 1471 3383 1525 est,
3422 1465 3558 1520 mihi
3604 1467 3728 1537 qui—

2141 1548 2267 1603 dem
2297 1548 2533 1605 difficilis
2579 1552 2874 1607 admodum
2920 1567 3040 1609 esse
3088 1553 3157 1609 ad
3206 1555 3622 1627 intelligendum
3651 1557 3732 1614 vi-

2141 1640 2326 1696 detur.
2705 1704 2710 1709 ,

2211 1731 2368 1788 CYR.
2410 1734 2493 1790 Ad
2537 1736 2656 1790 haec
2694 1736 2862 1807 igitur
2891 1737 3216 1810 explicanda
3249 1741 3588 1812 pergendum
3624 1752 3729 1808 est,

2141 1835 2197 1880 et
2230 1827 2475 1896 proxime
2505 1830 2573 1884 ad
2606 1829 2893 1885 veritatem
2928 1832 3114 1887 accedi
3154 1835 3392 1903 poterit,
3433 1835 3536 1890 etsi
3581 1835 3732 1891 omni

2139 1931 2208 1970 ex
2233 1928 2386 1988 parte
2420 1919 2571 1974 illam
2609 1921 2874 1991 consequi
2911 1922 3144 1978 fortasse
3177 1923 3292 1994 ipsa
3327 1925 3406 1980 rei
3442 1926 3734 1982 difficultas

2140 2008 2368 2065 minime
2403 2011 2696 2081 permittit.
2739 2013 2878 2067 Nam
2924 2029 3014 2068 res
3042 2015 3200 2069 valde
3236 2016 3502 2072 obscuras
3549 2019 3636 2074 vel
3676 2019 3733 2072 in

2140 2102 2367 2171 speculo
2407 2103 2596 2160 videre
2641 2113 2883 2174 praestat,
2912 2122 3077 2176 quam
3120 2108 3326 2162 nullam
3363 2125 3593 2180 prorsus
3637 2126 3732 2166 ea-

2139 2209 2264 2248 rum
2313 2195 2736 2267 intelligentiam
2780 2213 3000 2268 capere.
3030 2199 3216 2253 Dicam
3259 2199 3446 2272 igitur,
3487 2211 3548 2256 ut
3584 2202 3734 2257 vires

2137 2285 2338 2353 ferent,
2368 2297 2424 2343 et
2459 2295 2520 2343 ut
2560 2299 2744 2346 mente
2779 2293 3069 2362 complecti
3106 2302 3320 2364 potero.
3359 2293 3581 2349 Seutula
3620 2294 3734 2350 duo

2138 2376 2258 2435 ﬁeri
2302 2381 2567 2451 praecepit
2611 2397 2677 2437 ex
2728 2398 2865 2438 auro
2914 2401 3076 2454 puro,
3109 2385 3304 2440 latiora
3349 2385 3442 2441 illa
3482 2386 3730 2456 quidem,

2137 2484 2301 2538 quam
2324 2471 2395 2526 sit
2418 2473 2768 2527 numismatis
2802 2474 3064 2539 ambitus,
3094 2476 3188 2529 sed
3217 2475 3391 2530 forma
3420 2484 3602 2531 tamen
3635 2493 3732 2532 ea—

2137 2558 2291 2614 dem:
2317 2562 2556 2616 rotunda
2581 2579 2779 2633 nempe
2803 2573 2889 2619 est
2913 2565 3265 2620 numismatis
3289 2565 3461 2637 ﬁgura
3489 2585 3502 2620 :
3531 2567 3730 2624 deinde

2138 2647 2276 2706 duas
2303 2651 2548 2708 fimbrias
2579 2652 2809 2710 floribus
2837 2657 3130 2726 permistas
3159 2674 3222 2713 ex
3253 2673 3389 2713 auro
3423 2674 3583 2728 puro.
3624 2659 3733 2715 Ca-

2139 2745 2353 2800 tenulas
2379 2753 2564 2800 autem
2591 2763 2713 2802 esse
2741 2756 2999 2818 putamus
3028 2748 3293 2815 fimbrias,
3329 2752 3571 2820 speciem
3604 2760 3733 2808 tan-

2137 2852 2302 2907 quam
2329 2838 2607 2893 coloribus
2629 2841 2894 2894 variatam
2927 2840 3229 2907 habentes;
3262 2858 3386 2896 nam
3415 2843 3580 2899 flores
3605 2861 3733 2901 cum

2137 2928 2296 2993 dixit,
2332 2930 2547 2984 colores
2593 2929 2852 3002 intelligit
2889 2948 2902 2984 :
2941 2931 2979 2985 ii
3020 2939 3206 2987 autem
3253 2943 3411 2988 erant
3446 2933 3642 3007 byssus
3677 2947 3734 2992 et

2136 3035 2403 3090 purpura,
2441 3030 2497 3076 et
2534 3036 2703 3076 aurea
2744 3021 2853 3086 fila,
2884 3037 3100 3078 necnon
3137 3024 3470 3096 hyacinthus
3521 3036 3578 3081 et
3615 3038 3732 3083 tor-

2138 3120 2253 3166 tum
2283 3112 2590 3167 coccinum.
2635 3113 2800 3183 383
2830 3113 2913 3167 Ad
2947 3114 3064 3168 haec
3096 3113 3216 3170 fieri
3246 3125 3503 3185 Oportere
3551 3117 3734 3188 inquit

2139 3199 2461 3270 quadratam
2498 3211 2771 3258 texturam
2795 3202 2921 3257 cubi
2951 3203 3134 3272 specie
3167 3205 3234 3258 ad
3270 3205 3466 3274 palmae
3497 3215 3734 3263 extenta:

2138 3309 2478 3359 mensuram,
2503 3295 2678 3365 aequis
2701 3295 2948 3364 undique
2974 3295 3265 3361 lateribus,
3288 3297 3378 3352 cui
3411 3298 3733 3354 intexendas

2133 3402 2255 3443 esse
2298 3387 2591 3443 duodecim
2629 3404 2873 3459 gemmas
2912 3388 3010 3455 ait,
3040 3389 3216 3444 ternis
3252 3390 3309 3444 in
3351 3391 3597 3461 singulos
3637 3407 3730 3448 or-

2133 3479 2293 3534 dines
2321 3479 2624 3550 dispositis,
2655 3481 2731 3534 ita
2767 3487 2829 3534 ut
2860 3480 2916 3534 in
2952 3489 3192 3551 quatuor
3215 3482 3490 3540 universis
3516 3485 3730 3540 ordini-

2132 3569 2238 3624 bus
2272 3569 2562 3640 insculptze
2600 3581 2788 3626 essent
2827 3571 3008 3627 tribus
3045 3573 3318 3629 universa:
3349 3591 3450 3645 per
3481 3577 3726 3632 nomina.

2132 3662 2332 3718 Aureis
2373 3663 2541 3734 igitur
2579 3679 2645 3720 ac
2670 3665 2838 3719 variis
2876 3665 3146 3720 catenulis
3180 3683 3249 3722 ex
3291 3669 3728 3738 superhumerali

2132 3755 2506 3824 pendentibus
2539 3756 2755 3810 scutula
2796 3755 3002 3811 sensim
3041 3757 3286 3828 subjecta
3320 3769 3498 3824 erant,
3537 3771 3597 3817 ut
3635 3777 3729 3816 su-

2132 3847 2322 3916 perius
2343 3856 2400 3903 et
2423 3848 2480 3902 in
2505 3847 2641 3917 ipsis
2667 3863 2787 3904 esse
2815 3848 3064 3906 humeris
3089 3851 3414 3907 viderentur
3432 3897 3446 3919 ,
3475 3853 3572 3910 sed
3599 3869 3731 3920 con-

2135 3937 2414 4010 tingerent
2445 3951 2658 4010 pectus,
2694 3947 2750 3995 et
2785 3941 2851 3995 ad
2885 3957 3153 3997 mammas
3197 3960 3463 4014 suspensa
3491 3955 3677 4000 essent
3713 3965 3725 3998 τ

2133 4045 2197 4083 ex
2249 4031 2482 4086 scutulis
2529 4040 2712 4086 autem
2761 4032 3098 4102 judiciorum
3135 4036 3406 4092 rationale
3457 4039 3728 4093 catenulis

2133 4123 2257 4177 aliis
2305 4124 2478 4193 probe
2526 4125 2808 4195 alligatum
2861 4125 3169 4182 inhaerebat
3216 4129 3449 4199 pectori,
3492 4129 3762 4186 fimbriis.

2131 4215 2524 4284 pendentibus,
2547 4216 2685 4270 adeo
2710 4224 2771 4270 ut
2797 4217 2930 4272 illud
2955 4227 3342 4274 ornamentum
3381 4220 3728 4277 intuentibus

2131 4308 2382 4363 maximae
2414 4307 2766 4364 admirationi
2801 4319 2967 4374 esset,
2996 4311 3230 4382 gemmis
3261 4319 3317 4367 et
3343 4327 3478 4366 auro
3503 4313 3724 4384 conspi-

2132 4415 2319 4465 cuum,
2346 4408 2403 4454 et
2427 4401 2662 4471 egregiis
2685 4402 2918 4456 aliarum
2943 4419 3165 4474 quoque
3189 4405 3546 4460 materiarum
3579 4407 3726 4461 colo-

2132 4492 2288 4547 ribus
2326 4493 2732 4548 admirabiliter
2769 4495 3135 4550 elaboratum.
3193 4496 3252 4551 Id
3299 4512 3519 4568 quoque
3557 4514 3724 4554 orna-

437 4600 703 4657 Ἐσεσθαι
737 4601 795 4655 δὲ
823 4602 920 4656 καὶ
948 4601 1107 4654 τοῦτο
1135 4599 1298 4654 πάλιν
1321 4601 1400 4664 είς
1426 4601 1733 4671 ἀνάμνησιν
1753 4601 1864 4662 τοῖς
1889 4599 2026 4662 υἱοῖς

2136 4584 2304 4640 menti
2351 4601 2527 4656 genus
2569 4585 2646 4640 ait
2684 4585 2802 4642 fore
2847 4585 2976 4642 filiis
3017 4587 3186 4643 Israel
3221 4587 3278 4643 in
3319 4589 3722 4645 monimentum

446 4693 687 4766 Ἰσραὴλ,
747 4693 928 4746 ἔναντι
982 4692 1190 4764 Κυρίου
1260 4692 1521 4756 εἰσιόντος
1575 4690 1787 4764 Ἀαρὼν
1833 4692 1915 4754 είς
1968 4689 2033 4744 τὸ

437 4787 652 4855 ”Αγιον.
689 4779 838 4856 Ἀρά
873 4801 956 4838 σοι
991 4784 1160 4853 σαφὲς
1188 4782 1366 4848 ὠς-ἐνι
1393 4783 1581 4837 λοιπὸν
1628 4783 1738 4838 τῶν
1761 4781 2034 4854 τεχνημά-

430 4893 544 4930 των
565 4875 630 4930 τδ
662 4875 850 4948 σχῆμα
871 4890 886 4941 ;

506 4936 1061 5041 auxiliatum.
1115 4969 1256 5024 Ἀνθ’
1287 4971 1408 5024 ὅτου
1441 4936 1506 5024 δι’
1527 4969 1592 5043 δὴ
1617 4969 1680 5023 τὸ
1709 4969 1891 5039 λόγιον
1921 4969 2034 5025 τῶν
2103 5016 2106 5017 κ

431 5067 670 5139 κρίσεων
696 5064 870 5136 ὄνομα
885 5063 962 5135 τῷ
983 5063 1314 5134 τεχνήματι;

506 5245 674 5299 ΚΥΡ.
721 5242 797 5298 Ub
845 5243 955 5314 γὰρ
1021 5240 1086 5312 δὴ
1144 5241 1240 5294 καὶ
1289 5239 1542 5312 ἐπωμίδα
1604 5239 1904 5312 κεκλῆσθαι
1965 5241 2027 5295 τὸ

401 5331 716 5408 Δἀνωτέρω,
772 5335 861 5390 διὰ
916 5333 978 5389 τὸ
1023 5335 1228 5405 ἀμφοῖν
1271 5331 1627 5387 ἐπιτετᾶσθαι
1669 5335 1782 5387 τοῖν
1831 5331 2029 5404 ὥμοιν,

434 5427 898 5500 ἐτυμολογοῦντες
923 5427 1264 5498 είρήκαμεν;

509 5606 719 5661 ΠΑΛΛ.
753 5605 883 5660 Ναί.
926 5603 992 5658 Τί
1019 5597 1112 5657 οὖν
1140 5601 1298 5656 τοῦτό
1332 5618 1431 5671 ys;

514 5696 678 5754 ΚΥΡ.
715 5698 837 5752 Ὅτι
871 5697 1036 5752 πάλιν
1074 5694 1292 5767 ἐτύμως
1325 5712 1384 5749 τε
1425 5693 1518 5750 καὶ
1554 5695 1838 5768 ἀναλόγως
1865 5697 1928 5752 τὺ
1956 5697 2032 5762 ὡς

500 5878 520 5911 ’
542 5877 716 5934 Exod.
747 5895 932 5949 xxwu,
961 5880 1050 5936 21.
1131 5880 1174 5912 ¹⁰
1203 5879 1342 5937 Ibid.
1375 5880 1464 5936 29.

2131 4692 2316 4732 coram
2343 4677 2597 4742 Domino,
2625 4677 2807 4732 Aaron
2842 4678 2895 4732 in
2936 4680 3312 4735 sanctuarium
3359 4679 3721 4752 ingrediente.

2129 4770 2298 4826 Estne
2361 4770 2459 4824 tibi
2495 4771 2607 4841 jam
2644 4771 2864 4826 tandem
2911 4774 3226 4843 perspicua,
3259 4774 3438 4845 quoad
3472 4774 3595 4830 ﬁeri
3622 4790 3723 4846 po-

2129 4870 2257 4927 test,
2287 4863 2486 4917 horum
2518 4861 2864 4933 opificiorum
2895 4864 3110 4922 forma?

2201 4955 2400 5011 PALL.
2441 4955 2672 5013 Maxime
2700 4974 2833 5014 vero
2862 4977 2875 5013 :
2905 4968 3163 5015 caeterum
3194 4974 3360 5028 quam
3391 4958 3464 5013 ob
3503 4972 3722 5014 causam

2136 5049 2190 5102 id
2261 5046 2542 5117 opificium
2610 5051 2877 5106 rationale
2933 5050 3271 5122 iudiciorum
3320 5057 3404 5105 est
3477 5050 3722 5120 appella—

2138 5141 2293 5196 tum?
3620 5203 3624 5207 ἱ

2204 5235 2362 5290 CYR.
2426 5235 2619 5290 Nonne
2684 5233 3138 5303 superhumerale
3192 5233 3324 5288 item
3387 5232 3721 5303 appellatum

2132 5343 2252 5383 esse
2280 5343 2349 5382 ex
2372 5343 2439 5383 eo
2464 5326 2612 5397 quod
2637 5340 2804 5395 super
2832 5333 3126 5395 utrumque
3160 5325 3454 5382 humerum
3490 5326 3722 5383 induce-

2131 5431 2307 5488 retur,
2350 5423 2510 5479 verbi
2567 5421 2840 5491 originem
2889 5429 3199 5490 spectantes
3253 5421 3514 5494 superius
3567 5421 3721 5478 dice-

2130 5513 2330 5570 bamus
2347 5514 2370 5568 ?

2199 5604 2398 5660 PALL.
2435 5604 2535 5659 Ita.
2562 5603 2705 5671 Quid
2741 5605 2894 5660 tum?

2201 5696 2360 5755 CYR.
2397 5696 2536 5767 Quia
2567 5697 2758 5755 itidem
2791 5705 2941 5755 recte
2973 5714 3042 5756 ex
3071 5698 3222 5756 vocis
3255 5694 3468 5771 origine
3497 5712 3562 5753 ac
3595 5708 3724 5768 pro-
