4118 6504
422 434 528 493 ’159

1446 420 1503 475 S.
1545 414 1824 473 CYRILLI
1854 406 2328 469 ALEXANDle
2365 405 2684 464 ARCHIEP.

3577 402 3691 458 740

424 558 680 622 portione
718 545 772 601 id
816 542 961 614 quod
995 539 1052 594 in
1093 536 1257 592 corde
1283 541 1340 590 et
1361 531 1668 588 visceribus
1706 528 2010 601 repositum

2127 528 2171 579 ὲν
2217 522 2416 596 καρδίᾳ
2446 539 2507 577 τε
2550 522 2645 576 καὶ
2692 520 3022 589 σπλάγχνοις
3057 515 3477 588 ἀποτεθειμένον
3514 518 3693 587 λόγιον

426 615 532 702 est,
569 632 835 691 rationale
869 627 1203 701 judiciorum
1237 620 1567 693 appellatum
1598 632 1720 673 esse
1751 615 2007 679 dicimus,

427 743 554 783 cum
590 724 750 781 sedes
775 714 1182 791 quodammodo
1208 711 1485 767 facultatis
1520 717 1722 764 nostra:
1763 705 2009 761 rationa-

428 821 499 875 lis
537 833 634 874 cor
671 830 737 871 ac
771 813 986 867 viscera
1022 808 1134 865 sint
1169 823 1181 860 :
1212 805 1445 861 inhaeret
1488 809 1673 857 autem
1716 813 2010 871 propemo-

429 908 560 961 dum
588 914 645 960 et
667 902 831 959 inﬁxa
858 911 943 957 est
969 877 1274 955 secundu'm
1305 900 1558 948 naturam
1600 890 1730 945 huic
1757 889 2009 944 rationali

429 996 673 1053 facultati
706 996 875 1050 etiam
911 992 1006 1047 illa
1041 991 1098 1045 in
1130 988 1554 1060 quibuscunque
1591 983 1758 1039 rebus
1788 982 2013 1054 agendis

433 1098 581 1144 recta
614 1094 670 1142 et
710 1088 922 1157 integra
962 1080 1245 1155 judicandi
1290 1079 1540 1141 facultas,
1572 1074 1629 1129 id
1672 1084 1776 1139 est,
1800 1075 2011 1145 justum

427 1180 720 1253 judicium,
746 1186 805 1233 et
833 1175 982 1246 quod
1014 1189 1132 1229 rem
1159 1184 1436 1242 quamque
1464 1168 1641 1223 decet.
1666 1166 1747 1221 An
1772 1180 1904 1221 vero
1929 1165 2012 1220 fa-

433 1272 609 1326 cultas
640 1268 889 1331 rationis,
918 1278 1039 1335 qum
1068 1272 1153 1318 est
1188 1264 1246 1316 in
1277 1260 1458 1322 nobis,
1487 1274 1597 1313 non
1631 1256 1891 1328 expendit
1924 1272 2014 1311 re-

434 1376 556 1417 rum
587 1358 923 1432 agendarum
952 1362 1201 1417 naturas,
1222 1360 1279 1407 et
1299 1366 1330 1405 a
1352 1351 1520 1405 rebus
1539 1345 1894 1418 praeferendis
1913 1363 2013 1419 pa-

433 1470 559 1510 rum
581 1451 855 1525 jucundas
882 1447 1214 1516 inutilesque
1246 1441 1519 1499 secernit?

503 1545 703 1602 PALL.
746 1541 890 1598 Sane
924 1552 1075 1595 vero.

501 1635 659 1691 CYR.
691 1632 866 1703 'Atqui
906 1628 1193 1686 consuevit
1224 1626 1508 1696 Scriptura
1536 1622 1720 1680 divina
1745 1620 2014 1692 judicium

435 1726 710 1798 appellare
739 1738 850 1778 vum
895 1722 1041 1777 illam
1068 1733 1177 1789 qua
1222 1728 1372 1773 recte
1415 1732 1478 1772 ac
1510 1717 1657 1788 juste
1680 1715 2010 1786 judicamus.

432 1820 625 1888 Itaque
673 1815 869 1871 beatus
915 1811 1084 1867 David
1127 1811 1183 1865 in
1224 1809 1454 1865 Psalmis
1495 1809 1573 1864 ait
1611 1825 1625 1862 :
1675 1826 1694 1860 ι
1738 1808 1891 1863 Beati
1922 1807 2017 1878 qui

437 1906 757 1964 custodiunt
786 1902 1076 1976 judicium,
1110 1907 1166 1955 et
1207 1897 1419 1954 faciunt
1455 1896 1725 1968 justitiam
1770 1895 1826 1950 in
1866 1895 2017 1950 omni

441 2007 687 2067 tempore
712 1995 775 2047 ιι.
810 2011 828 2043 ι
865 1990 1013 2046 Dixit
1047 1989 1213 2044 etiam
1244 2002 1442 2042 rursus
1467 2003 1480 2039 :
1508 2004 1526 2036 ι
1549 1985 1823 2040 Et.honor
1850 1983 2014 2055 regis,

435 2089 704 2162 judicium
746 2084 977 2155 diligere
1013 2083 1075 2136 η.
1110 2099 1129 2132 ι
1168 2078 1431 2135 Praeclara
1473 2092 1712 2147 namque
1753 2077 1898 2147 regis
1935 2082 2020 2131 est

440 2181 612 2252 gloria
639 2188 696 2234 et
730 2178 926 2240 honos,
952 2175 998 2228 si
1017 2172 1286 2244 justitiam
1313 2170 1522 2241 diligat.
1557 2167 1724 2240 385I
1752 2168 1812 2223 ld
1853 2167 2020 2239 igitur

438 2275 844 2332 ornamentum,
887 2264 1035 2336 quod
1083 2263 1239 2319 cordi
1280 2277 1346 2317 ac
1386 2261 1598 2331 pectori
1649 2262 2019 2333 superjectum

433 2369 544 2426 est,
573 2359 840 2415 rationale
869 2354 1309 2425 vocaturjudicii
1342 2354 1415 2410 ob
1447 2369 1568 2409 eam
1600 2367 1842 2418 causam,
1872 2350 2018 2421 quod

441 2454 519 2508 ibi
553 2454 718 2508 situm
759 2460 864 2517 est,
893 2451 989 2506 ubi
1021 2447 1305 2504 rationalis
1345 2445 1622 2501 facultatis
1652 2452 1739 2501 est
1761 2444 1935 2508 locus,
1964 2443 2021 2498 in

439 2544 699 2600 facultate
733 2550 885 2598 recte
921 2554 986 2596 ac
1018 2541 1167 2612 juste
1200 2537 1482 2609 judicandi
1516 2537 1657 2591 ratio
1689 2535 2019 2591 continetur.

440 2637 502 2691 In
538 2637 644 2691 hoc
671 2636 867 2691 eodem
890 2649 1025 2689 vero
1058 2630 1312 2687 rationali
1344 2629 1554 2700 lapides
1575 2628 1865 2684 duodecim
1895 2637 2023 2683 sunt

441 2738 580 2783 auro
622 2722 843 2787 inclusi,
872 2721 930 2776 in
967 2721 1144 2790 iisque
1187 2719 1461 2774 universae
1492 2718 1671 2773 tribus
1700 2718 2019 2790 descriptae:

440 2831 622 2887 neque
666 2832 802 2872 vero
842 2814 1082 2871 absurde
1134 2820 1448 2868 sanctorum
1497 2812 1741 2867 virorum
1793 2811 2024 2884 ﬁguram

443 2917 663 2978 gerunt,
695 2908 789 2977 qui
834 2914 949 2962 tum
993 2905 1339 2977 splendorem
1382 2904 1607 2970 habent,
1642 2912 1759 2960 tum
1797 2904 2023 2976 pretiosi

444 3007 575 3053 sunt
615 3006 672 3052 et
711 2998 882 3053 veluti
924 2996 1137 3067 lapides
1173 2995 1397 3066 quidam
1430 2995 1610 3063 electi,
1635 3012 1699 3052 ac
1731 3011 2023 3068 propemo-

2111 615 2222 670 τῶν
2270 615 2507 688 κρίσεων
2550 610 2865 684 ὠνομάσθαι
2916 608 3117 681 φαμέν.
3172 608 3526 681 Ἐνδιαίτημα
3585 611 3697 684 γὰρ

2113 708 2300 780 ὥσπερ
2329 708 2425 762 τοῦ
2456 708 2515 761 ὲν
2577 707 2709 777 ἡμῖν
2746 703 2965 773 λογικοῦ
3009 701 3210 773 καρδία
3255 702 3350 755 καὶ
3385 702 3696 774 σπλάγχνα.

2126 802 2471 874 Ἐρήρεισται
2497 799 2555 853 δὲ
2586 797 2778 868 ὥσπερ
2806 795 2902 850 καὶ
2929 793 3421 866 ὲγκαταπέπηκται
3453 795 3701 865 φυσικῶς

2115 895 2194 966 τῷ
2226 897 2285 949 ὲν
2317 896 2450 965 ἡμῖν
2479 891 2685 960 λογικῷ
2732 889 2827 944 καὶ⁸
2853 890 2889 960 ἡ
2918 889 3004 959 ἐφ’
3028 888 3245 959 ἑκάστῳ
3275 887 3384 941 τῶν
3411 886 3701 960 πρακτέων

2117 987 2251 1059 ὀρθή
2285 1004 2344 1040 τε
2384 985 2481 1040 καὶ
2526 982 2850 1052 ἀδιάϐλητος
2900 981 3111 1053 κρίσις,
3152 979 3298 1034 τοῦτ’
3329 979 3499 1042 ἐστιν,
3550 981 3583 1051 ἡ
3622 980 3704 1033 δι·

2120 1085 2456 1159 καιοκρισία,
2499 1085 2594 1137 καὶ
2624 1081 2684 1134 τὸ
2714 1081 2929 1150 ἑκάστῳ
2963 1078 3205 1147 πρέπον·
3237 1076 3271 1148 ἢ
3318 1077 3429 1148 γὰρ
3458 1076 3579 1146 οὐχὶ
3610 1076 3703 1129 λο-

2116 1178 2246 1249 γική
2281 1192 2366 1239 τις
2397 1176 2455 1228 ὲν
2486 1173 2618 1244 ἡμῖν
2649 1168 2749 1234 τὰς
2780 1171 2888 1223 τῶν
2928 1166 3219 1238 πρακτέων
3246 1165 3565 1222 ταλαντεύει
3599 1163 3704 1235 φύσ-

2121 1286 2256 1333 σεις,
2287 1268 2381 1321 καὶ
2407 1265 2695 1336 ἀποκρίνει
2724 1262 2833 1316 τῶν
2872 1261 3173 1332 ἀμεινόνων
3200 1260 3264 1314 τὸ
3300 1260 3467 1331 ἄχαρι
3505 1276 3567 1313 τε
3606 1259 3706 1312 καὶ

2119 1354 2430 1418 ἀλυσιτελές
2453 1371 2468 1420 ;

2189 1536 2398 1590 ΠΑΛΛ.
2430 1533 2541 1589 Kal
2573 1532 2735 1586 πάνυ.

2191 1628 2358 1682 ΚΥΡ.
2398 1626 2599 1695 Κρίσιν
2639 1624 2697 1677 δὲ
2740 1621 3029 1695 ὀνομάζειν
3073 1618 3194 1683 ἔθος
3239 1621 3307 1690 τῇ
3358 1616 3707 1687 θεοπνεύστῳ

2119 1721 2310 1793 Γραφῇ
2350 1719 2449 1791 τὴν
2499 1717 2769 1789 ὀρθότητα
2802 1716 2897 1771 καὶ
2925 1710 3347 1783 δικαιοκρισίαν.
3383 1710 3494 1764 Kal
3515 1707 3648 1779 γοῦν
3676 1712 3707 1763 ὁ

2123 1812 2412 1874 Θεσπέσιος
2441 1807 2637 1878 ψάλλει
2666 1806 2874 1860 Δαϐίδο.
2896 1825 2915 1859 ι
2951 1804 3231 1876 Μακάριοι
3257 1803 3307 1855 οί
3337 1801 3708 1871 φυλάσσοντες

2119 1903 2318 1976 κρίσιν,
2353 1902 2449 1956 καὶ
2483 1899 2763 1963 ποιοῦντες
2786 1897 3133 1967 δικαιοσύνην
3162 1898 3220 1951 ὲν
3252 1895 3416 1949 παντὶ
3445 1892 3644 1965 καιρῷ.
3682 1911 3701 1945 ι

2120 1998 2265 2067 Ἔφη
2309 1995 2367 2049 δέ
2409 2012 2512 2049 που
2561 1993 2746 2049 πάλιν·
2802 2012 2821 2044 ‹
2869 1992 2979 2046 Kal
3012 1991 3147 2063 τιμὴ
3188 1988 3486 2060 βασιλέως,
3522 1986 3709 2058 κρίσιν

2118 2089 2339 2158 ἀγαπᾷν
2381 2086 2475 2157 (1).
2523 2084 2770 2159 Λαμπρά
2806 2082 2915 2155 γὰρ
2962 2084 2995 2143 ἡ
3037 2080 3300 2153 βασιλέως
3334 2079 3472 2150 τιμή
3517 2094 3580 2131 τε
3609 2076 3709 2131 καὶ

2118 2178 2264 2244 δόξα,
2294 2175 2923 2259 φιλοῦσαδικαιοσύνην.
2958 2174 3154 2243 Λόγιον
3192 2166 3287 2226 οῦν
3324 2170 3435 2241 ἄρα
3472 2168 3710 2241 κρίσεως

2118 2275 2178 2327 τὸ
2227 2272 2424 2343 καρδίᾳ
2454 2272 2547 2326 καὶ
2581 2270 2825 2341 στέρνοις
2855 2266 3286 2339 ὲπερῤιμμένον,
3316 2262 3405 2317 διὰ
3428 2261 3491 2316 τὸ
3518 2262 3710 2331 ὥσπερ

2121 2369 2180 2420 ὲν
2204 2365 2356 2435 τόπῳ
2393 2363 2606 2418 κεῖσθαι
2635 2361 2729 2415 τοῦ
2770 2359 3014 2429 λογικοῦ,
3042 2360 3100 2411 ὲν
3136 2350 3181 2425 ᾧ
3209 2357 3244 2426 ἡ
3277 2353 3508 2427 ὀρθότης
3541 2354 3599 2405 ὲν
3624 2351 3710 2405 δι-

2121 2456 2403 2528 καιοσύνῃ.
2448 2454 2538 2507 Ἐν
2567 2452 2716 2523 αὐτῷ
2751 2452 2809 2505 δὲ
2843 2449 3019 2521 τούτῳ
3054 2448 3192 2502 λίθοι
3220 2444 3547 2500 δυοκαίδεκα
3572 2460 3710 2515 χρυ-

2123 2547 2224 2618 σίῳ
2279 2544 2621 2617 περισχετοὶ,
2667 2541 2883 2614 γραφὴν
2923 2540 3173 2611 ἔχοντες,
3211 2537 3313 2601 τάς
3344 2534 3538 2606 φυλάς.
3587 2530 3713 2588 Εἶεν

2120 2638 2164 2692 δ’
2193 2638 2258 2691 ἂν
2286 2637 2458 2700 τύπος
2500 2637 2709 2707 ἀνδρῶν
2749 2635 2922 2702 ἁγίων
2943 2671 2959 2697 ,
2989 2633 3039 2687 οἳ
3078 2630 3325 2703 λαμπροί
3363 2630 3425 2682 τέ
3455 2631 3567 2683 είσι
3614 2629 3714 2683 Ital

2122 2730 2329 2801 τίμιοι,
2356 2728 2452 2782 καὶ
2480 2722 2571 2782 οἷά
2602 2743 2751 2790 τινες
2779 2726 3072 2780 ἀπόλεκτοι
3102 2723 3262 2788 λίθοι,
3302 2720 3589 2793 μονονουχὶ
3617 2721 3715 2773 καὶ

2123 2824 2202 2885 είς
2236 2820 2361 2876 νοῦν
2386 2821 2481 2875 καὶ
2513 2820 2741 2892 καρδίαν
2770 2819 3014 2889 κείμενοι
3042 2815 3135 2871 τοῦ
3162 2815 3401 2889 Χριστοῦ
3425 2831 3439 2846 ο
3467 2815 3562 2868 καὶ
3601 2812 3715 2882 γάρ

2123 2914 2261 2967 εἰσιν
2291 2909 2505 2982 ἀληθῶς
2543 2910 2762 2981 μνήμης
2800 2908 2963 2976 ἄξιοι,
3003 2907 3092 2960 διά
3120 2923 3185 2976 γε
3213 2905 3276 2960 τὸ
3304 2908 3361 2958 ὲν
3391 2905 3561 2975 ἀρετῇ
3593 2902 3716 2955 δια-

2125 3004 2312 3073 φανὲς,
2339 3002 2435 3056 xal
2463 3001 2523 3056 τὸ
2555 3001 2633 3064 ὡς
2660 3001 2719 3053 ὲν
2745 2998 3004 3070 ἁγιασμῷ
3026 2998 3230 3069 τίμιον.
3273 2995 3716 3068 Ἀποκρέμανται

385 3157 388 3161 _
440 3092 575 3146 dum
604 3094 660 3145 in
683 3090 888 3148 Christi
916 3089 1082 3145 corde
1108 3097 1272 3158 atque
1298 3087 1480 3143 animo
1504 3087 1686 3158 positi.
1719 3086 1859 3143 Sunt
1879 3089 2024 3144 enim

2127 3095 2183 3149 δὲ
2202 3092 2297 3167 τοῦ
2322 3091 2506 3161 λογίου
2533 3090 2644 3145 τῶν
2673 3090 2909 3163 κρίσεων
2929 3090 3025 3143 καὶ
3041 3087 3281 3161 κρωσσοὶ
3304 3089 3517 3159 χρυσοῖ,
3543 3101 3721 3156 παρα-

444 3183 605 3253 plane
644 3181 816 3254 digni,
859 3182 954 3251 qui
998 3188 1500 3236 commemorentur
1539 3188 1764 3251 pr0pter
1804 3180 2025 3237 virtutis

2127 3182 2435 3257 δηλοῦντος.
2466 3179 2643 3254 οἶμαι,
2670 3181 2764 3235 τοῦ
2797 3182 3142 3268 πράγματος,
3171 3180 3254 3233 ὅτι
3285 3179 3384 3251 τῆς
3408 3177 3517 3232 τῶν
3545 3177 3718 3247 ἁγίων

442 3278 749 3333 claritatem
795 3274 1228 3346 dignitatemque
1268 3271 1733 3329 sanctiﬁcationis.
1778 3273 2026 3330 Pendent

2127 3276 2406 3348 πληθύοςὸ
2425 3274 2592 3339 πολύς
2627 3292 2687 3329 τε
2717 3276 2809 3330 καὶ
2838 3263 3211 3347 ἀναρίθμητος
3229 3271 3337 3325 τῶν
3376 3270 3721 3342 ἀνδραγαθη-

446 3375 630 3421 autem
674 3365 743 3420 de
770 3364 1025 3420 rationali
1062 3361 1399 3433 iudiciorum
1431 3377 1611 3417 aureae
1644 3377 1864 3433 quoque
1902 3362 2026 3419 ﬁm-

2133 3368 2320 3439 μάτων
2345 3366 2604 3439 ὲσμδςθ)
2625 3367 2905 3437 μονονουχὶ
2944 3364 3040 3418 καὶ
3075 3362 3467 3435 ἀπηρτημένος
3498 3363 3719 3433 δρᾶται.

447 3454 579 3510 briae
614 3472 627 3508 :
656 3470 765 3525 qua
798 3469 857 3508 re
885 3452 1246 3521 signiﬁcatur,
1274 3459 1338 3507 ut
1363 3450 1578 3522 opinor,
1612 3450 1681 3506 de
1713 3458 2026 3507 sanctorum

2135 3458 2248 3513 Kal
2278 3458 2409 3528 γοῦν
2449 3461 2478 3512 ὀ
2503 3457 2771 3530 μακάριος
2816 3456 2982 3511 Δαύὶδ
3016 3455 3230 3526 καὶτῆς
3273 3452 3601 3524 Ἐκκλησίας
3627 3450 3722 3507 τὸν

449 3545 732 3600 hominum
778 3551 925 3600 metu
959 3543 1257 3598 maximum
1289 3553 1346 3600 et
1372 3542 1646 3598 inﬁnitum
1677 3559 1862 3600 rerum
1895 3561 2026 3617 prae-

2135 3551 2339 3622 κόσμον
2370 3552 2429 3604 ὲν
2458 3554 2800 3623 κροσσωτοῖς
2828 3545 2967 3604 εἷναί
2998 3566 3183 3621 φησιν.

449 3637 599 3783 alat:
647 3642 923 3780 gestam?
966 3648 1197 3756 examen
1240 3648 1413 3705 prope
1455 3647 1786 3705 suspensum
1830 3636 2030 3705 videri,
2066 3637 2301 3711 ideoque
2369 3640 2566 3696 beatus
2628 3640 2797 3695 David
2838 3641 3096 3696 Ecclesiae
3137 3638 3327 3695 itidem
3365 3643 3620 3693 ornatum
3662 3635 3720 3691 in

494 3744 543 3783 m
590 3727 688 3782 riis
718 3741 840 3781 esse
908 3725 1004 3780 icit
1056 3728 1094 3779 ³.

494 3733 688 3783 mbriis
718 3741 840 3781 esse
867 3733 1004 3780 dicit
1032 3733 1094 3779 ιδ.

524 3817 724 3875 PALL.
764 3817 1060 3874 Credibilis
1091 3831 1221 3871 sane
1251 3814 1542 3887 expositio.

2208 3824 2415 3878 HAAA.
2447 3823 2678 3888 Πιθανδς
2704 3824 2732 3877 δ
2761 3823 2939 3893 λόγος.

526 3913 683 3968 CYR.
725 3910 770 3966 A
797 3909 1261 3965 rationaliautem
1287 3907 1623 3978 iudiciorum
1658 3909 1842 3965 aureis
1867 3925 2042 3966 annu-

453 4008 521 4062 lis
544 4011 798 4062 conserta
824 4002 974 4057 varia
1012 4010 1070 4056 ct
1094 4001 1342 4072 pulchris
1366 4001 1644 4057 coloribus
1669 4012 1859 4059 ornata
1888 4012 2038 4060 cate-

454 4099 584 4154 nula
628 4095 829 4167 serpit,
872 4101 936 4149 ut
990 4093 1330 4159 dicebamus,
1381 4103 1439 4149 et
1480 4109 1580 4165 per
1622 4094 1786 4150 ambo
1825 4098 2039 4154 scutula

457 4188 748 4253 transiens,
776 4187 845 4242 ad
874 4186 1055 4256 ipsum
1096 4186 1347 4257 pervenit
1376 4186 1637 4242 verticem
1677 4188 2040 4258 super-hume-

456 4282 607 4347 ralis,
642 4280 698 4335 in
724 4295 836 4350 quo
861 4292 1087 4350 gemmae
1125 4278 1514 4350 descriptionis
1537 4290 1714 4336 erant.
1765 4280 1910 4348 Quid
1939 4298 2039 4337 au-

457 4381 571 4429 tem
611 4370 668 4426 id
710 4384 932 4442 quoque
969 4368 1061 4436 sit,
1093 4370 1408 4440 perspicere
1449 4384 1633 4440 operae
1667 4371 1905 4441 pretium
1933 4378 2039 4427 est.

2205 3915 2373 3968 ΚΥΡ.
2420 3914 2553 3967 Ἀπὸ
2589 3914 2646 3967 δέ
2670 3931 2733 3982 γε
2769 3914 2864 3968 τοῦ
2906 3913 3089 3983 λογίου
3113 3912 3221 3967 τῶν
3245 3913 3478 3986 κρίσεων
3501 3914 3723 3985 χρυσοῖς

2133 4005 2419 4070 δακτύλοις
2442 4004 2807 4077 ἐνειλημμένη
2831 4006 3049 4077 ποικίλη
3069 4022 3127 4058 τε
3143 4006 3236 4060 καὶ
3259 4006 3473 4077 εῦχρως
3488 4004 3720 4076 ἀνέρπει

2135 4097 2315 4170 σειρά,
2340 4097 2595 4169 καθάπερ
2621 4097 2882 4167 ἐλέγομεν
2901 4136 2917 4165 ,
2944 4098 3038 4152 καὶ
3076 4098 3141 4151 δι’
3174 4099 3377 4169 ἀμφοῖν
3410 4096 3563 4151 ίοῦσα
3598 4098 3721 4150 ταῖν

2133 4188 2505 4252 ἀσπιδίσκαιν,
2538 4187 2628 4241 ἐπ’
2651 4187 2786 4243 αὐτὸ
2814 4187 2991 4260 διήκει
3017 4187 3119 4259 τῆς
3148 4188 3420 4261 ἐπωμίδος
3442 4187 3505 4243 τὸ
3529 4187 3722 4260 ἀκρον,

2133 4279 2221 4349 ἐφ’
2247 4272 2281 4352 ᾖ
2312 4278 2411 4349 τῆς
2442 4279 2773 4350 ἀπογραφῆς
2801 4280 2856 4333 ai
2885 4279 3041 4334 λίθοι.
3074 4280 3139 4334 Τί
3165 4280 3209 4333 δ’
3235 4280 3304 4334 ἂν
3338 4280 3423 4352 εἴη
3459 4281 3555 4334 καὶ
3579 4279 3722 4345 τόδε,

2139 4369 2258 4434 πῶς
2282 4370 2384 4424 οὐκ
2410 4369 2557 4435 ἀξιον
2590 4372 2746 4436 ίδείν;
2774 4372 2932 4424 Δοκεῖ
2960 4371 3026 4442 δὴ
3053 4367 3147 4425 οὖν
3171 4387 3261 4444 μοι
3285 4370 3636 4442 παραδηλοῦν
3661 4370 3728 4423 τὸ

457 4463 691 4520 Videtur
715 4462 902 4532 itaque
927 4461 1064 4516 mihi
1088 4461 1191 4516 hoc
1213 4461 1447 4531 aenigma
1464 4461 1734 4532 ejusmodi
1761 4463 2026 4533 quidpiam

2141 4464 2369 4534 αἴνιγμα
2390 4464 2652 4518 τοιουτονί
2678 4481 2732 4518 τι
2759 4464 2938 4518 πάλινο
2985 4465 3075 4528 Ὠς
3106 4464 3216 4536 γὰρ
3237 4465 3288 4518 οί
3310 4463 3451 4519 λίθοι
3475 4465 3527 4518 oi
3552 4465 3728 4535 τίμιοι

459 4553 770 4625 signiﬁcare
801 4571 815 4607 :
850 4553 1008 4618 Nam,
1052 4552 1147 4623 qui
1192 4559 1321 4607 sunt
1365 4560 1428 4606 ut
1465 4552 1677 4621 lapides
1714 4553 1963 4623 pretiosi,
1993 4568 2024 4608 e

2143 4555 2239 4608 καὶ
2276 4557 2334 4608 ὲν
2367 4553 2568 4623 γνώσει
2610 4573 2671 4609 τε
2702 4556 2796 4610 καὶ
2830 4558 2887 4609 ὲν
2923 4557 3113 4629 μνήμῃ
3142 4557 3412 4628 Χριστοῦ,
3447 4557 3586 4627 πρὸς
3624 4555 3727 4627 τὴν

460 4660 603 4716 quos
627 4645 884 4700 Christus
913 4652 968 4700 et
993 4643 1306 4715 cognitione
1344 4651 1402 4698 et
1432 4642 1698 4697 memoria
1728 4643 2026 4713 complecti-

2144 4646 2258 4700 ἀνω
2278 4646 2562 4717 τρέχοντες
2586 4647 2937 4719 ἀπογραφὴν,
2961 4648 3022 4700 τὸ
3049 4650 3241 4719 χρῆμα
3267 4644 3611 4718 κερδαίνουσι
3636 4645 3728 4699 διὰ

464 4744 576 4801 tur,
602 4737 641 4791 ii
682 4736 751 4791 ad
783 4736 932 4791 illam
973 4748 1266 4806 supernam
1303 4732 1729 4802 descriptionem
1762 4724 1862 4803 per
1891 4749 2026 4790 arm:

2140 4736 2250 4791 τῶν
2281 4738 2464 4793 ὃπλων
2486 4738 2587 4808 τῆς
2613 4739 2963 4808 δικαιοσύνης
2997 4739 3105 4793 τῶν
3134 4738 3324 4806 δεξιῶν
3364 4739 3461 4792 καὶ
3501 4741 3727 4809 ἀριστε-

460 4829 691 4904 justitize
738 4827 933 4883 dextra
976 4834 1035 4881 et
1083 4824 1307 4881 sinistra
1354 4823 1719 4895 perveniunt;
1767 4824 1848 4881 sic
1895 4825 2026 4882 enin

2147 4828 2279 4901 pt'bv'
2313 4829 2515 4900 γράφει
2536 4828 2645 4900 γὰρ
2664 4823 2766 4883 ὦδε
2792 4830 2980 4899 σαφῶς
3002 4832 3030 4884 δ
3055 4830 3338 4894 θεσπέσιος
3358 4828 3591 4894 Παῦλος.
3613 4831 3727 4884 Kal

466 4919 628 4989 plane
661 4917 857 4973 scribit
893 4916 1089 4973 beatus
1124 4914 1327 4970 Paulus
1358 4931 1372 4967 :
1410 4920 1577 4983 atque
1605 4914 1774 4971 etiam
1804 4915 1934 4971 alibi
1960 4917 2046 4973 di-

467 5011 545 5067 cit
577 5028 591 5066 :
627 5030 645 5065 ι
686 5008 904 5066 lnduite
934 5023 1034 5065 vos
1061 5014 1400 5062 armaturam
1424 5005 1525 5062 Dei
1553 5006 1616 5060 ιδ.
1652 5026 1671 5059 ι
1716 5006 1894 5064 Aurea
1920 5019 2049 5065 sunt

468 5116 633 5173 porro
656 5100 802 5173 regis
825 5113 998 5163 arma,
1024 5111 1189 5152 aurea
1211 5095 1344 5150 item
1368 5096 1602 5163 scutula,
1631 5097 1840 5170 Deique
1865 5114 2047 5154 arma-

470 5199 650 5250 turam
695 5191 928 5263 ﬁgurate
970 5187 1288 5244 indicantia.
1333 5188 1453 5245 Non
1488 5188 1657 5261 igitur
1693 5190 1799 5246 alia
1836 5191 2050 5248 ratione

471 5281 593 5337 ﬁeri
627 5289 827 5352 potest,
868 5286 932 5334 ut
967 5278 1025 5335 in
1069 5279 1167 5334 Dei
1202 5280 1466 5335 memoria
1490 5287 1548 5335 et
1573 5281 1943 5352 descriptione
1971 5281 2049 5336 si-

367 5379 375 5385 '
471 5386 616 5437 mus,
647 5371 754 5427 nisi
797 5377 948 5426 artua
987 5370 1213 5442 justitiae
1254 5372 1674 5444 arripuerimus,
1714 5388 1779 5428 ac
1816 5387 1918 5442 per
1960 5373 2051 5428 illa

473 5471 625 5523 recte
644 5462 897 5520 faciendo
924 5463 1322 5520 transierimus.
1344 5464 1463 5521 Jam
1491 5479 1646 5530 vero,
1682 5464 1831 5534 quod
1852 5478 2051 5534 super-

2148 4918 2256 4990 μὴν
2283 4921 2379 4973 zeal
2405 4919 2632 4992 ἑτέρωθί
2665 4937 2849 4991 φησιν*
2884 4940 2903 4973 ι
2953 4920 3271 4976 Ἐνδύσασθε
3295 4922 3396 4994 τὴν
3423 4920 3727 4976 πανοπλίαν

2144 5008 2239 5063 τοῦ
2272 5008 2433 5063 Θεοῦ.
2473 5030 2493 5063 ι
2520 5012 2714 5085 Χρυσᾶ
2741 5011 2799 5065 δὲ
2820 5010 2890 5065 τά
2933 5012 3197 5081 βασιλέως
3228 5013 3390 5077 ὅπλα,
3427 5014 3628 5087 χρυσαῖ
3669 5013 3728 5066 δὲ

2144 5100 2345 5171 ὁμοίως
2375 5102 2433 5155 αἱ
2479 5103 2833 5170 ἀσπιδίσκαι,
2862 5105 2957 5159 καὶ
2992 5104 3091 5177 τὴν
3121 5104 3217 5160 τοῦ
3250 5104 3387 5159 Θεοῦ
3425 5105 3727 5161 πανοπλίαν

2144 5192 2560 5263 αἰνιγματωδῶς
2599 5195 3018 5264 ύποφαίνουσαι.
3072 5197 3341 5269 Ἐσόμεθα
3383 5197 3450 5270 δὴ
3489 5192 3585 5253 οὖν
3626 5198 3728 5267 οὐχ

2146 5282 2347 5353 ἑτέρως
2379 5284 2438 5338 ὲν
2488 5286 2677 5360 μνήμῃ
2720 5306 2781 5342 τε
2809 5291 2906 5345 καὶ
2945 5291 3241 5363 ἀπογραφῇ
3274 5289 3433 5355 θεοῦ,
3482 5288 3558 5362 μὴ
3604 5290 3729 5360 οὐχὶ

2146 5372 2256 5427 τῶν
2282 5373 2465 5430 ὅπλων
2499 5376 2601 5448 τῆς
2633 5379 2979 5453 δικαιοσύνης
3010 5381 3303 5453 ἁψάμενοι,
3334 5383 3427 5436 καὶ
3449 5381 3518 5435 δι’
3546 5381 3727 5435 αὐτῶν

2151 5468 2322 5535 ίόντες
2359 5472 2698 5542 πρακτικῶς.
2735 5476 2809 5530 Τὸ
2837 5476 2893 5530 δὲ
2933 5477 2999 5549 δὴ
3033 5477 3135 5547 τῆς
3170 5477 3446 5550 ἐπωμίδος
3485 5475 3726 5547 ἀνῆφθαι

544 5624 589 5658 ⁵⁸
619 5622 763 5679 Psal.
785 5640 871 5692 av,
904 5625 957 5680 5.
1045 5626 1088 5660 ιι
1121 5627 1264 5683 Psal.
1291 5641 1475 5691 κονίη,
1504 5628 1557 5683 '5.
1636 5626 1680 5659 ¹⁸
1707 5625 1852 5682 Psal.
1888 5642 2026 5694 xuv,

2127 5670 2141 5686 .
2219 5632 2264 5665 “
2294 5631 2499 5704 Ephes.
2520 5650 2597 5702 vt,
2623 5635 2712 5692 H.

547 5783 623 5857 (l)
656 5783 747 5843 Sic
774 5785 908 5857 legit
941 5783 1198 5911 Erillus,
1246 5802 1372 5842 cum
1413 5786 1635 5844 codices
1678 5803 1871 5845 omnes
1899 5790 2049 5846 Psal-

547 5869 712 5911 Jrum.
738 5872 876 5911 auos
913 5872 965 5911 v1
1003 5872 1099 5911 ere
1137 5858 1308 5911 potui.
1336 5856 1593 5911 habeant.
1621 5859 1802 5911 κοίσιν
1831 5860 2043 5911 ἀγαπᾶ.

474 5856 712 5922 merum,
738 5856 876 5929 quos
913 5856 1099 5913 videre
1135 5858 1308 5926 potui,
1336 5856 1593 5926 habeant,
1621 5859 1802 5931 κρίσιν
1831 5860 2043 5935 ἀγαπᾷ.

2155 5794 2308 5937 69LSi),
2335 5795 2693 5941 sgeﬁngellius
2727 5802 2889 5875 legit;
2916 5811 3092 5867 codex
3145 5814 3326 5867 tamen
3357 5815 3612 5878 uterque,
3637 5802 3727 5860 θιρ

2234 6165 2269 6201 ο
