4118 6496
453 449 550 509 7-H

1147 443 1236 500 DE
1280 441 1720 500 ADORA'I‘IONE
1759 441 1825 497 IN
1869 437 2143 496 SPIRITU
2186 440 2275 496 ET
2310 442 2681 502 VERITATE.
2721 478 2793 488 —
2825 447 2955 503 LIB.
2997 446 3089 504 XI.

3647 445 3751 500 742

454 575 517 627 τὸ
543 569 724 640 λόγιον
751 568 1189 642 κατασημήνειεν
1211 566 1297 634 ἂν,
1332 561 1506 638 οἶμαι,
1542 565 1603 619 τὸ
1635 567 1749 630 τοῖς
1781 566 1893 622 ἄνω
1926 580 2047 617 συν-

2157 563 2429 622 humerali
2478 577 2726 639 aptatum
2775 578 2863 625 est
2905 568 3197 633 rationale,
3232 581 3298 622 ea
3344 580 3403 621 re
3451 562 3748 636 signiﬁcari

454 665 631 739 ἧφθαι
656 661 726 718 τὰ
750 663 903 717 κάτω
924 701 938 726 ,
972 660 1349 732 μεσιτεύοντος
1381 659 1476 712 τοῦ
1507 658 1767 730 Χριστοῦ.
1817 677 1836 710 ‹
1877 658 2050 722 Αὐτὸς

457 756 570 828 γάρ
600 755 752 808 ἐστιν
795 755 830 826 ή
871 754 1062 824 εἰρήνη
1093 749 1252 823 ήμῶν
1273 790 1288 815 ,
1317 752 1346 804 6
1383 750 1617 820 ποιήσας
1663 747 1734 802 τὰ
1764 747 2050 819 ἀμφότερα

456 847 536 914 ἓν,
564 867 581 899 ι
617 845 760 901 κατὰ
791 844 890 909 τὰς
927 843 1173 916 Γραφὰς,
1209 843 1304 896 καὶ
1331 843 1430 912 τῆς
1462 841 1570 894 τῶν
1604 839 1774 907 ἁγίων
1802 840 2051 909 ἀγγέλων

455 937 699 1011 πληθύος
739 934 820 1008 τῷ
858 936 1143 1005 συνδέσμῳ
1185 934 1283 1005 τῆς
1337 933 1560 1003 ἀγάπης
1607 933 1936 1004 ἀπαρτήσας
1982 930 2053 984 τὰ

453 1032 794 1105 ἀνθρώπινα.
835 1029 1035 1084 ’ἰστέον
1063 1029 1121 1082 δὲ
1176 1029 1258 1080 ὅτι
1288 1027 1382 1082 καὶ
1413 1029 1442 1081 6
1478 1026 1752 1097 μακάριος
1791 1023 2050 1097 Ἰεζεκιὴλ

451 1124 546 1178 τὸν
565 1123 806 1196 ἄρχοντα
829 1121 1008 1192 Τύρου
1055 1121 1236 1174 πάντα
1260 1120 1357 1190 μὲν
1379 1118 1561 1191 τίμιον
1581 1117 1729 1171 λίθον
1745 1116 2050 1171 ἐνδεδύσθαι

456 1217 642 1288 φησιν’
699 1213 1100 1288 ἀπαριθμεῖται
1136 1213 1194 1267 δὲ
1224 1210 1470 1274 τούτους,
1502 1209 1597 1274 οὓς
1627 1211 1723 1264 καὶ
1752 1211 1812 1264 ὲν
1850 1209 1931 1280 τῷ
1966 1209 2053 1262 λο-

455 1311 561 1381 γίῳ
592 1307 702 1362 τῶν
741 1307 980 1378 κρίσεων
1008 1302 1283 1358 τεθεῖσθαι
1320 1319 1487 1374 φησιν
1531 1304 1561 1358 6
1590 1303 1878 1367 θεσπέσιος
1922 1303 2052 1356 Μω-

458 1403 580 1474 σῆς.
609 1397 793 1455 τΗσαν
821 1399 879 1454 δὲ
905 1392 1075 1462 οὗτοι,
1106 1396 1324 1470 σάρδιον
1347 1437 1364 1460 ,
1391 1396 1671 1462 τοπάζιον,
1711 1395 2048 1466 σμάραγδος,

456 1492 694 1566 ἄνθραξ,
725 1490 1066 1561 σάπφειρος,
1101 1489 1195 1542 καὶ
1238 1488 1458 1554 ίάσπις,
1491 1487 1767 1559 λιγύριον,
1807 1488 2048 1559 ἀχάτης,

457 1583 784 1656 ἀμέθυστος,
815 1579 1156 1653 χρυσόλιθος,
1183 1578 1494 1651 βηρύλλιον,
1516 1579 1750 1649 όνύχιον.
1774 1578 2052 1649 Τετάχατο

455 1679 512 1733 δὲ
534 1676 639 1732 άνὰ
655 1677 826 1747 τρεῖς,
853 1676 946 1728 καὶ
972 1675 1030 1728 ὲν
1057 1673 1200 1736 ὅλοις
1224 1673 1486 1744 τέσσαρσι
1509 1673 1733 1743 στίχοις,
1755 1671 1816 1725 τὸ
1837 1672 2051 1743 ἑδραῖον

459 1774 516 1825 ἐν
542 1772 726 1824 πίστει
745 1768 856 1823 τῶν
882 1769 940 1822 ὲν
964 1766 1164 1840 καρδίᾳ
1192 1767 1286 1820 καὶ
1312 1767 1499 1838 μνήμῃ
1529 1763 1768 1837 Χριστοῦ
1794 1781 2054 1835 σκιαγρα-

457 1862 665 1935 φούσης
695 1864 828 1934 ἡμῖν
860 1860 962 1932 τῆς
997 1860 1214 1914 τοιᾶσδε
1244 1859 1465 1924 θέσεως.
1504 1859 1747 1922 Πίστεως
1786 1857 1886 1928 μὲν
1941 1857 2052 1928 γὰρ

453 1957 520 2011 τὸ
546 1957 650 2012 ἀνὰ
675 1957 845 2024 τρεῖς,
876 1956 972 2010 καὶ
999 1955 1076 2020 ὡς
1105 1955 1163 2009 ὲν
1189 1953 1379 2025 Τριάδι
1412 1951 1474 2006 σύ
1485 1951 1681 2024 μὸολον
1699 1967 1710 1980 ·
1766 1951 2050 2024 ἑδραιότη-

454 2067 548 2114 τος
568 2049 625 2103 δὲ
651 2049 713 2102 τὸ
743 2047 816 2112 ὼς
842 2050 899 2102 ὲν
916 2047 1245 2121 τετραγώνῳ
1265 2063 1324 2099 τε
1343 2045 1436 2100 καὶ⁵
1461 2043 1767 2117 ἰσοπλεύρῳ
1787 2045 2047 2116 σχήματι.

457 2141 731 2214 Πεποίητο
774 2141 884 2213 γὰρ
933 2140 1079 2194 οῦτω
1126 2139 1189 2193 τὸ
1235 2139 1438 2209 λόγιον,
1485 2138 1572 2209 ἐφ’
1607 2131 1652 2207 ᾧ
1698 2139 1792 2193 καὶ
1821 2139 1877 2191 αἱ
1912 2137 2050 2192 λίθοι

451 2235 800 2290 δυοκαίδεκα.

529 2506 740 2560 ΠΑΛΛ.
783 2503 1075 2576 Πείθομαι.

527 2600 694 2655 ΚΥΡ.
747 2598 861 2652 Καὶ
895 2597 1034 2668 πρός
1077 2611 1141 2664 γε
1189 2591 1256 2667 δὴ
1292 2592 1506 2658 τούτοις
1545 2591 2046 2647 συναναπλέκεσθαί

447 2711 505 2747 τι
535 2692 629 2746 καὶ
656 2693 846 2762 ἕτερον
875 2691 997 2753 ταῖς
1041 2686 1366 2742 δυοκαίδεκα
1397 2685 1568 2749 λίθοις
1599 2684 2045 2756 προσεπιτάττει,

451 2787 659 2854 λέγων·
700 2802 718 2834 ι
759 2783 870 2837 Καὶ
904 2779 1186 2851 ἐπιθήσεις
1229 2780 1322 2833 ἐπὶ
1371 2778 1432 2834 τὸ
1460 2778 1642 2846 λόγιον
1674 2779 1774 2850 τῆς
1811 2778 2048 2850 κρίσεως

450 2877 550 2948 τὴν
580 2875 815 2947 δήλωσιν
859 2873 955 2928 καὶ
991 2871 1090 2944 τήν
1136 2871 1417 2942 ἀλήθειαν,
1472 2871 1566 2924 καὶ
1612 2869 1766 2924 ἔσται
1810 2870 1904 2924 ἐπὶ
1951 2870 2046 2924 τοῦ

453 2967 688 3040 στήθους
736 2962 988 3036 Ἀαρὼν,
1031 2963 1162 3018 ὅταν
1205 2961 1592 3035 εἰσπορεύηται
1631 2964 1712 3026 εἰς
1756 2961 1816 3014 τὸ
1855 2961 2047 3032 Ἀγιον

449 3060 634 3114 ἔναντι
673 3057 903 3130 Κυρίου,
943 3056 1038 3111 καὶ
1066 3055 1289 3109 εἰσοίσει
1334 3053 1544 3126 ’Δαρὼν
1574 3055 1672 3118 τὰς
1701 3054 1914 3126 κρίσεις
1937 3054 2047 3107 τῶν

451 3153 585 3208 υίῶν
641 3151 858 3223 Ἰσραὴλ
936 3151 1028 3204 ἐπὶ
1061 3147 1156 3203 τοῦ
1207 3147 1440 3220 στήθους
1483 3147 1662 3202 ἔναντι
1701 3147 1910 3219 Κυρίου
1957 3148 2047 3202 διὰ

448 3245 675 3309 παντός.
717 3264 735 3297 ι
783 3243 1029 3315 Δήλωσιν
1079 3243 1177 3313 μὲν
1208 3237 1302 3296 οὖν
1333 3240 1590 3311 ὀνομάζει
1630 3240 1726 3295 καὶ
1753 3241 2041 3312 ἀλήθειαν,

447 3335 512 3388 οὐ
566 3333 674 3405 μὴν
725 3332 806 3387 ἔτι
856 3332 952 3386 καὶ
991 3330 1398 3403 διαμεμήνυκεν
1441 3330 1687 3401 ἐναργῶς
1740 3331 1948 3403 πότερα
1980 3331 2046 3402 δὴ

449 3427 667 3491 λίθους,
712 3425 746 3499 ἦ
783 3426 860 3490 ὡς
907 3427 967 3480 ὲν
1019 3423 1200 3497 μικρῷ
1249 3423 1482 3495 πινακίῳ
1529 3424 1750 3496 γραφήν
1791 3423 2047 3493 γενέσθαι

447 3519 846 3590 προστέταχεν.
900 3519 1270 3590 Μεμνήσομαι
1316 3519 1372 3572 δὲ
1426 3519 1710 3588 προφήτου
1758 3516 2044 3586 λέγοντος,

453 3629 474 3662 ο
519 3612 666 3665 Διότι
703 3610 918 3683 ἡμέρας
951 3610 1154 3675 πολλὰς
1186 3610 1518 3682 καθήσονται
1552 3611 1600 3662 οί
1641 3609 1749 3663 υἱοὶ
1805 3608 2044 3678 Ἰσραὴλ,

447 3707 552 3762 οὐκ
575 3693 727 3770 όντος
758 3704 1048 3777 βασιλέως,
1068 3703 1189 3758 οὐδὲ
1215 3704 1498 3776 ἄρχοντος,
1523 3704 1624 3756 οὐκ
1641 3701 1808 3773 οὔσης
1831 3701 2044 3766 θυσίας,

447 3799 574 3855 οὐδὲ
615 3799 770 3863 ὄντος
813 3797 1232 3870 θυσιαστηρίου,
1265 3795 1389 3850 οὔτε
1433 3797 1727 3871 ἱερατείας,
1778 3794 1903 3850 οὗτε
1956 3795 2048 3867 δήυ

453 3893 584 3950 λων.
629 3912 646 3945 ι
694 3891 832 3946 Ἀλλ’
876 3891 976 3946 εἴτ’
1006 3887 1099 3946 οὖν
1134 3885 1244 3944 εἷεν
1277 3890 1374 3944 καὶ
1415 3888 1590 3944 ταῦτα
1633 3889 1794 3956 λίθοι,
1822 3889 1922 3943 εἴτ’
1954 3885 2049 3944 οὖν

451 3985 530 4049 ὡς
548 3986 604 4040 ἐν
627 3985 818 4038 πίνακι
848 3985 1026 4056 χρυσῇ
1047 3982 1156 4036 τῶν
1173 3983 1456 4052 ὀνομάτων
1485 3976 1697 4055 γραφῇ,
1727 3984 2049 4054 πολυπραγ-

452 4080 678 4150 μονήσει
715 4079 814 4150 μὲν
846 4079 907 4131 οὐ
941 4077 1062 4130 λίαν
1094 4077 1123 4128 6
1154 4076 1348 4145 λόγος,
1381 4075 1708 4146 γνωσόμεθα
1749 4075 1806 4130 δὲ
1832 4077 1912 4140 είς
1947 4075 2046 4129 τύ-

449 4188 553 4225 πον
578 4171 722 4224 αύτά
745 4169 1042 4236 τεθεῖσθαι,
1073 4167 1311 4241 Χριστοῦ
1349 4169 1598 4232 συνόντος
1625 4169 1818 4238 ἁγίοις.
1849 4186 1868 4220 ι
1915 4169 2046 4223 Ἰδοὺ

447 4263 592 4335 γὰρ,
627 4263 763 4334 φησὶ
785 4304 800 4329 ,
843 4263 961 4335 μεθ’
993 4262 1149 4335 ὑμῶν
1179 4265 1297 4334 είμι
1332 4262 1512 4326 πάσας
1540 4263 1639 4328 τὰς
1673 4263 1918 4334 ἡμέρας,
1953 4263 2048 4317 καὶ

446 4355 558 4420 ἕως
591 4355 905 4420 συντελείας
935 4355 1030 4409 τοῦ
1063 4354 1282 4418 αἰῶνος.
1320 4374 1338 4406 ι
1383 4355 1636 4427 Ἀλήθεια
1669 4355 1727 4410 δὲ
1752 4355 1846 4409 καὶ
1873 4354 2048 4426 δήλω-

450 4466 539 4514 σις
585 4450 616 4502 6
648 4449 903 4520 Χριστός.
944 4449 1232 4520 Ἔγνωμεν
1269 4447 1379 4520 γὰρ
1407 4449 1466 4502 ὲν
1504 4447 1654 4519 αὐτῷ
1678 4448 1770 4503 τὸν
1801 4449 2044 4520 Πατέρα,

447 4542 548 4599 καὶ
574 4542 880 4614 δεδήλωκεν
901 4543 1033 4614 ήμῖν
1068 4542 1130 4595 τὸ
1164 4540 1370 4612 ἀγαθὸν
1412 4541 1579 4596 αὐτοῦ
1615 4540 1827 4613 θέλημα
1865 4542 1925 4596 τὸ
1961 4541 2048 4596 τέ-

446 4637 594 4691 λειον
618 4635 716 4690 καὶ
739 4635 1058 4706 εὐάρεστον,
1084 4635 1226 4688 κατὰ
1250 4632 1348 4697 τὰς
1374 4633 1620 4704 Γραφάς.
1643 4632 1786 4704 Ἔφη
1810 4631 1920 4705 γάρ
1943 4649 2048 4686 που

447 4729 686 4802 Χριστός
710 4745 724 4759 ο
784 4746 804 4779 ι
834 4727 1032 4781 Οὐκέτι
1060 4726 1206 4795 λέγω
1237 4726 1383 4797 ὑμᾶς
1412 4724 1631 4789 δούλους
1655 4765 1670 4790 ,
1719 4725 1878 4794 ὑμεῖς
1902 4724 2046 4793 φίλοι

450 4822 555 4893 μού
587 4822 734 4888 ἐστε,
769 4821 854 4875 ὅτι
881 4821 1062 4875 πάντα
1095 4819 1133 4875 ἃ
1162 4820 1374 4889 ἥκουσα
1405 4819 1554 4890 παρὰ
1581 4817 1675 4873 τοῦ
1697 4817 1911 4890 Πατρός
1945 4833 2046 4887 μου

443 4913 764 4985 ἀπήγγειλα
810 4913 960 4984 ὑμῖν.
1000 4931 1020 4966 ι
1069 4911 1326 4984 Ἀλήθεια
1355 4911 1412 4987 δὲ
1453 4912 1550 4965 καὶ
1583 4911 1788 4983 ἑτέρως
1841 4911 2049 4981 Ἐμμα-

444 5005 632 5078 νουήλ,
667 5007 751 5060 ὅτι
782 5004 947 5076 μόνος
974 5003 1139 5067 αὐτὸς
1175 5002 1321 5058 κατὰ
1346 5003 1506 5074 φύσιν
1541 5002 1690 5068 Υἱὸς,
1731 5003 1825 5057 καὶ
1867 5002 1943 5064 ὡς
1981 5003 2047 5056 ὲκ

446 5097 587 5152 Θεοῦ
617 5096 774 5161 θεὸς,
802 5097 962 5168 μόνος
1001 5096 1155 5165 ἅγιος
1174 5137 1188 5162 ,
1219 5097 1381 5167 μόνος
1410 5095 1638 5168 Κύριοςο
1694 5096 2044 5168 μεθεκτῶςδὲ

446 5193 483 5264 ή
525 5191 744 5256 κτίσις,
783 5191 881 5246 καὶ
919 5190 1063 5244 κατὰ
1111 5189 1371 5262 μίμησιν,
1407 5191 1508 5244 ὅσα
1555 5189 1650 5244 καὶ
1694 5190 1859 5246 αὐτὸς
1905 5184 2046 5245 εἶναι

446 5286 674 5348 νοεῖται.
705 5283 934 5338 Σόνεστι
957 5282 1023 5353 δὴ
1051 5277 1146 5336 οὖν
1171 5285 1286 5347 τοῖς
1310 5282 1488 5352 ἁγίοις
1512 5281 1587 5347 ὼς
1615 5283 1674 5337 ὲν
1695 5282 1842 5354 δήλῳ
1865 5300 1923 5336 τε
1953 5283 2048 5336 καὶ

447 5375 682 5448 ἀληθείᾳ
709 5374 1000 5445 νοούμενος
1024 5376 1054 5427 6
1079 5373 1336 5445 Χριστὸς,
1367 5373 1426 5438 ὃς
1449 5374 1544 5428 καὶ
1568 5375 1625 5427 ὲν
1651 5372 1933 5446 προσώπῳ
1953 5373 2047 5427 τοῦ

450 5469 665 5542 Πατρὸς
699 5469 946 5542 εἰσφέρει
972 5465 1043 5521 τὰ
1087 5467 1210 5521 καθ’
1242 5468 1415 5539 ήμᾶς,
1449 5467 1684 5521 πάντοτε
1721 5466 1831 5532 ζῶν
1863 5469 1943 5530 είς
1987 5467 2049 5520 τὸ

447 5561 803 5633 ἐντυγχάνειν
833 5560 977 5628 ὑπὲρ
1013 5559 1192 5631 ήμῶν.
1226 5558 1398 5612 Τοῦτο
1431 5559 1572 5632 γὰρ,
1594 5555 1768 5630 οἶμαι,
1801 5558 1931 5612 ἐστι’
1959 5559 2040 5626 τὸ,

447 5657 564 5711 Καὶ
593 5653 821 5708 εἰσοίσει
871 5652 1083 5725 Ἀαρὼν
1126 5651 1228 5716 τὰς
1254 5651 1466 5724 κρίσεις
1510 5649 1620 5706 τῶν
1653 5650 1786 5705 υἱῶν
1827 5651 2043 5724 Ἰσραήλ

2152 658 2371 728 opinor,
2403 658 2626 716 Christo
2665 661 2996 732 interposito
3037 661 3363 723 mediatore,
3402 657 3622 729 superis
3661 658 3747 711 in-

2153 750 2266 807 fera
2295 766 2417 808 esse
2444 767 2712 809 connexa.
2765 774 2783 805 ι
2816 756 2938 824 Ipse
2975 764 3059 809 est
3084 753 3231 808 enim
3273 768 3378 822 pax
3417 760 3626 813 nostra,
3653 751 3748 820 qui

2152 843 2284 899 fecit
2316 854 2550 916 utraque
2602 863 2796 912 unum,
2836 867 2853 898 ι
2905 855 2966 902 ut
3008 846 3311 918 Scriptura:
3345 845 3571 900 tradunt
3597 846 3661 911 “’,
3691 851 3750 898 et

2152 939 2471 1010 angelorum
2499 941 2668 995 (εαξιυί
2707 941 3004 995 humanam
3034 948 3288 994 naturam
3316 938 3604 993 charitatis
3626 936 3761 991 vin-—

2151 1031 2279 1085 culo
2329 1031 2596 1087 devinxit.
2650 1033 2762 1088 Nec
2810 1032 3174 1103 ignorandum
3223 1041 3310 1087 est
3368 1029 3516 1100 quod
3578 1029 3746 1083 etiam

2151 1123 2348 1179 beatus
2377 1124 2644 1194 prOphcta
2686 1125 2941 1180 Ezechiel
2977 1124 3286 1196 principem
3319 1123 3446 1195 Tyri
3481 1121 3630 1177 omni
3663 1122 3745 1176 la-

2153 1214 2280 1285 pide
2322 1215 2567 1286 pretioso
2610 1215 2866 1271 indutum
2905 1232 3025 1272 esse
3055 1216 3134 1270 ait
3167 1217 3245 1282 “;
3290 1214 3452 1286 385
3489 1212 3744 1269 eosdem-

2152 1322 2260 1377 que
2300 1318 2576 1374 numerat,
2605 1325 2746 1380 quos
2776 1311 2970 1365 beatus
2999 1309 3210 1379 Moyses
3233 1307 3286 1362 in
3319 1307 3572 1362 rationali
3594 1305 3744 1378 judi-

2152 1400 2366 1454 ciorum
2391 1401 2601 1471 positos
2626 1416 2748 1457 esse
2778 1401 2931 1456 dicit.
2961 1401 3028 1456 Hi
3062 1409 3245 1456 autem
3271 1409 3449 1462 erant,
3475 1399 3744 1463 sardium,

2153 1493 2460 1563 topazium,
2529 1494 2882 1566 smara'gdus,
2952 1494 3352 1558 carbunculus,
3420 1493 3742 1563 sapphirus,

2147 1588 2340 1658 jaspis,
2380 1576 2661 1660 ligyrium,
2689 1588 2934 1653 achates,
2962 1588 3324 1660 amethystus,
3351 1586 3744 1658 chrysolithus,

2152 1681 2469 1753 beryllium,
2513 1681 2831 1754 onychium.
2861 1681 3027 1736 Terni
3061 1689 3243 1735 autem
3281 1679 3532 1749 dispositi
3565 1689 3744 1741 erant,

2155 1769 2227 1826 ita
2255 1780 2316 1826 ut
2346 1771 2402 1826 in
2425 1772 2748 1828 universum
2769 1782 3008 1843 quatuor
3028 1772 3254 1827 ordines
3279 1770 3588 1839 efﬁcerent;
3627 1787 3749 1840 quae

2153 1863 2462 1933 dispositio,
2489 1879 2704 1930 eorum,
2748 1865 2841 1934 qui
2880 1863 2935 1919 in
2959 1864 3164 1919 Christi
3192 1863 3361 1918 corde
3394 1877 3458 1917 ac
3483 1863 3748 1918 memoria

2083 1925 2122 1980 Β
2153 1954 2449 2021 habentur,
2491 1955 2620 2012 ﬁdei
2669 1925 2986 2011 ﬁrmitatem
3038 1956 3198 2011 nobis
3242 1956 3558 2010 adumbrat.
3611 1956 3747 2011 Nam

2155 2046 2282 2102 ﬁdei
2308 2049 2523 2120 signum
2549 2057 2655 2114 est,
2687 2050 2834 2120 quod
2860 2049 3002 2104 terni
3033 2059 3088 2105 et
3113 2058 3368 2120 tanquam
3396 2050 3452 2104 in
3479 2050 3756 2105 Trinitate

2153 2141 2404 2212 dispositi
2433 2150 2591 2208 sunt;
2620 2141 2898 2197 ﬁrmitatis
2923 2149 3128 2206 autem,
3157 2141 3303 2211 quod
3327 2157 3391 2197 ea
3416 2141 3586 2212 ﬁgura
3612 2157 3747 2197 con-

2152 2231 2392 2297 formati,
2434 2249 2556 2303 quae
2597 2232 2867 2304 quadrata
2910 2241 3058 2288 esset
3124 2240 3182 2287 et
3222 2233 3453 2304 paribus
3503 2233 3748 2304 undique

2149 2324 2438 2381 lateribus.
2470 2326 2561 2381 Sic
2589 2327 2737 2380 enim
2766 2326 3037 2382 rationale
3076 2327 3338 2383 effectum
3375 2337 3516 2396 erat,
3547 2329 3602 2384 in
3637 2345 3752 2401 quo.

2149 2427 2308 2474 erant
2335 2435 2564 2490 gemmae
2597 2420 2703 2475 illm
2727 2418 3022 2475 duodecim
3050 2420 3351 2475 collocatae.

2221 2512 2420 2567 PALL.
2449 2511 2757 2567 Assentior.

2221 2604 2378 2658 CYR.
2408 2604 2683 2658 Pratterca
2722 2603 2872 2658 aliud
2913 2602 3190 2672 quoddam
3234 2612 3623 2658 ornamentum
3659 2602 3748 2657 his

2150 2695 2445 2752 duodecim
2479 2697 2712 2768 gemmis
2753 2697 2978 2752 annecti
3027 2697 3297 2767 praecipit,
3337 2696 3528 2751 dicens
3568 2713 3582 2749 :
3628 2715 3645 2747 ‹
3679 2696 3749 2751 Et

2150 2789 2401 2860 impones
2431 2805 2598 2860 super
2640 2789 2905 2844 rationale
2935 2789 3130 2860 judicii
3158 2787 3658 2842 manifestationem
3690 2796 3749 2840 et

2148 2879 2461 2944 veritatem,
2481 2886 2537 2934 et
2557 2878 2665 2934 erit
2691 2895 2855 2949 supra
2877 2887 3072 2950 pectus
3090 2878 3294 2944 Aaron,
3318 2893 3442 2932 cum
3475 2877 3750 2948 ingredie-

2151 2982 2242 3027 tur
2265 2972 2322 3026 in
2345 2971 2607 3026 Sanctum
2639 2985 2825 3026 coram
2849 2971 3107 3035 Domino,
3126 2979 3184 3025 et
3223 2968 3422 3024 inferet
3441 2967 3645 3032 Aaron,
3662 2969 3750 3038 ju-

2147 3064 2295 3120 dicia
2332 3063 2573 3119 ﬁliorum
2611 3063 2781 3118 Israel
2822 3063 2878 3116 in
2932 3071 3156 3132 pectore
3203 3076 3391 3116 coram
3418 3060 3652 3115 Domino
3690 3059 3748 3114 in

2148 3165 2481 3228 perpetuum
2512 3157 2576 3212 ”.
2602 3175 2622 3208 ι
2656 3155 3156 3210 Manifestationem
3183 3154 3352 3225 igitur
3371 3168 3436 3220 ac
3457 3152 3748 3207 veritatem

2072 3265 2119 3328 ς
2149 3249 2408 3319 appellat,
2429 3262 2542 3302 non
2574 3255 2762 3302 tamen
2785 3255 2973 3317 aperte
3006 3245 3273 3300 indicavit
3304 3252 3491 3298 utrum
3537 3243 3749 3312 lapides

2147 3341 2376 3407 fuerint,
2403 3357 2474 3396 an
2497 3340 2650 3396 velut
2683 3340 2739 3394 in
2763 3354 2931 3410 parva
2954 3337 3155 3392 tabella
3178 3353 3300 3392 eam
3326 3335 3747 3406 inscriptionem

2149 3433 2270 3490 ﬁeri
2311 3434 2562 3506 jusserit.
2627 3431 2853 3489 Memini
2922 3431 3088 3486 etiam
3141 3431 3427 3502 propheta:
3466 3431 3743 3486 dicentis:

2155 3546 2173 3579 ι
2198 3527 2338 3592 Quia
2362 3526 2482 3581 dies
2521 3524 2729 3581 multos
2773 3525 3048 3580 sedebunt
3098 3523 3198 3578 ﬁlii
3246 3523 3413 3578 Israel
3446 3524 3564 3579 sine
3594 3538 3745 3594 rege,

2147 3619 2266 3675 sine
2291 3618 2563 3690 principe,
2589 3617 2707 3673 sine
2741 3615 3032 3683 sacriﬁcio,
3068 3624 3127 3671 et
3154 3616 3273 3672 sine
3314 3616 3495 3681 altari,
3539 3623 3595 3670 et
3627 3616 3748 3670 sine

2147 3711 2481 3772 sacerdotio,
2515 3718 2572 3764 et
2607 3709 2726 3764 sine
2766 3707 3307 3764 manifestationibus
3329 3708 3396 3762 ¹⁸.
3427 3726 3444 3759 ι
3488 3707 3595 3762 Sed
3629 3706 3748 3761 sive

2147 3801 2362 3873 lapides
2387 3802 2465 3857 illi
2489 3801 2717 3866 fuerint,
2763 3800 2879 3855 sive
2903 3808 3168 3870 tanquam
3191 3799 3246 3853 in
3273 3815 3441 3854 aurea
3462 3799 3662 3853 tabella
3682 3813 3750 3853 ea

2147 3897 2374 3952 nomina
2399 3895 2678 3965 descripta
2717 3892 2950 3958 fuerint,
2980 3892 3036 3948 id
3078 3907 3212 3948 vero
3249 3907 3360 3946 non
3389 3891 3620 3946 nimium
3646 3906 3747 3945 cu-

2148 3988 2294 4043 riose
2317 3986 2818 4058 pervestigabimus
2852 4002 2866 4038 :
2904 3991 3118 4040 tantum
3154 3984 3298 4038 scire
3345 3983 3480 4038 satis
3511 3983 3619 4037 erit
3682 3997 3748 4036 ea

2148 4081 2208 4136 in
2241 4081 2471 4152 ﬁguram
2498 4078 2705 4136 Christi
2729 4092 2852 4134 esse
2881 4075 3087 4148 posita,
3121 4075 3217 4146 qui
3240 4090 3350 4129 una
3390 4089 3514 4128 cum
3541 4073 3750 4129 sanctis

2149 4171 2471 4227 hominibus
2491 4177 2775 4224 versatur:
2807 4188 2826 4220 ί
2852 4168 2995 4222 Ecce
3035 4166 3204 4231 enim,
3231 4163 3747 4238 inquitkvobiscum

2147 4279 2271 4320 sum
2291 4262 2550 4318 omnibus
2581 4260 2798 4325 diebus,
2821 4267 2878 4314 et
2907 4273 3083 4328 usque
3116 4257 3183 4312 ad
3211 4254 3747 4311 consummationem

2148 4355 2337 4412 saeculi
2358 4355 2456 4408 ι’.»
2493 4353 2712 4410 Veritas
2761 4359 2945 4407 autem
2986 4366 3051 4405 ac
3082 4347 3454 4404 manifestatio
3492 4346 3748 4402 Christus

2148 4455 2267 4516 est;
2299 4449 2356 4503 in
2382 4461 2450 4502 eo
2478 4445 2629 4503 enim
2661 4445 2882 4500 Patrem
2918 4441 3304 4514 cognovimus,
3335 4447 3393 4495 et
3421 4437 3744 4493 manifestas

2147 4542 2229 4599 vit
2247 4540 2410 4597 nobis
2433 4539 2636 4596 bonam
2668 4537 2844 4608 ipsius
2873 4534 3236 4598 voluntatem,
3271 4541 3328 4587 et
3357 4531 3658 4602 perfectam
3690 4537 3748 4584 et

2080 4621 2125 4676 ι)
2153 4635 2630 4706 beneplacentem,
2662 4632 2818 4702 juxta
2848 4628 3165 4699 Scripturas
3186 4627 3232 4659 ²⁰
3258 4643 3270 4679 :
3301 4625 3380 4680 ait
3399 4624 3548 4680 enim
3587 4621 3749 4678 Chri-

2143 4733 2264 4777 stus
2299 4737 2314 4774 :
2353 4739 2371 4772 ι
2403 4719 2523 4775 Jam
2554 4731 2667 4772 non
2699 4714 2878 4771 dicam
2898 4728 2998 4768 vos
3031 4726 3245 4777 servos,
3283 4725 3385 4765 vos
3422 4707 3584 4764 amici
3635 4706 3745 4761 mei

2143 4813 2280 4870 estis
2302 4855 2315 4879 ,
2341 4811 2471 4882 quia
2496 4809 2704 4874 omnia,
2739 4822 2863 4877 quae
2884 4803 3072 4860 audivi
3094 4820 3126 4858 a
3153 4803 3317 4858 Patre
3348 4815 3495 4866 meo,
3524 4814 3744 4854 annun-

2146 4909 2278 4965 tiavi
2301 4907 2460 4964 vobis
2487 4907 2588 4960 ".r
2621 4903 2842 4960 Veritas
2862 4909 2946 4958 est
2961 4901 3127 4956 etiam
3147 4899 3252 4954 alia
3269 4898 3483 4954 ratione
3499 4896 3588 4950 ille
3615 4896 3750 4950 Em-

2145 4997 2387 5054 manuel:
2404 4995 2533 5068 quia
2552 4995 2704 5050 solus
2723 4994 2839 5064 ipse
2855 4998 2941 5046 est
2967 4988 3269 5046 secundum
3297 4994 3553 5042 naturam
3572 4985 3745 5040 Filius

2142 5100 2202 5149 et
2214 5092 2432 5147 utDeus
2447 5106 2514 5144 ex
2526 5089 2660 5153 Deo,
2677 5086 2826 5142 solus
2843 5083 3096 5148 Sanctus,
3117 5081 3267 5136 solus
3277 5079 3562 5144 Dominus;
3579 5084 3634 5132 at
3646 5091 3744 5132 ve-

2144 5201 2209 5241 ro
2231 5193 2485 5240 creatura
2503 5197 2602 5253 per
2614 5176 3094 5251 participationem
3116 5181 3279 5243 atque
3303 5171 3669 5226 imitationem
3687 5167 3745 5224 id

2145 5288 2250 5343 est,
2270 5275 2641 5348 quodcunque
2661 5273 2751 5328 ille
2768 5285 2888 5326 esse
2901 5267 3248 5339 intelligitur.
3268 5265 3435 5335 386
3448 5261 3618 5318 Adest
3635 5261 3744 5317 ita-

2147 5387 2254 5442 que
2289 5369 2546 5427 Christus
2591 5380 2718 5421 cum
2751 5360 2958 5418 sanctis
2985 5358 3122 5414 viris
3153 5370 3418 5428 praesens,
3460 5367 3588 5408 cum
3624 5359 3747 5407 tan-

2146 5479 2315 5534 quam
2369 5461 2427 5516 in
2472 5455 2914 5514 manifestatione
2975 5467 3040 5506 ac
3101 5448 3337 5505 veritate
3391 5445 3743 5517 intelligitur,

2151 5556 2410 5626 idemque
2442 5566 2664 5610 causam
2707 5555 2954 5605 nostram
2987 5545 3042 5600 in
3076 5547 3435 5611 conspectum
3458 5537 3637 5595 Patris
3658 5553 3746 5591 re-

2149 5651 2279 5717 fert,
2312 5661 2530 5718 semper
2561 5645 2753 5700 vivens
2777 5641 2846 5697 ad
2868 5635 3328 5710 interpellandum
3352 5648 3454 5705 pro
3468 5631 3701 5724 pobis“
3725 5647 3742 5685 ε

524 5865 568 5937 ξ’
597 5865 802 5937 Ephes.
827 5880 888 5937 ιι,
915 5864 1004 5937 14.
1047 5863 1125 5937 ᾼ¹⁶
1150 5861 1352 5919 Ezech.
1395 5877 1596 5937 sunt,
1624 5861 1726 5937 ιζ).-
1805 5861 1847 5894 ¹⁷
1871 5859 2044 5937 Exod.

2145 5874 2276 5925 vin,
2319 5856 2424 5922 29,
2464 5852 2584 5910 50.‘
2634 5851 2678 5886 "
2719 5849 2846 5907 Ose.
2889 5864 2969 5914 ιιι,
3009 5848 3066 5904 4.
3141 5849 3185 5882 "
3209 5844 3404 5903 Matth.
3434 5837 3736 5906 πωπω.

453 5937 500 5971 ¹⁰
520 5931 681 5993 Rcui.
716 5951 813 6004 xu,
835 5935 889 5991 2.
966 5935 1008 5967 ²¹
1039 5933 1198 5992 Joan.
1240 5949 1352 6002 xvr,
1387 5931 1477 5989 15.
1555 5935 1599 5966 ²¹
1629 5933 1800 5987 llebr.
1828 5947 1924 5999 vu,
1946 5931 2038 5988 25.
