4118 6496
452 404 560 462 743

1494 399 1551 455 S.
1591 398 1873 455 CYRILLI
1910 400 2388 458 ALEXANDle
2429 401 2749 459 ARCHIEP.

3647 409 3746 467 76/.

449 521 509 578 id
544 523 698 579 enim
730 531 835 589 est,
872 532 936 578 ut
962 522 1183 592 Opinor,
1229 519 1388 584 illud,
1424 519 1496 575 Et
1520 520 1721 576 inferet
1747 532 1931 577 Aaron
1969 524 2049 594 ju-

2160 523 2343 580 ἔναντι
2409 525 2616 598 Κυρίου
2679 524 2772 578 ἐπὶ
2799 523 2893 578 τοῦ
2943 524 3174 596 στήθους
3239 524 3403 581 αὐτοῦ
3458 525 3548 581 διὰ
3614 545 3750 583 παν-

451 614 596 670 dicia
639 615 882 669 filiorum
918 614 1085 670 Israel
1122 626 1308 667 coram
1349 612 1583 668 Domino
1613 612 1668 667 in
1706 623 1930 684 pectore
1953 629 2054 670 suo

450 706 506 761 in
543 716 896 777 perpetuum.

525 800 724 854 PALL.
762 800 844 854 Ita
873 808 981 855 est.

525 890 681 946 CYR.
722 892 945 948 Vestem
971 891 1156 946 adhuc
1189 889 1483 962 quamdam
1509 904 1721 945 sacram
1770 897 1827 945 et
1876 888 2053 944 admi-

452 986 684 1042 rabilem
706 987 1021 1059 ﬁerijubet,
1043 975 1265 1046 dicens:
1304 1006 1321 1039 ι
1349 986 1418 1040 Et
1439 985 1612 1041 facies
1640 984 1881 1040 tunicam
1913 984 2053 1039 tala-

452 1093 590 1144 rem,
628 1087 801 1135 totam
841 1080 1291 1152 hyacinthinam;
1324 1089 1381 1133 et
1407 1079 1515 1133 erit
1546 1078 1809 1148 capitium
1839 1092 1907 1132 ex
1936 1077 2055 1148 ipsa

450 1170 721 1238 medium,
748 1188 906 1227 oram
938 1158 1152 1228 habens
1173 1173 1229 1227 in
1254 1170 1493 1226 circuitu
1529 1170 1738 1241 eapitii,
1772 1185 1913 1240 opus
1938 1178 2055 1223 tex-

450 1264 610 1330 toris,
637 1266 1056 1320 commissuram
1074 1272 1389 1320 contextam
1404 1279 1472 1318 ex
1490 1262 1627 1333 ipsa,
1646 1276 1715 1316 ne
1741 1270 2049 1331 rumpatur.

448 1354 521 1410 Et
550 1355 720 1412 facies
746 1356 814 1411 ad
847 1364 1157 1412 extremum
1210 1356 1414 1411 tunicae
1444 1355 1728 1419 deorsum,
1763 1352 1919 1424 quasi
1950 1352 2052 1407 llo-

450 1448 632 1503 rentis
669 1449 800 1503 mali
833 1449 1023 1520 punici
1060 1448 1435 1519 malogranata
1469 1462 1537 1502 ex
1575 1446 1893 1517 hyacintho,
1918 1460 2052 1515 pur-

446 1554 611 1615 pura,
646 1550 704 1596 et
734 1542 963 1597 coccino
996 1549 1146 1606 ueto,
1180 1550 1238 1596 et
1259 1542 1421 1614 bysso
1451 1548 1597 1595 torta
1617 1540 1672 1594 in
1707 1539 2052 1594 extremitate

451 1632 653 1687 tunicae
699 1632 757 1687 in
790 1633 1053 1688 circuitu.
1104 1633 1309 1689 Eadem
1342 1633 1554 1704 species
1581 1632 1687 1688 erit
1709 1632 2052 1704 malograna-

436 1719 525 1776 .tis
543 1738 557 1775 :
578 1730 634 1777 et
667 1723 1037 1778 tintinnabula
1066 1739 1232 1780 aurea
1261 1725 1328 1779 iis
1348 1724 1671 1795 interposita
1698 1725 1755 1779 in
1781 1724 2049 1792 circuitu;

448 1823 578 1884 post
601 1815 818 1887 singula
834 1817 1206 1888 malogranata
1228 1818 1665 1873 tintinnabulum
1688 1829 1745 1872 et
1767 1817 2048 1882 ﬂoridum,

2154 617 2272 681 τός.

2230 794 2440 848 IIAAA.
2483 793 2728 866 ’Δληθές.

2226 886 2394 943 ΚΥΡ.
2442 887 2793 960 Ἰεροπρεπὲς
2830 888 2887 944 δέ
2927 907 2980 944 τι
3030 891 3124 944 καὶ
3165 889 3496 960 ἀξιάγαστον
3543 891 3750 963 ἀμφιον

2157 981 2668 1046 κατασκευάζεσθαι
2708 983 2818 1039 δεῖν
2857 984 3140 1038 ἐπιτάττει
3171 983 3380 1054 λέγων·
3420 1004 3438 1037 ι
3484 986 3599 1039 Kal.
3628 1004 3753 1041 ποι-

2156 1074 2311 1142 ήσεις
2344 1073 2617 1145 ὑποδύτην
2642 1076 2874 1148 ποδήρη,
2895 1076 3015 1132 ὅλον
3044 1077 3375 1143 ὑακίνθινον,
3397 1078 3492 1131 καὶ
3515 1076 3668 1131 ἔσται
3687 1077 3753 1131 τδ

2156 1167 2510 1237 περιστόμιον
2545 1167 2607 1233 ἐξ
2643 1169 2809 1223 αὑτοῦ
2854 1169 3053 1240 μέσον,
3104 1168 3216 1223 ῶαν
3246 1169 3386 1239 ἔχων
3423 1169 3611 1242 κύκλῳ
3651 1166 3754 1224 τοῦ

2156 1259 2512 1330 περιστομίου
2532 1300 2547 1327 ,
2583 1260 2744 1332 ἔργον
2772 1262 3040 1331 ὑφάντου,
3071 1261 3170 1334 τὴν
3202 1262 3476 1334 συμϐολὴν
3504 1280 3751 1333 συνυφαο

2157 1349 2365 1418 σμένην
2406 1347 2465 1412 ἐξ
2496 1348 2695 1414 αὑτοῦ,
2739 1350 2828 1403 ἵνα
2871 1350 2946 1422 μὴ
3001 1354 3166 1423 ραγῇ.
3206 1353 3318 1405 Kal
3359 1354 3609 1422 ποιήσεις
3641 1353 3755 1408 ὑπὸ

2153 1437 2216 1491 τὸ
2253 1436 2414 1510 λῶμα
2460 1439 2555 1493 τοῦ
2603 1441 2866 1496 ὑποδύτου
2908 1443 3191 1508 κάτωθεν,
3232 1444 3366 1498 ὡσεὶ
3413 1444 3754 1516 ὲξανθούσης

2156 1531 2288 1601 ῥόας
2324 1531 2577 1602 ῥοΐσκους
2599 1532 2659 1600 ἐξ
2681 1533 2962 1599 ὑακίνθου,
3001 1536 3097 1589 καὶ
3128 1534 3453 1608 πορφύρας,
3486 1536 3583 1590 καὶ
3617 1525 3755 1593 κοκο

2156 1621 2306 1674 κίνου
2338 1622 2785 1693 διανενησμένου,
2822 1625 2916 1678 καὶ
2957 1623 3157 1694 βύσσου
3186 1625 3576 1699 κεκλωσμένης
3596 1666 3611 1693 ,
3640 1628 3757 1683 ὑπὸ

2154 1711 2249 1766 τοῦ
2276 1712 2527 1783 λώματος
2550 1714 2643 1767 τοῦ
2671 1716 2939 1771 ὑποδύτου
2971 1717 3175 1790 κύκλῳ.
3203 1718 3279 1772 Τὸ
3305 1720 3436 1773 αὐτὸ
3465 1716 3605 1786 εἶδος
3632 1712 3767 1784 τοῖς

2157 1807 2421 1877 ῥοΐσκοις,
2470 1808 2564 1862 καὶ
2621 1808 2877 1873 κώδωνας
2929 1810 3166 1882 χρυσοῦς
3214 1811 3492 1883 ἀναμέσον
3537 1813 3757 1867 τούτων

450 1907 559 1962 sub
581 1878 935 1965 extremitate
982 1878 1191 1966 tunica:
1221 1909 1279 1964 in
1316 1909 1574 1965 circuitu.
1622 1910 1692 1965 Et
1720 1910 1830 1965 erit
1867 1910 2049 1964 Aaron

2158 1900 2477 1973 περικύκλῳ
2543 1903 2697 1974 παρά
2753 1878 2982 1974 ῥοΐσκον*
3023 1904 3260 1976 χρυσοῦν
3317 1878 3543 1960 κώδωνα
3576 1948 3592 1974 ,
3649 1907 3765 1961 καὶ-

450 1998 584 2055 dum
636 2000 883 2072 fungitur
924 2001 1258 2067 sacerdotio,
1302 2001 1560 2058 audietur
1592 2017 1699 2057 vox
1729 2003 1870 2074 ejus,
1921 2003 2051 2058 dum

450 2091 767 2164 ingreditur
790 2093 847 2147 in
874 2092 1137 2171 Sanctum
1167 2109 1354 2149 coram
1374 2094 1629 2161 Domino,
1654 2103 1711 2150 et
1730 2094 1861 2150 dum
1891 2109 2053 2166 egre-

448 2185 624 2251 ditur,
669 2201 740 2240 ne
791 2186 1065 2242 moriatur
1100 2187 1167 2242 ³³.
1215 2206 1235 2239 ι
1282 2187 1620 2243 Subuculam
1668 2187 1838 2259 igitur
1872 2204 1936 2244 ac
1975 2197 2055 2257 ta-

447 2262 621 2333 larem
658 2286 890 2344 vestem,
913 2280 1160 2335 tunicam
1202 2281 1444 2353 longam,
1490 2289 1549 2337 et
1574 2281 1644 2336 ad
1679 2281 2051 2338 amiciendum

447 2378 652 2440 aptam,
700 2380 758 2426 et
801 2386 832 2426 a
879 2373 1023 2427 collo
1061 2373 1184 2444 ipso
1226 2373 1296 2428 ad
1345 2381 1627 2429 extremos
1680 2390 1856 2445 usque
1882 2374 2054 2445 pedes

445 2463 817 2533 pertinentem
861 2465 1157 2536 perspicue
1192 2467 1467 2537 appellat;
1510 2481 1578 2521 ex
1616 2466 1915 2540 hyacintho
1948 2483 2050 2523 au~

448 2564 585 2621 tem,
616 2554 745 2625 quia
774 2570 1028 2626 supernae
1054 2556 1203 2612 illius
1227 2555 1663 2626 incorruptionis
1694 2565 1779 2611 est
1811 2556 2050 2627 signum,

447 2662 647 2718 nempe
676 2645 906 2703 Christi.
973 2648 1259 2720 Ejusmodi
1303 2650 1586 2720 quidpiam
1611 2649 1807 2705 beatus
1831 2665 2052 2719 quoque

329 2753 339 2763 ·
446 2737 621 2793 David
646 2737 918 2808 pmcinit,
968 2754 1095 2794 cum
1141 2755 1211 2795 ex
1256 2756 1493 2812 persona
1526 2741 1624 2796 Dei
1652 2740 1720 2796 de
1751 2741 1840 2806 iis,
1870 2740 1965 2811 qui
1992 2740 2053 2795 in

446 2830 699 2887 ecclesiis
731 2831 1062 2888 sacerdotali
1092 2848 1324 2888 munere
1348 2832 1656 2904 funguntur
1689 2833 1827 2887 dixit
1858 2850 1871 2886 :
1902 2852 1921 2885 ι
1949 2832 2050 2888 Sa-

447 2922 704 2979 cerdotes
738 2923 858 2995 ejus
910 2924 1141 2979 induam
1194 2925 1422 2980 salutari
1454 2926 1519 2979 “.
1548 2944 1567 2977 ι
1614 2925 1848 2984 Induere
1884 2925 2051 2980 etiam

447 3013 746 3069 Dominum
800 3016 991 3072 Jesum
1051 3016 1376 3082 Christum,
1440 3016 1662 3086 sapiens
1712 3016 1800 3071 vir
1855 3016 2051 3073 beatus

448 3107 653 3163 Paulus
683 3108 844 3164 nobis
875 3108 932 3164 in
964 3109 1198 3179 epistola
1236 3108 1502 3179 praecepit
1536 3108 1583 3140 ’⁸
1620 3125 1633 3160 :
1668 3107 1883 3179 hocque
1913 3108 2049 3165 illud

449 3207 534 3254 est
562 3199 632 3254 de
662 3200 805 3255 coelo
841 3199 1244 3267 habitaculum,
1278 3216 1389 3271 quo
1428 3200 1582 3255 indui
1614 3208 1959 3271 exoptamus,
1985 3200 2051 3255 il—

448 3291 500 3346 la
520 3292 913 3350 exsulta'tionis
968 3295 1177 3359 tunica,
1236 3303 1294 3349 et
1348 3294 1740 3350 indumentum
1766 3294 2046 3361 salutaris,

443 3383 599 3456 juxta
625 3385 911 3455 propheta:
977 3401 1170 3441 vocem
1213 3387 1280 3441 “.
1318 3385 1457 3442 Coeli
1495 3394 1683 3441 autem
1734 3386 1912 3458 ﬁgura
1965 3394 2051 3442 est

446 3476 566 3546 ipse
590 3476 984 3548 hyacinthinus
1003 3478 1178 3543 color,
1203 3486 1267 3532 ut
1297 3486 1383 3535 est
1404 3478 1692 3534 manifeste
1716 3478 1949 3533 dictum.
1971 3478 2051 3533 Ac

444 3582 577 3623 vere
601 3567 719 3622 haec
759 3567 991 3638 quidem
1024 3568 1173 3624 dicta
1228 3578 1378 3633 sunt,
1414 3569 1459 3624 si
1493 3569 1561 3624 de
1588 3569 1751 3624 nobis
1780 3570 1916 3640 ipsis
1961 3569 2048 3624 in-

446 3659 797 3731 telligantur;
836 3660 1023 3715 amicti
1070 3676 1308 3732 namque
1345 3660 1760 3732 incorruptione
1810 3678 2050 3734 superna

444 3764 661 3805 sumus.
696 3747 794 3804 Sin
835 3749 953 3820 ipse
1004 3766 1227 3821 quoque
1260 3751 1517 3807 Christus
1558 3753 1900 3825 intelligatur
1934 3763 2053 3812 tan-

445 3856 613 3915 quam
646 3841 704 3895 iu
739 3842 921 3897 Aaron
947 3858 1185 3913 persona
1220 3844 1448 3899 talarem
1470 3845 1798 3901 subuculam
1816 3847 2047 3915 habens,

444 3913 810 3989 nihilominus
839 3934 1130 3991 verissime
1178 3935 1402 3992 dicitur.
1442 3937 1539 3993 Ille
1568 3954 1804 4009 namque
1845 3938 2051 4011 Unige-

444 4025 599 4081 nitus
625 4042 748 4082 cum
769 4027 1165 4084 sitsecundum
1204 4037 1462 4085 naturam
1505 4030 1673 4097 Deus,
1709 4031 2050 4103 incorrupti-

445 4113 559 4171 bile
585 4131 747 4172 suum
787 4133 992 4188 corpus
1024 4118 1232 4185 effecit,
1258 4128 1460 4176 etcum
1487 4121 1623 4177 illud
1645 4137 1898 4192 supernae
1920 4124 2052 4180 vitae

444 4207 651 4263 amictu
681 4209 972 4277 induisset,
995 4226 1226 4282 prorsus
1248 4212 1445 4269 mortis
1469 4212 1758 4269 dominatu
1774 4215 2052 4272 valentius

444 4298 707 4355 reddidit.
738 4301 903 4372 387
932 4302 993 4357 In
1031 4301 1254 4359 Christo
1273 4305 1423 4359 enim
1454 4304 1763 4360 secundum
1793 4313 2051 4361 naturam

446 4390 613 4446 simul
642 4401 701 4447 et
731 4407 799 4447 ex
826 4393 1256 4463 participatione
1277 4395 1758 4467 incorruptionem
1793 4412 1859 4453 ac
1878 4399 2049 4453 vitam

444 4481 649 4550 inesse,
681 4482 815 4558 hjnc
854 4499 1078 4555 quoque
1117 4486 1430 4557 intelliges;
1465 4504 1595 4543 nam
1628 4498 1690 4544 ut
1714 4491 1812 4560 qui
1848 4505 2048 4546 secun-

2155 1991 2371 2046 ἄνθινον
2406 1994 2500 2046 ἐπὶ
2529 1994 2623 2049 τοῦ
2663 1995 2919 2067 λώματος
2956 1996 3052 2051 τοῦ
3096 1997 3359 2052 ὑποδύτω
3392 1998 3595 2069 κύκλῳ.
3634 2001 3758 2054 Καὶ

2155 2082 2307 2138 ἔσται
2351 2084 2564 2157 Ἀαρὼν
2591 2087 2649 2140 ὲν
2681 2087 2759 2158 τῷ
2779 2087 3115 2159 λειτουργεῖν
3136 2089 3377 2162 ἀκουστὴ
3408 2090 3440 2161 ἡ
3469 2089 3623 2162 φωνὴ
3649 2092 3761 2146 αὑ-

2152 2175 2272 2240 τοῦ,
2291 2177 2514 2231 εἰσιόντι
2537 2180 2616 2243 εἰς
2642 2178 2902 2249 τὸἊγιον
2933 2179 3112 2234 ἔναντι
3140 2181 3370 2252 Κυρίου,
3400 2182 3496 2235 καὶ
3522 2182 3753 2248 ἐξιόντι,

2156 2266 2243 2320 ἵνα
2279 2267 2356 2341 μὴ
2384 2270 2659 2343 ἀποθάνῃ.
2708 2290 2727 2323 ι
2777 2272 3079 2343 Ὑποδύτην
3115 2273 3217 2345 μὲν
3250 2269 3343 2328 οὖν
3381 2275 3479 2329 καλ⁸
3508 2277 3752 2348 ποδήρη,

2154 2357 2358 2431 χιτῶνα
2391 2361 2624 2433 μακρὸν,
2658 2362 2835 2432 εὐφυᾶ
2865 2380 2925 2416 τε
2953 2363 3094 2435 πρὸς
3125 2363 3473 2436 περιστολὴν,
3511 2367 3606 2419 καὶ
3650 2366 3756 2422 τὸν

2155 2456 2221 2509 ὲκ
2269 2452 2454 2527 δειρῆς
2497 2455 2667 2527 αὑτῆς
2711 2458 2791 2521 εἰς
2826 2454 3031 2528 ἄκρους
3066 2457 3216 2513 ίόντα
3248 2457 3452 2523 πόδας,
3486 2458 3754 2527 ὀνομάζει

2154 2549 2366 2619 σαφῶς
2411 2549 2469 2616 ἐξ
2504 2550 2762 2603 ὑακίνθου
2801 2550 2879 2616 δὲ,
2909 2551 2992 2603 ὅτι
3022 2550 3125 2619 τῆς
3175 2550 3387 2605 ἄνωθεν
3430 2552 3753 2623 ἀφθαρσίας

2155 2638 2445 2711 σύμϐολον,
2476 2641 2723 2695 τουτέστι
2754 2641 3019 2713 Χριστοῦ.
3071 2642 3349 2698 Τοιουτονὶ
3379 2645 3570 2717 γάρτοι
3592 2647 3690 2700 καὶ
3718 2649 3757 2701 ὁ

2153 2730 2443 2797 θεσπέσιος
2497 2733 2664 2787 Δαϐὶδ
2727 2733 3241 2805 προαναπεφώνηκε
3307 2736 3482 2806 λέγων
3539 2737 3617 2801 ὡς
3679 2740 3755 2791 ἐκ

2153 2824 2448 2897 προσώπου
2499 2827 2596 2879 τοῦ
2650 2826 2784 2881 Θεοῦ
2829 2828 2960 2900 περὶ
3021 2828 3130 2883 τῶν
3164 2830 3222 2883 ὲν
3266 2832 3389 2894 ταῖς
3423 2829 3753 2901 ἐκκλησίαις

2155 2917 2602 2988 ἱερουργούντωνο
2661 2937 2681 2969 ι
2739 2918 2880 2982 Τοὺς
2928 2919 3094 2990 ἱερεῖς
3121 2919 3295 2991 αὑτῆς
3329 2920 3535 2976 ἐνδύσω
3566 2939 3756 2993 σωτη-

2155 3010 2300 3081 ρίαν.
2326 3029 2345 3061 ι
2395 2994 2721 3065 Ἐιῖδύσασθε
2744 3014 2836 3065 τὸν
2856 3011 3062 3084 Κύριον
3081 3013 3238 3084 ήμῶν
3254 3014 3463 3085 Ἰησοῦν
3484 3016 3753 3087 Χριστὸν,

2152 3103 2247 3158 καὶ
2278 3104 2307 3156 6
2338 3103 2499 3172 σοφὸς
2525 3104 2655 3174 ἡμῖν
2689 3102 2998 3158 ἐπιστέλλει
3027 3103 3275 3168 Παῦλος.Δ
3295 3106 3407 3160 Καὶ
3433 3106 3594 3161 τοῦτο
3614 3150 3630 3176 ,
3665 3105 3755 3163 οἷ-

2075 3225 2118 3285 C
2156 3214 2277 3268 μαι,
2300 3196 2417 3250 ἔστι
2443 3195 2505 3250 τὸ
2525 3197 2841 3268 οἰκητήριον
2868 3195 3023 3266 ἡμῶν
3052 3195 3114 3249 τὸ
3137 3195 3196 3264 ἐξ
3223 3196 3479 3269 οὐρανοῦ,
3504 3198 3532 3252 6
3549 3199 3754 3255 ἐπιπο-

2151 3292 2353 3364 θοῦμεν
2384 3289 2727 3355 ἐνδύσασθαι,
2757 3291 2786 3343 6
2812 3288 2914 3359 τῆς
2941 3289 3284 3361 εὐφροσύνης
3310 3289 3497 3361 χιτὼν,
3527 3290 3589 3345 τὸ
3618 3293 3758 3364 ἱμά-

2149 3403 2261 3439 τιον
2288 3381 2382 3436 τοῦ
2429 3380 2701 3454 σωτηρίου
2723 3421 2738 3446 ,
2769 3379 2913 3435 κατά
2948 3380 3046 3452 τὴν
3073 3380 3169 3434 τοῦ
3213 3382 3496 3454 προφήτου
3533 3384 3749 3457 φωνήν.

2150 3474 2395 3545 Οὐρανοῦ
2439 3474 2495 3527 δὲ
2528 3473 2700 3537 τύπος
2729 3473 2793 3526 τὸ
2828 3472 3030 3545 χρῶμα
3076 3473 3137 3527 τὸ
3182 3474 3492 3528 ὑακίνθινον
3524 3476 3753 3547 εἴρηται

2151 3566 2360 3636 σαφῶς.
2393 3564 2503 3618 Καὶ
2533 3564 2740 3636 ἀληθὴς
2770 3565 2869 3635 μὲν
2894 3565 2923 3617 6
2944 3565 3120 3633 λόγος,
3146 3564 3221 3628 ὡς
3248 3566 3332 3635 ἐφ’
3354 3566 3513 3638 ἡμῶν
3538 3567 3748 3641 αὐτῶνἔ

2149 3657 2602 3730 Περιϐεϐλήμεθα
2622 3656 2733 3727 γὰρ
2759 3656 3067 3728 ἀφθαρσίαν
3095 3658 3193 3730 τὴν
3214 3659 3442 3714 ἀνωθεν.
3471 3661 3534 3715 Εί
3563 3661 3621 3714 δὲ
3649 3663 3753 3716 καὶ

2148 3751 2313 3815 αὑτὸς
2342 3753 2514 3805 νοοῖτο
2541 3751 2798 3823 Χριστὸς,
2826 3750 2902 3814 ὡς
2931 3752 2989 3805 ἐν
3036 3751 3249 3822 Ἀαρὼν
3279 3752 3371 3807 τὸν
3398 3753 3615 3826 ποδήρη
3650 3754 3751 3809 τὸν

2150 3842 2422 3914 ὑποδύτην
2462 3841 2630 3912 ἔχων,
2666 3842 2819 3896 οὐδὲν
2859 3839 3023 3917 ἦττον
3060 3846 3195 3915 ἡμῖν
3235 3843 3446 3916 ἀληθὴς
3488 3848 3517 3899 6
3559 3845 3743 3915 λόγος.

2149 3933 2283 3998 Θεὸς
2329 3932 2439 4006 γὰρ
2482 3932 2559 3987 ὢν
2605 3933 2749 3988 κατὰ
2800 3933 2963 4002 φύσιν
3000 3937 3029 3988 6
3065 3936 3415 4008 Μονογενὴς,
3463 3935 3748 4009 ἄφθαρτον

2149 4028 2409 4084 ἀποτελεῖ
2434 4028 2496 4082 τὸ
2525 4026 2657 4080 ίδιον
2691 4026 2873 4095 σῶμα,
2907 4027 3003 4080 καὶ
3032 4025 3144 4099 ζωῇ
3169 4030 3236 4100 τῇ
3269 4027 3475 4082 ἄνωθεν
3509 4030 3750 4101 περιϐα-

2150 4120 2258 4175 λὼν
2302 4120 2472 4185 αὑτὸ,
2514 4119 2613 4191 τῆς
2645 4117 2742 4173 τοῦ
2785 4118 3019 4173 θανάτου
3064 4118 3381 4185 πλεονεξίας
3418 4121 3594 4180 ,ἐτίθει
3635 4139 3749 4177 που

2150 4214 2371 4277 πάντως
2403 4214 2461 4266 ὲν
2492 4210 2775 4284 ἀμείνοσιν
2795 4228 2808 4244 ’
2845 4211 2928 4265 ὅτι
2959 4210 3070 4285 γὰρ
3112 4212 3365 4281 φυσικῶς
3406 4230 3466 4266 τε
3495 4213 3615 4284 ἅμα
3645 4216 3751 4270 καὶ

2149 4303 2469 4377 ἀμεθῢιτως
2499 4306 2557 4358 ὲν
2591 4305 2813 4376 Χριστῷ
2856 4303 2954 4358 καὶ
2993 4303 3275 4377 ἀφθαρσία
3303 4305 3401 4367 καὶ
3438 4305 3574 4378 ζωὴ,
3617 4323 3750 4361 συνο

2149 4400 2303 4471 ήσεις
2330 4396 2646 4452 κάντεῦθεν.
2688 4397 2835 4468 Ἔφη
2867 4396 2965 4468 μὲν
2996 4398 3106 4468 γὰρ
3132 4398 3229 4453 ἆτε
3259 4398 3323 4471 δὴ
3347 4399 3441 4452 καὶ
3475 4399 3748 4471 ὑπάρχων

2150 4490 2293 4544 κατά
2331 4490 2494 4558 φύσιν
2535 4489 2690 4554 Θεὸς,
2740 4508 2761 4542 ι
2825 4488 2968 4558 Ἐγώ
3001 4492 3117 4562 εἰμι
3156 4492 3188 4563 ή
3233 4492 3532 4556 ἀνάστασις
3568 4494 3667 4546 καὶ
3706 4498 3742 4566 ἡ

445 4572 580 4629 dum
616 4584 872 4629 naturam
904 4575 1052 4630 Deus
1080 4584 1245 4642 esset,
1282 4578 1422 4634 dixit
1451 4596 1466 4632 :
1504 4598 1523 4631 ι
1558 4579 1674 4651 Ego
1702 4596 1826 4636 sum
1854 4596 2040 4636 resur-

2149 4582 2282 4654 ζωή.
2313 4601 2331 4634 ι
2355 4582 2798 4653 Ζωοποιούμενος
2808 4583 2866 4638 δὲ
2890 4583 3035 4638 κατὰ
3046 4584 3108 4638 τὸ
3124 4582 3745 4658 ἀνθρώπινον,‹”Ωσπερ

447 4666 622 4722 rectio
652 4674 709 4721 et
740 4666 855 4721 vita
887 4668 957 4720 ³⁷.
993 4686 1012 4719 ι
1039 4668 1203 4737 Idem
1236 4678 1423 4726 tamen
1455 4671 1763 4726 secundum
1789 4680 2045 4727 naturam

448 4757 758 4813 viviﬁcatus
788 4758 1108 4826 humanam,
1147 4779 1165 4812 ι
1202 4760 1357 4817 Sicut
1389 4762 1538 4817 enim
1577 4763 1759 4829 Pater,
1790 4782 1809 4815 ι
1843 4763 2045 4836 inquit,

2142 4674 2254 4746 γὰρ
2279 4675 2308 4727 6
2330 4674 2546 4747 Πατὴρ,
2584 4693 2606 4727 ι
2651 4675 2840 4745 φησὶν,
2876 4696 2895 4729 ι
2916 4676 3031 4748 ἔχει
3068 4676 3215 4749 ζωὴν
3241 4679 3299 4731 ὲν
3333 4677 3515 4749 ἐαυτῷ
3539 4715 3554 4743 ,
3595 4677 3746 4733 οὕτω

2142 4766 2347 4838 καὶτῷ
2377 4767 2491 4839 Υίῷ
2528 4767 2731 4822 δέδωκε
2769 4768 2916 4841 ζωὴν
2955 4769 3102 4841 ἔχειν
3138 4772 3197 4823 ὲν
3230 4769 3429 4839 ἑαυτῷ.
3472 4792 3492 4824 ο
3527 4771 3743 4826 Οὐκοῦν

454 4870 475 4900 ι
508 4850 676 4906 habet
708 4850 875 4906 vitam
909 4851 966 4906 in
994 4851 1315 4922 semetipso,
1346 4854 1427 4908 sic
1455 4853 1610 4909 dedit
1633 4863 1689 4910 et
1714 4856 1852 4912 Filio
1875 4857 2046 4914 vitam

2149 4859 2250 4913 κᾶν
2279 4860 2329 4912 εί
2358 4859 2522 4923 αὑτὸς
2548 4863 2724 4914 νοοῖτο
2765 4860 3021 4931 Χριστὸς,
3057 4863 3085 4915 6
3115 4862 3429 4934 ἀφθαρσίαν
3456 4863 3559 4936 τὴν
3593 4864 3742 4919 ἀνωο

373 4973 381 4980 -
449 4942 655 4999 habere
680 4944 736 4999 in
770 4944 1069 5014 semetipso
1126 4945 1192 4999 ’⁸.
1232 4965 1250 4997 ι
1280 4946 1475 5016 Igitur,
1502 4947 1722 5004 etiamsi
1750 4949 1865 5020 ipse
1883 4950 2044 5007 Chri-

449 5041 573 5092 stus
628 5036 972 5108 intelligatur
1044 5035 1125 5102 is,
1180 5037 1275 5106 qui
1328 5053 1567 5108 superna
1630 5040 2045 5113 incorruptione

448 5127 687 5183 amictus
719 5142 842 5182 esse
897 5126 1126 5194 dicitur,
1170 5128 1311 5183 nihil
1370 5129 1441 5185 ab
1502 5145 1590 5198 eo,
1645 5133 1796 5204 quod
1828 5134 2043 5201 deceat,

449 5219 733 5275 aberrabit
756 5220 952 5276 oratio.
1008 5219 1097 5276 Ad
1118 5229 1396 5278 extremas
1446 5232 1631 5279 autem
1661 5234 1848 5296 partes
1870 5228 2046 5283 malo.

451 5319 675 5380 grauata
730 5317 895 5379 atque
943 5307 1315 5368 tintinnabula
1362 5313 1575 5369 alterna
1635 5317 1815 5385 posita
1865 5326 2043 5385 erant,

451 5398 826 5469 malogranata
877 5398 1102 5469 quidem
1163 5412 1441 5471 contexta,
1511 5405 1881 5464 tintinnabula
1905 5424 2042 5466 vero

448 5504 639 5557 aurea,
671 5498 732 5545 ut
759 5499 816 5546 et
834 5505 1028 5547 sonum
1053 5509 1184 5550 vere
1204 5494 1491 5563 haberent,
1519 5506 1597 5563 et,
1629 5498 1762 5554 dum
1784 5501 2040 5573 ingrede-

450 5590 612 5638 retur.
634 5582 818 5638 Aaron
868 5583 927 5638 in
971 5583 1171 5643 Sancta
1201 5598 1541 5655 sanctorum,
1579 5591 1703 5662 ejus
1727 5591 2039 5663 ingressum

447 5673 799 5730 notissimum
817 5674 1079 5733 facerent.
1103 5679 1163 5735 Id
1189 5696 1411 5754 quoque
1433 5682 1743 5754 symbolum
1776 5692 1862 5741 est
1890 5685 2039 5743 illius

520 5786 566 5865 ’3
589 5786 763 5842 Exod.
789 5806 987 5865 κκνιιι,
1029 5790 1222 5850 31-55.
1327 5794 1377 5829 “
1400 5790 1545 5852 Psal.
1571 5811 1749 5865 cxxxr,
1781 5797 1869 5855 16.

451 5854 500 5890 ⁸³
524 5855 682 5914 Joan.
710 5875 763 5927 ν,
784 5860 874 5918 26.

1974 5804 2020 5838 ’⁸
2043 5804 2203 5864 Rom.
2228 5823 2346 5874 xm,
2379 5807 2568 5870 {2-14.

2144 4949 2236 5005 θεν
2281 4950 2709 5022 περιϐεϐλῆσθαι
2747 4951 3074 5024 λεγόμενος,
3118 4954 3240 5024 οὐχὶ
3287 4953 3385 5008 τοῦ
3432 4953 3743 5025 πρέποντος

2143 5039 2410 5111 ὲξοίχοιτο
2431 5041 2499 5096 ἂν
2528 5042 2557 5094 6
2594 5041 2771 5110 λόγος.
2805 5042 2950 5114 Πρὸς
2983 5043 3042 5097 δέ
3068 5060 3133 5112 γε
3162 5044 3228 5116 δὴ
3257 5047 3371 5109 τοῖς
3399 5045 3552 5100 κάτω
3577 5035 3741 5116 τυχόν

2146 5134 2362 5206 μέρεσι,
2404 5136 2612 5206 ροἲσκοι
2649 5136 2746 5189 καὶ
2775 5135 3026 5201 κώδωνες
3056 5134 3536 5207 παραλλάσσοντες
3559 5137 3628 5191 τὰ
3647 5139 3741 5206 εγ-

2143 5226 2396 5297 κείμεναο
2421 5227 2516 5280 καὶ
2540 5229 2754 5299 ροἲσκοι
2785 5228 2886 5300 μὲν
2908 5228 2986 5293 ὡς
3008 5231 3436 5302 συνυφασμένοι,
3465 5234 3661 5303 χρυσοῖ
3680 5232 3738 5287 δὲ

2143 5318 2194 5371 οἱ
2228 5317 2499 5383 κώδωνες⁹
2529 5319 2606 5384 ὡς
2651 5318 2718 5375 ἂν
2760 5320 2950 5394 εὖηχοί
2978 5338 3037 5376 τε
3070 5318 3180 5376 εἶεν
3214 5323 3357 5377 κατά
3398 5323 3462 5376 τὸ
3489 5324 3695 5396 ἀληθὲς
3720 5366 3734 5390 ,

2147 5412 2245 5465 καλ⁸
2301 5409 2408 5482 μὴν
2458 5412 2558 5465 καὶ
2608 5411 2911 5478 είσθέοντος
2954 5414 3166 5487 Ἀαρὼν
3204 5417 3287 5480 είς
3322 5415 3393 5470 τὰ
3433 5416 3603 5486 Ἀγια
3628 5415 3738 5469 τῶν

2146 5505 2341 5574 ἁγίων,
2365 5505 2778 5579 ἐπισημοτάτην
2806 5507 2970 5563 αὑτοῦ
2998 5509 3263 5564 ποιῶνται
3286 5509 3390 5581 τὴν
3419 5509 3731 5582 είσδρομήν.

2142 5596 2424 5669 Σύμϐολον
2447 5598 2505 5653 δὲ
2529 5600 2623 5654 καὶ
2645 5598 2809 5654 τοῦτό
2854 5605 2972 5655 ἐστι
3000 5601 3103 5672 τῆς
3130 5602 3404 5674 σωτηρίου
3436 5603 3536 5655 καὶ
3563 5601 3732 5671 σοφῆς

2143 5688 2479 5762 οίκονομίας,
2530 5693 2675 5765 φημὶ
2703 5693 2769 5765 δὴ
2802 5693 2901 5748 τοῦ
2946 5694 3097 5761 θείου
3143 5712 3202 5750 τε
3239 5696 3335 5750 καὶ
3375 5692 3731 5765 εὑαγγελικοῦ

2683 5807 2863 5868 "Isa.
2891 5825 3000 5877 ut,
3045 5808 3130 5866 10.
3236 5812 3285 5845 ’⁷
3323 5810 3482 5868 Joan.
3512 5825 3589 5867 xx.
3637 5808 3727 5866 25.
