4118 6434
378 353 489 410 τιὸ

1132 345 1222 403 DE
1261 342 1709 403 ADORATIO'NE
1748 342 1816 401 IN
1858 340 2132 401 SPlRlTU
2170 340 2261 397 ΕΤ
2301 339 2676 399 V'ERITATE.
2716 338 2847 396 LIB.
2889 339 2983 395 XI.

3589 342 3695 399 7M

387 468 771 542 κηρύγματος,
788 464 955 521 οἱονεί
974 482 1092 529 πως
1119 465 1344 520 ἃπασαν
1380 460 1851 533 περιῦομῦοῦντος
1885 460 1984 514 πό-

2105 459 2347 516 talutaris
2377 468 2544 529 atque
2575 457 2844 529 sapientis
2870 456 3322 527 dispensationis,
3343 456 3565 524 divime,
3607 459 3695 514 in-

381 560 489 628 λιν,
511 559 601 612 ὅτε
634 557 701 612 δι’
724 558 874 629 ἡμᾶς
903 554 1228 628 εἰσδέδηκεν
1256 557 1339 619 εἰς
1363 553 1436 608 τὰ
1456 553 1624 623 ’Ἅγια
1655 552 1763 606 τῶν
1792 552 1990 621 ἁγίων,

381 652 615 708 αἰωνίαν
646 651 923 722 λύτρωσιν
952 648 1260 722 εὑράμενος
1281 690 1296 712 ,
1346 650 1375 703 6
1411 647 1586 719 μέγας
1618 645 1774 718 ἡμῶν
1805 648 1993 717 ἀρχιε-

384 746 540 819 ρεὺς,
569 742 633 797 τὸ
672 741 908 817 ἄμωμον
942 740 1113 814 θῦμα.
1153 761 1173 797 ι
1209 741 1327 812 Mt?
1364 741 1477 811 γὰρ
1519 741 1813 812 προσφορᾷ
1841 755 1993 792 τετε-

382 836 614 892 λείωκεν
653 835 734 899 είς
779 834 845 888 τὸ
887 834 1137 905 διηνεκὲς
1171 835 1301 897 τοὺς
1343 833 1767 904 ἁγιαζομένους.
1826 851 1842 885 ι
1896 830 1995 885 Δῖ-

384 945 560 1001 νιγμα
583 927 642 982 δὲ
676 926 873 999 ῶσπερ
904 927 1007 983 οὐκ
1049 926 1377 998 ἁσυμφανὲς
1397 967 1412 992 ,
1456 924 1553 981 τοῦ
1587 924 1688 996 μὲν
1717 924 1993 999 σωτηρίου

387 1020 749 1094 κηρύγματος
779 1020 828 1074 oi.
859 1021 925 1074 ὲκ
944 1019 1148 1092 χρυσοῦ
1170 1016 1461 1090 γεγονότες
1488 1017 1758 1083 κώδωνες,
1784 1017 1994 1072 πόλεων

382 1114 444 1171 δὲ
469 1113 785 1186 οίυροῒσκοι.

458 1376 675 1433 ΠΔΛΔ.
717 1377 857 1432 Τίνα
890 1377 1095 1448 τρόπον
1111 1393 1127 1442 ;

458 1470 624 1525 ΚΥΡ.
678 1469 768 1535 Ὠς
803 1471 914 1541 γὰρ
952 1469 1110 1533 πόλις
1150 1467 1231 1522 ἑνὶ
1267 1468 1368 1540 μὲν
1412 1467 1613 1534 ἔξωθεν
1656 1468 1996 1542 περιδέδεται

386 1562 588 1636 πύργῳ
607 1603 622 1627 ,
663 1562 866 1635 μυρίας
896 1562 954 1617 δὲ
980 1563 1113 1626 ὅσας
1146 1564 1205 1615 ὲν
1235 1563 1403 1633 ἑαυτῇ
1436 1563 1654 1634 συνέχει
1692 1562 1793 1628 τὰς
1821 1581 1998 1618 συνοι-

389 1657 537 1721 κίας·
558 1657 650 1710 τὸν
672 1655 859 1721 αὐτὸν,
878 1651 1278 1727 οἶμαι,ίτρόττον
1304 1657 1400 1710 καὶ
1419 1656 1479 1709 τὸ
1504 1656 1700 1728 χρῆμα
1736 1657 1837 1729 τῆς
1866 1658 1998 1730 ῥόας

387 1750 473 1804 ἑνὶ
533 1749 634 1821 μὲν
680 1748 884 1814 ἔξωθεν
932 1747 1147 1820 ὲλύτρῳ
1210 1747 1537 1813 διέξωσται,
1594 1749 1800 1805 ἔσωθεν
1846 1751 1904 1804 δὲ
1946 1753 1996 1806 οί

2095 566 2282 622 quam,
2315 560 2482 621 atque
2511 550 2845 622 evangelicae
2880 548 3314 620 praedicationis,
3347 564 3458 620 qua
3494 564 3697 621 prope-

2096 644 2328 704 modum
2363 643 2640 698 universre
2666 643 2836 699 urbes
2860 642 3293 706 circumsonant,
3313 657 3442 697 cum
3471 648 3700 713 propter

2094 753 2198 794 nos
2227 737 2480 793 introivit
2513 737 2570 791 in
2596 736 2796 792 Sancta
2837 744 3182 801 sanctorum,
3201 745 3410 791 αξιοι-ηε
3437 734 3698 806 redemp-

2096 832 2246 888 tione
2307 831 2556 896 inventa,
2605 844 2858 886 summus
2896 828 2989 883 ille
3020 827 3316 895 Sacerdos,
3350 827 3698 884 immaculata

2094 924 2344 980 victima.
2387 942 2405 974 ι
2453 922 2572 980 Una
2629 920 2780 977 enim
2844 918 3126 975 oblatione
3179 921 3585 977 consummavit
3639 921 3699 975 in

2094 1024 2429 1090 perpetuum
2464 1013 2843 1071 sanetilicatos
2874 1016 2941 1069 ²⁹.
3008 1033 3025 1064 ι
3078 1011 3221 1068 Sunt
3251 1022 3438 1070 autem
3471 1015 3701 1073 minime

1982 1152 1995 1159 .
2095 1111 2399 1167 obscurum
2438 1108 2674 1180 aenigma
2725 1106 3136 1178 praedicationis
3168 1107 3395 1177 quidem
3445 1108 3702 1165 salutaris

2097 1196 2191 1252 illa
2222 1213 2291 1253 ex
2328 1212 2467 1252 auro
2494 1195 2637 1252 facta
2665 1193 3060 1260 tintinnabula,
3098 1193 3321 1251 urbium
3352 1203 3539 1251 autem
3584 1210 3703 1251 ma-

2096 1289 2403 1361 logranata.

2169 1382 2368 1439 PALL.
2403 1381 2525 1450 Quo
2558 1380 2782 1447 tandem
2809 1375 3012 1436 modo?

2169 1474 2331 1532 (ΠΒ.
2364 1475 2435 1532 Ut
2462 1473 2613 1530 enim
2637 1473 2774 1529 urbs
2798 1488 2910 1529 uno
2947 1473 3041 1529 illa
3071 1472 3297 1544 quidem
3328 1472 3705 1531 exstrinsecus

2099 1583 2261 1624 muro
2286 1568 2690 1633 circumdatur,
2720 1567 2885 1639 longe
2932 1574 3121 1621 autem
3173 1565 3411 1638 plurima
3466 1566 3614 1621 intra
3645 1582 3705 1623 se

2098 1657 2381 1716 domicilia
2425 1659 2695 1724 continet,
2750 1658 2949 1713 eodem
2999 1673 3221 1729 quoque
3274 1656 3443 1712 modo
3498 1657 3705 1712 malum

2099 1760 2393 1822 granatum
2446 1767 2561 1808 uno
2600 1751 2950 1808 extrinsecus
2998 1750 3284 1821 putamine
3311 1750 3572 1821 cingitur,
3607 1750 3706 1807 sed

387 1840 582 1896 κόκκοι
601 1840 827 1912 χιτῶσιν
853 1842 1057 1912 ἰσχνοῖς
1085 1841 1333 1914 ἀλλήλων
1351 1841 1808 1914 ἀποτειχίζονται,
1836 1843 1997 1914 μόνον

2105 1844 2336 1900 interius
2388 1860 2561 1916 grana
2617 1844 2920 1900 subtilibus
2975 1842 3180 1899 tunicis
3232 1853 3494 1913 tanquam
3530 1842 3709 1898 muris

385 1931 447 1987 δὲ
467 1933 588 2005 οὐχί
613 1932 966 2003 συλλέγονται
994 1934 1138 1989 κατὰ
1159 1936 1459 2001 συνοικίας.
1494 1936 1568 1988 Ἦ
1593 1936 1694 2007 οὐχ
1721 1929 1823 1993 ὧδε
1847 1935 1994 2008 ἔχεις

459 2122 675 2177 ΠᾹΛΛ.
712 2121 1003 2195 Σύμερημι.

463 2215 632 2270 ΚΥΡ.
673 2215 877 2270 Κώδων
911 2216 976 2287 δὴ
996 2211 1092 2272 οὖν
1121 2219 1255 2290 παρ’
1286 2218 1498 2293 ἑκάστῃ
1521 2221 1641 2294 ρόᾳο
1673 2223 2000 2291 διδάσκαλος

385 2305 501 2380 γὰρ
525 2307 658 2380 παρ’
685 2308 890 2380 ἑκάστῃ
925 2307 1099 2374 πόλει,
1122 2311 1189 2382 τῇ
1215 2309 1325 2363 τῶν
1358 2309 1521 2365 θείων
1543 2313 1837 2386 δογμάτων
1859 2317 1999 2372 ἀπο-

386 2401 664 2471 κτυπήσει
702 2401 798 2455 καὶ
837 2399 1073 2473 εὑηχίᾳ,
1112 2404 1357 2476 φανερὰν
1390 2404 1565 2458 ἅπασι
1599 2406 1864 2472 καθιστὰς
1901 2409 1998 2463 τοῦ

386 2492 645 2564 Σωτῆρος
669 2491 828 2564 ἡμῶν
846 2494 945 2566 τὴν
965 2496 1047 2558 είς
1068 2494 1138 2548 τὰ
1158 2495 1326 2565 ’Ἅγια
1350 2497 1459 2551 τῶν
1480 2497 1653 2567 ἁγίων
1674 2499 1999 2573 εἰσδρομὴν.

404 2584 749 2656 Ἐπήρτηται
800 2585 858 2639 δὲ
898 2586 994 2640 καὶ
1046 2584 1215 2658 δεῖμα
1259 2586 1496 2642 θανάτου
1536 2591 1652 2653 τοῖς
1697 2590 2003 2663 ἱερουργεῖν

386 2676 868 2750 ὲπιτεταγμένοις.
898 2679 1018 2750 ἦτοι
1046 2678 1125 2751 τῷ
1161 2678 1393 2751 Ἀαρὼν,
1431 2683 1514 2747 εἰς
1540 2683 1643 2753 τὴν
1669 2683 1835 2753 ἁγίαν
1863 2701 2002 2755 σκη-

388 2768 513 2842 νὴν,
545 2771 592 2824 εἰ
632 2771 708 2842 μὴ
758 2770 1150 2843 περιϐομϐοῑεν
1192 2769 1252 2826 εὖ
1297 2773 1443 2846 μάλα
1490 2773 1601 2829 τῶν
1645 2774 1919 2831 κωδώνων
1949 2779 2001 2832 οί

387 2861 617 2917 κτύποι.
647 2863 856 2935 Χρῆμα
879 2864 988 2935 γὰρ
1012 2865 1313 2935 ἐπισφαλὲς
1356 2866 1760 2941 διδασκάλοιςή
1795 2872 1996 2943 σιωπή.

387 2955 507 3010 Καὶ
534 2955 692 3012 τοῦτό
718 2959 869 3012 ἐστιν
898 2956 1146 3030 ἐναργῶς
1168 2998 1184 3024 ,
1217 2960 1358 3033 ὅπερ
1397 2960 1501 3034 ἔφη
1538 2962 1774 3032 Παῦλος,
1811 2982 1832 3018 ι
1862 2965 2005 3021 Οὐαὶ

387 3048 506 3122 γάρ
542 3050 636 3120 μοί
666 3050 838 3117 ἐστιν,
871 3050 969 3105 ἐὰν
1001 3050 1077 3123 μὴ
1110 3051 1580 3126 εὐαγγελίζωμαι.
1619 3073 1638 3108 ι

2102 1937 2250 1995 inter
2273 1954 2332 1994 se
2377 1938 2819 2010 distinguuntur,
2852 1953 2941 2001 ac,
2982 1952 3155 2008 prope
3195 1936 3588 2008 dixerim,.per
3610 1936 3709 1992 do-

2101 2030 2370 2086 micilium
2398 2031 2753 2102 colliguntur.
2776 2030 2918 2085 Num
2947 2029 3026 2085 ita
3050 2046 3109 2085 se
3131 2044 3221 2085 res
3251 2029 3458 2085 habet?

2173 2119 2376 2176 PALL.
2409 2120 2489 2175 Ita
2519 2135 2772 2191 prorsus.

2172 2212 2332 2268 CYR.
2366 2212 2828 2269 Tintinnabulum
2862 2212 3033 2286 igitur
3059 2213 3292 2286 singulis
3316 2210 3709 2287 malogranatis

2101 2306 2427 2380 adjunctum
2459 2314 2565 2374 est;
2593 2323 2721 2363 nam
2746 2315 2807 2363 et
2845 2305 3151 2377 unicuique
3184 2306 3311 2361 urbi
3342 2322 3478 2362 suus
3529 2307 3708 2378 magi-

2102 2408 2240 2465 ster,
2269 2400 2389 2471 qui,
2436 2397 2753 2455 divinarum
2824 2398 3245 2471 disciplinarum
3294 2399 3483 2454 sonitu
3541 2407 3709 2471 atquo

2103 2500 2400 2561 concentu,
2428 2494 2729 2551 Salvatoris
2751 2495 2924 2551 nostri
2951 2496 3007 2549 in
3040 2491 3241 2550 Sancta
3270 2500 3588 2549 sanctorum
3619 2492 3709 2547 in-

2102 2603 2354 2659 gressum
2367 2589 2628 2645 omnibus
2649 2588 2913 2644 declaret.
2934 2588 3297 2660 lmpendebat
3311 2597 3498 2643 autem
3514 2588 3711 2642 mortis

2102 2692 2286 2739 metus
2326 2683 2396 2738 iis
2428 2683 2636 2753 quibus
2667 2696 2900 2737 munere
2928 2680 3236 2736 sacerdotis
3263 2680 3320 2735 in
3351 2679 3711 2736 tabernaculo

2101 2775 2254 2848 fungi
2270 2775 2664 2831 demandatum
2696 2784 2836 2838 erat,
2855 2789 3054 2844 nempe
3087 2772 3294 2838 Aaron,
3310 2771 3418 2831 nisi
3446 2771 3716 2831 tintinna-

2103 2869 2233 2924 bula
2268 2867 2506 2922 maxime
2537 2866 3086 2936 circumstreperent.
3112 2865 3210 2927 Est
3230 2866 3382 2921 enim
3426 2865 3712 2936 silentium

2102 2961 2428 3019 doctoribus
2459 2961 2518 3015 in
2550 2958 2746 3029 primis
2768 2958 3178 3029 periculosum:
3208 2956 3377 3027 idque
3420 2958 3713 3029 perspicue

2104 3049 2243 3106 illud
2304 3058 2411 3115 est,
2449 3050 2597 3121 quod
2625 3050 2829 3105 Paulus
2856 3048 2935 3103 ait
2968 3066 2981 3101 :
3023 3067 3041 3101 ι
3074 3048 3165 3103 Va:
3219 3047 3369 3103 enim
3422 3047 3561 3104 mihi
3602 3055 3712 3117 est,

2105 3142 2212 3197 nisi
2241 3143 2694 3213 cvangelizavero
2720 3142 2788 3196 ’°.
2830 3160 2848 3193 ι

465 3235 682 3292 llAAA.
716 3235 935 3291 Ἔοικεν
956 3252 969 3267 ·
995 3235 1363 3309 διατεκμαίρῃ
1392 3236 1504 3309 γὰρ
1532 3237 1597 3308 δὴ
1634 3239 1732 3293 καὶ
1761 3239 1883 3294 λίαν
1906 3240 1997 3310 ὀρ-

2177 3207 2486 3290 ΙἏίιιιίίιει
2510 3235 2748 3291 videtur.
2779 3234 2914 3290 Nam
2935 3232 3084 3291 haud
3111 3233 3253 3290 male
3278 3233 3526 3306 conjicis.

386 3329 529 3395 θῶς.

466 3422 635 3477 ΚΥΡ.
671 3423 784 3477 Ka‘t
824 3422 961 3495 πρός
1010 3439 1076 3493 γε
1108 3422 1174 3496 δὴ
1201 3422 1414 3486 τούτοις
1442 3438 1457 3453 ⁸
1499 3442 1518 3475 ι
1556 3424 1668 3478 Καὶ
1717 3427 2001 3498 ποιήσεις,

388 3515 560 3586 φησὶ,
594 3515 830 3571 πέταλον
862 3517 1138 3589 χρυσοῦν,
1174 3517 1419 3591 καθαρὸν
1445 3562 1461 3586 ,
1519 3520 1615 3589 καὶ
1659 3518 2005 3585 ὲκτυπὼσεις

389 3608 457 3662 ὲν
481 3606 632 3678 αὑτῷ
649 3608 958 3680 ὲκτύπωμα
991 3608 1312 3683 σφραγίδος,
1357 3612 1632 3684 ’Δγίασμα
1661 3613 1877 3686 Κυρίῳ,
1909 3615 2005 3668 καὶ

387 3702 681 3774 ἐπιθήσεις
702 3702 837 3758 αὒτδ
858 3706 951 3759 ὲπί
974 3704 1234 3760 ὑακίνθου
1259 3706 1678 3779 κεκλωσμένης.
1710 3709 1820 3763 Καὶ
1848 3708 2004 3764 ἔσται

390 3799 493 3853 ἐπὶ
522 3799 622 3869 τῆς
656 3798 863 3870 μίτρας
885 3839 903 3864 ,
947 3800 1090 3854 κατὰ
1122 3798 1421 3870 πρόσωπον
1450 3802 1551 3873 τῆς
1589 3801 1790 3874 μίτρας
1823 3802 2002 3857 ἔσται.

390 3890 513 3946 Καὶ
542 3890 693 3945 ἔσται
715 3892 811 3946 ἐπὶ
835 3889 930 3947 τοῦ
965 3889 1221 3964 μετώπου
1256 3891 1493 3965 Ἀαρών.
1517 3894 1629 3949 Καὶ
1651 3895 1840 3967 ὲξαρεῖ
1879 3897 2004 3951 Ἀα-

392 3980 513 4055 ρὼν
547 3982 615 4036 τὰ
652 3984 1037 4055 ἁμαρτήματα
1077 3982 1189 4036 τῶν
1217 3983 1415 4053 ἁγίων,
1448 3985 1552 4039 ὅσα
1583 3984 1652 4039 ἂν
1698 3986 2005 4056 ἁγιάσωσιν

391 4078 451 4132 oi
489 4077 598 4130 ulo‘t
653 4075 895 4149 Ἰσραὴλ,
930 4076 1131 4140 παντὸς
1164 4076 1403 4148 δόματος
1443 4076 1553 4131 τῶν
1596 4077 1768 4146 ἁγίων
1797 4079 2003 4136 αὐτῶν.

391 4167 513 4222 Καὶ
535 4165 689 4222 ἔσται
715 4168 810 4223 ἐπὶ
829 4167 924 4222 τοῦ
950 4167 1204 4240 μετώπου
1237 4167 1449 4241 Ἀαρὼν
1472 4168 1789 4238 διαπαντὸς,
1813 4170 2006 4226 δεκτδν

391 4260 589 4324 αὐτοῖς
638 4258 824 4314 ἔναντι
877 4261 1110 4331 Κυρίου.
1167 4279 1188 4314 ι
1239 4260 1332 4327 Ἐξ
1376 4261 1636 4316 ὑακίνθου
1690 4263 1791 4332 μὲν
1828 4259 1924 4317 οὖν
1970 4265 2005 4336 ἡ

394 4351 592 4425 μίτρα,
622 4353 864 4425 χρυσοῦν
880 4354 936 4409 δὲ
957 4355 1017 4408 τὸ
1043 4354 1296 4409 πέταλον.
1336 4354 1498 4408 Ἐκτύ
1508 4372 1679 4425 πωμα
1697 4355 1755 4410 δὲ
1779 4358 1837 4410 ὲν
1858 4355 2009 4428 αὐτῷ

389 4442 498 4498 καὶ
524 4443 738 4517 γραφὴ,
764 4443 829 4498 τὸ
858 4444 1100 4516 Χριστοῦ
1127 4444 1451 4517 μυστήριον,
1484 4446 1583 4499 καὶ
1615 4445 1715 4518 τῆς
1746 4446 1827 4509 εἰς
1857 4444 2007 4499 τόνδε

2175 3430 2347 3504 388
2382 3428 2543 3487 CYR.
2588 3428 2863 3488 Praeterea
2908 3443 2923 3480 :
2967 3447 2984 3478 ‹
3022 3426 3245 3491 Facies,
3301 3425 3513 3497 inquit,
3548 3425 3713 3481 lami-

2105 3540 2233 3580 nam
2285 3538 2511 3580 auream
2557 3538 2752 3595 puram
2780 3563 2795 3588 ,
2834 3531 2896 3577 et
2944 3521 3167 3579 czelabis
3210 3520 3267 3583 in
3299 3534 3366 3578 ea
3395 3522 3712 3579 caelaturam

2105 3618 2293 3689 sigilli,
2332 3616 2710 3673 Sanctiﬁcatio
2757 3615 3028 3680 Domino,
3090 3623 3145 3670 et
3196 3613 3448 3683 importes
3481 3612 3617 3669 illud
3656 3613 3713 3669 in

2105 3710 2409 3785 hyacintho
2435 3719 2602 3775 torta,
2636 3718 2695 3767 et
2726 3708 2837 3771 erit
2878 3724 3049 3779 super
3088 3707 3310 3769 mitram
3338 3713 3466 3763 ante
3516 3704 3725 3763 faciem

2105 3809 2308 3872 mitrae,
2333 3814 2393 3862 et
2435 3806 2544 3864 erit
2568 3807 2628 3863 in
2670 3805 2854 3865 fronte
2884 3804 3068 3860 Aaron
3104 3820 3118 3856 :
3149 3812 3207 3859 et
3249 3801 3496 3874 portabit
3526 3800 3714 3857 Aaron

2106 3907 2330 3971 peccata
2356 3906 2695 3962 sanctorum,
2725 3910 3072 3968 quaecunque
3128 3893 3597 3952 sanctiﬁcaverint
3618 3892 3718 3948 lilii

2107 3990 2298 4056 Israel,
2336 3990 2521 4047 omnis
2570 3989 2703 4047 doni
2746 3996 3065 4049 sanctorum
3112 3986 3381 4057 ipsorum.
3416 3987 3485 4042 Et
3513 3985 3627 4045 erit
3658 3984 3717 4041 in

2107 4084 2290 4139 fronte
2319 4082 2503 4138 Aaron
2527 4091 2823 4154 perpetuo,
2854 4078 3196 4150 acceptabile
3230 4078 3366 4149 ipsis
3393 4093 3581 4134 coram
3604 4079 3718 4135 Do-

2109 4175 2263 4230 mino
2292 4175 2356 4229 ³¹.
2390 4196 2407 4225 ι
2452 4174 2534 4229 Ex
2579 4173 2878 4245 hyacintho
2930 4172 3099 4244 igitur
3139 4171 3326 4235 mitra,
3348 4171 3554 4228 lamina
3582 4188 3718 4228 vero

2108 4282 2279 4323 aurea
2301 4276 2422 4333 est;
2461 4267 2554 4321 illa
2589 4275 2774 4321 autem
2810 4264 3071 4321 cmlatura
3109 4273 3275 4334 atque
3318 4262 3621 4334 descriptio
3658 4264 3717 4321 in

2109 4376 2175 4416 ea
2198 4367 2424 4415 exarata
2455 4360 2637 4429 ipsum
2693 4357 2901 4413 Christi
2954 4357 3278 4429 mysterium
3322 4366 3463 4422 erat,
3500 4364 3557 4411 et
3594 4357 3717 4429 ejus

2111 4452 2168 4511 in
2192 4452 2462 4507 mundum
2482 4452 2631 4507 hunc.
2658 4450 2938 4506 missionis
2962 4450 3191 4505 evidens
3209 4449 3531 4521 praedictio:
3560 4464 3721 4505 sane-

388 4535 492 4589 τὸν
558 4534 768 4607 κόσμον
834 4535 1140 4607 ἀποστολῆς
1213 4537 1676 4609 προαναφώνησις
1738 4537 2001 4609 ἐναργής.

2114 4542 2345 4599 tiﬁcatio
2382 4543 2555 4607 enim,
2583 4542 2680 4605 ait,
2704 4541 2958 4596 Domino.
2986 4539 3185 4596 Annon
3222 4541 3626 4596 sanctiﬁcatum
3659 4555 3719 4596 se

406 4627 690 4700 Ἀγίασμα
712 4627 845 4701 γὰρ,
869 4630 1027 4700 φησὶ,
1051 4627 1257 4705 Κυρίῳ.
1271 4629 1343 4683 Ἢ
1365 4628 1485 4701 οὐχὶ
1507 4628 1830 4700 ἐνηγιᾶσθαι
1856 4629 2008 4701 παρὰ

389 4721 496 4779 τοῦ
524 4722 663 4777 Θεοῦ
693 4723 791 4777 καὶ
834 4721 1048 4795 Πατρδς
1086 4722 1282 4776 ἑαυτὸν
1323 4721 1431 4794 ἔφη
1480 4722 1667 4791 σαφῶς
1706 4724 1736 4777 6
1796 4722 2011 4792 Ἐμμα-

391 4815 568 4886 νουήλ
586 4832 604 4883 ;

471 4908 684 4964 ΠὼΛΛ.
715 4906 846 4970 Ναὶ,
885 4907 1241 4979 μεμνήσομαι
1271 4906 1382 4980 γὰρ
1428 4906 1708 4972 Ἰουδαίοις
1729 4908 2006 4978 λέγοντος,

397 5019 421 5057 ε
463 5003 529 5057 Ei
558 5001 804 5066 ἐκείνους
831 4997 956 5055 εἶπε
995 5001 1172 5065 θεοὺς,
1197 5002 1333 5074 πρὸς
1362 5000 1458 5071 οὓς
1480 5003 1511 5056 6
1533 5002 1694 5073 λόγος
1722 5001 1858 5057 Θεοῦ
1884 5001 2009 5071 ἐγέ-

389 5111 544 5162 νετο,
578 5094 674 5151 καὶ
710 5095 772 5149 οὐ
799 5093 1027 5149 δύναται
1078 5093 1307 5166 λυθῆναι
1341 5097 1376 5166 ή
1413 5093 1626 5168 Γραφὴ,
1661 5094 1722 5148 δν
1750 5095 1782 5148 6
1816 5093 2009 5166 Πατὴρ

386 5186 622 5261 ἡγίασε,
644 5187 740 5243 καὶ
778 5186 1104 5241 ἀπέστειλεν
1128 5187 1208 5250 είς
1235 5186 1328 5241 τὸν
1361 5188 1591 5258 κόσμον,
1623 5188 1786 5259 ὑμεῖς
1814 5185 2006 5258 λέγετε

387 5285 481 5341 δτι
512 5280 891 5352 Βλασφημεῖς,
920 5280 1003 5333 ὅτι
1035 5272 1211 5346 εἶπον,
1242 5278 1370 5344 Υἱὸς
1400 5278 1537 5334 Θεοῦ
1568 5281 1685 5350 εἰμι
1710 5294 1728 5346 ;
1766 5297 1786 5332 ι

470 5376 640 5433 ΚΥΡ.
695 5371 1057 5444 Ἑνηγιᾶσθαι
1105 5370 1162 5425 δὲ
1194 5370 1323 5426 ὅταν
1353 5371 1491 5445 λέγῃ
1537 5371 1690 5444 παρὰ
1739 5369 1835 5426 τοῦ
1870 5368 2006 5425 Θεοῦ

389 5470 498 5529 καὶ
531 5467 749 5542 [ἰατρὸς
779 5465 973 5522 ἑαυτὸν
1000 5467 1030 5520 6
1058 5464 1208 5531 Υίδς,
1247 5463 1311 5520 τὸ
1347 5466 1514 5520 οίονεὶ
1552 5462 2008 5537 προκεχειρίσθαι

386 5581 458 5621 τε
482 5562 583 5619 καὶ
631 5558 977 5616 ἀπεστάλθαι
1018 5557 1192 5631 δηλοῖ.
1235 5557 1515 5631 Ἀγίασμα
1559 5557 1627 5632 δὴ
1652 5554 1746 5614 οὖν
1772 5556 2008 5632 Κυρίου.

390 5656 561 5731 φησι,
587 5652 737 5709 τοῦτ’
760 5651 932 5720 ἔστιν,
967 5652 1050 5717 εἰς
1076 5649 1229 5706 τόνδε
1255 5649 1351 5705 τὸν
1380 5649 1587 5723 κόσμον
1610 5649 1887 5718 ἀνάδειξις
1913 5648 2009 5705 καὶ

2110 4650 2235 4693 esse
2256 4651 2286 4690 a
2314 4628 2429 4691 Deo
2451 4642 2509 4691 et
2536 4634 2697 4690 Patre
2724 4634 3019 4705 perspicue
3053 4633 3194 4689 dixit
3219 4632 3583 4689 Emmanuel?

2176 4900 2374 4959 PALL.
2415 4898 2578 4957 Certe
2607 4916 2620 4953 :
2654 4885 3027 4969 nequeenim
3065 4910 3154 4951 me
3204 4894 3344 4966 fugit
3362 4909 3488 4950 eum
3513 4892 3723 4951 Judmia

2113 4992 2320 5048 dixisse
2356 5008 2370 5044 :
2416 5010 2435 5042 ι
2472 4989 2529 5046 Si
2579 4990 2705 5046 illos
2747 4987 2889 5044 dixit
2932 4986 3069 5041 deos
3101 4982 3170 5040 ad
3216 4998 3359 5054 quos
3385 4996 3568 5037 sermo
3616 4981 3716 5037 Dei

2114 5083 2295 5140 factus
2325 5089 2442 5146 est,
2465 5089 2524 5138 et
2543 5097 2656 5141 non
2685 5088 2867 5152 potest
2892 5078 3032 5134 solvi
3077 5075 3395 5147 Scriptura,
3417 5087 3584 5143 quem
3614 5072 3716 5130 Pa-

2116 5185 2202 5235 ter
2236 5174 2626 5240 sanctiﬁcavit,
2660 5182 2718 5229 et
2760 5170 2914 5228 misit
2948 5170 3006 5225 in
3050 5166 3345 5231 mundum,
3376 5180 3477 5220 vos
3504 5162 3713 5229 dicitis,

2115 5270 2247 5344 quia
2274 5269 2652 5341 Blasphemas,
2687 5265 2818 5339 quia
2850 5261 2988 5327 dixi,
3014 5260 3189 5318 Filius
3224 5257 3323 5314 Dei
3349 5271 3471 5314 sum
3502 5255 3588 5311 ⁸³2
3619 5273 3639 5307 ι

2185 5361 2347 5420 CYR.
2389 5359 2579 5433 Igitur,
2600 5372 2727 5415 cum
2748 5371 2807 5412 se
2830 5370 2861 5411 a
2895 5354 3056 5415 Patre
3087 5358 3145 5409 et
3176 5350 3291 5407 Deo
3311 5345 3717 5407 sanctiﬁcatum

2112 5470 2258 5522 esse,
2285 5453 2462 5513 Filius
2489 5451 2646 5517 dicit,
2671 5466 2732 5507 se
2756 5459 3020 5521 tanquam
3045 5445 3286 5503 electum
3316 5457 3439 5500 esse
3460 5441 3691 5499 missum

2113 5560 2223 5620 que
2254 5544 2547 5621 signiﬁcat.
2600 5540 2978 5604 Sanctiﬁcatio
3018 5538 3189 5614 igitur
3214 5535 3458 5602 Domini,
3511 5530 3714 5607 inquit,

2113 5637 2172 5697 id
2217 5647 2327 5710 est,
2368 5638 2427 5696 in
2459 5638 2611 5696 hunc
2636 5635 2910 5694 mundum
2952 5632 3155 5705 legatio
3179 5646 3241 5688 ac
3274 5627 3488 5698 missio,
3515 5624 3612 5684 sed
3645 5625 3715 5681 ad

477 5836 898 5906 “ﬂebam”.
975 5834 1453 5902 “lCor.rx,l6.
1533 5830 1982 5910 ³¹Ειοά.ιινιιι,

2105 5833 2194 5896 38.
2242 5834 2317 5909 ,θ’
2357 5831 2515 5895 Joan.
2545 5847 2599 5903 ι,
2629 5828 2822 5890 34-56.

724 5933 1001 5997 Panos.
1048 5929 1167 5993 Gn.
1212 5929 1480 5997 LXVIII.

3231 5912 3312 5978 ει
