4118 6434
455 330 569 405 ’έιῖ

1506 348 1562 402 ε.
1602 345 1878 403 CYR‘iLLl
1916 344 2388 403 ALEXANDRINI
2427 345 2744 403 ARCHIEP.

3638 342 3743 403 768

464 460 900 539 regnum'tamen
923 472 978 521 et
1000 465 1246 536 gloriam.
1276 463 1365 518 Sic
1386 463 1533 517 enim
1555 470 1844 518 consecrat
1864 460 2041 533 ipsum

2145 459 2446 532 ἀποστολὴ,
2478 459 2618 533 πλὴν
2641 463 2720 525 είς
2755 459 3035 532 βασιλείαν
3065 459 3157 513 καὶ
3191 456 3370 525 δόξαν.
3403 459 3613 514 Τελειοῑ
3631 461 3741 532 γὰρ

464 562 667 624 Aaron,
703 558 834 614 dum
870 558 926 612 in
960 557 1080 628 ejus
1107 556 1286 610 fronte
1310 571 1539 610 aureum
1560 556 1828 610 circulum
1851 554 2007 625 ponit
2035 570 2046 605 :

465 651 848 703 universorum
868 647 1321 701 autemDominus
1343 656 1427 701 est
1450 654 1613 715 atque
1642 647 1757 701 Rex
1776 645 2048 710 Christus,

462 750 517 792 ct
541 738 844 793 secundant
879 744 1157 802 naturam,
1210 746 1270 790 et
1314 736 1620 791 secundum
1657 736 2049 807 ,partieipatio-

462 845 607 884 nem.
641 828 777 882 Cum
797 829 948 881 enim
990 828 1137 882 Deus
1170 843 1266 897 per
1305 837 1560 883 naturam
1604 836 1769 894 esset,
1798 828 2048 883 exinani-

458 921 537 973 rit
569 919 949 990 semeptisum,
990 934 1054 973 ac
1081 919 1395 974 demisit-ad
1427 920 1570 973 servi
1594 919 1825 973 formam
1862 921 1927 986 ³³,
1959 937 2049 977 re-

459 1028 738 1081 gnumque
760 1012 982 1083 accipit,
1014 1012 1161 1082 quod
1175 1012 1242 1066 ad
1269 1012 1572 1066 humanum
1606 1011 1853 1067 habitum
1874 1014 2049 1084 perti-

459 1115 571 1169 net,
604 1103 729 1158 licet
749 1104 861 1175 jam
887 1103 1015 1158 inde
1041 1104 1110 1158 ab
1134 1103 1293 1157 initio
1317 1105 1563 1175 ejusdem
1585 1105 1827 1159 cumDeo
1853 1113 1909 1158 et
1936 1105 2050 1159 Pa-

458 1205 543 1248 tre
576 1210 874 1250 consessus
902 1195 1198 1265 particeps,
1235 1204 1291 1249 et
1310 1196 1470 1250 simul
1506 1211 1631 1250 cum
1678 1211 1745 1250 eo
1785 1196 2050 1250 Dominus

458 1285 706 1339 omnium
755 1301 819 1340 ac
871 1286 1187 1341 moderator
1229 1293 1394 1341 esset.
1462 1287 1581 1347 Jan)
1630 1303 1763 1343 vero
1807 1288 2047 1357 intelligo

457 1392 698 1446 quonam
743 1377 907 1431 modo
955 1377 1174 1431 mitram
1216 1393 1282 1432 ex
1313 1378 1610 1449 hyacintho
1635 1379 1927 1444 habuerit;
1958 1378 2044 1433 cui

446 1466 675 1537 insigne
712 1467 865 1536 regni
915 1467 1240 1537 praeclarum
1286 1470 1507 1534 inesset,
1541 1469 1767 1533 lamina,
1800 1468 2042 1537 inquam,

458 1574 645 1612 aurea.
671 1559 771 1613 Est
809 1566 995 1613 autem
1030 1560 1360 1632 hyacinthus
1394 1561 1519 1616 cceli
1556 1562 1771 1632 signum
1806 1579 1816 1613 :
1861 1576 2039 1615 recor-

457 1654 591 1704 dare
618 1649 786 1720 igitur
811 1649 1016 1705 Christi
1062 1650 1298 1705 dicentis
1332 1667 1345 1702 :
1383 1664 1407 1700 ι
1436 1650 1688 1721 Regnum
1718 1664 1902 1704 meum
1933 1663 2047 1702 non

456 1750 543 1796 est
581 1740 651 1796 de
687 1742 792 1796 hoc
839 1741 1046 1796 mundo
1068 1742 1134 1794 ³⁵.
1170 1761 1188 1792 ι
1218 1742 1407 1813 Neque
1455 1742 1603 1797 enim
1646 1740 1903 1797 Christus
1950 1755 2043 1793 rex

460 1844 742 1898 terrenus,
770 1833 874 1888 sed
923 1833 1167 1889 ecelestis
1202 1842 1309 1898 est,
1376 1833 1797 1903 universamque
1829 1840 2044 1887 creatu-
2076 1824 2115 1878 Β

458 1940 575 1978 ram
603 1923 707 1979 sub
734 1924 968 1994 pedibus
996 1924 1162 1979 habet
1188 1943 1199 1978 :
1234 1939 1359 1979 eum
1391 1940 1526 1980 vero
1551 1924 1854 1979 addidisset
1883 1940 1895 1975 :
1933 1944 1951 1974 ι
1976 1922 2045 1976 Et

457 2016 698 2086 portabit
742 2019 924 2072 Aaron
989 2024 1213 2087 peccata
1280 2023 1597 2071 sanctorum
1638 2055 1654 2081 ,
1704 2028 2043 2086 quaecunque

456 2108 921 2164 sanetificaverint
937 2148 952 2174 ,
979 2107 1159 2163 omnis
1184 2107 1316 2162 doni
1343 2116 1657 2163 sanctorum
1707 2122 1899 2162 eorum
1923 2106 1989 2170 ³⁸,
2015 2124 2033 2157 ι

455 2214 675 2254 omnem
694 2214 985 2256 accessum
1008 2208 1174 2270 atque
1203 2199 1600 2270 perfectionem
1625 2215 1745 2255 esse
1770 2200 1827 2253 in
1884 2198 2042 2253 Chri-

456 2298 540 2343 sto
566 2300 753 2361 aperte
770 2290 1170 2347 demonstravit
1206 2307 1220 2343 :
1261 2292 1565 2362 quinetiam
1594 2291 2051 2363 justiﬁeationem'

454 2391 673 2435 omnem
700 2380 756 2435 in
784 2382 905 2452 ipso
934 2390 991 2437 et
1029 2397 1128 2452 per
1154 2380 1337 2452 ipsum
1372 2397 1513 2449 esse,
1540 2390 1791 2437 veterum
1822 2397 2042 2452 quoque

452 2485 807 2543 peccatorum
865 2473 1306 2545 depositionem;
1355 2475 1524 2546 389
1564 2475 1681 2546 ipse
1710 2476 1857 2530 enim
1901 2476 2044 2530 tollit

454 2573 677 2633 peccata
709 2571 919 2631 nostra,
940 2575 998 2620 et
1027 2580 1126 2636 per
1152 2566 1333 2637 ipsum
1358 2566 1723 2637 aceeptabiles
1749 2564 2039 2635 ellicimur,

455 2656 586 2709 dum
614 2653 922 2723 spiritualia
953 2668 1188 2710 munera
1209 2654 1325 2709 Deo
1344 2671 1409 2711 ac
1440 2655 1589 2711 Patri
1607 2655 1912 2710 oderimus.

525 2763 723 2818 PALL.
754 2764 926 2819 Recte
947 2763 1047 2820 ais.

506 2856 684 2911 σεἪὶ.
737 2856 1032 2911 Immotum
1100 2871 1268 2929 porro
1319 2866 1483 2928 atque
1540 2870 1869 2931 perpetuum
1924 2860 2041 2916 fore

459 2948 757 3003 Salvatoris
790 2947 967 3004 nostri
989 2963 1240 3020 regnum,
1274 2960 1330 3006 et
1368 2951 1436 3006 ad
1470 2950 1685 3008 infinita
1712 2954 1911 3009 saecula
1934 2954 2039 3009 du-

458 3043 727 3103 raturum,
745 3042 1007 3111 praeclare
1023 3042 1286 3108 ostendit,
1307 3044 1375 3099 de
1397 3044 1790 3100 mitraalamina
1814 3046 2035 3101 dicens:

2153 552 2325 616 οὕτως
2350 552 2442 605 τὸν
2474 552 2709 623 Ἀαρὼν,
2732 552 2967 622 χρυσοῦν
2989 550 3084 604 ἐπὶ
3105 550 3183 621 τῷ
3205 549 3440 623 μετώπῳ
3461 551 3523 605 τὸ
3546 551 3741 622 ψαλίον

2150 643 2339 707 τιθείς.
2372 642 2573 714 Κύριος
2603 643 2660 697 δὲ
2687 644 2798 697 τῶν
2830 642 2966 696 ὅλων
3005 643 3095 695 καὶ
3123 642 3394 713 βασιλεὺς,
3424 646 3453 697 ὁ
3478 643 3738 712 Χριστὸς,

2152 735 2398 807 φυσικῶς
2427 754 2486 789 τε
2520 734 2638 806 ἅμα
2686 736 2780 789 καὶ
2813 735 3112 806 μεθεκτῶς.
3147 734 3280 799 Sat;
3329 734 3440 806 γὰρ
3464 735 3541 788 ὢν
3569 736 3738 805 φύσει

2152 828 2456 884 κεκένωκεν
2487 829 2699 891 ἐαυτὸν,
2730 828 2921 891 καθεὶς
2955 829 3010 882 ἐν
3038 826 3225 881 δούλου
3266 831 3469 899 μορφῇ.
3505 828 3617 882 Καὶ
3648 828 3740 882 δέ-

2150 938 2304 992 χεται
2340 920 2637 991 βασιλείαν,
2688 921 2831 975 κατά
2861 938 2925 990 γε
2962 921 3025 974 τὸ
3057 921 3268 993 πρέπον
3296 921 3372 991 τῷ
3409 922 3742 992 ἀνθρωπίνῳ

2151 1017 2413 1084 σχήματι,
2439 1013 2617 1066 καίτοι
2645 1013 2896 1085 σύνεδρος
2921 1011 2995 1066 ῶν
3018 1011 3225 1067 ἄνωθέν
3246 1030 3305 1065 τε
3328 1014 3423 1067 καὶ
3444 1015 3538 1068 ἀπ’
3560 1013 3740 1087 ἀρχῆς

2146 1103 2223 1173 τῷ
2256 1103 2376 1175 Θεῷ
2408 1104 2505 1158 καὶ
2547 1103 2738 1175 Πατρὶ,
2775 1105 2870 1157 καὶ
2904 1105 3299 1175 συγκατάρχων
3335 1105 3445 1158 τῶν
3473 1105 3611 1159 ὅλων
3642 1106 3739 1160 καὶ

2150 1198 2536 1267 συνδεσπότης.
2579 1197 2742 1261 Σύνες
2768 1197 2825 1250 δέ
2855 1198 3003 1260 ὅπως
3045 1195 3106 1263 ἐξ
3143 1195 3398 1251 ὑακίνθου
3446 1197 3669 1266 γέγονεν
3701 1198 3736 1268 ἡ

2152 1287 2317 1358 μίτρα
2347 1286 2534 1353 αὐτοῦ,
2566 1288 2624 1341 τὸ
2657 1287 2912 1359 λαμπρὸν
2940 1288 3041 1358 τῆς
3074 1287 3351 1359 βασιλείας
3375 1289 3576 1360 ἔχουσα
3605 1289 3735 1343 σύν-

2149 1383 2318 1454 θημα,
2356 1384 2498 1454 φημὶ
2524 1385 2587 1455 δὴ
2618 1384 2678 1438 τὸ
2708 1385 2939 1438 πέταλον
2970 1384 3030 1439 τὸ
3061 1384 3320 1457 χρυσοῦν.
3360 1384 3647 1450 Ὑάκινθος
3675 1385 3734 1439 δὲ

2147 1474 2393 1546 οὐρανοῦ·
2414 1478 2661 1545 σημεῖονο
2693 1474 2789 1528 καὶ
2818 1475 3160 1546 διαμέμνησο
3189 1474 3439 1545 λέγοντος
3465 1476 3559 1530 τοῦ
3593 1477 3637 1530 Χ
3648 1494 3732 1547 ρι-

2149 1565 2297 1629 στοῦ,
2336 1586 2355 1618 ι
2403 1567 2465 1620 Ἦ
2500 1566 2745 1636 βασιλεία
2775 1569 2808 1638 ή
2838 1567 2945 1639 ἐμὴ
2983 1569 3084 1622 οὐκ
3123 1568 3270 1622 ἐστιν
3302 1570 3367 1622 ἐκ
3393 1569 3486 1622 τοῦ
3522 1570 3731 1640 κόσμου

2146 1658 2357 1713 τούτου.
2392 1677 2411 1710 ι
2445 1660 2519 1711 Οὐ
2552 1658 2661 1731 γὰρ
2689 1659 2931 1727 ἐπίγειος
2969 1660 3243 1730 βασιλεὺς,
3275 1660 3390 1714 ἀλλ’
3429 1663 3679 1733 οὐράνιος
3701 1662 3734 1717 ὁ

2147 1750 2398 1822 Χριστὸς,
2433 1750 2559 1821 ὃλην
2591 1751 2696 1805 ὑπὸ
2726 1751 2893 1815 πόδας
2926 1751 3064 1823 ἔχων
3092 1752 3192 1825 τὴν
3240 1754 3438 1808 κτίσιν.
3479 1755 3732 1826 Προσεπ-
3795 1783 3803 1790 -

2144 1841 2383 1910 ενεγκὼν
2404 1842 2482 1908 δὲ,
2514 1844 2596 1896 ὅτι
2625 1862 2643 1893 ι
2681 1844 2792 1898 Kal.
2822 1843 3006 1917 ἐξαρεϊ
3039 1843 3247 1916 Ἀαρὼν
3270 1845 3335 1899 τὰ
3360 1847 3735 1917 ἁμαρτήματα

2142 1935 2252 1986 τῶν
2300 1935 2469 2004 ἁγίων
2519 1935 2618 1988 ὅσα
2648 1934 2714 1989 ἂν
2762 1937 3073 2005 ἁγιάσωσι,
3106 1936 3307 2000 παντὸς
3346 1936 3575 2007 δόματος
3617 1937 3731 1991 τῶν

2144 2020 2314 2089 ἁγίων
2340 2022 2537 2086 αὐτῶν,
2569 2042 2586 2073 ι
2616 2023 2698 2077 ὅτι
2721 2025 2871 2078 πᾶσά
2896 2042 2955 2078 τε
2978 2024 3313 2096 προσαγωγὴ
3338 2026 3433 2078 καὶ
3453 2024 3732 2090 τελείωσις

2141 2113 2201 2167 ἐν
2249 2113 2504 2185 Χριστῷ,
2556 2115 2963 2186 διαμεμήνυκεν
3014 2116 3296 2186 ἐναργῶς,
3346 2116 3440 2169 καὶ
3487 2116 3595 2188 μὴν
3647 2117 3731 2170 ὅτι

2143 2207 2293 2260 πᾶσα
2320 2205 2603 2270 δικαίωσις
2631 2209 2689 2261 ἐν
2716 2206 2864 2278 αὐτῷ
2901 2224 2961 2260 τε
2992 2207 3086 2261 καλ⁵
3114 2206 3181 2261 δι’
3214 2207 3532 2273 αὑτοῦ,.καὶ
3559 2210 3592 2278 ὴ
3620 2207 3732 2262 τῶν

2144 2296 2310 2352 πάλαι
2345 2297 2838 2369 πλημμελημάτων
2890 2299 3172 2362 ἀπόθεσις.
3208 2299 3381 2363 Αὐτὸς
3422 2302 3532 2370 γὰρ
3570 2298 3732 2371 ἡμῶν

2141 2388 2286 2458 αίρει
2312 2386 2411 2452 τὰς
2444 2388 2745 2460 ἁμαρτίας,
2779 2387 2871 2441 καὶ
2898 2388 2965 2441 δι’
2992 2386 3156 2440 αὑτοῦ
3183 2386 3491 2457 γεγόναμεν
3514 2386 3728 2453 δέκτοὶ,

2139 2479 2240 2542 τὰς
2259 2480 2317 2532 ἐν
2347 2480 2621 2551 πνεύματι
2653 2481 2992 2552 δωροφορίας
3020 2480 3481 2552 προσκομίζοντες
3509 2478 3586 2551 τῷ
3606 2477 3731 2550 Θεῷ

2140 2573 2235 2627 καὶ
2262 2572 2458 2643 Πατρί.

2212 2774 2418 2829 ΠΔΛΛ.
2453 2770 2526 2829 Εὖ
2556 2773 2711 2845 ἔφης.

2208 2867 2373 2921 ΚΥΡ.
2421 2864 2777 2919 ’Δναπόθετον
2801 2865 2858 2918 δὲ
2884 2864 2977 2918 καὶ
3001 2863 3225 2937 διηνεκῆ
3252 2864 3347 2918 καὶ
3373 2865 3453 2929 είς
3483 2864 3727 2943 ἀπεράντ

2138 2976 2266 3023 τους
2296 2957 2504 3023 αἰῶνας
2546 2956 2936 3029 ἐκτεινομένην
2988 2955 3087 3028 τὴν
3122 2955 3217 3009 τοῦ
3265 2957 3521 3029 Σωτῆρος
3565 2957 3727 3027 ἡμων

2142 3051 2419 3124 βασιλείαν
2450 3046 2509 3106 εὖ
2543 3049 2688 3122 μάλα
2718 3049 3109 3114 καταδεικνὺς,
3142 3051 3272 3122 περί
3298 3067 3357 3104 τε
3391 3050 3492 3120 τῆς
3526 3050 3731 3121 μίτρας

462 3157 481 3186 ι
522 3136 589 3189 Ει
611 3135 716 3190 erit
747 3150 914 3206 supra
954 3134 1195 3189 frontem
1239 3135 1422 3191 Aaron
1465 3146 1733 3208 perpetuo
1765 3138 1832 3192 ³⁸.
1869 3158 1887 3191 ι
1917 3139 2036 3205 Quo

2141 3142 2234 3197 τοῦ
2278 3142 2513 3197 πετάλου
2559 3141 2737 3212 φησί’
2773 3159 2794 3194 ι
2846 3143 2958 3196 Καὶ
3002 3141 3156 3195 ἔσται
3196 3141 3291 3194 ἐπὶ
3338 3140 3434 3194 τοῦ
3471 3139 3727 3227 μετώπου

457 3227 674 3282 tandem
695 3227 1058 3297 igitur-abibit
1077 3227 1255 3283 audax
1280 3235 1336 3283 et
1360 3227 1585 3285 insanus
1613 3229 1906 3301 impiorum
1930 3232 2040 3287 bte-

457 3319 756 3373 reticorum
809 3334 1015 3385 sermo,
1067 3320 1390 3391 nugantinm
1437 3321 1577 3389 fore,
1630 3331 1692 3379 ut
1743 3325 2039 3395 aliquando

455 3413 673 3467 desinat
694 3412 900 3469 Christi
925 3429 1175 3486 regnum,
1207 3424 1264 3471 et
1304 3415 1488 3471 tradat
1527 3416 1821 3488 imperium
1848 3420 1958 3474 Deo
1982 3427 2039 3475 et

450 3507 628 3569 Patri,
652 3514 709 3560 et
733 3521 764 3560 a
809 3505 1115 3562 divinitatis
1138 3523 1406 3565 consessu
1431 3510 1653 3566 recedat
1680 3511 2039 3567 Emmanuel?

444 3598 532 3651 :Dc
557 3598 643 3651 his
674 3597 822 3652 enim
849 3598 987 3654 adeo
1012 3601 1173 3655 tetris
1198 3615 1268 3657 ac
1292 3601 1449 3656 vanis
1471 3601 1704 3657 docendi
1732 3604 2038 3660 rationibus

456 3690 779 3759 gloriantur,
806 3691 1008 3761 quibus
1044 3693 1152 3749 dici
1204 3709 1313 3749 non
1333 3693 1575 3749 absurde
1600 3696 1773 3764 possit
1811 3713 1824 3750 :
1869 3715 1888 3747 ι
1934 3696 2036 3750 Er-

458 3779 592 3835 ratis
637 3781 947 3837 nescientes
1003 3781 1318 3853 Scripturas
1366 3784 1432 3837 ³⁷.
1468 3803 1486 3835 ι
1541 3784 1645 3849 En,
1697 3801 1821 3840 eum
1849 3795 2036 3857 aperte

457 3880 620 3940 atque
654 3873 942 3943 perspicue
968 3873 1059 3928 ille
1094 3874 1240 3930 Deus
1263 3884 1321 3930 et
1349 3876 1511 3931 Pater
1542 3884 1806 3947 perpetua
1830 3887 1887 3933 et
1917 3878 2036 3949 glo-

458 3966 535 4017 ria
563 3973 620 4019 et
650 3966 877 4030 honore,
907 3982 971 4022 ac
1016 3967 1170 4038 regni
1211 3968 1523 4039 insignibus
1575 3979 1803 4026 coronet
1828 3971 2032 4037 Aaron,

456 4056 557 4125 ipsi
584 4056 652 4110 ab
677 4071 744 4111 eo
776 4072 1037 4113 coronam
1080 4059 1357 4125 auferunt,
1406 4077 1471 4117 ac
1515 4063 1912 4133 propemodum
1941 4079 2036 4123 ae-

440 4148 852 4203 eunnnodatam
877 4148 1044 4204 fronti
1075 4164 1284 4206 sacram
1312 4151 1530 4207 mitram
1554 4152 1852 4224 abripiunt.

510 4401 722 4458 PALL.
746 4402 825 4457 Ita
857 4412 961 4460 est.

2153 3234 2363 3307 Ἀαρὼν
2388 3233 2476 3289 διὰ
2501 3234 2723 3299 παντός.
2765 3253 2784 3287 ι
2828 3230 2965 3288 Εἶτα
2997 3236 3089 3287 ποῖ
3121 3234 3239 3287 ποτ’
3273 3232 3341 3288 ἂν
3368 3235 3501 3304 ἡμῖν
3528 3224 3558 3287 δ
3589 3231 3729 3304 θρα-

2140 3326 2237 3391 σὺς
2269 3327 2363 3381 καὶ
2391 3326 2741 3399 ἀπόπληκτος
2771 3327 2880 3380 τῶν
2912 3325 3145 3380 ἀνοσίων
3179 3325 3475 3397 αίρετικῶν
3511 3326 3730 3397 οἰχήσε-

2136 3435 2228 3472 ται
2269 3417 2464 3488 λόγος,
2511 3417 2984 3489 πεφλυαρηκότων
3032 3417 3114 3470 ὅτι
3156 3416 3454 3489 καταλήξει
3502 3418 3631 3470 ποτέ
3662 3418 3728 3472 τὸ

2137 3509 2377 3580 Χριστοῦ
2413 3512 2645 3581 κράτος,
2682 3510 2778 3564 καὶ
2829 3507 3141 3582 παραδώσει
3183 3509 3283 3580 τὴν
3328 3507 3607 3580 βασιλείαν
3642 3508 3726 3580 τῷ

2137 3600 2257 3673 Θεῷ
2296 3602 2390 3655 καὶ
2423 3603 2620 3671 Πατρὶ,
2655 3602 2764 3656 τῶν
2793 3603 2889 3671 τῆς
2922 3602 3176 3673 θεότητος
3206 3598 3581 3673 ducente-ﬂeat:
3614 3599 3727 3653 θώ-

2137 3710 2250 3746 κων
2282 3695 2312 3746 ὁ
2356 3692 2742 3764 Ἐμμανουήλς
2788 3692 3272 3764 Ἐπισεμνύνονται
3319 3691 3428 3764 γὰρ
3465 3694 3581 3754 τοῖς
3617 3684 3727 3744 ὦδε

2135 3783 2330 3847 δεινοῖς
2357 3786 2453 3837 καὶ
2482 3783 2749 3855 ἐξιτήλοις
2778 3783 3066 3855 δόγμασιν,
3101 3779 3183 3848 οἷς
3205 3782 3498 3838 ἀκόλουθον
3524 3785 3723 3837 εἰπεῖν·

2142 3875 2487 3939 «Πλανᾶσθε,
2523 3876 2599 3948 μὴ
2624 3876 2824 3939 εἰδότες
2849 3878 2948 3939 τὰς
2971 3876 3214 3947 Γραφάς.
3231 3896 3250 3929 ι
3293 3876 3424 3930 Ἰδοὺ
3456 3876 3587 3948 γὰρ,
3615 3874 3726 3929 ἰδοὺ

2139 3967 2327 4036 σαφῶς
2353 3983 2413 4019 τε
2435 3968 2530 4020 καὶ
2558 3966 2804 4037 ἐναργῶς
2824 3966 2918 4019 τοῦ
2946 3965 3081 4019 Θεοῦ
3112 3968 3207 4019 καὶ
3236 3965 3449 4036 Πατρος
3472 3966 3602 4037 δόξῃ
3629 3966 3727 4018 καὶ
3826 4022 3831 4025 Α

2134 4061 2268 4130 τιμῇ
2313 4059 2584 4127 διηνεκεῖ,
2624 4042 2737 4111 και
2775 4062 2888 4121 τοῖς
2932 4057 3031 4128 τῆς
3076 4057 3355 4128 βασιλείας
3414 4057 3723 4126 συνθήμασι

2135 4151 2470 4216 ταινιοῦντος
2504 4151 2595 4205 τὸν
2641 4148 2872 4222 Ἀαρὼν,
2908 4148 3378 4217 ἀποστεφανοῦσιν
3410 4149 3596 4211 αὐτοὶ,
3630 4150 3728 4202 καὶ

2141 4245 2423 4317 μονονουχὶ
2473 4247 2587 4306 τοῖς
2642 4242 2917 4314 μετώποις
2969 4240 3364 4313 ἐμπρέπουσαν
3415 4241 3517 4313 τὴν
3564 4241 3726 4313 ἱερὰν

2135 4336 2440 4407 ἁρπάζουσι
2473 4335 2691 4406 μίτραν.

2207 4427 2416 4481 nam.
2462 4425 2702 4497 Ἀληθές.

506 4494 675 4549 .CYlt.
710 4514 728 4545 ι
773 4495 1010 4551 Cidarim
1040 4512 1260 4569 quoque
1307 4509 1364 4554 et
1406 4517 1600 4557 zonam
1643 4518 1711 4557 ex
1761 4504 1922 4574 bysso
1949 4510 2031 4560 la-

2210 4519 2371 4573 ΚΥΡ.
2412 4538 2434 4570 ι
2488 4494 2717 4589 Κίδαρίν
2759 4534 2819 4570 τε
2862 4516 2955 4570 καί
3006 4512 3181 4588 ζώνην
3214 4517 3279 4572 ἐκ
3323 4518 3523 4589 βύσσου
3566 4518 3729 4592 ποιή-

451 4588 584 4650 cies,
619 4606 636 4637 ι
670 4586 848 4658 inquit
872 4588 937 4642 ³⁸.
973 4588 1225 4645 Militaris
1268 4606 1403 4646 vero
1453 4593 1675 4648 habitus
1706 4594 1887 4649 Aaron
1912 4595 2034 4650 cin-

449 4678 636 4749 gulum
664 4686 720 4732 et
760 4678 911 4748 galea
942 4696 955 4732 :
986 4681 1256 4751 ejusmodi
1295 4696 1529 4750 namque
1562 4683 1802 4751 speciem
1833 4684 2035 4739 cidaris

451 4769 619 4824 refert
652 4786 664 4821 :
694 4768 900 4825 bellum
943 4771 1089 4826 enim
1115 4786 1216 4841 pro
1249 4771 1410 4826 nobis
1443 4771 1699 4828 Christus
1719 4775 1888 4845 gessit
1922 4795 1938 4828 ι
1976 4777 2033 4830 in

449 4868 613 4915 m‘ann
657 4860 871 4916 occulta
894 4861 961 4924 ”,
998 4881 1015 4912 ι
1066 4862 1211 4916 sicut
1236 4861 1503 4931 scriptum
1542 4873 1657 4930 est;
1684 4874 1741 4920 et
1772 4885 1788 4918 ι
1826 4864 2030 4923 Areum

448 4952 892 5037 wuminﬁpdit,
915 4961 971 5006 et
992 4952 1206 5021 paravit
1230 4953 1408 5017 illum,
1433 4955 1655 5026 sagittas
1683 4974 1809 5014 suas
1834 4960 2032 5016 arden-

448 5043 597 5099 tibus
623 5044 810 5100 effecit
826 5046 893 5109 δθ,
932 5062 951 5094 ι
979 5052 1035 5098 et
1064 5044 1264 5116 dejeeit
1283 5039 1640 5118 principatus,
1669 5052 2029 5123 triumphavit

448 5137 743 5205 potentias,
783 5136 1098 5191 deturbalit
1137 5138 1561 5206 dominationes,
1591 5150 1647 5196 et
1682 5159 1797 5209 eos,
1833 5147 1928 5215 qui
1971 5147 2027 5201 in

446 5237 596 5282 terra
619 5235 796 5291 erant,
818 5240 943 5281 eum
965 5228 1162 5298 captivi
1186 5237 1523 5296 tenerentur,
1546 5234 1819 5291 liberavit.
1840 5237 2030 5293 Fuisse

448 5328 632 5373 autem
657 5318 762 5373 hoc
789 5319 908 5390 ejus
939 5319 1141 5377 bellum
1166 5338 1279 5379 non
1304 5327 1603 5396 spectabile
1634 5331 1800 5399 atque
1827 5346 2027 5401 corpo-

452 5422 629 5472 reum,
678 5412 858 5478 neque
905 5409 1172 5480 ejusmodi
1207 5423 1416 5470 utcum
1467 5413 1721 5475 earne'et
1760 5422 2051 5492 sanguine

446 5507 755 5569 gereretur,
779 5501 1009 5559 indicari
1041 5506 1257 5564 videtur
1282 5523 1381 5577 per
1400 5510 1673 5581 aenigma,
1702 5511 1760 5565 in
1791 5516 1861 5566 eo
1879 5509 2027 5582 quod

520 5684 564 5760 33
588 5686 764 5760 Philip

448 5756 494 5790 ³⁵
514 5757 686 5814 Exod.
717 5756 878 5830 mn,
916 5761 1003 5815 il.
1077 5765 1121 5795 ’⁸ο
1141 5764 1282 5818 Psal.
1317 5756 1537 5832 Vin-'43,
1572 5767 1661 5822 14.

2139 4625 2273 4674 σεις,
2308 4628 2326 4662 ι
2361 4608 2514 4681 φησί.
2562 4606 2961 4679 Στρατιωτικὸν
2988 4607 3044 4661 δέ
3080 4609 3158 4680 τῷ
3195 4608 3405 4681 Ἀαρὼν
3428 4610 3490 4663 τὸ
3510 4610 3725 4683 σχῆμα,

2137 4698 2356 4771 ζωστήρ
2383 4717 2443 4753 τε
2482 4699 2575 4753 καὶ
2615 4699 2835 4768 κράνοςο
2876 4700 2934 4751 ἐν
2982 4698 3112 4753 εἴδει
3143 4700 3254 4772 γάρ
3295 4716 3411 4764 πως
3443 4703 3476 4772 ἡ
3511 4702 3728 4775 κίδαρις

2135 4790 2214 4862 τῷ
2241 4789 2424 4861 τοιῷδέ
2460 4791 2596 4843 ἐστι.
2625 4789 2980 4860 Πεπολέμηκε
3006 4791 3115 4862 γὰρ
3143 4792 3285 4863 ὑπὲρ
3308 4792 3465 4864 ἡμῶν
3506 4795 3535 4847 ὀ
3583 4794 3741 4866 Χρι-ι“

2139 4881 2264 4946 στδς
2312 4900 2332 4927 ι
2370 4874 2429 4932 ἐν
2465 4882 2609 4955 χειρὶ
2653 4883 2928 4954 κρυφαία,
2962 4902 2981 4935 ι
3029 4883 3170 4936 κατὰ
3210 4883 3272 4935 τὸ
3311 4884 3724 4954 γεγραμμένον,

2136 4972 2231 5025 καὶ
2266 4988 2285 5023 ι
2313 4970 2389 5024 Τὸ
2418 4972 2570 5038 τόξον
2612 4971 2780 5026 αὐτοῦ
2824 4973 3081 5039 ἐνέτεινε,
3111 4974 3208 5028 καὶ
3239 4974 3538 5045 ἡτοίμασεν
3566 4973 3721 5044 αὐτὸ,

2133 5060 2204 5114 τὰ
2234 5059 2364 5131 βέλη
2408 5062 2575 5116 αὐτοῦ
2619 5065 2731 5127 τοῖς
2775 5064 3088 5135 καιομένοις
3140 5065 3523 5135 ἐξειργάσατο,
3565 5085 3586 5121 ι
3626 5070 3725 5122 καὶ

2131 5151 2381 5205 καθεῖλεν
2417 5153 2593 5225 ἀρχὰς
2617 5193 2632 5218 ,
2666 5152 3068 5225 τεθριάμϐευκε
3096 5156 3390 5227 δυνάμεις,
3434 5157 3721 5212 κατέσεισε

2130 5245 2477 5315 κυριότητας,
2507 5246 2609 5299 καῖ
2619 5246 2998 5318 αἰχμαλώτους
3011 5248 3170 5312 ὄντας
3182 5249 3453 5321 ἐρρύσατο
3473 5251 3601 5315 τοὺς
3622 5250 3717 5304 ἐπὶ

2129 5335 2230 5403 τῆς
2249 5335 2387 5403 γῆςί
2407 5335 2530 5388 Ὅτι
2556 5336 2612 5389 δὲ
2649 5337 2746 5406 οὐχ
2772 5337 2969 5408 ὁρατδς
2995 5338 3026 5410 ἢ
3061 5338 3237 5410 παχὺς
3262 5342 3290 5394 ὁ
3314 5340 3571 5412 πόλεμος,
3599 5340 3720 5396 οὐδὲ

2129 5419 2240 5480 οἷον
2264 5426 2402 5497 πρὸς
2424 5421 2565 5498 αἷμα
2589 5428 2684 5480 καὶ
2709 5430 2909 5500 σάρκα,
2946 5431 3167 5499 γέγονεν
3194 5432 3364 5502 αὐτῷ,
3396 5433 3747 5502 ὑποφαίνειν-

2128 5517 2305 5575 εοικεν
2332 5520 2748 5591 αἰνιγματωδῶς
2785 5522 2845 5574 τὸ
2888 5524 2953 5575 ἐκ
2984 5523 3185 5594 βύσσου
3227 5524 3398 5596 μόνης
3442 5525 3542 5595 τῆς
3576 5525 3719 5595 ἄγαν

770 5704 822 5759 p.
846 5706 903 5754 ιι,
930 5691 981 5745 7.
1054 5692 1097 5723 ³⁸
1116 5692 1276 5747 Joan.
1299 5709 1447 5761 mn,
1473 5694 1560 5751 36.
1637 5697 1681 5729 ³⁸
1705 5698 1876 5755 Exod.
1901 5716 2041 5757 xxvn

770 5776 859 5793 ςνη
916 5761 972 5793 ΔΙ
1077 5765 1121 5793 ιο
1141 5764 1259 5793 υρηι
1317 5781 1393 5793 ..η
1426 5767 1514 5793 -1!
1579 5767 1595 5793 Ι
1618 5767 1636 5793 ι
1794 5788 1799 5791 λ
2012 5788 2015 5793 ,

2141 5701 2202 5757 L8.
2263 5702 2309 5735 ³⁸
2342 5702 2476 5759 ibid.
2555 5703 2598 5736 ³⁷
2629 5704 2819 5760 Matth.
2848 5704 3098 5793 “11,99.-
3149 5706 3384 5761 “Exod.
3409 5723 3593 5771 xxvm,
3615 5703 3703 5793 ὅθ.
