  <div class='ocr_page' id='page_1' title='image "/cluster/home/n/w/nwhite01/storage/ocr_20150623/68:no.1/coo.31924054869742/382.png"; bbox 0 0 4118 6426; ppageno 0'>
   <div class='ocr_carea' id='block_1_1' title="bbox 402 377 509 435">
    <p class='ocr_par' dir='ltr' id='par_1_1' title="bbox 402 377 509 435">
     <span class='ocr_line' id='line_1_1' title="bbox 402 377 509 435; baseline 0.009 -1"><span class='ocrx_word' id='word_1_1' title='bbox 402 377 509 435; x_wconf 66' lang='grc'>749</span> 
     </span>
    </p>
   </div>
   <div class='ocr_carea' id='block_1_2' title="bbox 1119 381 2926 442">
    <p class='ocr_par' dir='ltr' id='par_1_2' title="bbox 1119 381 2926 442">
     <span class='ocr_line' id='line_1_2' title="bbox 1119 381 2926 442; baseline 0.002 -5"><span class='ocrx_word' id='word_1_2' title='bbox 1119 381 1210 437; x_wconf 89' lang='lat' dir='ltr'><strong>DE</strong></span> <span class='ocrx_word' id='word_1_3' title='bbox 1235 382 1682 442; x_wconf 79' lang='lat' dir='ltr'><strong>ADORATIONE</strong></span> <span class='ocrx_word' id='word_1_4' title='bbox 1716 382 1787 439; x_wconf 87' lang='grc' dir='ltr'><strong>ΙΝ</strong></span> <span class='ocrx_word' id='word_1_5' title='bbox 1818 381 2090 440; x_wconf 81' lang='lat' dir='ltr'><strong>SPIRITU</strong></span> <span class='ocrx_word' id='word_1_6' title='bbox 2129 382 2221 440; x_wconf 87' lang='lat' dir='ltr'><strong>ET</strong></span> <span class='ocrx_word' id='word_1_7' title='bbox 2248 383 2622 440; x_wconf 83' lang='lat' dir='ltr'><strong>VERITATE.</strong></span> <span class='ocrx_word' id='word_1_8' title='bbox 2662 385 2794 440; x_wconf 84' lang='lat' dir='ltr'><strong>LIB.</strong></span> <span class='ocrx_word' id='word_1_9' title='bbox 2835 385 2926 441; x_wconf 79' lang='lat' dir='ltr'><strong>XI.</strong></span> 
     </span>
    </p>
   </div>
   <div class='ocr_carea' id='block_1_3' title="bbox 3607 390 3708 446">
    <p class='ocr_par' dir='ltr' id='par_1_3' title="bbox 3607 390 3708 446">
     <span class='ocr_line' id='line_1_3' title="bbox 3607 390 3708 446; baseline 0 -1"><span class='ocrx_word' id='word_1_10' title='bbox 3607 390 3708 446; x_wconf 73' lang='grc' dir='ltr'><strong>’ἱῖἰθ</strong></span> 
     </span>
    </p>
   </div>
   <div class='ocr_carea' id='block_1_4' title="bbox 404 499 2005 577">
    <p class='ocr_par' dir='ltr' id='par_1_4' title="bbox 404 499 2005 575">
     <span class='ocr_line' id='line_1_4' title="bbox 404 499 2005 575; baseline 0.003 -23"><span class='ocrx_word' id='word_1_11' title='bbox 404 499 593 571; x_wconf 74' lang='grc' dir='ltr'>ἰσχνῆς</span> <span class='ocrx_word' id='word_1_12' title='bbox 642 499 746 573; x_wconf 79' lang='grc' dir='ltr'>τὴν</span> <span class='ocrx_word' id='word_1_13' title='bbox 779 499 1084 573; x_wconf 81' lang='grc' dir='ltr'>πολεμικὴν</span> <span class='ocrx_word' id='word_1_14' title='bbox 1119 501 1381 571; x_wconf 83' lang='grc' dir='ltr'>γενέσθαι</span> <span class='ocrx_word' id='word_1_15' title='bbox 1427 501 1653 573; x_wconf 83' lang='grc' dir='ltr'>σκευὴν,</span> <span class='ocrx_word' id='word_1_16' title='bbox 1693 502 1908 575; x_wconf 84' lang='grc' dir='ltr'>κίδαρίν</span> <span class='ocrx_word' id='word_1_17' title='bbox 1950 521 2005 557; x_wconf 84' lang='grc' dir='ltr'><strong>τε</strong></span> 
     </span>
    </p>
   </div>
   <div class='ocr_carea' id='block_1_5' title="bbox 2111 499 3711 577">
    <p class='ocr_par' dir='ltr' id='par_1_5' title="bbox 2116 504 3711 577">
     <span class='ocr_line' id='line_1_5' title="bbox 2116 504 3711 577; baseline 0.005 -19"><span class='ocrx_word' id='word_1_18' title='bbox 2116 520 2183 558; x_wconf 73' lang='lat' dir='ltr'><strong>ex</strong></span> <span class='ocrx_word' id='word_1_19' title='bbox 2210 504 2373 576; x_wconf 77' lang='lat' dir='ltr'><strong>bysso</strong></span> <span class='ocrx_word' id='word_1_20' title='bbox 2408 513 2642 571; x_wconf 85' lang='lat' dir='ltr'><strong>tantum,</strong></span> <span class='ocrx_word' id='word_1_21' title='bbox 2668 522 2791 577; x_wconf 71' lang='lat' dir='ltr'><strong>qua:</strong></span> <span class='ocrx_word' id='word_1_22' title='bbox 2809 507 3029 563; x_wconf 87' lang='lat' dir='ltr'><strong>subtilis</strong></span> <span class='ocrx_word' id='word_1_23' title='bbox 3048 516 3136 564; x_wconf 90' lang='lat' dir='ltr'><strong>est</strong></span> <span class='ocrx_word' id='word_1_24' title='bbox 3170 508 3489 576; x_wconf 88' lang='lat' dir='ltr'><strong>admodum,</strong></span> <span class='ocrx_word' id='word_1_25' title='bbox 3520 513 3680 567; x_wconf 87' lang='lat' dir='ltr'><strong>confe</strong></span> <span class='ocrx_word' id='word_1_26' title='bbox 3697 544 3711 553; x_wconf 73' lang='grc' dir='ltr'><em>ι</em></span> 
     </span>
    </p>
   </div>
   <div class='ocr_carea' id='block_1_6' title="bbox 401 589 2001 670">
    <p class='ocr_par' dir='ltr' id='par_1_6' title="bbox 401 589 2001 670">
     <span class='ocr_line' id='line_1_6' title="bbox 401 589 2001 670; baseline 0.001 -23"><span class='ocrx_word' id='word_1_27' title='bbox 401 592 727 664; x_wconf 59' lang='grc' dir='ltr'>καὶζώνην.</span> <span class='ocrx_word' id='word_1_28' title='bbox 760 593 968 665; x_wconf 83' lang='grc' dir='ltr'>Κόσμῳ</span> <span class='ocrx_word' id='word_1_29' title='bbox 1011 594 1114 666; x_wconf 83' lang='grc' dir='ltr'>μὲν</span> <span class='ocrx_word' id='word_1_30' title='bbox 1142 589 1237 649; x_wconf 86' lang='grc' dir='ltr'><strong>οῦν</strong></span> <span class='ocrx_word' id='word_1_31' title='bbox 1285 596 1609 670; x_wconf 77' lang='grc' dir='ltr'>ἱεροπρεπεί</span> <span class='ocrx_word' id='word_1_32' title='bbox 1646 596 1900 667; x_wconf 82' lang='grc' dir='ltr'>λαμπρόν</span> <span class='ocrx_word' id='word_1_33' title='bbox 1943 613 2001 649; x_wconf 87' lang='grc' dir='ltr'><strong>τε</strong></span> 
     </span>
    </p>
   </div>
   <div class='ocr_carea' id='block_1_7' title="bbox 402 683 2005 760">
    <p class='ocr_par' dir='ltr' id='par_1_7' title="bbox 402 683 2005 760">
     <span class='ocr_line' id='line_1_7' title="bbox 402 683 2005 760; baseline 0.002 -22"><span class='ocrx_word' id='word_1_34' title='bbox 402 683 499 738; x_wconf 76' lang='grc' dir='ltr'><strong>καὶ</strong></span> <span class='ocrx_word' id='word_1_35' title='bbox 517 683 851 754; x_wconf 82' lang='grc' dir='ltr'>ἀξιάγαστον</span> <span class='ocrx_word' id='word_1_36' title='bbox 872 685 1168 756; x_wconf 77' lang='grc' dir='ltr'><strong>ὑποφαίνει</strong></span> <span class='ocrx_word' id='word_1_37' title='bbox 1190 686 1283 741; x_wconf 82' lang='grc' dir='ltr'>τὸν</span> <span class='ocrx_word' id='word_1_38' title='bbox 1315 687 1548 760; x_wconf 82' lang='grc' dir='ltr'>Ἀαρών.</span> <span class='ocrx_word' id='word_1_39' title='bbox 1572 689 2005 759; x_wconf 84' lang='grc' dir='ltr'>Προσεπιτάττει</span> 
     </span>
    </p>
   </div>
   <div class='ocr_carea' id='block_1_8' title="bbox 401 778 2007 853">
    <p class='ocr_par' dir='ltr' id='par_1_8' title="bbox 401 778 2007 853">
     <span class='ocr_line' id='line_1_8' title="bbox 401 778 2007 853; baseline 0.002 -20"><span class='ocrx_word' id='word_1_40' title='bbox 401 779 461 833; x_wconf 79' lang='grc' dir='ltr'>δὲ</span> <span class='ocrx_word' id='word_1_41' title='bbox 496 778 694 847; x_wconf 74' lang='grc' dir='ltr'>λέγων’</span> <span class='ocrx_word' id='word_1_42' title='bbox 739 797 757 831; x_wconf 83' lang='grc' dir='ltr'><strong>ι</strong></span> <span class='ocrx_word' id='word_1_43' title='bbox 790 779 904 833; x_wconf 79' lang='grc' dir='ltr'><strong>Καὶ</strong></span> <span class='ocrx_word' id='word_1_44' title='bbox 929 783 1044 843; x_wconf 87' lang='grc' dir='ltr'>τοῖς</span> <span class='ocrx_word' id='word_1_45' title='bbox 1075 782 1211 845; x_wconf 82' lang='grc' dir='ltr'><strong>υἱοῖς</strong></span> <span class='ocrx_word' id='word_1_46' title='bbox 1252 779 1467 852; x_wconf 83' lang='grc' dir='ltr'>Ἀαρὼν</span> <span class='ocrx_word' id='word_1_47' title='bbox 1498 785 1750 852; x_wconf 79' lang='grc' dir='ltr'><strong>ποιήσεις</strong></span> <span class='ocrx_word' id='word_1_48' title='bbox 1771 781 2007 853; x_wconf 81' lang='grc' dir='ltr'><strong>χιτῶνας</strong></span> 
     </span>
    </p>
   </div>
   <div class='ocr_carea' id='block_1_9' title="bbox 404 869 2006 946">
    <p class='ocr_par' dir='ltr' id='par_1_9' title="bbox 404 869 2006 946">
     <span class='ocr_line' id='line_1_9' title="bbox 404 869 2006 946; baseline 0.001 -21"><span class='ocrx_word' id='word_1_49' title='bbox 404 870 501 925; x_wconf 75' lang='grc' dir='ltr'>καὶ</span> <span class='ocrx_word' id='word_1_50' title='bbox 532 869 745 936; x_wconf 80' lang='grc' dir='ltr'><strong>ζώνας,</strong></span> <span class='ocrx_word' id='word_1_51' title='bbox 792 869 886 925; x_wconf 80' lang='grc' dir='ltr'>καὶ</span> <span class='ocrx_word' id='word_1_52' title='bbox 917 870 1161 943; x_wconf 82' lang='grc' dir='ltr'>κιδάρεις</span> <span class='ocrx_word' id='word_1_53' title='bbox 1203 874 1456 944; x_wconf 84' lang='grc' dir='ltr'><strong>ποιήσεις</strong></span> <span class='ocrx_word' id='word_1_54' title='bbox 1498 873 1686 937; x_wconf 79' lang='grc' dir='ltr'>αὐτοῖς</span> <span class='ocrx_word' id='word_1_55' title='bbox 1722 875 1802 936; x_wconf 86' lang='grc' dir='ltr'><strong>είς</strong></span> <span class='ocrx_word' id='word_1_56' title='bbox 1840 873 2006 946; x_wconf 77' lang='grc' dir='ltr'>τιμὴν</span> 
     </span>
    </p>
   </div>
   <div class='ocr_carea' id='block_1_10' title="bbox 404 959 2007 1033">
    <p class='ocr_par' dir='ltr' id='par_1_10' title="bbox 404 959 2007 1033">
     <span class='ocr_line' id='line_1_10' title="bbox 404 959 2007 1033; baseline 0.003 -21"><span class='ocrx_word' id='word_1_57' title='bbox 404 960 499 1013; x_wconf 71' lang='grc' dir='ltr'>καὶ</span> <span class='ocrx_word' id='word_1_58' title='bbox 535 959 714 1024; x_wconf 74' lang='grc' dir='ltr'>δόξαν.</span> <span class='ocrx_word' id='word_1_59' title='bbox 762 959 877 1014; x_wconf 74' lang='lat' dir='ltr'><strong>Kal</strong></span> <span class='ocrx_word' id='word_1_60' title='bbox 925 960 1173 1026; x_wconf 83' lang='grc' dir='ltr'>ὲνδύσεις</span> <span class='ocrx_word' id='word_1_61' title='bbox 1201 962 1345 1017; x_wconf 76' lang='grc' dir='ltr'>αὐτὰ</span> <span class='ocrx_word' id='word_1_62' title='bbox 1383 960 1597 1033; x_wconf 84' lang='grc' dir='ltr'>Ἀαρὼν</span> <span class='ocrx_word' id='word_1_63' title='bbox 1642 962 1734 1017; x_wconf 81' lang='grc' dir='ltr'>τὸν</span> <span class='ocrx_word' id='word_1_64' title='bbox 1777 963 2007 1032; x_wconf 76' lang='grc' dir='ltr'>ἀδελφόν</span> 
     </span>
    </p>
   </div>
   <div class='ocr_carea' id='block_1_11' title="bbox 404 1052 2005 1127">
    <p class='ocr_par' dir='ltr' id='par_1_11' title="bbox 404 1052 2005 1127">
     <span class='ocr_line' id='line_1_11' title="bbox 404 1052 2005 1127; baseline 0.003 -23"><span class='ocrx_word' id='word_1_65' title='bbox 404 1069 524 1118; x_wconf 85' lang='grc' dir='ltr'>σου,</span> <span class='ocrx_word' id='word_1_66' title='bbox 572 1053 669 1106; x_wconf 69' lang='grc' dir='ltr'>καὶ</span> <span class='ocrx_word' id='word_1_67' title='bbox 694 1052 822 1114; x_wconf 76' lang='grc' dir='ltr'>τοὺς</span> <span class='ocrx_word' id='word_1_68' title='bbox 850 1053 1001 1118; x_wconf 72' lang='grc' dir='ltr'>υἱοὺς</span> <span class='ocrx_word' id='word_1_69' title='bbox 1029 1053 1198 1108; x_wconf 85' lang='grc' dir='ltr'>αὐτοῦ</span> <span class='ocrx_word' id='word_1_70' title='bbox 1237 1054 1360 1125; x_wconf 84' lang='grc' dir='ltr'>μετ’</span> <span class='ocrx_word' id='word_1_71' title='bbox 1403 1053 1593 1109; x_wconf 75' lang='grc' dir='ltr'>αὑτοῦ.</span> <span class='ocrx_word' id='word_1_72' title='bbox 1644 1054 1756 1109; x_wconf 71' lang='grc' dir='ltr'><strong>Καὶ</strong></span> <span class='ocrx_word' id='word_1_73' title='bbox 1795 1055 2005 1127; x_wconf 86' lang='grc' dir='ltr'>χρίσεις</span> 
     </span>
    </p>
   </div>
   <div class='ocr_carea' id='block_1_12' title="bbox 400 1143 2009 1218">
    <p class='ocr_par' dir='ltr' id='par_1_12' title="bbox 400 1143 2009 1218">
     <span class='ocr_line' id='line_1_12' title="bbox 400 1143 2009 1218; baseline 0.001 -19"><span class='ocrx_word' id='word_1_74' title='bbox 400 1143 622 1208; x_wconf 78' lang='grc' dir='ltr'>αὐτοὺς,</span> <span class='ocrx_word' id='word_1_75' title='bbox 649 1146 748 1200; x_wconf 74' lang='grc' dir='ltr'>καὶ</span> <span class='ocrx_word' id='word_1_76' title='bbox 776 1145 1086 1217; x_wconf 83' lang='grc' dir='ltr'>ἐμπλήσεις</span> <span class='ocrx_word' id='word_1_77' title='bbox 1117 1146 1298 1201; x_wconf 76' lang='grc' dir='ltr'>αὐτῶν</span> <span class='ocrx_word' id='word_1_78' title='bbox 1339 1147 1438 1212; x_wconf 77' lang='grc' dir='ltr'>τὰς</span> <span class='ocrx_word' id='word_1_79' title='bbox 1461 1149 1653 1218; x_wconf 84' lang='grc' dir='ltr'>χεῖρας</span> <span class='ocrx_word' id='word_1_80' title='bbox 1673 1187 1688 1211; x_wconf 90' lang='grc'><strong>,</strong></span> <span class='ocrx_word' id='word_1_81' title='bbox 1722 1147 1819 1201; x_wconf 64' lang='grc' dir='ltr'><strong>καλ⁸</strong></span> <span class='ocrx_word' id='word_1_82' title='bbox 1848 1148 2009 1217; x_wconf 85' lang='grc' dir='ltr'>ἁγιά-</span> 
     </span>
    </p>
   </div>
   <div class='ocr_carea' id='block_1_13' title="bbox 404 1236 2008 1310">
    <p class='ocr_par' dir='ltr' id='par_1_13' title="bbox 404 1236 2008 1310">
     <span class='ocr_line' id='line_1_13' title="bbox 404 1236 2008 1310; baseline 0.001 -21"><span class='ocrx_word' id='word_1_83' title='bbox 404 1251 521 1299; x_wconf 85' lang='grc' dir='ltr'>σεις</span> <span class='ocrx_word' id='word_1_84' title='bbox 550 1236 773 1301; x_wconf 81' lang='grc' dir='ltr'>αὐτοὺς,</span> <span class='ocrx_word' id='word_1_85' title='bbox 801 1236 891 1292; x_wconf 80' lang='grc' dir='ltr'>ἶνα</span> <span class='ocrx_word' id='word_1_86' title='bbox 921 1236 1248 1308; x_wconf 83' lang='grc' dir='ltr'>ίερατεύωσί</span> <span class='ocrx_word' id='word_1_87' title='bbox 1272 1255 1385 1308; x_wconf 89' lang='grc' dir='ltr'>μοι.</span> <span class='ocrx_word' id='word_1_88' title='bbox 1418 1239 1530 1292; x_wconf 81' lang='grc' dir='ltr'><strong>Καὶ</strong></span> <span class='ocrx_word' id='word_1_89' title='bbox 1553 1240 1803 1310; x_wconf 83' lang='grc' dir='ltr'>ποιήσεις</span> <span class='ocrx_word' id='word_1_90' title='bbox 1825 1240 2008 1302; x_wconf 84' lang='grc' dir='ltr'>αὐτοῖς</span> 
     </span>
    </p>
   </div>
   <div class='ocr_carea' id='block_1_14' title="bbox 405 1327 2005 1402">
    <p class='ocr_par' dir='ltr' id='par_1_14' title="bbox 405 1327 2005 1402">
     <span class='ocr_line' id='line_1_14' title="bbox 405 1327 2005 1402; baseline 0.002 -22"><span class='ocrx_word' id='word_1_91' title='bbox 405 1327 712 1399; x_wconf 78' lang='grc' dir='ltr'>περισκελῆ</span> <span class='ocrx_word' id='word_1_92' title='bbox 731 1327 852 1381; x_wconf 83' lang='grc' dir='ltr'>λινᾶ</span> <span class='ocrx_word' id='word_1_93' title='bbox 875 1329 1116 1400; x_wconf 65' lang='grc' dir='ltr'>καλύψαι</span> <span class='ocrx_word' id='word_1_94' title='bbox 1139 1329 1534 1401; x_wconf 79' lang='grc' dir='ltr'><strong>ἀσχημοσύνην</strong></span> <span class='ocrx_word' id='word_1_95' title='bbox 1558 1332 1771 1402; x_wconf 82' lang='grc' dir='ltr'>χρωτὸς</span> <span class='ocrx_word' id='word_1_96' title='bbox 1794 1330 2005 1395; x_wconf 79' lang='grc' dir='ltr'>αὐτῶν,</span> 
     </span>
    </p>
   </div>
   <div class='ocr_carea' id='block_1_15' title="bbox 401 1420 2009 1497">
    <p class='ocr_par' dir='ltr' id='par_1_15' title="bbox 401 1420 2009 1497">
     <span class='ocr_line' id='line_1_15' title="bbox 401 1420 2009 1497; baseline 0.002 -23"><span class='ocrx_word' id='word_1_97' title='bbox 401 1421 514 1474; x_wconf 84' lang='grc' dir='ltr'><strong>ἁπὺ</strong></span> <span class='ocrx_word' id='word_1_98' title='bbox 542 1420 745 1492; x_wconf 79' lang='grc' dir='ltr'>ὀσφύος</span> <span class='ocrx_word' id='word_1_99' title='bbox 772 1421 880 1486; x_wconf 80' lang='grc' dir='ltr'>ἓως</span> <span class='ocrx_word' id='word_1_100' title='bbox 912 1422 1107 1493; x_wconf 83' lang='grc' dir='ltr'>μηρῶν</span> <span class='ocrx_word' id='word_1_101' title='bbox 1135 1421 1313 1478; x_wconf 69' lang='grc' dir='ltr'>ἔσται.</span> <span class='ocrx_word' id='word_1_102' title='bbox 1332 1423 1444 1477; x_wconf 76' lang='grc' dir='ltr'><strong>Καὶ</strong></span> <span class='ocrx_word' id='word_1_103' title='bbox 1467 1423 1580 1491; x_wconf 74' lang='grc' dir='ltr'>ἔξει</span> <span class='ocrx_word' id='word_1_104' title='bbox 1625 1425 1839 1497; x_wconf 79' lang='grc' dir='ltr'>Ἀαρὼν</span> <span class='ocrx_word' id='word_1_105' title='bbox 1867 1424 2009 1477; x_wconf 79' lang='grc' dir='ltr'><strong>αὑτὰ</strong></span> 
     </span>
    </p>
   </div>
   <div class='ocr_carea' id='block_1_16' title="bbox 403 1513 2006 1588">
    <p class='ocr_par' dir='ltr' id='par_1_16' title="bbox 403 1513 2006 1588">
     <span class='ocr_line' id='line_1_16' title="bbox 403 1513 2006 1588; baseline 0.002 -20"><span class='ocrx_word' id='word_1_106' title='bbox 403 1513 501 1568; x_wconf 71' lang='grc' dir='ltr'><strong>καὶ</strong></span> <span class='ocrx_word' id='word_1_107' title='bbox 532 1514 581 1566; x_wconf 87' lang='grc' dir='ltr'><strong>οί</strong></span> <span class='ocrx_word' id='word_1_108' title='bbox 617 1514 725 1568; x_wconf 71' lang='grc' dir='ltr'>υίοὶ</span> <span class='ocrx_word' id='word_1_109' title='bbox 752 1513 922 1568; x_wconf 83' lang='grc' dir='ltr'>αὑτοῦ</span> <span class='ocrx_word' id='word_1_110' title='bbox 943 1555 959 1578; x_wconf 88' lang='grc'><strong>,</strong></span> <span class='ocrx_word' id='word_1_111' title='bbox 991 1515 1122 1568; x_wconf 85' lang='grc' dir='ltr'>ὅταν</span> <span class='ocrx_word' id='word_1_112' title='bbox 1158 1515 1593 1587; x_wconf 86' lang='grc' dir='ltr'>είσπορεύωνται</span> <span class='ocrx_word' id='word_1_113' title='bbox 1622 1519 1703 1580; x_wconf 89' lang='grc' dir='ltr'><strong>είς</strong></span> <span class='ocrx_word' id='word_1_114' title='bbox 1734 1517 1833 1588; x_wconf 82' lang='grc' dir='ltr'>τὴν</span> <span class='ocrx_word' id='word_1_115' title='bbox 1870 1534 2006 1588; x_wconf 87' lang='grc' dir='ltr'>σκη-</span> 
     </span>
    </p>
   </div>
   <div class='ocr_carea' id='block_1_17' title="bbox 403 1602 2009 1680">
    <p class='ocr_par' dir='ltr' id='par_1_17' title="bbox 403 1602 2009 1680">
     <span class='ocr_line' id='line_1_17' title="bbox 403 1602 2009 1680; baseline 0.002 -23"><span class='ocrx_word' id='word_1_116' title='bbox 403 1604 503 1674; x_wconf 80' lang='grc' dir='ltr'>νὴν</span> <span class='ocrx_word' id='word_1_117' title='bbox 530 1602 624 1657; x_wconf 88' lang='grc' dir='ltr'><strong>τοῦ</strong></span> <span class='ocrx_word' id='word_1_118' title='bbox 661 1605 992 1676; x_wconf 75' lang='grc' dir='ltr'>μαρτυρίου,</span> <span class='ocrx_word' id='word_1_119' title='bbox 1017 1605 1050 1677; x_wconf 85' lang='grc' dir='ltr'>ἢ</span> <span class='ocrx_word' id='word_1_120' title='bbox 1086 1606 1218 1661; x_wconf 82' lang='grc' dir='ltr'>ὅταν</span> <span class='ocrx_word' id='word_1_121' title='bbox 1245 1608 1737 1680; x_wconf 87' lang='grc' dir='ltr'>προσπορεύωνται</span> <span class='ocrx_word' id='word_1_122' title='bbox 1765 1608 2009 1680; x_wconf 71' lang='grc' dir='ltr'>λειτουρο</span> 
     </span>
    </p>
   </div>
   <div class='ocr_carea' id='block_1_18' title="bbox 403 1695 2009 1771">
    <p class='ocr_par' dir='ltr' id='par_1_18' title="bbox 403 1695 2009 1771">
     <span class='ocr_line' id='line_1_18' title="bbox 403 1695 2009 1771; baseline 0.004 -23"><span class='ocrx_word' id='word_1_123' title='bbox 403 1698 521 1764; x_wconf 84' lang='grc' dir='ltr'><strong>γείν</strong></span> <span class='ocrx_word' id='word_1_124' title='bbox 552 1695 691 1767; x_wconf 79' lang='grc' dir='ltr'>πρὸς</span> <span class='ocrx_word' id='word_1_125' title='bbox 734 1697 796 1750; x_wconf 84' lang='grc' dir='ltr'>τὸ</span> <span class='ocrx_word' id='word_1_126' title='bbox 842 1698 1233 1771; x_wconf 84' lang='grc' dir='ltr'>θυσιαστήριον</span> <span class='ocrx_word' id='word_1_127' title='bbox 1268 1700 1365 1755; x_wconf 89' lang='grc' dir='ltr'><strong>τοῦ</strong></span> <span class='ocrx_word' id='word_1_128' title='bbox 1415 1699 1593 1771; x_wconf 84' lang='grc' dir='ltr'>ἁγίου.</span> <span class='ocrx_word' id='word_1_129' title='bbox 1640 1702 1752 1755; x_wconf 74' lang='grc' dir='ltr'><strong>Καὶ</strong></span> <span class='ocrx_word' id='word_1_130' title='bbox 1782 1702 1884 1754; x_wconf 80' lang='grc' dir='ltr'>οὐκ</span> <span class='ocrx_word' id='word_1_131' title='bbox 1911 1704 2009 1755; x_wconf 83' lang='grc' dir='ltr'>ἐπ-</span> 
     </span>
    </p>
   </div>
   <div class='ocr_carea' id='block_1_19' title="bbox 406 1786 2005 1864">
    <p class='ocr_par' dir='ltr' id='par_1_19' title="bbox 406 1786 2005 1864">
     <span class='ocr_line' id='line_1_19' title="bbox 406 1786 2005 1864; baseline 0.006 -26"><span class='ocrx_word' id='word_1_132' title='bbox 406 1786 628 1849; x_wconf 78' lang='grc' dir='ltr'>ἁξονται</span> <span class='ocrx_word' id='word_1_133' title='bbox 662 1786 801 1857; x_wconf 76' lang='grc' dir='ltr'>πρὸς</span> <span class='ocrx_word' id='word_1_134' title='bbox 842 1787 1068 1852; x_wconf 80' lang='grc' dir='ltr'>ἑαυτοὺς</span> <span class='ocrx_word' id='word_1_135' title='bbox 1100 1790 1399 1859; x_wconf 83' lang='grc' dir='ltr'>ἁμαρτίαν,</span> <span class='ocrx_word' id='word_1_136' title='bbox 1429 1791 1516 1846; x_wconf 79' lang='grc' dir='ltr'>ἵνα</span> <span class='ocrx_word' id='word_1_137' title='bbox 1551 1792 1627 1864; x_wconf 80' lang='grc' dir='ltr'>μὴ</span> <span class='ocrx_word' id='word_1_138' title='bbox 1669 1791 2005 1847; x_wconf 80' lang='grc' dir='ltr'>ἀποθάνωσι.</span> 
     </span>
    </p>
   </div>
   <div class='ocr_carea' id='block_1_20' title="bbox 2108 596 3708 680">
    <p class='ocr_par' dir='ltr' id='par_1_20' title="bbox 2108 596 3708 680">
     <span class='ocr_line' id='line_1_20' title="bbox 2108 596 3708 680; baseline 0.004 -31"><span class='ocrx_word' id='word_1_139' title='bbox 2108 601 2256 649; x_wconf 88' lang='lat' dir='ltr'><strong>etum</strong></span> <span class='ocrx_word' id='word_1_140' title='bbox 2275 604 2360 651; x_wconf 94' lang='lat' dir='ltr'><strong>cst</strong></span> <span class='ocrx_word' id='word_1_141' title='bbox 2376 596 2634 651; x_wconf 90' lang='lat' dir='ltr'><strong>bellicum</strong></span> <span class='ocrx_word' id='word_1_142' title='bbox 2665 597 3357 666; x_wconf 88' lang='lat' dir='ltr'><strong>instrumentum,cidaris,</strong></span> <span class='ocrx_word' id='word_1_143' title='bbox 3382 600 3628 680; x_wconf 86' lang='lat' dir='ltr'><strong>inquam,</strong></span> <span class='ocrx_word' id='word_1_144' title='bbox 3652 610 3708 656; x_wconf 80' lang='lat' dir='ltr'><strong>et</strong></span> 
     </span>
    </p>
   </div>
   <div class='ocr_carea' id='block_1_21' title="bbox 2109 687 3705 763">
    <p class='ocr_par' dir='ltr' id='par_1_21' title="bbox 2109 687 3705 763">
     <span class='ocr_line' id='line_1_21' title="bbox 2109 687 3705 763; baseline 0.003 -23"><span class='ocrx_word' id='word_1_145' title='bbox 2109 703 2268 742; x_wconf 84' lang='lat' dir='ltr'><strong>zona.</strong></span> <span class='ocrx_word' id='word_1_146' title='bbox 2299 687 2469 744; x_wconf 80' lang='lat' dir='ltr'><strong>Sacro</strong></span> <span class='ocrx_word' id='word_1_147' title='bbox 2505 689 2673 760; x_wconf 83' lang='lat' dir='ltr'><strong>igitur</strong></span> <span class='ocrx_word' id='word_1_148' title='bbox 2716 699 2918 746; x_wconf 90' lang='lat' dir='ltr'><strong>ornatu</strong></span> <span class='ocrx_word' id='word_1_149' title='bbox 2956 692 3169 747; x_wconf 89' lang='lat' dir='ltr'><strong>clarum</strong></span> <span class='ocrx_word' id='word_1_150' title='bbox 3222 701 3390 763; x_wconf 89' lang='lat' dir='ltr'><strong>atque</strong></span> <span class='ocrx_word' id='word_1_151' title='bbox 3420 692 3705 748; x_wconf 68' lang='lat' dir='ltr'><strong>admiran~</strong></span> 
     </span>
    </p>
   </div>
   <div class='ocr_carea' id='block_1_22' title="bbox 2108 777 3703 855">
    <p class='ocr_par' dir='ltr' id='par_1_22' title="bbox 2108 777 3703 855">
     <span class='ocr_line' id='line_1_22' title="bbox 2108 777 3703 855; baseline 0.003 -22"><span class='ocrx_word' id='word_1_152' title='bbox 2108 777 2240 834; x_wconf 90' lang='lat' dir='ltr'><strong>dum</strong></span> <span class='ocrx_word' id='word_1_153' title='bbox 2276 780 2521 836; x_wconf 73' lang='lat' dir='ltr'><strong>ostendit</strong></span> <span class='ocrx_word' id='word_1_154' title='bbox 2544 781 2749 836; x_wconf 80' lang='lat' dir='ltr'><strong>Aaron.</strong></span> <span class='ocrx_word' id='word_1_155' title='bbox 2792 783 3061 854; x_wconf 83' lang='lat' dir='ltr'><strong>Praecepit</strong></span> <span class='ocrx_word' id='word_1_156' title='bbox 3103 792 3289 839; x_wconf 89' lang='lat' dir='ltr'><strong>autem</strong></span> <span class='ocrx_word' id='word_1_157' title='bbox 3324 784 3584 855; x_wconf 85' lang='lat' dir='ltr'><strong>insuper,</strong></span> <span class='ocrx_word' id='word_1_158' title='bbox 3621 785 3703 838; x_wconf 90' lang='lat' dir='ltr'><strong>di-</strong></span> 
     </span>
    </p>
   </div>
   <div class='ocr_carea' id='block_1_23' title="bbox 2108 872 3713 933">
    <p class='ocr_par' dir='ltr' id='par_1_23' title="bbox 2108 872 3713 933">
     <span class='ocr_line' id='line_1_23' title="bbox 2108 872 3713 933; baseline 0.004 -6"><span class='ocrx_word' id='word_1_159' title='bbox 2108 887 2240 927; x_wconf 85' lang='lat' dir='ltr'><strong>cens</strong></span> <span class='ocrx_word' id='word_1_160' title='bbox 2275 890 2288 926; x_wconf 92' lang='lat'><strong>:</strong></span> <span class='ocrx_word' id='word_1_161' title='bbox 2335 891 2352 923; x_wconf 77' lang='grc' dir='ltr'><strong>ι</strong></span> <span class='ocrx_word' id='word_1_162' title='bbox 2395 873 2465 928; x_wconf 88' lang='grc' dir='ltr'>Ει</span> <span class='ocrx_word' id='word_1_163' title='bbox 2500 872 2630 928; x_wconf 93' lang='lat' dir='ltr'><strong>ﬁliis</strong></span> <span class='ocrx_word' id='word_1_164' title='bbox 2666 874 2848 930; x_wconf 88' lang='lat' dir='ltr'><strong>Aaron</strong></span> <span class='ocrx_word' id='word_1_165' title='bbox 2876 875 3045 931; x_wconf 82' lang='lat' dir='ltr'><strong>facies</strong></span> <span class='ocrx_word' id='word_1_166' title='bbox 3074 877 3291 931; x_wconf 84' lang='lat' dir='ltr'><strong>tunicas</strong></span> <span class='ocrx_word' id='word_1_167' title='bbox 3323 886 3380 932; x_wconf 90' lang='lat' dir='ltr'><strong>et</strong></span> <span class='ocrx_word' id='word_1_168' title='bbox 3412 892 3618 932; x_wconf 83' lang='lat' dir='ltr'><strong>zonas:</strong></span> <span class='ocrx_word' id='word_1_169' title='bbox 3653 890 3713 933; x_wconf 89' lang='lat' dir='ltr'><strong>et</strong></span> 
     </span>
    </p>
   </div>
   <div class='ocr_carea' id='block_1_24' title="bbox 2108 965 3708 1041">
    <p class='ocr_par' dir='ltr' id='par_1_24' title="bbox 2108 965 3708 1041">
     <span class='ocr_line' id='line_1_24' title="bbox 2108 965 3708 1041; baseline 0.004 -22"><span class='ocrx_word' id='word_1_170' title='bbox 2108 966 2326 1020; x_wconf 84' lang='lat' dir='ltr'><strong>cidares</strong></span> <span class='ocrx_word' id='word_1_171' title='bbox 2360 965 2529 1022; x_wconf 78' lang='lat' dir='ltr'><strong>facies</strong></span> <span class='ocrx_word' id='word_1_172' title='bbox 2554 966 2710 1037; x_wconf 88' lang='lat' dir='ltr'><strong>ipsis,</strong></span> <span class='ocrx_word' id='word_1_173' title='bbox 2745 968 2802 1021; x_wconf 92' lang='lat' dir='ltr'><strong>in</strong></span> <span class='ocrx_word' id='word_1_174' title='bbox 2835 968 3103 1025; x_wconf 88' lang='lat' dir='ltr'><strong>honorem</strong></span> <span class='ocrx_word' id='word_1_175' title='bbox 3143 982 3199 1025; x_wconf 88' lang='lat' dir='ltr'><strong>et</strong></span> <span class='ocrx_word' id='word_1_176' title='bbox 3228 970 3459 1041; x_wconf 88' lang='lat' dir='ltr'><strong>gloriam</strong></span> <span class='ocrx_word' id='word_1_177' title='bbox 3497 988 3510 1024; x_wconf 89' lang='lat'><strong>:</strong></span> <span class='ocrx_word' id='word_1_178' title='bbox 3541 981 3595 1026; x_wconf 86' lang='lat' dir='ltr'><strong>et</strong></span> <span class='ocrx_word' id='word_1_179' title='bbox 3622 970 3708 1025; x_wconf 90' lang='lat' dir='ltr'><strong>in-</strong></span> 
     </span>
    </p>
   </div>
   <div class='ocr_carea' id='block_1_25' title="bbox 2107 1059 3711 1135">
    <p class='ocr_par' dir='ltr' id='par_1_25' title="bbox 2107 1059 3711 1135">
     <span class='ocr_line' id='line_1_25' title="bbox 2107 1059 3711 1135; baseline 0.001 -20"><span class='ocrx_word' id='word_1_180' title='bbox 2107 1060 2246 1115; x_wconf 88' lang='lat' dir='ltr'><strong>dues</strong></span> <span class='ocrx_word' id='word_1_181' title='bbox 2274 1061 2358 1115; x_wconf 89' lang='lat' dir='ltr'><strong>eis</strong></span> <span class='ocrx_word' id='word_1_182' title='bbox 2406 1061 2593 1115; x_wconf 87' lang='lat' dir='ltr'><strong>Aaron</strong></span> <span class='ocrx_word' id='word_1_183' title='bbox 2635 1059 2863 1115; x_wconf 91' lang='lat' dir='ltr'><strong>fratrem</strong></span> <span class='ocrx_word' id='word_1_184' title='bbox 2918 1070 3097 1127; x_wconf 91' lang='lat' dir='ltr'><strong>tuum,</strong></span> <span class='ocrx_word' id='word_1_185' title='bbox 3140 1070 3197 1117; x_wconf 93' lang='lat' dir='ltr'><strong>et</strong></span> <span class='ocrx_word' id='word_1_186' title='bbox 3246 1063 3391 1119; x_wconf 86' lang='lat' dir='ltr'><strong>ﬁlios</strong></span> <span class='ocrx_word' id='word_1_187' title='bbox 3420 1065 3541 1134; x_wconf 89' lang='lat' dir='ltr'><strong>ejus</strong></span> <span class='ocrx_word' id='word_1_188' title='bbox 3586 1074 3711 1135; x_wconf 85' lang='lat' dir='ltr'><strong>post</strong></span> 
     </span>
    </p>
   </div>
   <div class='ocr_carea' id='block_1_26' title="bbox 2109 1153 3711 1223">
    <p class='ocr_par' dir='ltr' id='par_1_26' title="bbox 2109 1153 3711 1223">
     <span class='ocr_line' id='line_1_26' title="bbox 2109 1153 3711 1223; baseline 0 -14"><span class='ocrx_word' id='word_1_189' title='bbox 2109 1170 2259 1209; x_wconf 91' lang='lat' dir='ltr'><strong>eum.</strong></span> <span class='ocrx_word' id='word_1_190' title='bbox 2287 1154 2356 1208; x_wconf 91' lang='lat' dir='ltr'><strong>Et</strong></span> <span class='ocrx_word' id='word_1_191' title='bbox 2388 1168 2564 1223; x_wconf 85' lang='lat' dir='ltr'><strong>unges</strong></span> <span class='ocrx_word' id='word_1_192' title='bbox 2592 1168 2708 1217; x_wconf 86' lang='lat' dir='ltr'><strong>eos,</strong></span> <span class='ocrx_word' id='word_1_193' title='bbox 2757 1162 2814 1207; x_wconf 90' lang='lat' dir='ltr'><strong>et</strong></span> <span class='ocrx_word' id='word_1_194' title='bbox 2863 1153 3122 1223; x_wconf 89' lang='lat' dir='ltr'><strong>implebis</strong></span> <span class='ocrx_word' id='word_1_195' title='bbox 3174 1171 3370 1211; x_wconf 89' lang='lat' dir='ltr'><strong>manus</strong></span> <span class='ocrx_word' id='word_1_196' title='bbox 3392 1158 3612 1221; x_wconf 82' lang='lat' dir='ltr'><strong>eorum,</strong></span> <span class='ocrx_word' id='word_1_197' title='bbox 3655 1166 3711 1211; x_wconf 75' lang='lat' dir='ltr'><strong>et</strong></span> 
     </span>
    </p>
   </div>
   <div class='ocr_carea' id='block_1_27' title="bbox 2110 1241 3712 1315">
    <p class='ocr_par' dir='ltr' id='par_1_27' title="bbox 2110 1241 3712 1315">
     <span class='ocr_line' id='line_1_27' title="bbox 2110 1241 3712 1315; baseline 0.003 -18"><span class='ocrx_word' id='word_1_198' title='bbox 2110 1241 2488 1297; x_wconf 86' lang='lat' dir='ltr'><strong>sanctiﬁcabis</strong></span> <span class='ocrx_word' id='word_1_199' title='bbox 2510 1257 2627 1306; x_wconf 91' lang='lat' dir='ltr'><strong>eos,</strong></span> <span class='ocrx_word' id='word_1_200' title='bbox 2680 1250 2743 1296; x_wconf 90' lang='lat' dir='ltr'><strong>ut</strong></span> <span class='ocrx_word' id='word_1_201' title='bbox 2770 1243 3082 1297; x_wconf 87' lang='lat' dir='ltr'><strong>sacerdotio</strong></span> <span class='ocrx_word' id='word_1_202' title='bbox 3102 1244 3423 1315; x_wconf 57' lang='lat' dir='ltr'><strong>,fungantur</strong></span> <span class='ocrx_word' id='word_1_203' title='bbox 3448 1246 3608 1301; x_wconf 91' lang='lat' dir='ltr'><strong>mihi.</strong></span> <span class='ocrx_word' id='word_1_204' title='bbox 3641 1248 3712 1302; x_wconf 80' lang='lat' dir='ltr'><strong>Et</strong></span> 
     </span>
    </p>
   </div>
   <div class='ocr_carea' id='block_1_28' title="bbox 2109 1334 3709 1409">
    <p class='ocr_par' dir='ltr' id='par_1_28' title="bbox 2109 1334 3709 1409">
     <span class='ocr_line' id='line_1_28' title="bbox 2109 1334 3709 1409; baseline 0.003 -20"><span class='ocrx_word' id='word_1_205' title='bbox 2109 1334 2279 1390; x_wconf 81' lang='lat' dir='ltr'><strong>facies</strong></span> <span class='ocrx_word' id='word_1_206' title='bbox 2302 1335 2412 1390; x_wconf 89' lang='lat' dir='ltr'><strong>illis</strong></span> <span class='ocrx_word' id='word_1_207' title='bbox 2435 1334 2720 1390; x_wconf 88' lang='lat' dir='ltr'><strong>femoralia</strong></span> <span class='ocrx_word' id='word_1_208' title='bbox 2759 1335 2926 1398; x_wconf 88' lang='lat' dir='ltr'><strong>linea,</strong></span> <span class='ocrx_word' id='word_1_209' title='bbox 2952 1345 3012 1391; x_wconf 86' lang='lat' dir='ltr'><strong>ut</strong></span> <span class='ocrx_word' id='word_1_210' title='bbox 3033 1337 3286 1406; x_wconf 88' lang='lat' dir='ltr'><strong>operiant</strong></span> <span class='ocrx_word' id='word_1_211' title='bbox 3310 1339 3709 1409; x_wconf 85' lang='lat' dir='ltr'><strong>turpitudinem</strong></span> 
     </span>
    </p>
   </div>
   <div class='ocr_carea' id='block_1_29' title="bbox 2110 1428 3712 1499">
    <p class='ocr_par' dir='ltr' id='par_1_29' title="bbox 2110 1428 3712 1499">
     <span class='ocr_line' id='line_1_29' title="bbox 2110 1428 3712 1499; baseline 0.003 -17"><span class='ocrx_word' id='word_1_212' title='bbox 2110 1428 2365 1498; x_wconf 88' lang='lat' dir='ltr'><strong>corporis</strong></span> <span class='ocrx_word' id='word_1_213' title='bbox 2396 1428 2522 1495; x_wconf 89' lang='lat' dir='ltr'><strong>sui;</strong></span> <span class='ocrx_word' id='word_1_214' title='bbox 2558 1444 2589 1483; x_wconf 91' lang='lat' dir='ltr'><strong>a</strong></span> <span class='ocrx_word' id='word_1_215' title='bbox 2612 1428 2820 1484; x_wconf 87' lang='lat' dir='ltr'><strong>lumbis</strong></span> <span class='ocrx_word' id='word_1_216' title='bbox 2870 1445 3046 1499; x_wconf 87' lang='lat' dir='ltr'><strong>usque</strong></span> <span class='ocrx_word' id='word_1_217' title='bbox 3077 1429 3145 1484; x_wconf 90' lang='lat' dir='ltr'><strong>ad</strong></span> <span class='ocrx_word' id='word_1_218' title='bbox 3187 1430 3393 1486; x_wconf 82' lang='lat' dir='ltr'><strong>femora</strong></span> <span class='ocrx_word' id='word_1_219' title='bbox 3417 1440 3621 1487; x_wconf 90' lang='lat' dir='ltr'><strong>erunt:</strong></span> <span class='ocrx_word' id='word_1_220' title='bbox 3655 1445 3712 1488; x_wconf 85' lang='lat' dir='ltr'><strong>(t</strong></span> 
     </span>
    </p>
   </div>
   <div class='ocr_carea' id='block_1_30' title="bbox 2110 1520 3713 1596">
    <p class='ocr_par' dir='ltr' id='par_1_30' title="bbox 2110 1520 3713 1596">
     <span class='ocr_line' id='line_1_30' title="bbox 2110 1520 3713 1596; baseline 0.004 -23"><span class='ocrx_word' id='word_1_221' title='bbox 2110 1520 2353 1591; x_wconf 84' lang='lat' dir='ltr'><strong>portabit</strong></span> <span class='ocrx_word' id='word_1_222' title='bbox 2410 1536 2475 1576; x_wconf 87' lang='lat' dir='ltr'><strong>ea</strong></span> <span class='ocrx_word' id='word_1_223' title='bbox 2528 1521 2709 1576; x_wconf 83' lang='lat' dir='ltr'><strong>Aaron</strong></span> <span class='ocrx_word' id='word_1_224' title='bbox 2764 1530 2823 1575; x_wconf 85' lang='lat' dir='ltr'><strong>et</strong></span> <span class='ocrx_word' id='word_1_225' title='bbox 2862 1520 2962 1576; x_wconf 88' lang='lat' dir='ltr'><strong>ﬁlii</strong></span> <span class='ocrx_word' id='word_1_226' title='bbox 2982 1523 3123 1593; x_wconf 88' lang='lat' dir='ltr'><strong>ejus,</strong></span> <span class='ocrx_word' id='word_1_227' title='bbox 3153 1538 3278 1578; x_wconf 89' lang='lat' dir='ltr'><strong>cum</strong></span> <span class='ocrx_word' id='word_1_228' title='bbox 3330 1524 3713 1596; x_wconf 85' lang='lat' dir='ltr'><strong>ingredientnr</strong></span> 
     </span>
    </p>
   </div>
   <div class='ocr_carea' id='block_1_31' title="bbox 2112 1610 3710 1685">
    <p class='ocr_par' dir='ltr' id='par_1_31' title="bbox 2112 1610 3710 1685">
     <span class='ocr_line' id='line_1_31' title="bbox 2112 1610 3710 1685; baseline 0.004 -21"><span class='ocrx_word' id='word_1_229' title='bbox 2112 1611 2168 1665; x_wconf 90' lang='lat' dir='ltr'><strong>in</strong></span> <span class='ocrx_word' id='word_1_230' title='bbox 2194 1610 2613 1665; x_wconf 83' lang='lat' dir='ltr'><strong>tabernaculum</strong></span> <span class='ocrx_word' id='word_1_231' title='bbox 2643 1611 2970 1676; x_wconf 89' lang='lat' dir='ltr'><strong>testimonii,</strong></span> <span class='ocrx_word' id='word_1_232' title='bbox 3002 1622 3099 1667; x_wconf 88' lang='lat' dir='ltr'><strong>aut</strong></span> <span class='ocrx_word' id='word_1_233' title='bbox 3128 1629 3252 1668; x_wconf 91' lang='lat' dir='ltr'><strong>cum</strong></span> <span class='ocrx_word' id='word_1_234' title='bbox 3285 1616 3710 1685; x_wconf 88' lang='lat' dir='ltr'><strong>proﬁciscentur</strong></span> 
     </span>
    </p>
   </div>
   <div class='ocr_carea' id='block_1_32' title="bbox 2111 1702 3709 1785">
    <p class='ocr_par' dir='ltr' id='par_1_32' title="bbox 2111 1702 3709 1785">
     <span class='ocr_line' id='line_1_32' title="bbox 2111 1702 3709 1785; baseline 0.004 -28"><span class='ocrx_word' id='word_1_235' title='bbox 2111 1702 2178 1757; x_wconf 83' lang='lat' dir='ltr'><strong>ad</strong></span> <span class='ocrx_word' id='word_1_236' title='bbox 2206 1703 2634 1758; x_wconf 71' lang='lat' dir='ltr'><strong>ministrantium</strong></span> <span class='ocrx_word' id='word_1_237' title='bbox 2659 1703 2727 1759; x_wconf 86' lang='lat' dir='ltr'><strong>ad</strong></span> <span class='ocrx_word' id='word_1_238' title='bbox 2751 1703 2923 1758; x_wconf 87' lang='lat' dir='ltr'><strong>altare</strong></span> <span class='ocrx_word' id='word_1_239' title='bbox 2950 1705 3439 1774; x_wconf 88' lang='lat' dir='ltr'><strong>sanctiﬁcationis;</strong></span> <span class='ocrx_word' id='word_1_240' title='bbox 3470 1708 3634 1785; x_wconf 77' lang='lat'><strong>390</strong></span> <span class='ocrx_word' id='word_1_241' title='bbox 3655 1721 3709 1763; x_wconf 84' lang='lat' dir='ltr'><strong>et.</strong></span> 
     </span>
    </p>
   </div>
   <div class='ocr_carea' id='block_1_33' title="bbox 2112 1795 3708 1870">
    <p class='ocr_par' dir='ltr' id='par_1_33' title="bbox 2112 1795 3708 1870">
     <span class='ocr_line' id='line_1_33' title="bbox 2112 1795 3708 1870; baseline 0.006 -22"><span class='ocrx_word' id='word_1_242' title='bbox 2112 1810 2221 1849; x_wconf 90' lang='lat' dir='ltr'><strong>non</strong></span> <span class='ocrx_word' id='word_1_243' title='bbox 2252 1795 2519 1852; x_wconf 83' lang='lat' dir='ltr'><strong>inducent</strong></span> <span class='ocrx_word' id='word_1_244' title='bbox 2566 1797 2672 1852; x_wconf 88' lang='lat' dir='ltr'><strong>sibi</strong></span> <span class='ocrx_word' id='word_1_245' title='bbox 2725 1797 2862 1868; x_wconf 86' lang='lat' dir='ltr'><strong>ipsis</strong></span> <span class='ocrx_word' id='word_1_246' title='bbox 2909 1810 3221 1868; x_wconf 88' lang='lat' dir='ltr'><strong>peccatum,</strong></span> <span class='ocrx_word' id='word_1_247' title='bbox 3258 1818 3329 1857; x_wconf 92' lang='lat' dir='ltr'><strong>ne</strong></span> <span class='ocrx_word' id='word_1_248' title='bbox 3364 1803 3708 1870; x_wconf 82' lang='lat' dir='ltr'><strong>moriantur;</strong></span> 
     </span>
    </p>
   </div>
   <div class='ocr_carea' id='block_1_34' title="bbox 405 1876 2005 1967">
    <p class='ocr_par' dir='ltr' id='par_1_34' title="bbox 405 1876 2005 1954">
     <span class='ocr_line' id='line_1_34' title="bbox 405 1876 2005 1954; baseline 0.003 -23"><span class='ocrx_word' id='word_1_249' title='bbox 405 1877 659 1949; x_wconf 76' lang='grc' dir='ltr'>Νόμιμον</span> <span class='ocrx_word' id='word_1_250' title='bbox 699 1876 920 1930; x_wconf 76' lang='grc' dir='ltr'>αἰώνιον</span> <span class='ocrx_word' id='word_1_251' title='bbox 947 1877 1100 1950; x_wconf 78' lang='grc' dir='ltr'>αὐτῷ</span> <span class='ocrx_word' id='word_1_252' title='bbox 1155 1880 1253 1934; x_wconf 75' lang='grc' dir='ltr'>καὶ</span> <span class='ocrx_word' id='word_1_253' title='bbox 1281 1879 1360 1952; x_wconf 81' lang='grc' dir='ltr'>τῷ</span> <span class='ocrx_word' id='word_1_254' title='bbox 1382 1884 1665 1953; x_wconf 82' lang='grc' dir='ltr'>σπέρματι</span> <span class='ocrx_word' id='word_1_255' title='bbox 1690 1881 1856 1936; x_wconf 80' lang='grc' dir='ltr'>αὑτοῦ</span> <span class='ocrx_word' id='word_1_256' title='bbox 1892 1885 2005 1954; x_wconf 76' lang='grc' dir='ltr'>μετ’</span> 
     </span>
    </p>
   </div>
   <div class='ocr_carea' id='block_1_35' title="bbox 2111 1876 3712 1967">
    <p class='ocr_par' dir='ltr' id='par_1_35' title="bbox 2112 1886 3712 1967">
     <span class='ocr_line' id='line_1_35' title="bbox 2112 1886 3712 1967; baseline 0.007 -27"><span class='ocrx_word' id='word_1_257' title='bbox 2112 1886 2421 1957; x_wconf 86' lang='lat' dir='ltr'><strong>legitimum</strong></span> <span class='ocrx_word' id='word_1_258' title='bbox 2472 1889 2875 1960; x_wconf 88' lang='lat' dir='ltr'><strong>sempiternum</strong></span> <span class='ocrx_word' id='word_1_259' title='bbox 2931 1892 3034 1962; x_wconf 91' lang='lat' dir='ltr'><strong>ipsi</strong></span> <span class='ocrx_word' id='word_1_260' title='bbox 3083 1902 3142 1948; x_wconf 92' lang='lat' dir='ltr'><strong>et</strong></span> <span class='ocrx_word' id='word_1_261' title='bbox 3185 1895 3382 1950; x_wconf 87' lang='lat' dir='ltr'><strong>semini</strong></span> <span class='ocrx_word' id='word_1_262' title='bbox 3434 1896 3557 1967; x_wconf 87' lang='lat' dir='ltr'><strong>ejus</strong></span> <span class='ocrx_word' id='word_1_263' title='bbox 3588 1907 3712 1967; x_wconf 87' lang='lat' dir='ltr'><strong>post</strong></span> 
     </span>
    </p>
   </div>
   <div class='ocr_carea' id='block_1_36' title="bbox 405 1970 2007 2047">
    <p class='ocr_par' dir='ltr' id='par_1_36' title="bbox 405 1970 2007 2047">
     <span class='ocr_line' id='line_1_36' title="bbox 405 1970 2007 2047; baseline 0.002 -22"><span class='ocrx_word' id='word_1_264' title='bbox 405 1970 594 2025; x_wconf 78' lang='grc' dir='ltr'>αὐτόν.</span> <span class='ocrx_word' id='word_1_265' title='bbox 627 1989 646 2021; x_wconf 76' lang='grc' dir='ltr'><strong>ι</strong></span> <span class='ocrx_word' id='word_1_266' title='bbox 691 1971 853 2042; x_wconf 82' lang='grc' dir='ltr'>Ὁρᾷς</span> <span class='ocrx_word' id='word_1_267' title='bbox 879 1972 960 2025; x_wconf 81' lang='grc' dir='ltr'>ὅτι</span> <span class='ocrx_word' id='word_1_268' title='bbox 983 1973 1078 2026; x_wconf 76' lang='grc' dir='ltr'>καὶ</span> <span class='ocrx_word' id='word_1_269' title='bbox 1102 1972 1287 2037; x_wconf 78' lang='grc' dir='ltr'>αὐτοῖς</span> <span class='ocrx_word' id='word_1_270' title='bbox 1314 1977 1425 2039; x_wconf 82' lang='grc' dir='ltr'>τοῖς</span> <span class='ocrx_word' id='word_1_271' title='bbox 1454 1973 1515 2039; x_wconf 77' lang='grc' dir='ltr'>ἐξ</span> <span class='ocrx_word' id='word_1_272' title='bbox 1553 1973 1763 2046; x_wconf 75' lang='grc' dir='ltr'>’Λαρὼν</span> <span class='ocrx_word' id='word_1_273' title='bbox 1792 1974 2007 2047; x_wconf 80' lang='grc' dir='ltr'>ἐμπρέ-</span> 
     </span>
    </p>
   </div>
   <div class='ocr_carea' id='block_1_37' title="bbox 406 2062 2004 2141">
    <p class='ocr_par' dir='ltr' id='par_1_37' title="bbox 406 2062 2004 2141">
     <span class='ocr_line' id='line_1_37' title="bbox 406 2062 2004 2141; baseline 0.004 -25"><span class='ocrx_word' id='word_1_274' title='bbox 406 2080 501 2119; x_wconf 87' lang='grc' dir='ltr'><strong>πει</strong></span> <span class='ocrx_word' id='word_1_275' title='bbox 531 2063 612 2129; x_wconf 84' lang='grc' dir='ltr'>τὸ,</span> <span class='ocrx_word' id='word_1_276' title='bbox 645 2062 723 2129; x_wconf 85' lang='grc' dir='ltr'>ὡς</span> <span class='ocrx_word' id='word_1_277' title='bbox 758 2063 816 2117; x_wconf 80' lang='grc' dir='ltr'><strong>ἐν</strong></span> <span class='ocrx_word' id='word_1_278' title='bbox 849 2081 915 2132; x_wconf 86' lang='grc' dir='ltr'><strong>γε</strong></span> <span class='ocrx_word' id='word_1_279' title='bbox 946 2064 1025 2136; x_wconf 83' lang='grc' dir='ltr'>τῷ</span> <span class='ocrx_word' id='word_1_280' title='bbox 1052 2065 1336 2138; x_wconf 82' lang='grc' dir='ltr'>πολεμικῷ</span> <span class='ocrx_word' id='word_1_281' title='bbox 1371 2068 1713 2139; x_wconf 79' lang='grc' dir='ltr'>καθορᾶσθαι</span> <span class='ocrx_word' id='word_1_282' title='bbox 1740 2070 2004 2141; x_wconf 82' lang='grc' dir='ltr'>σχήματι.</span> 
     </span>
    </p>
   </div>
   <div class='ocr_carea' id='block_1_38' title="bbox 406 2142 2008 2229">
    <p class='ocr_par' dir='ltr' id='par_1_38' title="bbox 406 2142 2008 2229">
     <span class='ocr_line' id='line_1_38' title="bbox 406 2142 2008 2229; baseline 0.001 -18"><span class='ocrx_word' id='word_1_283' title='bbox 406 2156 667 2228; x_wconf 86' lang='grc' dir='ltr'>Μάχιμον</span> <span class='ocrx_word' id='word_1_284' title='bbox 695 2154 806 2227; x_wconf 79' lang='grc' dir='ltr'><strong>γὰρ</strong></span> <span class='ocrx_word' id='word_1_285' title='bbox 833 2156 894 2210; x_wconf 86' lang='grc' dir='ltr'>τὸ</span> <span class='ocrx_word' id='word_1_286' title='bbox 927 2156 1072 2228; x_wconf 75' lang='grc' dir='ltr'>ἱερὸν</span> <span class='ocrx_word' id='word_1_287' title='bbox 1100 2155 1247 2211; x_wconf 80' lang='grc' dir='ltr'>ἁπαν</span> <span class='ocrx_word' id='word_1_288' title='bbox 1275 2158 1393 2211; x_wconf 74' lang='grc' dir='ltr'>ἐστὶ</span> <span class='ocrx_word' id='word_1_289' title='bbox 1426 2157 1613 2228; x_wconf 75' lang='grc' dir='ltr'>γένος,</span> <span class='ocrx_word' id='word_1_290' title='bbox 1654 2158 1747 2213; x_wconf 73' lang='grc' dir='ltr'>καὶ</span> <span class='ocrx_word' id='word_1_291' title='bbox 1777 2142 1835 2214; x_wconf 66' lang='grc' dir='ltr'>οὗ</span> <span class='ocrx_word' id='word_1_292' title='bbox 1867 2158 2008 2229; x_wconf 72' lang='grc' dir='ltr'>πρὸς</span> 
     </span>
    </p>
   </div>
   <div class='ocr_carea' id='block_1_39' title="bbox 405 2243 2004 2323">
    <p class='ocr_par' dir='ltr' id='par_1_39' title="bbox 405 2243 2004 2323">
     <span class='ocr_line' id='line_1_39' title="bbox 405 2243 2004 2323; baseline 0.001 -19"><span class='ocrx_word' id='word_1_293' title='bbox 405 2243 548 2321; x_wconf 82' lang='grc' dir='ltr'>αἷμα</span> <span class='ocrx_word' id='word_1_294' title='bbox 573 2250 671 2305; x_wconf 76' lang='grc' dir='ltr'>καὶ</span> <span class='ocrx_word' id='word_1_295' title='bbox 690 2249 870 2318; x_wconf 87' lang='grc' dir='ltr'>σάρκα</span> <span class='ocrx_word' id='word_1_296' title='bbox 895 2248 1289 2321; x_wconf 84' lang='grc' dir='ltr'>στρατεύεσθαί</span> <span class='ocrx_word' id='word_1_297' title='bbox 1311 2267 1372 2303; x_wconf 85' lang='grc' dir='ltr'><strong>τε</strong></span> <span class='ocrx_word' id='word_1_298' title='bbox 1392 2252 1486 2306; x_wconf 73' lang='grc' dir='ltr'>καὶ</span> <span class='ocrx_word' id='word_1_299' title='bbox 1504 2253 1822 2323; x_wconf 79' lang='grc' dir='ltr'>ἀντεξάγειν</span> <span class='ocrx_word' id='word_1_300' title='bbox 1843 2253 2004 2317; x_wconf 78' lang='grc' dir='ltr'>είδὸς,</span> 
     </span>
    </p>
   </div>
   <div class='ocr_carea' id='block_1_40' title="bbox 407 2339 2010 2414">
    <p class='ocr_par' dir='ltr' id='par_1_40' title="bbox 407 2339 2010 2414">
     <span class='ocr_line' id='line_1_40' title="bbox 407 2339 2010 2414; baseline 0.001 -19"><span class='ocrx_word' id='word_1_301' title='bbox 407 2341 545 2396; x_wconf 77' lang='grc' dir='ltr'>ἀλλὰ</span> <span class='ocrx_word' id='word_1_302' title='bbox 588 2341 691 2412; x_wconf 80' lang='grc' dir='ltr'>τῆς</span> <span class='ocrx_word' id='word_1_303' title='bbox 729 2340 962 2413; x_wconf 78' lang='grc' dir='ltr'>βεϐήλου</span> <span class='ocrx_word' id='word_1_304' title='bbox 1007 2339 1386 2395; x_wconf 81' lang='grc' dir='ltr'>κατακωλύειν</span> <span class='ocrx_word' id='word_1_305' title='bbox 1424 2342 1724 2414; x_wconf 88' lang='grc' dir='ltr'>ἁμαρτίας,</span> <span class='ocrx_word' id='word_1_306' title='bbox 1765 2343 2010 2413; x_wconf 69' lang='grc' dir='ltr'><strong>ἑμερανιξ⁴</strong></span> 
     </span>
    </p>
   </div>
   <div class='ocr_carea' id='block_1_41' title="bbox 408 2430 2009 2505">
    <p class='ocr_par' dir='ltr' id='par_1_41' title="bbox 408 2430 2009 2505">
     <span class='ocr_line' id='line_1_41' title="bbox 408 2430 2009 2505; baseline 0.002 -22"><span class='ocrx_word' id='word_1_307' title='bbox 408 2430 581 2486; x_wconf 89' lang='grc' dir='ltr'>στατά</span> <span class='ocrx_word' id='word_1_308' title='bbox 610 2447 671 2484; x_wconf 89' lang='grc' dir='ltr'><strong>τε</strong></span> <span class='ocrx_word' id='word_1_309' title='bbox 715 2431 814 2485; x_wconf 73' lang='grc' dir='ltr'>καὶ</span> <span class='ocrx_word' id='word_1_310' title='bbox 851 2430 1088 2501; x_wconf 82' lang='grc' dir='ltr'>λογικῶς</span> <span class='ocrx_word' id='word_1_311' title='bbox 1115 2430 1227 2485; x_wconf 84' lang='grc' dir='ltr'>τῶν</span> <span class='ocrx_word' id='word_1_312' title='bbox 1265 2431 1381 2502; x_wconf 67' lang='grc' dir='ltr'>τῆς</span> <span class='ocrx_word' id='word_1_313' title='bbox 1409 2432 1671 2504; x_wconf 81' lang='grc' dir='ltr'>ἀληθείας</span> <span class='ocrx_word' id='word_1_314' title='bbox 1718 2433 2009 2505; x_wconf 83' lang='grc' dir='ltr'>δογμάτων</span> 
     </span>
    </p>
   </div>
   <div class='ocr_carea' id='block_1_42' title="bbox 406 2521 2008 2598">
    <p class='ocr_par' dir='ltr' id='par_1_42' title="bbox 406 2521 2008 2598">
     <span class='ocr_line' id='line_1_42' title="bbox 406 2521 2008 2598; baseline 0.003 -23"><span class='ocrx_word' id='word_1_315' title='bbox 406 2521 889 2595; x_wconf 80' lang='grc' dir='ltr'>ὑπερμαχόμενον,</span> <span class='ocrx_word' id='word_1_316' title='bbox 912 2525 1009 2578; x_wconf 80' lang='grc' dir='ltr'><strong>καὶ</strong></span> <span class='ocrx_word' id='word_1_317' title='bbox 1029 2526 1434 2596; x_wconf 77' lang='grc' dir='ltr'>αίχμαλωτίζον</span> <span class='ocrx_word' id='word_1_318' title='bbox 1461 2527 1570 2581; x_wconf 81' lang='grc' dir='ltr'><strong>πᾶν</strong></span> <span class='ocrx_word' id='word_1_319' title='bbox 1594 2526 1775 2597; x_wconf 84' lang='grc' dir='ltr'>νόημα</span> <span class='ocrx_word' id='word_1_320' title='bbox 1802 2529 1884 2591; x_wconf 90' lang='grc' dir='ltr'><strong>είς</strong></span> <span class='ocrx_word' id='word_1_321' title='bbox 1911 2526 2008 2598; x_wconf 77' lang='grc' dir='ltr'>τὴν</span> 
     </span>
    </p>
   </div>
   <div class='ocr_carea' id='block_1_43' title="bbox 406 2612 2008 2688">
    <p class='ocr_par' dir='ltr' id='par_1_43' title="bbox 406 2612 2008 2688">
     <span class='ocr_line' id='line_1_43' title="bbox 406 2612 2008 2688; baseline 0.002 -21"><span class='ocrx_word' id='word_1_322' title='bbox 406 2612 660 2686; x_wconf 80' lang='grc' dir='ltr'>ὑπακοὴν</span> <span class='ocrx_word' id='word_1_323' title='bbox 687 2612 781 2667; x_wconf 87' lang='grc' dir='ltr'><strong>τοῦ</strong></span> <span class='ocrx_word' id='word_1_324' title='bbox 809 2613 1049 2687; x_wconf 84' lang='grc' dir='ltr'>Χριστοῦ</span> <span class='ocrx_word' id='word_1_325' title='bbox 1075 2656 1089 2681; x_wconf 92' lang='grc'><strong>,</strong></span> <span class='ocrx_word' id='word_1_326' title='bbox 1134 2615 1278 2669; x_wconf 86' lang='grc' dir='ltr'><strong>καθὰ</strong></span> <span class='ocrx_word' id='word_1_327' title='bbox 1311 2616 1643 2687; x_wconf 82' lang='grc' dir='ltr'>γέγραπται.</span> <span class='ocrx_word' id='word_1_328' title='bbox 1674 2616 2008 2688; x_wconf 83' lang='grc' dir='ltr'>Περισκελές</span> 
     </span>
    </p>
   </div>
   <div class='ocr_carea' id='block_1_44' title="bbox 404 2705 2010 2781">
    <p class='ocr_par' dir='ltr' id='par_1_44' title="bbox 404 2705 2010 2781">
     <span class='ocr_line' id='line_1_44' title="bbox 404 2705 2010 2781; baseline 0.002 -21"><span class='ocrx_word' id='word_1_329' title='bbox 404 2721 468 2760; x_wconf 84' lang='grc' dir='ltr'><strong>τε</strong></span> <span class='ocrx_word' id='word_1_330' title='bbox 492 2705 674 2759; x_wconf 78' lang='grc' dir='ltr'>λινοῦν</span> <span class='ocrx_word' id='word_1_331' title='bbox 700 2706 909 2772; x_wconf 79' lang='grc' dir='ltr'>αὐτοῖς,</span> <span class='ocrx_word' id='word_1_332' title='bbox 931 2706 993 2761; x_wconf 82' lang='grc' dir='ltr'>τὸ</span> <span class='ocrx_word' id='word_1_333' title='bbox 1015 2707 1251 2772; x_wconf 64' lang='lat' dir='ltr'><strong>suam;</strong></span> <span class='ocrx_word' id='word_1_334' title='bbox 1273 2725 1335 2762; x_wconf 85' lang='grc' dir='ltr'><strong>τε</strong></span> <span class='ocrx_word' id='word_1_335' title='bbox 1360 2709 1454 2763; x_wconf 71' lang='grc' dir='ltr'><strong>καὶ</strong></span> <span class='ocrx_word' id='word_1_336' title='bbox 1478 2708 1726 2781; x_wconf 75' lang='grc' dir='ltr'>ἄσχημον</span> <span class='ocrx_word' id='word_1_337' title='bbox 1741 2708 1851 2762; x_wconf 84' lang='grc' dir='ltr'>τῶν</span> <span class='ocrx_word' id='word_1_338' title='bbox 1880 2709 2010 2780; x_wconf 79' lang='grc' dir='ltr'>περὶ</span> 
     </span>
    </p>
   </div>
   <div class='ocr_carea' id='block_1_45' title="bbox 407 2794 2008 2873">
    <p class='ocr_par' dir='ltr' id='par_1_45' title="bbox 407 2794 2008 2873">
     <span class='ocr_line' id='line_1_45' title="bbox 407 2794 2008 2873; baseline 0.001 -21"><span class='ocrx_word' id='word_1_339' title='bbox 407 2798 620 2870; x_wconf 80' lang='grc' dir='ltr'>μηροὺς</span> <span class='ocrx_word' id='word_1_340' title='bbox 656 2800 1024 2864; x_wconf 74' lang='grc' dir='ltr'>κατασκιάζον</span> <span class='ocrx_word' id='word_1_341' title='bbox 1072 2794 1133 2854; x_wconf 81' lang='grc' dir='ltr'>εὖ</span> <span class='ocrx_word' id='word_1_342' title='bbox 1173 2800 1340 2872; x_wconf 87' lang='grc' dir='ltr'>μάλα.</span> <span class='ocrx_word' id='word_1_343' title='bbox 1376 2801 1561 2873; x_wconf 89' lang='grc' dir='ltr'>Σεμνὰ</span> <span class='ocrx_word' id='word_1_344' title='bbox 1598 2801 1709 2873; x_wconf 83' lang='grc' dir='ltr'>γὰρ</span> <span class='ocrx_word' id='word_1_345' title='bbox 1751 2797 1811 2856; x_wconf 82' lang='grc' dir='ltr'>εὖ</span> <span class='ocrx_word' id='word_1_346' title='bbox 1858 2800 2008 2872; x_wconf 85' lang='grc' dir='ltr'>μάλα</span> 
     </span>
    </p>
   </div>
   <div class='ocr_carea' id='block_1_46' title="bbox 402 2890 2002 2964">
    <p class='ocr_par' dir='ltr' id='par_1_46' title="bbox 402 2890 2002 2964">
     <span class='ocr_line' id='line_1_46' title="bbox 402 2890 2002 2964; baseline 0.001 -20"><span class='ocrx_word' id='word_1_347' title='bbox 402 2891 589 2946; x_wconf 83' lang='grc' dir='ltr'>πάντα</span> <span class='ocrx_word' id='word_1_348' title='bbox 628 2891 700 2945; x_wconf 70' lang='grc' dir='ltr'><strong>τὰ</strong></span> <span class='ocrx_word' id='word_1_349' title='bbox 730 2890 842 2944; x_wconf 79' lang='grc' dir='ltr'>τῶν</span> <span class='ocrx_word' id='word_1_350' title='bbox 869 2891 1064 2961; x_wconf 83' lang='grc' dir='ltr'><strong>ἁγίων,</strong></span> <span class='ocrx_word' id='word_1_351' title='bbox 1095 2894 1191 2946; x_wconf 76' lang='grc' dir='ltr'>καὶ</span> <span class='ocrx_word' id='word_1_352' title='bbox 1219 2892 1472 2964; x_wconf 79' lang='grc' dir='ltr'>ἄσχημον</span> <span class='ocrx_word' id='word_1_353' title='bbox 1500 2895 1560 2947; x_wconf 89' lang='grc' dir='ltr'><strong>ἐν</strong></span> <span class='ocrx_word' id='word_1_354' title='bbox 1592 2893 1778 2957; x_wconf 85' lang='grc' dir='ltr'>αὐτοῖς</span> <span class='ocrx_word' id='word_1_355' title='bbox 1809 2892 1967 2948; x_wconf 80' lang='grc' dir='ltr'>οὐδέν</span> <span class='ocrx_word' id='word_1_356' title='bbox 1989 2909 2002 2922; x_wconf 89' lang='grc'>·</span> 
     </span>
    </p>
   </div>
   <div class='ocr_carea' id='block_1_47' title="bbox 402 2982 2007 3057">
    <p class='ocr_par' dir='ltr' id='par_1_47' title="bbox 402 2982 2007 3057">
     <span class='ocr_line' id='line_1_47' title="bbox 402 2982 2007 3057; baseline 0.002 -22"><span class='ocrx_word' id='word_1_357' title='bbox 402 2982 776 3054; x_wconf 76' lang='grc' dir='ltr'>ὑποσημαίνεῖ</span> <span class='ocrx_word' id='word_1_358' title='bbox 802 2983 861 3037; x_wconf 84' lang='grc' dir='ltr'><strong>δέ</strong></span> <span class='ocrx_word' id='word_1_359' title='bbox 892 3001 1011 3049; x_wconf 85' lang='grc' dir='ltr'><strong>πως</strong></span> <span class='ocrx_word' id='word_1_360' title='bbox 1056 2984 1117 3038; x_wconf 84' lang='grc' dir='ltr'>τὸ</span> <span class='ocrx_word' id='word_1_361' title='bbox 1156 2982 1340 3038; x_wconf 79' lang='grc' dir='ltr'>λινοῦν</span> <span class='ocrx_word' id='word_1_362' title='bbox 1381 2986 1496 3048; x_wconf 86' lang='grc' dir='ltr'>τοῖς</span> <span class='ocrx_word' id='word_1_363' title='bbox 1541 2987 1872 3057; x_wconf 82' lang='grc' dir='ltr'>περιμηροῖς</span> <span class='ocrx_word' id='word_1_364' title='bbox 1910 2984 2007 3039; x_wconf 86' lang='grc' dir='ltr'><strong>τοῦ</strong></span> 
     </span>
    </p>
   </div>
   <div class='ocr_carea' id='block_1_48' title="bbox 402 3074 2007 3149">
    <p class='ocr_par' dir='ltr' id='par_1_48' title="bbox 402 3074 2007 3149">
     <span class='ocr_line' id='line_1_48' title="bbox 402 3074 2007 3149; baseline 0.002 -21"><span class='ocrx_word' id='word_1_365' title='bbox 402 3074 665 3148; x_wconf 84' lang='grc' dir='ltr'>σώματος</span> <span class='ocrx_word' id='word_1_366' title='bbox 732 3076 962 3148; x_wconf 83' lang='grc' dir='ltr'>μέρεσιν</span> <span class='ocrx_word' id='word_1_367' title='bbox 1017 3076 1477 3149; x_wconf 81' lang='grc' dir='ltr'>ἐπενηνεγμένον,</span> <span class='ocrx_word' id='word_1_368' title='bbox 1523 3077 1606 3131; x_wconf 83' lang='grc' dir='ltr'>ὅτι</span> <span class='ocrx_word' id='word_1_369' title='bbox 1661 3080 1774 3140; x_wconf 85' lang='grc' dir='ltr'>τοῖς</span> <span class='ocrx_word' id='word_1_370' title='bbox 1827 3078 2007 3148; x_wconf 81' lang='grc' dir='ltr'>ἁγίοις</span> 
     </span>
    </p>
   </div>
   <div class='ocr_carea' id='block_1_49' title="bbox 399 3167 2002 3243">
    <p class='ocr_par' dir='ltr' id='par_1_49' title="bbox 399 3167 2002 3243">
     <span class='ocr_line' id='line_1_49' title="bbox 399 3167 2002 3243; baseline 0.004 -22"><span class='ocrx_word' id='word_1_371' title='bbox 399 3167 840 3241; x_wconf 79' lang='grc' dir='ltr'>πρεπωδεστάτη</span> <span class='ocrx_word' id='word_1_372' title='bbox 869 3167 979 3224; x_wconf 84' lang='grc' dir='ltr'><strong>τῶν</strong></span> <span class='ocrx_word' id='word_1_373' title='bbox 1009 3170 1109 3241; x_wconf 81' lang='grc' dir='ltr'>τῆς</span> <span class='ocrx_word' id='word_1_374' title='bbox 1143 3170 1348 3243; x_wconf 87' lang='grc' dir='ltr'>σαρκὸς</span> <span class='ocrx_word' id='word_1_375' title='bbox 1385 3170 1593 3242; x_wconf 81' lang='grc' dir='ltr'>ἡδονῶν</span> <span class='ocrx_word' id='word_1_376' title='bbox 1628 3170 1661 3242; x_wconf 82' lang='grc' dir='ltr'><strong>ἡ</strong></span> <span class='ocrx_word' id='word_1_377' title='bbox 1702 3171 2002 3243; x_wconf 65' lang='grc' dir='ltr'>ἀπόφυξις·</span> 
     </span>
    </p>
   </div>
   <div class='ocr_carea' id='block_1_50' title="bbox 2116 1976 3711 2057">
    <p class='ocr_par' dir='ltr' id='par_1_50' title="bbox 2116 1976 3711 2057">
     <span class='ocr_line' id='line_1_50' title="bbox 2116 1976 3711 2057; baseline 0.01 -26"><span class='ocrx_word' id='word_1_378' title='bbox 2116 1976 2297 2050; x_wconf 87' lang='lat' dir='ltr'><strong>ipsum</strong></span> <span class='ocrx_word' id='word_1_379' title='bbox 2322 1981 2387 2035; x_wconf 83' lang='grc'><strong>⁴¹.</strong></span> <span class='ocrx_word' id='word_1_380' title='bbox 2429 2001 2447 2033; x_wconf 72' lang='grc' dir='ltr'><strong>ι</strong></span> <span class='ocrx_word' id='word_1_381' title='bbox 2501 1983 2669 2039; x_wconf 83' lang='lat' dir='ltr'><strong>Vides</strong></span> <span class='ocrx_word' id='word_1_382' title='bbox 2715 1983 2852 2055; x_wconf 82' lang='lat' dir='ltr'><strong>ipsis</strong></span> <span class='ocrx_word' id='word_1_383' title='bbox 2899 2001 3122 2057; x_wconf 90' lang='lat' dir='ltr'><strong>quoque</strong></span> <span class='ocrx_word' id='word_1_384' title='bbox 3158 1987 3286 2044; x_wconf 90' lang='lat' dir='ltr'><strong>ﬁliis</strong></span> <span class='ocrx_word' id='word_1_385' title='bbox 3322 1989 3508 2046; x_wconf 86' lang='lat' dir='ltr'><strong>Aaron</strong></span> <span class='ocrx_word' id='word_1_386' title='bbox 3547 1990 3711 2046; x_wconf 83' lang='lat' dir='ltr'><strong>deco-</strong></span> 
     </span>
    </p>
   </div>
   <div class='ocr_carea' id='block_1_51' title="bbox 2112 2074 3709 2144">
    <p class='ocr_par' dir='ltr' id='par_1_51' title="bbox 2112 2074 3709 2144">
     <span class='ocr_line' id='line_1_51' title="bbox 2112 2074 3709 2144; baseline 0.011 -19"><span class='ocrx_word' id='word_1_387' title='bbox 2112 2087 2236 2126; x_wconf 91' lang='lat' dir='ltr'><strong>rum</strong></span> <span class='ocrx_word' id='word_1_388' title='bbox 2259 2088 2401 2138; x_wconf 89' lang='lat' dir='ltr'><strong>esse,</strong></span> <span class='ocrx_word' id='word_1_389' title='bbox 2428 2074 2577 2144; x_wconf 90' lang='lat' dir='ltr'><strong>quod</strong></span> <span class='ocrx_word' id='word_1_390' title='bbox 2621 2076 2822 2133; x_wconf 88' lang='lat' dir='ltr'><strong>bellico</strong></span> <span class='ocrx_word' id='word_1_391' title='bbox 2853 2078 3050 2134; x_wconf 88' lang='lat' dir='ltr'><strong>habitu</strong></span> <span class='ocrx_word' id='word_1_392' title='bbox 3076 2080 3256 2137; x_wconf 90' lang='lat' dir='ltr'><strong>induti</strong></span> <span class='ocrx_word' id='word_1_393' title='bbox 3284 2081 3547 2139; x_wconf 81' lang='lat' dir='ltr'><strong>videntur</strong></span> <span class='ocrx_word' id='word_1_394' title='bbox 3575 2102 3588 2138; x_wconf 92' lang='lat'><strong>:</strong></span> <span class='ocrx_word' id='word_1_395' title='bbox 3620 2101 3709 2142; x_wconf 82' lang='lat' dir='ltr'><strong>sa-</strong></span> 
     </span>
    </p>
   </div>
   <div class='ocr_carea' id='block_1_52' title="bbox 2110 2165 3709 2247">
    <p class='ocr_par' dir='ltr' id='par_1_52' title="bbox 2110 2165 3709 2247">
     <span class='ocr_line' id='line_1_52' title="bbox 2110 2165 3709 2247; baseline 0.009 -30"><span class='ocrx_word' id='word_1_396' title='bbox 2110 2179 2266 2218; x_wconf 90' lang='lat' dir='ltr'><strong>crum</strong></span> <span class='ocrx_word' id='word_1_397' title='bbox 2286 2165 2438 2220; x_wconf 90' lang='lat' dir='ltr'><strong>enim</strong></span> <span class='ocrx_word' id='word_1_398' title='bbox 2488 2166 2625 2221; x_wconf 90' lang='lat' dir='ltr'><strong>illud</strong></span> <span class='ocrx_word' id='word_1_399' title='bbox 2689 2184 2866 2239; x_wconf 87' lang='lat' dir='ltr'><strong>genus</strong></span> <span class='ocrx_word' id='word_1_400' title='bbox 2910 2171 3228 2228; x_wconf 82' lang='lat' dir='ltr'><strong>universum</strong></span> <span class='ocrx_word' id='word_1_401' title='bbox 3253 2182 3339 2229; x_wconf 88' lang='lat' dir='ltr'><strong>est</strong></span> <span class='ocrx_word' id='word_1_402' title='bbox 3376 2174 3444 2229; x_wconf 89' lang='lat' dir='ltr'><strong>ad</strong></span> <span class='ocrx_word' id='word_1_403' title='bbox 3470 2168 3709 2247; x_wconf 78' lang='lat' dir='ltr'><strong>pugnam</strong></span> 
     </span>
    </p>
   </div>
   <div class='ocr_carea' id='block_1_53' title="bbox 2109 2259 3723 2339">
    <p class='ocr_par' dir='ltr' id='par_1_53' title="bbox 2109 2259 3723 2339">
     <span class='ocr_line' id='line_1_53' title="bbox 2109 2259 3723 2339; baseline 0.008 -29"><span class='ocrx_word' id='word_1_404' title='bbox 2109 2265 2320 2327; x_wconf 86' lang='lat' dir='ltr'><strong>aptum,</strong></span> <span class='ocrx_word' id='word_1_405' title='bbox 2352 2274 2462 2314; x_wconf 91' lang='lat' dir='ltr'><strong>non</strong></span> <span class='ocrx_word' id='word_1_406' title='bbox 2489 2259 2638 2330; x_wconf 91' lang='lat' dir='ltr'><strong>quod</strong></span> <span class='ocrx_word' id='word_1_407' title='bbox 2697 2261 2967 2319; x_wconf 85' lang='lat' dir='ltr'><strong>adversus</strong></span> <span class='ocrx_word' id='word_1_408' title='bbox 3006 2280 3233 2321; x_wconf 89' lang='lat' dir='ltr'><strong>carnem</strong></span> <span class='ocrx_word' id='word_1_409' title='bbox 3277 2274 3334 2322; x_wconf 90' lang='lat' dir='ltr'><strong>et</strong></span> <span class='ocrx_word' id='word_1_410' title='bbox 3380 2269 3723 2339; x_wconf 80' lang='lat' dir='ltr'><strong>sanguinem</strong></span> 
     </span>
    </p>
   </div>
   <div class='ocr_carea' id='block_1_54' title="bbox 2110 2347 3709 2431">
    <p class='ocr_par' dir='ltr' id='par_1_54' title="bbox 2110 2347 3709 2431">
     <span class='ocr_line' id='line_1_54' title="bbox 2110 2347 3709 2431; baseline 0.008 -27"><span class='ocrx_word' id='word_1_411' title='bbox 2110 2347 2316 2404; x_wconf 88' lang='lat' dir='ltr'><strong>bellum</strong></span> <span class='ocrx_word' id='word_1_412' title='bbox 2348 2366 2543 2422; x_wconf 80' lang='lat' dir='ltr'><strong>gerere</strong></span> <span class='ocrx_word' id='word_1_413' title='bbox 2572 2361 2627 2408; x_wconf 89' lang='lat' dir='ltr'><strong>et</strong></span> <span class='ocrx_word' id='word_1_414' title='bbox 2654 2370 2920 2426; x_wconf 83' lang='lat' dir='ltr'><strong>pugnare,</strong></span> <span class='ocrx_word' id='word_1_415' title='bbox 2958 2356 3054 2412; x_wconf 90' lang='lat' dir='ltr'><strong>sed</strong></span> <span class='ocrx_word' id='word_1_416' title='bbox 3084 2358 3233 2428; x_wconf 90' lang='lat' dir='ltr'><strong>quod</strong></span> <span class='ocrx_word' id='word_1_417' title='bbox 3260 2358 3541 2430; x_wconf 88' lang='lat' dir='ltr'><strong>impurum</strong></span> <span class='ocrx_word' id='word_1_418' title='bbox 3576 2376 3709 2431; x_wconf 83' lang='lat' dir='ltr'><strong>pec-</strong></span> 
     </span>
    </p>
   </div>
   <div class='ocr_carea' id='block_1_55' title="bbox 2111 2444 3710 2522">
    <p class='ocr_par' dir='ltr' id='par_1_55' title="bbox 2111 2444 3710 2522">
     <span class='ocr_line' id='line_1_55' title="bbox 2111 2444 3710 2522; baseline 0.008 -26"><span class='ocrx_word' id='word_1_419' title='bbox 2111 2452 2292 2498; x_wconf 88' lang='lat' dir='ltr'><strong>catum</strong></span> <span class='ocrx_word' id='word_1_420' title='bbox 2348 2444 2651 2514; x_wconf 87' lang='lat' dir='ltr'><strong>reprimere</strong></span> <span class='ocrx_word' id='word_1_421' title='bbox 2681 2446 2870 2515; x_wconf 90' lang='lat' dir='ltr'><strong>norit;</strong></span> <span class='ocrx_word' id='word_1_422' title='bbox 2917 2452 3032 2504; x_wconf 83' lang='lat' dir='ltr'><strong>tum</strong></span> <span class='ocrx_word' id='word_1_423' title='bbox 3071 2452 3423 2522; x_wconf 86' lang='lat' dir='ltr'><strong>apertissime</strong></span> <span class='ocrx_word' id='word_1_424' title='bbox 3463 2463 3521 2507; x_wconf 90' lang='lat' dir='ltr'><strong>et</strong></span> <span class='ocrx_word' id='word_1_425' title='bbox 3582 2469 3710 2509; x_wconf 86' lang='lat' dir='ltr'><strong>ora-</strong></span> 
     </span>
    </p>
   </div>
   <div class='ocr_carea' id='block_1_56' title="bbox 2112 2532 3708 2612">
    <p class='ocr_par' dir='ltr' id='par_1_56' title="bbox 2112 2532 3708 2612">
     <span class='ocr_line' id='line_1_56' title="bbox 2112 2532 3708 2612; baseline 0.007 -26"><span class='ocrx_word' id='word_1_426' title='bbox 2112 2532 2279 2587; x_wconf 86' lang='lat' dir='ltr'><strong>tionis</strong></span> <span class='ocrx_word' id='word_1_427' title='bbox 2323 2533 2541 2589; x_wconf 89' lang='lat' dir='ltr'><strong>viribus</strong></span> <span class='ocrx_word' id='word_1_428' title='bbox 2588 2551 2689 2606; x_wconf 90' lang='lat' dir='ltr'><strong>pro</strong></span> <span class='ocrx_word' id='word_1_429' title='bbox 2721 2539 2977 2595; x_wconf 81' lang='lat' dir='ltr'><strong>veritatis</strong></span> <span class='ocrx_word' id='word_1_430' title='bbox 3021 2540 3297 2612; x_wconf 83' lang='lat' dir='ltr'><strong>dogmatis</strong></span> <span class='ocrx_word' id='word_1_431' title='bbox 3350 2543 3708 2608; x_wconf 67' lang='lat' dir='ltr'><strong>decertandi),</strong></span> 
     </span>
    </p>
   </div>
   <div class='ocr_carea' id='block_1_57' title="bbox 2112 2630 3711 2704">
    <p class='ocr_par' dir='ltr' id='par_1_57' title="bbox 2112 2630 3711 2704">
     <span class='ocr_line' id='line_1_57' title="bbox 2112 2630 3711 2704; baseline 0.01 -26"><span class='ocrx_word' id='word_1_432' title='bbox 2112 2630 2230 2679; x_wconf 89' lang='lat' dir='ltr'><strong>tum</strong></span> <span class='ocrx_word' id='word_1_433' title='bbox 2266 2642 2400 2683; x_wconf 83' lang='lat' dir='ltr'><strong>vero</strong></span> <span class='ocrx_word' id='word_1_434' title='bbox 2459 2644 2682 2684; x_wconf 89' lang='lat' dir='ltr'><strong>omnem</strong></span> <span class='ocrx_word' id='word_1_435' title='bbox 2739 2630 3166 2704; x_wconf 79' lang='lat' dir='ltr'><strong>intelligentiam</strong></span> <span class='ocrx_word' id='word_1_436' title='bbox 3220 2636 3291 2691; x_wconf 89' lang='lat' dir='ltr'><strong>ad</strong></span> <span class='ocrx_word' id='word_1_437' title='bbox 3338 2634 3711 2694; x_wconf 87' lang='lat' dir='ltr'><strong>obedientiam</strong></span> 
     </span>
    </p>
   </div>
   <div class='ocr_carea' id='block_1_58' title="bbox 2109 2715 3711 2799">
    <p class='ocr_par' dir='ltr' id='par_1_58' title="bbox 2109 2715 3711 2799">
     <span class='ocr_line' id='line_1_58' title="bbox 2109 2715 3711 2799; baseline 0.011 -28"><span class='ocrx_word' id='word_1_438' title='bbox 2109 2715 2318 2775; x_wconf 85' lang='lat' dir='ltr'><strong>Christi</strong></span> <span class='ocrx_word' id='word_1_439' title='bbox 2343 2720 2616 2791; x_wconf 76' lang='lat' dir='ltr'><strong>captivam</strong></span> <span class='ocrx_word' id='word_1_440' title='bbox 2638 2722 2915 2789; x_wconf 87' lang='lat' dir='ltr'><strong>ducendo,</strong></span> <span class='ocrx_word' id='word_1_441' title='bbox 2951 2726 3096 2781; x_wconf 88' lang='lat' dir='ltr'><strong>sicut</strong></span> <span class='ocrx_word' id='word_1_442' title='bbox 3119 2728 3390 2799; x_wconf 91' lang='lat' dir='ltr'><strong>scriptum</strong></span> <span class='ocrx_word' id='word_1_443' title='bbox 3415 2738 3501 2786; x_wconf 88' lang='lat' dir='ltr'><strong>est</strong></span> <span class='ocrx_word' id='word_1_444' title='bbox 3522 2730 3591 2786; x_wconf 77' lang='lat'><strong>&quot;.</strong></span> <span class='ocrx_word' id='word_1_445' title='bbox 3617 2731 3711 2787; x_wconf 88' lang='lat' dir='ltr'><strong>Li-</strong></span> 
     </span>
    </p>
   </div>
   <div class='ocr_carea' id='block_1_59' title="bbox 2110 2814 3714 2895">
    <p class='ocr_par' dir='ltr' id='par_1_59' title="bbox 2110 2814 3714 2895">
     <span class='ocr_line' id='line_1_59' title="bbox 2110 2814 3714 2895; baseline 0.009 -29"><span class='ocrx_word' id='word_1_446' title='bbox 2110 2827 2215 2867; x_wconf 88' lang='lat' dir='ltr'><strong>nea</strong></span> <span class='ocrx_word' id='word_1_447' title='bbox 2233 2828 2401 2884; x_wconf 88' lang='lat' dir='ltr'><strong>porro</strong></span> <span class='ocrx_word' id='word_1_448' title='bbox 2418 2814 2528 2869; x_wconf 89' lang='lat' dir='ltr'><strong>illis</strong></span> <span class='ocrx_word' id='word_1_449' title='bbox 2549 2823 2679 2871; x_wconf 88' lang='lat' dir='ltr'><strong>sunt</strong></span> <span class='ocrx_word' id='word_1_450' title='bbox 2700 2816 3010 2885; x_wconf 90' lang='lat' dir='ltr'><strong>femoralia,</strong></span> <span class='ocrx_word' id='word_1_451' title='bbox 3035 2828 3097 2874; x_wconf 87' lang='lat' dir='ltr'><strong>ut</strong></span> <span class='ocrx_word' id='word_1_452' title='bbox 3119 2819 3528 2879; x_wconf 85' lang='lat' dir='ltr'><strong>deformitatem</strong></span> <span class='ocrx_word' id='word_1_453' title='bbox 3548 2833 3714 2895; x_wconf 83' lang='lat' dir='ltr'><strong>atque</strong></span> 
     </span>
    </p>
   </div>
   <div class='ocr_carea' id='block_1_60' title="bbox 2112 2903 3727 2984">
    <p class='ocr_par' dir='ltr' id='par_1_60' title="bbox 2112 2903 3727 2984">
     <span class='ocr_line' id='line_1_60' title="bbox 2112 2903 3727 2984; baseline 0.011 -29"><span class='ocrx_word' id='word_1_454' title='bbox 2112 2903 2537 2973; x_wconf 86' lang='lat' dir='ltr'><strong>turpitudinem,</strong></span> <span class='ocrx_word' id='word_1_455' title='bbox 2570 2921 2694 2976; x_wconf 73' lang='lat' dir='ltr'><strong>qua:</strong></span> <span class='ocrx_word' id='word_1_456' title='bbox 2737 2907 2796 2962; x_wconf 89' lang='lat' dir='ltr'><strong>in</strong></span> <span class='ocrx_word' id='word_1_457' title='bbox 2822 2905 3132 2966; x_wconf 85' lang='lat' dir='ltr'><strong>femoribus</strong></span> <span class='ocrx_word' id='word_1_458' title='bbox 3157 2918 3263 2977; x_wconf 91' lang='lat' dir='ltr'><strong>est,</strong></span> <span class='ocrx_word' id='word_1_459' title='bbox 3296 2913 3505 2984; x_wconf 81' lang='lat' dir='ltr'><strong>optime</strong></span> <span class='ocrx_word' id='word_1_460' title='bbox 3526 2920 3727 2971; x_wconf 78' lang='lat' dir='ltr'><strong>eonte-‘</strong></span> 
     </span>
    </p>
   </div>
   <div class='ocr_carea' id='block_1_61' title="bbox 2109 2996 3713 3075">
    <p class='ocr_par' dir='ltr' id='par_1_61' title="bbox 2109 2996 3713 3075">
     <span class='ocr_line' id='line_1_61' title="bbox 2109 2996 3713 3075; baseline 0.011 -27"><span class='ocrx_word' id='word_1_461' title='bbox 2109 3004 2258 3065; x_wconf 83' lang='lat' dir='ltr'><strong>gant.</strong></span> <span class='ocrx_word' id='word_1_462' title='bbox 2295 2996 2431 3052; x_wconf 85' lang='lat' dir='ltr'><strong>Nam</strong></span> <span class='ocrx_word' id='word_1_463' title='bbox 2457 2999 2665 3063; x_wconf 84' lang='lat' dir='ltr'><strong>omnia,</strong></span> <span class='ocrx_word' id='word_1_464' title='bbox 2691 3015 2816 3071; x_wconf 68' lang='lat' dir='ltr'><strong>qua:</strong></span> <span class='ocrx_word' id='word_1_465' title='bbox 2828 3001 2900 3056; x_wconf 90' lang='lat' dir='ltr'><strong>ad</strong></span> <span class='ocrx_word' id='word_1_466' title='bbox 2929 3010 3151 3059; x_wconf 89' lang='lat' dir='ltr'><strong>sanctos</strong></span> <span class='ocrx_word' id='word_1_467' title='bbox 3175 3006 3479 3075; x_wconf 89' lang='lat' dir='ltr'><strong>pertinent,</strong></span> <span class='ocrx_word' id='word_1_468' title='bbox 3530 3008 3713 3066; x_wconf 84' lang='lat' dir='ltr'><strong>hone—</strong></span> 
     </span>
    </p>
   </div>
   <div class='ocr_carea' id='block_1_62' title="bbox 2111 3086 3713 3167">
    <p class='ocr_par' dir='ltr' id='par_1_62' title="bbox 2111 3086 3713 3167">
     <span class='ocr_line' id='line_1_62' title="bbox 2111 3086 3713 3167; baseline 0.011 -28"><span class='ocrx_word' id='word_1_469' title='bbox 2111 3086 2353 3142; x_wconf 87' lang='lat' dir='ltr'><strong>stissima</strong></span> <span class='ocrx_word' id='word_1_470' title='bbox 2383 3096 2534 3155; x_wconf 85' lang='lat' dir='ltr'><strong>sunt,</strong></span> <span class='ocrx_word' id='word_1_471' title='bbox 2561 3090 2812 3162; x_wconf 88' lang='lat' dir='ltr'><strong>nihilque</strong></span> <span class='ocrx_word' id='word_1_472' title='bbox 2843 3093 2899 3147; x_wconf 93' lang='lat' dir='ltr'><strong>in</strong></span> <span class='ocrx_word' id='word_1_473' title='bbox 2928 3093 3040 3150; x_wconf 86' lang='lat' dir='ltr'><strong>illis</strong></span> <span class='ocrx_word' id='word_1_474' title='bbox 3070 3101 3231 3167; x_wconf 88' lang='lat' dir='ltr'><strong>turpe</strong></span> <span class='ocrx_word' id='word_1_475' title='bbox 3258 3098 3590 3155; x_wconf 89' lang='lat' dir='ltr'><strong>est:lineum</strong></span> <span class='ocrx_word' id='word_1_476' title='bbox 3611 3117 3713 3158; x_wconf 88' lang='lat' dir='ltr'><strong>au-</strong></span> 
     </span>
    </p>
   </div>
   <div class='ocr_carea' id='block_1_63' title="bbox 2111 3179 3714 3258">
    <p class='ocr_par' dir='ltr' id='par_1_63' title="bbox 2111 3179 3714 3258">
     <span class='ocr_line' id='line_1_63' title="bbox 2111 3179 3714 3258; baseline 0.01 -26"><span class='ocrx_word' id='word_1_477' title='bbox 2111 3185 2222 3233; x_wconf 89' lang='lat' dir='ltr'><strong>tem</strong></span> <span class='ocrx_word' id='word_1_478' title='bbox 2283 3179 2674 3238; x_wconf 86' lang='lat' dir='ltr'><strong>indumentum</strong></span> <span class='ocrx_word' id='word_1_479' title='bbox 2719 3185 2973 3254; x_wconf 87' lang='lat' dir='ltr'><strong>partibus</strong></span> <span class='ocrx_word' id='word_1_480' title='bbox 3023 3189 3277 3258; x_wconf 87' lang='lat' dir='ltr'><strong>corporis</strong></span> <span class='ocrx_word' id='word_1_481' title='bbox 3311 3189 3459 3247; x_wconf 87' lang='lat' dir='ltr'><strong>circa</strong></span> <span class='ocrx_word' id='word_1_482' title='bbox 3504 3190 3714 3248; x_wconf 85' lang='lat' dir='ltr'><strong>femora</strong></span> 
     </span>
    </p>
   </div>
   <div class='ocr_carea' id='block_1_64' title="bbox 398 3236 2005 3357">
    <p class='ocr_par' dir='ltr' id='par_1_64' title="bbox 398 3236 2004 3347">
     <span class='ocr_line' id='line_1_64' title="bbox 398 3236 2004 3347; baseline 0.002 -31"><span class='ocrx_word' id='word_1_483' title='bbox 398 3236 614 3334; x_wconf 67' lang='grc' dir='ltr'>ψύχρδν</span> <span class='ocrx_word' id='word_1_484' title='bbox 642 3261 754 3334; x_wconf 75' lang='grc' dir='ltr'>γὰρ</span> <span class='ocrx_word' id='word_1_485' title='bbox 781 3236 845 3347; x_wconf 64' lang='grc' dir='ltr'>σεδ</span> <span class='ocrx_word' id='word_1_486' title='bbox 872 3236 1076 3317; x_wconf 62' lang='grc' dir='ltr'>λινοῦν.</span> <span class='ocrx_word' id='word_1_487' title='bbox 1119 3263 1195 3317; x_wconf 86' lang='grc' dir='ltr'><strong>Τὸ</strong></span> <span class='ocrx_word' id='word_1_488' title='bbox 1316 3236 1522 3337; x_wconf 73' lang='grc' dir='ltr'>θερμὸν</span> <span class='ocrx_word' id='word_1_489' title='bbox 1555 3236 1871 3338; x_wconf 40' lang='grc' dir='ltr'>είς-ὀρέξείς</span> <span class='ocrx_word' id='word_1_490' title='bbox 1900 3236 2004 3330; x_wconf 73' lang='grc' dir='ltr'><strong>τὰς</strong></span> 
     </span>
    </p>
   </div>
   <div class='ocr_carea' id='block_1_65' title="bbox 2111 3236 3714 3357">
    <p class='ocr_par' dir='ltr' id='par_1_65' title="bbox 2111 3236 3714 3357">
     <span class='ocr_line' id='line_1_65' title="bbox 2592 3236 3714 3258; baseline 0.01 -21"><span class='ocrx_word' id='word_1_491' title='bbox 2719 3236 2969 3254; x_wconf 46' lang='lat' dir='ltr'><strong>rm&quot;-</strong></span> <span class='ocrx_word' id='word_1_492' title='bbox 3030 3236 3275 3258; x_wconf 48' lang='grc' dir='ltr'><strong>---τηρ</strong></span> <span class='ocrx_word' id='word_1_493' title='bbox 3316 3236 3459 3247; x_wconf 62' lang='grc' dir='ltr'>νην..</span> <span class='ocrx_word' id='word_1_494' title='bbox 3504 3236 3714 3248; x_wconf 76' lang='lat'><strong>...........</strong></span> 
     </span>
     <span class='ocr_line' id='line_1_66' title="bbox 2111 3271 3714 3357; baseline 0.012 -32"><span class='ocrx_word' id='word_1_495' title='bbox 2111 3271 2399 3327; x_wconf 89' lang='lat' dir='ltr'><strong>inductum</strong></span> <span class='ocrx_word' id='word_1_496' title='bbox 2448 3290 2623 3345; x_wconf 90' lang='lat' dir='ltr'><strong>prope</strong></span> <span class='ocrx_word' id='word_1_497' title='bbox 2687 3275 2956 3345; x_wconf 88' lang='lat' dir='ltr'><strong>insinuat,</strong></span> <span class='ocrx_word' id='word_1_498' title='bbox 2999 3280 3477 3354; x_wconf 78' lang='lat' dir='ltr'><strong>refrigerationem</strong></span> <span class='ocrx_word' id='word_1_499' title='bbox 3532 3287 3714 3357; x_wconf 73' lang='lat' dir='ltr'><strong>carnis</strong></span> 
     </span>
    </p>
   </div>
   <div class='ocr_carea' id='block_1_66' title="bbox 404 3355 2002 3430">
    <p class='ocr_par' dir='ltr' id='par_1_66' title="bbox 404 3355 2002 3430">
     <span class='ocr_line' id='line_1_67' title="bbox 404 3355 2002 3430; baseline 0.003 -23"><span class='ocrx_word' id='word_1_500' title='bbox 404 3355 842 3427; x_wconf 82' lang='grc' dir='ltr'>μυσαρωτάτας,</span> <span class='ocrx_word' id='word_1_501' title='bbox 875 3355 1023 3409; x_wconf 78' lang='grc' dir='ltr'>ὁσίου</span> <span class='ocrx_word' id='word_1_502' title='bbox 1054 3355 1258 3421; x_wconf 85' lang='grc' dir='ltr'>παντὸς</span> <span class='ocrx_word' id='word_1_503' title='bbox 1284 3355 1586 3430; x_wconf 86' lang='grc' dir='ltr'>ἀλλότριον.</span> <span class='ocrx_word' id='word_1_504' title='bbox 1635 3357 1729 3412; x_wconf 86' lang='grc' dir='ltr'>Ἐκ</span> <span class='ocrx_word' id='word_1_505' title='bbox 1766 3357 1911 3412; x_wconf 85' lang='grc' dir='ltr'>λίνου</span> <span class='ocrx_word' id='word_1_506' title='bbox 1944 3358 2002 3412; x_wconf 86' lang='grc' dir='ltr'>δὲ</span> 
     </span>
    </p>
   </div>
   <div class='ocr_carea' id='block_1_67' title="bbox 401 3447 2002 3523">
    <p class='ocr_par' dir='ltr' id='par_1_67' title="bbox 401 3447 2002 3523">
     <span class='ocr_line' id='line_1_68' title="bbox 401 3447 2002 3523; baseline 0.002 -22"><span class='ocrx_word' id='word_1_507' title='bbox 401 3447 503 3501; x_wconf 76' lang='grc' dir='ltr'>καὶ</span> <span class='ocrx_word' id='word_1_508' title='bbox 546 3447 752 3521; x_wconf 78' lang='grc' dir='ltr'>ἑτέρως</span> <span class='ocrx_word' id='word_1_509' title='bbox 786 3452 901 3514; x_wconf 85' lang='grc' dir='ltr'>τοῖς</span> <span class='ocrx_word' id='word_1_510' title='bbox 938 3449 1184 3523; x_wconf 79' lang='grc' dir='ltr'>ἱερᾶσθαι</span> <span class='ocrx_word' id='word_1_511' title='bbox 1231 3449 1513 3521; x_wconf 86' lang='grc' dir='ltr'>λαχοῦσιν,</span> <span class='ocrx_word' id='word_1_512' title='bbox 1564 3450 1749 3522; x_wconf 76' lang='grc' dir='ltr'>ἀμφιὰ</span> <span class='ocrx_word' id='word_1_513' title='bbox 1792 3467 1854 3506; x_wconf 84' lang='grc' dir='ltr'><strong>τε</strong></span> <span class='ocrx_word' id='word_1_514' title='bbox 1906 3451 2002 3505; x_wconf 74' lang='grc' dir='ltr'>καὶ</span> 
     </span>
    </p>
   </div>
   <div class='ocr_carea' id='block_1_68' title="bbox 401 3541 2003 3617">
    <p class='ocr_par' dir='ltr' id='par_1_68' title="bbox 401 3541 2003 3617">
     <span class='ocr_line' id='line_1_69' title="bbox 401 3541 2003 3617; baseline 0.004 -23"><span class='ocrx_word' id='word_1_515' title='bbox 401 3542 730 3615; x_wconf 74' lang='grc' dir='ltr'>περισκελῆ.</span> <span class='ocrx_word' id='word_1_516' title='bbox 762 3541 994 3616; x_wconf 85' lang='grc' dir='ltr'>Νεκρῶν</span> <span class='ocrx_word' id='word_1_517' title='bbox 1019 3542 1131 3613; x_wconf 79' lang='grc' dir='ltr'><strong>γὰρ</strong></span> <span class='ocrx_word' id='word_1_518' title='bbox 1170 3542 1351 3615; x_wconf 80' lang='grc' dir='ltr'>ἔργων</span> <span class='ocrx_word' id='word_1_519' title='bbox 1380 3545 1683 3617; x_wconf 63' lang='grc' dir='ltr'>ἀωφοιτᾷν</span> <span class='ocrx_word' id='word_1_520' title='bbox 1702 3546 2003 3614; x_wconf 84' lang='grc' dir='ltr'>ἀναγκαῖον</span> 
     </span>
    </p>
   </div>
   <div class='ocr_carea' id='block_1_69' title="bbox 400 3631 2004 3710">
    <p class='ocr_par' dir='ltr' id='par_1_69' title="bbox 400 3631 2004 3710">
     <span class='ocr_line' id='line_1_70' title="bbox 400 3631 2004 3710; baseline 0.004 -25"><span class='ocrx_word' id='word_1_521' title='bbox 400 3631 606 3699; x_wconf 72' lang='grc' dir='ltr'>αὐτούς</span> <span class='ocrx_word' id='word_1_522' title='bbox 625 3648 641 3664; x_wconf 75' lang='grc'><strong><em>⁸</em></strong></span> <span class='ocrx_word' id='word_1_523' title='bbox 669 3631 941 3705; x_wconf 77' lang='grc' dir='ltr'>σύμϐολον</span> <span class='ocrx_word' id='word_1_524' title='bbox 956 3633 1012 3687; x_wconf 85' lang='grc' dir='ltr'><strong>δέ</strong></span> <span class='ocrx_word' id='word_1_525' title='bbox 1035 3634 1363 3707; x_wconf 86' lang='grc' dir='ltr'>νεκρότητος</span> <span class='ocrx_word' id='word_1_526' title='bbox 1385 3634 1461 3698; x_wconf 84' lang='grc' dir='ltr'>ὡς</span> <span class='ocrx_word' id='word_1_527' title='bbox 1484 3637 1549 3689; x_wconf 85' lang='grc' dir='ltr'><strong>ἐκ</strong></span> <span class='ocrx_word' id='word_1_528' title='bbox 1576 3633 1878 3706; x_wconf 69' lang='grc' dir='ltr'>θνησειδίω</span> <span class='ocrx_word' id='word_1_529' title='bbox 1907 3637 2004 3710; x_wconf 83' lang='grc' dir='ltr'>λη-</span> 
     </span>
    </p>
   </div>
   <div class='ocr_carea' id='block_1_70' title="bbox 401 3724 1999 3801">
    <p class='ocr_par' dir='ltr' id='par_1_70' title="bbox 401 3724 1999 3801">
     <span class='ocr_line' id='line_1_71' title="bbox 401 3724 1999 3801; baseline 0.003 -22"><span class='ocrx_word' id='word_1_530' title='bbox 401 3724 565 3795; x_wconf 80' lang='grc' dir='ltr'>φθὲν,</span> <span class='ocrx_word' id='word_1_531' title='bbox 584 3725 730 3798; x_wconf 77' lang='grc' dir='ltr'>φημὶ</span> <span class='ocrx_word' id='word_1_532' title='bbox 750 3724 816 3799; x_wconf 82' lang='grc' dir='ltr'>δὴ</span> <span class='ocrx_word' id='word_1_533' title='bbox 847 3726 1139 3798; x_wconf 79' lang='grc' dir='ltr'>προὸἁτου.</span> <span class='ocrx_word' id='word_1_534' title='bbox 1161 3726 1394 3799; x_wconf 86' lang='grc' dir='ltr'>Νεκρῶν</span> <span class='ocrx_word' id='word_1_535' title='bbox 1405 3724 1501 3782; x_wconf 85' lang='grc' dir='ltr'>οὖν</span> <span class='ocrx_word' id='word_1_536' title='bbox 1523 3726 1702 3801; x_wconf 81' lang='grc' dir='ltr'>ἐργων</span> <span class='ocrx_word' id='word_1_537' title='bbox 1718 3729 1999 3796; x_wconf 82' lang='grc' dir='ltr'>ἀπόθεσις,</span> 
     </span>
    </p>
   </div>
   <div class='ocr_carea' id='block_1_71' title="bbox 398 3817 2006 3889">
    <p class='ocr_par' dir='ltr' id='par_1_71' title="bbox 398 3817 2006 3889">
     <span class='ocr_line' id='line_1_72' title="bbox 398 3817 2006 3889; baseline 0.002 -18"><span class='ocrx_word' id='word_1_538' title='bbox 398 3817 483 3882; x_wconf 80' lang='grc' dir='ltr'><strong>ὡς</strong></span> <span class='ocrx_word' id='word_1_539' title='bbox 517 3819 577 3871; x_wconf 88' lang='grc' dir='ltr'><strong>ἐν</strong></span> <span class='ocrx_word' id='word_1_540' title='bbox 626 3817 784 3889; x_wconf 80' lang='grc' dir='ltr'>τύπῳ</span> <span class='ocrx_word' id='word_1_541' title='bbox 819 3818 1004 3884; x_wconf 82' lang='grc' dir='ltr'>πάλιν,</span> <span class='ocrx_word' id='word_1_542' title='bbox 1048 3820 1112 3874; x_wconf 76' lang='grc' dir='ltr'>τὸ</span> <span class='ocrx_word' id='word_1_543' title='bbox 1147 3822 1262 3885; x_wconf 84' lang='grc' dir='ltr'>τοῖς</span> <span class='ocrx_word' id='word_1_544' title='bbox 1294 3821 1360 3875; x_wconf 91' lang='grc' dir='ltr'><strong>ἐκ</strong></span> <span class='ocrx_word' id='word_1_545' title='bbox 1401 3819 1547 3874; x_wconf 79' lang='grc' dir='ltr'>λίνου</span> <span class='ocrx_word' id='word_1_546' title='bbox 1589 3821 1872 3884; x_wconf 85' lang='grc' dir='ltr'>ἐστάλθαι,</span> <span class='ocrx_word' id='word_1_547' title='bbox 1906 3821 2006 3877; x_wconf 75' lang='grc' dir='ltr'>καὶ</span> 
     </span>
    </p>
   </div>
   <div class='ocr_carea' id='block_1_72' title="bbox 398 3909 2006 3983">
    <p class='ocr_par' dir='ltr' id='par_1_72' title="bbox 398 3909 2006 3983">
     <span class='ocr_line' id='line_1_73' title="bbox 398 3909 2006 3983; baseline 0 -19"><span class='ocrx_word' id='word_1_548' title='bbox 398 3909 529 3981; x_wconf 72' lang='grc' dir='ltr'>οὐχὶ</span> <span class='ocrx_word' id='word_1_549' title='bbox 557 3909 625 3981; x_wconf 81' lang='grc' dir='ltr'>δὴ</span> <span class='ocrx_word' id='word_1_550' title='bbox 659 3910 862 3983; x_wconf 81' lang='grc' dir='ltr'>μᾶλλον</span> <span class='ocrx_word' id='word_1_551' title='bbox 907 3912 1023 3974; x_wconf 85' lang='grc' dir='ltr'>τοῖς</span> <span class='ocrx_word' id='word_1_552' title='bbox 1051 3909 1111 3978; x_wconf 81' lang='grc' dir='ltr'>ἐξ</span> <span class='ocrx_word' id='word_1_553' title='bbox 1153 3911 1320 3981; x_wconf 82' lang='grc' dir='ltr'>ἐρίων</span> <span class='ocrx_word' id='word_1_554' title='bbox 1360 3910 1674 3983; x_wconf 65' lang='grc' dir='ltr'><strong>ἐσθήμασι⁹</strong></span> <span class='ocrx_word' id='word_1_555' title='bbox 1720 3912 1816 3965; x_wconf 78' lang='grc' dir='ltr'>καὶ</span> <span class='ocrx_word' id='word_1_556' title='bbox 1845 3911 2006 3964; x_wconf 85' lang='grc' dir='ltr'>τοῦτο</span> 
     </span>
    </p>
   </div>
   <div class='ocr_carea' id='block_1_73' title="bbox 400 4002 2008 4074">
    <p class='ocr_par' dir='ltr' id='par_1_73' title="bbox 400 4002 2008 4074">
     <span class='ocr_line' id='line_1_74' title="bbox 400 4002 2008 4074; baseline 0.001 -18"><span class='ocrx_word' id='word_1_557' title='bbox 400 4003 570 4073; x_wconf 77' lang='grc' dir='ltr'>νόμος</span> <span class='ocrx_word' id='word_1_558' title='bbox 595 4003 750 4074; x_wconf 80' lang='grc' dir='ltr'>ἆγιος</span> <span class='ocrx_word' id='word_1_559' title='bbox 775 4005 804 4057; x_wconf 83' lang='grc' dir='ltr'>ὁ</span> <span class='ocrx_word' id='word_1_560' title='bbox 832 4002 1109 4074; x_wconf 78' lang='grc' dir='ltr'>διηνεκὴς.</span> <span class='ocrx_word' id='word_1_561' title='bbox 1148 4002 1379 4074; x_wconf 71' lang='grc' dir='ltr'>Ἕψεται</span> <span class='ocrx_word' id='word_1_562' title='bbox 1405 4002 1464 4058; x_wconf 80' lang='grc' dir='ltr'>δὲ</span> <span class='ocrx_word' id='word_1_563' title='bbox 1498 4004 1582 4058; x_wconf 83' lang='grc' dir='ltr'>ὅτι</span> <span class='ocrx_word' id='word_1_564' title='bbox 1616 4004 1794 4072; x_wconf 80' lang='grc' dir='ltr'>πάντη</span> <span class='ocrx_word' id='word_1_565' title='bbox 1823 4022 1884 4059; x_wconf 91' lang='grc' dir='ltr'><strong>τε</strong></span> <span class='ocrx_word' id='word_1_566' title='bbox 1912 4005 2008 4058; x_wconf 73' lang='grc' dir='ltr'>καὶ</span> 
     </span>
    </p>
   </div>
   <div class='ocr_carea' id='block_1_74' title="bbox 402 4094 2003 4169">
    <p class='ocr_par' dir='ltr' id='par_1_74' title="bbox 402 4094 2003 4169">
     <span class='ocr_line' id='line_1_75' title="bbox 402 4094 2003 4169; baseline -0.002 -18"><span class='ocrx_word' id='word_1_567' title='bbox 402 4095 630 4161; x_wconf 84' lang='grc' dir='ltr'>πάντως</span> <span class='ocrx_word' id='word_1_568' title='bbox 649 4096 712 4151; x_wconf 80' lang='grc' dir='ltr'>τὸ</span> <span class='ocrx_word' id='word_1_569' title='bbox 732 4095 1055 4150; x_wconf 82' lang='grc' dir='ltr'>ἐκτεθνάναι</span> <span class='ocrx_word' id='word_1_570' title='bbox 1074 4095 1208 4161; x_wconf 83' lang='grc' dir='ltr'>δεῖν,</span> <span class='ocrx_word' id='word_1_571' title='bbox 1229 4094 1537 4169; x_wconf 76' lang='grc' dir='ltr'>ἠμεληκόσι</span> <span class='ocrx_word' id='word_1_572' title='bbox 1559 4096 1654 4150; x_wconf 90' lang='grc' dir='ltr'><strong>τοῦ</strong></span> <span class='ocrx_word' id='word_1_573' title='bbox 1676 4096 2003 4168; x_wconf 77' lang='grc' dir='ltr'>πρέποντος,</span> 
     </span>
    </p>
   </div>
   <div class='ocr_carea' id='block_1_75' title="bbox 400 4188 2008 4262">
    <p class='ocr_par' dir='ltr' id='par_1_75' title="bbox 400 4188 2008 4262">
     <span class='ocr_line' id='line_1_76' title="bbox 400 4188 2008 4262; baseline -0.002 -15"><span class='ocrx_word' id='word_1_574' title='bbox 400 4191 520 4247; x_wconf 80' lang='grc' dir='ltr'><strong>Καὶ</strong></span> <span class='ocrx_word' id='word_1_575' title='bbox 548 4191 649 4262; x_wconf 81' lang='grc' dir='ltr'>τῆς</span> <span class='ocrx_word' id='word_1_576' title='bbox 690 4190 777 4244; x_wconf 83' lang='grc' dir='ltr'>ὅτι</span> <span class='ocrx_word' id='word_1_577' title='bbox 810 4189 1048 4262; x_wconf 87' lang='grc' dir='ltr'>μάλιστα</span> <span class='ocrx_word' id='word_1_578' title='bbox 1076 4188 1398 4261; x_wconf 84' lang='grc' dir='ltr'>πρεπούσης</span> <span class='ocrx_word' id='word_1_579' title='bbox 1441 4188 1625 4253; x_wconf 77' lang='grc' dir='ltr'>αὐτοῖς</span> <span class='ocrx_word' id='word_1_580' title='bbox 1672 4190 2008 4260; x_wconf 78' lang='grc' dir='ltr'>εὐκοσμίας,</span> 
     </span>
    </p>
   </div>
   <div class='ocr_carea' id='block_1_76' title="bbox 398 4281 2003 4357">
    <p class='ocr_par' dir='ltr' id='par_1_76' title="bbox 398 4281 2003 4357">
     <span class='ocr_line' id='line_1_77' title="bbox 398 4281 2003 4357; baseline -0.003 -18"><span class='ocrx_word' id='word_1_581' title='bbox 398 4284 820 4357; x_wconf 82' lang='grc' dir='ltr'>διαμεμήνυκεν</span> <span class='ocrx_word' id='word_1_582' title='bbox 851 4281 1024 4337; x_wconf 74' lang='grc' dir='ltr'>εἰπὼν</span> <span class='ocrx_word' id='word_1_583' title='bbox 1047 4283 1076 4337; x_wconf 88' lang='grc' dir='ltr'><strong>ὅ</strong></span> <span class='ocrx_word' id='word_1_584' title='bbox 1097 4300 1151 4335; x_wconf 88' lang='grc' dir='ltr'><strong>τι</strong></span> <span class='ocrx_word' id='word_1_585' title='bbox 1197 4282 1305 4354; x_wconf 77' lang='grc' dir='ltr'>χρὴ</span> <span class='ocrx_word' id='word_1_586' title='bbox 1339 4281 1642 4354; x_wconf 79' lang='grc' dir='ltr'>φοροῦντας</span> <span class='ocrx_word' id='word_1_587' title='bbox 1675 4282 2003 4353; x_wconf 81' lang='grc' dir='ltr'>ίερουργεῖν’</span> 
     </span>
    </p>
   </div>
   <div class='ocr_carea' id='block_1_77' title="bbox 401 4372 2005 4447">
    <p class='ocr_par' dir='ltr' id='par_1_77' title="bbox 401 4372 2005 4447">
     <span class='ocr_line' id='line_1_78' title="bbox 401 4372 2005 4447; baseline -0.002 -16"><span class='ocrx_word' id='word_1_588' title='bbox 401 4377 521 4431; x_wconf 73' lang='grc' dir='ltr'><strong>Καὶ</strong></span> <span class='ocrx_word' id='word_1_589' title='bbox 547 4377 651 4431; x_wconf 76' lang='grc' dir='ltr'>οὐκ</span> <span class='ocrx_word' id='word_1_590' title='bbox 699 4374 1031 4442; x_wconf 80' lang='grc' dir='ltr'>ἐπάξονται,</span> <span class='ocrx_word' id='word_1_591' title='bbox 1068 4376 1236 4447; x_wconf 64' lang='grc' dir='ltr'>φησι,</span> <span class='ocrx_word' id='word_1_592' title='bbox 1269 4373 1408 4446; x_wconf 82' lang='grc' dir='ltr'>πρὸς</span> <span class='ocrx_word' id='word_1_593' title='bbox 1447 4372 1675 4437; x_wconf 77' lang='grc' dir='ltr'>ἑαυτοὺς</span> <span class='ocrx_word' id='word_1_594' title='bbox 1707 4374 2005 4446; x_wconf 79' lang='grc' dir='ltr'>ἁμαρτίαν,</span> 
     </span>
    </p>
   </div>
   <div class='ocr_carea' id='block_1_78' title="bbox 402 4465 1009 4538">
    <p class='ocr_par' dir='ltr' id='par_1_78' title="bbox 402 4465 1009 4538">
     <span class='ocr_line' id='line_1_79' title="bbox 402 4465 1009 4538; baseline 0 -17"><span class='ocrx_word' id='word_1_595' title='bbox 402 4467 496 4522; x_wconf 75' lang='grc' dir='ltr'>ἵνα</span> <span class='ocrx_word' id='word_1_596' title='bbox 526 4466 605 4538; x_wconf 77' lang='grc' dir='ltr'>μὴ</span> <span class='ocrx_word' id='word_1_597' title='bbox 634 4465 1009 4521; x_wconf 86' lang='grc' dir='ltr'>ἀποθάνωσιν.</span> 
     </span>
    </p>
   </div>
   <div class='ocr_carea' id='block_1_79' title="bbox 2109 3363 3712 3451">
    <p class='ocr_par' dir='ltr' id='par_1_79' title="bbox 2109 3363 3712 3451">
     <span class='ocr_line' id='line_1_80' title="bbox 2109 3363 3712 3451; baseline 0.012 -35"><span class='ocrx_word' id='word_1_598' title='bbox 2109 3363 2457 3434; x_wconf 79' lang='lat' dir='ltr'><strong>voluptatum</strong></span> <span class='ocrx_word' id='word_1_599' title='bbox 2484 3367 2720 3425; x_wconf 76' lang='lat' dir='ltr'><strong>maxime</strong></span> <span class='ocrx_word' id='word_1_600' title='bbox 2745 3369 2946 3428; x_wconf 88' lang='lat' dir='ltr'><strong>decere</strong></span> <span class='ocrx_word' id='word_1_601' title='bbox 2989 3383 3211 3432; x_wconf 86' lang='lat' dir='ltr'><strong>sanctos</strong></span> <span class='ocrx_word' id='word_1_602' title='bbox 3246 3395 3258 3431; x_wconf 93' lang='lat'><strong>:</strong></span> <span class='ocrx_word' id='word_1_603' title='bbox 3295 3377 3443 3434; x_wconf 86' lang='lat' dir='ltr'><strong>linea</strong></span> <span class='ocrx_word' id='word_1_604' title='bbox 3473 3395 3712 3451; x_wconf 84' lang='lat' dir='ltr'><strong>namque</strong></span> 
     </span>
    </p>
   </div>
   <div class='ocr_carea' id='block_1_80' title="bbox 2106 3458 3714 3546">
    <p class='ocr_par' dir='ltr' id='par_1_80' title="bbox 2106 3458 3714 3546">
     <span class='ocr_line' id='line_1_81' title="bbox 2106 3458 3714 3546; baseline 0.012 -34"><span class='ocrx_word' id='word_1_605' title='bbox 2106 3458 2279 3513; x_wconf 79' lang='lat' dir='ltr'><strong>vestis</strong></span> <span class='ocrx_word' id='word_1_606' title='bbox 2306 3459 2505 3532; x_wconf 84' lang='lat' dir='ltr'><strong>frigida</strong></span> <span class='ocrx_word' id='word_1_607' title='bbox 2538 3470 2641 3518; x_wconf 88' lang='lat' dir='ltr'><strong>est.</strong></span> <span class='ocrx_word' id='word_1_608' title='bbox 2670 3464 2878 3523; x_wconf 84' lang='lat' dir='ltr'><strong>Fervor</strong></span> <span class='ocrx_word' id='word_1_609' title='bbox 2893 3479 3080 3525; x_wconf 89' lang='lat' dir='ltr'><strong>autem</strong></span> <span class='ocrx_word' id='word_1_610' title='bbox 3109 3471 3223 3538; x_wconf 89' lang='lat' dir='ltr'><strong>ille,</strong></span> <span class='ocrx_word' id='word_1_611' title='bbox 3241 3488 3354 3544; x_wconf 91' lang='lat' dir='ltr'><strong>quo</strong></span> <span class='ocrx_word' id='word_1_612' title='bbox 3383 3475 3714 3546; x_wconf 78' lang='lat' dir='ltr'><strong>turpissima:</strong></span> 
     </span>
    </p>
   </div>
   <div class='ocr_carea' id='block_1_81' title="bbox 2107 3551 3714 3638">
    <p class='ocr_par' dir='ltr' id='par_1_81' title="bbox 2107 3551 3714 3638">
     <span class='ocr_line' id='line_1_82' title="bbox 2107 3551 3714 3638; baseline 0.012 -35"><span class='ocrx_word' id='word_1_613' title='bbox 2107 3551 2475 3620; x_wconf 88' lang='lat' dir='ltr'><strong>appetitiones</strong></span> <span class='ocrx_word' id='word_1_614' title='bbox 2520 3557 2855 3627; x_wconf 71' lang='lat' dir='ltr'><strong>excitantur,</strong></span> <span class='ocrx_word' id='word_1_615' title='bbox 2883 3562 2957 3618; x_wconf 88' lang='lat' dir='ltr'><strong>ab</strong></span> <span class='ocrx_word' id='word_1_616' title='bbox 3006 3580 3345 3638; x_wconf 90' lang='lat' dir='ltr'><strong>unoquoque</strong></span> <span class='ocrx_word' id='word_1_617' title='bbox 3373 3568 3495 3625; x_wconf 84' lang='lat' dir='ltr'><strong>viro</strong></span> <span class='ocrx_word' id='word_1_618' title='bbox 3522 3581 3714 3626; x_wconf 80' lang='lat' dir='ltr'><strong>sancto</strong></span> 
     </span>
    </p>
   </div>
   <div class='ocr_carea' id='block_1_82' title="bbox 2106 3644 3715 3730">
    <p class='ocr_par' dir='ltr' id='par_1_82' title="bbox 2106 3644 3715 3730">
     <span class='ocr_line' id='line_1_83' title="bbox 2106 3644 3715 3730; baseline 0.013 -35"><span class='ocrx_word' id='word_1_619' title='bbox 2106 3650 2193 3696; x_wconf 85' lang='lat' dir='ltr'><strong>est</strong></span> <span class='ocrx_word' id='word_1_620' title='bbox 2240 3644 2475 3703; x_wconf 89' lang='lat' dir='ltr'><strong>alienus.</strong></span> <span class='ocrx_word' id='word_1_621' title='bbox 2519 3648 2640 3706; x_wconf 88' lang='lat' dir='ltr'><strong>Alia</strong></span> <span class='ocrx_word' id='word_1_622' title='bbox 2678 3668 2900 3724; x_wconf 86' lang='lat' dir='ltr'><strong>quoque</strong></span> <span class='ocrx_word' id='word_1_623' title='bbox 2944 3656 3180 3723; x_wconf 89' lang='lat' dir='ltr'><strong>ratione,</strong></span> <span class='ocrx_word' id='word_1_624' title='bbox 3226 3659 3320 3730; x_wconf 90' lang='lat' dir='ltr'><strong>qui</strong></span> <span class='ocrx_word' id='word_1_625' title='bbox 3372 3662 3715 3717; x_wconf 77' lang='lat' dir='ltr'><strong>sacerdotale</strong></span> 
     </span>
    </p>
   </div>
   <div class='ocr_carea' id='block_1_83' title="bbox 2106 3740 3713 3811">
    <p class='ocr_par' dir='ltr' id='par_1_83' title="bbox 2106 3740 3713 3811">
     <span class='ocr_line' id='line_1_84' title="bbox 2106 3740 3713 3811; baseline 0.015 -24"><span class='ocrx_word' id='word_1_626' title='bbox 2106 3747 2311 3791; x_wconf 88' lang='lat' dir='ltr'><strong>munus</strong></span> <span class='ocrx_word' id='word_1_627' title='bbox 2339 3740 2521 3795; x_wconf 82' lang='lat' dir='ltr'><strong>sortiti</strong></span> <span class='ocrx_word' id='word_1_628' title='bbox 2554 3751 2704 3808; x_wconf 87' lang='lat' dir='ltr'><strong>sunt,</strong></span> <span class='ocrx_word' id='word_1_629' title='bbox 2721 3759 2919 3802; x_wconf 88' lang='lat' dir='ltr'><strong>eorum</strong></span> <span class='ocrx_word' id='word_1_630' title='bbox 2958 3756 3017 3803; x_wconf 91' lang='lat' dir='ltr'><strong>et</strong></span> <span class='ocrx_word' id='word_1_631' title='bbox 3036 3758 3221 3805; x_wconf 81' lang='lat' dir='ltr'><strong>vestes</strong></span> <span class='ocrx_word' id='word_1_632' title='bbox 3252 3759 3309 3806; x_wconf 88' lang='lat' dir='ltr'><strong>et</strong></span> <span class='ocrx_word' id='word_1_633' title='bbox 3334 3751 3619 3810; x_wconf 85' lang='lat' dir='ltr'><strong>femoralia</strong></span> <span class='ocrx_word' id='word_1_634' title='bbox 3645 3773 3713 3811; x_wconf 80' lang='lat' dir='ltr'><strong>cx</strong></span> 
     </span>
    </p>
   </div>
   <div class='ocr_carea' id='block_1_84' title="bbox 2105 3823 3714 3911">
    <p class='ocr_par' dir='ltr' id='par_1_84' title="bbox 2105 3823 3714 3911">
     <span class='ocr_line' id='line_1_85' title="bbox 2105 3823 3714 3911; baseline 0.016 -33"><span class='ocrx_word' id='word_1_635' title='bbox 2105 3823 2224 3879; x_wconf 90' lang='lat' dir='ltr'><strong>lino</strong></span> <span class='ocrx_word' id='word_1_636' title='bbox 2254 3826 2430 3894; x_wconf 80' lang='lat' dir='ltr'><strong>ﬁunt;</strong></span> <span class='ocrx_word' id='word_1_637' title='bbox 2459 3831 2666 3887; x_wconf 88' lang='lat' dir='ltr'><strong>etenim</strong></span> <span class='ocrx_word' id='word_1_638' title='bbox 2689 3833 2813 3894; x_wconf 85' lang='lat' dir='ltr'><strong>illos</strong></span> <span class='ocrx_word' id='word_1_639' title='bbox 2849 3852 2881 3893; x_wconf 87' lang='lat' dir='ltr'><strong>a</strong></span> <span class='ocrx_word' id='word_1_640' title='bbox 2904 3839 3141 3895; x_wconf 89' lang='lat' dir='ltr'><strong>mortuis</strong></span> <span class='ocrx_word' id='word_1_641' title='bbox 3161 3842 3428 3911; x_wconf 88' lang='lat' dir='ltr'><strong>operibus</strong></span> <span class='ocrx_word' id='word_1_642' title='bbox 3455 3846 3714 3904; x_wconf 86' lang='lat' dir='ltr'><strong>recedere</strong></span> 
     </span>
    </p>
   </div>
   <div class='ocr_carea' id='block_1_85' title="bbox 2105 3925 3713 4009">
    <p class='ocr_par' dir='ltr' id='par_1_85' title="bbox 2105 3925 3713 4009">
     <span class='ocr_line' id='line_1_86' title="bbox 2105 3925 3713 4009; baseline 0.016 -37"><span class='ocrx_word' id='word_1_643' title='bbox 2105 3933 2334 3976; x_wconf 85' lang='lat' dir='ltr'><strong>necesse</strong></span> <span class='ocrx_word' id='word_1_644' title='bbox 2377 3931 2497 3999; x_wconf 82' lang='lat' dir='ltr'><strong>est;</strong></span> <span class='ocrx_word' id='word_1_645' title='bbox 2550 3925 2768 3995; x_wconf 86' lang='lat' dir='ltr'><strong>signum</strong></span> <span class='ocrx_word' id='word_1_646' title='bbox 2813 3940 3000 3986; x_wconf 86' lang='lat' dir='ltr'><strong>autem</strong></span> <span class='ocrx_word' id='word_1_647' title='bbox 3040 3935 3397 3991; x_wconf 83' lang='lat' dir='ltr'><strong>mortalitatis</strong></span> <span class='ocrx_word' id='word_1_648' title='bbox 3422 3947 3528 4003; x_wconf 88' lang='lat' dir='ltr'><strong>est,</strong></span> <span class='ocrx_word' id='word_1_649' title='bbox 3560 3942 3713 4009; x_wconf 80' lang='lat' dir='ltr'><strong>quod</strong></span> 
     </span>
    </p>
   </div>
   <div class='ocr_carea' id='block_1_86' title="bbox 2107 4016 3713 4098">
    <p class='ocr_par' dir='ltr' id='par_1_86' title="bbox 2107 4016 3713 4098">
     <span class='ocr_line' id='line_1_87' title="bbox 2107 4016 3713 4098; baseline 0.016 -35"><span class='ocrx_word' id='word_1_650' title='bbox 2107 4024 2175 4064; x_wconf 83' lang='lat' dir='ltr'><strong>ex</strong></span> <span class='ocrx_word' id='word_1_651' title='bbox 2204 4025 2437 4081; x_wconf 88' lang='lat' dir='ltr'><strong>corpore</strong></span> <span class='ocrx_word' id='word_1_652' title='bbox 2464 4016 2737 4073; x_wconf 91' lang='lat' dir='ltr'><strong>morituro</strong></span> <span class='ocrx_word' id='word_1_653' title='bbox 2767 4021 3028 4087; x_wconf 87' lang='lat' dir='ltr'><strong>sumitur,</strong></span> <span class='ocrx_word' id='word_1_654' title='bbox 3057 4038 3125 4078; x_wconf 75' lang='lat' dir='ltr'><strong>ex</strong></span> <span class='ocrx_word' id='word_1_655' title='bbox 3147 4040 3269 4090; x_wconf 84' lang='lat' dir='ltr'><strong>ove,</strong></span> <span class='ocrx_word' id='word_1_656' title='bbox 3301 4026 3546 4098; x_wconf 90' lang='lat' dir='ltr'><strong>inquam.</strong></span> <span class='ocrx_word' id='word_1_657' title='bbox 3579 4032 3713 4088; x_wconf 85' lang='lat' dir='ltr'><strong>Esse</strong></span> 
     </span>
    </p>
   </div>
   <div class='ocr_carea' id='block_1_87' title="bbox 2107 4098 3712 4194">
    <p class='ocr_par' dir='ltr' id='par_1_87' title="bbox 2107 4098 3712 4194">
     <span class='ocr_line' id='line_1_88' title="bbox 2107 4098 3712 4194; baseline 0.015 -39"><span class='ocrx_word' id='word_1_658' title='bbox 2107 4100 2280 4172; x_wconf 82' lang='lat' dir='ltr'><strong>igitur</strong></span> <span class='ocrx_word' id='word_1_659' title='bbox 2319 4104 2503 4171; x_wconf 89' lang='lat' dir='ltr'><strong>lineis,</strong></span> <span class='ocrx_word' id='word_1_660' title='bbox 2543 4123 2656 4164; x_wconf 91' lang='lat' dir='ltr'><strong>non</strong></span> <span class='ocrx_word' id='word_1_661' title='bbox 2690 4109 2867 4166; x_wconf 84' lang='lat' dir='ltr'><strong>laneis</strong></span> <span class='ocrx_word' id='word_1_662' title='bbox 2898 4114 3148 4170; x_wconf 88' lang='lat' dir='ltr'><strong>vestibus</strong></span> <span class='ocrx_word' id='word_1_663' title='bbox 3174 4098 3451 4184; x_wconf 83' lang='lat' dir='ltr'><strong>indutum,</strong></span> <span class='ocrx_word' id='word_1_664' title='bbox 3482 4120 3712 4194; x_wconf 84' lang='lat' dir='ltr'><strong>ﬁgurate</strong></span> 
     </span>
    </p>
   </div>
   <div class='ocr_carea' id='block_1_88' title="bbox 2109 4195 3716 4282">
    <p class='ocr_par' dir='ltr' id='par_1_88' title="bbox 2109 4195 3716 4282">
     <span class='ocr_line' id='line_1_89' title="bbox 2109 4195 3716 4282; baseline 0.016 -34"><span class='ocrx_word' id='word_1_665' title='bbox 2109 4195 2404 4263; x_wconf 78' lang='lat' dir='ltr'><strong>signiﬁcat,</strong></span> <span class='ocrx_word' id='word_1_666' title='bbox 2433 4214 2603 4269; x_wconf 85' lang='lat' dir='ltr'><strong>opera</strong></span> <span class='ocrx_word' id='word_1_667' title='bbox 2642 4210 2864 4260; x_wconf 88' lang='lat' dir='ltr'><strong>mortua</strong></span> <span class='ocrx_word' id='word_1_668' title='bbox 2892 4205 3171 4276; x_wconf 89' lang='lat' dir='ltr'><strong>deponere</strong></span> <span class='ocrx_word' id='word_1_669' title='bbox 3197 4227 3212 4263; x_wconf 86' lang='lat'>:</span> <span class='ocrx_word' id='word_1_670' title='bbox 3239 4224 3412 4282; x_wconf 90' lang='lat' dir='ltr'><strong>eaque</strong></span> <span class='ocrx_word' id='word_1_671' title='bbox 3439 4213 3528 4270; x_wconf 75' lang='lat' dir='ltr'><strong>lex</strong></span> <span class='ocrx_word' id='word_1_672' title='bbox 3556 4232 3716 4273; x_wconf 87' lang='lat' dir='ltr'><strong>sane-</strong></span> 
     </span>
    </p>
   </div>
   <div class='ocr_carea' id='block_1_89' title="bbox 2109 4296 3713 4375">
    <p class='ocr_par' dir='ltr' id='par_1_89' title="bbox 2109 4296 3713 4375">
     <span class='ocr_line' id='line_1_90' title="bbox 2109 4296 3713 4375; baseline 0.015 -33"><span class='ocrx_word' id='word_1_673' title='bbox 2109 4296 2165 4343; x_wconf 92' lang='lat' dir='ltr'><strong>ta</strong></span> <span class='ocrx_word' id='word_1_674' title='bbox 2193 4297 2279 4344; x_wconf 88' lang='lat' dir='ltr'><strong>est</strong></span> <span class='ocrx_word' id='word_1_675' title='bbox 2333 4298 2502 4361; x_wconf 91' lang='lat' dir='ltr'><strong>atque</strong></span> <span class='ocrx_word' id='word_1_676' title='bbox 2555 4305 2843 4366; x_wconf 88' lang='lat' dir='ltr'><strong>perpetua.</strong></span> <span class='ocrx_word' id='word_1_677' title='bbox 2901 4299 3042 4356; x_wconf 88' lang='lat' dir='ltr'><strong>Fore</strong></span> <span class='ocrx_word' id='word_1_678' title='bbox 3071 4308 3259 4358; x_wconf 89' lang='lat' dir='ltr'><strong>autem</strong></span> <span class='ocrx_word' id='word_1_679' title='bbox 3300 4307 3529 4363; x_wconf 88' lang='lat' dir='ltr'><strong>omnino</strong></span> <span class='ocrx_word' id='word_1_680' title='bbox 3556 4316 3637 4375; x_wconf 88' lang='lat' dir='ltr'><strong>ut,</strong></span> <span class='ocrx_word' id='word_1_681' title='bbox 3664 4311 3713 4365; x_wconf 90' lang='lat' dir='ltr'><strong>si</strong></span> 
     </span>
    </p>
   </div>
   <div class='ocr_carea' id='block_1_90' title="bbox 2108 4381 3712 4467">
    <p class='ocr_par' dir='ltr' id='par_1_90' title="bbox 2108 4381 3712 4467">
     <span class='ocr_line' id='line_1_91' title="bbox 2108 4381 3712 4467; baseline 0.014 -34"><span class='ocrx_word' id='word_1_682' title='bbox 2108 4381 2249 4450; x_wconf 86' lang='lat' dir='ltr'><strong>ejus,</strong></span> <span class='ocrx_word' id='word_1_683' title='bbox 2270 4382 2417 4451; x_wconf 91' lang='lat' dir='ltr'><strong>quod</strong></span> <span class='ocrx_word' id='word_1_684' title='bbox 2455 4383 2671 4451; x_wconf 87' lang='lat' dir='ltr'><strong>deceat,</strong></span> <span class='ocrx_word' id='word_1_685' title='bbox 2698 4397 2864 4459; x_wconf 89' lang='lat' dir='ltr'><strong>atque</strong></span> <span class='ocrx_word' id='word_1_686' title='bbox 2885 4391 3214 4460; x_wconf 86' lang='lat' dir='ltr'><strong>honestatis,</strong></span> <span class='ocrx_word' id='word_1_687' title='bbox 3246 4411 3369 4467; x_wconf 77' lang='lat' dir='ltr'><strong>quae</strong></span> <span class='ocrx_word' id='word_1_688' title='bbox 3400 4397 3509 4454; x_wconf 91' lang='lat' dir='ltr'><strong>illis</strong></span> <span class='ocrx_word' id='word_1_689' title='bbox 3537 4403 3712 4456; x_wconf 80' lang='lat' dir='ltr'><strong>maxi-</strong></span> 
     </span>
    </p>
   </div>
   <div class='ocr_carea' id='block_1_91' title="bbox 2111 4475 3714 4561">
    <p class='ocr_par' dir='ltr' id='par_1_91' title="bbox 2111 4475 3714 4561">
     <span class='ocr_line' id='line_1_92' title="bbox 2111 4475 3714 4561; baseline 0.016 -36"><span class='ocrx_word' id='word_1_690' title='bbox 2111 4487 2199 4526; x_wconf 91' lang='lat' dir='ltr'><strong>me</strong></span> <span class='ocrx_word' id='word_1_691' title='bbox 2226 4475 2507 4542; x_wconf 81' lang='lat' dir='ltr'><strong>convenit,</strong></span> <span class='ocrx_word' id='word_1_692' title='bbox 2531 4480 2871 4551; x_wconf 88' lang='lat' dir='ltr'><strong>negligentes</strong></span> <span class='ocrx_word' id='word_1_693' title='bbox 2892 4484 3023 4551; x_wconf 85' lang='lat' dir='ltr'><strong>sint,</strong></span> <span class='ocrx_word' id='word_1_694' title='bbox 3048 4500 3145 4542; x_wconf 90' lang='lat' dir='ltr'><strong>eos</strong></span> <span class='ocrx_word' id='word_1_695' title='bbox 3175 4489 3368 4545; x_wconf 88' lang='lat' dir='ltr'><strong>mortis</strong></span> <span class='ocrx_word' id='word_1_696' title='bbox 3393 4506 3554 4561; x_wconf 64' lang='lat' dir='ltr'><strong>poena</strong></span> <span class='ocrx_word' id='word_1_697' title='bbox 3577 4510 3714 4549; x_wconf 81' lang='lat' dir='ltr'><strong>cor.-</strong></span> 
     </span>
    </p>
   </div>
   <div class='ocr_carea' id='block_1_92' title="bbox 395 4555 3715 4658">
    <p class='ocr_par' dir='ltr' id='par_1_92' title="bbox 395 4555 3715 4658">
     <span class='ocr_line' id='line_1_93' title="bbox 395 4555 3715 4658; baseline 0.008 -42"><span class='ocrx_word' id='word_1_698' title='bbox 395 4564 694 4628; x_wconf 66' lang='lat' dir='ltr'><strong>seQuatur,</strong></span> <span class='ocrx_word' id='word_1_699' title='bbox 723 4557 1011 4625; x_wconf 85' lang='lat' dir='ltr'><strong>indicavit,</strong></span> <span class='ocrx_word' id='word_1_700' title='bbox 1040 4573 1166 4614; x_wconf 89' lang='lat' dir='ltr'><strong>cum</strong></span> <span class='ocrx_word' id='word_1_701' title='bbox 1212 4557 1376 4623; x_wconf 84' lang='lat' dir='ltr'><strong>dixit,</strong></span> <span class='ocrx_word' id='word_1_702' title='bbox 1407 4555 1634 4614; x_wconf 87' lang='lat' dir='ltr'><strong>indutos</strong></span> <span class='ocrx_word' id='word_1_703' title='bbox 1692 4574 1757 4615; x_wconf 88' lang='lat' dir='ltr'><strong>ea</strong></span> <span class='ocrx_word' id='word_1_704' title='bbox 1787 4566 1945 4616; x_wconf 82' lang='lat' dir='ltr'><strong>veste</strong></span> <span class='ocrx_word' id='word_1_705' title='bbox 2006 4564 2331 4623; x_wconf 86' lang='lat' dir='ltr'><strong>sacriﬁcare</strong></span> <span class='ocrx_word' id='word_1_706' title='bbox 2389 4579 2691 4640; x_wconf 89' lang='lat' dir='ltr'><strong>oportere:</strong></span> <span class='ocrx_word' id='word_1_707' title='bbox 2724 4574 2796 4632; x_wconf 87' lang='lat' dir='ltr'><strong>Et</strong></span> <span class='ocrx_word' id='word_1_708' title='bbox 2845 4594 2957 4635; x_wconf 90' lang='lat' dir='ltr'><strong>non</strong></span> <span class='ocrx_word' id='word_1_709' title='bbox 3010 4580 3296 4649; x_wconf 87' lang='lat' dir='ltr'><strong>inducent,</strong></span> <span class='ocrx_word' id='word_1_710' title='bbox 3367 4555 3569 4658; x_wconf 78' lang='lat' dir='ltr'><strong>inquit,</strong></span> <span class='ocrx_word' id='word_1_711' title='bbox 3606 4589 3715 4644; x_wconf 88' lang='lat' dir='ltr'><strong>sil.i</strong></span> 
     </span>
    </p>
   </div>
   <div class='ocr_carea' id='block_1_93' title="bbox 399 4648 1349 4727">
    <p class='ocr_par' dir='ltr' id='par_1_93' title="bbox 399 4648 1349 4727">
     <span class='ocr_line' id='line_1_94' title="bbox 399 4648 1349 4727; baseline 0 -21"><span class='ocrx_word' id='word_1_712' title='bbox 399 4648 547 4721; x_wconf 81' lang='lat' dir='ltr'><strong>ipsis</strong></span> <span class='ocrx_word' id='word_1_713' title='bbox 570 4658 881 4721; x_wconf 89' lang='lat' dir='ltr'><strong>peccatum,</strong></span> <span class='ocrx_word' id='word_1_714' title='bbox 909 4667 981 4706; x_wconf 90' lang='lat' dir='ltr'><strong>ne</strong></span> <span class='ocrx_word' id='word_1_715' title='bbox 1016 4650 1349 4727; x_wconf 87' lang='lat' dir='ltr'><strong>moriantur.</strong></span> 
     </span>
    </p>
   </div>
   <div class='ocr_carea' id='block_1_94' title="bbox 477 4724 2005 4849">
    <p class='ocr_par' dir='ltr' id='par_1_94' title="bbox 477 4724 2005 4849">
     <span class='ocr_line' id='line_1_95' title="bbox 477 4724 2005 4849; baseline 0.004 -54"><span class='ocrx_word' id='word_1_716' title='bbox 477 4742 691 4798; x_wconf 77' lang='lat' dir='ltr'><strong>HAAA.</strong></span> <span class='ocrx_word' id='word_1_717' title='bbox 755 4741 1029 4814; x_wconf 76' lang='grc' dir='ltr'>Ἀσφαλὴς</span> <span class='ocrx_word' id='word_1_718' title='bbox 1049 4724 1079 4796; x_wconf 70' lang='grc' dir='ltr'><strong>ὃ</strong></span> <span class='ocrx_word' id='word_1_719' title='bbox 1097 4742 1261 4814; x_wconf 89' lang='grc' dir='ltr'>νόμος</span> <span class='ocrx_word' id='word_1_720' title='bbox 1284 4742 1347 4795; x_wconf 83' lang='grc' dir='ltr'>τὸ</span> <span class='ocrx_word' id='word_1_721' title='bbox 1373 4724 1593 4849; x_wconf 53' lang='grc' dir='ltr'>ἑκάστῳ</span> <span class='ocrx_word' id='word_1_722' title='bbox 1634 4741 1915 4810; x_wconf 83' lang='grc' dir='ltr'>λυσιτελὲς</span> <span class='ocrx_word' id='word_1_723' title='bbox 1946 4744 2005 4801; x_wconf 81' lang='grc' dir='ltr'>εὖ</span> 
     </span>
    </p>
   </div>
   <div class='ocr_carea' id='block_1_95' title="bbox 2111 4724 3716 4849">
    <p class='ocr_par' dir='ltr' id='par_1_95' title="bbox 2188 4754 3716 4849">
     <span class='ocr_line' id='line_1_96' title="bbox 2188 4754 3716 4849; baseline 0.016 -40"><span class='ocrx_word' id='word_1_724' title='bbox 2188 4754 2386 4849; x_wconf 76' lang='lat' dir='ltr'><strong>PALL.</strong></span> <span class='ocrx_word' id='word_1_725' title='bbox 2414 4756 2589 4815; x_wconf 88' lang='lat' dir='ltr'><strong>Cauta</strong></span> <span class='ocrx_word' id='word_1_726' title='bbox 2619 4775 2684 4817; x_wconf 89' lang='lat' dir='ltr'><strong>ac</strong></span> <span class='ocrx_word' id='word_1_727' title='bbox 2700 4763 2932 4833; x_wconf 77' lang='lat' dir='ltr'><strong>prorida</strong></span> <span class='ocrx_word' id='word_1_728' title='bbox 2955 4765 3043 4823; x_wconf 77' lang='lat' dir='ltr'><strong>lex</strong></span> <span class='ocrx_word' id='word_1_729' title='bbox 3067 4776 3171 4834; x_wconf 86' lang='lat' dir='ltr'><strong>est,</strong></span> <span class='ocrx_word' id='word_1_730' title='bbox 3192 4786 3338 4837; x_wconf 89' lang='lat' dir='ltr'><strong>eum,</strong></span> <span class='ocrx_word' id='word_1_731' title='bbox 3363 4774 3496 4845; x_wconf 89' lang='lat' dir='ltr'><strong>quid</strong></span> <span class='ocrx_word' id='word_1_732' title='bbox 3515 4778 3716 4849; x_wconf 74' lang='lat' dir='ltr'><strong>cuique</strong></span> 
     </span>
    </p>
   </div>
   <div class='ocr_carea' id='block_1_96' title="bbox 403 4825 2005 4909">
    <p class='ocr_par' dir='ltr' id='par_1_96' title="bbox 403 4825 2005 4909">
     <span class='ocr_line' id='line_1_97' title="bbox 403 4825 2005 4909; baseline 0.004 -23"><span class='ocrx_word' id='word_1_733' title='bbox 403 4831 560 4905; x_wconf 86' lang='grc' dir='ltr'>μάλα</span> <span class='ocrx_word' id='word_1_734' title='bbox 590 4830 954 4896; x_wconf 80' lang='grc' dir='ltr'>καταδεικνὺς</span> <span class='ocrx_word' id='word_1_735' title='bbox 975 4871 991 4894; x_wconf 90' lang='grc'><strong>,</strong></span> <span class='ocrx_word' id='word_1_736' title='bbox 1039 4832 1137 4887; x_wconf 75' lang='grc' dir='ltr'>καὶ</span> <span class='ocrx_word' id='word_1_737' title='bbox 1172 4834 1241 4888; x_wconf 81' lang='grc' dir='ltr'><strong>τά</strong></span> <span class='ocrx_word' id='word_1_738' title='bbox 1273 4832 1342 4886; x_wconf 85' lang='grc' dir='ltr'><strong>δι’</strong></span> <span class='ocrx_word' id='word_1_739' title='bbox 1371 4825 1447 4888; x_wconf 82' lang='grc' dir='ltr'>ὧν</span> <span class='ocrx_word' id='word_1_740' title='bbox 1473 4833 1674 4905; x_wconf 81' lang='grc' dir='ltr'>ἄριστα</span> <span class='ocrx_word' id='word_1_741' title='bbox 1713 4833 1828 4906; x_wconf 75' lang='grc' dir='ltr'>ἔχοι</span> <span class='ocrx_word' id='word_1_742' title='bbox 1857 4838 2005 4909; x_wconf 74' lang='grc' dir='ltr'>σαφῆ</span> 
     </span>
    </p>
   </div>
   <div class='ocr_carea' id='block_1_97' title="bbox 400 4925 694 4990">
    <p class='ocr_par' dir='ltr' id='par_1_97' title="bbox 400 4925 694 4990">
     <span class='ocr_line' id='line_1_98' title="bbox 400 4925 694 4990; baseline 0 -9"><span class='ocrx_word' id='word_1_743' title='bbox 400 4925 694 4990; x_wconf 87' lang='grc' dir='ltr'>καθιστάς.</span> 
     </span>
    </p>
   </div>
   <div class='ocr_carea' id='block_1_98' title="bbox 475 5008 2008 5097">
    <p class='ocr_par' dir='ltr' id='par_1_98' title="bbox 475 5008 2008 5097">
     <span class='ocr_line' id='line_1_99' title="bbox 475 5008 2008 5097; baseline 0.005 -26"><span class='ocrx_word' id='word_1_744' title='bbox 475 5017 647 5072; x_wconf 84' lang='grc' dir='ltr'><strong>ΚΥΡ.</strong></span> <span class='ocrx_word' id='word_1_745' title='bbox 682 5008 815 5072; x_wconf 75' lang='grc' dir='ltr'>Ὧδε</span> <span class='ocrx_word' id='word_1_746' title='bbox 839 5017 974 5090; x_wconf 80' lang='grc' dir='ltr'>ἔχει·</span> <span class='ocrx_word' id='word_1_747' title='bbox 1005 5018 1102 5073; x_wconf 79' lang='grc' dir='ltr'>καὶ</span> <span class='ocrx_word' id='word_1_748' title='bbox 1140 5019 1300 5091; x_wconf 80' lang='grc' dir='ltr'>στολῇ</span> <span class='ocrx_word' id='word_1_749' title='bbox 1335 5020 1434 5090; x_wconf 75' lang='grc' dir='ltr'>μὲν</span> <span class='ocrx_word' id='word_1_750' title='bbox 1470 5022 1538 5093; x_wconf 79' lang='grc' dir='ltr'><strong>τῇ</strong></span> <span class='ocrx_word' id='word_1_751' title='bbox 1564 5021 1743 5094; x_wconf 81' lang='grc' dir='ltr'>τοιᾷδε</span> <span class='ocrx_word' id='word_1_752' title='bbox 1768 5021 1832 5077; x_wconf 80' lang='grc' dir='ltr'>τὸ</span> <span class='ocrx_word' id='word_1_753' title='bbox 1864 5024 2008 5097; x_wconf 77' lang='grc' dir='ltr'>ἱερὸν</span> 
     </span>
    </p>
   </div>
   <div class='ocr_carea' id='block_1_99' title="bbox 398 5109 2009 5183">
    <p class='ocr_par' dir='ltr' id='par_1_99' title="bbox 398 5109 2009 5183">
     <span class='ocr_line' id='line_1_100' title="bbox 398 5109 2009 5183; baseline 0.003 -18"><span class='ocrx_word' id='word_1_754' title='bbox 398 5110 504 5165; x_wconf 72' lang='grc' dir='ltr'><strong>καὶ</strong></span> <span class='ocrx_word' id='word_1_755' title='bbox 561 5109 866 5165; x_wconf 85' lang='grc' dir='ltr'>ἀπόλεκτον</span> <span class='ocrx_word' id='word_1_756' title='bbox 913 5111 1314 5166; x_wconf 81' lang='grc' dir='ltr'>κατακαλλύνει</span> <span class='ocrx_word' id='word_1_757' title='bbox 1346 5113 1522 5181; x_wconf 81' lang='grc' dir='ltr'>γένος,</span> <span class='ocrx_word' id='word_1_758' title='bbox 1561 5114 1778 5183; x_wconf 79' lang='grc' dir='ltr'>ἁγιάζει</span> <span class='ocrx_word' id='word_1_759' title='bbox 1821 5115 1879 5169; x_wconf 84' lang='grc' dir='ltr'>δὲ</span> <span class='ocrx_word' id='word_1_760' title='bbox 1915 5116 2009 5170; x_wconf 77' lang='grc' dir='ltr'><strong>καὶ</strong></span> 
     </span>
    </p>
   </div>
   <div class='ocr_carea' id='block_1_100' title="bbox 399 5201 2008 5281">
    <p class='ocr_par' dir='ltr' id='par_1_100' title="bbox 399 5201 2008 5281">
     <span class='ocr_line' id='line_1_101' title="bbox 399 5201 2008 5281; baseline 0.004 -23"><span class='ocrx_word' id='word_1_761' title='bbox 399 5203 650 5276; x_wconf 72' lang='grc' dir='ltr'>ἑτέρως,</span> <span class='ocrx_word' id='word_1_762' title='bbox 692 5201 768 5269; x_wconf 83' lang='grc' dir='ltr'>ὡς</span> <span class='ocrx_word' id='word_1_763' title='bbox 799 5206 858 5258; x_wconf 88' lang='grc' dir='ltr'><strong>ἐν</strong></span> <span class='ocrx_word' id='word_1_764' title='bbox 899 5205 1031 5276; x_wconf 78' lang='grc' dir='ltr'>σκιᾷ</span> <span class='ocrx_word' id='word_1_765' title='bbox 1060 5206 1159 5276; x_wconf 79' lang='grc' dir='ltr'>μὲν</span> <span class='ocrx_word' id='word_1_766' title='bbox 1183 5204 1298 5269; x_wconf 77' lang='grc' dir='ltr'>ἔτι,</span> <span class='ocrx_word' id='word_1_767' title='bbox 1340 5205 1480 5279; x_wconf 81' lang='grc' dir='ltr'>πλὴν</span> <span class='ocrx_word' id='word_1_768' title='bbox 1524 5208 1584 5261; x_wconf 86' lang='grc' dir='ltr'><strong>ἐν</strong></span> <span class='ocrx_word' id='word_1_769' title='bbox 1626 5208 1872 5281; x_wconf 82' lang='grc' dir='ltr'>Χριστῷ.</span> <span class='ocrx_word' id='word_1_770' title='bbox 1909 5209 1948 5263; x_wconf 86' lang='grc' dir='ltr'><strong>Γ</strong></span> <span class='ocrx_word' id='word_1_771' title='bbox 1952 5210 2008 5263; x_wconf 68' lang='lat'><strong>£-</strong></span> 
     </span>
    </p>
   </div>
   <div class='ocr_carea' id='block_1_101' title="bbox 396 5296 2008 5373">
    <p class='ocr_par' dir='ltr' id='par_1_101' title="bbox 396 5296 2008 5373">
     <span class='ocr_line' id='line_1_102' title="bbox 396 5296 2008 5373; baseline 0.007 -27"><span class='ocrx_word' id='word_1_772' title='bbox 396 5312 650 5367; x_wconf 84' lang='grc' dir='ltr'>γραπται</span> <span class='ocrx_word' id='word_1_773' title='bbox 686 5296 798 5370; x_wconf 80' lang='grc' dir='ltr'><strong>γὰρ</strong></span> <span class='ocrx_word' id='word_1_774' title='bbox 825 5297 887 5352; x_wconf 81' lang='grc' dir='ltr'>δὲ</span> <span class='ocrx_word' id='word_1_775' title='bbox 913 5297 1031 5350; x_wconf 82' lang='grc' dir='ltr'><strong>ὡδί⁸</strong></span> <span class='ocrx_word' id='word_1_776' title='bbox 1081 5315 1100 5347; x_wconf 78' lang='grc' dir='ltr'><strong>ι</strong></span> <span class='ocrx_word' id='word_1_777' title='bbox 1134 5299 1244 5352; x_wconf 74' lang='grc' dir='ltr'><strong>Καὶ</strong></span> <span class='ocrx_word' id='word_1_778' title='bbox 1274 5298 1450 5353; x_wconf 83' lang='grc' dir='ltr'>ταῦτά</span> <span class='ocrx_word' id='word_1_779' title='bbox 1481 5301 1629 5353; x_wconf 85' lang='grc' dir='ltr'>ἐστιν</span> <span class='ocrx_word' id='word_1_780' title='bbox 1669 5299 1707 5357; x_wconf 79' lang='grc' dir='ltr'>ἂ</span> <span class='ocrx_word' id='word_1_781' title='bbox 1755 5302 2008 5373; x_wconf 86' lang='grc' dir='ltr'>ποιήσεις</span> 
     </span>
    </p>
   </div>
   <div class='ocr_carea' id='block_1_102' title="bbox 399 5387 2005 5466">
    <p class='ocr_par' dir='ltr' id='par_1_102' title="bbox 399 5387 2005 5466">
     <span class='ocr_line' id='line_1_103' title="bbox 399 5387 2005 5466; baseline 0.004 -22"><span class='ocrx_word' id='word_1_782' title='bbox 399 5387 614 5454; x_wconf 76' lang='grc' dir='ltr'>αὐτοῖς’</span> <span class='ocrx_word' id='word_1_783' title='bbox 647 5390 876 5460; x_wconf 88' lang='grc' dir='ltr'>ἀγίασαι</span> <span class='ocrx_word' id='word_1_784' title='bbox 904 5391 1104 5457; x_wconf 80' lang='grc' dir='ltr'>αὐτοὺς</span> <span class='ocrx_word' id='word_1_785' title='bbox 1159 5391 1301 5446; x_wconf 83' lang='grc' dir='ltr'>ὥστε</span> <span class='ocrx_word' id='word_1_786' title='bbox 1329 5394 1633 5466; x_wconf 76' lang='grc' dir='ltr'>ἱερατεύειν</span> <span class='ocrx_word' id='word_1_787' title='bbox 1655 5412 1747 5465; x_wconf 87' lang='grc' dir='ltr'><strong>μοι</strong></span> <span class='ocrx_word' id='word_1_788' title='bbox 1782 5396 2005 5461; x_wconf 79' lang='grc' dir='ltr'>αὐτοὺς,</span> 
     </span>
    </p>
   </div>
   <div class='ocr_carea' id='block_1_103' title="bbox 398 5480 2004 5560">
    <p class='ocr_par' dir='ltr' id='par_1_103' title="bbox 398 5480 2004 5560">
     <span class='ocr_line' id='line_1_104' title="bbox 398 5480 2004 5560; baseline 0.004 -24"><span class='ocrx_word' id='word_1_789' title='bbox 398 5480 556 5555; x_wconf 75' lang='grc' dir='ltr'>λήψῃ</span> <span class='ocrx_word' id='word_1_790' title='bbox 586 5483 886 5555; x_wconf 88' lang='grc' dir='ltr'>μοσχάριον</span> <span class='ocrx_word' id='word_1_791' title='bbox 912 5486 978 5539; x_wconf 89' lang='grc' dir='ltr'><strong>ἐκ</strong></span> <span class='ocrx_word' id='word_1_792' title='bbox 1000 5483 1140 5555; x_wconf 84' lang='grc' dir='ltr'>βοῶν</span> <span class='ocrx_word' id='word_1_793' title='bbox 1161 5483 1242 5550; x_wconf 83' lang='grc' dir='ltr'><strong>ἐν,</strong></span> <span class='ocrx_word' id='word_1_794' title='bbox 1269 5485 1363 5539; x_wconf 73' lang='grc' dir='ltr'>καὶ</span> <span class='ocrx_word' id='word_1_795' title='bbox 1384 5487 1575 5558; x_wconf 80' lang='grc' dir='ltr'>κριοὺς</span> <span class='ocrx_word' id='word_1_796' title='bbox 1594 5486 1691 5542; x_wconf 89' lang='grc' dir='ltr'><strong>δύο</strong></span> <span class='ocrx_word' id='word_1_797' title='bbox 1714 5487 2004 5560; x_wconf 80' lang='grc' dir='ltr'>ἀμώμους,</span> 
     </span>
    </p>
   </div>
   <div class='ocr_carea' id='block_1_104' title="bbox 398 5571 2008 5650">
    <p class='ocr_par' dir='ltr' id='par_1_104' title="bbox 398 5571 2008 5650">
     <span class='ocr_line' id='line_1_105' title="bbox 398 5571 2008 5650; baseline 0.004 -21"><span class='ocrx_word' id='word_1_798' title='bbox 398 5573 502 5629; x_wconf 73' lang='grc' dir='ltr'><strong>καὶ</strong></span> <span class='ocrx_word' id='word_1_799' title='bbox 521 5571 726 5642; x_wconf 72' lang='grc' dir='ltr'>ἄρτους</span> <span class='ocrx_word' id='word_1_800' title='bbox 749 5573 994 5647; x_wconf 80' lang='grc' dir='ltr'>ἀζύμους</span> <span class='ocrx_word' id='word_1_801' title='bbox 1027 5575 1448 5649; x_wconf 80' lang='grc' dir='ltr'>πεφυραμένους</span> <span class='ocrx_word' id='word_1_802' title='bbox 1481 5579 1540 5630; x_wconf 84' lang='grc' dir='ltr'><strong>ἐν</strong></span> <span class='ocrx_word' id='word_1_803' title='bbox 1567 5577 1755 5650; x_wconf 84' lang='grc' dir='ltr'>ἐλαίῳ,</span> <span class='ocrx_word' id='word_1_804' title='bbox 1785 5580 1881 5634; x_wconf 70' lang='grc' dir='ltr'><strong>καὶ</strong></span> <span class='ocrx_word' id='word_1_805' title='bbox 1912 5580 2008 5636; x_wconf 57' lang='grc' dir='ltr'><strong>λάε</strong></span> 
     </span>
    </p>
   </div>
   <div class='ocr_carea' id='block_1_105' title="bbox 394 5663 2002 5743">
    <p class='ocr_par' dir='ltr' id='par_1_105' title="bbox 394 5663 2002 5743">
     <span class='ocr_line' id='line_1_106' title="bbox 394 5663 2002 5743; baseline 0.008 -25"><span class='ocrx_word' id='word_1_806' title='bbox 394 5681 547 5734; x_wconf 86' lang='grc' dir='ltr'>γανα</span> <span class='ocrx_word' id='word_1_807' title='bbox 576 5663 765 5739; x_wconf 73' lang='grc' dir='ltr'>ἄζυμα</span> <span class='ocrx_word' id='word_1_808' title='bbox 790 5668 1130 5742; x_wconf 79' lang='grc' dir='ltr'>κεχρισμένα</span> <span class='ocrx_word' id='word_1_809' title='bbox 1168 5670 1227 5724; x_wconf 91' lang='grc' dir='ltr'><strong>ἐν</strong></span> <span class='ocrx_word' id='word_1_810' title='bbox 1252 5669 1437 5741; x_wconf 85' lang='grc' dir='ltr'>ἐλαίῳ.</span> <span class='ocrx_word' id='word_1_811' title='bbox 1470 5671 1762 5743; x_wconf 82' lang='grc' dir='ltr'>Σεμίδαλιν</span> <span class='ocrx_word' id='word_1_812' title='bbox 1793 5674 1859 5730; x_wconf 89' lang='grc' dir='ltr'><strong>ἐκ</strong></span> <span class='ocrx_word' id='word_1_813' title='bbox 1897 5690 2002 5731; x_wconf 86' lang='grc' dir='ltr'>πυ-</span> 
     </span>
    </p>
   </div>
   <div class='ocr_carea' id='block_1_106' title="bbox 476 5850 1828 5941">
    <p class='ocr_par' dir='ltr' id='par_1_106' title="bbox 476 5850 1828 5941">
     <span class='ocr_line' id='line_1_107' title="bbox 476 5850 1828 5941; baseline 0.007 -31"><span class='ocrx_word' id='word_1_814' title='bbox 476 5850 523 5887; x_wconf 81' lang='lat'>“</span> <span class='ocrx_word' id='word_1_815' title='bbox 546 5851 721 5912; x_wconf 75' lang='lat' dir='ltr'><strong>Exod.</strong></span> <span class='ocrx_word' id='word_1_816' title='bbox 752 5872 941 5928; x_wconf 73' lang='lat' dir='ltr'><strong>xxvm,</strong></span> <span class='ocrx_word' id='word_1_817' title='bbox 974 5857 1164 5916; x_wconf 62' lang='lat'><strong>40-43.</strong></span> <span class='ocrx_word' id='word_1_818' title='bbox 1242 5861 1297 5941; x_wconf 29' lang='grc' dir='ltr'><strong>δ’,</strong></span> <span class='ocrx_word' id='word_1_819' title='bbox 1336 5860 1381 5918; x_wconf 88' lang='lat' dir='ltr'><strong>ll</strong></span> <span class='ocrx_word' id='word_1_820' title='bbox 1407 5858 1535 5920; x_wconf 87' lang='lat' dir='ltr'><strong>Cor.</strong></span> <span class='ocrx_word' id='word_1_821' title='bbox 1590 5878 1645 5936; x_wconf 67' lang='grc' dir='ltr'>χ,</span> <span class='ocrx_word' id='word_1_822' title='bbox 1685 5863 1740 5934; x_wconf 76' lang='lat'><strong>5,</strong></span> <span class='ocrx_word' id='word_1_823' title='bbox 1776 5863 1828 5922; x_wconf 81' lang='lat'><strong>6.</strong></span> 
     </span>
    </p>
   </div>
   <div class='ocr_carea' id='block_1_107' title="bbox 2109 4847 3716 4939">
    <p class='ocr_par' dir='ltr' id='par_1_107' title="bbox 2109 4847 3716 4939">
     <span class='ocr_line' id='line_1_108' title="bbox 2109 4847 3716 4939; baseline 0.016 -39"><span class='ocrx_word' id='word_1_824' title='bbox 2109 4847 2386 4918; x_wconf 80' lang='lat' dir='ltr'><strong>expediat,</strong></span> <span class='ocrx_word' id='word_1_825' title='bbox 2412 4852 2622 4923; x_wconf 81' lang='lat' dir='ltr'><strong>Optime</strong></span> <span class='ocrx_word' id='word_1_826' title='bbox 2647 4853 3025 4924; x_wconf 87' lang='lat' dir='ltr'><strong>demonstret,</strong></span> <span class='ocrx_word' id='word_1_827' title='bbox 3054 4869 3111 4916; x_wconf 86' lang='lat' dir='ltr'><strong>et</strong></span> <span class='ocrx_word' id='word_1_828' title='bbox 3143 4879 3243 4933; x_wconf 88' lang='lat' dir='ltr'><strong>per</strong></span> <span class='ocrx_word' id='word_1_829' title='bbox 3267 4881 3390 4936; x_wconf 74' lang='lat' dir='ltr'><strong>qum</strong></span> <span class='ocrx_word' id='word_1_830' title='bbox 3422 4882 3480 4924; x_wconf 88' lang='lat' dir='ltr'><strong>se</strong></span> <span class='ocrx_word' id='word_1_831' title='bbox 3508 4847 3716 4939; x_wconf 70' lang='lat' dir='ltr'><strong>optimc</strong></span> 
     </span>
    </p>
   </div>
   <div class='ocr_carea' id='block_1_108' title="bbox 2111 4937 3323 5019">
    <p class='ocr_par' dir='ltr' id='par_1_108' title="bbox 2111 4937 3323 5019">
     <span class='ocr_line' id='line_1_109' title="bbox 2111 4937 3323 5019; baseline 0.015 -29"><span class='ocrx_word' id='word_1_832' title='bbox 2111 4937 2347 5008; x_wconf 88' lang='lat' dir='ltr'><strong>quisque</strong></span> <span class='ocrx_word' id='word_1_833' title='bbox 2370 4940 2579 4999; x_wconf 89' lang='lat' dir='ltr'><strong>habere</strong></span> <span class='ocrx_word' id='word_1_834' title='bbox 2600 4944 2795 5013; x_wconf 88' lang='lat' dir='ltr'><strong>possit,</strong></span> <span class='ocrx_word' id='word_1_835' title='bbox 2818 4949 3113 5019; x_wconf 89' lang='lat' dir='ltr'><strong>perspicua</strong></span> <span class='ocrx_word' id='word_1_836' title='bbox 3138 4952 3323 5009; x_wconf 83' lang='lat' dir='ltr'><strong>faciat.</strong></span> 
     </span>
    </p>
   </div>
   <div class='ocr_carea' id='block_1_109' title="bbox 2180 5027 3836 5125">
    <p class='ocr_par' dir='ltr' id='par_1_109' title="bbox 2180 5027 3836 5125">
     <span class='ocr_line' id='line_1_110' title="bbox 2180 5027 3836 5125; baseline 0.015 -43"><span class='ocrx_word' id='word_1_837' title='bbox 2180 5027 2338 5084; x_wconf 84' lang='lat' dir='ltr'><strong>CYR.</strong></span> <span class='ocrx_word' id='word_1_838' title='bbox 2374 5031 2453 5086; x_wconf 89' lang='lat' dir='ltr'><strong>Ita</strong></span> <span class='ocrx_word' id='word_1_839' title='bbox 2487 5040 2594 5090; x_wconf 87' lang='lat' dir='ltr'><strong>est.</strong></span> <span class='ocrx_word' id='word_1_840' title='bbox 2630 5034 2915 5106; x_wconf 86' lang='lat' dir='ltr'><strong>Ejusmodi</strong></span> <span class='ocrx_word' id='word_1_841' title='bbox 2955 5039 3125 5110; x_wconf 90' lang='lat' dir='ltr'><strong>igitur</strong></span> <span class='ocrx_word' id='word_1_842' title='bbox 3174 5051 3327 5099; x_wconf 88' lang='lat' dir='ltr'><strong>veste</strong></span> <span class='ocrx_word' id='word_1_843' title='bbox 3376 5059 3595 5104; x_wconf 90' lang='lat' dir='ltr'><strong>sacrum</strong></span> <span class='ocrx_word' id='word_1_844' title='bbox 3657 5058 3732 5105; x_wconf 80' lang='lat' dir='ltr'><strong>ct‘</strong></span> <span class='ocrx_word' id='word_1_845' title='bbox 3826 5116 3836 5125; x_wconf 47' lang='grc'><strong>,</strong></span> 
     </span>
    </p>
   </div>
   <div class='ocr_carea' id='block_1_110' title="bbox 2109 5121 3712 5207">
    <p class='ocr_par' dir='ltr' id='par_1_110' title="bbox 2109 5121 3712 5207">
     <span class='ocr_line' id='line_1_111' title="bbox 2109 5121 3712 5207; baseline 0.014 -31"><span class='ocrx_word' id='word_1_846' title='bbox 2109 5121 2349 5178; x_wconf 89' lang='lat' dir='ltr'><strong>electum</strong></span> <span class='ocrx_word' id='word_1_847' title='bbox 2375 5141 2550 5196; x_wconf 87' lang='lat' dir='ltr'><strong>genus</strong></span> <span class='ocrx_word' id='word_1_848' title='bbox 2582 5137 2852 5195; x_wconf 81' lang='lat' dir='ltr'><strong>exornat;</strong></span> <span class='ocrx_word' id='word_1_849' title='bbox 2879 5130 2975 5186; x_wconf 88' lang='lat' dir='ltr'><strong>sed</strong></span> <span class='ocrx_word' id='word_1_850' title='bbox 3010 5133 3117 5188; x_wconf 87' lang='lat' dir='ltr'><strong>alia</strong></span> <span class='ocrx_word' id='word_1_851' title='bbox 3143 5136 3358 5193; x_wconf 87' lang='lat' dir='ltr'><strong>ratione</strong></span> <span class='ocrx_word' id='word_1_852' title='bbox 3380 5139 3712 5207; x_wconf 84' lang='lat' dir='ltr'><strong>sanctiﬁcat,</strong></span> 
     </span>
    </p>
   </div>
   <div class='ocr_carea' id='block_1_111' title="bbox 2116 5213 3711 5292">
    <p class='ocr_par' dir='ltr' id='par_1_111' title="bbox 2116 5213 3711 5292">
     <span class='ocr_line' id='line_1_112' title="bbox 2116 5213 3711 5292; baseline 0.015 -24"><span class='ocrx_word' id='word_1_853' title='bbox 2116 5222 2178 5268; x_wconf 84' lang='lat' dir='ltr'><strong>ut</strong></span> <span class='ocrx_word' id='word_1_854' title='bbox 2207 5213 2264 5270; x_wconf 90' lang='lat' dir='ltr'><strong>in</strong></span> <span class='ocrx_word' id='word_1_855' title='bbox 2294 5218 2493 5274; x_wconf 86' lang='lat' dir='ltr'><strong>umbra</strong></span> <span class='ocrx_word' id='word_1_856' title='bbox 2524 5219 2753 5292; x_wconf 89' lang='lat' dir='ltr'><strong>quidem</strong></span> <span class='ocrx_word' id='word_1_857' title='bbox 2785 5221 2989 5284; x_wconf 88' lang='lat' dir='ltr'><strong>adhuc,</strong></span> <span class='ocrx_word' id='word_1_858' title='bbox 3021 5225 3117 5280; x_wconf 91' lang='lat' dir='ltr'><strong>sed</strong></span> <span class='ocrx_word' id='word_1_859' title='bbox 3152 5226 3208 5281; x_wconf 91' lang='lat' dir='ltr'><strong>in</strong></span> <span class='ocrx_word' id='word_1_860' title='bbox 3252 5226 3476 5287; x_wconf 86' lang='lat' dir='ltr'><strong>Christo</strong></span> <span class='ocrx_word' id='word_1_861' title='bbox 3506 5240 3711 5292; x_wconf 83' lang='lat' dir='ltr'><strong>tamen.</strong></span> 
     </span>
    </p>
   </div>
   <div class='ocr_carea' id='block_1_112' title="bbox 2114 5306 3714 5395">
    <p class='ocr_par' dir='ltr' id='par_1_112' title="bbox 2114 5306 3714 5395">
     <span class='ocr_line' id='line_1_113' title="bbox 2114 5306 3714 5395; baseline 0.012 -33"><span class='ocrx_word' id='word_1_862' title='bbox 2114 5306 2195 5364; x_wconf 84' lang='lat' dir='ltr'><strong>Ita</strong></span> <span class='ocrx_word' id='word_1_863' title='bbox 2228 5307 2399 5380; x_wconf 89' lang='lat' dir='ltr'><strong>igitur</strong></span> <span class='ocrx_word' id='word_1_864' title='bbox 2431 5311 2702 5382; x_wconf 88' lang='lat' dir='ltr'><strong>scriptum</strong></span> <span class='ocrx_word' id='word_1_865' title='bbox 2741 5320 2826 5369; x_wconf 85' lang='lat' dir='ltr'><strong>est</strong></span> <span class='ocrx_word' id='word_1_866' title='bbox 2853 5331 2866 5367; x_wconf 92' lang='lat'>:</span> <span class='ocrx_word' id='word_1_867' title='bbox 2910 5334 2929 5367; x_wconf 80' lang='grc' dir='ltr'><strong>ι</strong></span> <span class='ocrx_word' id='word_1_868' title='bbox 2964 5317 3034 5372; x_wconf 84' lang='grc' dir='ltr'><strong>Ει</strong></span> <span class='ocrx_word' id='word_1_869' title='bbox 3062 5317 3181 5374; x_wconf 72' lang='lat' dir='ltr'><strong>hmc</strong></span> <span class='ocrx_word' id='word_1_870' title='bbox 3206 5329 3356 5385; x_wconf 87' lang='lat' dir='ltr'><strong>sunt,</strong></span> <span class='ocrx_word' id='word_1_871' title='bbox 3382 5338 3509 5395; x_wconf 71' lang='lat' dir='ltr'><strong>quae</strong></span> <span class='ocrx_word' id='word_1_872' title='bbox 3542 5325 3714 5384; x_wconf 80' lang='lat' dir='ltr'><strong>facies</strong></span> 
     </span>
    </p>
   </div>
   <div class='ocr_carea' id='block_1_113' title="bbox 2121 5400 3715 5487">
    <p class='ocr_par' dir='ltr' id='par_1_113' title="bbox 2121 5400 3715 5487">
     <span class='ocr_line' id='line_1_114' title="bbox 2121 5400 3715 5487; baseline 0.013 -32"><span class='ocrx_word' id='word_1_873' title='bbox 2121 5400 2238 5456; x_wconf 87' lang='lat' dir='ltr'><strong>eis:</strong></span> <span class='ocrx_word' id='word_1_874' title='bbox 2268 5401 2645 5459; x_wconf 84' lang='lat' dir='ltr'><strong>sanctiﬁcabis</strong></span> <span class='ocrx_word' id='word_1_875' title='bbox 2693 5418 2812 5469; x_wconf 89' lang='lat' dir='ltr'><strong>eos,</strong></span> <span class='ocrx_word' id='word_1_876' title='bbox 2848 5412 2907 5461; x_wconf 91' lang='lat' dir='ltr'><strong>ut</strong></span> <span class='ocrx_word' id='word_1_877' title='bbox 2934 5410 3246 5467; x_wconf 83' lang='lat' dir='ltr'><strong>sacerdotio</strong></span> <span class='ocrx_word' id='word_1_878' title='bbox 3276 5411 3580 5487; x_wconf 81' lang='lat' dir='ltr'><strong>fungantur</strong></span> <span class='ocrx_word' id='word_1_879' title='bbox 3610 5421 3715 5475; x_wconf 77' lang='lat' dir='ltr'><strong>mi—</strong></span> 
     </span>
    </p>
   </div>
   <div class='ocr_carea' id='block_1_114' title="bbox 2114 5492 3717 5571">
    <p class='ocr_par' dir='ltr' id='par_1_114' title="bbox 2114 5492 3717 5571">
     <span class='ocr_line' id='line_1_115' title="bbox 2114 5492 3717 5571; baseline 0.013 -23"><span class='ocrx_word' id='word_1_880' title='bbox 2114 5492 2206 5548; x_wconf 86' lang='lat' dir='ltr'><strong>hi:</strong></span> <span class='ocrx_word' id='word_1_881' title='bbox 2239 5493 2480 5565; x_wconf 89' lang='lat' dir='ltr'><strong>accipies</strong></span> <span class='ocrx_word' id='word_1_882' title='bbox 2538 5495 2775 5552; x_wconf 86' lang='lat' dir='ltr'><strong>vitulum</strong></span> <span class='ocrx_word' id='word_1_883' title='bbox 2815 5513 2882 5554; x_wconf 79' lang='lat' dir='ltr'><strong>ex</strong></span> <span class='ocrx_word' id='word_1_884' title='bbox 2918 5499 3098 5558; x_wconf 87' lang='lat' dir='ltr'><strong>bobus</strong></span> <span class='ocrx_word' id='word_1_885' title='bbox 3144 5520 3316 5561; x_wconf 89' lang='lat' dir='ltr'><strong>unum</strong></span> <span class='ocrx_word' id='word_1_886' title='bbox 3344 5550 3359 5571; x_wconf 63' lang='grc' dir='ltr'><strong>ν</strong></span> <span class='ocrx_word' id='word_1_887' title='bbox 3396 5516 3453 5564; x_wconf 91' lang='lat' dir='ltr'><strong>et</strong></span> <span class='ocrx_word' id='word_1_888' title='bbox 3508 5511 3717 5568; x_wconf 83' lang='lat' dir='ltr'><strong>arietes</strong></span> 
     </span>
    </p>
   </div>
   <div class='ocr_carea' id='block_1_115' title="bbox 2112 5583 3716 5667">
    <p class='ocr_par' dir='ltr' id='par_1_115' title="bbox 2112 5583 3716 5667">
     <span class='ocr_line' id='line_1_116' title="bbox 2112 5583 3716 5667; baseline 0.012 -27"><span class='ocrx_word' id='word_1_889' title='bbox 2112 5583 2255 5641; x_wconf 87' lang='lat' dir='ltr'><strong>duos</strong></span> <span class='ocrx_word' id='word_1_890' title='bbox 2284 5585 2773 5651; x_wconf 43' lang='lat' dir='ltr'><strong>immaculatosyet</strong></span> <span class='ocrx_word' id='word_1_891' title='bbox 2799 5605 2971 5660; x_wconf 88' lang='lat' dir='ltr'><strong>panes</strong></span> <span class='ocrx_word' id='word_1_892' title='bbox 3020 5608 3264 5667; x_wconf 75' lang='lat' dir='ltr'><strong>azymos,</strong></span> <span class='ocrx_word' id='word_1_893' title='bbox 3297 5599 3423 5655; x_wconf 86' lang='lat' dir='ltr'><strong>oleo</strong></span> <span class='ocrx_word' id='word_1_894' title='bbox 3478 5601 3627 5663; x_wconf 80' lang='lat' dir='ltr'><strong>litos,</strong></span> <span class='ocrx_word' id='word_1_895' title='bbox 3657 5612 3716 5658; x_wconf 81' lang='lat' dir='ltr'><strong>ct</strong></span> 
     </span>
    </p>
   </div>
   <div class='ocr_carea' id='block_1_116' title="bbox 2112 5679 3709 5755">
    <p class='ocr_par' dir='ltr' id='par_1_116' title="bbox 2112 5679 3709 5755">
     <span class='ocr_line' id='line_1_117' title="bbox 2112 5679 3709 5755; baseline 0.011 -21"><span class='ocrx_word' id='word_1_896' title='bbox 2112 5679 2306 5750; x_wconf 85' lang='lat' dir='ltr'><strong>lagaua</strong></span> <span class='ocrx_word' id='word_1_897' title='bbox 2362 5694 2572 5755; x_wconf 72' lang='lat' dir='ltr'><strong>azyma,</strong></span> <span class='ocrx_word' id='word_1_898' title='bbox 2610 5690 2776 5739; x_wconf 90' lang='lat' dir='ltr'><strong>uncta</strong></span> <span class='ocrx_word' id='word_1_899' title='bbox 2824 5684 2971 5753; x_wconf 88' lang='lat' dir='ltr'><strong>oleo,</strong></span> <span class='ocrx_word' id='word_1_900' title='bbox 3031 5687 3270 5748; x_wconf 80' lang='lat' dir='ltr'><strong>similam</strong></span> <span class='ocrx_word' id='word_1_901' title='bbox 3313 5706 3381 5748; x_wconf 73' lang='lat' dir='ltr'><strong>ex</strong></span> <span class='ocrx_word' id='word_1_902' title='bbox 3431 5693 3709 5752; x_wconf 81' lang='lat' dir='ltr'><strong>frumento</strong></span> 
     </span>
    </p>
   </div>
  </div>
