4118 6434
443 398 561 454 “Jb!

1469 395 1522 449 S.
1568 394 1842 451 CYRILU
1883 395 2356 456 ALEXANDRINI
2390 401 2713 457 Ᾱίἶεῖἰῐῐίν.

3621 388 3728 448 752

443 516 786 577 Jacies'ea,
837 520 893 567 et
943 512 1190 582 imponas
1241 528 1304 565 eu
1354 512 1410 564 in
1469 514 1769 568 canistrum
1834 529 2043 595 unum,

2153 515 2258 586 ρῶν
2296 517 2541 587 ποιήσεις
2588 516 2760 579 αὐτὰ,
2804 518 2901 571 καί
2933 513 3213 587 ἐπιθήσεις
3243 512 3383 569 αὐτὰ
3411 511 3501 566 ἐπὶ
3534 507 3732 563 κανοῦν

464 616 524 661 et
555 605 754 659 offeres
785 605 838 658 in
903 603 1162 667 canistro,
1221 612 1275 656 et
1318 602 1548 656 vitulum
1603 614 1660 657 et
1710 604 1851 660 duos
1901 606 2040 661 arie-

469 708 582 762 tes;
639 705 694 750 et
742 696 922 749 Aaron
981 702 1038 748 et
1091 694 1230 749 illius
1282 697 1402 766 ejus
1466 695 1706 751 adduces
1776 698 1843 751 ad
1885 699 2042 769 391

466 790 667 844 ostium
740 785 1078 842 tabernaculi
1127 787 1497 851 «testimonii,
1558 797 1614 841 et
1677 788 1886 844 lavabis
1952 804 2048 844 eos

442 897 628 951 aqua,
698 889 754 934 et
811 879 1051 949 acceptis
1090 878 1277 943 stolis,
1338 878 1534 933 indues
1583 879 1763 934 Aaron
1819 880 2045 935 fratrem

468 984 623 1026 tuum
705 972 945 1025 tunicam
1014 971 1244 1024 talarem
1308 980 1364 1025 et
1426 972 1915 1040 superhumerale,
1992 982 2050 1027 et

465 1064 734 1117 rationale
787 1062 855 1117 ad
923 1061 1397 1131 superbumcrale.
1461 1062 1530 1116 Et
1590 1061 1808 1132 aptabis
1859 1062 1907 1117 ei
1964 1077 2050 1116 ra-

465 1155 670 1209 tionale
704 1155 771 1207 ad
806 1154 1286 1223 superhuntcrale,
1312 1161 1368 1208 et
1408 1154 1659 1224 impones
1707 1155 1927 1209 mitram
1957 1170 2050 1210 su-

443 1263 564 1315 per
589 1247 916 1317 caputeius,
966 1255 1023 1300 et
1079 1246 1329 1314 impones
1370 1246 1627 1300 laminam
1663 1245 2049 1301 sanctiﬁcatio—

462 1353 588 1392 nem
622 1351 790 1407 super
815 1337 1073 1401 mitram;
1106 1335 1443 1405 ct-accipics
1474 1334 1541 1389 de
1583 1334 1706 1389 oleo
1746 1334 2044 1401 unctionis,

461 1427 793 1482 cteﬁ‘undcs
819 1426 952 1480 illud
991 1442 1159 1497 super
1208 1433 1373 1496 caput
1403 1427 1523 1497 ejus
1560 1432 1616 1480 et
1649 1440 1820 1496 unges
1867 1425 2043 1480 illum.

463 1520 533 1574 Et
566 1518 710 1573 tilias
748 1519 869 1588 ejus
894 1516 1159 1581 adduces,
1195 1528 1251 1572 et
1282 1516 1496 1571 «indues
1550 1531 1646 1572 eos
1707 1518 1941 1583 tunicas,
1990 1526 2047 1573 et

464 1611 652 1682 ringes
675 1625 773 1665 eos
821 1610 993 1673 zonis,
1031 1618 1088 1663 ct
1124 1608 1509 1678 circumpenes
1557 1608 1667 1663 illis
1704 1608 1939 1674 cidares,
1990 1618 2048 1665 et

463 1704 570 1757 erit
593 1703 703 1757 illis
727 1702 1096 1758 sacerdotium
1125 1702 1260 1755 mihi
1289 1701 1342 1754 in
1371 1701 1655 1767 sacculum,
1688 1709 2047 1756 ctconsecra-

466 1799 551 1854 his
579 1799 759 1852 Aaron
784 1812 998 1859 manus,
1030 1803 1085 1850 et
1119 1810 1314 1849 manus
1350 1782 1589 1848 ﬁliorum
1635 1796 1755 1865 ejus
1788 1796 1851 1848 ".
1886 1814 1903 1847 ι
1935 1794 2042 1866 lgi—

2149 602 2227 667 ἐν,
2256 603 2352 657 καὶ
2381 607 2685 676 προσοίσεις
2706 605 2847 660 αὐτὰ
2883 608 2973 658 ἐπὶ
2996 606 3075 677 τῷ
3101 604 3271 676 κοινῷ,
3304 605 3401 657 καὶ
3427 604 3489 657 τι
3522 600 3731 672 μοσχάο

2150 710 2286 766 ριον,
2329 697 2422 748 καὶ
2472 697 2601 760 τοὺς
2647 696 2743 751 δύο
2781 696 2989 768 κριούς.
3028 697 3138 750 Kal
3192 694 3405 766 Ἀαρὼν
3453 696 3551 748 καὶ
3607 693 3734 753 τοὺς

2150 786 2297 850 υἱοὺς
2324 788 2489 841 αὐτοῦ
2521 789 2815 860 προσάξεις
2836 790 2929 842 ἐπὶ
2950 788 3050 851 τὰς
3079 787 3249 861 θύρας
3277 789 3375 857 τῆς
3407 784 3614 856 σκηνῆς
3640 784 3736 837 τοῦ

2151 877 2475 946 μαρτυρίου,
2510 879 2602 930 καὶ
2638 877 2850 942 λούσεις
2884 878 3082 942 αὐτοὺς
3122 880 3179 930 ἐν
3211 877 3385 930 ὕδατι.
3417 876 3525 928 Καὶ
3549 866 3738 926 λαὸὼν

2147 965 2245 1029 τὰς
2278 966 2492 1031 στολὰς,
2512 966 2751 1031 ἐνδύσεις
2789 966 3000 1038 Ἀαρὼν
3027 966 3116 1020 τὸν
3145 966 3373 1033 ἀδελφόν
3401 980 3495 1016 σου
3526 963 3619 1016 καὶ
3645 961 3738 1013 τὸν

2147 1055 2352 1125 χιτῶνα
2380 1057 2472 1111 τὸν
2499 1057 2734 1129 ποδήρη,
2772 1059 2863 1111 καὶ
2887 1058 2985 1129 τὴν
3006 1058 3277 1128 ἐπωμίδα,
3303 1055 3398 1109 καὶ
3421 1054 3484 1106 τὸ
3501 1054 3737 1121 λογεῖον.

2148 1147 2258 1201 Kal
2291 1149 2552 1218 συνάψεις
2594 1150 2745 1221 αὐτῷ
2788 1148 2851 1203 τὸ
2892 1149 3101 1217 λογεῖον
3145 1150 3281 1220 πρὸς
3326 1147 3425 1218 τὴν
3457 1145 3733 1216 ἐπωμίδα.

2149 1240 2259 1293 Kal
2301 1239 2586 1312 ἐπιθήσεις
2631 1240 2731 1312 τὴν
2768 1240 2966 1312 μίτραν
3003 1241 3095 1293 ἐπὶ
3129 1240 3229 1312 τήν
3258 1238 3500 1311 κεφαλὴν
3540 1235 3735 1300 αὐτοῦ,

2147 1330 2244 1384 καὶ
2269 1330 2550 1402 ἐπιθήσεις
2571 1330 2633 1385 τὸ
2651 1331 2879 1386 πέταλον
2900 1331 2963 1386 τὸ
2984 1314 3233 1403 ὰχίασμα
3255 1331 3347 1383 ἐπὶ
3376 1332 3477 1400 τὴν
3505 1329 3728 1401 μίτραν,

2149 1420 2243 1475 καὶ
2275 1419 2423 1494 λήψῃ
2440 1420 2535 1474 τοῦ
2557 1421 2739 1476 ἐλαίου
2759 1420 2856 1476 τοῦ
2879 1423 3200 1494 χρίσματος,
3226 1423 3322 1476 xal
3341 1423 3578 1493 ὲπιχεεῐς
3601 1421 3742 1475 αὐτὸ

2147 1512 2240 1565 ἐπὶ
2268 1511 2365 1584 τὴν
2399 1513 2642 1585 κεφαλὴν
2676 1513 2865 1581 αὐτοῦ,
2896 1515 2989 1568 καὶ
3011 1517 3223 1585 χρίσεις
3257 1514 3439 1569 αὐτόν.
3477 1513 3585 1568 Kal
3608 1513 3737 1578 τοὺς

2148 1603 2296 1666 υἱοὺς
2328 1602 2495 1656 αὐτοῦ
2531 1605 2845 1674 προσάξεις,
2871 1605 2966 1659 καὶ
2987 1605 3229 1668 ἐνδύσεις
3252 1605 3450 1668 αὐτοὺς
3472 1603 3737 1677 χιτῶνας.

2146 1694 2242 1747 καὶ
2269 1691 2465 1758 (eam
2485 1695 2682 1761 αὐτοὺς
2706 1699 2825 1760 ταῖς
2846 1696 3067 1761 ζώναις,
3091 1697 3186 1750 le
3214 1695 3530 1768 περιθήσεις
3550 1697 3739 1761 αὐτοῖς

2149 1785 2247 1850 τὰς
2270 1786 2535 1857 κιδάρεις.
2578 1789 2688 1843 Kal
2718 1790 2870 1844 ἔσται
2909 1790 3095 1852 αὐτοῖς
3139 1788 3383 1859 ίερατεία
3418 1805 3508 1858 μοι
3538 1790 3617 1851 είς
3641 1789 3741 1842 τὸν

465 1900 556 1944 tur
588 1889 774 1945 alierri
799 1904 900 1960 pro
916 1886 1187 1943 sacriﬁcio
1205 1886 1368 1957 jussit
1388 1886 1644 1949 vitulum,
1664 1902 1726 1941 ac
1749 1887 1885 1943 duos
1903 1888 2046 1943 arie-

2153 1878 2339 1943 αἰῶνα,
2384 1880 2479 1933 καὶ
2522 1880 2832 1947 τελειώσεις
2889 1880 3102 1953 Ἀαρὼν
3139 1883 3240 1945 τὰς
3297 1884 3489 1954 χεῖρας
3541 1882 3745 1950 αὐτοῦ,

465 1994 582 2044 tes,
610 1982 799 2051 lagana
838 1995 1057 2050 quoque
1083 1988 1140 2034 et
1166 1994 1336 2049 panes
1370 1978 1426 2034 in
1462 1978 1722 2034 canistro.
1756 1981 1915 2035 Prius
1951 1996 2047 2035 au-

467 2081 574 2126 tem
611 2072 713 2126 alia
744 2071 957 2126 ratione
983 2071 1109 2124 illos
1133 2069 1338 2139 expiat,
1359 2069 1613 2140 ﬁguram,
1646 2080 1708 2123 ut
1740 2070 1958 2141 opinor,
1989 2071 2045 2126 in

464 2178 529 2219 ea
555 2179 613 2218 re
646 2178 791 2217 verte
838 2161 1291 2217 sanctiﬁcationis
1323 2161 1625 2216 ostendens
1666 2179 1678 2215 :
1718 2177 1863 2227 nam,
1917 2177 2044 2216 cum

464 2255 648 2309 Aaron
702 2252 882 2321 ipsum
938 2266 1080 2321 aqua
1138 2250 1295 2320 prius
1341 2251 1630 2315 abluisset,
1673 2266 1829 2305 sacra
1887 2250 2044 2305 illum

441 2344 601 2397 «stola
675 2340 874 2396 induit.
977 2340 1089 2394 Nos
1171 2354 1393 2411 quoque
1466 2348 1658 2396 sancto
1720 2342 2046 2412 baptismate

463 2436 661 2500 abluti,
709 2434 971 2504 omnique
1002 2449 1202 2504 genere
1246 2434 1580 2504 impuritatis
1630 2435 1899 2501 absterso,
1930 2443 2046 2490 tum

465 2528 707 2597 denique
732 2534 975 2595 superna
1009 2525 1102 2579 illa
1142 2527 1467 2597 cmleslique
1500 2526 1671 2597 gratia
1700 2526 1963 2590 ditamur,
1992 2535 2049 2583 et

458 2621 669 2677 'lmtitia:
702 2618 945 2673 tunicam
999 2618 1322 2687 accipimus,
1370 2620 1525 2691 juxta
1553 2618 1731 2673 illud:
1788 2639 1805 2669 ι
1831 2618 2048 2673 lnduite

467 2708 760 2765 Dominum
800 2715 1049 2762 nostrum
1092 2707 1288 2762 Jesum
1317 2708 1600 2763 Christum
1624 2707 1685 2761 ³⁸.
1709 2727 1728 2758 ι
1765 2707 2048 2778 Superiori

468 2816 706 2872 namque
735 2798 984 2854 oratione
1003 2798 1435 2854 demonstratum
1463 2808 1545 2855 est
1574 2800 1627 2855 in
1646 2809 1844 2856 ornatu
1869 2802 2049 2856 Aaron

468 2894 641 2949 fuisse
658 2890 939 2948 Christum
955 2890 1105 2946 varie
1131 2891 1443 2961 ﬁguratum.
1462 2889 1597 2946 Oleo
1619 2906 1839 2962 quoque
1861 2899 2050 2947 sancto

471 2994 641 3056 caput
673 2983 890 3054 inungit
927 3001 939 3037 :
970 2984 1153 3053 psallit
1181 2993 1363 3038 autem
1411 2983 1611 3038 David:
1655 2983 2048 3055 «Impinguasti

454 3077 527 3135 in
564 3076 686 3133 oleo
718 3085 883 3145 caput
911 3090 1094 3129 meum
1127 3076 1191 3128 δε.
1217 3094 1234 3127 ι
1270 3075 1372 3130 Uhi
1407 3075 1513 3129 olei
1545 3076 1767 3131 nomine
1803 3075 2052 3132 hilaritas

459 3170 608 3241 spei,
633 3184 796 3241 quam
846 3168 1022 3224 sancti
1056 3184 1191 3223 voce
1226 3175 1519 3233 testantur,
1564 3168 1618 3224 id
1672 3177 1777 3234 est,
1812 3185 2051 3240 superna
2078 3208 2120 3265 ο

470 3261 747 3331 inspectio
802 3260 1102 3315 hilaritatis
1134 3259 1402 3315 eticctrix
1454 3258 1804 3331 designatur:
1836 3261 2053 3316 miseri-

471 3352 717 3408 cordiam
770 3350 922 3407 enim
966 3351 1246 3407 consecuti
1290 3365 1503 3416 sumus,
1535 3351 1629 3421 qui
1691 3351 2049 3417 credidimus,

471 3456 527 3500 et
581 3442 859 3499 benedicti
908 3443 1163 3508 Domino,
1213 3451 1398 3498 mente
1425 3459 1526 3514 per
1579 3444 2052 3499 subministratio-

472 3552 598 3591 nem
640 3535 880 3607 Spiritus
925 3534 1297 3605 impinguata:
1340 3535 1541 3590 mentis
1597 3543 1779 3589 autem
1821 3533 2053 3605 ﬁguram

356 3676 390 3689 ,κ
471 3628 615 3700 gerit
645 3634 828 3697 caput.
872 3625 952 3681 Ad
979 3625 1235 3681 eumdem
1278 3641 1497 3696 quoque
1549 3626 1775 3681 modum
1814 3625 2056 3681 sanctiﬁ-

388 3724 391 3727 '
460 3718 741 3773 .cabantur
760 3717 1107 3783 sacerdotes;
1134 3732 1261 3772 nam
1293 3724 1351 3772 et
1390 3731 1533 3787 aqua
1577 3717 1968 3784 abluebantur,
1999 3724 2056 3774 et

475 3810 887 3881 iniungebantur
912 3811 1057 3875 oleo,
1087 3809 1162 3865 ita
1185 3809 1423 3881 denique
1442 3825 1599 3865 sacro
1628 3811 1833 3866 amictu
1857 3811 2055 3867 indue-

459 3901 698 3967 rbantur,
726 3911 785 3957 et
835 3917 1030 3958 eorum
1066 3902 1546 3958 consecrabantur
1592 3914 1808 3969 manus,
1855 3912 1919 3958 ut
1942 3904 2054 3975 jam

459 3994 584 4063 apti
615 3993 1023 4063 quodammodo
1052 3993 1122 4049 ad
1169 3993 1379 4050 hostias
1433 4009 1573 4066 pure
1599 4003 1656 4050 et
1690 3995 1795 4050 rite
1855 3995 2056 4051 immo-

472 4085 663 4141 landas
688 4085 1031 4141 viderentur.
1095 4086 1207 4142 Nos
1248 4086 1387 4143 item
1426 4086 1755 4143 sanctificati
1799 4088 1975 4159 prius,
2001 4096 2058 4143 et

460 4193 709 4247 superna
727 4178 903 4249 gratia
932 4179 1179 4235 exornati
1214 4188 1381 4250 atque
1418 4180 1487 4236 ad
1512 4180 1908 4251 perfectionem
1939 4180 2057 4251 spi-

468 4266 729 4324 ritualcm
760 4268 997 4335 inuncti,
1030 4278 1146 4325 tum
1198 4270 1441 4342 denique
1499 4270 1847 4327 conﬁdenter
1901 4272 2058 4343 puris

459 4357 882 4426 «quodammodo
912 4368 970 4416 et
995 4362 1202 4417 sanctis
1240 4362 1497 4417 manibus
1525 4377 1758 4417 munera
1778 4363 1911 4427 Deo,
1941 4363 2057 4435 spi-

474 4448 697 4504 ritualia
754 4451 1042 4517 nimirum,
1094 4452 1412 4508 offerimus.
1443 4452 1727 4523 Ejusmodi
1774 4454 2059 4524 quidpiam

2147 1970 2243 2023 καὶ
2305 1970 2407 2036 τὰς
2462 1975 2656 2045 χεῖρας
2714 1974 2824 2028 τῶν
2869 1972 3001 2028 υἱῶν
3043 1973 3231 2028 αὑτοῦ.
3286 1992 3305 2027 ι
3362 1973 3739 2045 Προσκομὶξε-

2149 2060 2273 2116 σθαι
2339 2064 2437 2135 μὶν
2489 2061 2585 2119 οὖν
2639 2067 2720 2129 είς
2786 2065 2979 2120 θυσίαν
3037 2065 3376 2138 προστέταχε
3437 2067 3738 2135 μοσχάριον

2147 2152 2243 2205 καὶ
2276 2153 2369 2206 δύο
2411 2156 2636 2225 κριοὺς,
2673 2156 2887 2224 λάγανά
2939 2173 3000 2209 τε
3041 2157 3135 2210 καὶ
3186 2156 3383 2228 ἄρτους
3424 2155 3519 2209 ἐπὶ
3561 2155 3734 2226 κακῷ.

2149 2243 2551 2315 Προαεραγνίζει
2596 2245 2653 2300 δέ
2707 2249 2802 2301 καὶ
2855 2248 3095 2320 ἐτέρως,
3124 2248 3333 2315 τύπον,
3362 2245 3549 2320 οἶμαι,
3594 2247 3747 2301 οὕτω

2149 2353 2255 2390 που
2295 2338 2357 2390 τὸ
2396 2338 2588 2410 χρῆμα
2627 2340 2797 2404 τιθείς
2830 2339 2926 2394 τοῦ
2958 2343 3100 2394 κατὰ
3140 2341 3398 2414 ἀλήθειαν
3438 2342 3739 2413 ἁγιασμοῦ.

2150 2429 2342 2483 "rem
2365 2432 2473 2503 γὰρ
2499 2432 2805 2497 ἀπολούσας
2842 2432 2932 2486 τὸν
2974 2432 3206 2504 Ἀαρὼν,
3245 2436 3343 2506 τήν
3378 2435 3542 2502 ἁγίαν
3575 2434 3744 2488 αὐτὸν

2149 2523 2480 2594 ἀμφιέννυσι
2510 2526 2725 2598 στολήν.
2766 2527 3226 2600 Ἀπολουσάμενοι
3259 2529 3315 2583 δέ
3343 2530 3438 2585 καὶ
3461 2532 3620 2601 ἡμεῖς
3651 2528 3745 2584 διὰ

2149 2615 2242 2669 τοῦ
2286 2617 2442 2683 ἁγίου
2484 2617 2892 2689 βαπτίσματος,
2936 2621 3031 2674 καὶ
3065 2622 3173 2674 πᾶν
3213 2615 3354 2686 εἶδος
3396 2622 3746 2694 ἀκαθαρσίας

2150 2706 2592 2779 ἀποτριϐόμενοι,
2617 2709 2739 2763 τότε
2763 2711 2850 2778 δὴ,
2872 2714 2994 2767 τότε
3018 2714 3115 2785 τὴν
3145 2713 3349 2767 ἄνωθεν
3371 2715 3463 2767 καὶ
3492 2713 3549 2780 ἐξ
3575 2714 3746 2785 ούρα-

2151 2798 2244 2854 νοῦ
2274 2799 2757 2873 καταπλουτοῦμεν
2791 2803 2973 2876 χάριν,
3018 2806 3110 2859 τδν
3148 2805 3248 2876 τῆς
3290 2806 3627 2880 εὐφροσύνης
3659 2824 3746 2877 χι-

2151 2891 2296 2946 τῶνα
2328 2890 2628 2963 δεχόμενοι,
2662 2896 2806 2948 κατά
2830 2912 2893 2964 γε
2919 2896 3001 2961 τὸ,
3035 2917 3053 2949 ι
3081 2897 3402 2953 Ἐνδύσασθε
3427 2897 3518 2952 τὸν
3539 2896 3749 2969 Κύριον

2151 2981 2311 3051 ήμῶν
2351 2981 2559 3052 Ἰησοῦν
2604 2982 2861 3053 Χριστόν.
2899 3004 2917 3037 ι
2953 2986 3319 3057 Προαπέδειξε
3359 2986 3469 3059 γὰρ
3510 2988 3748 3057 όλόγος,

2152 3070 2234 3124 ὅτι
2278 3069 2637 3143 πολυτρόπως
2673 3069 2742 3143 ἦν
2781 3075 2809 3127 ό
2852 3074 3085 3145 Χριστὸς
3111 3075 3185 3140 ὼς
3212 3078 3270 3129 ἐν
3298 3076 3488 3149 κόσμῳ
3510 3076 3587 3148 τῷ
3616 3078 3759 3147 περὶ

2153 3161 2246 3216 τὸν
2300 3161 2511 3235 ’Δαρὼν
2557 3162 2947 3236 πλαττόμενος.
3004 3167 3198 3238 Ἐλαίῳ
3233 3167 3290 3221 δὲ
3322 3169 3610 3241 καταχρίει
3645 3169 3756 3241 τὴν

2153 3253 2396 3325 κεφαλὴν
2434 3255 2593 3326 ἁγίῳ.
2619 3256 2828 3309 Ψάλλει
2846 3257 2906 3311 δέ
2933 3275 3036 3312 που
3058 3260 3153 3313 καὶ
3181 3261 3209 3312 ό
3241 3260 3426 3314 Δαδίδο
3460 3281 3478 3312 ι
3523 3262 3752 3316 Ἐλίπαο

2153 3365 2249 3412 νας
2280 3348 2339 3401 ἐν
2365 3348 2531 3420 ἐλαίῳ
2556 3348 2657 3420 τὴν
2686 3350 2930 3421 κεφαλήν
2965 3369 3089 3421 μου,
3124 3371 3143 3403 ι
3180 3352 3240 3406 τὸ
3264 3352 3447 3424 ἱλαρὸν
3481 3356 3539 3407 ἐν
3571 3353 3754 3410 ἐλπίδι

2151 3442 2253 3512 τῆς
2286 3440 2396 3495 τῶν
2438 3442 2611 3512 ἁγίων
2644 3444 2861 3515 φωνῆς,
2909 3446 3028 3516 ’ήτοι
3067 3444 3164 3516 τὴν
3205 3444 3411 3500 ἄνωθεν
3442 3445 3757 3517 ἱλαροποιὶν

2157 3532 2450 3602 ἐπίσκεψιν
2494 3531 2586 3586 τοῦ
2624 3534 2806 3587 ἐλαίου
2848 3535 3376 3606 κατασημαίνοντος.
3441 3537 3752 3609 Ἦλεήμεθα

2154 3623 2265 3695 γὰρ
2287 3627 2336 3678 οἱ
2363 3625 2783 3693 πιστεύσαντες,
2814 3627 2907 3680 καί
2934 3630 3099 3697 ἐσμεν
3118 3628 3512 3700 εὐλογγημὲνοι
3529 3630 3606 3701 τῷ
3630 3632 3754 3683 Κυ-

2157 3717 2278 3789 ρίῳ,
2315 3720 2381 3789 τῇ
2412 3716 2507 3771 τοῦ
2547 3717 2867 3789 Πνεύματος
2908 3722 3237 3792 ἐπιχορηγίᾳ
3278 3723 3369 3775 τὸν
3413 3722 3538 3775 νοῦν
3580 3739 3757 3777 πατα-

2155 3808 2495 3878 πιαινόμενοι
2519 3824 2534 3841 ·
2570 3808 2663 3862 νοῦ
2697 3810 2754 3864 δὲ
2794 3814 2873 3873 είς
2907 3811 3076 3864 τύπον
3107 3814 3140 3882 ή
3182 3812 3411 3883 κεφαλή.
3463 3814 3621 3866 Κατὰ
3660 3813 3758 3866 τὸν

2157 3899 2273 3957 ῐσον
2311 3898 2369 3952 δὲ
2395 3900 2606 3954 τουτονὶ
2634 3901 2834 3973 τρόπον
2863 3904 2913 3955 oi
2955 3903 3122 3975 ίερεῖς
3154 3905 3476 3974 ήγιάζοντο,
3509 3903 3664 3959 ὕδατί
3692 3922 3755 3958 τε

2155 3988 2539 4063 ἁπονιζόμενοι
2573 3992 2669 4045 καὶ
2712 3994 2876 4065 ἐλαίῳ
2907 3996 3218 4065 χριόμενοι,
3251 3994 3395 4049 οὕτω
3431 4013 3489 4049 τε
3523 3997 3756 4066 χριόμε-

2155 4100 2237 4137 νοι
2257 4083 2357 4154 τὴν
2391 4084 2542 4153 ἱερὰν
2569 4084 2842 4154 ἀμφίασιν
2867 4086 3264 4157 περικείμενοι,
3298 4086 3666 4158 τελειούμενοί
3692 4104 3753 4140 τε

2156 4174 2255 4238 τὰς
2293 4178 2500 4248 χεῖρας,
2530 4176 2604 4241 ὡς
2631 4177 2732 4248 ήδη
2772 4194 2890 4241 πως
2915 4178 3092 4231 δοκεῖν
3123 4180 3215 4231 καὶ
3253 4179 3572 4249 ἐπιτηδείως
3608 4178 3758 4250 ἔχειν

2157 4268 2239 4331 είς
2271 4284 2335 4335 γε
2361 4267 2423 4320 τὸ
2453 4270 2654 4339 χρῆναι
2689 4268 2875 4322 λοιπὸν
2905 4268 3162 4340 καθαρῶς
3198 4287 3258 4323 τε
3296 4271 3390 4324 καὶ
3434 4272 3759 4342 ἀμωμήτως

2158 4360 2256 4422 τὰς
2299 4358 2491 4424 θυσίας
2535 4361 2823 4416 ἐπιτελεῖν.
2866 4361 3307 4432 Προηγιασμένοι
3351 4363 3409 4418 δέ
3452 4364 3545 4416 καὶ
3588 4365 3759 4434 ἡμεῖς

2160 4452 2336 4517 αὐτοὶ,
2366 4454 2459 4505 καὶ
2480 4456 2546 4524 τῇ
2572 4454 2778 4508 ἄνωθεν
2802 4455 2984 4526 χάριτι
3017 4455 3504 4528 κατηγλαῖσμένοι,
3535 4455 3626 4508 καὶ
3662 4473 3759 4508 κε·

474 4536 674 4605 opinor
718 4538 1050 4609 signiﬁcare,
1112 4540 1263 4610 quod
1316 4539 1516 4596 beatus
1573 4542 1745 4597 David
1790 4542 1953 4612 393
1986 4542 2052 4597 de

2161 4544 2445 4613 χρισμένοι
2476 4545 2613 4617 πρὸς
2640 4545 2957 4617 τελειότητα
2989 4546 3087 4619 τὴν
3135 4545 3534 4617 πνευματικὴν,
3570 4543 3648 4608 ὡς
3692 4547 3759 4599 ἐκ

474 4626 670 4693 quovis
700 4627 923 4683 homine
956 4628 1289 4685 ascendente
1336 4629 1395 4683 in
1419 4638 1664 4685 montem
1710 4630 1931 4685 Domini
1960 4646 2054 4686 ce-

466 4718 609 4773 cinit
636 4736 650 4774 :
685 4739 703 4771 ι
721 4720 992 4775 lnnocens
1019 4720 1295 4787 manibus,
1322 4728 1381 4776 et
1409 4721 1618 4777 mundo
1644 4721 1811 4777 corde
1842 4721 1943 4779 ⁵⁸.»

2163 4636 2479 4709 παρρησίας
2498 4637 2683 4691 λοιπὸν
2710 4638 2977 4710 καθαραῖς
3005 4640 3168 4695 οἱονεί
3196 4657 3311 4703 πως
3335 4641 3432 4693 καὶ
3455 4639 3759 4706 πανάγνοις

2161 4729 2352 4799 χερσὶ,
2395 4729 2842 4801 προσκομίζομεν
2885 4730 3006 4803 Θεῷ
3046 4733 3145 4795 τὰς
3179 4731 3554 4805 δωροφορίας,
3594 4729 3760 4800 δῆλον

465 4812 529 4863 δὲ
568 4813 650 4865 ὅτι
699 4812 801 4876 τὰς
852 4812 1253 4883 πνευματικὰς.
1283 4811 1398 4868 Καί
1433 4829 1518 4866 τοι
1556 4812 1798 4867 τοιοῦτον
1843 4808 2000 4887 οἴμαι
2037 4815 2232 4887 δηλοῦν
2276 4819 2339 4874 τὸ
2382 4819 2459 4890 τῷ
2495 4822 2751 4891 μακαρίῳ
2806 4823 2972 4877 Δαϐὶδ
3007 4822 3346 4895 ὑμνούμενον
3389 4822 3520 4896 περὶ
3556 4824 3758 4888 παντὸς

482 4903 867 4967 ἀναϐαίνοντος
896 4907 977 4967 είς
1003 4905 1064 4957 τὸ
1091 4903 1218 4975 ὅρος
1247 4905 1476 4975 Κυρίου·
1513 4924 1533 4958 ι
1556 4904 1756 4972 Ἀθῶος
1780 4909 1937 4980 χερσὶ
1960 4909 2056 4964 καὶ
2085 4909 2324 4981 καθαρὸς
2355 4913 2423 4981 τῇ
2455 4910 2671 4983 καρδίᾳ.
2698 4929 2718 4963 ι

544 4993 744 5050 PALL.
764 4994 851 5049 —lta
877 4994 1119 5049 videtur.

541 5083 702 5141 CYR.
735 5084 987 5152 Quonam
1008 5087 1317 5143 veromodo
1347 5097 1535 5145 essent
1560 5090 1692 5146 item
1738 5107 1840 5163 pro
1869 5109 2059 5151 sacer-

474 5176 704 5231 dotibus
757 5176 1069 5247 peragenda
1113 5177 1407 5245 sacriﬁcia,
1453 5183 1634 5238 sanxit
1672 5183 1901 5243 dicens:
1945 5207 1964 5239 ι
1991 5187 2061 5242 Et

479 5265 722 5325 adduces
742 5266 974 5320 vitulum
997 5266 1065 5321 ad
1091 5268 1293 5324 ostium
1348 5270 1691 5329 tabernaculi
1728 5276 2059 5343 testimonii,

480 5366 535 5428 et
568 5358 852 5426 imponent
879 5357 1059 5413 Aaron
1100 5370 1157 5415 et
1214 5360 1313 5417 lilii
1342 5365 1462 5435 ejus
1490 5381 1689 5421 manus
1718 5383 1849 5425 suas
1893 5384 2064 5440 super

482 5455 645 5517 caput
665 5445 823 5523 vituli
845 5448 998 5519 juxta
1019 5460 1235 5520 portam
1260 5451 1605 5511 tabernaculi
1640 5457 1940 5513 testimonii
1968 5471 2062 5513 co-

482 5554 602 5594 ram
623 5537 886 5606 Domino;
916 5548 972 5594 et
995 5540 1308 5599 immolabis
1345 5545 1578 5601 vitulum
1611 5561 1796 5602 coram
1827 5547 2062 5606 Domino

486 5627 554 5682 ad
590 5626 793 5682 ostium
843 5630 1180 5688 tabernaculi
1234 5633 1561 5701 testimonii,
1620 5645 1677 5691 et
1727 5636 1968 5708 accipies
1991 5638 2061 5695 de

555 5804 599 5838 “
645 5806 823 5865 Exod.
864 5824 1006 5878 xxxx,
1062 5811 1177 5867 1-9.
1254 5813 1301 5846 “
1360 5813 1522 5871 Rom.
1563 5829 1677 5885 xm,
1706 5815 1793 5872 u.
1869 5817 1914 5854 "'
1952 5820 2095 5878 Psal.
2129 5837 2263 5897 nn,
2292 5827 2343 5885 5.
2419 5830 2465 5863 “
2494 5828 2633 5887 Pa'al.
2670 5847 2821 5899 xxxn,
2852 5833 2905 5889 ι.

2233 5001 2444 5058 ΠΑΛΛ.
2483 5002 2723 5057 Ἔοικεν.

2235 5093 2402 5147 ΚΥΡ.
2441 5094 2576 5148 Τίνα
2611 5096 2669 5149 δέ
2716 5096 2919 5169 τρόπον
2967 5093 3033 5153 αὖ
3068 5100 3478 5172 ἐκπράττεσοαι
3503 5100 3612 5177 χρὴ
3667 5107 3760 5169 τὰς

2161 5182 2303 5256 ὺπέρ
2326 5183 2436 5237 τῶν
2479 5185 2670 5258 ἱερέων
2713 5186 2922 5254 θυσίας,
2952 5191 3301 5263 ἐθεσμοθέτει
3328 5194 3504 5263 λέγων
3529 5212 3544 5228 ο
3585 5213 3607 5247 ι
3656 5195 3771 5249 Kal

2163 5274 2459 5347 προσάξεις
2479 5277 2586 5330 τὸν
2605 5277 2806 5349 μόσχον
2837 5280 2930 5334 ἐπὶ
2955 5280 3054 5345 τὰς
3089 5282 3262 5354 θύρας
3297 5283 3397 5354 τῆς
3430 5283 3639 5355 σκηνῆς
3674 5283 3759 5335 toi

2167 5367 2602 5439 μαρτυρίω,κα“ι
2631 5369 2987 5443 ἐπιθήσουσιν
3017 5372 3231 5445 Ἀαρὼν
3256 5376 3351 5429 καὶ
3382 5376 3430 5429 οί
3460 5376 3571 5429 υίοὶ
3596 5372 3767 5430 αὐτοῦ

2164 5458 2266 5522 τὰς
2299 5461 2489 5530 χεῖρας
2508 5461 2689 5515 αὐτῶν
2716 5462 2809 5516 ἐπὶ
2839 5463 2937 5536 τὴν
2962 5465 3209 5537 κεφαλὴν
3232 5467 3326 5521 τοῦ
3354 5468 3555 5539 μόσχου
3581 5468 3764 5522 ἔναντι

2166 5551 2397 5623 Κυρίου,
2436 5552 2594 5625 παρὰ
2611 5554 2710 5618 τὰς
2742 5553 2914 5629 θύρας
2940 5556 3039 5629 τῆς
3070 5557 3279 5630 σκηνῆς
3305 5557 3401 5612 τοῦ
3423 5556 3745 5631 μαρτυρίου,

2168 5640 2265 5695 καὶ
2296 5643 2525 5714 σφάξεις
2570 5644 2666 5700 τὸν
2725 5647 2929 5719 μόσχον
2967 5648 3151 5705 ἔναντι
3191 5650 3397 5723 Κυρίου
3419 5690 3435 5718 ,
3476 5650 3627 5724 παρὰ
3658 5655 3757 5705 τὰς

3772 5787 3791 5841 l
