4118 6438
418 375 539 457 ’πη

1146 395 1236 451 DE
1275 392 1721 451 ADORATIONE
1758 394 1826 452 IN
1871 391 2147 451 SPIRITU
2183 392 2273 450 ΕΤ
2312 390 2667 453 VEMTATE
2742 395 2873 451 LIB.
2918 392 3015 452 XI:

3639 402 3744 460 734

426 518 604 592 θύρας
631 517 731 590 τῆς
760 515 966 588 σκηνῆς
998 508 1093 569 τοῦ
1126 512 1456 587 μαρτυρίου.
1487 511 1596 568 Καὶ
1616 510 1765 587 λήψῃ
1793 511 1904 567 ἀπὸ
1940 511 2026 567 τοῦ

2142 512 2411 583 sanguine
2437 513 2622 579 vituli,
2647 522 2706 570 et
2743 529 2920 588 pones
2946 531 3117 588 super
3166 515 3294 573 duo
3314 531 3524 574 cornua
3555 518 3745 575 altaris

424 611 664 681 αἱματος
696 605 792 664 τοῦ
814 609 1042 681 μόσχου.
1060 607 1157 663 καὶ
1186 605 1376 678 θήσεις
1394 605 1489 661 ἐπὶ
1514 606 1625 660 τῶν
1658 604 1754 661 δύο
1786 604 2037 676 κεράτων

421 707 523 758 τοῦ
558 699 956 772 θυσιαστηρίου
988 696 1069 769 τῷ
1094 696 1350 769 δακτύλῳ
1383 713 1502 754 σου.
1527 694 1602 751 Τὸ
1634 695 1691 749 δὲ
1712 694 1902 750 λοιπὸν
1927 696 2038 750 πᾶν

424 790 572 865 αἷμα
607 793 822 862 ἐκχεεῖς
866 789 1021 864 παρὰ
1037 789 1140 862 τὴν
1177 787 1335 858 βάσιν
1357 787 1451 842 τοῦ
1485 787 1901 860 θυσιαστηρίου,
1939 788 2039 843 καὶ

424 885 575 958 λήψῃ
608 884 718 939 πᾶν
746 884 810 938 τὺ
845 883 1014 957 στέαρ
1046 883 1108 937 τὸ
1143 883 1238 938 ἐπὶ
1275 881 1376 952 τῆς
1418 879 1653 946 κοιλίας,
1691 880 1787 934 καὶ
1820 882 1913 937 τὸν
1949 881 2039 936 λο-

421 979 522 1034 ϐὸν
562 977 654 1032 τὸν
704 978 799 1032 ἐπὶ
844 975 940 1031 τοῦ
969 978 1205 1047 ἥπατος.
1238 974 1334 1030 καί¹
1365 973 1494 1038 τοὺς
1513 972 1609 1028 δύο
1643 974 1899 1046 νεφροὺς,
1941 975 2038 1029 καὶ

423 1071 488 1125 τὸ
505 1070 676 1142 στέαρ
695 1071 757 1124 τὸ
777 1070 864 1123 ἐπ’
883 1068 1086 1131 αὐτῶν,
1107 1068 1205 1124 καὶ
1232 1067 1517 1140 ἐπιθήσεις
1538 1066 1632 1120 ἐπὶ
1652 1066 1712 1120 τδ
1736 1066 2037 1139 θυσιαστή-

423 1182 565 1236 ριον.
600 1164 683 1218 Τὰ
715 1163 773 1219 δὲ
806 1162 1018 1234 κρέατα
1050 1162 1146 1217 τοῦ
1191 1162 1420 1233 μόσχου,
1473 1162 1567 1216 καὶ
1615 1160 1675 1216 τὸ
1704 1161 1908 1233 δέρμα,
1940 1162 2039 1217 καὶ

420 1256 526 1329 τὴν
550 1254 758 1328 κόπρον
786 1254 1161 1318 κατακαύσεις
1189 1253 1326 1323 πυρὶ
1348 1253 1457 1320 ἔξω
1488 1254 1586 1323 τῆς
1626 1252 1992 1324 παρεμϐολῆς
2018 1270 2032 1282 ’

423 1348 705 1423 ἁμαρτίας
724 1347 838 1420 γάρ
862 1350 1001 1404 ἐστι.
1038 1346 1152 1401 Καὶ
1177 1347 1269 1401 τὸν
1294 1345 1450 1418 κριὸν
1481 1343 1629 1417 λήψῃ
1663 1345 1758 1398 τὸν
1788 1345 1904 1408 ἕνα,
1937 1345 2033 1398 καὶ

421 1439 782 1511 ἐπιθήσουσιν
818 1435 1030 1508 Ἀαρὼν
1047 1436 1144 1491 καὶ
1165 1437 1212 1490 οἱ
1251 1436 1361 1490 υἱοὶ
1384 1434 1553 1490 αὐτοῦ
1591 1434 1694 1498 τὰς
1715 1438 1907 1505 χεῖρας
1932 1436 2034 1489 αὐ-

419 1530 532 1585 τῶν
554 1531 651 1586 ἰπὶ
682 1529 783 1603 τὴν
809 1528 1056 1601 κεφαλὴν
1084 1528 1179 1584 τοῦ
1215 1526 1397 1601 κριοῦ,
1444 1529 1539 1582 καὶ
1579 1527 1811 1598 σφάξεις
1846 1529 2031 1594 αὐτὸν,

419 1623 520 1678 καὶ
556 1620 742 1678 λαϐὼν
798 1622 864 1677 τὸ
912 1615 1054 1692 αἱμα
1080 1623 1339 1692 προχεεῖς
1367 1619 1507 1693 πρὸς
1549 1620 1609 1674 τὸ
1643 1620 2034 1690 θυσιαστήριον

418 1714 628 1788 κύκλῳ,
668 1716 766 1769 καὶ
795 1714 888 1768 τὸν
924 1711 1082 1785 κριδν
1110 1712 1494 1785 διχοτομήσεις
1520 1712 1665 1767 κατὰ
1697 1712 1836 1784 μέλη
1872 1725 1887 1741 ⁸
1939 1712 2035 1765 κοιλ¹

422 1808 649 1875 πλυνεῖς
682 1806 754 1863 τὰ
787 1806 1036 1862 ὲνδόσθια
1066 1807 1162 1861 καὶ
1198 1807 1326 1871 τοὺς
1369 1806 1537 1871 πόδας
1568 1805 1744 1873 ὕδατι,
1780 1806 1877 1860 καὶ
1905 1806 2029 1859 ἐπι-

2136 601 2317 674 digito
2343 610 2469 671 tuo;
2527 603 2805 677 reliquum
2829 620 2965 661 vero
3017 606 3342 680 sanguinem
3376 607 3630 665 eﬂ‘uudes
3675 610 3760 665 ml.

2137 694 2314 750 basim
2332 694 2552 751 altaris:
2576 703 2635 753 et
2656 699 2896 769 accipies
2922 699 3165 771 adipem,
3180 701 3573 773 quiest’supcr
3593 718 3758 759 rem-

2141 795 2250 851 tre,
2279 795 2338 842 et
2361 787 2610 860 pinnam,
2630 805 2755 860 qua:
2774 799 2860 845 est
2878 806 3048 862 super
3065 794 3275 861 jecore,
3318 801 3393 848 et"
3409 793 3551 850 duos
3582 810 3745 850 renes

2138 885 2197 937 et
2228 879 2470 951 adipem,
2496 881 2593 951 qui
2646 890 2734 936 est
2782 898 2951 954 super
2977 884 3134 955 ipsis,
3163 893 3220 940 et
3280 886 3536 957 impones
3574 902 3768 959 super.-

2137 969 2334 1025 altare.
2391 969 2599 1027 Carnes
2657 981 2844 1028 autem
2902 974 3064 1030 vituli
3116 986 3173 1031 et
3226 978 3749 1049 pellem.ct..ﬁ-mum

2137 1063 2436 1119 combures
2475 1064 2584 1135 igni
2617 1073 2774 1121 extra
2808 1074 3023 1135 castra;
3060 1084 3162 1139 pro
3192 1079 3438 1140 peccato-
3459 1072 3608 1128 enim
3633 1081 3736 1128 est.

2139 1153 2207 1210 Et
2230 1154 2473 1226 accipies
2506 1156 2742 1211 arietem
2784 1174 2980 1224 unum,
3032 1167 3090 1214 et
3141 1160 3431 1232 imponent
3460 1162 3643 1235 Aaron
3684 1172 3740 1218 et

2140 1246 2238 1301 ﬁlii
2261 1248 2385 1318 ejus
2408 1263 2606 1303 manus
2631 1263 2763 1303 suas
2804 1265 2972 1321 super
3012 1260 3179 1322 caput
3208 1250 3421 1317 arietis,
3440 1261 3497 1308 et
3535 1253 3735 1309 immo-

2139 1338 2281 1393 labis
2306 1354 2456 1404 cum,
2515 1346 2574 1393 et
2622 1349 2913 1411 acceptum
2957 1342 3285 1414 sanguinem
3324 1344 3630 1414 profundos
3666 1346 3737 1401 ad

2138 1428 2313 1483 altare
2341 1444 2441 1499 per
2465 1428 2789 1497 circuitum,
2825 1441 2883 1487 et
2906 1432 3138 1488 arietem
3161 1435 3423 1490 concides
3445 1450 3544 1506 per
3564 1451 3740 1491 mem-

2139 1520 2260 1585 bra,
2308 1529 2365 1576 et
2399 1521 2615 1577 lavabis
2655 1521 2926 1578 interiora
2963 1532 3021 1580 et
3046 1524 3217 1595 pedes
3250 1540 3418 1596 aqua,
3450 1532 3510 1581 et
3556 1525 3736 1597 impo-

2136 1628 2239 1667 nes
2264 1615 2815 1685 superconcisioncs
2837 1631 2963 1671 cum
2988 1616 3170 1687 capite
3198 1635 3210 1670 :
3244 1626 3301 1673 et
3328 1615 3533 1672 oﬁeres
3562 1625 3735 1672 totum

2137 1705 2371 1760 arietem
2404 1721 2576 1779 super
2604 1707 2797 1772 altare,
2831 1707 3222 1765 holocaustum
3253 1709 3493 1764 Domino
3518 1708 3572 1763 in
3596 1708 3726 1763 odo-

2137 1813 2253 1852 rem
2289 1799 2604 1866 suavitatis,
2645 1800 2898 1856 incensio
2935 1820 2948 1856 :
2984 1810 3069 1857 est
3099 1802 3356 1857 Domino.
3391 1802 3459 1857 Et
3497 1802 3743 1874 accipies

419 1865 762 1973 Oﬁﬂ'ﬂcvéﬂ‘t
812 1898 883 1954 τὰ
926 1865 1342 1971 διχοτομήματα
1390 1899 1488 1953 σὺν
1518 1865 1612 1968 ⁷τῇ
1646 1865 1881 1971 κειραλῇ,
1933 1900 2026 1952 καὶ

2134 1894 2387 1960 arietem,
2419 1902 2476 1949 et
2512 1894 2802 1965 imponent
2819 1893 3004 1951 Aaron
3036 1905 3094 1951 et
3118 1895 3216 1950 ﬁlii
3246 1897 3367 1967 ejus
3394 1911 3592 1953 manus
3609 1910 3742 1951 suas

417 1994 661 2057 ἀνοίσεις
681 1993 804 2047 ὅλον
835 1991 929 2048 τὸν
951 1992 1109 2064 κριὸν
1140 1992 1235 2045 ἐπὶ
1260 1991 1323 2046 τὸ
1354 1991 1766 2064 θυσιαστήριον,
1799 1990 2028 2045 ὁλοκαύ-

419 2102 580 2158 τωμα
609 2084 687 2156 τῷ
709 2083 906 2156 Κυρίῳ
933 2085 1015 2147 εἱς
1041 2083 1221 2155 ὀσμὴν
1249 2083 1480 2148 εὐωδίας
1506 2100 1520 2114 ·
1554 2083 1814 2155 θυμίαμα
1836 2081 2029 2155 Κυρίῳ

417 2177 563 2233 ἐστί.
604 2178 718 2232 Καὶ
741 2176 888 2250 λήψῃ
911 2176 1005 2232 τὸν
1034 2177 1192 2249 κριὸν
1224 2175 1320 2230 τὸν
1351 2174 1632 2248 δεύτερον,
1692 2176 1789 2230 καὶ
1829 2174 2029 2247 ὲπιθήυ

422 2287 507 2325 σει
556 2267 775 2342 Ἀαρὼν
800 2269 898 2324 καὶ
943 2270 992 2323 οἱ
1032 2268 1141 2323 υἱοὶ
1168 2266 1338 2322 αὑτοῦ
1366 2267 1467 2331 τὰς
1493 2269 1685 2340 χεῖρας
1717 2266 1901 2321 αὐτῶν
1935 2267 2029 2320 ὲ.πὶ

418 2361 522 2433 τὴν
548 2359 797 2430 κεφαλὴν
824 2358 921 2414 τοῦ
952 2359 1134 2432 κριοῦ,
1160 2360 1257 2414 καὶ
1283 2358 1509 2429 σφάξεις
1531 2358 1717 2423 αὑτὸν,
1745 2359 1843 2413 καὶ
1881 2358 2030 2431 λήψῃ

418 2453 515 2509 τοῦ
551 2453 789 2524 αἵματος
816 2453 1011 2517 αὐτοῦ,
1046 2452 1141 2506 καὶ
1185 2450 1471 2523 ἐπιθήσεις
1500 2452 1594 2504 ἐπὶ
1625 2450 1716 2505 τὸν
1740 2451 1897 2504 λοϐὸν
1931 2451 2027 2505 τοῦ

416 2546 560 2611 ὠτὸς
604 2546 821 2618 ’Δαρὼν
852 2545 949 2600 τοῦ
968 2543 1170 2610 δεξιοῦ,
1194 2544 1290 2599 καὶ
1325 2545 1418 2598 ἐπὶ
1449 2544 1509 2597 τὸ
1538 2543 1709 2615 ἄκρον
1726 2546 1827 2616 τῆς
1846 2542 2030 2609 δεξιᾶς

417 2640 626 2711 χειρὸς,
650 2639 749 2694 καὶ
772 2639 869 2694 ἐπὶ
886 2638 946 2692 τὸ
966 2638 1136 2709 ἄκρον
1170 2637 1265 2692 τοῦ
1286 2636 1446 2702 ποδὸς
1477 2635 1571 2690 τοῦ
1603 2636 1802 2704 δεξιοῦ,
1824 2640 1918 2690 καὶ
1935 2636 2029 2691 ἐπὶ

416 2730 752 2798 τοὺςλοϐοὺς
770 2731 882 2786 τῶν
902 2729 1058 2786 ὤτων
1088 2728 1198 2785 τῶν
1215 2729 1348 2782 υἱῶν
1365 2728 1535 2783 αὐτοῦ
1563 2728 1673 2782 τῶν
1693 2727 1907 2794 δεξιῶν,
1933 2728 2030 2785 καὶ¹

417 2826 517 2878 ἐπὶ
533 2824 602 2881 τὰ
631 2825 781 2897 ἄκρα
811 2823 921 2878 τῶν
945 2823 1151 2896 χειρῶν
1165 2821 1471 2876 αὐτῶντῶν
1496 2819 1708 2889 δεξιῶν,
1739 2821 1835 2875 καὶ
1853 2821 1946 2875 ἐπὶ
1962 2819 2030 2875 τὰ

417 2917 567 2989 ἄκρα
593 2917 705 2972 τῶν
744 2916 924 2973 ποδῶν
943 2915 1125 2971 αὐτῶν
1145 2914 1255 2969 τῶν
1270 2913 1481 2980 δεξιῶν.
1500 2913 1613 2967 Καὶ
1630 2912 1775 2984 λήψῃ
1802 2912 1908 2966 ἀπὸ
1933 2911 2027 2966 τοῦ

413 3011 655 3084 αἵματος
694 3009 791 3065 τοῦ
840 3008 1259 3080 θυσιαστηρίου,
1290 3008 1389 3061 καὶ
1424 3006 1533 3061 ἀπὸ
1565 3005 1663 3060 τοῦ
1704 3005 1890 3061 ἐλαίου
1924 3005 2029 3076 τῆς

417 3101 675 3172 κρίσεως,
707 3101 802 3154 καὶ
820 3102 1004 3172 ῥανεϊς
1028 3102 1121 3154 ἐπὶ
1144 3097 1358 3172 Ἀαρὼν
1375 3099 1469 3153 καὶ
1483 3097 1578 3151 ἐπὶ
1594 3100 1692 3169 τὴν
1711 3096 1905 3169 στολὴν
1926 3098 2026 3154 αὖ·

2132 2000 2301 2056 super
2317 1994 2484 2058 caput
2507 1987 2720 2054 arietis,
2750 1996 2806 2043 et
2827 1988 3143 2044 immolabis
3169 2003 3320 2053 eum,
3371 2001 3429 2044 et
3459 2002 3646 2043 sumes
3669 1988 3740 2044 de

2131 2078 2401 2149 sanguine
2417 2078 2590 2145 illius,
2608 2087 2666 2135 et
2680 2095 2853 2150 pones
2876 2095 3045 2150 super
3060 2087 3369 2135 extremum
3388 2079 3540 2135 auris
3557 2079 3739 2134 Aaron

2132 2168 2361 2235 dextra,
2398 2180 2457 2225 et
2492 2187 2661 2242 super
2692 2172 3071 2227 summitatem
3117 2175 3479 2251 manusrejus
3503 2173 3735 2242 dextrae,

2132 2271 2191 2316 et
2220 2278 2389 2334 super
2418 2265 2797 2320 summitatem
2857 2264 3018 2335 pedis
3046 2266 3172 2337 ejus
3228 2264 3437 2333 dextri,
3462 2276 3522 2325 et
3569 2283 3735 2339 super

2134 2362 2384 2411 extrema
2432 2357 2655 2411 aurium
2689 2356 2931 2411 ﬁliorum
2962 2357 3086 2430 ejus
3110 2356 3456 2426 dextrawm,
3482 2366 3539 2414 et
3572 2374 3740 2430 super

2134 2448 2486 2503 summitates
2508 2464 2775 2503 manuum
2807 2448 3058 2520 ipsorum
3082 2450 3428 2517 dextrarum,
3475 2460 3531 2506 et
3568 2467 3739 2522 super

2134 2541 2486 2597 summitates
2524 2540 2730 2613 pedum
2782 2543 3033 2613 ipsorum
3065 2540 3410 2599 dextrorum.
3454 2543 3524 2600 Et
3552 2559 3738 2600 sumes

2133 2632 2203 2689 de
2231 2635 2523 2705 sanguine,
2551 2634 2648 2705 qui
2682 2642 2769 2691 est
2816 2650 2987 2707 super
3019 2635 3217 2701 altare,
3271 2645 3329 2692 et
3360 2636 3429 2692 de
3462 2637 3586 2692 oleo
3630 2654 3739 2693 un-

2134 2725 2362 2793 ctionis,
2403 2734 2463 2781 et
2483 2742 2742 2798 asperch
2785 2742 2955 2798 super
2998 2725 3203 2793 Aaron,
3238 2737 3296 2783 et
3348 2745 3517 2800 super
3542 2730 3737 2785 stolam

2133 2818 2275 2891 ejus,
2321 2828 2379 2875 et
2416 2834 2586 2891 super
2639 2818 2784 2876 ﬁlios
2811 2821 2955 2892 ejus.
2990 2831 3048 2877 et
3081 2837 3250 2893 super
3296 2822 3466 2878 stolas
3499 2822 3738 2879 ﬁliorum

2131 2913 2255 2984 ejus
2283 2928 2410 2969 cum
2435 2913 2577 2984 ipso,
2610 2922 2668 2969 et
2698 2912 3139 2970 sanctiﬁcabitur
3168 2914 3283 2986 ipse
3300 2923 3356 2969 et
3382 2916 3519 2970 stola
3544 2913 3737 2985 ipsius.

2132 3017 2190 3061 et
2217 3005 2316 3060 ﬁlii
2349 3008 2493 3078 ejus,
2525 3015 2583 3062 et
2600 3007 2755 3062 stolae
2784 3005 3024 3061 ﬁliorum
3058 3008 3180 3079 ejus
3222 3024 3348 3062 cum
3379 3024 3466 3063 eo.
3498 3008 3740 3082 διωκυῇ

2130 3113 2261 3154 nem
2284 3114 2418 3153 vero
2435 3098 2628 3154 arietis
2647 3097 2951 3170 profundes
2986 3099 3054 3154 ad
3076 3101 3124 3155 al
3134 3108 3251 3155 tare
3275 3117 3374 3171 per
3389 3101 3691 3155 circuitum
3719 3118 3736 3164 ;

413 3192 535 3259 τοῦ,
566 3197 660 3247 καὶ
682 3194 777 3247 ἐπὶ
800 3194 927 3258 τοὺς
952 3192 1103 3256 υἱοὺς
1132 3191 1300 3247 αὐτοῦ
1322 3192 1418 3246 κα)⁸
1441 3192 1532 3245 ἐπὶ
1559 3190 1659 3255 τὰς
1686 3189 1883 3256 στολὰς
1916 3187 2026 3244 τῶν

2132 3197 2190 3243 et
2217 3204 2404 3246 sumes
2425 3188 2495 3243 ab
2519 3188 2682 3262 393
2706 3188 2881 3245 ariete
2894 3189 3114 3261 adipem
3135 3191 3276 3262 ejus,
3298 3202 3355 3247 et.
3374 3192 3616 3263 adipem,
3641 3194 3738 3264 qui

414 3285 554 3340 υἱῶν
577 3285 745 3339 αὑτοῦ
781 3284 903 3357 μετ’
940 3285 1128 3347 αὐτοῦ,
1162 3284 1256 3338 καὶ
1276 3282 1853 3353 ἁγιασθήσεταιαύτὸς
1877 3282 2024 3354 καὶὴ

412 3377 583 3450 στολή
604 3376 793 3439 αὐτοῦ,
827 3376 923 3431 καὶ
943 3377 994 3430 οἱ
1018 3377 1124 3430 υίοὶ
1148 3373 1315 3429 αὐτοῦ
1331 3375 1426 3429 καὶ
1441 3376 1499 3428 αἱ
1535 3374 1721 3428 στολαὶ
1753 3371 1862 3428 τῶν
1887 3373 2023 3427 υἱῶν

406 3469 607 3526 αὐτοῦ.
650 3471 724 3524 Τὸ
750 3470 807 3524 δὲ
867 3464 1011 3542 αἷμα
1048 3469 1144 3523 τοῦ
1178 3467 1336 3540 κριοῦ
1377 3472 1632 3541 προχεεῖζ
1664 3470 1804 3541 πρὸς
1834 3468 1892 3522 τὸ
1926 3467 2025 3522 θυ-

416 3550 741 3635 σιαστήριον
764 3563 973 3635 κύκλῳ,
1007 3563 1101 3616 καὶ
1136 3562 1286 3635 λήψῃ
1312 3563 1422 3616 ἀπὸ
1448 3563 1543 3616 τοῦ
1584 3561 1742 3633 κριοῦ
1765 3561 1826 3615 τὸ
1857 3561 2024 3634 στέαρ

410 3655 608 3720 αὐτοῦ,
645 3656 744 3712 καὶ
780 3656 843 3709 τδ
870 3657 1044 3728 στέαρ
1079 3656 1142 3710 τὸ
1166 3654 1594 3711 κατακαλύπτον
1638 3656 1740 3726 τὴν
1786 3654 2021 3718 κοιλίαν,

412 3749 512 3803 καὶ
552 3749 647 3802 τὸν
702 3748 865 3803 λοῦδν
893 3748 991 3803 τοῦ
1036 3749 1272 3820 ἥπατος,
1312 3749 1409 3803 καὶ
1460 3750 1589 3813 τοὺς
1630 3748 1726 3803 δύο
1762 3754 2021 3821 νεφροὺς,

408 3840 515 3893 καὶ
555 3839 620 3895 τὸ
652 3838 824 3911 στέαρ
870 3840 931 3894 τὸ
965 3841 1057 3894 ὑπ’
1092 3840 1295 3904 αὐτῶν,
1343 3840 1559 3894 καὶτὸν
1612 3838 1880 3911 βραχίονα
1930 3840 2023 3892 τὸν

406 3928 590 3995 δεξιόν
611 3946 625 3960 ·
652 3929 770 3985 ἔστι
820 3931 932 4003 γὰρ
962 3931 1248 3994 τελείωσις
1277 3930 1421 4002 αῦτη
1452 3945 1465 3959 ·
1505 3932 1601 3987 καὶ
1632 3932 1798 4004 ἄρτον
1828 3931 1927 3986 ἕνα
1962 3930 2024 3999 ἐξ

406 4022 599 4078 ἐλαίου
620 4065 636 4092 ,
670 4025 767 4079 καὶ
798 4023 1038 4089 λάγανον
1068 4023 1127 4078 ἓν
1162 4024 1271 4080 ἀπὸ
1306 4024 1402 4079 τοῦ
1439 4024 1605 4080 κανοῦ
1641 4024 1750 4081 τῶν
1792 4024 2022 4095 ἀζύμων

408 4113 527 4167 τῶν
574 4114 1018 4186 προτεθειμένων
1076 4116 1261 4170 ἔναντι
1316 4115 1549 4186 Κυρίου.
1593 4116 1705 4171 Καὶ
1737 4116 2021 4187 ἐπιθήσεις

404 4202 486 4255 τὰ
516 4203 693 4259 πάντα
716 4205 811 4258 ἐπὶ
836 4204 936 4268 τὰς
967 4209 1157 4277 χεῖρας
1199 4203 1433 4276 Ἀαρὼν,
1472 4206 1565 4260 καὶ
1593 4206 1686 4259 ὲπὶ
1714 4205 1814 4270 τὰς
1832 4208 2022 4277 χεῖρας

406 4294 526 4348 τῶν
555 4296 690 4350 υἱῶν
712 4297 903 4352 αὐτοῦ.
943 4300 1055 4353 Καὶ
1077 4301 1328 4372 ἁφοριείς
1358 4299 1499 4353 αὐτὰ
1522 4299 1808 4371 ἀφὸρισμα
1839 4300 2020 4354 ἔναντι

407 4387 648 4460 Κυρίου,
674 4389 773 4443 καὶ
802 4388 951 4462 λήψῃ
982 4390 1125 4445 αὐτὰ
1172 4394 1238 4447 ἐκ
1281 4391 1391 4446 τῶν
1430 4391 1632 4463 χειρῶν
1663 4392 1868 4459 αὐτῶν,
1923 4391 2020 4446 καὶ

407 4478 656 4544 ἀνοίσεις
689 4482 784 4534 ἐπὶ
822 4481 884 4536 τὸ
924 4482 1317 4556 θυσιαστήριον
1350 4484 1452 4554 τῆς
1480 4482 1904 4550 ὁλοκαυτώσεως
1938 4487 2019 4550 είς

2127 3282 2309 3354 operit
2338 3291 2676 3348 ventrem,et
2705 3282 2933 3354 pinnam
2962 3284 3192 3355 jecoris,
3221 3286 3437 3348 etduos
3457 3302 3639 3353 renes,
3678 3297 3736 3341 et

2126 3375 2366 3446 adipem,
2385 3375 2483 3447 qui
2507 3392 2676 3448 super
2702 3384 2807 3441 est,
2830 3384 2887 3433 et
2910 3389 3128 3435 armum
3153 3379 3411 3434 dextrum
3443 3378 3551 3452 (est
3575 3382 3727 3436 enim

2124 3467 2532 3525 consummatio
2571 3466 2735 3537 haec),
2759 3477 2815 3524 et
2847 3484 3048 3540 panem
3091 3487 3264 3526 unum
3292 3487 3359 3526 ex
3400 3471 3545 3537 oleo,
3577 3481 3634 3528 et
3659 3473 3739 3530 ia-

2127 3575 2333 3631 ganum
2362 3577 2535 3616 unum
2561 3560 2628 3620 dc
2664 3561 2910 3617 canistro
2949 3579 3273 3636 azymorum
3325 3566 3737 3635 propositorum

2124 3660 2253 3707 ante
2276 3652 2656 3717 Dominum,et
2677 3653 2930 3718 impones
2953 3655 3139 3711 omnia
3170 3656 3225 3711 iu
3248 3672 3445 3713 manus
3470 3659 3653 3716 Aaron
3683 3669 3740 3715 et

2125 3744 2181 3799 in
2198 3761 2395 3802 manus
2409 3746 2650 3802 ﬁliorum
2682 3749 2826 3820 ejus,
2853 3757 2913 3805 et
2944 3748 3235 3819 separabis
3251 3765 3315 3805 ea
3329 3751 3738 3821 separationem

2124 3852 2311 3893 coram
2338 3838 2595 3904 Domino,
2648 3850 2705 3897 et
2729 3856 2921 3897 sumes
2954 3857 3023 3898 ea
3056 3841 3125 3897 de
3154 3842 3414 3898 manibus
3444 3858 3659 3911 eorum,
3684 3853 3741 3903 et

2123 3928 2330 3985 oﬂ'eres
2347 3946 2518 4002 super
2542 3932 2715 3987 altare
2739 3931 3050 3988 holocausti
3087 3934 3142 3987 in
3181 3932 3410 3988 odorem
3449 3933 3740 3991 suavitatis

2123 4036 2308 4078 coram
2329 4021 2562 4079 Domino
2587 4042 2600 4077 :
2620 4024 2830 4079 oblatio
2846 4034 2932 4080 est
2956 4025 3211 4080 Domino.
3237 4022 3306 4081 Et
3331 4040 3517 4081 sumcs
3539 4035 3737 4097 pectu-

2123 4114 2336 4171 sculum
2354 4113 2422 4169 ab
2446 4115 2620 4172 ariete
2633 4116 3321 4189 consummationis,‘quod
3345 4125 3428 4174 est
3449 4118 3653 4183 Aaron,
3680 4128 3739 4177 et

2121 4207 2406 4277 separabis
2430 4207 2565 4264 illud
2600 4210 3012 4280 separatiouem
3045 4226 3233 4266 coram
3270 4210 3526 4275 Domino,
3551 4212 3737 4271 cterit

2124 4301 2226 4357 tibi
2256 4301 2312 4356 in
2341 4311 2578 4373 partem,
2613 4310 2669 4357 et
2699 4303 3076 4359 sanctiﬁcabis
3104 4305 3492 4374 pectuscuium
3535 4320 3734 4375 segem

2122 4393 2426 4465 gationem,
2481 4405 2539 4451 et
2569 4410 2787 4450 armum
2832 4396 3226 4467 separationis,
3262 4395 3356 4468 qui
3396 4395 3614 4451 abiatus
3650 4405 3733 4451 est

2124 4489 2194 4545 de
2221 4489 2398 4546 ariete
2430 4490 2927 4546 consummationis
2960 4490 3029 4546 ab
3063 4494 3249 4548 Aaron
3289 4499 3348 4546 ct
3380 4506 3411 4545 a
3438 4489 3566 4546 ﬁliis
3588 4490 3730 4559 ejus,

402 4571 595 4643 ὀσμὴν
626 4572 861 4639 εὐωδίας
906 4574 1090 4629 ἔναντι
1124 4576 1333 4648 Κυρίου
1357 4593 1372 4609 ο
1406 4577 1691 4649 κάρπωμά
1743 4578 1862 4632 ἔστι
1902 4580 2017 4632 Κιμ

2129 4591 2180 4638 et
2202 4581 2311 4638 erit
2342 4580 2526 4636 Aaron
2552 4589 2608 4637 et
2646 4580 2776 4636 ﬁliis
2803 4582 2928 4653 ejus
2956 4580 3267 4653 legitimum
3323 4580 3731 4650 sempiternum

410 4663 538 4737 ρίῳ.
589 4665 701 4719 Καὶ
736 4665 883 4739 λήψῃ
916 4667 977 4720 τὸ
1016 4666 1305 4740 στηθύνιον
1347 4668 1455 4722 ἀπὸ
1487 4668 1577 4722 τοῦ
1607 4667 1765 4741 κριοῦ
1794 4669 1899 4742 τῆς
1926 4687 2018 4723 τε·

406 4752 709 4820 λειώσεως,
744 4757 773 4811 ὃ
821 4758 971 4813 ἐστιν
1022 4758 1272 4831 Ἀαρὼν,
1329 4763 1423 4815 καὶ
1455 4762 1706 4834 ἀφοριεῖς
1741 4762 1876 4816 αὐτὸ
1915 4765 2020 4834 ἀφ-

404 4849 620 4920 όρισμα
666 4849 850 4906 ἔναντι
889 4852 1119 4924 Κυρίου,
1164 4856 1260 4909 καὶ
1290 4855 1446 4910 ἔσται
1489 4873 1571 4911 σοι
1599 4856 1656 4908 ἐν
1690 4856 1890 4928 μερίδι,
1928 4858 2020 4911 καὶ

385 4939 670 5009 -ἁγιάσεις
714 4942 777 4996 τὸ
818 4942 1104 5015 στηθύνιω
1144 4947 1451 5020 ἀφόρισμα,
1501 4951 1597 5002 καὶ
1625 4948 1717 5002 τὸν
1754 4950 2019 5020 βραχίονα

405 5030 509 5086 τοῦ
548 5033 953 5107 ἁφαιρέματος,
997 5037 1057 5102 ὃς
1107 5038 1440 5112 ἁέώρισται,
1494 5041 1592 5096 καὶ
1629 5040 1687 5106 ὃς
1734 5042 2017 5114 ἀφῄρηται

405 5125 524 5183 ἀπὸ
548 5126 648 5181 τοῦ
687 5128 846 5200 κριοῦ
874 5129 977 5200 τῆς
1002 5129 1338 5198 τελειώσεως
1374 5134 1485 5188 ἀπὸ
1523 5135 1617 5189 τοῦ
1655 5135 1871 5208 Ἀαρὼν
1925 5136 2020 5190 καὶ

404 5216 523 5271 ἀπὸ
542 5216 654 5270 τῶν
671 5217 805 5273 υἱῶν
841 5222 1031 5289 αὐτοῦ,
1066 5223 1167 5277 καὶ
1192 5222 1349 5279 ἔσται
1381 5223 1597 5300 Ἀαρών
1620 5226 1853 5291 καὶτοῖς
1880 5228 2020 5290 υἱοῖς

400 5309 580 5365 αὐτοῦ
620 5310 850 5384 νόμιμον
881 5314 1098 5369 αἰώνιον
1136 5316 1291 5389 παρὰ
1319 5316 1428 5370 τῶν
1450 5317 1584 5373 υἱῶν
1605 5318 1867 5392 Ἰσραήλο
1898 5317 2017 5375 ἔστι

406 5401 523 5472 γὰρ
550 5405 838 5476 ἀφόρισμα
865 5407 1045 5473 τοῦτο,
1084 5409 1178 5463 καὶ
1206 5410 1493 5484 ἀφαίρεμα
1529 5412 1683 5467 ἔσται
1724 5412 1878 5486 παρὰ
1908 5413 2019 5468 τῶν

404 5491 551 5546 υἱῶν
595 5493 815 5567 Ἰσραὴλ
854 5498 965 5550 ἀπὸ
1000 5499 1111 5553 τῶν
1140 5498 1399 5571 θυμάτων
1437 5502 1547 5557 τῶν
1582 5504 1874 5576 σωτηρίων
1907 5503 2019 5559 τῶν

404 5585 545 5641 υἱῶν
584 5589 820 5664 Ἰσραὴλ,
860 5591 1150 5665 ἁφαὶρεμα
1185 5595 1401 5667 Κυρίῳ.
1455 5616 1472 5648 ι
1514 5598 1626 5651 Καὶ
1661 5599 1786 5670 μετ’
1818 5596 2013 5668 ὀλίγαν

408 5698 435 5732 ο
480 5680 589 5733 Καὶ
619 5683 711 5737 τὸν
750 5684 908 5756 κριὸν
944 5687 1045 5759 τῆς
1076 5687 1412 5755 τελειώσεως
1443 5689 1610 5766 λήψῃ,
1648 5692 1744 5748 καὶ
1786 5692 2017 5766 ἑψήσεις

402 5770 483 5824 τὰ
516 5774 658 5841 κρέα
688 5776 748 5830 ἐν
777 5777 927 5850 τόπῳ
960 5779 1125 5852 ἁγίῳ,
1173 5780 1264 5837 καὶ
1318 5783 1526 5839 ἔδονται
1569 5784 1780 5858 Ἀαρὼν
1828 5787 1922 5843 καὶ
1962 5786 2012 5844 οἱ

484 5883 529 5916 ⁸⁷
564 5884 742 5941 Exod.
779 5903 925 5958 nix,
957 5888 1137 5947 l0-3L

2128 4690 2160 4731 a
2192 4672 2324 4732 ﬁliis
2353 4674 2546 4740 Israel;
2572 4685 2659 4730 est
2686 4674 2836 4729 enim
2861 4673 3142 4745 separatio
3179 4674 3296 4730 iure
3332 4681 3389 4730 et
3420 4673 3669 4744 demptio
3701 4690 3731 4727 a

2125 4765 2419 4822 sacriﬁciis
2450 4766 2789 4823 salutaribus
2818 4766 3061 4823 ﬁliorqu
3109 4766 3298 4832 Israel,
3335 4766 3582 4837 demptio
3620 4766 3731 4821 Duo

2127 4859 2343 4915 mino.»
2392 4860 2461 4915 Ει
2481 4868 2607 4931 post
2643 4876 2855 4931 pauca:
2923 4880 2940 4912 ι
2970 4862 3035 4917 Et
3090 4860 3323 4917 arietem
3374 4873 3731 4914 consumam-

2126 4954 2294 5008 tiouis
2327 4970 2536 5018 sumes,
2591 4965 2649 5010 et
2695 4968 2903 5025 coquos
2950 4970 3149 5012 carnes
3180 4955 3234 5010 iu
3263 4955 3386 5014 loco
3429 4959 3643 5018 sancto,
3675 4959 3733 5006 et

2126 5045 2295 5101 edent
2327 5045 2510 5101 Aaron
2535 5057 2592 5102 et
2616 5047 2711 5102 ﬁlii
2735 5048 2857 5117 ejus
2887 5063 3085 5103 carnes
3116 5046 3310 5101 arietis
3333 5056 3389 5100 ct
3414 5060 3606 5114 panes,
3632 5044 3728 5113 qui

2126 5146 2259 5193 sunt
2299 5138 2355 5192 iu
2380 5138 2659 5205 canistro;
2698 5149 2754 5195 et
2785 5140 2853 5195 ad
2877 5142 3082 5195 ostium
3109 5136 3454 5195 tabernaculi
3482 5136 3733 5192 testimo-

2126 5230 2203 5284 nii
2236 5231 2406 5287 edent
2443 5247 2530 5295 ea,
2555 5232 2612 5287 in
2636 5233 2843 5303 quibus
2871 5232 3202 5288 sanctiﬁcati
3240 5239 3370 5291 sunt
3406 5232 3459 5285 in
3486 5231 3642 5302 ipsis,
3669 5240 3731 5286 ut

2122 5330 2594 5378 consecrarentur
2648 5339 2846 5378 manus
2891 5338 3088 5378 eorum
3138 5322 3208 5378 ad
3262 5320 3729 5378 sanctiﬁcandum

2124 5429 2260 5480 eos;
2292 5423 2350 5471 et
2382 5415 2691 5487 alienigena
2725 5432 2836 5471 non
2863 5415 2993 5471 edet
3015 5432 3082 5471 ex
3111 5414 3226 5477 eis;
3261 5423 3392 5470 sunt
3424 5415 3574 5470 enim
3600 5428 3730 5469 san-

2124 5513 2234 5561 cta.
2257 5504 2415 5573 Quod
2443 5506 2489 5562 si
2521 5508 2775 5562 relictum
2809 5506 2978 5562 fuerit
2999 5506 3067 5563 dc
3100 5506 3363 5565 carnibus
3386 5505 3581 5561 hostiae
3597 5518 3730 5559 cou-

2122 5599 2536 5666 summationis,
2593 5610 2650 5654 et
2680 5601 2748 5657 de
2789 5600 3028 5673 panibus
3062 5616 3236 5672 usque
3294 5615 3475 5662 mane,
3513 5596 3728 5668 reliqua

2118 5694 2423 5751 eombures
2474 5694 2584 5768 igni
2627 5712 2642 5751 :
2700 5710 2811 5753 non
2880 5695 3284 5753 comedentur:
3338 5698 3526 5748 sancta
3574 5688 3727 5745 enim

2121 5797 2251 5845 sunt
2277 5788 2341 5845 ⁵⁷.
2367 5807 2386 5842 ι
