4118 6428
437 432 543 485 7ῧὸ
1174 484 1179 485 ί
1465 422 1520 475 S.
1561 419 1837 476 CYRILLI
1877 416 2349 474 ALEXANDle
2386 415 2708 473 ARCHIEP.
3614 410 3721 467 750

438 547 545 600 υἱοὶ
578 542 742 600 αύτοῦ
766 543 835 599 τὰ
875 543 1010 617 κρέα
1040 541 1135 596 τοῦ
1166 538 1345 613 κριοῦ,
1394 538 1644 613 καὶτοὺς
1680 536 1876 608 ἄρτους
1904 536 2032 598 τοὺς
2066 535 2125 587 ὲν
2161 532 2241 604 τῷ
2290 533 2464 604 κανῷ,
2520 532 2675 604 παρὰ
2705 531 2806 596 τὰς
2855 529 3030 602 θύρας
3067 528 3165 600 τῆς
3205 529 3414 599 σκηνῆς
3450 524 3546 581 τοῦ
3575 543 3721 599 μαρ-

434 641 622 709 τυρίου
670 640 876 692 ἔδονται
917 634 1081 699 αὐτὰ,
1126 634 1186 686 ὲν
1238 626 1319 696 οἷς
1357 630 1703 702 ἡγιάσθησαν
1778 629 1836 681 ὲν
1882 628 2067 689 αὐτοῖς
2137 624 2423 680 τελειῶσαι
2466 623 2567 688 τὰς
2611 627 2804 696 χεῖρας
2856 623 3040 677 αὐτῶν
3086 623 3313 690 ἁγιάσαι
3362 620 3581 683 αὐτοὺς,
3621 622 3719 675 καὶ

436 729 730 799 ἀλλογενὴς
784 728 882 781 ούκ
927 726 1105 779 ἔδεται
1167 725 1263 778 ἀπ’
1315 722 1524 777 αὐτῶν·
1575 721 1829 792 ἔστιγὰρ
1863 719 2015 789 ἅγια.
2067 721 2194 774 Ἐάν
2233 719 2289 773 δὲ
2335 718 2673 789 καταλειφθῇ
2724 717 2832 771 ἀπὸ
2864 715 2974 769 τῶν
3017 715 3197 784 κρεῶν
3220 715 3320 783 τῆς
3359 712 3554 777 θυσίας
3617 713 3722 785 τῆς

432 821 765 884 τελειώσεως
796 821 891 874 καὶ
923 821 1029 872 τῶν
1052 818 1230 889 ἄρτων
1254 816 1360 881 ἕως
1395 816 1571 889 πρωῒ,
1618 814 1988 878 κατακαύσεις
2024 814 2093 868 τά
2122 814 2286 869 λοιπὰ
2326 814 2480 885 πυρί.
2513 812 2588 867 Ού
2613 811 2957 883 βρωθήσεται
2978 829 2991 839 ·
3031 810 3279 879 ἀγίασμα
3315 809 3426 877 γάρ
3470 809 3643 861 Em»

506 911 704 967 PALL.
736 912 910 979 Quam
936 910 1223 966 recondita
1250 918 1380 964 sunt
1420 909 1537 965 huic
1558 908 1699 981 legis
1732 908 2016 964 mandata!

2193 907 2406 962 HAAA.
2458 907 2547 969 Ὧς
2589 904 2726 977 βαθὺ
2763 904 2824 959 τὸ
2865 904 3056 977 χρῆμα
3083 903 3193 957 τῶν
3235 900 3477 972 νομικῶν
3528 900 3720 953 ὲνταλο

2129 999 2338 1072 μάτων.
2674 1000 2677 1003 ⁷

486 1093 953 1150 CYlUlecondita
970 1108 1103 1147 vero
1120 1090 1446 1146 admodum:
1468 1104 1614 1146 reete
1631 1090 1778 1145 enim
1800 1086 2017 1144 dixisti:

434 1202 547 1243 non
571 1198 754 1243 tamen
782 1202 1014 1256 prorsus
1038 1185 1295 1248 obscura,
1332 1184 1378 1238 si
1420 1183 1585 1240 nobis
1613 1183 1858 1238 divinum
1892 1180 2019 1252 Spi-

434 1282 579 1337 ritus
614 1279 790 1335 sancti
822 1279 1007 1334 lumen
1035 1278 1326 1333 atl‘ulserit.
1384 1277 1493 1348 Age
1541 1291 1672 1346 ergo
1694 1274 1927 1345 singula,
1961 1282 2023 1327 ut

436 1374 554 1432 ﬁeri
617 1373 844 1446 poterit,
890 1371 1253 1442 explicemus.
1298 1368 1570 1424 Dominus
1619 1375 1812 1422 noster
1860 1364 2023 1420 Jesus

433 1464 689 1521 Christus
721 1480 823 1519 nos
850 1462 1159 1518 innumeris
1188 1460 1368 1515 modis
1393 1457 1719 1523 sanctiﬁcat,
1752 1465 1809 1512 et
1834 1470 2023 1511 sacros

435 1565 801 1626 acceptosque
841 1554 1052 1621 reddit;
1104 1568 1204 1624 per
1228 1553 1409 1622 ipsum
1438 1564 1677 1620 namque
1704 1556 1760 1605 et
1807 1547 1863 1602 in
1901 1548 2022 1617 ipso

435 1663 722 1703 accessum
745 1647 1079 1710 ‘habuimus,
1107 1654 1164 1700 et
1191 1644 1333 1716 grati
1374 1644 1487 1698 Deo
1509 1658 1576 1697 ac
1603 1641 1751 1696 Patri
1808 1655 2019 1695 sumus.

436 1740 544 1796 Sed
569 1740 731 1796 nobis
758 1740 853 1810 qui
911 1740 1015 1795 sub
1051 1738 1278 1793 interitu
1318 1745 1375 1792 et
1410 1743 1639 1807 peccato
1675 1734 2020 1799 tenebamur,

437 1833 729 1888 utilissima
769 1841 825 1888 ct
850 1832 918 1886 ad
936 1832 1177 1888 salutem
1215 1831 1271 1885 in
1294 1828 1490 1901 primis
1537 1826 1851 1883 necessaria
1873 1841 2024 1880 mors

435 1927 557 1998 ejus
575 1932 678 1989 est,
708 1933 871 1994 atque
900 1924 1068 1978 etiam
1101 1922 1211 1977 vita
1238 1939 1253 1987 ;
1290 1929 1561 1993 praeterea
1603 1919 1695 1974 illa
1726 1916 2017 1989 perfectio,

435 2034 545 2087 qua
598 2034 695 2088 per
726 2032 929 2086 corpus
955 2017 1074 2086 ejus
1106 2022 1162 2070 et
1196 2012 1519 2084 sanguinem
1556 2010 1909 2081 perﬁcimur:
1966 2009 2023 2062 in

434 2104 657 2162 Christo
677 2120 934 2176 namque,
957 2120 1065 2159 non
1090 2104 1145 2158 in
1182 2103 1323 2174 lege,
1367 2099 1634 2172 perfectio
1671 2099 1777 2153 sita
1809 2104 1912 2153 est.

506 2275 705 2334 PALL.
736 2278 907 2333 Recte
936 2277 1095 2334 dicis.

506 2370 666 2427 CYR.
696 2370 862 2444 394
892 2371 1029 2427 Vide
1061 2371 1230 2440 igitur
1254 2385 1318 2425 ea
1346 2377 1605 2439 tanquam
1639 2369 1695 2423 in
1719 2367 1905 2440 ﬁguris
1931 2366 2027 2423 ad-

432 2461 565 2525 huc,
597 2478 697 2533 per
744 2478 866 2532 qua:
922 2462 1117 2518 salvati
1172 2471 1229 2517 et
1278 2460 1626 2526 sanetiﬁeati,
1672 2470 1728 2517 et
1781 2461 1924 2515 sacri
1964 2474 2029 2515 ac

433 2554 611 2609 sancti
660 2553 790 2610 facti
836 2555 1010 2609 simus
1035 2555 1087 2609 in
1121 2553 1361 2608 Christo.
1395 2554 1617 2609 Vitulus
1654 2569 1722 2608 ex
1753 2553 1934 2609 bobus
1958 2552 2025 2608 ad

434 2644 775 2700 sacriﬁcium
791 2645 1109 2710 adducitur,
1128 2652 1184 2701 et
1201 2644 1518 2700 immolatur
1536 2644 1603 2699 ad
1622 2645 1801 2715 ipsum
1820 2644 2025 2698 ostium

436 2737 811 2802 tabernaculi,
835 2736 1093 2791 manibus
1119 2753 1287 2808 super
1316 2737 1470 2792 illum
1508 2736 1817 2807 impositis;
1842 2736 2026 2791 eﬁ’un—

433 2828 698 2900 diturque
722 2833 843 2902 ejus
882 2831 1104 2902 sanguis
1132 2831 1199 2885 ad
1235 2831 1432 2895 altare,
1464 2839 1521 2885 et
1550 2830 1702 2885 illius
1728 2845 1936 2885 cornua
1959 2845 2027 2886 eo

434 2933 848 2995 perunguntur;
872 2926 1156 2985 interanea
1191 2925 1360 2981 etiam
1396 2934 1657 2997 tanquam
1688 2926 2026 2982 odoratissi-

436 3031 588 3069 mum
620 3015 905 3073 incensum
945 3017 1273 3084 adolentur;
1311 3017 1588 3088 reliquum
1643 3034 1773 3073 vero
1823 3034 2027 3089 corpus

434 3115 784 3178 exportatum
831 3118 987 3165 extra
1050 3117 1231 3165 castra
1284 3110 1653 3167 comburitur.
1706 3109 1785 3165 Ac
1822 3111 2028 3166 vitulus

434 3198 660 3268 quidem
697 3198 951 3256 Christus
979 3208 1084 3267 est,
1124 3209 1183 3255 ut
1212 3201 1308 3272 qui
1340 3200 1506 3256 simul
1552 3210 1709 3256 extra
1750 3201 1942 3272 jugum
1970 3207 2028 3254 et

436 3292 541 3347 sub
565 3293 698 3363 jugo
724 3301 909 3361 esset;
932 3309 1080 3357 nam,
1105 3309 1229 3349 cum
1265 3293 1567 3350 secundum
1610 3301 1860 3347 naturam
1881 3293 2027 3347 Deus

434 3392 602 3448 esset,
636 3384 814 3440 factus
842 3394 926 3441 est
968 3386 1073 3441 sub
1117 3387 1237 3457 lege
1280 3402 1378 3456 per
1420 3384 1847 3441 humanitatem.
1881 3383 2023 3451 Quid

2194 1091 2363 1144 ΚΥΡ.
2405 1089 2550 1144 Βαθὺ
2575 1089 2677 1161 μὲν
2707 1082 2801 1141 οὖν
2836 1086 2987 1141 λίαν·
3017 1084 3153 1157 ἔφης
3186 1086 3296 1157 γάρ
3334 1083 3542 1156 ὀρθῶς·
3574 1081 3717 1153 πλὴν

2123 1181 2225 1234 οὐκ
2272 1180 2507 1234 είσάπαν
2552 1179 2893 1248 ὰσυμφανὲς,
2931 1177 2994 1231 τὸ
3026 1177 3168 1231 θεῖον
3206 1178 3263 1229 ὲν
3292 1178 3427 1247 ἡμῖν
3457 1174 3719 1244 ὲναστρά-

2124 1289 2349 1335 πτοντος
2380 1271 2497 1339 φῶς
2530 1270 2624 1324 τοῦ
2652 1269 2808 1338 ἁγίου
2830 1270 3168 1340 Πνεύματος.
3200 1269 3312 1322 Καὶ
3348 1267 3481 1338 φέρε
3512 1266 3576 1335 δὴ
3611 1265 3722 1319 πά·

2123 1362 2228 1427 λιν,
2266 1362 2341 1425 ὡς
2362 1361 2463 1425 ἔνι,
2492 1360 2562 1414 τὰ
2586 1362 2670 1431 ἐφ’
2703 1361 2918 1430 ἑκάστῳ
2965 1360 3237 1430 λέγωμεν.
3278 1357 3437 1411 Κατὰ
3487 1356 3721 1428 μυρίους

2124 1454 2281 1518 ὅσους
2302 1454 2449 1525 ἡμᾶς
2485 1452 2703 1521 ἁγιάζει
2725 1451 2960 1523 τρόπους
2991 1454 3020 1506 ὁ
3048 1451 3254 1522 Κύριος
3298 1450 3460 1522 ἡμῶν
3501 1449 3714 1521 Ἰησοῦς

2124 1546 2379 1617 Χριστὸς,
2415 1544 2595 1616 ἱερούς
2635 1561 2695 1599 τε
2729 1544 2824 1598 καὶ
2855 1543 3291 1616 εὐπροσδέκτους
3334 1542 3609 1597 ἀποτελεῖ.
3640 1541 3722 1595 Δι’

2124 1635 2291 1690 αὑτοῦ
2315 1636 2423 1708 γάρ
2458 1653 2519 1689 τε
2560 1635 2656 1689 καὶ
2681 1637 2739 1690 ὲν
2781 1633 2930 1705 αὐτῷ
2957 1635 3056 1705 τὴν
3078 1634 3445 1706 προσαγωγὴν
3478 1634 3720 1703 ἐσχήκα-

2128 1746 2246 1801 μεν,
2282 1729 2379 1782 καί
2412 1730 2583 1799 ὲσμεν
2618 1728 2720 1781 οὐκ
2758 1725 3072 1798 ἀνεθέλητοι
3118 1725 3195 1798 τῷ
3235 1725 3355 1797 Θεῷ
3393 1726 3488 1780 καὶ
3521 1724 3719 1796 Πατρί.

2124 1818 2543 1893 Χρειωδέστατά
2569 1835 2631 1872 τε
2655 1821 2749 1874 καὶ⁸
2785 1819 3058 1887 ἀναγκαῖα
3091 1818 3231 1889 προς
3259 1816 3533 1888 σωτηρίαν
3556 1818 3720 1887 ἡμῖν,

2122 1915 2237 1976 τοῖς
2260 1912 2365 1967 ὑπὸ
2389 1912 2598 1985 φθοράν
2625 1930 2685 1967 τε
2718 1914 2811 1967 καὶ
2832 1911 3128 1984 ἁμαρτίαν,
3160 1911 3188 1965 ὅ
3212 1928 3269 1964 τε
3299 1910 3529 1973 θάνατος
3552 1911 3722 1964 αὑτοῦ

2124 2006 2219 2060 καὶ
2255 2005 2352 2077 μέν
2371 2023 2454 2059 τοι
2497 2006 2593 2059 καὶ⁵
2641 2006 2676 2077 ἡ
2707 2004 2842 2077 ζωὴ,
2895 2005 2993 2059 καὶ
3034 2003 3172 2076 πρὸς
3220 2002 3433 2066 τούτοις
3463 2001 3545 2056 ἔτι
3571 2004 3604 2074 ἡ
3631 2000 3723 2056 διὰ

2123 2098 2217 2153 τοῦ
2252 2098 2504 2170 σώματος
2560 2115 2619 2152 τε
2670 2098 2765 2152 καὶ
2811 2096 3043 2167 αἵματος
3084 2095 3251 2150 αὑτοῦ
3299 2093 3613 2158 τελείωσις·
3661 2094 3722 2147 ἐν

2124 2188 2346 2262 Χριστῷ
2374 2187 2483 2259 γὰρ
2499 2187 2697 2258 simul.
2724 2187 2826 2241 οὐκ
2855 2187 2913 2243 ὲν
2945 2185 3097 2258 νόμῳ
3124 2185 3183 2239 τὸ
3207 2184 3432 2239 τέλειον.

2199 2282 2403 2337 ΠΛΛΛ.
2431 2278 2503 2336 Εὖ
2531 2281 2690 2353 ἔφης.

2199 2375 2367 2430 ΚΥΡ.
2402 2374 2593 2445 Ἀθρει
2620 2373 2684 2446 δὴ
2718 2366 2813 2427 οὖν
2841 2371 2918 2436 ὡς
2936 2371 2995 2426 ὲν
3020 2371 3215 2434 τύποις
3242 2370 3323 2425 ἔτι
3361 2370 3429 2425 τὰ
3452 2370 3519 2425 δι’
3552 2362 3630 2425 ὧν
3657 2363 3721 2426 εὗ

2131 2465 2277 2537 μάλα
2314 2462 2643 2534 σεσὼσμεθά
2687 2481 2747 2517 τε
2798 2464 2892 2518 καὶ
2934 2461 3284 2533 ἡγιάσμεθα,
3348 2461 3482 2534 ίεροί
3518 2478 3581 2515 τε
3623 2459 3723 2515 καὶ

2127 2557 2271 2626 ἅγιοι
2304 2556 2610 2626 γεγόναμεν
2640 2556 2699 2610 ὲν
2729 2552 2971 2628 Χριστῷ.
3011 2554 3327 2624 Μοσχάριον
3361 2548 3432 2624 ἦν
3468 2554 3533 2606 ὲκ
3572 2551 3722 2622 βοῶν

2126 2650 2191 2705 τὸ
2220 2652 2300 2714 είς
2328 2649 2518 2704 θυσίαν
2542 2648 2802 2721 ἠγμένον,
2833 2648 2927 2702 καὶ⁹
2950 2644 3215 2715 σφάζεται
3242 2644 3341 2717 μὲν
3363 2646 3499 2716 πρὸς
3526 2645 3720 2709 αὐταῖς

2127 2745 2247 2806 ταῖς
2276 2741 2470 2815 θύραις
2494 2742 2593 2813 τῆς
2628 2740 2790 2810 ἁγίας
2831 2739 3060 2811 σκηνῆς,
3090 2737 3541 2810 ἐπενηνεγμένων
3567 2732 3723 2806 αὕτῷ

2126 2831 2237 2886 τῶν
2256 2830 2477 2904 χειρῶν.
2505 2831 2831 2902 Προσεχείτο
2864 2829 2921 2882 δὲ
2948 2831 3011 2883 τὸ
3040 2825 3180 2900 αἷμα
3208 2828 3287 2901 τῷ
3322 2827 3719 2898 θυσιαστηρίῳ.

2129 2922 2579 2995 καταχριομένων
2605 2921 2753 2993 αὐτῷ
2774 2922 2887 2975 ’τῶν
2914 2922 3163 2993 κεράτων
3188 2937 3204 2953 ο
3241 2922 3337 2975 καὶ
3363 2918 3722 2984 καπνίζονται

2132 3017 2233 3089 μὲν
2259 3018 2318 3070 ἐν
2347 3013 2500 3081 τάξει
2525 3015 2633 3067 τῶν
2674 3015 3057 3085 εύοσμοτάτων
3088 3014 3450 3085 θυμιαμάτων
3472 3012 3541 3065 τὰ
3570 3011 3723 3065 ἐντό-

2131 3109 2278 3164 σθια.
2315 3109 2389 3161 Τὸ
2439 3108 2495 3161 δὲ
2527 3106 2712 3161 λοιπὸν
2759 3106 3108 3178 ἐμπίπραται
3157 3106 3334 3177 σῶμα,
3364 3106 3723 3174 διακομισθὲν

2129 3199 2387 3255 ἐπέκεινα
2434 3200 2538 3270 τῆς
2603 3197 2980 3269 παρεμϐολῆς.
3027 3199 3136 3252 Καὶ
3193 3198 3491 3271 μοσχάριον
3544 3197 3646 3269 μὲν
3692 3200 3724 3250 ὁ

2131 3293 2391 3366 Χριστὸς,
2428 3292 2504 3356 ὡς
2533 3291 2638 3357 ἔξω
2681 3288 2848 3359 ζυγοῦ
2877 3290 2969 3344 καὶ
3003 3289 3109 3345 ὑπὸ
3138 3289 3325 3360 ζυγόν.
3352 3289 3486 3355 Θεὸς
3505 3292 3615 3361 γὰρ
3645 3290 3724 3343 ῶν

2130 3385 2288 3456 φύσει
2321 3385 2543 3454 γέγονεν
2576 3383 2680 3436 ὑπὸ
2712 3382 2877 3452 νόμον
2909 3380 2998 3436 διὰ
3034 3382 3094 3436 τὸ
3125 3381 3483 3452 ἀνθρώπινον.
3534 3377 3571 3454 ἦ
3611 3382 3724 3453 γάρ

435 3475 623 3530 enim?
656 3490 841 3531 nonne
876 3476 1086 3530 vitulus
1142 3491 1345 3546 parvus
1389 3477 1521 3548 jugo
1568 3474 1793 3546 quidem
1848 3474 2024 3529 adhuc

2132 3478 2254 3548 οὐχὶ
2305 3476 2365 3529 τὸ
2419 3474 2592 3548 βραχὺ
2637 3472 2932 3545 μοσχάριον
3003 3471 3173 3542 ζυγοῦ
3226 3474 3324 3545 μὲν
3359 3472 3523 3545 ἄηθές
3580 3475 3725 3539 ἐστι,

436 3567 690 3621 insuetus
726 3573 831 3629 est,
869 3564 966 3619 sed
997 3566 1119 3637 ejus
1151 3574 1367 3620 natura:
1394 3574 1601 3630 tamen,
1629 3579 1752 3635 qua:
1779 3564 1917 3636 jugo
1948 3563 2028 3619 fe-

437 3654 615 3710 rendo
645 3654 719 3708 sit
751 3653 921 3723 apta?

506 3746 707 3802 PALL.
744 3747 824 3801 ita
857 3755 965 3801 est.

506 3835 668 3891 OYR.
703 3835 923 3890 Vitulus
967 3834 1136 3906 igitur
1174 3835 1482 3906 appellatus
1517 3843 1601 3891 est
1650 3834 1905 3892 Christus
1937 3850 2027 3891 sa-

435 3927 610 3999 pienti
658 3926 912 3992 consilio,
954 3936 1017 3981 ut
1056 3927 1110 3981 in
1147 3927 1342 3983 eadem
1384 3944 1443 3984 re
1491 3929 1835 4001 intelligatur
1865 3945 1895 3984 a
1923 3944 2027 3984 no-

437 4019 523 4075 bis
555 4028 671 4076 tum
720 4021 841 4091 ejus
866 4019 1034 4075 Verbi
1080 4019 1429 4076 divinitatem
1487 4021 1713 4077 minime
1749 4031 2027 4076 assuetam

436 4121 560 4160 esse
615 4105 897 4170 servituti,
944 4114 1059 4159 tum
1103 4120 1226 4161 eam
1259 4115 1535 4179 naturam,
1575 4122 1698 4177 quae
1744 4105 1847 4161 sub
1893 4107 2027 4178 jugo

436 4209 604 4265 esset,
637 4199 784 4269 quod
811 4198 879 4253 ad
911 4199 1033 4269 ejus
1060 4199 1461 4254 humanitatem
1493 4198 1709 4262 attinet,
1765 4197 2023 4253 subiisse.

436 4293 757 4348 immolatur
790 4302 974 4348 autem
1007 4301 1266 4364 tanquam
1303 4309 1405 4363 pro
1435 4309 1592 4349 sacro
1646 4292 2024 4355 tabernaculo,

436 4401 501 4440 ac
522 4401 620 4456 pro
655 4387 742 4451 iis,
778 4386 874 4457 qui
911 4385 1016 4441 sibi
1059 4402 1254 4441 manus
1301 4385 1694 4454 imposuissent
1726 4383 1953 4455 (Levila:
1989 4382 2026 4437 ii

436 4483 597 4529 erant
626 4484 682 4530 et
708 4476 1081 4547 sacerdotes):
1115 4492 1241 4531 nam
1279 4475 1369 4529 ille
1392 4484 1644 4531 mortuus
1664 4483 1750 4528 est
1787 4489 1889 4544 pro
1918 4474 2026 4527 Ec—

437 4564 605 4618 clesia
637 4573 693 4619 et
721 4565 809 4628 iis,
835 4566 929 4635 qui
970 4575 1099 4620 sunt
1132 4567 1209 4620 illi
1232 4582 1333 4636 per
1370 4564 1531 4618 ﬁdem
1563 4563 1895 4618 consecrati.
1931 4562 2028 4617 Sa-

439 4670 587 4711 cram
619 4671 786 4726 porro
811 4656 1003 4723 fuisse,
1025 4667 1081 4712 et
1122 4657 1177 4710 in
1210 4654 1467 4709 sacriﬁcii
1494 4669 1703 4708 morem
1740 4663 2026 4723 acceptam

436 4748 553 4803 Deo
585 4763 650 4803 ac
687 4748 835 4804 Patri
896 4746 1273 4804 Emmanuelis
1320 4754 1577 4810 mortem,
1627 4760 1695 4800 ex
1739 4762 1805 4800 eo
1838 4745 2027 4803 videre

2131 3567 2345 3636 φύσεώς
2373 3584 2435 3637 γε
2476 3566 2582 3639 μὴν
2619 3565 2716 3636 τῆς
2747 3565 2853 3618 ὑπὸ
2880 3563 3086 3634 ζυγόνς

2200 3747 2410 3802 ΠΑΛΛ.
2448 3738 2574 3797 Ὠῗε
2607 3743 2752 3816 ἔχει.’

2200 3839 2370 3894 ΚΥΡ.
2405 3837 2722 3909 Μοσχάριον
2744 3837 2809 3911 δὴ
2847 3834 2941 3893 οὖν
2966 3838 3285 3909 ὠνόμασται
3318 3835 3479 3890 πάλιν
3511 3834 3723 3888 οἰκονο-

2134 3930 2310 4004 μικῶς
2336 3932 2366 3985 ὁ
2397 3928 2669 4003 Χριστὸς,
2703 3929 2771 3984 ἵν’
2825 3932 2885 3984 ἐν
2933 3928 3114 3999 ταυτῷ
3148 3929 3339 3999 νοῆται
3383 3926 3519 4000 πρὸς
3562 3925 3723 3997 ἡμῶν

2131 4023 2225 4078 καὶ
2275 4021 2337 4076 τὸ
2385 4021 2551 4094 ἄηθες
2578 4022 2678 4092 τῆς
2711 4021 2804 4076 τοῦ
2840 4024 3015 4091 Λόγου
3043 4022 3298 4093 θεότητος
3338 4022 3417 4084 είς
3450 4017 3718 4081 δουλείαν,

2131 4116 2225 4170 καὶ
2252 4115 2312 4169 τὸ
2354 4114 2429 4179 ὡς
2460 4118 2516 4170 ὲν
2552 4115 2711 4186 φύσει
2740 4114 2992 4185 γενέσθαι
3033 4118 3099 4186 τῇ
3137 4114 3243 4168 ὑπὸ
3287 4112 3449 4183 ζυγὸν
3481 4110 3625 4165 κατά
3654 4127 3721 4177 γε

2129 4205 2190 4260 τὸ
2211 4204 2569 4277 ἀνθρώπινον.
2608 4204 2881 4274 Συάζεται
2913 4205 2972 4259 δὲ
3016 4205 3092 4269 ὡς
3145 4204 3287 4276 ὑπέρ
3317 4221 3380 4273 γε
3412 4203 3512 4272 τῆς
3554 4202 3723 4269 ἁγίας

2136 4302 2344 4370 σκηνῆς
2374 4297 2476 4351 καὶ
2502 4297 2613 4351 τῶν
2645 4297 2945 4351 ὲπιθέντων
2981 4298 3132 4368 αύτῷ
3169 4297 3268 4361 τὰς
3296 4298 3482 4367 χεῖρας
3507 4311 3521 4325 ⁸
3563 4296 3723 4349 Λευί-

2129 4408 2217 4443 ται
2244 4390 2298 4444 δὲ
2328 4381 2473 4443 οὗτοι
2502 4387 2597 4442 καὶ
2628 4388 2796 4459 ἱερεῖς
2824 4405 2836 4417 ·
2884 4386 3124 4440 ἀπέθανε
3155 4385 3264 4457 γὰρ
3322 4384 3465 4455 ὑπέρ
3508 4401 3570 4436 τε
3619 4382 3722 4452 τῆς

2142 4480 2473 4550 Ἐκκλησίαςι
2525 4480 2619 4532 καὶ
2664 4477 2772 4530 τῶν
2818 4476 2968 4547 αύτῷ
3031 4474 3458 4546 καθιερωμένων
3494 4471 3584 4526 διὰ
3616 4471 3724 4540 τῆς

2131 4574 2388 4637 πίστεως.
2436 4571 2601 4639 ’Ῑερὺς
2646 4572 2703 4626 δὲ
2731 4572 2813 4625 ὅτι
2873 4572 2966 4625 καὶ
3004 4571 3080 4634 ὡς
3108 4571 3166 4622 ἐν
3187 4570 3376 4641 τρόπῳ
3407 4565 3598 4628 θυσίας
3631 4564 3723 4617 εὖ·-

2132 4666 2465 4737 πρὸσδεκτος
2513 4665 2594 4736 τῷ
2631 4662 2751 4736 Θεῷ
2799 4666 2895 4719 καὶ
2937 4664 3116 4736 Πατρὶ
3162 4661 3257 4715 τοῦ
3298 4657 3651 4731 Ἐμμανουὴλ
3694 4658 3725 4710 6

2130 4759 2380 4825 θάνατος,
2418 4757 2572 4829 πάρα
2599 4772 2681 4810 σοι
2715 4758 2877 4817 νοεῖν,
2910 4753 3319 4827 προσχεομένου
3365 4750 3460 4805 τοῦ
3486 4750 3723 4820 αἵματος

438 4841 589 4908 licet,
646 4842 796 4913 quod
830 4842 1052 4911 sanguis
1090 4840 1158 4894 ad
1192 4839 1363 4892 altare
1416 4836 1691 4903 funditur,
1740 4848 1797 4893 et
1833 4855 1901 4895 ex
1956 4855 2024 4896 eo

2128 4851 2207 4921 τῷ
2234 4852 2373 4920 ἁγίῳ
2406 4847 2812 4919 θυσιαστηρίῳ,
2858 4846 2955 4901 καὶ
3002 4844 3391 4917 καταχρίοντος
3432 4841 3587 4907 αὐτὸ,
3619 4840 3716 4893 θυ-

438 4936 785 5007 perungitur,
819 4933 969 5004 quod
1020 4933 1153 4986 item
1205 4930 1501 4985 adolentur
1558 4931 1842 4998 intestina,
1906 4950 2024 5005 quae

2134 4942 2427 5015 μιωμένων
2470 4940 2529 4995 δὲ
2567 4939 2664 4993 καὶ
2710 4938 2820 4993 τῶν
2858 4937 3169 5001 ὲντοσθίων,
3215 4936 3253 4991 ἃ
3301 4936 3394 4990 καὶ
3434 4936 3515 4997 εἰς
3549 4933 3723 4988 τύπον

438 5025 711 5081 virtutum
740 5025 1063 5079 intimarum
1098 5031 1155 5077 et
1189 5023 1244 5077 in
1281 5022 1467 5077 animo
1503 5023 1916 5080 reconditarum
1960 5025 2028 5079 ﬁ-
2119 5028 2241 5081 εἶεν
2277 5032 2342 5081 ἂν
2379 5033 2489 5081 τῶν
2551 5033 2631 5081 είς
2690 5030 2752 5081 τὺ
2798 5029 2908 5081 ἔσω
2956 5030 3052 5081 καὶ
3092 5032 3173 5081 εἰς
3212 5028 3339 5081 νοῦν
3369 5025 3603 5081 ἀρετῶν.
3633 5019 3695 5078 αἴ

2119 5028 2241 5112 ,εἷεν
2277 5032 2342 5087 ἂν
2379 5033 2489 5085 τῶν
2551 5033 2631 5095 είς
2690 5030 2752 5084 τὺ
2798 5029 2908 5085 ἔσω
2956 5030 3052 5084 καὶ
3092 5032 3173 5094 εἰς
3212 5028 3339 5083 νοῦν
3369 5025 3603 5100 ἀρετῶν.
3633 5025 3722 5087 αἷς

437 5138 630 5191 guram
662 5128 881 5192 gerunt,
924 5119 980 5173 in
1001 5118 1206 5189 quibus
1231 5116 1535 5188 spiritualis
1567 5115 1706 5171 odor
1731 5118 1894 5183 inest,
1928 5134 2024 5173 ne-

2128 5115 2308 5179 ἕνεστι
2345 5126 2444 5198 μὲν
2481 5124 2544 5179 τδ
2576 5124 2776 5187 εὐῶδες
2811 5122 3219 5195 πνευματικῶς,
3269 5122 3330 5175 οὗ
3365 5120 3491 5175 καθ’
3526 5119 3626 5172 ἕνα
3664 5116 3721 5171 δὲ

438 5227 546 5281 que
585 5212 675 5265 ille
707 5210 963 5280 simplex,
1016 5224 1142 5263 cum
1199 5208 1459 5263 intestina
1511 5209 1837 5280 multiplicia
1894 5211 2024 5275 sint,

2129 5218 2353 5291 τρόπον.
2381 5219 2617 5285 ἐπεί,τοι
2640 5217 2813 5272 πολλὰ
2843 5217 2913 5272 τὰ
2953 5216 3224 5278 ὲντόσθια,
3258 5213 3463 5286 πιμελὴ
3491 5213 3586 5266 καὶ
3632 5229 3721 5264 νε⁹

439 5303 630 5373 adeps,
662 5316 845 5366 renes,
874 5301 1043 5373 pinna
1062 5302 1285 5372 jecoris.
1313 5301 1675 5358 Comburitur
1704 5312 1889 5359 autem
1939 5320 2024 5359 re-

2129 5309 2256 5382 φροὶ
2276 5351 2290 5373 ,
2324 5308 2419 5363 καὶ⁵
2451 5310 2479 5362 ὁ
2506 5307 2663 5373 λοϐὸς
2704 5306 2800 5362 τοῦ
2847 5309 3078 5380 ἥπατος.
3128 5304 3505 5376 Ἐμπίπραται
3533 5301 3592 5357 δὲ
3621 5301 3717 5354 τοῦ

438 5392 652 5463 liquum
692 5407 892 5463 corpus
943 5402 1096 5448 extra
1146 5402 1354 5459 castra;
1409 5410 1537 5450 nam
1594 5403 1747 5450 extra
1805 5404 2023 5466 portam

2130 5399 2381 5470 σώματος
2426 5399 2489 5452 τὸ
2528 5397 2870 5469 λειπόμενον,
2903 5398 3008 5466 ἔξω
3037 5398 3137 5468 τῆς
3166 5395 3538 5468 παρεμϐολῆς.
3571 5392 3719 5456 Tito

442 5501 639 5555 passus
698 5484 783 5539 est
836 5485 1119 5554 Christus;
1174 5487 1256 5543 sic
1302 5488 1450 5543 enim
1495 5487 1692 5542 scribit
1720 5488 1923 5542 Paulus
1956 5488 2020 5542 ⁸⁸.

2128 5492 2237 5564 γὰρ
2262 5492 2363 5563 τῆς
2396 5490 2570 5561 πύλης
2590 5490 2808 5547 ἔπαθεν
2852 5494 2880 5546 ὸ
2913 5492 3180 5562 Χριστὸςο
3222 5490 3427 5559 γράφει
3457 5486 3514 5541 δὲ
3541 5485 3714 5548 οὕτως

440 5575 597 5644 Quod
627 5585 809 5632 autem
841 5578 952 5651 igni
969 5595 1171 5650 corpus
1196 5579 1526 5645 absumitur,
1578 5578 1767 5634 subtili
1808 5579 2024 5635 ratione

2128 5585 2155 5637 ὁ
2190 5581 2420 5646 Παῦλος.
2472 5583 2546 5636 Τὸ
2590 5582 2645 5637 δέ
2686 5600 2749 5651 γε
2789 5582 2922 5655 πυρὶ
2954 5579 3300 5635 δαπανᾶσθαι
3322 5578 3382 5632 τὸ
3414 5578 3573 5648 σῶμα
3610 5592 3713 5630 κα⁹

441 5667 732 5742 designare
768 5680 970 5743 potest,
1012 5674 1163 5729 nullo
1216 5674 1382 5729 modo
1429 5673 1552 5746 ejus
1609 5673 1925 5745 passionem
1967 5679 2023 5729 et

2128 5674 2495 5746 τατημήνειεν
2523 5672 2589 5731 ἂν
2620 5672 2846 5745 ἰσχνῶς,
2867 5670 3025 5729 ὅτιτὸ
3056 5670 3231 5737 πάθος
3258 5669 3406 5741 αύτῷ
3434 5670 3527 5724 καὶ
3560 5667 3587 5723 5
3617 5665 3712 5722 οά·

514 5844 559 5880 "
584 5846 749 5904 Hebr.
781 5866 895 5915 xm,
931 5850 1010 5906 l2.
