4118 6460
448 407 553 463 νει-ι

447 539 609 585 vaco;
653 522 714 575 ού

1180 406 1268 462 DE
1302 405 1751 472 ADORATIONE
1788 405 1857 462 IN
1899 403 2175 462 SPIRITU
2209 404 2300 460 ET
2336 402 2711 459 VERITATE.
2757 403 2887 458 LIB.
2927 403 3020 460 Χῐ.

3650 401 3759 467 τεθ

766 523 904 593 πρὸς
939 520 1158 586 ἀδοξίαν
1204 521 1364 576 ἔσται
1399 520 1600 586 ποθὲν,
1636 521 1752 576 ἀλλ’
1783 522 1864 586 είς
1913 522 2027 591 λαμ

2156 527 2393 572 mortem
2452 518 2532 574 illi
2572 518 2893 590 ignominia?
2947 521 3211 583 luturam,
3266 515 3363 572 sed
3425 517 3751 588 praeclarum

420 613 599 684 επρὰν
664 612 759 669 καὶ
806 614 1225 687 ἐμφανεστάτην
1281 614 1665 685 ἐκτελευτήσει
1719 613 1901 680 δόξαν.
1956 613 2031 668 Ἐι

2150 610 2341 682 gloria:
2374 620 2540 682 atque
2597 611 2869 667 illustrem
2920 612 3134 668 exitum
3199 610 3552 677 habituram;
3608 611 3754 684 ignis

447 704 585 759 εῖδει
614 704 726 777 γὰρ
749 705 815 778 δὴ
841 704 919 779 τῷ
950 706 1127 778 πυρὸς
1158 707 1362 759 νοεῖται
1398 705 1462 758 τὸ
1487 705 1631 760 θεῖον
1649 721 1662 733 ·
1695 703 2045 776 καταϐέϐηκε

445 797 506 852 δὲ
559 795 737 861 οὕτως
784 799 881 852 καὶ
932 799 1027 853 ἐπί
1057 798 1118 852 τὸ
1163 799 1292 870 ὅρος
1321 799 1385 852 τὸ
1417 799 1570 853 Σινᾶ.
1600 796 1941 852 Καταλύσων
1987 796 2045 850 δὲ

445 890 542 945 τοῦ
577 891 812 947 θανάτου
857 892 919 946 τδ
964 893 1189 964 κράτος,
1225 892 1393 947 ὑπέδυ
1422 893 1515 947 τὸν
1554 892 1790 948 θάνατον
1836 893 2045 946 οἰκονο-

448 982 627 1053 μικῶς
650 986 679 1037 6
709 985 968 1056 Χριστὸς,
992 986 1061 1039 ἵν’
1095 985 1173 1051 ὡς
1201 985 1336 1050 Θεὸς
1358 984 1650 1056 δοξάζηται
1690 985 1826 1055 πρὸς
1860 983 2039 1056 ἡμῶν.

449 1077 652 1147 Ἕρπει
688 1075 753 1147 δὴ
781 1072 877 1131 οῦν
908 1079 990 1139 είς
1021 1077 1300 1148 θεοπρεπῆ
1328 1077 1488 1144 δόξαν
1520 1079 1550 1131 6
1580 1075 1830 1140 θάνατος,
1858 1075 1922 1128 τὸ
1951 1074 2043 1129 τὲ-

442 1165 536 1232 λος
563 1167 705 1241 ἔχων
723 1169 786 1223 τὸ
813 1169 1115 1224 ἀναϐιῶναι
1140 1169 1416 1242 λαμπρὸν,
1448 1171 1542 1225 καὶ
1572 1170 1635 1224 τὸ
1655 1169 1714 1224 ἕν
1737 1187 1801 1239 γε
1828 1168 1906 1240 τῷ
1936 1186 2038 1224 πα·

442 1260 558 1316 θεῖν
595 1265 980 1336 μικροπρεπὲς
1002 1304 1017 1329 ,
1049 1264 1322 1330 εὑκλείαις
1352 1266 1480 1328 ταῖς
1513 1264 1776 1319 ἀνωτάτω
1806 1261 2042 1335 νικώμε-

432 1369 556 1417 νον,
594 1353 805 1423 οἴχεται
852 1353 994 1425 πρὸς
1030 1352 1092 1406 τὸ
1124 1352 1324 1425 μηδέν’
1357 1353 1452 1407 καὶ
1482 1351 1660 1418 τοῦτο,
1696 1348 1853 1422 οῗμαι
1893 1350 2041 1406 ἐστιν

440 1444 963 1516 αίνιγματωδῶς,τὺ
988 1445 1335 1499 δαπανᾶσθαι
1361 1444 1496 1516 πυρὶ
1514 1444 1577 1498 τὸ
1599 1445 1796 1515 νεκρὸν
1832 1444 2039 1516 μοσχά-

442 1552 579 1606 ριον.
626 1535 903 1590 Ἐπειπὼν
939 1537 1019 1602 δὲ,
1045 1536 1129 1590 ὅτι
1153 1535 1399 1607 ἁμαρτία
1436 1534 1547 1606 γάρ
1586 1536 1755 1602 ἐστιν,
1785 1536 1866 1598 εἰς
1900 1536 2040 1589 άπο-

439 1627 713 1700 κάθαρσιν
735 1630 1011 1702 ἁμαρτίας
1030 1629 1093 1685 τὸ
1117 1627 1357 1702 Χριστοῦ
1380 1629 1632 1698 γενέσθαι
1659 1629 2040 1701 διαμεμήνυκε

437 1719 632 1783 πάθος,
663 1721 759 1775 καὶ
779 1720 842 1775 τὸ
864 1721 1056 1793 χρῆμά
1079 1722 1229 1776 ἐστιν
1244 1721 1345 1775 οὐκ
1372 1719 1714 1791 ἀσυμφανές.

510 1813 726 1867 ΠΑΛΛ.
751 1814 831 1867 Οὐ
855 1813 966 1884 γὰρ
995 1810 1109 1869 οῦν.

2148 704 2301 759 enim
2337 705 2523 775 specie
2577 704 2844 761 divinitas
2882 705 3237 778 intelligitur,
3298 721 3428 762 cum
3460 705 3631 761 etiam
3692 707 3749 767 in

2147 804 2394 851 montem
2429 795 2561 853 Sina
2589 811 2652 851 ea
2689 796 2864 852 forma
2923 798 3317 865 descenderit;
3358 798 3752 855 destructurus

2144 903 2281 944 vero
2310 888 2507 945 mortis
2540 888 2834 959 imperium
2855 888 3133 956 Christus,
3159 890 3567 962 dispensatorie
3598 906 3750 951 mor-

2147 989 2259 1040 tem
2293 983 2488 1046 subiit,
2523 989 2639 1038 uta
2668 982 2832 1038 nobis
2861 994 3124 1055 tanquam
3143 985 3293 1042 Deus
3310 984 3744 1056 gloriﬁcaretur.

2144 1074 2290 1130 Mors
2311 1075 2498 1146 itaque
2525 1075 2593 1131 ad
2623 1075 2870 1131 divinam
2902 1076 3133 1147 gloriam
3186 1077 3385 1143 tendit,
3419 1093 3545 1133 cum
3580 1077 3746 1133 ﬁnem

2143 1163 2217 1221 sit
2255 1167 2581 1235 praeclarum
2612 1174 2932 1229 consecuta,
2961 1165 3137 1236 ipsam
3154 1183 3355 1239 nempe
3384 1169 3751 1225 resurrectio-

2142 1270 2293 1321 nem,
2319 1264 2377 1311 ct
2415 1254 2703 1310 humilitas
2736 1255 2829 1310 illa
2862 1256 3110 1326 patiendi
3145 1257 3378 1314 summis
3397 1258 3541 1314 victa
3564 1259 3744 1319 hono-

2143 1347 2301 1402 ribus
2353 1347 2698 1403 absumitur:
2757 1348 2947 1419 idque,
2988 1358 3049 1403 ut
3100 1350 3321 1420 opinor,
3356 1362 3442 1407 est
3488 1350 3742 1423 ﬁgurate,

2141 1440 2308 1512 395
2335 1441 2483 1512 quod
2523 1441 2746 1497 occisus
2802 1442 3011 1497 vitulus
3069 1442 3183 1513 igni
3217 1452 3625 1501 concrematur.
3684 1443 3745 1499 In

2142 1550 2211 1591 eo
2237 1543 2444 1600 autem,
2469 1533 2618 1604 quod
2658 1534 2931 1605 adjunxit,
2965 1535 3260 1589 Peccatum
3292 1544 3379 1590 est
3400 1576 3415 1600 ,
3445 1535 3512 1590 ad
3544 1548 3743 1605 peccas

2146 1635 2265 1682 tum
2292 1627 2630 1698 expiandum
2654 1626 2864 1682 Christi
2895 1627 3212 1698 passionem
3234 1627 3405 1682 fuisse
3426 1635 3742 1698 susceptam

2142 1719 2448 1785 indicavit;
2479 1735 2656 1789 eaque
2687 1735 2775 1774 res
2796 1719 3027 1775 minime
3055 1720 3295 1775 obscura
3319 1728 3425 1774 est.

2214 1812 2414 1866 PALL.
2459 1812 2685 1868 Minime
2719 1829 2870 1866 vero.

509 1903 677 1959 ΚΥΡ.
713 1901 849 1959 Εἶτα
873 1905 1031 1978 κριὸς
1063 1906 1092 1958 6
1130 1905 1347 1976 πρῶτος
1385 1904 1727 1978 λαμϐάνεται
1760 1906 1858 1960 καὶ
1896 1906 2031 1975 σφά-

2203 1904 2366 1961 CYR.
2404 1905 2616 1961 Deinde
2666 1906 2812 1960 aries
2850 1905 3001 1975 prior
3042 1905 3287 1961 sumitur
3332 1910 3391 1960 et
3424 1903 3745 1979 immolatur

436 1999 593 2064 ζεται
646 1999 746 2071 μὲν
781 2000 839 2055 ἐν
879 1998 980 2071 ἴσῳ
1020 1998 1101 2071 τῷ
1148 2000 1337 2071 μόσχῳ
1360 2015 1376 2032 ·
1407 2000 1728 2070 προσεχεϊτο
1769 1990 1923 2053 δὲάὖ
1954 1998 2034 2071 τῷ

437 2091 809 2165 θυσιαστηρίῳ
849 2093 910 2146 τὸ
954 2088 1115 2163 αἷμα,
1140 2092 1234 2147 καὶ
1272 2091 1516 2156 μελειστὶ
1545 2091 1877 2161 τεμνόμενος
1933 2091 2034 2145 ἀν-

433 2182 686 2253 εφέρετο,
715 2182 825 2236 τῶν
868 2180 1160 2236 ἐντοσθίων
1210 2180 1681 2251 ἐκπεπλυσμένων
1721 2180 1897 2244 ὕδατι,
1938 2197 2033 2235 κε-

433 2275 579 2349 φαλῇ
602 2293 665 2330 τε
684 2276 804 2348 ἅμα
833 2278 932 2331 καὶ
969 2276 1146 2342 ποσὶν,
1176 2276 1260 2329 ὄτι
1293 2273 1550 2346 θυμίαμά
1573 2276 1692 2329 ἐστι
1716 2291 1731 2307 ·
1758 2275 2033 2348 γράφεται

430 2367 492 2422 δὲ
538 2367 701 2423 πάλιν
745 2369 880 2439 ἡμῖν
929 2369 1026 2422 καὶ
1053 2368 1142 2422 διὰ
1171 2367 1379 2422 τούτων
1404 2369 1433 2421 6
1454 2367 1711 2439 Χριστὸς,
1746 2369 1776 2421 ὁ
1800 2369 1860 2420 ἐν
1891 2366 2033 2438 κριῷ

427 2460 512 2533 τῷ
533 2459 730 2532 τελείῳ
756 2459 985 2524 τέλειος,
1023 2459 1186 2529 ἁγίαν
1214 2459 1354 2531 ἔχων
1395 2460 1564 2530 ζωήν.
1601 2459 1766 2530 Δηλοί
1799 2454 2033 2531 γὰρ,,οἴ-

433 2555 536 2628 μαι
571 2571 676 2613 που
729 2554 834 2618 ὅτι,
858 2554 922 2608 τὸ
953 2553 1313 2626 προσκεῖσθαι
1344 2553 1407 2607 τὸ
1448 2547 1593 2624 αἷμα
1622 2552 1702 2623 τῷ
1737 2552 2033 2623 θυσιαστη-

430 2648 536 2721 ρίῳ
563 2666 597 2715 ι,
615 2646 763 2720 ζωῆς
788 2647 898 2719 γὰρ
920 2647 1093 2712 τύπος
1132 2646 1195 2701 τὸ
1241 2640 1402 2719 αἷμα,
1440 2647 1535 2701 καὶ⁵
1564 2647 1646 2710 είς
1692 2646 1867 2718 ὀσμὴν
1893 2646 2032 2700 εὐω·

426 2739 548 2804 δίας
573 2738 942 2810 ἀνακείμενος
983 2737 1062 2810 τῷ
1095 2737 1216 2810 Θεῷ
1244 2737 1341 2792 καὶ
1372 2739 1572 2809 Πατρὶ,
1609 2738 1687 2802 ὡς
1719 2738 1860 2810 ὑπὲρ
1892 2738 2031 2794 πάν-

426 2847 539 2885 των
567 2847 630 2885 τε
659 2830 778 2902 ἃμα
807 2831 905 2885 καὶ
948 2829 1092 2902 ὑπὲρ
1126 2829 1362 2884 ἐκάστου
1391 2844 1407 2860 ο
1441 2828 1615 2894 τύπος
1651 2829 1708 2883 δὲ
1735 2828 1897 2884 τοῦτο
1923 2828 2031 2885 πά-

426 2921 532 2990 λιν,
555 2921 618 2976 τὸ
649 2921 1027 2994 ἀναφέρεσθαι
1069 2921 1161 2975 τὸν
1194 2920 1357 2990 κριὸν
1390 2921 1486 2975 ἐπὶ
1525 2920 1588 2975 τὺ
1616 2919 2025 2991 θυσιαστήριον,

423 3015 505 3080 ὠς
553 3017 613 3069 ἐν
645 3015 813 3069 παντί
841 3032 902 3069 τε
935 3014 1032 3069 καὶ
1061 3014 1206 3068 κατὰ
1243 3014 1427 3084 μέλος.
1464 3012 1620 3085 Μὲλη
1642 3013 1701 3066 δὲ
1731 3015 1896 3086 ἡμεῖς
1921 3016 2027 3071 ἀνὰ

429 3107 598 3179 μέρος
621 3107 885 3178 Χριστοῦ,
915 3107 1009 3161 καὶ
1031 3104 1089 3161 ἒν
1116 3106 1319 3183 πάντες
1344 3103 1616 3175 νοούμεοα
1646 3104 1808 3176 σῶμα
1828 3121 1843 3136 '
1870 3104 2027 3174 ἆγιος

423 3199 483 3255 δὲ
510 3201 593 3254 ὅτι
628 3201 726 3254 καὶ
776 3199 925 3273 ἱερὸς
972 3199 1096 3263 ὅλος
1149 3198 1246 3252 καὶ
1288 3195 1480 3251 σπίλον
1526 3195 1874 3270 ἀκαθαρσίας
1921 3199 2025 3253 οὐκ

425 3292 589 3364 ἔχων,
625 3295 660 3365 ἠ
705 3265 1152 3347 τώγ’ἐντοσθίων
1184 3289 1448 3354 ἐκπλυσις
1497 3284 1559 3343 εῦ
1593 3265 1741 3360 μάλα
1775 3291 2025 3364 παραδη-
2052 3265 2095 3322 C

423 3387 529 3442 λοῖ.
563 3385 1012 3459 Συναναφέρεται
1047 3385 1106 3440 δὲ
1130 3384 1347 3457 κεφαλὴ
1377 3384 1471 3439 καὶ
1498 3384 1680 3450 πόδες,
1716 3386 1778 3441 τὸ
1803 3387 1899 3441 ἀπ’
1926 3387 2027 3458 ἀρ-

424 3482 531 3551 χῆς
583 3479 680 3533 καὶ
730 3478 894 3550 μέχρι
926 3478 1132 3542 παντὸς
1157 3477 1356 3542 εὐῶδες
1400 3479 1459 3532 ἐν
1501 3468 1760 3551 ἁγιασμῷ
1800 3480 1903 3551 τῆς
1930 3480 2026 3535 τοῦ

422 3571 678 3644 Σωτῆρος
721 3569 868 3642 ζωῆς
908 3570 1321 3641 ὐποιραίνοντες.
1365 3571 1574 3636 Παντὸς
1602 3572 1713 3646 γὰρ
1752 3570 1896 3637 ζὼου
1938 3591 2029 3629 κε-

432 3663 580 3735 φαλὴ
637 3662 739 3735 μὲν
768 3660 937 3735 ἀρχὴ.
984 3661 1282 3733 κατάληξις
1310 3662 1367 3716 δὲ
1405 3661 1596 3735 ὥσπερ
1625 3665 1720 3719 καὶ
1755 3665 1851 3718 τοῦ
1887 3684 2026 3721 παν·

419 3755 516 3820 τδς
548 3753 801 3828 σώματος
853 3757 903 3809 οἱ
952 3755 1114 3820 πόδες
1165 3756 1228 3809 τὸ
1270 3755 1446 3821 τέλος.
1508 3757 1581 3811 Ἢ
1624 3757 1721 3813 καὶ
1749 3758 1890 3830 τάχα
1921 3777 2025 3814 που

421 3851 565 3904 νοεῖν
593 3849 819 3919 ἄμεινον
865 3848 949 3913 είς
992 3848 1165 3902 τύπον
1220 3848 1320 3921 μὲν
1373 3848 1466 3903 νοῦ
1517 3849 1754 3924 κεφαλὴ,
1795 3851 2026 3923 πορείας

419 3958 489 4009 γε
532 3940 643 4013 μὴν
681 3942 782 4013 τῆς
820 3941 945 3996 κατ’
1002 3941 1291 4012 ἐνέργειαν
1334 3945 1646 4014 πρακτικῆς
1675 3943 1802 4008 τοὺς
1835 3944 2022 4012 πόδας.

420 4030 612 4105 Εύώδη
652 4033 712 4087 δὲ
763 4031 942 4087 πάντα
974 4031 1033 4086 ἐν
1062 4031 1307 4104 Χριστῷ,
1352 4033 1446 4086 καὶ
1492 4034 1571 4096 εἰς
1606 4033 1777 4105 ἄκρον
1801 4032 2027 4104 ,ἥκοντα

416 4125 792 4199 καθαρότητος
809 4127 906 4181 καὶ
921 4127 1172 4197 νοήματα
1195 4127 1290 4196 καὶ
1316 4126 1545 4199 πράξεις
1565 4144 1580 4158 ·
1613 4127 1674 4180 ού
1701 4125 1810 4198 γὰρ
1834 4128 2025 4199 ἐποίη-

424 4233 520 4271 σεν
585 4215 1066 4289 άμαρτίαν·ταύτῃ
1114 4232 1198 4271 τοι
1244 4218 1341 4271 καὶ
1372 4216 1798 4288 ὁλοκαυτώματα
1820 4219 1915 4273 καὶ
1942 4219 2029 4274 θυ-

418 4307 632 4381 σίασμά
682 4327 819 4381 φησι
865 4308 966 4379 τὴν
1004 4307 1340 4380 καθιέρωσιν
1376 4307 1470 4363 τοῦ
1510 4309 1698 4380 κριοῦ.
1736 4310 1797 4365 οὐ
1823 4311 1932 4383 γὰρ
1960 4314 2027 4366 ἐκ

419 4402 627 4474 μέρους
657 4402 814 4473 ἅγιος
863 4403 898 4475 ἢ
958 4404 1125 4477 ἱερός.
1160 4405 1371 4475 Πρέποι
1404 4404 1513 4475 γὰρ
1562 4405 1631 4458 ἂν
1676 4406 1781 4459 ούκ
1831 4406 2027 4479 ἐκείνῳ

414 4493 606 4559 ποθὲν,
648 4495 783 4566 ἡμῖν
811 4494 868 4549 δὲ
900 4495 1123 4566 μᾶλλον,
1159 4494 1221 4549 τὸ
1251 4495 1350 4549 καὶ
1383 4493 1633 4549 ἀσθενεῖν
1675 4494 1786 4549 ἔσθ’
1815 4497 1905 4550 ὅτε
1930 4496 2026 4551 καὶ

2136 2012 2293 2068 aeque
2332 2013 2396 2052 ac
2425 1998 2662 2053 vitulus:
2691 1997 2998 2053 effunditur
3026 1998 3158 2053 item
3183 1996 3407 2068 sanguis
3437 1995 3505 2052 ad
3546 1996 3742 2064 altare,

2135 2100 2192 2147 et
2220 2091 2572 2148 membratim
2590 2108 2768 2148 caesus
2790 2093 3047 2157 oifertur,
3092 2092 3376 2148 intestinis
3406 2092 3536 2146 lotis
3560 2106 3731 2162 aqua,

2135 2199 2264 2239 cum
2297 2184 2482 2255 capite
2503 2184 2666 2239 simul
2701 2199 2766 2239 ac
2791 2183 3053 2254 pedibus,
3097 2183 3232 2253 quia
3275 2182 3567 2237 incensum
3614 2188 3737 2236 est:

2133 2290 2236 2346 per
2290 2291 2416 2347 qua:
2446 2292 2644 2331 rursus
2674 2276 2841 2331 nobis
2865 2275 3125 2331 Christus
3155 2273 3515 2336 describitur,
3548 2272 3647 2339 ille,
3681 2270 3738 2331 in

2133 2368 2309 2423 ariete
2333 2367 2582 2439 perfecto
2607 2369 3289 2440 perfectus,sanctamque
3314 2365 3734 2421 vitamhabens:

2134 2458 2189 2514 id
2220 2460 2372 2515 enim
2401 2459 2698 2532 significat,
2730 2461 3031 2531 ut0pinor,
3066 2460 3223 2531 quod
3272 2458 3499 2530 sanguis
3547 2456 3615 2512 ad
3654 2457 3736 2521 al-

2134 2556 2253 2606 tare
2276 2551 2533 2607 funditur
2558 2571 2572 2607 :
2615 2552 2843 2624 sanguis
2874 2553 3083 2624 quippe
3109 2552 3438 2622 vitaz-ﬁgura
3469 2559 3576 2615 est,
3600 2557 3658 2604 et
3680 2549 3736 2604 iu

2129 2643 2361 2700 odorem
2388 2645 2681 2701 suavitatis
2707 2646 2930 2701 oblatus
2966 2645 3080 2701 Deo
3104 2652 3161 2700 et
3221 2645 3373 2700 Patri
3414 2658 3516 2715 pro
3547 2642 3738 2707 omni-

2131 2735 2241 2792 bus
2261 2736 2428 2793 simul
2447 2753 2515 2793 ac
2537 2738 2772 2810 singulis
2791 2756 2806 2803 ;
2826 2738 2994 2809 hujus
3012 2737 3142 2793 item
3165 2737 3246 2793 rei
3278 2737 3453 2809 ﬁgura
3481 2744 3566 2793 est
3586 2738 3737 2805 quod

2131 2829 2279 2886 aries
2308 2830 2491 2897 altari,
2519 2841 2578 2887 et
2617 2839 2881 2902 tanquam
2924 2840 3073 2888 totus
3110 2840 3167 2888 et
3199 2847 3301 2902 per
3334 2829 3584 2893 membra
3628 2843 3737 2885 cae-

2130 2939 2227 2980 sus
2259 2924 2673 2996 imponebatur.
2698 2924 2811 2979 Nos
2833 2924 2965 2980 item
2989 2933 3047 2979 et
3077 2923 3280 2995 singuli
3310 2922 3560 2978 membra
3576 2920 3739 2978 Chri-

2128 3016 2201 3071 sti
2224 3031 2439 3082 sumus,
2478 3024 2539 3077 et
2566 3016 2818 3071 universi
2840 3032 3015 3071 unum
3037 3032 3242 3087 corpus
3265 3015 3634 3086 intelligimur
3663 3015 3733 3079 ἠς

2128 3115 2309 3163 totum
2338 3123 2509 3178 porro
2534 3108 2691 3163 illum
2708 3124 2830 3165 esse
2844 3125 3064 3166 sacrum
3086 3124 3152 3164 ac
3175 3116 3452 3173 sanctum,
3473 3107 3734 3165 etlabem

2132 3199 2471 3270 impuritatis
2495 3200 2703 3256 habere
2719 3193 2950 3266 nullam,
2974 3201 3189 3257 ablutio
3212 3200 3305 3255 illa
3337 3200 3731 3255 intestinorum

2127 3294 2336 3365 optime
2367 3293 2632 3351 declarat.
2671 3293 2847 3350 Simul
2879 3303 3067 3351 autem
3106 3294 3423 3349 oﬁ‘eruntur
3471 3301 3643 3365 caput
3674 3302 3733 3350 et

2127 3385 2320 3457 pedes,
2377 3395 2440 3442 ut
2471 3386 2565 3441 illa
2626 3386 3065 3443 suaveolentiam
3119 3385 3455 3451 sanctitatis,
3494 3400 3619 3455 quae
3671 3384 3729 3440 in

2129 3474 2435 3531 Salvatoris
2473 3476 2653 3532 nostri
2697 3477 2810 3532 vita
2844 3492 2875 3533 a
2901 3476 3181 3547 principio
3232 3491 3413 3547 usque
3456 3475 3516 3530 in
3560 3473 3729 3545 ﬁnem

2127 3566 2254 3631 fuit,
2302 3568 2619 3624 ostendant.
2677 3569 2816 3625 Nam
2868 3570 3140 3641 cujusque
3194 3567 3498 3624 animantis
3557 3576 3733 3638 caput

2127 3659 2464 3732 principium
2494 3670 2614 3730 est;
2645 3671 2956 3718 extremum
2978 3678 3112 3718 vero
3132 3678 3197 3719 ac
3225 3661 3350 3718 ﬁnis
3392 3661 3565 3718 totius
3604 3677 3732 3717 cor-

2128 3754 2283 3826 poris
2306 3753 2497 3826 pedes.
2524 3755 2638 3811 Aut
2662 3755 2899 3814 fortasse
2948 3756 3153 3812 melius
3181 3764 3287 3821 est,
3315 3755 3374 3809 in
3427 3753 3631 3810 mentis
3665 3754 3731 3808 ﬁ-

2128 3863 2320 3918 guram
2349 3858 2516 3921 caput
2538 3851 2829 3922 accipere;
2859 3850 3117 3917 incessus
3160 3866 3296 3907 vero
3329 3850 3452 3921 ejus
3474 3889 3488 3912 ,
3523 3862 3637 3919 quo
3673 3847 3730 3902 in

2130 3941 2448 3998 actionibus
2475 3942 2782 3999 eﬁiciendis
2813 3943 3225 4015 progredimur,
3257 3942 3449 4014 pedes.
3469 3942 3530 3997 In
3562 3940 3730 3998 Chri-

2128 4038 2216 4085 sto
2235 4038 2424 4087 autem
2463 4031 2697 4089 odorem
2721 4033 2956 4103 spirant,
2979 4041 3037 4087 et
3061 4048 3279 4088 summa
3309 4032 3553 4103 puritate
3582 4046 3731 4102 prae-

2128 4131 2276 4178 stant
2305 4124 2492 4180 omnia
2520 4132 2637 4181 tum
2666 4124 2928 4195 cogitata,
2978 4134 3096 4180 tum
3124 4123 3300 4190 facta;
3355 4138 3537 4193 neque
3578 4122 3729 4178 enim

2128 4222 2417 4286 peccatum
2447 4214 2599 4282 fecit,
2619 4216 2691 4271 ob
2711 4232 2944 4287 eamque
2969 4231 3190 4272 causam
3219 4215 3364 4273 hanc
3388 4214 3730 4270 oblationem

2128 4307 2318 4363 arietis
2342 4315 2400 4362 et
2425 4307 2818 4364 holocaustum
2847 4317 2906 4364 et
2946 4309 3245 4364 incensum
3309 4307 3592 4379 appellat;
3625 4322 3727 4362 ne-

2126 4416 2237 4470 que
2274 4400 2424 4455 enim
2478 4415 2547 4455 ex
2608 4409 2767 4470 parte
2816 4409 3043 4456 sanctus
3074 4408 3173 4455 aut
3220 4415 3383 4456 sacer
3438 4407 3559 4455 est:
3613 4415 3726 4455 non

2126 4491 2278 4548 enim
2319 4491 2615 4547 inﬁrmitas
2640 4493 2754 4547 ulla
2783 4501 2881 4549 aut
2909 4494 3099 4565 lapsus
3122 4493 3329 4564 aliquis
3358 4493 3415 4548 in
3450 4491 3608 4548 illum
3631 4508 3727 4547 ca-

414 4585 688 4641 ἐναλῶναι
736 4586 1045 4660 πταίσμασι
1075 4603 1094 4621 ⁶
1131 4587 1377 4659 καθαρὸς
1401 4586 1512 4660 γὰρ
1539 4588 1716 4653 οὐδεὶς
1754 4587 1814 4655 ἐξ
1839 4589 2022 4662 ἀμαρ-

2132 4583 2233 4649 dit,
2262 4591 2325 4639 ut
2342 4583 2509 4640 nobis
2535 4585 3021 4656 contingit-,uemo
3043 4586 3248 4658 quippe
3276 4585 3519 4641 mundus
3540 4601 3572 4641 a
3596 4598 3726 4655 pec—

356 4712 363 4717 ι
412 4679 575 4744 τεῶν,
595 4680 693 4735 καὶ
717 4679 890 4736 πολλὰ
921 4681 1188 4754 πταίομεν
1216 4681 1476 4749 ἅπαντες,
1502 4679 1645 4735 κατὰ
1677 4680 1738 4735 τὸ
1770 4698 2023 4754 γεγραμο

464 4773 608 4828 ἐνον.

415 4790 608 4845 μενον.

490 4867 703 4921 ΠΑΛΛ.
740 4865 853 4921 Καὶ
885 4866 1004 4930 πῶς
1044 4865 1110 4920 ἄν
1150 4884 1234 4931 τις
1267 4867 1435 4921 οἴοιτο
1471 4866 1634 4938 τυχὸν
1662 4909 1676 4933 ,
1724 4865 1817 4921 καὶ
1848 4866 2021 4939 αὐτὴν

348 4990 353 4999 ι
410 4957 675 5028 γενέσθαι
699 4958 799 5032 τὴν
826 4958 1067 5030 Χριστοῦ
1089 4959 1234 5032 ζωὴν
1253 4958 1396 5032 ὑπὲρ
1428 4959 1588 5032 ἡμῶν
1609 4977 1624 5025 ἶ

490 5137 658 5192 ΚΥΡ.
685 5138 800 5193 Καὶ
821 5136 929 5210 μὴν
955 5138 1080 5211 εῖσῃ
1103 5156 1184 5193 τοι
1206 5140 1299 5193 καὶ
1329 5139 1475 5211 μάλα
1503 5139 1723 5212 ῥαδίως,
1757 5141 2021 5212 ἐννοήσας

411 5231 500 5285 ὅτι
551 5229 650 5300 τῆς
707 5231 769 5284 ἐν
812 5230 985 5300 ’Δδάμ
1015 5231 1382 5303 παρασάσεως
1411 5232 1721 5303 γεγόναμεν
1746 5234 2016 5301 κοινωνοὶ,

417 5321 586 5391 μόνον
608 5319 668 5373 δὲ
687 5309 822 5391 ὀὐχὶ
845 5320 942 5374 καὶ
965 5318 1072 5373 τῶν
1096 5320 1293 5392 ἐκείνῳ
1319 5321 1697 5393 πεπλημμελη
1705 5320 1884 5392 μένων
1925 5324 2019 5378 ἐκ·

411 5412 719 5483 τετίκαμεν
787 5411 980 5477 δίκας,
1030 5413 1441 5485 διαδραμούσης
1490 5415 1573 5478 είς
1626 5415 1875 5481 ἅπαντας
1922 5416 2025 5487 τῆς

412 5506 583 5577 ἀρᾶς,
611 5505 796 5559 καὶτὸ
842 5504 903 5571 ἐξ
941 5505 1158 5560 ἐκείνου
1193 5506 1352 5576 γένος
1394 5506 1874 5580 κατανεμηθείσης
1895 5509 2023 5581 τρό-

412 5616 523 5653 πον
547 5597 673 5651 τινὰ
701 5598 803 5670 τῆς
843 5598 1040 5672 ὀργῆς.
1070 5599 1348 5661 Καθίκετο
1391 5600 1576 5655 τοίνυν
1624 5601 1705 5666 είς
1748 5601 2025 5675 ἐνανθρω-

416 5694 660 5764 πότητα,
713 5693 810 5748 καὶ
844 5694 1163 5766 ἐσκήνωσεν
1210 5696 1270 5749 ἐν
1298 5694 1435 5767 ἡμῖν
1461 5695 1491 5749 6
1528 5695 1877 5769 Μονογενης,
1926 5696 2024 5754 καὶ

494 5872 723 5931 “Rom.
767 5890 863 5945 xu,
887 5874 941 5932 5.
1017 5874 1062 5909 '°
1100 5874 1202 5934 Job
1238 5891 1349 5949 xxv,
1390 5875 1443 5933 4.
1521 5876 1563 5910 ¹¹
1597 5876 1711 5935 Jac.
1737 5892 1818 5949 nt,
1853 5878 1909 5935 2.

2130 4678 2270 4733 catis
2303 4678 2350 4710 ⁶⁰
2372 4719 2389 4745 ,
2422 4684 2481 4734 et
2511 4679 2568 4734 in
2602 4679 2795 4734 multis
2824 4680 3161 4737 offendimus
3209 4693 3425 4746 omnes,
3475 4686 3540 4734 ut
3587 4678 3727 4734 scri-

2129 4780 2286 4842 ptum
2310 4779 2398 4827 est
2427 4773 2498 4835 “.

2202 4863 2401 4919 PALL.
2439 4863 2547 4920 Sed
2584 4864 2760 4937 ipsam
2814 4880 3036 4937 quoque
3086 4865 3392 4923 Salvatoris
3430 4864 3608 4921 nostri
3641 4865 3730 4920 vi—

2129 4965 2241 5012 tam
2269 4972 2370 5027 pro
2403 4957 2569 5013 nobis
2614 4958 2809 5026 fuisse,
2868 4973 2979 5034 qua
3016 4958 3234 5014 ratione
3286 4958 3561 5030 quispiam
3606 4959 3729 5015 exi-

2072 5110 2077 5117 ,
2124 5048 2350 5104 stimare
2377 5051 2595 5119 potest?

2197 5141 2356 5198 CYR.
2393 5142 2677 5213 Percipies
2702 5142 2756 5197 id
2787 5156 2940 5207 vero,
3000 5148 3056 5197 et
3088 5141 3316 5213 quidem
3345 5140 3529 5209 facile,
3566 5143 3614 5199 si
3645 5144 3731 5200 in—

2130 5236 2413 5292 tellexeris
2445 5236 2598 5292 illius
2637 5236 2692 5291 in
2735 5235 2913 5291 Adam
2945 5236 3404 5307 transgressionis
3449 5252 3554 5293 nos
3603 5254 3729 5295 esse

2124 5324 2430 5396 participes
2460 5325 2655 5389 factos,
2688 5332 2987 5389 eteorum,
3023 5340 3146 5395 qua:
3186 5324 3282 5381 ille
3320 5326 3578 5396 deliquit,
3603 5343 3733 5398 per-

2125 5420 2362 5477 solvisse
2388 5434 2605 5491 ptenas,
2638 5435 2767 5474 cum
2810 5418 2866 5473 in
2898 5418 3194 5473 universos
3218 5419 3613 5489 pertransierit
3634 5420 3727 5479 illa

2124 5513 2469 5581 maledictio,
2526 5521 2585 5569 et
2624 5511 2773 5583 quod
2830 5527 2901 5566 ex
2933 5526 3002 5567 eo
3050 5519 3232 5567 satum
3271 5520 3358 5569 est
3400 5529 3596 5585 genus,
3633 5514 3725 5571 illa

2125 5604 2209 5662 ira
2238 5603 2651 5677 quodammodo
2679 5604 2908 5675 depasta
2940 5603 3032 5659 sit.
3065 5604 3235 5676 396
3259 5605 3355 5662 Ille
3385 5605 3556 5678 igitur
3589 5605 3721 5661 Uni-

2127 5697 2348 5771 genitus
2370 5696 2441 5755 ad
2471 5694 2715 5756 hominis
2771 5700 3028 5757 naturam
3067 5693 3378 5763 descendit,
3419 5704 3476 5752 ct
3506 5695 3720 5757 habita.
