4118 6448
477 373 586 434 τεο

1511 387 1566 443 S.
1611 388 1889 446 CYRILLI
1929 392 2400 452 ALEXANDRINI
2439 397 2760 456 ARCHIEP.

2443 274 2633 290 .*--

3626 413 3722 470 Ἰὼ

479 491 637 546 vitia
673 493 854 557 nobis,
889 502 946 548 ct
985 508 1104 549 sese
1145 495 1259 550 Deo
1303 512 1368 552 ac
1408 499 1557 554 Patri
1611 501 1870 572 subjecit.
1915 523 1934 556 ι
1961 504 2056 560 Fa-

2172 505 2448 580 ὐπέθηκεν
2490 510 2683 565 ἑαυτὸν
2725 510 2805 582 τῷ
2835 511 2954 583 Θεῷ
2993 513 3085 567 καὶ
3125 515 3320 586 Πατρί.
3357 535 3376 568 ι
3412 517 3598 588 Γέγονε
3626 525 3723 598 γὰρ

479 592 604 638 ctus
632 592 719 638 cst
743 586 891 639 enim
931 586 1197 641 obediens
1231 603 1406 659 usque
1460 591 1528 646 ad
1590 602 1822 648 mortem
1857 597 1924 660 ",
1955 616 1973 646 ι
2008 605 2065 652 et

479 673 630 729 Illius
652 691 718 729 ex
739 675 912 730 Adam
935 676 1270 734 desertionis
1299 681 1510 737 crimen
1531 684 1691 746 eluit,
1716 694 1772 740 et
1799 687 2065 742 obedien-

479 764 569 816 tia:
598 779 710 818 sua:
763 764 992 819 odorem
1025 774 1283 836 tanquam
1335 784 1440 840 pro
1481 773 1742 828 omnibus
1789 775 1950 831 simul
2008 787 2065 832 et

476 854 708 924 singulis
754 856 868 910 Deo
903 867 962 910 et
1015 859 1165 912 Patri
1197 860 1420 925 obtulit,
1470 878 1534 918 ac
1571 880 1671 934 per
1714 867 1893 937 ipsum
1927 869 2062 924 salvi

477 945 605 999 facti
637 962 874 1002 sumus:
925 951 1088 1021 cujus
1138 951 1220 1006 rei
1271 952 1476 1008 Paulus
1529 957 1688 1011 testis
1724 966 1828 1022 cst,
1865 961 2064 1030 quisic

478 1038 734 1108 scripsit:
789 1041 1024 1112 «Igitur,
1062 1044 1207 1099 sicut
1247 1061 1346 1116 per
1377 1048 1541 1102 unius
1569 1049 1832 1106 delictum
1856 1053 1911 1107 in
1940 1069 2061 1108 om-

474 1144 576 1184 nes
627 1130 880 1188 homines
907 1135 961 1188 in
1016 1137 1568 1204 condemnationem,
1627 1143 1707 1198 sic
1761 1145 1927 1200 etiam
1961 1162 2064 1218 per

477 1223 643 1278 unius
671 1225 945 1295 justitiam
991 1227 1045 1282 in
1077 1244 1270 1285 omnes
1303 1230 1358 1284 in
1386 1232 1841 1301 justitieationem
1905 1238 2053 1294 vitae.

477 1312 632 1370 Sicut
652 1318 798 1371 enim
827 1334 926 1388 per
951 1320 1117 1374 unius
1144 1320 1384 1379 hominis
1412 1323 1843 1383 inobedientiam
1866 1345 2062 1399 pecca-

478 1416 628 1463 tores
679 1411 962 1464 constituti
1025 1419 1154 1466 sunt
1185 1413 1383 1480 multi;
1413 1415 1494 1470 sic
1546 1432 1647 1486 per
1687 1418 2061 1477 obedientiam

479 1500 644 1553 unius
664 1501 1049 1574 hominisjnsti
1082 1506 1492 1562 constituentur
1517 1508 1674 1562 multi
1696 1509 1743 1541 ⁸³
1765 1552 1776 1564 .
1802 1529 1819 1561 ι
1850 1511 2060 1567 Intelli-

479 1592 563 1660 gis
598 1591 766 1662 igitur
799 1595 978 1650 salvos
1001 1612 1102 1650 nos
1118 1612 1238 1652 esse
1256 1597 1449 1663 factos,
1469 1598 1690 1654 Christo
1720 1609 1783 1655 ut
1804 1601 1860 1656 in
1900 1605 2060 1660 vituli

479 1681 654 1752 figura
693 1698 793 1753 pro
817 1685 974 1739 nobis
1004 1695 1250 1752 mortuo,
1287 1688 1382 1742 sed
1406 1704 1504 1758 per
1533 1691 1654 1760 ejus
1685 1691 2061 1750 obedientiam

477 1782 530 1826 et
580 1775 749 1829 vitam
792 1776 845 1829 in
879 1777 1310 1833 sanctificatione
1363 1790 1538 1834 actam
1577 1798 1800 1836 suavem
1840 1784 1952 1838 Deo
1995 1801 2061 1840 ac

2167 598 2408 667 ὑπήκοος
2443 600 2608 672 μέχρι
2654 601 2908 665 Θανάτου,
2941 621 2959 655 ι
3000 604 3104 674 τῆς
3151 604 3212 670 ἐξ
3253 605 3421 678 Ἀδάμ
3447 609 3728 680 άποταξίας

2164 688 2443 755 ἀφανίζων
2491 692 2561 744 τὰ
2613 691 2975 763 ἐγκλήματα,
3019 696 3116 749 καὶ
3157 697 3258 766 τῆς
3311 699 3612 767 εὐπειθείας
3638 705 3727 778 τὴν

2163 780 2395 835 εὐωδίαν
2426 782 2502 848 ώς
2545 784 2686 854 ὑπὲρ
2718 785 2939 840 πάντων
2975 803 3034 840 τε
3075 787 3192 857 ἄμα
3225 788 3320 842 καὶ
3345 789 3484 863 ὑπὲρ
3512 794 3729 852 ἑκάστου

2164 877 2511 947 προσαγήοχε
2549 875 2626 947 τῷ
2649 876 2769 948 Θεῷ
2807 878 2902 931 καὶ
2939 879 3135 950 Πατρὶ,
3163 881 3258 934 καί⁵
3281 881 3349 934 δι’
3380 883 3542 938 αὐτοῦ
3571 887 3728 941 σεσώ-

2165 966 2341 1035 σμεθα
2366 985 2379 998 ο
2407 970 2502 1022 καὶ
2535 969 2743 1039 μάρτυς
2767 971 2795 1022 ὁ
2819 970 3030 1036 Παῦλος
3066 975 3162 1026 ὡδὶ
3195 975 3491 1046 γεγραψώς
3518 995 3530 1008 ·
3569 979 3733 1049 «Ἀρα

2162 1052 2277 1124 οὖν,
2310 1057 2386 1122 ὡς
2414 1059 2481 1113 δι’
2515 1061 2633 1125 ένὸς
2676 1062 3126 1136 παραπτώματος
3163 1069 3243 1129 είς
3278 1067 3486 1132 πάντας
3543 1069 3734 1140 ἀνθρώ-

2163 1164 2300 1212 πους
2324 1151 2404 1213 εἰς
2439 1151 2776 1222 κατάκριμα,
2816 1152 2960 1207 οὕτω
3005 1155 3100 1208 καὶ
3130 1156 3334 1220 δι’ένὸς
3377 1156 3734 1230 δικαιώματος

2162 1241 2244 1304 είς
2289 1241 2501 1305 πάντας
2532 1237 2856 1314 ἀνθρώπους
2911 1248 2990 1310 είς
3032 1246 3316 1301 δικαίωσιν
3343 1248 3489 1319 ζωῆς
3514 1267 3528 1280 ⁸
3559 1250 3738 1323 ὥσπερ

2161 1333 2271 1402 γὰρ
2297 1333 2383 1386 διὰ
2407 1335 2507 1403 τῆς
2534 1337 2815 1406 παρακοῆς
2847 1337 2941 1391 τοῦ
2973 1339 3092 1402 ένὸς
3121 1339 3413 1411 ἀνθρώπου
3434 1343 3740 1412 ἁμαρτωλοὶ

2162 1427 2580 1497 κατεστάθησαν
2620 1431 2667 1482 οί
2711 1429 2916 1492 πολλοὶ,
2956 1430 3099 1484 οὕτω
3128 1430 3218 1484 διὰ
3248 1431 3348 1500 τῆς
3377 1433 3625 1503 ὑπακοῆς
3653 1434 3740 1488 τοῦ

2163 1517 2281 1580 ἑνὸς
2309 1517 2599 1589 ἀνθρώπου
2626 1519 2827 1574 δίκαιοι
2858 1522 3366 1591 κατασταθήσονται
3402 1525 3452 1576 οἱ
3485 1524 3685 1577 πολλοί.
3720 1543 3736 1578 ι

2163 1609 2360 1679 Συνίης
2394 1605 2487 1664 οῦν
2515 1611 2597 1664 ὅτι
2655 1611 2973 1681 σεσώσμεθα
3031 1614 3129 1683 μὲν
3159 1615 3235 1677 ὡς
3259 1615 3316 1667 ἓν
3343 1631 3407 1682 γε
3439 1613 3516 1684 τῷ
3545 1617 3739 1686 μόσχῳ,

2161 1699 2460 1764 τεθνεῶτος
2485 1702 2626 1774 ὑπὲρ
2655 1703 2816 1773 ἡμῶν
2855 1705 2952 1758 τοῦ
2988 1705 3225 1775 Χριστοῦ
3253 1745 3268 1769 ,
3299 1705 3667 1776 εὐωδιάζομεν
3689 1708 3741 1760 δὲ

2161 1792 2240 1862 τῷ
2263 1792 2382 1863 Θεῷ
2412 1795 2505 1847 καὶ
2538 1795 2711 1864 Πατρὶ
2756 1795 2843 1849 διὰ
2876 1797 2975 1866 τῆς
3003 1798 3280 1866 ὑποταγῆς
3307 1798 3476 1851 αὐτοῦ
3517 1799 3612 1851 καὶ
3652 1797 3746 1866 τῆς

477 1865 628 1920 Patri
673 1866 904 1922 odorem
949 1869 1252 1925 redolere?
1299 1871 1434 1926 Nam
1483 1873 1551 1928 ad
1593 1884 1843 1929 sanctum
1888 1877 2056 1932 altare

2165 1858 2224 1937 ἐν
2248 1858 2506 1962 ἁγιασμῷ
2534 1858 2705 1955 ζωῆςε
2739 1858 3064 1959 Προσεχεῖτο
3092 1858 3200 1961 γάρ
3307 1885 3453 1962 αἷμα
3477 1889 3570 1943 τοῦ
3595 1858 3744 1961 κριοῦ

477 1957 669 2013 arietis
699 1976 865 2014 cruor
893 1961 1304 2016 effundebatur.

548 2050 746 2106 PALL.
781 2051 966 2106 Teneo
989 2052 1136 2121 quod
1167 2053 1328 2106 dicis.

546 2139 704 2195 CYR.
736 2141 1004 2197 Eumdem
1057 2158 1193 2197 vero
1227 2153 1289 2198 ut
1323 2143 1485 2199 nobis
1522 2147 1675 2200 varie
1714 2155 1974 2217 tanquam
2005 2148 2060 2203 in

477 2233 690 2288 umbris
719 2233 1033 2306 effingeret:
1062 2237 1130 2290 Et
1153 2253 1358 2302 sumes,
1417 2237 1618 2309 inquit,
1653 2240 1885 2294 arietem
1925 2242 2063 2296 alte.

476 2337 620 2386 rum,
654 2324 748 2392 qui
779 2324 946 2379 etiam
973 2325 1040 2380 ad
1075 2327 1334 2382 eumdem
1365 2327 1590 2383 modum
1620 2345 1730 2400 quo
1762 2330 1934 2399 prior,
1961 2330 2062 2383 im-

472 2415 732 2482 molatur,
773 2419 1110 2488 ungiturquc
1141 2419 1345 2485 Aaron,
1371 2430 1660 2492 coetusque
1685 2420 2060 2492 subjectorum

474 2503 554 2558 illi
614 2506 966 2562 sacerdotum
1021 2510 1420 2577 sanctificatur,
1458 2511 1725 2583 sanguine
1771 2513 1840 2567 ad
1878 2522 2061 2567 extre-

472 2610 594 2651 mas
613 2595 841 2653 dextras
873 2614 1074 2654 manus
1102 2609 1160 2655 et
1212 2617 1378 2658 aures
1420 2613 1476 2658 et
1503 2605 1674 2674 pedes
1719 2605 1893 2660 illito:
1929 2620 2059 2660 san-

471 2686 751 2743 ctificatur
799 2690 967 2744 etiam
1025 2692 1384 2749 sacerdotum
1453 2697 1594 2750 stola
1653 2697 1921 2767 sanguine
1973 2713 2060 2752 re-

473 2793 691 2849 spersa:
726 2788 842 2836 tum
871 2782 1120 2853 reliquus
1137 2786 1362 2856 sanguis
1388 2788 1486 2843 Dei
1513 2789 1671 2859 jussu
1701 2789 1769 2844 ad
1788 2789 1960 2845 basim
1981 2790 2060 2844 al-

474 2871 609 2926 taris
629 2871 905 2929 funditur.
935 2875 1244 2932 Sumuntur
1297 2880 1500 2937 deinde
1548 2881 1808 2937 intestina
1846 2892 1902 2939 et
1927 2899 2056 2956 azy-

471 2977 595 3018 mus
617 2964 774 3034 panis
807 2973 864 3020 et
889 2966 1143 3038 laganum
1185 2987 1376 3037 unum,
1427 2973 1590 3029 ambo
1620 2975 1715 3030 lita
1767 2975 1909 3039 oleo,
1959 2992 2054 3030 ea-

468 3061 577 3125 que
617 3057 734 3112 suis
764 3060 1023 3116 manibus
1077 3062 1332 3132 imposita
1358 3064 1540 3121 Aaron
1579 3068 1809 3138 ejusque
1842 3067 1938 3122 filii
1970 3068 2054 3122 af-

2164 1974 2243 2043 τῷ
2278 1959 2420 2045 ἁγίῳ
2450 1975 2844 2049 Θυσιαστηρίῳ.

2234 2063 2444 2118 ΠΛΛΛ.
2468 2064 2698 2135 Συνίημι
2723 2066 2751 2119 ὃ
2797 2069 2924 2138 φής.

2234 2154 2398 2207 ΚΥΡ.
2447 2155 2808 2227 Πολυτρόπως
2851 2159 2908 2212 δὲ
2938 2158 3031 2212 τὸν
3059 2160 3222 2212 αὐτὸν
3247 2162 3386 2232 ἡμῖν
3412 2159 3751 2214 διαπλάττων

2161 2245 2238 2308 ὡς
2271 2247 2331 2299 ἐν
2362 2249 2541 2312 σκιαῖς
2565 2265 2579 2280 ·
2608 2249 2721 2302 Καὶ
2743 2249 2908 2320 λήψῃ,
2945 2251 3103 2320 φησὶ,
3134 2252 3287 2321 κριὸν
3336 2252 3434 2305 τὸν
3479 2251 3748 2322 δεύτερον,

2162 2337 2254 2390 καὶ
2285 2339 2586 2408 πράττεται
2616 2340 2714 2410 μὲν
2740 2341 2827 2393 ἐπ’
2856 2341 3007 2412 αὐτῷ
3037 2343 3176 2396 κατὰ
3197 2344 3288 2396 τὸν
3312 2343 3542 2412 πρῶτον
3565 2345 3598 2412 ἡ
3621 2359 3754 2411 σφα·

2161 2431 2254 2499 γή.
2289 2431 2662 2502 Καταχρίεται
2691 2431 2748 2485 δὲ
2782 2433 3012 2504 Ἀαρὼν,
3064 2435 3159 2488 καὶ
3213 2435 3274 2488 τδ
3323 2435 3420 2492 ὐπῗ
3460 2433 3612 2505 αὐτῷ
3652 2433 3754 2487 τῶν

2165 2523 2357 2593 ίερέων
2397 2523 2685 2592 ἁγιάζεται
2725 2524 2931 2593 στίφος,
2975 2527 3363 2596 ἐπιτιθεμένου
3397 2527 3495 2581 τοῦ
3531 2528 3756 2597 αἵματος

2160 2612 2246 2664 ἐπ’
2280 2612 2471 2684 ἄκροις
2495 2613 2679 2684 χειρὸς
2711 2614 2805 2666 καὶ
2826 2614 3010 2677 ὠτίου,
3042 2615 3138 2668 καὶ
3172 2616 3280 2685 μὴν
3313 2615 3420 2668 καὶ
3456 2615 3618 2678 ποδὸς
3653 2613 3756 2667 τῶν

2159 2703 2351 2768 δεξιῶν
2373 2723 2388 2738 ο
2458 2703 2749 2772 ἁγιάζεται
2787 2705 2845 2758 δὲ
2892 2706 2989 2760 καὶ
3018 2706 3126 2759 τῶν
3160 2705 3362 2776 ἱερέων
3392 2708 3427 2777 ή
3465 2705 3630 2776 στολὴ
3661 2722 3757 2758 κα-

2159 2795 2616 2866 ταρῤαντισθεῖσα
2651 2795 2730 2866 τῷ
2762 2797 2976 2866 αἵματι,
3023 2792 3144 2849 εἶτα
3175 2797 3268 2851 τοῦ
3301 2796 3603 2858 λείποντος
3636 2797 3751 2849 ἑπι-

2161 2887 2528 2958 προχεομένου
2581 2889 2648 2958 τῇ
2698 2888 2850 2958 βάσει
2908 2888 3004 2942 τοῦ
3062 2888 3508 2962 θυσιαστηρίου,
3540 2888 3684 2943 κατὰ
3704 2885 3762 2942 τδ

2157 2978 2279 3048 Θεῷ
2329 2978 2522 3032 δοκοῦν
2551 3019 2566 3040 ,
2627 2980 3074 3050 ἀπολαμϐάνεται
3128 2981 3197 3034 τά
3243 2997 3303 3034 τε
3368 2981 3630 3036 ἐντὸσθια
3663 2980 3752 3034 καὶ

2157 3070 2366 3138 ἄζυμος
2412 3068 2575 3140 ἄρτος
2629 3071 2722 3124 καὶ
2775 3070 3010 3138 λάγανον
3050 3071 3142 3124 ἓν·
3176 3071 3361 3141 ἄμφω
3400 3071 3460 3126 δὲ
3494 3067 3565 3144 ἦν
3597 3071 3764 3125 ἐλαιό-

469 3147 682 3215 ferunt;
723 3152 1128 3222 excipitautem
1158 3156 1490 3213 sacrificium
1533 3168 1590 3214 et
1627 3159 1792 3215 offert
1819 3160 2050 3232 Moyses.

2160 3162 2323 3215 δευτα
2351 3177 2365 3192 ο
2417 3163 2511 3216 καὶ
2560 3163 2992 3234 προεκκομίζουσι
3050 3163 3148 3234 μὲν
3193 3164 3251 3216 έν
3284 3164 3495 3235 χερσὶν
3524 3163 3765 3226 ἐνθέντες

467 3240 694 3296 Armum
717 3253 984 3312 praeterea
1037 3258 1203 3318 atque
1243 3252 1626 3321 pectusculum
1671 3253 1852 3324 inquit
1895 3253 2056 3308 attri-

469 3332 563 3387 bui
583 3345 837 3404 oportere
857 3340 1154 3407 sacerdoti,
1185 3353 1242 3398 et
1282 3344 1426 3399 inter
1453 3354 1704 3416 separata
1749 3347 2051 3402 numerari.

466 3425 680 3481 Nomen
707 3437 891 3484 autem
919 3433 1073 3487 estei
1109 3435 1406 3500 sacrificio,
1437 3437 1596 3492 Aries
1627 3439 2058 3494 consummatio-

469 3517 574 3572 nis.
611 3519 860 3576 lncensis
894 3523 1136 3594 denique
1173 3527 1475 3594 intestinis,
1531 3531 1804 3600 reliquum
1855 3546 2057 3600 corpus

468 3624 594 3664 eum
626 3612 863 3680 panibus
915 3615 1120 3680 editur,
1150 3628 1206 3673 et
1231 3619 1499 3689 reliquias,
1521 3637 1644 3691 qua:
1687 3621 1743 3676 in
1773 3628 2055 3690 posterum

467 3701 614 3758 diem
672 3706 1092 3775 superfuissent,
1121 3710 1232 3780 igni
1285 3713 1714 3780 comburuntur;
1762 3714 1844 3768 sic
1881 3714 2032 3768 enim

469 3810 640 3852 sacra:
660 3797 863 3855 littera:
884 3802 1196 3858 continent.

538 3987 734 4043 PALL.
766 3987 939 4057 Quam
969 3990 1191 4047 abditus
1218 4001 1304 4048 est
1326 3991 1418 4048 hic
1460 3991 1761 4065 Scriptura:
1791 3994 1976 4049 locus!

537 4079 694 4136 CYR.
723 4082 894 4138 Recte
923 4083 1166 4140 indicas:
1199 4084 1423 4140 abditus
1465 4092 1552 4142 est
1574 4085 1724 4140 enim
1770 4101 1921 4149 sane,
1955 4087 2052 4141 sed

467 4173 715 4229 continet
745 4183 927 4232 tamen
955 4175 1162 4233 Christi
1188 4177 1531 4250 mysterium.
1555 4177 1755 4234 Factus
1779 4186 1865 4232 est
1891 4193 2050 4232 nam-

2165 3253 2323 3319 ίδίαις
2348 3255 2398 3307 οί
2432 3255 2574 3323 ἀμφὶ
2597 3254 2688 3308 τὸν
2733 3253 2964 3325 Ἀαρὼν,
2995 3253 3326 3323 ἀποδέχεται
3358 3255 3419 3308 δὲ
3439 3255 3543 3325 τὴν
3572 3253 3761 3308 θυσίαν

2158 3346 2252 3399 καὶ
2301 3346 2564 3418 ἀναφέρει
2605 3345 2824 3416 Μωσῆς.
2856 3347 2977 3398 Δεῖν
3005 3345 3060 3398 δὲ
3092 3345 3226 3416 πρὸς
3253 3347 3482 3411 τούτοις
3501 3347 3610 3416 ἔφη
3635 3345 3762 3418 βρα-

2158 3437 2311 3509 χίονα
2354 3439 2449 3490 καὶ
2503 3437 2792 3508 στηθήνιον
2828 3436 3230 3491 άποτάττεσθαι
3263 3438 3348 3509 τῷ
3397 3441 3563 3511 ἱερεῖ,
3592 3438 3687 3493 καὶ
3709 3439 3762 3490 έν

2161 3526 2324 3598 μοίρᾳ
2343 3527 2560 3580 κεῖσθαι
2591 3527 2702 3580 τῶν
2733 3527 3175 3598 ἀφαιρουμένων.
3213 3529 3444 3600 Ὄνομα
3476 3529 3537 3581 δὲ
3572 3527 3650 3598 τῷ
3671 3525 3765 3581 θῦε

2161 3636 2312 3688 ματι,
2355 3619 2509 3689 κριδς
2543 3618 2898 3682 τελειώσεως.
2935 3619 3379 3688 Τεθυμιαμένων
3415 3620 3478 3673 δὲ
3527 3619 3640 3672 τῶν
3688 3620 3766 3671 svo

2156 3710 2409 3780 τοσθίων,
2458 3713 2518 3764 τὸ
2549 3710 2734 3763 λοιπὸν
2767 3711 2865 3764 σὺν
2898 3711 3084 3780 ἄρτοις
3115 3709 3365 3764 ἐσθίεται
3410 3711 3604 3782 σῶμα,
3636 3709 3768 3782 πυρὶ

2156 3801 2614 3872 κατακαιομένων
2652 3801 2762 3855 τῶν
2795 3803 2878 3865 είς
2923 3801 2986 3854 τὸ
3033 3800 3178 3872 πρωῒ
3203 3801 3764 3874 καταλελειμμένων.

2160 3895 2314 3964 Ἔχει
2342 3893 2451 3964 γὰρ
2485 3886 2586 3946 ὧδε
2615 3892 2676 3946 τὸ
2707 3892 2945 3964 γράμμα
2981 3891 3044 3945 τὸ
3076 3891 3243 3965 ίερόν.

2226 3986 2434 4039 ΠΑΛΛ.
2478 3984 2564 4048 Ὠς
2595 3983 2762 4054 βαθὺς
2790 3987 2818 4038 ὁ
2836 3985 2993 4052 λόγος
3017 3985 3030 4037 i

2224 4079 2388 4132 ΚΥΡ.
2427 4079 2604 4148 Ἐφης
2625 4077 2802 4148 ὀρθῶς
2826 4093 2840 4108 °
2885 4076 3052 4148 βαθὺς
3072 4075 3181 4150 γὰρ
3211 4077 3278 4149 δὴ
3315 4079 3474 4146 λίαν,
3509 4079 3694 4134 ὼδίνει
3719 4076 3774 4131 δὲ

2156 4171 2264 4242 μὴν
2304 4171 2366 4224 τὸ
2396 4169 2635 4242 Χριστοῦ
2671 4169 2990 4239 μυστήριον.
3029 4168 3223 4237 Γέγονε
3255 4171 3377 4242 γὰρ
3431 4173 3575 4241 ἡμῖν
3622 4169 3774 4242 κριὸς

466 4276 574 4330 quc
594 4263 753 4318 nobis
769 4264 913 4320 aries
929 4267 1438 4333 consummationis,
1453 4281 1579 4322 cum
1611 4266 1668 4321 in
1690 4267 1838 4322 omni
1862 4282 2049 4322 rerum

2160 4259 2485 4324 τελειώσεως
2511 4260 2592 4323 είς
2631 4260 2740 4312 πᾶν
2759 4256 2941 4311 ὁτιοῦν
2972 4257 3079 4312 τῶν
3101 4257 3355 4328 ἀρίστων
3390 4261 3610 4332 άρτίως
3641 4261 3779 4330 ἕχον-

467 4355 799 4424 optimarum
823 4372 1028 4427 genere
1072 4375 1175 4414 nos
1223 4359 1509 4414 absolutos
1571 4366 1739 4428 atque
1773 4358 2052 4428 perfectos

2160 4373 2250 4418 τας
2294 4353 2641 4422 ἀποφαίνων,
2689 4351 2785 4406 καὶ
2814 4352 3299 4422 ἔκπρεπεστάτους
3332 4355 3397 4407 ὲν
3443 4355 3684 4426 ἀρεταῖς
3713 4349 3777 4404 δι’

469 4447 657 4502 reddat
686 4488 700 4511 ,
730 4457 788 4503 ct
824 4464 926 4518 per
959 4449 1453 4506 sanctificationem
1493 4449 1548 4504 in
1579 4449 1780 4519 spiritu
1823 4449 2051 4503 virtuti-

2153 4443 2430 4516 άγιασμοῦ
2461 4445 2518 4498 ὲν
2551 4441 2840 4513 πνεύματι,
2876 4442 2970 4496 καὶ
3010 4442 3117 4513 πρό
3150 4458 3213 4511 γε
3237 4443 3358 4497 τῶν
3389 4445 3584 4500 ἄλλων
3611 4441 3783 4512 ἀκοὴν

464 4536 571 4590 bus
618 4537 860 4608 insignes
900 4538 1127 4605 efficiat;
1175 4548 1232 4594 et
1281 4550 1409 4596 ante
1455 4539 1562 4594 alia
1609 4554 1774 4593 aures
1829 4539 2051 4607 adjiciat

2160 4537 2256 4606 μὲν
2297 4534 2494 4600 ἐνθεὶς,
2527 4534 2625 4604 τὴν
2661 4532 2915 4602 εὐλογίας
2967 4533 3174 4604 πλήρη,
3213 4537 3519 4600 τουτέστι,
3568 4535 3673 4604 τὴν
3703 4532 3786 4585 εὐ-

464 4627 626 4696 397
652 4626 1037 4682 benedictione
1059 4631 1272 4698 plenas,
1296 4630 1418 4684 illas
1439 4643 1638 4698 nempe
1664 4628 2052 4698 obtemperan-

466 4726 548 4771 tes
573 4724 628 4772 et
653 4716 862 4781 faciles,
891 4727 948 4772 et
971 4719 1037 4773 ad
1061 4720 1182 4789 ejus
1203 4719 1427 4788 quidem
1451 4719 1704 4790 dogmata
1729 4718 2049 4788 excipienda

463 4816 711 4880 paratas,
754 4809 1128 4866 insusurratas
1167 4824 1304 4864 vero
1348 4825 1522 4880 nugas
1563 4818 1620 4865 et
1659 4811 2049 4867 exsecrandam

463 4902 856 4958 nonnullorum
911 4903 1331 4972 loquacitatem,
1383 4901 1479 4971 qui
1531 4901 1818 4957 veritatem
1872 4918 2050 4974 oppu-

464 5002 631 5058 gnant
657 5000 714 5049 et
756 5009 882 5049 cum
925 4993 1091 5048 rectis
1122 4992 1393 5060 dogmatis
1430 4993 1637 5048 bellum
1698 5003 1914 5066 gerunt,
1948 4997 2054 5052 mi-

463 5085 611 5141 nime
658 5087 996 5141 sustinentes
1037 5102 1049 5138 :
1085 5083 1132 5138 is
1177 5082 1324 5138 enim
1365 5092 1452 5140 est
1495 5085 1711 5140 aurium
1743 5095 2055 5144 sanctarum

465 5177 697 5232 fructus.
745 5177 924 5246 Atque
963 5176 1050 5230 vir
1097 5175 1454 5231 admirandus
1496 5177 1738 5234 Joannes
1786 5179 1857 5234 ita
1893 5181 2057 5236 nobis

462 5266 636 5320 ferme
678 5265 756 5320 ait
791 5282 803 5317 :
847 5283 864 5314 ι
905 5264 1145 5328 Fratres,
1178 5263 1408 5335 probate
1457 5266 1707 5336 spiritus,
1757 5267 1803 5323 si
1837 5285 1905 5324 ex
1943 5269 2054 5326 Deo

464 5364 592 5410 sunt
641 5373 654 5410 :
703 5355 885 5412 omnis
944 5356 1206 5428 spiritus,
1272 5356 1367 5427 qui
1427 5373 1539 5412 non
1600 5359 1896 5416 confitetur
1955 5360 2049 5416 Je-

464 5465 583 5503 sum
614 5448 916 5514 Christum,
943 5465 1008 5504 ex
1048 5449 1161 5504 Deo
1193 5464 1306 5505 non
1345 5459 1458 5516 est;
1492 5459 1550 5507 et
1577 5452 1758 5508 omnis
1796 5452 2044 5522 spiritus,

461 5542 555 5611 qui
581 5541 874 5598 confitetur
903 5543 1089 5599 Iesum
1118 5543 1422 5609 Christum,
1455 5559 1524 5600 ex
1551 5545 1664 5601 Deo
1689 5554 1778 5601 est
1802 5546 1864 5599 “.
1900 5565 1919 5598 δ
1948 5545 2046 5602 Ni-

463 5631 538 5687 hil
574 5640 756 5689 autem
779 5640 884 5696 est,
909 5649 1020 5703 quo
1047 5634 1247 5689 melius
1275 5633 1440 5689 verba
1489 5635 1797 5704 probentur
1825 5643 1882 5690 et
1913 5651 2045 5698 exa-

2156 4627 2315 4699 πειθῆ
2367 4629 2464 4682 καὶ
2499 4627 2736 4700 εὐήνιον,
2775 4626 2871 4680 καὶ
2908 4625 3232 4696 ὶπιτηδείως
3280 4625 3398 4696 μὲν
3423 4626 3676 4698 ἔχουσαν
3708 4625 3788 4687 είς

2157 4719 2475 4791 παραδοχὴν
2513 4718 2624 4772 τῶν
2647 4717 2779 4789 περὶ
2801 4716 2969 4772 αὐτοῦ
2999 4716 3320 4786 δογμάτων,
3354 4717 3470 4771 οὐκ
3512 4714 3785 4788 ἀνεχομέο

2155 4827 2253 4879 νην
2281 4810 2337 4864 δὲ
2352 4808 2598 4880 ψιθύρων
2632 4809 2994 4881 τερετισμῶν,
3014 4807 3110 4862 καὶ
3139 4809 3414 4879 μυσαρᾶς
3428 4808 3791 4879 άθυρογ).ωσο

2159 4902 2302 4966 σίας,
2330 4901 2399 4972 ἢν
2422 4899 2488 4955 ἂν
2517 4900 2752 4954 ποιοῖντό
2775 4917 2924 4964 τινες
2947 4903 3015 4972 τῇ
3043 4898 3280 4971 ἀληθεία
3310 4901 3670 4972 μαχόμενοι,
3695 4897 3790 4952 καὶ

2152 4997 2266 5057 τοῖς
2316 4995 2416 5064 τῆς
2459 4992 2751 5065 ὀρθότητος
2788 4991 3180 5060 ἀντεξάγοντες
3222 4990 3568 5063 δόγμασινο
3616 4993 3788 5060 ἀκοῆς

2146 5084 2262 5156 ’γὰρ
2299 5083 2365 5154 δὴ
2395 5083 2555 5137 τοῦτο
2586 5082 2688 5152 τῆς
2720 5083 2882 5152 ἁγίας
2919 5083 3154 5154 καρπός.
3191 5082 3313 5134 Καὶ
3346 5083 3472 5154 μὴν
3523 5083 3790 5150 Ἰωάννης

2153 5177 2286 5246 ἡμῖν
2315 5177 2344 5229 ὸ
2367 5173 2650 5240 θεσπέσιος
2684 5168 2787 5230 ὧδέ
2808 5175 2883 5246 πή
2915 5192 3102 5245 φησιν·
3134 5195 3154 5227 ι
3208 5175 3516 5245 ’Δδελφοὶ,
3553 5174 3793 5245 δοκιμά·

2152 5267 2274 5333 ςετε
2305 5267 2374 5321 τὰ
2404 5266 2712 5339 πνεύματα,
2740 5270 2788 5322 εί
2815 5269 2881 5322 ὲκ
2908 5265 3004 5321 τοῦ
3030 5265 3166 5321 Θεοῦ
3195 5267 3325 5320 ἐστι
3353 5284 3368 5298 ·
3405 5271 3529 5322 πᾶν
3563 5267 3793 5337 πνεῦμα

2153 5359 2183 5416 ὃ
2203 5360 2276 5431 μὴ
2295 5359 2550 5429 ὁμολογεῖ
2593 5359 2800 5431 Ἰησοῦν
2821 5359 3078 5432 Χριστὸν,
3101 5360 3167 5412 ὲκ
3190 5357 3292 5411 τοῦ
3329 5357 3487 5414 Θεοῦ
3517 5362 3628 5416 οὐκ
3651 5360 3792 5418 ἐστι.

2155 5453 2249 5506 καὶ
2286 5454 2396 5506 πᾶν
2425 5451 2642 5522 πνεῦμα
2679 5453 2707 5506 ὃ
2733 5449 3215 5523 ὁμολογεῖΊησοῦν
3269 5451 3565 5520 Χριστδν,
3599 5453 3668 5505 έκ
3698 5448 3793 5503 τοῦ

2153 5542 2294 5598 Θεοῦ
2315 5545 2454 5597 ἐστι.
2490 5562 2510 5595 ι
2551 5543 2796 5608 Βάσανος
2839 5543 2897 5597 δὲ
2933 5542 3198 5615 ῥημάτων
3234 5542 3578 5612 πράττοιτο
3613 5543 3685 5598 ἂν
3715 5542 3794 5594 si-

2155 5639 2330 5702 κότως
2383 5639 2482 5710 οὐχ
2509 5638 2712 5712 ἑτέρως
2753 5637 2814 5692 τέ
2847 5653 2937 5692 ποι
2974 5635 3176 5708 μᾶλλον
3205 5631 3241 5704 ἢ
3283 5636 3376 5701 είς
3414 5632 3545 5701 οῦς.
3577 5637 3796 5706 ⁸’Ἄγινιν

536 5811 582 5841 ⁵⁹
636 5808 869 5882 Philipp.
930 5827 986 5880 ιι,
1030 5810 1081 5865 8.
1161 5812 1205 5843 ³³
1259 5811 1417 5868 Rom.
1453 5828 1506 5876 γ,
1557 5813 1641 5881 l8,
1681 5813 1766 5868 i9.
1845 5814 1886 5848 "
1921 5817 1967 5873 Π
2005 5817 2056 5872 Jc

2187 5835 2261 5888 ιν,
2299 5818 2413 5874 1-5.
