3998 6304
216 485 3186 576 ww

591 633 595 637 ’
745 746 1204 910 VITA
1334 739 2018 902 SANCTI
2127 727 2910 890 CYRILLI

1340 1014 1808 1077 PATRIARCHE
1844 1008 2315 1070 ALEXANDRINI

877 1211 1018 1277 (Acta
1037 1213 1330 1262 Sanctorum
1351 1202 1600 1266 Bolland.,
1626 1201 1847 1254 Januarii
1875 1206 1995 1249 tom.
2021 1196 2084 1255 ll,
2106 1194 2189 1245 die
2208 1193 2287 1257 28,
2308 1207 2437 1246 anno
2458 1190 2636 1247 Christi
2658 1190 2786 1253 445.)

1777 1380 1845 1390 ...-

434 1519 530 1591 ξι.
565 1517 620 1574 8.
645 1516 831 1590 Cyrilli
855 1515 1074 1581 natalis,
1114 1523 1264 1577 mtas,
1295 1511 1552 1581 reliquiw.

266 1654 314 1707 l.
335 1653 568 1708 Multum
583 1650 826 1710 Ecelesia
843 1648 1110 1705 catholica
1127 1647 1182 1701 S.
1199 1641 1780 1718 CyrilloAlexandrino

201 1746 378 1809 debet,
397 1747 520 1817 ejus
544 1743 806 1815 singulari
831 1741 1142 1798 eruditione
1166 1738 1447 1809 animique
1473 1733 1779 1792 constantia
1803 1761 1808 1768 -

201 1838 462 1892 adversus
477 1836 767 1892 haereticos
784 1833 1099 1890 ﬁdelissime
1118 1831 1540 1899 felicissimeque
1575 1842 1781 1899 propu—

201 1938 356 2000 gnata
393 1947 406 1982 :
439 1929 676 2000 ideoque
709 1929 738 1980 ὁ
779 1929 877 1998 τῆς
909 1927 1074 1998 ὀρθῆς
1100 1927 1195 1979 καὶ
1215 1925 1520 1994 ἀμωμήτου
1552 1922 1784 1981 πίστεως

204 2025 532 2093 συνήγορος,
589 2031 746 2076 rectm
799 2029 848 2074 ct
897 2017 1257 2073 immaculata:
1311 2015 1437 2084 ﬁdei
1502 2015 1785 2070 advocatus

201 2115 505 2184 appellatur
553 2114 611 2168 in
670 2113 902 2168 concilio
952 2109 1293 2167 meumcnico
1355 2105 1786 2162 Chalcedonensi

199 2213 307 2260 act.
339 2206 410 2268 5,
455 2205 514 2259 in
564 2204 751 2259 libello
799 2202 1074 2257 Theodori
1120 2200 1361 2265 diaconi,
1402 2197 1787 2255 ecclesiasticis

200 2294 415 2350 concilii
468 2292 840 2348 monumentis
888 2293 1113 2346 inserto.
1168 2291 1282 2344 lmo
1327 2298 1585 2359 tanquam
1643 2286 1791 2343 sedis

197 2386 516 2456 apostolicae
538 2384 800 2448 vicarius,
830 2383 1026 2455 aequali
1054 2398 1180 2436 cum
1224 2381 1280 2436 S.
1323 2380 1506 2435 Leone
1532 2376 1789 2450 pontiﬁce

198 2478 452 2533 Romano
476 2478 686 2532 honore
714 2476 969 2547 dignatus
990 2485 1072 2529 est
1105 2474 1161 2528 in
1196 2473 1430 2529 concilio
1469 2468 1790 2526 Constanti-

195 2569 522 2640 nopolitano
551 2584 641 2623 an.
667 2567 800 2623 Chr.
830 2567 954 2632 556,
978 2567 1080 2621 sub
1118 2566 1314 2621 Menna
1353 2562 1665 2635 patriarcha
1689 2562 1792 2618 ha-

194 2662 340 2717 bito.
364 2662 446 2716 ita
475 2661 687 2724 actione
715 2660 741 2714 1
768 2678 780 2714 :
811 2678 829 2712 ‹
855 2658 1124 2726 Quoniam
1146 2656 1610 2714 Chalcedonensis
1632 2669 1795 2728 syno-

194 2755 310 2810 dus
323 2771 435 2810 non
459 2755 636 2810 solum
656 2754 857 2810 Leonis
877 2760 1078 2808 sanctae
1096 2751 1392 2816 memoriae,
1416 2765 1607 2806 verum
1628 2749 1794 2805 etiam

191 2858 260 2904 et
288 2846 478 2918 Cyrilli
496 2845 992 2902 Alexandrinorum
1019 2860 1049 2898 a
1068 2845 1181 2900 Deo
1203 2843 1368 2898 amati
1387 2842 1645 2913 pastoris,
1671 2856 1791 2898 me-

192 2941 440 2996 moriam
465 2939 520 2994 in
551 2939 854 2993 orthodoxa
878 2936 985 2992 ﬁde
1013 2935 1170 3001 fecit;
1205 2943 1262 2990 et
1298 2934 1536 3007 Cyrillus
1569 2933 1794 3004 quidem

192 3035 610 3092 Alexandrinus
645 3033 702 3088 in
745 3030 1016 3103 diptychis
1064 3029 1412 3100 praedicatur,
1457 3028 1568 3083 Leo
1609 3035 1792 3083 autem

193 3131 411 3180 sancta:
439 3120 720 3176 memoriae
746 3133 856 3174 non
875 3115 1238 3188 praedicatur;
1265 3116 1492 3190 justum.
1516 3123 1794 3186 putamus,

191 3226 267 3271 ut
291 3214 442 3287 quod
465 3212 641 3269 defuit
660 3211 980 3282 suppleatur
1009 3227 1024 3264 :
1055 3218 1112 3265 et
1139 3207 1268 3279 quia
1286 3207 1570 3278 aequaliter
1597 3206 1667 3262 ab
1693 3205 1800 3260 hac

191 3318 397 3364 sancta
430 3306 640 3379 synodo
680 3321 784 3377 pro
820 3311 965 3360 statu
1012 3299 1332 3358 orthodoxa:
1370 3299 1498 3354 ﬁdei
1543 3295 1802 3354 honorati

189 3410 340 3458 sunt
367 3399 644 3464 similiter,
679 3387 738 3454 et
764 3397 821 3452 in
853 3396 1025 3453 sacris
1051 3393 1325 3466 diptychis
1369 3406 1470 3462 pro
1490 3390 1724 3445 utilitate
1746 3396 1802 3443 et

187 3506 346 3562 pace
373 3490 630 3546 Ecclesia:
655 3488 1043 3559 praedicentur.
1078 3505 1096 3537 ι

277 3584 337 3638 2.
357 3582 531 3639 (ἔτκοί
549 3589 716 3653 agunt
737 3579 794 3635 S.
817 3579 1006 3652 Cyrilli
1041 3594 1096 3632 1x
1129 3577 1278 3634 Junii
1299 3575 1668 3636 festivitatem,
1691 3585 1802 3641 quo

188 3676 304 3730 die
338 3673 700 3744 Menologium
732 3691 745 3726 :
789 3691 806 3723 ‹
845 3671 1055 3728 Natalis
1082 3670 1136 3726 S.
1163 3669 1375 3740 Cyrilli,
1398 3667 1502 3721 viri
1536 3663 1801 3720 eruditis-

182 3766 362 3830 simi,
405 3765 688 3821 catholica:
728 3763 856 3819 ﬁdei
893 3761 1315 3833 propugnatoris
1355 3757 1599 3829 egregii:
1637 3769 1801 3829 quem

185 3873 464 3916 summus
491 3857 740 3929 pontifex
760 3854 1094 3911 Ctelestinus
1119 3851 1379 3908 idoneum
1398 3847 1665 3921 judicavit
1713 3845 1804 3900 cui

179 3966 345 4006 suas
398 3950 548 4005 vices
604 3948 661 4003 in
714 3946 995 4017 Ephesino
1036 3942 1271 4000 concilio
1316 3940 1610 4011 delegaret.
1671 3955 1689 3988 ›
1745 3936 1805 3990 In

176 4041 435 4098 Menaeis
463 4060 508 4094 :t
538 4039 726 4096 Sancti
745 4037 925 4094 Patris
955 4035 1130 4092 nostri
1148 4033 1358 4106 Cyrilli,
1386 4033 1544 4101 Papae
1566 4031 1802 4084 Alexan-

172 4133 383 4189 drini.
423 4153 440 4185 ι

360 4241 802 4314 Κύριλλονίὺμνῶ
827 4239 922 4314 τοῦ
957 4238 1166 4314 Κυρίου
1202 4234 1488 4314 μοχλφίλον
1506 4272 1522 4293 ,

355 4305 470 4367 Καὶ
499 4305 712 4383 Rupta};
743 4311 1028 4382 πρόμαχον
1052 4305 1442 4377 ἁειπᾱρθέγου.

357 4420 621 4491 Cyrillum
648 4418 849 4474 celebro
881 4416 1092 4491 Domini
1108 4413 1222 4491 _m_ei
1251 4411 1500 4468 amicum,

355 4484 430 4547 Et
472 4491 713 4546 Dominae
745 4503 949 4558 semper
987 4484 1202 4557 virginis
1235 4484 1700 4553 propugnatorem.

253 4630 339 4684 5.
389 4626 568 4682 Variis
595 4623 842 4696 ejusdem
873 4622 1106 4677 virtutes
1131 4616 1272 4680 odis,
1309 4610 1548 4685 hymnis,
1586 4617 1643 4664 et
1671 4606 1812 4662 anti-

147 4721 422 4796 phonis
445 4719 798 4775 celebrantur
827 4715 883 4769 in
903 4713 1113 4769 eisdem
1144 4707 1384 4771 Men-eis,
1409 4715 1526 4761 tum
1556 4702 1663 4756 hoc
1697 4699 1808 4763 die,

145 4794 317 4872 tum
363 4828 495 4866 xvm
526 4809 794 4873 Januarii,
834 4823 945 4877 quo
975 4803 1205 4860 solemni
1237 4815 1366 4855 eum
1394 4797 1544 4854 cultu
1586 4794 1809 4853 iterum,

141 4923 304 4965 una
338 4919 478 4959 cum
507 4902 563 4958 8.
591 4900 910 4965 Athanasio,
935 4904 1290 4958 venerantur,
1315 4891 1500 4947 ethoc
1518 4897 1812 4956 utrumque

137 5005 422 5056 ornant
451 4992 739 5049 encomio:
793 5009 812 5042 ‹
848 4989 944 5046 SS.
979 4985 1314 5043 Athanasius
1343 4992 1400 5037 et
1434 4981 1671 5052 Cyrillus
1715 4993 1810 5048 pa-

134 5084 480 5148 triarcha:
506 5080 886 5137 Alexandrini.
909 5079 992 5134 Ex
1016 5078 1104 5132 his
1136 5075 1356 5131 duobus
1395 5071 1453 5126 S.
1482 5068 1814 5127 Athanasius

127 5179 341 5235 vixit
411 5174 721 5242 imperante
766 5169 1130 5226 Constantino
1178 5166 1391 5237 Magno,
1435 5172 1491 5218 et
1535 5162 1592 5216 in
1637 5161 1814 5232 primo

120 5264 460 5328 concilio
482 5262 722 5327 Nieaano,
753 5260 996 5315 nondum
1030 5258 1322 5328 episcopus
1359 5262 1597 5317 creatus,
1629 5251 1816 5306 verbis

119 5374 199 5418 et
261 5353 540 5424 scriptis
573 5352 857 5423 sapientiae
875 5351 1056 5421 plenis
1084 5350 1277 5405 Arium
1299 5345 1606 5403 confutavit
1630 5353 1686 5399 et
1714 5359 1814 5413 pu-

111 5447 442 5512 defecit.
472 5446 602 5500 Post
628 5455 866 5498 mortem
886 5458 1022 5499 vero
1047 5441 1344 5498 Alexandri
1364 5437 1814 5508 archiepiscOpus

109 5536 570 5605 Alexandriae
611 5535 920 5600 ordinatus,
961 5551 992 5589 a
1021 5534 1342 5591 Constantio
1393 5532 1563 5588 variis
1606 5528 1814 5586 exsiliis

1809 1515 1853 1566 Α
1884 1499 2172 1570 Theophili
2196 1493 2594 1567 archiepiscopi
2621 1490 2979 1548 Alexandrini
3005 1504 3036 1544 e
3061 1502 3251 1544 sorore
3279 1501 3472 1558 nepos,

1879 1594 2012 1649 etin
2039 1591 2169 1648 sede
2199 1587 2653 1660 archiepiscOpali
2679 1596 2986 1650 successor,
3021 1583 3116 1653 qui
3145 1580 3321 1640 tertiae
3341 1595 3471 1651 syn-

1881 1687 1989 1742 odo
2021 1685 2222 1757 Ephesi
2268 1683 2561 1739 celebrata:
2601 1679 2858 1751 praefuit,
2910 1687 2969 1733 et
2999 1676 3314 1732 Nestorium
3356 1672 3470 1744 (qui

1884 1781 2054 1835 multa
2084 1778 2401 1848 blasphema
2439 1777 2494 1830 in
2513 1773 2803 1830 Dominam
2833 1780 3076 1827 nostram
3108 1769 3205 1824 Dei
3244 1767 3473 1838 genitri-

1882 1888 2002 1927 cem
2047 1872 2299 1941 dogmata
2339 1867 2607 1937 evomuit)
2655 1863 2938 1920 damnavit
2976 1872 3034 1918 et
3077 1858 3474 1916 exauctoravit.

1883 1963 2122 2036 Cyrillus
2154 1977 2306 2026 vero,
2337 1975 2464 2015 cum
2497 1959 2689 2013 multis
2712 1955 2972 2028 praeclare
2996 1953 3155 2009 factis
3179 1961 3237 2008 et
3258 1951 3478 2007 virtuti~

1887 2058 1990 2111 bus
2014 2056 2296 2117 eluxisset,
2324 2053 2391 2108 ad
2429 2051 2723 2107 Dominum
2753 2046 3028 2119 migravit.

1958 2149 2012 2201 Δ.
2065 2166 2083 2198 ‹
2119 2146 2254 2200 Erat
2299 2142 2634 2199 Athanasius
2668 2140 2936 2195 mediocri
2960 2147 3169 2194 statura
3207 2137 3476 2206 corporis,

1890 2238 2138 2293 modeste
2166 2238 2333 2301 latus,
2362 2236 2646 2298 incurvus,
2675 2243 2830 2304 grato
2848 2237 3095 2300 aspectu,
3117 2227 3336 2282 decenti
3362 2226 3480 2280 cal-

1890 2331 2042 2396 vitie,
2081 2330 2296 2384 adunco
2325 2343 2490 2394 naso;
2521 2326 2692 2380 barba
2718 2337 2830 2380 non
2869 2320 3163 2376 admodum
3187 2320 3486 2392 promissa,

1892 2422 1986 2477 sed
2029 2421 2228 2476 diffusa
2270 2428 2328 2475 et
2359 2432 2526 2489 genas
2557 2415 2856 2481 vestiente;
2898 2429 2994 2469 ore
3026 2411 3203 2476 brevi,
3237 2420 3295 2467 et
3321 2411 3478 2482 quasi

1893 2514 2094 2580 inciso;
2119 2522 2230 2567 non
2255 2511 2650 2568 omnin0‘cano
2677 2508 2878 2579 capite,
2917 2520 3023 2561 nec
3043 2520 3183 2576 pure
3205 2504 3351 2569 albo,
3383 2503 3479 2559 sed

1893 2605 2158 2663 subﬂavo.
2187 2604 2420 2661 Sanctus
2456 2612 2640 2658 autem
2666 2600 2904 2673 Cyrillus
2921 2597 3089 2654 breve
3114 2597 3248 2669 quid
3273 2595 3486 2652 habens

1895 2709 2021 2757 cum
2051 2699 2236 2756 colore
2268 2696 2526 2769 gratiore,
2553 2693 2816 2750 abnuenti
2835 2691 3030 2748 similis
3060 2700 3314 2763 aspectu;
3344 2692 3484 2747 den-

1897 2794 1973 2849 sis
2027 2801 2084 2849 et
2130 2791 2324 2863 pilosis
2371 2787 2682 2859 superciliis
2731 2785 3053 2857 magnisque
3093 2794 3151 2840 et
3194 2785 3251 2839 in
3294 2799 3484 2840 arcum

1823 2886 1866 2941 Β
1895 2885 2069 2950 ﬂexis,
2110 2884 2456 2953 frontemque
2497 2879 2912 2945 claudentibus;
2950 2891 3086 2932 naso
3118 2878 3288 2948 justo,
3330 2878 3488 2949 cujus

1897 2978 2274 3049 diaphragma,
2325 2990 2423 3030 seu
2473 2973 2826 3029 intervallum
2867 2970 3106 3036 narium,
3152 2971 3488 3026 contractius

1895 3079 2016 3125 erat
2035 3088 2050 3137 ;
2087 3069 2242 3141 genis
2257 3067 2520 3131 extensis,
2545 3064 2706 3121 labiis
2727 3063 3091 3129 tumentibus,
3113 3077 3211 3119 ore
3239 3062 3486 3126 diducto,

1896 3161 2076 3218 fronte
2109 3160 2446 3232 angustiore,
2477 3157 2574 3214 sed
2607 3157 2877 3222 recalvus,
2911 3156 3078 3212 densa
3128 3170 3193 3210 ac
3222 3155 3490 3226 promissa

1897 3255 2068 3310 barba
2095 3251 2449 3316 venerabilis,
2475 3251 2659 3322 crispo
2693 3249 2951 3319 utrinque
2982 3248 3181 3318 capillo
3219 3256 3276 3301 et
3323 3247 3492 3301 ﬁave-

1898 3357 2086 3402 scente
2127 3362 2191 3401 ac
2231 3345 2529 3402 scmicano.
2573 3342 2819 3408 Quorum
2858 3341 2978 3393 dies
3015 3339 3189 3393 festus
3226 3338 3405 3410 agitur
3436 3338 3492 3392 in

1901 3437 2258 3492 sanctissima
2289 3433 2506 3502 Sophim
2530 3431 2754 3501 templo.
2800 3449 2818 3480 ι

1974 3529 2024 3582 5.
2093 3526 2276 3580 Latini
2333 3523 2596 3595 Cyrillum
2659 3522 2765 3577 hoc
2827 3537 2990 3575 xxviii
3047 3521 3294 3576 Januarii
3351 3521 3498 3576 refe-

1904 3628 2051 3673 runt.
2077 3617 2374 3687 Antiquum
2408 3615 2464 3670 S.
2487 3614 2705 3669 Martini
2733 3613 2977 3668 Treviris
3011 3613 3454 3686 Martyrologium
3480 3634 3494 3668 :

1912 3730 1930 3761 ‹
1969 3711 2030 3765 In
2053 3707 2405 3772 Alexandria,
2446 3705 2638 3778 Cyrilli
2685 3705 2932 3777 episcopi
2976 3713 3037 3771 et
3071 3705 3426 3763 confessoris.
3473 3727 3490 3759 1

1905 3801 2209 3866 Usuardus,
2233 3800 2400 3865 Beda,
2425 3799 2564 3865 Ade,
2591 3796 2886 3864 Notkerus,
2910 3797 3190 3854 Bellinus:
3222 3818 3238 3850 ι
3265 3800 3502 3855 Alexan-

1905 3894 2060 3958 driaz,
2087 3893 2148 3948 B.
2173 3891 2362 3964 Cyrilli
2388 3889 2656 3962 episcopi,
2689 3890 3086 3962 quicatholicze
3123 3889 3251 3946 ﬁdei
3276 3893 3502 3962 prazcla-

1907 3986 2156 4042 rissimus
2189 3983 2401 4041 exstitit
2428 3993 2819 4055 propugnator.
2852 4002 2869 4034 ι
2903 3983 3107 4038 Eadem
3150 3983 3358 4038 habent
3381 3998 3500 4038 ma-

1906 4077 2188 4148 nuscripta
2230 4075 2502 4148 plurima;
2535 4076 2757 4131 additur
2785 4075 2844 4130 in
2873 4076 3152 4130 Romano:
3189 4093 3206 4126 ι
3241 4074 3504 4133 Doctrina

1805 4165 1810 4172 ’
1910 4178 1968 4224 et
1995 4167 2289 4224 sanctitate
2339 4167 2570 4222 illustris
2606 4165 2818 4236 quievit
2855 4165 2912 4219 in
2944 4180 3100 4236 pace.
3141 4183 3159 4216 ι
3189 4163 3504 4222 Galesinius

1825 4251 1867 4307 C
1907 4269 2113 4318 mutata
2153 4259 2380 4330 paulum
2430 4259 2666 4329 phrasi:
2715 4276 2735 4308 ι
2786 4257 3152 4322 Alexandriae,
3203 4257 3260 4312 S.
3308 4256 3503 4328 Cyrilli

1905 4350 2169 4422 episcopi,
2205 4349 2462 4404 acerrimi
2501 4345 3011 4418 religiosissimique
3054 4345 3182 4400 ﬁdei
3217 4345 3505 4401 catholicae

1908 4440 2235 4498 defensoris.
2288 4461 2307 4492 ι
2354 4439 2662 4496 Florarium
2718 4452 2824 4492 ms.
2873 4447 2931 4492 et
2975 4436 3258 4508 Martyrol.
3306 4436 3502 4494 Colon.

1909 4534 2294 4591 Alexandriam
2338 4534 2396 4588 in
2430 4531 2642 4589 Graecia
2673 4531 2977 4595 collocant,
3019 4530 3234 4586 enormi
3276 4530 3504 4597 mendo,

1912 4628 2019 4682 nisi
2039 4625 2303 4683 Graeciam
2339 4625 2667 4696 generaliter
2695 4623 3054 4693 accipiamus,
3086 4636 3197 4692 qua
3224 4621 3332 4677 late
3374 4631 3508 4678 tunc

1913 4733 2011 4788 per
2035 4716 2315 4772 Orientem
2339 4716 2512 4772 Graeci
2543 4712 2816 4769 sermonis
2839 4729 2972 4769 usus
2999 4713 3241 4779 exstitit;
3264 4728 3390 4766 xxix
3409 4713 3506 4768 Ja-

1914 4810 2095 4864 nuarii
2139 4809 2310 4864 refert
2348 4824 2476 4862 eum
2518 4807 2787 4874 Felicius;
2834 4813 3071 4876 utroque
3113 4804 3504 4876 Maurolycus:

1915 4919 1943 4958 a
1972 4904 2197 4974 quibus,
2231 4905 2310 4958 uti
2340 4903 2508 4956 etiam
2535 4900 2639 4956 hoc
2663 4900 2753 4955 die
2785 4899 2841 4953 in
2863 4896 3250 4968 Martyrologio
3273 4894 3506 4951 Germa-

1915 4997 2060 5060 nico,
2091 4995 2294 5050 dicitur
2328 5014 2346 5044 ‹
2379 4993 2692 5049 Theodosio
2730 4991 2960 5047 Seniore
2994 4990 3304 5059 imperante
3345 4989 3506 5060 quie-

1918 5091 2081 5146 visse.
2121 5111 2138 5142 ι

1985 5184 2036 5237 6.
2066 5183 2174 5238 Hos
2199 5182 2336 5237 forte
2369 5190 2594 5236 secutus
2622 5178 2884 5248 Alegrcus
2905 5177 2960 5230 in
2991 5174 3251 5231 Paradiso
3279 5176 3510 5232 Carme-

1915 5276 2050 5330 litici
2075 5274 2312 5338 decoris,
2364 5281 2508 5329 statu
2534 5272 2588 5336 ‘2,
2621 5277 2782 5326 aetate
2810 5270 2863 5334 6,
2890 5283 2938 5322 c.
2988 5269 3075 5332 1‘2,
3122 5267 3199 5322 ita
3239 5267 3509 5338 scripsit:

1925 5389 1942 5420 ι
1973 5368 2216 5424 Tandem
2239 5366 2530 5437 sapientia,
2556 5363 2894 5434 eloquentia,
2931 5361 3182 5417 acumine
3206 5370 3262 5416 et
3300 5360 3510 5416 sancti-

1917 5468 2025 5516 tate
2073 5459 2323 5529 insignis,
2375 5458 2650 5528 gloriosus
2694 5455 2798 5511 sub
2853 5455 3166 5515 Theodosio
3216 5453 3408 5524 Magno
3452 5463 3512 5508 et

1915 5553 2212 5610 Caelestino
2249 5550 2436 5622 papa!
2482 5549 2778 5614 claruerat,
2812 5548 2972 5604 annis
2999 5548 3069 5602 ab
3099 5547 3322 5602 obtenta
3355 5545 3508 5601 orbis

102 5632 521 5701 exercitus,
564 5643 663 5699 per
689 5627 829 5683 duos
866 5637 925 5682 et
964 5627 1324 5697 quadraginta
1367 5638 1540 5688 annos
1580 5619 1794 5677 assidui:

1916 5644 2090 5698 salute
2109 5599 2278 5696 ML;
2301 5599 2401 5695 Ast
2433 5640 2535 5694 ista
2558 5653 2723 5710 quam
2753 5599 2980 5702 distant,
3015 5635 3307 5707 imperium
3329 5635 3506 5691 Theo-

99 5721 709 5807 persecutionibus
741 5719 1067 5790 exagitatus,
1100 5718 1355 5789 migravit
1392 5716 1460 5770 ad
1493 5712 1805 5770 Dominum.

94 5804 456 5887 Sanctus
469 5822 657 5869 autem
677 5811 918 5884 Cyrillus
931 5812 1036 5867 sub
1052 5809 1360 5865 Theodosio
1377 5809 1583 5866 Minore
1601 5804 1806 5867 ﬂoruit,

464 5934 749 5997 PATROL.
783 5932 899 5992 Gn.
935 5931 1194 5992 LXVIII.

1917 5735 2058 5791 dosii
2088 5734 2288 5806 Magni,
2317 5742 2374 5789 et
2407 5732 2691 5790 leestini
2718 5731 3102 5804 pontiﬁcatus!
3138 5728 3388 5783 Mortuus
3424 5735 3506 5782 est

1918 5825 2263 5883 Theodosius
2278 5825 2526 5899 Magnus,
2546 5824 2664 5881 sive
2697 5823 3027 5897 Senior,jan.
3049 5822 3184 5878 Chr.
3211 5818 3336 5892 395.
3363 5818 3502 5874 Evc—

3076 5919 3105 5982 1
