3998 6304
244 449 294 508 ιδ
1499 451 1554 506 S.
1595 448 1874 506 CYRILLI
1909 446 2096 504 VlTA.
3390 434 3462 495 Η

241 581 323 637 qua
341 579 478 635 supra
504 564 819 637 agebamus,
852 565 1045 622 Latine
1070 574 1127 621 et
1155 564 1363 623 Gallice
1382 574 1602 621 exarata
1623 564 1769 636 (quae
1797 568 1840 623 Α
1869 571 2179 630 rouymum,
2201 552 2529 617 Palladium,
2571 550 2890 625 Evagrium,
2918 549 3263 617 Cassianum,
3293 547 3473 606 Theo-

240 657 489 714 habchatur
508 659 651 727 apud
677 657 865 714 Galliae
885 672 1089 729 regem,
1112 666 1175 712 ut
1195 656 1415 714 tradunt
1442 655 1606 713 Coria
1628 655 1670 709 l.
1689 671 1766 723 lx,

1871 651 2147 717 doretum,
2181 646 2446 720 Cyrillum
2468 644 2823 711 monachum,
2846 651 2903 698 et
2934 642 3072 699 alios
3090 642 3279 701 saeculi
3309 638 3478 715 hujus

242 762 273 802 ι.
303 745 356 800 18
384 746 681 802 Dilucidarii
707 745 966 817 Carmel.,
1000 746 1266 809 Emanuel
1302 746 1582 802 Romanus
1602 758 1773 803 sacrm
1871 744 2169 815 scriptorcs
2196 741 2461 813 frequens
2490 738 2700 794 mentio
2734 736 2796 796 ﬁt
2833 736 2903 794 de
2942 733 3231 793 monachis
3271 734 3331 789 in
3378 735 3482 795 Pa-

234 838 606 908 .uuiq.Carmel.
629 838 698 894 de
724 839 858 895 viris
880 839 1210 902 illustribus.
1229 839 1285 895 in
1311 837 1514 912 Cyrillo
1534 838 1773 893 Alexan-
1867 833 2085 893 iastina
2123 832 2472 906 degentibus,
2510 844 2783 902 nusquam
2816 827 3040 898 penitus
3071 823 3218 899 apud
3263 835 3360 882 e03
3409 822 3479 879 de

233 930 381 993 drino.
408 939 453 985 et
481 928 619 1004 alii),
650 946 814 1003 quam
847 932 1125 988 immerito
1144 931 1409 989 Baronius
1444 928 1689 986 fastidire
1716 936 1776 983 et

232 1020 453 1076 facessere
485 1020 686 1084 voluit,
731 1035 857 1077 cum
909 1037 942 1076 a
990 1020 1330 1095 gravissimis
1385 1019 1773 1091 antiquitatum

232 1112 675 1169 Carmelitanarum
712 1110 1094 1186 scriptoribus,
1137 1122 1395 1184 tanquam
1428 1111 1534 1171 ﬁde
1565 1110 1775 1183 dignis-

232 1206 364 1261 sima.
396 1206 470 1259 vel
495 1203 760 1263 ambabus
794 1204 1049 1261 manibus
1091 1203 1458 1275 suscipiatur;
1492 1201 1551 1259 S.
1583 1202 1776 1277 Cyrilli

230 1298 278 1351 in
303 1295 522 1352 Carmelo
552 1295 991 1350 monachismum
1027 1301 1319 1353 attestatur
1353 1302 1564 1364 aperte,
1592 1291 1778 1349 verbis

230 1389 436 1459 ejusdem
458 1388 616 1460 legati
641 1396 735 1443 aut
769 1387 1185 1443 ambasciatoris
1220 1403 1321 1459 pro
1351 1385 1539 1445 Galliae
1568 1401 1695 1456 rege
1721 1385 1779 1441 in

227 1478 465 1548 Ephesino
500 1478 735 1533 concilio
779 1476 1095 1543 residentis,
1142 1477 1239 1547 qui
1279 1475 1349 1532 ab
1382 1476 1476 1530 illo
1508 1475 1680 1531 redux
1709 1473 1779 1531 ad

225 1584 384 1640 regem
406 1584 552 1624 suum
575 1570 845 1625 allocutus
878 1579 982 1635 est,
1019 1569 1076 1624 in
1113 1567 1409 1641 exemplari
1440 1567 1618 1641 primo
1655 1582 1777 1633 suo,

223 1659 352 1729 quod
380 1675 468 1714 nos
488 1660 727 1715 vidimus
751 1669 807 1715 et
843 1661 1075 1733 legimus
1106 1659 1163 1715 in
1194 1659 1419 1730 antiqua
1443 1658 1782 1719 bibliotheca

220 1750 579 1823 religiosissimi
599 1749 985 1807 Cisterclensis
1004 1750 1242 1807 coenobii
1274 1749 1344 1806 de
1375 1751 1428 1805 la
1455 1747 1631 1817 Oliva,
1655 1748 1782 1806 Gal-

219 1842 316 1899 lico
346 1858 434 1897 suo
461 1842 719 1898 idiomate
748 1842 1058 1915 prorumpit
1083 1843 1164 1898 sic
1198 1860 1212 1897 :
1265 1841 1377 1898 «Au
1401 1842 1611 1897 concile
1649 1841 1781 1897 d‘E-

216 1931 385 2003 phese,
416 1934 505 2003 qui
535 1948 594 1988 se
620 1933 841 1989 célébra
883 1948 983 2004 par
1006 1932 1151 1989 deux
1175 1948 1306 1989 cens
1346 1933 1634 2003 évesques,
1671 1928 1781 1989 l‘an

215 2023 285 2077 du
316 2023 562 2095 Seigneur
591 2024 717 2090 418,
752 2041 821 2080 au
845 2025 954 2080 lieu
977 2025 1049 2081 du
1083 2026 1228 2096 Pape
1262 2024 1503 2082 Célestin
1535 2042 1568 2097 y
1604 2023 1783 2096 presi-

215 2115 326 2171 doit
346 2116 392 2171 le
416 2115 821 2173 bien-heureux
848 2116 906 2173 S.
933 2116 1133 2190 Cyrille
1169 2116 1353 2173 moine
1378 2117 1452 2173 du
1473 2116 1623 2174 Mont
1651 2116 1786 2174 Car-

211 2207 346 2274 mel;
367 2207 538 2279 lequel
565 2224 706 2279 pour
738 2225 799 2265 sa
831 2210 1040 2266 saincte
1071 2210 1182 2275 vie,
1221 2210 1526 2267 admirable
1564 2210 1784 2267 science

208 2306 264 2353 et
287 2298 536 2363 doctrine,
569 2297 853 2369 disputant
892 2310 1081 2355 contre
1126 2299 1324 2356 Nestor
1365 2299 1684 2356 Patriarche
1715 2300 1784 2357 de

206 2389 661 2460 Constantinople,
707 2388 803 2459 qui
842 2388 944 2444 mit
982 2389 1139 2445 taclie
1179 2405 1250 2446 en
1291 2388 1585 2446 l’honneur
1629 2389 1698 2445 de
1730 2390 1791 2445 la

205 2483 390 2554 Vierge
424 2482 609 2547 Marie,
648 2491 707 2539 et
741 2498 813 2537 en
853 2483 988 2538 eelle
1018 2483 1089 2540 de
1128 2482 1502 2541 Jésus—Christ
1531 2499 1632 2540 son
1670 2482 1779 2551 ills,

205 2585 438 2646 emporta
464 2574 515 2630 la
536 2574 765 2631 victoire
781 2591 877 2631 sur
905 2575 1053 2648 luy.t
1079 2573 1211 2643 Quae
1234 2592 1384 2632 nunc
1414 2577 1496 2632 sic
1520 2577 1629 2648 iam
1665 2585 1781 2632 tra-

205 2667 362 2723 ducta
382 2666 571 2722 Latino
607 2666 778 2725 verba
817 2676 1069 2723 tenemus
1096 2685 1110 2722 :
1137 2667 1196 2723 In
1220 2666 1456 2726 concilio
1481 2667 1781 2739 Ephesino,

201 2760 345 2831 quod
366 2760 466 2815 fuit
486 2759 825 2817 celebratum
858 2775 956 2831 per
980 2775 1042 2816 cc
1090 2759 1402 2831 episcopos,
1429 2775 1558 2816 ann.
1591 2759 1780 2816 Domi-

197 2853 256 2909 ni
282 2852 405 2918 418,
430 2851 772 2923 prasidebat,
806 2852 928 2908 loco
958 2866 1112 2923 papa:
1129 2848 1414 2908 leestini
1440 2850 1483 2919 ι,
1510 2851 1572 2908 Β.
1601 2851 1780 2925 Cyril-

196 2946 285 3002 ius
314 2945 609 3001 monachus
642 2943 843 3001 Montis
877 2944 1137 3009 Carmeli,
1173 2943 1270 3015 qui
1318 2945 1391 3000 ob
1431 2944 1779 3001 sanctitatem

192 3036 342 3101 vitae,
366 3036 673 3093 admirabili
706 3036 937 3093 scientia
961 3044 1017 3093 et
1047 3034 1299 3092 doctrina
1329 3036 1617 3107 disputans
1651 3052 1782 3093 con—

195 3144 279 3189 tra
321 3133 632 3190 Nestorium
677 3131 1044 3206 patriarcham
1086 3130 1776 3203 Constantinopolitanum,

1874 927 2160 991 monachis
2202 922 2535 984 Carmelitis.
2574 923 2832 980 Facessat
2880 920 3051 995 igitur
3094 918 3365 993 ejusmodi
3409 916 3479 973 de

1874 1021 2252 1087 monachismo
2273 1018 2461 1092 Cyrilli
2483 1017 2538 1074 in
2558 1015 2809 1073 Carmelo
2828 1012 3049 1081 fabella,
3070 1011 3215 1071 sicut
3232 1012 3325 1070 illa
3344 1011 3477 1068 huic

1875 1112 2024 1174 haud
2043 1113 2239 1186 impar,
2265 1127 2376 1186 qua
2391 1111 2626 1169 traditur
2646 1118 2703 1166 et
2720 1106 2958 1165 Joannes
2970 1105 3477 1180 Hierosolymorum

1875 1203 2172 1275 episcopus
2195 1202 2526 1277 Origenista,
2550 1202 2721 1261 fuisse
2738 1202 2906 1261 etiam
2928 1201 3231 1263 monachus
3248 1201 3477 1259 Carme-

1875 1299 2009 1356 lita:
2043 1297 2190 1355 sicut
2218 1299 2369 1356 enim
2392 1299 2511 1355 hinc
2534 1298 2730 1355 leviter
2753 1295 3108 1370 efﬁnguntur,
3141 1297 3217 1355 ita
3243 1308 3301 1353 et
3319 1296 3477 1355 facile

1878 1392 2222 1451 refelluntur.
2284 1391 2544 1464 Flagrans
2613 1391 2839 1464 quidem
2900 1391 3104 1462 cupido
3172 1391 3480 1450 nobilitatis

1878 1486 2039 1541 avitae
2075 1483 2223 1557 cogit
2250 1485 2529 1542 interdum
2570 1483 2827 1541 homines
2858 1483 3118 1545 delirare.
3158 1503 3178 1539 ι
3216 1483 3344 1541 Haec
3374 1485 3478 1543 Ba-

1881 1578 2091 1634 ronius.

1953 1671 2041 1728 l4.
2085 1671 2163 1729 De
2214 1672 2426 1730 Joanne
2480 1670 2976 1745 llierosolymiiano
3020 1670 3182 1727 aliter
3236 1670 3484 1726 sentiunt

1882 1764 2108 1836 plurimi
2129 1764 2238 1821 viri
2264 1764 2517 1822 doctrina
2541 1773 2601 1821 et
2636 1764 2907 1839 sapientia
2938 1763 3200 1828 illustres,
3226 1763 3325 1834 qui
3365 1763 3485 1834 ejus

1814 1904 1855 1969 Β
1886 1855 2057 1929 (quod
2094 1857 2206 1913 huc
2243 1856 2395 1931 facit)
2437 1856 2817 1914 monachicam
2850 1856 3020 1914 vitam
3052 1863 3330 1915 astruunt.
3362 1854 3483 1925 ipse

1885 1947 1943 2007 S.
1995 1948 2362 2025 Hieronymus
2402 1950 2519 2023 (qui
2566 1949 2638 2009 ab
2676 1950 2912 2023 Alegreo
2961 1950 3107 2007 inter
3158 1948 3485 2007 Carmelitas

1883 2056 2104 2115 quoque
2130 2051 2408 2111 censetur,
2432 2055 2495 2101 ut
2522 2043 2639 2102 fere
2663 2044 2850 2101 cuncti
2869 2042 3020 2099 illius
3034 2041 3215 2100 astatis
3243 2041 3486 2114 insignes

1884 2131 2163 2204 monachi)
2185 2134 2348 2207 epist.
2372 2133 2463 2199 62,
2486 2133 2557 2189 ad
2575 2131 2914 2205 Theophilum
2932 2133 3232 2204 episcopum
3253 2130 3488 2191 Metan-

1883 2222 2120 2288 drinum,
2149 2223 2220 2280 de
2238 2224 2450 2283 Joanne
2479 2240 2668 2299 agens,
2696 2224 2771 2280 ita
2800 2225 3070 2283 exclamat
3096 2241 3110 2278 :
3144 2243 3163 2276 ι
3188 2224 3487 2283 Monachus

1886 2312 2047 2383 (proh
2080 2312 2297 2382 dolor!)
2350 2315 2640 2373 monachis
2696 2325 2756 2371 et
2800 2314 3060 2381 minatur,
3119 2324 3175 2372 et
3228 2316 3495 2391 impetrat

1881 2401 2165 2468 exsilium,
2193 2412 2254 2459 et
2294 2403 2402 2463 hoc
2446 2402 2752 2460 monachus
2774 2404 3132 2475 apostolicam
3166 2405 3486 2463 cathedram

1882 2490 2086 2551 habere
2115 2507 2175 2549 se
2193 2495 2427 2567 jactans.
2466 2514 2485 2546 ι
2526 2492 2637 2550 Sed
2678 2502 2865 2551 utrum
2919 2493 2977 2551 in
3015 2501 3203 2550 monte
3233 2494 3487 2552 Carmelo

1881 2585 2206 2653 monachus,
2227 2593 2326 2643 aut
2345 2587 2514 2647 etiam
2539 2587 2712 2647 abbas
2734 2585 2925 2652 fuerit,
2944 2587 3235 2659 quaeritur.
3267 2588 3324 2647 S.
3351 2589 3485 2644 Hie-

1882 2693 2147 2750 ronymus
2187 2678 2245 2735 in
2276 2677 2393 2735 Vita
2432 2676 2492 2735 S.
2538 2677 2836 2737 Hilarionis
2879 2686 3113 2735 testatur
3160 2679 3487 2752 priusquam

1880 2766 2129 2831 Hilarion
2153 2773 2222 2825 ex
2244 2766 2478 2842 Egypto
2508 2769 2736 2838 rediret,
2773 2787 2791 2824 ι
2839 2769 3078 2826 necdum
3122 2777 3255 2827 tunc
3292 2785 3486 2828 mona-

1879 2859 2047 2915 steria
2068 2859 2237 2919 fuisse
2271 2859 2329 2917 in
2368 2858 2674 2918 Palaestina.
2711 2879 2730 2913 ι
2765 2860 2836 2917 Et
2857 2859 3092 2918 deinde:
3141 2878 3160 2912 ι
3198 2860 3313 2917 Nec
3333 2862 3488 2934 quis-

1877 2968 2043 3023 quam
2075 2953 2408 3011 monachum
2435 2962 2564 3011 ante
2607 2953 2665 3009 S.
2696 2953 3035 3013 Hilarionem
3093 2952 3152 3009 in
3185 2951 3342 3028 Syria
3382 2970 3488 3012 no-

1879 3052 2034 3101 verat
2059 3064 2072 3099 :
2106 3064 2125 3099 ι
2154 3053 2217 3101 ιιι
2240 3045 2443 3102 mirum
2465 3045 2547 3105 sit
2566 3043 2833 3102 Thomam
2852 3045 3187 3102 Saracenum
3215 3047 3482 3116 scribere,

1879 3134 2088 3208 absque
2110 3135 2278 3192 ullius
2307 3135 2556 3193 auctoris
2588 3134 2925 3202 testimonio,
2958 3143 3122 3191 antea
3150 3133 3319 3222 fuisse
3346 3133 3484 3191 Car-

188 3226 287 3292 qui
318 3224 587 3281 maculam
608 3223 793 3296 posuit
819 3224 876 3280 in
900 3223 960 3280 Β.
985 3222 1209 3295 Virgine
1256 3221 1446 3289 Maria,
1472 3229 1530 3278 et
1559 3222 1616 3278 in
1662 3223 1782 3296 ejus
1810 3255 1854 3315 ο
1885 3228 2200 3285 melitarum
2241 3227 2299 3284 in
2335 3227 2633 3285 Palaestina
2652 3227 2989 3283 monasteria
3012 3266 3027 3292 ,
3070 3241 3194 3295 qua:
3239 3225 3485 3283 Hilarion

190 3318 306 3373 tilio
324 3317 545 3374 Christo
568 3317 719 3382 Jesu,
737 3332 866 3373 eum
884 3316 1181 3389 superavit.
1193 3334 1212 3368 ι

264 3410 351 3465 12.
389 3409 591 3465 Verum
624 3409 824 3465 merito
862 3408 981 3466 haec
1011 3408 1319 3481 improbata
1364 3418 1495 3466 sunt
1527 3406 1781 3465 Baronio.

181 3501 324 3571 Quis
364 3518 432 3559 eo
468 3511 712 3574 tempore
761 3516 859 3557 rex
895 3500 1087 3558 Gallia:
1126 3499 1234 3558 fuit
1280 3500 1646 3566 Christianus,
1690 3497 1786 3570 qui

181 3596 400 3667 legatos
438 3592 510 3650 ad
553 3591 848 3650 concilium
883 3592 1104 3649 mittere
1134 3591 1413 3663 potuerit?
1442 3590 1790 3648 Chlodoveus

180 3703 424 3760 regnum
441 3685 595 3742 circa
632 3701 721 3741 an.
742 3683 873 3742 Chr.
895 3683 1003 3740 482
1027 3683 1362 3754 auspicatus,
1386 3697 1530 3739 anno
1549 3689 1787 3759 primum

178 3781 293 3838 496
317 3779 687 3837 Christianam
717 3776 1039 3849 religionem
1063 3774 1349 3847 amplexus
1385 3783 1491 3832 est.
1514 3774 1598 3831 An
1621 3774 1787 3831 etiam

179 3884 373 3942 regem
393 3868 610 3943 legatus
638 3867 903 3924 Francico
930 3865 1197 3923 moderno
1220 3864 1485 3922 idiomate
1515 3863 1606 3938 (ut
1626 3864 1787 3922 vide-

181 3972 279 4019 tur
299 3963 572 4035 Alegrcus
596 3957 862 4033 asserere)
894 3957 1205 4016 allocutus?
1234 3966 1291 4015 at
1327 3974 1485 4031 reges
1517 3958 1682 4031 primi
1708 3957 1787 4014 illi

178 4054 533 4111 Francorum
560 4053 899 4110 Sicambrice
937 4052 1130 4119 locuti,
1172 4061 1231 4109 et
1259 4051 1584 4107 modernum
1615 4050 1789 4108 Fran-

175 4163 376 4203 corum
418 4146 630 4202 idioma
659 4145 753 4201 diu
786 4153 912 4217 post
939 4160 971 4201 e
1012 4142 1207 4200 Latino
1238 4141 1660 4207 conformatum,
1695 4149 1791 4196 aut

171 4236 370 4307 potius
401 4235 786 4307 depravatum.
810 4232 884 4291 Ut
913 4233 1252 4299 omittamus,
1274 4232 1570 4289 concilium
1602 4230 1788 4303 Ephe-

170 4330 368 4386 sinum
409 4346 505 4385 an.
544 4328 675 4387 Chr.
712 4327 838 4393 431,
866 4343 978 4383 ιιοιι
1008 4326 1134 4393 418,
1161 4342 1282 4383 esse
1312 4323 1582 4382 habitum.
1624 4324 1789 4381 Mira-

166 4436 307 4477 mur
340 4422 502 4478 viros
546 4419 796 4478 eruditos
821 4420 1062 4476 rationes
1089 4428 1199 4475 tam
1230 4417 1458 4474 frivolas
1500 4416 1698 4473 all'erre
1731 4416 1788 4472 in

165 4514 460 4570 medium.

1891 3320 2093 3377 deinde
2119 3341 2139 3374 ι
2166 3321 2427 3377 visitabat
2462 3328 2521 3375 et
2543 3317 2872 3374 instruebat.
2911 3336 2930 3370 ι
2962 3318 3165 3377 Verum
3196 3337 3215 3372 ι
3239 3321 3493 3393 exemplo

1890 3416 2030 3487 ejus,
2074 3432 2093 3468 ι
2121 3413 2302 3483 inquit
2325 3412 2716 3482 Hieronymus,
2762 3428 2783 3464 ι
2819 3426 2918 3485 per
2937 3420 3110 3469 totam
3142 3411 3492 3473 Palaestinam

1894 3501 2321 3559 innumerabilia
2360 3501 2699 3558 monasteria
2728 3517 2851 3558 esse
2891 3511 3198 3576 coeperunt.
3240 3523 3259 3556 ι
3289 3501 3493 3571 Quidni

1894 3606 2029 3653 tunc
2077 3594 2288 3666 aliqui,
2340 3594 2518 3651 veteri
2579 3595 3054 3652 sanctissimorum
3099 3595 3494 3669 prophetarum

1892 3685 2144 3757 exemplo
2176 3685 2311 3742 Elia:
2331 3694 2389 3742 et
2410 3678 2578 3742 Elisei
2617 3685 2851 3753 incitati,
2884 3696 3128 3744 montem
3180 3684 3494 3745 Carmelum

1892 3778 2208 3836 inhabitare
2252 3777 2571 3849 potuerint?
2631 3799 2650 3831 ι
2687 3776 2747 3836 S.
2784 3778 3022 3837 Jacobus
3063 3780 3315 3848 cremita,
3360 3801 3379 3835 ι
3424 3781 3495 3839 de

1893 3885 2005 3941 quo
2032 3868 2174 3927 infra
2203 3884 2450 3941 agemus,
2493 3889 2512 3921 ‹
2534 3885 2707 3944 prope
2757 3870 3021 3943 oppidum
3047 3868 3493 3944 Porphyreonem

1894 3961 1952 4017 in
1998 3960 2310 4017 solitarium
2335 3961 2534 4030 locum
2567 3962 2819 4029 secessit,
2859 3981 2878 4015 ι
2916 3978 3029 4018 ιιοιι
3066 3963 3261 4034 procul
3298 3978 3329 4018 a
3357 3960 3493 4018 Car—

1894 4053 2041 4110 melo
2072 4060 2260 4109 monte
2290 4069 2303 4106 :
2342 4054 2501 4126 cujus
2537 4072 2556 4106 ¢
2590 4055 2704 4110 vita
2730 4054 2809 4111 ita
2837 4053 3245 4121 celebrabatur,
3276 4064 3339 4110 ut
3360 4069 3392 4109 e
3414 4053 3496 4109 vi-

1894 4143 2032 4216 ginti
2070 4152 2168 4198 aut
2195 4142 2423 4214 triginta
2446 4143 2801 4203 monasteriis
2829 4143 3089 4201 monachi
3122 4152 3183 4200 et
3209 4143 3398 4201 clerici
3426 4145 3496 4205 ad

1893 4254 2023 4294 eum
2041 4237 2314 4302 venirent,
2340 4244 2403 4291 ut
2430 4236 2552 4307 ejus
2592 4235 3035 4292 benedictionem
3068 4234 3404 4305 acciperent,
3439 4246 3495 4289 et

1894 4328 1965 4383 ab
1991 4342 2059 4384 eo
2089 4325 2406 4397 conﬁrmari
2437 4330 2680 4396 possent.
2718 4342 2738 4375 ι
2772 4321 2982 4377 Horum
3028 4320 3494 4377 monasteriorum

1896 4418 2117 4491 aliquod
2145 4418 2204 4474 in
2225 4416 2499 4482 Carmelo,
2526 4422 2620 4470 aut
2654 4413 2725 4469 ad
2753 4413 2877 4486 ejus
2908 4412 3144 4480 radices,
3174 4412 3368 4480 fuisse,
3393 4414 3462 4470 ad
3479 4446 3493 4456 -

1895 4511 2122 4569 modum
2148 4509 2454 4583 probabile.
2486 4507 2556 4564 Et
2572 4521 2671 4562 cur
2713 4505 2882 4562 isthic
2907 4506 3111 4572 minus,
3139 4515 3236 4562 aut
3260 4521 3361 4562 cur
3383 4523 3495 4563 non

240 4629 340 4684 ιδ,
369 4628 650 4684 Batonius
672 4628 878 4685 acriter
906 4627 1151 4700 ρωιιθειο
1184 4627 1242 4684 in
1273 4640 1395 4685 eam
1418 4624 1791 4681 narrationem
1823 4623 1869 4681 ι)
1898 4604 2063 4700 isthic
2100 4602 2316 4700 potius,
2350 4614 2514 4700 quam
2539 4599 2597 4655 in
2621 4598 2831 4670 reliqua
2865 4599 3137 4655 Palaestini
3163 4598 3332 4655 maris
3363 4603 3497 4700 ora?

159 4722 479 4782 invehitur
529 4731 572 4778 t.
601 4721 670 4778 Vl
695 4722 921 4789 Annal.,
948 4737 1039 4780 an.
1067 4722 1195 4787 M4,
1222 4737 1280 4783 n.
1306 4721 1371 4776 l7
1405 4738 1419 4774 :
1450 4739 1469 4773 ι
1496 4718 1639 4776 Sane
1663 4718 1790 4789 qui-

154 4816 294 4871 dem
368 4813 698 4887 respuimus
720 4854 737 4882 ,
788 4834 807 4868 ι
865 4814 1089 4887 inquit,
1141 4833 1159 4866 ι
1214 4823 1381 4885 atque
1442 4810 1794 4871 exsumamus

152 4904 518 4978 ﬁgmentum
557 4903 716 4972 illud,
748 4903 963 4965 incerto
998 4915 1226 4962 auctore
1270 4903 1571 4976 proditum,
1619 4900 1795 4960 Chro-

148 4996 291 5054 nico
308 4996 622 5065 nimirum,
647 4996 797 5069 quod
823 5005 1067 5058 exstasse
1088 4996 1302 5067 ﬁngunt
1326 4995 1471 5067 apud
1499 4992 1794 5067 quemdam

149 5088 430 5149 Francia
462 5106 654 5163 regem
682 5088 1047 5164 [Ludovicum
1080 5090 1198 5163 XI],
1239 5106 1351 5161 quo
1374 5089 1601 5145 tradunt
1633 5104 1791 5145 eum-

143 5179 285 5238 dem
344 5181 417 5239 S.
459 5182 733 5255 Cyrillum
778 5181 1209 5242 Alexandrinum
1242 5182 1561 5257 episeOpum
1599 5195 1792 5238 mona-

138 5272 333 5329 chum
368 5273 566 5330 fuisse
597 5275 800 5339 Montis
817 5274 1061 5333 Carmeli
1089 5294 1103 5329 :
1133 5275 1226 5332 cui
1248 5274 1470 5348 quidem
1505 5275 1793 5332 assertioni

135 5363 562 5423 Tritthemius
582 5367 782 5424 leviter
798 5368 965 5431 nimis
994 5367 1161 5425 iidem
1180 5367 1451 5441 pmsdtit.
1474 5368 1628 5425 Unde
1653 5368 1792 5433 hac,

134 5472 377 5527 quaeso,
428 5459 656 5517 incerto
687 5461 923 5529 auctori,
966 5462 1012 5518 si
1057 5460 1155 5532 qui
1200 5460 1336 5517 certi
1387 5468 1552 5537 atque
1582 5460 1795 5532 probati

132 5561 281 5608 sunt
309 5564 627 5622 auctores,
657 5556 906 5629 ejusdem
938 5555 1128 5629 Cyrilli
1155 5555 1416 5626 aequales,
1439 5554 1796 5627 ejusdemque

130 5658 230 5700 res
258 5658 491 5718 gestas
511 5662 683 5720 quam
704 5648 1002 5722 diligenter
1016 5646 1325 5720 prosecuti,
1350 5647 1471 5709 hac
1490 5647 1798 5703 nescientes

123 5735 360 5796 obruta
424 5741 666 5798 silentio
718 5742 1101 5813 reliquerunt?
1136 5741 1236 5799 Vel
1275 5755 1399 5813 qum
1440 5739 1589 5811 apud
1632 5739 1799 5815 hujus

116 5828 453 5898 temporis
488 5830 796 5902 scriptores
827 5831 1034 5887 mentio
1058 5830 1128 5888 de
1157 5830 1307 5887 culto
1335 5829 1586 5887 Carmelo
1612 5844 1644 5885 a
1672 5829 1798 5886 vita:

112 5921 511 5979 monasticae
544 5922 991 5995 professoribus?
1014 5923 1233 5981 Etenim
1265 5939 1391 5980 cum
1417 5922 1562 5996 apud
1585 5922 1642 5983 S.
1666 5923 1797 5979 Hie-

1890 4698 1974 4754 An
2006 4708 2141 4751 vero
2166 4695 2243 4750 ibi
2271 4702 2397 4749 ante
2423 4692 2804 4764 episcopatum
2836 4699 3151 4762 susceptum
3194 4691 3496 4747 monachus

1890 4790 2131 4847 Joannes
2170 4786 2359 4851 fuerit,
2406 4794 2502 4841 aut
2544 4784 2713 4841 etiam
2745 4784 2937 4852 abbas,
2971 4790 3029 4839 c't
3056 4782 3160 4838 sub
3192 4798 3261 4839 eo
3292 4782 3496 4842 vixerit

1892 4880 2197 4937 monachus
2228 4877 2288 4936 S.
2328 4876 2586 4951 Cyr-illus,
2607 4876 2754 4950 apud
2786 4877 3043 4947 antiquos
3088 4890 3201 4931 non
3236 4876 3492 4953 legimus.

1893 4974 1939 5030 A
1954 4972 2287 5029 Tritthemio
2306 4970 2542 5044 Cyrillus
2574 4988 2593 5023 ι
2620 4968 2824 5026 montis
2842 4967 3079 5024 Carmeli
3103 4969 3377 5041 quondam
3400 4970 3495 5026 dc—

1893 5080 1993 5121 cus
2021 5075 2079 5121 et
2098 5064 2280 5120 cultor
2308 5062 2540 5134 insignis
2577 5081 2595 5114 ι
2624 5060 2950 5133 appellatur.
2980 5057 3372 5117 Tritthemium
3404 5077 3491 5117 sc-

1894 5167 2141 5229 quuntur
2181 5156 2405 5229 plurimi
2458 5155 2818 5218 recentiores,
2853 5146 2992 5223 quos
3030 5150 3319 5223 proferunt
3363 5153 3492 5208 Ale~

1895 5239 2059 5324 greus
2081 5259 2136 5308 et
2167 5249 2492 5307 Saracenus.
2533 5247 2642 5303 Sed
2685 5243 2877 5301 mirari
2904 5244 3029 5316 quis
3069 5244 3245 5316 possit
3301 5259 3406 5299 cur
3436 5244 3492 5298 in

1895 5345 2183 5401 Palmstina
2224 5342 2571 5414 potissimum
2602 5338 2961 5395 monasticam
2992 5338 3167 5401 vitam
3198 5336 3491 5407 complecti

1896 5436 2153 5501 voluerit,
2192 5450 2319 5492 cum
2350 5433 2415 5488 in
2443 5431 2676 5504 Egypto
2717 5431 2959 5513 primum
2995 5447 3060 5487 ea
3095 5429 3317 5486 vivendi
3350 5429 3490 5485 ratio

1897 5529 2121 5585 inventa
2150 5526 2405 5596 cultaque
2429 5522 2629 5592 fuerit,
2656 5532 2820 5596 atque
2851 5541 2919 5582 eo
2942 5531 3186 5595 tempore
3216 5522 3490 5611 praecipue

1896 5620 2168 5677 ﬂoruerit.
2384 5616 2390 5623 ’

1972 5735 2060 5792 15.
2091 5734 2342 5793 Alterum
2378 5731 2549 5804 quaeri
2589 5738 2793 5803 potest,
2822 5745 2892 5786 an
2932 5729 3125 5787 saltem
3144 5696 3489 5809 monachum

1899 5829 2070 5886 fuisse
2108 5826 2395 5901 Cyrillum,
2425 5838 2756 5897 quocunQue
2799 5822 2857 5883 in
2891 5821 3015 5883 loco
3048 5821 3164 5881 sive
3193 5821 3491 5885 Palaestina:

1900 5921 2015 5977 sive
2037 5918 2367 5992 Egypti,_ex
2390 5914 2633 5988 antiquis
2659 5922 2894 5972 constet.
2921 5911 3227 5969 Saracenus
3252 5910 3305 5967 id
3334 5928 3400 5968 ex
3422 5928 3487 5971 eo
