3998 6304
508 466 578 521 ιε
1843 460 1899 513 s.
1941 458 2221 514 manu
2261 456 2445 514 v-t'rA.
3720 424 3778 524 at

506 585 715 638 clarum
738 579 1058 643 arbitratur,
1081 576 1207 648 quia
1226 576 1541 633 Gr:ecorum
1568 574 1781 631 axioma
1812 575 1920 631 sit:
1952 596 1969 626 ι
1997 570 2102 630 Nc-
2138 590 2174 635 Α
2207 574 2405 631 larium
2434 576 2806 648 principatum
2836 576 3141 647 acquisivit.
3184 575 3529 651 Quapropter
3564 580 3783 655 Cyrillus

509 678 712 737 minem
745 674 1085 745 temporibus
1114 673 1174 728 Β.
1210 672 1421 745 Cyriili,
1454 680 1511 727 et
1542 685 1729 742 supra,
1770 684 1872 740 per
1912 668 2098 723 orien-

510 766 699 823 talium
747 781 893 830 oras,
936 764 1004 819 ad
1042 765 1391 836 episcopatus
1432 761 1752 832 dignitatem
1798 773 2097 824 assumere,

507 859 621 916 nisi
640 858 708 914 de
735 857 1129 913 monachorum
1178 855 1526 911 monasteriis
1572 852 1867 918 delectum,
1907 851 2100 908 licuis—

510 968 568 1008 se
595 971 609 1007 :
637 972 653 1003 ι
682 950 848 1022 idque
877 965 950 1005 ex
974 968 994 1001 ‹
1021 947 1338 1008 Grrecorum
1363 960 1581 1018 quoque
1609 943 1916 1023 Mendlogio
1945 944 2101 999 nullo

500 1030 729 1116 negotio
760 1040 1104 1113 comprobari
1137 1054 1297 1112 posse
1338 1058 1355 1090 ι
1394 1036 1609 1093 asserit.
1642 1038 1711 1092 At
1733 1036 1893 1092 nobis
1915 1037 2100 1107 quoti-

500 1136 599 1192 ‘die
619 1133 985 1205 Menologium
1018 1131 1151 1186 illud
1178 1140 1234 1187 et
1265 1130 1467 1185 Menaea
1495 1129 1847 1184 volventibus
1862 1128 2101 1199 probatu

512 1227 566 1283 id
594 1226 843 1292 difﬁcile,
885 1224 1135 1295 adeoque
1179 1222 1516 1279 contrarium
1542 1230 1664 1276 tum
1683 1236 1751 1275 ex
1776 1218 1970 1275 iisdem
1986 1218 2102 1274 Me-

508 1320 663 1385 naeis,
692 1329 807 1374 tum
827 1317 1133 1389 praesertim
1158 1328 1224 1372 ex
1248 1314 1397 1372 illius
1419 1315 1683 1386 temporis
1715 1313 2099 1385 scriptoribus,

508 1411 861 1484 perspicuum
883 1409 1124 1465 videtur.
1142 1407 1283 1465 Cum
1322 1407 1642 1472 Athanasio,
1671 1416 1934 1477 ut‘supra
1958 1406 2102 1462 vidi-

511 1516 654 1568 mus,
694 1501 882 1556 colunt
908 1497 1170 1572 Cyrillum
1210 1496 1430 1555 Graeci:
1472 1498 1540 1553 de
1582 1496 1871 1568 utriusque
1910 1512 2103 1551 mona-

512 1596 678 1651 chatu
697 1594 881 1659 silent,
915 1592 1045 1648 licet
1070 1590 1333 1662 Alegreus
1350 1590 1712 1646 Athanasium
1732 1602 1951 1660 quoque
1972 1587 2106 1643 scri-

512 1688 607 1743 hat
633 1706 652 1739 ‹
676 1702 785 1742 non
808 1700 985 1757 pauco
1012 1693 1257 1755 tempore
1284 1678 1612 1738 monachum
1641 1682 1836 1756 egisse,
1858 1690 1916 1736 et
1934 1681 2104 1736 fuisse

512 1781 823 1836 ministrum
847 1780 1030 1851 magni
1063 1778 1215 1833 illius
1245 1777 1459 1832 abbatis
1480 1775 1699 1831 Antonii
1734 1775 1787 1830 in
1808 1774 2104 1831 solitudine

509 1872 750 1945 Egypti,
786 1871 914 1943 quia
946 1872 1063 1942 ipse
1092 1869 1146 1924 id
1179 1868 1355 1939 palam
1396 1865 1629 1922 afﬁrmat
1659 1865 1717 1921 in
1739 1861 1861 1922 Vita
1896 1864 1951 1920 S.
1989 1864 2104 1919 An-

513 1964 670 2019 tonii.
722 1983 741 2016 ι
792 1964 945 2018 Hanc
991 1970 1247 2017 accurate
1314 1959 1643 2015 illustratam
1690 1957 1947 2015 dedimus
2000 1970 2107 2013 xvn

509 2055 655 2120 Jan.,
688 2068 793 2110 nec
819 2053 993 2108 ullum
1024 2051 1384 2107 monachatus
1417 2049 1474 2105 S.
1507 2049 1793 2105 Athanasii
1814 2050 2107 2121 vestigium

519 2147 847 2218 reperimus.
898 2138 1125 2200 Consuli
1173 2142 1688 2214 prolegomenorum
1738 2141 1765 2215 ς
1816 2141 1850 2197 8
1905 2149 2107 2213 potest.

582 2242 669 2296 l6.
706 2239 960 2295 isidorus
1003 2236 1281 2292 Pelusiota
1326 2235 1408 2290 uti
1445 2232 1766 2305 frequentes
1805 2232 1864 2289 S.
1904 2232 2109 2307 Cyrillo

506 2326 620 2408 iam
654 2330 1172 2405 episeoposcripsit
1210 2329 1489 2399 epistolas,
1520 2327 1596 2382 ita
1624 2327 1677 2382 ei
1711 2326 1955 2380 nondum
1987 2326 2107 2397 epi-

513 2444 701 2502 scopo,
726 2431 871 2482 inter
900 2424 1201 2480 monachos
1227 2420 1448 2493 degenti
1472 2420 1528 2474 in
1548 2418 1866 2483 solitudine,
1890 2418 2111 2473 videtur

512 2523 831 2581 vicesimam
863 2518 1112 2590 quintam
1160 2514 1289 2569 libri
1330 2512 1493 2584 primi
1542 2511 1849 2582 scripsisse,
1884 2524 2005 2581 quae
2034 2511 2109 2565 ita

508 2615 722 2671 habet:
753 2630 771 2666 ι
804 2611 945 2679 Quid
987 2609 1087 2666 tibi
1110 2607 1364 2665 utilitatis
1385 2605 1545 2660 aﬁ‘ert
1573 2604 1800 2661 Joannis
1838 2604 1893 2659 in
1928 2604 2109 2660 locum

515 2701 1088 2766 tlesertum‘sccessio,
1122 2714 1285 2769 quam
1311 2696 1441 2753 olim
1462 2695 1707 2752 studiose
1740 2695 1986 2751 imitatus
2015 2710 2106 2765 es;

514 2817 645 2857 eum
665 2811 813 2854 nunc
836 2808 962 2852 cum
998 2792 1223 2849 minime
1256 2789 1508 2855 imiteris,
1534 2804 1728 2845 verum
1765 2787 1832 2843 ad
1870 2788 2110 2859 privatas

516 2910 678 2952 curas
705 2900 755 2948 te
779 2890 1006 2955 referas,
1031 2887 1277 2958 atquein
1302 2883 1599 2941 solitudine
1638 2881 2012 2948 tumultueris,
2054 2891 2117 2938 et

513 2990 894 3049 ab'hominum
918 2996 1063 3044 ctetu
1097 2992 1342 3041 remotus
1359 2981 1736 3056 perturberis?
1753 2981 1979 3037 Etenim
2011 2998 2108 3037 ex—

510 3090 672 3140 terno
694 3080 886 3137 habitu
920 3093 983 3133 ac
1006 3079 1187 3149 specie.
1220 3075 1525 3147 quiescere,
1558 3072 1759 3129 mentis
1780 3081 1965 3128 autem
1993 3090 2115 3128 mu-

515 3173 817 3233 tationibus
855 3187 919 3227 ac
956 3168 1466 3242 perturbationibus
1505 3166 1805 3239 inquinari,
1845 3176 1959 3222 tum
1980 3182 2112 3222 sen-

2201 668 2385 723 statim
2442 684 2567 723 cum
2622 669 3050 725 Novatianorum
3114 670 3410 737 ecclesias,
3471 689 3594 743 quae
3645 685 3784 733 erant

2199 758 2563 828 Alexandriae,
2608 761 2947 827 occlusisset,
2979 778 3097 819 non
3136 764 3301 819 modo
3333 782 3551 821 omnem
3584 783 3782 824 sacrum

2204 851 2545 919 thesaurum,
2571 855 2666 925 qui
2690 853 2747 908 in
2785 853 2896 909 illis
2917 854 3047 922 fuit,
3068 855 3290 926 penitus
3321 856 3579 925 abstulit;
3607 874 3785 917 verum

2201 947 2369 1002 etiam
2416 943 2857 1018 Theopemptum
2904 945 3127 1002 illorum
3173 948 3494 1020 episcopum
3547 952 3788 1008 omnibus

2202 1038 2318 1093 suis
2357 1036 2595 1093 fortunis
2631 1038 2889 1109 privavit.
2932 1058 2950 1091 ι
2983 1040 3111 1095 Haec
3137 1038 3409 1108 Socrates,
3460 1043 3556 1098 sed
3588 1044 3660 1099 ob
3691 1060 3787 1101 sua

2202 1137 2366 1185 sectae
2403 1130 2771 1200 patrocinium
2818 1131 3020 1202 saepius
3057 1132 3188 1188 alibi
3236 1150 3456 1205 quoque
3488 1136 3643 1191 make
3677 1136 3787 1195 fidei

2204 1231 2510 1293 suspectus,
2548 1233 2609 1279 ut
2644 1234 2793 1281 recte
2846 1234 3034 1281 monet
3075 1225 3345 1295 Baronius
3375 1243 3465 1281 an.
3496 1229 3633 1284 Chr.
3670 1230 3786 1297 412,

2205 1331 2358 1370 num.
2388 1316 2478 1381 £5,
2503 1317 2642 1373 etin
2683 1318 2839 1374 Notis
2880 1319 2949 1374 ad
2986 1319 3429 1392 Martyrologium
3469 1322 3788 1379 Romanum.

2204 1408 2319 1464 Imo
2341 1409 2591 1465 eamdem
2627 1411 2848 1467 inurere
2881 1423 3066 1469 notam
3108 1411 3163 1468 8.
3207 1411 3506 1469 Ctelestino
3552 1416 3791 1472 Pontifici

2201 1498 2473 1567 Romano,
2513 1503 2661 1573 quod
2701 1523 2719 1554 ι
2758 1502 3097 1571 Novatianis,
3130 1506 3226 1575 qui
3264 1516 3423 1561 erant
3459 1507 3667 1573 Romae,
3707 1523 3790 1564 ec-

2205 1591 2400 1647 clesias
2423 1584 2757 1660 abstuliSset,
2801 1613 2818 1645 ι
2853 1604 3087 1651 conatur
3119 1596 3266 1652 idem
3302 1596 3554 1653 Socrates
3578 1598 3675 1653 lib.
3705 1616 3791 1664 vn,

2206 1701 2327 1756 cap.
2375 1686 2461 1740 ll.
2498 1706 2515 1739 ι
2548 1685 2930 1758 Episcopatus,
2972 1706 2990 1739 ι
3031 1688 3229 1758 inquit,
3287 1709 3304 1740 ι
3350 1690 3651 1756 Romanus,
3693 1708 3794 1747 non

2205 1778 2365 1834 aliter
2396 1785 2561 1850 atque
2585 1779 3011 1846 Alexandrinus,
3042 1782 3200 1850 quasi
3231 1790 3385 1836 extra
3418 1784 3712 1839 sacerdotii
3731 1782 3795 1839 ti-

2209 1885 2307 1926 nes
2335 1885 2612 1940 egressus,
2655 1871 2724 1926 ad
2771 1874 3089 1929 saecularem
3133 1873 3500 1944 principatum
3542 1886 3665 1931 erat
3691 1878 3799 1947 jam

2211 1972 2337 2019 ante
2361 1962 2639 2035 delapsus.
2680 1982 2698 2016 ι

2280 2054 2368 2111 l8.
2393 2055 2531 2113 Cum
2554 2055 2865 2122 lnereticos,
2890 2056 3200 2113 daemonum
3220 2038 3420 2114 socios
3453 2069 3618 2130 atque
3648 2059 3800 2131 adju-

2207 2154 2376 2215 tores,
2405 2148 2707 2219 expulisset
2727 2149 2981 2222 Cyrillus,
3015 2151 3164 2221 ipsos
3185 2166 3405 2222 quoque
3432 2151 3560 2206 dein
3582 2168 3804 2223 aggres-

2210 2256 2307 2296 sus
2370 2241 2656 2298 dtemones
2685 2256 2719 2298 e
2764 2241 2881 2298 suis
2929 2243 3156 2299 sedibus
3198 2244 3475 2315 effugavit.
3537 2263 3557 2296 ι
3606 2244 3811 2301 Aberat

2204 2332 2556 2399 Alexandria,
2591 2352 2609 2385 ι
2640 2341 2702 2388 ut
2737 2342 3010 2390 testantur
3040 2335 3174 2390 Acta
3209 2326 3319 2392 SS.
3340 2336 3469 2408 Cyri
3496 2345 3554 2391 et
3582 2336 3813 2392 Joannis

2208 2426 2266 2482 in
2294 2425 2422 2491 ﬁne,
2458 2446 2476 2478 ι
2514 2426 2704 2482 decem
2731 2426 3247 2499 stadiisCanopus:
3281 2449 3300 2482 υ
3348 2429 3480 2486 hinc
3515 2445 3647 2485 vero
3674 2449 3692 2482 ε
3719 2429 3811 2485 di-

2208 2517 2389 2573 stabat
2415 2516 2639 2587 quidam
2671 2516 2827 2572 vicus
2855 2516 3033 2588 spatio
3062 2516 3300 2573 duorum
3346 2518 3674 2582 stadiorum,
3704 2532 3814 2570 no-

2208 2611 2357 2666 mine
2379 2611 2655 2667 Manuthe.
2691 2611 2791 2667 Hic
2812 2620 2999 2671 autem
3025 2612 3180 2668 vicus
3205 2623 3326 2669 erat
3356 2613 3665 2679 d:emonum
3708 2612 3817 2668 ha—

2210 2703 2424 2770 bitatio,
2445 2714 2501 2760 et
2532 2704 2894 2760 versabantur
2920 2704 2977 2759 in
3006 2720 3075 2760 eo
3100 2705 3325 2777 maligni
3356 2706 3604 2777 spiritus.
3628 2704 3821 2760 Theo-

2208 2797 2395 2868 philus
2432 2812 2561 2852 vero
2597 2797 2706 2863 hic,
2735 2796 2958 2868 praesul,
2992 2807 3055 2853 ut
3074 2797 3241 2869 prius
3267 2797 3528 2864 diximus,
3573 2796 3822 2853 Alexan-

2208 2889 2424 2953 drinus,
2443 2904 2568 2944 cum
2589 2888 2858 2946 voluisset
2881 2888 3115 2947 reddere
3138 2890 3321 2947 locum
3343 2905 3590 2962 puruma
3611 2889 3831 2947 daemo-

2210 2981 2395 3047 nibus,
2453 2980 2794 3054 Christique,
2829 2982 3294 3056 evangelistarum
3338 2992 3395 3038 et
3430 2982 3833 3054 apostolorum

2208 3074 2625 3131 characteribus
2669 3084 2726 3132 et
2769 3075 2978 3148 figuris,
3014 3085 3077 3131 ut
3114 3076 3184 3131 ad
3217 3092 3355 3132 eum'
3370 3078 3834 3136 conservandum

2213 3164 2420 3229 idonei,
2446 3180 2741 3236 occupare,
2770 3164 2825 3220 id
2859 3164 3006 3235 quod
3043 3174 3312 3221 statuerat
3332 3182 3442 3221 non
3463 3167 3722 3238 perduxit
3753 3170 3837 3226 ad

511 3283 633 3323 sum
663 3264 893 3337 caligine
926 3260 1230 3334 perfundit,
1276 3270 1391 3315 tum
1425 3253 1712 3330 susceptos
1738 3257 1856 3330 jam
1892 3257 2110 3313 labores
2137 3279 2182 3341 ρ
2211 3253 2490 3309 eﬂ‘cctum.
2517 3255 2741 3310 Interim
2765 3256 2912 3311 enim
2940 3272 3086 3312 mors
3108 3256 3428 3324 adveniens,
3450 3275 3573 3329 qua:
3600 3269 3687 3315 est
3720 3261 3839 3318 ho-

472 3411 476 3413 .
511 3359 832 3431 exstinguit,
858 3366 1021 3425 atque
1044 3352 1559 3425 perturbationibus
1582 3350 1749 3406 animi
1783 3367 2011 3422 pronam
2045 3366 2108 3407 ac

506 3453 727 3510 facilem
754 3450 1042 3506 victoriam
1077 3444 1279 3511 reddit,
1300 3443 1574 3517 eﬂicitque
1604 3455 1663 3501 ut
1692 3446 1848 3501 miles
1867 3444 2080 3517 abjecto

514 3555 669 3601 scuto
703 3544 894 3615 fugiat.
926 3540 1101 3597 Porro
1130 3554 1292 3593 nemo
1317 3538 1556 3593 militans
1584 3538 1833 3608 implicat
1857 3553 1914 3592 se
1938 3552 2102 3608 nego-

511 3641 607 3696 tiis
639 3637 1017 3701 saecularibus,
1060 3642 1117 3688 ut
1164 3633 1214 3688 ei
1251 3632 1483 3703 placeat,
1519 3647 1552 3688 a
1592 3646 1702 3702 quo
1742 3628 1807 3683 in
1856 3627 2105 3685 militiam

512 3728 722 3787 ascitus
762 3736 885 3783 est:
921 3739 1112 3780 verum
1156 3738 1307 3778 arma
1336 3722 1486 3779 omni
1518 3738 1586 3777 ex
1616 3728 1769 3791 parte
1809 3707 2004 3790 gestat,
2032 3715 2107 3772 ad

507 3821 571 3877 id
605 3827 887 3890 certamen
915 3858 932 3884 ,
974 3815 1123 3888 quod
1168 3815 1392 3893 tribuno
1434 3811 1661 3867 militari
1699 3804 2017 3883 placuerit,
2049 3824 2107 3887 se

517 3927 857 3985 comparans.
899 3932 916 3963 ι
958 3910 1081 3965 llaec
1110 3909 1177 3964 de
1201 3907 1552 3963 monachatu.
1582 3903 1664 3961 Ad
1704 3900 2107 3989 certio‘ra'pros

517 4021 797 4080 peramus.

514 4164 547 4235 ς
604 4160 692 4217 ιιι.
730 4160 1102 4232 Episcopatus,
1152 4154 1430 4297 1723-8612:)“
1482 4151 1789 4214 Noratiam',
1848 4149 2108 4204 da'monia

1252 4242 1321 4297 αθ
1382 4240 1437 4279 a.

1252 4240 1437 4297 ngam.

588 4389 675 4444 17.
717 4387 972 4444 Socrates
999 4384 1038 4440 l.
1066 4373 1161 4450 vn,
1189 4398 1238 4438 c.
1263 4384 1294 4436 7
1324 4378 1467 4453 (sed,
1501 4375 1650 4447 quod
1673 4373 1908 4447 Cyrillus
1931 4373 2108 4429 conti-

518 4497 631 4537 nuo
662 4479 731 4535 ad
757 4493 913 4535 suam
945 4474 1247 4531 Ecclesiam
1275 4487 1310 4527 a
1340 4467 1774 4526 Novatianorum
1796 4465 1996 4520 haeresi
2020 4480 2110 4520 re—

518 4571 855 4643 purgandam
885 4567 1132 4623 animum
1164 4562 1384 4636 adjecit,
1412 4557 1753 4624 subinfcnse,
1798 4564 1947 4612 secta
1994 4557 2112 4629 ipse

2211 3345 2458 3400 minibus
2484 3362 2573 3401 res
2604 3346 2980 3413 inexorabilis,
3030 3348 3259 3405 abducit
3302 3365 3431 3405 eum
3467 3365 3500 3404 a
3538 3350 3650 3406 vita
3672 3368 3841 3423 prae-

2208 3436 2374 3492 senti.
2398 3434 2610 3492 Deinde
2638 3446 2821 3494 autem
2846 3437 3049 3511 Cyrillo
3072 3454 3316 3510 quoque,
3345 3440 3441 3510 qui
3471 3451 3597 3510 post
3632 3442 3838 3513 ipsum

2211 3528 2327 3584 sedi
2361 3529 2646 3595 successit,
2687 3546 2798 3585 non
2828 3546 3025 3602 parum
3054 3540 3175 3587 erat
3204 3547 3351 3588 cura:
3370 3531 3607 3589 liberare
3632 3533 3842 3591 locum

2210 3638 2241 3678 a
2273 3621 2582 3678 daemonum
2612 3623 2836 3695 injuria.
2862 3622 3003 3679 Cum
3034 3608 3261 3680 vero‘de
3284 3639 3350 3680 ea
3384 3640 3443 3680 re
3466 3640 3611 3697 stepe
3642 3627 3845 3684 Deum
3930 3692 3933 3699 _

2211 3722 2491 3783 rogasset,
2533 3714 2759 3783 angelus
2793 3714 2845 3770 ei
2876 3730 3148 3786 apparens
3185 3716 3242 3773 in
3285 3715 3533 3783 visione,
3563 3718 3731 3788 jubet
3773 3732 3851 3778 ut

2211 3808 2392 3879 magni
2426 3808 2574 3863 illius
2614 3809 2744 3882 Cyri
2776 3818 2835 3865 et
2881 3809 3052 3865 Marci
3091 3813 3442 3884 evangelista:
3477 3814 3733 3885 reliquiae
3778 3818 3848 3874 in

2211 3898 2317 3953 hoc
2338 3897 2459 3953 vico
2480 3908 2898 3967 reponerentur.
2936 3898 3026 3954 Sic
3052 3899 3200 3955 enim
3229 3900 3347 3957 fore
3370 3912 3484 3958 uta
3504 3901 3854 3961 damonum

2211 4000 2545 4046 nocumento
2561 3990 2846 4048 liberetur.
2864 3991 2974 4047 Cur
2997 4000 3182 4049 autem
3206 4009 3318 4050 non
3348 3993 3572 4051 Joannis
3594 4009 3856 4067 quoque

2212 4072 2439 4148 dixerit,
2474 4082 2613 4139 satis
2653 4083 2882 4153 quidem
2925 4093 3210 4141 ostensum
3243 4095 3329 4142 est
3365 4101 3396 4141 a
3442 4084 3646 4157 Cyrillo
3676 4106 3689 4140 :
3747 4101 3863 4148 est

2211 4184 2397 4230 autem
2444 4174 2702 4232 omnibus
2748 4191 2968 4251 quoque
3005 4192 3105 4248 per
3145 4192 3204 4233 se
3248 4176 3623 4242 manifestum,
3667 4183 3861 4249 quod

2212 4266 2435 4341 nomine
2456 4264 2603 4338 Cyri,
2637 4256 2864 4322 omnino
2895 4266 3123 4324 Joannis
3154 4282 3375 4339 quoque
3419 4283 3623 4325 nomen
3652 4270 3868 4330 simul

2212 4345 2543 4415 ostenditur.
2569 4357 2724 4415 Sicut
2742 4359 2894 4415 enim
2910 4374 3096 4415 mores
3121 4359 3348 4415 fuerunt
3369 4360 3450 4416 eis
3472 4375 3863 4434 communes,

2212 4458 2269 4505 et
2292 4465 2413 4520 quze
2442 4458 2666 4520 propter
2688 4449 2971 4507 Christum
3013 4450 3157 4506 facta
3181 4461 3266 4507 est
3297 4452 3571 4507 confessio
3597 4462 3655 4509 et
3679 4471 3874 4516 con-

2218 4540 2533 4604 summatio,
2565 4540 2641 4594 ita
2676 4540 2845 4596 etiam
2875 4540 3110 4611 simplex
3132 4549 3218 4596 est
3235 4541 3462 4597 omnino
3493 4544 3756 4614 vacatio,
3799 4559 3876 4605 et

516 4631 899 4736 hlovauanus),
935 4661 1011 4715 ita
1047 4631 1246 4714 scribit
1276 4675 1288 4708 :
1334 4673 1353 4706 ι
1392 4651 1731 4722 Theophilus
1770 4649 2112 4706 Alexandria:
2142 4651 2188 4711 D
2216 4632 2353 4688 cum
2378 4631 2554 4736 "In"?
2571 4631 2887 4736 ἀίξετίῖηίξηο
2922 4631 3070 4736 βίηθ
3115 4632 3172 4687 in
3210 4632 3471 4689 Μίίηυῑδθ
3510 4637 3882 4709 ηιθτιϊτίεὶἓ

516 4757 810 4828 episcopus
829 4756 885 4810 in
908 4759 1200 4808 veternum
1220 4746 1486 4815 delapsus
1515 4743 1653 4798 abiit
1674 4758 1706 4798 e
1746 4743 1880 4808 vita,
1911 4741 1981 4797 ad
2008 4757 2111 4796 no-

516 4863 651 4903 num
675 4845 1023 4902 consulatum
1044 4836 1294 4902 Honorii,
1323 4833 1619 4890 Theodosii
1642 4842 1824 4890 autem
1857 4833 2110 4905 quintum

518 4957 586 4995 xv
608 4938 728 4994 Oet.
766 4936 849 4991 lbi
871 4942 987 4988 tum
1019 4931 1087 4987 de
1126 4930 1387 5001 episcopo
1418 4925 1709 4999 deligendo
1729 4934 1850 4980 orta
1875 4935 1961 4981 est
1981 4940 2113 4980 con—

519 5030 807 5090 troversia.
839 5026 949 5082 Alii
966 5024 1115 5081 enim
1148 5023 1499 5078 Timotheum
1512 5018 1993 5084 archidiaconum,
2020 5017 2113 5072 alii

495 5123 788 5197 ‘Cyrillum
812 5118 986 5174 ﬁlium
1014 5116 1200 5173 fratris
1237 5114 1552 5188 Theophili,
1577 5112 1645 5168 ad
1674 5113 2025 5183 episcopatus
2053 5111 2117 5165 il-

518 5222 631 5276 lius
653 5215 841 5272 sedem
870 5211 1072 5268 efferre
1104 5211 1444 5267 laborarunt.
1479 5208 1596 5275 Qua
1631 5207 1698 5261 de
1723 5222 1781 5262 re
1807 5219 1932 5260 cum
1958 5219 1988 5257 a
2015 5218 2115 5272 po-

495 5306 651 5380 ‘pulo
666 5312 938 5361 certatum
960 5310 1128 5369 esset,
1147 5315 1459 5372 quanquam
1482 5297 1798 5354 Abudacius
1814 5293 1911 5367 [aL
1932 5294 2121 5349 Abun-

500 5394 766 5471 dantius]
786 5394 1249 5468 pmsidiariorum
1278 5382 1517 5449 militum
1545 5389 1838 5461 pratfectus
1867 5386 2117 5456 partibus

506 5490 800 5567 Timothei
828 5484 1074 5546 subsidio
1113 5487 1238 5552 fuit,
1283 5492 1466 5545 tamen
1507 5482 1691 5538 triduo
1728 5489 1853 5552 post
1886 5486 2118 5535 mortem

523 5579 813 5651 Theophili
836 5575 1074 5652 Cyrillus
1114 5579 1170 5633 in
1203 5575 1333 5633 sede
1363 5573 1661 5646 episcopali
1680 5572 1977 5629 collocatus
1997 5570 2119 5640 epi-

522 5682 749 5745 scopatu
766 5673 975 5745 potitus
994 5679 1111 5727 est:
1134 5670 1509 5740 maioremque
1534 5665 1924 5737 principatum,
1953 5678 2118 5733 quam

522 5780 766 5837 unquam
799 5760 1141 5834 Theophilus
1171 5757 1476 5823 habuisset,
1514 5755 1721 5826 pariter
1763 5752 1867 5808 sibi
1905 5768 2120 5809 assum-

522 5862 651 5933 psit.
672 5858 894 5916 Etenim
914 5872 982 5912 ex
1003 5855 1096 5911 illo
1113 5863 1361 5923 tempore
1383 5849 1676 5920 episcopus
1696 5844 2118 5909 Alexandrinus,

523 5962 723 6025 prxeter
743 5948 885 6008 sacri
917 5945 1053 6006 clcri
1073 5944 1435 6012 dominatum,
1458 5954 1644 5999 rerum
1665 5946 1931 6011 praeterea
1950 5951 2125 5992 saecu-

2212 4739 2406 4779 eorum
2455 4723 2725 4794 reliquiae,
2767 4724 3032 4781 vicesimo
3076 4733 3136 4781 et
3162 4733 3357 4780 octavo
3396 4725 3603 4781 mensis
3642 4727 3880 4800 Junii,

2213 4815 2472 4888 praeclare
2515 4815 2678 4871 simul
2713 4823 2778 4872 et
2817 4826 3165 4872 sacrosancte
3215 4816 3650 4886 transferuntur,
3728 4827 3891 4885 vici

2214 4906 2488 4972 custodia,
2530 4906 2840 4963 daemonum
2893 4907 3040 4980 fuga,
3094 4924 3127 4963 a
3172 4909 3382 4965 morbis
3427 4910 3727 4981 liberatio,
3811 4934 3897 4978 et,

2214 5018 2362 5057 nunc
2385 5001 2540 5056 locus
2560 5010 2645 5055 est
2664 5000 2779 5055 Deo
2804 5008 3179 5066 consecratus,
3204 5001 3458 5073 illiusque
3484 5007 3902 5077 martyribus

2213 5105 2270 5151 et
2311 5093 2676 5167 administris,
2718 5091 2893 5164 gratia
2935 5101 2991 5147 et
3034 5091 3325 5148 clementia
3383 5094 3600 5150 Domini
3645 5108 3900 5162 nostri

2213 5186 2342 5241 Jesu
2365 5182 2589 5239 Christi.
2624 5202 2640 5233 ι
2676 5181 2946 5236 Baronius
2973 5181 3092 5237 haec
3120 5192 3239 5238 acta
3268 5184 3436 5240 refert
3463 5185 3529 5240 ad
3566 5203 3656 5241 an.
3696 5190 3902 5253 Chr.

2215 5274 2340 5339 4M,
2366 5290 2520 5330 num.
2572 5272 2661 5339 20,
2688 5273 2785 5327 ubi
2826 5273 3093 5344 templum
3134 5274 3239 5331 hoc
3278 5275 3508 5347 Canopi,
3545 5295 3657 5333 non
3734 5286 3911 5344 Ma-

2217 5368 2423 5431 nuthre,
2459 5366 2535 5422 ait
2567 5364 2868 5429 exstitisse,
2905 5380 3018 5421 non
3063 5367 3200 5422 satis
3228 5367 3377 5423 Actis
3398 5369 3483 5423 his
3510 5380 3917 5449 perpensis,

2218 5475 2340 5530 quae
2362 5458 2759 5514 illustrabimus
2790 5457 2859 5512 ad
2895 5473 3021 5512 xxxx
3049 5456 3317 5515 Januarii.

2577 5614 2716 5687 ειν.
2738 5614 2916 5673 Judtei
2938 5615 3269 5672 Alexandria
3293 5616 3450 5687 pulsi.

2293 5750 2379 5805 l9.
2407 5750 2658 5807 Socrates
2678 5750 2775 5806 lib.
2809 5767 2904 5817 vn,
2938 5766 3058 5821 cap.
3103 5751 3188 5818 l5,
3232 5772 3250 5804 ι
3289 5752 3482 5810 eodem
3517 5764 3854 5827 tempore
3901 5799 3939 5827 ς,

2220 5844 2405 5916 pulsos
2456 5843 2784 5899 Alexandria
2835 5859 2866 5898 a
2909 5842 3113 5915 Cyrillo
3163 5843 3385 5902 Judzeos
3438 5848 3661 5915 scribit,
3776 5877 3953 5933 quo.

2220 5936 2598 6011 Chrysanthus
2622 5936 2914 6009 episcopus
2933 5938 3367 5996 Novatianorum
3392 5955 3504 5996 suae
3535 5953 3751 6006 secta:
3786 5953 3963 6016 Ec»
