3998 6304
290 382 357 438 i7

1642 383 1700 440 S.
1733 382 2017 441 CYRILLI
2045 382 2227 441 VI'I'A.

3491 372 3564 428 f8

283 494 505 553 clesiam
534 493 1013 566 Constantinopoli
1046 493 1485 562 administrabat,
1511 495 1580 553 de
1605 512 1717 568 quo
1747 512 1871 567 cap.
1904 502 1945 558 A
1974 497 2047 553 ab
2067 495 2323 553 incendio
2342 495 2600 551 liberent.
2629 493 2769 549 Tum
2796 494 2972 553 Judri
3003 496 3255 566 protinus
3275 490 3480 563 impetu
3505 491 3564 545 in

285 585 351 637 l2
396 589 608 654 egerat.
640 583 870 641 Creatus
908 585 956 641 is
988 594 1109 640 erat
1147 601 1239 641 an.
1285 585 1419 642 Chr.
1458 586 1582 653 “2,
1627 598 1878 649 mortuus

283 676 535 732 Monaxio
566 684 623 731 et
648 676 829 732 Plinta
868 691 1042 743 coss.,
1086 693 1176 733 an.
1220 677 1352 735 Chr.
1391 679 1515 735 M9.
1547 698 1567 731 ι
1601 678 1808 737 Eodem
1851 697 1871 729 ι

282 782 411 839 ergo
445 787 464 819 ς
501 774 768 839 tempore,
807 788 826 821 ›
858 768 1036 840 inquit
1059 769 1333 836 Socrates,
1367 790 1386 822 ι
1411 770 1725 827 ιιιάεεοωιι]
1745 785 1879 842 gens

282 874 316 912 a
337 857 541 931 Cyrillo
559 859 820 931 episcopo
844 860 1179 917 Alexandria
1198 861 1341 918 hanc
1360 862 1433 918 ob
1455 877 1677 917 causam
1703 863 1878 933 ejwta

282 958 386 1004 est.
422 949 666 1021 Populus
685 951 1096 1007 Alexandrinus
1116 959 1315 1022 praeter
1338 952 1877 1009 caeterosseditionio

284 1041 389 1096 bus
415 1039 723 1097 delectatur
757 1060 779 1095 ;
807 1042 864 1097 in
895 1042 1119 1114 quibus,
1155 1043 1205 1099 si
1229 1043 1451 1115 quando
1481 1043 1557 1100 sit
1584 1043 1766 1101 oblata
1806 1044 1879 1100 il-

283 1132 459 1187 larum
484 1131 898 1189 conﬂandarum
929 1134 1168 1201 occasio,
1199 1134 1413 1193 scelera
1436 1134 1678 1191 eduntur
1708 1150 1878 1206 prope

283 1222 652 1280 intolerabilia
682 1244 705 1279 ε.
723 1226 929 1297 quippe
946 1226 1068 1282 sine
1095 1226 1362 1297 sanguine
1379 1242 1661 1298 nunquam
1688 1226 1879 1297 populi

285 1314 522 1386 impetus
542 1316 781 1374 sedatur.
812 1318 871 1373 1d
898 1318 1162 1389 temporis
1180 1318 1606 1385 tumultuhnon
1624 1317 1694 1373 de
1713 1332 1878 1375 causa

282 1409 464 1481 aliqua
495 1411 831 1476 necessaria,
859 1409 955 1466 sed
977 1408 1045 1465 de
1070 1410 1251 1465 studio
1280 1410 1569 1466 saltatores
1594 1405 1879 1480 spectandi

286 1500 458 1572 (quod
504 1502 709 1557 malum
753 1518 853 1574 per
897 1516 1098 1556 omnes
1125 1500 1380 1557 civitates
1417 1499 1610 1570 serpit)
1658 1499 1717 1557 in
1758 1499 1879 1570 ipsa

285 1591 638 1649 multitudine
662 1592 804 1648 forte
834 1591 1105 1648 cicbatur.
1126 1592 1262 1647 Nam
1286 1591 1374 1648 die
1412 1589 1647 1670 Sabbati.
1683 1590 1879 1662 ingens

287 1684 447 1740 turba
470 1684 540 1740 ad
561 1684 856 1756 quemdam
881 1685 1196 1761 saltatorem
1215 1682 1573 1756 spectandum
1592 1682 1873 1739 conﬂuxit.

288 1772 357 1828 Et
385 1772 644 1843 quoniam
670 1772 877 1839 Judaei,
906 1773 1001 1844 qui
1034 1773 1127 1829 illo
1157 1772 1248 1828 die
1288 1770 1577 1837 feriantur,
1617 1787 1728 1828 non
1769 1771 1879 1843 legi

285 1864 720 1931 audiendae,sed
746 1865 1074 1939 spectaculis
1109 1873 1166 1921 et
1188 1864 1333 1920 ludis
1359 1863 1595 1920 scenicis
1625 1870 1876 1919 contem—
1909 1845 1952 1905 Β

285 1956 497 2029 plaudis
524 1965 670 2014 totos
691 1973 811 2014 sese
842 1957 1152 2023 dedebant,
1185 1956 1307 2013 dies
1336 1956 1427 2012 ille
1449 1955 1641 2027 populi
1679 1955 1881 2021 factio-

285 2050 448 2106 nibus
494 2051 644 2107 inter
684 2066 744 2107 se
782 2058 978 2106 mutuo
1014 2047 1315 2105 dimicandi
1339 2063 1507 2105 causa
1536 2047 1764 2113 exstitit.
1797 2046 1885 2107 Ae.

284 2158 601 2214 quanquam
638 2141 827 2214 populi
861 2140 1141 2198 discordia
1175 2156 1210 2195 a
1247 2139 1507 2213 przefecto
1533 2138 1881 2196 Alexandria

287 2243 567 2308 utcunque
596 2242 715 2290 tum
736 2234 925 2291 sedata
952 2232 1461 2301 fuit,,nihilominus
1491 2239 1674 2289 tamen
1695 2231 1885 2289 Judzei.

280 2327 443 2382 alteri
464 2325 654 2398 populi
676 2324 902 2381 factioni
927 2324 1230 2380 adversarii
1249 2338 1370 2379 esse
1390 2337 1505 2377 non
1523 2320 1882 2379 destiterunt.

282 2419 461 2488 Atque
482 2416 696 2473 tametsi
715 2412 889 2473 Judaei
913 2413 1242 2472 Christianis
1262 2421 1421 2470 erant
1435 2426 1651 2484 semper
1669 2412 1876 2479 infesti,

283 2516 401 2563 tum
438 2516 635 2563 tamen.
657 2512 881 2578 propter
921 2506 1243 2571 saltatores,
1263 2504 1438 2561 multo
1476 2504 1535 2559 in
1563 2519 1662 2562 eos
1694 2503 1878 2562 infen-

277 2599 461 2655 siores
497 2598 628 2656 facti
660 2607 792 2656 sunt

360 2692 449 2747 20.
493 2711 512 2744 ι
546 2691 740 2761 Itaque
778 2706 904 2746 cum
940 2688 1161 2746 Orestes
1198 2686 1491 2764 praefectus
1535 2685 1883 2743 Alexandriae

280 2784 560 2840 τολιτείαν
595 2781 697 2855 (sic
715 2783 864 2839 enim
887 2780 1107 2853 publica
1135 2778 1377 2852 praefecti
1401 2777 1582 2841 edicta
1604 2776 1881 2848 appellant

281 2872 673 2943 Alexandrini).
696 2874 753 2928 in
800 2872 1013 2928 theatro
1043 2869 1454 2944 proponendam
1487 2876 1723 2934 curaret,
1778 2867 1878 2937 ad-

279 2974 453 3021 erant
478 2967 646 3022 etiam
667 2965 859 3039 Cyrilli
893 2963 1137 3038 episcopi
1182 2961 1502 3028 necessarii,
1533 2969 1597 3016 ut
1634 2960 1816 3016 edicta
1843 2975 1879 3016 a

280 3058 546 3131 praefecto
565 3058 843 3130 publicata
866 3055 1299 3121 considerarent,
1322 3055 1466 3131 inter
1487 3064 1625 3131 quos
1654 3062 1776 3108 erat
1792 3053 1889 3107 vir.

282 3150 512 3207 nomine
544 3151 766 3217 liicrax,
792 3149 1102 3206 humilioris
1125 3148 1451 3204 litteratura
1473 3145 1759 3219 magister,
1779 3144 1887 3217 qui,

1910 3206 1961 3265 Ο

1977 588 2331 646 Christianos
2356 586 2533 652 facto,
2562 602 2661 642 eos
2698 586 2996 641 trucidant.
3036 583 3213 655 Atque
3258 592 3323 639 ut
3355 598 3389 637 a
3424 585 3562 645 suis,

1977 679 2195 735 annulis
2225 677 2635 742 demonstratis,
2668 692 2863 732 manus
2893 675 3276 740 abstinebant;
3301 675 3382 729 sic
3401 673 3565 729 (Ἀπί-τ

1977 772 2203 837 stianos,
2228 771 2325 841 qui
2362 770 2497 842 ipsis
2519 769 2661 826 forte
2691 768 2907 825 obviam
2939 767 3066 827 facti
3107 774 3289 829 erant,
3320 763 3566 820 e'medlo

1978 863 2263 919 tollebant.

2041 956 2128 1010 22.
2141 975 2167 1008 ι
2192 956 2296 1012 Ubi
2322 964 2506 1012 autem
2525 953 2707 1010 illuxit
2725 953 2864 1018 dies,
2885 950 3108 1008 sceleris
3125 957 3379 1005 auctores
3396 947 3564 1002 mini-

1976 1066 2066 1106 me
2096 1048 2319 1106 obscuri
2349 1057 2408 1105 et
2428 1047 2690 1120 incogniti
2715 1046 2960 1102 fuerunt.
2982 1043 3100 1112 Qua
3135 1042 3205 1099 de
3240 1056 3302 1095 re
3320 1038 3566 1112 Cyrillus

1975 1142 2216 1214 graviter
2230 1148 2557 1206 commotus,
2581 1153 2707 1195 cum
2729 1138 2936 1209 ingenti
2956 1152 3123 1192 manu
3156 1133 3225 1190 ad
3249 1132 3563 1190 Iudaeorum

1975 1248 2273 1307 synagogas
2301 1232 2401 1304 (sic
2430 1232 2577 1288 enim
2614 1245 2807 1287 eorum
2847 1229 3048 1301 templa
3084 1223 3374 1295 vocantur)
3415 1231 3569 1279 recta
3644 1228 3651 1235 '

1976 1326 2157 1398 pergit
2190 1343 2221 1381 τ’
2244 1334 2302 1382 et
2329 1340 2400 1381 ex
2419 1324 2623 1382 Judmis
2646 1324 2944 1380 nonnullos
2986 1322 3111 1378 neci
3136 1320 3268 1386 dat;
3304 1319 3441 1373 alios
3467 1333 3565 1372 ex-

1975 1418 2184 1489 pellite
2217 1418 2460 1480 civitate,
2492 1431 2798 1485 eorumque
2842 1414 3095 1469 fortunas
3136 1428 3169 1468 a
3209 1409 3569 1466 multitudine

1976 1509 2143 1582 diripi
2164 1510 2451 1581 permittit.
2471 1510 2661 1579 Itaque
2680 1506 2876 1572 Judaei,
2911 1505 3009 1577 qui
3037 1519 3214 1575 usque
3236 1504 3306 1558 ab
3327 1502 3573 1583 Alexan-

1975 1602 2064 1658 dri
2093 1602 2405 1660 Macedonis
2430 1601 2768 1673 temporibus
2793 1599 2940 1655 illam
2972 1597 3167 1653 urbem
3200 1596 3569 1655 ineoluerant,‘

1976 1701 2095 1754 tum
2122 1693 2369 1750 universi
2402 1692 2530 1748 inde
2565 1689 2748 1764 ejecti,
2792 1689 2886 1744 alii
2927 1690 2984 1744 in
3018 1688 3125 1744 alia
3166 1688 3287 1742 loca
3326 1685 3575 1755 dispersf

1977 1785 2254 1840 vixerunt.
2292 1781 2653 1839 Adamantius
2695 1796 2765 1836 ex
2806 1792 3040 1836 numero
3081 1776 3419 1839 Iudaeorum,
3470 1772 3567 1842 qui

1981 1876 2312 1935 medicinam
2332 1873 2584 1940 docebat,
2613 1870 3140 1942 Constantinopolim
3169 1866 3469 1940 profectus,
3499 1862 3575 1919 ad

1981 1967 2227 2024 Atticum
2279 1967 2599 2038 episwpum
2646 1980 2707 2021 se
2760 1962 3014 2020 contulit.
3059 1960 3166 2029 Qui
3208 1966 3577 2030 posteaquam

1980 2060 2351 2117 Christianam
2382 2058 2705 2133 religionem
2746 2055 3030 2129 professas
3060 2062 3201 2120 erat,
3228 2049 3581 2109 Alexandria

1983 2152 2169 2217 dean
2183 2150 2481 2207 habitavit.
3504 2152 3509 2163 '

2054 2244 2177 2299 εἴη(
2202 2242 2449 2308 Orestes,
2473 2242 2626 2298 illius
2655 2241 2812 2297 urbis
2841 2238 3153 2311 lit-refectus,
3198 2234 3336 2291 illud
3380 2228 3579 2305 Cyrillt

1983 2335 2188 2391 factum
2210 2334 2369 2390 valde
2391 2333 2582 2404 iniquo
2600 2332 2787 2388 animo
2805 2332 2934 2387 tulit
2956 2347 2972 2384 :
3008 2340 3386 2401 magnumque
3425 2323 3579 2395 cepit

1983 2426 2251 2491 dolorem,
2284 2435 2394 2482 tam
2429 2415 2748 2497 praclarum
2771 2422 3051 2479 civitatem
3092 2426 3247 2475 tanta
3279 2406 3577 2473 nominant

1982 2510 2335 2574 multitudine
2364 2531 2592 2589 prorsus
2624 2516 2873 2573 orbatam
2912 2526 3054 2570 esse.
3089 2509 3456 2578 Quamobrem
3500 2506 3579 2561 ad

1983 2609 2372 2682 imperatorem
2426 2609 2496 2666 de
2541 2608 2708 2664 rebus
2752 2604 2831 2663 ibi
2877 2605 3047 2679 gestis
3093 2602 3284 2659 refert.
3312 2598 3579 2673 'Cyrillus

1983 2701 2150 2756 etiam
2170 2700 2491 2773 imperatori
2521 2699 2835 2756 Iudaeorum
2877 2696 3087 2753 scelera
3118 2708 3219 2765 per
3247 2690 3581 2749 litteras'si-J

1982 2791 2234 2864 gniﬁcat;
2267 2800 2325 2848 et
2360 2791 2727 2848 nihilominus
2754 2799 2938 2846 tamen
2983 2788 3055 2844 de
3100 2783 3345 2843 amicitia
3380 2780 3574 2837 conci-

1982 2884 2167 2940 lianda
2191 2882 2280 2957 (ad
2310 2885 2444 2940 illud
2467 2897 2707 2955 namque
2736 2880 3051 2938 faciendum
3074 2877 3314 2967 populus

1985 2975 2179 3032 drinus
2202 2975 2692 3047 illumvimpulesat)
2704 2974 2848 3029 ‘cu'm
2867 2971 3069 3028 Oreste
3090 2964 3233 3042 agit;
3246 2969 3455 3024 Verum
3477 2964 3587 3019 ubi

1984 3064 2292 3127 Orestesde
2316 3064 2563 3122 amicitia
2578 3079 2648 3120 ne
2668 3062 2865 3119 audire
2882 3060 3109 3133 quidem
3124 3059 3319 3122 voluit,
3339 3054 3587 3128 Cyrillull

1988 3156 2201 3214 librum
2217 3158 2639 3229 Erangeliorum
2664 3155 2849 3228 (hunc
2860 3153 3010 3209 enim
3034 3152 3189 3208 illum
3206 3148 3593 3205 reverituras»

280 3244 690 3301 attentissimus
707 3242 928 3299 auditor
954 3240 1196 3314 episcopi
1221 3239 1408 3312 Cyrilli
1435 3237 1560 3305 fuit,
1589 3237 1726 3314 etin
1747 3252 1891 3295 con-.
1910 3237 1959 3265 ν
1986 3248 2222 3321 putuit)
2252 3248 2500 3305 armum
2537 3247 2804 3319 ροι-ι-ωιίι,
2848 3245 2922 3301 Αιι
2958 3258 3086 3300 cum
3124 3239 3335 3297 Orestis
3363 3237 3591 3293 animus:

281 3335 546 3391 cionihus
575 3334 695 3407 ejus
737 3333 991 3405 plausum
1030 3329 1448 3403 diligentissime
1484 3329 1725 3387 excitare
1748 3342 1885 3386 con-

282 3425 489 3481 suerit.
515 3425 673 3480 ilunc
702 3424 869 3497 igitur
898 3421 1541 3493 Hieracemutprimum
1560 3420 1889 3478 Iudaeorum

287 3515 593 3573 multitudo
618 3516 687 3574 in
702 3515 919 3571 theatro
942 3514 1258 3585 conspicata
1283 3520 1389 3579 est,
1424 3511 1705 3584 extemplo
1732 3508 1885 3567 voci-

290 3606 469 3663 ferari
496 3606 689 3680 erepit,
714 3621 843 3662 eum
872 3605 945 3663 oh
972 3605 1182 3662 nullam
1212 3604 1376 3659 aliam
1395 3619 1617 3660 causam
1640 3604 1711 3660 ad
1732 3603 1889 3659 thea-

295 3711 444 3757 trum
484 3700 814 3776 accessisse,
853 3714 1021 3771 quam
1059 3705 1123 3753 ut
1147 3696 1414 3768 populum
1450 3695 1521 3752 ad
1562 3695 1891 3753 seditionem

295 3796 620 3854 concitaret.
669 3794 892 3850 Orestes
929 3800 1136 3856 autem,
1188 3789 1292 3845 etsi
1340 3787 1891 3859 ante-episcoporum

296 3895 539 3958 potestas
584 3886 664 3940 illi
705 3885 850 3940 odio.
875 3890 1170 3955 propterea
1212 3879 1415 3944 fuerat,
1462 3879 1610 3951 quod
1650 3896 1752 3952 per
1794 3896 1895 3938 eos

296 3977 551 4035 nonnihil
573 3977 641 4033 de
664 3976 989 4034 auctoritate
1034 3988 1230 4030 eorum
1254 3971 1350 4044 qui
1367 3972 1437 4028 ab
1463 3971 1798 4044 imperatore
1821 3974 1892 4030 ad

298 4071 656 4142 magistratus
673 4068 943 4142 gerendos
963 4066 1230 4139 designati
1261 4073 1439 4132 erant,
1472 4063 1768 4125 admodum
1791 4066 1893 4123 de—

298 4162 696 4229 tractumfuit;
728 4170 908 4217 tamen
945 4169 1058 4215 tum
1082 4158 1169 4214 vel
1192 4158 1450 4223 maxime,
1480 4157 1627 4228 quod
1654 4156 1899 4231 Cyrillus

297 4254 593 4310 videbatur
626 4253 683 4308 in
719 4254 840 4325 ejus
871 4251 1052 4307 edicta
1070 4250 1289 4306 curiose
1319 4247 1635 4319 inquirere;
1660 4251 1897 4321 proinde

298 4346 591 4403 Hieracem
609 4345 789 4416 palam
814 4344 871 4400 in
895 4342 1113 4400 theatro
1145 4341 1605 4416 comprehensum
1635 4342 1897 4413 gravibus

299 4434 585 4495 divexavit
614 4435 935 4509 suppliciis-

1986 3355 2057 3397 ne
2089 3341 2199 3399 hoe
2220 3340 2387 3397 modo
2417 3339 2641 3410 quidem
2672 3336 2893 3392 deliniri
2924 3330 3262 3405 posset,.sed
3285 3330 3432 3385 inter
3450 3344 3599 3385 eum

1987 3440 2044 3489 ct
2075 3432 2339 3505 Cyrillum
2379 3431 2642 3501 capitales
2673 3426 2975 3485 inimicitia:
3009 3440 3226 3497 semper
3268 3423 3591 3480 intercede~

1989 3532 2143 3591 rent;
2170 3523 2289 3579 hzee
2299 3521 2505 3588 clades,
2528 3519 2974 3593 quamdeinceps
2985 3516 3581 3582 eommemorahorino

1990 3614 2058 3673 de
2088 3622 2384 3671 consecuta
2409 3621 2516 3669 est.
2548 3631 2567 3665 ι
2592 3611 2721 3668 Rrec
2738 3610 3014 3667 Socrates.
3042 3608 3247 3665 Eadem
3270 3615 3462 3664 narrat
3482 3607 3595 3661 Ni».

1989 3708 2263 3778 cephorus
2282 3705 2382 3761 lib.
2411 3720 2523 3771 xiv,
2552 3718 2678 3776 cap.
2711 3703 2801 3771 l4,
2837 3702 2984 3774 apud
3020 3717 3185 3774 quem
3221 3710 3404 3757 tamen
3430 3698 3591 3753 nuli.

1990 3794 2154 3852 aedis
2204 3793 2520 3851 Iudaeorum
2568 3792 2776 3850 mentio
2821 3800 2905 3848 est
2942 3809 2959 3847 :
3003 3806 3109 3848 nec
3150 3789 3417 3847 credibile
3457 3803 3589 3844 eam

1990 3885 2232 3957 episcopi
2257 3885 2584 3945 auctoritate
2609 3885 2971 3956 designatam.
3008 3881 3319 3955 Agnoscere
3359 3894 3494 3937 vero
3525 3880 3599 3935 im

1991 3978 2186 4035 Oreste
2212 3977 2343 4036 licet
2362 3977 2715 4048 politicornm
2739 3975 2915 4033 nostri
2941 3989 3170 4046 quoque
3192 3973 3460 4044 temporis
3493 3972 3593 4026 in-.

1992 4068 2205 4134 dolem,
2251 4067 2349 4140 qui
2401 4084 2732 4140 quacunque
2768 4076 3015 4139 possunt.
3052 4066 3270 4122 ratione
3306 4065 3595 4134 modoqne

1993 4159 2314 4233 pontiﬁcum
2359 4170 2631 4219 conantur
2699 4160 3046 4229 aliorumque
3086 4157 3595 4231 eecietsiastieorum1

1995 4251 2279 4309 ltominmn
2320 4250 2477 4307 bona
2509 4250 2789 4315 invaders,
2819 4250 2950 4322 jura
2999 4249 3229 4312 violare,
3276 4247 3598 4307 convellere:

1994 4342 2396 4409 auctoritatem,
2442 4340 2614 4397 veluti
2663 4356 2879 4413 regum~
2900 4339 3286 4395 emolumentis
3327 4337 3546 4394 noxiam
3565 4355 3602 4398 ς.

1996 4450 2121 4490 cum
2159 4434 2327 4491 nullis
2356 4435 2576 4507 regibus
2606 4432 2823 4493 felicius
2852 4441 3069 4491 cuncta.
3089 4429 3376 4497 cesserint,
3417 4446 3598 4501 quam,

360 4555 453 4609 21.
484 4552 633 4621 «Qua
650 4502 712 4608 re
721 4502 1009 4608 intellecta
1025 4502 1260 4625 Cyrinus
1277 4551 1590 4633 mimorum
1610 4548 1907 4621 primarius
1931 4546 1981 4604 υ
2000 4524 2095 4628 (Ιξιί
2110 4502 3040 4633 Ἐοοξθείεξειρξξξτίηωιη,ρειιξιεγιιιη
3056 4537 3199 4627 ;.οοξι
3207 4529 3288 4577 ιτίι
3302 4536 3441 4633 ’γεξΓο
3463 4520 3585 4599 ΡΨ·

300 4645 581 4712 accersit;
606 4644 737 4711 illis,
768 4644 816 4701 si
856 4660 969 4699 non
1010 4653 1204 4700 contra
1238 4643 1581 4700 Christianos
1626 4641 1894 4696 tumultus

301 4739 453 4794 ciere
474 4738 767 4802 desistant,
785 4736 1003 4793 debitas
1022 4751 1217 4807 poenas
1237 4744 1298 4791 se
1317 4734 1895 4807 irrogaturum'mina-

304 4836 420 4882 tur.
440 4826 517 4882 At
543 4825 841 4883 multitudo
876 4824 1229 4891 Judmrum,
1252 4824 1491 4897 cognitis
1512 4824 1758 4895 episcopi
1789 4822 1896 4878 mi-

302 4916 416 4980 nis,
438 4915 619 4972 mnlto
644 4916 851 4986 majore
874 4914 1175 4971 iracundias
1201 4924 1350 4972 metu
1363 4915 1747 4981 candescere,
1776 4906 1896 4971 rna-

302 5006 612 5078 sitiensque
627 5005 699 5062 ad
707 5006 1360 5065 Christianisnoeendum
1374 5006 1684 5079 excogitare
1696 5007 1865 5079 cepit
1880 5024 1912 5063 τε

302 5110 445 5165 quas
466 5094 693 5165 quidem
729 5095 1314 5169 pracipuamcausam
1330 5094 1548 5154 Judaos
1570 5094 1915 5165 Alexandria;

303 5185 637 5243 eiturbandi
664 5185 855 5253 fuisse,
883 5187 996 5258 jam
1018 5186 1323 5247 ostendam.
1350 5186 1541 5245 ludit,
1560 5196 1687 5244 cum
1720 5196 1901 5257 tesse-

304 5293 425 5333 ram
446 5277 551 5349 ipsi
572 5278 679 5357 sibi
701 5278 1002 5345 dedissent‘,
1021 5279 1284 5339 nimirum
1305 5286 1370 5334 ut
1386 5277 1618 5350 quisque
1634 5279 1916 5335 annulum:

304 5383 377 5424 ex
421 5369 629 5427 cortice
656 5369 1222 5440 .paimeconfeetum-
1264 5378 1539 5441 gestaret,
1570 5376 1913 5426 uoctnm‘am‘

306 5472 546 5529 pugnam
568 5469 765 5525 contra
794 5460 1136 5519 Christianos
1164 5462 1481 5523 instituunt.
1526 5461 1714 5532 itaque
1738 5471 1901 5518 nocte

305 5548 545 5618 quadam
572 5565 676 5621 per
706 5549 993 5609 universas
1020 5553 1176 5610 urbis
1223 5552 1475 5625 regiones
1509 5569 1541 5608 a
1571 5553 1909 5624 quibusdam

303 5641 768 5697 conclamandum
809 5653 1024 5710 curant,
1069 5653 1238 5700 totam
1276 5646 1564 5702 ecclesiam
1607 5644 1905 5702 Alexandri

310 5732 532 5790 nomine
566 5742 943 5805 nuncupatam
990 5735 1115 5807 igne
1157 5736 1509 5810 conflagrare.
1551 5737 1671 5807 Quo
1715 5738 1903 5794 audito

312 5822 631 5893 Christiani,
666 5825 807 5883 alius
843 5827 1063 5883 aliunde
1114 5839 1471 5894 concurrunt,
1520 5838 1588 5886 ut.
1615 5830 1911 5888 ecclesiam.

2002 4618 2155 4687 rimis
2173 4617 2576 4673 calamitatibus
2596 4632 2689 4673 eas
2718 4615 2921 4672 involvi
2945 4614 3256 4686 provincias
3280 4613 3599 4677 videamus,.

2000 4726 2241 4782 quarum
2295 4709 2703 4781 gubernaculis.
2737 4708 3029 4782 ejusmodi.
3070 4705 3323 4771 homines
3378 4703 3599 4763 admoti;

2002 4808 2170 4858 sunt.
2926 4852 2929 4857 ,
3408 4868 3417 4877 _
3590 4846 3599 4891 ἓ

2136 4953 2166 5027 §
2191 4944 2256 5011 ν.
2293 4954 2475 5012 Turba:
2499 4955 2894 5012 Αωωαηάγὶῆω.
2923 4951 3178 5007 Errantes
3199 4949 3438 5045 correcti.

2070 5092 2182 5148 2t...
2205 5092 2523 5165 Tragieam,
2563 5108 2727 5163 quam
2764 5097 3060 5147 narratum.
3096 5087 3279 5154 imus,,
3302 5087 3605 5151 hietorlam.

2006 5178 3290 5256 imperatorixet.OrestespraefectusetCyrillus
3318 5175 3605 5250 significa-,

2005 5286 2174 5333 runtr
2201 5276 2662 5333 Utinam-litterae
2703 5270 2905 5344 Cyrilli‘
2936 5272 3253 5327 exstarentl
3294 5270 3475 5341 majus
3512 5283 3601 5341 ea

2005 5366 2240 5438 pondus,
2290 5380 2459 5438 quam
2506 5363 2740 5421 furentis
2783 5362 2929 5419 illius
2967 5361 3199 5427 Orestis,
3246 5360 3397 5432 apud
3441 5366 3603 5425 reme,

2006 5457 2306 5515 sentientes
2326 5454 2841 5525 obtinerentJiujus
2858 5463 3042 5530 tamen
3064 5453 3382 5508 relationem
3402 5450 3605 5521 potius,

2006 5549 2240 5620 arripuit
2262 5547 2537 5613 Socrates,
2567 5546 2770 5620 Cyrillo
2785 5547 3057 5611 infensus,
3086 5545 3184 5600 lib.
3208 5561 3325 5611 vn,.
3357 5558 3477 5614 cap.
3524 5543 3601 5623 ιθ

2006 5654 2063 5699 et
2088 5644 2169 5698 15.
2198 5661 2215 5693 «
2245 5640 2503 5697 Nonnulli
2525 5656 2592 5697 ex
2615 5640 2918 5703 monachis,
2945 5659 2963 5691 ›
2999 5635 3603 5707 ἰηᾳιειὶι,.«.ίιιιὶ.Νιιιθδιη

2011 5745 2250 5791 montem
2301 5732 2641 5796 accolebant,
2700 5730 2919 5801 ingenio
2968 5728 3298 5786 ferventiore
3358 5724 3605 5795 praaditi”

2011 5829 2154 5885 sicut
2190 5825 2513 5895 iampridem
2541 5824 2686 5895 idem
2716 5823 2898 5891 ipsum
2927 5820 3297 5887 declararunt,
3337 5812 3517 5883 canui
3562 5828 3605 5879 at
3632 5811 3641 5819 ’
