3998 6304
380 407 450 463 19
1734 405 1792 463 8.
1832 404 1983 465 CVI]

2088 408 2109 463 1
2146 402 2330 463 .ViTli.
3592 406 3663 464 20
3734 398 3741 405 ’

380 518 671 591 Theophili
707 520 1070 590 tetnporibus,
1103 518 1325 591 quando
1360 520 1520 575 erant
1558 519 1629 575 ab
1656 520 1751 576 illo
1777 530 1971 576 contra
2002 526 2044 582 Α
2072 519 2479 576 venerabantur
2500 518 2970 588 etsuseipiebant.
2992 518 3181 588 itaque
3203 518 3422 575 invidiae
3447 519 3664 579 ﬂamma

380 612 703 671 Dioscomm
729 620 785 669 et
814 612 938 681 eius
954 611 1160 669 fratres
1178 610 1368 682 inique
1392 611 1625 679 amasti;
1648 612 1733 668 sic
1752 612 1808 668 id
1830 620 1971 668 tem-

377 700 531 771 Ροάε
560 714 781 771 quoque
801 701 1167 758 aemulationis
1178 700 1378 757 ardore
1404 699 1747 767 inﬂammati,
1770 716 1963 773 prom-

376 800 543 863 ptoet
554 793 722 851 alacri
737 794 923 851 animo
936 809 1037 864 pro
1046 792 1255 867 Cyrillo
1270 792 1531 850 dimicare
1545 792 1968 850 constituerunt.

379 881 570 953 itaque
600 882 706 937 viri
752 883 822 938 ad
865 884 1192 955 quingentos
1239 890 1472 939 numero
1512 898 1580 939 ex
1624 882 1974 938 monasteriis

379 973 608 1044 egressi,
643 974 837 1031 urbem
865 974 1252 1031 Alexandriam
1275 974 1628 1040 contendere,
1654 974 1972 1046 praefectum

343 1111 351 1160 Ι
381 1063 556 1121 rbeda
587 1064 1022 1125 circumvectum
1053 1064 1369 1130 observare,
1393 1080 1520 1121 eum
1545 1063 1719 1130 adire,
1759 1063 1972 1120 sacriﬁ-

379 1171 529 1222 cum,
555 1156 837 1227 gentilem,
881 1165 938 1214 et
975 1157 1099 1215 aliis
1140 1157 1520 1228 compluribus
1563 1158 1976 1215 contumeliosis

381 1249 700 1305 nominibus
722 1251 998 1321 appellare
1028 1258 1335 1321 coeperunt.

443 1341 536 1397 25.
571 1360 591 1394 ι
620 1342 738 1408 ille,
776 1343 1090 1413 suspicatus
1121 1341 1228 1398 sibi
1251 1357 1283 1396 a
1312 1340 1521 1413 Cyrillo
1545 1341 1772 1398 insidias
1803 1340 1973 1397 colici-

382 1442 534 1491 calas
570 1446 713 1500 esse,
756 1434 1066 1495 exclamare
1104 1450 1169 1490 se
1206 1434 1585 1491 Christianum
1626 1444 1771 1498 esse,
1821 1439 1880 1489 et
1903 1431 1975 1487 ab

380 1524 564 1581 Attico
590 1525 851 1595 episcopo
869 1524 1345 1596 Constantinopoli
1367 1524 1724 1597 baptizatum.
1748 1524 1972 1589 Verum,

383 1616 482 1674 ubi
528 1617 785 1677 monachi
835 1619 959 1689 ejus
999 1618 1168 1675 verba
1214 1618 1549 1676 videbantur
1596 1626 1974 1681 contemnere,

382 1723 529 1765 unus
554 1708 699 1766 forte
718 1724 790 1766 ex
822 1709 951 1775 illis.
982 1710 1205 1769 nomine
1224 1708 1567 1776 Auimonius.
1594 1716 1759 1780 caput
1780 1709 1973 1779 prafe-

384 1798 460 1856 eti
482 1799 666 1871 lapide
693 1809 987 1871 percutere
1010 1819 1025 1856 :
1048 1801 1348 1872 prafectus
1370 1802 1466 1859 illo
1488 1802 1717 1859 uiuere
1740 1801 1971 1868 inﬂicto,

384 1898 538 1953 totus
567 1894 837 1965 sanguine
859 1871 1103 1951 manare.
1140 1892 1486 1966 Quapropter
1528 1894 1767 1966 preteeti
1802 1909 1975 1965 appa-
2002 1871 2049 1932 Β

384 1981 607 2050 ritorea.
635 1986 880 2057 exceptis
905 1986 1119 2059 paucis,
1143 2001 1338 2044 omnes
1367 2002 1426 2042 se
1455 1986 1596 2043 clam
1619 1985 1749 2043 inde
1763 1985 1976 2042 subdita-

382 2089 533 2141 σοῖο.
567 2077 711 2139 alius
745 2078 861 2135 alio
886 2094 951 2136 se
978 2079 1038 2137 in
1068 2079 1477 2136 multitudinem
1508 2079 1736 2145 abdere,
1768 2094 1978 2150 praeca-

383 2176 576 2225 ventes
612 2185 683 2225 ne
717 2169 963 2241 lapidum
990 2173 1143 2243 jactu
1179 2172 1589 2228 interimuntur.
1621 2170 1849 2227 interim
1876 2185 1980 2242 po-

383 2259 548 2331 pulus
568 2260 977 2321 Alexandrinus
991 2262 1254 2335 frequens
1268 2278 1336 2319 eo
1358 2261 1660 2329 conﬂuere,
1681 2261 1982 2318 monachos
2018 2312 2023 2317 .

384 2351 629 2422 preteeti
650 2368 817 2413 eam
838 2353 1026 2411 animo
1047 2363 1308 2424 prompto
1342 2352 1569 2420 ulcisci;
1602 2362 1743 2423 quos
1766 2367 1981 2417 omnes,

387 2455 590 2515 prater
633 2444 1011 2511 Amerinis,
1055 2445 1117 2503 in
1168 2445 1359 2517 fugam
1396 2454 1675 2503 vertunt:
1716 2445 1873 2503 ilum
1910 2443 1983 2501 ad

385 2536 711 2607 praefectum
751 2537 1054 2596 deducere.
1102 2537 1405 2596 Prai‘eetus
1442 2537 1657 2609 palam,
1709 2537 1793 2593 uti
1836 2536 1987 2609 leges

389 2628 701 2700 putarint,
738 2627 813 2687 de
855 2643 925 2686 eo
961 2628 1326 2700 quaestionem
1370 2640 1655 2695 exercere,
1697 2628 1986 2685 tormentis

389 2720 661 2792 tantisper
681 2720 968 2789 aiilictare,
992 2720 1126 2777 dum
1158 2730 1468 2778 extremm
1499 2721 1755 2792 spiritum
1783 2720 1918 2777 edit.

459 2814 551 2873 26.
583 2834 603 2869 ι
640 2814 773 2882 Qua
792 2830 887 2873 res
910 2822 1019 2871 nun
1039 2814 1139 2871 diu
1158 2823 1282 2885 post
1302 2813 1373 2871 ad
1394 2814 1793 2885 imperatorum
1822 2828 1989 2870 aures

386 2908 601 2981 perlata
627 2915 730 2964 est.
763 2907 908 2975 Quin
948 2907 1118 2964 etiam
1155 2906 1394 2980 Cyriiius
1422 2906 1673 2963 eamdem
1704 2918 1823 2964 rem
1853 2906 1985 2976 illis,

387 2999 489 3058 sed
514 3014 679 3056 secus
708 2999 1020 3071 expositam
1055 3000 1284 3056 omnino
1320 3015 1423 3072 per
1451 2998 1663 3055 litteras
1712 2998 1987 3071 signiﬁca-

386 3092 489 3150 vit.
525 3091 741 3165 Corpus
771 3096 993 3164 quoque
1028 3092 1307 3149 Δωωοηῆ
1344 3092 1513 3165 capit,
1548 3092 1717 3164 inque
1750 3080 1987 3153 ecclesia

387 3183 624 3256 quatiant
665 3184 948 3249 recondit,
980 3192 1041 3240 at
1076 3199 1189 3240 non
1217 3182 1493 3240 Λωηιοιιίί
1538 3183 1635 3239 sed
1666 3180 1985 3277 Thaumasii
2012 3218 2063 3277 α

388 3277 615 3339 παίω
647 3279 1006 3351 nuncuparit.
1034 3279 1105 3335 Et
1130 3288 1258 3335 cum
1299 3278 1358 3334 iit
1381 3277 1613 3335 ecclesia
1646 3274 1983 3350 magnitudi-

390 3387 517 3427 nem
543 3372 712 3429 aniini
742 3371 915 3438 illius,
937 3378 1131 3443 utpote
1156 3384 1321 3443 grave
1343 3377 1624 3426 certamen
1656 3383 1759 3441 pro
1780 3366 1984 3440 pietate

391 3462 660 3534 perpesi‘,
707 3461 870 3531 laude
917 3469 974 3517 et
1011 3460 1402 3532 pradicatibne
1455 3459 1776 3523 extulisset,
1820 3455 1987 3529 jussit

392 3567 691 3630 martyrem
720 3555 1006 3628 appellari.
1041 3555 1247 3612 Verum
1277 3553 1373 3625 qui
1402 3552 1768 3619 modestiores
1804 3556 1982 3613 erant,

392 3652 651 3707 eﬂmcx
683 3649 825 3721 ipsis
835 3630 1187 3713 Christianis,
1213 3645 1402 3719 Β]τίἰῦ
1423 3644 1677 3702 studium
1699 3656 1829 3715 erga
1849 3643 1983 3697 Am-

394 3743 643 3799 moniutu
665 3742 895 3797 minime
916 3740 1321 3813 approbat-urit.
1340 3737 1481 3799 Nam
1502 3736 1848 3808 exploratum
1882 3730 1985 3789 ha-

394 3839 603 3895 bebant
632 3836 1001 3903 Ammonium,
1037 3842 1153 3891 non
1184 3835 1243 3890 in
1272 3831 1559 3889 tormentis
1588 3820 1887 3893 interiisse,
1913 3842 1986 3883 ne

394 3930 679 3986 Ehristum
717 3922 984 4001 denegare
1024 3935 1345 3999 cogeretur;
1383 3923 1480 3980 sed
1510 3919 1833 3977 temeritatis
1873 3933 1987 3974 sum

396 4036 591 4094 poenas
633 4020 870 4079 dedisce.
902 4018 1172 4087 Quocirca
1207 4015 1446 4090 Cyrillns
1481 4012 1596 4083 ipse
1636 4010 1770 4066 illud
1813 4009 1988 4080 ipsius

397 4114 616 4170 facinus
667 4110 886 4169 silentis
930 4111 992 4167 in
1034 4109 1368 4168 oblivionem
1414 4101 1746 4176 pedetentim
1799 4099 1988 4155 venire

398 4221 596 4279 passus
616 4214 721 4262 est.
741 4206 812 4262 At
834 4218 907 4262 ne
928 4205 1112 4263 adhuc
1133 4199 1359 4274 quidem
1379 4194 1576 4251 acerba
1603 4193 1694 4248 illa
1714 4193 1859 4247 inter
1879 4191 1986 4263 Cy-

401 4300 589 4355 rillum
619 4307 677 4355 ct
710 4298 960 4356 Orestem
1007 4303 1263 4367 suscepta
1308 4285 1593 4346 contentio
1634 4285 1821 4340 sedata
1861 4292 1985 4339 est:

399 4392 605 4463 quippe
639 4392 747 4448 alia
786 4391 972 4447 clades
1002 4389 1134 4445 huic
1167 4398 1281 4441 non
1312 4375 1616 4442 dissimilis,
1656 4386 1820 4447 quam
1866 4390 1989 4431 sum

398 4482 509 4555 jam
533 4491 875 4548 narraturus,
899 4496 1021 4537 eam
1048 4474 1352 4535 renovavit.

2073 622 2191 669 tum
2226 621 2418 669 contra
2454 624 2575 667 eam
2604 610 2828 666 incensa
2849 618 2953 666 est.
2989 608 3205 666 Etenim
3247 625 3371 665 cum
3413 612 3697 730 (πώγωσι

2076 719 2196 730 μη...
2229 704 2422 730 Λ-,...ιΑ
2444 703 2497 730 2..
2521 702 2853 730 ιιΑὶΙιυ-..εκυκ
2877 701 3091 730 ...ηιξ-ΑΔ
3146 703 3383 730 κληηιη.
3410 702 3666 730 D..-I--:..

2073 719 2201 760 eum
2229 704 2424 761 Oreste
2444 703 2500 759 in
2519 702 2855 773 colloquium
2877 701 3113 768 veniret,
3146 703 3385 773 populus
3410 702 3668 759 Ecclesia

2072 797 2221 852 illam
2255 796 2423 866 coepit
2454 794 2772 850 insimulare
2795 792 2944 864 Quod
2969 792 3229 865 episcopo
3269 792 3337 849 ad
3368 795 3666 851 amicitiam

2071 885 2285 943 Orestis
2297 885 2759 943 reconciliandam
2780 884 2992 941 aditum
3009 886 3230 956 penitus
3244 885 3665 941 intercludebat.

2071 979 2313 1035 Proinde
2337 979 2475 1035 certi
2507 976 2782 1044 homines,
2815 977 2911 1048 qui
2943 985 3103 1033 erant
3125 987 3322 1032 natura
3347 977 3513 1048 paulo
3551 977 3665 1033 fcr-

2071 1072 2371 1138 ventiores,
2398 1071 2602 1141 quibus
2628 1068 2825 1126 Petrus
2848 1066 3050 1125 Lector
3087 1069 3141 1124 in
3173 1064 3266 1123 illa
3303 1069 3533 1125 ecclesia
3562 1068 3666 1124 du-

2073 1178 2192 1221 cem
2225 1174 2283 1221 sc
2322 1164 2579 1236 praebuit,
2618 1179 2730 1219 uno
2770 1176 3069 1228 consensu,
3112 1161 3401 1219 mulierem
3443 1160 3666 1217 domum

2074 1256 2327 1312 alicunde
2367 1255 2689 1312 redeuntem
2728 1252 3052 1322 observant;
3094 1254 3164 1310 de
3193 1268 3383 1319 curru,
3424 1268 3533 1324 quo
3568 1268 3666 1309 ve-

2074 1348 2330 1413 hebatur,
2358 1346 2657 1403 deturbant
2689 1364 2705 1401 :
2739 1346 2808 1402 ad
2848 1345 3138 1402 ecclesiam
3197 1358 3319 1415 quae
3357 1344 3666 1400 Cassareum

2074 1438 2300 1504 dicitur,
2332 1438 2557 1511 rapiunt
2587 1456 2601 1492 :
2630 1445 2962 1509 stratamque
3003 1438 3272 1503 restibus,
3305 1437 3461 1493 testis
3491 1437 3667 1493 acutis

2074 1530 2142 1586 ad
2167 1542 2360 1587 necem
2376 1544 2552 1601 usque
2575 1528 2898 1594 dilacerant,
2915 1524 3035 1600 ejus
3056 1529 3301 1585 membra
3323 1529 3663 1600 discerpunt,

2074 1622 2462 1695 discerptaque
2500 1621 2570 1677 ad
2608 1622 2791 1677 locum
2835 1620 2931 1693 qui
2973 1620 3214 1677 Cinaron
3269 1621 3472 1677 dicitur
3512 1636 3666 1677 com-

2074 1722 2316 1785 portant,
2347 1720 2513 1784 atque
2541 1711 2651 1786 igni
2674 1712 3027 1769 comburunt.
3048 1712 3163 1769 Hoc
3182 1712 3396 1769 facinus
3417 1726 3540 1767 cum
3566 1711 3670 1785 Cy-

2077 1805 2220 1872 riilo,
2246 1814 2365 1861 tum
2385 1803 2646 1861 Ecclesiae
2660 1804 3063 1870 Alexandrinae,
3084 1804 3467 1875 non.exiguam
3490 1803 3667 1858 labem

2076 1898 2311 1968 aspersit
2346 1896 2603 1952 infamiae.
2631 1892 2769 1952 Nam
2811 1892 2906 1967 qui
2941 1895 3262 1967 religionem
3299 1894 3667 1951 Christianam

2077 1985 2427 2058 proﬁtentur,
2452 2000 2485 2042 a
2504 1986 2675 2052 uade,
2695 1985 2915 2057 pugnis,
2940 1991 2996 2041 et
3020 1984 3077 2040 id
3101 1999 3273 2057 genus
3301 1984 3424 2040 aliis
3445 1983 3671 2040 omnino

2078 2074 2243 2132 alieni
2285 2091 2407 2133 esse
2436 2076 2658 2133 debent.
2693 2073 2789 2131 lia:
2818 2090 2906 2131 res
2937 2084 3103 2149 gesta:
3138 2082 3268 2132 sunt
3300 2084 3495 2147 quarto
3525 2087 3670 2130 anno

2078 2169 2431 2241 episcopatus
2448 2166 2656 2244 Cyrilli,
2684 2170 2751 2225 ad
2774 2168 3049 2225 decimum
3071 2169 3413 2225 consulatuum
3441 2165 3675 2224 Honorii

2078 2269 2137 2317 et
2159 2258 2455 2320 Theodosii
2480 2262 2795 2334 septimum,
2841 2275 3031 2318 mense
3065 2259 3280 2327 Martio,
3314 2274 3440 2316 cum
3476 2260 3671 2315 obser-

2079 2353 2355 2410 vabuntur
2381 2354 2609 2427 jejunis.
2640 2368 2662 2406 ι

2145 2447 2234 2504 ΞΒ.
2261 2445 2508 2521 Hypatite
2537 2447 2724 2518 plures
2744 2444 3004 2518 epistolas
3040 2444 3262 2516 scripsit
3285 2441 3568 2514 Synesius.
3593 2441 3672 2497 De

2080 2553 2147 2597 ea
2177 2538 2427 2612 pluribus
2444 2539 2555 2610 agit
2574 2532 2864 2604 Bai-cuius,
2897 2546 2956 2593 et
2976 2537 3162 2609 potius
3180 2531 3671 2590 Alexandrinorum

2082 2632 2273 2688 furore
2302 2646 2367 2687 ac
2403 2630 2662 2695 tumultu,
2698 2644 2863 2700 quam
2891 2628 3026 2684 cieri
3058 2625 3485 2697 conspiratione,
3522 2623 3674 2678 occi-

2084 2737 2201 2779 sam
2231 2736 2352 2778 esse
2389 2718 2686 2776 existimat.
2732 2714 2860 2776 ﬂare
2898 2728 3096 2791 quarto
3140 2732 3285 2775 anno
3324 2716 3675 2788 episcopatus

2083 2808 2269 2890 Cyrilli
2290 2812 2584 2884 contigisse
2607 2813 2774 2869 etiam
2794 2808 3139 2884 Nicephorus
3176 2811 3386 2868 scribit.
3416 2806 3595 2879 Coepit
3626 2807 3674 2863 is

2085 2913 2316 2979 quartus
2343 2916 2522 2961 annus
2543 2916 2670 2960 xvm
2691 2902 2948 2961 Octobris
2973 2904 3103 2960 anni
3133 2901 3239 2959 415
3256 2943 3272 2968 ,
3297 2900 3544 2971 adeoque
3582 2897 3675 2954 hic

2086 2996 2291 3054 mensis
2328 2995 2555 3053 Martius
2604 2994 2916 3053 necessario
2958 3003 3044 3052 est
3076 2992 3205 3050 anni
3249 2991 3532 3063 sequentis
3568 2987 3675 3045 416

2086 3084 2371 3145 consulatu
2414 3087 2609 3160 imper.
2658 3080 2954 3144 Theodosii
2990 3096 3084 3152 tu,
3139 3092 3202 3141 ut
3231 3084 3323 3141 hic
3362 3083 3585 3148 dicitur,
3618 3088 3676 3137 et

2087 3178 2348 3247 Palladii,
2377 3196 2488 3238 non
2533 3176 2761 3238 Honorii
2791 3195 2846 3236 ι.
2877 3177 3036 3251 Apud
3068 3174 3436 3248 Nicephorum
3476 3173 3676 3231 fmdius

2086 3275 2347 3330 mendum
2377 3284 2392 3329 ξ
2426 3289 2556 3330 nam
2581 3289 2706 3329 cum
2736 3282 2895 3329 antea
2922 3264 3186 3342 Cyrillum
3225 3267 3532 3339 scripsisset
3560 3265 3676 3321 ele-

2087 3374 2237 3422 ctum
2272 3380 2416 3422 anno
2447 3365 2642 3437 quinto
2665 3362 2959 3419 Theodosii
2987 3362 3207 3432 impcr.,
3231 3354 3325 3415 hic
3351 3367 3531 3414 tamen
3562 3356 3677 3429 Hy-

2087 3445 2289 3528 patium
2314 3458 2548 3513 occisam
2574 3456 2650 3510 ait
2680 3466 2825 3510 anno
2862 3461 3055 3524 quarto
3084 3452 3429 3522 episcopatus
3460 3447 3675 3521 Cyrilli,

2088 3559 2243 3606 sexto
2284 3547 2501 3620 imperii
2543 3545 2870 3612 Theodosii,
2913 3558 3040 3601 cum
3085 3541 3249 3613 hujus
3294 3547 3521 3596 octavus
3562 3538 3679 3593 fere

2088 3644 2412 3714 exspiraret.
2437 3636 2602 3698 Petro
2613 3634 2829 3695 Lectori
2855 3636 2927 3709 (ei
2946 3626 3193 3692 fortassis
3212 3631 3307 3702 qui
3331 3631 3499 3701 hujus
3514 3629 3682 3685 caedis
3765 3705 3778 3713 _

2088 3744 2281 3790 auctor
2325 3730 2585 3803 habetur)
2611 3730 2833 3802 scripsit
2863 3730 2919 3786 S.
2954 3724 3197 3784 isidorus
3236 3724 3514 3781 Pelusiota
3556 3721 3677 3792 cpi—

2090 3825 2256 3882 stolas
2288 3824 2390 3879 i7?
2415 3832 2471 3879 et
2500 3821 2623 3888 505,
2651 3821 2747 3877 lib.
2774 3836 2853 3886 ni,
2888 3828 2945 3875 et
2980 3816 3298 3889 epist.555,
3332 3817 3431 3872 lib.
3475 3830 3529 3870 ν.
3572 3812 3678 3880 Qui

2090 3916 2183 3971 alii
2210 3913 2265 3969 id
2294 3908 2507 3969 facinus
2529 3916 2938 3981 perpetrarunt,
2966 3907 3226 3962 videntur
3251 3903 3421 3961 fuisse
3438 3900 3677 3960 Parabo-

2091 4006 2222 4070 iani,
2261 4003 2347 4059 vel
2370 3998 2728 4066 i‘arabolarii,
2765 4008 2861 4056 Seu
2884 3997 3155 4065 Paraboli,
3181 3994 3276 4069 qui
3300 3993 3679 4069 aegrotantium

2091 4110 2281 4153 curam
2309 4091 2706 4165 suscipiebant,
2736 4101 2793 4148 et
2817 4101 2971 4167 peste
2999 4106 3217 4163 quoque
3242 4088 3457 4147 infectis
3478 4086 3678 4142 subve-

2091 4188 2350 4253 niebant;
2375 4186 2470 4257 qui
2506 4200 2633 4240 cum
2662 4183 2920 4255 episcopo
2965 4182 3272 4247 subesscnt,
3308 4180 3488 4237 cidem
3527 4178 3679 4234 farc-

2093 4282 2246 4345 bant,
2274 4286 2333 4335 et
2360 4276 2639 4349 negotium
2682 4274 3025 4332 lacessebant
3063 4273 3357 4347 praefectis.
3394 4270 3574 4338 Quare
3611 4268 3682 4325 de

2093 4374 2181 4430 his
2201 4387 2345 4427 anno
2364 4371 2470 4426 hoc
2493 4368 2597 4425 iis
2618 4368 2900 4440 rescripsit
2920 4349 3262 4423 Theodosius
3281 4364 3348 4420 ad
3370 4360 3683 4418 tionaxium

2094 4464 2409 4537 praefectum
2448 4463 2724 4533 praatorio,
2772 4462 2811 4516 l.
2860 4476 2986 4526 xui,
3040 4459 3117 4515 De
3148 4457 3317 4529 cpisc.
3368 4466 3425 4510 ct
3472 4452 3680 4517 cleric.,

469 4594 560 4652 27.
607 4614 627 4649 t
656 4544 1142 4665 Mulier'qutedam
1185 4596 1308 4642 erat
1352 4578 1712 4644 Alexandrina,
1755 4574 1983 4648 Hypatia

2088 4557 2225 4616 Cod.
2250 4554 2486 4623 Theod.,
2512 4555 2819 4626 prohibens
2838 4569 2910 4608 ne
2931 4550 3221 4622 coiiegium
3242 4546 3379 4604 illud
3391 4544 3686 4602 excederet

401 4698 618 4761 vocata,
643 4687 755 4744 tilia
778 4684 1021 4743 Theonis
1055 4675 1388 4753 philosophi.
1424 4673 1552 4730 Haec
1583 4681 1763 4727 tantos
1802 4670 1860 4761 in
1896 4666 1989 4723 lit-

404 4760 539 4838 teris
558 4779 1043 4853 fecitprogressus,
1068 4780 1130 4827 ut
1151 4778 1341 4825 omnes
1363 4763 1718 4838 philosophos
1739 4760 1823 4818 sui
1852 4768 1990 4853 tem-

405 4876 556 4947 poris
586 4852 745 4945 longe
771 4876 1089 4942 superaret:
1115 4877 1182 4918 ac
1205 4877 1317 4917 non
1342 4857 1506 4915 modo
1530 4857 1585 4913 in
1609 4855 1847 4912 scholam
1874 4852 1994 4908 Pla-

308 4974 313 4979 '
406 4966 675 5035 tonicam.
714 4980 745 5023 a
793 4959 1007 5021 Plotina
1052 4954 1367 5035 deductam,
1419 4949 1756 5011 succederet,
1801 4961 1991 5004 verum

406 5059 575 5115 etiam
607 5071 800 5114 omnes
831 5046 1281 5122 philosophorum
1318 5043 1564 5099 omnium
1601 5036 1995 5113 prmeeptiones

407 5158 465 5208 et
495 5142 816 5219 disciplinas
854 5138 1115 5195 omnibus
1178 5137 1274 5208 qui
1320 5150 1443 5192 earn
1486 5134 1679 5191 audire
1715 5133 1992 5196 volebant,

407 5242 726 5316 explicaret.
757 5234 1103 5303 Quapropter
1123 5236 1394 5302 quotquot
1422 5227 1781 5300 philosophiae
1811 5223 2001 5281 studio

411 5331 869 5396 inCcndebantur,
889 5321 1137 5395 undique
1154 5322 1226 5379 ad
1252 5320 1402 5378 illam
1433 5320 1803 5378 conﬂuebant.
1827 5318 1998 5386 Quin-

411 5428 578 5484 etiam
601 5424 829 5492 propter
853 5424 1073 5487 gravem
1094 5414 1267 5471 animi
1287 5412 1589 5478 ﬁdentiam,
1607 5424 1770 5485 quam
1797 5426 1864 5467 ex
1894 5408 1997 5465 do-

412 5513 609 5571 etriiue
657 5506 901 5562 fontibus
951 5505 1208 5562 hauserat
1230 5548 1244 5571 ,
1304 5507 1472 5562 etiam
1525 5506 1583 5560 in
1641 5511 1996 5573 conspectum

413 5600 731 5675 principum
759 5612 974 5654 sumam
1014 5602 1138 5654 cum
1172 5598 1437 5654 modestia
1468 5596 1655 5653 venire
1691 5612 1803 5650 non
1835 5592 1999 5649 dulii-

416 5694 569 5751 ta'tit.
598 5692 786 5763 Neque
805 5693 950 5749 illam
982 5693 1223 5765 pudebat
1241 5692 1298 5746 in
1318 5688 1553 5747 mediam
1583 5687 1866 5743 hominum
1891 5685 1999 5740 frc-

415 5786 695 5858 quentiam
728 5785 969 5856 prodire.
1003 5785 1206 5842 Omnes
1228 5782 1375 5838 enim
1404 5794 1544 5843 eam,
1576 5779 1646 5834 ob
1672 5777 2000 5849 singularem

384 5864 585 5936 animi
631 5878 1080 5949 moderationem,
1135 5889 1259 5931 cum
1303 5871 1608 5929 reverentia
1658 5870 1891 5942 quadam
1948 5877 2000 5923 et

2090 4658 2385 4705 nutrierunt
2410 4645 2871 4718 quingentorum;
2898 4641 3233 4711 eosdemque
3249 4640 3451 4711 iubens
3481 4651 3594 4691 non
3615 4650 3689 4689 ex

2091 4738 2363 4796 divitibus
2386 4736 2485 4795 sed
2510 4735 2849 4807 pauperibus
2881 4732 3019 4806 legi;
3044 4745 3153 4788 nec
3179 4731 3352 4786 ollam
3386 4726 3541 4782 adire
3574 4740 3684 4794 pu-

2091 4833 2299 4891 blicum
2334 4830 2733 4904 spectaculum,
2772 4835 2870 4885 aut
2896 4825 2967 4881 ad
3003 4824 3215 4880 curiam
3254 4819 3539 4884 accedere,
3578 4815 3687 4873 uisi

2092 4924 2356 4996 singulos,
2395 4932 2452 4979 et
2482 4929 2713 4993 urgente
2759 4918 3103 4976 necessitate.
3153 4912 3453 4984 Rescripsit
3487 4920 3676 4966 tamen

2092 5028 2286 5091 postea
2304 5018 2343 5072 l.
2373 5033 2529 5081 xum,
2554 5015 2783 5080 ibidem,
2806 5021 2873 5069 ut
2892 5024 3091 5069 eorum
3111 5016 3290 5065 coetus
3305 5007 3377 5062 ad
3397 5014 3690 5091 sexcentos

2093 5085 2283 5185 posset
2312 5108 2652 5180 antpliticari,
2695 5107 2898 5179 quibus
2926 5105 2985 5159 in
3005 5102 3263 5158 omnibus
3288 5105 3547 5170 praeesset
3568 5085 3693 5167 epi-

2096 5214 2297 5275 super
2331 5197 2768 5265 alexandriam;
2795 5208 2925 5252 nam
2951 5192 3260 5250 etclericos
3288 5190 3528 5279 appellat
3553 5205 3566 5242 :
3591 5190 3688 5243 sed

2095 5294 2329 5352 minoris
2354 5293 2567 5355 crdhis
2591 5293 2987 5361 interpretatur
3014 5284 3283 5340 Bsronius
3300 5298 3393 5339 an.
3415 5282 3548 5338 Chr.
3584 5281 3692 5336 416

2098 5389 2155 5444 in
2194 5388 2322 5442 line.
2368 5383 2743 5441 illcﬂidetur
2775 5379 3083 5450 respexisse
3121 5376 3365 5432 Isidorus
3412 5364 3689 5428 Pelusiota

2097 5480 2197 5535 lib.
2227 5495 2283 5543 ν,
2310 5478 2475 5547 epist.
2502 5475 2629 5541 eos,
2652 5472 2733 5529 Ad
2754 5471 2812 5528 s.
2840 5470 3123 5544 cgnitum,
3144 5477 3203 5525 et
3235 5468 3395 5538 epist.
3436 5463 3564 5527 s78,
3604 5464 3692 5518 Ad

2099 5571 2339 5632 Pam,
2378 5569 2661 5638 disputans
2687 5580 2756 5621 an
2784 5565 2934 5636 regia
2966 5567 3208 5634 potestas
3258 5558 3465 5613 clerum
3502 5556 3559 5609 in
3591 5568 3689 5609 or-

2101 5662 2286 5717 dinem
2304 5658 2551 5730 redigere
2581 5657 2768 5727 possit.

2170 5773 2261 5829 29.
2314 5770 2650 5842 Sublicimus
2709 5783 2831 5838 quae
2886 5769 2942 5823 in
2997 5761 3303 5820 reVocando
3358 5755 3690 5815 anachoreta

2104 5863 2360 5937 quodam,
2394 5861 2513 5915 viro
2557 5865 2767 5923 sancto,
2813 5857 2908 5911 scd
2949 5854 3015 5910 ad
3054 5851 3300 5908 haeresim
3346 5846 3686 5920 prolabentc,
