3998 6304
1863 354 1920 410 S.
1963 354 2241 410 CYRILLI
2283 356 2464 412 VITA.
3718 363 3786 418 24

883 493 940 519 δι
969 467 1166 535 ινηιίιιί
1214 480 1531 537 magnarum
1570 467 1783 522 sedium
1815 469 2088 524 antistites
2119 475 2159 528 A
2256 468 2344 522 56.
2385 469 2610 533 Verum,
2636 479 2696 525 ut
2715 484 2838 527 mox
2862 471 3144 543 subjungit
3177 472 3322 528 idem
3339 473 3597 545 Cyrillus,
3627 496 3645 526 ι
3675 477 3785 531 ele-

503 591 558 614 ιιι
587 596 668 615 ου..
685 606 693 612 .
711 577 743 615 o
771 561 898 616 albo
936 570 1362 630 proposuerunt.

563 653 653 707 35.
688 672 706 702 ε
758 653 842 707 Illi
885 668 1018 709 vero
1057 654 1242 709 minus
1285 669 1415 710 vere
1447 655 1632 711 dicere
1675 657 1952 721 videntur,
1997 657 2092 727 qui

496 747 760 817 Cyrillum
785 747 962 802 libros
1009 747 1150 802 alios
1175 747 1358 819 magni
1383 747 1563 803 Patris
1581 747 1884 804 abolevisse
1910 749 2094 818 perhi-

498 837 651 892 bent.
680 837 816 892 Nam
856 839 901 892 si
931 853 1039 908 qua
1063 837 1266 909 scripta
1296 839 1417 910 ejus
1449 840 1716 896 abolenda
1757 849 1934 903 erant,
1977 840 2094 894 haec

498 945 620 998 quze
650 930 831 985 adhuc
865 938 1112 996 exstant,
1143 931 1289 1000 quod
1326 932 1617 1001 consilium
1645 929 2100 1002 institutumque

497 1020 620 1088 ejus
641 1021 698 1073 in
726 1020 808 1075 eis
827 1021 1062 1077 maxime
1091 1036 1411 1092 expressum
1441 1033 1545 1089 est,
1572 1023 1776 1078 abolita
1813 1023 2094 1094 oportuis-

499 1122 620 1178 set;
651 1113 758 1167 nisi
782 1114 928 1169 Deus
957 1114 1210 1170 utilitatis
1237 1115 1522 1194 hominum
1557 1132 1746 1171 curam
1778 1133 1994 1187 gerens,
2029 1132 2095 1170 ea

493 1213 900 1261 conservasset.
929 1205 1044 1263 Hoc
1063 1221 1188 1260 cum
1209 1206 1263 1260 in
1286 1221 1486 1262 arcana
1524 1207 1730 1263 Nicetaz
1747 1208 2092 1277 Philosophi,

501 1294 598 1363 qui
621 1304 676 1349 et
703 1295 876 1350 David
900 1295 1082 1351 dictus
1103 1296 1482 1360 est,llistoria,
1515 1307 1572 1353 et
1602 1297 1748 1368 apud
1781 1298 1919 1353 alios
1964 1298 2094 1353 item

503 1385 828 1452 invenerim,
861 1387 1016 1458 Operi
1037 1386 1178 1460 huic
1205 1403 1328 1446 meo
1358 1388 1707 1446 inserendum
1733 1405 1854 1446 esse
1877 1405 2098 1460 quoque

501 1475 632 1530 duxi
665 1494 678 1530 :
713 1492 781 1532 ne
806 1479 898 1532 cui
927 1477 1206 1548 ambigere
1236 1478 1291 1532 in
1319 1489 1560 1534 mentem
1583 1480 1789 1544 veniat,
1819 1479 2098 1549 quomodo

501 1577 655 1622 tanta
675 1567 990 1633 luminaria,
1031 1568 1350 1633 inimicitias
1375 1579 1594 1626 mutuas
1623 1569 1956 1634 exercentia,
1979 1585 2098 1623 am-

428 1651 437 1659 ’
501 1659 576 1715 bo
597 1660 664 1715 ad
689 1675 960 1717 summam
991 1662 1336 1725 sanctitatem
1370 1663 1742 1733 pervenerint,
1764 1673 1821 1718 et
1841 1662 2100 1718 Ecclesia:

2195 572 2317 623 ctus
2341 579 2427 622 est
2460 576 2522 621 ut
2551 566 2689 628 ovis,
2727 565 2824 620 sed
2851 566 3109 621 inventus
3135 577 3222 621 est
3249 577 3311 620 ut
3339 568 3537 637 lupus;
3579 578 3642 623 ut
3671 572 3786 623 sin-

2193 675 2355 715 cerus
2385 658 2670 727 fidelisque
2702 657 2960 721 famulus,
2986 656 3084 711 sed
3112 657 3306 713 dilexit
3333 658 3647 727 oppositum
3671 677 3686 727 ;
3729 670 3787 718 ut

2195 752 2440 805 uvarum’
2455 749 2605 805 ferax
2630 751 2810 813 vinea,
2831 749 2926 803 sed
2942 750 3097 818 juxta
3112 748 3428 820 Scripturas
3447 749 3632 819 Spinas
3660 766 3787 821 pro-

2198 844 2351 910 tulit;
2373 851 2437 897 ut
2468 841 2776 897 industrius
2799 838 3063 909 agricola,
3090 838 3188 893 sed
3209 838 3500 893 insidiatus
3527 848 3614 894 est
3636 855 3785 909 agro:

2195 945 2259 991 ut
2279 936 2459 991 bonus
2487 934 2727 1004 denique
2764 941 2974 1002 pastor,
3001 930 3098 985 sed
3137 930 3448 1000 agrestibus
3485 929 3621 986 feris
3652 931 3787 986 eﬂ'e-

2196 1027 2368 1082 ratior
2387 1024 2580 1080 evasit.
2613 1043 2632 1075 »
2668 1022 2874 1094 Cyrillo
2897 1021 3253 1077 consentiens
3288 1020 3612 1077 Vincentius
3642 1021 3785 1075 Liri-

2197 1117 2404 1182 nensis,
2454 1116 2652 1172 horum
2691 1123 3000 1184 temporum
3051 1114 3310 1184 scriptor,
3357 1114 3667 1186 ingemiseit
3717 1113 3786 1168 ob

2198 1206 2514 1261 scandalum
2548 1205 2807 1260 Ecclesiae
2839 1219 2937 1273 per
2963 1204 3276 1258 Nestorium
3312 1203 3545 1260 illatum.
3587 1225 3606 1256 1
3647 1205 3788 1271 Qua-

2197 1302 2304 1355 lem
2335 1299 2521 1364 fuisse,
2552 1318 2570 1348 ι
2613 1297 2811 1367 inquit,
2845 1316 2865 1346 ι
2906 1312 3082 1366 nuper
3115 1297 3470 1352 tentationem
3510 1308 3784 1368 putamus,

2199 1408 2324 1445 cum
2356 1391 2545 1446 infelix
2578 1390 2669 1445 ille
2699 1388 3003 1452 Nestorius,
3034 1388 3218 1443 subito
3247 1403 3317 1443 ex
3355 1403 3458 1442 ove
3493 1403 3789 1443 conversus

2202 1485 2256 1538 in
2290 1487 2502 1554 lupum,
2544 1496 2764 1552 gregem
2793 1479 2997 1534 Christi
3048 1480 3295 1536 lacerare
3329 1481 3625 1549 ccepisset?
3666 1496 3789 1534 cum

2203 1576 2257 1630 hi
2283 1576 2407 1645 ipsi,
2431 1574 2526 1645 qui
2545 1573 2902 1637 rodebantur,
2937 1588 3007 1627 ex
3026 1587 3221 1643 magna
3247 1571 3428 1626 adhuc
3456 1582 3610 1641 parte
3633 1587 3790 1626 ovem

2203 1666 2513 1731 crederent,
2559 1665 2794 1734 ideoque
2836 1663 3116 1718 morsibus
3155 1664 3276 1734 ejus
3309 1663 3484 1733 magis
3519 1672 3789 1732 paterent.

503 1751 774 1807 columnae
811 1751 1148 1819 exstiterint,
1183 1753 1488 1810 inimicitiis
1527 1753 1840 1825 huiusmodi
1885 1755 2097 1808 nullum
2200 1759 2338 1814 Nam
2392 1757 2518 1828 quis
2557 1770 2686 1811 eum
2735 1755 2894 1810 facile
2950 1769 3138 1808 errare
3193 1753 3580 1817 arbitraretur,
3629 1769 3794 1822 quem

503 1843 726 1899 illorum
753 1844 942 1916 gloriae
967 1845 1358 1902 detrimentum
1377 1845 1756 1903 aiferentibus.
1793 1866 1812 1899 ι

781 1956 809 2028 §
845 1959 958 2014 VII.
999 1959 1230 2015 Heresis
1251 1959 1573 2015 Nestoriana
1599 1961 1823 2014 detecta.

573 2048 886 2105 54.1Attico
903 2049 1015 2105 vita
1031 2051 1220 2106 functo
1247 2051 1514 2107 successit
1544 2051 1838 2117 Sisinnius,
1868 2059 1992 2122 post
2008 2066 2103 2105 cu-

500 2143 591 2213 jus
609 2151 895 2208 mortem,»
920 2142 1372 2213 inquitSocrates
1388 2144 1484 2199 lib.
1507 2159 1599 2209 vn,
1617 2158 1738 2214 cap.
1760 2142 1850 2208 29,
1881 2163 1899 2196 ‹
1921 2143 2102 2198 visum

503 2240 590 2288 est
622 2232 963 2304 imperaturi,
992 2241 1221 2304 propter
1243 2233 1498 2288 homines
1519 2233 1768 2288 inanium
1790 2245 1976 2288 rerum
2003 2247 2102 2302 ap—

503 2335 777 2396 petentes,
802 2327 1081 2383 nemincm
1106 2327 1292 2384 exilia
1319 2327 1567 2383 Ecclesia
1593 2327 1748 2396 (licet
1773 2327 1932 2382 multi
1971 2327 2102 2382 Phi-

506 2416 743 2487 lippum,
777 2418 1096 2488 complures
1134 2418 1392 2474 Proclum
1433 2419 1779 2491 designatum
1815 2419 2102 2490 cuperent)

505 2510 577 2564 ad
599 2508 980 2580 episcopatum
1015 2509 1174 2572 illum
1193 2511 1399 2581 eligere
1431 2528 1445 2564 :
1479 2510 1574 2566 sed
1611 2512 1873 2566 advenam
1908 2512 2103 2566 Antio-

507 2599 634 2654 chia
667 2615 950 2657 accersere
981 2601 1288 2658 constituit.
1336 2601 1468 2661 Erat
1493 2616 1729 2672 namque
1767 2602 1879 2656 illic
1905 2601 2102 2656 Nesto-

509 2691 630 2746 rius
649 2706 718 2746 ex
729 2688 1055 2748 Germanica
1072 2691 1363 2758 oriundus,
1382 2706 1516 2747 voce
1533 2692 1856 2762 cumprimis
1879 2707 2102 2758 sonora,

496 2786 806 2856 linguaque
835 2783 1078 2840 diserta:
1110 2792 1167 2842 et
1192 2784 1263 2840 ob
1295 2799 1418 2840 eam
1451 2799 1693 2849 causam,
1735 2792 1992 2854 tanquam
2036 2782 2103 2838 ad

511 2875 824 2935 docendum
879 2876 1144 2947 populum
1181 2873 1480 2932 admodum
1526 2875 1993 2941 accommodatus,
2035 2875 2104 2929 de

511 2971 736 3026 illorum
763 2969 1039 3026 sententia
1063 2968 1386 3024 accersitur.
1419 2967 1707 3024 Trimestri
1733 2968 1898 3038 igitur
1927 2969 2104 3038 Spatio

512 3077 813 3134 percurso,
877 3060 1171 3117 Antiochia
1206 3058 1738 3130 ConstantinOpolim
1809 3059 2105 3115 deducitur

2134 1830 2175 1886 Β
2208 1859 2360 1906 tanto
2389 1848 2734 1906 sacerdotum
2785 1847 2968 1902 studio
3007 1855 3359 1916 persecutum
3395 1844 3648 1900 videret?
3677 1846 3795 1914 qui,

2203 1960 2328 2000 cum
2360 1957 2558 2013 magno
2578 1951 2894 1998 sanctorum
2923 1956 3131 2004 amore,
3154 1953 3368 1994 summo
3399 1939 3586 2009 pepuli
3611 1939 3798 1994 favore

2203 2035 2607 2099 celebraretur,
2641 2032 2890 2102 quotidie
2926 2031 3105 2101 palam
3144 2030 3331 2085 divina
3370 2029 3642 2084 tractabat
3677 2029 3799 2082 elo-

2204 2127 2353 2197 quia,
2381 2135 2438 2181 et
2462 2125 2660 2180 noxios
2690 2139 2910 2194 quoque
2945 2122 3260 2177 Judazorum
3301 2131 3468 2190 atque
3498 2119 3801 2175 Gentilium

2205 2217 2526 2274 confutabat
2569 2215 2821 2272 errores?
2863 2214 2982 2280 Quo
3031 2212 3250 2266 tandem
3294 2212 3444 2280 justo
3484 2209 3648 2265 modo
3687 2225 3801 2266 non

2206 2311 2382 2366 cuivis
2401 2310 2562 2366 fidem
2577 2309 2784 2364 faceret
2805 2322 2863 2362 se
2889 2315 3038 2360 recta
3057 2305 3278 2369 docere,
3297 2311 3447 2359 recta
3471 2302 3800 2373 praedicare,

2207 2413 2360 2460 recta
2390 2403 2594 2459 sentire
2616 2441 2632 2468 ,
2665 2400 2763 2470 qui
2794 2408 2855 2454 ut
2881 2397 2978 2452 uni
3011 2396 3211 2452 haeresi
3242 2411 3355 2452 suae
3392 2395 3603 2450 aditum
3641 2405 3803 2464 pate-

2204 2499 2432 2560 faceret,
2480 2504 2805 2573 cunctarum
2831 2493 3116 2548 haereseon
3148 2488 3516 2560 blasphemias
3557 2488 3806 2542 insecta-

2200 2589 2334 2645 batu
2344 2588 2421 2643 r?»
2454 2597 2562 2646 etC.

2274 2705 2363 2758 57.
2392 2704 2468 2759 De
2499 2702 2617 2773 ipsa
2665 2701 2786 2773 ejus
2809 2699 3023 2765 hancsi,
3043 2697 3318 2768 huiusque
3362 2693 3601 2751 strenuis
3619 2705 3809 2763 oppu-

2205 2792 2543 2866 gnatoribus,
2585 2791 2658 2846 ita
2707 2790 2898 2862 paucis
2941 2789 3178 2858 Prosper
3235 2786 3289 2840 in
3331 2784 3606 2847 Chronico,
3651 2795 3812 2838 coss.

2206 2885 2386 2939 Tauro
2408 2891 2466 2939 et
2491 2883 2692 2947 Felice,
2719 2895 2862 2935 anno
2881 2879 3013 2935 Chr.
3033 2878 3160 2933 4‘28:
3188 2895 3205 2928 ι
3229 2874 3515 2931 Nestorius
3533 2871 3810 2934 Constan-

2208 2975 2602 3046 tinopolitanus
2622 2973 2914 3045 episcopus
2935 2985 3140 3026 novum
3173 2965 3436 3024 Eeelesiis
3464 2963 3692 3019 molitur
3712 2978 3816 3017 er-

2207 3084 2389 3123 rorem
2447 3067 2746 3132 inducere,
2800 3063 3106 3136 praedicans
3165 3059 3448 3117 Christum
3511 3071 3581 3112 ex
3631 3055 3815 3110 Maria

511 3155 830 3221 Nestorius;
857 3154 953 3226 qui
977 3168 1290 3225 quanquam
1335 3169 1368 3208 a
1386 3152 1663 3223 plerisque
1695 3152 1768 3211 ob
1793 3162 2105 3222 temperan-
2131 3170 2174 3228 ο
2209 3162 2488 3216 ho'minem
2519 3170 2753 3223 tantum,
2777 3167 2834 3212 et
2858 3171 2969 3210 non
2993 3156 3188 3218 Deum,
3217 3161 3430 3216 natum,
3465 3149 3626 3218 eique
3653 3147 3818 3200 Divi-

514 3249 645 3303 tiam
664 3247 826 3303 laude
845 3257 903 3303 et
918 3246 1308 3318 praedicatione
1335 3245 1689 3310 efferebatur,
1715 3254 1895 3299 tamen
1917 3243 2108 3313 quales

515 3349 782 3410 praetcrea
810 3340 931 3410 ejus
969 3353 1152 3394 mores
1183 3337 1410 3403 fuerint,
1435 3337 1648 3408 primus
1671 3335 1820 3391 illius
1846 3334 2108 3390 doctrinte

513 3449 744 3488 exorsus
783 3431 1146 3502 prudentibus
1175 3430 1313 3486 viris
1343 3431 1477 3486 satis
1511 3429 1929 3485 demonstravit.
1973 3426 2108 3481 Nam

515 3525 680 3580 simul
713 3540 779 3601 ac
806 3524 1100 3595 episcOpus
1147 3540 1198 3579 Iv
1240 3523 1370 3579 ldus
1411 3522 1616 3592 Aprilis
1663 3521 1954 3575 ordinatus
1983 3518 2107 3584 iuit,

517 3617 699 3672 Felice
720 3627 778 3672 et
790 3617 973 3672 Tauro
995 3631 1164 3683 coss,
1183 3615 1478 3686 extemplo,
1499 3629 1626 3670 cum
1639 3613 1944 3668 orationem
1966 3611 2112 3681 apud

521 3711 916 3781 imperatorem
946 3710 1195 3776 haberet,
1219 3709 1362 3764 hanc
1382 3705 1733 3771 sententiam,
1764 3719 1886 3774 quae
1926 3702 2114 3758 multis

519 3805 578 3858 in
600 3819 698 3859 ore
719 3811 824 3868 est,
849 3818 1034 3859 coram
1060 3803 1322 3858 uni-verso
1342 3799 1549 3870 populo
1587 3796 1820 3873 protulit
1847 3813 1864 3850 :
1899 3794 2051 3858 Mihi,
2077 3809 2114 3849 ο

520 3897 841 3966 imperator,
869 3905 1074 3951 terram
1100 3895 1374 3951 haereticis
1403 3902 1464 3948 tu
1489 3901 1774 3963 purgatam
1813 3889 2013 3952 tribue,
2058 3897 2116 3942 et

519 3988 744 4059 egotibi
770 3988 970 4044 coelum
1008 3987 1346 4044 retribuam:
1393 3993 1450 4039 tu
1489 3983 1625 4038 mihi
1666 3984 1719 4038 in
1762 3978 2116 4053 proﬂigandis

495 4079 798 4136 haereticis
824 4078 1074 4145 subveni,
1106 4088 1162 4135 et
1185 4092 1288 4148 ego
1321 4076 1424 4132 tibi
1447 4075 1502 4130 in
1538 4072 1896 4145 proﬂigandis
1933 4069 2117 4127 Persis

521 4171 867 4228 subveniam.
903 4190 922 4223 ι

593 4263 682 4318 55.
711 4264 1042 4319 Praeclarum
1080 4261 1322 4319 Nestorii
1358 4259 1598 4324 initium,
1624 4258 1758 4313 licet
1781 4265 1972 4328 pergat
1998 4256 2120 4326 plu-

523 4355 682 4410 ribus
723 4355 1016 4426 suggillare
1045 4353 1334 4416 Socrates,
1362 4361 1421 4408 et
1457 4351 1574 4421 ipse
1612 4351 1779 4404 homo
1804 4347 2116 4410 haereticus,

521 4443 824 4500 laudarunt
854 4443 1184 4502 Ctelestinus
1239 4456 1380 4511 papa
1423 4447 1481 4494 et
1515 4437 1771 4510 Cyrillus,
1805 4436 2006 4492 litteris
2049 4435 2120 4492 ad

2207 3253 2436 3308 nitatem
2467 3253 2716 3308 collatam
2748 3263 2869 3305 esse
2908 3261 3010 3318 pro
3067 3245 3286 3300 merito.
3331 3243 3475 3298 Huic
3531 3237 3818 3309 impietati

2209 3347 2483 3417 praecipue
2515 3344 2702 3416 Cyrilli
2739 3339 3096 3397 Alexandrini
3126 3337 3367 3407 episcopi
3409 3332 3714 3396 industria,
3753 3342 3822 3386 ct

2210 3452 2364 3508 papa:
2398 3433 2679 3491 C(elestini
2719 3439 2987 3502 repugnat
3013 3427 3334 3483 auctoritas.
3375 3445 3392 3476 ι
3437 3424 3593 3480 Unde
3623 3423 3818 3478 haere-

2211 3530 2287 3585 sis
2325 3528 2415 3584 illa
2451 3523 2792 3597 proﬂuxerit,
2834 3530 3087 3576 accurate
3127 3517 3372 3587 disputat
3416 3515 3686 3570 Baronius
3735 3515 3816 3569 ad

2211 3622 2465 3680 eumdem
2495 3634 2699 3675 annum
2736 3633 2889 3672 num.
2918 3614 2988 3670 ὅθ
3039 3623 3098 3670 et
3121 3610 3501 3682 sequentibus.
3543 3609 3656 3664 Nos
3686 3623 3823 3663 sce—

2212 3711 2528 3768 leratissimi
2576 3709 2925 3780 sycophantae
2971 3703 3216 3760 fallacias
3250 3718 3282 3756 a
3321 3700 3524 3772 Cyrillo
3563 3699 3825 3753 detectas

2213 3786 2950 3874 prosequamurfNestorius
2993 3795 3182 3866 igitur,
3221 3794 3370 3864 jacto
3412 3790 3824 3847 Constantino—

2215 3895 2326 3965 poli
2348 3891 2556 3948 erroris
2573 3889 2769 3944 nefarii
2800 3888 3010 3944 semine
3031 3884 3455 3955 haudquaquam
3489 3891 3824 3948 contentus,

2203 3993 2279 4039 'ut
2321 3999 2451 4038 eum
2496 3981 2661 4036 latius
2711 3989 3012 4051 spargeret,
3062 3977 3280 4032 libellos
3329 3975 3546 4030 occulto
3589 3987 3829 4029 veneno

2216 4075 2456 4132 suffusos
2499 4089 2598 4143 per
2639 4081 2856 4127 exteras
2905 4085 3125 4140 quoque
3168 4083 3298 4122 oras
3341 4065 3600 4136 vulgavit,
3641 4072 3830 4133 atque

2218 4165 2284 4221 ad
2341 4165 2490 4235 ipsos
2535 4161 2752 4233 IEgypti
2808 4161 3106 4216 monachos
3160 4159 3348 4224 misit;
3402 4158 3541 4212 nihil
3591 4172 3651 4214 se
3697 4158 3831 4213 nisi

2217 4273 2287 4319 ex
2316 4255 2522 4312 Nieaeni
2563 4253 2782 4311 concilii
2817 4252 3140 4322 praescripto
3173 4252 3392 4316 docere,
3426 4248 3832 4305 fraudulenter

2215 4348 2495 4423 jactitans.

2292 4441 2382 4498 58.
2409 4440 2616 4516 Horum
2651 4453 2816 4496 causa
2848 4451 3058 4508 magnae
3092 4435 3237 4490 inter
3260 4434 3476 4506 Egypti
3511 4434 3837 4492 monachos

493 4575 498 4579 -
524 4536 704 4607 ipsum
724 4535 1041 4592 Nestorium
1059 4533 1235 4590 datis:
1258 4532 1354 4587 hic
1372 4546 1598 4588 suarum
1623 4528 1874 4584 meminit
1897 4528 1956 4584 in
1977 4543 2110 4599 apo-
2137 4528 2182 4585 D
2215 4536 2464 4592 excitatae
2482 4541 2612 4589 sunt
2631 4531 2825 4593 turbae,
2845 4529 2910 4585 ad
2932 4543 3068 4598 quas
3091 4526 3362 4583 sedandas
3377 4525 3634 4597 Cyrillus,
3655 4540 3838 4580 acer-

523 4627 762 4699 logetica
819 4627 1056 4699 epistola
1117 4625 1186 4683 ad
1249 4622 1622 4681 Theodosium
1701 4620 2111 4691 imperatorem,
2154 4621 2160 4626 ’

495 4763 498 4765 λ
526 4733 677 4778 temo
712 4723 754 4779 ν
783 4723 982 4778 concil.
1010 4717 1291 4790 Ephesini,
1313 4731 1436 4786 cap.
1460 4714 1514 4768 2.
1548 4733 1567 4766 ε
1600 4714 1823 4770 Electus
1845 4722 1950 4781 est,
1981 4735 2000 4768 ι
2032 4715 2118 4772 in-

525 4815 668 4885 quit,
700 4833 718 4866 c
751 4813 1040 4870 Nestorius
1062 4821 1321 4878 tanquam
1350 4804 1665 4876 apostolicae
1680 4805 2116 4876 evangelicaeque

491 4946 496 4949 _
525 4907 793 4965 (ιοοιτίηω
823 4918 1006 4976 prmo
1036 4899 1310 4972 egregius,
1361 4898 1857 4968 promovendaeque
1897 4898 2119 4968 pietatis

525 5000 725 5056 artifex
755 4996 1007 5067 insignis,
1032 4999 1251 5047 necnon”
1269 4999 1527 5060 tanquam
1570 4992 1618 5047 is
1646 4991 1754 5061 qui
1781 4991 1840 5046 in
1864 4998 2013 5046 recta
2036 4991 2118 5046 in-

525 5091 858 5162 culpataque
891 5083 998 5140 ﬁde
1036 5080 1296 5152 praeclare
1335 5087 1485 5136 esset
1532 5079 1811 5135 fundatus.
1863 5078 1934 5133 Et
1973 5079 2120 5148 ejus-

527 5181 680 5238 modi
713 5180 862 5235 hunc
886 5173 1166 5234 hominem
1195 5187 1316 5250 esse
1345 5172 1602 5243 cupiebat
1628 5180 1813 5228 vestra
1840 5170 2116 5241 majestas,

527 5266 886 5337 universique
903 5273 1220 5337 sanctarum
1247 5263 1617 5321 Eeelesiarum
1636 5261 1921 5334 praesides,
1939 5271 1998 5316 et
2018 5275 2119 5331 ego

529 5367 650 5435 ipse
669 5373 912 5430 quoque.
945 5358 1086 5416 Sane
1115 5372 1242 5413 cum
1271 5357 1340 5412 de
1368 5355 1518 5412 illius
1535 5354 1881 5411 ordinatione
1908 5353 2121 5410 litteras

530 5473 561 5510 a
586 5451 850 5524 piissimis
872 5451 1148 5523 episcopis
1190 5450 1260 5506 ad
1295 5451 1403 5505 hoc
1443 5447 1730 5504 destinatis
1763 5446 2117 5517 accepissem,

532 5543 672 5602 nihil
704 5544 832 5600 mali
862 5544 1192 5615 suspicatus,
1218 5542 1329 5597 imo
1349 5553 1483 5595 vero
1510 5537 1744 5594 laudans
1767 5546 1826 5593 et
1851 5536 2118 5608 gaudens,

534 5641 724 5711 illique
753 5646 1010 5712 tanquam
1043 5635 1201 5694 fratri
1237 5642 1295 5689 et
1319 5633 1698 5689 comministro
1735 5631 1941 5702 optima
1969 5646 2120 5701 qua:-

534 5750 642 5806 que
677 5749 776 5804 per
804 5733 1046 5788 divinam
1077 5727 1467 5787 liberalitatem
1507 5723 1794 5795 obtingere
1836 5734 2118 5794 exoptans,

535 5826 816 5902 rescripsi.
858 5846 878 5882 ι

2221 4629 2396 4684 rimus
2431 4623 2754 4680 orthodoxae
2793 4619 2924 4676 ﬁdei-
2955 4636 2988 4675 a
3021 4620 3134 4675 Deo
3163 4619 3375 4674 electus
3413 4625 3839 4687 propugnator,

2222 4733 2350 4775 mox
2386 4733 2445 4773 se
2473 4713 2728 4778 accinxit,
2755 4722 2815 4768 et
2841 4727 2971 4768 cum
3007 4711 3228 4767 schedis
3283 4724 3405 4778 qua:
3436 4708 3505 4763 de
3527 4723 3592 4762 ea
3618 4723 3678 4762 re
3707 4711 3842 4764 sub

2220 4810 2445 4867 nomine
2479 4805 2719 4864 Nestorii
2758 4804 3100 4868 ferebantur,
3148 4816 3342 4873 parum
3391 4798 3518 4855 ﬁdei
3559 4799 3841 4867 haberet,

2222 4903 2526 4972 prudenter
2551 4898 2624 4953 ab
2649 4897 2773 4968 ejus
2793 4895 3019 4950 nomine
3046 4891 3333 4970 abstinuit.
3368 4890 3607 4946 Primam
3645 4889 3851 4958 igitur

2223 4991 2508 5062 epistolam
2537 4987 2731 5043 scribit
2751 4985 2818 5040 ad
2855 4986 3002 5055 ipsos
3028 4983 3345 5045 monachos,
3381 4981 3473 5036 ubi
3501 4981 3644 5035 inter
3665 4980 3796 5038 alia
3829 5003 3848 5037 :

2193 5133 2196 5138 .
2233 5103 2254 5136 ε
2287 5082 2466 5138 Audio
2495 5080 2745 5136 exitiales
2775 5077 3040 5148 quosdam
3065 5089 3316 5129 rumores
3337 5073 3481 5126 inter
3511 5087 3609 5130 vos
3627 5087 3856 5141 prose—

2227 5175 2484 5238 minatos,
2517 5170 2813 5226 nonnullos
2833 5180 3053 5236 quoque
3084 5164 3368 5227 oberrare,
3401 5163 3498 5232 qui
3536 5161 3850 5219 sinceram

2226 5273 2466 5320 vestram
2513 5261 2677 5316 ﬁdem
2709 5255 2964 5314 demoliri
3007 5253 3297 5320 studeant,
3337 5262 3394 5310 et
3428 5252 3673 5308 inanium
3713 5268 3848 5316 vo.

2227 5355 2551 5414 cabulorum
2567 5353 2744 5408 bullas
2758 5347 2902 5419 apud
2920 5346 3054 5402 rude
3070 5346 3267 5417 vulgus
3278 5349 3770 5407 eructantes,utru
3781 5363 3854 5402 ιιι

2229 5449 2475 5503 θεοτόκον
2511 5457 2718 5501 sacram
2752 5438 3029 5509 Virginem
3063 5437 3338 5507 appellare
3369 5433 3552 5499 liceat,
3583 5433 3638 5487 in
3677 5449 3860 5492 con-

2231 5538 2556 5596 troversiam
2591 5547 2791 5589 vocare
2816 5531 3076 5596 audeant,
3100 5547 3116 5577 ι
3155 5536 3264 5583 etc.
3313 5526 3498 5596 Pergit
3535 5525 3860 5584 validissio

2230 5633 2335 5690 mis
2380 5627 2708 5689 rationibus,
2752 5621 3198 5695 gravissimisque
3238 5634 3363 5674 cum
3403 5614 3860 5687 Scripturarum

2189 5785 2192 5788 ,
2233 5735 2348 5780 tum
2369 5727 2683 5777 sanctorum
2708 5718 2932 5772 Patrum
2954 5709 3303 5774 testimoniis,
3325 5708 3602 5765 Christum
3620 5724 3862 5770 verum

2229 5830 2352 5870 esse
2391 5811 2562 5867 Deum
2591 5808 2843 5880 probare,
2879 5805 3025 5860 unde
3061 5819 3186 5858 mox
3222 5799 3640 5871 appellationem
3685 5801 3860 5860 υοί,
