3998 6304
249 411 329 470 25
1612 415 1669 472 s.
1702 414 1979 472 evan.”
2018 412 2201 473 VlTA.
2507 399 2511 403 ’
2802 364 2806 368 ’
3453 414 3526 472 ao

249 541 404 598 pane
436 541 571 582 vere
600 540 665 582 ac
705 526 927 598 proprie
958 526 1115 582 Matri
1142 526 1357 600 Virgini
1385 495 1685 587 convenire
1701 546 1834 586 con-
1864 537 1911 593 Α
1934 541 1995 587 et
2021 546 2052 587 a
2079 531 2283 602 quibus
2328 529 2382 585 id
2420 528 2646 585 minime
2674 526 3078 598 exspectabam,
3121 527 3388 583 hactenus
3412 526 3530 583 sint

254 617 452 674 cludit.
476 618 658 689 Atque
682 619 762 673 ita
783 617 1015 690 epistola
1039 619 1144 674 hac
1162 621 1507 691 gravissima,
1533 622 1847 678 eruditione

250 719 316 767 et
344 720 535 767 sancto
565 711 691 767 ﬁdei
720 713 840 768 zelo
870 712 1051 784 plena,
1075 714 1375 782 provinciae
1404 729 1517 771 suae
1547 714 1845 781 solitarios,

249 805 430 860 veluti
448 804 860 877 prophylactico
879 805 1116 876 quodam
1130 805 1714 875 pbarmaco,adversus
1730 808 1851 877 pul—

252 896 525 952 lulantem
572 896 825 957 haeresim
873 897 1225 968 praemunire,
1280 898 1424 953 etin
1455 899 1676 970 antiqua
1721 898 1850 955 ﬁdei

254 988 516 1043 doctrina
554 987 886 1045 conﬁrmare
925 988 1156 1044 studuit.
1194 988 1417 1046 Veritus
1459 1001 1724 1061 praeterea
1781 1006 1851 1047 ne

255 1078 430 1134 ferale
452 1078 693 1134 Nestorii
711 1078 862 1136 virus
909 1080 1028 1151 ipsa
1063 1094 1282 1152 quoque
1315 1080 1466 1135 orbis
1494 1081 1672 1152 capita
1700 1080 1851 1135 allia-

259 1181 368 1236 ret,
396 1170 546 1227 unde
580 1172 776 1243 ingens
820 1171 1147 1229 Christianae
1185 1173 1506 1244 reipublicae
1544 1172 1852 1243 periculum

257 1259 552 1314 formidari
588 1261 791 1317 merito
810 1269 1018 1333 posset,
1059 1262 1128 1318 de
1150 1273 1301 1319 recta
1333 1264 1390 1318 in
1416 1264 1589 1318 Deum
1620 1262 1749 1328 ﬁde,
1773 1262 1858 1316 di-

257 1352 507 1421 vinaque
544 1351 711 1408 Verbi
741 1352 1124 1410 lncarnatione
1156 1365 1270 1411 tres
1295 1355 1470 1410 libros
1507 1354 1852 1423 conscripsit,

258 1460 403 1516 quos
426 1445 633 1514 Λὸγους
662 1450 1146 1516 προσφωνητικούς
1179 1447 1492 1519 appellavit.
1515 1446 1718 1502 Horum
1743 1446 1857 1515 pri-

262 1552 421 1592 mum
450 1538 793 1608 nuncupavit
834 1536 1147 1596 Theodosio
1173 1550 1230 1596 et
1256 1540 1641 1597 Valentiniano
1679 1538 1856 1608 impe-

265 1628 567 1694 ratoribus,
612 1629 755 1686 duos
784 1632 1124 1701 posteriores
1163 1631 1421 1688 Eudociae
1462 1641 1519 1687 et
1556 1628 1859 1687 Pulcheriaa

263 1719 496 1790 reginis,
540 1719 706 1775 tacito
754 1719 960 1789 ubique
1001 1720 1242 1777 Nestorii
1286 1721 1530 1788 nomine,
1567 1737 1640 1776 ne
1679 1735 1747 1775 ex
1790 1733 1858 1774 eo

263 1805 563 1864 Theodosii
596 1810 816 1864 animus
845 1809 1238 1878 oﬁ‘enderetur,
1269 1813 1365 1882 qui
1398 1811 1714 1867 Nestorium
1743 1809 1857 1865 An-

265 1898 472 1953 tiochia
499 1899 854 1966 accErsitum,
883 1900 1201 1972 episcopum
1223 1901 1384 1973 deligi
1415 1908 1653 1957 curarat.

337 1990 426 2045 39.
452 1990 669 2046 Interea
689 1991 859 2046 latius
883 1991 1088 2046 malum
1108 1992 1383 2062 serpebat,
1403 2001 1462 2047 et
1486 1991 1717 2046 Romam
1747 2004 1859 2042 non

267 2080 410 2137 fama
438 2075 621 2136 solum
654 2082 865 2153 perlata
889 2081 959 2137 ad
984 2081 1346 2138 Caelestinum
1381 2097 1601 2153 papam,
1632 2078 1729 2135 sed
1752 2077 1858 2149 ipsi

268 2189 490 2245 quoque
518 2175 849 2246 pestilentes
867 2174 1061 2231 libelli.
1089 2174 1336 2242 Quorum
1363 2176 1456 2230 ille
1481 2170 1856 2244 blasphemiis,

268 2268 470 2337 quibus
498 2267 805 2334 scatebant,
832 2268 1176 2334 examinatis,
1201 2266 1406 2339 Cyrillo
1433 2266 1759 2336 scripsit,-ut
1778 2263 1863 2319 di-

268 2358 504 2429 ligenter
521 2359 870 2431 perquireret
910 2374 1046 2414 num
1074 2360 1166 2415 illa
1193 2371 1386 2414 revera
1409 2367 1595 2413 essent
1619 2372 1652 2411 a
1669 2356 1862 2411 Nesto—

268 2450 356 2505 rio
403 2451 760 2522 conscripta:
807 2466 988 2523 neque
1036 2451 1185 2507 enim
1235 2449 1501 2506 credibile
1546 2447 1856 2511 videbatur,

266 2541 611 2610 Nestorium,
647 2542 717 2599 de
745 2558 856 2615 quo
894 2558 1073 2614 nuper
1105 2550 1186 2598 tot
1217 2557 1282 2597 ac
1320 2549 1472 2597 tanta
1506 2538 1859 2596 orientalium

267 2634 661 2706 episcoporum
684 2624 893 2692 litteris
914 2634 1193 2707 praeconia
1217 2622 1539 2705 accepisset,
1572 2632 1649 2687 ita
1674 2630 1860 2686 subito

271 2726 329 2782 in
344 2735 721 2784 transversum
741 2737 924 2784 actum
942 2742 1084 2794 esse,
1100 2727 1305 2798 talique
1324 2726 1507 2780 furore
1523 2732 1856 2795 correptum.

270 2820 401 2876 Haec
433 2821 553 2892 ipse
578 2829 812 2878 testatur
834 2820 1075 2894 Cyrillus
1097 2821 1154 2876 in
1181 2820 1376 2892 primis
1392 2817 1460 2872 ad
1483 2817 1737 2873 eumdem
1755 2816 1863 2871 Nc-

270 2910 508 2967 storium
546 2912 768 2979 litteris,
804 2928 869 2971 ea
896 2914 1184 2970 occasione
1222 2911 1481 2977 exaratis,
1515 2909 1661 2981 quod
1694 2907 1860 2963 intel»

271 3003 502 3059 lexisset
550 3005 950 3076 gravitcr'eum
989 3004 1160 3060 fuisse
1202 3002 1473 3059 oﬁ'ensum
1516 3000 1589 3055 ob
1629 2998 1864 3070 scriptas

271 3110 307 3150 a
327 3111 388 3151 se
416 3096 634 3153 litteras
663 3098 732 3154 ad
758 3096 976 3170 Egypti
997 3097 1297 3153 monachos
1317 3094 1582 3150 adversus
1609 3092 1863 3163 blasphe-

1945 623 2113 679 illata.
2143 622 2251 678 Sed
2275 622 2463 677 isthmc
2488 620 2670 677 omnia
2692 618 2970 676 oblivione
2991 618 3300 673 voluntaria
3334 628 3528 674 conte-

1945 725 2174 771 rantur:
2216 716 2363 770 Deus
2383 712 2533 769 enim
2564 710 2877 768 istiusmodi
2907 718 3207 781 nugatores
3227 710 3359 763 olim
3385 709 3535 780 judi-

1948 818 2172 865 caturus
2205 816 2307 864 est.
2355 806 2591 861 Tantum
2628 803 2764 859 ﬁdes
2803 803 3016 873 integra
3049 807 3107 854 et
3147 799 3295 853 salva
3341 800 3432 863 sit,
3477 810 3534 855 et

1948 903 2150 957 charus
2172 901 2382 956 amicus
2405 899 2663 954 omnibus
2693 911 2826 951 ero:
2863 910 3046 965 neque
3088 892 3185 947 ulli
3234 893 3533 947 concedam

1949 1002 2012 1049 ut
2032 991 2505 1065 religiosissimum
2538 988 2859 1060 episcopum
2895 981 3209 1040 NeStorium
3252 980 3537 1035 ardentius

1950 1092 2124 1149 amet,
2166 1097 2332 1153 quam
2372 1096 2515 1153 ego:
2555 1094 2721 1150 quem
2769 1076 2934 1132 etiam
2967 1074 3184 1152 (Deum
3233 1071 3444 1140 testor)
3481 1069 3549 1125 in.

1948 1176 2169 1232 Christo
2189 1182 2419 1245 peropto
2439 1172 2582 1244 apud
2609 1185 2802 1226 omnes
2821 1169 2965 1224 bene
2993 1165 3207 1230 audire,
3242 1170 3538 1232 notamque

1951 1267 2024 1323 ob
2050 1281 2136 1331 ea,
2163 1280 2285 1337 qua:
2313 1264 2529 1335 pridem
2555 1261 2798 1327 admisit,
2823 1267 3163 1316 contractam
3194 1255 3414 1320 eluere;
3439 1268 3541 1322 pa-

1952 1358 2171 1428 lamque
2201 1357 2408 1420 facere,
2448 1353 2780 1410 calumniam
2816 1365 2942 1410 eses
2992 1362 3222 1412 meram,
3255 1361 3367 1400 non
3390 1343 3543 1399 veri-

1954 1459 2151 1513 tatem,
2199 1463 2321 1520 quae
2366 1448 2435 1503 de
2476 1462 2576 1503 sua
2620 1443 2852 1516 perﬁdia
2885 1460 2917 1498 a
2951 1439 3233 1496 nonnullis
3266 1436 3545 1505 involgata

1954 1550 2102 1601 sunt.
2139 1541 2277 1597 Nam
2307 1540 2355 1596 si
2387 1537 2593 1595 Christi
2623 1535 2881 1591 mandato
2910 1531 2979 1587 ad
3017 1531 3379 1586 inimicorum.
3402 1526 3543 1582 dile-

1955 1635 2196 1691 ctionem
2232 1646 2515 1705 urgemur,
2535 1627 2813 1701 quomodo
2864 1631 3292 1683 consentaneum
3312 1633 3424 1675 non
3458 1626 3546 1673 est

1956 1739 2021 1785 ut
2040 1727 2251 1783 amicos
2267 1732 2326 1781 et
2353 1720 2777 1780 consacerdotes
2810 1717 2961 1774 omni
2988 1711 3386 1770 benevolentia:
3422 1717 3542 1764 stu-

1958 1820 2053 1875 dio
2081 1813 2544 1888 complectamur?
2572 1810 2730 1880 Quod
2762 1810 2810 1865 si
2837 1823 2970 1864 vero
3001 1805 3321 1862 exoriantur
3346 1800 3445 1872 qui
3477 1799 3545 1853 li-

1888 1895 1932 1951 Β
1959 1911 2082 1966 dem
2121 1907 2377 1965 demoliri
2423 1912 2689 1977 satagant,
2727 1900 3003 1973 quomodo
3044 1905 3259 1953 nostras
3300 1893 3547 1963 ipsorum

1959 1999 2171 2056 anilitas
2213 1997 2358 2052 ultro
2403 2010 2516 2051 non
2555 1989 2888 2049 oﬁ‘eremus?
2942 1986 3198 2043 Profecto
3244 1982 3378 2037 licet
3428 1980 3548 2050 ipsa

1958 2108 2181 2164 quoque
2196 2105 2349 2146 mors
2371 2086 2537 2160 capiti
2559 2095 2749 2141 nostro
2772 2079 3106 2153 impendeat,
3121 2076 3272 2133 nulla
3301 2075 3358 2128 in
3387 2071 3550 2127 nobis

1960 2188 2070 2243 erit
2092 2184 2371 2241 cunctatio
2393 2200 2407 2235 :
2438 2197 2566 2236 nun
2584 2180 2632 2234 si
2659 2193 2762 2249 pro
2783 2174 2954 2247 gloria
2974 2171 3071 2247 Dei
3101 2169 3389 2227 veritatem
3412 2180 3551 2235 pra:-

1961 2280 2148 2336 dieare
2202 2273 2713 2334 formidaverimus,
2761 2284 2832 2324 ne
2881 2265 3144 2323 videlicet
3199 2261 3257 2316 in
3300 2258 3550 2328 aliquam

1959 2370 2268 2427 molestiam
2303 2365 2645 2429 incidamus;
2682 2376 2811 2432 qua,
2858 2370 3071 2428 quasso,
3105 2353 3285 2408 fronte
3328 2358 3549 2409 sancte-

1961 2476 2086 2518 rum
2113 2467 2421 2530 martyrum
2436 2453 2742 2510 certamina
2767 2456 2825 2505 et
2852 2445 3167 2516 triumphos
3192 2440 3343 2513 apud
3374 2455 3555 2510 pupil—-

1959 2557 2074 2611 lum
2101 2552 2359 2609 laudibus
2380 2544 2718 2604 evehanus?
2740 2541 2960 2614 vqnippe
2980 2552 3125 2609 quos
3158 2550 3270 2593 uno
3307 2534 3416 2593 hoc
3447 2547 3551 2587 no—

1959 2649 2109 2705 mine
2145 2644 2424 2717 prmcipue
2456 2639 2848 2698 demutamus,
2889 2630 3040 2702 quod
3070 2629 3219 2693 hoc,
3438 2625 3553 2695 jam

1961 2715 2172 2794 dictum
2196 2741 2310 2798 est,
2344 2744 2542 2801 magna
2582 2723 2759 2782 animi
2800 2718 3121 2781 suum
3157 2715 3551 2787 praestiterunt,

1961 2828 2220 2891 boc‘est,
2256 2821 2327 2878 ad
2362 2825 2600 2875 mortem
2639 2808 2951 2884 usquepro
2989 2807 3224 2865 veritate
3253 2803 3553 2877 dimicave-

1962 2926 2116 2974 runt.
2151 2936 2173 2969 ι

2025 3030 2118 3091 42.
2155 3028 2597 3100 Composuerunt
2627 3037 2696 3103 eo
2725 3028 2974 3090 tempere
3001 3012 3187 3071 clerici

1962 3123 2268 3198 nopolitani
2292 3097 2557 3177 adversus
2571 3100 2795 3187 impiam
2813 3104 3054 3167 Nestorii
3077 3102 3382 3198 domitum
3402 3097 3560 3153 libel—

272 3203 398 3290 mos
420 3188 661 3290 libellos.
689 3191 764 3290 -ln
789 3189 881 3290 his
902 3198 1035 3290 post
1060 3188 1417 3290 luculentam,
1448 3201 1550 3290 cu-r
1577 3184 1658 3290 ai
1671 3199 1861 3290 mena:
1886 3227 1930 3287 ο
1961 3184 2077 3276 lu
2103 3231 2267 3290 quem
2291 3212 2490 3269 offerre
2519 3184 2839 3280 ίωρέηιοτί
2866 3199 3200 3272 mgnum,
3233 3193 3463 3253 me,
3486 3203 3559 3243 ne

275 3281 413 3337 chos
444 3280 750 3351 scripserit,
787 3280 1057 3336 redditam
1090 3276 1382 3343 rationem,
1418 3278 1566 3333 serio
1601 3275 1757 3331 illum
1791 3275 1860 3331 ad

278 3370 743 3441 resipiscentiam,
770 3368 1077 3441 ehpszeque
1108 3384 1210 3438 per
1250 3365 1678 3439 imprudentiam
1710 3364 1864 3421 vocis

279 3460 615 3532 palinodiam
669 3458 925 3514 hortatur
966 3475 980 3510 :
1033 3456 1183 3527 quod
1238 3456 1408 3511 altera
1459 3468 1584 3508 mox
1632 3453 1865 3523 epistola

1964 3279 2170 3368 temere
2199 3306 2331 3380 quid
2353 3305 2547 3361 fecisse
2566 3300 2913 3379 viderentur,
2943 3291 3182 3362 primum

1965 3370 2255 3465 miserunt,
2288 3408 2352 3454 ut
2389 3396 2539 3451 illius
2575 3376 2911 3464 probaretur
2942 3381 3174 3455 judicio.
3217 3375 3432 3443 Quibus
3470 3370 3562 3465 ille

1966 3511 2178 3554 summa
2205 3486 2626 3547 mansuetudine
2650 3490 2707 3537 et
2747 3476 2916 3534 animi
2943 3469 3321 3528 moderatione
3364 3461 3565 3518 rescri-

282 3566 512 3623 prorsus
535 3549 843 3622 dogmatica
868 3558 927 3604 et
963 3547 1285 3620 gravissima
1314 3545 1515 3602 iterum
1544 3544 1861 3658 inculcavit.
1964 3544 2452 3658 ‘habewr
2474 3589 2596 3646 cap.
2621 3571 2707 3637 10’
2731 3567 2977 3641 ejusdem
3004 3562 3177 3619 mm“
3203 3578 3217 3613 ε
3246 3577 3264 3609 ε
3292 3554 3563 3612 Libanum

354 3662 440 3718 40.
467 3662 675 3718 Verum
707 3659 937 3730 singulis
969 3674 1083 3715 suae
1119 3675 1152 3714 a
1185 3657 1442 3714 Nestorio
1475 3655 1704 3746 redditae
1740 3662 1897 3711 sunt-
1966 3643 2271 3746 ξυρριίερω
2290 3643 2666 3745 νρδιιιᾳορθη
2686 3661 2755 3717 ad
2778 3674 2866 3713 me
2898 3643 3563 3721 missumqusiiscitra

285 3754 506 3820 litterae,
534 3761 785 3822 utrasque
813 3747 1127 3820 arrogantia
1148 3761 1363 3801 summa
1396 3760 1461 3799 ac
1477 3743 1642 3809 fastu,
1674 3758 1783 3814 quo
1811 3756 1870 3796 se

286 3858 454 3915 supra
507 3841 752 3914 reliquos
798 3838 1080 3896 antistites
1136 3835 1423 3901 eﬁ'erebat,
1471 3834 1706 3889 refertae.
1754 3832 1870 3888 lmo

286 3934 439 3990 omni
465 3933 596 3990 dolo
635 3931 902 4006 Cyrillum
934 3944 1240 4001 aggressus,
1275 3926 1494 3997 collegit
1527 3925 1870 3989 circuitores,

288 4030 563 4099 projectos
576 4016 663 4081 3d
699 4039 861 4080 omne
892 4024 1048 4080 nefas
1080 4037 1145 4077 ac
1174 4021 1441 4092 ﬂagitium
1471 4019 1744 4085 homines,
1779 4016 1879 4089 qui

288 4121 359 4176 ad
388 4123 496 4177 hoc
515 4127 865 4192 vagarentur,
893 4125 953 4172 ut
980 4116 1187 4187 ubique
1204 4114 1465 4170 locorum
1496 4115 1758 4183 adversus
1776 4111 1876 4185 Cy-

290 4214 476 4269 rillum
507 4213 713 4284 probra
755 4211 1200 4266 disseminarent.
1245 4226 1264 4258 ‹
1293 4206 1578 4261 Jactabant
1607 4212 1813 4269 autem,
1852 4223 1873 4255 ι

291 4307 415 4377 ipso
437 4315 574 4361 teste
602 4304 804 4377 Cyrillo
826 4301 1056 4374 epistola
1079 4300 1238 4355 tertia
1256 4298 1324 4355 ad
1346 4298 1661 4353 Nestorium
1681 4304 1814 4351 tom.
1834 4294 1879 4360 Ι,

1969 3735 2210 3825 nostram
2230 3735 2558 3819 sententiam
2582 3749 2901 3826 imperatori
2923 3745 3131 3820 porrigi
3149 3756 3259 3797 non
3281 3735 3559 3798 debuerit,

1972 3857 2159 3928 accepi
2189 3863 2245 3911 et
2266 3851 2371 3924 legi
2395 3870 2408 3904 :
2432 3862 2626 3905 verum
2653 3842 2799 3916 quod
2826 3839 3040 3912 prolixe
3063 3836 3119 3890 in
3140 3830 3561 3890 cumino-Ira,

1972 3952 2067 4022 qui
2098 3948 2264 4004 isthic
2284 3944 2397 4017 agit
2438 3942 2577 4016 (sive
2606 3937 2811 4001 fratris,
2844 3934 2958 3989 sive
2974 3930 3089 3986 alio
3114 3935 3447 4022 quocultque
3468 3933 3567 3974 uo-

1975 4016 2123 4099 mine
2155 4016 2782 4108 censeatur),hactenus
2819 4022 3122 4096 suppressi,
3161 4034 3237 4074 ne
3272 4016 3565 4072 adversum

1975 4150 2079 4190 nos
2103 4133 2412 4202 insurgens,
2443 4140 2501 4183 se
2527 4142 2628 4197 per
2659 4132 2764 4179 nos
2790 4121 3069 4175 haereseos
3086 4109 3236 4182 apud
3262 4108 3567 4176 imperato-

1979 4246 2096 4286 rem
2135 4200 2376 4282 dclatum
2419 4218 2725 4278 cavilletur.
2784 4215 3001 4270 interea
3052 4200 3340 4277 protestati
3378 4206 3569 4253 sumus

1980 4319 2100 4374 fore
2151 4324 2211 4372 ut
2231 4313 2647 4369 inimicitiarum
2676 4320 2841 4364 causa
2868 4301 3099 4374 posthac
3120 4292 3391 4366 iudicium
3418 4286 3568 4342 illius

292 4416 417 4470 cap.
447 4398 535 4464 12,
568 4398 702 4453 edit.
743 4395 977 4461 Peltani,
1017 4415 1036 4448 ι
1070 4409 1237 4450 voces
1274 4391 1486 4449 insania
1520 4391 1744 4461 plenas:
1793 4387 1885 4444 hic
1984 4411 2383 4470 deﬂectemus,
2409 4404 2849 4474 praesentemque
2895 4384 3353 4447 ωηιποηηίθηι,
3379 4380 3428 4435 εί
3451 4392 3571 4437 om.

293 4490 543 4561 quidem,
584 4487 733 4560 quod
765 4502 939 4543 caecos
989 4499 1301 4557 egenosque
1344 4498 1444 4554 per
1494 4480 1750 4551 injuriam
1783 4496 1885 4551 op—
1986 4503 2120 4558 nino
2172 4470 2472 4568 ίιηροηυξιί
2515 4506 2636 4548 esse
2673 4481 3037 4560 pen-egerim,
3082 4477 3149 4533 ad
3180 4472 3343 4530 aliud
3374 4470 3569 4526 ferum

297 4583 653 4655 presserim,»
691 4574 906 4653 inquit;
939 4599 957 4632 ι
983 4579 1143 4645 alius,
1161 4577 1309 4651 quod
1326 4577 1534 4633 ferrum
1567 4575 1624 4630 in
1654 4581 1963 4660 matremm
1990 4561 2402 4649 transfera-mus.
2444 4584 2583 4643 cum
2619 4582 2805 4653 itaque
2837 4576 3091 4633 libellum
3120 4564 3485 4642 perhgeriﬁs,
3522 4561 3571 4618 si
3650 4640 3654 4645 Δ

296 4673 652 4741 strinxerim;
684 4672 958 4739 nonnulli,
990 4670 1136 4742 quod
1168 4668 1379 4725 ancillae
1404 4667 1660 4740 praesidio
1688 4678 1885 4721 aurum
1920 4656 1948 4660 ⁷
1987 4700 2095 4755 qua
2124 4683 2429 4739 necessitas
2474 4675 2809 4751 poposcerit,
2848 4668 3051 4728 tradite
3084 4683 3101 4719 π
3149 4670 3207 4719 et
3251 4660 3299 4717 si
3347 4672 3479 4715 eum
3516 4656 3574 4710 in

297 4768 542 4824 alienum
573 4764 948 4832 ‘abstulerimf;
989 4762 1213 4834 quidam
1242 4761 1508 4831 denique,
1538 4757 1687 4829 quod
1734 4756 1887 4827 ejus-

304 4864 451 4919 modi
477 4861 854 4934 improbitatis
896 4858 1210 4930 suspicione
1239 4853 1604 4912 laboraverim
1645 4866 1884 4922 semper,

302 4952 613 5026 cuiusmodi
640 4969 711 5010 ne
745 4949 1129 5009 infestissimos
1156 4948 1379 5020 quidem
1423 4946 1613 5001 hostes
1638 4943 1889 5021 laborare

304 5044 580 5114 optaverit
603 5041 896 5114 quispiam.
920 5041 1124 5097 Verum
1157 5036 1312 5103 istos,
1340 5047 1397 5094 et
1426 5036 1472 5091 si
1498 5034 1592 5106 qui
1618 5032 1891 5105 ejd‘s'fari-

226 5192 231 5195 _
308 5152 389 5191 na:
428 5144 559 5193 sunt
592 5136 707 5202 alii,
735 5151 847 5190 non
885 5132 1123 5189 multum
1155 5126 1363 5195 moror,
1399 5144 1469 5184 ne
1509 5143 1677 5200 supra
1720 5125 1890 5196 Magi-

308 5235 481 5282 strum
515 5235 573 5283 et
598 5225 913 5290 Dominum,
940 5222 1025 5279 vel
1054 5220 1220 5277 etiam
1250 5235 1416 5291 supra
1444 5218 1679 5288 majdres
1714 5230 1888 5282 meos,

310 5319 596 5375 tenuitatis
624 5333 759 5373 mete
785 5330 1098 5373 mensuram
1120 5306 1417 5369 extendere
1442 5310 1650 5365 videar.
1680 5314 1699 5361 ὁ
1834 5306 1843 5321 ³

379 5411 469 5465 41.
504 5410 679 5477 Quam
694 5417 886 5477 autem
906 5401 1182 5478 propenso
1211 5402 1395 5459 studio
1414 5400 1741 5458 Christianis
1766 5398 1895 5454 cha-

314 5503 511 5569 ritatis,
557 5501 797 5574 Cyrillus
831 5492 1070 5555 Nestorii
1108 5497 1340 5552 salutem
1376 5490 1593 5550 summa
1630 5491 1894 5564 patientia

313 5594 651 5668 procuravit,
692 5598 929 5647 testatur
950 5589 1181 5660 epistola
1212 5586 1457 5663 ejusdem
1492 5584 1562 5640 ad
1601 5584 1895 5668 quemdam

318 5798 338 5831 ς
367 5776 521 5833 nulla
547 5790 727 5845 neque
749 5771 970 5843 injuria,
992 5785 1171 5841 neque
1192 5770 1544 5833 contumelia,
1566 5764 1747 5840 neque
1767 5782 1898 5823 con-

313 5870 454 5927 vicia
486 5875 744 5934 movent;
769 5863 983 5920 etiamsi
1012 5862 1431 5932 quamplurima,
1468 5869 1523 5917 et
1559 5861 1894 5922 immerenti,

1960 4751 2139 4832 'liisce
2161 4772 2377 4830 insidiis
2398 4776 2863 4842 perseverantem,
2894 4758 2951 4818 et
2973 4759 3115 4816 nihil
3142 4769 3255 4810 non

1960 4870 2090 4920 nos
2112 4835 2426 4919 molientem
2456 4852 2975 4916 animadverteritis,
3012 4844 3308 4915 diligenter
3338 4835 3577 4909 perscri-

1989 4956 2124 5012 blte.
2159 4955 2369 5027 Eligam
2417 4953 2565 5008 enim
2610 4948 2762 5004 viros
2811 4944 2931 5016 pios
2974 4933 3041 4994 ac
3089 4933 3423 5027 parietinis;

1990 5015 2296 5121 episcopos,
2324 5053 2441 5099 tum
2462 5040 2759 5098 menacbos
2783 5038 3025 5121 ῳὶοίιῐιθτ
3052 5015 3577 5121 ἢάθηθξεμίῗθ

1973 5108 2209 5213 quoque
2237 5108 2483 5208 tempore
2516 5130 2584 5189 ad
2606 5142 2705 5187 vos
2740 5127 2977 5183 mittam.
3017 5113 3380 5213 Mummii:
3398 5108 3578 5169 oeulis

1952 5232 1957 5235 ‘
1992 5209 2150 5298 seis;
2186 5238 2247 5288 ut
2275 5230 2540 5301 scriptum
2577 5231 2662 5280 est
2680 5218 2844 5295 (Psal.
2872 5230 3050 5280 cxxxl,
3071 5209 3289 5280 istim),
3318 5210 3576 5267 acinum

1993 5325 2157 5390 dabo,
2190 5334 2371 5393 neque
2411 5310 2858 5391 palpebris'meis
2893 5302 3578 5393 domuitionem..qu

1948 5411 1959 5418 ’
1995 5414 2241 5488 requiem
2282 5382 2632 5488 temporibus
2671 5402 2843 5465 meis,
2874 5399 3061 5453 donec
3447 5382 3576 5446 hoc,

1950 5494 1959 5521 ³
1995 5476 2241 5562 omnium
2268 5476 2462 5556 salut-is
2483 5509 2669 5571 causa,
2689 5484 3215 5564 perfunctus-(ueto.

1950 5596 1957 5599 ’
1996 5609 2173 5651 meam
2228 5603 2380 5644 nunc
2427 5570 2753 5642 sententiam
2799 5575 3143 5640 didieeritls,
3200 5570 3310 5627 viri
3372 5574 3573 5624 estote.

314 5683 555 5741 Nestorii
599 5690 947 5745 sectatorem,
982 5694 1101 5749 cap.
1141 5677 1195 5733 9.
1248 5696 1268 5729 ι
1307 5676 1392 5732 Me
1422 5677 1607 5748 igitur,
1642 5697 1660 5728 ι
1692 5677 1893 5747 inquit,
1948 5688 1953 5689 ί

1996 5681 2413 5755 Quamprimum
2460 5678 2609 5735 enim
2644 5674 2993 5747 parabuntur
3038 5684 3073 5725 a
3124 5684 3212 5725 me
3240 5669 3472 5729 litterae,
3519 5673 3576 5721 et

1998 5776 2188 5847 quales
2229 5772 2468 5843 oportet,
2513 5778 2570 5827 et
2616 5769 2682 5823 ad
2723 5780 2863 5837 quos
2901 5769 3166 5835 oportet:
3206 5756 3575 5847 statuitenim

2000 5841 2222 5930 propter
2242 5841 2447 5915 Christi
2475 5856 2637 5912 ﬁdem
2665 5848 2915 5919 quemvis
2932 5847 3176 5904 laborem
3195 5841 3400 5900 θύεται
3421 5853 3574 5903 quae-
