1999 3152
93 194 130 223 29

776 199 802 225 S.
824 197 961 226 CYRILIJ
983 196 1072 225 \‘l'l'A.

1704 198 1739 225 3|)

93 261 170 288 pnm,
187 252 221 280 de
240 260 297 288 quo
317 260 343 281 tv
364 240 493 281 octobris
515 254 638 290 agemus)
658 255 691 281 ad
715 255 893 283 leestinum
910 257 931 285 Α
946 262 1001 281 non
1018 253 1131 281 concedi
1151 252 1237 280 soleat
1251 252 1284 280 iis
1299 253 1401 287 quibus
1413 253 1537 281 creditur
1553 254 1655 282 vicaria
1670 263 1741 291 pric—

93 307 203 335 papam,
221 304 254 327 ut
272 300 374 334 Ephesi
389 300 449 335 ejus
464 300 626 327 auctoritate
641 300 789 328 concilium
807 301 892 328 habe-

94 350 182 377 retur,
198 346 318 373 maxime
333 345 406 381 quod
425 353 480 372 non
503 345 647 373 Nestorius
666 350 782 379 tantum,
803 347 849 373 sed
865 351 893 374 et

92 391 212 426 Cyrillus
228 391 364 419 hmreseos
384 395 569 418 accusaretur.
591 400 600 417 ε
619 391 684 418 Post
703 392 761 418 hmc
782 392 892 426 scripsit

99 437 212 464 Sacram
228 437 262 463 ad
275 437 418 464 universos
433 437 626 472 episcopos,ut
639 437 776 472 Ephesum
790 445 891 465 convc-

92 483 197 515 nirent,
221 487 248 510 et
272 483 429 511 conferrent
451 483 486 510 de
507 483 627 511 Nestorii
648 483 738 515 libris,
749 488 777 510 et
795 483 891 519 Cyrilli

90 529 228 564 judicium
245 529 441 564 expenderent.
464 538 473 554 ›
491 529 530 556 ita
546 528 694 556 Liberatus
709 536 769 564 cap.
785 529 810 555 5.
826 529 892 562 Quae

92 579 169 609 gesta
187 575 231 601 hic
247 579 320 607 sunt,
338 575 467 602 universa
490 575 613 610 proferre
634 576 743 602 animus
761 582 817 602 non
837 579 889 602 est.

93 621 155 655 ipsa
179 620 288 648 concilii
306 621 372 648 Acta
395 621 494 656 passim
515 625 633 653 exstant,
654 628 741 655 eaque
761 620 891 656 praedam

92 666 219 692 discussa
236 673 251 692 a
268 665 385 692 Duronio
400 666 433 692 ad
446 666 523 693 hunc
539 672 641 693 annum
663 665 725 698 451,
743 665 791 700 qui
811 673 889 692 num.

91 711 127 737 5‘1
143 711 177 737 de
191 711 329 746 episcopis
345 711 380 738 ad
400 712 534 747 synodum
550 711 726 740 Venientibus
739 719 832 748 agens,
852 713 890 740 ita

90 756 227 791 Cyrillum
239 756 331 784 laudat
346 766 352 783 :
372 767 381 782 ι
400 758 473 785 inter
486 765 583 786 omnes
595 758 713 794 Cyrillus
723 759 819 794 prima;
829 763 890 794 post

92 802 246 829 Romanam
261 803 440 838 praerogativa
455 804 540 836 sedis,
557 807 587 832 et
605 803 692 839 ipsius
709 804 804 840 primae
816 804 890 833 sedis

91 847 197 875 vicaria
214 847 387 883 prmfectura,
406 849 526 884 reliquos
537 856 634 877 ornues
646 850 791 885 episcopos
809 854 887 878 ante-

91 894 206 926 cellens,
222 894 331 927 enituit,
345 897 427 930 atque
446 895 533 931 magis
546 896 687 931 magisque
703 903 766 923 cum
779 903 887 924 morum

88 941 201 975 egregia
228 941 383 978 sanctitate,
408 945 466 968 tum
486 942 587 969 eximia
610 943 765 970 divinarum
792 950 885 970 rerum

89 985 208 1013 scientia
218 985 327 1014 claruit.
342 978 445 1014 [Certe
454 994 569 1023 magnus
577 986 752 1023 Euthymius,
760 993 791 1016 ut
801 989 830 1016 in
838 989 886 1016 Vi-

90 1038 117 1060 ta
135 1032 195 1067 ejus
209 1030 309 1067 legitur
323 1039 358 1059 xx
370 1032 503 1068 Jpnuarii,
518 1040 594 1061 num.
611 1035 656 1067 55,
674 1043 684 1059 ‹
699 1041 761 1062 cum
774 1034 807 1062 ad
820 1042 886 1071 syn-

88 1077 177 1105 ndum
191 1085 301 1113 quoque
311 1078 472 1106 conventuri
483 1084 576 1107 essent
589 1080 711 1116 episcopi
725 1081 885 1113 Palaestina,

87 1122 169 1158 jubet
195 1123 278 1151 Petro
301 1123 431 1159 episcopo
455 1124 665 1158 Saracenorum,
687 1130 717 1154 ut
742 1126 888 1154 accederet

88 1167 190 1204 Cyrillo
213 1167 385 1197 Alexandria:
407 1173 435 1197 ct
454 1169 555 1198 Acacio
573 1171 716 1200 Melitenes
739 1173 885 1208 episcopis.

87 1220 121 1243 ut
143 1223 206 1250 quas
228 1216 269 1243 eis
292 1216 464 1249 viderentur,
487 1224 516 1244 se
542 1224 652 1252 quoque
677 1218 732 1245 illis
758 1218 886 1246 assentiri

87 1261 281 1296 proﬁteretur;
293 1271 302 1287 I
314 1269 388 1294 nam,
397 1267 428 1289 ut
440 1269 516 1289 num.
530 1263 564 1290 54
575 1262 688 1296 dicitur,
702 1273 711 1289 ε
721 1268 887 1300 exposuerat

86 1306 114 1333 ei
131 1305 271 1342 Synodius
283 1305 317 1334 de
333 1306 436 1343 Cyrillo
449 1304 634 1336 Alexandrino
648 1313 677 1336 et
691 1308 791 1337 Aeacio
807 1308 886 1336 Meli-

87 1355 189 1384 tenam,
200 1352 430 1387 quemadmodum
443 1361 535 1381 acrem
550 1358 578 1382 et
592 1355 784 1383 vehementem
797 1356 885 1383 zelum

87 1399 271 1427 ostenderent
288 1407 338 1435 pro
356 1399 409 1428 fide
425 1401 588 1429 orthodoxa.
608 1410 617 1428 ι

123 1455 170 1483 48.
196 1454 266 1483 Suas
289 1454 391 1492 Cyrillo
414 1456 490 1485 vices
515 1456 683 1485 concessisse
707 1454 885 1486 Caelestinum

87 1501 175 1529 misso
188 1502 316 1537 phrygio,
336 1510 385 1531 seu
406 1501 497 1536 mitra,
518 1502 624 1531 indicat
644 1503 805 1532 Theodorus
822 1504 885 1532 Bal-

85 1556 185 1576 samon
194 1548 224 1576 in
238 1548 424 1577 Nomm-unone
440 1549 540 1582 Photii,
556 1549 636 1577 titulo
646 1549 671 1583 8,
683 1558 743 1586 cap.
762 1550 774 1577 1
788 1560 793 1577 :
810 1561 819 1576 ‹
830 1550 886 1578 Ilu-

83 1594 132 1629 jns
157 1602 267 1629 quoque
288 1595 420 1629 temporis
438 1593 594 1631 patriarcha
614 1595 829 1628 Alexandrinus,
850 1603 883 1623 ex
897 1615 917 1644 ο

86 1640 217 1675 praesenti
233 1640 323 1668 edicto
334 1640 380 1676 jus
398 1641 481 1669 habet
491 1645 522 1669 ut
540 1649 603 1669 cum
616 1641 732 1677 phrygio
747 1641 880 1669 celebret.

87 1685 192 1712 Habuit
210 1689 301 1713 autem
318 1686 389 1714 hanc
403 1685 560 1714 facultatem
580 1687 608 1714 S.
628 1686 746 1722 Cyrillus
764 1686 881 1714 Alexan—

87 1731 187 1758 drinus
196 1740 211 1758 a
224 1724 347 1759 Romano
356 1741 426 1768 papa
436 1732 594 1766 Caelestino,
610 1733 720 1768 quando
730 1733 781 1760 fuit
793 1732 883 1768 Ephe-

86 1777 149 1804 sina
164 1778 284 1813 synodus
297 1778 428 1806 adversus
443 1779 611 1806 Nestorium.
627 1779 696 1806 Cum
712 1786 767 1806 non
790 1782 884 1814 posset

85 1822 255 1851 leestinus
274 1824 370 1852 adesse
390 1825 502 1860 Ephesi,
525 1829 553 1852 et
568 1825 692 1861 judicare
713 1823 881 1856 Nestorium,

86 1869 178 1896 risum
197 1873 239 1896 est
254 1874 286 1897 ut
299 1869 328 1897 S.
345 1866 446 1906 Cyrillo
470 1878 486 1898 a
504 1870 653 1898 Caelestino
676 1869 883 1905 permitteretur

87 1914 155 1942 huic
180 1915 284 1950 synodo
304 1915 463 1951 pmsidere.
483 1916 520 1944 Ut
542 1915 634 1951 itaque
657 1922 721 1943 eum
743 1917 882 1942 constaret

87 1958 192 1988 habere
202 1961 249 1996 jus
260 1965 288 1988 et
300 1962 492 1989 auctoritatem
505 1968 592 1997 papae,
605 1960 676 1989 sedit
685 1966 748 1988 cum
761 1960 878 1997 phrygio

85 2010 115 2034 et
124 2006 317 2034 condemnavit
329 2006 495 2035 Nestorium.
504 2007 545 2035 Ab
558 2014 663 2043 eoergo
678 2011 803 2042 tempore
817 2014 880 2035 cum

87 2052 188 2080 eodem
204 2053 319 2089 phrygio
335 2054 490 2081 sacriﬁcant
503 2058 532 2082 et
547 2053 701 2089 procedunt
716 2052 881 2089 patriarclue

86 2098 278 2131 Alexandrini,
295 2103 323 2126 et
343 2107 399 2128 non
420 2104 551 2127 verentur
571 2098 746 2134 reprehendi.
768 2109 778 2126 ι
795 2098 880 2127 Baro.

86 2144 152 2173 nius
162 2154 207 2173 an.
220 2145 286 2172 Chr.
304 2145 365 2178 430,
381 2154 409 2172 n.
429 2145 474 2177 26,
491 2153 541 2181 per
556 2146 701 2182 phrygium
714 2145 880 2181 interpreta-

87 2197 134 2220 tur
153 2191 275 2227 pallium.
301 2192 463 2219 Theodorus
484 2191 570 2228 λῶρον
594 2192 721 2228 scripsit,
743 2199 795 2227 qua
813 2199 880 2219 voce

87 2239 199 2265 mitram
218 2238 310 2274 potius
326 2238 473 2274 significari
489 2238 569 2266 docet
582 2238 746 2274 Spondanus
757 2238 791 2265 ad
805 2237 881 2265 hunc

87 2286 201 2315 armum,
220 2282 381 2317 interposita
396 2284 475 2310 docta
491 2283 597 2319 phrygii
615 2283 804 2319 explicatione.
827 2282 877 2310 lsi-
894 2291 915 2319 ι)

86 2327 182 2361 dorus,
204 2329 254 2356 lib.
271 2337 316 2356 xrx
332 2329 493 2365 Etymolog.,
510 2337 570 2364 cap.
586 2329 616 2357 '51
630 2337 637 2356 :
657 2339 666 2355 ς
685 2329 763 2357 Mitra
779 2334 821 2357 est
837 2328 879 2364 pi-

86 2375 162 2402 leum
179 2375 335 2410 phrygium,
349 2379 430 2411 caput
442 2379 596 2411 protegens.
616 2385 624 2401 ι
644 2373 879 2409 Quemadmodum

84 2424 115 2448 et
139 2419 312 2456 Nicephorus
330 2421 435 2456 accepit
459 2421 509 2448 lib.
534 2430 588 2453 xw,
613 2427 673 2456 cap.
699 2420 744 2454 54,
772 2421 819 2448 ubi
843 2421 881 2448 ita

86 2466 186 2493 scribit
200 2474 207 2492 :
224 2475 233 2491 ‹
252 2465 415 2493 leestinus
431 2466 523 2494 nonne
538 2467 693 2501 cpiscopus,
708 2470 821 2502 propter
834 2472 881 2493 na-

86 2511 234 2546 vigationis
248 2513 380 2547 pericula.
399 2512 456 2547 ipse
473 2513 576 2548 synodo
588 2512 683 2540 adesse
698 2511 878 2540 detrectavit:

89 2556 122 2584 ad
138 2555 270 2593 Cyrillum
290 2562 391 2588 tmnen,
409 2562 438 2584 ut
457 2559 546 2585 locum
573 2558 609 2584 ibi
629 2565 708 2584 suum
732 2556 878 2589 obtineret,

85 2603 208 2639 scripsit.
227 2603 266 2631 Ex
289 2612 343 2638 quo
363 2608 485 2638 tempore
508 2604 577 2630 fama
598 2607 649 2635 est,
671 2603 780 2630 mitram
803 2603 880 2630 illum

90 2649 194 2684 (Gates
216 2650 246 2676 τὸ
261 2651 312 2685 τῆς
332 2650 430 2685 μίτρας
447 2650 576 2684 ἐπίθεμα)
597 2653 624 2676 et
638 2645 881 2684 papteappellatio-

88 2702 163 2726 nem,
180 2700 262 2730 atque
287 2697 317 2721 ut
336 2694 412 2721 orbis
432 2694 554 2721 universi
573 2693 657 2728 judex
684 2694 879 2728 appellaretur,

87 2738 237 2774 accepisse.
260 2749 268 2764 ι
286 2739 326 2766 Ex
334 2739 434 2773 quibus
445 2739 545 2773 colligit
558 2738 731 2774 Spondanus,
750 2748 760 2763 ‹
778 2738 881 2773 priscos

88 2783 150 2811 illos
166 2784 312 2820 episcopos
328 2785 476 2811 orientales
489 2784 578 2811 mitris
589 2783 628 2811 uti
640 2784 752 2811 minimc
766 2790 881 2811 consue—

86 2829 169 2862 visse,
186 2834 215 2857 et
232 2838 310 2866 papa:
322 2831 557 2858 nomenclaturam
577 2829 649 2857 haud
669 2829 714 2862 iis,
734 2830 805 2857 sicut
822 2834 881 2857 erat

88 2876 320 2909 occidentalibus,
339 2876 423 2904 fuisse
434 2883 618 2904 communem.
634 2886 643 2902 ι
663 2876 807 2904 Existimat
827 2875 879 2902 Ba—

87 2923 181 2951 ronius
202 2924 273 2951 nihil
294 2923 397 2956 Cyrillo
420 2931 580 2951 concessum
598 2931 613 2951 a
629 2923 786 2955 Cutlcstino,
807 2921 878 2956 quod

943 300 1050 327 fectura
1071 300 1114 326 vel
1141 299 1240 334 legatio
1262 307 1278 326 a
1303 299 1405 332 latere,
1430 302 1459 327 et
1482 305 1563 334 negat
1585 301 1740 336 exemplum

944 345 1028 380 (quod
1044 345 1157 380 quidem
1173 345 1231 380 ipse
1244 345 1329 380 norit)
1339 350 1448 373 exstare
1463 346 1608 380 potestatis
1621 347 1741 381 ejusmo-

942 391 969 418 di
985 391 1019 418 ad
1037 395 1163 426 posteros
1177 396 1344 427 propagatae,
1360 399 1416 419 non
1431 391 1585 426 insignibus
1601 392 1678 424 solis,
1692 393 1740 420 sed

942 438 1114 465 auctoritatis
1130 446 1240 472 quoque
1258 438 1446 473 usurpatione.
1469 438 1597 473 Episcopi
1620 437 1742 466 Orientis

942 484 1054 511 Mennas
1067 483 1400 518 Constantinopolitanus,
1424 483 1587 511 Theodorus
1609 483 1741 511 Caesareae

941 528 1130 564 Cappadociae,
1151 529 1275 556 Andreas
1292 528 1458 564 Ephesinus,
1474 529 1575 564 aliique
1590 529 1740 563 quamplu-

941 575 1003 601 rimi
1024 575 1051 601 in
1067 575 1238 609 professione
1252 575 1341 609 prima
1356 574 1419 602 ﬁdei
1432 582 1514 609 quam
1530 574 1563 602 ad
1584 574 1612 602 S.
1629 574 1740 609 Euphe-

941 621 1003 648 miaa
1029 621 1162 656 templum
1190 620 1429 655 Constantinopoli
1457 620 1485 648 in
1514 621 1610 656 quinta
1634 620 1739 655 synodo

941 667 1120 699 cecumenlca,
1153 674 1197 694 an.
1217 666 1283 694 Chr.
1307 666 1520 699 555,fcccrunt.
1552 676 1561 691 ί
1586 666 1740 701 suscipiunt

940 717 1058 748 quatuor
1079 716 1188 740 sanctas
1204 712 1333 748 synodos,
1348 716 1377 739 et
1397 712 1470 739 inter
1491 711 1550 738 illas
1571 711 1737 746 Ephesinam

939 759 1056 794 pristiam
1078 759 1271 790 ducentorum,
1295 758 1324 785 in
1343 766 1398 793 qua
1416 758 1444 785 in
1464 757 1561 793 legatis
1581 757 1639 784 suis
1656 761 1738 792 atque

939 806 1059 838 vicariis,
1076 805 1104 832 id
1115 810 1167 838 est,
1182 805 1343 833 beatissimo
1358 805 1463 841 Cyrillo
1475 804 1671 839 Alexandran
1688 812 1737 831 ur.

939 852 983 879 bis
996 851 1135 886 episcopo,
1152 851 1272 878 Arcadio
1290 856 1319 878 ct
1338 851 1465 887 Projecto
1481 850 1618 885 episcopis
1629 854 1657 878 et
1670 850 1737 878 Phi-

938 898 1012 933 lippo
1026 898 1204 933 presbytero,
1226 896 1404 925 beatissimus
1424 896 1591 925 lecstinus
1605 901 1675 932 papa
1691 903 1736 924 se-

903 935 925 962 B
937 943 1023 971 nloris
1037 944 1131 971 Romae
1137 944 1261 971 noscitur
1275 943 1461 979 pmsedisse.»

974 999 1019 1027 49.
1036 999 1202 1027 Convolarat
1225 999 1364 1034 Ephesum
1389 999 1481 1026 statim
1505 1001 1568 1034 post
1590 997 1737 1026 Paschales

938 1045 1020 1073 ferias
1035 1045 1188 1077 Nestorius,
1200 1046 1298 1080 magna
1318 1045 1412 1081 populi
1432 1045 1550 1080 stipatus
1570 1044 1734 1079 frequentia.

939 1090 1034 1118 Adfuit
1047 1095 1075 1118 et
1090 1090 1209 1126 Cyrillus
1225 1089 1301 1118 cultu
1323 1095 1351 1118 et
1373 1094 1506 1126 apparatu
1522 1089 1662 1125 pontiﬁcio
1683 1089 1735 1115 sub

939 1137 1116 1164 Pentecostes
1136 1136 1338 1164 solemnitatem
1358 1156 1365 1168 ,
1388 1139 1452 1171 post
1468 1140 1551 1170 quam
1573 1139 1674 1169 quarto
1689 1134 1735 1161 dic

939 1183 1050 1211 advenit
1063 1182 1205 1211 Iuvenalis
1215 1182 1466 1217 Hierosolymorum
1488 1181 1646 1216 episcopus.
1661 1180 1734 1208 Con-

938 1233 1074 1258 vencrunt
1091 1226 1212 1264 denique
1229 1235 1293 1256 cum
1316 1228 1360 1255 bis
1379 1227 1491 1255 ducenti
1515 1232 1544 1254 et
1557 1235 1592 1254 eo
1613 1227 1735 1262 mplius

937 1276 1070 1312 episcopi.
1084 1275 1178 1303 Solum
1190 1274 1403 1310 exspectabatur
1417 1273 1535 1300 Ioannes
1545 1272 1735 1299 Antiochenus

938 1330 1001 1352 eum
1017 1322 1155 1358 episcopis
1165 1321 1262 1357 Syrias,
1280 1320 1340 1356 qui,
1356 1324 1387 1347 ut
1405 1318 1535 1347 Nestorio
1560 1326 1665 1346 morem
1688 1326 1735 1353 ge-

938 1374 1022 1402 reret,
1037 1368 1183 1404 plusquam
1198 1366 1385 1394 hebdomadas
1397 1365 1467 1392 duas
1483 1365 1556 1392 ultra
1576 1363 1734 1392 condictum

937 1415 1011 1443 diem
1033 1417 1164 1446 moratus,
1184 1412 1294 1440 tandem
1310 1409 1438 1440 Patribus
1454 1411 1587 1439 indicavit
1599 1418 1649 1444 per
1663 1409 1734 1437 duos

937 1461 1164 1496 metropolitanos
1187 1467 1262 1491 suos,
1290 1465 1345 1486 non
1366 1464 1427 1486 esse
1448 1457 1583 1493 synodum
1600 1455 1733 1483 diﬁ'eren—

937 1506 1010 1533 dam.
1025 1505 1121 1541 Magno
1136 1509 1201 1540 ergo
1220 1504 1414 1539 episcoporum
1428 1509 1562 1530 consensu
1589 1501 1732 1528 decretum

936 1556 979 1580 est
998 1551 1130 1588 synodum
1147 1551 1270 1578 inchoari
1285 1553 1423 1585 oportere.
1435 1548 1556 1576 Coliecta
1573 1554 1606 1574 ea
1617 1550 1661 1574 est
1676 1553 1731 1573 xxu

936 1598 1008 1627 Junii
1022 1598 1049 1625 in
1063 1597 1179 1626 ecclesia
1189 1596 1369 1624 sanctissume
1385 1595 1433 1622 Dei
1443 1594 1592 1622 Genitricis
1604 1602 1611 1619 :
1626 1600 1730 1627 praese-

934 1644 974 1672 dit
985 1644 1102 1680 Cyrillus
1117 1642 1257 1671 lecstiui
1275 1648 1353 1677 papae
1373 1641 1515 1669 vicarius:
1539 1639 1727 1666 interfuerunt

932 1690 1051 1725 episcopi
1064 1690 1209 1724 plusquam
1219 1687 1342 1716 ducenti.
1356 1688 1488 1715 Pcrlectae
1500 1684 1675 1719 imperatoris
1687 1684 1732 1711 lit-

932 1741 1015 1768 terre,
1039 1736 1141 1771 quibus
1165 1735 1311 1770 episcopos
1341 1732 1376 1759 ad
1399 1731 1533 1768 synodum
1558 1735 1731 1759 evocaverat.

930 1781 1075 1809 Nestorius
1087 1781 1168 1808 tertio
1179 1780 1289 1812 citatus,
1304 1778 1401 1807 abnuit
1414 1778 1525 1814 prodire
1538 1787 1545 1805 :
1558 1785 1591 1805 eo
1605 1778 1731 1813 neglecto

932 1827 988 1855 itur
1003 1827 1037 1855 ad
1057 1827 1217 1864 synodicam
1234 1825 1461 1862 dijudicationem
1477 1833 1483 1851 :
1507 1824 1660 1852 recitantur
1678 1831 1729 1859 pu—

930 1873 1003 1902 biice
1020 1872 1137 1901 Nictenm
1158 1873 1219 1899 ﬁdei
1236 1873 1401 1908 symbolum,
1422 1871 1579 1902 conciones,
1595 1869 1728 1904 epistolae,

930 1919 1016 1947 libelli
1032 1927 1063 1947 ac
1086 1923 1217 1946 tractatus
1233 1918 1352 1945 Nestorii
1367 1926 1373 1943 :
1397 1921 1480 1944 testes
1499 1916 1533 1943 de
1548 1914 1729 1950 blasphemiis

930 1965 965 1992 ab
985 1972 1018 1992 eo
1041 1965 1068 1991 in
1090 1963 1231 1991 Christum
1251 1970 1283 1990 ac
1299 1962 1444 1997 Deiparam
1462 1961 1603 1996 Virginem
1618 1960 1728 1996 iactatis

930 2010 1121 2045 producuntur
1137 2016 1143 2036 ε
1160 2009 1254 2045 Cyrilli
1269 2008 1303 2036 ad
1321 2007 1490 2040 Nestorium,
1506 2011 1536 2034 et
1546 2006 1629 2042 hujus
1646 2006 1681 2033 ad
1695 2005 1729 2032 il-

930 2056 986 2083 lum
996 2055 1096 2082 litterae
1110 2054 1250 2090 leguntur.

964 2100 1008 2128 50.
1025 2099 1132 2133 Quibus
1144 2098 1276 2126 omnibus
1290 2097 1410 2133 graviter
1421 2101 1450 2124 et
1460 2099 1592 2124 "accurate
1608 2102 1728 2130 pet-pem

929 2146 978 2177 sis.
992 2145 1026 2172 ab
1040 2145 1200 2179 episcopatu
1218 2143 1450 2177 sacerdotumque
1470 2141 1610 2169 consortio
1629 2140 1729 2168 Nesto-

929 2191 988 2218 rius
996 2189 1135 2226 dejicitur,
1144 2188 1366 2216 constantissima
1378 2187 1464 2215 totius
1472 2186 1569 2221 synodi
1580 2185 1727 2217 sententia,

927 2238 1243 2275 Cyrillicaaterorumque
1254 2235 1376 2263 omnium
1395 2235 1589 2270 episcoporum
1609 2233 1725 2261 subscri-

929 2285 1023 2321 ptibne
1038 2284 1153 2312 munita.
1169 2283 1207 2311 Ea
1221 2281 1258 2310 ita
1271 2282 1390 2309 refertur
1404 2284 1426 2308 t.
1438 2280 1473 2313 ll,
1485 2287 1547 2315 cap.
1564 2279 1614 2307 i0:
1634 2288 1643 2305 ι
1659 2278 1729 2307 San~

931 2333 974 2358 cta
982 2329 1102 2367 synodus
1112 2329 1182 2357 dixit
1197 2328 1284 2357 :Cum
1299 2328 1371 2356 inter
1388 2331 1486 2356 eastern
1505 2325 1730 2362 religiosissimus

929 2376 1083 2407 Nestorius,
1109 2380 1199 2409 neque
1227 2377 1328 2401 nostra:
1349 2372 1474 2409 citatioﬁ
1498 2378 1612 2407 parere,
1638 2380 1728 2407 neque

931 2421 1118 2449 sanctissimos
1131 2421 1254 2447 'rursum
1283 2418 1560 2455 religiosissiquus
1584 2417 1732 2453 episcopos.

929 2471 1040 2494 nostros
1064 2466 1098 2493 ad
1122 2473 1152 2493 se
1172 2465 1271 2493 missos
1291 2465 1438 2493 admittere
1457 2463 1587 2496 voluerit,
1603 2470 1659 2490 non
1678 2470 1733 2497 ρο-

932 2511 1034 2540 tuimus
1046 2511 1081 2539 ad
1093 2516 1189 2539 eorum
1213 2517 1274 2547 que
1284 2511 1368 2546 impie
1380 2510 1474 2539 decuit
1497 2507 1734 2536 examinationem.

931 2558 1052 2585 animum
1076 2563 1132 2584 non
1156 2557 1315 2592 adiungere.
1337 2555 1434 2583 Edocti
1457 2555 1549 2590 itaque
1570 2554 1672 2590 partim
1693 2563 1728 2582 cx

930 2603 1032 2630 litteris
1048 2602 1308 2637 commentariisun
1331 2601 1405 2628 illius
1424 2600 1471 2628 hic
1493 2600 1605 2636 publice
1630 2600 1728 2631 lectis.

931 2650 1031 2685 partim
1048 2657 1159 2677 rursum
1180 2656 1213 2676 ex
1230 2644 1409 2676 concionibus
1439 2655 1508 2682 quas
1525 2647 1553 2673 in
1570 2647 1621 2674 hac
1636 2646 1729 2681 Ephe-

932 2696 1035 2723 siorum
1048 2695 1194 2729 metropoli
1210 2693 1323 2726 habuit,
1341 2694 1442 2728 partim
1464 2693 1582 2727 denique
1599 2700 1632 2720 ex
1651 2692 1727 2719 testi-

931 2740 984 2768 bus
995 2740 1048 2767 ﬂde
1065 2739 1166 2775 dignis,
1183 2739 1260 2766 illum
1278 2739 1363 2774 impie
1381 2738 1482 2766 docere
1503 2741 1533 2765 et
1552 2744 1659 2772 sapere,
1677 2744 1727 2771 per

932 2764 1047 2768 ﬂ“.--
1510 2764 1515 2765 γ
1584 2764 1591 2772 ,
1654 2764 1686 2771 ,.

932 2793 1025 2813 sacros
1047 2764 1177 2816 canones,
1199 2784 1422 2819 sanctissimique
1446 2783 1575 2811 Romanae
1595 2782 1726 2810 Ecclesia:
1745 2764 1751 2800 ί

930 2831 1052 2866 episcopi
1069 2830 1210 2859 ϐαεκεαηί
1232 2830 1318 2865 patris
1334 2829 1424 2857 nostri
1445 2829 1565 2860 iittcras,
1594 2828 1724 2863 lucrymis

932 2874 1028 2902 suffusi
1044 2879 1071 2902 et
1083 2882 1154 2909 pene
1165 2873 1244 2902 inviti
1258 2873 1293 2902 ad
1309 2874 1454 2909 lugubrem
1471 2874 1542 2900 hanc
1559 2872 1722 2900 sententiam

932 2930 1071 2958 urgemur.
1097 2920 1182 2956 igitur
1206 2922 1339 2950 Dominus
1362 2925 1456 2948 noster
1480 2919 1559 2949 Jcsus
1584 2919 1721 2950 Christus,
