3998 6304
569 346 645 403 31'
1061 387 1064 391 η
1909 357 1969 413 S.
2008 354 2290 413 CYRILLI
2326 352 2506 411 VITA.
3754 357 3824 415 52

562 476 727 532 quem
776 460 892 557 suis
931 460 1024 518 ille
1065 463 1403 557 blasphemia
1434 467 1665 524 vocibus
1706 469 1998 540 impetivit,
2046 481 2217 543 pera
2246 470 2333 525 sui
2371 478 2430 525 et
2472 485 2604 526 cum
2645 471 2832 527 multis
2872 472 3333 546 Pelagianis,.qui
3381 484 3675 546 cognatum
3719 479 3825 557 sibi

561 567 776 611 sacram
805 553 949 609 hanc
991 555 1281 627 synodum,
1319 559 1583 614 eumdem
1621 560 1957 628 Nestorium,
1991 565 2143 618 omni

560 658 790 712 prorsus
820 644 1117 715 episcopali
1147 640 1411 719 dignitate
1450 650 1749 720 privatum,
1800 655 1971 710 etab
2016 656 2142 711 uni-

560 750 722 791 verso
760 737 1124 794 nihilominus
1177 741 1527 797 sacerdotum
1573 745 1853 800 consortio
1894 753 1952 801 et
1997 757 2144 803 cmtu

560 826 803 882 alienum
836 843 957 885 esse
982 829 1257 887 decernit.
1294 851 1314 884 ι

626 919 714 973 5i.
748 919 902 976 Hanc
932 923 1263 979 sententiam
1291 915 1527 980 solemni
1561 926 1747 983 statim
1775 942 1973 999 pompa
2000 944 2144 1000 ιιι-ω-

562 1024 730 1066 cenes
763 1019 876 1067 tota
914 1013 1053 1070 urbe
1084 1015 1562 1084 circumtulerunt,
1606 1026 1664 1074 et
1700 1017 1874 1075 aﬂixis
1920 1020 2143 1091 publice

562 1104 889 1173 syngraphis
921 1107 1356 1178 promulgarunt.
1401 1109 1643 1179 Populus
1688 1110 2002 1181 Ephesinus
2054 1113 2143 1168 in-

560 1199 813 1257 eredibili
835 1201 1032 1271 gaudio
1052 1203 1306 1273 perfusus
1327 1206 1733 1263 collucentibus
1747 1209 1905 1264 taedis
1917 1209 2144 1265 domum

561 1289 791 1345 deduxit
826 1291 1130 1363 episcopos,
1167 1298 1629 1365 praetereuntibus
1661 1298 1823 1353 thura
1857 1306 1914 1355 et
1945 1299 2157 1357 odores

564 1380 830 1447 incendit,
853 1381 1114 1453 impiique
1140 1385 1379 1442 Nestorii
1407 1389 1917 1446 condemnationem
1946 1392 2155 1462 plausu.

562 1475 899 1532 faustissim
925 1476 1160 1548 excepit.
1194 1477 1455 1548 Sequenti
1486 1481 1574 1537 die
1599 1479 1837 1554 Cyrillus
1867 1483 1939 1537 ad
1963 1500 2145 1554 popu-

562 1565 678 1620 lum
705 1566 1040 1637 Ephesinum
1073 1566 1130 1622 in
1156 1568 1377 1623 laudem
1396 1570 1753 1627 sanctissima
1770 1572 1870 1627 Dei
1897 1572 2145 1629 Genitri-

560 1655 646 1710 cis
673 1654 1001 1712 concionem
1018 1657 1231 1725 habuit,
1258 1661 1634 1732 acerrimeque
1659 1662 1714 1717 in
1734 1662 1973 1719 Nestorii
1993 1665 2149 1722 blas—

563 1746 818 1819 phemias
836 1747 1085 1804 invectus
1105 1756 1210 1805 est.
1245 1750 1492 1821 Denique
1516 1751 1585 1807 ad
1625 1753 1997 1809 Theodosium
2038 1754 2150 1809 im-

2244 562 2439 633 dogma
2473 563 2760 634 iuvabant,
2795 565 3116 633 damnatur.
3140 586 3167 619 ι.
3780 634 3788 647 ⁵

2314 657 2402 713 55.
2426 657 2641 726 ιιιιθςεει
2660 657 2978 729 imperator,
3007 658 3142 717 falsa
3175 659 3537 727 Orientalium
3558 660 3853 735 relatione,

2244 748 2531 819 deceptus,
2564 766 2675 809 non
2704 751 2882 806 solum
2928 751 3191 818 Nestorii,
3216 768 3410 809 verum
3424 752 3611 809 xetiam
3634 754 3823 826 Cyrilli

2241 847 2299 895 et
2343 841 2649 898 Memnonis
2701 843 3233 910 exauctorationem,
3274 852 3533 915 tanquam
3580 845 3841 917 legitime-

2242 931 2470 999 factam,
2524 933 2790 1004 approbat
2838 951 2864 989 ς.
2920 934 3188 991 Joannem
3234 950 3519 992 sacrorum
3565 937 3823 992 comitem

2240 1025 2715 1097 Constantinopoli
2748 1025 3029 1098 Ephesum
3064 1027 3227 1097 legat,
3270 1026 3369 1097 qui
3405 1026 3556 1098 pacis
3587 1043 3820 1083 concor-

2240 1117 2455 1189 diaeque
2475 1134 2640 1175 causa
2664 1118 2873 1191 synbdo
2900 1117 3064 1183 adsit,
3087 1125 3150 1172 ut
3175 1117 3379 1173 dicitur
3407 1125 3556 1173 tomo
3583 1118 3673 1184 Ill,
3697 1134 3819 1189 cap.

2243 1209 2335 1265 l5.
2365 1210 2478 1266 llic
2494 1211 2599 1266 ubi
2618 1211 2894 1280 Ephesum
2925 1208 3172 1275 advenit,
3198 1209 3378 1280 prima
3406 1209 3496 1266 die
3526 1210 3685 1266 lectis
3713 1211 3821 1265 im-

2239 1302 2511 1371 peratoris
2568 1301 2788 1368 litteris,
2843 1300 3087 1357 declarat
3138 1300 3475 1367 Nestorium,
3532 1300 3819 1374 Cyrillum,

2241 1398 2406 1462 atque
2426 1391 2773 1449 Memnonem
2808 1392 2934 1463 jure
2975 1391 3295 1462 depositus:
3332 1407 3723 1462 quosomnes,
3751 1409 3823 1449 ne

2241 1484 2470 1546 dissidia
2490 1485 2699 1557 majora
2714 1485 3141 1550 concitarentur,
3166 1484 3376 1541 carceri
3412 1501 3687 1557 quemque
3720 1502 3823 1541 suo

2241 1576 2506 1642 includit;
2533 1584 2592 1632 et
2612 1574 2929 1631 Nestorium
2955 1574 3183 1647 quidem
3207 1576 3628 1633 custodiendum
3656 1577 3829 1633 tradit

2238 1664 2583 1720 Candidiano.
2599 1663 2809 1729 comiti,
2839 1661 3103 1735 Cyrillum
3116 1679 3248 1720 vero
3275 1672 3334 1722 et
3355 1665 3702 1722 Memnonem
3724 1667 3820 1723 la-

2239 1757 2394 1815 oobo
2434 1757 2625 1815 itidem
2669 1756 2880 1823 comiti,
2934 1764 2997 1814 ut
3048 1757 3166 1829 ipse
3212 1758 3452 1815 Joannes
3488 1758 3697 1827 litteris
3752 1759 3825 1814 ad

564 1845 873 1905 peratorem
907 1846 965 1893 et
998 1839 1206 1894 clerum
1234 1838 1898 1914 Constantinopolitanum
1918 1824 2223 1915 scriptaBi
2242 1849 2616 1911 Theodosium
2634 1848 2819 1905 missis
2845 1847 3054 1904 indicat
3068 1824 3214 1906 tom.
3239 1844 3330 1913 III,
3356 1824 3591 1920 append.
3613 1848 3669 1914 2,
3696 1863 3818 1920 cap.

560 1936 695 1984 stmt
713 1929 915 1997 littera)
931 1931 1239 2002 syaodales.

561 2084 590 2157 5
616 2085 684 2143 Χ.
707 2084 868 2144 Novae
896 2089 963 2144 in
975 2086 1235 2162 Cyrillum
1257 2089 1538 2167 calumnia:
1552 2108 1571 2158 ;
1597 2108 1827 2149 carceres
1842 2109 1873 2161 ,'-
1895 2095 2138 2151 uictoria.

634 2222 726 2280 5Q.
755 2223 883 2280 Haec
908 2225 1045 2281 dum
1060 2238 1280 2283 summa
1298 2228 1753 2287 .orthodoxorum
1791 2230 1981 2288 laetitia
2005 2246 2143 2302 per-

562 2322 818 2385 aguntur;
837 2317 1413 2375 certamea'instau-at
1435 2320 1804 2379 Βωηεὶθῐώα
1831 2322 2145 2389 Nestorium

564 2405 630 2459 Ei
672 2405 949 2461 favebant
972 2408 1239 2476 comites,
1268 2409 1649 2471 Candidiano
1697 2413 1770 2469 ab
1808 2414 2141 2485 imperatore

564 2495 878 2553 Theodosio
902 2498 974 2554 ad
998 2514 1189 2569 pace-
1213 2500 1491 2572 publicam
1516 2505 1813 2563 curandam
1835 2506 2145 2577 appositus,

560 2594 623 2642 et
643 2587 887 2646 [rancus
909 2590 1166 2647 an'citim
1205 2592 1395 2651 studio
1423 2593 1755 2653 Nestorium
1771 2580 2025 2653 secutus-
2044 2597 2137 2654 ln-

564 2676 952 2734 terclndnntur
979 2692 1113 2751 ergo
1134 2679 1205 2737 ab
1224 2680 1316 2739 bis
1337 2681 1441 2739 vim
1466 2697 1691 2751 omnes,
1715 2699 1916 2757 nequa
1932 2686 2138 2759 synodi

564 2767 765 2823 littera:
783 2769 853 2825 ad
886 2769 1275 2841 imperatorem
1302 2772 1646 2841 deierantur,
1666 2783 1818 2833 terra
1847 2784 1949 2832 aut
1975 2779 2137 2849 mari.

565 2859 791 2915 Interim
841 2861 1083 2919 Joannes
1135 2864 1431 2934 episcopus
1478 2864 1857 2924 Antiochenus
1928 2868 2134 2940 aliique

562 2949 871 3008 Orientales
894 2952 1158 3026 episcopi,
1189 2953 1259 3011 ad
1292 2954 1661 3013 damnandum
1696 2957 2009 3015 Nestorium
2034 2976 2137 3032 po-

563 3043 813 3111 pularem
832 3054 996 3100 suum
1015 3045 1265 3116 ingratiis
1282 3047 1463 3114 acciti,
1479 3040 1623 3107 xxvn
1643 3049 1797 3117 Junii
1813 3051 2139 3119 adveniunt,

563 3141 623 3238 et
650 3135 1008 3238 tumultuario
1038 3145 1237 3238 coacti!
1265 3139 1628 3238 conciliabula
1655 3140 1914 3213 legitime
1943 3143 2136 3214 synodi
2166 3178 2211 3238 ε

564 3227 700 3283 Acta
733 3228 1070 3295 rescindunt,
1099 3218 1175 3287 ac
1186 3229 1454 3304 Cyrillum
1478 3240 1535 3289 et
1553 3232 1898 3291 Memnonem
1936 3234 2140 3305 Ephesi

561 3320 881 3390 episcopum
909 3321 1205 3391 damnant;
1233 3323 1499 3396 Cyrillum
1518 3327 1764 3397 quidem,
1809 3326 1968 3398 quasi
1999 3328 2140 3385 scri-

565 3412 679 3483 ptis
724 3413 839 3468 suis
863 3413 931 3469 ad
950 3413 1265 3472 Nestorium
1281 3417 1808 3490 Constantinopolim
1833 3419 2016 3476 missis
2032 3420 2143 3477 ha:-

570 3518 729 3558 rcses
760 3504 1166 3574 admiscuisset,
1193 3508 1536 3567 Memnonem
1587 3525 1721 3569 vero
1768 3510 1918 3583 quod
1952 3512 2142 3585 Cyrilli

562 3594 803 3666 capitula
822 3598 1239 3670 promulgasset,
1253 3600 1614 3673 Nestorisque
1656 3618 1851 3659 omnes
1882 3605 2143 3663 ecclesias

565 3686 769 3757 Ephesi
801 3689 1104 3758 clausisset,
1134 3700 1194 3749 et
1223 3694 1330 3751 alia
1370 3694 1645 3765 permulta
1675 3702 1867 3759 contra
1905 3710 2143 3754 canones

565 3779 869 3850 peregisset
896 3797 911 3834 :
944 3780 1185 3853 reliquos
1210 3790 1395 3842 autem
1423 3785 1777 3845 oecumenicse
1797 3782 1993 3858 synodi
2020 3787 2143 3858 epi-

564 3882 764 3941 scopos
786 3874 1336 3933 excommunicationi
1376 3877 1698 3950 subjiciunt,
1735 3879 1914 3939 donec
1954 3879 2142 3953 Cyrilli

565 3962 808 4032 capitula
849 3963 1192 4023 damnarent.
1232 3966 1451 4031 Charm
1488 3969 1726 4043 denique
1773 3972 2141 4043 publice-olm

476 4091 486 4101 .
568 4063 791 4124 guntur,
817 4058 1017 4128 quibus
1043 4058 1278 4131 Cyrillus
1305 4060 1598 4133 episcopus
1616 4062 2018 4121 Alexandrinus
2040 4065 2143 4121 de—

560 4147 808 4207 claratur
853 4159 1017 4207 secta
1053 4152 1386 4224 Apollinaris
1432 4155 1745 4221 hereticus,
1770 4164 1953 4227 atque
2002 4157 2144 4212 hanc

567 4241 689 4312 ejus
717 4240 967 4299 haeresim
992 4245 1310 4316 imperatori
1339 4246 1717 4303 denuntiatam
1749 4260 1891 4303 esse.

638 4332 727 4387 53.
763 4332 1009 4401 Quarum
1046 4340 1239 4392 rerum
1282 4337 1613 4409 indignitate
1659 4338 1927 4397 commoti
1955 4339 2145 4396 Patres

567 4422 857 4493 Ephesium
887 4426 1103 4498 synodi,
1122 4427 1372 4499 acceptis
1407 4427 1610 4487 libellis
1642 4426 1988 4497 supplicibus
2005 4444 2144 4498 quos

2244 1941 2301 2005 1.,
2323 1940 2524 2011 quibus
2551 1941 2785 2012 aliisque
2816 1941 3015 2001 litteris
3046 1941 3198 1999 tanta
3235 1936 3583 2015 improbitate
3622 1949 3837 1997 cuncta.

2242 2031 2453 2098 retulit,
2484 2040 2546 2087 ut
2569 2032 2637 2090 de
2656 2031 2845 2105 Cyrilli
2874 2033 3069 2090 exsilio
3099 2033 3390 2099 consilium
3428 2031 3822 2088 Constantino-

2241 2121 2354 2193 poli
2381 2123 2636 2191 iniretnr,
2657 2125 2816 2195 quasi
2830 2140 2989 2182 sacra
3011 2112 3402 2197 synodusiejus
3420 2124 3825 2180 exauctoratio-

2241 2230 2371 2273 nem
2388 2225 2564 2275 ratam
2586 2216 2870 2275 habuisset
2886 2256 2902 2283 ,
2923 2226 2987 2272 ut
3008 2218 3124 2287 ipse
3144 2215 3382 2288 Cyrillus
3402 2214 3462 2269 in
3478 2215 3738 2287 Epistola.
3747 2216 3833 2271 adv

2242 2303 2441 2359 clerum
2484 2304 2840 2377 populumque
2896 2304 3539 2377 Conuautiu0politanum
3591 2314 3820 2363 testatur

2245 2401 2394 2453 tome
2412 2395 2503 2461 Ν,
2527 2410 2645 2465 cap.
2674 2394 2762 2461 12,
2789 2394 2881 2450 ubi
2906 2395 3157 2451 detectas
3171 2394 3399 2451 Joannis
3421 2396 3643 2455 comitis
3666 2395 3817 2469 fraus

2243 2484 2342 2543 des
2364 2486 2604 2557 postulat
2636 2485 2771 2543 aliis
2788 2486 3055 2558 pateﬁeri,
3086 2487 3322 2545 maxime
3348 2486 3839 2555 archimandritis,

2241 2591 2485 2646 quorum
2520 2575 2769 2633 omnium
2795 2591 2957 2648 opem
2996 2576 3267 2648 ﬁdemque
3304 2576 3505 2643 obnixe
3543 2577 3835 2651 implorat,

2242 2661 2389 2735 quod
2404 2661 2651 2732 synodus
2664 2663 2918 2721 maximis
2935 2663 3172 2721 miseriis
3193 2664 3460 2720 obruatur
3472 2674 3565 2733 ;.et
3587 2682 3704 2737 cap.
3728 2666 3838 2745 l8,,‘

2242 2755 2310 2811 ad
2359 2755 2645 2826 episcopos
2694 2755 3166 2835 Constantinopoli
3212 2765 3462 2831 agentes
3488 2756 3557 2812 de
3606 2773 3664 2813 se
3714 2756 3823 2813 hoc

2241 2845 2468 2904 scribit:
2493 2866 2521 2901 .‹
2541 2847 2653 2903 Nos
2674 2847 2844 2904 vincti
2869 2847 3237 2921 custoditique
3257 2864 3619 2929 asservamur,
3642 2848 3819 2919 ignari

2244 2953 2468 3009 prorsus
2520 2955 2630 3010 quo
2659 2940 2880 2997 tandem
2910 2957 3000 2999 res
3035 2939 3155 3000 haec
3192 2942 3266 2998 sit
3300 2956 3549 2997 evasura.
3584 2941 3835 2996 Verum-—

2244 3016 2428 3082 tamen
2457 3029 2660 3101 gratias
2690 3029 2904 3100 agimus
2924 3028 3166 3095 Christo,
3193 3029 3339 3102 quod
3374 3046 3476 3102 pro
3504 3031 3724 3086 nomine
3750 3030 3827 3086 il-

2243 3118 2351 3175 lius
2370 3118 2868 3192 digni‘ltabeamnr,
2894 3137 3007 3178 non
3028 3123 3207 3178 solum
3232 3122 3468 3178 vinculis
3498 3124 3829 3196 constringi,

2242 3211 2337 3268 sed
2362 3221 2557 3268 cmtera
2580 3228 2803 3283 quoque
2836 3212 3022 3267 omnia
3044 3213 3256 3285 perpeti
3280 3230 3297 3267 :
3321 3229 3501 3284 neque
3528 3212 3674 3268 enim
3717 3214 3837 3270 ista

2242 3303 2484 3375 praemiis
2524 3303 2641 3359 suis
2677 3300 3009 3359 carebunt...
3049 3305 3353 3361 Precentur
3391 3322 3490 3376 pro
3526 3304 3689 3361 nobis
3727 3320 3829 3360 or-

2241 3394 2467 3451 thodoxi
2495 3411 2703 3451 omnes.
2729 3396 2801 3453 Ut“
2820 3396 2968 3451 enim
2991 3396 3186 3451 beatus
3230 3395 3398 3451 David
3422 3396 3540 3451 ait:
3586 3396 3717 3468 Ego
3753 3397 3838 3452 ad

2240 3485 2459 3560 ﬂagella
2488 3495 2709 3561 paratur
2739 3504 2880 3542 sum.
2912 3485 3082 3559 (Psal.
3104 3502 3303 3553 xxxvn,
3339 3484 3490 3557 ‘18.).
3824 3498 3831 3505 '

2303 3601 2391 3659 56.
2422 3600 2639 3671 Quanta
2674 3601 2846 3661 animi
2874 3601 3205 3668 constantia,
3229 3615 3504 3672 quamque
3548 3599 3841 3667 indefessa:

2239 3694 2446 3762 studio,
2475 3694 2692 3767 egerint
2726 3693 2875 3767 apud
2920 3694 3309 3765 imperatorem
3346 3691 3638 3749 orthodoxi
3674 3693 3831 3751 Con-

2240 3784 2734 3855 stantinopolitani,
2753 3784 2961 3841 indicat
2972 3784 3196 3849 libellus
3215 3783 3295 3838 illi
3311 3783 3713 3851 oblatus,_tomo
3728 3787 3829 3853 Ν,

2240 3891 2361 3947 cap.
2396 3876 2483 3942 l6,
2521 3890 2633 3947 quo
2659 3890 2787 3930 cum
2808 3875 3147 3941 docuissent,
3192 3876 3359 3947 justis
3398 3877 3707 3948 principum
3738 3880 3826 3936 le-

2240 3964 2402 4036 gibus
2454 3962 2969 4034 obtemperandum,
3033 3963 3254 4036 injustis
3312 3980 3443 4020 vero
3500 3965 3833 4025 eorumdcm

2240 4053 2618 4111 sanctionibus
2660 4046 3076 4126 repugnandum
3109 4056 3241 4112 totis
3270 4055 3483 4112 viribus
3509 4072 3649 4124 esse,
3692 4058 3833 4113 sub—

2236 4145 2477 4218 iungunt
2505 4162 2565 4202 se
2604 4145 2835 4217 quidvis.
2850 4146 3016 4203 malle
3059 4147 3292 4219 perpeti,
3340 4163 3505 4219 quam
3559 4147 3825 4220 injustam

2241 4236 2614 4295 damnationis
2639 4239 2964 4297 sententiam
3006 4238 3216 4294 nefarie
3249 4238 3318 4295 ab
3349 4237 3720 4296 Orientalibus
3764 4226 3828 4298 in

2239 4329 2504 4402 Cyrillum
2532 4340 2599 4386 et
2616 4328 2958 4387 Mcmnone’m
2990 4330 3177 4396 latam,
3212 4339 3271 4387 et
3312 4331 3518 4409 injuste
3543 4331 3612 4386 ab
3642 4332 3825 4406 impe-

2242 4422 2522 4480 ratoribus
2545 4423 2943 4490 conﬁrmatam,
2967 4424 3233 4495 recipere.
3257 4422 3502 4497 Denique
3524 4424 3611 4479 his
3634 4424 3822 4482 verbis

567 4531 669 4584 pro
699 4532 797 4572 sua
828 4518 1145 4583 innocentia
1163 4520 1401 4592 Cyrillus
1433 4535 1499 4579 ae
1516 4520 1777 4582 Memnon
1806 4519 2139 4588 obtulerant,
2174 4537 2218 4594 ε)
2245 4506 2585 4587 concludunt
2610 4532 2624 4568 :
2676 4533 2694 4567 ι
2724 4514 2861 4573 Cum
2890 4513 3073 4584 itaque
3093 4513 3380 4571 Nestorius
3407 4524 3630 4588 propter
3659 4531 3821 4571 suam

564 4608 831 4665 Joannem
857 4612 1037 4668 missis
1056 4612 1233 4669 tribus
1252 4612 1528 4681 episcopis
1547 4618 1775 4673 monent
1814 4619 1877 4667 ut
1921 4625 1985 4673 se
2017 4628 2143 4684 syn-

464 4724 467 4727 -
564 4699 674 4757 odo
691 4700 869 4768 sistat,
894 4703 1162 4758 rationem
1183 4701 1418 4759 suifacti
1439 4701 1777 4781 redditurus.
1803 4701 2012 4759 Abnuit
2028 4703 2139 4773 ille,

566 4792 805 4849 militum
841 4793 1025 4864 potius
1048 4793 1255 4848 virtuti
1279 4804 1443 4863 quam
1478 4807 1661 4851 causa
1687 4792 1932 4863 aequitati
1966 4793 2143 4851 conti-

565 4897 680 4940 sus.
717 4885 899 4952 Quare
933 4882 1184 4955 synodus
1214 4882 1483 4939 Joannem
1516 4897 1643 4941 cum
1686 4886 1869 4953 sociis,
1911 4888 2143 4945 anathe-

563 4985 708 5032 mate
719 4988 885 5045 atque
897 4974 1246 5045 episcopatus
1254 4972 1607 5047 abdicatione
1623 4975 1839 5045 multat;
1857 4976 2140 5049 Cyrillum,

564 5068 933 5129 Memnonem,
953 5079 1019 5120 ac
1036 5064 1281 5136 reliquos
1299 5072 1493 5123 contra
1511 5067 1602 5138 jus
1621 5083 1686 5125 ac
1708 5067 1789 5124 fas
1803 5084 1967 5127 omne
1985 5068 2143 5124 dam-

565 5169 721 5214 natos
758 5158 929 5212 fuisse
954 5158 1317 5228 pronuntiat:
1359 5159 1596 5231 Cyrillus
1622 5188 1623 5195 η
1648 5176 1781 5219 vero
1822 5170 2145 5219 ostensurus

564 5264 728 5318 quam
744 5247 1129 5317 longeabesset
1158 5250 1525 5320 utaliquando
1538 5250 1909 5321 Apollinarem
1941 5251 2029 5305 vel
2051 5249 2147 5304 ali-

562 5338 1127 5408 quembzm'eticorum
1142 5349 1386 5399 sectatus
1396 5341 1583 5407 fuerit,
1601 5342 1660 5397 in
1673 5339 2144 5411 eumdemApolli-

566 5446 756 5486 narem
772 5438 834 5486 et
850 5430 990 5487 alios
1006 5447 1196 5490 annos
1212 5434 1608 5490 haeresiarchas
1624 5432 1809 5489 intulit
1827 5433 2142 5488 anathema.

637 5521 725 5576 54.
755 5522 1077 5594 Pelagianos
1104 5540 1228 5580 cum
1254 5524 1511 5587 Nestorio
1544 5523 1832 5579 damnatos
1856 5522 2026 5578 fuisse
2063 5532 2145 5579 te-

564 5622 743 5679 statur
771 5614 1007 5687 Prosper
1038 5615 1095 5670 in
1121 5615 1376 5672 Chronica
1403 5614 1474 5671 ad
1500 5613 1650 5668 hunc
1675 5627 1882 5667 annum
1914 5628 1927 5666 :
1963 5631 1980 5661 ι
2006 5609 2149 5666 Con-

567 5717 782 5780 gregata
826 5708 973 5780 apud
1017 5708 1299 5778 Ephesum
1346 5707 1473 5776 plus
1515 5705 1878 5763 ducentorum
1929 5700 2142 5773 synodo

568 5795 942 5861 sacerdotum,
989 5795 1273 5855 Nestorius
1323 5809 1448 5851 cum
1488 5792 1638 5850 omni
1684 5791 1877 5848 hteresi
1906 5791 2147 5848 nominis

2236 4603 2587 4675 impietatem
2598 4605 2748 4677 juste
2779 4603 2851 4658 sit
2881 4611 3266 4660 exauctoratus
3282 4620 3313 4672 ;.
3326 4603 3563 4677 Cyrillus
3597 4621 3730 4660 vero
3763 4613 3825 4667 et

2242 4695 2496 4751 Memnon
2523 4692 2854 4751 sanctissimi
2887 4688 3230 4764 piissimique
3266 4694 3528 4773 episc0pi,
3556 4710 3623 4749 ex
3654 4711 3829 4771 prava

2242 4788 2612 4860 suggestione,
2636 4776 2860 4856 indigne
2888 4794 2945 4842 et
2971 4787 3173 4858 injuste
3204 4785 3321 4857 pari
3353 4801 3515 4857 poena
3541 4786 3654 4841 sint
3676 4791 3827 4845 mul-

2242 4881 2376 4947 tati;
2402 4894 2620 4951 aequum
2647 4885 2752 4943 est,
2778 4876 2983 4933 Christi
3006 4885 3253 4934 amantes
3311 4894 3485 4951 reges,
3510 4879 3705 4935 sedulo
3725 4898 3830 4937 vos

2232 4990 2437 5049 curare
2485 4989 2556 5033 ne
2578 4973 2675 5035 Dei
2704 4972 2969 5038 Ecclesia,
2991 4988 3112 5043 quae
3128 4985 3282 5025 more
3303 4969 3536 5025 nutricis
3559 4969 3827 5040 pietatem

2243 5074 2480 5122 vestram
2514 5064 2787 5131 confovet,
2831 5062 3227 5133 victoriamque
3266 5060 3334 5115 de
3371 5060 3644 5124 hostibus,
3686 5061 3829 5117 citra

2244 5171 2494 5229 magnam
2521 5154 2893 5210 dilﬁcultatem
2914 5152 3181 5223 majestati
3205 5160 3399 5207 vestra:
3428 5150 3662 5221 subinde
3686 5152 3828 5207 con;-

2245 5248 2415 5312 ciliat,
2462 5248 2521 5303 in
2562 5256 2843 5318 posterum
2892 5245 3218 5315 dissipetur;
3250 5230 3607 5316 'neveircgni
3653 5245 3828 5299 vestri

2245 5348 2494 5410 tempore
2549 5348 2850 5413 martyrum
2904 5336 3166 5397 sacculum
3219 5334 3402 5395 denuo
3451 5342 3757 5389 revertatur
3810 5353 3825 5389 :

2244 5431 2379 5502 quin
2411 5431 2470 5486 in
2502 5430 2560 5486 id
2590 5430 2774 5501 potius
2797 5428 3115 5487 incumbere
3144 5442 3242 5505 vos
3271 5444 3370 5499 par
3390 5434 3493 5492 est,
3536 5441 3735 5496 nempe
3765 5437 3832 5483 ut

2245 5521 2520 5591 majorum
2551 5529 2865 5577 vestrorum
2894 5534 3023 5590 erga
3056 5518 3150 5573 Dei
3184 5515 3454 5572 Ecclesias
3485 5531 3726 5569 amorem
3759 5532 3831 5572 ac

2245 5610 2491 5668 studium
2515 5609 2572 5664 in
2600 5609 2801 5665 animis
2827 5608 3027 5665 vestris
3061 5606 3234 5679 magis
3277 5603 3557 5676 magisque
3588 5604 3831 5662 subinde

2248 5700 2619 5759 exsuscitctis.
2680 5698 3153 5769 Quemadmodum
3203 5710 3342 5767 ergo
3384 5695 3583 5767 singuli
3626 5708 3826 5751 eorum

2250 5801 2564 5850 sanctorum
2596 5792 2822 5847 Patrum
2848 5786 3073 5857 synodis
3106 5784 3317 5857 imperii
3346 5785 3429 5842 sui
3466 5793 3707 5854 tempore
3734 5799 3829 5843 cc-
