3998 6304
234 304 311 367 33
1588 315 1644 367 s.
1687 314 1763 369 ut
1781 313 1961 368 illi.”
2004 314 2180 368 \l'lA.
3447 319 3519 376 si,

240 423 475 481 latratis
518 432 845 494 paruerunt,
898 424 1232 493 Petrumque
1275 425 1590 481 sanctiones
1622 425 1837 495 legibus
1866 431 1908 486 Α
1939 424 2211 493 cipalibus
2250 432 2304 479 et
2339 426 2723 497 potestatibus,
2773 428 2918 483 dum.
2952 430 3140 485 mundi
3188 432 3428 489 dominis
3462 444 3521 490 et

243 517 364 572 suis
388 516 730 582 munierunt,
764 525 823 571 et
850 531 1013 587 quam
1053 515 1163 569 illis
1197 515 1494 581 deferrent,
1528 517 1831 572 observan-

245 608 379 663 tiam
410 608 654 669 decretis
681 609 801 666 suis
836 607 1220 673 ostenderunt,
1267 609 1345 663 ita
1389 618 1446 664 et
1484 624 1583 663 vos
1614 622 1835 679 quoque

242 715 374 754 eum
407 716 575 770 quem
604 702 766 758 decet
807 701 1067 757 affectum
1100 715 1229 771 erga
1268 702 1537 773 synodum
1568 710 1834 765 sanctam,

243 805 411 860 quam
437 792 739 847 convenire
760 791 1020 863 iussistis,
1049 790 1326 847 declarate
1355 809 1368 844 :
1402 806 1515 861 quo
1555 792 1674 861 pias
1717 790 1835 861 ipsa

243 886 545 956 gratiarum
605 887 853 943 actiones
890 902 996 958 pro
1053 886 1270 956 imperii
1329 886 1500 941 vestri
1542 885 1835 940 incolumi-

247 984 359 1030 tate
412 977 712 1045 persolvat,
761 985 820 1032 et
876 993 981 1032 nos
1041 991 1261 1047 quoque
1301 990 1404 1046 pro
1460 976 1616 1047 regni
1665 977 1836 1031 vestri

243 1067 547 1123 stabilitate
590 1067 818 1124 devotas
867 1069 937 1123 ad
976 1056 1258 1125 Christum
1308 1068 1600 1123 Dominum
1645 1083 1837 1139 preces

246 1158 707 1217 tmnsmittamus.
746 1179 767 1211 ι

298 1251 391 1305 57.
422 1251 730 1321 Imperator
758 1253 1031 1308 acerrim
1061 1254 1159 1308 illo
1187 1254 1621 1309 orthodoxorum
1648 1255 1835 1311 libello

243 1342 682 1413 expergefactus,
705 1353 763 1399 et
791 1344 979 1400 amissi
1020 1346 1078 1400 in
1116 1345 1300 1401 Africa
1327 1347 1605 1402 exercitus
1637 1348 1835 1402 nuntio

246 1442 578 1497 commotus,
629 1450 851 1491 necnon
881 1435 938 1490 S.
970 1436 1270 1492 Pulcher-ia;
1289 1437 1499 1492 sororis
1528 1452 1641 1492 sure
1661 1436 1838 1507 preci-

251 1528 355 1583 bus
371 1528 652 1598 fatigatus,
685 1528 903 1584 saniora
932 1527 1152 1585 tandem
1180 1528 1408 1584 consilia
1446 1528 1588 1593 iniit,
1624 1538 1681 1583 et
1736 1543 1829 1583 se-

250 1632 404 1691 ptem
460 1621 535 1675 ab
588 1628 822 1690 utraque
852 1629 1007 1691 parte
1056 1621 1273 1691 Epheso
1303 1620 1833 1692 Constantinopolim

1932 516 2285 573 tenebrarum
2310 518 2495 573 δωρειιί
2531 518 2696 590 hujus
2731 520 3055 585 rectoribus,
3091 523 3222 578 dum
3257 526 3522 595 nequitia:

1935 608 2223 677 spiritibus
2244 608 2519 675 resistitis,
2540 611 2831 676 tolerastis,
2854 612 3132 667 auditione
3161 618 3471 686 accepimus
3502 634 3517 670 :

1936 699 2071 754 alias
2098 717 2229 755 vero
2254 711 2404 756 certa
2429 703 2786 773 experientia:
2814 703 2917 758 fide
2946 704 3035 759 hic
3060 709 3340 762 constituti
3372 710 3520 763 didi—

1936 789 2162 862 cimus),
2197 800 2254 845 et
2291 792 2419 861 quia
2457 808 2676 848 rursum
2713 793 2779 849 ad
2822 809 3031 865 magna:
3075 795 3238 867 hujus
3285 798 3523 853 civitatis

1935 882 2471 954 archiepiscopatum
2499 887 2737 955 promoti
2773 901 2964 943 sumus
2983 926 2996 952 ,
3026 886 3275 958 dignare,
3302 889 3413 943 Deo
3441 890 3524 942 di-

1934 972 2256 1041 lectissime,
2286 992 2412 1033 cum
2443 978 2702 1047 precibus
2744 994 2844 1035 nos
2871 978 3086 1044 fulcire,
3126 987 3245 1035 tum
3277 978 3525 1035 consiliis

1936 1081 2158 1136 quoque
2198 1067 2468 1139 dirigere,
2507 1079 2622 1124 tum
2659 1070 2810 1125 omni
2850 1069 3087 1140 denique
3128 1070 3524 1127 benevolentia:

1936 1158 2122 1215 studio
2154 1160 2447 1230 prosequi;
2493 1176 2605 1230 quo
2652 1162 2757 1216 hac
2802 1162 3021 1216 ratione,
3057 1163 3190 1218 illud
3226 1162 3524 1234 Scriptura:

1936 1248 2147 1304 dictum
2188 1251 2244 1305 in
2264 1250 2425 1305 nobis
2459 1251 2822 1321 adimpleatur
2847 1269 2861 1305 :
2888 1250 3078 1309 Frater
3122 1254 3213 1323 qui
3238 1253 3524 1324 adjuvetur

1935 1359 1969 1397 α
2003 1343 2190 1413 fratre,
2221 1346 2375 1414 quasi
2397 1345 2578 1399 civitas
2602 1344 2762 1413 ﬁrma
2801 1343 2996 1417 (Prov.
3035 1361 3186 1411 xvul,
3231 1344 3341 1416 l9).
3383 1346 3523 1401 Vere

1935 1434 2140 1488 etenim
2174 1435 2477 1505 spiritualis
2514 1435 2755 1501 dilectio,
2788 1436 2998 1491 munita
3027 1436 3221 1492 civitas
3247 1445 3364 1504 est;
3404 1452 3526 1506 quae

1937 1542 2116 1597 neque
2150 1527 2477 1583 cuniculisa
2502 1527 2722 1582 diabolo
2764 1527 2987 1591 suﬂ’odi,
3030 1543 3207 1597 neque
3251 1527 3410 1583 scalis
3455 1527 3525 1582 ab

1936 1619 2129 1674 eodem
2157 1626 2338 1688 potest
2364 1617 2633 1689 superari.
2673 1619 2862 1688 Neque
2882 1617 3031 1673 enim
3061 1617 3150 1675 illa
3186 1618 3401 1677 bellicis
3427 1618 3525 1674 Sa-

249 1712 396 1766 mitti
422 1712 718 1782 episcopos
737 1712 922 1783 jussit.
957 1712 1289 1773 Ortbodoxis
1316 1712 1373 1767 in
1400 1713 1595 1767 urbem
1628 1712 1832 1783 regiam
1874 1780 1875 1783 η
1940 1719 2081 1765 lanae
2110 1708 2383 1764 machinis
2415 1708 2611 1764 cedere
2638 1710 2811 1774 novit,
2848 1718 2909 1764 ut
2942 1725 3063 1779 qua:
3106 1725 3136 1764 a
3173 1709 3523 1765 ChristoDo-

250 1804 378 1858 solis
422 1780 685 1858 admissis
716 1780 1053 1873 auditisque,
1097 1802 1232 1858 Acta
1266 1804 1533 1859 adversus
1571 1780 1837 1874 Cyrillum
1869 1780 1910 1838 Β
1941 1802 2094 1857 mino
2130 1801 2491 1866 custodiatur,
2519 1802 2740 1859 Christo
2786 1803 2977 1872 utique
3010 1802 3125 1866 illo,
3158 1803 3251 1872 qui
3291 1811 3345 1856 et
3379 1802 3527 1857 hunc

252 1894 708 1964 Memnonemque
740 1902 799 1949 et
822 1895 1141 1950 universam
1162 1893 1432 1965 synodum
1465 1894 1688 1964 penitus
1711 1893 1841 1948 abeo

253 1988 400 2042 levit.
417 1988 628 2043 Verum
655 1987 1054 2056 multiplicibus
1081 1987 1436 2042 factiosorum
1466 1984 1669 2041 libellis
1689 1985 1847 2040 indu-

252 2089 394 2143 ctus,
407 2093 507 2133 eos
518 2093 740 2148 quoque
760 2078 818 2132 in
834 2078 1030 2134 urbem
1045 2077 1290 2143 admisit,
1307 2086 1363 2132 et
1379 2092 1504 2132 cum
1523 2076 1844 2131 orthodoxis

254 2169 549 2239 quinquies
575 2182 636 2223 se
663 2182 850 2223 coram
872 2181 1222 2238 congressos,
1263 2182 1330 2221 ac
1370 2174 1494 2237 post
1540 2166 1745 2220 multas
1773 2164 1843 2221 de

254 2258 545 2314 duodecim
572 2257 761 2330 Cyrilli
787 2256 1283 2319 anathematismis,
1306 2255 1552 2325 aliasque
1572 2253 1842 2325 ejusmodi

253 2351 689 2421 disputationes,
748 2348 1050 2419 impietatis
1106 2334 1408 2412 cenvic'tos,
1456 2346 1717 2417 praecepit
1773 2345 1842 2401 ad

254 2441 479 2511 propria
507 2440 732 2496 reverti.
767 2438 947 2509 Atque
982 2439 1131 2494 hunc
1166 2436 1387 2493 tandem
1426 2435 1599 2511 linem
1638 2436 1844 2493 habue-

256 2542 384 2591 runt
411 2533 800 2591 hzereticorum
825 2538 881 2587 et
902 2529 1382 2587 schismaticorum
1416 2527 1690 2587 seditiosa
1724 2542 1843 2585 ma-

256 2624 621 2680 chinationes.
648 2624 736 2688 Et,
759 2630 899 2679 teste
927 2622 984 2679 S.
1009 2623 1280 2692 Prospero
1301 2629 1496 2677 contra
1514 2619 1844 2676 Collatorem

258 2715 359 2769 sub
383 2715 585 2779 linem,
613 2732 633 2766 ι
652 2757 659 2763 .
676 2729 868 2771 omnes
909 2713 1208 2769 orientales
1226 2711 1489 2768 Ecclesiae
1513 2710 1732 2782 gemina
1752 2726 1846 2781 pe-

258 2814 339 2860 ste
368 2803 617 2861 liberalte
634 2812 784 2869 sunt,
804 2804 1029 2874 quando
1053 2803 1260 2875 Cyrillo
1287 2802 1671 2859 Alexandrina:
1692 2802 1844 2861 urbis

261 2898 535 2963 antistiti,
588 2897 988 2969 gloriosissimo
1039 2895 1169 2952 ﬁdei
1217 2895 1501 2951 catholica:
1543 2894 1841 2961 defensori,

261 2990 326 3045 ad
353 2987 749 3044 exsecrandam
777 2987 1158 3043 Nestorianam
1178 2984 1519 3056 impietatem
1545 2984 1846 3056 apostolico

1941 1891 2208 1949 mundum
2235 1891 2460 1957 devicit,
2491 1900 2547 1947 et
2576 1893 2909 1963 sempiterna
2937 1891 3081 1946 bona
3122 1891 3219 1947 tibi
3252 1908 3523 1962 prmpara-

1939 1984 2039 2046 vit,
2066 1983 2432 2053 etaliquando
2468 1984 2830 2039 nihilominus
2860 1983 2999 2038 dixit
3031 2002 3043 2036 :
3077 1982 3179 2048 Qui
3205 2001 3309 2038 nou
3338 1984 3526 2053 accipit

1924 2090 2149 2149 .cruceng
2189 2091 2377 2138 suam,
2407 2084 2457 2128 et
2500 2075 2737 2145 sequitur
2793 2091 2897 2139 me,
2939 2091 3044 2128 non
3094 2083 3170 2128 est
3218 2091 3298 2128 me
3337 2076 3526 2144 dignus

1944 2166 2158 2240 (καιιιι.
2191 2184 2244 2232 x,
2274 2166 2388 2238 38).
2420 2167 2559 2225 Cum
2592 2166 2779 2237 itaque
2812 2166 3031 2231 Christo
3057 2166 3288 2222 Domino
3328 2165 3528 2246 dignus

1942 2259 2205 2324 evaseris,
2244 2247 2535 2329 propterea
2573 2257 2718 2328 quod
2766 2274 2985 2313 crucem
3030 2266 3175 2312 tuam
3231 2256 3524 2319 sustulisti,

1940 2358 2289 2420 sectatorque
2326 2350 2477 2409 illius
2510 2349 2744 2405 ell‘ectus
2777 2349 2883 2415 sis;
2912 2349 3191 2405 Christum
3230 2365 3331 2419 pro
3366 2348 3528 2404 nobis

1943 2441 2228 2513 deprecari
2270 2457 2341 2498 ne
2374 2442 2614 2507 omittas,
2658 2440 2911 2496 fraterna:
2941 2441 3164 2497 virtutis
3207 2433 3529 2496 ornamenta

1943 2532 2192 2603 preprias
2221 2532 2610 2603 praerogativas
2636 2547 2757 2587 esse
2788 2542 2959 2587 ratus.
3006 2533 3136 2587 Vale
3180 2533 3236 2588 in
3271 2532 3526 2598 Domino,

1942 2632 1999 2678 et
2030 2639 2130 2695 pro
2168 2640 2279 2688 me,
2315 2624 2430 2683 Deo
2476 2623 2838 2685 dilectissime
2869 2633 2932 2679 et
2976 2624 3318 2681 sanctissime
3358 2623 3531 2679 frater

1943 2730 2009 2771 ac
2044 2714 2441 2782 comminister,
2474 2730 2591 2772 ora.
2642 2736 2661 2767 ι

1996 2827 2100 2882 =60.
2129 2827 2252 2883 Non
2273 2825 2472 2882 minori
2509 2828 2673 2883 laude
2700 2828 2941 2884 celebrat
2980 2830 3235 2885 eumdem
3265 2829 3529 2902 Cyrillum

1916 2918 2274 2975 -C(elestinus
2304 2936 2444 2992 papa
2463 2921 2694 2991 epistola
2727 2920 2797 2975 ad
2838 2921 3047 2976 clerum
3073 2921 3532 2993 Constantinopo-

1944 3011 2197 3077 litanae),
2217 3013 2367 3068 edita
2382 3027 2451 3068 ex
2476 3012 2667 3071 codice
2684 3010 2948 3068 Vaticano
2971 3029 3001 3068 a
3022 3013 3258 3068 Baronio
3279 3029 3369 3067 an.
3395 3013 3527 3069 Chr.

261 3081 589 3139 leestinus
625 3081 924 3137 auxiliatus
967 3087 1056 3137 est
1100 3078 1302 3150 gladio,
1341 3092 1453 3148 quo
1478 3076 1645 3135 etiam
1683 3076 1843 3133 Pela-

1948 3102 2072 3166 ιὸἳ,
2104 3076 2201 3159 ubi
2231 3118 2383 3158 num.
2411 3102 2482 3158 24
2526 3103 2645 3158 haec
2674 3103 2987 3160 habentur:
3029 3123 3047 3155 ε
3085 3105 3330 3169 Vitastis,
3365 3118 3530 3173 quem

261 3172 581 3242 giani,,dum
606 3171 852 3243 cognatis
871 3169 1381 3227 confoederarentur
1411 3166 1721 3233 erroribus,
1742 3167 1844 3227 ite-

263 3279 381 3319 rum
415 3271 916 3334 prosternerentur.
964 3280 983 3314 ι

331 3376 418 3433 68.
444 3372 732 3433 Nestorlus
760 3377 815 3432 in
842 3372 1137 3448 pristinum
1165 3388 1328 3432 suum
1356 3374 1752 3432 monasterium
1768 3373 1840 3429 8.

267 3466 527 3539 Euprepii
550 3467 698 3538 apud
713 3467 1084 3532 Antiochiam,
1108 3468 1155 3523 si
1170 3464 1313 3522 forte
1326 3467 1699 3538 resipisceret,
1727 3475 1848 3521 tan-

269 3563 434 3634 tisper
459 3564 755 3634 relegatus,
781 3564 988 3619 multos
1015 3561 1451 3633 eontagio’ne‘sn'l
1471 3560 1679 3617 erroris
1703 3556 1850 3615 aﬂa—

268 3656 374 3711 bat.
404 3654 587 3723 Quare
622 3657 678 3710 in
707 3655 895 3712 Oasim
923 3654 1279 3711 solitudinem
1312 3652 1499 3724 Libyae
1527 3646 1849 3706 amandatus

268 3753 367 3809 est,
404 3744 593 3816 ibique
631 3754 823 3816 postea
860 3744 1206 3800 vel-minante
1251 3742 1438 3813 lingua
1480 3740 1847 3797 miserabilem

266 3838 390 3895 vitae
417 3838 648 3894 sortitus
677 3838 886 3893 exitum
907 3878 923 3905 ,
962 3837 1120 3892 libris
1143 3837 1283 3908 ejus,
1313 3835 1610 3891 Theodosii
1632 3829 1845 3902 edicti),

261 3929 814 4002 igueabsumptis.llli
836 3931 895 3986 in
921 3929 1053 3987 sede
1076 3928 1683 4000 Constantinopolittma
1714 3927 1848 3985 eub-

267 4031 486 4094 rogatus
520 4031 609 4079 est
653 4022 1017 4079 Maximianus
1043 4021 1353 4093 presbyter,
1381 4021 1477 4091 qui
1496 4021 1567 4078 ad
1586 4020 1867 4093 Cyrillum-

269 4113 367 4170 has
389 4114 606 4170 litteras
627 4113 800 4179 dedit,
840 4122 971 4169 tom.
1010 4112 1079 4168 ιν
1111 4111 1312 4168 concil.
1351 4111 1580 4182 Ephes.,
1609 4126 1731 4182 cap.
1757 4110 1846 4167 24:

276 4226 295 4259 ι
318 4206 613 4276 Expletum
653 4214 751 4263 est
765 4204 1104 4261 desiderium
1130 4212 1308 4268 tamn,
1329 4203 1443 4261 Deo
1461 4203 1848 4261 devotissime:

269 4296 573 4367 perfectum
592 4303 702 4362 est,
725 4294 875 4366 quod
905 4295 1188 4367 religionis
1211 4309 1377 4353 causa
1399 4309 1752 4367 susceperas:
1781 4294 1851 4351 ad

271 4389 432 4446 linem
463 4389 796 4461 perductum
818 4396 906 4446 est
932 4388 1156 4460 pietatis
1181 4396 1290 4445 tum
1314 4396 1504 4444 votum
1530 4407 1543 4442 :
1577 4389 1851 4444 theatrum

1945 3209 1978 3249 a
2004 3196 2270 3261 meritoria
2313 3196 2477 3267 digna
2512 3205 2702 3257 sancta
2744 3195 3115 3253 Alexandrina
3154 3197 3401 3251 Ecclesia
3440 3214 3531 3253 se-

1945 3287 2189 3353 cundum
2223 3287 2287 3345 Β.
2312 3287 2467 3342 Pauli
2504 3286 2738 3356 apostoli
2763 3285 2812 3356 (1
2839 3285 2964 3341 Cor.
2988 3285 3041 3356 v)
3073 3288 3404 3341 sententiam
3418 3289 3531 3358 jam

1922 3379 2165 3435 saciretis
2189 3392 2310 3433 esse
2338 3386 2671 3433 correctum.
2707 3375 2942 3445 Legistis
2967 3391 3203 3447 namque
3226 3385 3283 3432 et
3316 3392 3531 3431 memo-

1924 3469 2085 3524 riter
2126 3470 2238 3539 jam
2272 3467 2469 3522 tenetis
2517 3465 2841 3531 sacerdotis,
2882 3467 2989 3522 hoc
3023 3478 3127 3531 est,
3167 3470 3423 3526 catholici
3463 3472 3534 3527 ad

1928 3559 2096 3614 hunc
2132 3557 2339 3628 scripta
2379 3558 2651 3623 doctoris,
2686 3558 2892 3628 quibus
2921 3575 3046 3614 eum
3081 3560 3158 3615 ita
3189 3571 3531 3632 coemptum,

1948 3661 2011 3709 ut
2039 3652 2175 3707 velit
2203 3654 2658 3715 ossucula-nctus,
2682 3649 2916 3715 studuit,
2944 3651 3108 3706 nixus
3143 3660 3229 3706 est
3258 3652 3534 3708 labentem

1926 3757 2209 3800 revocare
2232 3742 2518 3812 collegam,
2540 3741 2789 3812 porrexit
2823 3741 3071 3797 dextram
3100 3744 3401 3815 magiuerii
3422 3744 3534 3809 sui,

1926 3836 2006 3891 in
2039 3851 2151 3891 uno
2187 3835 2381 3891 volens
2400 3833 2657 3904 phnimis
2672 3834 2972 3890 subvenire
3001 3851 3015 3888 :
3043 3836 3379 3905 percellebat
3413 3836 3536 3891 ani-

1928 3928 2323 3995 ,mumveteris
2348 3928 2671 3995 sacerdotis,
2699 3927 2850 3999 quod
2876 3937 3037 3983 nutat
3059 3930 3353 4001 episcopus
3375 3930 3537 3986 ruina

1926 4021 2268 4077 -multorum.
2295 4020 2439 4090 Egit,
2470 4019 2617 4076 sicut
2630 4020 2901 4091 scriptum
2924 4029 3009 4076 est
3033 4061 3047 4077 .
3069 4007 3381 4077 Benedic-mn
3404 4039 3537 4093 opus

1928 4111 2164 4167 -Domim'
2205 4109 2500 4181 diligenter.
2546 4110 2606 4171 1n
2655 4110 2808 4169 nullo
2847 4111 2901 4167 ei
2948 4111 3125 4167 cilicio
3175 4114 3413 4183 apostoli
3449 4115 3535 4169 vir

1926 4204 2283 4275 apostolicus
2316 4202 2886 4268 defuittobsecravit,
2926 4203 3235 4270 admonuit,
3283 4205 3535 4275 inerepa-

1930 4297 2050 4351 -vit.
2068 4294 2151 4350 .At
2165 4295 2258 4349 ille
2277 4293 2374 4363 qui
2393 4293 2450 4347 in
2471 4293 2805 4362 profundum
2824 4293 3287 4362 blasphemiarum
3313 4308 3538 4349 suarum

1953 4385 2200 4459 pondere
2234 4392 2601 4456 mergeretur,
2633 4384 2773 4439 tanti
2802 4383 2909 4437 viri
2937 4383 3243 4438 doctrinam
3278 4400 3537 4451 renuens,

270 4480 445 4537 factus
472 4495 535 4536 es
560 4480 771 4553 angelis
790 4486 849 4536 et
871 4479 1210 4545 hominibus,
1242 4479 1627 4550 universisque
1646 4478 1853 4535 Christi
1884 4473 1928 4529 D
1952 4485 2010 4534 et
2044 4476 2253 4533 abusus
2281 4474 2525 4537 hortatu,
2562 4471 2761 4528 docilis
2799 4486 2919 4526 esse
2955 4471 3158 4536 renuit,
3194 4486 3319 4543 cum
3349 4471 3543 4526 doctor

270 4569 650 4625 sacerdotibus
680 4587 695 4623 :
734 4584 917 4640 neque
941 4570 1092 4625 enim
1120 4568 1301 4625 solum
1335 4567 1393 4624 in
1419 4558 1703 4625 Christum
1728 4583 1851 4625 cre-

269 4664 487 4731 didisti;
518 4663 617 4720 sed
652 4660 1001 4719 incommoda
1030 4676 1251 4732 quoque
1282 4676 1383 4731 pro
1412 4660 1532 4731 ipso
1556 4659 1851 4731 pertulisti.

272 4756 432 4814 Solus
461 4757 664 4829 dignus
713 4770 915 4811 census
942 4769 1013 4810 es
1053 4753 1148 4824 qui
1179 4753 1433 4824 stigmata
1466 4752 1627 4811 illius.
1643 4746 1709 4806 in
1728 4767 1853 4809 eor-

274 4864 405 4919 pore
431 4857 531 4904 tuo
556 4855 833 4919 portares.
862 4844 1159 4902 Confessus
1189 4844 1344 4899 illum
1391 4859 1576 4899 coram
1615 4843 1855 4901 homini-

276 4941 399 5007 bus,
429 4939 773 5011 promeritus
804 4952 867 4992 es
909 4945 973 4993 ut
1011 4937 1174 4991 Pater
1213 4944 1269 4990 te
1310 4933 1637 4990 conﬁteatur
1670 4949 1857 4991 coram

275 5030 498 5103 angelis.
532 5028 843 5085 Redimitus
873 5042 932 5084 es
959 5026 1183 5083 coronis
1230 5040 1352 5096 qua:
1374 5040 1476 5095 pro
1505 5025 1709 5103 pietate
1740 5040 1859 5081 cer—

280 5098 520 5178 tantibus
541 5121 851 5185 debentur;
872 5118 1102 5189 potuisti
1120 5117 1307 5173 omnia
1333 5117 1391 5172 in
1412 5098 1654 5184 Christo,
1684 5117 1779 5188 qui
1804 5126 1857 5173 te

276 5212 650 5277 confirmavit;
691 5210 995 5267 humiliasti
1048 5208 1303 5265 Satanam
1353 5223 1452 5278 per
1500 5208 1854 5278 patientiam;

283 5302 654 5374 contempsisti
683 5310 990 5367 tormenta;
1022 5299 1360 5357 conculcasti
1387 5299 1631 5355 furorem
1656 5298 1862 5370 princii-

286 5413 439 5468 pum;
481 5397 682 5451 famem
715 5410 816 5464 pro
857 5393 1032 5448 nihilo
1059 5391 1265 5448 duxisti
1295 5408 1307 5444 :
1340 5406 1537 5461 panem
1567 5392 1715 5446 enim
1760 5392 1859 5449 ha-

286 5488 446 5544 bebas
478 5488 577 5559 qui
613 5486 683 5542 de
716 5485 857 5541 coelo
881 5482 1244 5547 descendens,
1264 5481 1543 5539 ctelestem
1568 5482 1739 5538 vitam
1756 5484 1860 5539 ho—

285 5581 522 5636 rninibus
557 5578 890 5650 impertitur.
937 5596 955 5627 ι

345 5674 432 5729 59.
480 5691 501 5726 ι
562 5670 700 5739 Quia
738 5684 873 5725 vero
918 5682 1018 5722 nos
1058 5664 1199 5720 nihil
1239 5664 1438 5720 horum
1482 5665 1853 5737 ignoravimus

280 5763 578 5835 (siquidem
608 5760 746 5817 alias
778 5767 991 5816 vestras
1014 5744 1353 5822 amictiones,
1384 5770 1539 5829 quas,
1562 5757 1693 5813 dum
1711 5758 1865 5830 prin.

1954 4584 2078 4627 esse
2122 4584 2236 4624 non
2282 4577 2467 4638 posset
2498 4583 2512 4619 :
2552 4564 2667 4635 egit
2705 4562 2943 4634 injuriis,
2978 4569 3222 4617 tenacem
3257 4562 3391 4617 lecti
3420 4575 3542 4617 esse

1957 4659 2335 4733 perversitatis
2354 4665 2601 4714 asseer
2625 4656 2911 4727 gloriatus.
2937 4655 3077 4712 Hinc
3113 4671 3220 4711 nec
3253 4655 3545 4711 contrista-

1959 4764 2065 4809 tus.
2094 4761 2179 4809 est
2224 4752 2420 4816 frater,
2464 4764 2655 4807 secum
2707 4760 2969 4820 reputans
3003 4748 3153 4818 quod
3195 4748 3392 4802 merito
3432 4747 3544 4802 sibi

1959 4860 2228 4901 conservo
2250 4859 2364 4901 non
2393 4850 2665 4914 parceret,
2694 4842 2790 4912 qui
2818 4854 2920 4897 suo
2964 4838 3198 4894 Domino
3234 4838 3543 4909 derogaret.

1959 4938 2220 4994 inventus
2241 4945 2329 4993 est
2359 4951 2459 5007 per
2479 4929 2818 5007 diligentiam
2861 4931 2954 4986 ille
2980 4930 3051 4986 de
3084 4931 3379 5003 Evangelio
3404 4931 3547 5002 frugi

1959 5025 2108 5083 ﬁlius
2131 5034 2187 5082 et
2213 5025 2478 5097 providus
2506 5037 2733 5089 servus;
2765 5036 2891 5077 nam
2914 5030 2971 5077 et
2994 5023 3550 5092 paternam-servavit

1961 5117 2345 5182 substantiam,
2388 5123 2446 5172 et
2482 5116 2636 5171 auxit
2677 5127 2978 5169 numerum
3026 5113 3384 5168 talentorum.
3437 5112 3551 5166 Nec

1962 5209 2279 5280 duplicasse.
2296 5222 2445 5271 eum,
2481 5205 2577 5261 sed
2616 5203 3011 5275 multiplicasse
3043 5203 3274 5258 dixerim
3320 5211 3549 5267 sortem,

1963 5317 2128 5372 quem
2184 5298 2511 5355 videbamus
2560 5297 2727 5352 etiam
2773 5298 2932 5368 longe
2981 5295 3177 5366 positis
3217 5293 3311 5363 pio
3360 5292 3553 5347 fenore

1960 5392 2305 5451 subvenisse.
2328 5389 2373 5446 Ο
2395 5398 2598 5446 sancte
2627 5389 3033 5461 praedicationis
3052 5402 3220 5442 usura
3239 5386 3253 5439 l
3276 5399 3439 5455 quam
3461 5384 3552 5439 hic

1965 5484 2193 5556 gratiam
2222 5490 2350 5537 ante
2374 5496 2724 5538 communem
2752 5483 3045 5537 Dominum
3075 5476 3204 5534 fidei
3248 5462 3554 5546 negotiator

1966 5576 2228 5641 inveniet,
2263 5574 2358 5646 qui
2386 5584 2612 5646 propter
2645 5575 2953 5630 animarum
2993 5573 3230 5634 lucrum,
3271 5568 3551 5638 negotium

1965 5676 2023 5729 et
2044 5667 2157 5722 illic
2173 5668 2437 5734 exercuit,
2465 5666 2561 5723 ubi
2585 5667 2788 5722 talenta
2822 5665 3072 5737 accepit?
3102 5663 3292 5720 Nonne
3319 5657 3410 5710 hic
3434 5671 3552 5710 ηιρ-

1967 5760 2076 5817 rit‘o
2104 5775 2136 5816 a
2162 5760 2561 5819 Patrefamilias
2574 5760 2864 5819 auditurus
2897 5770 2981 5816 est
3008 5778 3020 5813 :
3055 5760 3221 5828 Euge,
3254 5770 3398 5812 serve
3427 5752 3554 5806 bona
