  <div class='ocr_page' id='page_1' title='image "/cluster/home/n/w/nwhite01/storage/ocr_20150623/68/pst.000005712694/025.png"; bbox 0 0 1999 3152; ppageno 0'>
   <div class='ocr_carea' id='block_1_1' title="bbox 226 149 1865 190">
    <p class='ocr_par' dir='ltr' id='par_1_1' title="bbox 226 149 1865 190">
     <span class='ocr_line' id='line_1_1' title="bbox 226 149 1865 190; baseline -0.009 0"><span class='ocrx_word' id='word_1_1' title='bbox 226 161 261 190; x_wconf 78' lang='lat'><strong>35</strong></span> <span class='ocrx_word' id='word_1_2' title='bbox 900 156 928 183; x_wconf 88' lang='lat' dir='ltr'><strong>S.</strong></span> <span class='ocrx_word' id='word_1_3' title='bbox 950 155 1088 184; x_wconf 70' lang='lat' dir='ltr'><strong>CYRILLI</strong></span> <span class='ocrx_word' id='word_1_4' title='bbox 1110 154 1201 184; x_wconf 80' lang='lat' dir='ltr'><strong>VITA.</strong></span> <span class='ocrx_word' id='word_1_5' title='bbox 1831 149 1865 177; x_wconf 81' lang='grc'><strong>56</strong></span> 
     </span>
    </p>
   </div>
   <div class='ocr_carea' id='block_1_2' title="bbox 232 211 1867 253">
    <p class='ocr_par' dir='ltr' id='par_1_2' title="bbox 232 211 1867 253">
     <span class='ocr_line' id='line_1_2' title="bbox 232 211 1867 253; baseline -0.003 -7"><span class='ocrx_word' id='word_1_6' title='bbox 232 224 257 247; x_wconf 76' lang='grc' dir='ltr'><strong>ει</strong></span> <span class='ocrx_word' id='word_1_7' title='bbox 283 218 378 253; x_wconf 72' lang='lat' dir='ltr'><strong>fidelis,</strong></span> <span class='ocrx_word' id='word_1_8' title='bbox 412 218 483 245; x_wconf 80' lang='lat' dir='ltr'><strong>intra</strong></span> <span class='ocrx_word' id='word_1_9' title='bbox 514 218 542 243; x_wconf 81' lang='lat' dir='ltr'><strong>in</strong></span> <span class='ocrx_word' id='word_1_10' title='bbox 561 216 687 252; x_wconf 82' lang='lat' dir='ltr'><strong>gaudium</strong></span> <span class='ocrx_word' id='word_1_11' title='bbox 713 215 819 242; x_wconf 80' lang='lat' dir='ltr'><strong>Domini</strong></span> <span class='ocrx_word' id='word_1_12' title='bbox 843 215 903 242; x_wconf 83' lang='lat' dir='ltr'><strong>tui?</strong></span> <span class='ocrx_word' id='word_1_13' title='bbox 920 215 1024 250; x_wconf 71' lang='lat' dir='ltr'><strong>(Matth.</strong></span> <span class='ocrx_word' id='word_1_14' title='bbox 1042 219 1062 246; x_wconf 76' lang='grc' dir='ltr'><strong>Α</strong></span> <span class='ocrx_word' id='word_1_15' title='bbox 1079 214 1188 247; x_wconf 86' lang='lat' dir='ltr'><strong>tituros,</strong></span> <span class='ocrx_word' id='word_1_16' title='bbox 1206 213 1257 240; x_wconf 88' lang='lat' dir='ltr'><strong>nisi</strong></span> <span class='ocrx_word' id='word_1_17' title='bbox 1274 220 1306 240; x_wconf 85' lang='lat' dir='ltr'><strong>ea</strong></span> <span class='ocrx_word' id='word_1_18' title='bbox 1324 211 1401 246; x_wconf 87' lang='lat' dir='ltr'><strong>prius</strong></span> <span class='ocrx_word' id='word_1_19' title='bbox 1421 219 1482 246; x_wconf 76' lang='lat' dir='ltr'><strong>quze</strong></span> <span class='ocrx_word' id='word_1_20' title='bbox 1504 211 1595 238; x_wconf 85' lang='lat' dir='ltr'><strong>facere</strong></span> <span class='ocrx_word' id='word_1_21' title='bbox 1609 211 1748 239; x_wconf 76' lang='lat' dir='ltr'><strong>debebant</strong></span> <span class='ocrx_word' id='word_1_22' title='bbox 1773 212 1867 241; x_wconf 79' lang='lat' dir='ltr'><strong>confe-</strong></span> 
     </span>
    </p>
   </div>
   <div class='ocr_carea' id='block_1_3' title="bbox 226 261 1025 300">
    <p class='ocr_par' dir='ltr' id='par_1_3' title="bbox 226 261 1025 300">
     <span class='ocr_line' id='line_1_3' title="bbox 226 261 1025 300; baseline -0.005 -9"><span class='ocrx_word' id='word_1_23' title='bbox 226 273 288 296; x_wconf 70' lang='lat' dir='ltr'><strong>uv,</strong></span> <span class='ocrx_word' id='word_1_24' title='bbox 304 264 361 300; x_wconf 70' lang='grc'><strong>25.)</strong></span> <span class='ocrx_word' id='word_1_25' title='bbox 378 263 440 291; x_wconf 77' lang='lat' dir='ltr'><strong>llaec</strong></span> <span class='ocrx_word' id='word_1_26' title='bbox 458 263 522 290; x_wconf 89' lang='lat' dir='ltr'><strong>huic</strong></span> <span class='ocrx_word' id='word_1_27' title='bbox 537 265 707 297; x_wconf 80' lang='lat' dir='ltr'><strong>competunt,</strong></span> <span class='ocrx_word' id='word_1_28' title='bbox 721 261 769 297; x_wconf 92' lang='lat' dir='ltr'><strong>qui</strong></span> <span class='ocrx_word' id='word_1_29' title='bbox 783 261 828 289; x_wconf 90' lang='lat' dir='ltr'><strong>illa</strong></span> <span class='ocrx_word' id='word_1_30' title='bbox 844 268 954 295; x_wconf 92' lang='lat' dir='ltr'><strong>quoque</strong></span> <span class='ocrx_word' id='word_1_31' title='bbox 964 268 1025 295; x_wconf 77' lang='lat' dir='ltr'><strong>qua:</strong></span> 
     </span>
    </p>
   </div>
   <div class='ocr_carea' id='block_1_4' title="bbox 225 307 969 338">
    <p class='ocr_par' dir='ltr' id='par_1_4' title="bbox 225 307 969 338">
     <span class='ocr_line' id='line_1_4' title="bbox 225 307 969 338; baseline -0.005 -1"><span class='ocrx_word' id='word_1_32' title='bbox 225 311 287 338; x_wconf 87' lang='lat' dir='ltr'><strong>aliis</strong></span> <span class='ocrx_word' id='word_1_33' title='bbox 305 315 370 337; x_wconf 87' lang='lat' dir='ltr'><strong>sunt</strong></span> <span class='ocrx_word' id='word_1_34' title='bbox 387 309 533 336; x_wconf 84' lang='lat' dir='ltr'><strong>commissa</strong></span> <span class='ocrx_word' id='word_1_35' title='bbox 549 308 678 337; x_wconf 82' lang='lat' dir='ltr'><strong>servavit.</strong></span> <span class='ocrx_word' id='word_1_36' title='bbox 691 318 700 334; x_wconf 83' lang='grc'><strong><em>›</em></strong></span> <span class='ocrx_word' id='word_1_37' title='bbox 719 308 782 336; x_wconf 61' lang='lat' dir='ltr'><strong>llaec</strong></span> <span class='ocrx_word' id='word_1_38' title='bbox 795 307 969 335; x_wconf 75' lang='lat' dir='ltr'><strong>leestinus.</strong></span> 
     </span>
    </p>
   </div>
   <div class='ocr_carea' id='block_1_5' title="bbox 380 387 872 423">
    <p class='ocr_par' dir='ltr' id='par_1_5' title="bbox 380 387 872 423">
     <span class='ocr_line' id='line_1_5' title="bbox 380 387 872 423; baseline 0 -8"><span class='ocrx_word' id='word_1_39' title='bbox 380 388 393 423; x_wconf 88' lang='lat'><strong>§</strong></span> <span class='ocrx_word' id='word_1_40' title='bbox 412 388 457 415; x_wconf 78' lang='lat' dir='ltr'><strong>XI.</strong></span> <span class='ocrx_word' id='word_1_41' title='bbox 478 387 665 416; x_wconf 77' lang='lat' dir='ltr'><strong>Rcconciiiatio</strong></span> <span class='ocrx_word' id='word_1_42' title='bbox 681 387 872 415; x_wconf 75' lang='lat' dir='ltr'><strong>Ecclesiarum.</strong></span> 
     </span>
    </p>
   </div>
   <div class='ocr_carea' id='block_1_6' title="bbox 265 453 1025 488">
    <p class='ocr_par' dir='ltr' id='par_1_6' title="bbox 265 453 1025 488">
     <span class='ocr_line' id='line_1_6' title="bbox 265 453 1025 488; baseline -0.001 -5"><span class='ocrx_word' id='word_1_43' title='bbox 265 457 310 483; x_wconf 85' lang='lat'><strong>6|.</strong></span> <span class='ocrx_word' id='word_1_44' title='bbox 339 454 489 482; x_wconf 65' lang='lat' dir='ltr'><strong>Caelestino</strong></span> <span class='ocrx_word' id='word_1_45' title='bbox 505 461 582 488; x_wconf 65' lang='lat' dir='ltr'><strong>papae</strong></span> <span class='ocrx_word' id='word_1_46' title='bbox 600 461 646 480; x_wconf 82' lang='lat' dir='ltr'><strong>vui</strong></span> <span class='ocrx_word' id='word_1_47' title='bbox 660 453 724 481; x_wconf 84' lang='lat' dir='ltr'><strong>ldus</strong></span> <span class='ocrx_word' id='word_1_48' title='bbox 739 453 841 488; x_wconf 85' lang='lat' dir='ltr'><strong>Aprilis</strong></span> <span class='ocrx_word' id='word_1_49' title='bbox 859 453 914 481; x_wconf 83' lang='lat' dir='ltr'><strong>vita</strong></span> <span class='ocrx_word' id='word_1_50' title='bbox 931 454 1025 482; x_wconf 85' lang='lat' dir='ltr'><strong>functo</strong></span> 
     </span>
    </p>
   </div>
   <div class='ocr_carea' id='block_1_7' title="bbox 226 500 1025 536">
    <p class='ocr_par' dir='ltr' id='par_1_7' title="bbox 226 500 1025 536">
     <span class='ocr_line' id='line_1_7' title="bbox 226 500 1025 536; baseline -0.001 -8"><span class='ocrx_word' id='word_1_51' title='bbox 226 501 361 529; x_wconf 82' lang='lat' dir='ltr'><strong>successit</strong></span> <span class='ocrx_word' id='word_1_52' title='bbox 376 501 469 528; x_wconf 76' lang='lat' dir='ltr'><strong>Sinus</strong></span> <span class='ocrx_word' id='word_1_53' title='bbox 485 501 531 532; x_wconf 88' lang='lat' dir='ltr'><strong>ill,</strong></span> <span class='ocrx_word' id='word_1_54' title='bbox 555 508 673 535; x_wconf 90' lang='lat' dir='ltr'><strong>quocum</strong></span> <span class='ocrx_word' id='word_1_55' title='bbox 695 500 804 527; x_wconf 81' lang='lat' dir='ltr'><strong>tandem</strong></span> <span class='ocrx_word' id='word_1_56' title='bbox 821 505 849 527; x_wconf 92' lang='lat' dir='ltr'><strong>et</strong></span> <span class='ocrx_word' id='word_1_57' title='bbox 871 500 899 528; x_wconf 90' lang='lat' dir='ltr'><strong>S.</strong></span> <span class='ocrx_word' id='word_1_58' title='bbox 924 500 1025 536; x_wconf 89' lang='lat' dir='ltr'><strong>Cyrillo</strong></span> 
     </span>
    </p>
   </div>
   <div class='ocr_carea' id='block_1_8' title="bbox 226 544 1025 580">
    <p class='ocr_par' dir='ltr' id='par_1_8' title="bbox 226 544 1025 580">
     <span class='ocr_line' id='line_1_8' title="bbox 226 544 1025 580; baseline 0 -8"><span class='ocrx_word' id='word_1_59' title='bbox 226 553 321 580; x_wconf 87' lang='lat' dir='ltr'><strong>pacem</strong></span> <span class='ocrx_word' id='word_1_60' title='bbox 335 545 397 572; x_wconf 90' lang='lat' dir='ltr'><strong>iniit</strong></span> <span class='ocrx_word' id='word_1_61' title='bbox 411 545 532 572; x_wconf 87' lang='lat' dir='ltr'><strong>Joannes</strong></span> <span class='ocrx_word' id='word_1_62' title='bbox 553 544 750 577; x_wconf 79' lang='lat' dir='ltr'><strong>Antiochenus,</strong></span> <span class='ocrx_word' id='word_1_63' title='bbox 774 545 809 572; x_wconf 89' lang='lat' dir='ltr'><strong>iis</strong></span> <span class='ocrx_word' id='word_1_64' title='bbox 832 545 931 572; x_wconf 76' lang='lat' dir='ltr'><strong>litteris</strong></span> <span class='ocrx_word' id='word_1_65' title='bbox 951 545 1025 580; x_wconf 83' lang='lat' dir='ltr'><strong>(cum</strong></span> 
     </span>
    </p>
   </div>
   <div class='ocr_carea' id='block_1_9' title="bbox 228 590 1027 627">
    <p class='ocr_par' dir='ltr' id='par_1_9' title="bbox 228 590 1027 627">
     <span class='ocr_line' id='line_1_9' title="bbox 228 590 1027 627; baseline -0.001 -8"><span class='ocrx_word' id='word_1_66' title='bbox 228 592 290 619; x_wconf 80' lang='lat' dir='ltr'><strong>fidei</strong></span> <span class='ocrx_word' id='word_1_67' title='bbox 304 593 444 620; x_wconf 77' lang='lat' dir='ltr'><strong>catholicze</strong></span> <span class='ocrx_word' id='word_1_68' title='bbox 461 593 570 620; x_wconf 89' lang='lat' dir='ltr'><strong>sincera</strong></span> <span class='ocrx_word' id='word_1_69' title='bbox 589 591 769 627; x_wconf 78' lang='lat' dir='ltr'><strong>professione)</strong></span> <span class='ocrx_word' id='word_1_70' title='bbox 785 591 866 624; x_wconf 86' lang='lat' dir='ltr'><strong>datis,</strong></span> <span class='ocrx_word' id='word_1_71' title='bbox 879 599 939 626; x_wconf 67' lang='lat' dir='ltr'><strong>qua</strong></span> <span class='ocrx_word' id='word_1_72' title='bbox 956 590 1027 618; x_wconf 86' lang='lat' dir='ltr'><strong>refe—</strong></span> 
     </span>
    </p>
   </div>
   <div class='ocr_carea' id='block_1_10' title="bbox 226 637 1025 672">
    <p class='ocr_par' dir='ltr' id='par_1_10' title="bbox 226 637 1025 672">
     <span class='ocr_line' id='line_1_10' title="bbox 226 637 1025 672; baseline 0 -8"><span class='ocrx_word' id='word_1_73' title='bbox 226 643 327 665; x_wconf 86' lang='lat' dir='ltr'><strong>runtur</strong></span> <span class='ocrx_word' id='word_1_74' title='bbox 341 643 416 665; x_wconf 86' lang='lat' dir='ltr'><strong>tomo</strong></span> <span class='ocrx_word' id='word_1_75' title='bbox 431 639 452 666; x_wconf 85' lang='lat' dir='ltr'><strong>V</strong></span> <span class='ocrx_word' id='word_1_76' title='bbox 466 639 567 665; x_wconf 89' lang='lat' dir='ltr'><strong>coneil.</strong></span> <span class='ocrx_word' id='word_1_77' title='bbox 583 638 696 672; x_wconf 85' lang='lat' dir='ltr'><strong>Ephes.,</strong></span> <span class='ocrx_word' id='word_1_78' title='bbox 717 645 796 672; x_wconf 87' lang='lat' dir='ltr'><strong>capp.</strong></span> <span class='ocrx_word' id='word_1_79' title='bbox 818 638 835 665; x_wconf 82' lang='lat'><strong>5</strong></span> <span class='ocrx_word' id='word_1_80' title='bbox 851 641 878 664; x_wconf 89' lang='lat' dir='ltr'><strong>et</strong></span> <span class='ocrx_word' id='word_1_81' title='bbox 893 638 935 664; x_wconf 87' lang='lat' dir='ltr'><strong>l7.</strong></span> <span class='ocrx_word' id='word_1_82' title='bbox 954 637 1025 664; x_wconf 83' lang='lat' dir='ltr'><strong>Exa-</strong></span> 
     </span>
    </p>
   </div>
   <div class='ocr_carea' id='block_1_11' title="bbox 227 676 1025 720">
    <p class='ocr_par' dir='ltr' id='par_1_11' title="bbox 227 676 1025 720">
     <span class='ocr_line' id='line_1_11' title="bbox 227 676 1025 720; baseline -0.003 -9"><span class='ocrx_word' id='word_1_83' title='bbox 227 690 299 711; x_wconf 85' lang='lat' dir='ltr'><strong>clam</strong></span> <span class='ocrx_word' id='word_1_84' title='bbox 321 686 358 712; x_wconf 86' lang='lat' dir='ltr'><strong>rei</strong></span> <span class='ocrx_word' id='word_1_85' title='bbox 371 689 453 720; x_wconf 72' lang='lat' dir='ltr'><strong>gestae</strong></span> <span class='ocrx_word' id='word_1_86' title='bbox 470 685 568 712; x_wconf 85' lang='lat' dir='ltr'><strong>seriem</strong></span> <span class='ocrx_word' id='word_1_87' title='bbox 585 684 680 719; x_wconf 82' lang='lat' dir='ltr'><strong>pandit</strong></span> <span class='ocrx_word' id='word_1_88' title='bbox 693 684 751 719; x_wconf 89' lang='lat' dir='ltr'><strong>ipse</strong></span> <span class='ocrx_word' id='word_1_89' title='bbox 763 676 882 719; x_wconf 87' lang='lat' dir='ltr'><strong>Cyrillus</strong></span> <span class='ocrx_word' id='word_1_90' title='bbox 901 683 1025 719; x_wconf 73' lang='lat' dir='ltr'><strong>Epistola</strong></span> 
     </span>
    </p>
   </div>
   <div class='ocr_carea' id='block_1_12' title="bbox 227 729 1025 766">
    <p class='ocr_par' dir='ltr' id='par_1_12' title="bbox 227 729 1025 766">
     <span class='ocr_line' id='line_1_12' title="bbox 227 729 1025 766; baseline -0.001 -9"><span class='ocrx_word' id='word_1_91' title='bbox 227 731 262 757; x_wconf 79' lang='lat' dir='ltr'><strong>ad</strong></span> <span class='ocrx_word' id='word_1_92' title='bbox 279 731 414 766; x_wconf 72' lang='lat' dir='ltr'><strong>Dymnum</strong></span> <span class='ocrx_word' id='word_1_93' title='bbox 430 729 563 766; x_wconf 79' lang='lat' dir='ltr'><strong>Nicopolis</strong></span> <span class='ocrx_word' id='word_1_94' title='bbox 577 731 670 757; x_wconf 71' lang='lat' dir='ltr'><strong>veterio</strong></span> <span class='ocrx_word' id='word_1_95' title='bbox 687 730 765 766; x_wconf 77' lang='lat' dir='ltr'><strong>Epiri</strong></span> <span class='ocrx_word' id='word_1_96' title='bbox 779 731 937 766; x_wconf 71' lang='lat' dir='ltr'><strong>episcopum,</strong></span> <span class='ocrx_word' id='word_1_97' title='bbox 952 734 1025 757; x_wconf 85' lang='lat' dir='ltr'><strong>toruo</strong></span> 
     </span>
    </p>
   </div>
   <div class='ocr_carea' id='block_1_13' title="bbox 225 776 1025 812">
    <p class='ocr_par' dir='ltr' id='par_1_13' title="bbox 225 776 1025 812">
     <span class='ocr_line' id='line_1_13' title="bbox 225 776 1025 812; baseline -0.001 -9"><span class='ocrx_word' id='word_1_98' title='bbox 225 777 258 807; x_wconf 86' lang='lat' dir='ltr'><strong>V,</strong></span> <span class='ocrx_word' id='word_1_99' title='bbox 281 785 341 811; x_wconf 92' lang='lat' dir='ltr'><strong>cap.</strong></span> <span class='ocrx_word' id='word_1_100' title='bbox 363 777 406 808; x_wconf 78' lang='grc'><strong>16,</strong></span> <span class='ocrx_word' id='word_1_101' title='bbox 432 785 513 812; x_wconf 90' lang='lat' dir='ltr'><strong>quam</strong></span> <span class='ocrx_word' id='word_1_102' title='bbox 537 777 582 804; x_wconf 90' lang='lat' dir='ltr'><strong>hic</strong></span> <span class='ocrx_word' id='word_1_103' title='bbox 602 776 723 804; x_wconf 86' lang='lat' dir='ltr'><strong>damus:</strong></span> <span class='ocrx_word' id='word_1_104' title='bbox 751 787 760 802; x_wconf 76' lang='grc' dir='ltr'>ί</span> <span class='ocrx_word' id='word_1_105' title='bbox 783 777 880 812; x_wconf 72' lang='lat' dir='ltr'><strong>Opera:</strong></span> <span class='ocrx_word' id='word_1_106' title='bbox 904 777 1025 811; x_wconf 78' lang='lat' dir='ltr'><strong>pretium</strong></span> 
     </span>
    </p>
   </div>
   <div class='ocr_carea' id='block_1_14' title="bbox 225 821 1024 856">
    <p class='ocr_par' dir='ltr' id='par_1_14' title="bbox 225 821 1024 856">
     <span class='ocr_line' id='line_1_14' title="bbox 225 821 1024 856; baseline -0.001 -8"><span class='ocrx_word' id='word_1_107' title='bbox 225 821 292 848; x_wconf 76' lang='lat' dir='ltr'><strong>duxi</strong></span> <span class='ocrx_word' id='word_1_108' title='bbox 308 821 439 856; x_wconf 74' lang='lat' dir='ltr'><strong>pietatem</strong></span> <span class='ocrx_word' id='word_1_109' title='bbox 461 826 533 848; x_wconf 90' lang='lat' dir='ltr'><strong>tuam</strong></span> <span class='ocrx_word' id='word_1_110' title='bbox 549 821 582 849; x_wconf 87' lang='lat' dir='ltr'><strong>de</strong></span> <span class='ocrx_word' id='word_1_111' title='bbox 598 821 632 848; x_wconf 88' lang='lat' dir='ltr'><strong>iis</strong></span> <span class='ocrx_word' id='word_1_112' title='bbox 648 822 731 849; x_wconf 84' lang='lat' dir='ltr'><strong>rebus</strong></span> <span class='ocrx_word' id='word_1_113' title='bbox 753 821 902 849; x_wconf 81' lang='lat' dir='ltr'><strong>certiorem</strong></span> <span class='ocrx_word' id='word_1_114' title='bbox 923 821 1024 852; x_wconf 87' lang='lat' dir='ltr'><strong>facere,</strong></span> 
     </span>
    </p>
   </div>
   <div class='ocr_carea' id='block_1_15' title="bbox 226 867 1025 903">
    <p class='ocr_par' dir='ltr' id='par_1_15' title="bbox 226 867 1025 903">
     <span class='ocr_line' id='line_1_15' title="bbox 226 867 1025 903; baseline -0.001 -9"><span class='ocrx_word' id='word_1_115' title='bbox 226 876 288 903; x_wconf 74' lang='lat' dir='ltr'><strong>quae</strong></span> <span class='ocrx_word' id='word_1_116' title='bbox 312 876 395 903; x_wconf 86' lang='lat' dir='ltr'><strong>super</strong></span> <span class='ocrx_word' id='word_1_117' title='bbox 419 868 604 895; x_wconf 87' lang='lat' dir='ltr'><strong>Ecclesiarum</strong></span> <span class='ocrx_word' id='word_1_118' title='bbox 621 875 688 902; x_wconf 88' lang='lat' dir='ltr'><strong>pace</strong></span> <span class='ocrx_word' id='word_1_119' title='bbox 709 867 900 895; x_wconf 87' lang='lat' dir='ltr'><strong>constituenda</strong></span> <span class='ocrx_word' id='word_1_120' title='bbox 923 874 1025 894; x_wconf 87' lang='lat' dir='ltr'><strong>evene-</strong></span> 
     </span>
    </p>
   </div>
   <div class='ocr_carea' id='block_1_16' title="bbox 226 912 1025 948">
    <p class='ocr_par' dir='ltr' id='par_1_16' title="bbox 226 912 1025 948">
     <span class='ocr_line' id='line_1_16' title="bbox 226 912 1025 948; baseline -0.003 -8"><span class='ocrx_word' id='word_1_121' title='bbox 226 918 300 940; x_wconf 91' lang='lat' dir='ltr'><strong>runt.</strong></span> <span class='ocrx_word' id='word_1_122' title='bbox 324 914 404 941; x_wconf 79' lang='lat' dir='ltr'><strong>Venit</strong></span> <span class='ocrx_word' id='word_1_123' title='bbox 427 914 519 948; x_wconf 88' lang='lat' dir='ltr'><strong>itaque</strong></span> <span class='ocrx_word' id='word_1_124' title='bbox 542 913 671 940; x_wconf 91' lang='lat' dir='ltr'><strong>dominus</strong></span> <span class='ocrx_word' id='word_1_125' title='bbox 697 921 775 940; x_wconf 89' lang='lat' dir='ltr'><strong>meus</strong></span> <span class='ocrx_word' id='word_1_126' title='bbox 798 912 1025 947; x_wconf 59' lang='lat' dir='ltr'><strong>praeclarissimas</strong></span> 
     </span>
    </p>
   </div>
   <div class='ocr_carea' id='block_1_17' title="bbox 226 958 1026 991">
    <p class='ocr_par' dir='ltr' id='par_1_17' title="bbox 226 958 1026 991">
     <span class='ocr_line' id='line_1_17' title="bbox 226 958 1026 991; baseline -0.003 -4"><span class='ocrx_word' id='word_1_127' title='bbox 226 961 355 988; x_wconf 81' lang='lat' dir='ltr'><strong>tribunus</strong></span> <span class='ocrx_word' id='word_1_128' title='bbox 370 965 397 989; x_wconf 88' lang='lat' dir='ltr'><strong>et</strong></span> <span class='ocrx_word' id='word_1_129' title='bbox 412 961 536 988; x_wconf 89' lang='lat' dir='ltr'><strong>notarius</strong></span> <span class='ocrx_word' id='word_1_130' title='bbox 549 960 701 988; x_wconf 77' lang='lat' dir='ltr'><strong>Aristolaus</strong></span> <span class='ocrx_word' id='word_1_131' title='bbox 716 959 900 991; x_wconf 81' lang='lat' dir='ltr'><strong>Antiochiam,</strong></span> <span class='ocrx_word' id='word_1_132' title='bbox 920 958 1026 985; x_wconf 84' lang='lat' dir='ltr'><strong>litteras</strong></span> 
     </span>
    </p>
   </div>
   <div class='ocr_carea' id='block_1_18' title="bbox 226 1005 1025 1041">
    <p class='ocr_par' dir='ltr' id='par_1_18' title="bbox 226 1005 1025 1041">
     <span class='ocr_line' id='line_1_18' title="bbox 226 1005 1025 1041; baseline -0.003 -8"><span class='ocrx_word' id='word_1_133' title='bbox 226 1007 316 1041; x_wconf 81' lang='lat' dir='ltr'><strong>regias</strong></span> <span class='ocrx_word' id='word_1_134' title='bbox 329 1014 421 1034; x_wconf 84' lang='lat' dir='ltr'><strong>secum</strong></span> <span class='ocrx_word' id='word_1_135' title='bbox 438 1006 575 1038; x_wconf 79' lang='lat' dir='ltr'><strong>deferens,</strong></span> <span class='ocrx_word' id='word_1_136' title='bbox 591 1006 692 1040; x_wconf 82' lang='lat' dir='ltr'><strong>quibus</strong></span> <span class='ocrx_word' id='word_1_137' title='bbox 705 1005 803 1032; x_wconf 87' lang='lat' dir='ltr'><strong>Joanni</strong></span> <span class='ocrx_word' id='word_1_138' title='bbox 827 1005 952 1040; x_wconf 88' lang='lat' dir='ltr'><strong>piissimo</strong></span> <span class='ocrx_word' id='word_1_139' title='bbox 972 1005 1025 1031; x_wconf 86' lang='lat' dir='ltr'><strong>Ec-</strong></span> 
     </span>
    </p>
   </div>
   <div class='ocr_carea' id='block_1_19' title="bbox 225 1051 1025 1086">
    <p class='ocr_par' dir='ltr' id='par_1_19' title="bbox 225 1051 1025 1086">
     <span class='ocr_line' id='line_1_19' title="bbox 225 1051 1025 1086; baseline -0.001 -7"><span class='ocrx_word' id='word_1_140' title='bbox 225 1053 316 1079; x_wconf 74' lang='lat' dir='ltr'><strong>clesim</strong></span> <span class='ocrx_word' id='word_1_141' title='bbox 334 1052 512 1080; x_wconf 79' lang='lat' dir='ltr'><strong>Antiocheme</strong></span> <span class='ocrx_word' id='word_1_142' title='bbox 530 1052 660 1086; x_wconf 85' lang='lat' dir='ltr'><strong>episcopo</strong></span> <span class='ocrx_word' id='word_1_143' title='bbox 681 1051 864 1078; x_wconf 87' lang='lat' dir='ltr'><strong>mandabatur</strong></span> <span class='ocrx_word' id='word_1_144' title='bbox 894 1056 923 1078; x_wconf 80' lang='lat' dir='ltr'><strong>ut</strong></span> <span class='ocrx_word' id='word_1_145' title='bbox 938 1051 1025 1078; x_wconf 88' lang='lat' dir='ltr'><strong>scele-</strong></span> 
     </span>
    </p>
   </div>
   <div class='ocr_carea' id='block_1_20' title="bbox 226 1096 1025 1132">
    <p class='ocr_par' dir='ltr' id='par_1_20' title="bbox 226 1096 1025 1132">
     <span class='ocr_line' id='line_1_20' title="bbox 226 1096 1025 1132; baseline -0.003 -8"><span class='ocrx_word' id='word_1_146' title='bbox 226 1103 283 1125; x_wconf 86' lang='lat' dir='ltr'><strong>rata</strong></span> <span class='ocrx_word' id='word_1_147' title='bbox 299 1097 417 1124; x_wconf 88' lang='lat' dir='ltr'><strong>Nestorii</strong></span> <span class='ocrx_word' id='word_1_148' title='bbox 428 1097 554 1132; x_wconf 76' lang='lat' dir='ltr'><strong>dogmata</strong></span> <span class='ocrx_word' id='word_1_149' title='bbox 564 1096 818 1128; x_wconf 87' lang='lat' dir='ltr'><strong>anathematizaret,</strong></span> <span class='ocrx_word' id='word_1_150' title='bbox 832 1103 940 1123; x_wconf 83' lang='lat' dir='ltr'><strong>necnon</strong></span> <span class='ocrx_word' id='word_1_151' title='bbox 970 1103 1025 1122; x_wconf 86' lang='lat' dir='ltr'><strong>una</strong></span> 
     </span>
    </p>
   </div>
   <div class='ocr_carea' id='block_1_21' title="bbox 224 1141 1025 1178">
    <p class='ocr_par' dir='ltr' id='par_1_21' title="bbox 224 1141 1025 1178">
     <span class='ocr_line' id='line_1_21' title="bbox 224 1141 1025 1178; baseline -0.002 -9"><span class='ocrx_word' id='word_1_152' title='bbox 224 1151 287 1169; x_wconf 84' lang='lat' dir='ltr'><strong>cum</strong></span> <span class='ocrx_word' id='word_1_153' title='bbox 309 1150 386 1169; x_wconf 87' lang='lat' dir='ltr'><strong>sacra</strong></span> <span class='ocrx_word' id='word_1_154' title='bbox 411 1141 515 1178; x_wconf 85' lang='lat' dir='ltr'><strong>synodo</strong></span> <span class='ocrx_word' id='word_1_155' title='bbox 538 1141 719 1176; x_wconf 89' lang='lat' dir='ltr'><strong>depositionis</strong></span> <span class='ocrx_word' id='word_1_156' title='bbox 743 1141 908 1168; x_wconf 76' lang='lat' dir='ltr'><strong>sententiam</strong></span> <span class='ocrx_word' id='word_1_157' title='bbox 929 1145 1025 1168; x_wconf 86' lang='lat' dir='ltr'><strong>contra</strong></span> 
     </span>
    </p>
   </div>
   <div class='ocr_carea' id='block_1_22' title="bbox 226 1185 1026 1221">
    <p class='ocr_par' dir='ltr' id='par_1_22' title="bbox 226 1185 1026 1221">
     <span class='ocr_line' id='line_1_22' title="bbox 226 1185 1026 1221; baseline 0 -9"><span class='ocrx_word' id='word_1_158' title='bbox 226 1187 303 1214; x_wconf 92' lang='lat' dir='ltr'><strong>illum</strong></span> <span class='ocrx_word' id='word_1_159' title='bbox 312 1188 406 1219; x_wconf 85' lang='lat' dir='ltr'><strong>ferret,</strong></span> <span class='ocrx_word' id='word_1_160' title='bbox 415 1194 501 1221; x_wconf 87' lang='lat' dir='ltr'><strong>eaque</strong></span> <span class='ocrx_word' id='word_1_161' title='bbox 512 1187 617 1213; x_wconf 80' lang='lat' dir='ltr'><strong>ratione</strong></span> <span class='ocrx_word' id='word_1_162' title='bbox 627 1186 661 1213; x_wconf 90' lang='lat' dir='ltr'><strong>ad</strong></span> <span class='ocrx_word' id='word_1_163' title='bbox 671 1190 793 1212; x_wconf 88' lang='lat' dir='ltr'><strong>nostram</strong></span> <span class='ocrx_word' id='word_1_164' title='bbox 804 1185 1026 1213; x_wconf 88' lang='lat' dir='ltr'><strong>communionem</strong></span> 
     </span>
    </p>
   </div>
   <div class='ocr_carea' id='block_1_23' title="bbox 224 1231 1026 1266">
    <p class='ocr_par' dir='ltr' id='par_1_23' title="bbox 224 1231 1026 1266">
     <span class='ocr_line' id='line_1_23' title="bbox 224 1231 1026 1266; baseline -0.001 -7"><span class='ocrx_word' id='word_1_165' title='bbox 224 1233 297 1259; x_wconf 87' lang='lat' dir='ltr'><strong>viam</strong></span> <span class='ocrx_word' id='word_1_166' title='bbox 309 1232 361 1259; x_wconf 82' lang='lat' dir='ltr'><strong>sibi</strong></span> <span class='ocrx_word' id='word_1_167' title='bbox 376 1232 507 1258; x_wconf 90' lang='lat' dir='ltr'><strong>muniret.</strong></span> <span class='ocrx_word' id='word_1_168' title='bbox 525 1241 534 1256; x_wconf 76' lang='grc' dir='ltr'><strong><em>ι</em></strong></span> <span class='ocrx_word' id='word_1_169' title='bbox 553 1232 587 1258; x_wconf 87' lang='lat' dir='ltr'><strong>Et</strong></span> <span class='ocrx_word' id='word_1_170' title='bbox 599 1232 657 1259; x_wconf 67' lang='lat' dir='ltr'><strong>haec</strong></span> <span class='ocrx_word' id='word_1_171' title='bbox 672 1231 785 1266; x_wconf 84' lang='lat' dir='ltr'><strong>quidem</strong></span> <span class='ocrx_word' id='word_1_172' title='bbox 804 1238 901 1258; x_wconf 84' lang='lat' dir='ltr'><strong>earum</strong></span> <span class='ocrx_word' id='word_1_173' title='bbox 916 1231 1026 1259; x_wconf 87' lang='lat' dir='ltr'><strong>littera-</strong></span> 
     </span>
    </p>
   </div>
   <div class='ocr_carea' id='block_1_24' title="bbox 229 1281 507 1304">
    <p class='ocr_par' dir='ltr' id='par_1_24' title="bbox 229 1281 507 1304">
     <span class='ocr_line' id='line_1_24' title="bbox 229 1281 507 1304; baseline 0 0"><span class='ocrx_word' id='word_1_174' title='bbox 229 1285 292 1304; x_wconf 93' lang='lat' dir='ltr'><strong>rum</strong></span> <span class='ocrx_word' id='word_1_175' title='bbox 313 1285 420 1304; x_wconf 85' lang='lat' dir='ltr'><strong>summa</strong></span> <span class='ocrx_word' id='word_1_176' title='bbox 437 1281 507 1304; x_wconf 88' lang='lat' dir='ltr'><strong>erat.</strong></span> 
     </span>
    </p>
   </div>
   <div class='ocr_carea' id='block_1_25' title="bbox 261 1322 1025 1358">
    <p class='ocr_par' dir='ltr' id='par_1_25' title="bbox 261 1322 1025 1358">
     <span class='ocr_line' id='line_1_25' title="bbox 261 1322 1025 1358; baseline -0.001 -8"><span class='ocrx_word' id='word_1_177' title='bbox 261 1324 305 1350; x_wconf 69' lang='lat'><strong>6‘2.</strong></span> <span class='ocrx_word' id='word_1_178' title='bbox 330 1322 469 1356; x_wconf 73' lang='lat' dir='ltr'><strong>«Quidam</strong></span> <span class='ocrx_word' id='word_1_179' title='bbox 497 1327 588 1350; x_wconf 87' lang='lat' dir='ltr'><strong>autem</strong></span> <span class='ocrx_word' id='word_1_180' title='bbox 612 1330 646 1350; x_wconf 83' lang='lat' dir='ltr'><strong>ex</strong></span> <span class='ocrx_word' id='word_1_181' title='bbox 672 1322 854 1350; x_wconf 82' lang='lat' dir='ltr'><strong>orientalibus</strong></span> <span class='ocrx_word' id='word_1_182' title='bbox 877 1322 1025 1358; x_wconf 82' lang='lat' dir='ltr'><strong>episcopis,</strong></span> 
     </span>
    </p>
   </div>
   <div class='ocr_carea' id='block_1_26' title="bbox 226 1368 1027 1405">
    <p class='ocr_par' dir='ltr' id='par_1_26' title="bbox 226 1368 1027 1405">
     <span class='ocr_line' id='line_1_26' title="bbox 226 1368 1027 1405; baseline 0.001 -9"><span class='ocrx_word' id='word_1_183' title='bbox 226 1370 274 1405; x_wconf 86' lang='lat' dir='ltr'><strong>qui</strong></span> <span class='ocrx_word' id='word_1_184' title='bbox 292 1370 450 1397; x_wconf 73' lang='lat' dir='ltr'><strong>Nestorium</strong></span> <span class='ocrx_word' id='word_1_185' title='bbox 462 1369 531 1397; x_wconf 84' lang='lat' dir='ltr'><strong>forte</strong></span> <span class='ocrx_word' id='word_1_186' title='bbox 546 1369 664 1396; x_wconf 83' lang='lat' dir='ltr'><strong>necdum</strong></span> <span class='ocrx_word' id='word_1_187' title='bbox 680 1368 910 1401; x_wconf 80' lang='lat' dir='ltr'><strong>condemnarunt,</strong></span> <span class='ocrx_word' id='word_1_188' title='bbox 925 1369 974 1396; x_wconf 89' lang='lat' dir='ltr'><strong>sed</strong></span> <span class='ocrx_word' id='word_1_189' title='bbox 986 1369 1027 1397; x_wconf 85' lang='lat' dir='ltr'><strong>illi</strong></span> 
     </span>
    </p>
   </div>
   <div class='ocr_carea' id='block_1_27' title="bbox 226 1415 1027 1451">
    <p class='ocr_par' dir='ltr' id='par_1_27' title="bbox 226 1415 1027 1451">
     <span class='ocr_line' id='line_1_27' title="bbox 226 1415 1027 1451; baseline 0 -8"><span class='ocrx_word' id='word_1_190' title='bbox 226 1425 310 1451; x_wconf 88' lang='lat' dir='ltr'><strong>porro</strong></span> <span class='ocrx_word' id='word_1_191' title='bbox 323 1416 425 1449; x_wconf 83' lang='lat' dir='ltr'><strong>favere,</strong></span> <span class='ocrx_word' id='word_1_192' title='bbox 442 1422 599 1451; x_wconf 86' lang='lat' dir='ltr'><strong>rectamque</strong></span> <span class='ocrx_word' id='word_1_193' title='bbox 614 1415 694 1444; x_wconf 78' lang='lat' dir='ltr'><strong>ﬁdem</strong></span> <span class='ocrx_word' id='word_1_194' title='bbox 707 1415 818 1443; x_wconf 85' lang='lat' dir='ltr'><strong>turbare</strong></span> <span class='ocrx_word' id='word_1_195' title='bbox 834 1419 962 1451; x_wconf 87' lang='lat' dir='ltr'><strong>pergunt,</strong></span> <span class='ocrx_word' id='word_1_196' title='bbox 976 1424 1027 1443; x_wconf 73' lang='lat' dir='ltr'><strong>Ie-</strong></span> 
     </span>
    </p>
   </div>
   <div class='ocr_carea' id='block_1_28' title="bbox 226 1461 1028 1498">
    <p class='ocr_par' dir='ltr' id='par_1_28' title="bbox 226 1461 1028 1498">
     <span class='ocr_line' id='line_1_28' title="bbox 226 1461 1028 1498; baseline -0.001 -8"><span class='ocrx_word' id='word_1_197' title='bbox 226 1471 281 1498; x_wconf 90' lang='lat' dir='ltr'><strong>que</strong></span> <span class='ocrx_word' id='word_1_198' title='bbox 297 1462 400 1491; x_wconf 88' lang='lat' dir='ltr'><strong>Christi</strong></span> <span class='ocrx_word' id='word_1_199' title='bbox 410 1462 534 1490; x_wconf 88' lang='lat' dir='ltr'><strong>omnium</strong></span> <span class='ocrx_word' id='word_1_200' title='bbox 546 1461 701 1490; x_wconf 85' lang='lat' dir='ltr'><strong>Servatoris</strong></span> <span class='ocrx_word' id='word_1_201' title='bbox 710 1461 798 1490; x_wconf 85' lang='lat' dir='ltr'><strong>nostri</strong></span> <span class='ocrx_word' id='word_1_202' title='bbox 814 1461 929 1496; x_wconf 77' lang='lat' dir='ltr'><strong>gloriam</strong></span> <span class='ocrx_word' id='word_1_203' title='bbox 944 1469 1028 1497; x_wconf 83' lang='lat' dir='ltr'><strong>agno-</strong></span> 
     </span>
    </p>
   </div>
   <div class='ocr_carea' id='block_1_29' title="bbox 226 1504 1025 1543">
    <p class='ocr_par' dir='ltr' id='par_1_29' title="bbox 226 1504 1025 1543">
     <span class='ocr_line' id='line_1_29' title="bbox 226 1504 1025 1543; baseline 0 -7"><span class='ocrx_word' id='word_1_204' title='bbox 226 1513 323 1541; x_wconf 85' lang='lat' dir='ltr'><strong>scunt;</strong></span> <span class='ocrx_word' id='word_1_205' title='bbox 348 1508 478 1536; x_wconf 84' lang='lat' dir='ltr'><strong>Acacium</strong></span> <span class='ocrx_word' id='word_1_206' title='bbox 503 1504 708 1536; x_wconf 82' lang='lat' dir='ltr'><strong>sanctissimum</strong></span> <span class='ocrx_word' id='word_1_207' title='bbox 734 1507 945 1543; x_wconf 86' lang='lat' dir='ltr'><strong>piissimumque</strong></span> <span class='ocrx_word' id='word_1_208' title='bbox 972 1508 1025 1536; x_wconf 88' lang='lat' dir='ltr'><strong>Be-</strong></span> 
     </span>
    </p>
   </div>
   <div class='ocr_carea' id='block_1_30' title="bbox 1076 257 1868 293">
    <p class='ocr_par' dir='ltr' id='par_1_30' title="bbox 1076 257 1868 293">
     <span class='ocr_line' id='line_1_30' title="bbox 1076 257 1868 293; baseline 0 -6"><span class='ocrx_word' id='word_1_209' title='bbox 1076 260 1187 291; x_wconf 88' lang='lat' dir='ltr'><strong>cissent,</strong></span> <span class='ocrx_word' id='word_1_210' title='bbox 1197 259 1331 287; x_wconf 88' lang='lat' dir='ltr'><strong>miserunt</strong></span> <span class='ocrx_word' id='word_1_211' title='bbox 1342 257 1533 285; x_wconf 80' lang='lat' dir='ltr'><strong>Alexandriam</strong></span> <span class='ocrx_word' id='word_1_212' title='bbox 1543 258 1658 285; x_wconf 88' lang='lat' dir='ltr'><strong>Paulum</strong></span> <span class='ocrx_word' id='word_1_213' title='bbox 1666 258 1868 293; x_wconf 89' lang='lat' dir='ltr'><strong>pientissimum</strong></span> 
     </span>
    </p>
   </div>
   <div class='ocr_carea' id='block_1_31' title="bbox 1076 304 1869 341">
    <p class='ocr_par' dir='ltr' id='par_1_31' title="bbox 1076 304 1869 341">
     <span class='ocr_line' id='line_1_31' title="bbox 1076 304 1869 341; baseline 0.001 -8"><span class='ocrx_word' id='word_1_214' title='bbox 1076 306 1368 341; x_wconf 84' lang='lat' dir='ltr'><strong>religiosissimumque</strong></span> <span class='ocrx_word' id='word_1_215' title='bbox 1390 304 1585 332; x_wconf 87' lang='lat' dir='ltr'><strong>Emisenorum</strong></span> <span class='ocrx_word' id='word_1_216' title='bbox 1604 305 1775 340; x_wconf 77' lang='lat' dir='ltr'><strong>episcopum,</strong></span> <span class='ocrx_word' id='word_1_217' title='bbox 1801 307 1869 334; x_wconf 83' lang='lat' dir='ltr'><strong>affe-</strong></span> 
     </span>
    </p>
   </div>
   <div class='ocr_carea' id='block_1_32' title="bbox 1075 350 1869 386">
    <p class='ocr_par' dir='ltr' id='par_1_32' title="bbox 1075 350 1869 386">
     <span class='ocr_line' id='line_1_32' title="bbox 1075 350 1869 386; baseline -0.001 -6"><span class='ocrx_word' id='word_1_218' title='bbox 1075 356 1181 380; x_wconf 90' lang='lat' dir='ltr'><strong>rentem</strong></span> <span class='ocrx_word' id='word_1_219' title='bbox 1210 352 1321 386; x_wconf 87' lang='lat' dir='ltr'><strong>quidem</strong></span> <span class='ocrx_word' id='word_1_220' title='bbox 1350 351 1384 378; x_wconf 92' lang='lat' dir='ltr'><strong>ad</strong></span> <span class='ocrx_word' id='word_1_221' title='bbox 1410 350 1613 378; x_wconf 84' lang='lat' dir='ltr'><strong>communionis</strong></span> <span class='ocrx_word' id='word_1_222' title='bbox 1643 351 1869 380; x_wconf 83' lang='lat' dir='ltr'><strong>instaurationem</strong></span> 
     </span>
    </p>
   </div>
   <div class='ocr_carea' id='block_1_33' title="bbox 1075 396 1870 433">
    <p class='ocr_par' dir='ltr' id='par_1_33' title="bbox 1075 396 1870 433">
     <span class='ocr_line' id='line_1_33' title="bbox 1075 396 1870 433; baseline 0.001 -8"><span class='ocrx_word' id='word_1_223' title='bbox 1075 397 1252 433; x_wconf 83' lang='lat' dir='ltr'><strong>pertinentia,</strong></span> <span class='ocrx_word' id='word_1_224' title='bbox 1270 404 1366 432; x_wconf 83' lang='lat' dir='ltr'><strong>parum</strong></span> <span class='ocrx_word' id='word_1_225' title='bbox 1385 401 1476 424; x_wconf 90' lang='lat' dir='ltr'><strong>tamen</strong></span> <span class='ocrx_word' id='word_1_226' title='bbox 1491 396 1593 424; x_wconf 85' lang='lat' dir='ltr'><strong>decore</strong></span> <span class='ocrx_word' id='word_1_227' title='bbox 1605 402 1634 424; x_wconf 87' lang='lat' dir='ltr'><strong>et</strong></span> <span class='ocrx_word' id='word_1_228' title='bbox 1649 398 1792 426; x_wconf 88' lang='lat' dir='ltr'><strong>commode</strong></span> <span class='ocrx_word' id='word_1_229' title='bbox 1806 407 1870 433; x_wconf 89' lang='lat' dir='ltr'><strong>pro-</strong></span> 
     </span>
    </p>
   </div>
   <div class='ocr_carea' id='block_1_34' title="bbox 1077 442 1872 479">
    <p class='ocr_par' dir='ltr' id='par_1_34' title="bbox 1077 442 1872 479">
     <span class='ocr_line' id='line_1_34' title="bbox 1077 442 1872 479; baseline 0 -8"><span class='ocrx_word' id='word_1_230' title='bbox 1077 444 1164 478; x_wconf 85' lang='lat' dir='ltr'><strong>posita</strong></span> <span class='ocrx_word' id='word_1_231' title='bbox 1177 453 1183 470; x_wconf 90' lang='lat'>:</span> <span class='ocrx_word' id='word_1_232' title='bbox 1197 451 1253 479; x_wconf 71' lang='lat' dir='ltr'><strong>pra:</strong></span> <span class='ocrx_word' id='word_1_233' title='bbox 1263 451 1292 470; x_wconf 88' lang='lat' dir='ltr'><strong>se</strong></span> <span class='ocrx_word' id='word_1_234' title='bbox 1303 442 1427 470; x_wconf 89' lang='lat' dir='ltr'><strong>ferebant</strong></span> <span class='ocrx_word' id='word_1_235' title='bbox 1439 442 1512 470; x_wconf 87' lang='lat' dir='ltr'><strong>enim</strong></span> <span class='ocrx_word' id='word_1_236' title='bbox 1520 443 1610 477; x_wconf 78' lang='lat' dir='ltr'><strong>justas</strong></span> <span class='ocrx_word' id='word_1_237' title='bbox 1626 443 1759 477; x_wconf 83' lang='lat' dir='ltr'><strong>quasdam</strong></span> <span class='ocrx_word' id='word_1_238' title='bbox 1773 451 1872 478; x_wconf 90' lang='lat' dir='ltr'><strong>querc-</strong></span> 
     </span>
    </p>
   </div>
   <div class='ocr_carea' id='block_1_35' title="bbox 1076 488 1870 523">
    <p class='ocr_par' dir='ltr' id='par_1_35' title="bbox 1076 488 1870 523">
     <span class='ocr_line' id='line_1_35' title="bbox 1076 488 1870 523; baseline 0 -6"><span class='ocrx_word' id='word_1_239' title='bbox 1076 490 1116 517; x_wconf 87' lang='lat' dir='ltr'><strong>las</strong></span> <span class='ocrx_word' id='word_1_240' title='bbox 1128 492 1261 516; x_wconf 73' lang='lat' dir='ltr'><strong>adversus</strong></span> <span class='ocrx_word' id='word_1_241' title='bbox 1278 497 1329 516; x_wconf 88' lang='lat' dir='ltr'><strong>nos</strong></span> <span class='ocrx_word' id='word_1_242' title='bbox 1347 496 1376 516; x_wconf 90' lang='lat' dir='ltr'><strong>se</strong></span> <span class='ocrx_word' id='word_1_243' title='bbox 1393 488 1506 520; x_wconf 86' lang='lat' dir='ltr'><strong>habere,</strong></span> <span class='ocrx_word' id='word_1_244' title='bbox 1522 496 1555 516; x_wconf 85' lang='lat' dir='ltr'><strong>eo</strong></span> <span class='ocrx_word' id='word_1_245' title='bbox 1570 489 1643 523; x_wconf 86' lang='lat' dir='ltr'><strong>quod</strong></span> <span class='ocrx_word' id='word_1_246' title='bbox 1657 489 1780 523; x_wconf 67' lang='lat' dir='ltr'><strong>quaedam</strong></span> <span class='ocrx_word' id='word_1_247' title='bbox 1798 498 1814 516; x_wconf 89' lang='lat' dir='ltr'><strong>a</strong></span> <span class='ocrx_word' id='word_1_248' title='bbox 1825 498 1870 517; x_wconf 86' lang='lat' dir='ltr'><strong>sa-</strong></span> 
     </span>
    </p>
   </div>
   <div class='ocr_carea' id='block_1_36' title="bbox 1076 535 1871 570">
    <p class='ocr_par' dir='ltr' id='par_1_36' title="bbox 1076 535 1871 570">
     <span class='ocr_line' id='line_1_36' title="bbox 1076 535 1871 570; baseline -0.001 -6"><span class='ocrx_word' id='word_1_249' title='bbox 1076 543 1124 564; x_wconf 84' lang='lat' dir='ltr'><strong>cro</strong></span> <span class='ocrx_word' id='word_1_250' title='bbox 1134 535 1261 567; x_wconf 85' lang='lat' dir='ltr'><strong>concilio,</strong></span> <span class='ocrx_word' id='word_1_251' title='bbox 1278 543 1368 570; x_wconf 88' lang='lat' dir='ltr'><strong>neque</strong></span> <span class='ocrx_word' id='word_1_252' title='bbox 1384 540 1458 563; x_wconf 88' lang='lat' dir='ltr'><strong>recte</strong></span> <span class='ocrx_word' id='word_1_253' title='bbox 1467 535 1551 566; x_wconf 87' lang='lat' dir='ltr'><strong>dicta,</strong></span> <span class='ocrx_word' id='word_1_254' title='bbox 1570 542 1658 570; x_wconf 91' lang='lat' dir='ltr'><strong>neque</strong></span> <span class='ocrx_word' id='word_1_255' title='bbox 1672 539 1746 562; x_wconf 86' lang='lat' dir='ltr'><strong>recte</strong></span> <span class='ocrx_word' id='word_1_256' title='bbox 1760 543 1871 570; x_wconf 89' lang='lat' dir='ltr'><strong>quoque</strong></span> 
     </span>
    </p>
   </div>
   <div class='ocr_carea' id='block_1_37' title="bbox 1076 581 1869 617">
    <p class='ocr_par' dir='ltr' id='par_1_37' title="bbox 1076 581 1869 617">
     <span class='ocr_line' id='line_1_37' title="bbox 1076 581 1869 617; baseline 0.001 -9"><span class='ocrx_word' id='word_1_257' title='bbox 1076 582 1147 609; x_wconf 85' lang='lat' dir='ltr'><strong>facta</strong></span> <span class='ocrx_word' id='word_1_258' title='bbox 1163 586 1265 609; x_wconf 89' lang='lat' dir='ltr'><strong>essent.</strong></span> <span class='ocrx_word' id='word_1_259' title='bbox 1278 582 1379 609; x_wconf 79' lang='lat' dir='ltr'><strong>Verum</strong></span> <span class='ocrx_word' id='word_1_260' title='bbox 1399 581 1558 617; x_wconf 89' lang='lat' dir='ltr'><strong>hujusmodi</strong></span> <span class='ocrx_word' id='word_1_261' title='bbox 1594 581 1723 615; x_wconf 78' lang='lat' dir='ltr'><strong>epistolas</strong></span> <span class='ocrx_word' id='word_1_262' title='bbox 1741 582 1869 616; x_wconf 89' lang='lat' dir='ltr'><strong>equidem</strong></span> 
     </span>
    </p>
   </div>
   <div class='ocr_carea' id='block_1_38' title="bbox 1076 626 1870 661">
    <p class='ocr_par' dir='ltr' id='par_1_38' title="bbox 1076 626 1870 661">
     <span class='ocr_line' id='line_1_38' title="bbox 1076 626 1870 661; baseline -0.001 -6"><span class='ocrx_word' id='word_1_263' title='bbox 1076 634 1131 655; x_wconf 90' lang='lat' dir='ltr'><strong>non</strong></span> <span class='ocrx_word' id='word_1_264' title='bbox 1146 627 1254 659; x_wconf 81' lang='lat' dir='ltr'><strong>admisi,</strong></span> <span class='ocrx_word' id='word_1_265' title='bbox 1280 626 1329 654; x_wconf 89' lang='lat' dir='ltr'><strong>sed</strong></span> <span class='ocrx_word' id='word_1_266' title='bbox 1352 626 1427 654; x_wconf 78' lang='lat' dir='ltr'><strong>dixi:</strong></span> <span class='ocrx_word' id='word_1_267' title='bbox 1448 626 1518 654; x_wconf 86' lang='lat' dir='ltr'><strong>Cum</strong></span> <span class='ocrx_word' id='word_1_268' title='bbox 1542 626 1576 654; x_wconf 91' lang='lat' dir='ltr'><strong>de</strong></span> <span class='ocrx_word' id='word_1_269' title='bbox 1597 627 1737 661; x_wconf 87' lang='lat' dir='ltr'><strong>prioribus</strong></span> <span class='ocrx_word' id='word_1_270' title='bbox 1762 628 1870 655; x_wconf 79' lang='lat' dir='ltr'><strong>veniam</strong></span> 
     </span>
    </p>
   </div>
   <div class='ocr_carea' id='block_1_39' title="bbox 1077 673 1870 708">
    <p class='ocr_par' dir='ltr' id='par_1_39' title="bbox 1077 673 1870 708">
     <span class='ocr_line' id='line_1_39' title="bbox 1077 673 1870 708; baseline 0.001 -8"><span class='ocrx_word' id='word_1_271' title='bbox 1077 674 1237 708; x_wconf 82' lang='lat' dir='ltr'><strong>suppliciter</strong></span> <span class='ocrx_word' id='word_1_272' title='bbox 1248 679 1342 708; x_wconf 87' lang='lat' dir='ltr'><strong>petere</strong></span> <span class='ocrx_word' id='word_1_273' title='bbox 1354 673 1498 705; x_wconf 85' lang='lat' dir='ltr'><strong>deberent,</strong></span> <span class='ocrx_word' id='word_1_274' title='bbox 1512 681 1597 700; x_wconf 85' lang='lat' dir='ltr'><strong>novas</strong></span> <span class='ocrx_word' id='word_1_275' title='bbox 1611 673 1710 700; x_wconf 82' lang='lat' dir='ltr'><strong>iterum</strong></span> <span class='ocrx_word' id='word_1_276' title='bbox 1726 679 1870 701; x_wconf 89' lang='lat' dir='ltr'><strong>contume-</strong></span> 
     </span>
    </p>
   </div>
   <div class='ocr_carea' id='block_1_40' title="bbox 1076 718 1870 755">
    <p class='ocr_par' dir='ltr' id='par_1_40' title="bbox 1076 718 1870 755">
     <span class='ocr_line' id='line_1_40' title="bbox 1076 718 1870 755; baseline 0.004 -11"><span class='ocrx_word' id='word_1_277' title='bbox 1076 718 1128 746; x_wconf 88' lang='lat' dir='ltr'><strong>lias</strong></span> <span class='ocrx_word' id='word_1_278' title='bbox 1142 718 1244 747; x_wconf 87' lang='lat' dir='ltr'><strong>inferre</strong></span> <span class='ocrx_word' id='word_1_279' title='bbox 1257 718 1398 746; x_wconf 79' lang='lat' dir='ltr'><strong>festinant.</strong></span> <span class='ocrx_word' id='word_1_280' title='bbox 1412 718 1481 746; x_wconf 85' lang='lat' dir='ltr'><strong>Cum</strong></span> <span class='ocrx_word' id='word_1_281' title='bbox 1497 723 1589 746; x_wconf 85' lang='lat' dir='ltr'><strong>autem</strong></span> <span class='ocrx_word' id='word_1_282' title='bbox 1613 724 1781 747; x_wconf 88' lang='lat' dir='ltr'><strong>memoratus</strong></span> <span class='ocrx_word' id='word_1_283' title='bbox 1802 720 1870 755; x_wconf 90' lang='lat' dir='ltr'><strong>piis-</strong></span> 
     </span>
    </p>
   </div>
   <div class='ocr_carea' id='block_1_41' title="bbox 1077 765 1871 802">
    <p class='ocr_par' dir='ltr' id='par_1_41' title="bbox 1077 765 1871 802">
     <span class='ocr_line' id='line_1_41' title="bbox 1077 765 1871 802; baseline 0.003 -10"><span class='ocrx_word' id='word_1_284' title='bbox 1077 766 1162 793; x_wconf 85' lang='lat' dir='ltr'><strong>simus</strong></span> <span class='ocrx_word' id='word_1_285' title='bbox 1186 765 1332 800; x_wconf 89' lang='lat' dir='ltr'><strong>episcopus</strong></span> <span class='ocrx_word' id='word_1_286' title='bbox 1354 765 1456 792; x_wconf 83' lang='lat' dir='ltr'><strong>factum</strong></span> <span class='ocrx_word' id='word_1_287' title='bbox 1483 770 1637 798; x_wconf 77' lang='lat' dir='ltr'><strong>excusaret,</strong></span> <span class='ocrx_word' id='word_1_288' title='bbox 1661 766 1871 802; x_wconf 89' lang='lat' dir='ltr'><strong>juramentoque</strong></span> 
     </span>
    </p>
   </div>
   <div class='ocr_carea' id='block_1_42' title="bbox 1077 811 1872 846">
    <p class='ocr_par' dir='ltr' id='par_1_42' title="bbox 1077 811 1872 846">
     <span class='ocr_line' id='line_1_42' title="bbox 1077 811 1872 846; baseline 0.003 -8"><span class='ocrx_word' id='word_1_289' title='bbox 1077 812 1129 839; x_wconf 87' lang='lat' dir='ltr'><strong>hoc</strong></span> <span class='ocrx_word' id='word_1_290' title='bbox 1142 811 1251 839; x_wconf 86' lang='lat' dir='ltr'><strong>illorum</strong></span> <span class='ocrx_word' id='word_1_291' title='bbox 1265 812 1438 846; x_wconf 85' lang='lat' dir='ltr'><strong>propositum</strong></span> <span class='ocrx_word' id='word_1_292' title='bbox 1451 819 1508 838; x_wconf 90' lang='lat' dir='ltr'><strong>non</strong></span> <span class='ocrx_word' id='word_1_293' title='bbox 1520 819 1581 839; x_wconf 85' lang='lat' dir='ltr'><strong>esse</strong></span> <span class='ocrx_word' id='word_1_294' title='bbox 1597 812 1754 846; x_wconf 79' lang='lat' dir='ltr'><strong>aiiirmaret,</strong></span> <span class='ocrx_word' id='word_1_295' title='bbox 1769 821 1803 840; x_wconf 81' lang='lat' dir='ltr'><strong>cx</strong></span> <span class='ocrx_word' id='word_1_296' title='bbox 1815 821 1872 841; x_wconf 86' lang='lat' dir='ltr'><strong>me-</strong></span> 
     </span>
    </p>
   </div>
   <div class='ocr_carea' id='block_1_43' title="bbox 1077 857 1872 892">
    <p class='ocr_par' dir='ltr' id='par_1_43' title="bbox 1077 857 1872 892">
     <span class='ocr_line' id='line_1_43' title="bbox 1077 857 1872 892; baseline -0.001 -6"><span class='ocrx_word' id='word_1_297' title='bbox 1077 866 1107 886; x_wconf 78' lang='lat' dir='ltr'><strong>ra</strong></span> <span class='ocrx_word' id='word_1_298' title='bbox 1121 863 1213 886; x_wconf 86' lang='lat' dir='ltr'><strong>autem</strong></span> <span class='ocrx_word' id='word_1_299' title='bbox 1232 857 1317 885; x_wconf 88' lang='lat' dir='ltr'><strong>animi</strong></span> <span class='ocrx_word' id='word_1_300' title='bbox 1339 857 1516 892; x_wconf 81' lang='lat' dir='ltr'><strong>simplicitate</strong></span> <span class='ocrx_word' id='word_1_301' title='bbox 1534 858 1627 886; x_wconf 84' lang='lat' dir='ltr'><strong>isthnc</strong></span> <span class='ocrx_word' id='word_1_302' title='bbox 1642 858 1741 886; x_wconf 85' lang='lat' dir='ltr'><strong>litteris</strong></span> <span class='ocrx_word' id='word_1_303' title='bbox 1757 859 1815 886; x_wconf 86' lang='lat' dir='ltr'><strong>suis</strong></span> <span class='ocrx_word' id='word_1_304' title='bbox 1828 859 1872 885; x_wconf 89' lang='lat' dir='ltr'><strong>in-</strong></span> 
     </span>
    </p>
   </div>
   <div class='ocr_carea' id='block_1_44' title="bbox 1076 902 1801 939">
    <p class='ocr_par' dir='ltr' id='par_1_44' title="bbox 1076 902 1801 939">
     <span class='ocr_line' id='line_1_44' title="bbox 1076 902 1801 939; baseline 0 -9"><span class='ocrx_word' id='word_1_305' title='bbox 1076 904 1206 935; x_wconf 83' lang='lat' dir='ltr'><strong>seruisse,</strong></span> <span class='ocrx_word' id='word_1_306' title='bbox 1224 903 1380 931; x_wconf 83' lang='lat' dir='ltr'><strong>dilectionis</strong></span> <span class='ocrx_word' id='word_1_307' title='bbox 1396 911 1479 931; x_wconf 87' lang='lat' dir='ltr'><strong>causa</strong></span> <span class='ocrx_word' id='word_1_308' title='bbox 1490 902 1679 939; x_wconf 68' lang='lat' dir='ltr'><strong>purgationem</strong></span> <span class='ocrx_word' id='word_1_309' title='bbox 1693 903 1801 931; x_wconf 88' lang='lat' dir='ltr'><strong>admisi.</strong></span> 
     </span>
    </p>
   </div>
   <div class='ocr_carea' id='block_1_45' title="bbox 1111 950 1872 999">
    <p class='ocr_par' dir='ltr' id='par_1_45' title="bbox 1111 950 1872 999">
     <span class='ocr_line' id='line_1_45' title="bbox 1111 950 1872 999; baseline -0.003 -20"><span class='ocrx_word' id='word_1_310' title='bbox 1111 951 1155 979; x_wconf 73' lang='grc'><strong>64.</strong></span> <span class='ocrx_word' id='word_1_311' title='bbox 1175 960 1183 976; x_wconf 74' lang='grc' dir='ltr'><strong><em>ι</em></strong></span> <span class='ocrx_word' id='word_1_312' title='bbox 1199 950 1334 999; x_wconf 64' lang='lat' dir='ltr'><strong>Czpterum</strong></span> <span class='ocrx_word' id='word_1_313' title='bbox 1354 958 1408 977; x_wconf 91' lang='lat' dir='ltr'><strong>non</strong></span> <span class='ocrx_word' id='word_1_314' title='bbox 1426 958 1505 986; x_wconf 79' lang='lat' dir='ltr'><strong>prius</strong></span> <span class='ocrx_word' id='word_1_315' title='bbox 1518 951 1596 978; x_wconf 87' lang='lat' dir='ltr'><strong>illum</strong></span> <span class='ocrx_word' id='word_1_316' title='bbox 1609 951 1643 978; x_wconf 87' lang='lat' dir='ltr'><strong>ad</strong></span> <span class='ocrx_word' id='word_1_317' title='bbox 1655 951 1777 986; x_wconf 68' lang='lat' dir='ltr'><strong>synasim</strong></span> <span class='ocrx_word' id='word_1_318' title='bbox 1792 958 1872 978; x_wconf 83' lang='lat' dir='ltr'><strong>rece-</strong></span> 
     </span>
    </p>
   </div>
   <div class='ocr_carea' id='block_1_46' title="bbox 1076 997 1873 1032">
    <p class='ocr_par' dir='ltr' id='par_1_46' title="bbox 1076 997 1873 1032">
     <span class='ocr_line' id='line_1_46' title="bbox 1076 997 1873 1032; baseline 0 -8"><span class='ocrx_word' id='word_1_319' title='bbox 1076 997 1115 1032; x_wconf 89' lang='lat' dir='ltr'><strong>pi,</strong></span> <span class='ocrx_word' id='word_1_320' title='bbox 1133 997 1327 1032; x_wconf 70' lang='lat' dir='ltr'><strong>quam&#39;oblato</strong></span> <span class='ocrx_word' id='word_1_321' title='bbox 1351 997 1453 1027; x_wconf 81' lang='lat' dir='ltr'><strong>liheHn,</strong></span> <span class='ocrx_word' id='word_1_322' title='bbox 1478 997 1595 1024; x_wconf 84' lang='lat' dir='ltr'><strong>Nestorii</strong></span> <span class='ocrx_word' id='word_1_323' title='bbox 1616 997 1741 1032; x_wconf 68' lang='lat' dir='ltr'><strong>dogmata</strong></span> <span class='ocrx_word' id='word_1_324' title='bbox 1760 997 1873 1032; x_wconf 88' lang='lat' dir='ltr'><strong>proprio</strong></span> 
     </span>
    </p>
   </div>
   <div class='ocr_carea' id='block_1_47' title="bbox 1076 1042 1872 1077">
    <p class='ocr_par' dir='ltr' id='par_1_47' title="bbox 1076 1042 1872 1077">
     <span class='ocr_line' id='line_1_47' title="bbox 1076 1042 1872 1077; baseline 0.003 -9"><span class='ocrx_word' id='word_1_325' title='bbox 1076 1042 1258 1076; x_wconf 84' lang='lat' dir='ltr'><strong>chirographo</strong></span> <span class='ocrx_word' id='word_1_326' title='bbox 1288 1042 1560 1074; x_wconf 72' lang='lat' dir='ltr'><strong>analhematizassct;</strong></span> <span class='ocrx_word' id='word_1_327' title='bbox 1585 1050 1698 1076; x_wconf 77' lang='lat' dir='ltr'><strong>seseque</strong></span> <span class='ocrx_word' id='word_1_328' title='bbox 1724 1042 1800 1070; x_wconf 88' lang='lat' dir='ltr'><strong>illum</strong></span> <span class='ocrx_word' id='word_1_329' title='bbox 1822 1050 1872 1077; x_wconf 87' lang='lat' dir='ltr'><strong>pro</strong></span> 
     </span>
    </p>
   </div>
   <div class='ocr_carea' id='block_1_48' title="bbox 1076 1088 1873 1123">
    <p class='ocr_par' dir='ltr' id='par_1_48' title="bbox 1076 1088 1873 1123">
     <span class='ocr_line' id='line_1_48' title="bbox 1076 1088 1873 1123; baseline 0 -8"><span class='ocrx_word' id='word_1_330' title='bbox 1076 1088 1203 1123; x_wconf 87' lang='lat' dir='ltr'><strong>deposito</strong></span> <span class='ocrx_word' id='word_1_331' title='bbox 1219 1088 1331 1117; x_wconf 81' lang='lat' dir='ltr'><strong>habere,</strong></span> <span class='ocrx_word' id='word_1_332' title='bbox 1347 1088 1455 1122; x_wconf 80' lang='lat' dir='ltr'><strong>publice</strong></span> <span class='ocrx_word' id='word_1_333' title='bbox 1470 1088 1612 1114; x_wconf 79' lang='lat' dir='ltr'><strong>confessus</strong></span> <span class='ocrx_word' id='word_1_334' title='bbox 1622 1092 1704 1118; x_wconf 78' lang='lat' dir='ltr'><strong>esset,</strong></span> <span class='ocrx_word' id='word_1_335' title='bbox 1721 1093 1749 1115; x_wconf 87' lang='lat' dir='ltr'><strong>et</strong></span> <span class='ocrx_word' id='word_1_336' title='bbox 1762 1088 1873 1115; x_wconf 91' lang='lat' dir='ltr'><strong>ordina-</strong></span> 
     </span>
    </p>
   </div>
   <div class='ocr_carea' id='block_1_49' title="bbox 1078 1132 1871 1167">
    <p class='ocr_par' dir='ltr' id='par_1_49' title="bbox 1078 1132 1871 1167">
     <span class='ocr_line' id='line_1_49' title="bbox 1078 1132 1871 1167; baseline 0 -7"><span class='ocrx_word' id='word_1_337' title='bbox 1078 1134 1144 1161; x_wconf 91' lang='lat' dir='ltr'><strong>tioni</strong></span> <span class='ocrx_word' id='word_1_338' title='bbox 1165 1132 1275 1160; x_wconf 87' lang='lat' dir='ltr'><strong>tandem</strong></span> <span class='ocrx_word' id='word_1_339' title='bbox 1299 1132 1495 1167; x_wconf 72' lang='lat' dir='ltr'><strong>religiosissimi</strong></span> <span class='ocrx_word' id='word_1_340' title='bbox 1516 1132 1636 1167; x_wconf 77' lang='lat' dir='ltr'><strong>episcopi</strong></span> <span class='ocrx_word' id='word_1_341' title='bbox 1656 1133 1810 1160; x_wconf 61' lang='lat' dir='ltr'><strong>Maximiani</strong></span> <span class='ocrx_word' id='word_1_342' title='bbox 1827 1141 1871 1160; x_wconf 87' lang='lat' dir='ltr'><strong>as-</strong></span> 
     </span>
    </p>
   </div>
   <div class='ocr_carea' id='block_1_50' title="bbox 1076 1179 1871 1211">
    <p class='ocr_par' dir='ltr' id='par_1_50' title="bbox 1076 1179 1871 1211">
     <span class='ocr_line' id='line_1_50' title="bbox 1076 1179 1871 1211; baseline -0.001 -4"><span class='ocrx_word' id='word_1_343' title='bbox 1076 1180 1217 1208; x_wconf 89' lang='lat' dir='ltr'><strong>sensisset.</strong></span> <span class='ocrx_word' id='word_1_344' title='bbox 1230 1179 1312 1207; x_wconf 85' lang='lat' dir='ltr'><strong>Petiit</strong></span> <span class='ocrx_word' id='word_1_345' title='bbox 1326 1183 1419 1206; x_wconf 86' lang='lat' dir='ltr'><strong>autem</strong></span> <span class='ocrx_word' id='word_1_346' title='bbox 1435 1183 1476 1211; x_wconf 88' lang='lat' dir='ltr'><strong>ut,</strong></span> <span class='ocrx_word' id='word_1_347' title='bbox 1492 1179 1594 1206; x_wconf 89' lang='lat' dir='ltr'><strong>libellis</strong></span> <span class='ocrx_word' id='word_1_348' title='bbox 1612 1180 1735 1206; x_wconf 91' lang='lat' dir='ltr'><strong>omnium</strong></span> <span class='ocrx_word' id='word_1_349' title='bbox 1751 1179 1871 1207; x_wconf 87' lang='lat' dir='ltr'><strong>orienta-</strong></span> 
     </span>
    </p>
   </div>
   <div class='ocr_carea' id='block_1_51' title="bbox 1076 1225 1872 1261">
    <p class='ocr_par' dir='ltr' id='par_1_51' title="bbox 1076 1225 1872 1261">
     <span class='ocr_line' id='line_1_51' title="bbox 1076 1225 1872 1261; baseline -0.001 -8"><span class='ocrx_word' id='word_1_350' title='bbox 1076 1226 1143 1253; x_wconf 90' lang='lat' dir='ltr'><strong>lium</strong></span> <span class='ocrx_word' id='word_1_351' title='bbox 1169 1226 1362 1261; x_wconf 89' lang='lat' dir='ltr'><strong>episcoporum</strong></span> <span class='ocrx_word' id='word_1_352' title='bbox 1391 1225 1451 1252; x_wconf 91' lang='lat' dir='ltr'><strong>loco</strong></span> <span class='ocrx_word' id='word_1_353' title='bbox 1474 1225 1574 1252; x_wconf 85' lang='lat' dir='ltr'><strong>oblatis</strong></span> <span class='ocrx_word' id='word_1_354' title='bbox 1603 1225 1788 1260; x_wconf 85' lang='lat' dir='ltr'><strong>receptisque,</strong></span> <span class='ocrx_word' id='word_1_355' title='bbox 1802 1226 1872 1253; x_wconf 90' lang='lat' dir='ltr'><strong>nihil</strong></span> 
     </span>
    </p>
   </div>
   <div class='ocr_carea' id='block_1_52' title="bbox 1077 1270 1871 1308">
    <p class='ocr_par' dir='ltr' id='par_1_52' title="bbox 1077 1270 1871 1308">
     <span class='ocr_line' id='line_1_52' title="bbox 1077 1270 1871 1308; baseline -0.001 -8"><span class='ocrx_word' id='word_1_356' title='bbox 1077 1272 1195 1308; x_wconf 81' lang='lat' dir='ltr'><strong>amplius</strong></span> <span class='ocrx_word' id='word_1_357' title='bbox 1214 1272 1362 1306; x_wconf 78' lang='lat' dir='ltr'><strong>exigerem.</strong></span> <span class='ocrx_word' id='word_1_358' title='bbox 1387 1270 1441 1298; x_wconf 87' lang='lat' dir='ltr'><strong>Sed</strong></span> <span class='ocrx_word' id='word_1_359' title='bbox 1460 1271 1535 1298; x_wconf 88' lang='lat' dir='ltr'><strong>nulla</strong></span> <span class='ocrx_word' id='word_1_360' title='bbox 1559 1272 1664 1299; x_wconf 89' lang='lat' dir='ltr'><strong>ratione</strong></span> <span class='ocrx_word' id='word_1_361' title='bbox 1685 1271 1712 1299; x_wconf 91' lang='lat' dir='ltr'><strong>id</strong></span> <span class='ocrx_word' id='word_1_362' title='bbox 1735 1272 1794 1299; x_wconf 81' lang='lat' dir='ltr'><strong>ﬁeri</strong></span> <span class='ocrx_word' id='word_1_363' title='bbox 1812 1280 1871 1299; x_wconf 86' lang='lat' dir='ltr'><strong>sum</strong></span> 
     </span>
    </p>
   </div>
   <div class='ocr_carea' id='block_1_53' title="bbox 1076 1316 1873 1353">
    <p class='ocr_par' dir='ltr' id='par_1_53' title="bbox 1076 1316 1873 1353">
     <span class='ocr_line' id='line_1_53' title="bbox 1076 1316 1873 1353; baseline 0 -8"><span class='ocrx_word' id='word_1_364' title='bbox 1076 1325 1174 1353; x_wconf 85' lang='lat' dir='ltr'><strong>passus</strong></span> <span class='ocrx_word' id='word_1_365' title='bbox 1189 1326 1195 1343; x_wconf 90' lang='lat'>:</span> <span class='ocrx_word' id='word_1_366' title='bbox 1212 1316 1260 1344; x_wconf 89' lang='lat' dir='ltr'><strong>sed</strong></span> <span class='ocrx_word' id='word_1_367' title='bbox 1273 1316 1388 1344; x_wconf 89' lang='lat' dir='ltr'><strong>domino</strong></span> <span class='ocrx_word' id='word_1_368' title='bbox 1402 1324 1465 1344; x_wconf 89' lang='lat' dir='ltr'><strong>meo</strong></span> <span class='ocrx_word' id='word_1_369' title='bbox 1484 1317 1695 1352; x_wconf 64' lang='lat' dir='ltr'><strong>praeclarissimo</strong></span> <span class='ocrx_word' id='word_1_370' title='bbox 1716 1317 1828 1345; x_wconf 87' lang='lat' dir='ltr'><strong>tribuno</strong></span> <span class='ocrx_word' id='word_1_371' title='bbox 1841 1326 1873 1345; x_wconf 85' lang='lat' dir='ltr'><strong>ac</strong></span> 
     </span>
    </p>
   </div>
   <div class='ocr_carea' id='block_1_54' title="bbox 1076 1362 1873 1398">
    <p class='ocr_par' dir='ltr' id='par_1_54' title="bbox 1076 1362 1873 1398">
     <span class='ocr_line' id='line_1_54' title="bbox 1076 1362 1873 1398; baseline -0.001 -7"><span class='ocrx_word' id='word_1_372' title='bbox 1076 1363 1184 1391; x_wconf 85' lang='lat' dir='ltr'><strong>notario</strong></span> <span class='ocrx_word' id='word_1_373' title='bbox 1193 1363 1316 1390; x_wconf 80' lang='lat' dir='ltr'><strong>chartam</strong></span> <span class='ocrx_word' id='word_1_374' title='bbox 1332 1362 1406 1395; x_wconf 87' lang='lat' dir='ltr'><strong>misi,</strong></span> <span class='ocrx_word' id='word_1_375' title='bbox 1417 1370 1472 1398; x_wconf 86' lang='lat' dir='ltr'><strong>qua</strong></span> <span class='ocrx_word' id='word_1_376' title='bbox 1485 1363 1511 1390; x_wconf 92' lang='lat' dir='ltr'><strong>ei</strong></span> <span class='ocrx_word' id='word_1_377' title='bbox 1526 1362 1695 1398; x_wconf 85' lang='lat' dir='ltr'><strong>signiﬁcavi:</strong></span> <span class='ocrx_word' id='word_1_378' title='bbox 1712 1363 1740 1390; x_wconf 88' lang='lat' dir='ltr'><strong>Si</strong></span> <span class='ocrx_word' id='word_1_379' title='bbox 1755 1364 1873 1391; x_wconf 81' lang='lat' dir='ltr'><strong>Joannes</strong></span> 
     </span>
    </p>
   </div>
   <div class='ocr_carea' id='block_1_55' title="bbox 1076 1407 1872 1444">
    <p class='ocr_par' dir='ltr' id='par_1_55' title="bbox 1076 1407 1872 1444">
     <span class='ocr_line' id='line_1_55' title="bbox 1076 1407 1872 1444; baseline -0.003 -9"><span class='ocrx_word' id='word_1_380' title='bbox 1076 1407 1267 1444; x_wconf 85' lang='lat' dir='ltr'><strong>pientissimus</strong></span> <span class='ocrx_word' id='word_1_381' title='bbox 1292 1407 1423 1435; x_wconf 68' lang='lat' dir='ltr'><strong>Ecclesiae</strong></span> <span class='ocrx_word' id='word_1_382' title='bbox 1451 1407 1629 1435; x_wconf 74' lang='lat' dir='ltr'><strong>Antiochense</strong></span> <span class='ocrx_word' id='word_1_383' title='bbox 1657 1407 1802 1442; x_wconf 83' lang='lat' dir='ltr'><strong>episcopus</strong></span> <span class='ocrx_word' id='word_1_384' title='bbox 1833 1407 1872 1434; x_wconf 91' lang='lat' dir='ltr'><strong>illi</strong></span> 
     </span>
    </p>
   </div>
   <div class='ocr_carea' id='block_1_56' title="bbox 1077 1452 1874 1490">
    <p class='ocr_par' dir='ltr' id='par_1_56' title="bbox 1077 1452 1874 1490">
     <span class='ocr_line' id='line_1_56' title="bbox 1077 1452 1874 1490; baseline -0.003 -8"><span class='ocrx_word' id='word_1_385' title='bbox 1077 1454 1284 1490; x_wconf 81' lang='lat' dir='ltr'><strong>subscripserit,</strong></span> <span class='ocrx_word' id='word_1_386' title='bbox 1301 1458 1367 1481; x_wconf 93' lang='lat' dir='ltr'><strong>tunc</strong></span> <span class='ocrx_word' id='word_1_387' title='bbox 1381 1454 1492 1481; x_wconf 89' lang='lat' dir='ltr'><strong>demum</strong></span> <span class='ocrx_word' id='word_1_388' title='bbox 1509 1453 1730 1481; x_wconf 87' lang='lat' dir='ltr'><strong>communionem</strong></span> <span class='ocrx_word' id='word_1_389' title='bbox 1745 1453 1800 1480; x_wconf 86' lang='lat' dir='ltr'><strong>illis</strong></span> <span class='ocrx_word' id='word_1_390' title='bbox 1811 1452 1874 1480; x_wconf 89' lang='lat' dir='ltr'><strong>red-</strong></span> 
     </span>
    </p>
   </div>
   <div class='ocr_carea' id='block_1_57' title="bbox 1076 1499 1875 1535">
    <p class='ocr_par' dir='ltr' id='par_1_57' title="bbox 1076 1499 1875 1535">
     <span class='ocr_line' id='line_1_57' title="bbox 1076 1499 1875 1535; baseline -0.001 -7"><span class='ocrx_word' id='word_1_391' title='bbox 1076 1501 1151 1533; x_wconf 85' lang='lat' dir='ltr'><strong>dite;</strong></span> <span class='ocrx_word' id='word_1_392' title='bbox 1166 1508 1237 1535; x_wconf 74' lang='lat' dir='ltr'><strong>zegre</strong></span> <span class='ocrx_word' id='word_1_393' title='bbox 1251 1499 1325 1527; x_wconf 91' lang='lat' dir='ltr'><strong>enim</strong></span> <span class='ocrx_word' id='word_1_394' title='bbox 1341 1500 1451 1527; x_wconf 87' lang='lat' dir='ltr'><strong>illorum</strong></span> <span class='ocrx_word' id='word_1_395' title='bbox 1468 1507 1572 1527; x_wconf 87' lang='lat' dir='ltr'><strong>moram</strong></span> <span class='ocrx_word' id='word_1_396' title='bbox 1588 1499 1693 1527; x_wconf 88' lang='lat' dir='ltr'><strong>ferebat</strong></span> <span class='ocrx_word' id='word_1_397' title='bbox 1706 1499 1875 1527; x_wconf 83' lang='lat' dir='ltr'><strong>clarissimus</strong></span> 
     </span>
    </p>
   </div>
   <div class='ocr_carea' id='block_1_58' title="bbox 226 1546 1876 1590">
    <p class='ocr_par' dir='ltr' id='par_1_58' title="bbox 226 1546 1876 1590">
     <span class='ocr_line' id='line_1_58' title="bbox 226 1546 1876 1590; baseline -0.006 -7"><span class='ocrx_word' id='word_1_398' title='bbox 226 1555 374 1583; x_wconf 70' lang='lat' dir='ltr'><strong>mensium</strong></span> <span class='ocrx_word' id='word_1_399' title='bbox 402 1555 572 1590; x_wconf 86' lang='lat' dir='ltr'><strong>episcopum,</strong></span> <span class='ocrx_word' id='word_1_400' title='bbox 588 1557 618 1581; x_wconf 90' lang='lat' dir='ltr'><strong>ut</strong></span> <span class='ocrx_word' id='word_1_401' title='bbox 632 1554 667 1582; x_wconf 89' lang='lat' dir='ltr'><strong>ad</strong></span> <span class='ocrx_word' id='word_1_402' title='bbox 687 1561 731 1581; x_wconf 87' lang='lat' dir='ltr'><strong>me</strong></span> <span class='ocrx_word' id='word_1_403' title='bbox 748 1554 890 1587; x_wconf 84' lang='lat' dir='ltr'><strong>scriberet,</strong></span> <span class='ocrx_word' id='word_1_404' title='bbox 908 1556 1028 1583; x_wconf 89' lang='lat' dir='ltr'><strong>nonnul-</strong></span> <span class='ocrx_word' id='word_1_405' title='bbox 1041 1559 1062 1587; x_wconf 71' lang='grc' dir='ltr'><strong><em>ε</em></strong></span> <span class='ocrx_word' id='word_1_406' title='bbox 1079 1548 1208 1576; x_wconf 87' lang='lat' dir='ltr'><strong>tribunus</strong></span> <span class='ocrx_word' id='word_1_407' title='bbox 1222 1546 1385 1575; x_wconf 77' lang='lat' dir='ltr'><strong>An&#39;stolaus.</strong></span> <span class='ocrx_word' id='word_1_408' title='bbox 1402 1546 1471 1575; x_wconf 90' lang='lat' dir='ltr'><strong>Cum</strong></span> <span class='ocrx_word' id='word_1_409' title='bbox 1489 1546 1572 1582; x_wconf 81' lang='lat' dir='ltr'><strong>igitur</strong></span> <span class='ocrx_word' id='word_1_410' title='bbox 1591 1546 1733 1582; x_wconf 85' lang='lat' dir='ltr'><strong>piissimus</strong></span> <span class='ocrx_word' id='word_1_411' title='bbox 1755 1546 1876 1574; x_wconf 78' lang='lat' dir='ltr'><strong>Joannes</strong></span> 
     </span>
    </p>
   </div>
   <div class='ocr_carea' id='block_1_59' title="bbox 224 1600 1024 1637">
    <p class='ocr_par' dir='ltr' id='par_1_59' title="bbox 224 1600 1024 1637">
     <span class='ocr_line' id='line_1_59' title="bbox 224 1600 1024 1637; baseline 0.001 -9"><span class='ocrx_word' id='word_1_412' title='bbox 224 1602 306 1636; x_wconf 88' lang='lat' dir='ltr'><strong>laque</strong></span> <span class='ocrx_word' id='word_1_413' title='bbox 328 1601 460 1633; x_wconf 86' lang='lat' dir='ltr'><strong>absurda,</strong></span> <span class='ocrx_word' id='word_1_414' title='bbox 481 1609 542 1636; x_wconf 71' lang='lat' dir='ltr'><strong>qua:</strong></span> <span class='ocrx_word' id='word_1_415' title='bbox 563 1600 616 1636; x_wconf 87' lang='lat' dir='ltr'><strong>ipsi</strong></span> <span class='ocrx_word' id='word_1_416' title='bbox 642 1600 828 1636; x_wconf 79' lang='lat' dir='ltr'><strong>postulabant,</strong></span> <span class='ocrx_word' id='word_1_417' title='bbox 846 1606 1024 1637; x_wconf 86' lang='lat' dir='ltr'><strong>proponeret,</strong></span> 
     </span>
    </p>
   </div>
   <div class='ocr_carea' id='block_1_60' title="bbox 226 1647 1025 1683">
    <p class='ocr_par' dir='ltr' id='par_1_60' title="bbox 226 1647 1025 1683">
     <span class='ocr_line' id='line_1_60' title="bbox 226 1647 1025 1683; baseline 0 -8"><span class='ocrx_word' id='word_1_418' title='bbox 226 1648 403 1683; x_wconf 83' lang='lat' dir='ltr'><strong>instigarunt.</strong></span> <span class='ocrx_word' id='word_1_419' title='bbox 423 1647 544 1683; x_wconf 81' lang='lat' dir='ltr'><strong>Urgebst</strong></span> <span class='ocrx_word' id='word_1_420' title='bbox 559 1647 663 1675; x_wconf 89' lang='lat' dir='ltr'><strong>etenim</strong></span> <span class='ocrx_word' id='word_1_421' title='bbox 683 1651 713 1676; x_wconf 88' lang='lat' dir='ltr'><strong>ut</strong></span> <span class='ocrx_word' id='word_1_422' title='bbox 734 1647 873 1681; x_wconf 84' lang='lat' dir='ltr'><strong>omnibus,</strong></span> <span class='ocrx_word' id='word_1_423' title='bbox 893 1656 955 1683; x_wconf 75' lang='lat' dir='ltr'><strong>qua:</strong></span> <span class='ocrx_word' id='word_1_424' title='bbox 975 1647 1025 1675; x_wconf 83' lang='lat' dir='ltr'><strong>ad-</strong></span> 
     </span>
    </p>
   </div>
   <div class='ocr_carea' id='block_1_61' title="bbox 224 1693 1027 1729">
    <p class='ocr_par' dir='ltr' id='par_1_61' title="bbox 224 1693 1027 1729">
     <span class='ocr_line' id='line_1_61' title="bbox 224 1693 1027 1729; baseline 0 -7"><span class='ocrx_word' id='word_1_425' title='bbox 224 1702 323 1723; x_wconf 84' lang='lat' dir='ltr'><strong>versus</strong></span> <span class='ocrx_word' id='word_1_426' title='bbox 333 1694 490 1723; x_wconf 84' lang='lat' dir='ltr'><strong>Nestorium</strong></span> <span class='ocrx_word' id='word_1_427' title='bbox 500 1694 672 1729; x_wconf 84' lang='lat' dir='ltr'><strong>scripsimus,</strong></span> <span class='ocrx_word' id='word_1_428' title='bbox 686 1693 807 1726; x_wconf 77' lang='lat' dir='ltr'><strong>abolitis,</strong></span> <span class='ocrx_word' id='word_1_429' title='bbox 822 1698 850 1722; x_wconf 88' lang='lat' dir='ltr'><strong>et</strong></span> <span class='ocrx_word' id='word_1_430' title='bbox 877 1695 963 1722; x_wconf 69' lang='lat' dir='ltr'><strong>veluti</strong></span> <span class='ocrx_word' id='word_1_431' title='bbox 984 1694 1027 1721; x_wconf 73' lang='lat' dir='ltr'><strong>h-</strong></span> 
     </span>
    </p>
   </div>
   <div class='ocr_carea' id='block_1_62' title="bbox 224 1740 1025 1776">
    <p class='ocr_par' dir='ltr' id='par_1_62' title="bbox 224 1740 1025 1776">
     <span class='ocr_line' id='line_1_62' title="bbox 224 1740 1025 1776; baseline 0.001 -8"><span class='ocrx_word' id='word_1_432' title='bbox 224 1741 341 1770; x_wconf 89' lang='lat' dir='ltr'><strong>utilibus</strong></span> <span class='ocrx_word' id='word_1_433' title='bbox 356 1740 475 1776; x_wconf 83' lang='lat' dir='ltr'><strong>rejectis,</strong></span> <span class='ocrx_word' id='word_1_434' title='bbox 487 1740 576 1768; x_wconf 87' lang='lat' dir='ltr'><strong>solum</strong></span> <span class='ocrx_word' id='word_1_435' title='bbox 593 1740 746 1776; x_wconf 86' lang='lat' dir='ltr'><strong>symbolum</strong></span> <span class='ocrx_word' id='word_1_436' title='bbox 758 1749 773 1768; x_wconf 92' lang='lat' dir='ltr'><strong>a</strong></span> <span class='ocrx_word' id='word_1_437' title='bbox 786 1741 888 1769; x_wconf 86' lang='lat' dir='ltr'><strong>sanctis</strong></span> <span class='ocrx_word' id='word_1_438' title='bbox 898 1742 1025 1770; x_wconf 81' lang='lat' dir='ltr'><strong>Patribus</strong></span> 
     </span>
    </p>
   </div>
   <div class='ocr_carea' id='block_1_63' title="bbox 225 1786 1024 1822">
    <p class='ocr_par' dir='ltr' id='par_1_63' title="bbox 225 1786 1024 1822">
     <span class='ocr_line' id='line_1_63' title="bbox 225 1786 1024 1822; baseline 0.003 -9"><span class='ocrx_word' id='word_1_439' title='bbox 225 1787 253 1814; x_wconf 91' lang='lat' dir='ltr'><strong>in</strong></span> <span class='ocrx_word' id='word_1_440' title='bbox 268 1787 379 1814; x_wconf 79' lang='lat' dir='ltr'><strong>civitate</strong></span> <span class='ocrx_word' id='word_1_441' title='bbox 394 1786 484 1814; x_wconf 71' lang='lat' dir='ltr'><strong>Nicma</strong></span> <span class='ocrx_word' id='word_1_442' title='bbox 499 1786 674 1821; x_wconf 75' lang='lat' dir='ltr'><strong>congregatis</strong></span> <span class='ocrx_word' id='word_1_443' title='bbox 685 1787 840 1822; x_wconf 83' lang='lat' dir='ltr'><strong>expositum</strong></span> <span class='ocrx_word' id='word_1_444' title='bbox 864 1787 1024 1815; x_wconf 85' lang='lat' dir='ltr'><strong>admittere-</strong></span> 
     </span>
    </p>
   </div>
   <div class='ocr_carea' id='block_1_64' title="bbox 225 1832 1024 1865">
    <p class='ocr_par' dir='ltr' id='par_1_64' title="bbox 225 1832 1024 1865">
     <span class='ocr_line' id='line_1_64' title="bbox 225 1832 1024 1865; baseline 0 -5"><span class='ocrx_word' id='word_1_445' title='bbox 225 1841 296 1860; x_wconf 89' lang='lat' dir='ltr'><strong>mus.</strong></span> <span class='ocrx_word' id='word_1_446' title='bbox 320 1832 443 1860; x_wconf 73' lang='lat' dir='ltr'><strong>Meiniuit</strong></span> <span class='ocrx_word' id='word_1_447' title='bbox 465 1832 595 1859; x_wconf 85' lang='lat' dir='ltr'><strong>sanctitas</strong></span> <span class='ocrx_word' id='word_1_448' title='bbox 619 1836 674 1865; x_wconf 87' lang='lat' dir='ltr'><strong>tua,</strong></span> <span class='ocrx_word' id='word_1_449' title='bbox 701 1832 829 1860; x_wconf 87' lang='lat' dir='ltr'><strong>eamdem</strong></span> <span class='ocrx_word' id='word_1_450' title='bbox 856 1832 927 1860; x_wconf 80' lang='lat' dir='ltr'><strong>hanc</strong></span> <span class='ocrx_word' id='word_1_451' title='bbox 966 1841 1024 1860; x_wconf 86' lang='lat' dir='ltr'><strong>rem</strong></span> 
     </span>
    </p>
   </div>
   <div class='ocr_carea' id='block_1_65' title="bbox 227 1878 1025 1914">
    <p class='ocr_par' dir='ltr' id='par_1_65' title="bbox 227 1878 1025 1914">
     <span class='ocr_line' id='line_1_65' title="bbox 227 1878 1025 1914; baseline 0 -9"><span class='ocrx_word' id='word_1_452' title='bbox 227 1879 332 1906; x_wconf 84' lang='lat' dir='ltr'><strong>ursisse</strong></span> <span class='ocrx_word' id='word_1_453' title='bbox 344 1885 455 1912; x_wconf 89' lang='lat' dir='ltr'><strong>quoque</strong></span> <span class='ocrx_word' id='word_1_454' title='bbox 474 1885 537 1905; x_wconf 85' lang='lat' dir='ltr'><strong>cum</strong></span> <span class='ocrx_word' id='word_1_455' title='bbox 559 1885 648 1912; x_wconf 79' lang='lat' dir='ltr'><strong>nuper</strong></span> <span class='ocrx_word' id='word_1_456' title='bbox 665 1878 693 1905; x_wconf 88' lang='lat' dir='ltr'><strong>in</strong></span> <span class='ocrx_word' id='word_1_457' title='bbox 708 1878 891 1914; x_wconf 79' lang='lat' dir='ltr'><strong>Ephesiorum</strong></span> <span class='ocrx_word' id='word_1_458' title='bbox 913 1878 1025 1905; x_wconf 81' lang='lat' dir='ltr'><strong>civitate</strong></span> 
     </span>
    </p>
   </div>
   <div class='ocr_carea' id='block_1_66' title="bbox 225 1923 1024 1958">
    <p class='ocr_par' dir='ltr' id='par_1_66' title="bbox 225 1923 1024 1958">
     <span class='ocr_line' id='line_1_66' title="bbox 225 1923 1024 1958; baseline -0.001 -7"><span class='ocrx_word' id='word_1_459' title='bbox 225 1924 319 1951; x_wconf 83' lang='lat' dir='ltr'><strong>adhuc</strong></span> <span class='ocrx_word' id='word_1_460' title='bbox 333 1923 457 1951; x_wconf 85' lang='lat' dir='ltr'><strong>aderant.</strong></span> <span class='ocrx_word' id='word_1_461' title='bbox 476 1923 533 1958; x_wconf 81' lang='lat' dir='ltr'><strong>Ego</strong></span> <span class='ocrx_word' id='word_1_462' title='bbox 549 1931 614 1950; x_wconf 87' lang='lat' dir='ltr'><strong>vero</strong></span> <span class='ocrx_word' id='word_1_463' title='bbox 628 1923 663 1951; x_wconf 89' lang='lat' dir='ltr'><strong>ad</strong></span> <span class='ocrx_word' id='word_1_464' title='bbox 678 1923 737 1951; x_wconf 71' lang='lat' dir='ltr'><strong>hinc</strong></span> <span class='ocrx_word' id='word_1_465' title='bbox 753 1923 893 1958; x_wconf 85' lang='lat' dir='ltr'><strong>rescripsi,</strong></span> <span class='ocrx_word' id='word_1_466' title='bbox 909 1931 968 1950; x_wconf 88' lang='lat' dir='ltr'><strong>rem</strong></span> <span class='ocrx_word' id='word_1_467' title='bbox 990 1924 1024 1951; x_wconf 91' lang='lat' dir='ltr'><strong>il-</strong></span> 
     </span>
    </p>
   </div>
   <div class='ocr_carea' id='block_1_67' title="bbox 225 1969 1023 2005">
    <p class='ocr_par' dir='ltr' id='par_1_67' title="bbox 225 1969 1023 2005">
     <span class='ocr_line' id='line_1_67' title="bbox 225 1969 1023 2005; baseline -0.003 -6"><span class='ocrx_word' id='word_1_468' title='bbox 225 1970 267 1999; x_wconf 79' lang='lat' dir='ltr'><strong>los</strong></span> <span class='ocrx_word' id='word_1_469' title='bbox 282 1970 420 2005; x_wconf 87' lang='lat' dir='ltr'><strong>postulare</strong></span> <span class='ocrx_word' id='word_1_470' title='bbox 433 1970 566 2005; x_wconf 87' lang='lat' dir='ltr'><strong>ejusmodi</strong></span> <span class='ocrx_word' id='word_1_471' title='bbox 586 1978 647 2005; x_wconf 66' lang='lat' dir='ltr'><strong>quae</strong></span> <span class='ocrx_word' id='word_1_472' title='bbox 666 1969 724 1997; x_wconf 81' lang='lat' dir='ltr'><strong>ﬁeri</strong></span> <span class='ocrx_word' id='word_1_473' title='bbox 740 1971 820 2005; x_wconf 88' lang='lat' dir='ltr'><strong>plane</strong></span> <span class='ocrx_word' id='word_1_474' title='bbox 843 1978 899 1998; x_wconf 89' lang='lat' dir='ltr'><strong>non</strong></span> <span class='ocrx_word' id='word_1_475' title='bbox 921 1974 1023 2005; x_wconf 83' lang='lat' dir='ltr'><strong>posset,</strong></span> 
     </span>
    </p>
   </div>
   <div class='ocr_carea' id='block_1_68' title="bbox 226 2015 1024 2051">
    <p class='ocr_par' dir='ltr' id='par_1_68' title="bbox 226 2015 1024 2051">
     <span class='ocr_line' id='line_1_68' title="bbox 226 2015 1024 2051; baseline 0.001 -8"><span class='ocrx_word' id='word_1_476' title='bbox 226 2016 301 2050; x_wconf 87' lang='lat' dir='ltr'><strong>quod</strong></span> <span class='ocrx_word' id='word_1_477' title='bbox 336 2023 509 2050; x_wconf 64' lang='lat' dir='ltr'><strong>quaecunque</strong></span> <span class='ocrx_word' id='word_1_478' title='bbox 531 2016 745 2051; x_wconf 83' lang='lat' dir='ltr'><strong>scripsisscmus,</strong></span> <span class='ocrx_word' id='word_1_479' title='bbox 771 2020 846 2044; x_wconf 88' lang='lat' dir='ltr'><strong>recte</strong></span> <span class='ocrx_word' id='word_1_480' title='bbox 866 2015 1024 2050; x_wconf 82' lang='lat' dir='ltr'><strong>scripsisse-</strong></span> 
     </span>
    </p>
   </div>
   <div class='ocr_carea' id='block_1_69' title="bbox 226 2060 1025 2096">
    <p class='ocr_par' dir='ltr' id='par_1_69' title="bbox 226 2060 1025 2096">
     <span class='ocr_line' id='line_1_69' title="bbox 226 2060 1025 2096; baseline 0 -8"><span class='ocrx_word' id='word_1_481' title='bbox 226 2069 305 2094; x_wconf 86' lang='lat' dir='ltr'><strong>mus;</strong></span> <span class='ocrx_word' id='word_1_482' title='bbox 327 2066 421 2096; x_wconf 87' lang='lat' dir='ltr'><strong>utpote</strong></span> <span class='ocrx_word' id='word_1_483' title='bbox 440 2066 522 2090; x_wconf 61' lang='lat' dir='ltr'><strong>rectae</strong></span> <span class='ocrx_word' id='word_1_484' title='bbox 540 2062 740 2096; x_wconf 65' lang='lat' dir='ltr'><strong>inculpataeque</strong></span> <span class='ocrx_word' id='word_1_485' title='bbox 755 2060 818 2088; x_wconf 83' lang='lat' dir='ltr'><strong>ﬁdei</strong></span> <span class='ocrx_word' id='word_1_486' title='bbox 839 2061 942 2096; x_wconf 81' lang='lat' dir='ltr'><strong>ubique</strong></span> <span class='ocrx_word' id='word_1_487' title='bbox 966 2061 1025 2089; x_wconf 85' lang='lat' dir='ltr'><strong>snf-</strong></span> 
     </span>
    </p>
   </div>
   <div class='ocr_carea' id='block_1_70' title="bbox 225 2106 1026 2143">
    <p class='ocr_par' dir='ltr' id='par_1_70' title="bbox 225 2106 1026 2143">
     <span class='ocr_line' id='line_1_70' title="bbox 225 2106 1026 2143; baseline 0 -9"><span class='ocrx_word' id='word_1_488' title='bbox 225 2107 336 2142; x_wconf 77' lang='lat' dir='ltr'><strong>fragati,</strong></span> <span class='ocrx_word' id='word_1_489' title='bbox 350 2108 476 2143; x_wconf 87' lang='lat' dir='ltr'><strong>nihilque</strong></span> <span class='ocrx_word' id='word_1_490' title='bbox 491 2108 527 2136; x_wconf 91' lang='lat' dir='ltr'><strong>ob</strong></span> <span class='ocrx_word' id='word_1_491' title='bbox 542 2108 570 2137; x_wconf 89' lang='lat' dir='ltr'><strong>id</strong></span> <span class='ocrx_word' id='word_1_492' title='bbox 586 2114 683 2134; x_wconf 88' lang='lat' dir='ltr'><strong>eorum</strong></span> <span class='ocrx_word' id='word_1_493' title='bbox 708 2106 832 2133; x_wconf 71' lang='lat' dir='ltr'><strong>ninnium</strong></span> <span class='ocrx_word' id='word_1_494' title='bbox 845 2115 906 2142; x_wconf 77' lang='lat' dir='ltr'><strong>quae</strong></span> <span class='ocrx_word' id='word_1_495' title='bbox 917 2115 932 2135; x_wconf 90' lang='lat' dir='ltr'><strong>a</strong></span> <span class='ocrx_word' id='word_1_496' title='bbox 944 2108 1026 2135; x_wconf 88' lang='lat' dir='ltr'><strong>nobis</strong></span> 
     </span>
    </p>
   </div>
   <div class='ocr_carea' id='block_1_71' title="bbox 224 2154 1025 2188">
    <p class='ocr_par' dir='ltr' id='par_1_71' title="bbox 224 2154 1025 2188">
     <span class='ocr_line' id='line_1_71' title="bbox 224 2154 1025 2188; baseline 0.001 -8"><span class='ocrx_word' id='word_1_497' title='bbox 224 2154 327 2188; x_wconf 80' lang='lat' dir='ltr'><strong>scripta</strong></span> <span class='ocrx_word' id='word_1_498' title='bbox 344 2159 446 2187; x_wconf 82' lang='lat' dir='ltr'><strong>essent,</strong></span> <span class='ocrx_word' id='word_1_499' title='bbox 470 2154 600 2182; x_wconf 88' lang='lat' dir='ltr'><strong>damnare</strong></span> <span class='ocrx_word' id='word_1_500' title='bbox 617 2157 666 2180; x_wconf 90' lang='lat' dir='ltr'><strong>aut</strong></span> <span class='ocrx_word' id='word_1_501' title='bbox 681 2160 782 2188; x_wconf 87' lang='lat' dir='ltr'><strong>negare</strong></span> <span class='ocrx_word' id='word_1_502' title='bbox 793 2161 848 2181; x_wconf 89' lang='lat' dir='ltr'><strong>non</strong></span> <span class='ocrx_word' id='word_1_503' title='bbox 865 2161 954 2188; x_wconf 84' lang='lat' dir='ltr'><strong>posse.</strong></span> <span class='ocrx_word' id='word_1_504' title='bbox 970 2154 1025 2181; x_wconf 83' lang='lat' dir='ltr'><strong>Ne-</strong></span> 
     </span>
    </p>
   </div>
   <div class='ocr_carea' id='block_1_72' title="bbox 226 2198 1024 2235">
    <p class='ocr_par' dir='ltr' id='par_1_72' title="bbox 226 2198 1024 2235">
     <span class='ocr_line' id='line_1_72' title="bbox 226 2198 1024 2235; baseline 0 -9"><span class='ocrx_word' id='word_1_505' title='bbox 226 2207 279 2234; x_wconf 87' lang='lat' dir='ltr'><strong>que</strong></span> <span class='ocrx_word' id='word_1_506' title='bbox 291 2200 365 2226; x_wconf 90' lang='lat' dir='ltr'><strong>enim</strong></span> <span class='ocrx_word' id='word_1_507' title='bbox 380 2200 531 2235; x_wconf 86' lang='lat' dir='ltr'><strong>quidquam</strong></span> <span class='ocrx_word' id='word_1_508' title='bbox 552 2198 666 2227; x_wconf 88' lang='lat' dir='ltr'><strong>omnino</strong></span> <span class='ocrx_word' id='word_1_509' title='bbox 689 2202 791 2226; x_wconf 85' lang='lat' dir='ltr'><strong>temere</strong></span> <span class='ocrx_word' id='word_1_510' title='bbox 812 2207 827 2226; x_wconf 87' lang='lat' dir='ltr'><strong>a</strong></span> <span class='ocrx_word' id='word_1_511' title='bbox 851 2207 894 2226; x_wconf 93' lang='lat' dir='ltr'><strong>me</strong></span> <span class='ocrx_word' id='word_1_512' title='bbox 917 2199 1024 2227; x_wconf 85' lang='lat' dir='ltr'><strong>dictum</strong></span> 
     </span>
    </p>
   </div>
   <div class='ocr_carea' id='block_1_73' title="bbox 226 2244 1122 2282">
    <p class='ocr_par' dir='ltr' id='par_1_73' title="bbox 226 2244 1122 2282">
     <span class='ocr_line' id='line_1_73' title="bbox 226 2244 1122 2282; baseline 0.003 -11"><span class='ocrx_word' id='word_1_513' title='bbox 226 2251 274 2272; x_wconf 87' lang='lat' dir='ltr'><strong>aut</strong></span> <span class='ocrx_word' id='word_1_514' title='bbox 288 2246 421 2280; x_wconf 88' lang='lat' dir='ltr'><strong>scriptum</strong></span> <span class='ocrx_word' id='word_1_515' title='bbox 433 2250 485 2278; x_wconf 88' lang='lat' dir='ltr'><strong>est,</strong></span> <span class='ocrx_word' id='word_1_516' title='bbox 502 2249 533 2272; x_wconf 92' lang='lat' dir='ltr'><strong>ut</strong></span> <span class='ocrx_word' id='word_1_517' title='bbox 544 2245 588 2272; x_wconf 83' lang='lat' dir='ltr'><strong>isti</strong></span> <span class='ocrx_word' id='word_1_518' title='bbox 603 2244 709 2276; x_wconf 84' lang='lat' dir='ltr'><strong>dicunt,</strong></span> <span class='ocrx_word' id='word_1_519' title='bbox 725 2245 772 2272; x_wconf 86' lang='lat' dir='ltr'><strong>sed</strong></span> <span class='ocrx_word' id='word_1_520' title='bbox 790 2253 822 2271; x_wconf 90' lang='lat' dir='ltr'><strong>ea</strong></span> <span class='ocrx_word' id='word_1_521' title='bbox 836 2249 942 2272; x_wconf 87' lang='lat' dir='ltr'><strong>tantum</strong></span> <span class='ocrx_word' id='word_1_522' title='bbox 954 2253 971 2272; x_wconf 85' lang='lat' dir='ltr'><strong>a</strong></span> <span class='ocrx_word' id='word_1_523' title='bbox 981 2254 1025 2273; x_wconf 82' lang='lat' dir='ltr'><strong>me</strong></span> <span class='ocrx_word' id='word_1_524' title='bbox 1041 2251 1064 2280; x_wconf 80' lang='grc' dir='ltr'><strong>ί)</strong></span> <span class='ocrx_word' id='word_1_525' title='bbox 1078 2246 1122 2282; x_wconf 81' lang='grc' dir='ltr'><strong>Η)</strong></span> 
     </span>
    </p>
   </div>
   <div class='ocr_carea' id='block_1_74' title="bbox 226 2290 1022 2326">
    <p class='ocr_par' dir='ltr' id='par_1_74' title="bbox 226 2290 1022 2326">
     <span class='ocr_line' id='line_1_74' title="bbox 226 2290 1022 2326; baseline 0.004 -9"><span class='ocrx_word' id='word_1_526' title='bbox 226 2291 299 2318; x_wconf 84' lang='lat' dir='ltr'><strong>dicta</strong></span> <span class='ocrx_word' id='word_1_527' title='bbox 324 2296 352 2318; x_wconf 90' lang='lat' dir='ltr'><strong>et</strong></span> <span class='ocrx_word' id='word_1_528' title='bbox 374 2292 476 2326; x_wconf 89' lang='lat' dir='ltr'><strong>scripta</strong></span> <span class='ocrx_word' id='word_1_529' title='bbox 500 2295 574 2322; x_wconf 89' lang='lat' dir='ltr'><strong>sunt,</strong></span> <span class='ocrx_word' id='word_1_530' title='bbox 596 2298 656 2324; x_wconf 63' lang='lat' dir='ltr'><strong>quae</strong></span> <span class='ocrx_word' id='word_1_531' title='bbox 680 2298 742 2317; x_wconf 93' lang='lat' dir='ltr'><strong>cum</strong></span> <span class='ocrx_word' id='word_1_532' title='bbox 765 2290 829 2317; x_wconf 82' lang='lat' dir='ltr'><strong>fidei</strong></span> <span class='ocrx_word' id='word_1_533' title='bbox 855 2291 1022 2320; x_wconf 88' lang='lat' dir='ltr'><strong>rectitudine</strong></span> 
     </span>
    </p>
   </div>
   <div class='ocr_carea' id='block_1_75' title="bbox 226 2336 1022 2372">
    <p class='ocr_par' dir='ltr' id='par_1_75' title="bbox 226 2336 1022 2372">
     <span class='ocr_line' id='line_1_75' title="bbox 226 2336 1022 2372; baseline 0.001 -7"><span class='ocrx_word' id='word_1_534' title='bbox 226 2337 329 2372; x_wconf 87' lang='lat' dir='ltr'><strong>ubique</strong></span> <span class='ocrx_word' id='word_1_535' title='bbox 341 2338 511 2372; x_wconf 82' lang='lat' dir='ltr'><strong>conspirant,</strong></span> <span class='ocrx_word' id='word_1_536' title='bbox 528 2336 692 2370; x_wconf 86' lang='lat' dir='ltr'><strong>veritatique</strong></span> <span class='ocrx_word' id='word_1_537' title='bbox 705 2344 755 2371; x_wconf 91' lang='lat' dir='ltr'><strong>per</strong></span> <span class='ocrx_word' id='word_1_538' title='bbox 771 2336 862 2364; x_wconf 83' lang='lat' dir='ltr'><strong>omnia</strong></span> <span class='ocrx_word' id='word_1_539' title='bbox 877 2342 1022 2366; x_wconf 74' lang='lat' dir='ltr'><strong>consenta~</strong></span> 
     </span>
    </p>
   </div>
   <div class='ocr_carea' id='block_1_76' title="bbox 225 2382 1023 2417">
    <p class='ocr_par' dir='ltr' id='par_1_76' title="bbox 225 2382 1023 2417">
     <span class='ocr_line' id='line_1_76' title="bbox 225 2382 1023 2417; baseline 0.003 -7"><span class='ocrx_word' id='word_1_540' title='bbox 225 2391 277 2410; x_wconf 83' lang='lat' dir='ltr'><strong>nea</strong></span> <span class='ocrx_word' id='word_1_541' title='bbox 302 2388 376 2410; x_wconf 88' lang='lat' dir='ltr'><strong>sunt.</strong></span> <span class='ocrx_word' id='word_1_542' title='bbox 401 2382 501 2410; x_wconf 81' lang='lat' dir='ltr'><strong>Addidi</strong></span> <span class='ocrx_word' id='word_1_543' title='bbox 523 2389 600 2413; x_wconf 88' lang='lat' dir='ltr'><strong>vero,</strong></span> <span class='ocrx_word' id='word_1_544' title='bbox 623 2382 726 2409; x_wconf 87' lang='lat' dir='ltr'><strong>rectius</strong></span> <span class='ocrx_word' id='word_1_545' title='bbox 748 2382 823 2417; x_wconf 87' lang='lat' dir='ltr'><strong>ipsos</strong></span> <span class='ocrx_word' id='word_1_546' title='bbox 845 2382 977 2415; x_wconf 84' lang='lat' dir='ltr'><strong>facturos,</strong></span> <span class='ocrx_word' id='word_1_547' title='bbox 1000 2385 1023 2412; x_wconf 82' lang='lat' dir='ltr'><strong>si</strong></span> 
     </span>
    </p>
   </div>
   <div class='ocr_carea' id='block_1_77' title="bbox 225 2425 1022 2463">
    <p class='ocr_par' dir='ltr' id='par_1_77' title="bbox 225 2425 1022 2463">
     <span class='ocr_line' id='line_1_77' title="bbox 225 2425 1022 2463; baseline 0.003 -9"><span class='ocrx_word' id='word_1_548' title='bbox 225 2428 388 2463; x_wconf 80' lang='lat' dir='ltr'><strong>ambagibus</strong></span> <span class='ocrx_word' id='word_1_549' title='bbox 410 2427 465 2454; x_wconf 85' lang='lat' dir='ltr'><strong>illis</strong></span> <span class='ocrx_word' id='word_1_550' title='bbox 487 2425 720 2461; x_wconf 84' lang='lat' dir='ltr'><strong>dilationibusque</strong></span> <span class='ocrx_word' id='word_1_551' title='bbox 744 2427 846 2461; x_wconf 89' lang='lat' dir='ltr'><strong>quibus</strong></span> <span class='ocrx_word' id='word_1_552' title='bbox 863 2428 1022 2462; x_wconf 89' lang='lat' dir='ltr'><strong>utebantur,</strong></span> 
     </span>
    </p>
   </div>
   <div class='ocr_carea' id='block_1_78' title="bbox 225 2471 1024 2506">
    <p class='ocr_par' dir='ltr' id='par_1_78' title="bbox 225 2471 1024 2506">
     <span class='ocr_line' id='line_1_78' title="bbox 225 2471 1024 2506; baseline 0.003 -6"><span class='ocrx_word' id='word_1_553' title='bbox 225 2474 327 2505; x_wconf 88' lang='lat' dir='ltr'><strong>missis,</strong></span> <span class='ocrx_word' id='word_1_554' title='bbox 342 2473 467 2506; x_wconf 80' lang='lat' dir='ltr'><strong>intraque</strong></span> <span class='ocrx_word' id='word_1_555' title='bbox 480 2471 549 2500; x_wconf 81' lang='lat' dir='ltr'><strong>recti</strong></span> <span class='ocrx_word' id='word_1_556' title='bbox 563 2475 591 2498; x_wconf 89' lang='lat' dir='ltr'><strong>et</strong></span> <span class='ocrx_word' id='word_1_557' title='bbox 603 2472 752 2500; x_wconf 87' lang='lat' dir='ltr'><strong>necessarii</strong></span> <span class='ocrx_word' id='word_1_558' title='bbox 769 2473 873 2501; x_wconf 83' lang='lat' dir='ltr'><strong>limites</strong></span> <span class='ocrx_word' id='word_1_559' title='bbox 883 2481 944 2502; x_wconf 85' lang='lat' dir='ltr'><strong>sese</strong></span> <span class='ocrx_word' id='word_1_560' title='bbox 958 2483 1024 2502; x_wconf 89' lang='lat' dir='ltr'><strong>con-</strong></span> 
     </span>
    </p>
   </div>
   <div class='ocr_carea' id='block_1_79' title="bbox 225 2517 1022 2555">
    <p class='ocr_par' dir='ltr' id='par_1_79' title="bbox 225 2517 1022 2555">
     <span class='ocr_line' id='line_1_79' title="bbox 225 2517 1022 2555; baseline 0.003 -9"><span class='ocrx_word' id='word_1_561' title='bbox 225 2519 355 2550; x_wconf 89' lang='lat' dir='ltr'><strong>tinentes,</strong></span> <span class='ocrx_word' id='word_1_562' title='bbox 375 2517 491 2552; x_wconf 87' lang='lat' dir='ltr'><strong>piissimi</strong></span> <span class='ocrx_word' id='word_1_563' title='bbox 506 2517 617 2552; x_wconf 86' lang='lat' dir='ltr'><strong>Deoque</strong></span> <span class='ocrx_word' id='word_1_564' title='bbox 634 2518 805 2547; x_wconf 82' lang='lat' dir='ltr'><strong>dilectissimi</strong></span> <span class='ocrx_word' id='word_1_565' title='bbox 823 2520 889 2555; x_wconf 91' lang='lat' dir='ltr'><strong>imp.</strong></span> <span class='ocrx_word' id='word_1_566' title='bbox 902 2521 1022 2555; x_wconf 80' lang='lat' dir='ltr'><strong>placitis,</strong></span> 
     </span>
    </p>
   </div>
   <div class='ocr_carea' id='block_1_80' title="bbox 223 2563 1023 2599">
    <p class='ocr_par' dir='ltr' id='par_1_80' title="bbox 223 2563 1023 2599">
     <span class='ocr_line' id='line_1_80' title="bbox 223 2563 1023 2599; baseline 0.001 -7"><span class='ocrx_word' id='word_1_567' title='bbox 223 2571 363 2598; x_wconf 60' lang='lat' dir='ltr'><strong>sacrisque</strong></span> <span class='ocrx_word' id='word_1_568' title='bbox 381 2563 479 2598; x_wconf 75' lang='lat' dir='ltr'><strong>synodi</strong></span> <span class='ocrx_word' id='word_1_569' title='bbox 494 2563 613 2591; x_wconf 85' lang='lat' dir='ltr'><strong>decretis</strong></span> <span class='ocrx_word' id='word_1_570' title='bbox 625 2565 849 2599; x_wconf 87' lang='lat' dir='ltr'><strong>acquiescerent;</strong></span> <span class='ocrx_word' id='word_1_571' title='bbox 861 2574 893 2594; x_wconf 90' lang='lat' dir='ltr'><strong>ac</strong></span> <span class='ocrx_word' id='word_1_572' title='bbox 904 2566 1023 2593; x_wconf 79' lang='lat' dir='ltr'><strong>Nestorii</strong></span> 
     </span>
    </p>
   </div>
   <div class='ocr_carea' id='block_1_81' title="bbox 223 2609 1023 2648">
    <p class='ocr_par' dir='ltr' id='par_1_81' title="bbox 223 2609 1023 2648">
     <span class='ocr_line' id='line_1_81' title="bbox 223 2609 1023 2648; baseline 0.001 -10"><span class='ocrx_word' id='word_1_573' title='bbox 223 2619 310 2645; x_wconf 86' lang='lat' dir='ltr'><strong>nugas</strong></span> <span class='ocrx_word' id='word_1_574' title='bbox 328 2609 558 2645; x_wconf 86' lang='lat' dir='ltr'><strong>blasphemasque</strong></span> <span class='ocrx_word' id='word_1_575' title='bbox 576 2611 699 2646; x_wconf 81' lang='lat' dir='ltr'><strong>ejusdem</strong></span> <span class='ocrx_word' id='word_1_576' title='bbox 717 2616 812 2648; x_wconf 84' lang='lat' dir='ltr'><strong>contra</strong></span> <span class='ocrx_word' id='word_1_577' title='bbox 824 2612 965 2640; x_wconf 86' lang='lat' dir='ltr'><strong>Christum</strong></span> <span class='ocrx_word' id='word_1_578' title='bbox 976 2621 1023 2639; x_wconf 86' lang='lat' dir='ltr'><strong>vo-</strong></span> 
     </span>
    </p>
   </div>
   <div class='ocr_carea' id='block_1_82' title="bbox 214 2656 1022 2694">
    <p class='ocr_par' dir='ltr' id='par_1_82' title="bbox 214 2656 1022 2694">
     <span class='ocr_line' id='line_1_82' title="bbox 214 2656 1022 2694; baseline 0.005 -12"><span class='ocrx_word' id='word_1_579' title='bbox 214 2662 269 2683; x_wconf 85' lang='lat' dir='ltr'><strong>&#39;ces</strong></span> <span class='ocrx_word' id='word_1_580' title='bbox 288 2656 569 2691; x_wconf 66' lang='lat' dir='ltr'><strong>anathematizarunt;</strong></span> <span class='ocrx_word' id='word_1_581' title='bbox 586 2666 694 2685; x_wconf 84' lang='lat' dir='ltr'><strong>necnon</strong></span> <span class='ocrx_word' id='word_1_582' title='bbox 719 2663 747 2686; x_wconf 89' lang='lat' dir='ltr'><strong>et</strong></span> <span class='ocrx_word' id='word_1_583' title='bbox 771 2659 972 2694; x_wconf 88' lang='lat' dir='ltr'><strong>depositionem</strong></span> <span class='ocrx_word' id='word_1_584' title='bbox 988 2659 1022 2685; x_wconf 91' lang='lat' dir='ltr'><strong>il-</strong></span> 
     </span>
    </p>
   </div>
   <div class='ocr_carea' id='block_1_83' title="bbox 224 2702 1022 2739">
    <p class='ocr_par' dir='ltr' id='par_1_83' title="bbox 224 2702 1022 2739">
     <span class='ocr_line' id='line_1_83' title="bbox 224 2702 1022 2739; baseline 0.004 -11"><span class='ocrx_word' id='word_1_585' title='bbox 224 2702 278 2729; x_wconf 87' lang='lat' dir='ltr'><strong>lius</strong></span> <span class='ocrx_word' id='word_1_586' title='bbox 289 2702 391 2737; x_wconf 88' lang='lat' dir='ltr'><strong>justam</strong></span> <span class='ocrx_word' id='word_1_587' title='bbox 405 2709 466 2730; x_wconf 85' lang='lat' dir='ltr'><strong>esse</strong></span> <span class='ocrx_word' id='word_1_588' title='bbox 479 2710 672 2739; x_wconf 79' lang='lat' dir='ltr'><strong>agnoscerent,</strong></span> <span class='ocrx_word' id='word_1_589' title='bbox 684 2709 713 2731; x_wconf 87' lang='lat' dir='ltr'><strong>et</strong></span> <span class='ocrx_word' id='word_1_590' title='bbox 727 2705 895 2732; x_wconf 87' lang='lat' dir='ltr'><strong>ordinationi</strong></span> <span class='ocrx_word' id='word_1_591' title='bbox 913 2704 1022 2732; x_wconf 85' lang='lat' dir='ltr'><strong>tandem</strong></span> 
     </span>
    </p>
   </div>
   <div class='ocr_carea' id='block_1_84' title="bbox 223 2747 1022 2785">
    <p class='ocr_par' dir='ltr' id='par_1_84' title="bbox 223 2747 1022 2785">
     <span class='ocr_line' id='line_1_84' title="bbox 223 2747 1022 2785; baseline 0.004 -12"><span class='ocrx_word' id='word_1_592' title='bbox 223 2747 391 2774; x_wconf 84' lang='lat' dir='ltr'><strong>sanctissimi</strong></span> <span class='ocrx_word' id='word_1_593' title='bbox 402 2748 622 2783; x_wconf 86' lang='lat' dir='ltr'><strong>pientissimique</strong></span> <span class='ocrx_word' id='word_1_594' title='bbox 635 2750 759 2785; x_wconf 81' lang='lat' dir='ltr'><strong>episcopi</strong></span> <span class='ocrx_word' id='word_1_595' title='bbox 775 2749 932 2777; x_wconf 80' lang='lat' dir='ltr'><strong>Maximiani</strong></span> <span class='ocrx_word' id='word_1_596' title='bbox 955 2749 1022 2776; x_wconf 87' lang='lat' dir='ltr'><strong>sub-</strong></span> 
     </span>
    </p>
   </div>
   <div class='ocr_carea' id='block_1_85' title="bbox 223 2793 386 2822">
    <p class='ocr_par' dir='ltr' id='par_1_85' title="bbox 223 2793 386 2822">
     <span class='ocr_line' id='line_1_85' title="bbox 223 2793 386 2822; baseline 0.012 -2"><span class='ocrx_word' id='word_1_597' title='bbox 223 2793 386 2822; x_wconf 87' lang='lat' dir='ltr'><strong>scriberent.</strong></span> 
     </span>
    </p>
   </div>
   <div class='ocr_carea' id='block_1_86' title="bbox 259 2851 1020 2889">
    <p class='ocr_par' dir='ltr' id='par_1_86' title="bbox 259 2851 1020 2889">
     <span class='ocr_line' id='line_1_86' title="bbox 259 2851 1020 2889; baseline -0.001 -10"><span class='ocrx_word' id='word_1_598' title='bbox 259 2852 302 2880; x_wconf 77' lang='lat'><strong>63.</strong></span> <span class='ocrx_word' id='word_1_599' title='bbox 323 2862 332 2879; x_wconf 84' lang='grc'><em>‹</em></span> <span class='ocrx_word' id='word_1_600' title='bbox 349 2852 417 2881; x_wconf 90' lang='lat' dir='ltr'><strong>Cum</strong></span> <span class='ocrx_word' id='word_1_601' title='bbox 434 2853 527 2889; x_wconf 79' lang='lat' dir='ltr'><strong>itaque.</strong></span> <span class='ocrx_word' id='word_1_602' title='bbox 543 2855 593 2881; x_wconf 89' lang='lat' dir='ltr'><strong>has</strong></span> <span class='ocrx_word' id='word_1_603' title='bbox 609 2853 643 2880; x_wconf 89' lang='lat' dir='ltr'><strong>ad</strong></span> <span class='ocrx_word' id='word_1_604' title='bbox 659 2853 721 2880; x_wconf 91' lang='lat' dir='ltr'><strong>illos</strong></span> <span class='ocrx_word' id='word_1_605' title='bbox 739 2853 844 2879; x_wconf 86' lang='lat' dir='ltr'><strong>litteras</strong></span> <span class='ocrx_word' id='word_1_606' title='bbox 865 2851 1002 2878; x_wconf 86' lang='lat' dir='ltr'><strong>misissem</strong></span> <span class='ocrx_word' id='word_1_607' title='bbox 1014 2872 1020 2883; x_wconf 94' lang='lat'><strong>,</strong></span> 
     </span>
    </p>
   </div>
   <div class='ocr_carea' id='block_1_87' title="bbox 223 2898 1021 2934">
    <p class='ocr_par' dir='ltr' id='par_1_87' title="bbox 223 2898 1021 2934">
     <span class='ocr_line' id='line_1_87' title="bbox 223 2898 1021 2934; baseline -0.001 -8"><span class='ocrx_word' id='word_1_608' title='bbox 223 2898 474 2928; x_wconf 78' lang='lat' dir='ltr'><strong>unimadvcrtentes</strong></span> <span class='ocrx_word' id='word_1_609' title='bbox 488 2907 548 2928; x_wconf 84' lang='lat' dir='ltr'><strong>sese</strong></span> <span class='ocrx_word' id='word_1_610' title='bbox 566 2899 760 2927; x_wconf 76' lang='lat' dir='ltr'><strong>communione</strong></span> <span class='ocrx_word' id='word_1_611' title='bbox 782 2906 955 2934; x_wconf 73' lang='lat' dir='ltr'><strong>nequaquam</strong></span> <span class='ocrx_word' id='word_1_612' title='bbox 970 2906 1021 2932; x_wconf 78' lang='lat'><strong>[)0-</strong></span> 
     </span>
    </p>
   </div>
   <div class='ocr_carea' id='block_1_88' title="bbox 1076 1593 1874 1629">
    <p class='ocr_par' dir='ltr' id='par_1_88' title="bbox 1076 1593 1874 1629">
     <span class='ocr_line' id='line_1_88' title="bbox 1076 1593 1874 1629; baseline -0.004 -7"><span class='ocrx_word' id='word_1_613' title='bbox 1076 1593 1294 1629; x_wconf 80' lang='lat' dir='ltr'><strong>subseripsisset,</strong></span> <span class='ocrx_word' id='word_1_614' title='bbox 1321 1594 1479 1628; x_wconf 69' lang='lat' dir='ltr'><strong>caeterique,</strong></span> <span class='ocrx_word' id='word_1_615' title='bbox 1507 1593 1554 1628; x_wconf 89' lang='lat' dir='ltr'><strong>qui</strong></span> <span class='ocrx_word' id='word_1_616' title='bbox 1582 1593 1684 1629; x_wconf 89' lang='lat' dir='ltr'><strong>majore</strong></span> <span class='ocrx_word' id='word_1_617' title='bbox 1710 1593 1874 1620; x_wconf 86' lang='lat' dir='ltr'><strong>auctoritate</strong></span> 
     </span>
    </p>
   </div>
   <div class='ocr_carea' id='block_1_89' title="bbox 1075 1638 1874 1676">
    <p class='ocr_par' dir='ltr' id='par_1_89' title="bbox 1075 1638 1874 1676">
     <span class='ocr_line' id='line_1_89' title="bbox 1075 1638 1874 1676; baseline -0.003 -9"><span class='ocrx_word' id='word_1_618' title='bbox 1075 1639 1147 1676; x_wconf 89' lang='lat' dir='ltr'><strong>apud</strong></span> <span class='ocrx_word' id='word_1_619' title='bbox 1170 1639 1260 1675; x_wconf 88' lang='lat' dir='ltr'><strong>ipsum</strong></span> <span class='ocrx_word' id='word_1_620' title='bbox 1277 1643 1366 1671; x_wconf 88' lang='lat' dir='ltr'><strong>erant,</strong></span> <span class='ocrx_word' id='word_1_621' title='bbox 1383 1639 1504 1667; x_wconf 87' lang='lat' dir='ltr'><strong>Nestorii</strong></span> <span class='ocrx_word' id='word_1_622' title='bbox 1518 1638 1671 1666; x_wconf 85' lang='lat' dir='ltr'><strong>doctrinam</strong></span> <span class='ocrx_word' id='word_1_623' title='bbox 1689 1639 1874 1665; x_wconf 78' lang='lat' dir='ltr'><strong>anathemati-</strong></span> 
     </span>
    </p>
   </div>
   <div class='ocr_carea' id='block_1_90' title="bbox 1076 1685 1876 1722">
    <p class='ocr_par' dir='ltr' id='par_1_90' title="bbox 1076 1685 1876 1722">
     <span class='ocr_line' id='line_1_90' title="bbox 1076 1685 1876 1722; baseline -0.006 -6"><span class='ocrx_word' id='word_1_624' title='bbox 1076 1692 1194 1720; x_wconf 70' lang='lat' dir='ltr'><strong>lassent,</strong></span> <span class='ocrx_word' id='word_1_625' title='bbox 1206 1691 1235 1716; x_wconf 88' lang='lat' dir='ltr'><strong>et</strong></span> <span class='ocrx_word' id='word_1_626' title='bbox 1247 1686 1321 1722; x_wconf 88' lang='lat' dir='ltr'><strong>quod</strong></span> <span class='ocrx_word' id='word_1_627' title='bbox 1335 1686 1425 1721; x_wconf 79' lang='lat' dir='ltr'><strong>ipsum</strong></span> <span class='ocrx_word' id='word_1_628' title='bbox 1443 1693 1493 1721; x_wconf 90' lang='lat' dir='ltr'><strong>pro</strong></span> <span class='ocrx_word' id='word_1_629' title='bbox 1509 1685 1635 1720; x_wconf 85' lang='lat' dir='ltr'><strong>deposito</strong></span> <span class='ocrx_word' id='word_1_630' title='bbox 1653 1685 1798 1716; x_wconf 86' lang='lat' dir='ltr'><strong>haberent,</strong></span> <span class='ocrx_word' id='word_1_631' title='bbox 1812 1692 1876 1719; x_wconf 88' lang='lat' dir='ltr'><strong>pro-</strong></span> 
     </span>
    </p>
   </div>
   <div class='ocr_carea' id='block_1_91' title="bbox 1075 1730 1872 1770">
    <p class='ocr_par' dir='ltr' id='par_1_91' title="bbox 1075 1730 1872 1770">
     <span class='ocr_line' id='line_1_91' title="bbox 1075 1730 1872 1770; baseline -0.008 -8"><span class='ocrx_word' id='word_1_632' title='bbox 1075 1733 1141 1763; x_wconf 78' lang='lat' dir='ltr'><strong>fessi</strong></span> <span class='ocrx_word' id='word_1_633' title='bbox 1154 1737 1265 1770; x_wconf 74' lang='lat' dir='ltr'><strong>essent;</strong></span> <span class='ocrx_word' id='word_1_634' title='bbox 1285 1731 1497 1766; x_wconf 74' lang='lat' dir='ltr'><strong>Maximiauique</strong></span> <span class='ocrx_word' id='word_1_635' title='bbox 1517 1730 1714 1766; x_wconf 85' lang='lat' dir='ltr'><strong>religiosissimi</strong></span> <span class='ocrx_word' id='word_1_636' title='bbox 1727 1730 1872 1765; x_wconf 87' lang='lat' dir='ltr'><strong>pientissi-</strong></span> 
     </span>
    </p>
   </div>
   <div class='ocr_carea' id='block_1_92' title="bbox 1075 1777 1873 1815">
    <p class='ocr_par' dir='ltr' id='par_1_92' title="bbox 1075 1777 1873 1815">
     <span class='ocr_line' id='line_1_92' title="bbox 1075 1777 1873 1815; baseline -0.008 -5"><span class='ocrx_word' id='word_1_637' title='bbox 1075 1780 1169 1815; x_wconf 69' lang='lat' dir='ltr'><strong>Inique</strong></span> <span class='ocrx_word' id='word_1_638' title='bbox 1190 1779 1331 1815; x_wconf 72' lang='lat' dir='ltr'><strong>episcopi,</strong></span> <span class='ocrx_word' id='word_1_639' title='bbox 1346 1778 1546 1807; x_wconf 83' lang='lat' dir='ltr'><strong>ordinationem</strong></span> <span class='ocrx_word' id='word_1_640' title='bbox 1566 1777 1773 1813; x_wconf 83' lang='lat' dir='ltr'><strong>approbassem,</strong></span> <span class='ocrx_word' id='word_1_641' title='bbox 1796 1784 1873 1804; x_wconf 91' lang='lat' dir='ltr'><strong>com-</strong></span> 
     </span>
    </p>
   </div>
   <div class='ocr_carea' id='block_1_93' title="bbox 1075 1823 1872 1856">
    <p class='ocr_par' dir='ltr' id='par_1_93' title="bbox 1075 1823 1872 1856">
     <span class='ocr_line' id='line_1_93' title="bbox 1075 1823 1872 1856; baseline -0.008 -1"><span class='ocrx_word' id='word_1_642' title='bbox 1075 1826 1234 1855; x_wconf 84' lang='lat' dir='ltr'><strong>munionem</strong></span> <span class='ocrx_word' id='word_1_643' title='bbox 1256 1825 1311 1856; x_wconf 80' lang='lat' dir='ltr'><strong>illis</strong></span> <span class='ocrx_word' id='word_1_644' title='bbox 1333 1824 1515 1855; x_wconf 74' lang='lat' dir='ltr'><strong>restituimus.</strong></span> <span class='ocrx_word' id='word_1_645' title='bbox 1542 1824 1606 1852; x_wconf 65' lang='lat' dir='ltr'><strong>Haec</strong></span> <span class='ocrx_word' id='word_1_646' title='bbox 1627 1823 1702 1851; x_wconf 88' lang='lat' dir='ltr'><strong>enim</strong></span> <span class='ocrx_word' id='word_1_647' title='bbox 1716 1824 1785 1856; x_wconf 86' lang='lat' dir='ltr'><strong>sola,</strong></span> <span class='ocrx_word' id='word_1_648' title='bbox 1809 1830 1872 1850; x_wconf 86' lang='lat' dir='ltr'><strong>eum</strong></span> 
     </span>
    </p>
   </div>
   <div class='ocr_carea' id='block_1_94' title="bbox 1075 1869 1871 1905">
    <p class='ocr_par' dir='ltr' id='par_1_94' title="bbox 1075 1869 1871 1905">
     <span class='ocr_line' id='line_1_94' title="bbox 1075 1869 1871 1905; baseline -0.004 -7"><span class='ocrx_word' id='word_1_649' title='bbox 1075 1870 1178 1905; x_wconf 80' lang='lat' dir='ltr'><strong>Ephesi</strong></span> <span class='ocrx_word' id='word_1_650' title='bbox 1190 1870 1282 1899; x_wconf 75' lang='lat' dir='ltr'><strong>adhuc</strong></span> <span class='ocrx_word' id='word_1_651' title='bbox 1296 1873 1401 1901; x_wconf 76' lang='lat' dir='ltr'><strong>essent,</strong></span> <span class='ocrx_word' id='word_1_652' title='bbox 1416 1876 1432 1896; x_wconf 91' lang='lat' dir='ltr'><strong>a</strong></span> <span class='ocrx_word' id='word_1_653' title='bbox 1444 1876 1521 1898; x_wconf 76' lang='lat' dir='ltr'><strong>sacra</strong></span> <span class='ocrx_word' id='word_1_654' title='bbox 1534 1869 1638 1904; x_wconf 75' lang='lat' dir='ltr'><strong>synodo</strong></span> <span class='ocrx_word' id='word_1_655' title='bbox 1652 1869 1687 1896; x_wconf 89' lang='lat' dir='ltr'><strong>ab</strong></span> <span class='ocrx_word' id='word_1_656' title='bbox 1703 1869 1769 1904; x_wconf 84' lang='lat' dir='ltr'><strong>ipsis</strong></span> <span class='ocrx_word' id='word_1_657' title='bbox 1779 1869 1871 1904; x_wconf 80' lang='lat' dir='ltr'><strong>exige-</strong></span> 
     </span>
    </p>
   </div>
   <div class='ocr_carea' id='block_1_95' title="bbox 1076 1916 1218 1946">
    <p class='ocr_par' dir='ltr' id='par_1_95' title="bbox 1076 1916 1218 1946">
     <span class='ocr_line' id='line_1_95' title="bbox 1076 1916 1218 1946; baseline -0.014 0"><span class='ocrx_word' id='word_1_658' title='bbox 1076 1916 1187 1946; x_wconf 78' lang='lat' dir='ltr'><strong>bantur.</strong></span> <span class='ocrx_word' id='word_1_659' title='bbox 1208 1926 1218 1944; x_wconf 67' lang='grc' dir='ltr'><em>ι</em></span> 
     </span>
    </p>
   </div>
   <div class='ocr_carea' id='block_1_96' title="bbox 1111 1971 1871 2005">
    <p class='ocr_par' dir='ltr' id='par_1_96' title="bbox 1111 1971 1871 2005">
     <span class='ocr_line' id='line_1_96' title="bbox 1111 1971 1871 2005; baseline -0.004 -5"><span class='ocrx_word' id='word_1_660' title='bbox 1111 1972 1156 2000; x_wconf 78' lang='lat'><strong>65.</strong></span> <span class='ocrx_word' id='word_1_661' title='bbox 1175 1972 1287 2005; x_wconf 73' lang='lat' dir='ltr'><strong>Paulus,</strong></span> <span class='ocrx_word' id='word_1_662' title='bbox 1301 1979 1332 1999; x_wconf 85' lang='lat' dir='ltr'><strong>re</strong></span> <span class='ocrx_word' id='word_1_663' title='bbox 1345 1972 1417 1999; x_wconf 80' lang='lat' dir='ltr'><strong>bene</strong></span> <span class='ocrx_word' id='word_1_664' title='bbox 1430 1971 1566 2004; x_wconf 82' lang='lat' dir='ltr'><strong>confecta,</strong></span> <span class='ocrx_word' id='word_1_665' title='bbox 1582 1971 1615 1998; x_wconf 87' lang='lat' dir='ltr'><strong>ad</strong></span> <span class='ocrx_word' id='word_1_666' title='bbox 1630 1972 1761 1999; x_wconf 80' lang='lat' dir='ltr'><strong>Joannem</strong></span> <span class='ocrx_word' id='word_1_667' title='bbox 1775 1971 1871 1998; x_wconf 76' lang='lat' dir='ltr'><strong>Antio-</strong></span> 
     </span>
    </p>
   </div>
   <div class='ocr_carea' id='block_1_97' title="bbox 1076 2017 1873 2053">
    <p class='ocr_par' dir='ltr' id='par_1_97' title="bbox 1076 2017 1873 2053">
     <span class='ocr_line' id='line_1_97' title="bbox 1076 2017 1873 2053; baseline -0.001 -8"><span class='ocrx_word' id='word_1_668' title='bbox 1076 2019 1195 2046; x_wconf 66' lang='lat' dir='ltr'><strong>chenam</strong></span> <span class='ocrx_word' id='word_1_669' title='bbox 1221 2018 1355 2053; x_wconf 75' lang='lat' dir='ltr'><strong>aliosque,</strong></span> <span class='ocrx_word' id='word_1_670' title='bbox 1382 2025 1398 2045; x_wconf 79' lang='lat' dir='ltr'><strong>tt</strong></span> <span class='ocrx_word' id='word_1_671' title='bbox 1423 2017 1526 2053; x_wconf 79' lang='lat' dir='ltr'><strong>quibus</strong></span> <span class='ocrx_word' id='word_1_672' title='bbox 1551 2018 1585 2045; x_wconf 87' lang='lat' dir='ltr'><strong>ad</strong></span> <span class='ocrx_word' id='word_1_673' title='bbox 1613 2017 1745 2053; x_wconf 81' lang='lat' dir='ltr'><strong>Cyrillum</strong></span> <span class='ocrx_word' id='word_1_674' title='bbox 1771 2018 1873 2045; x_wconf 86' lang='lat' dir='ltr'><strong>missus</strong></span> 
     </span>
    </p>
   </div>
   <div class='ocr_carea' id='block_1_98' title="bbox 1077 2063 1872 2098">
    <p class='ocr_par' dir='ltr' id='par_1_98' title="bbox 1077 2063 1872 2098">
     <span class='ocr_line' id='line_1_98' title="bbox 1077 2063 1872 2098; baseline -0.001 -7"><span class='ocrx_word' id='word_1_675' title='bbox 1077 2063 1178 2096; x_wconf 81' lang='lat' dir='ltr'><strong>fuerat,</strong></span> <span class='ocrx_word' id='word_1_676' title='bbox 1203 2063 1287 2093; x_wconf 78' lang='lat' dir='ltr'><strong>rediit</strong></span> <span class='ocrx_word' id='word_1_677' title='bbox 1309 2063 1430 2091; x_wconf 68' lang='lat' dir='ltr'><strong>afferens</strong></span> <span class='ocrx_word' id='word_1_678' title='bbox 1453 2071 1546 2091; x_wconf 86' lang='lat' dir='ltr'><strong>secum</strong></span> <span class='ocrx_word' id='word_1_679' title='bbox 1572 2063 1607 2091; x_wconf 88' lang='lat' dir='ltr'><strong>ad</strong></span> <span class='ocrx_word' id='word_1_680' title='bbox 1630 2063 1719 2098; x_wconf 85' lang='lat' dir='ltr'><strong>ipsum</strong></span> <span class='ocrx_word' id='word_1_681' title='bbox 1740 2063 1872 2094; x_wconf 75' lang='lat' dir='ltr'><strong>Joannem</strong></span> 
     </span>
    </p>
   </div>
   <div class='ocr_carea' id='block_1_99' title="bbox 1076 2108 1872 2146">
    <p class='ocr_par' dir='ltr' id='par_1_99' title="bbox 1076 2108 1872 2146">
     <span class='ocr_line' id='line_1_99' title="bbox 1076 2108 1872 2146; baseline -0.004 -8"><span class='ocrx_word' id='word_1_682' title='bbox 1076 2110 1232 2146; x_wconf 81' lang='lat' dir='ltr'><strong>epistolam,</strong></span> <span class='ocrx_word' id='word_1_683' title='bbox 1250 2117 1305 2145; x_wconf 83' lang='lat' dir='ltr'><strong>qua</strong></span> <span class='ocrx_word' id='word_1_684' title='bbox 1324 2117 1377 2145; x_wconf 81' lang='lat' dir='ltr'><strong>pax</strong></span> <span class='ocrx_word' id='word_1_685' title='bbox 1396 2108 1634 2144; x_wconf 83' lang='lat' dir='ltr'><strong>tranquillitasque</strong></span> <span class='ocrx_word' id='word_1_686' title='bbox 1650 2108 1779 2136; x_wconf 55' lang='lat' dir='ltr'><strong>Ecclesia;</strong></span> <span class='ocrx_word' id='word_1_687' title='bbox 1799 2113 1872 2135; x_wconf 76' lang='lat' dir='ltr'><strong>esset</strong></span> 
     </span>
    </p>
   </div>
   <div class='ocr_carea' id='block_1_100' title="bbox 1078 2154 1870 2192">
    <p class='ocr_par' dir='ltr' id='par_1_100' title="bbox 1078 2154 1870 2192">
     <span class='ocr_line' id='line_1_100' title="bbox 1078 2154 1870 2192; baseline -0.005 -8"><span class='ocrx_word' id='word_1_688' title='bbox 1078 2156 1195 2184; x_wconf 80' lang='lat' dir='ltr'><strong>reddita.</strong></span> <span class='ocrx_word' id='word_1_689' title='bbox 1218 2156 1284 2192; x_wconf 82' lang='lat' dir='ltr'><strong>Ejus</strong></span> <span class='ocrx_word' id='word_1_690' title='bbox 1306 2155 1430 2191; x_wconf 67' lang='lat' dir='ltr'><strong>epistolae</strong></span> <span class='ocrx_word' id='word_1_691' title='bbox 1450 2155 1503 2183; x_wconf 90' lang='lat' dir='ltr'><strong>hoc</strong></span> <span class='ocrx_word' id='word_1_692' title='bbox 1525 2159 1568 2182; x_wconf 87' lang='lat' dir='ltr'><strong>est</strong></span> <span class='ocrx_word' id='word_1_693' title='bbox 1590 2154 1744 2186; x_wconf 80' lang='lat' dir='ltr'><strong>exordium,</strong></span> <span class='ocrx_word' id='word_1_694' title='bbox 1765 2162 1824 2189; x_wconf 86' lang='lat' dir='ltr'><strong>cap.</strong></span> <span class='ocrx_word' id='word_1_695' title='bbox 1843 2154 1870 2185; x_wconf 90' lang='lat'><strong>6,</strong></span> 
     </span>
    </p>
   </div>
   <div class='ocr_carea' id='block_1_101' title="bbox 1077 2198 1871 2235">
    <p class='ocr_par' dir='ltr' id='par_1_101' title="bbox 1077 2198 1871 2235">
     <span class='ocr_line' id='line_1_101' title="bbox 1077 2198 1871 2235; baseline -0.003 -8"><span class='ocrx_word' id='word_1_696' title='bbox 1077 2205 1152 2227; x_wconf 86' lang='lat' dir='ltr'><strong>tomo</strong></span> <span class='ocrx_word' id='word_1_697' title='bbox 1165 2200 1208 2227; x_wconf 84' lang='lat' dir='ltr'><strong>IV:</strong></span> <span class='ocrx_word' id='word_1_698' title='bbox 1219 2210 1232 2225; x_wconf 76' lang='grc' dir='ltr'><strong>-ι</strong></span> <span class='ocrx_word' id='word_1_699' title='bbox 1251 2200 1385 2227; x_wconf 70' lang='grc' dir='ltr'><strong>ιαηίνηιιιγ</strong></span> <span class='ocrx_word' id='word_1_700' title='bbox 1394 2199 1453 2226; x_wconf 73' lang='grc' dir='ltr'><strong>εωιὶ</strong></span> <span class='ocrx_word' id='word_1_701' title='bbox 1468 2205 1493 2226; x_wconf 84' lang='lat' dir='ltr'><strong>et</strong></span> <span class='ocrx_word' id='word_1_702' title='bbox 1507 2198 1618 2226; x_wconf 68' lang='lat' dir='ltr'><strong>exsultet</strong></span> <span class='ocrx_word' id='word_1_703' title='bbox 1631 2203 1702 2226; x_wconf 74' lang='lat' dir='ltr'><strong>terra</strong></span> <span class='ocrx_word' id='word_1_704' title='bbox 1713 2198 1798 2235; x_wconf 77' lang='grc' dir='ltr'><strong>(Ρσαι.</strong></span> <span class='ocrx_word' id='word_1_705' title='bbox 1810 2207 1871 2231; x_wconf 71' lang='lat' dir='ltr'><strong>xcv,</strong></span> 
     </span>
    </p>
   </div>
   <div class='ocr_carea' id='block_1_102' title="bbox 1141 2245 1871 2295">
    <p class='ocr_par' dir='ltr' id='par_1_102' title="bbox 1141 2245 1871 2295">
     <span class='ocr_line' id='line_1_102' title="bbox 1141 2245 1871 2295; baseline -0.001 -22"><span class='ocrx_word' id='word_1_706' title='bbox 1141 2256 1156 2295; x_wconf 59' lang='grc' dir='ltr'><strong>ε.</strong></span> <span class='ocrx_word' id='word_1_707' title='bbox 1167 2247 1287 2275; x_wconf 85' lang='lat' dir='ltr'><strong>solutum</strong></span> <span class='ocrx_word' id='word_1_708' title='bbox 1302 2247 1376 2274; x_wconf 88' lang='lat' dir='ltr'><strong>enim</strong></span> <span class='ocrx_word' id='word_1_709' title='bbox 1388 2250 1432 2273; x_wconf 90' lang='lat' dir='ltr'><strong>est</strong></span> <span class='ocrx_word' id='word_1_710' title='bbox 1446 2246 1620 2273; x_wconf 81' lang='lat' dir='ltr'><strong>intervallum</strong></span> <span class='ocrx_word' id='word_1_711' title='bbox 1642 2245 1783 2277; x_wconf 74' lang='lat' dir='ltr'><strong>macerize;</strong></span> <span class='ocrx_word' id='word_1_712' title='bbox 1798 2245 1871 2279; x_wconf 83' lang='lat' dir='ltr'><strong>quod</strong></span> 
     </span>
    </p>
   </div>
   <div class='ocr_carea' id='block_1_103' title="bbox 1074 2292 1871 2327">
    <p class='ocr_par' dir='ltr' id='par_1_103' title="bbox 1074 2292 1871 2327">
     <span class='ocr_line' id='line_1_103' title="bbox 1074 2292 1871 2327; baseline -0.005 -6"><span class='ocrx_word' id='word_1_713' title='bbox 1074 2292 1225 2321; x_wconf 64' lang='lat' dir='ltr'><strong>memorem</strong></span> <span class='ocrx_word' id='word_1_714' title='bbox 1248 2293 1399 2325; x_wconf 75' lang='lat' dir='ltr'><strong>aﬂ‘erebat,</strong></span> <span class='ocrx_word' id='word_1_715' title='bbox 1423 2292 1595 2327; x_wconf 83' lang='lat' dir='ltr'><strong>conquievit;</strong></span> <span class='ocrx_word' id='word_1_716' title='bbox 1614 2296 1643 2320; x_wconf 88' lang='lat' dir='ltr'><strong>et</strong></span> <span class='ocrx_word' id='word_1_717' title='bbox 1659 2300 1740 2319; x_wconf 82' lang='lat' dir='ltr'><strong>omne</strong></span> <span class='ocrx_word' id='word_1_718' title='bbox 1761 2292 1871 2318; x_wconf 81' lang='lat' dir='ltr'><strong>tandem</strong></span> 
     </span>
    </p>
   </div>
   <div class='ocr_carea' id='block_1_104' title="bbox 1074 2337 1870 2373">
    <p class='ocr_par' dir='ltr' id='par_1_104' title="bbox 1074 2337 1870 2373">
     <span class='ocr_line' id='line_1_104' title="bbox 1074 2337 1870 2373; baseline -0.003 -8"><span class='ocrx_word' id='word_1_719' title='bbox 1074 2338 1253 2365; x_wconf 87' lang='lat' dir='ltr'><strong>dissidiorum</strong></span> <span class='ocrx_word' id='word_1_720' title='bbox 1274 2345 1361 2373; x_wconf 87' lang='lat' dir='ltr'><strong>genus</strong></span> <span class='ocrx_word' id='word_1_721' title='bbox 1377 2337 1515 2366; x_wconf 84' lang='lat' dir='ltr'><strong>sublatum</strong></span> <span class='ocrx_word' id='word_1_722' title='bbox 1536 2342 1597 2370; x_wconf 88' lang='lat' dir='ltr'><strong>est;</strong></span> <span class='ocrx_word' id='word_1_723' title='bbox 1614 2337 1737 2364; x_wconf 90' lang='lat' dir='ltr'><strong>omnium</strong></span> <span class='ocrx_word' id='word_1_724' title='bbox 1758 2337 1870 2371; x_wconf 79' lang='lat' dir='ltr'><strong>quidem</strong></span> 
     </span>
    </p>
   </div>
   <div class='ocr_carea' id='block_1_105' title="bbox 1074 2383 1870 2419">
    <p class='ocr_par' dir='ltr' id='par_1_105' title="bbox 1074 2383 1870 2419">
     <span class='ocr_line' id='line_1_105' title="bbox 1074 2383 1870 2419; baseline -0.003 -7"><span class='ocrx_word' id='word_1_725' title='bbox 1074 2389 1200 2412; x_wconf 85' lang='lat' dir='ltr'><strong>nostrum</strong></span> <span class='ocrx_word' id='word_1_726' title='bbox 1211 2384 1352 2412; x_wconf 79' lang='lat' dir='ltr'><strong>Salvatore</strong></span> <span class='ocrx_word' id='word_1_727' title='bbox 1363 2383 1473 2412; x_wconf 81' lang='lat' dir='ltr'><strong>Christo</strong></span> <span class='ocrx_word' id='word_1_728' title='bbox 1487 2392 1583 2419; x_wconf 83' lang='lat' dir='ltr'><strong>pacem</strong></span> <span class='ocrx_word' id='word_1_729' title='bbox 1592 2383 1723 2412; x_wconf 88' lang='lat' dir='ltr'><strong>Ecclesiis</strong></span> <span class='ocrx_word' id='word_1_730' title='bbox 1735 2384 1794 2411; x_wconf 87' lang='lat' dir='ltr'><strong>suis</strong></span> <span class='ocrx_word' id='word_1_731' title='bbox 1803 2391 1870 2410; x_wconf 89' lang='lat' dir='ltr'><strong>con-</strong></span> 
     </span>
    </p>
   </div>
   <div class='ocr_carea' id='block_1_106' title="bbox 1075 2430 1871 2465">
    <p class='ocr_par' dir='ltr' id='par_1_106' title="bbox 1075 2430 1871 2465">
     <span class='ocr_line' id='line_1_106' title="bbox 1075 2430 1871 2465; baseline -0.003 -7"><span class='ocrx_word' id='word_1_732' title='bbox 1075 2431 1198 2462; x_wconf 86' lang='lat' dir='ltr'><strong>ciliante,</strong></span> <span class='ocrx_word' id='word_1_733' title='bbox 1213 2430 1431 2465; x_wconf 82' lang='lat' dir='ltr'><strong>religiosissimis</strong></span> <span class='ocrx_word' id='word_1_734' title='bbox 1439 2434 1541 2462; x_wconf 88' lang='lat' dir='ltr'><strong>autem,</strong></span> <span class='ocrx_word' id='word_1_735' title='bbox 1558 2430 1670 2465; x_wconf 83' lang='lat' dir='ltr'><strong>Deoqu</strong></span> <span class='ocrx_word' id='word_1_736' title='bbox 1684 2430 1871 2458; x_wconf 89' lang='lat' dir='ltr'><strong>dilectissimis</strong></span> 
     </span>
    </p>
   </div>
   <div class='ocr_carea' id='block_1_107' title="bbox 1074 2474 1870 2510">
    <p class='ocr_par' dir='ltr' id='par_1_107' title="bbox 1074 2474 1870 2510">
     <span class='ocr_line' id='line_1_107' title="bbox 1074 2474 1870 2510; baseline -0.001 -9"><span class='ocrx_word' id='word_1_737' title='bbox 1074 2474 1298 2510; x_wconf 85' lang='lat' dir='ltr'><strong>imperatoribus,</strong></span> <span class='ocrx_word' id='word_1_738' title='bbox 1324 2481 1377 2501; x_wconf 88' lang='lat' dir='ltr'><strong>nos</strong></span> <span class='ocrx_word' id='word_1_739' title='bbox 1403 2474 1436 2501; x_wconf 86' lang='lat' dir='ltr'><strong>ad</strong></span> <span class='ocrx_word' id='word_1_740' title='bbox 1467 2474 1540 2502; x_wconf 82' lang='lat' dir='ltr'><strong>istud</strong></span> <span class='ocrx_word' id='word_1_741' title='bbox 1568 2474 1791 2509; x_wconf 83' lang='lat' dir='ltr'><strong>provocantibus.</strong></span> <span class='ocrx_word' id='word_1_742' title='bbox 1818 2474 1870 2507; x_wconf 84' lang='lat' dir='ltr'><strong>Qui</strong></span> 
     </span>
    </p>
   </div>
   <div class='ocr_carea' id='block_1_108' title="bbox 1074 2520 1869 2556">
    <p class='ocr_par' dir='ltr' id='par_1_108' title="bbox 1074 2520 1869 2556">
     <span class='ocr_line' id='line_1_108' title="bbox 1074 2520 1869 2556; baseline -0.001 -8"><span class='ocrx_word' id='word_1_743' title='bbox 1074 2529 1137 2549; x_wconf 88' lang='lat' dir='ltr'><strong>cum</strong></span> <span class='ocrx_word' id='word_1_744' title='bbox 1157 2520 1238 2548; x_wconf 66' lang='lat' dir='ltr'><strong>avitae</strong></span> <span class='ocrx_word' id='word_1_745' title='bbox 1252 2520 1393 2555; x_wconf 86' lang='lat' dir='ltr'><strong>religionis</strong></span> <span class='ocrx_word' id='word_1_746' title='bbox 1413 2521 1509 2556; x_wconf 81' lang='lat' dir='ltr'><strong>optimi</strong></span> <span class='ocrx_word' id='word_1_747' title='bbox 1533 2521 1706 2548; x_wconf 67' lang='lat' dir='ltr'><strong>aemulatores</strong></span> <span class='ocrx_word' id='word_1_748' title='bbox 1726 2520 1869 2553; x_wconf 82' lang='lat' dir='ltr'><strong>exsistant,</strong></span> 
     </span>
    </p>
   </div>
   <div class='ocr_carea' id='block_1_109' title="bbox 1073 2566 1869 2600">
    <p class='ocr_par' dir='ltr' id='par_1_109' title="bbox 1073 2566 1869 2600">
     <span class='ocr_line' id='line_1_109' title="bbox 1073 2566 1869 2600; baseline -0.001 -7"><span class='ocrx_word' id='word_1_749' title='bbox 1073 2567 1138 2593; x_wconf 85' lang='lat' dir='ltr'><strong>dant</strong></span> <span class='ocrx_word' id='word_1_750' title='bbox 1164 2573 1276 2600; x_wconf 88' lang='lat' dir='ltr'><strong>operam</strong></span> <span class='ocrx_word' id='word_1_751' title='bbox 1294 2570 1325 2593; x_wconf 92' lang='lat' dir='ltr'><strong>ut</strong></span> <span class='ocrx_word' id='word_1_752' title='bbox 1339 2566 1420 2593; x_wconf 81' lang='lat' dir='ltr'><strong>ﬁdem</strong></span> <span class='ocrx_word' id='word_1_753' title='bbox 1434 2570 1537 2594; x_wconf 89' lang='lat' dir='ltr'><strong>rectam</strong></span> <span class='ocrx_word' id='word_1_754' title='bbox 1553 2567 1652 2594; x_wconf 88' lang='lat' dir='ltr'><strong>animis</strong></span> <span class='ocrx_word' id='word_1_755' title='bbox 1670 2566 1728 2594; x_wconf 90' lang='lat' dir='ltr'><strong>suis</strong></span> <span class='ocrx_word' id='word_1_756' title='bbox 1748 2566 1869 2598; x_wconf 81' lang='lat' dir='ltr'><strong>inﬁxam,</strong></span> 
     </span>
    </p>
   </div>
   <div class='ocr_carea' id='block_1_110' title="bbox 1074 2611 1870 2647">
    <p class='ocr_par' dir='ltr' id='par_1_110' title="bbox 1074 2611 1870 2647">
     <span class='ocr_line' id='line_1_110' title="bbox 1074 2611 1870 2647; baseline 0.001 -9"><span class='ocrx_word' id='word_1_757' title='bbox 1074 2612 1181 2639; x_wconf 75' lang='lat' dir='ltr'><strong>firmam</strong></span> <span class='ocrx_word' id='word_1_758' title='bbox 1192 2611 1388 2647; x_wconf 87' lang='lat' dir='ltr'><strong>immotamque</strong></span> <span class='ocrx_word' id='word_1_759' title='bbox 1399 2612 1566 2640; x_wconf 84' lang='lat' dir='ltr'><strong>custodiant.</strong></span> <span class='ocrx_word' id='word_1_760' title='bbox 1577 2612 1648 2645; x_wconf 86' lang='lat' dir='ltr'><strong>Quin</strong></span> <span class='ocrx_word' id='word_1_761' title='bbox 1662 2617 1690 2640; x_wconf 88' lang='lat' dir='ltr'><strong>et</strong></span> <span class='ocrx_word' id='word_1_762' title='bbox 1704 2613 1870 2647; x_wconf 78' lang='lat' dir='ltr'><strong>singularem</strong></span> 
     </span>
    </p>
   </div>
   <div class='ocr_carea' id='block_1_111' title="bbox 1073 2657 1870 2693">
    <p class='ocr_par' dir='ltr' id='par_1_111' title="bbox 1073 2657 1870 2693">
     <span class='ocr_line' id='line_1_111' title="bbox 1073 2657 1870 2693; baseline 0 -9"><span class='ocrx_word' id='word_1_763' title='bbox 1073 2665 1184 2692; x_wconf 87' lang='lat' dir='ltr'><strong>quoque</strong></span> <span class='ocrx_word' id='word_1_764' title='bbox 1196 2657 1299 2684; x_wconf 86' lang='lat' dir='ltr'><strong>sanctis</strong></span> <span class='ocrx_word' id='word_1_765' title='bbox 1310 2657 1441 2685; x_wconf 86' lang='lat' dir='ltr'><strong>Ecclesiis</strong></span> <span class='ocrx_word' id='word_1_766' title='bbox 1450 2665 1545 2684; x_wconf 86' lang='lat' dir='ltr'><strong>curam</strong></span> <span class='ocrx_word' id='word_1_767' title='bbox 1555 2658 1726 2693; x_wconf 84' lang='lat' dir='ltr'><strong>impendunt,</strong></span> <span class='ocrx_word' id='word_1_768' title='bbox 1737 2665 1793 2692; x_wconf 87' lang='lat' dir='ltr'><strong>quo</strong></span> <span class='ocrx_word' id='word_1_769' title='bbox 1805 2658 1870 2684; x_wconf 91' lang='lat' dir='ltr'><strong>hinc</strong></span> 
     </span>
    </p>
   </div>
   <div class='ocr_carea' id='block_1_112' title="bbox 1073 2703 1869 2739">
    <p class='ocr_par' dir='ltr' id='par_1_112' title="bbox 1073 2703 1869 2739">
     <span class='ocr_line' id='line_1_112' title="bbox 1073 2703 1869 2739; baseline 0.003 -10"><span class='ocrx_word' id='word_1_770' title='bbox 1073 2703 1204 2729; x_wconf 91' lang='lat' dir='ltr'><strong>nimirum</strong></span> <span class='ocrx_word' id='word_1_771' title='bbox 1217 2707 1245 2730; x_wconf 86' lang='lat' dir='ltr'><strong>et</strong></span> <span class='ocrx_word' id='word_1_772' title='bbox 1253 2703 1368 2738; x_wconf 84' lang='lat' dir='ltr'><strong>gloriam</strong></span> <span class='ocrx_word' id='word_1_773' title='bbox 1379 2703 1522 2731; x_wconf 85' lang='lat' dir='ltr'><strong>obtineant</strong></span> <span class='ocrx_word' id='word_1_774' title='bbox 1535 2709 1705 2739; x_wconf 82' lang='lat' dir='ltr'><strong>perpetuam,</strong></span> <span class='ocrx_word' id='word_1_775' title='bbox 1714 2708 1742 2731; x_wconf 90' lang='lat' dir='ltr'><strong>et</strong></span> <span class='ocrx_word' id='word_1_776' title='bbox 1755 2711 1869 2739; x_wconf 83' lang='lat' dir='ltr'><strong>regnum</strong></span> 
     </span>
    </p>
   </div>
   <div class='ocr_carea' id='block_1_113' title="bbox 1073 2749 1617 2778">
    <p class='ocr_par' dir='ltr' id='par_1_113' title="bbox 1073 2749 1617 2778">
     <span class='ocr_line' id='line_1_113' title="bbox 1073 2749 1617 2778; baseline 0 -2"><span class='ocrx_word' id='word_1_777' title='bbox 1073 2757 1154 2777; x_wconf 90' lang='lat' dir='ltr'><strong>suum</strong></span> <span class='ocrx_word' id='word_1_778' title='bbox 1174 2749 1400 2777; x_wconf 84' lang='lat' dir='ltr'><strong>ﬂorentissimum</strong></span> <span class='ocrx_word' id='word_1_779' title='bbox 1415 2750 1593 2778; x_wconf 88' lang='lat' dir='ltr'><strong>constituant.</strong></span> <span class='ocrx_word' id='word_1_780' title='bbox 1609 2760 1617 2776; x_wconf 78' lang='grc' dir='ltr'><strong><em>ι</em></strong></span> 
     </span>
    </p>
   </div>
   <div class='ocr_carea' id='block_1_114' title="bbox 1109 2806 1869 2842">
    <p class='ocr_par' dir='ltr' id='par_1_114' title="bbox 1109 2806 1869 2842">
     <span class='ocr_line' id='line_1_114' title="bbox 1109 2806 1869 2842; baseline 0 -9"><span class='ocrx_word' id='word_1_781' title='bbox 1109 2806 1152 2833; x_wconf 88' lang='lat'><strong>66.</strong></span> <span class='ocrx_word' id='word_1_782' title='bbox 1169 2806 1234 2838; x_wconf 72' lang='lat' dir='ltr'><strong>Qua:</strong></span> <span class='ocrx_word' id='word_1_783' title='bbox 1254 2814 1269 2833; x_wconf 85' lang='lat' dir='ltr'><strong>a</strong></span> <span class='ocrx_word' id='word_1_784' title='bbox 1288 2806 1380 2833; x_wconf 88' lang='lat' dir='ltr'><strong>reditu</strong></span> <span class='ocrx_word' id='word_1_785' title='bbox 1405 2807 1482 2834; x_wconf 82' lang='lat' dir='ltr'><strong>Pauli</strong></span> <span class='ocrx_word' id='word_1_786' title='bbox 1503 2808 1686 2842; x_wconf 80' lang='lat' dir='ltr'><strong>contigerunt,</strong></span> <span class='ocrx_word' id='word_1_787' title='bbox 1713 2807 1750 2835; x_wconf 83' lang='lat' dir='ltr'><strong>ita</strong></span> <span class='ocrx_word' id='word_1_788' title='bbox 1775 2811 1869 2838; x_wconf 79' lang='lat' dir='ltr'><strong>narrat</strong></span> 
     </span>
    </p>
   </div>
   <div class='ocr_carea' id='block_1_115' title="bbox 1073 2851 1868 2887">
    <p class='ocr_par' dir='ltr' id='par_1_115' title="bbox 1073 2851 1868 2887">
     <span class='ocr_line' id='line_1_115' title="bbox 1073 2851 1868 2887; baseline 0.004 -9"><span class='ocrx_word' id='word_1_789' title='bbox 1073 2851 1218 2878; x_wconf 85' lang='lat' dir='ltr'><strong>Liberatus</strong></span> <span class='ocrx_word' id='word_1_790' title='bbox 1234 2852 1260 2878; x_wconf 93' lang='lat' dir='ltr'><strong>in</strong></span> <span class='ocrx_word' id='word_1_791' title='bbox 1279 2851 1428 2884; x_wconf 74' lang='lat' dir='ltr'><strong>Breviario,</strong></span> <span class='ocrx_word' id='word_1_792' title='bbox 1451 2860 1529 2887; x_wconf 86' lang='lat' dir='ltr'><strong>capp.</strong></span> <span class='ocrx_word' id='word_1_793' title='bbox 1546 2853 1562 2880; x_wconf 89' lang='lat'><strong>8</strong></span> <span class='ocrx_word' id='word_1_794' title='bbox 1577 2853 1631 2880; x_wconf 66' lang='lat' dir='ltr'><strong>et!)</strong></span> <span class='ocrx_word' id='word_1_795' title='bbox 1655 2862 1661 2879; x_wconf 76' lang='grc' dir='ltr'>ε</span> <span class='ocrx_word' id='word_1_796' title='bbox 1682 2863 1691 2879; x_wconf 86' lang='grc'><em>‹</em></span> <span class='ocrx_word' id='word_1_797' title='bbox 1710 2853 1868 2881; x_wconf 84' lang='lat' dir='ltr'><strong>Ascendens</strong></span> 
     </span>
    </p>
   </div>
   <div class='ocr_carea' id='block_1_116' title="bbox 1073 2897 1867 2934">
    <p class='ocr_par' dir='ltr' id='par_1_116' title="bbox 1073 2897 1867 2934">
     <span class='ocr_line' id='line_1_116' title="bbox 1073 2897 1867 2934; baseline 0.003 -10"><span class='ocrx_word' id='word_1_798' title='bbox 1073 2904 1139 2932; x_wconf 82' lang='lat' dir='ltr'><strong>ergo</strong></span> <span class='ocrx_word' id='word_1_799' title='bbox 1149 2897 1320 2924; x_wconf 81' lang='lat' dir='ltr'><strong>Antiochiam</strong></span> <span class='ocrx_word' id='word_1_800' title='bbox 1329 2897 1439 2931; x_wconf 84' lang='lat' dir='ltr'><strong>Paulus,</strong></span> <span class='ocrx_word' id='word_1_801' title='bbox 1449 2898 1651 2926; x_wconf 76' lang='lat' dir='ltr'><strong>obtuiitJoanni</strong></span> <span class='ocrx_word' id='word_1_802' title='bbox 1661 2899 1867 2934; x_wconf 84' lang='lat' dir='ltr'><strong>archiepiscopo</strong></span> 
     </span>
    </p>
   </div>
  </div>
