1999 3152
130 144 166 171 37

805 148 833 174 S.
854 147 990 175 CYRHJJ
1011 147 1098 174 Vl'l‘A.

1729 152 1766 181 58

129 205 159 227 et
176 200 251 227 omni
275 201 393 228 concilio
416 202 487 237 ejus,
508 202 654 237 epistolam
677 204 781 239 Cyriili.
807 205 869 238 Qui,
894 210 924 232 ut
940 210 958 237 Α
974 204 1119 239 acceperit.
1129 204 1215 238 Quem
1227 209 1316 231 tamen
1329 210 1440 232 secutus
1452 211 1493 233 est
1507 206 1656 234 Pliotiusin
1669 207 1765 236 Biblio-

128 251 319 281 cognoverunt
331 254 395 274 eum
414 248 568 282 suscepisse
592 248 674 276 iidem
695 257 712 276 a
732 257 761 277 se
778 250 921 282 directam,

128 297 156 319 et
170 294 198 319 in
211 293 272 327 ejus
283 293 426 328 scripsisse
437 294 684 327 confirmationem,
694 302 789 330 pacem
800 304 863 324 cum
877 305 911 324 eo

127 341 157 364 et
167 339 227 373 ejus
245 337 373 366 fecerunt
388 339 516 371 concilio,
531 339 692 368 damnantcs
708 341 875 374 Nestorium,
895 347 923 370 et

127 384 314 418 suscipientes
331 385 534 418 Maximianum,
551 386 598 421 qui
608 394 659 421 pro
673 387 719 415 illo
732 388 820 415 factus
834 388 923 416 fuerat

126 429 291 464 episcopus;
329 430 521 458 dubitantibus
545 432 634 460 adhuc
664 440 698 460 ex
723 434 764 461 eis
787 434 924 469 aliquibus

127 474 233 510 Cyrillo
255 477 471 508 communicare,
498 478 660 512 potantibus
677 486 740 506 eum
759 487 875 511 errasse,
895 485 922 508 et

127 525 223 554 postea
234 521 378 549 veritatem
392 523 545 557 agnovisse,
558 527 585 550 et
598 524 773 559 culpantibus
790 525 921 553 Joannem

126 574 177 593 cur
192 567 229 594 ab
244 574 277 594 eo
292 575 346 594 non
358 568 504 603 expetierit
521 569 704 604 capitulorum
727 571 788 606 ejus
808 571 921 598 damna—

127 612 242 639 tionem.
259 613 299 640 Ex
316 614 402 641 altera
417 618 508 641 autem
528 619 605 650 parte
624 615 736 650 quidam
753 616 787 643 de
808 617 920 651 palatio,

126 667 176 694 per
191 659 336 694 Eulogium
346 660 536 696 presbyterum
552 665 581 688 et
592 662 790 696 apocrisarium
807 662 922 689 Alexan-

127 705 214 732 drinae
227 705 366 737 Ecclesia,
381 706 561 741 culpaverunt
577 708 719 743 Cyrillum,
731 716 781 736 cur
795 717 922 744 suscepe-

127 751 162 777 ri.
177 751 212 777 ab
228 751 410 779 orientalibus
431 752 569 788 episcopis
585 754 701 781 duarum
719 755 920 782 confessionem

127 801 299 829 naturarum,
314 797 389 832 quod
404 798 547 826 Nestorius
564 799 633 826 dixit
647 804 675 827 et
694 800 795 827 docuit.
817 800 870 828 Sed
893 806 921 828 et

127 842 273 869 Valeriam
297 843 402 875 lconii,
423 848 452 871 et
478 844 578 872 Acaeio
600 845 764 873 Melitinensi
784 847 920 882 episcopis

976 251 1049 276 theca
1065 254 1193 277 tmemate
1207 257 1320 280 ccxxv".

1007 295 1051 323 68.
1068 295 1211 328 Quomodo
1236 296 1309 324 enim
1328 297 1473 324 credemus
1496 296 1531 324 ab
1552 297 1665 332 Cyrillo,
1689 299 1763 334 quod

972 341 1068 368 scribit
1082 341 1154 368 idem
1173 341 1326 372 Liberatus.
1342 341 1483 369 laudatum
1497 342 1682 376 Theodorum,
1691 345 1764 379 ejus-

971 394 1025 421 que
1046 386 1149 421 scripta
1171 387 1294 422 probata,
1313 395 1376 414 cum
1410 387 1480 415 adeo
1500 387 1659 416 adversatus
1681 390 1764 416 fuerit

971 431 1109 463 Nestorio,
1127 438 1209 466 quem
1224 439 1288 458 suos
1303 432 1337 459 ab
1356 432 1415 466 ipso
1427 431 1572 459 Theodoro
1586 431 1708 459 hausisse
1720 441 1764 460 er-

973 484 1048 504 rores
1064 478 1178 512 ipsemet
1191 481 1307 505 testatur
1318 478 1433 512 cpistola
1454 477 1487 504 ad
1504 477 1635 505 Joannem
1654 478 1762 512 episco—

972 531 1037 558 pum
1063 523 1274 551 Antiochenum.
1301 533 1311 550 ε
1335 524 1536 559 Conﬁngentcs,
1561 534 1570 550 ι
1595 524 1642 556 ait,
1667 534 1676 550 ι
1701 532 1762 559 quae

971 569 1091 596 Nestorii
1114 573 1179 597 sunt
1202 569 1303 601 odisse,
1327 569 1382 596 alio
1401 570 1501 597 iterum
1526 577 1558 597 ea
1583 569 1761 599 introducunt

971 614 1063 646 modo.
1080 623 1139 649 quae
1153 615 1288 642 Theodori
1303 620 1367 642 sunt
1382 615 1522 647 mirantes,
1533 619 1562 643 et
1577 620 1651 643 certe
1667 623 1759 650 aequa—

971 660 1035 693 lem,
1053 669 1138 696 magis
1152 669 1218 689 vero
1232 662 1319 689 multo
1332 662 1453 697 pejorem
1469 662 1595 689 morbum
1613 663 1760 698 impietatis

972 706 1109 733 habentia.
1125 708 1180 734 Nec
1198 708 1272 735 enim
1292 708 1453 735 Theodorus
1474 709 1594 736 Nestori't
1609 709 1660 736 fuit
1675 710 1758 737 disci-

971 752 1061 787 pulus,
1078 753 1125 779 sed
1142 753 1192 780 iste
1207 753 1290 785 illius,
1305 757 1334 780 et
1348 754 1424 780 velut
1434 761 1489 781 uno
1500 753 1650 788 loquuntur
1664 762 1721 786 ore,
1731 760 1759 782 et

971 805 1055 825 unum
1069 798 1146 825 malas
1159 798 1290 826 doctrina:
1309 807 1341 826 ex
1360 807 1410 826 suo
1430 798 1512 826 corde
1528 804 1658 826 evomunt
1675 808 1759 827 vene-

970 852 1046 870 num.
1060 844 1090 871 In
1101 844 1224 879 Epistola
1237 845 1271 871 ad
1286 844 1454 872 Theodosium
1463 845 1658 880 imperatorem,
1671 846 1759 874 Thco-
1789 867 1791 869 .

127 887 178 914 hoc
194 887 284 921 ipsum
305 887 339 915 de
359 888 460 923 Cyrillo
476 889 631 918 videbatur.
656 890 770 925 Scripsit
791 900 855 926 ergo
877 892 916 920 ei‘s
935 883 956 913 Β
969 891 1068 918 dorum
1092 890 1325 925 Mopsuestenum,
1354 895 1382 917 et
1409 890 1559 918 Diodorum
1584 891 1756 924 Tarsensem,

125 933 243 968 Cyrillus
266 933 294 960 in
313 934 500 961 defensionem
523 936 697 963 orientalium
712 938 914 972 episcoporum.

123 984 152 1005 et
170 987 219 1013 pro
233 979 342 1006 duabus
357 980 439 1006 unius
454 979 553 1007 Christi
570 983 707 1010 naturis...
726 984 825 1011 Aeacio
840 983 915 1011 Meli-

125 1026 224 1052 tinensi
238 1026 369 1060 episcopo
383 1027 506 1053 scribens
522 1028 593 1055 inter
606 1028 658 1055 alia
674 1029 712 1056 sic
726 1029 808 1057 dicit:
822 1030 917 1058 Nesto—

126 1070 182 1096 rius
197 1069 301 1097 etenim
316 1069 456 1097 Christum
481 1077 605 1098 seorsum
629 1073 763 1100 nominari
784 1074 851 1100 dicit
868 1074 915 1102 Dei

128 1115 254 1148 Verbum,
271 1116 372 1143 habere
389 1120 480 1142 autem
494 1117 714 1152 conjunctionem
731 1119 764 1146 ad
778 1119 916 1147 Christum

125 1161 294 1188 continuam.
307 1162 391 1188 Putas
404 1168 479 1195 ergo,
493 1169 547 1188 non
562 1162 630 1190 duos
642 1163 765 1191 Christos
779 1166 917 1199 apertissi-

125 1216 165 1234 me
176 1202 264 1235 dicit?
275 1207 428 1236 Orientales
440 1215 504 1235 vero
515 1207 654 1236 Christum
666 1217 750 1237 unum
761 1215 789 1238 et
804 1211 914 1245 Filium,

123 1259 150 1281 et
164 1253 251 1280 Deum
267 1258 295 1281 et
309 1254 454 1281 Dominum
474 1253 640 1281 confitentur
655 1262 684 1282 se
699 1256 821 1288 adorare,
836 1265 915 1284 eum-

124 1298 183 1324 dem
199 1306 233 1324 ex
248 1298 326 1325 Patre
339 1298 489 1325 secundum
505 1297 688 1331 divinitatem,
707 1304 735 1327 et
745 1301 871 1328 eumdem
882 1309 916 1328 ex

123 1349 216 1371 sancta
240 1344 351 1380 Virgine
376 1344 527 1372 secundum
557 1344 765 1373 humanitatem.
793 1347 915 1375 Duarum

124 1397 238 1424 namque
250 1394 408 1417 naturarum
424 1389 576 1416 unitionem
588 1390 686 1418 factam
701 1392 811 1425 dicunt;
825 1397 915 1421 tamen

124 1443 207 1464 unum
221 1435 372 1467 Christum,
384 1443 468 1461 unum
482 1435 581 1463 Filium
593 1437 738 1466 Dominum
750 1439 915 1468 confitentur

124 1485 215 1515 aperte
230 1479 341 1513 factum,
362 1489 371 1506 ι
386 1486 439 1508 etc.

926 1551 947 1580 C

156 1579 199 1606 67.
211 1579 303 1615 Pergit
321 1579 466 1619 Liberatus
482 1591 489 1609 τ
510 1592 518 1608 ε
548 1582 611 1610 llznc
634 1586 698 1609 sunt
714 1590 775 1618 qua:
797 1583 913 1619 Cyrillus

124 1625 233 1659 scripsit
257 1625 285 1652 in
304 1626 493 1655 defensionem
515 1628 689 1655 orientalium
710 1629 911 1664 episcoporum,

125 1677 171 1703 pro
189 1670 297 1697 duabus
311 1671 393 1699 unius
403 1671 505 1699 Christi
521 1673 636 1700 naturis.
654 1673 739 1706 Quam
758 1674 913 1709 quicunque

126 1719 188 1743 tunc
211 1716 324 1744 minime
346 1722 517 1753 receperunt,
539 1719 589 1746 hos
613 1727 673 1747 esse
699 1723 765 1754 puto
789 1725 914 1748 auctores

125 1760 333 1796 Acephalorum,
357 1763 404 1798 qui
423 1771 512 1798 neque
537 1764 668 1800 Cyrillum
693 1765 796 1793 habent
821 1770 912 1800 caput,

126 1813 211 1841 neque
223 1815 306 1842 quem
322 1813 472 1843 sequantur
483 1810 642 1836 ostendunt.
654 1810 731 1836 Tunc
741 1814 768 1836 et
783 1806 914 1844 Evoptius

125 1851 298 1879 Ptolemaidis
326 1853 508 1888 Pentapoleos
532 1854 650 1888 regionis
665 1854 820 1888 episcopus,
841 1854 913 1881 acci-

125 1897 200 1931 piens
209 1899 349 1933 excmplar
359 1898 512 1926 litterarum
531 1899 699 1931 Thcodoriti,
710 1900 756 1935 qui
767 1900 914 1935 scripserat

126 1949 218 1971 contra
239 1944 386 1972 duodecim
405 1945 523 1980 capitula
538 1945 642 1981 Cyrilli,
663 1945 764 1973 direxit
779 1946 845 1973 iilud
859 1945 913 1982 Cy-

125 1990 192 2022 rillo,
206 1995 237 2017 ut
255 1991 435 2026 responderet
450 1991 484 2018 ad
498 1999 541 2024 ea,
559 1996 587 2019 et
598 2000 646 2019 sua
658 1993 776 2027 capitula
792 1999 912 2025 expone—

126 2039 174 2061 ret.
189 2034 268 2067 Quod
282 2035 435 2070 gratissime
447 2035 600 2070 suscipiens
616 2037 744 2072 Cyrillus,
756 2037 820 2064 fecit
831 2037 914 2064 inter-

124 2081 304 2115 pretationem
316 2082 497 2117 capitulorum
510 2090 633 2115 suorum,
649 2083 794 2111 duodecim
811 2084 913 2111 addens

125 2126 319 2160 expositiones,
331 2135 386 2162 quo
400 2128 541 2155 videretur
551 2128 659 2163 plenam
678 2137 727 2164 pro
739 2129 780 2156 eis
799 2129 912 2157 reddere

127 2172 269 2200 rationem.
287 2173 382 2207 Itaque
395 2173 496 2209 Cyrillo
517 2174 682 2209 suscipiente
705 2179 733 2202 et
751 2174 912 2203 defendente

968 936 1068 963 asserit
1082 940 1174 970 patres
1189 935 1338 971 impietatis
1357 935 1440 963 fuisse
1452 936 1587 969 Nestorio,
1604 937 1759 964 immaniter

967 981 1172 1016 biaspltemasse
1197 986 1292 1008 contra
1320 981 1460 1009 Christum
1486 982 1608 1010 omnium
1633 986 1757 1010 nostrum

967 1025 1145 1057 Salvatorem,
1158 1026 1310 1053 nescientes
1322 1026 1407 1061 ipsius
1424 1027 1593 1062 mysterium,
1608 1037 1617 1052 ι
1630 1032 1683 1055 etc.
1696 1028 1759 1057 Haec

967 1071 1058 1098 omnia
1074 1071 1230 1098 referuntur
1244 1071 1388 1098 collatione
1409 1072 1425 1098 5
1450 1072 1558 1099 concilii
1572 1081 1588 1099 v
1607 1074 1757 1100 (ecumeni-

967 1117 1001 1144 ci.
1018 1117 1139 1152 Denique
1155 1117 1249 1144 ambos
1261 1117 1382 1153 ejusdem
1398 1117 1534 1144 hmreseos
1551 1123 1676 1145 auctores
1691 1119 1758 1146 fuis-

966 1169 995 1189 se
1028 1161 1147 1189 ostendit
1171 1162 1198 1188 in
1215 1162 1383 1196 expositione
1396 1162 1511 1197 symboli
1531 1162 1633 1190 Νὴ·ωηί
1654 1163 1705 1190 sub
1724 1163 1757 1190 ii-

966 1215 1038 1235 nem.
1050 1207 1111 1235 ~Ubi
1124 1212 1152 1234 ct
1163 1208 1289 1234 meminit
1300 1207 1422 1242 epistola
1436 1208 1524 1234 Procli
1537 1208 1570 1234 ad
1581 1208 1713 1236 Armenes
1723 1209 1761 1236 de»

965 1261 998 1281 ea
1020 1261 1049 1280 re
1076 1253 1205 1289 scriptae:
1234 1263 1243 1279 ‹
1268 1254 1331 1281 limo
1350 1254 1434 1281 sentit
1453 1254 1607 1286 nobiscum,
1628 1265 1637 1280 ι
1657 1256 1755 1290 inquit,

969 1309 979 1324 ι
998 1299 1200 1326 amantissimus
1214 1298 1317 1326 Christi
1335 1303 1491 1327 sanctorum
1515 1300 1626 1326 Patrum
1644 1300 1755 1332 chorus.

965 1348 993 1372 et
1006 1344 1119 1372 Proclus
1132 1345 1199 1379 ipse,
1214 1344 1261 1379 qui
1276 1352 1350 1371 nunc
1363 1349 1463 1372 sancite
1473 1344 1755 1380 Constantinopolita—

965 1398 1007 1417 nae
1035 1390 1163 1418 Ecclesia:
1182 1391 1311 1418 thronum
1341 1390 1456 1417 adornat
1484 1391 1706 1426 religiosissimus
1728 1396 1756 1418 et

965 1435 1152 1471 pientissimus
1165 1435 1245 1463 Pater
1261 1440 1288 1463 et
1299 1436 1487 1471 cocpiscopus.
1508 1436 1623 1471 Scripsit
1639 1437 1711 1464 enim
1728 1442 1756 1464 ct

966 1482 1024 1518 ipse
1036 1482 1070 1509 ad
1080 1482 1228 1509 orientales
1238 1482 1377 1517 piissimos
1388 1482 1531 1517 episcopos
1541 1482 1570 1509 in
1581 1483 1640 1510 haec
1652 1483 1734 1510 verba
1747 1504 1753 1509 .

969 1538 977 1554 ι
1001 1529 1035 1555 Et
1049 1528 1207 1556 incarnatus
1217 1528 1327 1563 quidem
1340 1531 1392 1559 est,
1409 1537 1417 1552 ι
1432 1531 1486 1555 etc.
1501 1528 1595 1555 Exstat
1609 1536 1641 1556 ea
1655 1529 1755 1563 episto-

964 1574 988 1600 la
1006 1574 1032 1600 in
1055 1573 1223 1601 Bibliotheca
1245 1573 1357 1600 Patrum
1382 1573 1478 1601 Latine
1495 1581 1572 1601 versa
1595 1582 1609 1600 a
1627 1574 1755 1609 Dionysio

964 1622 1077 1656 Exiguo,
1105 1621 1248 1648 occasione
1276 1620 1398 1656 ejusdem
1423 1620 1616 1647 controversia».
1645 1628 1755 1648 rursum

965 1669 1085 1700 tempore
1102 1672 1153 1692 suo
1166 1665 1303 1691 suscitata:
1319 1669 1430 1698 propter
1446 1664 1498 1690 tria
1510 1664 1629 1698 capitula
1645 1665 1755 1693 concilii

963 1709 1204 1740 Chalcedonensis,
1214 1716 1275 1742 quae
1287 1709 1396 1736 tandem
1411 1709 1532 1736 Ecclesia
1547 1709 1670 1742 rescidit,
1684 1718 1755 1745 quo-

965 1763 1026 1782 rum
1044 1763 1128 1781 unum
1143 1757 1203 1781 erat
1216 1754 1250 1780 de
1264 1753 1387 1788 ejusdem
1399 1754 1536 1781 Theodori
1550 1755 1668 1790 scriptis.
1685 1756 1754 1784 Suc-

964 1805 1085 1827 cesserat
1116 1807 1198 1834 porro
1224 1799 1386 1827 Maximiano
1413 1800 1544 1827 defuncto
1571 1800 1599 1827 S.
1628 1801 1753 1834 Proclus,

963 1845 1066 1879 Aspare
1078 1849 1105 1872 et
1119 1844 1273 1872 Areobinda
1289 1852 1373 1877 coss,
1394 1853 1438 1872 an.
1458 1845 1522 1872 Chr.
1537 1846 1600 1878 454,
1623 1846 1657 1873 ad
1676 1847 1755 1882 cujus

964 1891 1047 1918 vitam
1066 1898 1127 1918 xxiv
1145 1890 1256 1918 Octobr.
1270 1890 1347 1925 plura
1369 1890 1403 1918 de
1422 1891 1473 1918 hac
1494 1892 1681 1919 controversia
1710 1892 1754 1919 di-

964 1939 1071 1962 centur.

999 1990 1042 2019 69.
1063 1992 1220 2026 Apostolica
1236 1992 1397 2020 auctoritate
1415 1992 1544 2028 Cyrillum
1562 1993 1694 2021 restitisse
1707 1994 1754 2021 ,1η-

963 2036 1051 2063 vcnali
1066 2037 1194 2072 episcopo
1213 2037 1457 2072 Hierosolymitano
1476 2037 1621 2072 primatum
1635 2038 1754 2065 Palaesti-

963 2089 1005 2108 nw
1019 2081 1156 2109 aﬁectanti
1168 2081 1224 2117 (qui
1236 2086 1263 2109 et
1276 2082 1384 2109 tandem
1396 2082 1434 2108 illi
1451 2082 1508 2108 sedi
1521 2082 1646 2115 collatus)
1659 2082 1754 2109 scribit

964 2127 992 2155 S.
1010 2127 1065 2154 Leo
1081 2135 1151 2162 papa
1165 2128 1245 2162 epist.
1258 2128 1301 2159 6‘2.
1318 2128 1358 2155 Ad
1372 2127 1517 2154 Maximum
1533 2130 1679 2163 episcopum
1697 2129 1753 2155 Au-

964 2173 1108 2199 (ioc/101mm
1126 2180 1134 2198 :
1152 2182 1161 2197 ‹
1189 2172 1218 2198 in
1239 2172 1376 2207 Ephesina
1400 2172 1513 2206 synodo,
1532 2182 1540 2197 ι
1560 2173 1657 2207 inquit,
1679 2183 1687 2197 ι
1704 2174 1753 2200 Ju-

128 2216 205 2244 Idcm
218 2218 394 2245 orientalium
411 2219 615 2253 episcoporum,
629 2224 657 2247 οι
670 2227 719 2246 sua
738 2219 855 2254 capitula
868 2229 914 2248 οχ-
930 2216 950 2242 li
965 2217 1068 2244 venalis
1081 2217 1226 2252 episcopus
1237 2216 1270 2243 ad
1286 2216 1465 2243 obtinendum
1480 2217 1630 2244 Palaestina:
1643 2218 1754 2253 provin-

126 2268 252 2297 ponente,
271 2271 322 2298 pax
332 2268 361 2291 et
373 2264 463 2292 unitas
482 2265 615 2292 Eeclesiis
636 2265 741 2292 reddita
755 2271 806 2292 est.
818 2266 847 2292 ln
861 2274 914 2301 qua

126 2315 188 2342 pace
215 2308 351 2343 gaudente
379 2309 510 2342 Ecclesia,
536 2310 663 2337 inimicus
690 2311 775 2345 pacis,
800 2312 914 2351 ajnnlus

127 2354 246 2386 unitatis,
257 2363 311 2382 non
323 2352 428 2390 quievit
440 2356 571 2384 adversus
582 2365 642 2384 eam
656 2364 767 2384 movere
779 2365 842 2384 vasa
854 2366 912 2391 sua,

126 2404 151 2426 et
175 2402 393 2435 superseminare
417 2403 520 2430 zizania
536 2411 543 2435 ;
560 2412 569 2428 ι
600 2411 661 2438 qute
689 2408 800 2438 propter
830 2403 914 2431 libros

126 2445 260 2474 Theodori
296 2447 477 2482 Mopsucstcni
492 2453 520 2475 et
536 2448 647 2475 Diodori
665 2448 806 2476 Tarsensis
821 2453 913 2476 exorta

126 2496 195 2519 sunt.
215 2492 264 2524 Ea,
275 2493 340 2527 quia
355 2494 388 2521 ad
400 2493 428 2520 S.
438 2493 569 2529 Cyrillum
585 2495 629 2522 vix
641 2495 768 2526 attinent,
786 2494 838 2522 hoc
853 2495 914 2524 loco

126 2539 292 2571 omittimus;
307 2541 456 2574 prasertim
469 2542 541 2576 quod
556 2542 601 2569 illa
615 2541 734 2569 Liberati
745 2541 852 2569 diaconi
868 2542 914 2569 Hi-

126 2585 205 2611 storia
229 2585 303 2612 haud
329 2593 523 2621 usquequaque
549 2586 629 2613 fidem
656 2591 803 2619 mereatur,
822 2587 868 2622 qui
885 2591 913 2614 et

128 2629 173 2655 lria
193 2630 322 2664 capitula,
341 2629 374 2657 de
386 2631 495 2666 scriptis
508 2631 701 2666 Mopsuesleni,
721 2632 774 2659 lbre
785 2632 910 2667 cpistola,

126 2683 154 2701 ac
165 2675 329 2703 Theodoreti
345 2680 439 2704 contra
452 2676 583 2713 Cyrillum
596 2678 810 2709 commentariis,
825 2686 839 2705 a
855 2678 912 2705 Ro-

127 2727 203 2747 mano
223 2720 307 2747 etiam
333 2721 461 2755 pontiﬁce
485 2722 540 2756 jam
567 2721 703 2754 damnata,
734 2722 912 2757 pervicaciter

125 2771 183 2791 cum
195 2766 256 2793 aliis
272 2766 408 2794 Africanis
422 2768 522 2794 tuenda
532 2768 693 2802 susceperit,
709 2772 789 2803 atque
803 2768 911 2796 incaute

126 2818 155 2837 ex
173 2811 289 2846 epistola
303 2819 318 2838 a
334 2813 462 2847 quopiam
485 2813 646 2841 Nestoriano
668 2813 718 2840 sub
736 2813 845 2840 nomine
859 2812 911 2849 Cy-

126 2855 173 2882 rilli
188 2857 220 2884 ad
231 2857 366 2884 Joannem
385 2857 585 2887 Antiocbenum
600 2859 729 2890 conficta,
746 2864 805 2891 quae
819 2863 911 2887 narrat

965 2263 1013 2290 eia:
1028 2263 1211 2297 principatum
1225 2270 1254 2290 se
1269 2262 1385 2289 credidit
1398 2270 1475 2297 posse
1493 2262 1627 2294 suiﬁcere,
1641 2268 1668 2290 et
1681 2263 1754 2290 inso-

964 2308 1052 2336 lentes
1063 2317 1145 2336 ausus
1160 2316 1208 2343 per
1218 2308 1405 2344 eornmentitia
1420 2308 1519 2343 scripta
1539 2308 1646 2336 ﬁrmare
1661 2318 1666 2335 :
1680 2309 1752 2344 quod

965 2359 1065 2382 sancite
1080 2354 1218 2381 memoria:
1233 2353 1350 2390 Cyrillus
1365 2354 1563 2381 Alexandrinus
1577 2355 1674 2382 merito
1688 2363 1752 2390 per—

965 2398 1136 2431 horrescens,
1150 2399 1258 2434 scriptis
1273 2399 1330 2426 suis
1345 2399 1422 2430 mihi,
1438 2400 1511 2434 quod
1527 2400 1655 2433 pnedicta
1674 2401 1752 2435 cupi-

964 2445 1035 2473 ditas
1052 2453 1117 2472 ausa
1137 2446 1181 2478 sit,
1197 2446 1346 2480 judicavit;
1362 2450 1389 2473 et
1405 2445 1519 2472 sollicita
1538 2453 1619 2479 prece
1635 2447 1751 2474 nmltum

964 2492 1106 2527 poposcit,
1130 2495 1161 2519 ut
1182 2492 1276 2519 nullus
1304 2491 1407 2519 illicitis
1432 2491 1577 2518 conatibus
1598 2493 1753 2526 praebeatur

964 2546 1100 2566 assensus.
1118 2548 1127 2561 ⁵

999 2584 1041 2611 70.
1055 2584 1147 2620 Cyrilli
1164 2585 1289 2612 doctrina
1306 2591 1321 2610 a
1341 2582 1443 2610 sanctis
1455 2584 1581 2612 Patribus
1595 2590 1753 2612 reverenter

964 2635 1091 2665 suscepta
1113 2638 1144 2658 ac
1158 2630 1266 2657 laudata
1285 2633 1336 2656 est.
1350 2628 1462 2664 Magnus
1477 2630 1649 2665 Euthymius,
1672 2635 1701 2657 ut
1719 2638 1753 2657 xx

963 2675 1084 2703 Januarii
1106 2676 1135 2702 in
1156 2675 1214 2710 ejus
1228 2675 1289 2702 Vita
1309 2674 1418 2707 dicitur,
1443 2683 1519 2702 num.
1542 2675 1585 2706 75,
1601 2675 1753 2702 calumnias

963 2725 1056 2747 contra
1071 2721 1203 2755 synodum
1224 2721 1475 2748 Clialcedonenscm
1499 2720 1686 2752 aversabatur,
1702 2721 1752 2748 hac

963 2766 1034 2793 inter
1052 2766 1118 2792 alias
1134 2766 1249 2794 adducta
1263 2766 1369 2793 ratione
1384 2775 1390 2793 :
1407 2776 1415 2791 t
1432 2765 1562 2801 Cyrillum
1581 2765 1752 2792 Alexandria

962 2812 1120 2846 episcopum
1139 2812 1259 2846 synodus
1273 2812 1325 2839 sibi
1343 2811 1475 2846 adjungit,
1499 2817 1628 2845 tanquam
1648 2811 1695 2845 qui
1716 2811 1752 2838 sit

961 2857 1084 2891 ejusdem
1097 2857 1256 2887 sententiae:
1275 2863 1303 2885 et
1318 2862 1399 2885 rect-te
1415 2858 1558 2885 sententiae
1577 2857 1678 2884 fatetur
1691 2863 1751 2883 esse
