3998 6304
544 433 614 487 ιδ
1772 431 2056 489 NOTITIA
2096 433 2189 488 EX
2230 431 2562 489 FABRICIO.
3739 424 3803 479 's-I

544 544 774 608 laudat.,
809 559 930 614 cap.
959 544 1010 607 I,
1043 543 1069 613 §
1100 543 1143 599 II
1167 584 1180 607 ,
1220 559 1272 614 ρ.
1325 559 1361 608 ι,
1400 543 1672 614 imprimis
1706 560 1825 615 cap.
1862 546 1914 613 8,
1949 562 2005 599 ιι.
2034 545 2122 610 48,

2228 546 2346 601 Cat.
2400 546 2548 599 codd.
2581 544 2673 601 Cr.
2717 543 2904 607 Laur.,
2941 543 2980 605 1,
3014 557 3067 611 p.
3101 540 3225 604 505,
3258 550 3315 594 et
3340 536 3713 595 Montfaucon.
3745 539 3800 592 in

543 649 664 705 pag.
705 650 866 688 xu'm
895 648 1013 705 sqq.
1052 632 1215 687 11Αιιι..

612 725 849 796 Cyrillus
864 725 1237 796 jurisperitus,
1263 740 1424 794 quem
1450 725 1592 780 inter
1607 725 1926 780 scholiastas
1946 728 2123 780 Βασιο

541 816 729 871 ,ιικῶν
755 815 1074 870 memorabo
1111 814 1273 880 infra,
1312 815 1454 869 libro
1484 830 1556 869 VI.

608 908 868 979 Cyrillus,
908 909 1074 963 lauru:
1113 908 1170 965 S.
1216 907 1371 963 Saba:
1404 907 1713 979 presbyter,
1772 907 1868 977 qui
1905 908 2125 979 scripsit

526 1000 860 1054 -Encomium
905 998 963 1054 8.
1013 999 1283 1070 Theognii,
1321 1010 1515 1054 asccta:
1543 1009 1601 1055 et
1642 998 1885 1069 episcopi
1934 1000 2119 1071 Cypri.

545 1090 743 1159 Incipit
769 1108 782 1145 :
816 1090 1068 1158 Θεόγνιος
1090 1092 1118 1143 ὁ
1148 1090 1524 1160 πανεύφημος.

604 1181 869 1252 [Cyrinus
913 1180 1183 1246 Lesbius,
1232 1181 1544 1251 patriarcha
1593 1181 1901 1244 CPolitan.,
1958 1197 2122 1251 quem

539 1274 622 1327 sui
654 1272 918 1342 aequalem
943 1272 1255 1327 Demetrius
1288 1272 1592 1343 Procopius
1610 1271 1688 1326 De
1719 1273 1939 1326 eruditis
1972 1273 2121 1329 Cra:-

528 1367 631 1429 eis,
660 1364 842 1418 virum
878 1363 1264 1418 doctissimum
1302 1372 1359 1418 et
1392 1363 1663 1434 imprimis
1709 1365 1863 1435 pium
1912 1364 2120 1421 laudat.

538 1459 600 1514 ν.
639 1456 852 1513 Fabric.
886 1457 997 1511 vol.
1024 1450 1115 1520 XI,
1147 1472 1269 1527 pag.
1292 1456 1416 1520 790,
1457 1438 1694 1527 gum.
1729 1455 1923 1528 IIAItL.]

603 1549 844 1621 Cyrillus
920 1547 1189 1612 Lucaris,
1256 1562 1322 1601 ex
1374 1546 1747 1601 Alexandrino
1810 1545 2121 1616 patriarcha

536 1637 1201 1708 Constantinopolitanus,
1251 1637 1624 1708 strangulatus
1656 1652 1800 1691 anno
1851 1636 2022 1702 1658;
2053 1635 2122 1690 de

536 1750 647 1803 quo
668 1733 925 1789 consules
947 1731 1152 1785 librum
1183 1747 1195 1783 :
1230 1729 1454 1799 Défense
1479 1728 1541 1782 de
1575 1727 1627 1782 la
1659 1729 1952 1799 perpétnité
1975 1728 2037 1780 de
2069 1727 2122 1780 la

537 1824 631 1893 foi,
658 1823 830 1877 Paris.
860 1818 1130 1884 1709,12,
1162 1826 1217 1873 et
1242 1817 1524 1873 Memoriae
1553 1816 1842 1871 litterarias
1867 1815 2120 1870 Trevolti—

538 1930 634 1967 nas
669 1911 796 1967 anni
828 1910 997 1974 1710,
1030 1926 1085 1979 p.
1131 1908 1233 1964 626
1275 1923 1390 1977 seq.
1445 1908 1552 1963 Sed
1597 1915 1656 1963 et
1697 1908 2077 1978 Hottingerum
2103 1948 2117 1971 ,

537 2002 732 2055 Thom.
754 2000 1027 2056 Smithum
1046 1999 1315 2068 aliosque,
1335 1998 1576 2053 citatosa
1602 2013 1689 2053 me
1717 1997 1815 2052 lib.
1834 2014 1887 2061 ν,
1920 2013 2037 2068 cap.
2062 1999 2115 2061 5,

534 2109 587 2163 ιι.
613 2090 715 2147 719
732 2091 943 2163 [primae
956 2090 1088 2144 edit.
1109 2090 1218 2143 vol.
1237 2090 1303 2143 VI
1316 2088 1349 2160 Ι.
1369 2089 1663 2143 ἘΑιιιι.-1ιι
1679 2089 1815 2143 bibl.
1838 2088 2120 2144 Leidensis

523 2184 729 2248 Cata'L,
753 2199 808 2252 p.
839 2182 963 2245 526,
996 2197 1053 2234 ιι.
1077 2180 1167 2242 26,
1186 2181 1330 2233 inter
1352 2179 1513 2234 codd.
1538 2188 1919 2234 memorantur
1931 2177 2118 2250 Cyrilli

534 2273 858 2345 patriarchae
883 2287 1008 2341 epp.
1032 2270 1175 2334 XIV,
1206 2269 1274 2324 ad
1306 2269 1496 2324 David.
1533 2268 1603 2324 de
1646 2269 1890 2323 Willem.
1919 2299 1988 2307 —
2011 2267 2117 2323 Co-

533 2366 623 2437 pia
650 2364 1014 2435 epistolarum
1038 2360 1251 2433 Cyrilli,
1289 2362 1616 2431 patriarchae
1643 2360 1830 2423 CPol.,
1867 2359 1934 2414 ad
1956 2375 2117 2414 sena-

536 2464 705 2520 tores,
737 2456 1015 2518 doctores,
1064 2451 1368 2516 ministros,
1409 2461 1543 2517 etc.,
1576 2451 1923 2507 Cenevenses
1946 2467 1962 2516 ;
1989 2450 2118 2505 item

533 2547 602 2600 ad
629 2546 919 2601 Diodatum
939 2551 996 2597 et
1025 2542 1152 2597 Ant.
1184 2541 1358 2613 Leger
1381 2558 1397 2607 ;
1441 2541 1731 2596 Confessio
1755 2540 1881 2596 lidei
1896 2540 2119 2611 propria

532 2638 721 2709 Cyrilli
759 2652 922 2690 manu
949 2634 1283 2705 conscripta,
1319 2648 1509 2689 mense
1534 2632 1758 2688 Januar.
1785 2648 1836 2687 a.
1864 2632 2022 2687 1651.
2048 2662 2120 2672 --

534 2730 664 2799 Pag.
690 2728 823 2791 512,
857 2743 915 2783 ιι.
948 2725 1381 2792 67,σ(;ι’ίε(·οιιιιιι
1420 2725 1713 2790 confessio,
1750 2740 1783 2780 a
1819 2724 2025 2796 Cyrillo
2061 2724 2118 2778 in

542 2818 788 2889 margine
824 2816 1027 2887 passim
1050 2815 1359 2870 emendata.
1384 2836 1452 2900 -\-'—
1474 2815 1535 2870 In
1567 2814 1686 2870 Cat.
1711 2815 1859 2870 codd.
1887 2814 2116 2886 Anglice,

533 2914 665 2973 etc.,
708 2917 841 2963 tom.
880 2908 948 2971 ll,
999 2924 1056 2978 p.
1092 2907 1184 2971 57,
1220 2923 1277 2960 ιι.
1324 2905 1479 2971 1505,
1528 2906 1672 2960 inter
1706 2905 1867 2961 codd.
1900 2905 2120 2962 comitis

534 3000 804 3068 Denbigh.
860 2998 1106 3054 Relation
1157 2999 1220 3068 of
1253 2999 1337 3052 the
1405 2998 1661 3069 practices
1705 2997 1768 3067 of
1805 2999 1889 3051 the
1923 2995 2117 3052 Jesuits

536 3094 748 3163 against
781 3089 1033 3161 Cyrillus,
1065 3091 1337 3162 patriarch
1366 3089 1427 3161 of
1446 3088 1606 3154 CPle,
1628 3088 1737 3143 and
1764 3089 1849 3142 the
1872 3104 2030 3142 cause
2063 3088 2124 3157 of

524 3182 670 3237 “their
700 3180 1051 3234 banishment.
1084 3180 1251 3234 IIABL.

586 3271 840 3344 Cyrillus
869 3239 1090 3344 Martyi,
1116 3269 1467 3327 Cretensium
1490 3270 1810 3341 episcopus,
1843 3271 2004 3342 cujus
2037 3269 2121 3324 Vi-

536 3376 676 3429 tam,
701 3365 773 3420 ab
793 3365 1081 3435 Anonymo
1096 3363 1346 3418 Cretensi
1376 3362 1656 3433 scriptam,
1675 3361 1870 3417 habuit
1889 3360 2123 3416 Allatius

538 3454 643 3511 hoc
680 3456 879 3512 initio:
921 3455 1011 3518 Ὠς
1056 3452 1123 3508 ἂν
1156 3453 1231 3525 μὴ
1265 3455 1358 3507 τὸν
1388 3454 1545 3525 λόγον
1594 3454 1940 3526 ἀνάρμοστον
1985 3451 2123 3523 πρὸς

540 3545 639 3614 τὴν
673 3544 925 3615 διήγησιν
958 3542 1235 3613 ἐσόμενον.
1270 3542 1357 3615 [ν.
1389 3543 1501 3599 vol.
1540 3542 1634 3607 IX,
1670 3559 1726 3614 p.
1767 3542 1836 3598 70
1863 3550 1975 3598 vet.
2004 3539 2121 3611 ed.]

608 3633 865 3707 [Cyrinus
883 3631 1126 3689 Medicus
1148 3634 1354 3704 (V.vol.
1380 3632 1521 3698 XIII,
1551 3649 1605 3703 p.
1632 3633 1774 3702 154).
1806 3633 1981 3698 Alius,
2009 3647 2122 3686 me-

541 3727 796 3797 trOpoIita
832 3725 1105 3792 Nicaeuus,
1156 3741 1211 3780 a.
1258 3725 1413 3781 1675.
1467 3724 1530 3779 V.
1582 3724 1690 3778 vol.
1742 3723 1878 3787 VIII,
1928 3738 1979 3793 p.
2028 3721 2117 3776 91.

538 3815 733 3889 iisne]

604 3928 889 4003 {Cyrillus,
923 3930 1216 4001 episcopus
1254 3929 1565 3985 Satalorum
1596 3928 1683 3982 vel
1725 3942 1895 3997 prope
1940 3925 2121 3982 Satala

539 4024 595 4078 in
642 4022 929 4087 Armenia,
986 4023 1143 4095 cujus
1188 4021 1441 4076 meminit
1495 4018 1730 4074 Basilius
1781 4019 1940 4089 epist.
1986 4018 2118 4083 187,

538 4131 593 4187 p.
634 4114 761 4181 202,
795 4124 851 4170 et
887 4113 1071 4170 forsan
1104 4114 1270 4169 etiam
1310 4112 1472 4183 epist.
1508 4110 1598 4176 58,
1641 4125 1696 4180 p.
1729 4109 1815 4164 86.
1854 4109 2018 4163 Plura
2052 4109 2121 4165 de

537 4221 606 4262 eo
650 4205 949 4276 disputavit
989 4203 1220 4260 Touttée
1274 4203 1330 4257 in
1365 4202 1549 4257 diss.1
1593 4199 1887 4271 Cyrilliana
1931 4199 2117 4264 citata,

538 4314 593 4368 p.
640 4313 656 4351 ι
687 4304 744 4352 et
769 4312 829 4361 ιι,
857 4294 954 4350 ubi
992 4308 1212 4365 quoque
1242 4291 1481 4364 Cyrillus
1509 4289 1855 4356 Gortinensis,
1891 4298 1949 4346 et
1979 4290 2122 4345 alius

539 4387 765 4441 incertae
798 4385 856 4439 in
883 4383 1059 4456 Syria,
1089 4393 1152 4439 ut
1179 4381 1420 4446 videtur,
1449 4379 1597 4437 sedis
1623 4379 1912 4451 episcopus
1939 4396 1989 4436 a.
2018 4379 2122 4436 579

539 4479 624 4535 vel
653 4478 758 4533 580
785 4476 1163 4533 nominantur.
1196 4474 1394 4547 Hann]

2226 635 2511 700 Analectis,
2571 650 2624 704 p.
2687 634 2776 698 67,
2829 642 2992 703 atque
3047 632 3103 686 in
3157 631 3341 686 Diario
3388 630 3541 696 Ital.,
3600 646 3655 700 p.
3712 630 3800 684 52.

2228 728 2550 886 ﬂgiti-illus,
2582 813 2934 868 Trevirorum
2975 815 3266 884 episcopus
3291 814 3440 868 circa
3481 812 3545 867 A.
3584 812 3645 868 C.
3679 810 3803 875 158,

2224 903 2291 958 de
2320 918 2431 973 quo
2461 905 2593 960 Acta
2627 902 2872 960 Sanctor.
2907 904 2973 959 19
3003 904 3148 969 Maii,
3182 913 3221 958 t.
3253 903 3342 966 IV,
3375 918 3430 972 p.
3466 902 3591 956 551.

2264 1057 2365 1114 III.
2411 1054 2639 1133 Cyrilli
2667 1072 2921 1133 operum
2952 1053 3132 1115 codd.
3163 1071 3307 1113 mss.
3347 1061 3403 1113 et
3436 1051 3762 1113 editiones.

2298 1198 2383 1270 [ν.
2415 1198 2700 1253 Fabricius
2727 1198 2802 1253 De
2826 1199 3070 1270 scriptor.
3113 1198 3177 1251 de
3212 1199 3361 1252 verit.
3400 1196 3548 1268 relig.
3585 1194 3806 1262 Christ.,

2224 1305 2343 1360 cap.
2369 1290 2425 1355 2,
2458 1289 2485 1361 §
2513 1289 2701 1354 XXVI,
2732 1306 2788 1360 p.
2826 1290 2943 1344 104.
2981 1288 3182 1361 Ilum]

2196 1412 2233 1428 κ
2296 1378 2562 1451 [Primum
2605 1380 2903 1434 nonnullos
2958 1378 3119 1432 codd.
3181 1380 3437 1451 (quorum
3481 1390 3673 1446 magna
3720 1374 3807 1430 vis

2223 1449 2347 1541 est)
2383 1469 2568 1542 Cyrilli
2616 1468 2770 1523 Alex.
2824 1468 3168 1534 memorabo;
3219 1449 3469 1522 notitiam
3499 1467 3805 1522 inultorum

2223 1563 2453 1617 aliorum
2486 1562 2602 1616 suis
2631 1561 2769 1616 locis
2803 1560 3058 1615 inseram.

2294 1652 2607 1707 Secundum
2641 1650 2879 1706 Μοιῑὶιωί
2918 1650 3082 1705 Notit.
3131 1651 3280 1706 codd.
3323 1650 3416 1707 Cr.
3480 1650 3802 1719 Hosquens.,

2224 1760 2277 1815 p.
2305 1744 2367 1798 21
2404 1754 2458 1799 et
2485 1744 2574 1809 22,
2605 1744 2659 1797 in
2686 1743 2808 1798 cod.
2844 1743 3318 1821 Xlll,_fragmenta
3360 1744 3698 1813 plura.-~P.
3733 1743 3806 1796 28

2224 1851 2330 1906 sq.,
2366 1835 2422 1891 in
2454 1835 2577 1890 cod.
2608 1834 2751 1900 XIX,
2782 1835 2836 1888 in
2872 1844 3065 1897 catena
3107 1834 3327 1888 Patrum
3370 1834 3424 1888 in
3465 1833 3703 1889 Genesin
3747 1846 3809 1889 et

2155 1888 2196 1942 Β
2603 1888 2667 1981 Ρ.
2688 1888 2757 1982 55
2781 1933 2838 1981 et
2864 1888 2952 1991 56,
2979 1925 3034 1979 in
3051 1918 3181 1979 'cod.
3210 1924 3375 1980 XXIV
3405 1940 3450 1980 s.
3480 1888 3673 1980 catena
3698 1888 3804 1980 Pa;

2222 2028 2369 2073 trum
2412 2019 2468 2073 in
2518 2018 2735 2083 Isaiam,
2763 2028 2820 2074 et
2849 2033 2903 2088 p.
2937 2018 3027 2083 56,
3059 2018 3114 2072 in
3141 2016 3264 2072 cod.
3305 2016 3447 2072 XXV
3491 2032 3535 2071 s.
3588 2016 3809 2072 diversa

2220 2123 2251 2162 a
2271 2109 2550 2179 superiore
2575 2119 2768 2164 catena
2797 2109 2853 2163 in
2881 2108 3097 2163 Isaiam.

2288 2201 2347 2255 In
2376 2200 2512 2255 bibl.
2545 2200 2912 2257 Escorialensi
2946 2201 3113 2271 regia,
3145 2208 3283 2256 teste
3314 2201 3514 2255 Piucro
3541 2201 3596 2253 in
3634 2198 3807 2253 Itine—

2221 2293 2364 2346 rario
2392 2309 2485 2363 per
2511 2292 2759 2364 Hispan.,
2798 2308 2852 2363 p.
2894 2291 2996 2346 165
3020 2308 3104 2362 sq.
3143 2290 3290 2362 (coll.
3332 2291 3626 2345 Montfauc.
3660 2289 3804 2345 Bibl.

2219 2382 2342 2437 bibl.
2372 2400 2524 2449 mss.,
2558 2383 2601 2447 I,
2632 2399 2687 2453 p.
2719 2382 2823 2437 618
2849 2380 2981 2452 sq.),
3012 2390 3141 2436 sunt
3180 2381 3330 2435 varia
3373 2379 3652 2449 multaque
3695 2376 3807 2451 Cy-

2221 2472 2328 2526 riIli
2349 2470 2489 2542 Opp.
2516 2471 2629 2526 Hoc
2651 2471 2774 2525 loco
2790 2478 3001 2525 tantum
3023 2466 3316 2522 memorari
3343 2466 3508 2520 liceat
3538 2485 3548 2517 ;
3577 2465 3618 2518 Ι.
3644 2463 3807 2519 Lexi-

2220 2585 2316 2621 con
2348 2567 2674 2639 particulare
2696 2582 2760 2620 ex
2794 2563 2983 2637 Cyrilli
3014 2562 3147 2634 Opp.
3175 2578 3293 2616 cum
3333 2560 3641 2615 dictionibus
3666 2560 3807 2613 divi-

2221 2677 2305 2715 na:
2351 2659 2641 2731 Scriptura:
2686 2675 2780 2731 per
2809 2657 3005 2712 Anton.
3045 2654 3436 2726 philosOphum;
3465 2651 3520 2705 2.
3555 2650 3809 2707 Collectio

2220 2750 2508 2803 dictionum
2532 2765 2596 2803 ea:
2625 2749 2787 2803 rariis
2828 2745 2973 2800 libris
3000 2744 3057 2798 V.
3090 2761 3151 2798 ac
3178 2743 3246 2798 N.
3287 2743 3419 2797 Test.
3457 2759 3549 2796 nec
3574 2758 3677 2796 non
3708 2759 3808 2796 ea:-

2220 2851 2385 2898 terna:
2431 2842 2737 2911 scriptum;
2788 2838 2841 2892 5.
2885 2835 3035 2921 Quod
3083 2851 3188 2889 non
3244 2842 3483 2904 oporteat
3531 2833 3809 2903 deﬁnitam

2218 2932 2377 3002 fidem
2422 2949 2454 2986 α
2499 2929 2598 2986 SS.
2647 2929 2758 2984 PP.
2812 2930 2869 2982 in
2924 2927 3142 2982 Nicazna
3186 2926 3385 2998 synodo
3450 2942 3807 2993 commovere;

2219 3024 2272 3077 4.
2291 3022 2477 3095 Cyrilli
2504 3022 2608 3091 (vel
2626 3020 2764 3075 forte
2786 3016 3032 3090 alterius)
3049 3018 3104 3072 in
3123 3017 3364 3083 Genesin,
3386 3017 3468 3072 vel
3478 3018 3557 3072 De
3574 3019 3807 3075 historiis

2222 3116 2406 3170 veteris
2447 3112 2737 3183 Scriptum
2772 3128 2891 3165 cum
2916 3111 3128 3182 synopsi
3162 3108 3478 3181 particulari
3504 3109 3567 3163 de
3603 3110 3806 3165 theolo-

2221 3204 2307 3274 gia
2338 3212 2389 3258 et
2418 3203 2482 3256 de
2515 3202 2734 3255 historia
2768 3202 2966 3267 veteri;
3011 3201 3065 3255 5.
3097 3216 3162 3255 ex
3197 3199 3359 3265 libro,
3411 3201 3568 3271 cujus
3606 3201 3807 3256 inscri—

2224 3294 2340 3364 ptio
2373 3304 2457 3348 est
2489 3311 2501 3346 :
2544 3291 2934 3347 Demonstratio
2965 3304 3069 3363 per‘
3089 3308 3153 3346 ea
3198 3308 3316 3363 qua:
3341 3293 3631 3363 antiquitus
3660 3293 3806 3364 facta

2220 3396 2363 3450 sunt,
2400 3386 2575 3439 divina
2604 3384 2822 3439 oracula
2868 3382 2965 3467 SS.
3014 3386 3240 3451 vatibus,
3277 3387 3627 3457 patriarchis,
3658 3395 3804 3452 etc.;

2221 3475 2276 3530 6.
2299 3474 2374 3528 De
2394 3473 2705 3529 adoratione
2728 3482 2778 3527 dt
2809 3473 2953 3528 cultu
2975 3475 3030 3527 in
3051 3472 3252 3545 Spiritu
3283 3485 3465 3529 sancto
3501 3484 3550 3529 et
3586 3476 3810 3531 veritate

2222 3567 2292 3621 ad
2344 3564 2657 3621 Palladium
2705 3565 2825 3619 libri
2864 3565 3031 3631 XVII,
3083 3583 3176 3637 per
3219 3566 3417 3637 dialogi
3466 3567 3697 3631 modum,
3754 3575 3808 3620 et

2222 3658 2579 3730 apologeticus
2606 3674 2703 3730 pro
2738 3657 2839 3713 XII
2868 3675 3049 3729 capp.;
3077 3661 3130 3713 7.
3167 3659 3232 3713 In
3265 3660 3565 3713 ascensione
3592 3659 3809 3714 Domini

2162 3792 2172 3801 .
2220 3761 2270 3805 et
2300 3752 2362 3806 de
2393 3754 2609 3821 mystico
2649 3751 2875 3821 prandio
2912 3768 2975 3805 ac
3007 3751 3262 3817 lavacro;
3294 3751 3345 3806 8.
3381 3752 3708 3807 Acclamatio
3735 3754 3809 3807 ad

2219 3840 2406 3910 imper.
2444 3840 2805 3903 Theodosium,
2857 3849 2908 3893 et
2954 3856 3018 3894 ea:
3064 3841 3505 3910 confutationibus
3558 3843 3807 3898 adversus

2219 3928 2495 3984 lulianum
2515 3929 2849 3999 Apostatam,
2866 3928 3116 3981 sectiones
3140 3926 3205 3992 X,
3232 3927 3352 3981 libri
3372 3928 3429 3982 11
3443 3946 3462 3993 ;
3484 3929 3536 3983 9.
3572 3928 3804 3984 Demon-

2222 4022 2408 4075 stratio
2451 4020 2514 4074 de
2546 4020 2874 4091 processione
2912 4016 3142 4089 Spiritus
3184 4020 3391 4084 sancti;
3430 4020 3515 4073 10.
3558 4020 3807 4091 Epistola

2221 4113 2476 4166 canonica
2519 4112 2589 4166 ad
2631 4109 2914 4164 Dominum
2963 4108 3312 4181 (Domuum?)
3359 4119 3409 4164 et
3442 4113 3707 4184 episcopos
3749 4116 3810 4169 in
3872 4140 3882 4146 -

2222 4203 2407 4259 Libua.

2317 4220 2334 4256 1
2392 4242 2407 4257 ο

2291 4220 2629 4350 r’V’ii'idobona:
2662 4294 2718 4349 in
2754 4294 2890 4350 bibl.
2931 4292 3199 4359 Caesarea,
3231 4294 3559 4351 voluminib.
3591 4296 3680 4363 Ill,
3710 4296 3806 4363 IV,

2221 4388 2287 4453 V,
2316 4386 2385 4443 VI
2418 4396 2476 4443 et
2506 4386 2644 4451 VIII,
2687 4386 2776 4442 ed.
2812 4385 3069 4441 Lambec.
3108 4384 3337 4451 Comm,
3377 4388 3635 4457 permulti
3685 4403 3801 4444 ser-

2220 4485 2422 4533 vantur
2450 4476 2611 4532 codd.
2650 4477 2706 4532 in
2745 4477 2949 4547 quibus
2994 4486 3123 4532 sunt
3171 4476 3323 4531 varia
3365 4477 3553 4549 Cyrilli
3603 4479 3807 4549 scripta

606 4569 850 4642 Cyrillus
899 4567 1412 4640 ScythOpolitanus,
1461 4563 1765 4619 monachus
1816 4562 1872 4617 S.
1928 4562 2118 4618 Laum
2151 4563 2197 4622 Β
2224 4580 2321 4625 aut
2342 4578 2620 4640 excerpta.
2645 4569 2759 4624 Hoc
2781 4570 2903 4625 loco
2924 4568 3157 4624 sufﬁciat
3175 4571 3538 4640 quorumdam
3566 4572 3762 4627 notitia
3790 4591 3803 4626 :

540 4660 1066 4733 Itierosolymitanaa,
1104 4657 1199 4727 qui
1241 4655 1424 4711 medio
1468 4662 1623 4710 sexto
1671 4663 1798 4725 post
1840 4654 2121 4711 Christum

539 4761 727 4808 natum
774 4751 980 4807 saaculo
1028 4747 1234 4813 ﬂoruit,
1287 4756 1345 4802 et
1403 4745 1584 4801 varias
1616 4744 1765 4801 Vitas
1806 4754 2121 4801 sanctorum

537 4843 725 4900 Gncee
750 4841 993 4913 scripsit,
1027 4839 1097 4895 de
1126 4854 1238 4909 quo
1265 4837 1444 4892 dicam
1474 4837 1615 4892 infra
1653 4852 1754 4892 suo
1786 4836 1928 4891 loco.
1960 4836 2119 4891 ΓΑιηι.

538 4934 783 4999 -—Infra,
810 4933 921 4986 vol.
945 4931 1014 4995 X,
1044 4945 1099 5000 p.
1133 4929 1236 4984 155
1261 4943 1344 4999 sq.
1380 4937 1494 4983 vet.
1524 4926 1775 4983 cd.—In
1802 4926 1925 4983 cod.
1955 4927 2119 4982 Arab.

538 5025 802 5081 Vaticano
836 5023 949 5076 Vita
996 5021 1267 5091 Euthymii
1299 5028 1351 5075 et
1390 5018 1545 5075 Saba:
1573 5020 1853 5086 abbatum;
1896 5019 1957 5074 In
1995 5019 2120 5075 cod.

539 5115 635 5171 Gr.
680 5114 833 5169 CCLI
871 5113 1106 5170 Vindob.
1154 5120 1240 5167 est
1269 5111 1634 5183 fragmentum
1664 5127 1733 5167 ex
1772 5111 2124 5182 Euthymiaca

540 5205 761 5262 historia
802 5205 871 5260 de
903 5205 1074 5260 rebus
1119 5204 1288 5275 gestis
1330 5204 1387 5259 S.
1423 5204 1725 5275 Euthymii,
1764 5200 1982 5259 abbatis
2018 5203 2123 5258 Pa-

540 5297 759 5361 laestini,
790 5298 994 5352 mortui
1037 5298 1103 5352 Α.
1143 5296 1203 5353 C.
1238 5296 1362 5361 472,
1391 5312 1556 5367 quam
1584 5295 1841 5350 Lambec.
1874 5295 1930 5349 in
1967 5293 2124 5349 Com-

542 5402 797 5455 mentar.,
833 5392 921 5455 V.,
952 5407 1006 5462 p.
1056 5390 1160 5446 529
1186 5403 1330 5461 sqq.,
1361 5400 1478 5445 not.
1516 5390 1569 5453 1,
1600 5389 1966 5458 conscriptam
2002 5401 2124 5442 esse

541 5482 775 5553 putabat
801 5497 834 5538 a
861 5481 1065 5554 Cyrillo
1093 5481 1394 5548 monacho;
1421 5489 1476 5535 at
1502 5478 1761 5535 refutavit
1788 5479 1936 5534 illam
1961 5478 2125 5533 Lam-

544 5572 687 5626 becii
720 5571 1034 5642 Opinionem
1068 5579 1125 5627 et
1155 5570 1429 5626 Kollarius
1463 5570 1519 5624 in
1551 5578 1667 5625 not.
1700 5568 1761 5623 Β.
1794 5568 1861 5623 ad
1891 5568 2125 5624 Lambe-

542 5664 614 5720 cii
650 5664 758 5719 Ioc.
789 5666 910 5731 cit.,
942 5674 1109 5735 atque
1138 5662 1206 5719 ad
1245 5663 1355 5718 vol.
1379 5662 1520 5727 VIII,
1564 5676 1618 5731 p.
1656 5660 1761 5715 565
1784 5675 1894 5730 sq.,
1925 5657 2021 5715 ubi
2063 5675 2128 5715 ac

543 5774 599 5827 p.
628 5758 731 5814 645
764 5774 883 5831 sqq.
924 5744 1196 5815 Lambec.‘
1220 5772 1377 5812 suam
1420 5754 1647 5826 repetiit
1688 5754 2040 5819 sententiam,
2071 5765 2129 5809 et

544 5849 828 5907 Fabricius
867 5851 974 5907 vol.
1013 5850 1081 5919 X,
1123 5866 1179 5922 p.
1222 5849 1325 5905 156
1368 5863 1475 5919 sq.,
1506 5862 1563 5902 ιι.
1606 5848 1660 5902 4.
1703 5845 1841 5901 Add.
1893 5845 2121 5902 Bandin.
2174 5928 2179 5931 μ

2225 4659 2350 4717 cod.
2387 4660 2567 4725 LVIII,
2600 4677 2657 4714 n.
2695 4660 2750 4725 2,
2780 4661 2891 4715 vol.
2934 4660 3024 4723 III,
3063 4677 3119 4731 p.
3152 4661 3256 4716 255
3287 4678 3369 4732 sq.
3412 4663 3639 4727 Kollar.,
3668 4662 3806 4717 Sen-

2228 4754 2403 4808 tentia:
2449 4750 2641 4823 Cyrilli
2683 4752 2836 4807 Alex.
2871 4761 2922 4805 et
2956 4752 3185 4807 aliorum
3225 4754 3289 4807 de
3333 4771 3455 4808 vero
3494 4754 3662 4808 Deum
3703 4757 3806 4810 ad-

2226 4843 2417 4898 orandi
2436 4842 2588 4897 modo
2607 4844 2661 4896 in
2682 4844 2871 4914 spiritu
2901 4852 2950 4897 et
2977 4844 3357 4899 veritate—In
3376 4846 3487 4900 vol.
3509 4846 3598 4910 IV,
3626 4862 3680 4916 p.
3701 4847 3809 4903 255

2226 4950 2370 5005 sqq.,
2405 4935 2528 4990 eod.
2581 4933 2811 5001 CXLVI,
2860 4952 2917 4990 ιι.
2967 4936 3023 5000 2,
3074 4937 3161 5001 15,
3190 4937 3255 4990 21
3307 4947 3363 4992 et
3408 4937 3497 5002 55,
3548 4947 3808 5009 excerpta

2226 5027 2384 5096 plura
2410 5042 2475 5081 ex
2504 5025 2694 5097 Cyrilli
2740 5025 3190 5096 Expositionihus
3234 5027 3288 5081 in
3319 5029 3381 5082 V.
3432 5028 3667 5081 T.-—-N.
3716 5028 3809 5095 17,

2225 5117 2351 5189 Cyr.
2382 5115 2533 5171 Orat.
2579 5118 2635 5171 in
2671 5117 2860 5187 festum
2900 5117 3475 5186 Puriﬁcationis.—P.
3512 5118 3635 5183 565,
3672 5129 3810 5185 etc.,

2227 5207 2530 5279 fragmenta
2579 5207 2635 5261 in
2682 5207 2842 5262 codd.
2896 5207 3124 5271 CLXIV,
3156 5224 3211 5261 ιι.
3243 5206 3306 5265 6.
3355 5206 3598 5274 CLXVI,
3630 5224 3688 5263 ιι.
3739 5210 3809 5275 1,

2226 5298 2457 5355 CLXVII
2496 5309 2553 5355 et
2590 5299 2875 5360 CLXVIII:
2910 5298 3286 5366 CLXXXVIII,
3317 5318 3373 5359 ιι.
3401 5300 3491 5365 22,
3520 5312 3575 5356 et
3617 5302 3672 5356 in
3703 5302 3811 5358 hoc

2227 5407 2447 5463 quoque
2477 5392 2623 5457 cod.,
2659 5409 2716 5447 ιι.
2753 5392 2838 5457 12,
2872 5391 3058 5464 Cyrilli
3097 5402 3146 5447 et
3186 5392 3242 5449 8.
3277 5394 3549 5448 Anastasii
3586 5392 3812 5450 Sinaita:

2228 5484 2479 5555 expositio
2529 5485 2925 5555 compendiaria
2961 5486 3265 5541 orthodoxa:
3306 5485 3451 5553 ﬁdei,
3491 5485 3561 5541 de
3607 5501 3713 5556 qua
3739 5486 3807 5543 V.

2227 5574 2394 5643 paulo
2420 5580 2576 5644 post,
2618 5572 2645 5645 ς
2673 5573 2765 5628 IX.
2788 5604 2858 5614 ——
2895 5574 2955 5629 In
2981 5574 3092 5629 vol.
3121 5575 3165 5630 V
3190 5575 3338 5629 varia
3380 5589 3571 5645 opusc.
3612 5576 3810 5646 impri-

2229 5665 2334 5719 mis
2365 5673 2622 5734 excerpta
2660 5672 2716 5719 et
2743 5663 2994 5734 Iragmm.
3028 5662 3083 5719 in
3119 5663 3241 5717 cod.
3276 5662 3546 5730 CCXLIV,
3580 5681 3637 5720 ιι.
3666 5666 3812 5721 4.-

2229 5756 2287 5811 In
2323 5755 2444 5810 cod.
2481 5747 2755 5819 CCXLVI,
2808 5770 2865 5809 ιι.
2918 5756 3007 5819 14,
3040 5771 3107 5810 ex
3155 5754 3301 5810 libro
3348 5772 3384 5811 ιι
3423 5757 3498 5811 De
3544 5756 3809 5825 sacriﬁcio

2230 5847 2540 5920 agni—In
2581 5846 2705 5904 cod.
2753 5844 3047 5913 CCXLV",
3082 5861 3138 5902 ιι.
3184 5847 3273 5914 50,
3305 5857 3360 5903 et
3398 5849 3522 5905 cod.
3560 5846 3807 5918 XXXIII,
