3998 6304
180 434 250 492 45
643 447 648 451 “
1423 425 1704 482 NOTITIA
1740 426 1835 482 EX
1873 424 2210 482 FABRICIO.
3376 438 3443 489 46

184 565 240 606 ιι.
276 548 331 614 4,
365 545 423 600 in
456 546 571 601 vol.
610 544 747 609 VIII,
791 543 1093 616 Disputatio
1128 560 1249 598 cum
1288 542 1558 608 Nestorio;
1599 558 1764 613 quam
1794 556 1838 611 Α
1869 541 2044 596 tertiae
2077 538 2291 612 synodi,
2339 538 2434 595 Gr.
2456 539 2596 595 —In
2629 546 2759 596 tom.
2807 541 2874 607 II,
2908 559 2963 597 ιι.
2999 543 3088 609 56,
3122 560 3212 615 ep.
3259 555 3444 603 contra

184 640 383 696 Kollar.
415 637 486 692 ad
518 636 626 692 vol.
660 637 726 701 V,
758 652 811 706 p.
846 635 970 701 269,
998 650 1118 689 esse
1144 634 1214 689 ab
1237 634 1348 690 alio
1387 634 1583 690 factam
1612 644 1767 705 putat

183 747 250 785 ex
293 729 486 802 Cyrilli
538 726 1066 783 Antirrhetico.—-In
1111 725 1234 781 cod.
1279 724 1596 791 CCXLVIII,
1629 741 1684 779 ιι.
1732 724 1767 779 5

187 822 412 893 (spuria.
442 820 507 876 V.
542 820 769 893 Kpllar.,
792 834 847 888 p.
869 816 995 881 287,
1029 816 1169 887 not.)
1198 816 1405 888 Disput.
1428 835 1546 872 cum
1567 815 1766 872 Iudaeis

182 912 244 965 de
280 910 594 965 adoratione
628 917 827 962 sancta:
862 908 1029 960 crucis
1063 916 1112 961 et
1136 923 1417 961 sacrarunt
1449 908 1762 978 imaginum.

179 1002 328 1056 —ln
357 1001 481 1056 cod.
528 999 679 1064 CCL,
715 1015 771 1053 ιι.
810 998 895 1063 10,
926 1013 994 1054 ex
1029 998 1254 1068 Dialoyo
1290 999 1359 1052 ad
1393 998 1664 1053 Hermiam
1702 999 1767 1051 de

180 1093 619 1149 eonsubstantiali
644 1093 921 1156 Trinitate,
942 1091 1136 1163 fragm.
1162 1091 1363 1146 Kollar.
1388 1107 1442 1161 p.
1492 1091 1765 1146 514.-1ιι

177 1187 303 1241 cod.
335 1183 711 1248 CCLXXXIII,
749 1200 804 1238 ιι.
838 1183 894 1247 2,
925 1184 1129 1254 p.474,
1164 1182 1375 1239 Comm.
1412 1192 1669 1252 excerpta
1697 1198 1765 1237 ex

175 1280 368 1351 Cyrilli
400 1278 695 1350 Opp.—In
738 1278 846 1332 vol.
899 1277 982 1343 Vl,
1018 1288 1161 1347 part.
1209 1293 1247 1343 ι,
1295 1293 1350 1348 p.
1376 1276 1464 1340 97,
1510 1276 1633 1330 cod.
1668 1275 1760 1340 XI,

176 1387 234 1426 ιι.
290 1371 380 1437 16,
426 1370 618 1439 fragm.
673 1386 742 1425 ex
789 1368 979 1439 Cyl-illi
1024 1368 1163 1439 Opp.
1211 1369 1274 1422 de
1324 1379 1557 1438 tempore
1595 1383 1763 1422 sacrae

104 1464 117 1479 ‘
174 1476 337 1515 ciente
364 1458 734 1530 Cbristi;—p.
773 1460 876 1513 150
909 1475 992 1530 sq.
1026 1460 1082 1514 in
1112 1460 1235 1515 cod.
1264 1459 1451 1525 XVIII,
1486 1478 1542 1515 ιι.
1579 1463 1614 1516 4
1644 1460 1761 1535 (ubi

170 1550 239 1604 ν.
293 1560 413 1605 not.
444 1550 671 1621 Kollar.)
721 1550 1027 1621 fragmenta
1079 1551 1342 1606 canonica
1385 1568 1452 1607 ex
1491 1553 1645 1622 epist.
1694 1554 1762 1607 ad

175 1640 441 1696 Damnum
455 1652 511 1697 et
535 1657 618 1711 ep.
639 1641 708 1695 ad
725 1642 988 1712 episcopos
1009 1641 1184 1712 Libya:
1200 1650 1248 1695 et
1263 1640 1634 1712 Pentapoleos,
1651 1650 1757 1699 etc.

176 1732 347 1805 (conf.
381 1733 661 1787 Theodori
689 1733 1028 1787 Balsamonis
1058 1731 1194 1803 Opp.
1225 1732 1319 1789 Gr.
1359 1742 1416 1790 et
1444 1733 1561 1788 Lat.
1585 1734 1758 1790 Paris.

174 1826 345 1891 edita,
364 1842 424 1896 p.
456 1826 592 1881 1076
619 1832 676 1881 et
697 1841 752 1896 p.
774 1824 1012 1879 1080.-
1039 1824 1324 1880 Sententia:
1346 1824 1532 1897 Cyrilli
1555 1834 1604 1880 et
1629 1825 1764 1881 alio-

1868 635 2270 701 Tlteodoretum;
2301 651 2358 689 ιι.
2394 632 2517 698 980,
2551 634 2607 689 in
2646 634 2769 690 eod.
2802 634 3232 692 Sarisburiensis
3264 640 3444 695 eccle-

1866 727 1982 792 siae,
2015 726 2093 781 De
2127 728 2456 799 processione
2477 726 2705 798 Spiritus
2731 730 2919 781 sancti.
2954 728 3104 783 —N.
3134 728 3275 783 5455
3304 730 3443 787 bibl.

1865 819 2132 884 Norfolc.,
2175 818 2300 891 Cyr.
2346 819 2416 872 ad
2457 819 2792 885 Nestorium;
2821 836 2878 873 n.
2929 818 3067 874 5959
3115 818 3251 874 bibl.
3288 820 3443 887 Gale,

1865 913 2138 967 Anastasii
2167 921 2217 966 et
2244 911 2433 983 Cyrilli
2467 913 2735 983 Expositio
2763 913 2929 966 brevis
2953 910 3079 980 ﬁdei
3109 910 3445 969 Cltristiana'.

1936 1004 2181 1070 Dublini,
2212 1020 2267 1058 ιι.
2294 1004 2417 1070 726,
2449 1004 2747 1075 Esplicatio
2773 1002 2962 1075 Cyrilli
2987 1019 3147 1075 super
3176 1004 3448 1059 circumci-

1864 1096 2009 1150 sione
2038 1094 2253 1161 Christi,
2269 1104 2404 1149 —et
2427 1096 2491 1150 de
2515 1098 2809 1166 portatione
2835 1112 2928 1166 per
2948 1094 3264 1151 Simeonem.

1935 1185 2120 1242 Leida:
2150 1186 2293 1242 inter
2313 1186 2475 1242 codd.
2503 1186 2770 1251 Vulcanii,
2804 1185 2979 1242 Catal.
3007 1185 3155 1251 bibl.,
3180 1202 3235 1257 p.
3266 1187 3372 1243 544
3390 1194 3449 1242 et

1865 1275 1990 1342 545,
2018 1278 2179 1349 plura
2219 1276 2408 1351 Cyrilli
2440 1293 2625 1348 opera,
2654 1292 2686 1332 a
2718 1276 2985 1334 Vulcanio
3024 1278 3110 1333 vel
3144 1278 3443 1349 descripta,

1865 1370 1950 1424 vel
1979 1367 2174 1425 Latine
2209 1384 2387 1432 versa,
2415 1371 2500 1425 vel
2540 1370 2829 1425 illustrata.
2858 1369 2919 1424 P.
2957 1369 3081 1435 546,
3118 1385 3176 1425 ιι.
3212 1370 3303 1436 52,
3339 1370 3446 1443 Cy-

1866 1458 1976 1514 rilli
2012 1458 2256 1530 dialogus
2287 1460 2710 1525 ad-Hermieum,
2747 1460 3287 1534 philos0pltum.—P.
3318 1463 3444 1528 547,

1864 1567 1921 1606 ιι.
1965 1552 2053 1618 62,
2087 1552 2198 1607 duo
2226 1550 2527 1618 Sermones,
2559 1560 2618 1607 et
2657 1554 2728 1607 ad
2757 1551 3034 1608 Hermiam
3063 1554 3443 1625 presbyterum.

1864 1672 1934 1681 —
1969 1642 2030 1697 P.
2061 1641 2199 1707 548,
2249 1658 2304 1697 ιι.
2370 1643 2441 1697 92
2485 1643 2549 1708 Ε,
2605 1659 2780 1697 sermo
2824 1643 3038 1713 fest.-
3073 1644 3225 1699 Inter
3278 1646 3441 1701 codd.

1866 1732 2136 1798 Vossian.,
2160 1749 2216 1804 p.
2242 1732 2368 1800 581,
2392 1751 2448 1789 ιι.
2478 1735 2566 1801 54,
2595 1735 2858 1806 rescripta
2884 1735 2954 1791 ad
2980 1737 3274 1792 concilium
3301 1737 3440 1794 Afri~

1865 1841 2086 1891 canum,
2118 1826 2215 1880 ubi
2252 1826 2568 1882 authentica
2595 1827 2801 1882 Nicmni
2840 1828 3059 1883 concilii
3088 1829 3348 1885 translata
3376 1831 3446 1887 de

175 1933 313 1972 rum.
336 1918 400 1972 γ.
428 1918 640 1974 Reiser.
663 1917 784 1973 Ind.
812 1918 960 1972 codd.
984 1918 1232 1989 August.,
1257 1934 1312 1987 p.
1335 1918 1435 1985 22;
1460 1918 1561 1984 ib.,
1586 1933 1642 1989 p.
1667 1918 1756 1983 25,
1794 1917 1833 1971 Β
1860 1914 2048 1971 Graeco
2068 1932 2169 1987 per
2190 1915 2573 1971 Innocentium
2596 1918 2998 1989 presbyterum,
3028 1921 3293 1975 etc.-—P.
3314 1920 3441 1986 401,

175 2009 476 2081 Εεριίεαεὶο
496 2011 773 2081 parabole:
797 2011 924 2065 Luc.
960 2026 1068 2064 ut.

247 2101 491 2157 Venetiis
521 2102 670 2157 inter
705 2102 866 2158 codd.
906 2102 1017 2158 Jul.
1061 2101 1359 2159 Justiniani
1392 2100 1580 2174 Cyrilli
1626 2102 1759 2174 Epi-

170 2193 326 2249 stula:
350 2193 592 2265 festales;
622 2195 679 2249 in
708 2195 818 2249 alio
849 2194 971 2250 cod.
1001 2194 1178 2266 ejusd.
1204 2194 1531 2261 Thesaurus;
1565 2195 1620 2251 in
1652 2195 1761 2250 alio

173 2285 404 2340 bomiliae
423 2286 482 2338 in
511 2285 755 2350 Genesin,
778 2293 916 2340 teste
946 2284 1314 2340 Montl‘aucon.
1341 2285 1397 2340 in
1428 2285 1578 2339 Diar.
1605 2284 1758 2350 Ital.,

174 2391 230 2445 p.
260 2375 782 2432 454.—Bandinius
819 2376 876 2430 in
904 2374 1024 2431 Cat.
1057 2375 1205 2429 codd.
1249 2358 1359 2431 Gr:
1380 2375 1634 2430 Laurent.
1670 2392 1759 2432 re-

174 2468 393 2524 censuit
413 2469 574 2539 plura
599 2478 855 2539 excerpta
878 2483 948 2523 ex
967 2468 1135 2524 variis
1154 2466 1339 2540 Cyrilli
1360 2466 1498 2539 Opp.
1521 2468 1575 2523 in
1595 2468 1755 2524 codd.

174 2559 440 2615 Laurent.
464 2559 625 2614 obvla
651 2569 689 2615 t.
713 2560 753 2624 l,
780 2576 834 2631 p.
865 2560 931 2613 47
940 2600 955 2625 ,
980 2576 1035 2613 ιι.
1070 2558 1240 2623 XXX,
1264 2558 1437 2614 XXXI
1461 2568 1518 2614 et
1540 2559 1755 2624 XXXII,

172 2650 806 2721 p.468;XII,p.118;
851 2651 915 2717 v,
945 2667 1000 2721 p.
1046 2650 1176 2717 119;
1205 2649 1274 2717 Χ,
1307 2667 1362 2721 ρ.
1400 2652 1531 2717 415;
1568 2650 1755 2716 XXVI,

172 2758 230 2814 p.
262 2741 395 2809 600;
432 2743 489 2797 in
523 2753 655 2798 tom.
698 2743 764 2807 Il,
799 2742 923 2798 cod.
963 2742 1055 2807 XI,
1091 2742 1118 2814 §
1156 2742 1222 2807 II,
1254 2752 1386 2797 tom.
1416 2743 1506 2807 III,
1536 2759 1591 2813 p.
1632 2742 1755 2807 524,

174 2834 294 2890 XX.
328 2836 584 2892 Citantur
621 2836 742 2891 loca
782 2844 914 2890 tom.
950 2835 994 2899 I,
1030 2851 1084 2905 p.
1116 2835 1184 2891 99
1215 2843 1273 2890 et
1302 2835 1407 2890 456
1439 2835 1493 2889 in
1528 2834 1758 2906 Exposi-

173 2931 316 2981 tione
343 2944 620 2982 sacrorum
642 2935 973 2998 prwceptor.,
1005 2942 1059 2996 p.
1089 2926 1222 2992 255;
1253 2925 1309 2980 in
1339 2924 1618 2996 Florilegio
1637 2942 1759 2979 sen-

176 3020 420 3085 tentiar.,
463 3034 518 3089 p.
552 3018 675 3083 547,
720 3034 753 3073 a
797 3018 883 3074 Jo.
928 3016 1312 3073 Cantacuzeno
1354 3026 1541 3071 contra
1586 3016 1759 3072 Pala-

175 3128 322 3164 utam
351 3126 371 3163 :
403 3126 458 3180 p.
480 3110 603 3175 558,
641 3110 697 3164 in
740 3125 906 3180 opere
944 3108 1201 3180 anonymi
1241 3117 1434 3163 contra
1471 3107 1757 3173 eumdem;

173 3212 234 3257 et
264 3217 321 3271 p.
348 3202 475 3266 452,
498 3202 555 3256 in
587 3200 851 3255 Thesauro
878 3201 1084 3255 ortliod.
1110 3199 1257 3269 ﬁdei.
1275 3200 1571 3272 —lntegra
1593 3198 1756 3270 Opp.,

1864 2022 1922 2061 ιι.
1973 2008 2036 2073 4,
2096 2007 2284 2080 Cyrilli
2329 2006 2565 2064 collectio
2605 2012 2990 2067 sententiarum
3042 2021 3230 2068 contra
3262 2017 3446 2068 ηνευ-

1858 2100 2262 2172 ματομάχους.

1937 2194 2111 2249 Paris.
2146 2195 2202 2249 in
2248 2195 2385 2251 bibl.
2433 2196 2586 2267 publ.
2634 2196 2807 2252 multa
2853 2207 3214 2252 numerantur
3255 2197 3449 2269 Cyril’li

1867 2284 2089 2354 scripta,
2125 2300 2291 2341 manu
2319 2295 2581 2342 exarata:
2610 2287 2702 2342 hic
2745 2296 2959 2343 tantum
2997 2288 3295 2345 nominabo
3334 2289 3444 2344 Ex-

1866 2384 2051 2444 cerpta
2074 2375 2130 2428 in
2163 2376 2324 2431 codd.
2361 2377 2774 2434 DCCCLXXXII
2804 2388 2862 2435 et
2885 2380 3445 2437 MMMIX.—Secun-

1866 2464 1997 2520 dum
2031 2465 2210 2521 Catal.
2245 2466 2422 2522 Paris.
2454 2468 2577 2523 bibl.
2606 2476 2755 2534 πιειη
2782 2469 2892 2524 vol.
2925 2469 2967 2534 I,
3001 2485 3057 2539 p.
3095 2469 3195 2524 107
3227 2480 3285 2526 et
3317 2470 3441 2536 108,

1865 2572 1931 2612 ac
1984 2557 2107 2622 117,
2138 2566 2268 2613 sunt
2297 2558 2441 2613 inter
2473 2558 2638 2615 codd.
2688 2558 2957 2615 Arabieos
2999 2559 3212 2630 aliquot
3253 2560 3443 2634 Cyrilii

1865 2647 2123 2704 bomiliaz.

1936 2741 2181 2796 Venetiis
2214 2741 2283 2809 in,
2317 2741 2453 2798 bibl.
2494 2742 2660 2800 Marc.
2700 2743 2823 2800 cod.
2862 2741 3073 2810 CXXII,
3106 2744 3230 2817 Cyr.
3259 2754 3446 2803 contra

1864 2832 2451 2905 Anthropomorpltitas.
2487 2835 2606 2891 Vid.
2648 2831 2835 2892 notain
2882 2837 2938 2892 in
2981 2837 3101 2893 Cat.
3150 2838 3300 2893 codd.
3348 2838 3441 2896 Gr.

1866 2924 2058 2990 llam,
2088 2940 2141 2995 p.
2186 2925 2428 2981 70.—ln
2456 2927 2578 2982 cod.
2607 2927 2963 2984 CDXXXVIII
3006 2929 3446 2990 anathematismi

1866 3014 2078 3085 aliquot
2106 3013 2270 3087 (Cat.,
2323 3031 2379 3086 p.
2431 3016 2580 3087 2I5).
2633 3017 2714 3071 Ex
2761 3033 2995 3073 numero
3045 3021 3445 3088 permultos-um

1868 3107 2031 3162 codd.
2063 3123 2202 3178 quos
2222 3108 2594 3165 Montfaucon.
2626 3108 2683 3163 in
2710 3108 2847 3164 Bibl.
2876 3108 3166 3166 bibliothec.
3193 3128 3318 3165 mss.
3353 3128 3445 3167 re-

1868 3198 1993 3265 fert,
2027 3215 2326 3270 paucorum
2360 3209 2571 3255 tantum
2605 3201 2844 3273 injiciam
2875 3202 3233 3257 mentionem.

175 3293 234 3349 in
264 3267 437 3349 codd.
466 3292 630 3347 Laur.
661 3299 897 3357 servata,
930 3291 1046 3347 suis
1070 3267 1206 3355 locis
1235 3267 1619 3347 indicabimus.
1642 3267 1759 3346 ἆυ·
1788 3267 1833 3326 c
1938 3267 2123 3346 Romae
2152 3291 2207 3345 in
2242 3291 2378 3346 bibl.
2412 3267 2676 3347 Ottobon:
2704 3292 2892 3363 Cyrilli
2919 3291 3093 3347 Oratt.
3138 3292 3201 3362 (l,
3247 3307 3301 3361 p.
3344 3291 3447 3346 l85

177 3386 384 3442 tandus
410 3393 496 3440 est
516 3398 735 3454 quoque
757 3384 878 3439 cod.
903 3383 945 3448 I,
970 3400 1024 3438 ιι.
1051 3382 1106 3446 2,
1137 3384 1278 3453 plut.
1301 3385 1354 3449 7,
1386 3383 1500 3439 sive
1519 3383 1764 3438 Edictum

174 3478 517 3550 imperatoris
537 3476 849 3540 Justiniani,
873 3476 1162 3531 continens
1179 3475 1580 3531 confessionem
1600 3485 1765 3531 rectm

178 3570 331 3634 ﬁdei,
371 3578 505 3633 ete.,
546 3567 603 3621 in
634 3582 744 3636 qua
778 3565 1142 3628 Justinianus,
1189 3579 1244 3634 p.
1288 3562 1414 3629 295,
1449 3562 1614 3617 atl‘ert
1644 3563 1765 3616 loca

177 3661 369 3734 Cyrilli
393 3660 548 3715 Alex.
571 3673 641 3714 ex
664 3659 825 3728 epist.
852 3658 879 3710 1
916 3665 974 3712 et
1001 3656 1037 3710 2
1062 3657 1132 3710 ad
1162 3654 1490 3719 Successum,
1516 3662 1646 3718 cte.,
1677 3660 1763 3707 at-

179 3769 288 3825 que
312 3769 368 3807 ιι.
395 3753 449 3816 5,
475 3749 768 3821 Exemplar
805 3747 1057 3821 epistolw,
1077 3747 1141 3801 ab
1163 3748 1290 3816 imp.
1316 3744 1618 3800 Iustiniano
1646 3760 1766 3815 per-

178 3847 411 3914 scriptis,
446 3843 700 3898 adversus
727 3838 1033 3905 nonnullos,
1060 3839 1281 3909 impium
1312 3834 1655 3901 Theodorum,
1683 3843 1766 3888 at-

180 3955 279 4008 que
312 3937 501 4007 iniqua
545 3936 659 4005 ejus
692 3933 963 4003 dogmata,
1008 3936 1059 3983 et
1086 3927 1363 4000 epistolam
1402 3926 1509 3983 Iba:
1544 3927 1761 3992 dictam,

181 4047 273 4084 nec
315 4045 423 4082 non
467 4025 763 4081 Theodoriti
808 4022 966 4077 libros
1004 4030 1190 4075 contra
1230 4018 1545 4074 catholicam
1581 4017 1760 4087 ﬁdem,

179 4122 386 4192 scriptis
432 4124 850 4190 prapugnantes,
893 4125 1060 4183 quam
1103 4111 1322 4181 longam
1360 4110 1524 4179 epist.
1559 4107 1761 4163 Bandi-

179 4214 305 4268 nius
329 4213 387 4266 in
409 4220 518 4266 eat.
546 4220 680 4265 tom.
710 4208 754 4273 ι,
781 4224 835 4279 p.
868 4206 969 4260 166
1003 4220 1147 4276 sqq.,
1176 4205 1389 4275 primus
1421 4203 1607 4260 Graece
1636 4216 1763 4257 eum

184 4305 375 4361 Latina
402 4303 658 4358 versione
686 4298 960 4369 evulgavit
999 4314 1014 4350 :
1050 4296 1104 4349 in
1139 4311 1247 4366 qua
1284 4294 1543 4365 frequens
1575 4292 1764 4365 Cyrilli

181 4399 411 4468 ejusque
449 4409 680 4465 operum
715 4388 1080 4463 quorumdam
1115 4386 1175 4442 Iit
1203 4387 1428 4454 mentio,
1456 4395 1552 4441 aut
1582 4385 1630 4442 is
1663 4385 1763 4441 de-

179 4489 450 4544 tenditur.

249 4599 570 4657 Secundum
608 4597 787 4654 Catal.
817 4598 966 4651 codd.
1000 4595 1208 4668 Anglice
1235 4604 1284 4649 et
1320 4592 1536 4650 Hibera.
1577 4590 1634 4644 in
1661 4604 1758 4643 va—
1793 4600 1837 4655 ι)

181 4695 278 4751 riis
306 4692 590 4754 biblioth.,-
622 4691 896 4761 praecipue
932 4689 1247 4753 Bodleiana,
1278 4684 1466 4757 Cyrilli
1503 4681 1641 4753 Opp.
1670 4689 1771 4736 aut

182 4784 598 4856 partesillorum
617 4795 995 4850 saepenumero
1014 4788 1256 4835 exstant:
1275 4777 1365 4831 hic
1380 4776 1589 4844 aliquot
1604 4772 1765 4828 codd.

182 4874 236 4927 in
248 4873 457 4943 quibus
466 4872 749 4941 particulae
767 4870 1139 4942 reperiuntur,
1155 4863 1765 4922 tantumexeitabimus:

181 4981 237 5019 ιι.
272 4965 344 5020 85
376 4964 518 5019 bibl.
546 4961 780 5026 Bodlei.,
818 4962 883 5033 in
926 4960 1050 5016 cod.
1085 4959 1307 5014 Baroce.
1353 4954 1615 5018 LXXXV,
1661 4954 1772 5024 epi-

178 5055 321 5110 stola
341 5055 413 5110 ad
434 5054 766 5110 Gennadium
786 5064 844 5107 et
863 5061 1121 5121 excerpta
1136 5066 1205 5105 ex
1220 5048 1469 5119 epistolis
1486 5052 1542 5101 et
1562 5062 1630 5101 ex
1655 5060 1771 5101 ser—

180 5162 344 5202 mone
376 5144 647 5215 quodam;
667 5158 806 5196 -—n.
843 5141 971 5206 272,
1001 5141 1214 5211 Disput.
1247 5140 1386 5193 inter
1417 5135 1676 5208 Cyrillum
1718 5143 1768 5189 et

178 5238 517 5303 Nestorium;
555 5252 611 5290 ιι.
643 5233 768 5298 688,
805 5232 1129 5299 Quaestiones
1170 5239 1219 5284 et
1251 5230 1576 5299 responsion.
1621 5241 1766 5298 qua-

176 5333 305 5387 darn
331 5331 397 5385 de
426 5329 529 5400 ﬁde
558 5337 759 5383 sancta
789 5326 1060 5380 Trinitatis
1073 5341 1228 5391 ;—-n.
1267 5322 1426 5387 2500,
1456 5321 1769 5377 Encomium

175 5424 237 5478 Β.
265 5423 528 5496 Virginis;
556 5438 615 5475 ιι.
647 5419 808 5484 2877,
842 5418 917 5473 De
935 5416 1281 5489 imaginibus;
1309 5431 1366 5469 ιι.
1396 5411 1554 5477 5060,
1577 5410 1769 5482 Capita

176 5512 382 5585 aliquot
409 5510 718 5584 synodalia;
745 5523 803 5563 ιι.
834 5508 995 5571 5275,
1033 5514 1173 5562 orat.
1208 5504 1287 5559 De
1317 5502 1483 5558 XXIV
1501 5501 1767 5575 presbyte-

176 5608 244 5660 ris
281 5608 375 5678 qui
424 5606 482 5659 in
520 5601 650 5658 caelo
694 5607 852 5665 sunt,
913 5614 1147 5670 quorum
1182 5596 1406 5652 nomina
1451 5594 1768 5649 scribuntur

173 5698 397 5770 Copticc
432 5714 447 5752 :
474 5709 716 5767 quorum
763 5690 1213 5748 commemoratio
1242 5688 1361 5743 ﬁeri
1393 5687 1533 5743 solet
1574 5685 1662 5740 die
1686 5684 1769 5770 2J4

172 5764 372 5844 mensis
402 5764 607 5849 ﬂatur,
643 5780 907 5847 Arabice:
937 5795 994 5835 ιι.
1019 5778 1178 5843 5597,
1209 5779 1266 5832 in
1304 5776 1634 5849 Symconem.
1686 5764 1699 5783 ⁹

233 5878 559 5949 Cantabrig.
593 5890 655 5930 ιι.
684 5872 810 5941 514,
839 5871 1027 5943 Cyrilli
1056 5879 1111 5927 ct
1141 5868 1372 5925 aliorum
1398 5883 1529 5939 cpp.
1560 5882 1605 5923 s.
1643 5874 1764 5923 acta

1863 3380 1951 3452 A).
2001 3380 2248 3435 Vatican.
2302 3380 2437 3434 bibl.
2485 3390 2544 3435 et
2594 3380 2682 3434 bis
2732 3380 2789 3433 in
2827 3378 3173 3433 Ambrosian.
3224 3378 3442 3434 Mediol.

1863 3469 2039 3539 Opera
2071 3468 2132 3538 (I,
2165 3483 2221 3537 p.
2252 3465 2352 3521 199
2379 3467 2444 3530 Α,
2472 3482 2527 3535 p.
2560 3466 2666 3520 495
2690 3465 2754 3530 E,
2782 3480 2836 3535 p.
2868 3464 2973 3520 512
3005 3464 3090 3535 Β).

1933 3557 2179 3620 Basileae,
2220 3553 2405 3626 Cyrill.
2445 3553 2598 3610 Alex.
2637 3555 2694 3608 in
2741 3553 2988 3609 Exodum
3035 3563 3083 3608 et
3129 3552 3445 3619 Leciticum;

1864 3650 2168 3706 Tlteodoret.
2204 3648 2328 3721 Cyri
2369 3658 2555 3704 contra
2585 3646 2866 3719 Cyrillum,
2906 3655 2963 3702 et
2998 3646 3186 3719 Cyrilli
3225 3647 3446 3718 epistola

1863 3751 2047 3797 contra
2061 3742 2433 3797 Tlteodoretum
2445 3759 2464 3808 ;
2478 3739 2600 3812 Cyr.
2620 3741 3048 3813 anathematismi
3059 3738 3180 3805 XII,
3192 3747 3248 3795 et
3259 3748 3447 3797 contra

1862 3834 2455 3907 Anthropomorpltitas;
2489 3840 2547 3888 et
2580 3833 2635 3888 in
2668 3832 2777 3887 alio
2810 3831 2932 3887 eod.
2955 3831 3143 3903 Cyrilli
3171 3830 3442 3901 quaedam,

1862 3933 1920 3980 et
1945 3924 2195 3995 epistola,
2221 3933 2327 3981 etc.
2370 3924 2433 3997 (I,
2469 3939 2523 3994 p.
2556 3922 2657 3979 609
2679 3923 2741 3989 Β,
2776 3938 2830 3993 p.
2868 3922 2972 3979 610
2994 3920 3082 3994 Α).
3106 3952 3179 3961 -
3204 3921 3263 3976 In
3304 3921 3442 3977 bibl.

1864 4012 1921 4083 S.
1950 4013 2245 4077 Vincentii,
2271 4028 2437 4082 opera
2463 4012 2550 4085 (II,
2582 4028 2637 4083 p.
2672 4012 2809 4068 1194
2837 4010 2925 4083 D).
2944 4012 3083 4067 —-ln
3114 4011 3249 4066 bibl.
3276 4012 3444 4067 Pelli-

1863 4104 2015 4167 serii,
2038 4104 2095 4157 in
2119 4103 2340 4159 Esaiam
2377 4103 2463 4174 (ιι,
2498 4119 2555 4174 p.
2592 4103 2730 4158 1198
2764 4102 3004 4174 E).-ln
3038 4102 3174 4157 bibl.
3211 4102 3447 4160 abbatis)

1864 4194 1921 4251 S.
1964 4195 2293 4252 Tbeodorici
2339 4209 2509 4265 prope
2539 4195 2760 4259 Remos,
2800 4193 3045 4250 Homilia:
3070 4194 3127 4249 in
3165 4192 3330 4249 Leuit.
3358 4180 3447 4250 bis

1866 4286 1952 4360 (11,
1976 4303 2032 4357 p.
2062 4286 2193 4340 123.1
2218 4286 2284 4351 E,
2316 4295 2373 4340 et
2408 4286 2544 4341 1254
2578 4286 2663 4355 Β).

1936 4378 2177 4433 Florent.
2212 4377 2269 4431 in
2301 4376 2436 4431 bibl.
2466 4375 2523 4430 S.
2556 4375 2723 4430 Marci
2749 4375 3017 4429 Dominic.
3056 4375 3164 4430 tria
3188 4374 3446 4431 Commo-

1862 4469 2066 4524 nitoria
2084 4474 2140 4523 et
2162 4464 2413 4538 Ερίειοιω
2428 4464 2545 4520 duce
2568 4465 2637 4518 ad
2665 4464 2938 4529 Acacium,
2959 4462 3151 4519 Latine
3179 4463 3242 4535 (I,
3267 4478 3321 4533 p.
3342 4463 3447 4520 419

1864 4560 1908 4614 Ι)
1939 4558 2109 4630 Ε-).
2140 4557 2280 4613 Add.
2318 4556 2595 4612 Zachariae
2639 4555 2749 4610 Iter
2796 4554 3022 4610 litterar.
3064 4572 3158 4627 per
3202 4553 3445 4622 Italiam,

1866 4649 2060 4705 Venet.
2083 4646 2236 4713 I762,
2253 4647 2308 4713 4,
2333 4662 2388 4717 p.
2411 4646 2500 4711 51,
2523 4652 2579 4700 et
2600 4645 2667 4701 de
2689 4646 2796 4715 alio
2821 4645 2969 4713 cod.,
2993 4662 3047 4717 p.
3071 4646 3158 4703 55.
3182 4646 3289 4703 Sed
3309 4646 3443 4703 obel

1863 4741 1974 4813 jam
2006 4741 2140 4796 satis
2164 4750 2251 4795 est
2281 4739 2338 4794 in
2359 4738 2641 4809 praesenti!
2668 4738 2863 4810 Hann]

2394 4896 2602 4952 Latiare
2648 4898 2917 4952 editiones.

1937 5031 2101 5088 Basil.
2141 5031 2297 5097 1524,
2328 5030 2448 5097 fol.,
2480 5031 2623 5102 apud
2657 5028 3042 5092 Cratandrum,
3076 5026 3135 5081 in
3178 5041 3286 5097 qua
3326 5020 3448 5082 edi-

1870 5125 2017 5180 tione
2068 5133 2279 5178 tantum
2328 5130 2546 5179 exstant
2596 5119 2987 5176 Commentarii
3048 5120 3105 5173 in
3152 5117 3446 5183 Joannem,

1864 5216 1923 5272 in
1958 5217 2242 5272 Leviticum
2273 5210 2389 5287 (qui
2416 5212 2669 5285 Origenis
2701 5210 2851 5281 sunt)
2881 5219 2940 5267 et
2967 5211 3292 5275 Thesaurus;
3327 5225 3499 5280 φιτ..

1866 5308 2078 5380 singula
2124 5306 2417 5377 separatim
2455 5303 2781 5376 prodierunt
2811 5305 2982 5360 Paris.
3034 5297 3171 5361 1520
3206 5313 3263 5360 et
3287 5304 3445 5369 1521,

1866 5401 1961 5456 fol.
2012 5399 2394 5455 Fam—Haec
2435 5397 2569 5453 edit.
2615 5396 2780 5452 Basil.
2831 5413 2881 5453 a.
2920 5398 3077 5463 4524,
3115 5397 3254 5452 nihil
3297 5395 3447 5451 aliud

1867 5495 2115 5551 continet
2158 5508 2323 5563 quam
2368 5507 2491 5561 quae
2534 5498 2701 5557 antea
2747 5490 2971 5546 Parisiis
3014 5489 3244 5545 scorsim
3298 5487 3449 5544 edita

1866 5594 2045 5649 erant,
2096 5590 2391 5653 annotante
2439 5581 2814 5638 Lambacbero
2864 5581 2947 5638 in,
2975 5575 3111 5636 Bibl.
3158 5580 3446 5636 Viudobou.

1866 5681 2052 5744 ciuica,
2075 5694 2131 5749 p.
2158 5676 2249 5743 98,
2280 5684 2422 5741 not.,
2449 5671 2545 5745 qui
2570 5691 2625 5746 p.
2656 5675 2725 5731 99
2751 5681 3019 5732 memorat
3045 5681 3159 5730 tres
3176 5673 3451 5729 editiones

1867 5769 2230 5842 quorumdam
2252 5783 2381 5841 Opp.
2398 5749 2607 5841 Cyrilli.
2630 5768 2703 5824 At
2719 5767 2773 5822 in
2796 5766 2932 5823 bibl.
2952 5765 3104 5821 acad.
3126 5760 3451 5835 Erlangensl

1865 5870 1952 5919 est
1993 5860 2249 5919 volumen
2280 5859 2572 5933 grandcin
2612 5858 2748 5914 min.
2792 5856 2944 5922 folio,
2975 5855 3122 5925 quod
3156 5858 3452 5924 sequente!
