3998 6304
528 429 592 476 ω
1765 425 2045 480 Ml'l‘l'l'lA
2083 427 2177 483 EX
2219 429 2557 488 FABBlClO.

3737 442 3819 497 18

526 536 800 592 editiones
831 550 957 589 cum
978 537 1360 606 peculiaribus
1395 537 1739 611 singulorum
1760 555 1888 611 opp.
1913 543 2113 597 inseri-
2144 553 2186 610 Α
2216 551 2370 618 ginas
2392 550 2523 605 liber
2548 567 2706 616 unus,
2727 550 2810 604 Jo.
2846 550 3270 623 OEcolampadio
3299 554 3603 626 interprete.
3637 557 3810 615 ΗΑκι..

527 626 812 697 ptionibus
838 629 1258 698 comprehendit
1291 649 1304 684 :
1337 647 1392 685 ιι.
1420 632 1471 686 1.
1505 631 1648 703 Opus
1680 633 1885 703 insigne
1905 631 2116 704 Cyrilli,

2294 640 2459 697 Basil.
2510 641 2667 707 1546,
2728 641 2849 707 fol.,
2894 643 3040 713 apud
3090 643 3446 716 Hervagium,
3492 648 3561 705 IV
3611 652 3806 716 tomis,

525 718 830 810 patriarch
855 717 1009 774 Alex.
1039 720 1095 774 in
1138 720 1500 792 Evangelium-
1519 723 1745 779 Joannis
1775 739 1794 778 :
1833 742 1867 780 a
1898 724 2119 797 Georgio
2222 734 2319 789 sed
2353 735 2447 806 qui
2466 750 2577 789 uno
2607 736 3003 806 comprehendi
3032 737 3314 793 volumine
3340 749 3588 810 possunt.
3622 742 3681 796 In
3702 742 3811 801 hac

527 807 877 877 Trapezuntio
901 810 1227 867 traductum.
1245 813 1488 870 Jodocus
1507 814 1861 872 Clichtoveus
1882 816 1937 871 in
1953 817 2114 887 epist.

525 905 960 975 nuncupatoria,
1010 907 1216 977 scripta
1263 908 1437 963 Paris.
1493 908 1630 964 1508
1652 948 1669 975 ,
1709 908 1860 965 dolet
1899 919 2117 965 exstare

525 998 692 1054 etiam
728 999 785 1054 in
811 999 988 1054 tribus
1013 998 1226 1055 Latinis
1256 1010 1315 1056 et
1338 1001 1554 1058 duobus
1582 1002 1786 1059 Graecis
1815 1002 1978 1059 codd.
2008 1004 2115 1059 Va-

527 1090 691 1144 tican.
726 1105 760 1146 e
798 1088 1091 1145 duodecim
1130 1090 1292 1147 libris
1323 1093 1844 1149 commentariorum
1876 1102 2117 1164 quatuor

524 1183 787 1238 duntaxat
835 1182 1044 1253 primos
1084 1193 1143 1239 et
1189 1184 1415 1240 totidem
1462 1193 1801 1256 postremos;
1853 1196 1977 1256 post
2017 1185 2111 1242 fol.

527 1273 629 1331 168
658 1289 691 1329 a
723 1289 863 1328 nova
898 1289 1055 1345 pagg.
1096 1275 1238 1330 serie
1270 1276 1387 1329 1η-
1410 1276 1479 1332 19
1502 1276 1753 1348 adjectus
1779 1286 1864 1334 est
1884 1293 1913 1333 a
1932 1278 2117 1335 Clich-

524 1375 686 1422 toveo
717 1367 1086 1438 explanationi
1140 1367 1328 1440 Cyrilli
1389 1370 1913 1425 commentariorum
1973 1370 2115 1426 liber

523 1460 752 1530 quintus
781 1478 793 1513 :
830 1466 945 1514 tum
966 1475 1021 1531 p.
1050 1459 1120 1514 58
1141 1476 1263 1531 sqq.
1290 1461 1510 1517 additus
1535 1470 1620 1517 est
1647 1462 1788 1517 liber
1818 1462 2109 1532 septimus;

448 1616 453 1619 ι
527 1560 643 1607 tum
674 1567 729 1621 p.
762 1551 832 1606 52
865 1552 1075 1622 pariter
1107 1552 1250 1608 liber
1283 1562 1531 1620 octavus,
1563 1561 1621 1609 et
1667 1555 1748 1609 sic
1792 1570 1981 1624 porro,
2016 1556 2111 1611 ubi

523 1641 728 1698 defecit
765 1642 956 1714 Cyrilli
995 1651 1197 1701 textus.
1229 1644 1289 1699 In
1329 1645 1438 1699 (lue
1472 1656 1599 1702 ante
1632 1630 1868 1701 indicem
1898 1660 2110 1703 errato-

526 1749 650 1789 rum
680 1734 1015 1789 :—-Parisiis
1047 1737 1103 1789 in
1129 1736 1335 1806 oﬁicina
1363 1736 1665 1807 Wolfgangi
1710 1737 1926 1809 Hopilii,
1949 1738 2108 1794 1508.

522 1856 594 1866 --
625 1825 681 1880 2.
716 1824 903 1897 Cyrilli
948 1829 1315 1882 commentarii
1359 1828 1415 1882 in
1461 1828 1747 1883 Leuiticum
1776 1869 1794 1894 ,
1850 1831 2110 1886 sexdecim

2221 824 2488 878 accedunt
2528 825 2647 879 libri
2679 825 2778 880 VII
2819 827 2883 879 de
2937 826 3237 895 Trinitate;
3264 827 3344 882 De
3374 827 3574 900 Spiritu
3599 844 3811 901 sancto,

2218 915 2285 972 de
2322 915 2635 970 adoratione
2662 917 2719 970 in
2750 918 2943 988 spiritu
2990 925 3040 971 et
3070 919 3338 985 ueritate;
3378 918 3498 975 libri
3522 921 3570 976 X
3617 934 3810 980 contra

2217 1005 2536 1073 lulianum;
2593 1015 2643 1062 et
2680 1008 2770 1063 III
2817 1009 2880 1063 de
2937 1018 3082 1064 recta
3145 1011 3252 1078 ﬁde
3310 1013 3367 1066 in
3407 1012 3672 1069 Christum
3737 1018 3818 1070 ad

2222 1099 2560 1155 Theodosium
2611 1102 2740 1173 imp.
2795 1111 2844 1156 et
2876 1103 3088 1173 reginas
3119 1103 3218 1174 (a);
3256 1103 3510 1176 Epistolas
3567 1107 3805 1173 XXXIX,

2216 1189 2463 1247 Homilies
2507 1192 2573 1259 Χ,
2627 1193 2886 1265 Apologia
2915 1194 2986 1248 ad
3031 1197 3162 1266 imp‘.
3195 1195 3573 1265 Theodosium;
3605 1198 3811 1254 Decla-

2214 1282 2357 1336 ratio
2404 1282 2509 1338 XII
2560 1283 2951 1356 capitulorum;
2987 1303 3083 1357 pro
3119 1287 3305 1342 iisdem
3357 1289 3710 1360 apologeticus
3750 1299 3809 1346 et

2213 1368 2349 1424 liber
2377 1373 2446 1425 ad
2487 1372 2815 1455 Equtium;
2849 1379 3126 1447 Expositio
3164 1376 3400 1450 Symboli
3446 1381 3651 1436 Nicwni
3673 1381 3802 1454 [in-

2215 1469 2356 1533 terp.
2387 1463 2472 1519 Jo.
2520 1464 2865 1536 Theophilo;
2903 1465 3114 1523 Scholia
3146 1469 3209 1523 de
3245 1469 3623 1528 Incarnatione
3667 1474 3807 1529 Uni-

2212 1555 2376 1624 geniti
2386 1572 2404 1615 ;
2439 1552 2733 1626 Sgnodales
2763 1556 2998 1628 epistola:
3029 1556 3153 1623 XII,
3183 1565 3239 1612 et
3272 1558 3536 1630 Dogmata
3565 1561 3809 1617 Nestorii

2213 1660 2245 1697 α
2263 1644 2461 1716 Cyrillo
2477 1646 2790 1717 impugnata
2807 1654 2856 1701 et
2873 1666 2906 1702 a
2922 1648 3119 1720 synodo
3139 1648 3405 1718 Ephesina
3420 1651 3797 1707 condemnata.

2282 1734 2446 1788 Basll.
2492 1736 2649 1799 1566,
2670 1735 2954 1806 fol.,apud
3000 1736 3245 1790 baeredes
3309 1736 3466 1791 Joan.
3518 1738 3794 1808 Hervagii,

2212 1825 2271 1881 in
2314 1842 2424 1897 qua
2454 1827 2698 1883 editione
2745 1829 2975 1898 quintus
3035 1837 3235 1895 tomus,
3271 1830 3387 1884 sive
3426 1829 3619 1899 quinta
3667 1846 3813 1899 pars.

525 1920 671 1975 libris
711 1920 916 1991 digesti,
957 1929 1089 1985 etc.,
1130 1919 1287 1975 1514.
1312 1920 1466 1973 —ln
1502 1918 1610 1973 line
1643 1926 1769 1974 ante
1812 1920 2051 1976 indicem
2092 1938 2106 1974 :
2142 1915 2182 1970 Β
2215 1917 2429 1990 (omnes
2466 1918 2613 1974 enim
2658 1920 2904 1990 quinque
2947 1920 3081 1974 tomi
3138 1936 3250 1975 uno
3295 1920 3576 1976 volumine
3618 1921 3805 1975 conti-

518 2012 748 2068 Parisiis
792 2028 857 2067 ea:
886 2013 972 2084 off.
1016 2010 1239 2066 libraria
1285 2009 1476 2081 Wolfg.
1518 2009 1753 2082 Hopylii,
1786 2011 2113 2067 α.1514.-

516 2106 594 2160 Εῑ
627 2105 819 2160 eodem
871 2105 926 2158 in
971 2104 1093 2159 loco
1136 2102 1279 2157 :Hic
1335 2102 1464 2157 liber
1506 2119 1625 2156 cum
1675 2102 1944 2158 nonnullis
1990 2103 2111 2159 aliis

510 2198 758 2270 ejusdem
795 2196 981 2268 Cyrilli
1021 2212 1142 2267 app.
1175 2195 1396 2249 habetur
1426 2194 1651 2255 venalis.
1690 2194 1762 2250 At
1787 2194 1857 2250 de
1887 2204 2111 2251 auctore

523 2289 687 2358 hujus
745 2287 929 2357 operis
976 2286 1040 2341 V.
1105 2284 1247 2339 infra
1300 2284 1542 2340 indicem
1596 2299 1829 2356 operum
1882 2301 2004 2355 quae
2054 2286 2108 2340 in

521 2381 941 2438 Gnaeo-Latina
978 2381 1221 2436 editione
1263 2380 1463 2435 omissa
1495 2387 1645 2444 sunt,
1694 2396 1846 2435 num.
1898 2381 2112 2437 165.-

523 2474 834 2530 Prec'larum
861 2489 990 2544 opus
1018 2470 1208 2544 σειν-ἐιιὶ
1242 2467 1394 2525 Alex.
1440 2472 1531 2542 qui
1576 2470 1870 2526 Thesaurus
1904 2488 2109 2525 nuncu-

525 2577 707 2637 patur,
740 2564 1135 2637 quatuordecim
1171 2562 1329 2617 libros
1369 2561 1745 2633 complectens;
1784 2570 1833 2616 et
1875 2562 1940 2615 de
1983 2579 2109 2616 con-

518 2656 978 2712 substantialitate
1007 2657 1130 2711 Filii
1158 2664 1207 2709 et
1248 2653 1477 2726 Spiritus
1505 2655 1675 2708 sancti
1705 2671 1822 2709 cum
1855 2653 1964 2708 Deo
1997 2652 2111 2709 Pa-

516 2759 625 2814 .tre,
673 2760 857 2803 contra
907 2749 1157 2803 hereticos
1179 2777 1248 2787 —--
1277 2746 1497 2817 Georgio
1553 2746 1897 2818 Trapezontio
1940 2748 2110 2801 inter-

525 2849 692 2911 prete,
734 2849 840 2895 etc.
890 2839 1352 2895 Venulo—i514.
1388 2837 1502 2911 (hic
1535 2854 1713 2894 annus
1757 2846 1978 2894 notatus
2025 2848 2112 2894 est

526 2932 581 2988 in
610 2932 792 2989 fronte
822 2931 871 3003 :)
904 2930 1210 2988 Clichtovei
1244 2931 1518 2987 dedicatio
1549 2931 1751 3001 scripta
1778 2939 1864 2986 est
1887 2931 2111 2987 Parisiis

524 3039 576 3080 α.
617 3024 774 3079 1515.
804 3055 877 3064 -
905 3023 1021 3080 Sub
1050 3021 1216 3079 ﬁnem
1252 3041 1264 3076 :
1319 3023 1544 3078 Parisiis
1565 3064 1579 3089 ,
1620 3040 1673 3077 α.
1712 3022 1849 3077 1515
1872 3064 1886 3088 ,
1915 3033 2117 3094 quarta

524 3115 609 3171 die
631 3114 802 3187 April.
834 3129 928 3186 per
954 3112 1144 3184 Wolfg.
1192 3112 1500 3185 Hopglium,
1529 3120 1638 3169 etc.
1682 3113 1877 3169 Postea
1905 3114 2111 3184 prodiit

524 3207 657 3263 edit.
707 3224 738 3262 a
764 3205 1019 3262 Fabricio
1074 3205 1279 3261 omissa
1325 3215 1383 3261 et
1431 3220 1555 3260 eum
1587 3204 1831 3260 editione
1870 3220 1921 3259 a.
1973 3205 2110 3261 1546

524 3297 780 3365 confusa;
806 3297 966 3369 cujus
994 3298 1275 3368 exemplar
1301 3304 1385 3354 est
1414 3298 1467 3352 in
1501 3296 1637 3353 bibl.
1671 3296 1823 3353 acad.
1865 3296 2105 3368 Erlang,

516 3400 582 3446 et
594 3406 623 3446 a
637 3389 1010 3445 Lambachero
1023 3388 1190 3445 etiam
1206 3389 1244 3443 l.
1268 3404 1317 3443 e.
1328 3430 1342 3454 ,
1363 3405 1419 3460 p.
1437 3388 1683 3455 98,aliud
1697 3396 1781 3444 est
1798 3403 2104 3444 recensum:

597 3480 715 3534 Divi
754 3478 941 3551 Cyrilli
984 3478 1157 3551 Opera
1195 3480 1251 3534 in
1281 3489 1384 3534 tres
1428 3481 1631 3547 partita
1669 3489 1832 3535 tomos
1860 3479 2110 3553 (seduno

516 3571 954 3642 comprehensos
970 3570 1270 3641 volumine)
1294 3589 1307 3624 :
1341 3571 1401 3625 in
1423 3571 1612 3642 quibus
1632 3571 1787 3627 habes
1816 3588 1920 3625 non
1938 3587 2109 3641 pauca

529 3672 653 3717 ante
675 3662 774 3716 hac
799 3660 1004 3715 Latinis
1036 3677 1139 3714 non
1175 3659 1424 3715 exhibita.
1453 3660 1636 3715 Primo
1672 3670 1810 3714 tomo
1837 3661 2017 3713 insunt
2053 3661 2109 3713 in

527 3750 1112 3823 anngeliumloannis
1132 3761 1476 3808 commentar.
1516 3752 1637 3808 libri
1653 3753 1756 3808 XII
1774 3752 1906 3822 (sive
1926 3752 2109 3822 potius

523 3841 666 3905 VIII,
723 3840 928 3911 quibus
983 3840 1176 3896 Jodoc.
1237 3841 1590 3897 Clichtoveus
1629 3841 1829 3913 adjecit
1872 3849 2140 3909 quatuor!

533 3933 1150 4004 intermedios)-Georgio
1173 3934 1389 4006 Trapez.
1410 3934 1723 4005 interprete;
1743 3933 1808 3988 In
1826 3932 2108 3986 Leviticum

532 4026 651 4080 h‘bri
709 4026 826 4080 XVI
878 4026 1136 4099 (incerto
1205 4024 1545 4098 interprete)
1583 4023 1810 4079 Basilus
1855 4024 1913 4077 in
1953 4022 2103 4079 tedib.

530 4116 697 4172 Andr.
728 4115 1036 4171 Cratandri.
1072 4116 1143 4171 M.
1176 4116 1241 4171 D.
1267 4114 1510 4179 XXVIII,
1542 4114 1635 4168 fol.
1669 4113 1732 4167 ln
1762 4121 1916 4167 temo
1944 4113 1989 4168 Il
2024 4120 2110 4169 est

531 4206 843 4273 Thesaurus,
886 4209 1188 4281 interprete
1241 4209 1304 4264 G.
1333 4205 1714 4277 Trapezontio.
1756 4204 1986 4274 Reliqua
2015 4217 2107 4257 ac-

529 4318 748 4358 cessere
785 4302 841 4356 in
862 4309 993 4357 tom.
1022 4302 1072 4356 ΙΙ
1095 4309 1152 4357 et
1190 4301 1258 4356 lll
1286 4300 1518 4355 antehac
1548 4297 1755 4353 inedita
1794 4314 1807 4349 :
1840 4296 1889 4351 l.
1918 4294 2107 4350 Dialo-

525 4410 715 4465 gorum
749 4410 867 4449 cum
902 4393 1119 4449 Hermia
1157 4393 1220 4446 de
1264 4389 1677 4446 Trinitate'libri
1706 4386 1825 4451 VII,
1855 4403 1974 4440 cum
2008 4387 2107 4440 ad-

528 4486 742 4553 pendice
767 4493 1227 4556 argumentorum,
1251 4482 1389 4554 quod
1434 4480 1577 4552 Spir.
1631 4476 1687 4532 S.
1731 4478 1797 4531 sit
1825 4477 1989 4541 Deus,
2018 4476 2103 4531 Io.

530 4574 954 4649 OEcolampadio
980 4578 1300 4646 interprete;
1340 4571 1495 4626 2.1M
1534 4570 1844 4625 adoratione
1881 4577 1931 4621 et
1959 4567 2108 4622 cultu

2212 2007 2464 2079 nentur),
2517 2012 2928 2065 commentarios
2960 2011 3016 2064 in
3057 2008 3279 2075 Isaiam,
3321 2025 3391 2065 ex
3425 2011 3595 2066 Laur.
3643 2011 3801 2066 Hun-

2211 2101 2351 2157 lredi
2379 2102 2634 2159 versione
2673 2106 2959 2174 complexa
2994 2105 3247 2160 accessit.
3287 2105 3520 2165 Fallitur
3544 2106 3692 2162 Elias
3718 2108 3797 2163 du

2212 2195 2331 2259 Pin,
2363 2196 2456 2266 qui
2484 2196 2627 2251 hanc
2655 2196 2956 2251 editionem
2994 2198 3227 2267 primam
3260 2196 3508 2252 Latinam
3553 2197 3794 2268 Operum

2210 2283 2399 2356 Cyrilli
2434 2301 2555 2342 esse
2597 2287 2793 2342 scribit
2824 2296 2957 2343 tom.
2997 2287 3084 2342 ιν.
3110 2285 3441 2342 Bibliotheca:
3473 2290 3796 2359 scriptorum

2212 2375 2392 2430 eccles.
2431 2392 2553 2447 pag.
2582 2377 2670 2432 52.

2284 2468 2457 2523 Paris.
2493 2469 2652 2535 l575,
2688 2468 2809 2534 fol.,
2837 2469 2883 2524 ll
2921 2468 3317 2536 voluminibus,
3354 2469 3615 2527 Gentiano
3652 2471 3799 2526 Her--

2211 2569 2325 2614 veto
2371 2569 2598 2619 curante
2638 2560 2738 2631 (b),
2773 2576 2895 2631 quae
2917 2561 3089 2616 editio
3121 2577 3151 2615 a
3193 2561 3492 2617 Possevino
3529 2563 3584 2618 in
3612 2563 3799 2635 Appa-

2213 2661 2337 2707 ratu
2380 2671 2536 2709 sacro
2595 2662 2937 2710 recensetur.
2984 2653 3092 2708 Sed
3132 2654 3347 2725 plenior
3381 2655 3660 2725 prioribus
3706 2663 3796 2711 est

2211 2747 2482 2815 posterior
2501 2731 2824 2802 Parisiensis
2855 2762 2905 2801 a.
2937 2746 3094 2812 1605,
3141 2746 3187 2801 II
3215 2746 3348 2812 vol.,
3388 2763 3552 2817 quam
3598 2763 3792 2819 perse-

2211 2839 2402 2908 quitur
2421 2837 2789 2893 Bellarminus
2809 2837 2886 2891 De
2917 2836 2974 2892 S.
3008 2837 3102 2904 E.;
3132 2838 3188 2892 in
3220 2838 3313 2892 illa
3341 2839 3488 2894 enim
3514 2840 3796 2913 Glaphyro

2210 2933 2267 2985 in
2304 2931 2726 2986 Pentateuchum
2766 2947 2835 2986 ex
2870 2930 2937 2987 A.
2983 2930 3198 2987 Schotti
3248 2933 3521 3001 versione,
3569 2944 3626 2990 et
3661 2936 3793 2991 libri

2212 3023 2546 3094 posteriores
2580 3023 2697 3079 XVI
2724 3023 2803 3078 De
2831 3024 3148 3079 adoratione
3174 3025 3229 3079 in
3276 3026 3467 3096 spiritu
3495 3035 3547 3081 et
3570 3030 3796 3084 veritate

2210 3128 2279 3168 ex
2353 3112 2812 3182 interpretatione
2860 3110 3087 3166 Antonii
3132 3110 3354 3182 Agellii,
3411 3127 3483 3167 ne
3530 3112 3641 3168 alia
3676 3114 3797 3186 jam

2188 3234 2193 3239 ⁴
2213 3218 2536 3265 memorem,
2576 3219 2882 3259 accessere.

2632 3294 2812 3349 Editio
2849 3295 3277 3352 Cresco-Latina.

2277 3384 2447 3441 Unica
2497 3385 2720 3440 Joannis
2771 3385 3009 3452 Auberti,
3045 3387 3431 3443 Laudunen-sis
3446 3388 3751 3460 presbyteri
3775 3430 3795 3457 ,

2210 3477 2461 3533 canonici
2489 3485 2547 3530 et
2584 3476 2642 3530 in
2674 3476 2866 3532 schola
2916 3477 3092 3533 Paris.
3146 3477 3530 3533 Laudunensis
3573 3479 3797 3550 collegii

2212 3567 2455 3640 magistri
2494 3577 2659 3638 atque
2696 3568 3016 3640 interpretis
3050 3568 3208 3640 regii,
3251 3570 3426 3624 Paris.
3462 3569 3626 3636 1658,
3668 3570 3793 3638 (01.,

2210 3669 2420 3731 septem
2449 3662 2845 3728 voluminibus,
2877 3677 3042 3732 quam
3059 3668 3184 3732 post
3201 3661 3484 3716 Labbeum
3514 3660 3796 3717 .Caveum-

2209 3767 2317 3821 que
2343 3756 2507 3823 paulo
2540 3755 2860 3826 diligentius
2892 3753 3034 3808 infra
3064 3753 3338 3808 recensui.
3380 3753 3542 3826 [Add.
3586 3754 3794 3810 Oudin.

2210 3843 2529 3909 Comment.,
2560 3846 2602 3910 l,
2627 3845 2735 3899 col.
2756 3843 3079 3908 1019τ1050,
3106 3844 3203 3913 qui
3228 3844 3298 3899 de
3335 3845 3566 3916 singulis
3596 3862 3793 3916 opusc.

2205 3936 2419 4007 iudicat
2452 3933 2729 4006 uberius]

2726 4023 2998 4078 Editiones
3029 4024 3318 4093 promissa’.

2283 4118 2332 4171 l.
2365 4117 2751 4171 Bonaventuraz
2789 4113 3047 4168 Vulcanii.
3084 4113 3359 4167 Abraham
3410 4112 3692 4171 Scultetus
3735 4116 3796 4173 in

2211 4209 2522 4264 narratione
2549 4208 2624 4261 De
2677 4209 2786 4261 vita
2829 4222 2948 4270 sua,
2984 4188 3118 4275 'pag.
3150 4206 3217 4260 55
3254 4222 3267 4257 :
3301 4204 3494 4269 Leidw,
3538 4223 3591 4261 a.
3627 4207 3791 4273 1612,

2211 4300 2440 4353 maxime
2485 4313 2568 4350 me
2597 4297 2921 4351 oblectabam
2958 4297 3192 4365 alloquio
3233 4294 3658 4350 clarissimorum
3709 4299 3793 4350 vi-

2212 4407 2415 4455 rorum,
2451 4398 2500 4441 et
2549 4391 2690 4443 inter
2727 4387 2862 4443 alios
2896 4387 3285 4443 Bonaventurae
3324 4385 3588 4453 Vulcanii,
3634 4404 3796 4458 quem

2209 4499 2387 4538 senem
2430 4480 2715 4537 admodum
2738 4479 2884 4534 sella:
2913 4480 3146 4550 amatum,
3183 4486 3231 4531 et
3271 4478 3511 4532 manibus
3546 4479 3792 4549 pedibus-

2215 4591 2316 4647 que
2339 4581 2554 4646 captunt
2580 4573 2772 4627 inueni.
2805 4571 3130 4626 Promiserat
3175 4570 3267 4624 ille
3298 4572 3519 4642 triginta
3561 4582 3794 4643 quatuor

530 4670 584 4723 in
624 4672 812 4741 spiritu
844 4680 894 4724 et
920 4668 1144 4725 veritate
1197 4663 1439 4734 dialogus
1488 4662 1559 4716 ad
1596 4660 1933 4726 Palladium,
1969 4661 2096 4715 eod.
2139 4652 2185 4707 Ῑ)
2210 4667 2364 4722 annis
2407 4672 2531 4719 ante
2559 4662 2627 4732 (c)
2657 4663 2937 4718 editionem
2961 4662 3199 4716 omnium
3228 4677 3445 4732 operum
3485 4662 3792 4718 Graecorum

530 4761 871 4833 interprete;
911 4761 965 4815 5.
998 4758 1201 4814 Contra
1224 4754 1505 4809 Iulianum
1536 4753 1854 4813 Apostatam
1893 4769 1989 4823 pro
2016 4768 2102 4806 re-

530 4851 719 4920 ligione.
753 4850 1057 4907 Christiana
1089 4846 1177 4900 lib.
1211 4843 1277 4909 X;
1305 4842 1338 4897 1
1364 4841 1440 4895 De
1481 4850 1626 4897 recta
1658 4842 1715 4895 in
1741 4840 1924 4895 Iesum
1957 4841 2107 4897 Chri-

525 4954 668 5000 stum
694 4942 798 5012 [ide
827 4942 896 4997 ad
928 4938 1175 4995 Theodos.
1222 4934 1341 4989 libri
1368 4931 1427 4988 II
1442 4950 1461 4998 ;
1489 4932 1541 4988 5.
1584 4931 1661 4987 De
1694 4933 1880 4987 eadem
1923 4932 1993 4986 ad
2019 4948 2105 4986 re-

603 5055 676 5125 (a)
707 5054 813 5111 Sed
842 5052 1014 5125 libros
1038 5048 1128 5125 Yll
1158 5047 1504 5125 delirinnitate
1541 5060 1715 5125 usque
1762 5045 1829 5125 ad
1871 5045 1998 5099 libr.
2025 5046 2106 5125 ad

530 5115 739 5196 reginas
766 5126 879 5196 jam
906 5121 963 5175 in
996 5118 1084 5173 ed.
1118 5133 1169 5171 a.
1223 5115 1635 5196 1528ureperiri’
1658 5115 1826 5196 modo
1849 5122 2107 5196 _annota-
2140 5165 2145 5169 .

531 5185 727 5253 vimus.
757 5185 985 5259 Reliqua
1013 5189 1296 5259 opuscula
1309 5185 1522 5259 adjecta
1541 5195 1671 5259 sunt
1689 5195 1744 5241 et
1782 5186 2009 5259 collecta
2032 5185 2105 5259 _in

530 5275 663 5321 tom.
728 5262 826 5325 IV,
880 5252 1543 5329 interpreteWolfgango
1589 5254 1973 5329 Musculouaut
2017 5253 2101 5329 Jo.

530 5330 844 5400 ΟΕιτοιαηιρἸ
874 5324 1165 5400 Ειςθπὶριει·
1197 5324 1522 5400 Ιιυίυέόἀὶῑ.
1557 5334 1641 5381 est
1667 5328 1723 5381 in
1764 5324 1901 5381 bibl.
1944 5325 2100 5380 acad.

530 5398 870 5466 Erlangensi.
904 5398 1068 5452 llsnt.

599 5470 670 5539 (b)
696 5469 897 5539 Bonav.
931 5467 1250 5534 Vulcanius,
1280 5466 1432 5539 praef.
1457 5467 1525 5522 ad
1555 5467 1849 5532 Arrianum
1881 5483 1930 5535 a.
1959 5466 2102 5539 1575

528 5537 775 5610 editum:
805 5537 882 5592 Ne
904 5539 1017 5610 quis
1043 5556 1123 5591 me
1150 5537 1343 5610 temere
1364 5539 1433 5591 ad
1465 5540 1601 5592 hunc
1636 5548 1904 5595 auctorem
1933 5537 2103 5610 denuo

527 5609 838 5664 uertendum
869 5608 1145 5663 decessisse
1173 5609 1452 5671 existimet,
1478 5625 1599 5661 neve
1619 5610 1736 5677 quis
1772 5623 1853 5661 me
1877 5624 1960 5660 eos
1986 5608 2106 5660 imi-

528 5680 635 5735 tari
660 5680 971 5750 suspicetur,
1005 5681 1243 5750 quicum
1274 5677 1424 5750 hodie
1448 5680 1634 5733 ueteris
1661 5678 1889 5748 alicujus
1927 5686 2108 5750 aucta—

528 5751 604 5804 rt's
634 5747 954 5819 postth
1003 5747 1234 5805 aliorum
1265 5748 1511 5819 editiones
1542 5747 1949 5819 recognitiOnem
1986 5747 2106 5817 pol-

532 5816 774 5886 licentur,
825 5823 869 5875 si
896 5820 1155 5891 conferas,
1204 5816 1369 5874 nihilo
1409 5816 1774 5891 _ainplius'eos
1805 5816 2110 5891 praestitisse

534 5893 785 5959 reperias,
815 5887 1059 5961 quantis
1091 5892 1178 5963 qui
1207 5897 1343 5963 laute
1401 5887 1666 5945 biennium
1708 5888 1896 5961 Cyrilli
1931 5887 2103 5959 Opera

2211 4757 2420 4830 Cgrilli,
2448 4759 2700 4812 hactenus
2730 4773 2764 4810 a
2813 4753 2991 4809 multis
3034 4753 3410 4807 desideratam.
3461 4753 3614 4807 IIanc
3668 4771 3792 4810 cum

2213 4851 2418 4920 frustra
2446 4852 2699 4904 hactenus
2738 4847 2961 4919 singulis
3002 4847 3381 4931 propemodum
3410 4848 3659 4901 nundinis
3694 4864 3791 4901 ea:-

2212 4949 2548 5013 spectassem,
2582 4948 2630 4995 et
2647 4941 2771 5011 jam
2801 4956 2981 4994 coram
3017 4940 3239 4993 hominis
3282 4946 3493 4992 aetatem
3532 4937 3795 4991 valetudi-

2199 5055 2419 5109 Lutetiw
2455 5054 2634 5109 edidit.
2674 5053 2840 5120 Quem
2871 5053 3078 5124 quidem
3107 5060 3513 5124 auctorem-cum
3551 5065 3794 5124 summo-

2202 5141 2325 5196 pere
2361 5135 2669 5195 corrupmm
2706 5121 3020 5185 habeamus,
3054 5136 3304 5196 nemoque
3350 5121 3460 5196 sit,
3496 5135 3560 5172 ea:
3608 5123 3794 5174 ortho-

2203 5190 2361 5266 doxis‘
2390 5190 2732 5266 scriptoribus
2754 5235 2766 5257 ,
2820 5192 3175 5266 quiimajore
3209 5190 3586 5266 recognitione
3618 5202 3794 5259 egeat,

2206 5259 2620 5319 nullumta'men
2654 5265 2717 5319 ab
2756 5259 2939 5335 eo'qui
2968 5259 3082 5316 eum
3113 5259 3370 5335 edendum
3404 5262 3609 5313 curavit
3632 5277 3782 5335 ,ραν-

2204 5336 2326 5389 bum
2362 5336 2704 5389 immutatum
2740 5342 2833 5387 aut
2863 5330 3154 5387 correctum
3195 5331 3461 5390 invenias,
3496 5346 3615 5382 cum
3657 5330 3801 5384 inte-

2212 5407 2315 5460 rim
2352 5406 2396 5460 is
2424 5408 2603 5460 omnia
2635 5407 2901 5475 priorum_
2924 5400 3527 5475 interpretuntnnomina
3549 5401 3791 5475 ἐυρρή-

2213 5484 2344 5576 mult,
2387 5467 2647 5576 totiufque
2683 5477 2853 5576 aperis
2883 5467 3092 5527 laudem
3135 5469 3377 5535 inaudita
3417 5467 3651 5538 quadam
3687 5469 3796 5522 im-

2213 5564 2270 5576 ν...
2317 5549 2452 5576 καὶ..
2482 5549 2521 5576 ..Σ
2544 5550 2572 5576 ..'
2598 5547 2694 5576 ..ἱη
2723 5546 2817 5576 ὅρηο

2203 5547 2454 5618 pudentia
2478 5546 2837 5618 sibitviitdicet.
2914 5611 2983 5618 __
3065 5610 3079 5618 -
3351 5605 3387 5618 υ

2277 5618 2344 5688 (c)
2364 5616 2660 5672 Vulcanius
2687 5605 3586 5688 praefladuskrrianum,edituma;
3614 5606 3745 5688 1575
3772 5624 3789 5662 :

2205 5676 2443 5757 Seposito
2485 5703 2511 5739 e
2546 5676 2787 5757 mani-bus
2816 5682 3036 5757 Cyrillo,
3065 5680 3149 5733 cui
3180 5676 3445 5739 vertendo,
3478 5687 3526 5730 at
3558 5679 3787 5757 Isidoro,

2206 5753 2289 5810 cui
2314 5756 2625 5827 castigando
2649 5756 2863 5827 longam
2886 5753 3009 5827 _jam
3051 5764 3265 5827 operam
3306 5763 3588 5827 nararam,
3616 5755 3784 5827 totum
3820 5810 3823 5813 _

2210 5845 2289 5882 me
2314 5819 2507 5892 magna
2539 5827 2704 5880 animi
2726 5819 3006 5878 alacritate
3036 5820 3105 5875 ad
3134 5819 3429 5873 Attianum
3471 5821 3680 5878 contuli.
