3998 6304
204 237 264 291 49
1417 251 1542 301 ΝΟ]
1560 255 1695 301 ΓΗΔ
1735 256 1825 301 ΕΑ
1867 248 2215 303 ιιΑιιιςιωυ.

3122 174 3446 297 ,Χῶυ

203 352 728 460 νιξιηᾳαεηρενάίιαῖιι.
756 354 1145 456 consider-aram
1170 396 1184 421 ,
1221 358 1347 428 petii
1385 357 1450 411 ab
1485 374 1545 412 eo
1568 367 1627 412 ut
1656 358 1758 431 Cy-
1788 367 1830 425 Α
1860 359 2129 415 omittam.
2150 358 2365 416 Citam
2394 356 2497 413 hoc
2528 357 2715 429 Cyrilli
2746 370 2887 460 opus
2916 356 2989 412 ab‘
3014 350 3498 460 And'rcasa'mg‘

202 443 371 498 rillum
395 443 636 499 Greecum
653 444 776 511 fidei
802 460 929 500 mea:
965 447 1263 501 concederet
1300 464 1317 502 :
1354 464 1434 502 me
1462 465 1563 502 non
1586 448 1761 505 solum

205 549 407 604 operam
445 533 700 588 daturum
754 543 812 588 ut
860 550 924 589 ex
972 536 1137 607 ipsius
1195 546 1313 592 voto
1346 537 1436 592 ille
1469 540 1525 594 in
1574 539 1761 611 vulgus

202 626 376 688 exiret,
402 624 498 679 sed
522 627 682 681 etiam
710 626 773 680 de
788 626 983 682 codicis
1016 630 1183 698 pretio
1208 630 1309 701 ipsi
1339 630 1760 700 satisfacturum.

202 714 260 770 At
283 715 395 783 ille,
421 719 610 787 gratiis
652 732 747 790 pro
763 719 925 790 ofﬁcio
953 722 1106 785 actis,
1154 727 1363 775 tantum
1389 722 1557 776 adhuc
1572 724 1763 778 uirium

204 806 287 861 sibi
315 823 589 878 superesse
628 809 823 875 aiebat,
868 817 926 864 ut
955 812 1169 882 ipsemet
1191 813 1454 883 promisso
1498 831 1553 868 se
1584 815 1762 869 exsol-

204 912 309 950 vere
338 905 531 968 posset.
589 899 759 970 Usque
787 900 916 955 adeo
963 918 1143 956 verum
1186 912 1283 968 est,
1339 905 1603 959 neminem
1648 921 1762 960 esse

202 996 301 1041 tam
321 1004 500 1043 senem
527 992 619 1060 qui
645 1007 750 1045 non
778 992 893 1046 dico
921 992 1076 1059 diem,
1108 994 1197 1048 sed
1241 1011 1407 1049 annos
1441 998 1766 1067 supervivere

203 1096 338 1150 posse
366 1098 423 1135 se
451 1082 704 1155 desperet.
742 1082 1060 1155 Quanquam
1100 1095 1216 1140 erat
1246 1102 1350 1141 non
1389 1104 1539 1142 nemo
1568 1090 1624 1142 in
1650 1090 1765 1144 An-

203 1169 323 1242 glia,
352 1173 443 1243 qui
477 1172 540 1227 de
569 1175 706 1228 tanti
747 1175 981 1229 thesauri
1015 1178 1337 1245 possessione
1364 1177 1641 1248 magniﬁce
1668 1196 1764 1249 po-

205 1262 297 1315 tius
333 1278 390 1316 se
405 1262 663 1332 jactasse,
698 1281 861 1336 quam
880 1281 999 1319 vere
1030 1264 1319 1336 gloriatum
1337 1267 1498 1337 fuisse
1530 1269 1765 1339 affirma-

208 1358 290 1404 ret.
326 1350 551 1406 Certum
593 1360 774 1408 tamen
807 1361 892 1409 est
918 1354 1245 1410 Vulcanium
1269 1371 1379 1411 non
1419 1356 1583 1413 modo
1610 1359 1767 1429 plura

203 1440 382 1513 Cyrilli
417 1442 631 1500 inedita
670 1444 858 1502 Graece
899 1447 1229 1518 possedisse,
1260 1450 1356 1506 sed
1382 1452 1550 1506 etiam
1575 1452 1767 1509 Latine

206 1534 425 1589 vertisse
477 1536 626 1591 haud
678 1553 872 1607 pauca,
926 1555 1159 1610 quorum
1232 1558 1360 1612 pars
1415 1542 1767 1601 bibliothecae

209 1624 446 1682 Leidensi
476 1628 649 1699 legata
673 1628 752 1702 [et
785 1630 840 1685 in
861 1631 981 1688 Cat.
1003 1631 1126 1687 bibl.
1157 1633 1303 1688 Leid.
1328 1635 1473 1689 inter
1499 1635 1661 1692 codd.
1697 1652 1767 1692 ex

1862 457 2052 504 sateno
2108 448 2254 519 apud
2298 446 2647 503 Anastasium
2694 446 2753 501 in
2812 445 3062 517 Hodego,
3114 460 3237 516 pag.
3295 441 3459 506 διες.

1861 540 2150 610 Ephraamo
2188 539 2537 595 Antiocheno
2585 538 2731 610 apud
2778 537 3036 593 Photium
3070 537 3192 592 cod.
3229 550 3464 599 οεδιπυς..

1861 629 2091 686 Leontio
2132 630 2259 703 Byz.
2313 631 2370 684 in
2412 628 2726 701 Eutychen;
2764 629 2834 683 ab
2889 627 3180 683 Anastasio
3232 626 3464 681 Sinaitar

1863 727 2055 790 quaest.
2079 719 2169 786 20,
2189 720 2258 776 59
2290 716 2346 775 et
2377 720 2464 786 57;
2497 719 2707 775 Joanne
2724 718 3061 774 Damasceno
3080 714 3157 769 De
3179 716 3463 788 Trisagio,.

1865 820 1998 866 tom.
2033 811 2057 866 Ι
2088 810 2254 881 Opp.,
2280 825 2336 882 p.
2374 808 2499 874 400,
2525 816 2585 864 el.
2622 808 2681 863 in
2709 806 3177 872 Parallelis,.tom.
3208 806 3276 870 Il,
3317 823 3439 878 pag.

1864 902 1988 966 564,
2019 910 2075 957 et
2112 917 2145 956 a
2182 910 2502 957 catenarum
2535 900 2854 957 auctoribus
2894 899 2950 953 in
2983 898 3437 953 Pentateuchum.

1865 993 2110 1048 Meminit
2127 1000 2184 1048 et
2200 992 2565 1064 Nicephorus,
2585 1008 2694 1057 xxv,
2710 992 2798 1058 lxii,
2811 1007 2886 1047 ac
2902 991 3132 1047 Photius
3151 991 3273 1047 cod.
3294 1007 3440 1057 uix;

1864 1084 2240 1157 Cyrillusipsc
2275 1085 2379 1141 sub
2406 1086 2623 1141 initium
2667 1084 2777 1138 τῶν
2819 1083 3138 1157 Γλαφυρῶν,
3170 1100 3224 1154 p.
3265 1082 3301 1136 2
3345 1082 3438 1155 (b).

1818 1182 1839 1204 '
1867 1177 1926 1231 In
1953 1177 2197 1248 antiquis
2222 1177 2434 1232 Latinis
2459 1176 2795 1233 editionibus
2806 1175 3201 1230 tantummodo
3234 1174 3445 1245 primus

1868 1265 2034 1337 hujus
2077 1266 2260 1336 operis
2285 1266 2430 1321 liber
2466 1281 2534 1320 ex
2567 1265 2675 1320 alia
2717 1264 3171 1336 interpretatione
3219 1263 3440 1336 legitur,

1868 1368 1992 1423 qua:
2025 1354 2219 1426 incipit
2252 1373 2264 1408 :
2300 1353 2760 1426 Supervacaneum
2790 1356 2978 1427 Opinor
3020 1370 3211 1426 rogare
3259 1370 3324 1408 ea:
3371 1362 3439 1407 te.

1866 1443 2056 1500 Graeca
2096 1444 2375 1502 Aubertus
2430 1446 2771 1518 deprompsit
2835 1462 2866 1503 e
2923 1445 3114 1507 codice
3170 1445 3440 1510 Vulcanii,

1868 1549 2032 1606 quem
2075 1535 2425 1592 bibliothecae
2462 1537 2722 1593 Leidensi
2753 1536 2845 1592 ille
2880 1536 3155 1608 legaverat
3177 1533 3269 1606 (e),
3291 1542 3346 1588 et
3376 1550 3444 1589 ex

1872 1626 2044 1681 altero
2071 1626 2288 1692 Ilarlaei,
2342 1627 2724 1684 Macloviensis
2770 1627 3037 1699 episcopi,
3089 1627 3248 1696 cujus
3281 1625 3446 1680 variae

206 1716 367 1785 legato
430 1718 681 1775 Vulcanii
738 1721 981 1794 laudata]
1047 1724 1217 1780 etiam
1277 1723 1510 1782 Auberu
1568 1726 1763 1783 usibus
1795 1713 1837 1769 Β
1869 1716 2134 1773 lectiones
2158 1727 2282 1788 post
2309 1727 2468 1774 notas
2502 1718 2694 1790 Agellii
2736 1718 2793 1773 in
2824 1718 2969 1772 calce
3007 1713 3304 1771 voluminis
3344 1728 3439 1768 oe-

206 1806 389 1864 deinde
414 1811 614 1879 patuit.

263 1898 310 1951 2.
348 1898 638 1957 Frontonis
661 1902 861 1969 Ducrei,
890 1903 959 1960 de
982 1920 1093 1976 quo
1114 1905 1355 1963 Iacobus
1372 1907 1695 1965 Sirmondus
1710 1909 1768 1966 in

208 1988 387 2045 litteris
420 1992 489 2046 ad
518 1992 905 2050 Sebastianum
939 1996 1325 2068 Tegnagelium
1355 1999 1497 2055 datis
1530 2016 1589 2055 ιιι
1624 2000 1764 2056 Non.

204 2075 333 2148 Sept.
358 2080 499 2136 1696
530 2082 630 2137 :In
660 2082 960 2141 bibliotheca
973 2085 1200 2142 Patrum
1219 2088 1617 2145 Greco-Latina
1640 2092 1768 2146 duo-

199 2166 280 2223 bus
294 2170 646 2228 voluminibus
665 2181 1035 2247 comprehensa
1056 2179 1209 2234 desiit
1225 2182 1252 2234 ὁ
1267 2182 1596 2254 μακαρίτης,
1614 2185 1702 2254 qui
1717 2190 1767 2238 et

204 2259 387 2323 alia,ut
406 2266 566 2328 nosti,
581 2267 958 2335 meditabatur,
970 2270 1341 2341 Nicephorum,
1367 2274 1763 2341 Theodoretum,

202 2347 467 2417 Cyrillum,
521 2351 675 2408 Alex.
713 2362 763 2413 et
791 2355 952 2411 biblia
986 2358 1414 2417 Graeco-Latina.
1446 2363 1532 2418 Ea;
1575 2366 1763 2435 quibus

199 2437 538 2513 Nicephorum
554 2440 719 2514 plane
747 2444 1062 2513 absolverat,
1091 2447 1468 2510 Theadoretunt
1490 2470 1686 2526 magna
1700 2470 1765 2510 ea:

198 2542 333 2599 parte
356 2534 658 2604 confectum
687 2536 929 2594 habebat.
966 2539 1118 2606 Quod
1148 2543 1346 2610 deerat,
1375 2546 1618 2618 supplere
1654 2549 1765 2620 ipse

194 2623 405 2679 institui.
442 2625 525 2679 Ad
550 2624 811 2697 Cyrillum
854 2633 1106 2702 pauciora
1149 2633 1470 2707 collegerat,
1499 2655 1615 2709 qua:
1644 2642 1764 2695 usui

194 2718 359 2769 tamn
384 2732 504 2771 esse
523 2720 742 2790 possint,
777 2722 823 2776 si
841 2722 957 2793 quis
994 2726 1092 2778 huc
1123 2724 1413 2797 aliquando
1441 2729 1511 2783 ad
1540 2746 1765 2785 eamcu-

196 2817 302 2858 rem
326 2808 577 2861 animum
607 2808 838 2880 adjiciet.
868 2810 1079 2885 [Cyrilli
1121 2814 1298 2886 Opera
1322 2817 1412 2873 vix
1447 2818 1610 2890 digna
1638 2835 1760 2876 esse

193 2909 301 2964 qua:
322 2896 604 2969 legantur,
635 2900 844 2971 judicat
877 2904 954 2959 La
980 2904 1152 2961 Croze
1189 2908 1328 2962 Hist.
1358 2907 1551 2964 Christ.
1572 2909 1761 2969 Indiae.

191 2984 280 3040 lib.
308 3004 346 3053 ι,
368 3004 497 3059 pag.
528 2988 614 3045 16.
633 2991 806 3047 Huuu.
833 2992 919 3066 [In
938 2993 1123 3051 Bibliis
1147 3001 1314 3053 sacris
1331 2998 1557 3054 multum
1577 3001 1761 3056 etdili-

194 3086 361 3149 genter
389 3079 695 3149 laborarat,
715 3100 980 3156 unumque
994 3087 1087 3141 hoc
1104 3104 1234 3159 opus
1255 3106 1364 3161 pra:
1384 3092 1587 3147 ca’teris
1604 3108 1762 3165 urge-

193 3167 290 3222 bat.
312 3167 417 3224 Sed
437 3187 626 3226 vereor
653 3181 714 3228 ut
735 3174 791 3228 in
815 3184 1083 3245 posterum
1104 3195 1320 3249 sperare
1348 3180 1525 3248 liceat,
1551 3192 1764 3255 propter

194 3272 370 3314 novam
402 3261 690 3317 editionem
731 3262 1213 3333 Graeco-Latinam,
1258 3287 1376 3341 qua:
1409 3272 1492 3326 hic
1517 3274 1638 3344 jam
1675 3275 1763 3328 iu-

191 3349 367 3405 choala
401 3361 504 3417 est,
549 3364 790 3421 curante,
824 3364 879 3410 ut
911 3358 1089 3422 audio,
1111 3359 1197 3414 Jo.
1227 3362 1459 3431 Marino,
1487 3381 1515 3419 e
1538 3382 1760 3438 congre-

190 3442 392 3509 gatione
418 3442 683 3512 Oratorii,
714 3449 825 3503 viro
855 3450 1026 3517 docto,
1058 3462 1165 3509 etc.

245 3531 295 3586 5.
335 3533 579 3590 Conradi
613 3537 949 3596 Rittershusii
974 3583 988 3606 ,
1041 3543 1109 3598 de
1141 3559 1252 3613 quo
1297 3545 1421 3600 vide
1464 3546 1626 3616 epist.
1662 3547 1767 3602 552

187 3631 241 3675 et
260 3622 360 3679 555
394 3626 552 3683 inter
594 3631 854 3699 epistolas
900 3633 1146 3688 virorum
1192 3633 1478 3690 doctorum
1519 3637 1588 3691 ad
1634 3637 1765 3693 Gol-

189 3713 416 3784 dastum,
452 3720 644 3775 editas
661 3737 691 3776 e
717 3723 1053 3782 bibliotheca
1078 3727 1368 3782 clarissimi
1407 3726 1761 3784 Thulemarii.

248 3807 297 3860 1.
338 3808 803 3874 Dissertationem
841 3815 911 3871 de
957 3819 1178 3888 scriptis
1221 3817 1405 3890 Cyrilli
1440 3819 1593 3873 Alex.
1634 3836 1763 3891 pro-

187 3896 322 3953 misit
347 3900 437 3955 Jo.
492 3901 801 3961 Garnerius
844 3906 912 3962 ad
944 3906 1176 3963 Marium
1217 3909 1594 3978 Mercatorem,
1629 3920 1760 3967 tom.

187 3985 246 4052 II,
279 4005 332 4059 p.
356 3992 450 4046 45.

214 4078 295 4133 IV.
327 4081 394 4136 In
425 4082 665 4138 editione
692 4071 1099 4142 Graeco-Latina
1129 4087 1306 4145 Paris.
1350 4093 1726 4148 continentur:

243 4167 416 4225 Tomo
443 4171 492 4228 Ι.
510 4202 590 4212 --
608 4179 678 4229 α’.
709 4174 846 4245 Περὶ
865 4176 963 4247 τῆς
984 4177 1041 4230 ἐν
1076 4178 1346 4249 πνεύματι
1398 4181 1492 4234 καὶ
1516 4181 1765 4254 ,ἀληθείᾳ

178 4263 611 4334 προσκυνήσεως
632 4265 726 4317 καὶ
765 4265 1039 4339 λατρείας,
1071 4268 1148 4322 De
1174 4269 1480 4326 adoratione
1522 4281 1571 4327 et
1619 4273 1762 4328 cultu

1869 1819 2118 1866 currunt.
2156 1810 2318 1865 Faue.
2349 1841 2421 1851 -—
2462 1810 2615 1864 Libri
2651 1810 2863 1880 priores
2902 1815 3118 1863 exstant
3176 1805 3350 1860 Oxon.
3385 1804 3456 1858 in.

1868 1903 1991 1958 cod.
2017 1903 2237 1958 Barocc.
2261 1918 2318 1957 n.
2348 1901 2448 1958 201
2473 1901 2648 1957 Catal.
2681 1931 2753 1941 ——
2789 1900 2849 1955 In
2877 1899 3040 1957 codd.
3076 1899 3254 1955 Vatic.
3296 1904 3352 1953 et
3372 1896 3441 1952 de
3550 1946 3554 1951 .

1868 1992 2084 2066 Harlay,
2140 1993 2520 2049 Macloviensis
2568 1993 2626 2047 in
2674 1992 2848 2048 Gallia
2885 1990 3148 2062 episcopi.
3196 2021 3265 2030 —-
3294 1990 3440 2045 Num

1868 2100 2007 2156 opus
2032 2086 2105 2142 sit
2135 2085 2320 2158 Cyrilli
2342 2086 2658 2157 genuinum,
2695 2084 2955 2154 disputat,
2984 2091 3041 2139 et
3061 2091 3249 2139 contra
3272 2082 3440 2158 Rive-

1845 2151 1985 2232 οιιὶιη
2007 2151 2203 2233 asserit
2229 2151 2431 2249 Cyrillo
2454 2176 2659 2232 Oudin.
2692 2176 2732 2231 1.
2766 2151 2840 2242 cl,
2876 2192 2932 2246 p.
2965 2174 3102 2230 1015
3129 2190 3248 2245 sqq.
3268 2151 3437 2229 uim.

1939 2267 2005 2338 β’.
2037 2268 2298 2338 Γλαφυρὰ
2355 2267 2470 2323 sive
2516 2269 2648 2323 scita
2695 2267 3076 2321 commentaria
3128 2266 3438 2337 (allegorica

1865 2371 2115 2428 magnam
2148 2366 2361 2429 partem
2390 2356 2781 2429 etanagogica)
2811 2358 2866 2411 iu
2897 2356 3010 2411 loca
3025 2357 3216 2411 sclecta
3244 2356 3439 2411 Penta-

1866 2436 2035 2502 teuchi
2057 2488 2073 2513 ,
2129 2447 2285 2503 Tomi
2328 2456 2483 2518 parte
2529 2464 2606 2512 ιι,
2652 2462 2710 2518 p.
2755 2447 2936 2502 1-455.
3000 2446 3138 2504 Cum
3184 2447 3438 2502 versione

1863 2537 2098 2595 Andreae
2118 2538 2351 2600 Schotti.
2389 2538 2447 2595 S.
2487 2539 2536 2595 J.
2578 2538 2638 2594 In
2661 2538 2900 2594 Genesin
2940 2538 3038 2594 lib.
3070 2538 3182 2604 VII,
3214 2538 3270 2594 in
3296 2538 3438 2593 Exo-

1864 2630 1995 2687 dum
2023 2630 2127 2686 lib.
2160 2630 2253 2697 lli,
2298 2631 2354 2686 in
2387 2630 2694 2686 Leviticum
2740 2630 2783 2695 Ι,
2830 2630 2889 2684 in
2919 2629 3191 2685 Numeros
3214 2629 3258 2695 I,
3292 2637 3349 2684 et
3376 2628 3435 2684 in

1864 2722 2350 2777 Deuteronomium
2381 2722 2423 2777 Ι.
2457 2721 2572 2777 Hoc
2600 2737 2739 2793 opus
2767 2738 2798 2776 a
2821 2722 3101 2778 veteribus
3124 2721 3438 2791 frequenter

1863 2813 2116 2869 laudatur
2147 2812 2246 2886 (ά).
2273 2814 2465 2870 Latine
2483 2815 2721 2886 primum
2742 2802 2921 2870 lucem
2952 2814 3088 2869 vidit
3114 2829 3183 2868 ex
3206 2813 3437 2870 Andreas

1864 2904 2075 2961 Schotti
2119 2905 2372 2960 versione
2420 2905 2477 2960 in
2522 2905 2715 2960 Latina
2752 2903 2992 2975 Operum
3041 2904 3233 2976 Cyrilli
3279 2904 3434 2959 Pari-

1865 2998 2033 3053 siensi
2059 2999 2189 3053 anni
2224 2998 2382 3053 1605.
2426 2998 2635 3053 Deinde
2680 3013 2806 3053 cum
2859 2997 3207 3053 sermonibus
3247 2995 3436 3067 Cyrilli

1866 3087 2214 3158 paschalibus
2256 3089 2326 3144 ab
2365 3088 2560 3145 eodem
2614 3087 2842 3144 Schotto
2895 3086 3082 3144 Graece
3137 3096 3193 3142 et
3244 3086 3437 3141 Latine

1863 3179 2201 3248 publicatum
2244 3185 2329 3234 est
2369 3177 2637 3247 Antuerp.
2663 3177 2820 3242 l6l8,
2861 3176 2956 3232 fol.
3000 3176 3278 3232 Aubertus
3310 3191 3436 3231 cum

1863 3269 2076 3326 Schotti
2121 3269 2365 3325 editione
2410 3269 2657 3324 codicem
2692 3267 2890 3322 Harlaei
2939 3266 3192 3329 contulit,
3242 3265 3435 3320 lectio~

1861 3376 2104 3430 numque
2134 3358 2429 3414 varietates
2463 3358 2519 3411 in
2550 3366 2797 3411 extremo
2829 3355 3105 3411 volumine
3136 3356 3433 3411 annotavit.

1863 3451 1944 3505 Ex
1971 3449 2270 3519 Nicephori
2316 3465 2428 3513 xw,
2481 3447 2568 3512 M,
2620 3446 2940 3516 suspiceris,
2980 3446 3243 3518 Cyrillum
3287 3448 3437 3518 ejus-

1863 3541 2012 3595 modi
2045 3538 2335 3607 Γλαρυρὰ
2363 3537 2737 3608 composuisse
2779 3552 2891 3591 non
2918 3546 3129 3593 tantum
3157 3538 3212 3592 in
3244 3537 3439 3593 Penta-

1867 3631 2147 3695 teuchum,
2196 3630 2291 3685 sed
2335 3629 2391 3684 in
2427 3629 2600 3685 libros
2633 3628 2919 3684 universos
2974 3628 3192 3684 Veteris
3244 3628 3435 3684 Testa-

1863 3724 2032 3779 menti
2055 3722 2148 3793 (e),
2174 3722 2256 3776 Τὰ
2292 3722 2584 3790 Γλαςρυρὰ
2608 3719 2677 3774 τὰ
2703 3720 2804 3791 τῆς
2834 3720 3075 3784 Παλαιᾶς
3096 3721 3316 3792 Γραφῆς
3346 3739 3439 3773 τυ-

1862 3816 2036 3879 πικῶς
2049 3817 2166 3887 εἱρη
2176 3814 2310 3887 μένα
2331 3815 2409 3879 εἰς
2429 3813 2662 3882 Χριστὸν
2682 3814 2776 3867 καὶ
2794 3814 2890 3885 τὴν
2911 3813 3031 3867 καθ’
3052 3815 3197 3886 ἡμᾶς
3211 3812 3438 3884 Ἐκκλη-

1864 3907 1987 3961 σίαν
2018 3907 2255 3975 ἀνάγων.
2314 3905 2373 3960 In
2428 3904 2668 3961 G‘enesin
2711 3904 2985 3978 Glaphyro
3046 3904 3233 3977 Cyrilli
3265 3905 3436 3961 vertit

1861 3997 2183 4053 Ambrosius
2231 3995 2686 4062 Camaldulensis,
2729 4003 2785 4052 et
2815 3983 3002 4053 'edere
3058 3997 3251 4062 voluit,
3296 4005 3437 4053 teste

1864 4088 2017 4145 Sixto
2064 4089 2314 4155 Senensi,
2350 4087 2497 4158 quod
2545 4086 2745 4153 facere,
2786 4089 2975 4144 nescio
3001 4104 3107 4159 qua
3149 4088 3216 4143 de
3245 4104 3433 4153 causa,

1868 4181 2186 4236 intermisit.
2212 4180 2374 4234 Fann.
2400 4208 2470 4218 ——
2506 4177 2689 4233 Leida:
2711 4178 2769 4233 in
2798 4178 2935 4234 bibl.
2966 4178 3120 4248 pub].
3153 4195 3275 4249 pag.
3307 4179 3432 4243 545,

1863 4286 1922 4324 ιι.
1971 4269 2059 4334 15,
2090 4268 2228 4324 inter
2273 4265 2525 4321 Vulcanii
2565 4266 2726 4320 codd.
2770 4264 2959 4335 Cyrilli
2992 4266 3296 4322 Dissertatt.
3342 4284 3433 4322 ar-

178 4351 228 4403 in
258 4355 454 4423 spiritu
484 4364 538 4410 et
564 4358 805 4422 ueritate,
839 4359 953 4414 sive
984 4360 1052 4415 de
1087 4359 1280 4416 ofﬁciis
1322 4361 1623 4419 Christiani
1652 4362 1754 4421 ho-
1795 4377 1833 4431 ο
1863 4377 2013 4420 canae
2035 4361 2094 4415 in
2119 4358 2376 4423 Genesin,
2420 4357 2635 4412 Latine.
2684 4356 2861 4411 Nicol.
2908 4356 3253 4423 Drumezius,
3293 4359 3434 4414 Bru-

177 4442 333 4499 minis
351 4462 491 4518 erga
525 4447 730 4513 Deum,
760 4448 888 4503 libri
911 4449 1077 4515 XVII,
1110 4446 1313 4524 dialogi
1339 4469 1493 4508 more
1540 4454 1757 4526 scripti,

178 4529 230 4585 in
244 4535 448 4603 quibus
472 4537 765 4594 Palladius
797 4548 855 4594 et
891 4540 1128 4613 Cyrillus
1169 4543 1576 4613 colloquuntur.
1603 4544 1665 4599 P.
1699 4546 1762 4599 1-

175 4622 288 4677 631.
313 4624 458 4681 Cum
490 4626 761 4682 versione
790 4627 1014 4684 Antonii
1039 4628 1235 4701 Agellii
1272 4629 1371 4702 (a),
1393 4630 1761 4702 Neapolitani,

175 4718 626 4789 congregationis
670 4718 1009 4775 Clericorum
1041 4720 1392 4793 Regularium
1432 4722 1761 4795 presbyteri,

174 4820 287 4875 qua:
328 4811 590 4880 primum
632 4809 908 4883 Lugduni,
949 4812 1047 4868 sed
1085 4813 1269 4869 minus
1306 4814 1596 4870 emendate
1629 4814 1765 4871 l587

175 4896 225 4951 in
250 4900 302 4965 1,
332 4902 549 4958 deinde
605 4905 920 4960 accuratius
952 4906 1160 4970 Romae,
1205 4896 1363 4972 1588,
1395 4905 1515 4972 fol.,
1563 4920 1764 4963 excusa

176 4992 361 5061 fuerat,
395 5004 460 5051 ut
493 4994 761 5050 Latinam
802 4995 1102 5051 editionem
1153 4996 1415 5052 Venetam
1461 4981 1591 5052 anni
1626 4997 1764 5055 1604

174 5106 597 5232 3At:)onl'iigzirlat
647 5106 797 5218 hunc
823 5107 1094 5180 Agellium
1135 5108 1335 5165 Petrus
1384 5102 1652 5175 Morinus,
1701 5123 1759 5180 p.

301 5193 499 5233 ODUSC.
660 5215 664 5218 ~

238 5244 589 5317 (b).§gellius
616 5245 678 5300 in
714 5246 977 5303 admonit.
1017 5246 1086 5302 ad
1122 5247 1383 5304 lectorem
1419 5244 1566 5302 :Hos
1610 5245 1768 5302 libros

173 5316 295 5370 cum,
322 5316 671 5389 Lugdunum
706 5317 1079 5389 imprimendos
1107 5319 1398 5389 misissem,
1450 5317 1581 5389 adeo
1626 5317 1769 5371 male

175 5400 270 5459 non
300 5386 458 5459 modo
485 5386 855 5459 imprimen’tis
878 5386 1220 5459 negligentia,
1260 5400 1440 5441 verum
1471 5387 1629 5459 etiam
1648 5403 1768 5459 cor-

175 5455 380 5530 rigentis
408 5455 584 5530 culpa
628 5458 829 5530 accepti
864 5455 1098 5530 fuerunt,
1135 5464 1194 5530 ut
1227 5456 1521 5530 innumeris
1550 5457 1767 5530 _mend_i_s

176 5524 322 5593 pleni,
360 5535 436 5598 et,
482 5524 819 5598 quodmihi
861 5524 1129 5598 molestius
1161 5526 1282 5596 fuit,
1319 5525 1769 5580 annotatiunculis

179 5594 507 5666 marginibus
539 5594 753 5666 additis
802 5596 1024 5665 respersi
1063 5594 1254 5660 essent,
1292 5611 1425 5666 quas
1465 5610 1630 5666 neque
1675 5611 1768 5666 ego

181 5662 438 5732 miseram,
474 5678 664 5735 neque
692 5662 913 5732 feceram
947 5680 965 5719 :
1004 5674 1051 5720 et
1077 5667 1153 5721 ita
1196 5662 1385 5739 inepta:
1435 5673 1485 5720 et
1525 5662 1766 5720 absurda

1858 4454 2061 4528 gensis,
2091 4451 2340 4507 Latinam
2354 4449 2664 4505 versionem
2692 4447 2892 4519 adjecit
2910 4456 2969 4503 et
2999 4458 3266 4505 annotatt.
3292 4450 3432 4506 Ibid.

1858 4561 1982 4617 pag.
2017 4543 2140 4609 402,
2170 4558 2229 4596 n.
2259 4542 2313 4607 9,
2348 4540 2455 4595 loci
2493 4555 2662 4595 sacras
2696 4539 2971 4610 Scripurae
2997 4540 3093 4611 qui
3126 4556 3438 4597 memoran—

1861 4643 1952 4691 tur
2004 4652 2035 4691 a
2085 4633 2291 4707 Cyrillo
2334 4632 2569 4702 aliisque
2622 4630 2879 4689 Patribus
2913 4631 3006 4688 Gr.
3053 4662 3125 4672 ——
3174 4630 3437 4688 Honachii

1863 4727 1922 4782 in
1975 4726 2113 4782 bibl.
2153 4725 2376 4781 elector.
2426 4722 2552 4778 cod.
2606 4722 2812 4789 XVIII,
2871 4721 2995 4795 Cyr.
3034 4710 3186 4777 Alex.
3240 4724 3295 4777 in
3331 4722 3434 4779 Ge-

1869 4820 2054 4884 nesin,
2100 4816 2344 4873 Exodum
2367 4856 2382 4881 ,
2417 4815 2719 4879 Leviticum,
2761 4814 3019 4870 Numeros
3043 4854 3060 4879 ,
3104 4813 3431 4868 Deuterono-

1868 4911 2055 4965 mium.
2088 4907 2145 4963 V.
2179 4905 2299 4962 Cat.
2335 4906 2482 4961 codd.
2514 4898 2738 4970 Bavar.,
2767 4921 2822 4975 p.
2859 4903 3353 4960 5.—Vindobonaa
3378 4905 3435 4961 in

1867 4998 2003 5054 bibl.
2037 4996 2286 5053 Caesarea
2319 4995 2441 5050 cod.
2478 4990 2634 5060 LVII,
2663 5011 2720 5048 n.
2755 4992 3011 5048 104-107.
3038 4993 3346 5053 Comment.
3373 4996 3431 5050 in

1866 5115 2040 5173 erant,
2073 5116 2132 5161 ut
2175 5105 2367 5160 alicubi
2407 5121 2471 5158 ne
2517 5104 2746 5158 auctoris
2785 5101 2993 5173 quidem
3029 5106 3347 5163 sanctissimi
3384 5116 3434 5163 et

1868 5177 2206 5233 eruditissimi
2233 5176 2331 5229 viri
2361 5175 2560 5227 nomini
2593 5180 2886 5243 parcerent.

1959 5246 2007 5319 c)
2028 5245 2245 5319 V._C_at.
2269 5244 2392 5319 bibl.
2413 5241 2670 5319 “Leidq‘p.
2699 5241 2823 5308 544,
2854 5258 2911 5298 n.
2945 5241 3014 5299 10
3032 5253 3091 5300 et
3110 5244 3199 5311 11,
3219 5253 3275 5301 et
3306 5261 3429 5319 pag.

1865 5310 2066 5383 διιδζιι.
2097 5315 2169 5370 25
2188 5329 2253 5369 ac
2281 5314 2370 5369 26.
2413 5310 2579 5366 Hann.

1960 5376 2014 5464 ἀ)
2038 5384 2192 5464 .yide
2214 5384 2527 5464 vinemopt.
2556 5390 2688 5435 tom.
2719 5376 2860 5464 xlv,
2892 5396 2946 5464 p.
2975 5382 3097 5437 672.

1958 5450 2006 5525 ej
2034 5452 2416 5525 Cassiodorus,
2441 5451 2495 5504 in
2516 5451 2781 5525 prommio
2799 5450 3109 5506 Divinarum
3135 5451 3430 5525 lectionum,

1863 5520 2129 5596 Cyrillum
2147 5522 2319 5602 refert
2336 5520 2599 5602 interneos
2625 5520 2719 5602 qui
2742 5529 2907 5574 totam
2947 5525 3159 5579 sacram
3187 5522 3434 5602 Scriptu-

1866 5588 1982 5648 ram
2010 5610 2042 5649 a
2079 5592 2348 5665 principio
2374 5590 2440 5646 ad
2468 5588 2861 5648 Ilnem'Grteco
2898 5603 3149 5647 sermone
3184 5588 3431 5651 declara-

1866 5671 2015 5719 runt.

2695 5780 2771 5791 δ...
