3998 6304
469 308 537 369 tu
1694 301 1978 358 norma
2014 301 2108 357 ex
2146 297 2483 357 FABRICIO.
3674 260 3744 337 se

468 422 723 487 Geuesin,
757 419 884 476 libri
915 419 1004 486 III,
1050 421 1105 474 in
1150 417 1421 482 Exodum,
1491 414 1703 472 divisus
1748 415 1806 470 in
1846 415 1891 471 V
1914 429 2035 470 ser-
2076 420 2118 477 Α
2149 411 2409 485 auspiciis
2436 409 2605 466 Marci
2626 404 2855 469 Velseri,
2888 403 2983 474 qui
3009 401 3065 456 in
3093 399 3325 471 epistola
3355 394 3431 469 (a)
3457 394 3526 450 ad
3546 395 3747 449 Vulca-

472 529 690 580 mones;
729 514 786 568 in
813 512 1093 577 Numeros,
1140 510 1352 566 divisus
1404 507 1462 562 in
1500 508 1545 563 V
1586 522 1777 571 serm.,
1808 508 1864 561 in
1900 505 2048 559 Deu-

471 615 662 669 teron.,
693 605 752 659 in
776 604 1004 659 totidem
1030 617 1271 658 sermon.
1303 600 1534 655 divisus.
1570 599 1634 654 V.
1670 597 1928 653 Lambec.
1958 595 2047 660 Ill,

472 712 595 769 pag.
632 694 738 751 249
789 710 872 766 sq.
921 725 991 734 —
1016 693 1077 748 In
1105 693 1244 748 bibl.
1286 691 1522 755 Bodlci.,
1555 690 1678 745 cod.
1715 687 2049 753 Cromwell.,

473 806 529 845 ιι.
558 789 684 854 294,
739 787 882 854 Cat.,
910 786 1097 860 Cyrill.
1142 788 1199 841 in
1237 786 1459 858 quwsita
1509 791 1560 838 et
1591 783 1751 837 dubia
1799 780 1857 837 S.
1907 779 2048 836 Scri—

473 892 686 954 ptum;
718 881 815 937 sed
842 880 1124 937 confector
1159 877 1278 934 Cat.
1315 877 1464 931 codd.
1498 874 1725 948 Anglia),
1762 883 1893 938 etc.,
1925 873 1966 937 I,
1996 887 2051 942 p.

474 976 563 1039 44,
626 973 831 1030 addit:
878 992 896 1024 ι
924 972 1183 1029 Continct
1234 979 1416 1026 autem
1476 985 1667 1025 revera
1693 966 2053 1031 Theodoreti,

476 1064 645 1135 episc.
694 1062 845 1136 Cyri,
911 1061 1232 1128 Quwstiones
1280 1062 1337 1114 in
1385 1058 1636 1115 Genesin.
1686 1075 1704 1107 ι
1760 1054 1941 1125 Atque
1997 1053 2055 1107 in

476 1153 598 1209 cod.
625 1153 864 1209 Florent.
897 1152 1158 1206 Laurent.
1196 1148 1341 1214 XIX,
1373 1163 1431 1202 ιι.
1466 1146 1554 1211 10,
1587 1146 1725 1217 plut.
1772 1145 1825 1210 6,
1874 1143 2058 1197 Theo-

479 1244 653 1301 doreti
682 1243 1087 1311 Quaestionibus
1120 1234 1192 1296 'in
1235 1241 1357 1296 loca
1405 1240 1574 1295 dubia
1604 1238 1661 1294 S.
1716 1238 1772 1293 S.
1827 1237 2061 1291 interse-

460 1345 678 1393 Juntur
704 1343 940 1406 quatuor
968 1333 1157 1405 Cyrilli
1183 1347 1382 1387 comm.
1407 1333 1464 1385 in
1489 1330 1761 1385 Numeros
1781 1328 2057 1398 fragium,

480 1430 805 1485 observante
825 1427 1055 1482 Bandin.
1078 1425 1134 1480 in
1169 1424 1287 1480 Cat.
1319 1424 1470 1479 codd.
1503 1422 1596 1479 Gr.
1622 1422 1900 1485 Laurent.,
1927 1420 1971 1485 I,
2002 1434 2057 1490 p.

482 1522 582 1575 1'57
615 1536 696 1591 sq.
730 1550 801 1560 —
831 1517 1006 1577 Oxon.
1042 1516 1098 1571 in
1122 1516 1257 1571 bibl.
1287 1514 1502 1585 collegii
1531 1510 1956 1575 Lincolniensis,
2000 1525 2060 1563 n.

482 1611 619 1667 1540
650 1611 792 1676 Cat.,
824 1610 949 1682 Cyr.
981 1626 1111 1681 opus
1153 1622 1311 1678 super
1357 1605 1599 1662 Genesin.
1630 1634 1701 1644 --
1730 1601 1976 1658 Venetiis
2006 1598 2064 1653 in

483 1705 643 1761 codd.
684 1703 899 1759 DXXIII
931 1702 1065 1756 bibl.
1097 1700 1286 1764 Marc,
1317 1696 1444 1770 Cyr.
1479 1711 1608 1768 pars
1645 1694 1834 1766 operis
1866 1693 2064 1749 inseri-

2159 511 2312 565 nium
2334 549 2348 573 ,
2379 523 2429 561 a.
2460 504 2591 560 1601
2637 503 2783 563 data,
2824 499 2960 570 Ego,
3003 513 3068 551 ne
3099 496 3321 556 nescias,
3354 491 3556 560 inquit,
3605 491 3749 543 inter

2159 602 2359 673 primos
2391 596 2580 670 Cyrilli
2616 601 2883 651 amatores
2926 605 3115 644 nomen
3157 584 3450 658 profiteor:
3489 583 3639 654 cujus
3670 584 3747 636 rei

2160 693 2281 746 hinc
2324 691 2683 760 conjecturam
2713 682 2895 756 capias
2945 682 3084 746 licet,
3131 679 3270 749 quod
3322 677 3491 730 amico
3537 674 3748 729 cuidam

2162 800 2297 848 meo,
2333 782 2532 837 homini
2564 779 2742 836 Greece
2774 784 2825 829 et
2859 773 3051 829 Latine
3085 771 3328 842 apprime
3362 767 3533 832 docto,
3563 774 3751 820 auctor

2163 874 2259 945 fui,
2279 869 2717 927 commentarium
2742 867 2796 923 in
2821 863 2927 919 XII
2960 861 3239 934 prophetas
3270 858 3528 922 vertendi,
3552 858 3597 910 is
3625 870 3748 908 vero

2163 973 2329 1019 totum
2348 977 2568 1035 pensum
2584 961 2705 1031 jam
2723 956 2960 1020 absolvit,
2983 964 3034 1009 et
3054 969 3193 1008 nunc
3208 951 3440 1006 maxime
3468 949 3751 1002 editionem

2166 1058 2415 1112 adornat.
2462 1055 2755 1124 Prophetas
2786 1052 3015 1105 minores
3054 1048 3231 1102 decem
3264 1061 3328 1098 ex
3355 1043 3517 1097 Boica
3560 1039 3750 1095 biblio-

2167 1152 2313 1204 theca
2339 1147 2635 1212 habuimus,
2664 1143 2891 1215 reliquos
2917 1142 3046 1195 duos
3075 1156 3138 1194 eo;
3162 1137 3434 1193 Vaticano.
3471 1133 3753 1213 Aubertus

2164 1248 2362 1312 negat,
2386 1240 2489 1295 sibi
2518 1208 2686 1293 alium
2714 1208 2961 1291 codicem
3008 1247 3112 1286 ms.
3136 1238 3336 1301 praeter
3361 1226 3593 1283 Pontani
3630 1208 3755 1280 edi-
3818 1264 3826 1279 .

2168 1334 2371 1389 tionem
2402 1330 2470 1385 ad
2501 1343 2698 1385 manus
2725 1326 2919 1390 fuisse,
2968 1322 3077 1378 nisi
3115 1319 3264 1391 quod
3294 1318 3363 1374 ad
3411 1316 3750 1387 Sophoniam

2168 1440 2300 1480 usus
2327 1430 2412 1479 est
2441 1417 2825 1489 antiquissimo
2858 1412 3209 1470 bibliothecae
3236 1408 3421 1478 Regia:
3448 1405 3627 1461 Paris.
3658 1403 3750 1459 Ci-

2169 1523 2317 1571 tatur
2342 1514 2410 1569 ab
2436 1511 2736 1583 Ephraimo
2765 1517 2930 1579 atque
2968 1503 3202 1560 Leontio
3236 1501 3364 1572 Byz.
3403 1499 3463 1554 In
3486 1497 3574 1552 his
3604 1511 3757 1549 com-
3824 1540 3835 1548 .

2170 1600 2969 1676 mentariis,’quemadmodum
2998 1596 3132 1652 etin
3159 1594 3269 1648 illis
3307 1606 3444 1662 quos
3478 1591 3533 1645 in
3558 1588 3753 1643 Isaiam

2172 1698 2496 1771 composuit,
2520 1695 2746 1767 propius
2768 1691 3058 1747 litteralem
3081 1684 3508 1754 scnsum,’quam
3532 1682 3586 1735 in
3621 1678 3755 1736 Cla-

485 1797 563 1867 pti
594 1796 662 1850 τὰ
688 1791 1000 1864 Γλαρυρά.
1030 1793 1094 1847 V.
1134 1789 1253 1846 Cat.
1290 1789 1439 1843 codd.
1464 1786 1842 1856 Gr.Marc.,p.
1877 1784 2076 1840 282.—

2192 1793 2377 1864 ohyris,
2400 1789 2638 1862 Cyrillus
2663 1783 3033 1858 persequitur.
3070 1780 3229 1836 FABR.
3265 1808 3335 1818 ——
3359 1774 3582 1837 Oudin.,
3607 1772 3643 1825 l.
3676 1786 3753 1834 c.,

485 1887 623 1943 Ibid.
674 1887 730 1941 in
772 1884 896 1941 cod.
930 1883 1178 1949 Naniano
1215 1878 1455 1943 LXXIX,
1503 1877 1629 1949 Cyr.
1671 1876 1966 1948 Glaphyro.
2000 1876 2065 1931 V.

487 1979 602 2035 Cat.
644 1977 794 2032 codd.
838 1976 930 2033 Gr.
960 1975 1128 2040 Nau.,
1158 1989 1213 2044 p.
1253 1970 1376 2026 160.
1405 1969 1610 2026 Eadem
1643 1969 1699 2024 in
1733 1969 1856 2024 cod.
1893 1967 2066 2024 Vatic.

488 2068 658 2124 Hann.

557 2161 710 2215 ΤοΜο
742 2160 807 2215 ll.
858 2190 929 2199 -—
950 2158 1019 2226 σί.
1071 2157 1135 2213 In
1176 2158 1378 2213 Isaiam
1405 2157 1716 2229 praphetam
1742 2163 2067 2209 commenta-

490 2255 689 2309 riorum
734 2252 854 2307 libri
897 2250 957 2316 V,
999 2266 1235 2321 quorum
1267 2250 1471 2322 singuli
1500 2250 1723 2313 iterum,
1754 2247 1968 2319 primus
2018 2244 2074 2300 in

490 2347 677 2414 λόγους
735 2361 851 2410 sex,
899 2344 1176 2400 secundus
1212 2345 1270 2399 in
1306 2346 1507 2415 τόμους
1553 2341 1823 2412 quinque,
1876 2340 2077 2395 tertius

491 2432 681 2487 Itidem
724 2432 780 2486 in
816 2432 1016 2503 τόμους
1054 2431 1307 2496 totidem,
1347 2438 1579 2501 quartus
1620 2430 1678 2484 in
1720 2429 1988 2499 quinque,
2021 2437 2078 2483 et

493 2524 716 2594 quintus
738 2523 794 2578 in
817 2537 910 2578 sex
943 2522 1136 2591 λόγους
1182 2522 1527 2579 dividuntur.
1558 2521 1830 2592 Adjuneta
1861 2529 1947 2576 est
1969 2520 2077 2575 La-

493 2616 607 2671 tina
644 2615 824 2670 versio
855 2614 1133 2669 Laurentii
1167 2613 1431 2669 Hunl'redi
1456 2659 1469 2679 ,
1505 2613 1696 2685 Angli,
1736 2628 1900 2683 quam
1931 2627 2075 2667 anno

494 2707 632 2763 1562
661 2707 898 2762 dicatam
923 2706 1276 2771 Elisabcthae,
1307 2706 1513 2777 Anglia:
1545 2705 1767 2776 reginae,
1794 2714 1852 2759 et
1872 2702 1928 2758 in
1953 2702 2075 2758 edi-

496 2803 645 2858 tione
675 2800 920 2872 Operum
958 2799 1149 2872 Cyrilli
1178 2800 1370 2857 Latina
1414 2798 1578 2854 Basil.
1617 2796 1777 2861 1566,
1812 2796 1932 2862 Iol.,
1961 2795 2078 2866 pri-

499 2909 647 2949 mum
685 2893 913 2958 editam,
955 2893 1234 2947 Aubertus
1261 2890 1598 2962 recognovit,
1643 2889 1945 2958 Graecaque
1981 2902 2083 2958 pu-

499 2987 721 3043 blicavit
763 3001 831 3041 ex
874 2986 1065 3042 codice
1092 2985 1357 3045 Vaticano
1395 2990 1471 3048 et,
1524 2983 1619 3054 qui
1670 2981 1812 3037 duos
1868 2981 2083 3052 priores

501 3089 710 3135 tantum
738 3078 1076 3141 continebat,
1124 3077 1313 3148 Regio.
1355 3074 1569 3131 Citatur
1599 3089 1630 3128 a
1663 3073 1944 3137 Facundo,
1985 3088 2078 3135 xI-,

501 3174 552 3237 7,
607 3188 713 3228 nec
760 3187 870 3226 non
909 3187 940 3226 a
1000 3160 1227 3225 Leontio
1277 3169 1406 3240 Byz.
1441 3176 1627 3221 contra
1678 3166 1973 3238 Eutychen,
2027 3136 2152 3220 etC

504 3261 803 3333 Ephraimo
842 3258 1186 3314 Antiocheno
1211 3252 1353 3327 apud
1393 3255 1649 3311 Photium
1696 3254 1820 3310 cod.
1872 3269 2085 3310 ccxxIx.

481 3351 664 3408 Ἕλικι.
706 3380 777 3390 -
828 3348 889 3403 In
932 3346 1069 3402 bibl.
1111 3345 1404 3413 Escorial.,
1455 3343 1580 3416 Cyr.
1632 3344 1687 3398 in
1711 3342 1786 3398 IV
1805 3343 2088 3415 prophetas

506 3445 757 3515 majores,
793 3449 849 3496 et
871 3439 996 3511 Cyr.
1040 3438 1385 3508 aliorumque
1434 3443 1693 3506 excerpta
1730 3433 1999 3507 expositio
2033 3432 2090 3486 in

510 3537 723 3600 Isaiam,
755 3540 893 3589 teste
930 3532 1131 3587 Plucro
1177 3531 1234 3585 in
1271 3530 1398 3584 Itin.
1446 3546 1538 3600 per
1578 3529 1757 3600 Hisp.,
1784 3543 1839 3598 p.
1873 3526 1995 3583 164.
2022 3555 2093 3565 —

508 3629 683 3685 Oxon.
706 3629 765 3683 in
798 3624 934 3682 bibl.
968 3622 1285 3689 Bodleiana,
1318 3640 1375 3678 n.
1417 3622 1520 3679 652
1561 3619 1764 3685 Catal.,
1799 3617 2088 3675 Comment.

516 3724 572 3776 in
592 3719 827 3784 Isaiam;
852 3717 996 3772 idem
1026 3716 1080 3771 in
1107 3716 1486 3771 cod.monast.
1513 3710 1852 3768 Benedictin.
1870 3709 1956 3763 bis
1973 3707 2094 3762 Flo-

517 3811 731 3875 rentiae,
767 3818 908 3866 teste
934 3807 1231 3865 Montfauc.
1274 3808 1330 3863 in
1359 3806 1513 3861 Diar.
1538 3802 1692 3868 Ital.,
1724 3819 1777 3872 p.
1814 3800 1940 3864 563,
1965 3798 2093 3853 etin

517 3902 656 3961 Bibl.
690 3902 924 3958 biblioth.
976 3918 1126 3965 mss.,
1163 3900 1205 3965 I,
1235 3916 1290 3971 p.
1326 3899 1429 3954 414
1460 3898 1523 3953 Ε.
1566 3926 1636 3936 -
1676 3894 1824 3948 Idem
1866 3892 1922 3946 in
1967 3889 2092 3946 eod.

518 3996 832 4054 Vindobon.
883 3994 1182 4057 LXXVIII,
1223 3992 1485 4062 opinante
1529 3986 1841 4049 Lambecio,
1899 3984 1989 4047 III,
2040 3998 2094 4052 p.

520 4091 626 4147 435
654 4105 769 4161 sq.;
793 4082 891 4144 sed
913 4086 1116 4142 Kollar.
1141 4101 1242 4157 pro
1271 4082 1457 4154 spurio
1491 4095 1618 4134 eum
1649 4076 1850 4141 habet;
1888 4075 1954 4130 V.
1982 4075 2102 4144 ejus

524 4190 710 4237 not.—
732 4180 881 4234 Idem
929 4184 986 4233 et
1021 4176 1078 4231 in
1118 4190 1239 4244 cap.
1283 4189 1299 4227 ι
1338 4167 1653 4240 Sophonirc,
1678 4164 1853 4221 Paris.
1884 4163 1939 4217 in
1975 4161 2117 4221 cod.,

525 4268 939 4333 DCCCXXXVI,
974 4284 1026 4322 ιι.
1063 4265 1088 4320 1
1131 4272 1187 4319 et
1210 4263 1267 4328 2,
1307 4260 1444 4316 bibl.
1474 4256 1632 4329 publ.
1660 4250 2100 4315 -—Oudin.l.e.,

529 4365 633 4420 col.
677 4358 828 4424 102⁸5,
865 4357 1142 4430 opinatur,
1202 4353 1350 4408 hunc
1407 4348 1464 4402 in
1501 4344 1695 4400 Isaiam
1743 4347 2102 4396 commentor.

2169 1862 2274 1940 col.
2306 1882 2443 1937 1024
2464 1897 2572 1951 sq.,
2602 1879 2750 1933 hunc
2786 1889 3004 1947 quoque
3028 1878 3388 1927 commentar.
3410 1862 3756 1935 suppositum

2168 1976 2371 2050 Cyrillo
2412 1973 2618 2036 fetum,
2645 1979 2701 2026 et
2733 1967 2980 2040 ejusdem
3016 1963 3261 2019 hominis
3301 1960 3397 2030 qui
3440 1971 3643 2013 comm.
3697 1953 3757 2007 in

2170 2067 2367 2123 Isaiam
2397 2060 2765 2124 contexuerit,
2799 2056 3110 2118 existimat,
3137 2050 3391 2122 pluribus
3415 2041 3762 2117 argumentis

2172 2156 2370 2212 victus.
2403 2152 2603 2225 Cyrillo
2630 2164 2764 2205 vero
2793 2145 3058 2202 tribuitur
3076 2143 3133 2197 in
3149 2139 3310 2196 codd.
3340 2139 3534 2192 Bavar.
3563 2131 3680 2187 XVI
3702 2138 3763 2184 et

2175 2247 2338 2304 XVII.
2355 2246 2420 2302 v.
2446 2221 2563 2301 Cat.
2587 2241 2736 2297 codd.
2760 2240 2852 2296 Gr.
2876 2238 3031 2301 Bav.,
3057 2250 3112 2305 p.
3142 2233 3195 2289 5.
3216 2230 3359 2285 ——In
3390 2228 3568 2282 tribus
3595 2221 3762 2278 codd.

2175 2336 2464 2401 Escorial.,
2497 2341 2641 2391 teste
2682 2332 2885 2387 Pluero
2922 2327 2960 2380 I.
2993 2341 3042 2380 c.
3095 2337 3217 2393 pag.
3255 2318 3376 2373 164.
3411 2346 3482 2356 --
3510 2314 3758 2369 Florent.

2180 2431 2238 2486 in
2273 2428 2399 2485 cod.
2432 2427 2692 2482 Laurent.
2729 2417 2994 2482 XXXVII,
3032 2432 3086 2470 n.
3121 2413 3206 2477 12,
3246 2410 3385 2480 plut.
3419 2407 3507 2471 69,
3533 2406 3653 2458 loca
3691 2418 3763 2457 ex

2176 2523 2274 2579 XII
2297 2521 2500 2576 minor.
2534 2517 2791 2589 prophet.
2830 2522 2887 2568 et
2927 2508 3196 2581 propheta
3228 2506 3297 2559 Is.
3329 2515 3455 2558 cum
3485 2495 3674 2570 Cyrilli

2177 2618 2411 2673 aliorum
2435 2587 2894 2684 expositionibus,
2919 2603 3099 2658 indice
3119 2596 3353 2653 Bandin.
3375 2592 3432 2647 in
3460 2590 3578 2647 Cat.
3608 2587 3761 2642 codd.

2179 2708 2434 2764 Laurent.
2455 2702 2571 2768 Gr.,
2601 2700 2668 2765 II,
2703 2698 2808 2753 col.
2839 2694 2964 2750 652.
2997 2690 3166 2746 Hann.
3570 2765 3572 2768 ν

2250 2800 2401 2855 ΤοΜο
2414 2767 2576 2852 IV.—¥
2595 2793 2656 2846 ε’.
2685 2790 2751 2845 1η
2772 2782 3121 2856 Evangelium
3143 2777 3199 2835 S.
3223 2775 3447 2832 Ioannis
3479 2771 3599 2827 libri
3624 2767 3749 2832 XII,

2181 2909 2307 2948 cum
2333 2904 2471 2944 nova
2500 2884 2754 2941 versione
2775 2880 2860 2936 Jo.
2880 2873 3130 2932 Auberti.
3169 2872 3230 2926 III
3264 2866 3478 2923 Latinis
3501 2860 3767 2920 editioni—

2184 2985 2290 3039 bus
2336 2982 2443 3035 hoc
2479 2992 2619 3048 opus
2665 2980 2843 3029 exstat
2883 2984 2951 3024 ex
2999 2959 3459 3035 interpretatione
3509 2950 3763 3023 Gregorii

2183 3044 2554 3146 Trapezuntii,
2571 3082 2693 3140 qua:
2711 3064 2991 3137 prodierat
3009 3056 3300 3130 separatim
3323 3050 3496 3109 Paris.
3516 3044 3767 3146 1520-(6),

2187 3137 2415 3223 ΐοὶίὸεᾶ
2441 3179 2553 3218 non
2586 3137 2750 3215 modo
2778 3169 2996 3227 magna,
3026 3159 3088 3206 ut
3120 3147 3350 3209 solebat,
3386 3140 3609 3198 licentia
3630 3137 3770 3193 Tra-

2186 3244 2483 3330 pezuutius
2523 3255 2583 3309 in
2637 3252 2743 3306 hac
2789 3246 3046 3304 versione
3099 3257 3235 3297 usus
3281 3248 3387 3301 est,
3433 3233 3532 3290 sed
3573 3232 3773 3296 libros,

2189 3348 2468 3419 quintum,
2511 3350 2757 3406 sextum,
2803 3337 3087 3409 septimum
3129 3342 3187 3388 et
3221 3339 3486 3390 octavum,
3529 3336 3671 3393 quos
3715 3319 3774 3372 in

2188 3437 2393 3496 Graecis
2418 3433 2704 3491 codicibus
2729 3446 2843 3486 non
2870 3427 3095 3498 reperit,
3117 3424 3280 3496 plane
3299 3417 3504 3475 omisit.
3532 3412 3778 3479 Quatuor

2190 3527 2489 3585 iutermedii
2533 3523 2681 3589 libri,
2726 3520 2906 3592 inquit
2955 3517 3195 3575 Jodocus
3238 3511 3631 3571 Clichtoveus,
3680 3519 3781 3557 nec

2193 3685 2428 3786 potuere,
2461 3709 2796 3782 vigilantiam
2826 3702 3214 3763 adhibuerunt,
3246 3694 3441 3768 reperti
3464 3697 3606 3746 sunt.
3634 3685 3778 3742 Nam

2195 3777 2245 3862 et
2281 3805 2335 3858 in
2371 3802 2470 3858 illa
2499 3777 2695 3870 insigni
2725 3793 2909 3852 Romae
2947 3792 3221 3865 ponti/icia
3265 3785 3573 3842 bibliotheca
3616 3777 3777 3870 quin-

2195 3896 2361 3968 quies,
2397 3900 2477 3947 ter
2510 3867 2716 3963 quidem
2745 3886 2930 3940 Latine
2977 3881 3081 3954 (de
3129 3872 3481 3946 Trapezuntii
3520 3867 3779 3925 versione

2197 3959 2494 4057 intellige),
2515 3959 2563 4037 et
2599 3983 2673 4036 bis
2700 3979 2878 4036 Graece
2908 3971 3186 4041 conscripti
3213 3969 3472 4026 uisuntur,
3502 3969 3550 4014 et
3584 3959 3778 4027 ubique

2198 4089 2249 4136 et
2272 4054 2463 4134 eisdem
2490 4078 2546 4130 in
2576 4074 2699 4129 locis
2722 4070 2895 4125 trunci
2925 4085 2987 4122 ac
3029 4062 3224 4120 mutili.
3254 4060 3444 4128 Itaque
3462 4054 3574 4116 hic,
3610 4065 3779 4121 quem

2200 4168 2336 4235 dixi,
2367 4166 2743 4227 Clichtoveus,
2786 4153 3219 4229 Neoportnensis
3239 4193 3253 4217 ,
3284 4150 3462 4203 libros
3492 4145 3616 4200 illos
3645 4157 3783 4212 qua-

2204 4270 2331 4316 tuor
2350 4273 2419 4313 ex
2451 4272 2552 4312 suo
2580 4252 2800 4325 ingenio
2847 4245 3154 4319 supplevit,
3187 4238 3550 4312 Augustinum
3582 4235 3638 4288 in
3667 4232 3774 4302 ple-

2205 4350 2392 4420 risque
2406 4319 2734 4410 secutus,'ut
2749 4349 2997 4397 notatum
3030 4332 3309 4392 Richardo
3327 4326 3537 4385 Simoni
3556 4319 3782 4420 tomLIII

530 4471 651 4511 esse
677 4407 1001 4513 recentibus
1032 4407 1403 4511 auctorisqui
1429 4439 1588 4507 longe
1619 4440 1744 4505 post
1761 4431 2024 4503 Cyrillum
2050 4428 2108 4482 in
2141 4464 2183 4519 ο
2210 4407 2456 4493 Ηεεῖονίω
2503 4407 2697 4488 causa:
2723 4430 2856 4485 Novi
2899 4427 3060 4489 Test.,
3114 4437 3238 4494 pag.
3275 4417 3377 4475 529
3415 4425 3474 4472 et
3504 4413 3626 4469 574.
3669 4407 3782 4465 Sed

530 4547 644 4601 otio
666 4542 887 4607 vixerit,
916 4551 971 4597 et
995 4537 1261 4611 plurimos
1287 4540 1413 4589 ante
1441 4545 1501 4586 se
1528 4528 1698 4598 hujus
1724 4524 1857 4579 libri
1888 4522 2104 4577 habue-

533 4639 607 4694 rit
627 4643 1102 4693 commentatores.
1124 4628 1291 4684 ΒΑΜ..

494 4770 503 4783 .
598 4731 752 4786 Touo
764 4727 832 4783 III
841 4768 853 4781 .
868 4756 934 4767 ——
945 4725 986 4778 δ’
993 4764 1006 4776 .
1025 4722 1089 4777 In
1100 4719 1202 4775 XII
1213 4718 1493 4789 prophetas
1507 4716 1733 4768 minores
1745 4707 2110 4765 commentarii

410 4886 419 4889 _
535 4836 662 4879 cum
690 4818 939 4876 versione
953 4810 1142 4870 Jacobi
1173 4806 1425 4870 Pontani,
1450 4804 1507 4860 S.
1530 4803 1604 4870 J.,
1636 4803 1730 4874 qui
1753 4801 1855 4857 hos
1884 4800 2096 4871 primus

414 4908 433 4935 ’³
452 4890 477 4895 γ’
532 4914 721 4970 Graece
741 4921 797 4968 et
816 4909 1007 4968 Latine
1033 4896 1607 4969 edideratlngolstadii
1630 4911 1682 4951 a.
1704 4894 1840 4950 1605
1859 4892 1934 4966 [a.
1953 4890 2109 4954 1607,

534 5022 623 5076 ap.
647 5003 1024 5071 Hamberger.,
1046 5003 1103 5050 et
1128 4994 1187 5048 in
1202 4990 1320 5048 Cat.
1349 4988 1470 5044 bibl.
1497 4987 1761 5051 Leidens.,
1777 5001 1833 5055 p.
1860 4981 1974 5055 57],
1994 4981 2111 5047 fol.,

609 5144 688 5212 (a)
714 5138 924 5199 Velseri
959 5135 1160 5212 Opera;
1186 5150 1241 5205 p.

612 5192 686 5285 ibi
714 5192 838 5267 ubi;
850 5192 989 5285 opus
1007 5192 1081 5261 cx
1100 5192 1321 5285 Georgii
1335 5198 1698 5285 Irapezuntii
1708 5195 1970 5285 versione
1981 5192 2109 5285 giti-

613 5263 651 5285 \'
667 5263 682 5284 Ῐ
717 5263 788 5267 _v'
817 5263 822 5264 ⁷
867 5263 924 5289 7³.
1452 5263 1470 5271 ⁵
1708 5269 1718 5280 ι
1767 5268 1779 5278 υ

538 5287 810 5364 ειιιρνθιιδ
842 5292 1033 5364 eum?
1059 5263 1583 5364 θέέρὲκὲῐίεωξξ)
1624 5266 1899 5364 39:11:21-
1943 5263 2102 5364 £503"

538 5335 862 5421 iiiisJap.‘
888 5345 1056 5402 Henr.
1084 5345 1372 5415 Stephan.,
1399 5341 1493 5396 l'ol.
1528 5339 1593 5394 V.
1624 5336 1922 5393 Lambach.
1962 5335 2000 5389 l.
2038 5348 2112 5396 c.,

538 5441 595 5498 νς
621 5422 711 5485 θον
743 5430 802 5475 ει
828 5433 995 5488 supra
1027 5415 1288 5498 ἓξιλξοιέιο
1323 5412 1484 5498 eiitt-
1532 5403 2114 5498 PeE‘R;_I’_‘?§Pf!_-°.9‘.i'

542 5473 1071 5573 ghio'ﬁécoéggvn
1097 5484 1232 5573 illud
1259 5499 1314 5573 ἦ
1339 5481 1496 5573 1520,
1525 5473 2026 5573 adjectislquatuor
2053 5473 2118 5527 li-

537 5547 1035 5641 bris‘intermet‘liis,
1048 5554 1142 5627 qui
1153 5547 1632 5641 desiderabantur,
1640 5564 1713 5641 ex
1730 5547 2120 5641 Chrysogoon

541 5613 598 5710 si
614 5613 752 5686 aliis
768 5613 1034 5710 rauim
1054 5613 1251 5710 έεοιεξ-
1273 5640 1329 5710 ξ.
1351 5637 1411 5679 se
1439 5613 1991 5710 ςοιιςςιξξξίρριίίςες
2018 5613 2115 5710 «ξε-

544 5683 1057 5827 ’Ῑνὰᾗξὶὲέῐείοηθ
1092 5696 1225 5753 Zeni
1263 5693 1485 5750 Dissert.
1536 5690 1834 5755 Vossiante,
1872 5697 2005 5743 tom.
2049 5683 2116 5750 ll,

544 5788 665 5827 οδε.
730 5814 741 5825 .
823 5787 940 5825 .tnt.

544 5788 665 5845 pag.
692 5787 741 5826 δ.
778 5787 940 5827 mat.

2211 4527 2473 4600 quoniam
2500 4521 2803 4581 Cliehtovei
2838 4518 3280 4589 supplementum
3320 4526 3372 4565 a'
3395 4505 3581 4580 Cyrilli
3610 4500 3786 4572 ipsius

2211 4598 2376 4691 opere
2397 4619 2455 4672 in
2471 4615 2643 4671 titulis
2660 4613 2929 4668 librorum
2953 4607 3198 4679 quidem,
3222 4603 3319 4659 sed
3345 4615 3451 4655 non
3470 4598 3786 4653 charactere

2212 4689 2469 4783 typorum
2499 4705 2587 4760 vel
2617 4703 2724 4758 alia
2751 4709 2880 4756 nota
2909 4713 3009 4771 per
3056 4695 3299 4769 singulas
3344 4689 3571 4762 paginas
3616 4695 3789 4751 agno-

2214 4778 2439 4863 scenda,
2467 4791 2732 4864 distingui
2762 4790 2896 4846 satis
2915 4787 3181 4858 contigit,
3212 4784 3342 4838 hinc
3377 4779 3580 4833 factum
3604 4780 3688 4827 est
3716 4778 3791 4864 ut

2217 4888 2376 4947 multi
2426 4859 2497 4959 lc)
2538 4859 2748 4940 incauti
2793 4894 2892 4951 pro
2931 4873 3245 4949 Cyrillianis
3289 4868 3580 4926 laudarent
3616 4859 3792 4959 verba

2217 4947 2549 5039 Clichtovei,
2580 4980 2745 5042 atque
2768 4947 2880 5023 illis
2907 4947 2990 5021 ad?
3008 4958 3337 5019 stabilienda
3365 4970 3485 5018 sua,
3519 4965 3640 5022 quae
3673 4947 3793 5002 vel-

2288 5116 2357 5190 (c)
2412 5116 2535 5190 Non
2578 5109 2856 5190 assentior
2884 5086 3796 5190 Theophila):[.ann‘audquuimin

2213 5160 2880 5245 Erbtlema‘t'ibus'deﬂbonis
2911 5183 2961 5228 et
2986 5160 3141 5245 malis
3174 5160 3342 5227 libris,
3364 5176 3499 5245 pag.
3520 5160 3589 5245 7147
3594 5160 3630 5245 ἒ
3639 5171 3793 5245 seq”

2212 5225 3203 5321 allii‘rlnbtjib'veh’ardentiummeditato
3217 5252 3277 5321 su
3285 5225 3575 5321 pposdisse
3583 5225 3799 5321 “tigillo

2222 5294 3267 5386 u[C‘llilc'llituoi’rdivit-eri;t"quae—ilii—Iaudat
3289 5294 3409 5386 pro
3448 5294 3800 5386 immacplata

2570 5364 2955 5467 conceptione.
2977 5364 3129 5438 “Nam
3146 5364 3440 5467 facile‘hoc
3467 5383 3580 5467 noti

2226 5434 2930 5533 benti-eg'n‘t‘ihg‘ebevprotuit,
2944 5434 3415 5533 iquemadmod‘uILn
3438 5434 3803 5533 con

2225 5506 2522 5594 33535511";
2524 5506 2882 5590 2i°i>AHéii6J
2894 5506 3053 5594 qujos
3072 5513 3510 5594 arguitltober‘t‘.
3537 5506 3805 5594 Cocusin

2228 5574 2803 5672 EL°£§3¥JZchiﬁ¢oram
2834 5574 3102 5672 ιζξιὲίιξξῃ,
3134 5574 3192 5670 ᾗ.
3223 5584 3436 5672 589‘,_‘et
3460 5579 3647 5672 Ptlenlroc
3657 5574 3810 5672 Ma:

2230 5726 2664 5810 ὗιᾶἶὶἆῖἁῷἅᾶ
2681 5737 2886 5794 Eodem
2900 5732 3120 5790 nomine
3147 5726 3594 5793 aliuminsignem
3618 5726 3805 5770 vnum
