3998 6304
202 231 267 287 ςει
1435 234 1717 293 NOTITIA
1758 234 1851 292 ex
1893 234 2235 294 nummo.
3294 195 3300 201 ’
3400 242 3473 297 ss

205 340 553 416 leut,plaeita
584 351 901 400 uterentur:
931 344 1077 401 bono
1098 345 1265 402 etiam
1296 344 1615 407 Clicbtoveo
1636 349 1778 406 mala
1805 352 1855 411 Α
1881 349 2003 405 aliis
2054 350 2287 407 aliarum
2335 347 2717 406 bibliothecar.
2778 350 3063 410 codicibus
3110 368 3251 410 mss.
3299 353 3467 410 ﬂant.

206 436 294 492 illa
303 451 534 507 repensa
544 444 629 491 est
649 436 910 508 gratia,ut
921 452 1021 507 pro
1034 437 1224 494 labore
1236 454 1337 495 suo
1363 439 1648 513 indignum
1662 459 1778 497 ma-

210 526 429 597 leferiati
462 526 733 582 nebulonis
761 528 999 601 elogium
1021 545 1051 585 a
1071 528 1250 587 Caveo
1278 532 1486 587 tulerit.
1508 532 1779 588 Caeterum

207 618 262 673 in
279 618 437 674 Joan.
473 618 698 675 Auberti
733 620 996 688 editione,
1026 623 1120 693 qui
1141 623 1352 694 primus
1378 623 1565 680 Graeca
1584 623 1777 690 edidit,

208 712 440 784 suppleti
463 719 680 768 suntex
696 711 1052 769 Holsteniano
1073 713 1262 770 codice
1290 715 1416 770 libri
1445 716 1673 788 genuini
1698 716 1782 770 in-

208 803 364 874 tegri,
398 804 713 872 quintuset
741 812 949 869 sextus,
982 806 1077 874 qui
1113 802 1319 860 desinit
1347 804 1404 859 in
1431 805 1780 875 expositione

210 895 405 965 capitis
430 912 495 961 χ,
527 911 673 951 vers.
711 896 812 963 17;
851 896 1070 967 septimi
1096 912 1232 952 vero
1263 906 1321 953 et
1352 897 1529 952 octavi
1560 897 1782 967 copiosa

206 995 263 1039 et
283 985 443 1056 longa
467 983 769 1056 fragmenta
784 985 1121 1041 exhibentur
1148 1001 1274 1040 cum
1299 986 1553 1041 versione
1571 986 1780 1041 Nicolai

209 1074 466 1129 Borbonii
489 1117 504 1140 ,
539 1074 741 1131 Graecae
767 1075 966 1147 lingua:
994 1075 1136 1146 prof.
1169 1091 1306 1148 reg.,
1353 1092 1476 1148 pag.
1519 1075 1779 1138 660-715,

205 1182 271 1221 ex
287 1165 511 1222 Catenis
538 1166 593 1221 in
612 1167 899 1232 Joannem,
918 1166 1009 1221 illa
1027 1167 1299 1239 praecipue
1315 1167 1594 1238 praeclara,
1617 1181 1782 1236 quam

207 1257 389 1313 adhuc
412 1256 672 1313 ineditam
687 1272 717 1312 a
730 1258 775 1313 D
816 1257 884 1313 de
905 1256 1121 1331 Harlay,
1139 1257 1486 1314 Macloviensi
1502 1258 1780 1328 episcopo,

208 1347 469 1403 utendam
500 1348 731 1418 accepit.
768 1347 937 1402 Liber
967 1363 1148 1404 nonus
1176 1349 1371 1420 incipit
1406 1364 1438 1403 a
1469 1348 1650 1419 capite
1686 1363 1778 1411 χιι,

207 1454 351 1494 vers.
376 1438 465 1495 49.
490 1437 706 1495 Citatur
730 1438 917 1511 Cyrilli
946 1436 1232 1510 Expositio
1255 1439 1313 1494 in
1335 1440 1600 1495 Joannem
1630 1454 1661 1493 a
1683 1439 1785 1494 Fa—

206 1529 423 1595 cundo,
462 1529 695 1586 Leontio
728 1530 855 1602 Byz.
895 1540 1081 1585 contra
1131 1530 1433 1603 Eutychen,
1486 1529 1783 1600 Ephraimo

207 1621 547 1677 Antiocheno
581 1621 724 1693 apud
755 1622 1009 1677 Photium
1041 1620 1165 1678 cod.
1208 1637 1434 1688 ccxxxx;
1466 1621 1701 1677 concilio
1729 1637 1784 1676 νι

1959 441 2130 498 Τοκο,
2163 442 2207 499 ν
2261 472 2333 485 -.-
2360 448 2432 509 ς’,
2468 443 2533 497 Ἥ
2550 441 2732 513 βίϐλος
2754 443 2862 497 τῶν
2889 443 3195 518 Θησαυρῶν
3221 446 3469 519 περὶτῆς

1889 533 2050 602 ἁγίας
2070 534 2165 587 καὶ
2192 533 2483 604 ὁμοουσίου
2515 534 2765 605 Τριᾶδος.
2782 534 2843 588 Ρ.
2867 535 3056 590 1-581.
3085 537 3385 593 Thesaurus
3405 537 3471 601 de

1886 634 2070 681 sancta
2094 634 2145 680 et
2157 626 2594 682 consubstantiali
2618 627 2876 683 Trinitate
2903 627 2971 683 ad
2987 628 3363 698 Nemesinum,
3387 630 3472 686 λό-

1886 733 2004 787 γοις
2040 717 2135 783 λε’,
2166 719 2325 774 libris
2350 718 2568 786 XXXV,
2601 735 2727 774 cum
2767 718 3020 775 versione
3042 719 3247 775 Bonav.
3271 722 3471 778 Vulca-

1889 808 1987 875 nii,
2018 811 2135 882 qui,
2167 810 2231 866 A.
2262 810 2325 867 C.
2362 811 2501 867 1615
2539 810 2854 877 defunctus,
2886 812 2993 867 hoc
3027 826 3168 882 Opus
3200 811 3388 868 Graece
3415 821 3472 870 et

1888 900 2082 958 Latine
2104 899 2455 958 bibliothecae
2483 901 2742 958 Leidensi
2781 902 3081 974 legaverat,
3108 900 3257 957 unde
3292 901 3362 956 ad
3381 902 3471 958 Jo.

1894 991 2193 1048 \ubertum
2233 994 2505 1065 pervenit.
2561 994 2619 1049 In
2659 993 2871 1049 Latinis
2909 993 3251 1050 editionibus
3294 1000 3475 1050 exstat

1886 1082 2105 1153 Georgii
2149 1083 2505 1155 Trapezuntii
2538 1084 2614 1156 (α)
2647 1100 2842 1156 parum
2878 1085 3161 1156 probanda
3195 1084 3471 1157 interpre-

1892 1174 2020 1228 tatio
2054 1175 2111 1229 in
2142 1174 2261 1231 XIV
2286 1175 2383 1231 lib.
2415 1177 2618 1231 tributa
2640 1217 2656 1240 ,
2692 1192 2816 1247 qua:
2851 1176 3083 1233 seorsim
3119 1177 3300 1233 lucem
3333 1177 3474 1232 vidit

1886 1264 2063 1320 Paris.
2094 1266 2253 1332 1514,
2279 1266 2437 1334 1520,
2466 1266 2560 1322 fol.
2594 1266 2689 1339 (b).
2719 1267 2832 1322 Leo
2860 1268 3097 1324 Allatius
3132 1268 3379 1324 Diatriba
3407 1268 3474 1324 de

1890 1354 2142 1427 Ceorgiis,
2172 1372 2228 1427 p.
2261 1356 2367 1412 575
2408 1375 2421 1411 :
2452 1355 2593 1429 Opus
2631 1357 2821 1430 Cyrilli
2844 1358 3158 1414 Thesaurus
3194 1376 3470 1431 nuncupa-

1889 1454 2021 1511 tum,
2078 1449 2133 1501 in
2174 1446 2441 1519 plerisque
2468 1450 2865 1505 codicibusmss.
2903 1450 3197 1505 Athanasio
3236 1450 3473 1505 Alexan—

1889 1538 2042 1593 drino
2072 1539 2339 1605 tribuitur,
2368 1540 2464 1595 sub
2508 1541 2660 1612 cujus
2700 1543 2910 1596 nomine
2939 1542 2995 1597 in
3025 1540 3277 1597 Latinum
3308 1544 3473 1596 inter-

1890 1633 2115 1701 pretatio
2153 1630 2376 1687 Joannis
2424 1632 2680 1704 Baptista:
2726 1631 2983 1699 Camotii,
3031 1633 3267 1688 nondum
3303 1632 3466 1696 edita,

206 1726 262 1771 et
313 1714 657 1771 Damasceno
702 1715 757 1769 in
799 1713 1129 1780 Parallelis;
1168 1713 1225 1770 8.
1270 1714 1505 1769 Maximo
1542 1722 1675 1769 tom.
1723 1714 1790 1781 Il,
1827 1716 1867 1770 Β
1894 1722 2032 1793 quod
2056 1723 2241 1787 sciam,
2268 1729 2342 1777 est
2358 1738 2514 1793 penes
2532 1738 2632 1777 me.
2652 1721 2857 1795 Cyrillo
2872 1722 3184 1778 vindicatur
3200 1721 3308 1777 hoc
3331 1737 3471 1792 opus

208 1823 328 1879 pag.
374 1807 465 1873 55,
513 1807 601 1872 64,
640 1806 744 1873 70,
778 1805 865 1861 87.
921 1806 1082 1862 Faue.
1124 1836 1196 1845 —
1222 1805 1348 1879 Cyr.
1383 1806 1439 1860 in
1485 1806 1691 1877 Evang.
1728 1806 1784 1861 S.

205 1898 430 1954 Joannis
455 1898 581 1954 libri
607 1914 646 1964 ι,
675 1914 733 1963 ιι,
760 1914 839 1965 ιιι,
861 1898 1030 1963 tv,'ix,
1052 1913 1103 1963 ιι,
1125 1913 1198 1963 ιι,
1222 1905 1279 1953 et
1298 1913 1384 1964 ιω⁸
1410 1897 1466 1952 in
1482 1898 1605 1952 cod.
1624 1895 1790 1952 CXXI

208 1991 402 2045 Venet.
432 1989 565 2044 Mar.
597 1989 663 2045 V.
700 1987 818 2045 Cat.
844 1989 997 2043 codd.
1029 1988 1123 2046 Gr.
1144 1988 1336 2055 Mam,
1363 2006 1419 2061 p.
1448 1988 1537 2044 '70.
1557 2020 1628 2030 —
1652 1989 1790 2044 Ver-

209 2082 290 2137 sio
316 2080 537 2152 Georgii
564 2081 795 2153 Trapez.
818 2083 875 2137 in
892 2081 1018 2137 cod.
1045 2081 1088 2148 I,
1116 2081 1256 2153 plut.
1297 2081 1351 2147 6,
1385 2081 1518 2137 bibl.
1561 2082 1793 2138 Malate-

208 2174 399 2231 stianre
426 2173 746 2229 Caesenatis.
781 2174 845 2229 V.
890 2174 1145 2231 Muccioli
1180 2173 1360 2230 Catal.
1395 2173 1548 2228 codd.
1593 2174 1650 2228 in
1695 2172 1792 2229 illa

213 2266 346 2322 bibl.
368 2278 503 2322 tom.
525 2267 567 2333 I,
594 2282 720 2339 pag.
743 2267 832 2322 28.
864 2299 936 2307 —
959 2268 1019 2323 In
1047 2266 1171 2324 cod.
1198 2268 1293 2323 lat.
1323 2266 1634 2324 IIMCXXIV
1650 2267 1788 2323 bibl.

211 2360 385 2417 Paris.
417 2359 649 2416 second.
672 2359 790 2417 Cat.
819 2359 968 2415 codd.
997 2359 1117 2415 Lat.
1148 2359 1304 2422 Par.,
1332 2361 1441 2415 vol.
1465 2360 1555 2425 lII,
1579 2376 1634 2432 p.
1661 2360 1787 2416 241.

208 2483 281 2495 --
308 2452 369 2507 ιιι
398 2452 688 2524 permultis
715 2450 924 2508 catenis
955 2459 1013 2506 et
1041 2451 1207 2508 editis
1247 2460 1304 2506 et
1336 2451 1589 2522 scriptis,
1625 2466 1788 2523 repo-

213 2545 319 2601 sita
352 2553 484 2600 sunt
530 2543 720 2617 Cyrilli
765 2544 1090 2615 fragmenta.
1133 2544 1196 2599 In
1240 2543 1403 2599 codd.
1442 2543 1670 2600 Coislin.
1720 2545 1785 2600 V.

212 2636 583 2693 Montfaueon.
611 2635 749 2691 Bibl.
774 2635 961 2702 Coisl.,
991 2652 1113 2708 pag.
1150 2637 1214 2691 41
1247 2652 1393 2707 sqq.,
1429 2636 1519 2702 57,
1547 2636 1610 2692 61
1639 2651 1787 2708 sqq.,

210 2727 301 2792 64,
330 2726 400 2783 66
429 2742 514 2797 sq.
540 2726 609 2782 75
635 2743 719 2798 sq.
751 2726 819 2781 82
845 2743 966 2797 sqq.
997 2757 1067 2766 -—-
1095 2727 1157 2782 In
1183 2736 1379 2782 catena
1428 2727 1487 2782 in
1508 2729 1789 2784 canticum

210 2818 413 2890 Moysis
432 2818 647 2889 aliaque
674 2818 886 2873 cantica
904 2818 967 2874 V.
988 2834 1052 2873 ac
1070 2818 1135 2873 N.
1165 2818 1231 2873 T.
1253 2818 1309 2873 in
1333 2819 1455 2874 cod.
1479 2819 1672 2875 Bavar.
1694 2820 1791 2876 XV

213 2908 364 2981 (Cat.
400 2926 458 2981 p.
502 2909 593 2981 5).
626 2940 697 2950 —
735 2909 797 2964 In
823 2909 1118 2966 Canticum
1156 2910 1502 2965 canticorum
1549 2911 1790 2982 epitome

209 3003 617 3072 expositionum
631 3001 906 3073 Procopii,
923 3002 1180 3073 sophistae
1200 3001 1516 3068 Christiani,
1534 3019 1564 3059 e
1589 3003 1790 3077 Cyrillo

210 3092 601 3161 Alexandrino,
625 3095 875 3166 aliisque,
908 3096 965 3151 in
992 3097 1115 3152 cod.
1139 3096 1369 3169 August.
1386 3097 1622 3164 Vindel.,
1654 3108 1791 3155 teste

213 3187 444 3242 Reisero
475 3187 533 3242 in
561 3186 739 3242 Indice
774 3188 923 3243 codd.
958 3188 1119 3260 Aug.,
1154 3204 1209 3260 p.
1244 3189 1333 3245 56.
1367 3190 1794 3247 —-Vindoboua:

214 3277 271 3330 in
295 3279 484 3333 multis
504 3288 823 3336 catenarum
844 3279 1005 3335 codd.
1029 3280 1250 3345 Caesam
1269 3297 1321 3337 e.
1349 3297 1433 3353 gr.
1453 3281 1543 3347 IV,
1563 3281 1633 3347 X,
1650 3282 1789 3349 XIV,

214 3369 329 3434 XV,
365 3369 583 3436 XXVII,
614 3369 809 3436 XXIX,
844 3371 958 3437 XL,
1005 3371 1168 3437 XLII,
1203 3371 1414 3437 XLVII,
1444 3373 1555 3428 vol.
1593 3373 1683 3429 III.
1723 3404 1794 3413 —

213 3461 278 3516 In
296 3461 419 3517 cod.
437 3461 668 3528 CXLVI,
686 3480 743 3517 ιι.
760 3463 815 3530 2,
838 3465 925 3531 15,
939 3464 1003 3520 21
1023 3465 1183 3530 et55,
1201 3463 1501 3521 CLXVIIet
1515 3462 1793 3529 CLXVIII,

214 3554 606 3622 CLXXXVIII,
632 3572 692 3611 ιι.
719 3556 808 3622 22,
838 3558 948 3612 vol.
987 3558 1056 3614 IV
1083 3566 1141 3612 et
1165 3556 1319 3612 alibi.
1348 3586 1420 3596 --
1462 3556 1708 3635 Flor-ent.
1742 3556 1799 3611 in

216 3645 380 3701 codd.
409 3646 672 3702 Laurent.
709 3649 773 3704 V.
797 3648 1031 3704 Bandin.
1064 3647 1185 3705 Cat.
1215 3648 1365 3703 codd.
1397 3648 1491 3704 Gr.
1528 3647 1719 3711 Laur.,
1752 3646 1795 3712 1,

219 3752 276 3805 p.
305 3737 394 3802 52,
432 3738 523 3803 91,
560 3755 618 3793 ιι.
643 3739 748 3806 24,
780 3757 835 3811 p.
867 3739 990 3806 102,
1036 3740 1160 3805 159,
1195 3739 1317 3806 161,
1343 3738 1448 3793 297
1477 3748 1534 3793 et
1562 3738 1688 3794 565.
1727 3769 1799 3779 —

220 3828 415 3884 Venet.
437 3830 494 3884 in
515 3829 650 3885 bibl.
672 3830 728 3886 S.
754 3831 1005 3886 Michael.
1041 3832 1097 3886 in
1118 3839 1310 3886 catena
1331 3829 1426 3885 Gr.
1456 3830 1511 3884 in
1534 3829 1792 3899 Evangel.

220 3917 281 3973 S.
301 3917 562 3985 Mattlttei,
588 3929 726 3978 teste
758 3921 1068 3977 Mittarellio
1097 3921 1154 3976 in
1181 3920 1320 3976 Bibl.
1343 3920 1492 3975 codd.
1517 3919 1574 3975 S.
1616 3920 1793 3985 Hic/1.,

219 4024 280 4079 p.
305 4008 430 4063 508.
466 4041 538 4050 —
567 4011 705 4066 Ibid.
734 4011 791 4066 in
821 4012 958 4067 bibl.
982 4011 1173 4076 Marci,
1214 4010 1271 4066 in
1300 4010 1490 4067 multis
1524 4009 1581 4065 in
1616 4008 1800 4064 varios

220 4100 288 4154 Υ.
306 4116 370 4156 ac
385 4101 452 4156 N.
480 4101 651 4159 libros
675 4103 904 4169 catenis,
924 4104 991 4159 V.
1008 4102 1127 4159 Cat.
1153 4102 1302 4158 codd.
1326 4101 1418 4159 Gr.
1437 4101 1627 4166 Mam,
1648 4117 1704 4171 p.
1734 4101 1798 4154 17

218 4189 328 4257 bis,
347 4189 438 4255 20,
458 4190 550 4257 21,
571 4191 661 4259 22,
690 4193 781 4258 25,
810 4192 900 4257 24,
929 4192 1197 4262 imprimis
1219 4190 1547 4246 cel.Morell.
1580 4190 1635 4244 in
1663 4188 1798 4244 Bibl.

220 4292 362 4338 nuta
389 4282 570 4339 Grceca
588 4293 637 4338 et
664 4283 811 4349 Lat.,
841 4292 972 4338 tom.
998 4282 1041 4347 I,
1071 4281 1315 4347 Bassani,
1354 4280 1509 4345 1802,
1541 4279 1593 4345 8,
1631 4279 1794 4349 p.29,

219 4372 314 4440 52,
336 4374 428 4440 55,
451 4374 540 4442 54,
571 4375 661 4443 57,
691 4374 889 4448 58,359,
911 4373 981 4430 48
1011 4381 1069 4430 et
1095 4373 1184 4439 49,
1213 4373 1281 4428 85
1314 4388 1378 4429 ac
1411 4370 1498 4426 84.
1528 4373 1708 4444 Atque
1736 4371 1794 4427 in

223 4540 427 4587 notans
438 4531 666 4602 Vossius
690 4530 768 4586 De
792 4531 1049 4602 baptismo
1072 4570 1086 4593 ,
1124 4544 1247 4599 pag.
1286 4527 1651 4602 26,'solemne
1682 4538 1804 4602 esse
1833 4530 1880 4589 υ
1906 4524 2060 4602 daein
2079 4525 2409 4595 permutatas
2433 4508 3477 4602 erathserpavir‘ita‘ut_leetoreigyrilli
3568 4540 3585 4563 κ

1891 1813 2224 1869 testimoniis
2250 1814 2533 1884 Ephraimi
2571 1813 2936 1881 Antiocheni,
2972 1814 3168 1888 synodi
3213 1822 3382 1870 sextae
3415 1824 3470 1869 et

1892 1905 2187 1960 multorum
2208 1913 2488 1971 veterum,
2513 1921 2653 1977 quos
2672 1905 2899 1962 laudant
2925 1900 3309 1961 Tillemontius
3333 1915 3465 1961 tom.

1889 1994 2029 2060 XIV,
2061 2010 2115 2065 p.
2144 1994 2267 2062 671,
2294 2004 2351 2051 et
2380 1996 2632 2052 Petavius
2654 1995 2902 2067 Dogmat.
2941 1996 3167 2067 theolog.
3198 1996 3261 2050 de
3294 1997 3468 2050 incar-

1892 2087 2127 2151 natione,
2142 2085 2241 2141 lib.
2258 2102 2334 2152 VI,
2351 2101 2400 2142 c.
2422 2087 2508 2151 15,
2531 2086 2558 2158 §
2575 2086 2640 2153 V,
2659 2102 2762 2143 nec
2778 2101 2891 2141 non
2904 2086 3087 2142 Photii
3105 2086 3229 2142 cod.
3252 2102 3464 2148 CXXXVI,

1891 2177 1988 2247 qui
2016 2177 2503 2250 ὲπιχειρηματικδν
2533 2176 2736 2248 βιϐλίον
2762 2178 3003 2247 appellat
3026 2217 3040 2241 ,
3067 2177 3162 2231 καὶ
3199 2175 3344 2231 κατὰ
3370 2175 3487 2245 τῆξ

1904 2267 2116 2340 Ἀρείου
2143 2269 2236 2321 καὶ
2269 2268 2535 2339 Εὐνομέου
2564 2266 2767 2338 λύσσης
2798 2267 3061 2336 γενναίως
3082 2266 3178 2320 καὶ
3206 2266 3471 2339 πολυτρόφ

1892 2376 2007 2423 πως
2047 2359 2466 2432 ἀγωνιζόμενον.
2502 2358 2781 2430 Optimum
2821 2357 3069 2412 omnium
3105 2356 3293 2429 Cyrilli
3335 2373 3470 2413 scn-

1890 2458 2112 2520 ptorum
2135 2464 2255 2505 esse
2289 2450 2366 2505 ait
2391 2448 2735 2520 Nicephorus
2752 2464 2863 2511 xw,
2893 2448 2981 2513 14,
3007 2447 3273 2502 Ηίθεοι-ξω.
3306 2446 3466 2517 Obje-

1890 2538 2101 2595 ctiones
2137 2540 2414 2611 anonymi,
2442 2539 2535 2609 qui
2567 2539 2871 2594 Arausione
2893 2554 2944 2593 a.
2971 2538 3108 2593 1645
3125 2536 3470 2592 dissertatio.

1889 2644 2017 2683 nem
2045 2628 2114 2685 de
2146 2630 2432 2701 supposito
2460 2628 2671 2695 edidit,
2704 2629 2906 2684 refellit
2948 2634 3150 2699 praeter
3184 2628 3467 2683 Petavium

1891 2722 2241 2795 Raynaudus,
2293 2738 2348 2798 p.
2396 2722 2499 2778 154
2538 2721 2902 2778 Erotematum
2947 2721 3012 2775 de
3053 2720 3198 2774 bonis
3231 2729 3280 2773 et
3313 2718 3468 2776 malis

1893 2815 2058 2870 libris.
2086 2815 2145 2873 In
2167 2831 2297 2871 mss.
2329 2814 2618 2870 codicibus
2644 2829 2755 2868 non
2775 2827 2992 2883 semper
3014 2811 3161 2866 idem
3187 2810 3343 2874 ordo,
3367 2825 3469 2866 nec

1891 2907 2081 2963 eadem
2114 2906 2432 2974 distinctio;
2466 2906 2614 2962 unde
2639 2904 2893 2960 fortassis
2915 2918 2983 2959 eo
3007 2904 3229 2959 nomine
3264 2902 3467 2977 Trape-

1894 2996 2117 3073 zuntius
2139 2997 2321 3066 aliqua
2343 3011 2410 3051 ex
2428 3003 2580 3066 parte
2600 2993 2968 3053 excusandus.
2994 2993 3055 3047 In
3084 2992 3222 3047 bibl.
3247 2990 3469 3062 Seguie-

1896 3086 2089 3153 riania,
2126 3086 2240 3143 sive
2267 3085 2625 3150 Coisliniana,
2655 3092 2794 3140 teste
2821 3082 3226 3146 Montfaucono,
3258 3097 3314 3153 p.
3341 3079 3465 3144 502,

1893 3177 1952 3234 in
1995 3178 2135 3234 duos
2170 3177 2346 3233 libros
2382 3175 2673 3241 dividitur,
2724 3189 2960 3245 quorum
3011 3172 3223 3243 primus
3274 3171 3468 3240 viginti

1893 3268 2107 3340 priores
2126 3264 2316 3338 λόγως
2335 3267 2602 3332 continet,
2626 3263 2903 3320 secundus
2926 3261 3255 3334 posteriores
3273 3276 3303 3313 a
3319 3259 3467 3313 vice-

1893 3360 2034 3416 simo
2056 3375 2230 3434 usque
2260 3358 2328 3412 ad
2360 3355 2860 3428 quadragesimum.
2884 3352 3014 3419 Quae
3039 3365 3202 3421 porro
3231 3349 3470 3405 Thomas

1898 3451 2140 3521 Aquinas
2163 3449 2231 3520 (ε)
2258 3461 2325 3502 ex
2350 3445 2509 3500 libris
2538 3446 2922 3501 Thesaurorum
2951 3440 3137 3514 Cyrilli
3167 3440 3373 3512 profert
3399 3442 3467 3496 ad

1896 3554 2165 3597 summam
2209 3538 2265 3593 in
2311 3536 2555 3594 Ecclesia
2592 3542 2916 3607 potestatem
2945 3533 3191 3587 Romano
3222 3531 3467 3602 pontifici

1895 3629 2274 3695 asscrendam,
2310 3636 2368 3683 et
2394 3627 2462 3681 ad
2494 3642 2617 3697 qua:
2649 3633 2952 3697 provocant
2983 3623 3322 3688 Gennadius,
3354 3623 3469 3679 sive

1894 3723 2159 3795 Georgius
2178 3721 2495 3778 Scholarius
2523 3720 2620 3775 lib.
2644 3719 2721 3774 De
2745 3721 2981 3789 primatu
3007 3716 3158 3771 Rom.
3186 3716 3467 3787 pontiﬁcis,

1892 3816 2140 3872 Andreas
2171 3813 2521 3871 Colossensis
2550 3821 2607 3867 et
2634 3810 2879 3885 synodus
2898 3809 3217 3865 Florentina
3254 3824 3389 3863 sess.
3415 3809 3469 3873 5,

1897 3909 1928 3961 7
1948 3916 2004 3961 et
2020 3906 2071 3972 8;
2091 3903 2426 3975 Augustinus
2453 3902 2827 3959 Anconitanus
2847 3900 2990 3955 libro
3009 3898 3085 3953 De
3101 3906 3357 3970 potestate
3373 3897 3472 3952 Ec.-

1901 3999 2098 4064 clesia';
2129 3998 2213 4052 Jo.
2248 3999 2316 4051 de
2348 3995 2765 4050 Turrecremata
2801 3993 2859 4047 in
2886 3989 3106 4045 Summa
3134 3990 3199 4045 de
3227 3988 3471 4043 Ecclesia

1900 4103 1957 4149 et
1983 4093 2039 4147 in
2055 4092 2093 4147 Α
2102 4096 2333 4162 pparatu
2357 4104 2515 4161 super
2541 4086 2744 4143 decreto
2777 4085 2985 4139 unionis
3012 4082 3242 4139 σίγησον.
3274 4082 3328 4134 in
3352 4096 3476 4133 con-

1901 4185 2020 4240 cilio
2066 4182 2405 4245 Florentino,
2447 4195 2512 4235 ea
2548 4177 2810 4250 Cyrillum
2858 4188 3143 4244 nunquam
3192 4171 3475 4240 scripsisse

1902 4276 2105 4331 fatetur
2135 4271 2520 4328 Tillemontius
2550 4278 2685 4327 tom.
2714 4267 2853 4332 XIV,
2887 4281 2943 4336 p.
2983 4265 3107 4328 671,
3139 4271 3195 4322 et
3217 4262 3363 4317 Elias
3400 4261 3473 4316 du

1903 4369 2003 4424 Pin
2026 4365 2271 4443 tom.‘lV,
2307 4380 2362 4437 p.
2380 4363 2448 4418 44
2476 4378 2619 4441 sqq.,
2649 4359 2921 4433 etCyrillo
2946 4357 3223 4429 supposita
3248 4370 3367 4409 esse
3398 4354 3473 4426 (d)

223 4583 1557 4668 ait'iitﬁhic‘erren—tvvirirdocti,quemadmodum
1578 4604 1636 4668 et
1652 4595 1802 4668 aliud
1836 4583 1871 4589 ⁷
1906 4583 2284 4668 Thesaurum,
2317 4587 2489 4668 qualis
2530 4585 2622 4668 ille
2650 4584 2715 4639 ab
2753 4590 2969 4638 auctore
2996 4583 3339 4668 concinnatus
3377 4591 3473 4643 est,

223 4672 412 4748 agenti
428 4672 544 4748 hoc
562 4671 763 4748 accidit
782 4665 1448 4748 theologoeruditissimo,
1469 4667 1563 4748 qui
1581 4666 1638 4720 in
1659 4665 1804 4747 libro

223 4736 486 4820 D'euariis
507 4739 796 4820 ._Sc_riptur¢_e
827 4736 1429 4820 editionibua,‘pag:_852
1449 4736 1554 4820 _ait,
1590 4736 1805 4820 pericu-

222 4826 336 4880 pen
358 4810 431 4886 de
457 4808 1131 4886 adul_tera_Joan.__vn_r,_a
1161 4808 1367 4886 Cyrillo
1400 4808 1581 4886 Alex;2
1626 4813 1690 4886 u_t_
1718 4820 1805 4859 re-

226 4875 356 4934 vera
402 4880 661 4943 Joannis,
697 4881 817 4935 sine
860 4881 970 4934 ulla
1001 4875 1364 4934 dubitationis
1403 4875 1804 4947 significatione

229 4950 515 5021 distincte
538 4950 792 5021 proponi,
826 4949 1124 5021 multisque
1177 4945 1480 5021 explanari}
1534 4945 1694 5021 Fasti.
1734 4974 1805 4984 —

230 5019 367 5075 Add.
398 5014 604 5075 Oudin.
633 5014 670 5075 Ῐ.
700 5035 774 5084 c.,
804 5020 912 5075 col.
946 5014 1084 5073 1025
1099 5014 1360 5088 sqq.,'qui
1386 5016 1558 5071 etiam
1577 5014 1634 5069 id
1664 5028 1804 5085 opus

230 5089 476 5160 vindicat
508 5089 713 5160 Cyrillo
737 5091 895 5160 Alex.
913 5088 1082 5143 HARL.

299 5147 390 5231 (α),
404 5147 710 5231 Vulcanius
728 5159 795 5214 ad
823 5159 1030 5231 calcem
1063 5157 1247 5231 operis
1277 5156 1397 5231 haec
1420 5154 1749 5231 ascripsezat
1785 5171 1799 5208 :

233 5223 342 5299 Ego
360 5223 571 5285 'Bonav.
609 5228 919 5299 Vulcanius,
945 5223 1247 5299 Brugensis‘
1269 5223 1626 5299 hune_Cyrilli
1656 5223 1802 5278 The-

234 5295 472 5365 saurum,
501 5300 635 5354 olim
660 5315 693 5353 a
718 5298 781 5355 G.
806 5298 848 5353 Τ
847 5295 1147 5370 rapezontio
1174 5296 1277 5366 ﬁde
1292 5313 1397 5370 non
1412 5295 1545 5370 bona
1570 5309 1800 5370 versum,

234 5370 365 5438 quod
378 5364 553 5425 multa
566 5370 766 5439 passim
778 5364 1088 5431 nuntiasset,
1107 5364 1531 5439 innumerislocis
1546 5364 1803 5434 epitomen

232 5435 394 5508 potius
406 5435 578 5512 quam
593 5455 778 5493 ueram
785 5438 1277 5512 interpretationem
1293 5435 1534 5512 dedisset,
1554 5450 1656 5487 non
1671 5449 1805 5503 pau—

227 5507 284 5564 ea
302 5507 463 5566 etiam
485 5511 555 5564 de
585 5525 687 5564 suo
723 5507 1017 5578 adiecisset,
1054 5522 1217 5577 neque
1238 5507 1505 5578 pauciora
1526 5518 1806 5575 perperam

225 5581 612 5649 transtulisset,
630 5579 698 5632 de
720 5573 920 5649 integro
947 5573 1301 5649 Latine’vcr'ti,
1321 5583 1377 5649 et
1392 5573 1629 5649 ordinem
1650 5588 1805 5642 quem

219 5648 451 5721 (Ii/rillus
488 5641 691 5709 tenuit,
720 5649 805 5724 qui
826 5641 985 5703 'totus
1012 5665 1043 5701 a
1068 5645 1410 5717 Trapezuntio
1436 5641 1681 5701 inaudita
1711 5656 1806 5696 au-

1902 4666 2008 4718 sint
2035 4650 2289 4717 habituri.
2326 4650 2455 4714 Dedi
2483 4657 2623 4710 enim
2643 4670 2859 4726 operam
2886 4669 2952 4707 ne
2975 4653 3090 4726 quis
3121 4650 3326 4721 aliquid
3343 4668 3373 4704 a
3396 4667 3479 4704 me

1902 4733 1984 4794 uel
2023 4733 2292 4805 adjectum
2316 4723 2724 4805 velndetractunt
2738 4724 2866 4805 iure
2888 4723 3036 4805 queri
3067 4729 3237 4805 posset
3264 4737 3282 4774 :
3313 4729 3476 4805 atque

1902 4790 2221 4870 sentenliam
2251 4797 2468 4870 Cyrilli,
2504 4812 2665 4867 quam
2688 4790 2991 4870 ﬁdelissime
3019 4790 3475 4870 p98_88_1.nn,'1;83€4£—

1904 4889 2036 4926 rem.
2070 4857 2319 4933 Basilus:
2356 4857 2566 4922 anno'a
2604 4857 3472 4933 nativitateDominiMDLXXVI,

1903 4958 2081 4996 mense
2108 4927 2390 4994 Januario.
2415 4937 2576 4990 Fsan.
2594 4964 2663 4974 -—
2682 4930 2838 4988 Conf.
2859 4927 3038 4984 Catal.
3072 4927 3196 4982 bibl.
3230 4927 3473 4981 Leidens.

1941 5028 2025 5083 ag.
2059 5010 2185 5077 544,
2215 5025 2273 5063 ιι.
2299 5008 2367 5063 14
2391 5015 2447 5063 et
2476 5007 2562 5071 16,
2596 5005 2742 5058 inter
2773 4999 2932 5056 codd.
2959 4998 3162 5053 Bonav.
3198 4997 3470 5054 Vulcanii.

1928 5082 2148 5216 ἰλᾶῖν.
2179 5161 2367 5216 supra,
2398 5146 2425 5216 §
2459 5145 2551 5207 Ill,
2583 5141 2652 5197 ad
2685 5138 2866 5216 ειοιὶιζ
2885 5137 3161 5216 _edition_n.
3194 5137 3364 5216 limen.

2001 5151 2028 5205 b
2081 5150 2148 5205 V.
2179 5163 2244 5203 su
2286 5161 2367 5210 ra,
2398 5150 2425 5216 §
2459 5150 2551 5207 Ill,
2583 5150 2652 5197 ad
2685 5150 2852 5195 notit.
2889 5150 3161 5193 emuonn.
3195 5150 3364 5192 IIARL.

1975 5150 2051 5293 ivi
2078 5218 2147 5293 In
2182 5164 2633 5293 IVPSententiar...,
2660 5209 2798 5292 _(Iist.
2836 5209 2926 5273 24,
2954 5207 3152 5293 qui):
3187 5217 3304 5293 λιιι.
3335 5208 3388 5293 2,
3420 5217 3479 5293 et

1905 5275 2498 5359 Cont'raiimpngnantcs
2522 5280 2787 5359 religiom,
2821 5294 2940 5348 cap.
2971 5275 3026 5359 5,
3056 5277 3303 5359 ξυιιηῐίιιη
3335 5283 3393 5329 et
3419 5275 3478 5328 in

1907 5358 2173 5429 Opuscnlo
2190 5345 2373 5429 eontra
2398 5367 2601 5406 errores
2616 5345 2946 5429 Graecorum.
2977 5354 3030 5429 et
3060 5347 3115 5400 in
3150 5345 3361 5429 Catena
3382 5360 3481 5429 art-

1909 5414 2000 5483 rea
2028 5428 2095 5482 ad
2118 5423 2355 5496 Matthazi
2380 5438 2466 5496 xvi
2491 5438 2507 5488 ;
2536 5420 2632 5490 qui
2658 5420 2812 5473 locus
2826 5419 2990 5473 etiam
3012 5417 3069 5496 inn
3090 5430 3221 5496 mss.
3255 5414 3480 5496 Thomas

1910 5499 1986 5552 ita
2018 5505 2082 5552 ut
2114 5497 2171 5551 in
2210 5485 2741 5562 impressis'exstat,
2791 5496 2963 5562 utex
2986 5485 3235 5562 _Guiarto
3272 5485 3482 5562 notavit

1909 5568 2072 5622 Ricb.
2096 5554 2306 5621 Simon:
2347 5570 2480 5632 ton).
2504 5560 2572 5632 III
2595 5560 2731 5632 hist.
2759 5558 2954 5632 critici;
2977 5554 3158 5632 N._T.,
3187 5569 3242 5622 p.
3274 5554 3399 5632 471.

1986 5621 2063 5708 (ά)
2102 5631 2408 5692 Cardinalis
2428 5627 2792 5686 Bellarminns
2820 5627 2875 5684 in
2905 5623 3161 5692 Catalqu
3194 5621 3482 5677 ecclesia“.
