3998 6304
507 244 578 335 εδ

1737 284 2020 344 ΝΟἸἹΤΙΑ
2050 286 2143 343 EX
2182 286 2514 349 FABRlClO.

3688 280 3757 351 3‘6

498 392 697 465 probat
716 393 956 452 Ioannes
978 395 1259 456 Launoius
1280 413 1436 473 parte
1461 419 1500 472 ι,
1525 405 1757 476 epistola
1777 406 1806 461 1
1838 414 1895 461 et
1918 405 1973 471 2,
2002 404 2072 460 ad
2102 413 2145 467 Α
2176 407 2311 464 Vide
2345 400 2759 466 Tillemontium
2789 419 2922 466 tom.
2959 411 3098 478 XIV,
3128 426 3184 482 p.
3218 410 3322 467 667
3356 416 3412 467 et
3435 409 3558 467 670.
3589 409 3755 468 Octa-

498 487 798 542 Antonium
824 488 1084 557 Faurum,
1115 501 1173 549 et
1203 503 1357 563 parte
1384 511 1437 562 v,
1479 494 1712 567 epistola
1735 497 1790 564 9,
1820 497 1890 553 ad
1929 497 2077 552 Tho-

497 593 644 637 mam
673 579 982 648 Fortinum,
1005 598 1114 653 qua
1142 581 1358 655 priores
1383 588 1644 659 epistolas
1663 605 1790 645 suas
1811 589 2077 645 adversus

498 670 842 727 Vincentium
857 673 1146 742 Baronem,
1159 676 1273 732 sive
1290 677 1828 746 Baronium,‘tuetur,
1843 697 1963 751 cap.
1983 681 2070 737 10.

495 763 698 821 Confer
717 763 944 821 Antonii
964 767 1176 824 Reiseri
1193 772 1366 826 nostri
1380 772 1682 828 Launoium
1700 775 2072 845 confessorem,

497 871 621 928 pag.
656 857 720 911 41
759 874 900 930 seq.,
959 868 1017 914 et
1053 860 1327 917 Andream
1365 864 1623 921 Rivetum
1661 866 1760 922 lib.
1796 884 1848 922 Iv
1894 866 2074 923 Critici

372 1002 378 1009 ,
492 946 654 1014 sacri,
697 964 750 1005 c.
795 949 902 1016 19;
952 950 1039 1007 Jo.
1075 952 1405 1026 Rainoldum
1436 957 1491 1012 in
1526 956 1798 1028 Colloquio
1832 976 1949 1013 cum
1984 959 2070 1014 Io.

492 1034 721 1102 Hardto,
750 1038 975 1109 jesuita,
1012 1054 1131 1111 cap.
1165 1042 1218 1106 5,
1253 1058 1310 1113 p.
1339 1043 1445 1101 515
1485 1062 1602 1118 seq.
1635 1048 1796 1103 Fann.
1829 1079 1903 1089 --
1929 1050 2076 1116 Add,

492 1125 701 1185 Oudin.
735 1129 773 1184 l.
806 1145 859 1186 c.
902 1131 1010 1187 col.
1042 1132 1181 1188 1028
1218 1150 1364 1206 sqq.,
1412 1124 1507 1208 qui
1550 1140 1763 1211 judicia
1792 1129 2068 1208 Vulcanii,

490 1217 832 1287 Bellarmini,
867 1221 1046 1277 Riveti
1073 1231 1130 1279 et
1156 1224 1243 1280 El.
1279 1227 1354 1282 du
1386 1228 1509 1295 Pin,
1545 1229 1604 1285 in
1633 1240 1923 1303 utramque
1949 1249 2074 1304 par-

491 1319 602 1365 tem
626 1311 814 1367 multis
842 1313 1029 1369 verbis
1058 1314 1189 1381 lata,
1225 1320 1470 1389 repetiit.
1498 1352 1569 1362 —
1600 1323 1792 1380 Exstat
1817 1340 1947 1380 vero
1970 1325 2074 1397 Cy-

491 1399 916 1490 rilliTItesaurus
956 1405 1230 1462 Monachii
1257 1408 1314 1464 in
1344 1411 1469 1466 eod.
1497 1411 1541 1468 C
1567 1413 1705 1469 bibl.
1735 1416 1897 1472 elect.
1928 1415 2067 1490 (Cat.

485 1487 639 1541 codd.
667 1488 784 1555 Gr.,
811 1507 868 1562 p.
896 1493 987 1547 58.
1008 1493 1027 1566 )
1062 1525 1134 1537 —
1168 1497 1419 1556 Venetiis
1457 1502 1517 1557 in
1549 1502 1688 1559 bibl.
1731 1506 1898 1563 Marci
1938 1487 2067 1564 eod.

462 1574 678 1672 ¹(ΖΧξῌ
700 1589 757 1637 et
782 1582 1116 1643 CCCCXCII.
1142 1587 1204 1645 ν.
1239 1588 1359 1646 Cat.
1389 1594 1543 1650 codd.
1569 1595 1663 1653 Gr.
1691 1597 1883 1665 Mam,
1912 1617 1969 1672 p.
2002 1601 2071 1657 70

487 1677 545 1723 et
571 1670 695 1727 260.
722 1690 793 1718 ς-
816 1674 959 1731 Ibid.
989 1677 1045 1733 in
1072 1679 1195 1735 cod.
1216 1680 1531 1742 LXXXVIII
1552 1687 1819 1745 Naniano.
1846 1670 1929 1748 v.‘
1944 1690 2063 1748 Cat.

487 1761 637 1817 codd.
674 1763 767 1821 Gr.
801 1764 970 1833 Nam,
1019 1785 1075 1840 p.
1127 1772 1230 1827 475
1261 1788 1343 1844 sq.
1383 1806 1456 1816 —
1484 1777 1666 1833 Fesuli
1714 1744 2067 1839 intactas;
2097 1744 2140 1799 Β

487 1854 808 1910 canonieor.
851 1857 1146 1915 Thesaurus
1172 1902 1190 1927 ,
1232 1862 1535 1936 interprete
1570 1867 1767 1941 Georg.
1811 1872 2066 1944 Trapez.,

489 1953 631 2000 teste
657 1946 1027 2006 Montl'aucon.
1055 1953 1111 2008 in
1133 1953 1321 2010 Diario
1352 1956 1505 2023 Ital.,
1539 1975 1594 2030 p.
1618 1960 1746 2016 392.
1764 1993 1834 2004 —
1863 1963 2073 2021 Eadem

485 2036 670 2091 versio
693 2038 981 2099 Florentiae
1006 2043 1061 2098 in
1082 2055 1316 2102 monast.
1358 2049 1771 2109 Dominicanor.
1797 2054 1853 2110 S.
1878 2055 2068 2124 Marci,

485 2124 546 2220 i_n
569 2126 706 2220 bibl.
724 2141 959 2188 monast.
986 2135 1045 2190 S.
1065 2136 1280 2192 Crucis.
1308 2138 1372 2195 V.
1396 2140 1626 2198 Zachar.
1649 2144 1762 2200 Iter
1789 2146 1955 2203 litter.
1976 2166 2071 2220 per

482 2214 639 2285 Ital.,
672 2236 730 2291 p.
760 2223 829 2277 47
849 2233 907 2279 et
937 2225 1607 2304 99.—Paris.inquinque
1620 2236 1784 2293 codd.
1817 2238 1911 2294 Gr.
1931 2214 2066 2299 bibl.

484 2308 639 2377 publ.
659 2341 733 2351 —
758 2312 820 2369 In
856 2313 1072 2374 duobus
1102 2318 1197 2376 Gr.
1230 2323 1392 2378 codd.
1426 2325 1560 2381 bibl.
1587 2329 2070 2390 Escorial..secun-

486 2397 617 2455 dum
631 2402 815 2459 Pluer.
850 2405 908 2461 in
927 2406 1183 2465 Itinerar.
1217 2429 1314 2483 per
1345 2414 1595 2486 Hispan.,
1657 2397 1865 2491 p.164.
1897 2422 2065 2479 ΒΑΜ..

559 2491 622 2557 ξ’.
657 2492 871 2567 Dialogi
912 2514 1098 2554 novem
1147 2502 1216 2556 ad
1246 2505 1506 2560 eumdem
1550 2508 1907 2568 Nemesinum
1933 2553 1948 2578 ,
1998 2513 2069 2569 ad

484 2597 651 2677 quem
681 2585 1069 2645 Thesaurorum
1093 2591 1299 2648 librum
1326 2595 1497 2663 misit,
1522 2613 1798 2672 quemque
1836 2604 2069 2677 φιλομα-

486 2672 745 2768 O-édtacov
776 2678 1007 2750 ἀδελφὸν
1027 2685 1289 2754 appellat,
1315 2686 1372 2742 in
1393 2689 1597 2758 quibus
1626 2692 1879 2752 Hermias
1913 2672 1989 2768 (ὰ)
2012 2705 2077 2753 et

482 2763 720 2836 Cyrillus
748 2770 1160 2842 colloquuntur.
1183 2776 1313 2849 Pag.
1340 2780 1602 2837 385-778.
1648 2784 1903 2859 Dialogos

482 2865 790 2925 postremos
825 2859 905 2915 De
941 2864 1311 2922 incarnatione
1358 2869 1627 2943 Unigeniti
1658 2885 1708 2929 et
1739 2878 1880 2947 quod
1929 2896 2067 2935 unus

480 2946 552 3000 sit
586 2944 844 3015 Christus,
876 2966 1016 3021 quos
1043 2963 1290 3024 tempore
1318 2956 1504 3028 aliquo
1533 2944 1821 3033 interjecto
1843 2965 2064 3027 demum

481 3037 760 3107 prioribus
773 3040 1122 3113 subjunxisse
1141 3042 1378 3117 Cyrillus
1395 3048 1633 3118 videtur,
1653 3053 1865 3123 primus
1876 3056 2063 3114 Graice

479 3141 610 3184 cum
629 3130 881 3187 versione
897 3141 956 3189 et
969 3134 1114 3191 notis
1139 3130 1382 3208 vulgavit
1406 3140 1705 3200 Bonavent.
1735 3148 2060 3217 Vulcanius,
2089 3124 2133 3182 δ’

479 3217 550 3275 ad
566 3221 771 3277 calcem
787 3223 914 3279 libri
942 3232 1127 3281 contra
1140 3226 1719 3305 Anthropomorphitas,
1743 3237 1917 3310 Lugd.
1944 3240 2064 3296 Bat.

482 3310 622 3367 1605
646 3353 661 3377 ,
696 3312 755 3369 in
785 3314 820 3369 4
856 3313 952 3388 (ὁ).
985 3317 1045 3372 ln
1077 3318 1418 3378 editionibus
1460 3341 1593 3381 vero
1635 3327 1824 3400 Cyrilli
1855 3330 2067 3389 Latinis

480 3410 697 3458 exstant
731 3405 897 3461 modo
929 3416 1140 3478 septem
1187 3409 1389 3486 dialogi
1424 3415 1638 3484 priores
1685 3418 1764 3473 De
1806 3419 2067 3479 Trinitate

480 3499 673 3547 contra
692 3493 925 3552 Arianos
947 3506 1004 3554 et
1028 3499 1465 3571 Macedonianos,
1498 3522 1568 3562 ex
1597 3510 1854 3566 versione
1886 3512 2054 3569 Joan‘

480 3583 571 3637 nis
595 3582 1037 3657 (Ecolampadii,
1076 3606 1199 3661 qua:
1235 3592 1474 3662 primum
1515 3592 1696 3668 [1528.
1739 3600 1805 3655 V.
1859 3617 2049 3673 supra,

483 3673 632 3744 §lll,
668 3675 725 3730 in
754 3677 917 3732 notit.
954 3679 1137 3748 cditt.,
1186 3683 1328 3757 tum]
1375 3701 1427 3742 a.
1487 3687 1626 3742 1546
1669 3672 1872 3746 lucem.
1900 3672 2091 3748 vidit..

481 3766 668 3823 Graece
693 3768 779 3824 Jo.
821 3768 1099 3829 Aubertus
1136 3775 1287 3832 dedit
1326 3778 1543 3848 primus
1567 3795 1635 3835 ex
1666 3781 1857 3838 codice
1899 3784 2063 3840 unico

482 3858 812 3930 Augustam:
833 3862 1201 3934 bibliothecae,
1220 3870 1379 3941 cujus
1399 3873 1779 3942 apographum
1809 3874 2064 3932 Matthias

483 3950 794 4022 Ehingerus
812 3953 880 4008 ad
905 3969 1033 4011 eum
1055 3958 1433 4016 transmiserat
1457 3959 1548 4033 (c).
1607 3961 1758 4018 Idem
1778 3964 2059 4023 Aubertus

482 4040 791 4097 versionem
826 4044 1073 4103 Latinam
1101 4048 1353 4106 Vulcanii
1387 4052 1644 4117 servavit,
1671 4068 1735 4108 ac
1752 4070 1854 4125 pro
1880 4054 2062 4112 (Eco-

484 4130 828 4203 lampadiana
861 4136 1023 4194 aliam
1049 4155 1248 4196 novam
1279 4182 1294 4207 ,
1325 4141 1414 4197 vel
1452 4142 1640 4212 potius
1671 4144 2061 4217 interpolatam
2104 4178 2109 4183 -

481 4223 757 4280 exhibuit.
789 4225 1133 4297 Frequenter
1163 4231 1369 4287 citatur
1395 4228 1503 4287 hoc
1525 4248 1666 4305 opus
1695 4249 1727 4290 a
1752 4239 2061 4306 veteribus,

482 4320 543 4367 ut
563 4313 678 4382 jam
720 4314 866 4385 apud
905 4316 1162 4374 Photium
1190 4319 1316 4377 cod.
1348 4337 1490 4388 xLIx,
1532 4321 1636 4377 sub
1667 4322 1828 4380 titulo
1870 4326 2060 4396 Λόγων

481 4402 621 4475 πρὸς
664 4404 940 4476 Ἑρμείαν,
965 4409 1078 4480 jam
1109 4411 1298 4482 Λόγων
1334 4413 1462 4484 περὶ
1480 4412 1581 4484 τῆς
1608 4414 1768 4483 ἁγίας
1793 4416 2050 4488 Τριάδος.

478 4589 663 4658 script.

480 4657 670 4737 multa
691 4657 840 4737 enim
871 4661 1110 4717 citantur
1144 4678 1175 4716 a
1203 4663 1285 4737 _S_.
1334 4665 1545 4737 Thom_a
1595 4666 1667 4737 in
1682 4657 1951 4737 opusculo
1979 4657 2057 4724 De

481 4729 746 4807 erroribus
779 4728 1083 4807 Grateorum
1104 4748 1172 4787 ex
1200 4732 1463 4787 Thesauro
1484 4734 1695 4806 Cyrilli,
1719 4728 1853 4807 qua:
1874 4739 1933 4794 in
1956 4740 2065 4796 hoc

482 4797 626 4853 libro
652 4814 763 4852 non
796 4798 1176 4856 inveniuntur.
1216 4820 1235 4852 ι

554 4867 631 4948 (ᾳ)
662 4868 821 4948 Hunc
835 4870 1084 4948 suspicor
1110 4885 1231 4925 esse
1250 4870 1548 4941 Hermiam,
1568 4876 1728 4948 cujus
1753 4877 2063 4934 Irrisionem

483 4937 911 5008 philosophorum
933 4937 1224 4994 habemus.

557 5006 1053 5087 (lii-lutegradibri,
1079 5023 1260 5087 quem
1294 5011 1574 5087 possideo,
1608 5014 1901 5087 inscriptio
1926 5027 2014 5073 est
2043 5036 2059 5072 :

482 5074 671 5149 Cyrilli
707 5074 807 5149 τί
822 5077 943 5149 adp.
980 5074 1569 5149 Antiiropom—orphitas
1599 5083 1728 5138 liber
1767 5074 1908 5142 unus
1959 5088 2057 5144 Gr.

481 5146 537 5199 et
564 5146 973 5228 Lat._Elusdem
997 5147 1061 5199 de
1091 5146 1465 5228 lucernatione
1496 5153 1782 5228 Unigeniti,
1815 5165 1884 5221 et,
1919 5158 2060 5228 quod

481 5170 531 5199 et
564 5170 687 5201 bat.
718 5170 762 5200 IL
793 5170 973 5200 usuum
997 5170 1061 5199 at:
1091 5170 1465 5205 Incarnattone
1496 5170 1595 5208 unt
1723 5170 1782 5219 η,
1815 5170 1884 5221 et,
1919 5170 2054 5228 quoa

481 5231 623 5295 unus
643 5219 711 5271 sit
731 5170 967 5295 dhristus
990 5231 1089 5295 lac.
1114 5215 1372 5295 Dominus
1421 5170 1718 5279 sescunciae};1
1727 5223 2054 5295 Scripturas,

482 5286 553 5338 ad
573 5285 844 5361 Hermiam
878 5283 1094 5361 Dial_o_gi_
1125 5286 1228 5361 duo
1257 5305 1532 5361 nunquam
1553 5296 1778 5349 antehac
1794 5283 1939 5361 editi,
1973 5283 2059 5349 in;

483 5364 708 5430 terprete
753 5352 979 5430 Bonao._
995 5352 1288 5430 Vulcania,
1329 5352 1394 5413 cf
1429 5364 1598 5430 ejusd.
1657 5368 1814 5419 notis.
1865 5352 2057 5421 Accad.

481 5421 717 5501 epistola;
731 5421 934 5501 aliquot
949 5421 1508 5501 I_s_idori__i_’el_usiotce'et
1530 5433 1615 5488 lo.
1631 5433 1879 5498 Zonarce,
1896 5436 2059 5501 idem,

484 5490 623 5571 quod
672 5490 905 5571 Cyrillus
960 5494 1098 5571 hisce
1139 5494 1286 5571 libris
1337 5511 1711 5571 argumentum
1745 5490 2058 5570 tractantes,

484 5559 755 5631 multaque
788 5559 902 5617 loca
935 5578 999 5616 ea:
1030 5562 1154 5631 Cyr.
1196 5566 1341 5624 libris
1375 5559 1609 5626 nondum
1647 5574 1799 5630 editis
1827 5581 1951 5631 sunt
1972 5559 2056 5630 in—I

486 5639 645 5700 serta.
668 5630 858 5700 Lugd.
899 5631 960 5687 B.
994 5630 1150 5700 1605,
1182 5636 1233 5690 4.
1270 5639 1427 5696 Βεςκ.

555 5697 624 5770 (c)
654 5700 715 5759 γ.
759 5697 971 5791 Reiser.
1007 5697 1313 5765 Ind.’codd.
1364 5711 1613 5786 August,
1668 5730 1725 5785 ιι.
1757 5715 1847 5771 21.
1884 5715 2053 5773 litat.

718 4605 739 4644 :
767 4608 807 4670 .r
862 4591 1159 4674 Ἰῇεωμηιε
1200 4594 1447 4674 creditur
1485 4611 1610 4674 esse
1657 4597 2052 4674 imperfectus;
2087 4604 2132 4660 D
2233 4603 2253 4674 (

2176 516 2306 555 vum
2327 510 2384 556 et
2401 517 2607 557 nonum
2625 503 2903 573 dialogum
2920 518 3034 558 non
3052 518 3241 558 carere
3262 502 3413 557 omni
3441 503 3755 574 suSpi'cione

2177 593 2577 664 suppositionis
2629 595 2708 650 ait
2750 594 2834 651 Jo.
2879 593 3182 651 Gamerius
3228 594 3376 649 notis
3415 594 3483 648 ad
3521 594 3752 650 Marium

2177 683 2573 751 Mercatorem,
2624 693 2758 740 tom.
2783 685 2849 753 II,
2894 702 2951 757 p.
2978 685 3068 750 45,
3101 684 3266 754 idque
3295 700 3355 740 se
3399 693 3756 741 ostensurum

2176 776 2431 846 promisit
2475 776 2533 831 in
2558 776 2950 833 dissertatione
2980 775 3047 832 de
3075 775 3235 831 libris
3260 775 3471 849 Cyrilli.
3506 776 3613 832 Sed
3645 776 3756 832 dis-

2175 868 2402 924 sertatio
2430 868 2548 925 haec
2574 869 2753 925 lucem
2786 884 2897 925 non
2924 869 3087 934 vidit,
3118 877 3176 924 et
3200 868 3571 939 suspicionem
3605 869 3755 924 illam

2173 956 2324 1011 omni
2354 956 2674 1012 destitutam
2688 973 2808 1013 esse
2830 957 3335 1023 verisimilitudine,
3364 952 3503 1011 mihi
3527 974 3760 1028 persua-

2173 1045 2279 1100 deo
2310 1043 2408 1119 (d).
2441 1046 2577 1101 Nam
2610 1055 2672 1102 ut
2708 1046 2853 1102 idem
2876 1056 3265 1119 argumentum
3290 1047 3489 1118 saepius
3521 1058 3756 1105 tractare

2172 1134 2379 1208 Cyrillo
2421 1148 2750 1194 consuetum
2791 1154 2856 1194 ac
2899 1139 3145 1195 solemne
3170 1179 3184 1206 ,
3217 1138 3296 1193 ita
3326 1139 3384 1194 bi
3411 1139 3522 1195 duo
3553 1139 3752 1210 dialogi

2171 1227 2332 1298 plane
2359 1229 2601 1300 genium,
2633 1231 2856 1303 stylum,
2891 1230 3198 1286 doctrinam
3228 1231 3477 1301 priorum
3512 1229 3758 1301 dialogo-

2172 1334 2296 1373 rum
2332 1304 2658 1390 spirant,let
2703 1322 2907 1377 citatur
2934 1337 3116 1377 nonus
3158 1337 3189 1376 a
3222 1321 3456 1377 Leontio
3484 1321 3611 1394 Byz.
3654 1321 3756 1375 ad-

2171 1426 2349 1466 versus
2395 1410 2644 1484 Eutych,
2687 1428 2752 1468 ac
2776 1413 2961 1484 judice
2994 1413 3114 1484 ipso
3141 1413 3426 1479 Garnerio,
3468 1429 3522 1483 p.
3568 1412 3656 1479 56,
3685 1414 3757 1466 ad

2170 1500 2495 1568 Liberatum,
2525 1512 2750 1557 octavus
2796 1519 2861 1558 ea
2910 1502 3148 1574 scriptus
3194 1512 3281 1558 est
3330 1503 3643 1559 eruditione
3694 1519 3756 1558 ut

2170 1591 2264 1646 vix
2296 1592 2470 1646 ullum
2509 1586 2660 1648 aliud
2689 1592 2878 1665 Cyrilli
2925 1608 3065 1663 opus
3095 1607 3161 1646 ea
3207 1591 3276 1646 de
3306 1608 3365 1647 re
3403 1593 3757 1663 praestantius

2169 1690 2267 1739 aut
2288 1683 2455 1738 etiam
2483 1699 2584 1754 par
2602 1684 2853 1740 exsistat.
2887 1685 3113 1757 Dialogo
3151 1685 3409 1756 septimo,
3441 1684 3499 1739 in
3542 1701 3654 1756 quo
3684 1684 3757 1740 de

2168 1774 2454 1831 divinitate
2479 1774 2716 1847 Spiritus
2735 1777 2908 1833 sancti
2932 1776 3194 1847 disputat,
3219 1777 3606 1847 subjiciuntur,
3627 1792 3752 1848 pag.

2169 1867 2416 1933 660-677,
2439 1876 2759 1941 argumenta
2771 1870 2837 1924 ad
2852 1869 2994 1924 idem
3023 1868 3367 1939 probandum
3392 1868 3552 1939 longe
3573 1868 3753 1938 plura.

2239 1961 2310 2032 η’.
2345 1960 2556 2016 Scholia
2579 1963 2708 2033 περὶ
2744 1961 2843 2032 τῆς
2870 1960 3337 2032 ὲνανθρωπήσεως
3388 1958 3484 2014 τοῦ
3513 1962 3757 2028 Μονογί-

2168 2051 2316 2115 νοῦς,
2350 2052 2427 2107 De
2458 2052 2827 2108 incarnatione
2855 2052 3136 2125 Unigeniti.
3184 2052 3378 2107 Latine
3410 2049 3466 2122 p.
3495 2050 3753 2118 779-800,

2169 2143 2370 2199 additis
2407 2144 2642 2200 subinde
2698 2152 2981 2216 prieterea,
3044 2159 3166 2214 quae
3213 2143 3573 2199 conciliorum
3619 2142 3755 2198 tomi

2168 2236 2430 2293 exhibent
2461 2252 2492 2291 a
2514 2236 2599 2293 Jo.
2642 2235 2886 2292 Auberto
2914 2233 3115 2292 Grascis
3165 2233 3485 2306 fragmentis
3526 2249 3594 2288 ex
3616 2250 3750 2289 mss.

2169 2329 2305 2385 bibl.
2336 2329 2539 2400 Regia.
2586 2328 2826 2399 Incipit:
2856 2328 2928 2381 Τδ
2974 2325 3214 2398 Χριστὸς
3250 2322 3422 2397 ὄνομα
3471 2323 3594 2379 οὔτε
3621 2320 3758 2397 ὅροιι

2168 2421 2395 2492 δύναμιν
2433 2420 2567 2491 ἔχει.
2600 2419 2888 2475 Prodierat
2916 2417 3155 2488 primum
3178 2432 3247 2471 ex
3280 2414 3495 2471 oliicina
3520 2415 3752 2472 Robcrti

2166 2514 2384 2571 Winter
2415 2529 2466 2568 a.
2514 2512 2671 2577 1542,
2719 2511 2776 2565 in
2811 2501 2963 2564 libro
2994 2509 3460 2564 Constitutionum
3512 2510 3753 2581 synoda-

2167 2598 2341 2673 lium;
2365 2604 2563 2661 deinde
2585 2604 2641 2659 in
2659 2603 2851 2676 Cyrilli
2879 2601 3117 2672 Operum
3142 2600 3485 2657 editionibus
3517 2601 3751 2669 Latinis,

2168 2704 2226 2753 et
2260 2696 2319 2751 in
2351 2696 2714 2751 conciliorum
2746 2692 2907 2749 tomis
2945 2694 3000 2747 in
3038 2702 3194 2764 parte
3223 2710 3280 2748 ιιι
3319 2692 3581 2750 Actorum
3610 2711 3752 2751 con-

2168 2785 2279 2841 cilii
2312 2785 2594 2856 Ephesini,
2650 2794 2782 2840 tom.
2807 2782 2829 2840 l
2859 2784 3024 2850 Binii,
3081 2801 3132 2840 a.
3171 2782 3328 2851 1618,
3363 2801 3418 2855 p.
3479 2784 3605 2851 564,
3643 2801 3753 2840 nec

2166 2891 2278 2931 non
2315 2875 2383 2929 ad
2426 2875 2631 2930 calcem
2664 2870 2793 2930 libri
2841 2884 3024 2930 contra
3085 2870 3674 2948 Anthropomorphitas.
3718 2891 3752 2930 a

2167 2966 2468 3025 Bonavent.
2499 2966 2766 3023 Vulcanio
2790 2969 2996 3040 vulgati
3038 2968 3212 3041 Lugd.
3248 2968 3435 3024 Batav.
3479 2967 3635 3033 1605,
3692 2968 3753 3024 in

2166 3060 2220 3114 4.
2245 3059 2306 3114 ln
2322 3057 2486 3130 hujus
2497 3058 2761 3125 editione,
2784 3060 3244 3130 quemadmodum
3263 3068 3320 3114 et
3341 3061 3397 3115 in
3427 3056 3751 3130 LatinisCy-

2167 3149 2298 3213 rilli,
2329 3164 2440 3203 non
2477 3148 2688 3204 scholia
2713 3150 3123 3218 inscribuntur,
3178 3146 3275 3206 sed
3309 3151 3501 3216 scolia,
3537 3149 3753 3217 σκολιὰ,

2166 3241 2318 3296 velut
2340 3240 2584 3310 difﬁcilia
2623 3240 2736 3296 loca
2760 3249 2809 3295 et
2836 3241 3087 3314 perplexa
3111 3260 3131 3309 ;
3155 3243 3286 3298 licet
3308 3243 3563 3309 fateatur,
3599 3243 3755 3313 quod

2166 3329 2302 3384 mihi
2334 3331 2501 3385 etiam
2530 3332 2703 3402 magis
2730 3333 2932 3402 placet,
2962 3340 3020 3389 et
3049 3334 3235 3389 verius
3257 3341 3362 3399 est,
3395 3349 3555 3404 posse
3581 3333 3754 3389 etiam

2168 3421 2354 3491 σχόλια
2392 3421 2650 3487 inscribi,
2686 3424 2839 3478 velut
2874 3424 3349 3495 σεμνολογήματα.
3381 3425 3498 3480 sive
3551 3440 3754 3496 graves

2165 3509 2487 3576 sententias,
2524 3517 2617 3565 aut
2650 3511 3021 3568 additamenta
3047 3513 3113 3568 ad
3146 3514 3283 3569 alios
3305 3514 3552 3586 ejusdem
3583 3529 3753 3585 argu-

2164 3600 2338 3656 menti
2367 3600 2564 3667 libros,
2604 3618 2637 3657 a
2658 3602 2863 3675 Cyrillo
2894 3605 3248 3676 compositos.
3271 3604 3423 3661 Idem
3451 3605 3754 3663 Vulcanius

2164 3692 2547 3763 castigationes
2567 3694 2796 3762 addidit,
2824 3703 2882 3749 ut
2905 3712 2968 3750 ea:
2996 3698 3059 3751 iis
3081 3714 3356 3768 cognoscas
3385 3709 3585 3769 quanta
3602 3713 3754 3751 reco-

2160 3784 2393 3852 gnitione
2409 3786 2679 3855 indigeant
2705 3788 2864 3839 etiam
2896 3786 3007 3840 alia
3037 3786 3311 3858 pleraque,
3333 3804 3450 3859 quae
3469 3789 3752 3859 circumfe-

2162 3879 2377 3938 runtur,
2415 3872 2604 3944 Cyrilli
2632 3876 2850 3944 scripta,
2883 3891 3029 3944 daque
3071 3876 3213 3930 male
3245 3884 3403 3947 atque
3427 3879 3522 3931 hoc
3546 3894 3664 3932 cum
3681 3878 3754 3934 ab

2160 3963 2554 4032 interpretibus,
2587 3972 2698 4018 tum
2737 3983 2770 4018 a
2806 3968 3145 4037 typographis
3175 3968 3375 4022 habita.
3431 3967 3756 4025 Theodore-

2165 4059 2253 4109 tus
2278 4054 2493 4124 dialogo
2523 4053 2559 4107 2
2591 4053 2754 4109 aliert
2794 4056 3045 4125 quaedam
3096 4056 3285 4128 Cyrilli
3343 4057 3450 4112 ἀπὸ
3483 4057 3591 4113 τῶν
3620 4076 3753 4131 σχο-

2162 4142 2312 4199 λίων.
2335 4143 2658 4199 Anastasius
2686 4146 2973 4218 presbyter
3024 4148 3081 4202 in
3117 4149 3305 4221 ecloga
3333 4149 3443 4202 τῶν
3473 4151 3750 4222 χρήσεων,

2162 4256 2212 4297 c.
2252 4241 2306 4307 5,
2337 4242 2524 4298 laudat
2545 4242 2809 4313 Cyrillum
2860 4245 2928 4303 ,ἐν
2973 4246 3115 4317 ἀρχῇ
3147 4243 3239 4299 τοῦ
3265 4251 3314 4300 α’
3351 4247 3588 4319 σχολίου.
3638 4247 3749 4305 Fa-

2161 4330 2395 4397 cundus,
2424 4348 2500 4398 ιιι,
2528 4335 2582 4399 7,
2611 4334 2822 4388 beatum
2848 4332 3107 4406 Cyrillum
3127 4337 3183 4390 in
3208 4335 3361 4404 libro,
3391 4355 3545 4409 quem
3572 4338 3752 4395 Scho-

2162 4421 2237 4478 lia
2288 4425 2631 4495 nuncupavit,
2697 4424 2852 4481 titulo
2908 4428 3149 4498 septimo.
3204 4426 3275 4483 Et
3328 4444 3513 4483 rursus
3568 4429 3751 4484 eodem

2342 4604 2532 4680 Neque
2565 4605 2790 4680 _Walch.
2836 4605 2891 4662 in
2914 4607 3189 4680 __I_iistoria
3243 4609 3536 4665 haresium
3592 4608 3745 4680 (Ent.

2159 4674 2304 4744 εγω-[⁸
2318 4676 2465 4749 e_i_ner
2489 4674 2878 4749 vollstandigen
2905 4677 3137 4733 Historia
3168 4680 3262 4732 der
3289 4674 3747 4749 Kezereien,'etc.)

2158 4751 2294 4826 ἔξω.
2330 4744 2396 4826 V,
2426 4759 2480 4826 p.
2651 4760 2758 4826 sq.,
2781 4744 3056 4826 'Garnerip
3087 4744 3747 4826 assentitqr:_—__—__Exstant

2160 4760 2294 4797 tom.
2339 4760 2396 4809 ν,
2426 4760 2480 4826 p.
2517 4760 2615 4826 681
2651 4760 2758 4869 εἳ,
2788 4760 3056 4802 uarnerio
3087 4760 3493 4804 assemitur.—-
3515 4760 3744 4806 Exstant

2160 4813 2649 4885 florentgnbtbl.
2734 4827 2948 4872 aurent.
2985 4818 3126 4873 Med.
3167 4819 3289 4873 cod.
3332 4814 3549 4882 XXXV,
3600 4834 3655 4873 n.
3691 4820 3744 4885 1,

2160 4881 2350 4967 ειη-ἔμε
2368 4882 2582 4967 Dialogi
2625 4887 2717 4941 Vll
2747 4886 2811 4940 de
2846 4897 3035 4967 sancta
3060 4896 3108 4941 et
3144 4886 3584 4967 consubstantiali
3631 4881 3744 4967 Trio;

2160 4955 2347 5028 nitate,
2375 4960 2432 5008 et
2467 4955 2575 5009 alia
2608 4973 2638 5028 :_
2656 4971 2855 5026 nempe
2900 4973 2957 5011 n.
2995 4957 3047 5021 1,
3071 4958 3299 5028 primus
3347 4958 3617 5028 dialogos,
3673 4959 3745 5014 ad

2161 5022 2441 5098 llermiam
2497 5022 2876 5098 presbyterum
2909 5042 3021 5098 per
3064 5022 3386 5098 interrogat.
3423 5036 3480 5082 et
3499 5022 3746 5098 respon-

2164 5091 2396 5157 sionem,
2438 5091 2577 5165 qu—od
2603 5091 3066 5152 consubstantialis
3120 5107 3169 5152 et
3213 5091 3503 5151 coaeternus
3544 5091 3654 5151 Déo
3694 5107 3747 5153 et

2162 5160 2318 5236 Patri
2353 5164 2421 5216 sit
2448 5163 2668 5236 Filius;
2694 5182 2761 5236 η.
2791 5167 2846 5229 2,
2879 5166 3059 5236 capita
3117 5176 3587 5236 argumentorum,
3622 5183 3748 5236 quae

2213 5178 2318 5215 am
2353 5178 2421 5216 επ
2448 5178 2653 5230 muas;
2694 5182 2751 5220 η.
2791 5178 2846 5229 2,
2879 5178 3059 5230 (ςεψιιθ
3117 5178 3587 5230 argumentorum,
3622 5183 3693 5230 qu

2164 5182 2318 5215 ram
2353 5182 2421 5216 su
2448 5182 2653 5230 riuus;
2694 5182 2751 5220 η.
2791 5182 2846 5229 z,
2879 5182 3059 5234 capita
3117 5182 3587 5239 argumentorum,
3622 5183 3745 5236 quae

2164 5232 2516 5307 continentur
2546 5234 2604 5290 in
2633 5234 2875 5307 Dialogo
2899 5236 2964 5289 de
2988 5233 3191 5307 Spiritu
3221 5246 3426 5302 sancto,
3481 5251 3607 5292 etim
3641 5238 3745 5291 ad-

2162 5300 2372 5357 ditione
2395 5303 2626 5358 aliarum
2664 5300 3235 5372 aniniadversibmim;
3274 5323 3332 5360 ιι.
3372 5300 3426 5370 5,
3461 5307 3540 5361 De
3560 5307 3746 5361 incar-

2153 5374 2371 5457 natione
2404 5373 2689 5457 Unigsniti,
2731 5383 2841 5457 etc.
2875 5375 3189 5457 Apponitur
3238 5377 3492 5457 dialogus
3568 5378 3745 5457 septi-

2155 5441 2467 5567 nata.
2487 5441 2742 5570 οῗῖῗιῗζὲἓ
2755 5443 2824 5567 ἷξε
2862 5441 3418 5570 ἓὲἑέῗέῗίὲἒῗέεἰιεὲί
3443 5460 3517 5568 ἐξ
3555 5441 3748 5569 ltili?

2158 5580 2462 5656 dium-em
2495 5584 2627 5656 cod.
2649 5580 2766 5648 XII,
2795 5580 2971 5656 ψεαρ,
3008 5585 3147 5656 plut.
3178 5583 3464 5656 μανείη.
3493 5585 3572 5656 ad
3603 5582 3744 5656 Iler-

2160 5651 2324 5708 miam
2348 5652 2411 5708 de
2447 5652 2885 5711 consubstantiali
2908 5651 3185 5712 Trinitate.
3238 5651 3336 5713 VK
3356 5653 3588 5712 Bandin.
3619 5653 3743 5711 Cat.
