3998 6304
280 272 348 330 57
1525 281 1811 340 NOTITIA
1848 286 1867 342 1

1981 289 2314 349 FABRlClO.
3476 304 3546 365 58

283 388 463 485 Δ
505 384 660 485 titulo
706 388 927 485 decimo.
988 390 1167 485 Atque
1223 410 1296 485 vr,
1343 395 1398 461 5,
1469 399 1526 451 in
1584 397 1716 454 libro
1774 404 1865 472 qui
1892 412 1939 469 Α
1967 414 2076 473 tus,
2115 417 2176 462 ut
2206 409 2262 463 in
2286 409 2607 466 Bibliotheca
2640 416 2953 485 scriptorum
2998 414 3054 471 S.
3082 417 3134 472 J.
3178 426 3364 474 narrat
3413 418 3545 475 Phi-

282 480 501 536 Scholia
555 482 768 547 dicitur,
815 483 910 537 sub
964 484 1139 550 titulo,
1180 504 1198 537 ι
1239 478 1511 551 Quomodo
1543 507 1678 545 unus
1709 490 1864 547 Cbri~

285 583 411 628 stus.
447 591 466 625 ι
494 572 749 628 Andreas
810 574 1197 633 Samosatenus
1225 578 1371 649 apud
1407 580 1755 638 Anastasium
1811 584 1867 638 in

283 661 516 733 Ilodego,
564 678 621 733 p.
686 663 812 728 544,
871 663 968 716 καὶ
1020 665 1080 718 ὲν
1129 669 1244 730 τοῖς
1281 670 1689 741 γεγραμμένοις
1739 689 1866 742 σχο-

285 753 417 816 λίοις
442 752 760 823 ἑρμηνεύων
786 755 880 808 τὸν
908 758 966 809 ὲν
987 757 1062 827 τῷ
1090 758 1414 831 Εὑαγγελίῳ
1437 763 1703 835 στατῆρα.
1766 763 1864 820 Ci-

287 852 432 900 tatur
454 844 620 900 etiam
653 845 709 900 in
757 846 976 901 actione
1007 863 1043 902 ιι
1100 849 1322 905 concilii
1349 850 1705 920 Chalcedon.,
1732 864 1864 913 tom.

240 928 249 939 ’
285 936 329 991 ll
359 936 521 1001 Binii,
547 952 603 1007 p.
630 936 752 1000 169,
785 946 841 994 et
870 938 939 992 ab
966 939 1112 1004 aliis,
1150 956 1388 1011 quorum
1416 943 1534 1000 loca
1568 945 1867 1003 Tillemon-

290 1025 399 1080 tius
423 1034 559 1080 tom.
605 1025 747 1092 XIV,
800 1042 856 1099 p.
895 1028 1018 1093 667,
1047 1037 1105 1084 et
1145 1029 1447 1089 Garnerius
1480 1043 1614 1092 tom.
1642 1038 1688 1093 ll
1714 1038 1867 1095 Marii

286 1115 620 1183 Ilercatoris,
660 1132 716 1187 p.
778 1118 903 1184 216,
962 1129 1315 1178 annotarunt.
1365 1120 1468 1181 Hic
1530 1127 1665 1183 illud
1716 1144 1858 1200 opus

286 1207 455 1262 etiam
500 1208 773 1280 integrum
828 1210 1022 1266 Latine
1085 1227 1155 1268 ex
1197 1229 1369 1282 mss.,
1416 1232 1539 1290 pag.
1594 1220 1703 1276 218
1738 1236 1822 1292 sq.
1848 1262 1863 1288 ,

287 1300 653 1366 emendatius,
701 1311 758 1357 et
796 1316 828 1357 a
863 1318 920 1374 p.
965 1304 1072 1358 258
1106 1305 1175 1361 ad
1207 1307 1304 1363 241
1357 1308 1560 1382 insigni
1595 1322 1748 1383 parte
1772 1330 1868 1370 au-

285 1390 428 1445 ctius
497 1392 741 1457 exhibet,
833 1408 898 1450 ac
977 1396 1285 1453 versionem
1360 1409 1625 1469 veterem,
1701 1420 1863 1475 quam

288 1482 456 1536 solam
514 1481 802 1548 habemus,
832 1483 1123 1540 Mercatori
1182 1488 1444 1556 vindicat,
1513 1492 1658 1548 inter
1710 1495 1867 1565 cujus

284 1572 485 1643 scripta
522 1574 575 1628 in
603 1574 820 1634 duobus
842 1579 1127 1635 codicibus
1195 1581 1342 1637 illam
1394 1585 1597 1655 reperit
1641 1585 1740 1659 (a).
1804 1587 1865 1643 ln

283 1664 565 1733 prioribus
579 1666 921 1725 editionibus
949 1670 1217 1726 dividitur
1242 1674 1298 1727 in
1323 1673 1503 1745 capita
1530 1675 1619 1741 25,
1645 1677 1700 1730 in
1725 1676 1865 1732 Gar—

283 1756 512 1812 neriana
544 1758 599 1813 in
636 1758 743 1826 55;
791 1760 1020 1819 Photius
1054 1764 1177 1819 cod.
1218 1779 1371 1820 cunt
1396 1766 1629 1823 divisum
1644 1767 1776 1839 legit
1804 1769 1861 1824 in

283 1846 458 1916 capita
486 1848 849 1921 undeviginti.

349 1936 415 1992 θ’.
448 1939 587 2009 Περὶ
633 1940 734 2010 τῆς
755 1941 1216 2013 ὲνανθρωπήσεως
1246 1944 1340 1999 τοῦ
1373 1944 1510 2001 Θεοῦ
1539 1947 1734 2015 Λόγου,
1765 1946 1860 2002 τοῦ

287 2026 412 2081 Υῑοῦ
440 2029 537 2082 τοῦ
569 2030 801 2102 Πατρός.
855 2032 934 2087 De
981 2035 1350 2092 incarnatione
1398 2037 1546 2093 Verbi
1580 2038 1707 2105 Dei,
1737 2039 1861 2096 Filii

286 2117 478 2176 Patris.
513 2123 579 2178 P.
634 2114 757 2191 80-1,
793 2125 914 2181 802.
942 2126 1142 2198 Incipit
1172 2146 1186 2183 :
1240 2130 1305 2182 Ἦ
1323 2129 1424 2197 τῆς
1460 2130 1612 2195 θείας
1642 2132 1864 2204 Γραφῆς

285 2209 540 2283 ὁρθοτάτη
565 2211 761 2267 ἔννοια.
786 2214 845 2269 In
893 2214 1102 2271 Latinis
1146 2217 1487 2275 editionibus
1537 2229 1719 2276 exstat
1741 2224 1864 2278 loco

284 2299 460 2369 primo
486 2299 629 2355 inter
666 2301 939 2368 homilias,
969 2319 1039 2358 ex
1069 2305 1378 2377 Wolfgangi
1414 2307 1645 2363 Musculi
1692 2309 1863 2365 inter-

286 2390 595 2458 pretatione
631 2408 645 2445 :
677 2392 773 2466 sed
799 2392 1081 2450 Aubertus
1101 2397 1344 2451 servavit
1378 2398 1713 2466 versionem,
1736 2415 1862 2455 cum

285 2491 388 2544 qua
423 2477 627 2548 legitur
661 2478 717 2533 in
750 2489 906 2549 parte
963 2497 1021 2535 ιιι
1061 2483 1251 2553 synodi
1285 2484 1612 2555 Ephesium,
1671 2496 1806 2543 tom.
1840 2488 1863 2543 l

284 2567 447 2634 Binii,
482 2586 537 2640 p.
575 2570 699 2625 576.
730 2572 975 2627 Fm.-—
1000 2574 1059 2628 ln
1093 2574 1263 2630 Mansi
1285 2577 1496 2633 collect.
1535 2579 1652 2645 cit.,
1680 2581 1746 2646 V,
1805 2595 1860 2650 p.

286 2659 408 2725 169,
443 2662 564 2729 170,
600 2672 657 2718 et
694 2664 752 2719 in
776 2664 1067 2720 concilior.
1101 2669 1439 2737 generalium
1464 2669 1600 2727 edit.
1628 2671 1723 2728 Gr.
1756 2672 1864 2728 La-

288 2752 399 2806 tina
442 2754 724 2821 Vaticana,
773 2771 824 2812 a.
871 2756 1031 2821 1608,
1067 2765 1197 2813 tom.
1252 2758 1295 2823 Ι,
1334 2775 1389 2830 p.
1420 2761 1639 2817 588.—
1664 2763 1868 2821 Vindo-

287 2842 446 2898 bona:
479 2845 536 2899 in
563 2846 688 2900 cod.
719 2845 924 2903 Caesar.
950 2847 1263 2915 LXXXIIX,
1290 2867 1347 2905 ιι.
1383 2853 1438 2917 5,
1469 2852 1548 2907 De
1585 2863 1729 2909 recta
1759 2855 1866 2924 fide

285 2931 417 2987 liber
450 2950 508 3000 ιι,
537 2935 604 2989 ad
640 2936 1040 3006 imperatriees,
1076 2939 1133 2993 in
1159 2940 1230 2994 45
1254 2950 1414 2998 sectt.
1475 2943 1706 3012 divisus,
1748 2955 1865 3008 tum

285 3027 480 3091 oratio,
502 3026 571 3081 de
585 3043 696 3096 qua
726 3028 783 3083 h.
813 3029 851 3083 l.
876 3044 1060 3085 sermo
1082 3041 1188 3095 est,
1224 3032 1302 3086 De
1324 3035 1689 3093 incarnatione
1714 3038 1864 3094 Verbi

285 3115 404 3183 Dei,
434 3125 495 3173 et
514 3119 676 3188 epist.
708 3119 775 3175 ad
802 3123 1100 3178 monachos
1128 3122 1342 3195 ὥρῃ)ιί
1366 3143 1380 3192 ;
1408 3126 1517 3183 inc.
1579 3129 1862 3199 Ἀφικοντο
1889 3097 1930 3154 C

292 3206 390 3275 μέν
418 3223 583 3271 τινες.
615 3207 863 3280 Denique
895 3211 1084 3283 Cyrilli
1139 3214 1372 3284 epistola
1410 3219 1480 3274 ad
1522 3220 1859 3289 Nestorium,

288 3310 412 3351 cum
440 3299 678 3357 Nestorii
715 3306 1080 3373 reSponsoria.
1109 3308 1173 3363 V.
1226 3309 1482 3365 Lambec.
1513 3311 1621 3367 vol.
1662 3313 1754 3379 lll,
1804 3328 1861 3383 p.

291 3386 411 3443 760.
440 3388 614 3445 Paris.
649 3391 706 3446 in
734 3392 798 3448 IV
831 3395 992 3451 codd.
1027 3397 1161 3453 bibl.
1187 3401 1339 3470 publ.
1376 3402 1553 3464 Haut...

363 3508 416 3554 ι’.
449 3503 754 3575 Συζήτησις
783 3508 910 3578 περὶ
955 3511 1049 3563 τοῦ
1070 3512 1255 3567 αὐτοῦ.
1288 3514 1591 3586 Disputatio
1635 3517 1868 3588 ejusdem

296 3597 591 3663 argumenti
617 3611 717 3666 per
737 3600 1071 3667 quaestiones
1110 3610 1167 3658 et
1196 3606 1602 3675 responsiones,
1636 3624 1692 3678 p.
1735 3609 1868 3663 802-

299 3681 419 3738 804.
456 3685 658 3756 Incipit
684 3706 698 3741 :
730 3689 855 3752 Πῶς
884 3692 912 3743 ὁ
935 3691 1067 3755 Θεὸς
1097 3694 1380 3765 ἀχώρητος
1403 3698 1679 3768 ὲχωρήθη.
1705 3699 1866 3756 FABR.

296 3774 489 3831 Incod.
509 3777 776 3835 Escorial.
806 3789 948 3838 teste
978 3782 1197 3851 Pluero,
1216 3786 1253 3840 l.
1292 3802 1366 3853 c.,
1386 3804 1506 3861 pag.
1544 3790 1665 3845 164.
1700 3792 1868 3847 ΗΛιιι..

359 3865 496 3921 Tom
517 3868 563 3921 V
585 3885 748 3924 PARTE
768 3886 900 3925 ιι.-
923 3879 1011 3927 ια’.
1032 3876 1192 3945 Λόγοι
1223 3878 1580 3949 ἐορταστικοί,
1601 3881 1869 3950 Homilies,

296 3955 426 4024 sive,
442 3965 504 4012 ut
525 3959 595 4014 ab
618 3961 927 4019 Alexandro
951 3965 1361 4037 Hieropolitano
1392 3969 1465 4041 (b)
1504 3972 1870 4042 appellantur,

297 4046 548 4118 Epistola:
567 4053 839 4122 paschales
875 4057 1337 4130 undetriginta,ab
1367 4062 1432 4117 A.
1454 4061 1516 4119 ς.
1545 4064 1650 4119 414
1680 4065 1749 4119 ad
1771 4065 1875 4120 445

1969 498 2153 570 lippus
2190 501 2504 573 Alegambe,
2547 502 2737 576 Cyrilli
2759 507 3098 562 heartasticos
3134 512 3239 565 sive
3272 512 3545 582 paschales

1966 605 2254 658 sermones,
2274 610 2307 647 α
2327 610 2383 647 se
2402 592 2695 649 Latinitate
2718 594 2939 650 donatos
2945 598 3064 666 jam
3085 598 3232 668 prelo
3253 613 3543 672 promptos,

1966 680 2057 734 sed
2076 697 2232 736 suum
2278 692 2495 754 partum
2535 687 2846 755 suppressit,
2886 694 2944 739 ut
2973 686 3201 743 Antonio
3244 690 3542 759 Salmatiaz,

1967 774 2057 840 qui
2090 774 2295 828 eosdem
2344 775 2718 842 transtulerat,
2784 777 2956 832 locum
3005 778 3177 833 daret.
3212 780 3485 839 Praeterea
3514 800 3546 839 ιι

1967 864 2231 922 Federico
2260 866 2441 932 Metio,
2475 867 2844 924 Thermulano
2871 870 3148 940 episcopo,
3190 870 3383 928 Latine
3416 891 3544 930 ver-

1968 971 2060 1011 sos
2090 958 2420 1014 Possevinus
2460 968 2746 1016 memorat.
2786 960 3157 1017 Numerantur
3187 963 3544 1021 homilizetri-

1966 1050 2135 1121 ginta,
2190 1052 2287 1106 sed
2326 1053 2401 1107 ita
2450 1061 2512 1108 ut
2569 1054 2732 1108 tertia
2770 1053 3005 1110 deﬁcere
3052 1054 3289 1111 dicatur.
3343 1058 3546 1115 Paulus

1969 1156 2099 1198 vero
2121 1142 2389 1200 Guldinus
2416 1144 2472 1199 S.
2507 1144 2556 1201 J.
2616 1154 2686 1200 ex
2724 1145 2995 1201 mensium
3035 1148 3374 1219 paschalium
3415 1166 3543 1206 suc-

1967 1233 2212 1289 cessione
2236 1235 2387 1289 visus
2420 1244 2504 1290 est
2549 1235 2655 1291 sibi
2707 1236 2992 1308 collegisse
3021 1238 3228 1292 nullam
3275 1239 3331 1293 in
3360 1239 3544 1294 medio

1967 1322 2291 1390 desiderari,
2341 1325 2437 1380 sed
2472 1341 2593 1397 qua:
2619 1334 2813 1397 quarta
2851 1336 3195 1394 numeratur,
3232 1329 3544 1385 habendam

1966 1415 2179 1471 ratione
2207 1417 2469 1488 temporis
2497 1434 2597 1488 pro
2625 1419 2810 1487 tertia,
2839 1429 3004 1491 atque
3025 1420 3103 1477 ita
3135 1421 3353 1493 insequi
3378 1431 3543 1479 caete-

1967 1521 2056 1561 ras
2082 1506 2149 1585 ad
2180 1507 2427 1562 ultimam
2454 1525 2645 1579 usque.

2052 1620 2138 1690 ιβ’.
2174 1619 2423 1676 Homilite
2441 1621 2669 1677 diversa:
2697 1623 2979 1691 tredecim,
3017 1624 3204 1681 Graece
3243 1635 3299 1682 et
3324 1626 3539 1683 Latine.

1897 1747 1935 1802 Β
1970 1713 2030 1767 Ρ.
2059 1711 2318 1779 550-116,
2348 1722 2404 1769 et
2433 1729 2540 1768 una
2572 1714 2786 1782 Latine,
2820 1715 2898 1770 De
2918 1733 2977 1771 eo
3006 1719 3149 1789 quod
3181 1718 3397 1773 Verbum
3445 1720 3544 1774 Dei

1967 1804 2168 1875 factum
2196 1807 2262 1859 sit
2283 1807 2456 1870 homo,
2486 1822 2609 1876 qua:
2646 1807 2839 1878 incipit
2874 1807 3242 1880 :Profundum
3256 1811 3464 1882 quidem
3493 1821 3543 1867 et

1967 1910 2259 1964 ntagnum;
2297 1902 2353 1948 et
2370 1895 2481 1965 jam
2526 1895 2809 1965 prodierat
2840 1896 3014 1952 Paris.
3070 1896 3227 1963 1545,
3285 1898 3342 1953 in
3395 1898 3447 1964 8,
3484 1916 3539 1970 p.

1966 1981 2226 2037 416-417.
2256 1982 2407 2039 Hanc
2450 1983 2748 2040 Vulcanius
2785 2001 3003 2056 quoque
3059 1988 3369 2059 subiecerat
3400 1990 3544 2045 libro

1967 2082 2151 2128 contra
2172 2073 2756 2147 Anthropomorphitas,
2778 2093 2833 2147 p.
2855 2077 2980 2133 201.
3001 2078 3263 2134 Homilias
3279 2080 3544 2150 quasdam

1967 2164 2156 2237 Cyrilli
2189 2176 2246 2221 et
2283 2166 2680 2239 Chrysostomi,
2712 2169 2917 2225 Gallice
2947 2186 2978 2224 a
3028 2186 3087 2225 se
3124 2186 3331 2236 versas,
3371 2170 3545 2227 edidit

1968 2255 2226 2311 Morellus
2280 2256 2455 2311 Paris.
2497 2256 2654 2322 1601,
2687 2257 2744 2312 in
2801 2258 2852 2313 8.
2888 2258 3222 2325 Gennadius,
3253 2275 3303 2314 c.
3360 2260 3447 2325 57,
3475 2260 3546 2316 de

1966 2346 2207 2418 Cyrillo:
2241 2346 2505 2403 Homilias
2534 2352 2823 2421 composuit
2868 2350 3147 2422 plurimas,
3183 2368 3298 2421 qua:
3334 2351 3405 2404 ad
3452 2350 3543 2405 de-

1932 2484 1933 2487 η
1968 2437 2305 2494 clamandum
2336 2459 2369 2495 a
2415 2440 2629 2497 Gracia:
2680 2444 2931 2514 episcOpis
2971 2444 3237 2498 memoria:
3279 2460 3544 2497 commen-
3648 2484 3653 2491 .

1968 2527 2188 2582 dantur.
2225 2529 2386 2585 FABR.
2418 2559 2488 2569 ——
2525 2530 2724 2585 Oudin.
2747 2530 2786 2585 l.
2823 2547 2896 2596 c.,
2923 2530 3030 2585 col.
3083 2530 3242 2595 1040,
3284 2530 3352 2586 de
3379 2547 3544 2602 argu-

1968 2618 2168 2673 mentis
2197 2619 2535 2691 singularum
2559 2621 2933 2688 homiliarum,
2963 2631 3021 2677 et
3067 2638 3188 2692 quae
3218 2622 3275 2677 in
3311 2622 3545 2678 Auberti

1968 2706 2056 2763 ed.
2086 2709 2324 2778 primum
2358 2710 2548 2784 Graece
2582 2712 2763 2769 lucem
2828 2725 3179 2784 aspexerant,
3211 2715 3340 2787 agit.
3383 2747 3455 2757 ——
3484 2716 3545 2770 ln

1969 2797 2136 2852 variis
2166 2808 2350 2853 autem
2388 2799 2521 2855 bibl.
2581 2811 2797 2858 exstant
2839 2801 3025 2874 Cyrilli
3052 2804 3291 2861 homilise
3346 2821 3545 2859 manu-

1970 2885 2207 2956 scriptae.
2235 2888 2294 2942 ln
2321 2889 2444 2943 cod.
2477 2889 2741 2945 Escorial.
2768 2890 3132 2948 Homiliarum
3195 2893 3542 2959 festivarum,

1970 2986 2189 3034 tomus:
2221 2981 2636 3047 etn,V.Pluer.
2656 2982 2692 3036 l.
2723 2996 2868 3053 c.,p.
2900 2983 3021 3037 165.
3054 2983 3231 3054 Atque
3255 3000 3325 3039 ne
3354 2985 3546 3040 charta

1971 3075 2328 3141 temporeque
2357 3072 2572 3139 abutar,
2606 3074 2665 3129 in
2696 3090 2897 3145 genere
2919 3084 3130 3130 tantum
3160 3076 3454 3146 quosdam,
3487 3076 3545 3131 in

1962 3162 2165 3233 quibus
2178 3167 2637 3223 servanturmodo
2650 3168 2857 3238 plures,
2875 3168 3036 3222 modo
3048 3167 3273 3238 singulae
3288 3167 3544 3232 homilize,

1966 3254 2127 3309 codd.
2158 3263 2254 3310 aut
2290 3257 2564 3328 catalogos
2595 3258 2853 3313 codicum
2879 3259 3178 3313 nominabo
3212 3276 3225 3312 :
3265 3257 3549 3312 Florentia:

1964 3343 2020 3398 in
2053 3345 2188 3400 bibl.
2242 3346 2500 3401 Laurent.
2560 3347 2754 3402 Medic.
2811 3348 3004 3403 obvios
3056 3348 3286 3402 Bandin.
3338 3355 3471 3403 tom.
3524 3346 3549 3403 ι

1966 3431 2085 3488 Cat.
2111 3434 2261 3487 codd.
2289 3434 2383 3489 Gr.
2423 3434 2589 3488 Laur.
2632 3443 2883 3490 recenset
2919 3450 3204 3491 sermones
3245 3440 3301 3492 in
3359 3455 3549 3492 occur-

1967 3539 2084 3582 sum
2108 3523 2340 3589 Domini,
2376 3539 2431 3593 p.
2466 3524 2590 3591 419,
2631 3541 2687 3579 ιι.
2720 3525 2810 3592 52,
2862 3518 2918 3581 et
2968 3541 3023 3597 p.
3079 3526 3203 3593 M2,
3255 3544 3314 3583 ιι.
3368 3529 3438 3594 8;
3491 3530 3548 3583 in

1971 3613 2491 3686 transﬁgurationem
2539 3617 2772 3683 Domini,
2828 3634 2883 3689 p.
2912 3619 3044 3684 455,
3094 3635 3151 3673 ιι.
3202 3619 3293 3674 25.
3321 3651 3392 3660 --
3420 3619 3543 3675 Sec.

1971 3703 2089 3760 Cat.
2125 3705 2515 3778 codd.Anglice,
2546 3715 2677 3763 tom.
2706 3708 2749 3774 l,
2789 3709 2847 3771 in
2876 3709 2999 3765 cod.
3032 3709 3256 3769 Barocc.
3287 3727 3345 3765 ιι.
3374 3710 3462 3775 85,
3493 3716 3551 3766 et

1971 3797 2123 3863 alibi,
2186 3799 2267 3854 uti
2300 3801 2415 3870 jam
2476 3816 2642 3872 supra
2708 3802 3066 3858 notavimus:
3129 3802 3185 3857 in
3252 3802 3376 3857 cod.
3406 3802 3547 3857 Rob.

1972 3884 2333 3957 Buntington,
2364 3905 2421 3943 ιι.
2454 3889 2613 3956 5819,
2646 3888 2762 3946 Cat.
2799 3890 2977 3956 Bodt.,
3030 3890 3156 3964 Cyr.
3184 3890 3425 3946 homilize
3457 3890 3549 3955 44,

1972 3976 2223 4034 Arabica.
2256 4010 2330 4020 —
2354 3980 2528 4035 Paris.
2554 3980 2612 4035 in
2645 3980 2780 4036 bibl.
2813 3981 2966 4051 publ.
2995 3982 3144 4035 hom.
3184 3982 3240 4035 in
3278 3995 3553 4033 occursum

1973 4068 2188 4123 Domini
2237 4071 2294 4125 in
2335 4071 2515 4126 tribus
2561 4070 2720 4126 codd.
2747 4077 2788 4138 ;'
2817 4072 2872 4125 in
2905 4070 3460 4142 transﬁgurationem,
3494 4070 3553 4124 in

298 4135 495 4229 habita:
520 4142 609 4196 vel
643 4143 712 4197 ad
738 4145 1015 4202 Ecclesias
1038 4150 1240 4215 missae,
1273 4151 1342 4206 ad
1392 4152 1749 4209 indicendum
1783 4169 1876 4210 so-
1975 4155 2163 4212 decem
2192 4158 2388 4226 codd.;
2419 4160 2472 4214 in
2501 4177 2723 4225 omnem,
2750 4135 2756 4138 ν
2785 4160 2841 4214 in
2877 4135 3119 4214 duobus-
3142 4159 3338 4223 codd.;
3370 4159 3424 4212 in
3456 4175 3555 4229 pa-

297 4226 474 4319 lemne
487 4229 784 4290 Paschatos
804 4245 1041 4308 tempus,
1068 4241 1216 4311 quod
1230 4243 1633 4314 archiepiscopi
1646 4245 1877 4301 Alexan-
1976 4248 2215 4303 rabolam
2243 4249 2425 4314 vineae,
2447 4250 2505 4303 in
2524 4251 2646 4305 cod.
2681 4248 3000 4317 DCCLXXI;
3024 4251 3080 4303 in
3100 4226 3472 4319 paralyticum,
3495 4248 3552 4303 in

299 4317 442 4410 drini
466 4320 546 4393 (c)
577 4321 817 4380 otllcium
860 4327 1029 4385 fuisse
1051 4340 1283 4389 constat.
1335 4333 1445 4390 llas
1471 4335 1697 4391 exhibet
1760 4335 1877 4391 Au-
1978 4339 2099 4393 cod.
2124 4338 2378 4405 MDXCV;
2406 4343 2462 4392 in
2483 4338 2923 4410 puriﬁcationem,
2956 4339 3013 4393 in
3042 4317 3107 4392 c.,
3132 4317 3472 4402 MCLXXIII;
3494 4338 3552 4390 in

299 4407 486 4503 bertus
544 4429 668 4484 pag.
736 4417 925 4485 1-550,
982 4436 1051 4476 ex
1123 4422 1367 4480 editione
1432 4425 1876 4483 Graeco-Latina
1906 4448 1951 4503 ι)
1982 4427 2190 4483 laudem
2215 4429 2280 4485 B.
2304 4407 2511 4494 Marini,
2548 4429 2606 4484 in
2633 4429 2815 4483 tribus
2853 4429 3054 4495 codd.;
3086 4438 3143 4484 et
3171 4444 3241 4484 ex
3293 4429 3553 4485 Vaticana

300 4499 523 4592 _Antonii
556 4504 852 4574 Salmatiae,
877 4512 1169 4584 theologia:
1191 4515 1247 4570 in
1275 4515 1640 4573 Ambrosiano
1664 4518 1873 4574 Medio—
1906 4499 1938 4503 ἡ
1966 4520 2105 4577 bibl.
2141 4521 2328 4592 plures
2356 4520 2856 4592 homiliaa,Coptice
2889 4536 2999 4576 scr.
3028 4522 3093 4578 γ.
3122 4523 3355 4579 Recens.
3386 4523 3548 4577 codd.

301 4589 508 4648 lanensi
571 4596 801 4668 collegio
844 4599 1112 4668 doctoris,
1151 4621 1273 4676 qua:
1308 4623 1340 4663 e
1383 4609 1645 4666 Vaticano
1682 4613 1874 4669 codice
1970 4627 2102 4669 mss.
2139 4589 2233 4683 qui
2272 4629 2341 4669 ex
2394 4613 2650 4670 biblioth.
2689 4589 2865 4671 Vatic.
2904 4617 3357 4688 procuratoribus
3408 4615 3547 4671 Gall.

305 4694 426 4778 eum
462 4696 825 4743 commentar.
892 4689 949 4745 in
998 4691 1118 4748 loca
1177 4696 1536 4754 Pentateuchi
1591 4701 1878 4771 prodierat
1972 4706 2164 4762 traditi
2198 4704 2372 4769 luere,
2394 4721 2451 4777 p.
2482 4706 2552 4762 56
2581 4715 2638 4763 et
2668 4709 2757 4773 57,
2815 4725 2874 4764 ιι.
2910 4710 3011 4765 157
3041 4726 3106 4765 ac
3137 4710 3259 4773 160,
3285 4718 3341 4763 et
3378 4708 3547 4778 p.58,

304 4772 565 4847 Antuerp.
600 4778 758 4845 1618,
798 4780 893 4835 fol.
927 4781 1026 4854 (a).
1048 4782 1299 4842 Habebat
1328 4796 1389 4845 et
1403 4789 1652 4848 Andreas
1677 4792 1876 4849 Schot-
1972 4813 2029 4852 ιι.
2067 4796 2192 4852 ιθι.
2225 4825 2297 4838 -
2323 4772 2551 4853 Taurini
2574 4798 2632 4854 in
2651 4772 2789 4855 bibl.
2820 4801 3010 4872 Regia,
3043 4772 3280 4854 sermoin
3294 4772 3550 4854 solemnia

307 4975 450 5053 colla.
480 4976 589 5053 ρι’.-
608 4976 797 5053 Lauri,
817 4977 870 5053 _l,
899 4992 956 5053 p_.
986 4978 1059 5036 59
1087 4996 1196 5053 sq.,
1220 4993 1279 5042 et
1299 4985 1421 5041 556.
1456 4984 1622 5042 Haut.

304 5045 449 5170 ﬁlia)
480 5044 590 5102 Sed
617 5044 973 5130 Walchius'l.
1007 5065 1083 5116 c.,
1107 5044 1228 5124 pag.
1274 5055 1398 5137 680.,
1430 5055 1501 5110 de
1527 5056 1686 5139 libris
1712 5073 1746 5115 a
1767 5058 1877 5132 Cy-

393 5131 427 5170 o
490 5125 690 5170 contra
732 5118 1049 5170 Nestorium
1104 5135 1439 5170 cnmmsma-
1481 5126 1697 5170 Λιιὴιιειι
1756 5145 1876 5170 mm

393 5131 439 5192 o_
490 5125 690 5173 contra
732 5118 1049 5192 Nestorium
1104 5118 1441 5192 compositis,
1481 5126 1697 5182 dubitat
1756 5118 1879 5184 eain

303 5185 611 5261 versionem
636 5202 759 5242 esse
790 5188 1005 5257 plenam
1043 5200 1208 5261 atque
1228 5185 1524 5261 integram,
1563 5205 1618 5250 et
1649 5208 1881 5254 annotat

301 5257 609 5313 versionem
661 5266 906 5311 veterem
952 5257 1168 5316 exstare
1238 5263 1292 5317 in
1344 5257 1519 5320 Πειηεῖ
1565 5266 1879 5322 Collectione

300 5327 564 5413 concilim.
619 5327 969 5413 amplissima,
999 5333 1215 5413 tomN,
1249 5348 1371 5413 pag.
1405 5335 1526 5413 111,
1547 5335 1600 5413 2_,
1625 5338 1676 5413 5.
1709 5338 1867 5413 Haec,

1972 5351 2145 5413 mont.
2178 5327 2307 5397 tom.
2339 5327 2479 5406 ΧΠ,
2589 5327 2712 5407 269,
2757 5327 2882 5397 270.

366 5396 1499 5495 ΨᾶεξίὶηέέξΞὲἓὲτοιξοὲὶιξίηυε’θὲὶξιοέξι
1514 5396 1596 5460 ’πά
1616 5399 1874 5495 Agmine
1982 5480 1995 5493 .
2044 5396 2128 5483 (ά)
2152 5414 2352 5495 Amos.-
2381 5396 2652 5495 έάιῶειὲθέ
2679 5396 2918 5495 linteas
2949 5413 3165 5495 ςτιιάίιξξ
3213 5411 3316 5495 Εμ·
3342 5411 3416 5466 (ιιι
3447 5414 3548 5495 Pis

296 5464 724 5551 Berrhoense'm,
746 5467 904 5551 apud
957 5464 1155 5551 Baluz“._
1193 5488 1268 5551 ρ..
1297 5464 1400 5528 762
1424 5474 1595 5551 ’Νουω
1654 5475 1869 5551 Collect.
1980 5480 2035 5535 in
2055 5464 3005 5551 taniﬁtidiuﬁébﬁiihiit;'éi‘ihdé
3020 5464 3307 5551 D—udvinll.’
3331 5464 3415 5546 c.,

293 5536 546 5591 ιοηεὶιίον
575 5553 597 5591 :
615 5535 886 5623 .Lu'cidum
911 5548 989 5623 est
1012 5535 1436 5623 cuilibe’t‘legenti
1462 5562 1602 5623 _cum_
1629 5549 1871 5623 ueritatis
1979 5551 2117 5623 1055
2334 5535 3056 5623 tiaberisan—'ieimii,‘f'ei
3082 5535 3194 5607 col.
3256 5535 3403 5606 1056'

292 5623 471 5696 amore
501 5604 752 5696 capitula
781 5607 893 5696 ejus
922 5607 1159 5696 _(Gyrilli)
1191 5620 1239 5665 et
1259 5604 1519 5696 [Epist-ala:
1534 5616 1602 5669 ad
1623 5616 1874 5696 [febriens
1977 5621 2085 5696 late
2106 5604 3180 5696 perééduiihi"sinigiiirddiBeniamin
3197 5604 3541 5693 argumenla';

289 5677 787 5739 interpretationem
833 5685 881 5731 et
910 5677 1155 5736 eoistolas
1193 5682 1272 5738 vel
1305 5677 1532 5748 festivas,
1578 5685 1658 5739 rel
1713 5686 1869 5746 alias.
1979 5677 2142 5747 Ηιιιιιῖ.

1973 4999 2024 5047 et
2051 4993 2297 5074 numerati
2328 4995 2441 5066 ejus
2473 4998 2947 5074 conscriptahetc.‘
3118 5063 3130 5074 _

2045 5062 2113 5135 (c)
2137 5062 2361 5135 Similes
2391 5074 2605 5120 exstant
2646 5062 2884 5135 humilia:
2905 5064 3019 5118 sive
3044 5062 3290 5135 epistolae
3317 5066 3519 5134 pascha
3542 5098 3550 5106 -

1970 5132 2363 5205 les'Athanasii
2395 5144 2453 5191 et
2479 5135 2768 5205 Theophili
2809 5134 2985 5205 Alex.,
3020 5132 3093 5188 ut’
3111 5132 3360 5205 omittam
3411 5152 3552 5205 quas

1972 5202 2215 5275 Dionysii
2251 5205 2403 5260 Alex.
2458 5202 2747 5275 memorat
2772 5204 3073 5275 Eusebius,
3118 5202 3552 5275 LuciigAlexan-

1971 5271 2129 5327 drini'
2179 5274 2539 5346 Hieronymus
2590 5273 2809 5346 9:118
2839 5271 3107 5346 _Catalogi.
3154 5272 3355 5329 Confer
3382 5274 3550 5331 'l'ille-
