3998 6304
439 259 509 316 59
1670 265 1952 321 NOTITIA
1992 264 2089 320 EX
2126 262 2462 321 FABRICIO.
3632 262 3701 320 60

439 370 683 428 Polmar.
711 380 767 428 et
792 374 845 428 in
882 373 939 429 S.
968 374 1224 443 Paulum,
1267 377 1321 432 in
1373 376 1535 433 codd.
1582 378 1733 434 LXX
1774 388 1832 434 et
1854 378 2013 435 CXV.
2045 396 2090 449 Α
2120 392 2203 447 sq.
2238 407 2309 418 ——
2341 375 2629 433 Nonnulla
2665 383 2794 431 sunt
2819 374 3113 431 Florentiae
3141 374 3197 431 in
3230 375 3397 431 codd.
3433 376 3695 435 Laurent.

441 464 504 518 V.
524 463 701 520 Catal.
732 467 881 521 codd.
911 468 1003 524 Gr.
1024 467 1207 531 Tuur.,
1237 483 1292 539 p.
1326 469 1425 525 I65
1467 479 1524 525 et
1559 470 1684 524 217.
1714 501 1784 512 -
1805 470 2013 528 Vindo-

438 555 597 611 bonae
625 556 680 611 in
706 557 842 612 bibl.
876 558 1074 614 Caesar.
1101 560 1157 615 in
1204 561 1327 616 cod.
1353 561 1611 627 LXXVII,
1643 578 1699 617 ιι.
1722 561 1811 627 51,
1845 562 2012 632 quin-

438 662 546 715 que
596 647 858 713 homiliaa,
885 658 943 704 et
986 666 1043 704 ιι.
1089 651 1179 716 10,
1231 652 1372 706 hom.
1412 652 1475 706 de
1512 651 1722 719 Paulo,
1756 653 2015 724 episcopo

440 734 728 802 Emeseno,
759 748 815 793 et
836 739 1180 795 deincarnat.
1201 741 1433 807 Domini,
1471 752 1528 798 et
1557 744 1827 814 posterior
1847 744 2014 798 etiam

438 828 496 882 in
525 828 647 883 cod.
695 829 1026 898 LXXXVIII,
1087 849 1146 888 ιι.
1208 834 1263 900 5,
1296 836 1352 889 in
1406 836 1598 906 festum
1639 837 1923 905 Puriﬁcat.
1957 836 2015 892 in

438 918 561 971 eod.
589 917 818 983 CXLVI,
849 937 905 974 ιι.
936 921 1023 975 17.
1064 921 1126 977 V.
1178 922 1436 979 Lambcc.
1474 923 1794 990 Comment.,
1828 925 1918 990 IlI,
1955 942 2011 996 p.

438 1004 699 1071 588-592,
733 1010 918 1064 01476
974 1041 1045 1049 —
1076 1015 1153 1066 Ac
1178 1013 1287 1067 vol.
1338 1014 1402 1078 V,
1435 1029 1491 1082 p.
1525 1013 1648 1068 260.
1677 1045 1748 1053 —
1774 1014 1841 1069 In
1880 1016 2013 1085 virg.

437 1096 689 1163 Mariam,
732 1100 931 1169 Ephesi
991 1112 1182 1157 contra
1227 1103 1540 1161 Nestorium
1592 1104 1797 1159 habita.
1843 1104 1923 1159 Ib.
1960 1106 2017 1159 in

437 1188 547 1243 vol.
573 1189 706 1255 VIII,
741 1192 846 1245 col.
882 1190 1005 1246 8:20.
1037 1192 1094 1247 In
1132 1194 1215 1249 Jo.
1255 1195 1469 1249 Patusa:
1498 1195 1870 1267 Encyclopwd.
1896 1196 2015 1267 phi-

439 1278 558 1344 lol.,
593 1281 700 1335 vol.
737 1281 803 1346 II,
856 1292 941 1339 est
972 1299 1028 1353 p.
1086 1284 1190 1337 5‘22
1240 1284 1429 1356 Cyrilli
1479 1296 1663 1341 contra
1716 1286 2018 1341 Nestorium

436 1388 629 1437 sermo,
661 1372 842 1428 dictus
885 1374 941 1429 in
981 1375 1189 1447 synodo
1234 1376 1548 1445 Ephesina;
1590 1393 1712 1448 pag.
1784 1377 1907 1442 526,
1940 1377 2020 1431 De

439 1460 622 1516 Sotere
650 1473 829 1521 nostro
861 1466 969 1521 Deo
998 1476 1048 1520 et
1092 1468 1339 1534 homine;
1396 1479 1452 1525 et
1479 1485 1534 1541 p.
1558 1470 1681 1536 5‘29,
1722 1470 1791 1526 de
1824 1468 2017 1525 eodem

439 1564 763 1625 argumento
820 1572 1005 1613 sermo
1062 1559 1247 1615 dictus
1289 1562 1490 1632 Ephesi
1544 1562 1599 1617 in
1630 1562 1833 1633 templo
1858 1562 1889 1628 ,'
1925 1561 2017 1617 die

441 1644 500 1700 S.
535 1646 769 1703 Joannis
793 1649 1161 1720 evangelista.
1186 1651 1354 1707 ΗΑιιι..

2082 467 2178 521 .ν.
2210 466 2438 521 Bandin.
2463 464 2581 522 Cat.
2608 466 2759 520 codd.
2781 466 3026 533 Laur.,I,
3055 482 3110 536 p.
3144 466 3264 532 122,
3284 485 3340 522 ιι.
3376 468 3480 536 54ς
3501 469 3696 539 ι).129,

2115 574 2172 612 ιι.
2203 557 2311 625 22;
2349 574 2403 629 p.
2434 558 2557 623 544,
2590 574 2646 613 ιι.
2680 559 2746 626 7;
2781 557 2892 612 vol.
2930 557 2997 623 II,
3029 574 3151 630 pag.
3208 559 3333 625 II-I,
3378 576 3438 614 ιι.
3472 561 3540 627 5;
3576 562 3699 631 plu-

2115 663 2207 704 res
2239 647 2296 701 in
2320 646 2480 703 codd.
2504 648 2711 718 Anglia:
2742 655 2800 702 et
2844 647 3072 703 Ilibern.
3111 664 3224 709 sec.
3277 650 3439 704 catal.
3471 649 3529 704 in
3558 650 3694 706 bibl.

2114 738 2321 795 Bodlei.
2354 756 2410 794 ιι.
2448 738 2651 819 26,85,
2684 738 2770 803 86,
2800 738 2963 808 epist.
2995 738 3274 794 canonica:
3305 756 3320 805 ;
3352 755 3409 792 ιι.
3438 740 3528 805 91,
3571 740 3694 805 142,

2117 832 2239 896 185,
2283 830 2624 898 1174,1220,
2666 831 2822 886 I955.
2858 861 2929 870 —-
2958 828 3113 885 Tom.
3146 831 3213 896 ll,
3247 831 3396 886 inter
3424 832 3697 888 cod.Gale

2115 939 2172 977 ιι.
2205 923 2364 989 5905,
2383 923 2604 994 epistola
2629 925 2881 978 canonica
2901 938 3026 977 cum
3047 922 3292 988 scholiis,
3318 931 3466 994 etep.
3496 924 3566 979 ad
3583 924 3698 993 epi-

2113 1033 2296 1086 scopos
2326 1016 2505 1087 Libya:
2550 1034 2612 1070 ac
2661 1015 3035 1087 Pentapoleos.
3074 1015 3411 1072 intercedi
3445 1015 3603 1080 Mori,
3636 1033 3693 1070 ιι.

2116 1105 2274 1160 9198.
2303 1137 2373 1146 -
2394 1106 2639 1171 Dublini,
2672 1121 2727 1161 ιι.
2760 1107 2863 1161 277
2895 1114 2952 1161 et
2978 1104 3101 1160 280.
3126 1136 3199 1146 —
3220 1096 3445 1159 Taurini
3474 1106 3531 1160 in
3558 1106 3692 1161 bibl.

2118 1196 2286 1266 Regia
2308 1196 2458 1268 epist.
2503 1197 2574 1251 ad
2617 1196 2885 1251 Domuum
2914 1205 2973 1251 et
3015 1196 3086 1251 ad
3133 1196 3360 1267 episcop.
3410 1196 3585 1268 Libya:
3647 1206 3696 1250 et

2117 1289 2395 1361 Pentapol.
2463 1290 2519 1345 in
2548 1290 2671 1346 eod.
2699 1289 2809 1355 CV,
2862 1305 2917 1359 p.
2947 1288 3048 1344 197
3101 1286 3276 1343 Catal.
3310 1317 3381 1326 -—
3409 1288 3583 1343 Paris.
3638 1288 3697 1343 in

2119 1380 2360 1437 sedecim
2406 1380 2567 1437 codd.
2628 1379 2835 1436 Graecis
2886 1378 3023 1433 bibl.
3088 1378 3241 1448 publ.
3297 1376 3601 1433 secundum
3648 1377 3694 1432 II

2117 1473 2226 1528 vel.
2256 1472 2457 1538 Catal.{
2482 1480 2539 1527 et
2579 1486 2675 1527 sex
2729 1470 2845 1525 Lat.
2879 1474 2936 1524 in
2967 1478 3096 1525 tom.
3126 1469 3195 1523 Ill
3227 1484 3294 1523 ac
3337 1469 3425 1524 IV.
3462 1499 3533 1508 —
3562 1468 3695 1538 Epi-

2117 1563 2264 1620 stola:
2307 1565 2572 1618 canonica:
2619 1561 2713 1618 Gr.
2754 1570 2811 1618 et
2837 1561 2955 1616 Lat.
3007 1575 3134 1616 cum
3169 1560 3394 1616 seboliis
3419 1560 3697 1616 Theodori

2119 1654 2478 1721 Balsamonis,
2528 1654 2587 1710 in
2645 1654 2791 1711 Guil.
2859 1653 3138 1724 Beveregii
3191 1652 3452 1708 ‘Pandect.
3503 1669 3693 1707 conon.

515 1742 602 1803 ιγ’.
631 1736 884 1808 Epistula:
904 1739 994 1794 LX
1014 1740 1198 1813 Cyrilli
1227 1752 1283 1797 ct
1314 1744 1547 1798 aliorum
1574 1743 1761 1800 Graece
1787 1752 1843 1798 et
1867 1743 2013 1798 Lati-

2121 1747 2296 1804 Oxon.
2347 1746 2504 1812 1672,
2564 1746 2684 1811 fol.,
2718 1754 2853 1802 tom.
2916 1745 2982 1811 II,
3017 1753 3160 1814 part.
3184 1760 3224 1810 ι,
3258 1759 3314 1814 p.
3357 1744 3458 1798 I76
3481 1760 3599 1814 sqq.
3628 1774 3701 1784 —

443 1823 576 1878 tinc.
605 1825 733 1897 Pag.
771 1828 958 1894 1-215,
991 1832 1234 1901 exceptis
1275 1833 1483 1902 paucis,
1527 1850 1647 1904 quae
1674 1833 1866 1889 Latine
1897 1842 2019 1888 tan-

444 1923 559 1995 tum
584 1918 811 1986 reperiri
833 1928 1152 1989 potuerunt,
1195 1922 1535 1995 deprompta:
1595 1939 1663 1979 ex
1706 1925 1858 1979 Actis
1885 1939 2018 1980 con-

442 2003 720 2071 ciliorum,
751 2007 1036 2078 Ephesini,
1067 2009 1535 2068 Chalcedonensis
1564 2012 1643 2085 [in
1693 2015 1832 2070 Bibl.
1865 2018 2016 2074 Patr.

439 2097 549 2149 vol.
586 2097 626 2160 I,
656 2113 710 2166 p.
743 2098 866 2164 115,
901 2099 988 2154 ed.
1040 2101 1260 2175 Paris],
1293 2112 1397 2159 etc.
1423 2145 1436 2169 ,
1476 2114 1533 2160 ut
1566 2106 1705 2161 infra
1752 2109 1806 2163 in
1839 2110 2019 2169 indice

441 2186 786 2257 alphabetico
826 2190 1197 2255 homiliarum,
1249 2195 1607 2264 epistolarum
1656 2208 1713 2253 et
1743 2200 2018 2257 minorum

439 2281 831 2348 opusculorum
889 2281 1078 2355 Cyrilli
1135 2285 1453 2342 distinctius
1506 2291 1879 2348 annotabitur.
1938 2296 2019 2351 Ex

439 2370 528 2424 bis
564 2371 770 2427 Latinae
795 2372 1069 2429 editiones
1094 2375 1334 2446 Operum
1359 2376 1549 2448 Cyrilli
1589 2380 1853 2438 exhibent
1896 2386 2017 2456 epi-

437 2463 605 2517 stolas
635 2462 879 2530 XXXIX,
906 2481 976 2520 ex
1003 2468 1259 2522 versione
1304 2469 1609 2543 \Voll‘gangi
1644 2472 1894 2529 Musculi.
1938 2477 2019 2532 Ex

437 2554 686 2626 epistolis
710 2555 895 2627 Cyrilli
921 2558 988 2613 ad
1008 2558 1318 2614 Nestorium
1339 2569 1396 2616 et
1417 2561 1683 2619 Joannem
1718 2564 2019 2623 Antioche-

440 2661 573 2699 num
612 2646 921 2703 all‘eruntur
952 2649 1199 2719 quaedam
1243 2649 1298 2706 in
1329 2662 1561 2722 partem
1595 2657 1812 2711 concilii
1852 2658 2016 2714 Chal-

438 2737 787 2804 cedonensis,
818 2748 949 2794 tom.
977 2741 1021 2796 II
1051 2741 1213 2807 Binii,
1242 2759 1297 2813 p.
1351 2744 1475 2799 519.
1508 2746 1666 2801 Fsun.
1704 2779 1774 2786 —
1798 2748 2019 2805 Cciiiier

440 2829 495 2883 in
527 2847 539 2882 :
580 2829 811 2884 Histoire
837 2831 926 2886 des
959 2840 1175 2887 auteurs
1200 2834 1404 2900 ecclés.,
1458 2845 1589 2891 tom.
1619 2838 1707 2904 III,
1731 2856 1852 2912 pag.
1889 2842 2014 2909 288,

439 2919 561 2975 illas
591 2922 852 2991 epistolas
897 2923 1189 2995 diligenter
1222 2929 1533 2996 recensuit;
1573 2928 1772 2985 Oudin.
1796 2949 2016 3004 quoque

437 3012 478 3067 l.
508 3027 581 3078 c.,
618 3030 743 3085 pag.
784 3014 918 3071 1010
959 3031 1105 3086 sqq.,
1157 3016 1273 3072 LXI
1321 3017 1507 3090 Cyrilli
1567 3021 1846 3092 epistolas,
1882 3041 2017 3095 qua-

439 3120 563 3159 rum
595 3106 846 3175 plurima:
871 3107 938 3161 ad
957 3108 1242 3164 historiam
1272 3110 1489 3166 concilii
1540 3112 1802 3183 Ephesini
1823 3156 1837 3180 ,
1864 3124 1920 3170 et
1946 3117 2014 3173 ad

439 3193 812 3250 dissensiones
859 3195 1045 3268 Cyrilli
1105 3214 1228 3253 cum
1279 3199 1365 3255 1ο.
1402 3200 1738 3258 Antiocheno
1786 3205 2016 3277 aliisque

438 3284 813 3343 Orientalibus
862 3288 1162 3358 pertinent,
1201 3300 1509 3358 enumerat,
1536 3303 1594 3348 et
1634 3294 1701 3348 de
1737 3298 2017 3355 nonnullis

438 3378 685 3449 quaedam
729 3389 983 3448 annotat;
1006 3381 1264 3453 denique,
1298 3403 1315 3434 ι
1343 3384 1543 3454 quibus
1576 3385 1882 3459 (epistolis),
1915 3391 2010 3455 ait,

440 3470 568 3526 addi
622 3471 834 3541 possint
875 3472 995 3528 alia:
1042 3473 1182 3539 dote,
1235 3476 1497 3531 nimirum
1547 3479 1776 3548 epistola
1823 3481 2015 3554 Cyrilli

438 3563 590 3619 Alex.
626 3563 693 3617 ad
727 3562 1003 3635 Optimum
1022 3566 1338 3636 episcopum
1362 3609 1375 3632 ,
1409 3569 1464 3623 in
1507 3572 1673 3626 verba
1708 3572 2011 3642 Genescos,

438 3656 620 3711 Omnis
662 3658 751 3728 qui
802 3656 1045 3711 occiderit
1088 3655 1243 3723 Cain,
1299 3660 1353 3713 in
1401 3662 1704 3732 septuplum
1741 3668 2010 3736 punietur,

436 3757 571 3812 elc.,
604 3748 698 3804 Gr.
740 3755 797 3802 et
852 3746 968 3802 Lat.
997 3748 1144 3803 edita
1186 3749 1239 3804 in
1284 3750 1537 3807 Chronico
1578 3755 1871 3811 Alexandr.
1919 3759 2009 3813 ed.

440 3840 631 3895 Matth.
664 3840 902 3907 Raderi;
944 3840 1116 3896 altera
1138 3881 1153 3907 ,
1191 3841 1453 3915 inscripta
1484 3863 1497 3899 :
1537 3846 2013 3906 Commonitorium

438 3931 776 3998 chestorio,
803 3933 950 4002 quod
973 3933 1179 4003 primus
1200 3935 1255 3989 in
1287 3936 1462 3992 lucem
1485 3940 1684 3995 extulit
1701 3941 2013 4012 Stephanus

440 4021 714 4088 Baluzius,
747 4021 841 4077 Gr.
869 4031 925 4078 et
957 4022 1078 4078 Lat.
1106 4026 1164 4077 in
1194 4024 1342 4081 Nova
1374 4027 1682 4082 collectione
1710 4031 2009 4098 conoilior.,

439 4113 614 4169 Paris.
648 4113 804 4177 1685,
840 4113 958 4179 fol.,
985 4129 1040 4184 p.
1066 4114 1201 4181 577;
1239 4116 1476 4187 denique
1518 4119 1765 4192 prologus
1804 4120 1862 4177 S.
1905 4122 2010 4195 Cy-

443 4204 553 4258 rilli
586 4221 681 4275 pro
706 4204 847 4276 cycto
883 4222 981 4262 xcv
1012 4224 1294 4274 annorum,
1313 4209 1504 4265 Latine
1530 4220 1741 4267 tantum
1766 4213 1836 4267 ab
1855 4212 2009 4285 Egi-

437 4297 532 4352 dio
558 4295 848 4363 Bucberio,
877 4298 933 4356 S.
958 4299 1031 4365 1.,
1057 4301 1160 4356 sub
1184 4302 1346 4357 ﬁnem
1375 4302 1766 4359 Commentarii
1808 4305 1866 4359 in
1904 4306 2010 4362 Ca-

2120 1841 2267 1896 Inter
2288 1856 2411 1910 epp.
2451 1847 2609 1908 estp.
2637 1838 2739 1892 I'M
2761 1836 2850 1893 ed.
2884 1852 2972 1907 ep.
3006 1835 3072 1890 ad
3109 1835 3402 1890 Maximum
3427 1834 3695 1904 aliosque,

2119 1946 2241 2001 qua:
2272 1940 2358 1985 est
2387 1929 2530 1998 disp.
2564 1935 2758 1983 contra
2781 1941 2878 1982 eos
2902 1925 3276 1982 Occidentales
3297 1924 3391 1995 qui
3421 1923 3698 1978 Theodori

2118 2020 2320 2092 placita
2345 2034 2651 2076 consonare
2681 2033 2807 2074 cum
2833 2017 3090 2082 formula,
3134 2016 3417 2081 dicerent,
3450 2013 3575 2069 ﬁdei
3605 2015 3699 2070 Ni-

2120 2128 2303 2178 caeum,
2357 2120 2414 2169 et
2468 2112 2571 2166 sub
2633 2109 2856 2166 nomine
2899 2126 2912 2163 :
2963 2108 3234 2179 Expositio
3270 2109 3328 2162 in
3379 2104 3695 2177 symbolum,

2118 2212 2298 2260 exstat
2316 2204 2374 2258 in
2404 2203 2567 2259 codd.
2596 2210 2762 2273 atque
2791 2202 2849 2256 in
2877 2199 3046 2255 Mansi
3086 2197 3337 2262 Collect.,
3373 2206 3506 2262 etc.,
3561 2204 3694 2252 tom.

2119 2294 2186 2361 V,
2220 2311 2277 2365 p.
2306 2294 2432 2349 585.
2461 2294 2631 2350 Hann.

2192 2387 2273 2441 ιδ’.
2315 2384 2774 2459 Προσφωνητικὸς
2812 2382 2882 2438 ad
2929 2384 3302 2452 imperatorem
3358 2377 3693 2432 Theodosium

2116 2479 2418 2542 Juniorem,
2451 2478 2581 2546 περὶ
2610 2476 2710 2546 τῆς
2747 2474 2917 2549 ὀρθῆς
2947 2474 3205 2540 πίστεως,
3234 2472 3298 2525 de
3330 2480 3471 2524 recta
3501 2471 3555 2524 in
3584 2469 3697 2523 Do-

2118 2573 2321 2625 minum
2348 2577 2588 2624 nostrum
2612 2568 2793 2622 Iesum
2826 2564 3091 2621 Christum
3118 2562 3244 2632 ﬁde.
3270 2562 3333 2617 P.
3362 2560 3514 2615 I42.
3550 2559 3696 2614 Inci-

2118 2664 2236 2734 pit:
2265 2663 2376 2732 Τῆς
2410 2662 2509 2733 μὲν
2544 2662 2603 2714 ὲν
2636 2656 2943 2730 ἀνθρώποις
2985 2654 3237 2719 εὐκλείας
3284 2655 3344 2708 τὸ
3397 2650 3693 2707 ἀνώτατον.

2119 2755 2367 2825 Scriptus
2395 2752 2459 2809 A.
2493 2753 2554 2808 C.
2587 2752 2710 2807 450.
2745 2750 2879 2805 Vide
2912 2748 3319 2803 Tillemontium
3365 2754 3497 2800 tom.
3552 2743 3694 2809 XIV,

2117 2862 2172 2917 p.
2192 2846 2295 2901 540
2315 2862 2435 2916 sqq.
2460 2846 2519 2900 In
2550 2843 2757 2898 Latinis
2786 2840 3125 2897 editionibus
3145 2838 3384 2895 occurrit
3404 2838 3489 2893 1ο.
3515 2834 3696 2892 OEeo-

2117 2939 2373 3010 Iampadii
2404 2937 2806 3008 interpretatio.
2848 2934 2988 2991 Cum
3014 2934 3120 2989 alia
3142 2932 3395 2988 versione
3415 2931 3473 2986 in
3495 2939 3648 3001 parte
3677 2946 3696 2985 ι

2116 3030 2378 3086 Actorqu
2405 3029 2623 3084 concilii
2650 3028 2936 3098 Ephesini,
2977 3027 3165 3082 Romae
3193 3023 3351 3089 I608,
3372 3032 3538 3093 atque
3568 3022 3696 3078 inde

2119 3119 2174 3173 in
2201 3118 2427 3173 Biniana
2465 3133 2516 3172 a.
2545 3117 2702 3183 I6I8,
2736 3125 2870 3172 tom.
2901 3115 2944 3181 I,
2978 3131 3034 3185 p.
3070 3113 3160 3179 20,
3195 3122 3358 3183 atque
3405 3113 3696 3167 Labbeana

2119 3217 2250 3264 tom.
2297 3209 2385 3275 Ill,
2441 3224 2497 3279 p.
2553 3209 2643 3274 45,
2707 3208 2908 3263 citatur
2956 3206 3012 3262 in
3050 3204 3285 3261 concilio
3327 3220 3381 3260 γι
3407 3204 3634 3261 Aetione
3663 3203 3692 3259 1

2116 3312 2173 3357 et
2207 3301 2293 3356 10.

2190 3401 2268 3449 ιε’.
2290 3392 2744 3473 Προσφωνητικὸς
2764 3394 2882 3456 ταῖς
2902 3389 3317 3473 εὐσεϐεστᾴτξιις
3335 3387 3692 3459 βασιλίσσαις,

2115 3488 2260 3558 λόγοι
2292 3460 2357 3560 βί
2389 3460 2533 3543 Libri
2577 3460 2680 3543 duo
2726 3486 2789 3542 de
2830 3496 2975 3542 recta
3003 3484 3109 3555 ﬁde
3153 3460 3222 3539 (id
3274 3482 3694 3555 religiosissimas

2115 3583 2347 3654 reginas,
2416 3580 2710 3637 Theodosii
2768 3578 3014 3636 Junioris
3069 3578 3373 3648 coniugem,
3427 3573 3695 3629 Liciniam

2115 3673 2441 3739 Eudoxiam,
2490 3685 2842 3741 sororesque,
2891 3668 3168 3724 Flacillam
3219 3674 3276 3721 et
3325 3664 3692 3720 Pulcher-iam.

2115 3762 2229 3818 Sub
2264 3764 2410 3819 idem
2437 3773 2653 3834 tempus
2679 3762 2871 3831 scripti
2894 3776 3019 3816 cum
3050 3759 3349 3830 superiore.
3378 3759 3534 3813 Prior
3570 3774 3694 3828 pag.

2111 3855 2339 3909 42-127.
2366 3855 2565 3924 Incipit
2598 3852 2992 3923 Σεμνολόγημα
3019 3850 3117 3918 μὲν
3160 3850 3552 3919 οὶκουμενικόν.
3587 3850 3695 3902 Ρο-

2112 3946 2311 4001 sterior
2337 3961 2393 4016 p.
2429 3942 2685 3998 128-480.
2728 3941 2962 4010 Incipit:
2996 3938 3121 4001 Τοῖς
3144 3938 3204 3990 τὸ
3227 3937 3369 3990 θεῖον
3402 3936 3495 3989 καὶ
3530 3937 3696 4007 οὑρά-

2111 4051 2223 4088 νιον
2270 4032 2607 4105 ἱερουργοῦσι
2654 4032 2935 4101 κήρυγμα.
2982 4028 3234 4085 Citantur
3275 4043 3329 4096 p.
3365 4025 3434 4080 48
3456 4041 3539 4095 sq.
3574 4025 3694 4081 loca

2110 4122 2392 4179 Athanasii
2438 4124 2503 4176 ὲκ
2561 4121 2655 4175 τοῦ
2701 4121 2842 4189 Περὶ
2892 4116 3245 4187 σαρκώσεως
3278 4118 3487 4185 λόγου,
3526 4115 3694 4171 Attici

2110 4213 2375 4285 episcopi,
2387 4212 2642 4268 Antiochi
2658 4210 2922 4282 episc0pi,
2937 4206 3302 4280 Amphilochii
3324 4205 3565 4276 episcopi
3580 4206 3695 4260 Ico-

2109 4305 2208 4369 nii,
2224 4306 2288 4356 ἐκ
2305 4301 2398 4356 τοῦ
2420 4304 2555 4373 Περὶ
2576 4302 2686 4369 τῆς
2706 4301 2853 4355 κατὰ
2872 4300 3070 4368 σάρκα
3082 4295 3447 4368 γεννήσεως,
3472 4296 3693 4350 Ammo-

439 4404 640 4444 nonem
696 4390 1005 4459 paschalem
1073 4393 1314 4450 Victoris
1384 4395 1664 4466 Aquitani.
1734 4395 2003 4467 Antucrp.
2042 4411 2083 4464 υ
2115 4396 2221 4460 nis,
2265 4393 2509 4465 episcopi
2581 4391 3077 4463 AdrianOpolitani,
3142 4389 3388 4453 Joannis,
3450 4388 3691 4459 episcopi

439 4475 597 4531 1655.
634 4497 652 4529 ι
687 4478 853 4542 Infra,
886 4495 939 4532 ιι.
976 4480 1096 4547 150,
1137 4484 1403 4538 asseritur
1433 4485 1606 4540 editio
1651 4502 1701 4539 a.
1751 4485 1906 4539 1651.
1942 4516 2013 4525 -

437 4569 653 4623 \Valch.
679 4586 896 4641 quoque
922 4572 978 4626 in
998 4572 1136 4626 Hist.
1186 4576 1339 4639 luem,
1374 4574 1437 4637 V,
1485 4575 1707 4643 passim,
1733 4590 1784 4628 e.
1820 4591 1924 4645 gr.,
1953 4593 2007 4647 p.

437 4660 543 4715 555
570 4675 677 4731 sq.,
703 4662 826 4729 556,
854 4664 957 4719 558
1003 4674 1060 4720 et
1106 4665 1257 4729 alibi,
1286 4665 1342 4719 in
1387 4666 1580 4734 primis
1605 4682 1727 4736 pag.
1753 4667 2009 4733 582-110,

438 4750 778 4821 frequentem
809 4756 1165 4825 epistolarum
1193 4755 1378 4826 Cyrilli
1419 4756 1552 4810 facit
1587 4759 1920 4814 mentionem
1944 4762 2012 4817 ad

441 4844 814 4902 illustrandam
842 4848 1128 4903 historiam
1162 4848 1433 4901 haereseos
1479 4848 1837 4905 Nestorianae.
1859 4851 2013 4906 Man-

437 4935 555 4990 sius
580 4935 635 4990 in
669 4936 886 4992 Collect.
906 4937 1090 4992 concil.
1115 4934 1378 5005 anipliss.,
1405 4945 1535 4989 tom.
1560 4937 1625 4992 IV
1641 4945 1697 4992 et
1718 4939 1782 5004 V,
1804 4942 2014 5011 recepit

438 5042 530 5081 eas
581 5044 702 5097 quae
755 5029 824 5083 ad
865 5025 1295 5083 controversiam
1347 5025 1532 5098 Cyrilli
1595 5043 1719 5082 cum
1758 5030 2013 5086 Nestorio

439 5120 734 5189 pertinent.
759 5119 923 5181 Add.,
950 5117 1058 5171 vol.
1100 5116 1140 5182 I,
1180 5133 1231 5187 p.
1275 5116 1396 5183 700,
1431 5119 1607 5185 XLV;
1674 5120 1741 5176 de
1775 5122 2011 5178 Combe-

440 5210 543 5263 Ilsii
572 5209 708 5264 edit.
741 5205 974 5270 Maximi,
1004 5206 1109 5260 vol.
1138 5207 1271 5272 VIII,
1296 5225 1346 5277 p.
1380 5209 1476 5262 711
1507 5219 1616 5265 vet.
1652 5211 1764 5275 ed.,
1794 5222 1851 5266 et
1896 5213 2007 5268 vel.

437 5302 528 5364 IX,
562 5303 629 5357 de
663 5300 875 5362 Photio,
908 5315 962 5369 p.
998 5299 1121 5364 595,
1160 5299 1293 5366 LIV,
1354 5311 1461 5356 vet.
1484 5303 1574 5357 ed.
1611 5335 1681 5345 -
1710 5305 1771 5359 In
1823 5306 2011 5362 multis

436 5394 599 5449 codd.
651 5401 880 5448 servata:
935 5403 1065 5449 sunt
1097 5394 1363 5463 epistolae,
1413 5411 1562 5451 nunc
1607 5397 1815 5465 plures,
1862 5415 2012 5454 nunc

436 5485 743 5555 pauciores,
778 5492 874 5539 aut
929 5501 1038 5539 una
1090 5486 1348 5539 alterave.
1393 5487 1470 5540 De
1519 5487 1681 5541 codd.
1747 5488 2010 5543 Cresareis

437 5572 772 5639 Vindobona‘.
798 5574 860 5628 Υ.
892 5575 1145 5631 Lambec.
1180 5574 1494 5639 Ceinmenln
1521 5577 1575 5631 in
1607 5577 1775 5641 indic,
1803 5579 1867 5632 ad
1897 5579 2003 5632 vel.

436 5665 526 5730 111,
566 5666 629 5719 Π
657 5675 705 5721 cl
741 5667 875 5737 Vlll,
912 5678 1004 5723 aut
1057 5669 1281 5724 Nesselii
1340 5668 1514 5723 Cutol.
1561 5670 1613 5723 in
1656 5670 1792 5735 ind.,
1838 5687 1890 5738 p.
1942 5670 2007 5723 Η

2113 4486 2612 4558 Constantinopol.,
2649 4485 2929 4542 Severiani
2955 4482 3220 4554 episcopi,
3247 4481 3438 4537 Vitalis
3475 4482 3690 4550 episco-

2112 4576 2191 4647 pi,
2230 4577 2295 4630 ἐκ
2321 4576 2418 4629 τοῦ
2444 4576 2582 4645 Περὶ
2614 4578 2875 4640 πίστεως
2905 4573 3087 4641 λόγου,
3139 4580 3196 4627 et
3236 4571 3528 4642 Theophili
3569 4572 3690 4641 epi-

2113 4668 2285 4738 scopi,
2314 4670 2379 4722 ὲκ
2406 4666 2500 4722 τοῦ
2530 4664 2978 4737 προσφωνητικοῦ
3001 4663 3161 4733 λόγου
3188 4663 3336 4732 πρὸς
3364 4661 3507 4728 τοὺς
3543 4678 3692 4731 φρο-

2111 4762 2372 4828 νθῦντας
2392 4762 2463 4815 τὰ
2497 4759 2850 4829 Ὠριγένους.
2885 4758 2945 4813 1ιι
2973 4756 3184 4812 Latinis
3223 4753 3562 4817 editionibus
3592 4769 3689 4809 0c-

2113 4852 2291 4907 currit
2314 4853 2398 4907 Jo.
2427 4850 2841 4921 OEcolampadii
2870 4845 3270 4918 interpretatio.
3298 4844 3385 4917 [ν.
3420 4859 3581 4916 supra
3620 4846 3689 4900 ad

2113 4944 2137 5012 ᾗ
2166 4942 2233 4995 III
2255 4982 2269 5007 ,
2302 4942 2369 4996 de
2397 4941 2556 4997 editt.
2594 4938 2741 5012 Lat.]
2771 4938 2875 4994 Sed
2907 4937 3185 4992 Aubertus
3219 4934 3457 4989 servavit
3478 4935 3689 4989 versio-

2113 5048 2241 5086 nem
2269 5049 2502 5103 quacum
2532 5031 2737 5087 bilibri
2768 5030 3020 5101 prodiere
3064 5028 3122 5082 in
3164 5035 3321 5097 parte
3364 5042 3381 5079 ι
3424 5029 3688 5080 Actorum

2113 5123 2331 5177 concilii
2359 5123 2644 5193 Ephesini,
2678 5121 2815 5177 edit.
2857 5119 3100 5175 Binianm
3145 5117 3287 5188 (qua:
3304 5117 3415 5186 jam
3442 5115 3577 5169 mihi
3617 5117 3688 5171 ad

2112 5212 2353 5283 manus),
2378 5220 2511 5267 tom.
2550 5212 2592 5277 I,
2622 5227 2676 5282 p.
2712 5211 2781 5265 15
2814 5218 2871 5263 et
2893 5208 2980 5262 90.
3012 5206 3269 5262 Citantur
3296 5205 3365 5259 ab
3392 5205 3690 5275 prraimo

2112 5314 2169 5359 et
2201 5303 2431 5373 Eulogio
2456 5303 2600 5374 apud
2643 5302 2900 5357 Photium
2943 5299 3067 5353 cod.
3101 5314 3311 5361 ccxxxx,
3352 5313 3542 5362 ccxxx,
3567 5306 3624 5351 et
3656 5313 3690 5353 a

2113 5397 2300 5452 Leone
2323 5396 2394 5450 M.
2421 5395 2657 5465 epistola
2690 5395 2812 5449 151.
2839 5393 3072 5448 ῈΑιιιι.-
3087 5390 3245 5447 ConI.
3269 5390 3482 5445 Walch.
3531 5391 3566 5443 Ι.
3609 5405 3685 5455 c.,

2112 5505 2233 5560 pag.
2251 5489 2354 5543 581
2372 5486 2870 5557 sq.——-Vindoboua:
2891 5485 2945 5539 in
2971 5483 3243 5540 cod.C:es.
3269 5481 3600 5548 LXXXVIII,
3625 5499 3683 5537 ιι.

2111 5580 2165 5643 5,
2190 5581 2264 5634 De
2291 5588 2434 5634 recta
2476 5579 2581 5648 ﬁde
2606 5579 2747 5633 liber
2788 5576 3064 5633 secundus
3095 5575 3163 5630 ad
3202 5573 3599 5642 imperatriccs,
3629 5573 3684 5629 in

2112 5672 2471 5743 quadraginta
2536 5671 2636 5726 tria
2680 5669 2858 5740 capita
2914 5668 3158 5732 divisus;
3207 5671 3375 5734 atque
3427 5666 3689 5721 Lambec-
