3998 6304
294 282 353 337 6|
1530 291 1814 349 NOTlTlA
1855 291 1887 347 E

1988 285 2326 346 FABRICIO.
3498 246 3591 330 δί’

295 395 522 460 Coum,
548 397 640 463 III,
666 412 722 468 p.
745 399 870 464 475,
902 409 1044 464 not.,
1071 418 1197 457 eum
1231 403 1459 474 librum,
1505 407 1805 472 existimat,
1856 423 1887 463 a
1919 415 1961 469 Α
1990 403 2183 476 synodi
2223 402 2537 473 Ephesium,
2578 409 2712 455 tom.
2742 399 2762 454 ι
2802 398 2963 463 Binii,
2995 414 3115 470 pag.
3161 398 3287 461 511,
3318 404 3565 461 auctore,

294 486 496 558 Cyrillo
526 487 645 558 ipso
683 489 739 543 in
775 497 857 545 tot
878 493 1057 562 capita
1081 493 1251 549 fuisse
1286 494 1565 562 divisum;
1595 505 1786 551 contra
1827 497 1884 551 in

298 578 663 633 conciliorum
698 583 1036 650 generalium
1073 584 1208 639 edit.
1249 584 1593 642 Graeco-Lat.
1627 588 1885 644 Vaticana

297 684 346 724 a.
376 669 534 736 I608,
568 680 702 726 tom.
730 673 772 737 I,
801 689 857 744 p.
884 674 1012 741 216,
1053 676 1267 732 divisus
1317 686 1403 732 est
1430 677 1488 732 in
1534 694 1694 749 capp.
1718 680 1885 749 quin-

297 760 556 832 quaginta
623 779 841 820 novem.
879 797 951 806 —
992 767 1162 823 Paris.
1222 768 1279 822 in
1338 769 1473 824 bibl.
1540 770 1693 841 publ.
1760 770 1882 826 cod.

297 851 780 921 DCCCLXXXVII,
813 871 868 912 n.
897 858 931 913 5
967 867 1024 914 ct
1047 861 1102 926 4,
1139 859 1414 932 Expositio
1457 861 1761 918 orthodoxae
1811 860 1883 931 ﬁ-

299 942 378 996 dei
404 952 461 998 et
480 959 672 1015 opusc.
712 946 777 1002 de
804 948 1087 1006 Trinitate.
1122 949 1294 1006 HABL.

368 1034 521 1090 TOIO
560 1038 671 1093 VII.
691 1047 872 1106 —tc:'.
901 1042 1059 1095 Κατὰ
1079 1043 1188 1096 τῶν
1228 1045 1525 1116 Νεστορξου
1562 1044 1884 1117 δυσφημιιῖθν

302 1129 656 1195 πεντάσιϐλος
681 1132 1019 1205 ἀντίρῤησιτ,
1054 1135 1317 1191 Aduersus
1371 1137 1601 1192 Nestorii
1641 1138 1882 1209 blasphe-

302 1218 434 1272 mias
465 1221 941 1277 contradictionum
964 1222 1084 1278 libri
1118 1224 1175 1290 V,
1206 1241 1328 1298 pag.
1360 1227 1549 1281 1-145.
1583 1227 1720 1283 Cum
1755 1243 1881 1284 ver-

302 1308 450 1364 sione
476 1309 701 1365 Antonii
741 1311 960 1383 Agellii,
1006 1313 1338 1371 Acemeusis
1376 1318 1743 1390 episc0pi(a),
1787 1318 1883 1389 qui

301 1400 510 1472 primus
559 1412 792 1474 utraque
830 1405 1016 1476 lingua
1049 1407 1298 1463 ediderat
1344 1409 1503 1464 Rom.
1552 1409 1708 1475 1608,
1762 1410 1880 1476 fol.,

302 1508 423 1549 cum
460 1494 628 1561 notis,
661 1497 950 1567 adjunctus
971 1498 1294 1554 Collectioni
1329 1502 1684 1556 conciliorum
1714 1517 1883 1572 gene-

304 1586 518 1653 ralium,
543 1588 698 1643 Pauli
730 1590 772 1645 V
800 1589 1085 1660 pontiﬁcis
1105 1592 1366 1663 auspiciis
1385 1593 1571 1649 Graece
1598 1602 1654 1648 et
1690 1593 1885 1649 Latine

302 1680 644 1750 vulgaturum
673 1697 703 1736 a
727 1682 931 1737 Iacobo
985 1683 1298 1750 Sirmoudo,
1331 1686 1589 1755 quoniam
1644 1685 1700 1739 in
1751 1700 1879 1741 mss.

1985 505 2047 550 ut
2073 493 2316 558 videtur,
2346 492 2512 546 Petro
2542 489 2775 554 Morino,
2805 490 2963 559 cujus
2979 490 3262 558 opuscula,
3285 487 3331 542 si
3366 487 3564 557 placet,

1985 587 2109 643 vide
2139 584 2310 640 Paris.
2346 584 2504 647 1675,
2536 582 2594 635 in
2629 580 2694 634 12
2720 595 2944 643 excusa,
2990 596 3043 649 p.
3094 581 3217 645 549,
3266 581 3391 644 551,
3440 578 3564 632 555.

1984 675 2218 729 ΕΑΒιι.-
2243 671 2515 727 Monachii
2541 671 2596 726 in
2632 669 2755 725 cod.
2790 668 2851 725 C.
2880 668 2958 723 De
2990 678 3132 723 recta
3159 668 3265 738 ﬁde
3287 670 3465 739 capita
3499 667 3566 722 12

1983 773 2177 820 contra
2209 763 2547 820 Nestorium.
2579 763 2643 819 γ.
2674 762 2793 818 Cat.
2826 762 2976 816 codd.
3015 761 3109 818 Gr.
3141 760 3363 826 Bavar.,
3386 778 3441 832 p.
3473 761 3560 815 58.

1982 855 2406 911 ——Vindobonte
2436 854 2492 910 in
2520 854 2645 910 cod.
2674 853 2873 909 Caesar.
2912 852 3094 917 CLXI,
3126 867 3185 906 n.
3209 852 3263 915 5,
3289 867 3359 906 ex
3376 852 3565 923 Cyrilli

1984 948 2277 1003 duodecim
2312 956 2504 1002 contra
2555 945 2868 1000 Nestorium
2915 944 3191 1014 capitibus
3244 944 3563 999 anathema-

1983 1041 2181 1095 tismus
2211 1054 2412 1105 nonus,
2444 1054 2569 1093 cum
2595 1037 2913 1103 antirrbesi,
2955 1037 3071 1092 sive
3104 1035 3560 1100 contradictione,

1985 1132 2336 1194 Theodoreti,
2368 1130 2536 1200 episc.
2572 1129 2852 1201 Cyrensis,
2883 1138 2940 1185 et
2963 1128 3214 1200 apologia
3253 1126 3560 1199 S.Cyrilli;

1984 1226 2163 1296 agitur
2197 1224 2274 1279 ibi
2309 1224 2376 1279 de
2404 1224 2756 1295 processione
2784 1222 3024 1293 Spiritus
3055 1222 3251 1276 sancti.
3304 1221 3368 1277 V.
3398 1220 3564 1274 Lam-

1984 1318 2128 1383 bec.,
2169 1316 2257 1381 IV,
2296 1332 2352 1387 p.
2392 1315 2605 1370 559.—
2632 1315 2693 1369 In
2741 1315 2863 1369 cod.
2894 1313 3117 1368 Barocc.
3164 1312 3369 1369 CLVIII
3402 1327 3562 1382 capp.

1984 1408 2052 1461 I2
2093 1416 2276 1462 contra
2323 1405 2645 1461 Nestorium.
2688 1406 2824 1461 Item
2875 1406 2931 1459 in
2989 1404 3166 1459 tribus
3223 1403 3384 1459 codd.
3425 1402 3561 1458 bibl.

1983 1501 2134 1571 publ.
2166 1501 2337 1556 Paris.
2357 1500 2498 1553 —-in
2530 1499 2722 1554 Mansii
2741 1498 2971 1555 Collect.
3006 1506 3137 1563 etc.,
3165 1497 3231 1563 γ.
3262 1513 3319 1567 p.
3344 1496 3396 1550 1.
3423 1496 3563 1551 Coll.

1985 1601 2097 1649 tom
2145 1594 2233 1659 IV,
2255 1609 2309 1663 p.
2332 1592 2486 1647 1419.
2504 1623 2573 1631 --
2588 1593 2663 1647 De
2687 1592 2738 1646 la
2755 1591 2927 1647 Croze
2959 1590 3016 1644 in
3039 1589 3306 1645 Thesauro
3328 1587 3561 1660 epistol.,

1984 1692 2118 1740 tom.
2153 1685 2195 1746 I,
2233 1700 2287 1755 p.
2320 1684 2423 1739 195
2447 1699 2593 1754 sqq.,
2627 1683 2802 1739 multa
2829 1682 3050 1752 scripsit
3083 1682 3151 1738 de
3182 1680 3386 1753 Cyrillo
3415 1681 3564 1752 ejus-

303 1769 581 1826 eodicibus
609 1770 811 1827 Graecis
836 1774 1029 1845 synodi
1058 1775 1347 1845 Ephesium
1381 1776 1589 1831 inventi
1637 1776 1876 1831 fuerant.
1912 1780 1953 1833 Β
1981 1793 2088 1847 que
2128 1776 2570 1847 Apollinarismo,
2600 1783 2656 1830 et
2682 1775 2827 1830 inter
2854 1775 2961 1829 alia
2991 1793 3003 1827 :
3048 1793 3066 1825 ι
3109 1773 3167 1828 Si
3198 1773 3329 1844 quid
3354 1773 3563 1843 judico,

303 1860 433 1918 Vide
458 1862 737 1919 Sirmondi
759 1865 960 1935 Opera,
986 1875 1119 1922 tom.
1145 1868 1235 1932 IV,
1259 1885 1313 1938 p.
1340 1869 1463 1923 612.
1508 1868 1753 1923 Meminit
1772 1868 1880 1922 liu-

299 1956 381 2027 jus
407 1956 595 2026 operis
619 1958 922 2027 pentabibli
958 1958 1200 2030 Cyrillus
1244 1959 1360 2029 ipse
1396 1960 1556 2029 epist.
1602 1959 1670 2013 ad
1710 1960 1882 2015 Eulo-

303 2046 462 2117 gium,
492 2063 550 2117 p.
580 2048 705 2114 154,
736 2057 791 2104 et
812 2050 995 2119 priore
1015 2050 1083 2104 ad
1107 2049 1463 2115 Succensum,
1495 2066 1550 2120 p.
1585 2050 1705 2104 140.
1736 2049 1883 2106 Gen-

304 2138 491 2192 nadius
511 2140 729 2208 cap.57,
758 2140 852 2209 qui
878 2139 1101 2212 ἐλεγχον
1129 2143 1387 2213 appellat,
1410 2157 1474 2197 ac
1503 2142 1734 2196 Photius
1758 2142 1880 2196 cod.

303 2229 462 2285 XLIX
501 2239 560 2286 et
602 2231 833 2287 CLXIX.
888 2232 1159 2304 Excerpta
1199 2251 1227 2288 e
1266 2234 1498 2289 Nestorii
1546 2233 1714 2299 libris,
1769 2243 1884 2289 tum

302 2336 418 2394 quae
450 2323 510 2378 in
541 2325 648 2380 hoc
675 2340 843 2396 opere
884 2324 1126 2397 Cyrillus
1167 2328 1532 2397 oppugnanda
1577 2328 1682 2383 sibi
1730 2343 1885 2384 sum-

301 2416 424 2486 psit,
448 2425 567 2471 tum
596 2433 718 2487 qua:
760 2417 1040 2488 Epltesino
1074 2418 1309 2472 concilio
1340 2417 1411 2489 (b)
1455 2419 1673 2483 Petrus,
1724 2426 1883 2471 nota—
1928 2484 1931 2485 ν

300 2508 505 2564 riorum
530 2510 901 2581 primicerius,
932 2510 1152 2576 obtulit,
1187 2519 1317 2565 tom.
1355 2510 1377 2566 I
1406 2510 1648 2581 Binii,'p.
1679 2509 1800 2575 I98,
1828 2518 1887 2565 et

302 2606 431 2653 tom.
459 2600 527 2665 II,
557 2617 612 2671 p.
642 2601 746 2656 158
782 2617 927 2672 sqq.,
977 2611 1091 2657 tum
1137 2603 1355 2657 tertiam
1402 2602 1802 2665 collectionem,
1851 2616 1884 2657 a

300 2687 500 2759 Cyrillo
535 2690 735 2760 Ephesi
759 2690 978 2756 factam,
1006 2700 1064 2747 ct
1098 2707 1165 2746 ex
1197 2692 1313 2747 sola
1336 2691 1526 2747 Latina
1561 2691 1719 2746 Marii
1744 2692 1885 2747 Mer-

300 2780 502 2835 catoris
522 2778 777 2835 versione
809 2780 990 2837 adhuc
1014 2782 1385 2851 superstitem!“
1405 2782 1575 2837 habes
1600 2780 1657 2836 in
1683 2781 1885 2837 Merca-

302 2879 411 2924 tore
436 2870 715 2937 Garuerii,
745 2881 878 2928 tom.
929 2872 995 2938 Il,
1048 2888 1168 2944 pag.
1215 2872 1451 2939 95-110;
1503 2873 1707 2944 quibus
1739 2873 1883 2929 idem

226 2997 247 3015 .
301 2960 601 3017 Carnerius
646 2961 753 3017 alia
785 2962 861 3017 ibi
894 2963 1133 3018 Nestorii
1172 2964 1339 3029 dicta,
1369 2977 1403 3020 e
1432 2964 1619 3037 Cyrilli
1664 2964 1886 3036 scriptis

301 3066 334 3105 a
372 3068 431 3123 se
459 3053 710 3118 collecta,
742 3053 972 3109 addidit.
1006 3054 1424 3112 Fann.—Conf.
1476 3056 1691 3112 Walch.
1742 3057 1878 3113 Hist.

1982 1866 2304 1936 disceptatio
2326 1881 2452 1921 cum
2467 1864 2719 1921 Nestorio
2738 1873 2795 1920 et
2810 1864 2935 1919 lites
2953 1878 3079 1918 cum
3095 1862 3464 1918 Orientalibus
3477 1863 3566 1933 ip-

1983 1973 2104 2013 sum
2120 1957 2460 2020 erudierant,
2474 1964 2531 2012 et
2542 1955 2611 2010 ad
2624 1955 2905 2011 meliorem
2921 1955 3132 2025 frugem
3152 1961 3562 2009 revocaverant.

1984 2054 2182 2123 Aliquo
2228 2051 2394 2106 modo
2457 2050 2786 2121 παλινῳδίαν
2842 2052 3134 2117 cecinerat,
3188 2061 3280 2115 et,
3339 2066 3461 2122 qua:
3509 2051 3567 2106 in

1983 2142 2469 2198 Anathematismis
2520 2141 2743 2195 duriora
2774 2141 2948 2195 videri
2972 2150 3226 2211 poterant
3271 2141 3568 2198 Orientali-

1984 2235 2109 2299 bus,
2151 2233 2524 2289 locutionibus
2547 2233 2715 2303 hujus
2745 2232 2893 2286 modi
2927 2248 3039 2287 non
3062 2234 3313 2299 assuetis,
3350 2233 3567 2289 emolli-

1982 2334 2140 2380 verat
2164 2333 2220 2380 et
2244 2333 2578 2389 correxerat,
2610 2343 2628 2374 ι
2655 2331 2761 2378 etc.
2786 2322 2923 2377 Ibid.
2942 2324 3196 2393 promisit
3223 2324 3291 2380 de
3322 2325 3370 2380 la
3393 2324 3567 2381 Croze

1983 2417 2274 2472 Historiam
2305 2416 2882 2472 Anathematismorum
2915 2414 3127 2486 Cyrilli,
3178 2416 3237 2471 in
3288 2433 3398 2486 qua
3443 2415 3567 2488 opi-
3646 2490 3651 2495 ἡ

1982 2509 2204 2565 nionem
2252 2508 2573 2564 hominibus
2601 2506 2908 2572 eximeret,
2945 2522 3067 2577 quae
3118 2510 3414 2564 multorum
3467 2526 3566 2579 pc-

1982 2613 2133 2659 ctora
2159 2601 2468 2673 occupavit,
2503 2598 2989 2655 anathematismos
3029 2600 3151 2656 illos
3194 2616 3313 2657 esse
3348 2600 3567 2656 concilii

1981 2695 2265 2766 Ephesini,
2302 2694 2341 2749 i.
2388 2709 2439 2750 e.
2481 2693 2538 2750 in
2590 2694 2685 2749 illo
2727 2692 2937 2763 judicio
2990 2692 3211 2763 publico
3264 2693 3564 2764 probatos;

1981 2799 2330 2844 ostensurum
2380 2803 2439 2843 se
2475 2788 2786 2859 pollicetur,
2835 2787 3120 2859 Cyrillum,
3177 2786 3280 2841 etsi
3332 2787 3566 2840 honesto

1980 2882 2168 2947 modo,
2202 2881 2473 2952 quaedam,
2517 2881 2574 2935 in
2620 2880 3108 2937 Anathematismis
3137 2878 3481 2934 incommode
3512 2884 3570 2932 et

1981 2973 2194 3029 duriter
2229 2973 2397 3038 dicta,
2431 2981 2621 3044 postea
2651 2987 2936 3028 revocasse
2960 2980 3016 3026 et
3034 2972 3356 3027 correxisse.
3388 2970 3568 3040 Atque

1984 3065 2278 3121 orientales
2314 3065 2678 3136 metropolita:
2735 3074 2898 3136 atque
2945 3063 3013 3119 ad
3073 3064 3348 3137 synodum
3396 3062 3564 3119 Chal-

302 3148 481 3198 ,θα-ηε.
514 3143 579 3209 γ,
610 3159 666 3214 p.
699 3143 803 3198 504
831 3160 975 3215 sqq.,
1012 3152 1068 3199 et
1113 3145 1409 3215 passim.—
1425 3146 1486 3202 In
1529 3147 1663 3202 bibl.
1710 3148 1881 3204 Esco-
1907 3127 1950 3188 θ
1982 3157 2345 3214 cedonensem
2397 3127 2560 3227 legati
2611 3127 2871 3228 Cyrillum
2924 3127 3151 3226 ejusque
3206 3154 3442 3209 asscelas
3511 3152 3567 3206 in

304 3234 419 3288 rial.
452 3235 577 3289 cod.
604 3236 784 3307 capita
814 3236 1006 3292 decem
1030 3238 1295 3294 adversus
1330 3240 1670 3306 Nestorium,
1697 3241 1881 3297 indice

1982 3251 2160 3306 tribus
2183 3250 2383 3307 libellis
2418 3250 2607 3320 (apud
2630 3248 2899 3327 llansium
2937 3256 3067 3301 tom.
3094 3247 3181 3310 IV,
3219 3262 3272 3316 p.
3326 3243 3465 3298 1405
3508 3255 3568 3298 et

306 3322 496 3377 Pluero
519 3324 558 3377 I.
581 3340 654 3388 c.,
682 3340 735 3395 p.
764 3325 959 3380 164.-
975 3326 1166 3397 Capita
1185 3328 1450 3385 adversus
1464 3330 1801 3396 Nestorium,
1827 3332 1883 3387 in
1986 3342 2142 3407 1405,
2170 3349 2333 3411 atque
2365 3341 2421 3394 in
2446 3322 2737 3410 Synodico,
2771 3354 2803 3391 a
2831 3337 3057 3392 Baluzio
3088 3335 3261 3400 edito,
3313 3343 3448 3388 tom.
3499 3332 3565 3397 V,

303 3413 476 3470 tribus
505 3415 668 3471 codd.
701 3416 835 3472 bibl.
869 3418 1022 3489 publ.
1065 3420 1375 3477 Paris—In
1395 3422 1519 3478 cod.
1543 3423 1885 3494 Baluzi‘i,qui
1984 3448 2104 3502 cap,
2130 3432 2219 3495 54,
2249 3446 2306 3500 p.
2341 3429 2464 3492 805,
2502 3435 2667 3495 atque
2692 3441 2812 3495 cap.
2845 3426 2934 3490 55,
2976 3441 3031 3495 p.
3069 3424 3192 3494 808)
3246 3424 3570 3478 incusarunt

302 3507 545 3562 continet
566 3507 770 3564 Niceta:
795 3509 1079 3566 Choniata:
1098 3511 1404 3568 Acominati
1444 3513 1763 3585 Panopliam
1788 3516 1884 3569 do-
1984 3534 2233 3575 errorum
2251 3514 2599 3588 Apollinaris,
2629 3512 2744 3567 Arii
2772 3523 2832 3569 et
2855 3514 3133 3569 Eunomii.
3152 3513 3301 3568 Idem
3322 3512 3571 3567 fecerunt

303 3599 1036 3670 gmaticam,cujnsindieem
1057 3602 1153 3657 Gr.
1175 3612 1232 3658 et
1252 3604 1882 3661 Lat.ediditMontl‘aue.
1987 3608 2313 3674 Orientales,
2347 3607 2404 3663 in
2435 3606 2686 3679 epistola,
2727 3608 2795 3665 ad
2847 3606 3051 3663 Rul‘um
3098 3603 3571 3672 Constantinopoli

304 3687 360 3742 in
382 3687 648 3762 Palmagr.
698 3692 822 3757 Gr.,
852 3709 907 3763 p.
938 3694 1042 3748 520
1070 3709 1215 3765 sqq.,
1249 3704 1333 3751 est
1353 3712 1407 3766 p.
1442 3696 1544 3751 150
1568 3696 1732 3752 index
1755 3699 1887 3753 tomi

1988 3700 2135 3766 data,
2164 3699 2257 3756 Gr.
2290 3699 2435 3770 apud
2473 3700 2741 3756 Mansium
2788 3707 2921 3755 tom.
2959 3698 3048 3763 IV,
3084 3713 3139 3768 p.
3177 3696 3298 3751 144.
3351 3694 3570 3750 Atcnim

303 3783 504 3836 oetavi:
539 3782 617 3837 De
643 3786 751 3838 vita
774 3794 824 3838 et
844 3786 1032 3841 hwresi
1052 3787 1306 3852 Nestorii,
1327 3788 1494 3860 deque
1512 3789 1661 3842 dictis
1677 3789 1885 3853 divinis,

305 3873 483 3943 quibus
512 3872 571 3930 S.
600 3893 740 3947 papa
774 3876 1137 3943 Alexandria,
1171 3878 1425 3951 Cyrillus,
1457 3880 1758 3950 lmjusmodi
1785 3880 1891 3934 Iuv-

306 3967 438 4021 resin
463 3970 739 4022 evertit.-—
761 3969 821 4024 In
847 3970 970 4025 cod.
1012 3970 1127 4026 Rue
1157 3970 1213 4024 in
1241 3971 1374 4026 bibl.
1404 3971 1641 4035 Bodlei.,
1671 3987 1726 4025 n.
1761 3970 1886 4035 27.2,

304 4058 600 4129 disputatio
634 4060 777 4117 inter
803 4061 1062 4134 Cyrillum
1087 4071 1144 4118 et
1179 4063 1513 4119 Nestorium.
1535 4096 1606 4104 —
1627 4063 1806 4118 Lcida:
1834 4063 1890 4117 in

307 4150 426 4204 cod.
455 4150 551 4207 Gr.
582 4152 718 4207 bibl.
749 4154 902 4224 publ.
938 4154 1126 4226 Cyrilli
1171 4156 1501 4225 quaestiones
1541 4162 1734 4210 contra
1779 4154 1889 4209 Nc-

308 4247 595 4299 storianos.
621 4245 684 4299 ν.
704 4244 881 4300 Catal.
911 4246 1032 4300 bibl.
1057 4246 1225 4312 Leid.,
1246 4262 1367 4318 pag.
1394 4243 1517 4312 336,
1536 4264 1592 4300 η.
1616 4245 1893 4301 60.—Au-

310 4342 478 4401 gusta:
518 4335 731 4391 Vindel.
763 4336 820 4392 in
852 4336 1000 4402 cod.,
1024 4336 1256 4409 Cyrillus
1283 4346 1333 4393 et
1383 4340 1744 4397 Damascemts
1765 4324 1893 4397 cort-

312 4433 392 4480 tra
403 4425 769 4483 Nestorianos.
786 4430 850 4485 V.
869 4432 1080 4486 Rciser.
1099 4431 1288 4495 India,
1304 4441 1435 4497 etc.,
1464 4450 1583 4504 pag.
1612 4434 1698 4489 59.
1724 4435 1887 4491 ΗΑΜ..

381 4519 465 4585 ιζ’.
517 4521 793 4585 Ἐπίλυσις
820 4522 1159 4584 reversam
1193 4524 1523 4593 κεφαλαίων.
1565 4525 1887 4597 Explanatio

313 4611 358 4665 Χ
362 4612 412 4667 11
431 4611 811 4683 capitulorum,
834 4613 951 4667 sive
981 4614 1562 4669 anathematismorum
1587 4615 1654 4688 (c)
1689 4616 1888 4671 adver-

313 4718 403 4758 sus
437 4702 776 4767 Nestorium,
806 4704 1108 4773 composita
1156 4704 1212 4758 in
1256 4707 1465 4777 synodo
1516 4708 1791 4778 Ephesiua
1839 4726 1890 4765 a.

315 4795 433 4860 451,
462 4810 584 4866 pag.
622 4795 876 4849 145-157.
907 4794 969 4849 In
994 4795 1205 4851 Latinis
1239 4797 1577 4854 editionibus
1619 4800 1821 4871 legitur
1863 4816 1896 4856 e

316 4888 565 4943 versione
597 4885 904 4958 Woll‘gangi
930 4887 1184 4944 Musculi.
1221 4889 1329 4945 Sed
1365 4890 1646 4946 Aubertus
1691 4901 1897 4962 praetu-

317 4979 379 5033 lit
402 4978 718 5035 versionem
746 4993 983 5048 quacum
1012 4989 1190 5036 exstat
1224 4982 1279 5036 in
1324 4990 1479 5052 parte
1530 4998 1588 5037 in
1632 4982 1897 5039 Actorum

385 5155 463 5232 go)
485 5156 699 5232 _In_Nic.
720 5158 895 5232 _'I'oppi
916 5158 1236 5232 Bibliotheca
1282 5160 1636 5232 Napoletana.
1687 5161 1757 5232 in,
1780 5161 1889 5215 Na-

317 5227 635 5301 poli,_1678,
662 5227 911 5301 fol.,pag.
934 5230 1024 5301 95,
1050 5231 1249 5301 Anton.
1275 5227 1499 5301 Agelius
1520 5232 1724 5287 dicitur
1747 5230 1891 5286 inter

317 5298 420 5373 alia
442 5298 842 5373 Cyrilli_libros_
864 5298 1123 5373 XYIIADe
1167 5298 1477 5373 adora'tioue
1505 5303 1561 5356 in
1596 5302 1888 5373 spirituuet

318 5367 531 5422 veritate
553 5384 585 5423 e
615 5367 803 5424 Graeco
830 5369 887 5423 in
916 5370 1171 5425 Latinum
1200 5371 1543 5426 transtulisse
1569 5367 1636 5426 ac
1663 5371 1889 5427 scholiis

320 5436 649 5509 illustrasse,
683 5438 872 5493 Romae
905 5455 993 5509 ap.
1017 5439 1214 5509 Georg.
1242 5441 1556 5495 Ferrarium
1578 5441 1735 5502 1588,
1762 5439 1883 5506 fol.,

316 5518 372 5562 et
396 5508 573 5580 ejusd.
607 5507 794 5580 CyriI'Ii
825 5507 996 5580 libros
1014 5509 1059 5563 ν
1083 5507 1331 5564 aduersus
1361 5510 1660 5565 Nestorium
1692 5510 1884 5566 Latine
1903 5540 1923 5577 δ

316 5579 563 5649 vertisse,
590 5578 755 5649 sicuti
786 5579 1034 5649 ejusdem
1078 5580 1337 5649 epistolas
1374 5580 1419 5635 II
1454 5581 1521 5635 ad
1565 5580 1889 5635 Successum

315 5646 666 5720 episcopum;
709 5646 844 5703 ibid.
996 5646 1249 5704 eumdem
1286 5648 1437 5720 (anni
1472 5650 1735 5705 indicium
1775 5665 1885 5705 non

318 5717 570 5773 additur:
602 5734 774 5773 auare
796 5734 897 5773 nro
938 5719 1156 5773 abiliter
1181 5719 1325 5773 circa
1345 5720 1487 5773 idem
1517 5728 1750 5773 temnus.
1776 5735 1884 5773 nuo

318 5717 570 5774 additur:
602 5734 774 5789 quare
795 5717 1156 5789 probabiliter
1181 5717 1325 5775 circa
1345 5720 1487 5803 idem.
1517 5728 1750 5789 tempus,
1776 5735 1884 5786 quo

1986 3802 2149 3864 negat
2175 3792 2410 3865 Cyrillus
2437 3793 2493 3848 in
2516 3794 2746 3864 epistola
2781 3794 2849 3849 ad
2874 3791 3154 3856 Acacium,
3193 3789 3310 3844 Lat.
3360 3789 3418 3843 in
3467 3787 3571 3860 Sy-

1988 3885 2188 3940 nodico
2234 3899 2352 3955 cap.
2389 3885 2479 3950 56,
2524 3900 2579 3955 p.
2628 3885 2725 3941 851
2778 3901 2927 3956 sqq.,
2972 3899 3031 3939 se
3075 3897 3315 3952 unquam
3371 3879 3572 3935 favisse

1988 3976 2312 4048 Apollinarii
2341 3975 2684 4046 aliorumque
2717 3976 3042 4032 erroribus:
3075 3972 3172 4029 sed
3222 3979 3451 4027 renovat
3498 3970 3570 4025 il-

1990 4068 2098 4122 lam
2124 4066 2527 4122 accusationem
2552 4066 2725 4137 episc.
2758 4065 3073 4122 Alexander
3108 4064 3165 4118 in
3204 4075 3453 4132 respons.
3502 4059 3572 4115 ad

1990 4158 2272 4223 Acacium,
2308 4160 2367 4213 in
2397 4158 2672 4230 Synodico
2705 4173 2825 4229 cap.
2861 4158 2949 4222 57,
2987 4173 3042 4226 p.
3092 4154 3196 4209 855
3238 4170 3319 4224 sq.
3356 4151 3570 4208 Walcli.

1991 4266 2047 4320 p.
2073 4250 2204 4313 555,
2240 4249 2372 4314 589,
2406 4248 2547 4315 595;
2579 4258 2745 4319 atque
2783 4264 2844 4317 p.
2876 4248 3000 4312 581,
3032 4253 3228 4301 contra
3254 4244 3571 4298 Tillemont.

1992 4357 2048 4411 p.
2079 4340 2184 4395 516
2211 4348 2420 4404 monet,
2466 4338 2615 4393 haud
2668 4338 2953 4409 probabile
2982 4336 3158 4392 videri
3188 4351 3219 4390 a
3262 4333 3574 4390 Theodosio

1997 4435 2324 4504 imperatore
2378 4430 2711 4501 postulatum
2739 4427 2909 4486 fuisse
2938 4435 2999 4481 ut
3029 4426 3264 4498 Cyrillus
3309 4425 3426 4495 ipse
3475 4438 3575 4478 sua

1993 4523 2089 4578 XII
2116 4521 2293 4592 capita
2317 4519 2733 4575 condemnaret.
2772 4515 2881 4572 Sed
2911 4515 3004 4587 qui
3038 4518 3195 4587 plura
3232 4514 3299 4570 de
3332 4514 3421 4569 illa
3450 4527 3575 4567 cum

1992 4614 2243 4671 Nestorio
2271 4614 2499 4683 aliisque
2531 4611 2627 4666 lite
2660 4618 2717 4666 et
2744 4610 3093 4665 contentione
3119 4607 3405 4679 utriusque
3446 4621 3575 4678 par-

1991 4705 2063 4760 tis
2090 4705 2386 4760 resciscere
2413 4702 2618 4773 cupiat,
2654 4703 2701 4757 is
2731 4703 2873 4773 legat
2920 4711 3088 4757 totam
3144 4700 3368 4755 Walcliii
3416 4699 3453 4753 l.
3498 4713 3573 4761 c.,

1993 4810 2114 4865 cap.
2141 4794 2197 4859 2,
2226 4794 2528 4864 expositam
2558 4792 2864 4857 historiam,
2898 4808 2955 4861 p.
2982 4791 3077 4845 541
3104 4798 3159 4846 et
3186 4789 3287 4845 670
3311 4806 3393 4860 sq.
3424 4788 3572 4843 Idem

1995 4887 2107 4957 agit
2158 4888 2227 4942 de
2281 4887 2399 4953 Iba,
2461 4887 2703 4959 primum
2748 4885 3087 4955 presbytero,
3134 4881 3261 4936 dein
3315 4883 3576 4952 episcopo

1996 4980 2313 5047 Edesseno,
2352 4980 2631 5052 praecipuo
2660 4976 2995 5033 Nestoriana:
3032 4974 3305 5030 haereseos
3341 4982 3573 5044 patrono

1997 5164 2328 5221 antecedens
2352 5166 2515 5229 liber,
2544 5166 2757 5234 prelum
2794 5160 3258 5234 reliqiiit);llsnr..

2065 5234 2139 5304 (b)
2174 5235 2233 5289 In
2276 5237 2450 5289 veteri
2500 5227 2751 5288 versione
2783 5227 3323 5304 conc'ilii'Ephcsini,
3368 5243 3424 5298 p.
3471 5227 3570 5283 471

1995 5299 2136 5427 331.,
2184 5305 2329 5375 apud
2370 5304 2656 5359 Baluzium
2697 5304 2859 5361 Nova:
2891 5299 3102 5358 collect.
3124 5299 3394 5355 concilior.
3427 5306 3485 5353 et
3519 5313 3575 5368 ρ.

2008 5396 2011 5397 ν
2064 5394 2097 5427 ε)
2126 5389 2241 5427 sea.

1993 5378 2298 5524 “(Bsglqide
2323 5443 2392 5524 de
2416 5442 2891 5524 anathematismis
2904 5443 3025 5524 illis
3047 5439 3189 5521 intra
3209 5435 3573 5524 iudicem

1995 5505 2270 5587 miliarum
2291 5521 2347 5567 et
2367 5514 2744 5581 epistolarum,
2766 5514 2822 5567 in
2837 5514 2932 5587 tot}
2950 5511 3201 5587 ξωτῆρος
3223 5506 3376 5587 ήμῶχ
3392 5505 3574 5587 lix-OV-

1995 5599 2105 5645 τος,
2133 5591 2193 5637 et
2217 5582 2285 5636 de
2317 5574 2586 5651 tempore,
2612 5574 3144 5652 quo-expositionem
3172 5574 3313 5652 hanc
3335 5574 3571 5647 Cyrillus

1993 5652 2314 5719 elaboravit,
2338 5648 2747 5710 Till‘emontium
2787 5648 2915 5709 tom.
2950 5650 3085 5715 XIV,
3119 5665 3174 5721 p.
3205 5648 3328 5704 469.
