3998 6304
370 243 444 300 12.1
1114 264 1117 267 ν
1401 253 1405 257 ‘
1609 236 1890 294 NOTITIA
1930 235 2024 291 EX
2063 230 2399 290 FABRICIO.
3571 223 3644 273 ha

373 366 432 412 et
461 355 530 411 de
555 356 678 428 ejus
701 352 934 426 epistola
958 352 1025 409 ad
1066 352 1258 408 Marin.
1297 351 1355 406 in
1414 349 1583 406 Mansi
1631 350 1758 405 coll.
1817 355 1952 404 tom.
1985 353 2030 410 Α
2058 347 2163 402 reti
2188 341 2612 417 objectionibus,
2650 352 2715 401 ac
2748 336 2968 391 demum
3002 333 3193 428 Cyrilli
3228 330 3646 428 defensionibus

375 447 489 512 VII,
518 463 573 518 p.
603 447 707 501 545
734 462 842 516 sq.,
878 445 935 500 in
961 460 1068 515 qua
1098 443 1280 498 minus
1328 443 1488 513 plene
1534 441 1828 512 exponitur
1865 440 1954 494 hi-

375 538 546 593 storia
569 538 873 592 turbarum.
899 536 1063 590 Plura
1087 533 1154 588 de
1171 534 1293 603 ejus
1313 532 1442 587 fatis
1465 541 1653 586 narrat
1673 529 1956 585 Asseman.

379 627 436 681 in
464 627 601 682 Bibl.
631 625 834 682 Orient.
876 632 1006 679 tom.
1034 625 1077 688 I,
1099 622 1282 693 p.199
1318 637 1438 693 sqq.
1473 621 1640 677 ΗΑιιι..

450 726 542 789 ιη’.
579 716 997 789 Ἀπολογηῖικὺς
1045 716 1184 788 ὑπὲρ
1225 714 1333 767 τῶν
1387 714 1593 768 δώδεκα
1649 710 1962 780 κεφαλαίων

379 808 518 879 πρὸς
558 808 684 872 τοὺς
708 807 810 878 τῆς
865 806 1153 878 Ἀνατολῆς
1189 806 1542 871 ἐπισκόπους,
1574 804 1964 874 Apologetieus

379 914 481 970 pro
535 898 632 954 XII
680 899 934 969 capitulis
989 899 1252 955 adversus
1312 899 1605 953 orientales
1653 897 1961 967 episcopos,

381 1006 616 1061 quorum
646 991 867 1045 nomine
896 989 1141 1047 Andreas
1187 990 1576 1047 Samosatenus
1624 989 1965 1060 objectiones

336 1148 341 1154 '
381 1083 677 1151 scripserat
701 1098 755 1153 p.
792 1082 1079 1138 157-200.
1134 1083 1193 1137 In
1234 1082 1445 1138 Latinis
1483 1081 1823 1137 editionibus
1863 1095 1960 1135 cx-

382 1182 491 1228 stat
518 1173 824 1245 Wolfgangi
855 1174 1085 1230 Musculi
1117 1175 1514 1244 interpretatio,
1553 1173 1755 1228 additis
1794 1173 1961 1233 etiam

382 1262 506 1319 aliis
538 1264 819 1319 nonnullis
846 1280 915 1319 ex
943 1262 1097 1319 Actis
1135 1263 1353 1318 concilii
1405 1263 1688 1334 Ephesini.
1734 1263 1805 1317 At
1847 1264 1962 1318 Au-

385 1350 578 1407 bertus
613 1352 807 1420 edidit,
843 1354 921 1408 uti
950 1353 1136 1409 Graece
1157 1362 1215 1409 et
1246 1353 1439 1410 Latine
1481 1354 1680 1424 legitur
1719 1353 1777 1408 in
1813 1363 1966 1423 parte
1995 1400 2001 1406 .

386 1455 442 1493 ιιι
492 1440 757 1495 Actorum
822 1442 1016 1513 synodi
1066 1442 1376 1511 Ephesium,
1445 1451 1576 1497 tom.
1623 1442 1644 1497 I
1695 1442 1860 1509 Binii,
1908 1458 1963 1512 p.

384 1527 489 1582 518
511 1529 611 1601 (a).
639 1531 833 1586 Exstat
851 1539 908 1586 et
936 1546 1061 1586 cum
1091 1531 1245 1585 Marii
1268 1530 1586 1586 Mercatoris
1611 1531 1863 1586 versione
1909 1531 1966 1586 in

2064 456 2110 495 s.
2136 436 2448 508 responsis;
2481 434 2548 489 de
2573 446 2684 503 quo
2716 429 2840 486 cod.
2867 429 2934 485 V.
2962 426 3209 482 Bandin.»
3231 426 3269 481 I.
3300 441 3374 491 θ.,
3405 440 3459 496 p.
3516 425 3643 491 544,

2063 531 2157 602 qui
2188 535 2434 593 annotat,
2464 523 2831 595 objectionem
2878 521 3111 590 primam
3162 527 3372 589 septem
3425 518 3648 573 circiter

2061 637 2257 678 versus
2287 619 2446 676 initio
2481 616 2786 687 longiorem
2817 627 2939 668 esse
2963 612 3021 666 in
3044 610 3272 676 codice;
3300 608 3488 681 Cyrilli
3513 625 3649 665 vero

2062 713 2474 784 responsionem
2498 710 2768 766 decimam
2807 720 2929 761 esse
2960 704 3017 758 in
3050 702 3159 758 fine
3187 702 3489 773 longiorem
3510 719 3525 767 ;
3548 715 3648 756 ext-—

2062 815 2238 861 trema
2278 820 2400 861 esse
2441 801 2629 874 Cyrilli
2668 794 3004 856 defensionis
3050 802 3242 850 contra
3285 793 3647 849 Orientalium

2063 898 2439 969 olnjectiones;
2481 892 2766 949 undecimi
2793 889 3033 957 denique
3065 901 3129 940 ac
3162 884 3477 940 duodecimi
3511 900 3645 939 ana-

2066 988 2402 1047 thematismi
2423 986 2764 1058 objectiones
2790 996 2855 1037 ac
2879 978 3233 1036 defensiones
3262 991 3373 1031 non
3398 990 3520 1031 esse
3553 989 3650 1031 eas

2067 1098 2188 1154 qua:
2213 1082 2471 1152 leguntur
2496 1079 2554 1133 in
2585 1077 2674 1133 ed.
2706 1071 2937 1130 Auberti
2971 1079 3081 1125 tom
3131 1067 3221 1133 VI,
3269 1083 3327 1138 p.
3384 1066 3647 1131 236-240,

2066 1176 2163 1231 sed
2185 1190 2307 1245 quae
2328 1180 2543 1229 exstent
2570 1170 2627 1224 in
2655 1165 3010 1239 Apologetico
3032 1162 3297 1218 adversus
3322 1157 3648 1224 Orientales,

2066 1281 2121 1336 p.
2151 1264 2406 1319 190—198.

2136 1355 2473 1411 Vindobonae
2504 1352 2559 1407 in
2585 1351 2709 1407 θοὰ.
2748 1348 3007 1412 LXXVII,
3048 1347 3105 1401 in
3130 1360 3240 1417 quo
3278 1345 3467 1416 plures
3516 1352 3652 1399 sunt

2064 1448 2252 1521 Cyrilli
2295 1448 2636 1514 aliorumque
2679 1440 2945 1512 epistolae,
2985 1439 3055 1494 ad
3105 1439 3250 1492 hanc
3301 1436 3651 1507 potissimum

2065 1538 2493 1596 controversiam
2521 1534 2888 1606 pertinentes,
2921 1540 2980 1587 et
3007 1531 3197 1601 plures
3221 1527 3438 1584 concilii
3468 1527 3651 1597 Ephe-

264 1666 271 1673 ,
382 1619 674 1703 ltercatore
700 1621 974 1688 Garnerii,
1008 1629 1143 1679 tom.
1177 1623 1244 1689 ll,
1276 1639 1397 1694 pag.
1432 1623 1552 1678 152.
1600 1622 1863 1695 Cyrillum
1907 1624 1965 1676 ὲν
2003 1691 2039 1703 “
2069 1629 2176 1684 sini
2196 1627 2490 1683 relationes
2519 1626 2585 1681 ad
2620 1625 2997 1694 imperatores,
3030 1628 3195 1689 atque
3240 1618 3483 1689 epistolae
3512 1617 3652 1671 alia-

382 1694 452 1783 τῇ
531 1712 668 1783 πρὸς
723 1713 1097 1777 Ἀνατολικοὺς
1145 1691 1402 1785 ὲπισιιοὶίῇ
1451 1691 1659 1769 laudati
1708 1714 1968 1785 Ephraim

2083 1736 2178 1791 que
2229 1719 2510 1789 opuscula.
2556 1691 2784 1787 Legitur
2834 1730 2893 1767 ιι.
2940 1712 3010 1768 48
3054 1711 3245 1783 Cyrilli
3289 1709 3522 1781 epistola
3583 1708 3650 1763 ad

385 1804 531 1875 apud
564 1805 961 1882 Photium’eod.
987 1821 1197 1871 ccxxrx,
1217 1822 1271 1876 p.
1297 1806 1421 1871 «122,
1446 1807 1569 1872 425,
1595 1806 1720 1861 451.

461 1895 546 1950 ιϐ’.
602 1897 744 1968 Πρὸς
771 1898 870 1968 τὴν
897 1898 1046 1967 παρὰ
1081 1897 1431 1969 Θεοδωρήτου
1459 1899 1596 1951 κατὰ
1628 1897 1736 1950 τῶν
1763 1897 1972 1952 δώδεκα

387 1985 698 2054 κεφαλαίων
731 1987 1072 2059 ἀντίρρησιν,
1103 1985 1364 2041 Aduersus
1392 1986 1841 2058 impugnationem
1866 1986 1969 2042 XII

387 2076 744 2148 capitulorum
795 2096 829 2132 a
876 2078 1182 2132 Theodorito
1265 2077 1483 2141 editam,
1545 2077 1824 2146 praemissa
1901 2078 1971 2132 ad

385 2168 680 2239 Evoptium
737 2168 808 2241 (b)
860 2165 1048 2242 Cyrilli
1091 2172 1340 2243 epistola,
1391 2182 1449 2227 et
1508 2173 1835 2243 Theodoreti
1902 2173 1972 2228 ad

382 2258 653 2316 Joannem
676 2260 1080 2318 Antiochenum
1101 2281 1116 2330 ;
1136 2242 1247 2319 nec
1268 2280 1379 2319 non
1425 2242 1699 2336 ejusdem.
1716 2266 1972 2322 Theodo-

387 2351 490 2405 reti
522 2352 823 2423 ἀνατροπῇ,
855 2353 969 2422 sive
1001 2356 1408 2426 Oppugnatione
1430 2356 1650 2410 illorum
1679 2356 1775 2412 XII
1821 2357 1972 2428 capi-

389 2440 652 2507 tulorum,
678 2460 733 2514 p.
773 2444 1034 2500 200-240.
1063 2446 1124 2500 In
1167 2446 1380 2502 Latinis
1428 2446 1767 2502 editionibus
1798 2456 1976 2504 exstat

385 2546 418 2585 c
446 2532 700 2588 versione
731 2534 888 2589 Joan.
921 2535 1356 2607 OEcolampadii,
1383 2538 1488 2593 sub
1540 2539 1698 2594 titulo
1743 2538 1865 2594 libri
1906 2541 1976 2594 ad

391 2618 696 2693 Evoptium.
743 2623 880 2679 Cum
915 2626 1007 2680 illa
1052 2627 1303 2683 versione
1337 2630 1575 2699 primum
1616 2629 1795 2686 lucem
1836 2632 1977 2687 vidit

389 2710 448 2766 in
473 2712 719 2768 Antidoto
756 2716 1001 2773 adversus
1033 2720 1273 2786 haereses,
1313 2720 1477 2776 Basil.
1512 2722 1671 2787 1528,
1719 2723 1815 2778 fol.
1867 2722 1974 2779 Sed

389 2803 666 2860 Aubertus
706 2809 947 2876 praetulit
983 2810 1313 2878 versionem,
1349 2829 1585 2882 quacum
1631 2815 1872 2870 occurrit
1918 2816 1976 2871 in

391 2904 546 2965 parte
571 2913 604 2952 v
622 2897 885 2954 Actorum
907 2903 1128 2957 concilii
1152 2904 1436 2974 Ephesini,
1463 2913 1594 2961 tom.
1626 2907 1647 2961 I
1677 2907 1819 2961 Binii
1849 2922 1972 2979 pag.

2069 1813 2364 1884 Ev0ptium
2412 1819 2604 1867 contra
2655 1805 2991 1864 Theodoreti
3042 1803 3507 1874 impugnationem
3557 1800 3652 1855 XII

2068 1902 2677 1966 anathematismorum,
2713 1915 2778 1954 ac
2813 1913 2873 1952 ιι.
2898 1897 2987 1963 49,
3020 1894 3211 1967 Cyrilli
3240 1893 3335 1948 XII
3359 1892 3651 1947 Anathem.

2070 2006 2263 2053 contra
2285 1994 2623 2060 Nestorium,
2653 1979 2958 2062 eorumque
2982 1988 3295 2060 explanatio
3316 2002 3500 2043 coram
3525 2001 3657 2042 con-

2071 2088 2200 2144 cilio
2232 2087 2532 2158 Ephes'mo,
2565 2093 2629 2140 ut
2658 2093 2715 2140 et
2735 2082 3055 2139 eorumdem
3099 2079 3344 2135 defensio
3392 2078 3656 2133 adversus

2072 2178 2403 2237 Theodoreti
2425 2176 2903 2248 reprehensiones.
2939 2172 3003 2228 V.
3035 2168 3314 2226 Lambecii
3359 2167 3652 2224 Comment.

2070 2269 2162 2335 Ill,
2185 2268 2289 2323 col.
2322 2267 2428 2322 592
2456 2282 2565 2337 sq.,
2602 2266 2698 2321 ubi
2722 2279 2855 2320 vero
2884 2261 3084 2316 Kollar.
3121 2257 3509 2314 animadvertit
3528 2272 3655 2313 esse

2072 2357 2379 2429 apologiam
2416 2372 2518 2427 pro
2544 2355 2641 2410 XII
2667 2349 3154 2410 Anathematismis
3178 2347 3446 2403 adversus
3469 2347 3654 2402 Theo-

2073 2449 2638 2515 doretumgeitamen
2669 2446 2910 2502 immista
2940 2459 3063 2500 esse
3109 2442 3376 2498 nonnulla
3420 2450 3532 2498 tam
3586 2458 3658 2499 ex

2073 2539 2395 2596 eorumdem
2417 2538 2825 2609 explanatione,
2856 2550 3021 2606 quam
3055 2533 3220 2589 etiam
3267 2549 3337 2588 ex
3382 2534 3654 2605 apologia,

2074 2631 2338 2687 adversus
2364 2629 2671 2687 Orientales
2694 2630 3013 2700 desumpta;
3043 2627 3279 2698 etdigna
3291 2626 3410 2682 hac
3432 2625 3658 2681 omnino

2075 2738 2197 2779 esse
2235 2738 2357 2793 quae
2411 2737 2537 2778 cum
2581 2720 2717 2777 edit.
2763 2719 2994 2775 Auberti
3046 2726 3176 2773 tom.
3223 2718 3313 2784 Vl,
3368 2732 3491 2788 pag.
3530 2716 3655 2780 205,

2073 2815 2450 2879 conferantur,
2485 2813 2688 2884 quippe
2710 2828 2837 2869 cum
2868 2812 2956 2868 vel
2985 2811 3178 2883 primae
3202 2810 3534 2865 Theodoreti
3555 2825 3656 2864 an—

2079 2908 2375 2963 tirrheseos
2409 2906 2627 2961 initium
2654 2900 2726 2960 ex'
2746 2906 2914 2960 hocce
2937 2904 3060 2959 cod.
3083 2903 3348 2975 integrius
3375 2902 3492 2957 dari
3528 2917 3658 2972 pos-

391 2987 517 3090 511.
546 2988 770 3090 Ι.θείῑυῖ
800 3000 853 3046 et
892 3008 1015 3048 cum
1066 2993 1221 3049 Marii
1264 2996 1583 3052 Ilercatoris
1624 2998 1875 3052 versione
1917 2997 1973 3053 in
2002 3033 2043 3090 Ο
2078 2998 2169 3052 sit.
2198 2997 2261 3052 In
2287 2997 2409 3052 cod.
2433 2995 2616 3061 CLXI,
2643 3011 2701 3049 ιι.
2744 2994 2798 3061 5,
2839 2980 3348 3049 Anathematismus
3391 2992 3484 3055 IX,
3531 3006 3658 3045 cum

391 3078 682 3136 Mercatore
724 3082 971 3139 Gamerii
1017 3093 1146 3143 tom.
1195 3086 1236 3152 I,
1293 3102 1348 3157 p.
1391 3087 1512 3142 178.
1551 3088 1815 3143 Memorat
1870 3089 1976 3146 hoc

393 3173 659 3243 scriptum
682 3191 841 3246 suum
864 3174 1100 3248 Cyrillus
1129 3179 1243 3248 ipse
1272 3180 1430 3249 epist.
1461 3180 1529 3235 ad
1570 3181 1880 3253 Eulogium,
1919 3199 1973 3253 p.

396 3265 521 3332 151,
562 3274 617 3322 et
650 3269 832 3338 priore
856 3269 924 3323 ad
958 3268 1314 3335 Succensum,
1342 3287 1462 3343 pag.
1514 3273 1634 3326 140.
1676 3274 1750 3328 De
1796 3274 1977 3329 Theo-

392 3354 571 3411 doreti
598 3369 802 3429 contra.
814 3360 1078 3433 Cyrillum
1103 3364 1456 3419 contentione
1484 3363 1754 3420 videndus
1797 3364 1978 3420 Leon-

398 3446 508 3502 tius
533 3449 610 3502 De
635 3452 807 3516 sectis,
839 3468 893 3522 p.
920 3453 1023 3507 454
1043 3468 1157 3524 seq.
1196 3454 1356 3508 FABR.
1711 3518 1721 3529 δ

470 3530 723 3596 Defensio
750 3534 1113 3613 capitulorum
1141 3543 1237 3598 XII
1263 3560 1490 3599 suorum
1514 3545 1777 3607 adversus
1798 3546 1981 3601 Theo-

398 3629 673 3695 doretum,
697 3633 873 3687 Paris.
926 3634 983 3687 in
1029 3634 1151 3690 cod.
1209 3635 1648 3701 DCCCXXXVII,
1706 3654 1762 3691 ιι.
1823 3638 1876 3702 1,
1927 3647 1985 3693 et

398 3720 523 3775 cod.
554 3718 991 3795 DCCCLXXXII,
1021 3724 1074 3778 in
1108 3740 1218 3795 quo
1265 3734 1394 3786 sunt
1439 3725 1628 3801 Cyrilli
1680 3727 1748 3782 ad
1788 3727 1984 3782 Nesto-

401 3810 546 3866 rium
599 3813 845 3883 epistolae
888 3823 945 3870 et
989 3816 1568 3873 anathematismorum
1614 3818 1793 3888 capita
1846 3817 1981 3885 XII;

2069 3087 2375 3162 .antirrhesi
2406 3086 2738 3143 Theodoreti
2771 3093 2829 3141 et
2850 3083 3099 3155 apologia
3126 3083 3349 3155 Cyrilli:
3383 3083 3565 3154 agitur
3587 3081 3660 3137 de

2076 3180 2429 3249 processione
2481 3178 2720 3250 Spiritus
2764 3177 2962 3232 sancti.
3016 3176 3081 3232 V.
3145 3176 3403 3231 Lambee.
3456 3175 3557 3240 IV,
3601 3190 3658 3245 p.

2077 3272 2201 3328 559.
2248 3272 2414 3327 Hann.

2151 3373 2218 3420 κ’.
2259 3363 2700 3435 Ἀπολογητικὸς,
2742 3359 3127 3432 Apologeticus
3154 3359 3223 3415 ad
3252 3359 3385 3429 imp.
3413 3357 3661 3413 Theodo-

2081 3461 2246 3518 sium.
2282 3460 2411 3530 Pag.
2448 3456 2705 3512 241-252.
2738 3454 2938 3525 Incipit
2970 3472 2984 3507 :
3024 3454 3090 3507 Ἥ
3117 3452 3216 3524 μὲν
3250 3451 3370 3506 θεία
3399 3450 3494 3504 καὶ
3523 3451 3662 3519 ἀκή-

2084 3567 2266 3623 ρατος.
2320 3550 2382 3604 In
2432 3546 2648 3603 Latinis
2695 3545 3038 3602 editionibus
3082 3543 3288 3614 legitur
3340 3557 3371 3597 e
3406 3539 3665 3595 versione

2081 3639 2388 3711 Wolfgangi
2429 3637 2679 3693 Musculi.
2736 3635 2846 3692 Sed
2886 3635 3165 3691 Aubertus
3217 3633 3460 3704 prmtulit
3517 3631 3667 3686 illam

2085 3746 2319 3801 quacum
2347 3738 2526 3784 exstat
2558 3730 2614 3783 in
2639 3736 2792 3799 parte
2822 3745 2879 3782 ιιι
2912 3727 3174 3797 Actorum
3217 3723 3439 3779 concilii
3481 3724 3668 3794 Ephe-

2087 3821 2215 3887 sini,
2251 3836 2308 3890 p.
2349 3818 2476 3875 397.
2508 3819 2643 3874 Vide
2671 3819 2741 3874 de
2776 3818 2882 3872 hoc
2917 3816 3290 3886 Apologetico,
3320 3823 3445 3883 post
3478 3814 3667 3868 conci-

402 3901 734 3957 Theodoreti
760 3905 989 3974 epistola
1017 3906 1081 3960 ad
1106 3906 1386 3977 Cyrillum,
1413 3924 1522 3979 qua
1560 3908 1797 3979 primum
1841 3908 1988 3964 illius
2086 3913 2222 3968 lium
2258 3911 2595 3981 Ephesinum
2623 3908 2850 3977 scripto,
2894 3905 3304 3961 Tillemontium
3353 3910 3484 3987 tom.
3523 3902 3664 3967 XIV,

398 4005 565 4064 ωριιι
587 3996 938 4064 comunt“;
980 3998 1170 4071 Cyrilli
1203 4000 1364 4071 epist.
1410 4000 1479 4056 ad
1518 4001 1832 4071 Evoptium,
1879 4016 1988 4071 qua
2088 4020 2143 4074 p.
2170 4004 2295 4059 501.
2330 4003 2490 4057 FABB.
2521 4032 2591 4042 —
2619 4001 2679 4055 In
2715 3998 2886 4053 Mansi
2916 3994 3133 4052 Collect.
3172 3993 3409 4063 ampliss.
3454 3994 3665 4060 concil.,

398 4086 639 4155 primum
670 4100 834 4157 caput
859 4089 1208 4158 defenditur;
1254 4092 1479 4151 alterna:
1512 4094 1867 4163 reliquorum.
1894 4107 1986 4147 ca-

400 4169 573 4240 pitum
584 4171 1001 4230 refutationesct
1012 4175 1371 4243 defensiones;
1386 4178 1571 4249 Cyrilli
1585 4178 1805 4233 homilia
1822 4177 1894 4230 De
1909 4178 1991 4230 in-

399 4265 707 4317 carnatione
723 4265 820 4319 Dei
842 4265 985 4320 Verbi
998 4284 1018 4333 ;
1035 4267 1279 4338 ejusdem
1306 4267 1776 4324 Commonitorium
1792 4267 1860 4322 ad
1876 4269 1989 4322 Eu-

2090 4095 2154 4157 V,
2188 4110 2243 4163 p.
2282 4092 2389 4147 248
2431 4106 2550 4160 sqq.
2576 4131 2590 4152 ,
2629 4089 2755 4144 257.
2790 4117 2860 4126 —
2902 4087 2962 4140 In
3012 4084 3148 4139 bibl.
3189 4084 3396 4139 Bodlei.
3444 4084 3502 4139 in
3541 4085 3668 4140 θοὰ.

2090 4185 2282 4249 Laudi,
2314 4199 2370 4236 ιι.
2410 4182 2543 4236 1271
2577 4180 2776 4245 Catal.,
2803 4175 2992 4250 Cyrilli
3030 4177 3439 4247 quatripartitus
3482 4176 3669 4247 apolo-

2091 4279 2307 4349 gcticus.
2339 4277 2508 4332 HARL.

395 4353 603 4425 Iogium
620 4356 1981 4430 apocrisiarium;excerptacscholiisDeincarna-
2016 4369 2059 4422 D
2160 4368 2244 4441 [v_
2294 4368 2509 4424 Fabric,
2550 4367 2629 4422 De
2672 4368 2950 4438 εενίριονν,
2993 4365 3059 4420 de
3102 4364 3250 4419 verit,
3298 4361 3398 4416 rel.
3448 4359 3668 4426 Christ"

392 4449 539 4502 tione
561 4448 854 4520 Unigeuiti;
871 4450 1126 4523 etCyrilli
1146 4453 1391 4523 epistolae
1407 4453 1528 4508 dum
1540 4452 1608 4506 ad
1629 4451 1982 4505 Succensum.

468 4540 761 4597 Florentia:
778 4542 833 4597 in
862 4542 996 4598 bibl.
1021 4543 1280 4599 Laurent.
1315 4543 1437 4599 cod.
1473 4543 1663 4607 Xll,n.
1683 4541 1738 4605 6,
1762 4541 1899 4609 plut.
1929 4540 1983 4605 6,

392 4628 587 4702 Cyrilli
617 4633 1062 4690 anathematismi
1116 4635 1236 4699 XII,
1289 4634 1364 4688 ita
1418 4631 1643 4702 quidem
1688 4631 1884 4702 digesti
1923 4640 1987 4687 ut

394 4738 591 4778 eorum
618 4725 853 4794 quilibet
880 4728 1182 4799 subjectam
1212 4726 1412 4780 habeat
1435 4722 1622 4794 Cyrilli
1647 4722 1987 4795 explanatio-

396 4828 545 4878 nem,
576 4813 907 4874 Theodoreti
948 4815 1423 4888 reprehensiones,
1463 4829 1528 4868 ac
1568 4830 1761 4869 rursus
1788 4814 1979 4887 Cyrilli

395 4906 795 4975 defensionem,
814 4911 932 4968 sive
948 4922 1302 4980 responsum:
1329 4905 1577 4960 ordinem
1600 4922 1665 4960 ac
1690 4907 1981 4963 diversita-

394 4985 511 5051 tem
545 4999 845 5055 lectionum
868 4999 1228 5071 quarumdam
1257 4998 1327 5052 ab
1355 4998 1525 5054 editis
1573 5000 1798 5056 uberius
1844 5001 1988 5057 indi-

393 5096 488 5143 cat
510 5089 739 5146 Bandin.
795 5091 851 5146 in
887 5090 1004 5145 Cat.
1033 5089 1181 5144 codd.
1209 5089 1302 5146 Gr.
1333 5089 1497 5145 Laur.
1527 5091 1571 5156 I,
1604 5107 1725 5163 pag.
1754 5093 1857 5147 118
1900 5109 1983 5164 sq.

400 5181 620 5236 -—lbid.
651 5182 706 5237 in
729 5181 852 5236 cod.
879 5179 1016 5245 XXI,
1047 5196 1104 5235 ιι.
1144 5179 1198 5246 8,
1234 5181 1374 5251 plut.
1414 5182 1468 5242 4,
1519 5181 1708 5254 Cyrilli
1754 5185 1985 5238 anathe-

398 5272 640 5328 matiSmi
672 5271 788 5337 XII,
823 5286 949 5325 cum
986 5286 1176 5326 eorum
1210 5272 1709 5343 explanationibus,
1737 5272 1990 5328 Theodo-

456 5388 553 5514 ὁτι)
584 5391 646 5445 In
677 5389 799 5445 cod.
830 5388 1021 5445 Bavar.
1051 5390 1186 5473 LIII,
1215 5391 1291 5473 _in
1326 5390 1450 5446 θοὰ.
1502 5390 1650 5445 Flor.
1712 5389 1979 5474 Laurent.

503 5460 518 5513 l
552 5500 566 5514 .
599 5476 657 5513 ιι.
687 5459 776 5514 20.
811 5459 948 5514 nlut.
976 5462 1029 5514 7.
1066 5463 1413 5514 inscribitur:
1466 5460 1723 5514 Adversus
1764 5476 1850 5514 eos
1890 5478 1979 5514 am

404 5458 566 5524 XVII,
599 5476 657 5513 ιι.
687 5459 776 5523 20,
811 5459 948 5528 plut.
976 5462 1029 5526 7,
1066 5461 1413 5517 inscribitur:
1466 5460 1723 5515 Adversus
1764 5476 1850 5514 eos
1890 5462 1979 5531 qui

399 5529 586 5582 dicunt
629 5537 765 5602 recte
817 5529 1005 5585 habere
1051 5531 1279 5587 Nestorii
1329 5530 1561 5602 placita;
1588 5531 1672 5602 fin
1716 5530 1980 5602 margine

399 5597 893 5722 ﬂigastralﬁgtllream,
921 5616 978 5657 ιι.
1016 5597 1452 5659 Samosatenum.
1486 5599 1549 5656 V.
1586 5599 1814 5672 Bandin.
1847 5597 1889 5665 l',
1922 5616 1976 5670 p.

2085 4477 2205 4532 cap.
2234 4461 2289 4526 2,
2317 4461 2345 4533 §
2373 4460 2463 4525 26,
2487 4475 2543 4530 p.
2571 4460 2660 4515 99.
2702 4457 2907 4531 linum]

2152 4558 2258 4606 κω.
2289 4552 2459 4623 ’Υπὲρ
2477 4551 2576 4622 τῆς
2597 4550 2704 4603 τῶν
2723 4548 3065 4622 Χριστιανῶν
3087 4548 3320 4618 εὐαγοῢς
3342 4545 3664 4618 θρησκείας,

2085 4642 2223 4711 πρὸς
2249 4641 2320 4694 τὰ
2344 4639 2436 4693 τοῦ
2470 4642 2527 4693 ὲν
2559 4638 2740 4702 ἀθέοις
2783 4638 3098 4694 Ἰουλιανοῦ.
3142 4637 3251 4693 Pro
3293 4647 3480 4694 sancta
3520 4634 3673 4690 Chri-

2080 4734 2378 4787 stianorum
2431 4730 2711 4802 religione,
2754 4731 3004 4803 adversus
3052 4730 3209 4785 libros
3251 4731 3399 4800 impii
3440 4727 3668 4793 Iuliani,

2087 4822 2206 4877 libri
2242 4821 2307 4886 X,
2344 4821 2492 4877 circa
2523 4820 2588 4876 A.
2627 4820 2689 4877 C.
2722 4820 2826 4875 455
2865 4819 2933 4891 (c)
2963 4819 3153 4890 scripti
3185 4820 3254 4875 ad
3295 4815 3670 4873 Theodosium

2089 4912 2393 4967 Juniorem.
2448 4912 2576 4982 Pag.
2624 4912 2813 4966 1-556.
2860 4910 3109 4984 [Diversa
3158 4918 3244 4966 est
3291 4908 3349 4963 in
3399 4907 3672 4963 sententia

2088 5000 2163 5054 La
2196 5000 2388 5064 Croze,
2426 5000 2563 5055 Hist.
2602 4999 2795 5056 Christ.
2835 5001 2981 5066 Ind.,
3020 4986 3118 5056 lib.
3167 5016 3205 5065 ι,
3240 5016 3295 5071 p.
3340 4998 3426 5053 16.
3467 4993 3669 5068 linum]

2088 5092 2205 5147 Hoc
2246 5092 2571 5161 praeclarum
2624 5100 2792 5162 atque
2838 5090 3120 5147 eruditum
3170 5104 3308 5162 opus
3356 5088 3413 5142 in
3446 5085 3672 5140 Latinis

2087 5183 2424 5238 editionibus
2442 5191 2620 5238 exstat
2643 5198 2674 5239 e
2704 5184 2956 5238 versione
2985 5182 3211 5239 Joannis
3234 5177 3668 5250 OEcolampadii,

2090 5289 2213 5344 quae
2261 5273 2499 5343 primum
2535 5273 2676 5328 vidit
2714 5274 2895 5329 lucem
2942 5271 3121 5346 [1528.
3156 5272 3223 5328 V.
3250 5286 3415 5343 supra
3444 5270 3511 5325 ad
3540 5268 3569 5342 ᾗ
3596 5266 3669 5323 III

2155 5388 2228 5461 (b)
2245 5388 2637 5461 _Ptolemaidis,
2657 5388 3018 5461 Pentapoleos
3040 5386 3299 5459 regionis,
3325 5384 3666 5455 episcopum.

2085 5459 2223 5516 Vide
2245 5459 2586 5522 Liberatum,
2619 5474 2668 5513 θ.
2711 5459 2766 5513 9.

2159 5529 2230 5599 (c)
2270 5528 2405 5584 Vide
2448 5528 2763 5584 Tillemont.
2810 5536 2941 5583 tom.
2982 5527 3121 5591 XIV,
3160 5541 3218 5595 p.
3250 5525 3347 5581 671
3385 5524 3570 5608 [Fabr_.
3615 5524 3670 5579 in

2159 5599 2305 5648 ιιρθιιι
2363 5614 2574 5648 aruum.
2629 5606 2680 5648 et
2743 5597 2949 5648 saltabo
3005 5598 3249 5648 scriptor.
3310 5611 3401 5648 aut
3455 5601 3668 5648 veniat.

3310 5611 3401 5665 qui
3455 5611 3668 5651 veniat.

2087 5597 2305 5654 Delectat
2363 5614 2574 5669 argum.
2629 5606 2680 5651 et
2743 5597 3249 5669 syllabogscriptor.

2089 5670 2352 5727 Christ...
2390 5665 2749 5733 aeseruerunt,
2774 5665 2830 5724 ἱ).
2858 5667 3082 5725 99-106.
3113 5665 3316 5725 “11Αιιι..1
