3998 6304
283 392 349 450 65
1512 393 1795 451 norma
1835 395 1867 451 E

1975 393 2318 451 FABRICIO.‘
3481 392 3557 455 60

281 508 493 582 annot.]
525 507 720 566 Colon.
764 507 921 563 1546.
965 507 1195 563 Librum
1242 505 1483 579 primum
1518 509 1705 565 Graiae
1744 511 1861 582 pri-
1889 518 1933 576 Α
1963 511 2129 566 minis
2156 505 2436 582 leguntur)
2459 507 2775 578 vulgaverat
2805 504 2980 578 Lugd.
3015 506 3202 563 Batav.
3230 506 3550 576 1606,ὶιι4.

285 617 403 657 mus
443 616 573 657 cum
618 615 758 657 nova
801 599 1028 655 meliore
1075 599 1329 655 versione
1376 615 1474 655 sua
1521 614 1574 655 a.
1616 600 1754 657 1619
1797 602 1866 657 ad

283 692 579 749 editionem
615 690 905 745 adornavit
938 689 1195 744 Nicolaus
1226 688 1556 755 Borbonius,
1588 689 1867 759 professor

282 796 335 841 et
381 785 656 855 interpres
697 783 881 855 regius
916 781 1013 855 (a),
1047 782 1102 836 in
1132 783 1290 854 cujus
1322 782 1602 853 opusculis
1636 791 1867 852 utraque

283 876 467 946 lingua
509 873 720 944 prodiit
755 872 930 927 Paris.
975 871 1132 937 1650,
1168 872 1326 935 1654,
1363 872 1451 926 12.
1487 871 1684 926 Totum
1728 886 1869 941 Opus

282 963 469 1020 Graece
506 972 558 1018 et
600 962 792 1018 Latine
820 962 1062 1032 primum
1102 961 1159 1016 in
1186 962 1417 1017 Auberti
1454 961 1698 1017 editione
1739 978 1872 1017 con-

283 1053 535 1125 spicitur,
576 1053 719 1109 liber
763 1053 976 1123 primus
1020 1067 1088 1108 ex
1123 1052 1403 1119 Borbonii,
1433 1054 1620 1109 caeteri
1655 1068 1724 1108 ex
1760 1053 1868 1108 Au»

285 1146 425 1201 berti
480 1146 953 1217 interpretatione.
1007 1145 1187 1215 Atque
1238 1138 1314 1200 ita
1371 1161 1629 1201 recusum
1683 1146 1869 1215 lingua

285 1248 516 1309 utraque
558 1246 643 1294 est
688 1238 756 1293 ad
785 1239 995 1294 calcem
1039 1237 1280 1309 Operum
1317 1238 1542 1304 Juliani,
1566 1254 1634 1294 ex
1664 1238 1865 1293 Ezech.

286 1330 603 1401 Spanbemii
673 1322 1013 1387 recensione
1049 1333 1399 1402 vulgatorum
1455 1332 1654 1403 Lipsiae
1708 1331 1866 1397 1696,

285 1422 375 1478 fol.
419 1422 693 1479 Videntur
727 1424 893 1479 etiam
935 1422 993 1478 bi
1031 1422 1220 1496 Cyrilli
1271 1425 1399 1479 libri
1447 1424 1695 1480 translati
1737 1423 1867 1478 ferri

286 1513 537 1586 Syrisce;
576 1529 701 1569 nam
733 1515 1034 1572 laudantur
1069 1532 1100 1570 a
1127 1516 1274 1571 Mose
1311 1516 1588 1586 Barcepba
1627 1525 1779 1586 parte
1809 1530 1868 1570 ιιι

288 1602 361 1661 De
391 1607 665 1678 paradiso,
690 1622 814 1678 pag.
847 1607 1102 1663 425-429.
1138 1608 1184 1663 Ε
1208 1608 1413 1663 Graecis
1445 1607 1616 1662 citant
1650 1607 1734 1662 Jo.
1766 1607 1872 1663 Da-

288 1710 572 1754 mascenus
615 1699 672 1753 in
722 1697 1048 1763 Parallelis,
1090 1707 1147 1755 et
1202 1708 1393 1755 catena
1438 1698 1759 1755 Possiniana
1810 1698 1869 1752 in

290 1788 550 1854 Marcum,
600 1805 723 1862 pag.
756 1790 882 1856 545,
926 1790 1114 1846 laudat
1159 1789 1425 1863 Cyrillum
1467 1793 1526 1845 ὲν
1570 1792 1684 1854 τοῖς
1732 1790 1869 1861 πρὸς

1964 602 2237 663 Cotelerio
2285 602 2342 661 in
2390 600 2540 656 notis
2581 599 2651 654 ad
2698 582 3043 655 Monumenta
3077 599 3260 655 Cmca
3293 609 3428 656 tom.
3462 603 3553 670 ut.

1964 711 2019 766 p.
2051 696 2175 761 557,
2200 703 2362 759 teste,
2387 693 2479 748 hic
2510 692 2654 753 liber
2684 690 3009 747 inscribitur
3025 691 3089 745 in
3113 692 3238 748 aliis
3269 695 3554 755 codicibus

1966 800 2121 851 mss.,
2146 784 2442 840 Solutiones
2472 784 2890 855 dogmaticarum
2911 783 3278 851 quastionum,
3310 787 3557 856 proposi-

1968 885 2151 932 tarum
2196 894 2229 932 a
2272 876 2495 932 Tiberio
2523 875 2756 930 diacono
2789 881 2847 928 et
2893 872 3201 929 fratribus:
3250 874 3555 940 Ἐπιλύσεις

1966 967 2311 1038 δογματικῶν
2346 965 2675 1038 ζητημάτων
2723 963 3163 1036 ὲπιζητηθέντων
3209 966 3360 1038 παρὰ
3392 967 3552 1021 Τιϐε-

1969 1057 2084 1128 ρίου
2110 1056 2358 1109 διακόνου
2403 1058 2498 1109 καὶ
2534 1054 2636 1124 τῆς
2682 1053 3041 1127 ἀδελφότητος
3072 1061 3095 1084 δ
3128 1055 3215 1110 vel
3246 1055 3554 1121 Ἐπιλύσεις

1966 1151 2076 1202 τῶν
2172 1145 2641 1219 προσενεχθεισῶν
2734 1144 2981 1197 πεύσεων
3071 1145 3221 1217 παρὰ
3300 1147 3551 1219 Τιϐερίου

1968 1238 2213 1292 διακόνου
2263 1238 2356 1291 καὶ
2396 1236 2503 1290 τῶν
2537 1234 2816 1305 atatem;
2857 1234 2941 1290 vel
2985 1234 3231 1306 denique
3281 1238 3551 1309 Κυρίλλου

1970 1329 2108 1401 πρὸς
2141 1329 2412 1401 Τιϐέριον.
2448 1328 2607 1382 Ὲιιιιιι.
3112 1362 3113 1365 η

2043 1420 2134 1477 Sic
2178 1421 2235 1475 in
2264 1420 2386 1475 cod.
2417 1419 2680 1474 Laurent.
2726 1416 2920 1472 Medic.
2957 1416 3075 1483 XII,
3111 1433 3168 1472 ιι.
3202 1418 3290 1484 52,
3321 1420 3461 1490 plut.
3495 1419 3550 1486 5,
3592 1463 3595 1467 .

1968 1514 2032 1569 ὲκ
2072 1514 2180 1567 τῶν
2227 1513 2530 1566 ὲπιλύσεων
2577 1511 2683 1563 τῶν
2730 1510 3072 1581 δογματικῶν
3117 1510 3553 1583 ὲιπιζητηθέντων

1969 1608 2095 1677 περὶ
2131 1606 2337 1679 (forsan
2371 1604 2542 1677 παρὰ)
2577 1602 2831 1674 Τιϐερίου
2876 1602 3145 1673 διακόνου,
3178 1613 3283 1661 ctc.
3317 1607 3381 1662 V.
3415 1607 3556 1662 Ban-

1969 1698 2084 1753 din.
2133 1696 2252 1752 Cat.
2303 1697 2453 1751 codd.
2502 1697 2595 1753 Gr.
2640 1695 2806 1750 Laur.
2840 1697 2882 1762 I,
2918 1713 2973 1767 p.
3008 1698 3076 1752 47
3120 1715 3200 1769 sq.
3230 1700 3386 1755 -—ln
3428 1701 3551 1757 cod.

1968 1790 2133 1855 XVII,
2161 1806 2216 1847 ιι.
2247 1790 2336 1853 21,
2368 1791 2507 1860 plut,
2532 1790 2598 1844 6:
2633 1789 2908 1853 Ἐπίλυσις
2936 1790 3281 1861 δογματικῶν
3309 1794 3555 1866 ζητημά-

301 1877 583 1931 Ἰουλιανδν
637 1880 914 1950 κεφαλαίῳ
954 1880 1024 1949 γ’.
1072 1862 1380 1936 Concilium
1415 1898 1487 1947 IV,
1525 1881 1743 1937 actione
1780 1882 1864 1947 10,

1975 1898 2077 1936 των
2118 1880 2486 1953 προτεθέντων
2529 1880 2606 1951 τῷ
2648 1881 2936 1951 ἁγιωτάτῳ
2970 1882 3243 1955 Ruptum.
3276 1862 3467 1940 Diﬂ'ert
3498 1898 3555 1943 ct

291 1979 414 2023 tom.
448 1961 519 2025 ΙΙΙ
543 1969 708 2035 Binii,
748 1987 870 2042 pag.
895 1971 984 2037 95,
1018 1974 1076 2027 ὲν
1114 1972 1209 2026 τοῦ
1250 1973 1391 2027 κατὰ
1433 1973 1543 2027 τῶν
1580 1973 1868 2029 Ἰουλιανοῦ

290 2061 573 2133 δογμάτων
605 2062 810 2133 βιϐλίου
845 2064 1054 2135 τρίτου,
1080 2064 1189 2119 ἀπὸ
1218 2063 1379 2133 λόγου
1407 2065 1653 2120 δεκάτου.
1683 2066 1871 2121 Memi-

290 2152 369 2206 nit
390 2162 446 2208 et
478 2153 826 2223 Nicephorus
852 2170 962 2220 xrv,
994 2156 1081 2219 14,
1112 2163 1168 2211 et
1203 2165 1331 2212 ante
1362 2157 1465 2212 bos
1503 2155 1870 2214 Tbeodoritus

290 2243 441 2313 epist.
478 2243 569 2298 85.
610 2244 856 2300 Primum
885 2246 1048 2301 modo
1070 2247 1273 2303 Iuliani
1300 2248 1502 2303 librum
1527 2248 1868 2305 confutatam

290 2350 317 2389 ιι
335 2327 536 2405 Cyrillo
562 2336 787 2408 conjicit
814 2336 953 2392 Lud.
983 2337 1152 2392 Ellies
1171 2339 1243 2392 du
1266 2339 1365 2393 Pin
1395 2347 1524 2393 tom.
1550 2340 1617 2395 IV
1639 2339 1717 2393 De
1732 2340 1866 2392 srri-

288 2425 517 2495 ptoribus
557 2426 939 2493 ecclesiasticis,
974 2443 1094 2498 pag.
1138 2428 1208 2483 48
1242 2445 1257 2482 :
1294 2428 1345 2482 Ιί
1380 2429 1561 2500 parait
1605 2429 1735 2500 qu’it
1778 2430 1867 2485 n’a

290 2519 454 2587 réfnte'
482 2534 583 2589 que
608 2535 700 2573 son
731 2523 958 2590 premier
994 2519 1141 2584 livre,
1172 2519 1306 2574 dans
1336 2518 1505 2589 lequel
1537 2528 1614 2573 cet
1656 2528 1867 2590 apastat

288 2609 551 2679 attaqnait
579 2625 641 2662 en
667 2608 885 2679 général
915 2608 969 2662 la
999 2608 1220 2679 religion
1246 2610 1561 2663 chrétienne.
1594 2608 1700 2665 Sed
1731 2610 1869 2666 falli-

289 2708 376 2752 tur
402 2698 569 2763 idem,
600 2699 820 2769 quando
846 2715 968 2770 pag.
994 2698 1062 2755 52
1078 2699 1250 2754 libros
1275 2699 1458 2771 Cyrilli
1481 2709 1670 2759 contra
1691 2703 1863 2758 Julia-

288 2807 415 2846 num
462 2807 492 2846 a
534 2793 654 2847 Nic.
704 2792 980 2847 Borbonio
1026 2800 1259 2862 utraque
1304 2792 1490 2863 lingua
1542 2808 1686 2848 anno
1729 2793 1866 2849 1656

286 2884 459 2939 editos
502 2884 718 2947 scribit,
759 2899 884 2938 nam
935 2884 1171 2954 primum
1223 2886 1599 2940 tantummodo
1639 2885 1862 2953 librum,

288 2983 349 3030 ut
375 2974 510 3039 dixi,
538 2976 818 3046 vulgatum
852 2975 921 3031 ab
945 2991 1013 3031 eo
1044 2984 1275 3030 constat.
1310 2976 1468 3031 FABB.

355 3066 695 3122 Vindobonze
734 3067 791 3121 in
830 3067 953 3122 cod.
983 3065 1231 3122 Caesareo
1270 3066 1413 3133 XIX,
1444 3084 1501 3122 ιι.
1544 3067 1632 3134 14,
1657 3076 1712 3123 et
1739 3068 1860 3124 cod.

1969 1990 2203 2032 numero
2233 1982 2289 2031 et
2320 1974 2513 2030 ordine
2546 1974 2615 2028 ab
2647 1973 2833 2028 editis.
2877 1973 2939 2027 In
2979 1975 3168 2031 codice
3199 1978 3554 2047 praemittitur

1969 2067 2221 2139 epistola,
2258 2065 2525 2132 Ἀξίωσις,
2571 2074 2678 2122 etc.
2734 2064 3060 2137 Supplicatio
3111 2069 3309 2123 tradita
3352 2068 3410 2124 S.
3454 2069 3554 2141 Cy-

1971 2159 2108 2232 ryllo
2141 2188 2210 2198 ——
2249 2176 2281 2212 a
2334 2157 2703 2228 fraternitate;
2751 2173 2914 2227 quam
2973 2158 3289 2229 epistolam,
3333 2161 3390 2215 in
3438 2162 3556 2217 edi-

1975 2254 2121 2308 tione
2170 2250 2540 2306 desideratam
2577 2250 2810 2305 Bandin.
2854 2250 2891 2305 l.
2932 2266 2983 2307 c.
3025 2267 3080 2322 p.
3126 2251 3230 2305 128
3268 2266 3351 2322 sq.
3416 2252 3556 2309 intc-

1969 2359 2117 2415 gram
2148 2342 2241 2398 Gr.
2265 2340 2460 2407 edidit,
2488 2349 2622 2395 tum.
2656 2356 2713 2394 ιι.
2744 2340 2814 2394 22
2840 2341 3091 2412 sequitur
3116 2341 3300 2413 Cyrilli
3324 2343 3552 2414 epistola

1915 2483 1918 2486 .
1967 2436 2037 2491 ad
2096 2434 2461 2505 Calosyrium,
2508 2433 2826 2503 episcopum
2880 2432 3245 2499 Arsenoitem,
3290 2435 3554 2491 adversus
3633 2483 3639 2489 .

1967 2542 2065 2581 eos
2114 2525 2209 2596 qui
2258 2525 2431 2579 Deum
2484 2524 3049 2594 anthropomorphum
3099 2531 3364 2580 statuunt.
3409 2524 3550 2580 Add.

1967 2635 2131 2689 supra
2166 2618 2232 2673 ad
2264 2634 2321 2672 ιι.
2354 2618 2464 2672 Vll.
2502 2616 2669 2671 Ηλιιι..

2037 2712 2142 2779 κγ’.
2197 2711 2274 2765 De
2321 2708 2378 2765 S.
2426 2709 2682 2764 Trinitate
2741 2707 2891 2775 liber,
2944 2724 2996 2779 p.
3049 2707 3210 2775 L55;
3260 2725 3385 2764 cum
3430 2726 3553 2765 ver-

1967 2806 2120 2861 sione
2161 2804 2389 2860 Joan'nis
2431 2802 2723 2874 Wegelini,
2773 2800 3097 2872 Augustani,
3133 2801 3229 2872 qui
3271 2802 3483 2872 primus
3519 2818 3551 2857 e

1966 2913 2071 2953 ms.
2098 2896 2287 2952 codice
2316 2894 2666 2950 bibliothecae
2696 2894 2885 2964 patriae
2916 2893 3091 2948 edidit
3115 2902 3171 2948 et
3199 2892 3253 2947 in
3281 2894 3457 2964 capita
3485 2893 3554 2949 l8

1967 2991 2189 3056 divisit,
2232 2994 2489 3061 Augusta:
2536 2988 2754 3044 Vindel.
2806 2987 2944 3043 1604
2997 2986 3097 3060 (c),
3140 2987 3197 3043 in
3245 2987 3309 3052 8,
3351 2986 3555 3042 additis

1959 3085 2131 3141 etiam
2168 3084 2334 3147 notis,
2365 3081 2462 3137 sed
2492 3097 2614 3152 qtue
2643 3080 2711 3135 ab
2742 3080 2989 3136 Auberto
3025 3087 3155 3135 sunt
3196 3081 3429 3134 omissae.
3468 3079 3555 3134 ln-

288 3157 542 3220 LXXVII,
568 3173 623 3212 ιι.
648 3157 702 3222 9,
724 3157 1086 3229 fragmentum
1113 3158 1229 3213 sive
1256 3174 1382 3229 pars
1408 3159 1668 3215 continua
1696 3160 1823 3215 libri
1846 3177 1864 3215 ι

1975 3177 2147 3247 cipit:
2196 3173 2414 3245 Ἐπειδὴ
2482 3172 2787 3245 πρώτιστον
2837 3173 2973 3244 ἡμῖν
3021 3173 3135 3234 τοῖς
3182 3169 3548 3242 Χριστιανοῖς.

287 3256 470 3303 contra
514 3248 815 3305 Iulianum.
872 3250 935 3305 V.
985 3250 1243 3306 Lambec.
1293 3266 1419 3306 cum
1466 3251 1692 3307 Kollarii
1738 3260 1867 3308 nota

290 3340 577 3397 Comment.
612 3341 716 3407 VI,
759 3350 902 3412 part.
946 3357 1016 3407 ιι,
1066 3358 1121 3413 p.
1169 3342 1277 3401 242
1317 3359 1458 3415 seq.,
1501 3360 1566 3399 ac
1604 3345 1712 3401 vol.
1752 3344 1864 3413 VII,

289 3444 406 3504 pag.
448 3432 576 3487 299.
1613 3469 1616 3473 ι

356 3523 627 3580 Monacliii
668 3523 725 3579 in
764 3524 887 3580 cod.
925 3523 990 3581 CI
1029 3524 1256 3582 elector.
1288 3525 1427 3581 bibl.
1466 3526 1657 3599 συνείίὶ
1684 3536 1868 3584 contra

287 3613 490 3670 Julian.
542 3625 678 3671 tom.
724 3617 789 3671 V.
846 3617 999 3673 Idem
1050 3626 1236 3672 contra
1282 3618 1865 3691 Anthropomorphitas.

288 3705 503 3762 Primus
541 3715 724 3763 tomus
748 3708 881 3763 libri
915 3724 955 3762 ιι
994 3718 1180 3763 contra
1209 3708 1442 3775 Iuliam,
1474 3709 1603 3766 item
1632 3718 1766 3765 tom.
1801 3710 1866 3777 ll,

290 3796 375 3861 III,
408 3798 498 3863 IV,
518 3800 595 3865 ιη,
625 3799 871 3871 ejusdem
896 3792 1028 3856 libri
1055 3799 1305 3856 secundi.
1340 3800 1405 3854 ν.
1440 3799 1559 3857 Cat.
1591 3800 1738 3855 codd.
1772 3800 1864 3858 Gr.

289 3887 506 3953 Busan,
536 3907 594 3961 p.
624 3890 713 3945 58.

352 3980 412 4035 In
445 3982 583 4036 bibl.
616 3981 784 4038 Marc.
813 3983 1007 4039 Venet.
1046 3982 1106 4038 in
1140 3982 1301 4040 codd.
1328 3982 1540 4049 CXXII,
1562 3982 1776 4039 CXXIII
1813 3992 1870 4040 et

286 4072 518 4139 CXXIV,
558 4083 747 4130 contra
789 4074 994 4146 Julian.
1024 4075 1158 4131 libri
1195 4091 1252 4143 ι,
1283 4091 1394 4132 sec.
1430 4085 1538 4132 cat.
1574 4075 1736 4132 codd.
1769 4076 1865 4132 Gr.

289 4163 474 4229 Mare,
499 4181 555 4235 p.
585 4166 653 4221 70
684 4175 742 4222 et
767 4167 855 4221 71.

355 4254 414 4309 In
455 4255 593 4311 bibl.
640 4256 904 4313 Escorial.
944 4255 1271 4314 Acclamatio
1307 4259 1378 4314 ad
1415 4258 1776 4327 Theodosium,
1813 4268 1870 4316 et

289 4361 352 4401 ex
383 4347 854 4404 confutationibus
888 4348 1155 4405 adversus
1187 4349 1465 4406 Julianum
1501 4351 1775 4407 sectiones
1802 4352 1870 4408 10

289 4435 413 4491 libri
445 4453 503 4502 ιι,
533 4446 670 4493 teste
702 4439 899 4494 Pluero
926 4439 983 4494 in
1010 4439 1198 4495 Itiner.
1226 4457 1319 4511 per
1344 4440 1518 4511 Hisp.,
1549 4457 1605 4511 p.
1639 4441 1760 4496 164.

1967 3267 2086 3323 Jam
2132 3281 2163 3321 a
2208 3266 2399 3323 multis
2453 3264 2823 3327 observatum,
2862 3262 3012 3315 hunc
3056 3259 3260 3313 librum
3305 3269 3554 3314 constare

1967 3352 2242 3422 excerptis
2269 3351 2496 3407 Joannis
2527 3349 2847 3404 Damasceni
2890 3364 2921 3402 e
2964 3347 3188 3419 Cyrillo.
3223 3346 3361 3402 Vide
3396 3347 3552 3402 Pela-

1969 3443 2118 3496 vium
2164 3441 2241 3495 De
2284 3439 2381 3496 SS.
2419 3440 2697 3503 Trinitate,
2739 3454 2794 3508 p.
2832 3439 2954 3493 472.
3000 3438 3266 3493 Similiter
3300 3450 3555 3511 excerpta

1969 3548 2001 3587 e
2044 3531 2233 3603 Cyrilli
2285 3530 2506 3600 scriptis
2558 3538 2723 3596 sunt,
2763 3547 2884 3602 quas
2918 3529 2986 3585 ab
3027 3531 3273 3587 Auberto
3326 3542 3555 3603 praster-

1970 3622 2170 3686 missa,
2218 3620 2576 3678 Hoeschelius
2629 3621 2782 3692 prior
2827 3621 3014 3678 Graece
3063 3622 3379 3693 vulgaverat
3428 3641 3554 3679 cum

1969 3712 2137 3768 variis
2162 3713 2382 3767 Patrum
2412 3711 2651 3767 homiliis
2681 3728 2805 3783 pag.
2840 3712 2942 3768 505
2969 3728 3108 3784 seq.,
3138 3713 3396 3785 Augusta:
3417 3714 3554 3772 Vin-

1969 3803 2077 3860 del.
2122 3804 2278 3870 l587,
2313 3804 2371 3861 in
2415 3803 2469 3869 8,
2503 3813 2667 3875 atque
2711 3788 2854 3860 idem
2893 3804 3212 3877 Wegelinus
3250 3822 3281 3861 e
3320 3821 3451 3862 mss.
3486 3807 3553 3861 ad

1969 3895 2175 3951 calcem
2213 3895 2344 3949 libri
2384 3911 2507 3950 cum
2546 3886 2801 3951 versione
2844 3888 2943 3950 sua
2986 3896 3288 3969 subjunxit,
3320 3913 3555 3968 quorum

1970 3985 2126 4042 initia
2159 3987 2428 4043 ascribam
2461 4005 2475 4040 :

2039 4077 2395 4146 Πιστεύομεν,
2427 4077 2523 4130 ἕνα
2556 4078 2690 4132 Θεὴν
2709 4074 2847 4133 εἶναι
2890 4079 3072 4150 πάσης
3101 4079 3290 4144 οὐσίας
3324 4081 3419 4135 καὶ
3453 4078 3555 4152 φύ-

1971 4188 2127 4234 σεως.
2155 4170 2216 4224 Ρ.
2245 4168 2385 4223 119.’
2415 4170 2587 4223 Παντὶ
2636 4169 2911 4242 ἀνθρώπῳ
2948 4171 3190 4241 ἔμφυτον
3236 4173 3385 4243 παρὰ
3418 4174 3554 4227 Θεοῦ

1968 4261 2265 4331 δεξαμένῳ.
2292 4260 2352 4314 Ρ.
2387 4259 2508 4313 121.
2555 4261 2620 4314 El
2658 4261 2883 4325 τέλειος,
2921 4263 3104 4330 φασὶν,
3142 4264 3339 4315 ἐστὶνό
3370 4266 3557 4335 Πατὴρ
3673 4278 3682 4286 ·

1969 4349 2028 4402 ἓν
2055 4351 2122 4420 τῇ
2165 4348 2273 4419 ίδίᾳ.
2316 4348 2718 4418 μεγαλειότητι.
2766 4350 2827 4403 Ρ.
2876 4350 3131 4404 125-140.
3172 4351 3320 4404 Idem
3363 4351 3555 4407 dicen-

1970 4440 2102 4495 dum
2145 4439 2216 4494 de
2267 4439 2443 4493 altero
2481 4438 2798 4504 volumine,
2848 4439 2996 4509 quod
3045 4439 3193 4495 idem
3239 4441 3559 4512 chelinus

356 4526 530 4580 Paris.
567 4526 624 4581 in
660 4527 795 4582 bibl.
824 4528 980 4599 pub].
1027 4529 1148 4584 cod.
1191 4528 1466 4594 MCCLXI,
1498 4529 1946 4616 Antirrbeticap
1973 4532 2110 4588 ibid.
2143 4531 2302 4605 1611,
2346 4531 2401 4586 in
2441 4531 2495 4597 8,
2526 4531 2713 4588 Graece
2760 4539 2817 4586 et
2862 4532 3055 4591 Latine
3089 4533 3264 4602 variis
3286 4550 3413 4589 cum
3456 4536 3558 4590 Da-

290 4616 405 4671 adr.
430 4617 731 4685 Iulianum,
756 4620 887 4675 libri
914 4621 1004 4676 Ill.
1032 4621 1199 4676 Hann.

356 4709 461 4779 κβ’.
511 4711 671 4766 Κατὰ
714 4712 1294 4785 Ἀνθρωπομορφιτῶν,
1330 4713 1529 4769 Contra
1576 4713 1873 4786 Anthropo—

292 4805 579 4873 morphitas
607 4803 757 4869 liber,
789 4804 1068 4875 praemissa
1089 4806 1318 4877 epistola
1340 4806 1407 4861 ad
1429 4806 1770 4879 Calosyrium
1798 4808 1870 4880 (li)

289 4893 604 4964 episcopum
633 4896 995 4963 Arsenoitem,
1015 4910 1177 4967 quem
1207 4898 1490 4968 ἀγαπητὸν
1513 4898 1607 4951 καὶ
1631 4897 1874 4952 ποθεινό-

289 4998 447 5035 τατον
473 4987 731 5054 appellat.
764 4987 824 5042 P.
857 4988 1111 5053 565-598,
1137 5002 1261 5044 cum
1286 4988 1543 5043 versione
1569 4988 1868 5044 Bonavent.

291 5076 559 5144 Vulcanii,
601 5081 696 5149 qui
748 5082 960 5152 primus
1004 5082 1191 5139 Graece
1229 5092 1291 5138 et
1321 5083 1513 5139 Latine
1560 5099 1686 5139 cum
1728 5084 1872 5139 notis

293 5168 433 5238 (quae
468 5178 524 5224 et
561 5171 695 5242 ipsae
731 5172 787 5227 in
815 5175 1043 5231 Auberti
1080 5176 1325 5231 editione
1364 5175 1434 5230 ad
1476 5176 1680 5231 calcem
1711 5176 1871 5230 volu-

360 5280 437 5415 (αξ
476 5281 626 5364 Obiit
653 5284 941 5369 6OAugusti
966 5289 1123 5347 1614.

360 5354 410 5415 (b
478 5353 612 5409 Vide
643 5355 958 5413 Tillemont.
979 5370 1111 5414 tom.

360 5353 433 5423 (bl
478 5353 958 5431 Vide_'l‘ille_ri_tont.
979 5370 1111 5414 tom.
1135 5357 1274 5422 XIV,
1295 5374 1350 5430 p.
1381 5356 1485 5413 665
1502 5366 1559 5415 et
1589 5357 1709 5414 669.
1733 5356 1865 5431 [Ou-

288 5420 429 5500 din.,
461 5433 593 5500 tprn.
616 5427 662 5488 Ι,
688 5443 745 5500 p.
774 5427 958 5500 1046]

364 5494 431 5562 (ι’)
471 5494 810 5560 Quibusdam
850 5494 1256 5568 exemplaribus
1292 5513 1468 5553 novus
1501 5499 1693 5554 titulus
1724 5515 1867 5567 pra:-

289 5561 435 5645 lixus
469 5580 593 5648 eum
629 5561 1091 5648 notationean'ni
1121 5569 1276 5648 1608,
1298 5568 1689 5648 adiunctaque
1728 5561 1866 5648 'G_re-

287 5634 427 5707 gorii
469 5634 863 5707 Thaumaturgi
906 5638 975 5695 de
1019 5638 1115 5693 SS.
1158 5634 1425 5694 Trinitate
1466 5634 1617 5693 brevi
1658 5639 1870 5695 confes-

288 5698 464 5779 sione.
501 5698 660 5779 Esau.
691 5740 760 5747 —
784 5698 971 5779 {litera
1014 5710 1185 5765 editio
1226 5709 1486 5779 inscripta
1514 5716 1599 5763 est
1629 5727 1641 5761 :
1674 5708 1738 5761 D.
1770 5708 1869 5778 Cy-

289 5772 402 5848 rilli
432 5808 483 5815 κο
526 5776 655 5833 liber
677 5779 738 5832 de
765 5778 859 5833 SS.
887 5778 1161 5841 Trinilatc,
1182 5772 1518 5848 rt-imprimis
1549 5780 1612 5832 de
1644 5772 1868 5848 ρει-δοιῖι]

289 5841 483 5899 Christi
516 5865 700 5916 cyma.
731 5866 791 5903 cx
826 5859 955 5905 m-sto
985 5850 1096 5904 cod.
1135 5853 1310 5920 (ἐι-θέρε
1332 5841 1652 5918 descriptus,
1680 5848 1868 5907 Latine

1973 4624 2235 4690 masceni,
2258 4624 2421 4679 Psell’i
2444 4633 2501 4679 et
2524 4623 2599 4695 (ά)
2627 4622 3002 4697 Cbaritonymi
3029 4624 3393 4699 Christonymi
3422 4628 3560 4682 iicr-

1973 4716 2216 4788 monymi
2262 4715 2527 4786 vulgavit,
2574 4716 2629 4770 in
2677 4732 2787 4786 quo
2829 4716 3094 4787 Excerpta
3140 4717 3329 4788 Cyrilli
3372 4728 3557 4772 contra

1972 4808 2337 4871 Nestorianos,
2365 4822 2434 4862 ex
2462 4808 2913 4878 interpretatione
2939 4808 2997 4863 S.
3020 4808 3285 4878 Symboli,
3316 4825 3383 4864 ex
3416 4809 3561 4867 The-

1974 4899 2174 4964 sauris,
2205 4914 2273 4954 ex
2311 4899 2455 4954 libro
2497 4915 2609 4971 quo
2646 4901 2862 4971 reginas
2900 4898 3216 4967 alloquitur,
3244 4907 3301 4953 et
3329 4914 3396 4954 ex
3435 4900 3559 4955 Dia-

1975 4991 2135 5062 logis,
2164 4991 2233 5046 ἐκ
2269 4992 2373 5047 τοῦ
2399 4996 2549 5048 κατὰ
2595 4993 2818 5047 πεῦσιν
2865 4991 2963 5045 καὶ
3001 4992 3324 5060 ἀπόκρισιν
3348 4992 3557 5063 λόγου,

1978 5099 2046 5140 ex
2089 5083 2382 5139 duodecim
2435 5084 2727 5154 capitulis,
2777 5085 2892 5138 sive
2942 5083 3446 5149 anathematismis,
3492 5101 3557 5139 ex

1977 5172 2225 5243 epistolis
2262 5172 2331 5228 ad
2372 5172 2629 5227 Acacium
2660 5180 2718 5226 et
2743 5171 2902 5227 Joan.
2938 5171 3362 5239 Antiochenum,
3396 5182 3453 5228 et
3491 5190 3559 5229 ex

1963 5302 2141 5340 versus
2168 5293 2241 5355 ,ει
2275 5283 2481 5339 scholiis
2524 5284 2720 5354 passim
2751 5283 3073 5351 declaratus,
3113 5301 3232 5338 cum
3265 5284 3457 5354 fragm.
3498 5284 3555 5339 S.

1968 5356 2229 5425 Gregorii,
2259 5355 2696 5427 Neoavsariensis
2736 5357 2984 5427 episcopi,
3021 5357 3087 5409 de
3113 5355 3392 5427 Trinitate,
3429 5356 3558 5427 trace

1971 5423 2122 5479 tentis
2167 5425 2391 5488 inedita,
2430 5430 2481 5477 et
2522 5423 2808 5480 corollario
2856 5423 3090 5489 metrico,
3132 5426 3391 5494 totiusque
3437 5424 3558 5479 libri

1971 5496 2177 5559 indice;
2210 5509 2326 5565 qua:
2365 5494 2541 5549 omnia
2569 5495 2690 5564 jam
2729 5499 2959 5567 primum
2992 5497 3101 5567 hac
3129 5494 3363 5567 editione,
3391 5512 3559 5567 acces-

1972 5564 2383 5637 seruntLopera
2427 5571 2482 5637 et
2504 5567 2703 5637 studio
2730 5564 3025 5637 'Wegelini,
3068 5564 3386 5637 Augustani.
3443 5564 3556 5621 Λιι-

1974 5642 2147 5706 gustae
2170 5633 2387 5706 Vindel.
2421 5634 2576 5706 1608,
2603 5635 2654 5689 8.
2687 5633 2852 5691 ΒΑΜ..

2049 5704 2133 5774 (ά).
2170 5704 2271 5759 llic
2310 5704 2581 5773 Spartiata
2614 5706 2835 5760 natione,
2882 5713 2939 5760 ct
2981 5704 3133 5759 Sixto
3178 5705 3243 5759 IV
3278 5701 3557 5774 familiaris

1974 5768 2115 5830 fuit.’
2148 5774 2280 5831 Vide
2328 5768 2566 5832 Leonem
2617 5776 2876 5833 Allatium
2923 5775 3001 5829 De
3048 5775 3301 5845 Ceorgiis,
3343 5789 3396 5842 p.
3432 5768 3555 5836 393,

1977 5845 2101 5901 591.
