3998 6304
433 201 507 258 ππ

1672 223 1952 281 NOTITIA
1993 227 2087 282 EX
2126 229 2206 283 ΡΑ
2215 230 2461 287 BBICIO.

3632 246 3705 296 ﬂe

434 325 492 371 et
522 315 591 372 de
616 319 738 391 ejus
761 321 993 391 epistola
1018 324 1085 380 ad
1126 325 1318 382 Marin.
1356 328 1415 384 in
1473 331 1642 388 Μεηεί
1691 336 1817 391 coll.
1877 344 2012 394 tom.
2045 345 2090 402 Α
2119 343 2223 396 reti
2248 342 2672 413 ohjectionibus,
2711 358 2776 399 ac
2808 343 3027 400 demum
3063 345 3252 418 Cyrilli
3287 348 3705 411 defensionibus

434 405 547 471 VII,
577 425 632 479 p.
661 410 766 465 345
793 427 900 483 sq.,
936 414 993 469 i-n
1019 432 1126 486 qua
1155 417 1339 474 minus
1386 422 1547 491 plene
1592 427 1887 496 exponitur
1924 430 2012 485 hi-

431 499 603 552 storia
626 501 929 559 turbarum.
955 506 1120 561 Plura
1144 507 1211 563 de
1228 510 1350 579 ejus
1370 511 1498 566 fatis
1522 525 1709 571 narrat
1729 514 2012 574 Asseman.

433 585 491 640 in
518 587 655 643 Bibl.
685 589 888 647 Orient.
931 602 1062 649 tom.
1089 597 1131 659 I,
1154 613 1208 667 p.
1236 599 1337 654 199
1372 616 1493 673 sqq.
1528 602 1695 659 ΙΙΑιυ..

502 687 593 750 ιη’.
632 681 1050 757 Ἀπολογηῖικὸς
1098 689 1238 762 ὑπὲρ
1278 691 1386 744 τῶν
1440 694 1644 749 δώδεκα
1702 699 2015 767 κεφαλαίων

430 768 569 838 πρὸς
609 772 734 836 τοὺς
758 774 860 844 τῆς
917 778 1203 851 Ἀνατολῆς
1240 783 1591 852 ἐπισκόπους,
1625 789 2014 861 Apologeticus

428 874 528 928 pro
584 861 681 917 XII
730 867 983 935 capitulis
1037 871 1301 929 adversus
1361 878 1654 935 orientales
1702 883 2009 955 episc0pos,

428 965 664 1019 quorum
692 957 914 1013 nomine
942 958 1187 1018 Andreas
1235 965 1622 1028 Samosatenus
1671 974 2011 1046 obiectiones

380 1102 385 1111 ι
426 1042 721 1111 scripserat
747 1063 799 1117 p.
838 1050 1124 1109 157-200.
1181 1056 1238 1111 In
1279 1058 1489 1117 Latinis
1529 1042 1868 1122 editionibus
1908 1085 2006 1124 ex-

426 1141 534 1187 stat
561 1135 867 1211 Wolfgangi
897 1143 1127 1200 Musculi
1160 1149 1557 1221 interpretatio,
1596 1158 1798 1214 additis
1837 1162 2004 1218 etiam

423 1222 548 1278 aliis
578 1229 860 1285 nonnullis
887 1247 956 1287 ex
984 1233 1138 1291 Actis
1176 1242 1394 1296 concilii
1445 1244 1729 1314 Ephesini.
1775 1249 1846 1304 At
1889 1252 2003 1306 Au-

424 1307 617 1369 bertus
652 1316 847 1386 edidit,
882 1323 960 1377 uti
990 1323 1176 1381 Graece
1197 1337 1253 1383 et
1286 1307 1720 1406 Latine-legitur
1759 1339 1816 1394 in
1852 1353 2006 1411 parte
2034 1391 2041 1397 .

423 1413 480 1452 Ill
530 1399 795 1460 Actorum
860 1412 1053 1480 synodi
1105 1415 1413 1485 Ephesium,
1484 1399 1613 1479 toni.
1660 1426 1681 1481 l
1733 1399 1898 1497 Binii,
1946 1448 2000 1503 p.

419 1485 525 1542 518
547 1489 646 1562 (α).
674 1494 868 1552 Exstat
887 1508 944 1554 et
972 1516 1097 1556 cum
1127 1504 1280 1559 Marii
1303 1508 1622 1569 Mercatoris
1647 1485 1899 1574 versione
1944 1485 2003 1577 in

296 1620 305 1627 .
416 1577 708 1661 Ifercatore
733 1586 1007 1659 Garnerii,
1042 1602 1177 1650 tom.
1211 1597 1278 1664 Il,
1310 1616 1430 1673 pag.
1465 1603 1586 1660 132.
1634 1606 1897 1679 Cyrillum
1942 1614 1999 1667 ἐν

415 1672 484 1741 τῇ
563 1674 700 1745 πρὸς
755 1679 1129 1750 Ἀνατολικοὺς
1177 1689 1434 1763 ἐπιστολῇ

415 1765 561 1833 apud
594 1768 855 1849 Photiunji
870 1775 991 1830 eod.
1017 1793 1227 1845 ccxxrx,
1247 1798 1301 1851 p.
1328 1784 1452 1851 422,
1476 1787 1600 1854 425,
1625 1790 1750 1845 451.

489 1855 574 1911 ιϐ’.
630 1859 771 1931 Πρὸς
799 1864 898 1935 τὴν
925 1869 1074 1938 παρὰ
1110 1870 1459 1946 Θεοδωρήτου
1488 1881 1625 1934 κατὰ
1657 1881 1765 1935 τῶν
1792 1884 2000 1942 δώδεκα

414 1946 724 2014 κεφαλαίων
757 1952 1098 2027 ἀντίρῤησιν,
1129 1958 1390 2018 Adversus
1418 1966 1868 2039 impugnationem
1893 1975 1997 2031 XII

412 2039 769 2107 capitulorum
818 2062 852 2098 a
901 2046 1207 2105 Theodorito
1289 2054 1507 2121 editam,
1571 2063 1848 2128 praemissa
1926 2068 1994 2123 ad

407 2124 702 2218 livoptium
760 2133 831 2205 (b)
883 2133 1071 2210 Cyrilli
1114 2146 1363 2216 epistola,
1413 2161 1471 2207 et
1531 2124 1857 2216 Theodoreti
1925 2163 1993 2218 ad

402 2216 672 2277 Joannem
696 2225 1137 2302 Antiochenam;
1164 2254 1268 2294 nec
1289 2258 1398 2297 non
1446 2228 1721 2316 ejusdem‘
1738 2252 1992 2310 Theodo-

406 2310 509 2416 reti
540 2312 841 2389 ἀνατροπῇ,
874 2320 988 2391 sive
1020 2332 1427 2399 oppugnatione
1450 2310 1668 2392 illorum
1699 2340 1793 2397 XII
1839 2347 1989 2416 capi-

406 2398 668 2469 tulorum,
695 2423 748 2477 p.
790 2410 1050 2468 200-240.
1080 2418 1140 2471 In
1183 2398 1396 2479 Latinis
1445 2426 1784 2487 editionibus
1815 2398 1992 2492 easint

400 2493 714 2583 eversione
746 2498 903 2555 Joan.
937 2503 1371 2581 OEcolampadii,
1398 2516 1502 2571 sub
1554 2520 1712 2576 titulo
1757 2523 1878 2580 libri
1920 2530 1990 2583 ad

365 2581 369 2585 “
403 2575 708 2652 Evoptium.
756 2587 893 2645 Cum
928 2592 1020 2648 illa
1066 2600 1315 2658 versione
1350 2607 1588 2675 primum
1628 2611 1807 2670 lucem
1850 2619 1989 2675 vidit

401 2667 459 2722 in
485 2671 730 2730 Antidota
767 2681 1012 2740 adversus
1043 2689 1284 2760 Izwreses,
1324 2667 1488 2754 Iiasil.
1524 2667 1825 2769 {528,l'ol.

398 2761 676 2821 Aubertus
716 2775 956 2838 praetulit
993 2781 1322 2852 versionem,
1359 2805 1593 2859 quacum
1640 2800 1881 2855 occurrit
1927 2804 1984 2859 in

399 2861 554 2920 parte
579 2873 610 2911 ν
629 2858 892 2919 Actorum
914 2872 1135 2926 concilii
1159 2858 1443 2946 Ephesini,
1470 2891 1601 2941 tom.
1633 2889 1655 2943 Ι
1683 2889 1826 2946 Binii
1855 2909 1978 2967 pag.

396 2943 522 2999 5H.
551 2947 775 3020 Legitur
805 2965 857 3010 et
897 2974 1021 3014 cum
1073 2943 1227 3021 Marii

395 3034 687 3096 Mercatore
728 3044 974 3105 Garnerii
1020 3062 1150 3113 tom.
1198 3058 1240 3124 Ι,
1296 3077 1352 3131 p.
1395 3064 1516 3120 178.
1554 3069 1817 3128 Memorat
1874 3075 1979 3133 hoc

394 3130 660 3201 scriptum
683 3153 842 3211 suum
866 3139 1101 3214 Cyrillus
1130 3149 1244 3219 ipse
1273 3130 1431 3223 epist.
1463 3159 1529 3212 ad
1572 3161 1881 3236 Eulogium,
1921 3130 1974 3241 pi

396 3221 520 3320 154,
562 3232 617 3280 et
650 3230 833 3298 priore
856 3235 923 3289 ad
958 3221 1324 3310 Succensum,
1341 3264 1462 3320 pag.
1513 3252 1633 3306 MO.
1674 3221 1749 3312 De
1797 3221 1976 3315 Theo;

390 3310 569 3369 doreti
596 3331 799 3392 contra.
813 3324 1077 3397 Cyrillum
1102 3310 1453 3396 contentione
1482 3342 1752 3403 videndus
1795 3349 1977 3406 Leon-

394 3402 504 3459 tius
528 3406 606 3461 De
631 3414 803 3480 sectis,
834 3433 890 3487 p.
916 3420 1019 3475 454
1038 3437 1153 3495 seq.
1193 3426 1352 3483 FABB.
1706 3500 1717 3511 ι

464 3495 717 3556 Defensio
743 3507 1108 3576 capitulorum
1136 3514 1232 3570 XII
1257 3533 1485 3576 suorum
1508 3500 1772 3589 adversus
1793 3530 1975 3587 Theo-

389 3584 865 3687 duretum,?aris.
919 3601 975 3654 in
1021 3605 1143 3658 cod.
1203 3584 1755 3679 ncccxxxvu,'n.
1816 3584 1978 3687 4,}.

388 3675 513 3775 cod.
544 3678 980 3761 DCCCLXXXII,
1011 3691 1064 3745 in
1097 3711 1209 3764 quo
1256 3708 1384 3754 sunt
1430 3675 1637 3775 Cyrilli:
1671 3708 1739 3761 ad
1778 3675 1975 3768 Νοὲιὸξ

389 3765 535 3823 rium
587 3772 832 3841 epistolae
876 3789 932 3834 et
977 3765 1556 3848 anathematismorum
1603 3798 1782 3868 capita
1837 3801 1969 3871 XII;

388 3855 720 3916 Theodoreti
745 3866 974 3936 epistola
1002 3873 1068 3927 ad
1092 3874 1374 3947 Cyrillum,
1400 3897 1508 3953 qua
1547 3855 1785 3956 primum
1828 3855 1975 3950 illius

382 3962 549 4018 caput
572 3955 922 4029 confutatur;
964 3963 1155 4037 Cyrilli
1188 3971 1350 4040 epist.
1396 3975 1464 4029 ad
1503 3955 1818 4049 Ev0ptium,
1865 4001 1973 4056 qua

382 4041 621 4135 primum
652 4061 817 4117 caput
842 4052 1191 4127 defenditur;
1237 4062 1462 4122 alternae
1496 4070 1849 4141 reliquorum.
1877 4092 1970 4133 ca-

379 4123 553 4194 pitum
566 4130 650 4185 ref
650 4134 982 4195 utationeset
993 4123 1353 4215 defensiones;
1369 4150 1553 4222 Cyrilli
1567 4123 1787 4215 lim—uilia
1803 4160 1876 4215 De
1891 4164 1973 4217 iu-

377 4222 686 4277 earnatione
702 4225 798 4281 Dei
821 4228 965 4285 Verbi
977 4249 997 4298 ;
1014 4234 1259 4305 ejusdem
1285 4238 1755 4305 Commonitorium
1771 4251 1840 4306 ad
1856 4254 1969 4309 Eu-

371 4306 580 4380 logium
597 4318 1009 4385 apocrisiarium
1025 4342 1038 4392 ;
1057 4338 1312 4399 excerpta
1328 4347 1358 4387 e
1374 4334 1598 4392 scholiis
1614 4338 1690 4394 De
1707 4343 1960 4401 incarna-

366 4403 513 4456 tione
536 4405 798 4478 Unigeuiti
810 4430 829 4478 ;
846 4415 1101 4488 etCyriIli
1121 4423 1367 4492 epistola:
1383 4427 1503 4482 dum
1516 4430 1585 4484 ad
1605 4430 1958 4491 Succensum.

442 4495 806 4556 Florentiaein
837 4504 970 4560 bibl.
994 4508 1253 4569 Laurent.
1288 4517 1410 4572 cod.
1448 4519 1638 4585 Xll,n.
1658 4523 1712 4587 6,
1737 4526 1872 4594 plut.
1903 4528 1956 4593 6,

363 4581 557 4655 Cyrilli
588 4591 1034 4652 anathematismi
1089 4601 1208 4668 xu,
1260 4606 1334 4662 ita
1391 4581 1615 4679 quidem
1660 4581 1855 4686 digesti
1897 4581 1959 4674 ιᾉὲ

362 4691 560 4732 eorum
587 4682 823 4751 quilibet
851 4688 1152 4760 subjectam
1183 4695 1383 4754 habeat
1406 4699 1594 4773 Cyrilli
1619 4682 1957 4778 explanatio-

363 4780 512 4833 nem,
544 4769 874 4835 Theodoreti
916 4785 1392 4855 reprehensiones,
1432 4808 1497 4848 ac
1538 4811 1729 4854 rursus
1757 4798 1946 4873 Cyrilli

360 4859 760 4941 defensionem,
780 4871 897 4929 sive
913 4890 1268 4946 responsum:
1297 4882 1544 4939 ordinem
1567 4903 1632 4942 ae
1656 4890 1948 4950 diversita-

361 4958 475 5004 tem
510 4953 809 5015 lectionum
832 4969 1194 5032 quarumdam
1222 4972 1292 5026 ab
1321 4975 1490 5033 editis
1538 4981 1762 5039 uberius
1808 4986 1953 5043 indi-

355 5048 450 5095 cat
473 5042 702 5101 Bandin.
758 5050 814 5105 in
850 5053 968 5110 Cat.
996 5060 1144 5116 codd.
1173 5062 1266 5119 Gr.
1296 5065 1461 5124 Laur.
1493 5070 1534 5135 ι,
1566 5088 1688 5144 pag.
1717 5076 1820 5131 118
1863 5095 1945 5151 sq.

359 5133 581 5189 -—lbid.
612 5136 812 5233 incod.
839 5142 978 5213 XXI,
1009 5165 1065 5204 n.
1107 5150 1160 5217 8,
1196 5155 1335 5224 plut.
1375 5159 1430 5220 4.
1481 5133 1668 5233 οέὲίιῆ
1715 5133 1947 5224 αηειιέὲἐ

357 5225 598 5282 matismi
631 5227 748 5297 XII,
783 5248 909 5288 eum
946 5252 1135 5296 eorum
1171 5225 1668 5320 explanationibus,
1696 5255 1949 5313 Theodo-

412 5342 511 5468 ὁοέ
541 5345 601 5401 In
633 5350 756 5405 cod.
787 5352 979 5411 Bavar.
1009 5358 1144 5440 LIII,
1172 5363 1250 5445 _in
1284 5365 1407 5421 eod.
1460 5367 1607 5423 Flor.
1669 5371 1934 5460 Laurent.

360 5409 406 5465 Χ
459 5413 521 5468 Ι.
555 5433 612 5468 n.
643 5419 731 5468 20-
766 5423 902 5468 nluL
932 5428 963 5468 7
1022 5434 1368 5468 Inani-nlullan-
1435 5438 1679 5468 ΛΑΜ-η..-
1727 5460 1804 5468 -.η
1854 5464 1930 5468 ____

361 5413 521 5479 XVII,
555 5433 612 5471 n.
643 5419 731 5485 20,
765 5423 903 5491 plut.
932 5428 984 5493 7,
1022 5413 1934 5516 inscribitur;

573 5494 1234 5585 {felle-liaberenNeslorii
1282 5505 1515 5585 placita;
1541 5510 1627 5585 __in
1670 5516 1933 5585 _marginc

352 5555 845 5682 jggnmxilream,
874 5582 930 5622 η.
970 5555 1511 5634 εαωοεειὶὸιῇιίἶιίᾫί

1483 1694 1668 1752 laudat
1740 1701 2001 1772 Ephraim
2035 1683 2074 1738 Β

1269 2970 1588 3031 Mercatoris
1630 2981 1879 3038 versione
1922 2985 1977 3041 in
2006 3022 2047 3080 C

2122 449 2168 488 s.
2196 437 2506 505 responsis;
2540 436 2607 491 de
2632 452 2742 507 quo
2775 437 2899 492 cod.
2926 439 2990 495 V.
3021 439 3325 496 Bandiml.
3356 458 3430 509 c.,
3461 459 3515 515 p.
3571 446 3700 513 544,

2119 526 2214 595 qui
2245 535 2491 593 annotat,
2520 528 2887 599 objectionem
2935 531 3166 600 primam
3217 544 3427 605 septem
3480 538 3703 595 circiter

2116 632 2312 673 versus
2342 618 2501 674 initio
2535 620 2840 691 longiorem
2872 636 2992 678 esse
3017 623 3073 677 in
3097 624 3324 692 codice;
3353 625 3540 698 Cyrilli
3566 646 3702 687 vero

2115 711 2527 779 responsionem
2551 713 2820 768 decimam
2859 729 2981 769 esse
3012 715 3069 770 in
3101 715 3210 772 line
3239 718 3575 789 longiorem;
3599 736 3700 778 eum

2114 807 2288 856 trema
2329 818 2451 860 esse
2492 803 2680 875 Cyrilli
2718 805 3054 861 defensionis
3099 816 3292 863 contra
3334 809 3696 869 Orientalium

2112 892 2487 964 objectiones;
2530 897 2814 952 undecimi
2840 898 3081 968 denique
3112 914 3177 954 ac
3210 900 3523 957 duodecimi
3558 921 3693 961 ana-

2113 984 2448 1042 thematismi
2471 988 2811 1059 obiectiones
2837 1004 2901 1045 ac
2926 988 3278 1046 defensiones
3307 1007 3419 1047 non
3443 1009 3565 1050 esse
3599 1011 3696 1053 eas

2112 1092 2233 1146 quae
2258 1078 2516 1149 leguntur
2541 1080 2600 1134 in
2630 1081 2719 1137 ed.
2750 1081 2981 1136 Auberti
3015 1090 3124 1136 tom
3175 1082 3265 1148 Vl,
3313 1099 3370 1153 p.
3428 1085 3691 1153 256-240,

2110 1170 2207 1225 sed
2227 1188 2350 1241 quae
2372 1181 2586 1228 exstent
2613 1173 2670 1228 in
2697 1172 3052 1245 Apologetico
3075 1175 3340 1232 adversus
3363 1174 3691 1246 Orientales,

2107 1275 2162 1329 p.
2194 1261 2447 1318 l90-I98.

2177 1352 2513 1409 Vindobonaa
2543 1354 2600 1409 in
2624 1356 2748 1411 cod.
2788 1356 3046 1423 LXXVII,
3086 1359 3144 1413 in
3169 1375 3279 1430 quo
3316 1362 3506 1432 plures
3555 1375 3690 1422 sunt

2103 1442 2288 1515 Cyrilli
2332 1446 2673 1517 aliorumque
2716 1448 2982 1518 epistolae,
3022 1451 3092 1505 ad
3142 1451 3286 1507 hanc
3338 1455 3688 1523 potissimum

2102 1538 2529 1594 controversiam
2558 1539 2923 1609 pertinentes,
2957 1551 3015 1597 et
3042 1542 3233 1613 plures
3255 1546 3473 1601 concilii
3504 1548 3686 1617 Ephe-

2102 1624 2209 1678 sini
2232 1625 2524 1683 relationes
2553 1629 2619 1683 ad
2653 1629 3030 1699 imperatores,
3064 1640 3228 1702 atque
3273 1636 3517 1705 epistolae
3546 1639 3686 1693 alia-

2103 1730 2210 1785 que
2260 1719 2542 1787 opuscula.
2589 1720 2815 1791 Legitur
2866 1738 2925 1776 n.
2973 1722 3042 1778 48
3085 1724 3276 1796 Cyrilli
3320 1729 3553 1798 epistola
3615 1731 3681 1785 ad

2098 1807 2395 1879 Ev0ptium
2442 1821 2634 1868 contra
2686 1814 3021 1872 Theodoreti
3071 1817 3537 1890 impugnationem
3588 1822 3684 1877 XII

2097 1900 2706 1971 anathematismorum,
2741 1921 2806 1961 ac
2842 1922 2900 1960 n.
2925 1907 3014 1973 49,
3048 1906 3237 1979 Cyrilli
3268 1908 3363 1964 XII
3386 1910 3679 1969 Anathem.

2097 2002 2289 2048 contra
2312 1994 2650 2063 Nestorium,
2680 1989 2984 2070 eorumque
3009 2003 3320 2072 explanatio
3342 2020 3525 2061 coram
3550 2023 3684 2064 con-

2095 2083 2223 2139 cilio
2256 2085 2556 2155 Ephesino,
2589 2096 2654 2144 ut
2683 2098 2739 2145 et
2759 2092 3078 2146 eorumdem
3123 2093 3369 2150 defensio
3416 2097 3681 2156 adversus

2095 2174 2426 2233 Theodoreti
2449 2181 2925 2250 reprehensiones.
2962 2183 3025 2238 V.
3058 2183 3338 2240 Lambecii
3384 2186 3675 2245 Comment.

2090 2263 2182 2329 lll,
2205 2265 2309 2319 col.
2342 2266 2449 2321 592
2477 2283 2586 2338 sq.,
2623 2270 2717 2324 ubi
2743 2286 2875 2326 vero
2905 2271 3105 2326 Kollar.
3144 2275 3531 2333 animadvertit
3550 2295 3677 2336 esse

2089 2352 2397 2424 apologiam
2434 2373 2537 2427 pro
2563 2357 2659 2413 XII
2685 2358 3174 2417 Anathematismis
3198 2363 3466 2422 adversus
3490 2368 3674 2425 Theo-

2089 2442 2654 2512 doretum,'eitamen
2686 2451 2926 2508 immista
2958 2470 3081 2511 esse
3128 2460 3394 2517 nonnulla
3438 2470 3549 2518 tam
3604 2482 3676 2522 ex

2087 2535 2410 2591 eorumdem
2432 2540 2840 2609 explanatione,
2871 2559 3036 2614 quam
3070 2546 3236 2603 etiam
3282 2566 3352 2606 ex
3399 2555 3671 2627 apologia,

2086 2623 2351 2682 adversus
2377 2627 2684 2688 Orientales
2706 2634 3026 2708 desumpta;
3057 2649 3114 2694 et
3128 2640 3290 2713 digna
3304 2623 3674 2704 haec-omnino

2086 2731 2209 2773 esse
2245 2734 2369 2788 quas
2422 2736 2548 2777 cum
2593 2724 2728 2779 edit.
2774 2727 3006 2784 Auberti
3057 2738 3188 2786 tom.
3235 2733 3323 2799 VI,
3379 2752 3502 2808 pag.
3542 2738 3669 2804 205,

2083 2808 2459 2878 conferantur,
2494 2815 2697 2886 quippe
2719 2833 2845 2873 cum
2877 2822 2964 2876 vel
2995 2822 3186 2893 prima
3212 2825 3543 2885 Theodoreti
3565 2848 3667 2887 an-

2085 2899 2382 2959 tirrheseos
2416 2905 2637 2962 initium
2662 2904 2734 2964 ex’
2752 2912 2921 2968 hocce
2944 2915 3068 2969 cod.
3090 2916 3355 2990 integrius
3382 2921 3498 2976 dari
3536 2939 3668 2994 pos-

2084 2989 2174 3044 sit.
2203 2991 2266 3046 In
2292 2993 2415 3048 cod.
2439 2993 2621 3063 CLXI,
2649 3015 2706 3052 η.
2750 3000 2803 3066 5,
2844 2989 3354 3064 Anathematismus
3397 3011 3490 3075 1x,
3536 2989 3665 3068 eum

2072 3080 2377 3152 antirrhesi
2410 3085 2742 3145 Theodoreti
2775 3100 2832 3146 et
2854 3094 3105 3166 apologia
3130 3097 3353 3169 Cyrilli:
3387 3103 3569 3173 agitur
3588 3104 3665 3161 de

2078 3175 2430 3240 processione
2483 3178 2722 3249 Spiritus
2765 3185 2963 3239 sancti.
3017 3187 3082 3243 V.
3148 3191 3406 3248 Lambec.
3472 3195 3559 3261 IV,
3605 3212 3662 3269 p.

2077 3263 2201 3320 559.
2249 3267 2414 3322 "ARL.

2148 3366 2216 3414 κ’.
2257 3362 2698 3435 Ἀπολογητικός,
2741 3365 3126 3441 Apologeticus
3153 3373 3220 3429 ad
3251 3374 3383 3446 imp.
3412 3377 3660 3435 Theodo-

2077 3453 2241 3508 sium.
2279 3455 2407 3526 Pag.
2445 3456 2701 3513 241—252.
2736 3460 2935 3532 Incipit
2968 3481 2981 3517 :
3021 3466 3088 3518 'H
3114 3466 3212 3537 μὲν
3248 3467 3367 3523 θεία
3397 3471 3491 3524 καὶ
3520 3473 3660 3543 ἀκή-

2078 3559 2259 3613 ρατος.
2315 3545 2376 3599 In
2426 3546 2642 3604 Latinis
2690 3550 3032 3610 editionibus
3080 3556 3282 3627 legitur
3334 3575 3366 3615 e
3402 3561 3662 3618 versione

2075 3631 2380 3706 Wolfgangi
2421 3636 2671 3695 Musculi.
2730 3640 2838 3697 Sed
2879 3642 3158 3702 Aubertus
3210 3652 3453 3719 prmtulit
3510 3653 3660 3709 illam

2075 3737 2309 3791 quacum
2338 3735 2517 3783 exstat
2549 3729 2603 3783 in
2629 3740 2782 3801 parte
2812 3750 2869 3788 Ill
2902 3734 3165 3809 Actorum
3208 3741 3430 3796 concilii
3472 3744 3660 3815 Ephe-

2076 3812 2203 3879 sini,
2240 3830 2296 3884 p.
2338 3815 2464 3871 397.
2497 3819 2631 3874 Vide
2660 3822 2729 3877 de
2765 3823 2870 3878 hoc
2905 3826 3278 3897 Apologetico,
3310 3841 3434 3899 post
3467 3812 3657 3891 conci-

2074 3902 2209 3958 lium
2244 3906 2582 3976 Ephesinum
2611 3912 2837 3981 scripto,
2880 3913 3290 3972 Tillemontium
3340 3927 3472 3977 tom.
3512 3923 3652 3992 XIV,

2073 4010 2128 4064 p.
2155 3997 2280 4051 501.
2316 3999 2475 4054 FABR.
2506 4032 2576 4041 —
2603 4002 2664 4057 In
2700 4003 2869 4059 Mansi
2901 4003 3119 4061 Collect.
3157 4009 3394 4078 ampliss.
3439 4017 3650 4083 concil.,

2072 4085 2137 4149 V,
2172 4102 2226 4155 p.
2266 4086 2372 4141 243
2414 4103 2533 4159 sqq.
2559 4131 2573 4153 ,
2612 4092 2739 4147 257.
2772 4123 2843 4132 —-—
2886 4094 2944 4148 In
2995 4095 3132 4150 bibl.
3173 4098 3379 4156 Bodlei.
3428 4103 3485 4159 in
3525 4109 3653 4164 cod.

2071 4175 2263 4242 Laudi,
2296 4194 2352 4231 n.
2392 4179 2524 4235 1271
2559 4181 2757 4250 Catal.,
2785 4182 2974 4256 Cyrilli
3011 4191 3420 4262 quatripartitus
3463 4199 3651 4268 apolo-

2069 4271 2286 4340 geticus.
2320 4272 2486 4329 Hann.

1995 4358 2036 4411 D
2138 4359 2222 4433 [V.
2272 4364 2486 4421 Fabric.
2528 4367 2607 4423 De
2649 4372 2927 4443 scriptorr.
2972 4375 3036 4430 de
3080 4378 3228 4432 verit.
3276 4378 3375 4433 rel.
3426 4379 3645 4451 Christ,

2060 4467 2181 4523 cap.
2210 4454 2264 4520 2,
2293 4455 2320 4527 §
2349 4457 2439 4523 26,
2463 4474 2518 4529 p.
2547 4460 2636 4516 99.
2678 4462 2883 4537 [leum]

2125 4551 2232 4598 κω.
2265 4547 2433 4620 ’Υπὲρ
2452 4550 2550 4620 τῆς
2570 4552 2677 4605 τῶν
2696 4556 3039 4626 Χριστιανῶν
3061 4562 3295 4632 εὐᾳγοῦς
3317 4565 3637 4636 θρησκείας,

2057 4634 2194 4702 πρὸς
2222 4635 2292 4688 τὰ
2316 4636 2408 4690 τοῦ
2441 4639 2499 4690 ὲν
2531 4639 2711 4704 ἀθέοις
2756 4644 3070 4706 Ἰουλιανοῦ.
3113 4650 3223 4707 Pro
3265 4634 3452 4711 sancta
3492 4656 3645 4713 Citri-

2049 4725 2348 4780 stianorum
2402 4729 2680 4801 religione,
2724 4736 2974 4811 adversus
3022 4740 3180 4799 libros
3221 4747 3370 4817 impii
3410 4748 3638 4816 Iuliani,

2055 4812 2174 4869 libri
2211 4814 2275 4881 Χ,
2313 4818 2459 4874 circa
2491 4820 2555 4875 A.
2596 4821 2657 4878 c.
2690 4825 2795 4879 455
2834 4826 2901 4898 (ε)
2932 4830 3121 4902 scripti
3153 4834 3221 4888 ad
3264 4812 3638 4894 Theodosium

2054 4902 2360 4961 Juniorem.
2415 4909 2543 4981 Pag.
2590 4913 2779 4970 1-556.
2828 4916 3075 4990 [Diversa
3125 4933 3209 4980 est
3258 4925 3314 4980 in
3364 4930 3638 4987 sententia

2053 4990 2129 5045 La
2161 4992 2353 5060 Croze,
2390 4998 2527 5053 Hist.
2567 5000 2760 5060 Christ.
2800 5007 2946 5074 Ind.,
2985 4997 3083 5067 lib.
3131 5029 3169 5079 ι,
3205 5030 3259 5086 p.
3304 5016 3389 5071 16.
3432 5016 3633 5092 linum]

2051 5082 2168 5137 lloc
2211 5088 2534 5154 praeclarum
2588 5102 2754 5164 atque
2801 5099 3082 5156 eruditum
3132 5082 3270 5176 opus
3319 5105 3374 5159 in
3421 5082 3634 5164 Latinis

2047 5173 2385 5233 editionibus
2403 5192 2581 5238 exstat
2604 5200 2635 5240 e
2666 5189 2917 5245 versione
2946 5173 3628 5271 JoannisOEcolampadii,

2049 5278 2172 5335 qua:
2219 5268 2459 5337 primum
2495 5274 2635 5330 vidit
2674 5277 2854 5335 lucem
2901 5279 3079 5354 [l528.
3115 5285 3181 5342 V.
3208 5302 3371 5359 supra
3402 5268 3474 5345 ad
3499 5290 3526 5363 §
3554 5290 3628 5347 III

2112 5380 2185 5476 £12)
2201 5383 2595 5476 IIft‘olernaidis,
2615 5391 2975 5476 Pentapoleos
2996 5398 3254 5470 regionis,
3281 5402 3621 5476 episcopum.

2041 5451 2178 5522 Vide
2201 5453 2541 5522 Liberatum,
2575 5451 2623 5515 c.
2666 5462 2720 5516 9.

2113 5500 2184 5627 ξοδ
2201 5500 2720 5627 ῑήἷᾱῖῗῖἥέηἶρηἷῖ
2936 5535 3074 5622 x1v_,
3102 5554 3179 5627 Δρ.
3203 5541 3299 5597 671
3338 5541 3535 5627 [Fabri
3567 5546 3622 5627 in

2039 5590 2257 5681 Q'electu
2316 5613 2527 5667 argum.
2581 5609 2633 5654 et
2674 5590 3619 5681 γεραιέρο-9ξνὴρῷὶνᾷιιξ-ἷὲίθίεαιί

2040 5661 2302 5719 Christ...
2341 5661 2700 5737 asseruntur,
2724 5661 2781 5729 ἴ).
2809 5674 3032 5733 99-106.
3048 5661 3265 5740 iam
