3998 6304
274 393 341 451 85
1505 393 1788 451 NOTITIA
1827 393 1921 451 EX
1958 392 2310 451 FABRICIOJ
3472 389 3547 453 66

272 509 486 584 ιιιιιιοι.]
518 508 712 568 Colon.
756 508 913 565 1546.
957 508 1187 565 Librum
1235 507 1476 579 primum
1510 509 1697 566 Grmee
1737 512 1853 581 pri-

1971 510 2121 567 ninis
2149 504 2428 581 leguntur)
2451 505 2768 577 vulgaverat
2797 502 2972 576 Lugd.
3008 504 3193 583 Batav.
3223 505 3380 573 1605,
3407 508 3463 563 in
3486 510 3543 565 ι.

276 618 396 658 mus
435 617 565 658 eum
611 616 751 657 nova
793 601 1021 656 meliore
1068 600 1322 655 versione
1368 615 1467 656 sua
1514 614 1567 655 a.
1609 601 1747 657 1619
1790 602 1859 657 ad

274 694 572 751 editionem
608 691 898 747 adornavit
931 689 1188 745 Nieolaus
1219 689 1549 755 Borbonius,
1580 690 1860 760 professor

273 798 327 843 et
374 786 649 856 interpres
690 785 875 856 regius
909 782 1007 855 (ιι),
1038 784 1095 837 in
1125 783 1283 854 cujus
1314 783 1595 853 opusculis
1628 791 1860 852 utraque

275 877 459 948 lingua
503 874 714 946 prodiit
748 873 923 929 Paris.
967 872 1126 938 1650,
1161 872 1319 935 1654,
1356 872 1444 926 12.
1479 872 1677 926 Totum
1721 886 1862 941 Opus

273 965 462 1021 Graece
498 973 551 1019 et
593 964 785 1019 Latine
813 963 1054 1033 primum
1096 962 1152 1016 in
1180 961 1411 1017 Auberti
1447 962 1691 1017 editione
1731 977 1865 1017 eon-

274 1055 528 1126 spieitur,
569 1055 714 1110 liber
756 1054 970 1124 primus
1013 1068 1082 1109 ex
1117 1053 1396 1118 Borbonii,
1427 1054 1612 1109 earteri
1648 1068 1716 1108 ex
1753 1053 1861 1107 Au-

277 1148 418 1202 berti
474 1148 946 1218 interpretatione.
1001 1146 1180 1217 Atque
1230 1140 1308 1201 ita
1365 1161 1623 1201 recusum
1676 1145 1862 1215 lingua

276 1251 510 1311 utraque
552 1248 637 1296 est
681 1239 749 1295 ad
779 1240 988 1295 calcem
1033 1237 1273 1310 Operam
1310 1238 1535 1303 Iuliani,
1560 1254 1627 1294 ex
1658 1238 1857 1293 Ezeeh.

277 1332 596 1403 Spanhemii
666 1323 1007 1388 recensione
1043 1333 1393 1403 vulgaturum
1449 1332 1648 1403 Lipsiae
1701 1330 1858 1397 1696,

277 1424 369 1479 fol.
413 1423 686 1480 Videntur
721 1424 887 1479 etiam
929 1424 987 1479 hi
1024 1423 1214 1497 Cyrilli
1265 1425 1393 1480 libri
1440 1424 1688 1480 translati
1730 1423 1861 1478 ferri

278 1515 531 1587 Syriaca;
570 1530 695 1570 nam
726 1516 1028 1572 laudantur
1063 1532 1094 1571 a
1122 1516 1269 1572 Mose
1305 1516 1582 1585 Bareepba
1621 1524 1773 1586 parte
1803 1529 1862 1569 ιιι

280 1603 354 1663 De
384 1608 659 1679 paradiso,
685 1622 808 1679 pag.
841 1607 1096 1664 425429.
1132 1608 1177 1664 Ε
1202 1608 1406 1663 Graecis
1438 1607 1610 1661 citant
1644 1606 1727 1662 ιο.
1760 1606 1866 1661 Da-

280 1710 566 1755 maseenus
609 1700 667 1755 in
716 1698 1043 1763 Parallelis,
1085 1708 1141 1756 et
1196 1708 1387 1755 eatena
1434 1697 1753 1755 Possiniana
1804 1697 1863 1752 in

284 1790 545 1855 marcum,
594 1806 717 1863 pag.
751 1791 877 1857 545,
919 1791 1108 1847 laudat
1153 1790 1419 1863 Cyrillum
1461 1792 1520 1844 ἐν
1564 1792 1679 1854 τοῖς
1726 1789 1863 1861 πρὸς

296 1879 577 1933 Ἰουλιανὸν
631 1862 907 1951 κέφαλαίῳ
948 1881 1018 1949 γ’.
1066 1862 1374 1937 Concilium
1410 1899 1481 1946 ιν,
1519 1881 1737 1937 actione
1775 1882 1859 1947 10,
1895 1862 1937 1921 Β

286 1980 410 2025 tom.
442 1962 514 2026 Ill
538 1971 702 2036 Binii,
743 1988 864 2043 pag.
889 1972 979 2038 95,
1013 1974 1071 2027 ὲν
1109 1973 1203 2026 τοῦ
1244 1974 1385 2028 κατὰ
1427 1973 1538 2027 τῶν
1576 1973 1863 2029 Ἰουλιανοῦ

285 2063 567 2135 δογμάτων
598 2064 806 2134 βιϐλίου
840 2066 1049 2135 τρίτου,
1074 2065 1183 2119 ἀπὸ
1212 2064 1373 2134 λόγου
1401 2065 1648 2120 δεκάτου.
1677 2065 1865 2120 Memi-

284 2153 363 2208 nit
384 2164 441 2210 et
473 2154 821 2225 Nieephorus
847 2172 957 2221 ιη,
989 2157 1076 2220 11,
1106 2164 1164 2212 et
1198 2165 1325 2213 ante
1357 2157 1460 2212 bos
1497 2156 1865 2213 Tbeodoritus

285 2245 437 2315 epist.
474 2245 563 2300 85.
605 2246 851 2301 Primum
881 2247 1043 2302 modo
1065 2248 1267 2303 Juliani
1294 2249 1497 2303 librum
1522 2248 1863 2305 confutatam

285 2351 313 2390 ι
330 2329 531 2407 Cyrillo
557 2337 782 2408 eonjicit
809 2338 948 2392 Lud.
978 2338 1147 2393 Ellies
1167 2339 1238 2392 du
1261 2339 1361 2393 Pin
1389 2347 1519 2393 tom.
1545 2340 1613 2394 ιν
1634 2339 1712 2393 De
1727 2340 1861 2392 scri-

283 2427 512 2497 ptoribus
552 2427 935 2494 ecclesiasticis,
968 2443 1090 2499 pag.
1134 2428 1203 2483 48
1238 2446 1252 2483 :
1289 2428 1340 2483 Il
1375 2429 1556 2500 paruit
1601 2429 1730 2500 qu’il
1773 2430 1861 2485 n’a

285 2520 449 2589 réfute’
478 2536 579 2591 que
602 2536 695 2574 son
726 2523 953 2591 premier
989 2520 1136 2584 livre,
1167 2520 1301 2575 dans
1332 2518 1501 2590 lequel
1533 2528 1609 2573 cet
1651 2528 1861 2590 apostat

284 2610 547 2681 attaquait
574 2626 637 2663 en
662 2609 881 2681 général
911 2609 964 2663 la
994 2608 1215 2679 religion
1242 2611 1556 2664 chrétienne.
1590 2608 1696 2665 Sed
1727 2610 1863 2666 falli-

286 2709 372 2754 tur
396 2700 563 2764 idem,
595 2701 816 2771 quando
841 2716 963 2771 pag.
990 2699 1057 2755 52
1074 2700 1246 2755 libros
1270 2700 1453 2771 Cyrilli
1477 2710 1665 2757 contra
1686 2703 1859 2758 Julia-

284 2808 411 2847 num
457 2808 488 2849 a
530 2794 651 2848 Nic.
700 2794 975 2849 Borbonio
1021 2801 1254 2863 utraque
1300 2793 1486 2863 lingua
1538 2808 1682 2848 anno
1724 2792 1862 2849 1650

283 2886 456 2940 editos
499 2885 713 2948 scribit,
753 2901 880 2940 nam
931 2885 1166 2955 primum
1217 2886 1595 2940 tantummodo
1636 2885 1858 2952 librum,

286 2986 345 3031 ut
372 2977 507 3041 dixi,
534 2978 813 3047 vulgatum
847 2976 917 3032 ab
941 2992 1009 3032 eo
1039 2985 1271 3031 constat.
1306 2976 1464 3031 Fann.

351 3068 690 3124 Vindobonze
730 3069 787 3122 in
826 3068 949 3123 eod.
979 3066 1227 3123 Caesareo
1266 3067 1409 3133 XIX,
1441 3084 1497 3122 ιι.
1540 3067 1628 3134 14,
1653 3076 1708 3123 et
1734 3067 1857 3123 eod.

1956 602 2230 661 Cotelerio
2278 601 2335 659 in
2383 599 2533 655 notis
2574 597 2643 653 ad
2689 595 3036 652 Monumenta
3069 597 3252 653 Greca
3286 606 3420 654 tom.
3454 600 3544 667 ill,

1957 710 2012 766 p.
2044 695 2168 760 557,
2193 702 2354 758 teste,
2379 692 2472 747 liie
2503 691 2647 749 liber
2677 688 3001 745 inscribitur
3017 688 3081 744 in
3105 690 3231 745 aliis
3261 693 3547 751 codicibus

1958 800 2114 850 mss.,
2139 782 2435 839 Solutiones
2464 782 2883 853 dogmaticarum
2903 781 3271 849 qumtionum,
3302 784 3548 854 preposi-

1962 885 2144 931 tarum
2189 892 2220 931 a
2264 875 2487 931 Tiberio
2516 874 2749 928 diacono
2782 879 2840 926 et
2886 870 3193 926 fratribus:
3242 872 3549 938 Ἐπιλύσεις

1958 966 2304 1037 δογματικῶν
2338 964 2668 1037 ζητημάτων
2716 961 3155 1034 ὲπιζητηθέντων
3202 964 3353 1036 παρὰ
3385 964 3545 1019 Τιϐε-

1962 1056 2077 1128 ρίου
2104 1055 2351 1109 διακόνου
2396 1056 2491 1107 καὶ
2527 1053 2628 1123 τῆς
2675 1051 3035 1124 ἀδελφότητος
3066 1058 3087 1081 ³
3121 1052 3207 1107 vel
3239 1052 3547 1118 Ἐπιλύσεις

1960 1149 2070 1201 τῶν
2165 1143 2634 1218 προσενεχθεισῶν
2727 1141 2974 1195 πεύσεων
3064 1142 3214 1215 παρὰ
3293 1144 3544 1218 Τιϐερίου

1962 1236 2206 1292 διακόνου
2256 1236 2349 1289 καὶ
2390 1234 2496 1288 τῶν
2531 1233 2809 1304 ἀδελφῶν;
2850 1232 2935 1288 vel
2979 1231 3224 1304 denique
3276 1236 3544 1307 Κυρίλλου

1963 1327 2101 1400 πρὸς
2134 1328 2406 1399 Τιϐέριον.
2442 1326 2601 1380 Ριιιιιι.
3104 1361 3108 1364 ι

2037 1418 2128 1476 Sic
2173 1419 2228 1474 in
2257 1418 2381 1474 cod.
2411 1417 2673 1472 Laurent.
2719 1413 2914 1471 Medic.
2951 1414 3069 1481 XII,
3105 1431 3162 1470 ιι.
3194 1415 3284 1482 52,
3314 1417 3454 1487 plut.
3488 1416 3544 1483 5,

1962 1513 2026 1568 ἐκ
2066 1513 2174 1566 τῶν
2221 1512 2524 1565 ὲπιλύσεων
2570 1510 2676 1562 τῶν
2724 1508 3066 1579 δογματικῶν
3111 1509 3546 1581 ὲεπιζητηθέντων

1963 1607 2089 1676 περὶ
2126 1604 2331 1677 (forsan
2365 1602 2536 1675 παρὰ)
2571 1601 2825 1673 Τιϐερίου
2871 1601 3139 1669 δ;ακόνου,
3172 1611 3277 1658 etc.
3312 1605 3374 1659 V.
3410 1604 3550 1659 Ban-

1963 1698 2078 1752 din.
2127 1695 2246 1751 Cat.
2297 1695 2448 1750 codd.
2497 1695 2589 1751 Gr.
2635 1694 2800 1749 Laur.
2834 1695 2876 1761 l,
2912 1711 2967 1765 p.
3002 1696 3070 1750 47
3114 1713 3195 1767 sq.
3224 1698 3379 1753 —ln
3421 1698 3545 1754 cod.

1961 1789 2126 1854 XVII,
2155 1805 2211 1843 ιι.
2240 1789 2330 1853 ⁸21,
2363 1789 2501 1859 plut,
2526 1789 2593 1843 ϐε
2628 1788 2903 1851 Ἐπίλυσις
2931 1788 3276 1859 δογματικῶν
3303 1791 3549 1864 ζτοτημά.

1964 1898 2072 1935 των
2112 1879 2481 1953 προτεθέντων
2523 1878 2601 1950 τῷ
2643 1880 2930 1949 ἁγιωτάτῳ
2964 1880 3237 1952 Κυρίλλῳ.
3270 1883 3461 1938 Diﬂ'crt
3493 1895 3550 1940 et

1964 1989 2197 2031 numero
2228 1982 2284 2029 et
2314 1973 2507 2029 ordine
2540 1964 2610 2026 ab
2642 1971 2829 2026 editis.
2872 1971 2933 2026 In
2974 1972 3163 2029 codice
3193 1975 3548 2045 praemittitur

1963 2066 2216 2139 epistola,
2253 2064 2520 2131 Ἀξίωσις,
2566 2073 2673 2120 etc.
2729 2062 3055 2135 Supplicatio
3106 2067 3303 2121 tradita
3347 2065 3404 2121 S.
3448 2066 3549 2139 Cy-

1965 2159 2103 2231 ryllo
2136 2188 2205 2197 —
2244 2176 2276 2212 a
2328 2156 2698 2227 fraternitate;
2746 2172 2909 2226 quam
2968 2157 3284 2227 epistolam,
3328 2159 3385 2212 in
3433 2159 3551 2214 edi-

1969 2254 2116 2308 tione
2165 2249 2535 2306 desideratam
2571 2248 2806 2303 Bandin.
2849 2248 2885 2303 Ι.
2928 2264 2978 2304 c.
3020 2265 3075 2320 p.
3121 2249 3224 2303 128
3263 2264 3345 2319 sq.
3410 2250 3550 2306 inte-

1964 2359 2112 2414 gram
2143 2341 2236 2397 Gr.
2261 2339 2455 2405 edidit,
2483 2348 2617 2393 tum.
2652 2355 2707 2393 ιι.
2740 2338 2810 2393 22
2836 2338 3086 2410 sequitur
3111 2339 3295 2411 Cyrilli
3318 2340 3546 2412 epistola

1963 2436 2031 2490 ad
2090 2432 2455 2505 Calosyrium,
2502 2431 2822 2501 episcopum
2876 2430 3240 2496 Arsenoitem,
3285 2432 3548 2488 adversus
3626 2479 3631 2485 .

1963 2542 2060 2580 eos
2109 2524 2204 2595 qui
2254 2524 2427 2578 Deum
2479 2522 3044 2592 antbropomorpbum
3095 2528 3358 2577 statuunt.
3404 2522 3545 2578 Add.

1962 2634 2127 2688 supra
2161 2617 2229 2671 ad
2260 2633 2317 2671 ιι.
2350 2616 2460 2672 Vll.
2498 2614 2664 2669 HARL.

2033 2711 2138 2779 κγ’.
2192 2710 2270 2764 De
2316 2707 2373 2763 S.
2420 2708 2677 2762 Triuitate
2737 2705 2887 2771 liber,
2939 2722 2992 2777 p.
3045 2705 3206 2773 1-35;
3255 2722 3379 2762 eum
3425 2724 3549 2762 ver-

1963 2805 2116 2860 sione
2157 2803 2385 2859 Joannis
2426 2800 2719 2872 Wegelini,
2768 2799 3093 2870 Augustani,
3128 2799 3224 2870 qui
3266 2799 3479 2869 primus
3514 2815 3547 2854 e

1963 2913 2066 2952 ms.
2094 2896 2283 2951 codice
2312 2893 2662 2949 bibliotheca:
2691 2892 2881 2963 patria:
2911 2891 3087 2946 edidit
3111 2899 3167 2945 et
3195 2889 3249 2944 in
3276 2892 3453 2961 capita
3481 2890 3550 2945 18

1963 2990 2185 3056 divisit,
2226 2992 2485 3060 Augustae
2532 2987 2750 3042 Vindel.
2803 2985 2940 3041 1604
2993 2984 3093 3058 (c),
3137 2984 3192 3040 in
3241 2984 3305 3050 8,
3347 2983 3550 3039 additis

1963 3084 2127 3139 etiam
2164 3083 2330 3147 notis,
2361 3080 2457 3136 sed
2488 3096 2610 3152 quae
2638 3079 2708 3134 ab
2737 3078 2985 3134 Auberto
3022 3086 3151 3134 sunt
3192 3078 3425 3132 omissae.
3463 3076 3550 3131 Ir.-

286 3159 538 3223 LXXVII,
565 3176 619 3213 ιι.
643 3158 698 3223 9,
720 3159 1082 3230 fragmentum
1109 3159 1225 3214 sive
1251 3174 1378 3230 pars
1404 3159 1664 3215 continua
1692 3160 1819 3215 libri
1842 3177 1860 3215 ι

1971 3176 2143 3246 cipit:
2192 3172 2411 3244 Ἐπειδὴ
2478 3171 2783 3244 πρώτιστον
2834 3172 2969 3242 ἡμῖν
3017 3172 3130 3232 τοῖς
3178 3167 3544 3239 Χριστιανοῖς.

286 3258 467 3305 contra
510 3249 810 3307 lulianum.
867 3252 931 3306 V.
982 3250 1239 3307 Lambee.
1288 3267 1414 3307 eum
1463 3251 1688 3307 Kollarii
1733 3261 1863 3308 nota

287 3342 573 3399 Comment.
608 3343 713 3408 Vl,
756 3351 898 3414 part.
942 3358 1013 3409 ιι,
1062 3358 1118 3414 p.
1166 3343 1272 3401 212
1313 3359 1454 3415 seq.,
1498 3359 1563 3400 ae
1601 3345 1709 3401 vol.
1747 3344 1860 3413 ΥΠ,

286 3450 403 3506 pag.
444 3434 572 3489 299.

353 3525 624 3581 Monacbii
666 3525 722 3581 in
761 3526 884 3581 eod.
921 3525 987 3583 Cl
1025 3526 1252 3583 eleetor.
1284 3526 1424 3582 bibl.
1463 3527 1652 3599 Cyrilli
1680 3537 1865 3583 contra

284 3615 487 3672 Julian.
539 3627 675 3673 tom.
722 3619 787 3673 ν.
844 3618 995 3674 Idem
1047 3627 1234 3674 contra
1279 3619 1862 3691 Anthropomorphitas.

286 3707 500 3764 Primus
538 3717 722 3764 tomus
746 3709 877 3765 libri
913 3726 952 3764 ιι
991 3718 1177 3764 contra
1206 3709 1438 3776 Iuliam,
1469 3710 1600 3766 item
1630 3719 1762 3765 tom.
1796 3710 1862 3777 ll,

288 3797 373 3863 ill,
407 3800 495 3866 IV,
516 3801 593 3865 υ,
622 3801 869 3871 ejusdem
896 3794 1025 3857 libri
1051 3800 1301 3857 secundi.
1337 3800 1403 3855 γ.
1437 3800 1556 3857 Cat.
1588 3800 1736 3855 codd.
1769 3800 1861 3859 Gr.

287 3890 504 3955 Batiam.
535 3908 591 3963 p.
621 3892 710 3947 58.

352 3982 410 4037 In
443 3983 582 4039 bibl.
614 3982 780 4040 Marc.
810 3984 1004 4040 Venet.
1043 3982 1104 4039 in
1136 3983 1298 4041 codd.
1325 3983 1537 4050 CXXII,
1559 3982 1774 4039 CXXIII
1810 3992 1868 4040 et

283 4074 515 4141 CXXIV,
557 4086 744 4132 contra
785 4076 991 4133 Julian.
1021 4076 1155 4133 libri
1193 4093 1249 4143 ι,
1280 4093 1391 4133 sec.
1428 4085 1536 4132 cat.
1571 4076 1733 4133 codd.
1766 4076 1863 4133 Gr.

288 4165 472 4229 Mare,
497 4183 552 4237 ι).
583 4168 652 4222 70
682 4177 740 4223 et
764 4169 853 4222 71.

352 4256 412 4311 ln
454 4257 590 4313 bibl.
637 4257 901 4314 Escorial.
942 4256 1268 4315 Acclamatio
1305 4260 1375 4314 ad
1412 4259 1773 4327 Theodosium,
1810 4268 1868 4315 et

287 4363 352 4403 ex
381 4348 851 4405 ennfutationibus
886 4349 1152 4406 adversus
1185 4350 1462 4407 lulianum
1498 4351 1773 4407 seetiones
1801 4352 1868 4407 10

289 4437 411 4493 libri
444 4456 501 4503 ιι,
530 4447 667 4495 teste
699 4441 897 4496 Pluero
924 4441 980 4495 in
1009 4440 1196 4496 Itiner.
1224 4458 1317 4512 per
1340 4440 1516 4512 Hisp.,
1548 4456 1602 4511 p.
1637 4441 1757 4496 164.

1963 3266 2083 3323 Jam
2129 3280 2159 3322 a
2204 3265 2396 3323 multis
2448 3262 2820 3325 observatum,
2859 3260 3008 3314 hunc
3052 3257 3256 3311 librum
3300 3267 3550 3311 constare

1964 3352 2237 3422 excerptis
2266 3350 2492 3406 Joannis
2523 3347 2843 3403 Damasceni
2886 3363 2917 3401 e
2961 3346 3184 3417 Cyrillo.
3220 3344 3357 3399 Vide
3392 3345 3548 3400 Peta-

1965 3443 2115 3496 vium
2160 3441 2238 3494 De
2280 3439 2377 3495 SS.
2415 3439 2694 3502 Trinitate,
2736 3453 2790 3507 p.
2828 3436 2951 3491 472.
2996 3436 3261 3491 Similiter
3295 3447 3550 3509 excerpta

1966 3547 1997 3586 e
2041 3531 2230 3603 Cyrilli
2282 3529 2503 3599 scriptis
2555 3537 2720 3594 sunt,
2760 3545 2881 3600 quze
2914 3528 2983 3584 ab
3023 3528 3269 3584 Auberto
3322 3540 3551 3600 printer-

1966 3621 2167 3686 missa,
2214 3620 2573 3676 Hoesehelius
2625 3620 2778 3691 prior
2824 3620 3011 3676 Graece
3060 3621 3375 3691 vulgaverat
3424 3638 3550 3676 cum

1965 3711 2133 3767 variis
2159 3712 2379 3766 Patrum
2408 3710 2648 3765 bomiliis
2678 3727 2802 3782 pag.
2837 3710 2939 3766 505
2966 3726 3104 3782 seq.,
3136 3711 3392 3782 Augustas
3413 3712 3550 3767 Vin-

1966 3803 2075 3860 del.
2120 3804 2275 3870 1387,
2311 3804 2368 3861 in
2412 3802 2465 3868 8,
2500 3811 2664 3873 atque
2708 3787 2852 3859 idem
2891 3801 3208 3875 Wegelinus
3247 3819 3277 3858 e
3317 3819 3447 3859 mss.
3482 3804 3549 3859 ad

1966 3895 2172 3951 calcem
2210 3894 2341 3949 libri
2381 3910 2504 3949 cum
2544 3885 2797 3949 versione
2842 3886 2940 3949 Sua
2984 3894 3285 3966 subjunxit,
3317 3911 3551 3966 quorum

1968 3985 2124 4042 initia
2157 3986 2425 4041 aseribam
2459 4004 2472 4039 :

2037 4077 2393 4146 Πιστεύομεν,
2424 4076 2521 4129 ’ἑνα
2553 4076 2688 4130 Θεὸν
2706 4072 2845 4131 εἶναι
2887 4077 3068 4148 πάσης
3099 4078 3287 4142 οὐσίας
3321 4078 3416 4132 καὶ
3450 4076 3552 4149 φύ-

1969 4187 2124 4234 σεως.
2153 4170 2213 4224 P.
2243 4168 2381 4223 119.
2413 4168 2584 4222 Παντὶ
2633 4168 2909 4241 ἀνθρώπῳ
2945 4169 3187 4239 ἔμφυτον
3232 4170 3383 4240 παρὰ
3416 4171 3551 4224 Θεοῦ

1966 4260 2263 4330 δεξαμένῳ.
2289 4259 2349 4313 Ρ.
2384 4258 2506 4312 121.
2553 4260 2618 4312 El
2656 4260 2880 4323 τέλειος,
2920 4261 3102 4327 φασὶν,
3139 4262 3337 4314 ἐστὶνό
3368 4264 3554 4333 Πατὴρ
3671 4275 3679 4283 ’

1966 4349 2026 4402 ὲν
2053 4350 2120 4420 τῇ
2164 4347 2270 4418 ἰδίᾳ
2313 4346 2717 4417 μεγαλειότητι.
2764 4348 2825 4401 Ρ.
2874 4347 3129 4402 125-140.
3169 4348 3318 4402 Idem
3361 4349 3551 4405 dicen-

1968 4440 2100 4494 dum
2144 4438 2213 4493 de
2264 4438 2441 4492 altero
2479 4436 2796 4503 volumine,
2846 4437 2994 4507 quod
3044 4437 3191 4493 idem
3235 4438 3557 4509 chelinus

355 4528 528 4582 Paris.
564 4528 622 4583 in
659 4529 793 4584 bibl.
822 4529 977 4600 publ.
1025 4530 1146 4585 eod.
1188 4528 1463 4594 MCCLXI,
1497 4529 1945 4615 Antirrbeticapo
1971 4532 2108 4587 ibid.
2141 4530 2300 4603 1611.,
2344 4530 2398 4584 in
2439 4530 2493 4595 8,
2524 4530 2711 4585 Graece
2757 4537 2815 4585 et
2860 4530 3053 4589 Latine
3088 4531 3262 4599 variis,
3284 4547 3410 4587 cum
3454 4533 3556 4588 Da—

291 4618 404 4673 adv.
429 4619 729 4686 lulianum,
754 4621 885 4676 libri
912 4622 1003 4677 Ill.
1030 4622 1197 4677 Ηλιιι..

355 4710 460 4780 κβ’.
510 4713 669 4768 Κατὰ
712 4713 1293 4786 Ἀνθρωπομορφιτῶν,
1328 4713 1528 4769 Contra
1575 4714 1871 4786 Anthropo-

294 4806 577 4875 πηοί-ρωποι
605 4805 755 4871 liber,
785 4806 1066 4877 praemissa
1087 4806 1316 4877 epistola
1339 4807 1406 4861 ad
1427 4806 1769 4878 Calosyriam
1795 4807 1869 4880 (ὁ)

290 4894 602 4966 episcopum
627 4896 993 4962 Arsenoitem,
1013 4913 1175 4968 quem
1205 4898 1488 4969 ἀγαπητὸν
1512 4898 1605 4951 καὶ
1629 4896 1873 4952 ποθεινό-

290 5000 447 5037 τατον
472 4988 730 5056 appellat.
762 4988 822 5043 P.
856 4988 1109 5055 565-398,
1135 5003 1260 5044 eum
1284 4988 1541 5043 versione
1569 4988 1866 5043 Bonavent.

290 5079 558 5147 Vulcanii,
599 5083 695 5151 qui
748 5083 959 5153 primus
1002 5083 1189 5140 Graece
1227 5092 1289 5139 et
1320 5084 1512 5139 Latine
1559 5099 1685 5139 eum
1726 5083 1871 5139 notis

293 5171 433 5239 (qua:
468 5181 524 5226 et
561 5173 694 5243 ipsa:
729 5174 786 5228 in
813 5177 1042 5232 Auberti
1078 5176 1323 5232 editione
1363 5175 1432 5231 ad
1475 5176 1679 5231 calcem
1710 5176 1869 5230 volu-

361 5281 437 5415 (αξ
477 5283 625 5375 Qbiit
651 5286 941 5370 6'Augusti
965 5289 1121 5347 1614.

361 5356 410 5415 (b
478 5355 611 5412 \ide
642 5357 1110 5415 Ttllernont.tom.

360 5354 433 5424 (bl
478 5354 957 5430 Videg’l‘illemont.
978 5370 1110 5415 tom.
1132 5358 1272 5423 XIV,
1294 5374 1349 5430 p.
1379 5356 1483 5414 665
1501 5366 1558 5415 et
1587 5357 1709 5415 669.
1732 5356 1863 5430 [Ου-

288 5422 429 5501 diii.,
462 5434 593 5501 tam.
616 5428 661 5489 l,
688 5444 744 5501 p.
774 5428 957 5501 1046.]

363 5495 431 5564 (c)
471 5495 809 5561 Quibusdam
850 5495 1255 5569 exemplaribus
1291 5514 1469 5554 novus
1501 5499 1693 5554 titulus
1724 5514 1867 5569 prte-

290 5563 432 5647 ﬁxus
469 5582 593 5649 eum
629 5563 1090 5649 notationem-ui“
1122 5570 1275 5649 1608,
1297 5569 1688 5649 adiunctaque
1727 5563 1866 5649 Cre—

287 5636 427 5708 gorii
469 5636 865 5708 Thaumaturgi
906 5639 975 5696 de
1018 5640 1114 5695 SS.
1158 5636 1424 5695 Trinitate
1466 5636 1616 5693 brevi
1657 5639 1870 5695 confes-

289 5700 464 5778 sione.
500 5700 659 5764 ιτιιιιι.
691 5741 759 5749 --
791 5700 971 5764 Ᾱιιειειι
1013 5712 1184 5766 editio
1225 5710 1485 5777 inscripta
1514 5717 1598 5764 est
1629 5727 1641 5761 :
1672 5709 1738 5761 D.
1770 5708 1868 5778 Cy-

289 5775 401 5848 rilli
430 5809 443 5815 ε
464 5810 481 5816 ο
526 5778 656 5835 Ιῖὁρι·
677 5780 738 5833 de
765 5779 858 5835 SS.
888 5779 1161 5839 Trinitutc,
1182 5775 1518 5848 rt-imprimia
1549 5780 1611 5832 de
1644 5775 1868 5847 persona

290 5844 483 5901 Chi'léll
516 5866 699 5918 «:yt‘ns.
731 5867 791 5904 cx
825 5860 956 5905 msto
984 5850 1095 5905 cod.
1134 5854 1310 5921 (.‘rq'cc
1334 5844 1651 5918 descriptus,
1680 5848 1867 5905 Latine

1971 4624 2233 4689 maseeni,
2257 4622 2419 4678 Pselli
2442 4632 2499 4678 et
2523 4622 2597 4694 (ά)
2624 4621 2999 4695 Charitonymi
3027 4622 3392 4697 Christonpui
3420 4625 3559 4680 lier-

1971 4716 2213 4788 monymi
2259 4714 2525 4784 vulgavit,
2572 4714 2629 4768 in
2674 4730 2786 4785 quo
2827 4714 3093 4785 Excerpta
3139 4714 3327 4786 Cyrilli
3371 4726 3555 4770 contra

1970 4808 2335 4870 Nestorianos,
2363 4821 2431 4860 ex
2460 4807 2912 4877 interpretatione
2938 4807 2995 4861 S.
3018 4806 3283 4876 Symboli,
3314 4822 3381 4861 ex
3414 4806 3559 4862 The-

1972 4898 2173 4963 sauris,
2204 4913 2272 4953 ex
2310 4897 2454 4953 libro
2496 4914 2608 4969 quo
2645 4899 2861 4969 reginas
2899 4895 3215 4965 alloquitur,
3242 4904 3299 4951 et
3328 4911 3395 4951 ex
3434 4897 3558 4952 Dia-

1974 4991 2134 5062 logis,
2163 4990 2231 5045 ἐκ
2268 4991 2371 5046 τοῦ
2398 4993 2547 5046 κατὰ
2594 4991 2816 5046 πεῦσιν
2864 4988 2961 5043 καὶ
3001 4989 3323 5058 ἀπόκρισιν
3347 4989 3555 5059 λόγου,

1976 5099 2045 5139 ex
2088 5082 2380 5138 duodecim
2434 5083 2726 5153 capitulis,
2776 5082 2891 5136 sive
2941 5081 3445 5147 anathematismis,
3490 5098 3555 5136 ex

1975 5170 2224 5242 epistolis
2262 5171 2329 5225 ad
2371 5170 2629 5225 Acacium
2658 5178 2717 5224 et
2743 5170 2901 5225 Joan.
2937 5169 3361 5236 Antiochenum,
3395 5180 3452 5225 et
3489 5187 3557 5226 ex

1962 5301 2140 5340 versus
2167 5291 2240 5354 .et
2275 5282 2480 5338 scholiis
2523 5282 2719 5352 passim
2750 5281 3072 5347 declaratus,
3112 5299 3231 5354 cum
3265 5282 3455 5352 fragm.
3498 5281 3554 5336 S.

1966 5352 2227 5437 Gregorii,
2258 5354 2696 5437 Neocwsariensis
2735 5354 3086 5437 episcopiude
3112 5352 3391 5434 Trinitate,
3429 5353 3557 5437 Ιιςιετ

1970 5420 2120 5479 tentis
2167 5425 2391 5487 inedita,
2429 5429 2478 5475 et
2522 5420 2807 5478 corollario
2855 5420 3089 5486 metrico,
3132 5423 3390 5491 totiusque
3436 5420 3557 5476 libri

1970 5496 2176 5558 indice;
2210 5508 2325 5564 qua:
2363 5492 2540 5548 omnia
2568 5494 2690 5562 jam
2729 5496 2958 5564 primum
2991 5495 3100 5564 hac
3128 5491 3363 5564 editione
3390 5509 3559 5564 acces-

1972 5574 2175 5626 serunt,
2208 5560 2383 5635 opera
2426 5570 2479 5635 et
2522 5560 2696 5635 studio
2729 5560 3024 5635 'Wegelini,
3068 5561 3385 5633 Augustani.
3442 5560 3556 5617 Λιι-

1974 5643 2147 5707 gustae
2170 5632 2387 5707 finde].
2421 5632 2577 5707 1608,
2603 5634 2653 5688 8.
2686 5632 2853 5707 llam;
2984 5702 3031 5707 __
3156 5632 3243 5707 ’___
3282 5701 3300 5707 Δ

2049 5705 2135 5773 (d).
2169 5703 2270 5759 llic
2309 5702 2581 5772 Spartiata
2613 5704 2835 5759 natione
2881 5711 2951 5773 et,
2980 5702 3132 5757 Sixto
3178 5702 3243 5755 IV
3277 5697 3556 5773 familiaris

2146 5773 2279 5831 Vide
2328 5765 2566 5831 Leonem
2617 5775 2875 5831 Allatium
2922 5772 2999 5826 De
3048 5773 3300 5841 Ccorgiis,
3342 5785 3395 5838 p.
3432 5765 3554 5832 595,

1976 5866 2008 5899 ἃ
2086 5887 2100 5900 .

1976 5866 2100 5900 θυι.
