3998 6304
436 385 505 440 e7
1669 384 1953 440 NOTITIA
1992 385 2084 440 EX
2124 388 2468 447 nummo.
2824 334 2839 353 ί
3618 375 3704 451 ’68

434 513 687 557 sermone
715 497 792 554 De
817 500 1188 555 incarnatione
1214 499 1368 555 Θεοῦ
1397 503 1614 570 Λόγου,
1641 501 1789 571 quod
1823 500 1878 556 S.
1903 502 2027 557 Vir-
2055 508 2100 564 Α
2128 505 2193 559 V.
2252 506 2419 579 Index
2470 506 2819 579 hogmiliarnmg
2838 547 2853 572 ,
2896 505 3242 579 epistolam"!
3294 514 3345 560 et
3386 476 3703 579 scriptor-unt

436 609 505 665 go
535 592 608 647 sit
636 592 919 656 Θεοτὸκος,
946 593 1225 664 Incipiunt
1263 603 1519 663 excerpta
1553 593 1643 647 illa
1674 592 1969 664 Cyrilliana
1998 614 2014 650 :

434 687 499 739 Oi
527 684 619 738 τὸν
648 687 885 756 Χριστὸν
932 687 1012 749 εἰς
1054 685 1206 748 υἱοὺς
1256 684 1571 756 μερίζοντες
1610 684 1721 738 δύο.
1767 684 1927 739 Fam.
1955 713 2028 726 -—-

433 775 594 832 Conl‘.
625 776 831 834 Oudin.
869 777 909 831 I.
942 793 1015 843 c.,
1047 792 1170 848 pag.
1202 776 1343 831 1018
1370 792 1490 847 sqq.

501 908 677 965 Paris.
719 908 776 964 in
814 909 947 965 bibl.
991 909 1145 980 publ.
1190 909 1313 965 cod.
1348 909 1831 976 DCCCLXXXVII,
1865 926 1923 966 n.
1962 910 2016 977 5,

430 1002 740 1067 Anastasii,
784 1003 1103 1073 patriarcha:
1160 1002 1503 1066 Antias/teni,
1544 1012 1593 1058 et
1634 1001 1820 1074 Cyrilti
1862 1019 2022 1073 expo-

428 1094 550 1146 sitio
584 1093 884 1148 orthodoxae
919 1092 1075 1162 ﬁdei,
1117 1109 1174 1147 n.
1206 1094 1260 1159 4,
1297 1093 1486 1166 Cyrilli
1521 1111 1607 1165 op.
1637 1095 1702 1148 de
1739 1094 2015 1160 Trinitate,

429 1183 556 1238 add.
609 1182 747 1238 infra
796 1184 866 1239 de
917 1184 1254 1259 Damasceno
1303 1202 1357 1256 p.
1411 1185 1535 1252 796,
1579 1185 1690 1240 vol.
1736 1186 1867 1251 VIII,
1903 1193 2014 1240 vet.

428 1274 565 1329 edit.
596 1305 666 1314 —
691 1275 751 1329 lu
778 1274 1074 1331 Anecdotis
1109 1276 1416 1343 litterariis,
1455 1293 1487 1332 e
1527 1292 1657 1332 mss.
1691 1276 1850 1332 codd.
1890 1292 2018 1332 eru-

428 1364 519 1429 tis,
555 1365 665 1421 vol.
700 1365 791 1429 III,
826 1374 912 1420 est
947 1382 1015 1421 ex
1046 1366 1168 1423 cod.
1199 1367 1447 1422 Naniano
1476 1367 1790 1439 Epiphanii,
1830 1383 2017 1422 mona-

428 1458 519 1513 chi
555 1466 613 1513 et
644 1457 971 1528 presbyteri,
1016 1456 1095 1512 De
1133 1459 1242 1513 vita
1286 1460 1635 1514 sanctissimo?
1666 1458 1914 1530 Deipara:
1952 1459 2017 1513 li-

426 1550 548 1615 ber,
571 1566 601 1604 a
624 1551 779 1607 Joan.
803 1549 1024 1621 Aloysio
1044 1549 1384 1621 Mingarellio
1402 1549 1588 1607 Graece
1615 1559 1670 1606 et
1694 1550 1812 1606 Lat.
1831 1550 2013 1606 editus

426 1643 684 1712 notisque
713 1641 1038 1696 illustratus.
1071 1641 1133 1696 In
1165 1658 1254 1707 eo,
1284 1657 1409 1713 pag.
1438 1642 1527 1706 42,
1557 1641 1898 1712 Epiphanius
1928 1658 2013 1697 rc-

425 1731 533 1788 fert
560 1732 934 1803 dijudicatque
968 1731 1177 1804 Cyrilli,
1208 1732 1288 1786 uti
1322 1732 1561 1803 scripsit,
1597 1731 1667 1786 de
1697 1730 2010 1802 genealogia

426 1826 630 1883 Christi
674 1826 1023 1889 sententiam,
1078 1823 1397 1879 arbitrantis
1423 1823 1572 1879 haud
1616 1822 1723 1877 sibi
1771 1822 2006 1877 invicem

425 1917 707 1973 adversari
757 1917 1116 1986 evangelistas
1173 1914 1488 1969 Mattheeum
1543 1929 1608 1970 ac
1657 1913 1880 1968 Lucam.
1926 1913 2008 1968 Ad

426 2009 581 2064 illum
623 2008 804 2063 locum
842 2006 1144 2077 Mingarell.
1191 2020 1315 2077 pag.
1355 2004 1443 2070 85,
1479 2013 1595 2060 not.
1640 2004 1729 2070 I5,
1765 2004 2010 2060 animad-

423 2099 610 2164 vertit,
642 2098 699 2153 in
741 2097 931 2170 Cyrilli
968 2097 1037 2152 ad
1080 2112 1207 2167 opp.
1245 2096 1385 2151 nihil
1434 2096 1539 2150 tale
1587 2095 1827 2150 inveniri
1868 2113 1880 2150 :
1916 2113 2006 2151 ar-

423 2189 660 2248 bitratur
689 2188 854 2258 igitur
898 2185 1101 2258 Cyrillo
1129 2200 1193 2240 ea
1227 2185 1397 2241 tribui
1426 2185 1495 2240 ab
1525 2185 1855 2257 Epiphanio,
1885 2200 2009 2255 quae

421 2277 646 2334 Joannis
704 2275 1024 2331 Damasceni
1103 2275 1233 2339 sint,
1309 2275 1365 2329 in
1426 2275 1571 2329 libro
1639 2290 1692 2330 ιν
1766 2274 1846 2329 De
1901 2274 2008 2343 ﬁde

423 2365 744 2428 orthodoxa,
791 2378 840 2418 c.
889 2363 976 2428 14,
1025 2377 1081 2433 p.
1131 2362 1256 2428 272,
1303 2371 1467 2432 atque
1507 2361 1694 2435 Cyrilli
1740 2362 1893 2419 Alex.
1936 2363 2005 2417 li-

422 2453 609 2518 brum,
644 2453 714 2509 ab
755 2453 1001 2509 Auberto
1048 2453 1259 2509 editum
1303 2462 1466 2523 atque
1514 2453 1841 2525 inscriptum
1879 2473 1891 2507 :
1930 2454 2007 2509 De

420 2556 763 2603 sacrosancta
805 2547 1083 2612 Trinitate,
1108 2546 1314 2618 Cyrillo
1352 2546 1643 2612 tributum,
1675 2547 1813 2602 nihil
1857 2546 2006 2603 aliud

420 2654 541 2696 esse
573 2654 738 2709 quam
798 2638 1014 2695 initium
1063 2638 1246 2709 operis
1294 2636 1350 2693 S.
1411 2638 1639 2694 Joannis
1686 2639 2005 2695 Damasceni

420 2731 500 2786 De
520 2730 627 2801 ﬁde
654 2730 964 2794 orthodoxa,
994 2729 1245 2800 quamvis
1274 2729 1695 2801 interpolatum;
1727 2740 1783 2786 et
1822 2733 2003 2803 suspi-

423 2829 598 2886 catur,
631 2819 687 2874 in
732 2819 1060 2890 quibusdam
1096 2818 1257 2874 codd.
1294 2820 1424 2874 olim
1467 2835 1606 2891 opus
1644 2820 1779 2876 illud
1812 2822 2006 2876 Dama-

421 2911 573 2967 sceni
632 2908 834 2982 Cyrillo
892 2909 1060 2965 fuisse
1124 2910 1469 2981 inscriptum.
1532 2910 1757 2966 Librum
1823 2921 2004 2968 tamen

422 3003 714 3074 quemdam
740 3002 814 3057 De
833 3012 952 3056 ortu
980 3001 1205 3073 Virginis
1232 3001 1434 3074 Cyrillo
1459 3001 1612 3058 Alex.
1641 3003 1814 3058 tribui
1838 3004 2002 3057 etiam

421 3111 452 3150 a
477 3095 784 3150 Tritbemio
835 3094 1030 3151 didicit
1071 3110 1140 3149 ex
1184 3094 1585 3166 Papcbrochio,
1627 3079 1784 3167 cujus
1818 3096 2002 3150 locum

422 3204 490 3243 ex
518 3188 662 3243 Actis
693 3185 965 3253 Sanctor.,
1003 3195 1135 3241 tom.
1180 3185 1201 3241 I
1244 3186 1536 3258 Maii,pag.
1578 3202 1738 3253 xxxv,
1782 3186 1999 3256 repetit.
2030 3199 2073 3257 ο

421 3280 576 3348 Quod
620 3295 755 3337 vero
804 3278 1214 3349 Papebrochius
1267 3277 1503 3343 dubitat,
1555 3278 1683 3333 talia
1731 3293 1760 3331 a
1801 3275 2006 3348 Cyrillo

424 3374 589 3428 fuisse
626 3370 954 3441 conscripta,
1012 3369 1311 3441 Mingarell.
1344 3368 1617 3434 observat,
1641 3368 2005 3423 Trithemium

423 3465 479 3519 in
502 3466 642 3520 libro
662 3463 735 3517 De
761 3461 1098 3534 scriptoribus
1119 3460 1323 3525 eccles.,
1344 3475 1462 3531 cap.
1488 3459 1610 3524 154,
1626 3469 2006 3515 recensentcm

420 3557 607 3630 Cyrilli
655 3557 807 3611 Alex.
859 3555 1066 3618 libros,
1118 3553 1238 3608 haec
1289 3552 1664 3608 tantummodo
1707 3552 2001 3609 scribere:

422 3649 500 3705 De
531 3658 649 3704 orta
691 3658 740 3701 et
782 3646 938 3701 laude
971 3643 1028 3699 S.
1063 3643 1250 3699 Μαι-ἔω
1291 3642 1419 3697 liber
1454 3660 1610 3696 unus.
1657 3643 1865 3714 Itaque,
1906 3643 2001 3710 ait,

425 3743 546 3798 ﬁeri
605 3740 768 3799 etiam
815 3746 997 3809 potest
1037 3745 1097 3791 ut
1142 3734 1454 3807 huiusmodi
1498 3735 1737 3801 libellus,
1801 3735 2004 3808 Cyrillo

423 3831 715 3904 ascriptus,
767 3845 960 3885 revera
1011 3828 1301 3892 exstiterit,
1347 3842 1509 3897 quem
1561 3836 1618 3883 et
1664 3823 2004 3898 Epiphanius

422 3938 612 3983 noster
648 3923 872 3987 viderit,
915 3931 974 3977 et
1013 3921 1069 3976 S.
1111 3922 1479 3977 Damascenus
1521 3919 1701 3992 aliqua
1745 3935 1813 3975 ex
1851 3929 2005 3989 pane

429 4014 798 4087 exscripserit.
837 4013 1004 4069 ΗΑιιι..
1100 4040 1145 4081 ο

492 4148 593 4205 κδ’.
639 4148 939 4218 Συναγωγή
980 4145 1089 4201 τῶν
1132 4147 1494 4216 ἀναγωγικῶς
1551 4143 2004 4218 ἑρμηνευομένων

425 4242 606 4315 ῥητῶν
618 4244 718 4312 τῆς
751 4239 997 4304 ﬂama;
1023 4239 1265 4311 Γραφῆς·
1298 4238 1547 4295 Cottectio
1571 4237 1831 4292 dictorum
1852 4234 2002 4291 Vete-

423 4337 496 4390 ris
520 4335 838 4390 Testamenti
871 4335 1156 4405 anagogice
1183 4333 1586 4405 explicatorum,
1615 4347 1670 4402 p.
1695 4329 1858 4396 I-69;
1876 4345 2001 4384 cum

420 4424 962 4506 versioneyentiani
996 4424 1239 4488 Herveti,
1278 4440 1401 4494 qua:
1430 4423 1673 4479 occurrit
1710 4420 1768 4475 in
1792 4419 2002 4474 Latinis

2199 578 2466 649 minorum
2511 576 2701 649 Cyrilti
2751 576 2935 642 Alcm,
2964 578 3230 649 ascriptis
3281 578 3466 633 ordine
3494 576 3700 649 alpha-

2194 646 2356 700 betico
2384 646 2720 719 singulorum
2747 649 2915 702 initiis
2951 647 3054 719 (a).

2193 760 2246 813 I.
2302 760 2637 830 ’Δναλὰμπει
2690 760 2854 815 πάλιν
2914 762 3013 831 τῆς
3065 760 3225 831 ἁγίας
3250 761 3463 833 ἑορτῆς.
3506 763 3700 819 Homi-

2119 852 2192 908 lia
2222 869 2350 908 xvm
2382 854 2674 923 paschalis,
2706 863 2842 909 tom.
2882 853 2949 919 V,
2980 862 3138 924 parte
3175 869 3236 919 ιι,
3270 869 3396 925 pag.
3431 852 3697 909 253-247.

2191 942 2247 996 2.
2304 944 2529 1015 ’Ἄνδρες
2579 943 2848 1013 αἰδέσιμοι
2902 945 2999 997 καὶ
3060 943 3296 1008 πίστεως
3353 944 3515 1009 ἄξιοι.
3569 945 3701 1015 Epi-

2118 1032 2258 1086 stola
2282 1032 2337 1096 2,
2362 1032 2430 1087 ad
2448 1032 2784 1095 Nestorium,
2818 1038 2953 1086 tom.
2988 1032 3052 1097 V,
3089 1041 3244 1102 parte
3276 1048 3410 1104 n,p.
3444 1034 3605 1089 I9-2I
3628 1050 3698 1090 ex

2116 1132 2272 1193 parte
2301 1124 2530 1181 1Aetor.
2554 1125 2774 1180 concilii
2797 1123 3084 1194 Ephesini,
3105 1132 3237 1178 tom.
3255 1126 3276 1180 l
3296 1125 3461 1189 Binii,
3493 1142 3548 1196 p.
3570 1125 3694 1181 II9.

2114 1214 2318 1270 Eadem
2339 1230 2462 1269 cum
2485 1216 2641 1271 Marii
2666 1217 2981 1272 Mercatoris
2995 1217 3332 1272 versione'in
3349 1224 3390 1271 t.
3423 1217 3466 1271 II
3494 1216 3701 1271 Merca-

2116 1307 2244 1360 toris
2258 1305 2395 1361 edit.
2412 1306 2781 1374 Garneriante,
2800 1325 2856 1380 p.
2883 1309 2973 1375 42‘,
2996 1318 3054 1364 et
3082 1325 3150 1364 ex
3178 1310 3286 1363 alia
3314 1308 3571 1364 versione
3591 1324 3693 1363 an-

2114 1399 2264 1468 tiqua
2281 1398 2425 1469 apud
2447 1399 2729 1455 Baluzium
2748 1401 2803 1455 in
2820 1400 2967 1456 Nova
2984 1400 3305 1459 Collectione
3321 1400 3615 1464 concilior.,
3634 1416 3689 1470 p.

2110 1487 2235 1553 400,
2253 1489 2346 1558 qui
2375 1488 2699 1545 Mercatoris
2709 1503 2927 1560 quoque
2942 1490 3453 1560 interpretationem
3470 1489 3694 1545 exhibet

2110 1596 2167 1651 p.
2190 1582 2314 1636 640.
2344 1582 2921 1640 ἘΑιιιι.-νίιι(101)οιιω
2946 1583 3003 1638 in
3020 1583 3143 1638 cod.
3158 1582 3357 1639 Caasar.
3376 1583 3688 1649 LXXXIIX,

2109 1689 2168 1728 ιι.
2213 1673 2268 1739 5,
2316 1674 2434 1729 haec
2464 1676 2721 1745 epistola,
2772 1690 2897 1730 cum
2942 1676 3183 1730 Nestorii
3221 1676 3579 1747 responsione
3610 1676 3691 1748 (in

2108 1763 2483 1822 Conciliorum
2505 1767 2843 1838 generalium
2878 1767 3013 1823 edit.
3045 1768 3330 1834 Vaticana,
3368 1769 3525 1836 I608,
3550 1779 3685 1825 tum.

2040 1864 2082 1920 Β
2112 1857 2155 1923 I,
2190 1875 2314 1930 pag.
2348 1859 2454 1915 255
2482 1870 2540 1915 et
2560 1860 2708 1931 256),
2731 1876 2833 1917 nec
2861 1877 2973 1917 non
3001 1861 3234 1932 epistola
3261 1878 3319 1917 ιι.
3356 1862 3431 1918 IX
3470 1878 3687 1918 memo-

2108 1957 2226 2005 rata
2253 1950 2332 2022 (in
2366 1951 2534 2006 citata
2564 1951 2654 2006 ed.
2692 1950 3064 2010 Conciliorum
3096 1968 3283 2024 gener.
3316 1961 3356 2008 t.
3377 1953 3421 2019 l,
3452 1969 3510 2023 p.
3536 1952 3683 2024 I08),

2108 2049 2165 2097 et
2188 2042 2295 2097 alia
2330 2042 2644 2114 Cyrilliana.
2678 2045 2743 2099 V.
2775 2045 3031 2101 Lambec.
3056 2046 3145 2111 IIl,
3170 2047 3280 2102 col.
3308 2046 3433 2102 476.
3463 2047 3541 2102 De
3568 2046 3688 2117 e'pi-

2091 2135 2265 2191 stolis
2289 2134 2477 2206 Cyrilli
2505 2137 2573 2190 ad
2595 2136 2932 2203 Nestorium,
2949 2146 3007 2193 et
3032 2137 3199 2208 hujus
3229 2138 3687 2209 responsionibus

2107 2229 2285 2300 plura,
2311 2229 2545 2299 aliisque
2572 2228 2761 2301 Gyrilli
2784 2229 2851 2284 ad
2880 2231 3064 2286 varios
3094 2230 3340 2300 epistolis
3368 2231 3478 2287 late
3505 2230 3684 2287 disse-

2109 2321 2182 2374 rit
2207 2320 2420 2375 Walch.
2451 2321 2491 2374 l.
2516 2335 2590 2385 c.,
2626 2336 2681 2391 p.
2709 2319 2813 2374 585
2842 2336 2961 2390 sqq.
2997 2316 3167 2374 "ARL.
3543 2385 3551 2391 _

2176 2409 2230 2463 5.
2276 2410 2542 2478 Ἀνὲγνων
2573 2410 2634 2463 τὸ
2667 2410 3070 2481 ὑπομνηστικὺν
3103 2410 3169 2464 τὸ
3209 2410 3513 2465 ἀποσταλὲν
3550 2409 3685 2482 παρ’

2105 2498 2277 2570 ὑμῶν.
2314 2501 2559 2570 Epistola
2591 2501 2644 2566 8,
2674 2501 2743 2556 ad
2765 2501 2998 2558 clericos
3025 2498 3494 2569 Constantinopol.
3540 2500 3686 2556 inter

2104 2602 2164 2643 se
2188 2588 2540 2655 dissidentes,
2569 2586 2701 2645 tom.
2727 2591 2793 2656 V,
2813 2600 2966 2661 parte
2996 2607 3054 2656 ιι,
3082 2606 3137 2661 p.
3164 2590 3334 2646 52-58
3353 2573 3467 2658 [ει
3489 2589 3682 2646 iisdem

2104 2679 2259 2734 Actis
2298 2694 2422 2750 pag.
2458 2680 2580 2735 I26.
2612 2680 2682 2734 Et
2711 2694 2837 2734 cum
2871 2680 3027 2734 Marii
3057 2678 3375 2735 Mercatoris
3402 2678 3680 2744 versione,

2104 2768 2200 2825 sed
2250 2785 2373 2839 quae
2437 2770 2496 2824 in
2548 2770 2740 2825 multis
2788 2770 3004 2841 plenior
3059 2778 3144 2825 est
3195 2768 3342 2839 apud
3400 2768 3683 2823 Baluzium

2103 2877 2226 2933 pag.
2267 2862 2393 2927 641,
2430 2871 2489 2918 et
2530 2871 2662 2918 tom.
2695 2863 2742 2918 ll
2774 2863 2908 2918 edit.
2941 2861 3292 2918 Gamerianaa
3332 2877 3390 2933 p.
3435 2860 3526 2924 49,
3554 2876 3683 2915 cum

2098 2952 2355 3010 Gamerii
2410 2956 2583 3010 notis.
2637 2956 2797 3010 FABR.
2827 2984 2900 2995 --
2930 2954 3117 3011 Graece
3164 2961 3221 3010 et
3268 2953 3390 3009 Lat.
3426 2953 3482 3008 in
3510 2953 3681 3008 Mansi

2101 3046 2354 3114 Collect.,
2403 3058 2538 3104 tom.
2585 3050 2675 3116 IV,
2725 3066 2782 3120 p.
2835 3048 2992 3115 I005,
3042 3058 3099 3105 et
3130 3047 3450 3106 Mercatoris
3479 3047 3679 3109 versio.

2104 3155 2226 3210 qua:
2258 3149 2408 3196 recta
2460 3150 2519 3196 et
2565 3141 2906 3212 praeferenda
2944 3157 3064 3198 esse
3100 3141 3308 3198 dicitur
3356 3140 3565 3206 Graeco,
3601 3143 3682 3196 uti

2105 3245 2253 3286 nunc
2284 3231 2505 3301 legitur,
2546 3233 2852 3299 contextui,
2888 3233 2965 3288 ib.
2998 3241 3130 3288 tom.
3173 3230 3238 3299 V,
3274 3249 3328 3304 p.
3353 3233 3476 3288 72-1.
3512 3234 3679 3289 ΗΑιιι..

2173 3323 2228 3377 4.
2298 3323 2656 3388 Ἀξιάκουστα
2716 3325 2815 3395 μὲν
2860 3326 2954 3379 καὶ
2995 3324 3268 3396 ἐξαίρετα.
3321 3324 3565 3395 Epistola
3610 3324 3679 3380 ad

2104 3414 2475 3469 Theodosium
2526 3416 2832 3484 Juniorem,
2871 3418 3153 3488 praemissa
3189 3418 3346 3473 libris
3370 3426 3555 3472 contra
3578 3416 3679 3472 Ju-

2106 3505 2331 3570 lianum,
2356 3514 2490 3560 tom.
2517 3506 2633 3572 VII,
2661 3524 2717 3578 p.
2756 3509 2806 3563 I.

2173 3597 2227 3653 5.
2270 3598 2510 3670 ’Δπόχρη
2537 3599 2637 3670 μὲν
2661 3601 2735 3664 ὡς
2758 3601 3057 3672 διάκειμαι.
3090 3601 3332 3673 Epistola
3360 3602 3449 3666 44,
3479 3600 3553 3656 πᾶν
3571 3601 3680 3656 Va-

2102 3687 2393 3749 lerianum,
2423 3687 2594 3744 Iconii
2642 3689 2984 3761 episcopum,
3015 3689 3280 3747 adversus
3304 3705 3402 3746 eos
3434 3689 3527 3759 qui
3552 3704 3679 3743 cum

2103 3776 2359 3836 Nestor-i0
2389 3778 2654 3832 sentiunt.
2691 3778 2849 3832 Tom.
2887 3780 2950 3841 V,
2979 3788 3135 3847 parte
3166 3795 3226 3844 ιι,
3266 3793 3388 3848 pag.
3415 3778 3677 3843 I58-I7I,

2102 3886 2169 3926 ex
2206 3879 2361 3941 parte
2398 3884 2459 3921 ιιι
2487 3867 2672 3921 Actor.
2709 3864 2901 3935 synodi
2935 3864 3224 3933 Ephesinae
3250 3879 3307 3932 p.
3338 3863 3462 3917 M8.
3490 3865 3682 3918 Memi-

2101 3960 2185 4014 nit
2238 3959 2548 4019 Liberatus,
2599 3969 2720 4022 cap.
2759 3953 2831 4016 9;
2887 3952 3150 4006 Leontius
3198 3952 3364 4023 Byz.;
3413 3951 3680 4023 Eulogius

2088 4050 2247 4121 apud
2297 4047 2577 4115 Photium,
2626 4044 2865 4113 itemque
2919 4042 3030 4097 alii.
3073 4042 3211 4100 Vide
3266 4042 3676 4100 Tillemontium

2104 4151 2235 4198 tom.
2266 4139 2403 4203 XIV,
2439 4153 2495 4207 p.
2531 4135 2653 4190 569.

2171 4234 2223 4289 6.
2267 4234 2411 4303 ’Ἄρα
2444 4228 2509 4300 δὴ
2560 4227 2722 4281 πάλιν
2756 4228 2905 4298 ἡμᾶς
2941 4227 3060 4291 ταῖς
3095 4226 3205 4281 τῶν
3238 4227 3408 4295 ἁγίων
3443 4226 3677 4281 ἕπεσθαι

2100 4325 2231 4378 δεῖν.
2269 4319 2505 4378 Homilia
2542 4335 2579 4373 ι
2602 4318 2899 4390 paschalis,
2929 4329 3060 4373 tom.
3089 4319 3155 4385 V,
3187 4327 3342 4389 parte
3367 4335 3425 4386 ιι,
3451 4334 3506 4389 p.
3540 4318 3673 4375 I25-

2103 4416 2227 4471 H2.

419 4503 966 4589 Cyrillieditionibus
999 4531 1050 4570 a.
1093 4516 1230 4571 I573
1265 4525 1321 4571 et
1359 4513 1719 4571 I605.Graeca
1755 4511 1994 4580 primum

2172 4509 2224 4563 7.
2259 4509 2401 4579 Ἀρα
2434 4506 2596 4561 πάλιν
2636 4508 2785 4577 ἡμᾶς
2833 4506 2903 4559 τὰ
2939 4505 3188 4576 λαμπρά.
3229 4503 3465 4559 Homilia
3493 4519 3551 4558 ιι
3574 4517 3677 4574 pa-

420 4603 492 4661 ab
528 4606 772 4660 Auberto
802 4605 859 4659 in
893 4606 1070 4660 lucem
1110 4605 1379 4675 producta
1424 4610 1554 4658 sunt
1600 4616 1670 4655 ex
1708 4598 1900 4653 codice
1928 4600 1989 4653 D.

421 4695 654 4755 Riberii.
685 4697 875 4767 Neque
904 4697 1023 4752 hinc
1056 4694 1355 4764 Συναγωγή
1378 4700 1490 4747 tota
1510 4689 1775 4760 Cyrillum
1802 4696 1994 4743 aucto-

422 4805 541 4845 rem
573 4790 775 4856 habet;
820 4790 938 4856 sed,
976 4798 1039 4844 ut
1081 4789 1196 4859 ipse
1245 4784 1438 4839 titulus
1468 4781 1775 4853 proﬁtetur,
1823 4783 1997 4852 ὲρανι·

424 4881 614 4933 σθεῖσα
644 4880 786 4933 κατὰ
812 4878 1033 4948 σύνοψιν
1067 4878 1160 4931 καὶ
1186 4871 1523 4943 σαφεστέραν
1554 4871 1894 4941 ἀπαγγελίαν
1932 4870 1995 4925 ἐκ

419 4987 482 5025 τε
513 4971 623 5024 τῶν
641 4970 735 5023 τοῦ
762 4970 1048 5025 θεσπεσίου
1082 4964 1372 5037 Κυρι>.λου,
1407 4964 1502 5017 καὶ
1553 4963 1659 5018 τῶν
1688 4963 1781 5018 τοῦ
1827 4965 1997 5035 μεγά-

420 5061 513 5115 λου
541 5059 793 5130 Μαξίμου
821 5061 913 5113 xui.
949 5055 1150 5111 Αοιπῶν
1187 5051 1467 5122 ἐξηγητῶν
1499 5071 1513 5084 θ
1552 5052 1790 5108 Breviter
1834 5053 1997 5108 colle-

422 5162 509 5208 cta
560 5163 611 5207 et
663 5151 944 5206 dilucidius
991 5148 1231 5217 exposita
1278 5162 1309 5203 ε
1341 5146 1552 5217 scriptis
1592 5146 1754 5200 divini
1785 5145 1996 5216 Cyrilli,

421 5244 602 5315 magni
645 5242 886 5302 Maximi,
944 5246 993 5291 ct
1046 5235 1277 5291 aliorum
1319 5235 1376 5293 S.
1423 5235 1711 5307 Scriptura:
1738 5237 2001 5307 interpre-

422 5345 556 5390 tum.
589 5333 789 5403 Incipit
835 5348 846 5383 :
887 5331 1256 5402 Κατηραμένη
1300 5330 1373 5401 γῆ
1414 5332 1472 5385 ἐν
1530 5331 1642 5393 τοῖς
1686 5328 1868 5401 ἔργοις
1906 5328 2001 5382 τοῦ

434 5424 624 5496 Ἀδάμ.

487 5562 565 5633 (a)
594 5561 654 5615 In
675 5560 908 5615 Walchii
946 5560 1177 5619 Historia
1208 5564 1414 5627 haeres”
1450 5570 1582 5633 tom.
1613 5561 1678 5625 ν,
1708 5560 1909 5633 passim
1932 5568 1989 5616 et

418 5631 753 5702 IreqUenter,
789 5639 951 5702 atque
980 5632 1035 5689 in
1073 5634 1243 5689 Mansi
1269 5631 1602 5687 Collectione
1636 5632 1831 5686 conci].
1869 5646 1987 5702 am-

457 5700 570 5757 liss.
600 5700 678 5771 de
712 5700 903 5757 multis
940 5704 1092 5760 hisce
1131 5703 1374 5759 homiliis
1408 5710 1572 5771 atque
1620 5702 1887 5771 epistolis,
1921 5700 1988 5755 ad

455 5770 650 5841 :eresin
682 5780 738 5826 et
766 5776 1191 5831 controversiam
1239 5770 1617 5829 Nestorianam
1658 5770 1989 5841 pertinenti-

416 5845 539 5910 bus,
569 5838 674 5917 agi,
699 5843 812 5917 jam
842 5858 1006 5917 supra
1045 5844 1427 5903 annotavimus
1470 5859 1485 5899 :
1522 5856 1626 5899 nec
1660 5838 1859 5899 amnes
1892 5856 1987 5898 co-

2100 4598 2326 4663 schalis,
2360 4605 2494 4653 tom.
2519 4599 2587 4663 V,
2615 4605 2771 4667 parte
2803 4611 2862 4661 ιι,
2887 4610 3008 4667 pag.
3044 4593 3294 4649 I06-I25.

2169 4690 2222 4745 8.
2269 4689 2617 4761 Ἀφικόμενοι
2648 4705 2791 4752 τινες
2829 4687 2937 4741 ἀπὸ
2965 4685 3058 4741 τοῦ
3085 4687 3243 4756 ὅρους
3266 4683 3361 4738 τοῦ
3396 4683 3674 4752 Καλαμῶ-

2098 4800 2208 4847 νος.
2237 4782 2483 4853 Epistola
2516 4781 2586 4836 ad
2618 4779 2981 4852 Calosyrium,
3032 4778 3176 4833 libro
3213 4786 3397 4831 contra
3442 4774 3677 4830 Anthro-

2100 4874 2462 4944 pomorpltitas
2507 4871 2787 4942 pramissa
2839 4880 2973 4926 tom.
3002 4871 3114 4935 VII,
3146 4886 3201 4940 p.
3234 4868 3486 4925 565-365.
3512 4868 3673 4923 FABR.

2101 4966 2178 5020 De
2225 4964 2349 5019 cod.
2383 4962 2646 5018 Laurent.
2682 4963 2744 5018 V.
2787 4961 3018 5017 Bandini
3049 4959 3168 5016 Cat.
3205 4960 3355 5015 codd.
3406 4960 3595 5025 Lean,
3635 4961 3678 5027 I,

2097 5072 2153 5126 p.
2187 5055 2311 5120 I29,
2348 5071 2405 5109 n.
2438 5054 2528 5108 22.
2567 5054 2734 5109 ΗΑιιι..

2168 5147 2220 5200 9.
2255 5145 2539 5212 ’Λφξκοντο
2568 5145 2667 5216 μέν
2687 5162 2835 5210 τινες
2863 5147 3007 5201 κατὰ
3032 5145 3093 5199 τὸ
3123 5145 3313 5209 εἰωθὸς
3339 5146 3396 5197 ὲν
3437 5142 3683 5208 Ἀλεξαν-

2097 5234 2275 5305 δρείᾳ.
2309 5236 2553 5305 Epistola
2593 5236 2644 5301 I,
2683 5236 2751 5290 ad
2803 5237 3103 5293 monachos
3130 5236 3349 5308 Egypti
3395 5235 3491 5307 (ἡ),
3534 5237 3680 5290 scri-

2096 5335 2191 5396 pta
2248 5326 2313 5380 A.
2366 5325 2435 5381 'C.
2481 5325 2605 5381 429.
2648 5327 2804 5381 Tom.
2861 5328 2927 5392 V,
2982 5337 3140 5398 parte
3178 5345 3238 5394 ιι,
3272 5344 3394 5399 pag.
3428 5326 3576 5382 I-I9.
3619 5326 3681 5381 In

2097 5416 2249 5472 Actis
2288 5415 2506 5471 concilii
2545 5417 2830 5487 Ephesini,
2866 5427 3023 5489 parte
3063 5434 3100 5483 ι,
3150 5425 3285 5473 tom.
3313 5419 3337 5472 I
3364 5416 3494 5471 edit.
3536 5415 3682 5471 Binii

2090 5559 2244 5634 dices
2296 5558 2353 5613 in
2405 5559 2610 5629 quibus
2659 5561 2889 5634 singulas
2932 5561 3171 5618 humilia}
3224 5569 3388 5634 atque
3435 5556 3683 5634 epistolae

2088 5629 2369 5703 leguntur,
2388 5638 2619 5703 etquos
2654 5628 2857 5701 passim
2892 5640 2991 5687 aut
3017 5628 3318 5703 generatim
3356 5645 3521 5701 supra
3561 5628 3681 5682 Ian--

2090 5699 2237 5763 davi,
2270 5699 2362 5753 hic
2386 5699 2630 5756 iudicare
2655 5699 2833 5756 vacat.
2880 5699 3051 5758 ΗΑιιιῖ.

2164 5769 2413 5842 (ὑλνῌίᾱρ
2465 5771 2781 5842 'Iillemont.
2839 5782 2972 5827 tom.
3041 5770 3181 5836 XIV,
3227 5788 3282 5842 ι).
3341 5770 3465 5829 550.
3509 5770 3679 5832 Fui.

2091 5838 2262 5937 Mansi
2696 5858 2753 5915 p.
2791 5842 2894 5917 587
2925 5858 3046 5919 sqq.
3091 5838 3261 5907 υςιιιιζ.
