3998 6304
301 399 368 455 69

1518 401 1799 457 ΝΟΊΨῙΊΑ
1838 399 1927 455 EX
1977 398 2313 455 FABRICIO.

3481 400 3551 450 70

298 531 348 570 a.
376 512 533 578 1618,
574 529 698 585 pag.
734 512 790 569 9.
826 511 1066 583 Antiqua
1110 510 1294 568 versio
1326 511 1472 582 apud
1503 512 1785 567 Baluzium
1811 512 1864 566 in

2040 510 2130 566 20.
2167 511 2229 565 El
2255 509 2478 573 τέλειος,
2513 508 2697 578 φασὶν,
2731 507 2879 562 ἐστὶν
2930 509 2961 563 ὁ
3004 510 3196 581 Πατὴρ
3247 508 3305 563 ὲν
3337 511 3404 580 τῇ
3442 507 3551 579 ἰδίᾳ

294 603 440 660 Nova
471 602 673 659 collect.
712 603 1003 668 conciliat,
1031 617 1152 673 pag.
1200 601 1325 658 587.
1378 601 1569 674 [Mans
1618 611 1747 657 tom.
1799 603 1865 668 V,

294 692 792 853 iamth
830 781 881 836 οἱ
921 780 1104 835 πιστοὶ
1136 780 1398 853 σήμερον.
1438 780 1673 837 Humilia
1710 782 1765 837 in
1792 782 1870 837 fe-

293 884 436 931 stum
478 876 588 930 τῶν
629 875 819 945 βαῖων,
851 874 967 929 sive
988 871 1316 943 palmarum,
1351 880 1408 927 et
1440 872 1509 927 de
1538 872 1689 943 pullo
1703 873 1865 928 asini.

292 966 446 1027 Tum.
481 967 551 1032 V,
591 977 752 1037 parte
797 982 859 1029 ιι,
904 981 960 1036 ρ.
1016 964 1278 1029 591-405,
1318 965 1558 1035 primum
1606 966 1756 1022 edita
1796 967 1868 1023 al)

292 1059 535 1115 Auberto
586 1073 617 1113 e
672 1073 776 1113 ms.
809 1057 1018 1112 Bodlei.
1057 1055 1135 1128 [n.
1173 1055 1326 1129 119.]
1354 1057 1514 1113 FABR.
1545 1089 1615 1099 -—
1639 1057 1869 1115 Codices

293 1150 535 1221 quidam,
571 1158 631 1205 ut
662 1150 720 1205 in
762 1149 898 1204 Bibl.
942 1147 1187 1215 Coish'n.,
1223 1163 1345 1220 pag.
1377 1150 1502 1216 402,
1532 1167 1653 1207 eam
1684 1151 1865 1207 humi-

292 1240 416 1295 Iiam
460 1239 715 1294 tribuunt
749 1237 990 1310 Cyrillo;
1040 1239 1136 1295 alii
1184 1255 1319 1296 vero
1376 1240 1628 1311 Eulogio,
1683 1240 1866 1296 archi-

292 1331 457 1400 cpisc.
513 1320 883 1387 Alexaudﬁuo
908 1369 924 1393 ,
971 1345 1038 1384 ac
1092 1330 1280 1386 Graece
1325 1338 1383 1385 et
1431 1330 1551 1385 Lat.
1600 1339 1777 1386 exstat
1805 1330 1866 1387 in

291 1424 546 1479 Aut-tario
594 1440 729 1478 novo
774 1422 1111 1488 Comheﬂsii,
1169 1430 1305 1478 tom.
1358 1423 1401 1488 I,
1446 1438 1569 1495 pag.
1606 1424 1731 1491 651,
1766 1440 1866 1481 no-

294 1525 438 1569 tante
490 1514 779 1580 Fabricio‘,
831 1514 974 1569 iul‘ra
1015 1514 1127 1569 vol.
1174 1513 1281 1579 IX,
1313 1528 1435 1586 pag.
1474 1514 1576 1571 129
1621 1525 1730 1571 vet.
1770 1515 1860 1572 ed.

294 1605 459 1660 ΒΑΜ..

362 1699 449 1751 11.
509 1700 631 1751 Δεῖν
690 1697 878 1770 ᾠήθην
931 1700 1011 1770 τῇ⁴
1049 1699 1116 1769 σῇ
1163 1696 1464 1769 θεοσεϐείᾳ.
1509 1698 1754 1769 Epistula
1793 1697 1863 1753 ad

293 1786 580 1852 hortatum,
638 1786 919 1857 Nic0polis
977 1788 1032 1842 in
1073 1788 1247 1843 veteri
1299 1788 1470 1858 Epiro
1519 1787 1857 1859 episcopum.

1977 603 2380 675 μεγαλειότητι.
2418 602 2557 657 Vide
2596 617 2764 672 supra
2801 614 2957 657 num.
2992 600 3083 665 25,
3127 602 3182 655 in
3228 600 3551 657 recensione

1973 710 2203 765 operum
2243 704 2393 749 tumo
2419 694 2512 750 VII
2539 693 2771 749 Auberti
2800 700 3207 748 contentorum.

2045 786 2136 841 21.
2169 787 2416 840 “Exacta
2473 784 2585 839 τῶν
2647 783 2772 839 καθ’
2824 785 2973 855 ἡμᾶς
3007 783 3371 856 πραγμάτων.
3416 785 3544 856 Epi-

1973 879 2113 934 stula
2152 878 2240 944 59,
2288 876 2355 933 ad
2393 877 2664 933 Domuum
2698 876 2983 932 canonica.
3017 874 3172 929 Tom.
3207 874 3321 939 VII,
3359 890 3415 945 p.
3446 875 3548 931 209

1973 984 2152 1039 seqq.,
2178 977 2234 1024 et
2264 976 2397 1023 tom.
2428 967 2476 1022 Il
2517 965 2715 1023 Com-it.
2753 964 2980 1029 Labhei,
3021 981 3078 1035 p.
3116 963 3295 1031 1488;
3332 972 3388 1018 et
3425 982 3546 1019 cum

1973 1059 2251 1114 Theodori
2300 1057 2636 1113 Balsamonis
2670 1056 2894 1112 scholiis
2928 1065 3059 1111 tum.
3098 1056 3141 1111 Il
3168 1055 3416 1127 Synodici
3448 1056 3546 1109 Be-

1970 1151 2271 1223 veregiani,
2297 1167 2354 1222 p.
2390 1150 2511 1205 175.
2549 1149 2706 1204 Fara.
2745 1177 2816 1189 —
2844 1148 2911 1204 V.
2955 1147 3156 1220 passim
3185 1149 3297 1219 jam
3339 1160 3542 1201 memo-

1971 1250 2122 1298 ratos
2147 1242 2309 1298 codd.
2567 1294 2579 1310 ,

1970 1354 1973 1357 ·
2042 1330 2239 1388 Oxonii
2276 1333 2333 1387 in
2361 1332 2484 1389 cod.
2524 1331 2748 1387 Barocc.
2777 1330 2983 1387 CLVIII
3014 1329 3150 1385 bibl.
3189 1329 3398 1385 Bodlei.

2042 1422 2274 1478 Taurini
2299 1422 2352 1477 in
2374 1423 2498 1479 cod.
2521 1421 2634 1487 CV,
2667 1421 2724 1476 in
2758 1420 2877 1477 Cat.
2902 1421 3024 1474 bibl.
3059 1420 3304 1485 Taurin.,
3337 1419 3539 1490 p.195.

2039 1514 2099 1570 In
2140 1512 2263 1569 cod.
2306 1512 2509 1570 Caesar.
2555 1512 2740 1579 XLIV,
2799 1527 2857 1566 ιι.
2898 1511 2987 1575 54,
3018 1525 3146 1581 epp.
3195 1511 3221 1564 1
3274 1510 3345 1566 ad
3377 1510 3537 1566 Maxi-

1968 1620 2141 1669 mum,
2195 1604 2338 1659 diae.
2390 1604 2755 1669 Antiochum;
2805 1602 2841 1657 2
2891 1601 2958 1657 ad
2988 1601 3373 1669 Gennadium;
3405 1602 3439 1656 5
3472 1601 3538 1656 ad

1967 1696 2239 1752 Domuum
2292 1696 2585 1761 Antioch.;
2628 1695 2663 1749 4
2710 1693 2778 1749 ad
2828 1693 3120 1764 episcopos
3181 1694 3238 1747 in
3284 1693 3453 1765 Libya
3488 1703 3537 1748 et

1967 1786 2290 1857 Pentapoli;
2347 1794 2512 1857 atque
2567 1802 2624 1839 ιι.
2671 1785 2705 1840 5
2735 1793 2791 1840 et
2818 1786 2872 1850 4,
2919 1784 2974 1838 in
3012 1783 3136 1839 cod.
3172 1783 3334 1849 XLV,
3363 1799 3421 1838 ιι.
3448 1784 3537 1839 29.

294 1879 445 1933 Tum.
480 1879 547 1944 V,
581 1887 739 1950 parte
768 1895 826 1945 ιι,
851 1896 907 1951 ρ.
946 1880 1202 1945 155-157,
1235 1896 1304 1935 ex
1327 1889 1483 1950 parte
1518 1896 1574 1935 ιιι
1604 1880 1865 1936 Actorum
1897 1864 1941 1920 Β
1966 1877 2032 1931 V.
2074 1877 2330 1933 Lambec.
2375 1877 2527 1943 VIII,
2568 1893 2624 1948 p.
2681 1876 2784 1932 887
2832 1886 2888 1932 et
2945 1876 3051 1930 914
3093 1890 3210 1946 seq.
3239 1876 3388 1930 —In
3414 1876 3536 1930 cod.

294 1969 505 2024 concilii
547 1969 835 2039 Ephesini,
869 1977 1003 2023 tum.
1045 1968 1068 2024 Ι
1102 1969 1267 2034 Binii,
1302 1985 1357 2040 p.
1391 1969 1515 2025 446.
1548 1969 1739 2025 Latina
1767 1986 1865 2025 ve-

296 2067 379 2113 tus
418 2059 607 2115 versio
661 2067 841 2113 exstat
888 2058 944 2113 iu
980 2058 1252 2130 Synodico
1302 2068 1494 2115 contra
1543 2060 1866 2131 tragoediam

295 2150 501 2215 lrenaei,
528 2166 652 2222 pag.
693 2150 816 2207 909.
848 2151 1034 2205 Baluz.
1072 2151 1222 2206 Nova
1254 2151 1469 2206 collect.
1507 2151 1792 2207 concilior.

361 2241 446 2294 12.
480 2240 645 2293 Δεῦτε
689 2240 775 2311 δὴ.
828 2239 983 2293 δεῦτε
1028 2240 1211 2302 πάλιν,
1236 2239 1712 2311 ἀγαλλιασώμεθα.
1751 2240 1865 2297 Ilo-

294 2332 439 2388 milia
469 2347 522 2385 ιι
553 2330 845 2401 paschalis.
881 2330 1038 2385 Tom.
1071 2331 1136 2394 V,
1169 2340 1325 2400 parte
1350 2347 1408 2396 ιι,
1444 2347 1499 2402 ρ.
1535 2331 1794 2388 142-161.

362 2422 448 2476 15.
490 2417 654 2478 Δεῦτε
692 2421 875 2484 πάλιν,
915 2419 1374 2491 ἀγαλλιασώμεθα
1400 2421 1478 2491 τῷ
1513 2422 1725 2491 Κυρίῳ.
1758 2422 1868 2477 110-

292 2508 437 2563 milia
487 2521 554 2563 xv
582 2508 873 2579 paschalis.
915 2507 1071 2563 Tom.
1108 2508 1172 2574 V,
1207 2518 1363 2579 parte
1405 2525 1467 2575 ιι,
1511 2525 1567 2581 ρ.
1603 2509 1860 2567 198-210.

365 2599 451 2653 14.
495 2598 729 2668 Διψῶντί
771 2616 860 2669 μοι
890 2598 1052 2653 πάλιν
1080 2598 1180 2670 τῆς
1207 2598 1362 2671 ὑμῶν
1391 2601 1707 2666 ἐπιεικείας.
1737 2602 1866 2673 Epi-

292 2690 425 2744 stula
458 2690 526 2746 19
554 2690 847 2760 posterior,
871 2705 902 2746 e
932 2690 1127 2746 Rhodo
1155 2691 1377 2762 scripta,
1409 2700 1534 2748 ante
1572 2693 1861 2764 synodum,

293 2780 359 2835 ad
403 2781 616 2837 clerum
666 2783 1041 2854 populumque
1088 2781 1538 2838 Alexandrinum.
1584 2784 1752 2839 'Tom.
1795 2786 1860 2852 V,

295 2865 445 2940 parte
491 2886 552 2935 ιι,
586 2885 642 2941 ρ.
670 2870 759 2937 85,
796 2886 866 2926 ex
892 2880 1047 2942 parte
1079 2888 1096 2927 ι
1123 2874 1306 2927 Actor.
1331 2873 1523 2945 synodi
1552 2874 1861 2945 Ephesium,

296 2972 423 3015 tum.
451 2961 471 3015 l
502 2960 667 3027 Binii,
706 2977 829 3033 pag.
860 2962 979 3017 165.

372 3053 461 3107 15.
504 3054 684 3121 Ἔγνω
733 3071 837 3107 που
890 3054 1111 3118 πάντως
1163 3055 1257 3109 καὶ
1311 3054 1398 3110 διὰ
1449 3044 1676 3111 πολλῶν.
1729 3057 1863 3129 Epi-

292 3144 426 3200 stula
454 3146 491 3199 2
518 3145 587 3201 ad
615 3146 775 3201 Joan.
813 3147 1241 3203 Antiochenam.
1286 3148 1443 3205 Tom.
1499 3151 1565 3215 V,
1598 3161 1754 3221 parte
1801 3168 1860 3218 ιι,

294 3252 347 3306 ρ.
401 3235 588 3300 42-44,
640 3252 710 3292 ex
757 3245 912 3307 parte
942 3253 959 3292 ι
993 3238 1254 3295 Actorum
1300 3239 1519 3296 concilii
1577 3241 1859 3312 Ephesini,

293 3331 422 3378 tum.
455 3326 477 3380 1
505 3326 673 3392 Binii,
702 3342 826 3398 pag.
856 3327 978 3382 144.
1014 3328 1176 3383 FABR.

361 3416 447 3475 16.
492 3417 643 3471 Ἔδει
684 3418 788 3486 μὲν
844 3418 1129 3490 ἀρκεῖσθαι
1158 3420 1278 3483 ταῖς
1314 3419 1423 3485 τῶν
1462 3421 1860 3493 προλαϐόντων.

295 3504 527 3563 Humilia
564 3508 767 3578 Ephesi
801 3508 968 3573 dicta,
1002 3524 1127 3564 cum
1169 3521 1400 3582 synaxes
1448 3521 1861 3583 peragerentur,

295 3598 540 3670 deposito
565 3598 843 3655 Nestorio.
880 3599 945 3654 τ.
979 3600 1044 3666 V,
1073 3609 1229 3669 parte
1272 3616 1331 3665 ιι,
1361 3616 1484 3671 pag.
1512 3602 1772 3657 558-561.
1803 3602 1865 3657 In

294 3689 499 3745 Latinis
529 3690 868 3746 cditionibus
919 3700 1099 3746 exstat
1153 3706 1220 3746 ex
1273 3691 1528 3747 versione
1555 3692 1865 3766 Woll‘gaugi

295 3781 540 3837 Husculi.
574 3782 680 3838 Sed
709 3782 985 3838 Aubertus
1012 3784 1251 3839 servavit
1271 3785 1581 3840 versionem
1627 3801 1864 3855 quacum

299 3873 495 3945 legitur
548 3874 607 3929 in
672 3883 828 3945 parte
885 3891 924 3931 ιι
967 3877 1230 3931 Actorum
1284 3877 1475 3947 synodi
1533 3877 1821 3947 Ephesime
1844 3918 1860 3943 ,

295 3971 422 4017 tom.
460 3964 483 4018 ἰ
509 3964 677 4031 Βὶιιὶί,
710 3981 765 4036 ρ.
812 3965 938 4021 219.
970 3965 1089 4022 Alia
1120 3977 1282 4023 vetus
1308 3968 1687 4040 interpretatio
1716 3971 1863 4041 apud

293 4052 593 4121 Baluzium,
626 4072 682 4126 p.
716 4057 820 4113 548
849 4057 1013 4114 Novae
1048 4059 1264 4116 collect.

359 4147 447 4201 17.
481 4148 545 4201 Ei
573 4148 669 4202 καὶ
707 4147 1044 4222 πλατύτερον
1073 4149 1199 4204 εδει.
1253 4151 1494 4221 Epistula
1538 4153 1629 4220 22,
1660 4154 1728 4210 ad
1755 4155 1865 4211 cle—

293 4251 411 4292 rum
442 4239 816 4310 populumque
844 4240 1023 4305 Alex.,
1056 4249 1191 4296 tum.
1226 4242 1292 4307 V,
1317 4253 1470 4312 parte
1495 4260 1551 4309 ιι,
1578 4260 1633 4315 p.
1668 4245 1763 4309 79,
1794 4261 1863 4302 ex

291 4338 443 4396 parte
470 4345 511 4384 ιι
541 4328 804 4384 Actorum
842 4331 1034 4402 synodi
1084 4330 1394 4402 Ephesium,
1448 4343 1580 4389 tom.
1634 4334 1655 4389 Ι
1696 4334 1860 4403 Binii,

292 4433 347 4488 p.
384 4419 512 4474 217.

361 4509 545 4564 {8.15%
578 4510 680 4581 μὲν
712 4505 772 4566 εὖ
810 4510 1010 4576 ειδότες
1038 4511 1238 4567 ἀθλεῖν.
1272 4512 1506 4569 Humilia
1537 4514 1594 4570 in
1640 4488 1861 4572 transll-
1892 4546 1937 4602 ι,

293 4604 633 4669 gurationem
676 4603 913 4671 Domini,
944 4604 1132 4661 Graece
1177 4606 1419 4677 primum
1462 4606 1610 4662 edita
1641 4624 1671 4663 a
1701 4609 1858 4665 Joan.

294 4692 529 4749 Meursio
575 4694 631 4749 iu
685 4693 857 4750 Variis
906 4697 1093 4761 sacris,
1134 4695 1308 4768 Lugd.
1354 4697 1472 4752 Bat.
1513 4697 1670 4763 1619,
1715 4698 1861 4764 iu—4,

291 4799 411 4855 pag.
477 4787 634 4842 1-15.
691 4786 752 4842 In
809 4785 1040 4843 Auberti
1091 4788 1335 4843 editione
1387 4788 1627 4859 Operum
1675 4788 1862 4861 Cyrilli

294 4884 422 4930 tum.
452 4875 519 4942 V,
552 4885 709 4946 parte
732 4893 789 4942 ιι,
818 4893 875 4948 ρ.
916 4878 1181 4944 552-554,
1212 4878 1401 4935 Graece
1426 4888 1483 4935 et
1523 4879 1741 4940 Latine.
1770 4880 1865 4951 qui

292 4968 496 5023 rectius
526 4968 659 5039 legit
690 4971 739 5022 οἱ
789 4969 887 5039 μὲν
913 4963 972 5023 εὖ
1012 4968 1231 5032 εἰδότες.

359 5059 446 5113 19.
477 5060 540 5112 Εἰ
577 5060 676 5129 μὲν
705 5054 775 5130 ἦν
813 5059 1089 5131 σιωπῆσαι
1123 5060 1217 5114 καὶ
1268 5061 1365 5133 μή.
1395 5060 1639 5131 Epistula
1692 5060 1747 5127 9,
1797 5062 1866 5117 ad

290 5147 645 5207 Caelestinum
695 5152 1013 5222 episcopum
1066 5151 1250 5218 Rom.,
1312 5160 1444 5209 tom.
1500 5153 1567 5219 V,
1618 5163 1774 5225 parte
1804 5146 1903 5220 n,‘

289 5259 342 5310 ρ.
375 5244 563 5310 56-59,
598 5260 665 5299 ex
691 5254 847 5314 parte
874 5260 892 5299 1
930 5245 1052 5300 Act.
1081 5245 1298 5300 concilii
1353 5245 1635 5317 Ephesiui,
1677 5256 1809 5302 tom.
1842 5248 1865 5302 Ι

288 5334 450 5397 Binii,
510 5351 567 5405 p.
610 5335 731 5390 129.
769 5336 1245 5402 ΕΑιιιι.-Μιιιιεί,
1294 5346 1427 5393 tom.
1477 5338 1567 5403 IV,
1620 5355 1676 5410 p.
1729 5339 1865 5395 1012

287 5442 406 5498 sqq.
440 5428 636 5483 Melius
668 5444 756 5498 ap.
790 5428 1073 5485 Constant.
1104 5444 1160 5499 p.
1204 5427 1341 5484 1085
1368 5444 1512 5499 sqq.,
1547 5437 1681 5485 teste
1710 5430 1862 5485 Wal-

286 5517 411 5571 chiu
444 5516 483 5571 l.
517 5532 593 5582 c.,
635 5531 692 5587 p.
737 5516 841 5571 595
870 5531 1014 5586 sqq.,
1049 5530 1214 5586 quem
1262 5515 1534 5580 conferes,
1566 5524 1623 5571 et
1655 5532 1709 5587 p.
1757 5518 1862 5573 458

261 5624 429 5678 νείμῃ,
469 5624 533 5663 ac
649 5606 755 5663 678
781 5623 891 5678 sq.,
920 5607 989 5662 de
1016 5606 1315 5665 leestino
1335 5609 1565 5679 ejusque
1595 5608 1715 5665 aliis
1737 5609 1859 5679 cpi-

285 5699 456 5753 stolis.
491 5699 665 5754 “ABL.
1088 5742 1093 5749 .
1441 5742 1446 5747 .

1889 3205 1931 3262 C

1965 1965 2128 2033 XLV,
2165 1983 2223 2022 ιι.
2260 1968 2348 2032 12,
2385 1968 2481 2023 ubi
2524 1967 2754 2038 epistula
2796 1967 2888 2022 illa
2930 1966 3303 2022 subdividitur
3339 1967 3394 2021 in
3432 1974 3540 2021 tres

1967 2072 2228 2115 canones.
2288 2059 2355 2115 V.
2419 2060 2623 2116 Kollar.
2663 2059 2853 2131 Suppl.
2891 2059 2958 2114 ad
3008 2059 3287 2123 Lambec.,
3318 2074 3374 2130 p.
3415 2058 3536 2113 520.

1966 2150 2107 2206 Ibid.
2136 2167 2193 2206 ιι.
2222 2151 2309 2216 15,
2346 2151 2507 2222 epist.
2546 2151 2616 2206 ad
2647 2151 2817 2221 episc.
2851 2149 3037 2223 Libya:
3064 2162 3120 2205 et
3148 2150 3537 2220 Pentapoleos;

1968 2253 2201 2315 utraque
2223 2244 2278 2298 in
2307 2242 2584 2316 Synodico
2621 2251 2754 2299 tom.
2793 2242 2859 2307 ll,
2901 2258 2956 2313 p.
2996 2241 3118 2296 178.
3160 2241 3327 2297 mn...

2036 2334 2125 2388 22.
2161 2330 2403 2404 Ἔμαθον
2431 2334 2582 2404 παρὰ
2608 2334 2701 2387 τοῦ
2731 2333 3016 2403 ἀγαπητοῦ
3044 2331 3366 2403 μονάζοντος
3392 2329 3536 2384 Dati-

1965 2425 2080 2480 λου.
2128 2426 2303 2497 Epist.
2332 2426 2421 2480 49.
2457 2424 2949 2480 Commonitorium
2981 2424 3048 2480 ad
3085 2424 3399 2490 Maximum,
3424 2424 3534 2479 dia-
3624 2478 3628 2485 ,

1965 2531 2163 2572 conum
2204 2517 2626 2573 Antiochenum.
2656 2516 2736 2573 Id.
2770 2534 2827 2589 p,
2861 2516 2984 2572 192.

2033 2609 2122 2663 25.
2168 2609 2417 2679 Ἐμφανῆ
2443 2609 2540 2680 μὲν
2570 2607 2912 2680 καθίστησιν.
2948 2606 3190 2679 Epistula
3224 2607 3312 2673 59,
3353 2618 3533 2678 poste-

1964 2701 2080 2757 rior
2118 2700 2187 2756 dc
2243 2699 2350 2755 ﬁde
2403 2699 2470 2755 ad
2517 2698 2875 2756 Succensum.
2915 2700 2995 2755 Id.
3036 2716 3092 2772 p.
3127 2702 3386 2758 141-151.
3431 2702 3535 2759 Sed

1965 2801 2116 2856 nota,
2172 2800 2382 2862 partem
2418 2791 2780 2861 posteriorem
2821 2807 2852 2847 a
2899 2807 3024 2864 pag.
3083 2793 3185 2847 145
3232 2808 3347 2865 seq.
3397 2793 3538 2848 male

1964 2891 2202 2937 assutam
2225 2897 2292 2936 ex
2328 2881 2555 2951 cpistola
2594 2880 2660 2936 ad
2699 2882 2956 2937 Acacium
2989 2897 3045 2952 p.
3080 2882 3183 2939 115
3212 2898 3353 2954 seq.,
3390 2884 3535 2954 quod

1965 2971 2188 3028 Usserio
2242 2972 2407 3026 etiam
2461 2971 2692 3040 pulchre
2742 2970 3116 3025 observatum.
3156 2970 3348 3027 Latina
3380 2981 3534 3028 vetus

1964 3061 2146 3116 versio
2173 3069 2352 3116 exstat
2380 3060 2436 3115 in
2470 3060 2740 3133 Synodico
2773 3069 2960 3115 contra
2996 3061 3317 3133 tragoediam
3347 3062 3535 3117 lrenaei

1964 3153 2109 3224 apud
2158 3152 2345 3207 Baluz.
2382 3168 2438 3223 p.
2500 3151 2623 3207 925.
2664 3152 2803 3209 Vide
2853 3162 2910 3207 et
2955 3166 3077 3223 pag.
3119 3151 3222 3207 786
3255 3167 3371 3221 seq.
3400 3152 3539 3207 Pro-

1964 3241 2182 3295 dicrant
2240 3256 2460 3310 quoque
2512 3240 2685 3295 ambae
2729 3238 2917 3312 Cyrilli
2956 3239 3025 3294 ad
3059 3238 3393 3295 Succensum
3425 3240 3543 3310 epi-

1964 3332 2139 3397 stolas,
2164 3331 2426 3404 Dionysio
2461 3331 2673 3401 Exiguo
2718 3331 3045 3400 interprete,
3076 3331 3135 3383 in
3164 3330 3413 3384 Antidota
3439 3331 3538 3385 ad-

1963 3439 2143 3476 versus
2189 3422 2430 3485 horresce,
2467 3421 2628 3474 Basil.
2677 3419 2834 3485 1528,
2879 3419 2971 3474 fol.
3017 3419 3220 3474 Locum
3254 3436 3321 3475 ex
3353 3430 3541 3491 poste-

1966 3513 2113 3567 riore
2148 3512 2379 3581 epistola
2410 3512 2653 3567 vindicat
2702 3520 2892 3567 contra
2924 3511 3254 3567 Severianus
3304 3513 3539 3584 Ephrai-

1965 3616 2089 3659 mus
2145 3604 2288 3674 apud
2344 3602 2620 3658 Photium.
2654 3603 2777 3658 cod.
2815 3618 3023 3668 ccxxxx,
3078 3603 3173 3674 qui
3226 3613 3283 3659 et
3339 3604 3546 3675 prioris

1964 3695 2234 3751 meminit.
2261 3694 2399 3750 Vide
2440 3702 2495 3749 et
2532 3695 2880 3751 collationem
2924 3709 3049 3750 cum
3081 3693 3394 3751 Severianis
3422 3698 3540 3753 sive

1962 3786 2277 3857 Acephalis,
2325 3784 2568 3840 habitam
2621 3784 3093 3857 Constantinopoli
3146 3785 3213 3841 A.
3270 3784 3331 3843 C.
3392 3787 3538 3855 552,

1966 3886 2097 3932 tum.
2120 3876 2166 3931 II
2192 3874 2358 3941 Binii,
2398 3892 2454 3946 p.
2483 3875 2607 3931 661.
2637 3875 2797 3931 Fanu.

2035 3987 2292 4059 Epistolze
2346 3986 2469 4043 duae
2534 3987 2606 4042 ad
2658 3987 2997 4043 Succensum
3060 3988 3235 4045 Paris.
3294 3988 3351 4043 in
3411 3987 3537 4045 cod.

1962 4079 2402 4147 DCCCLXXXII,
2429 4096 2488 4134 ιι.
2525 4079 2581 4146 9,
2613 4089 2669 4136 et
2702 4096 2761 4135 ιι.
2800 4080 2855 4146 4,
2884 4080 3119 4151 epistola
3140 4095 3255 4152 seq.
3293 4080 3363 4136 ad
3391 4080 3537 4136 Evo-

1963 4167 2162 4239 ptium.
2199 4168 2367 4223 HARL.
2878 4166 2891 4185 ’·

2032 4279 2122 4334 24.
2160 4280 2439 4350 Ἐνέτυχον
2457 4281 2569 4342 τοῖς
2602 4278 2755 4350 παρὰ
2784 4278 2887 4349 τῆς
2912 4279 3012 4349 σῆς
3043 4277 3370 4341 οεοσεῦείας.
3404 4278 3538 4349 Epi-

1964 4370 2103 4426 stula
2127 4370 2193 4426 ad
2220 4370 2532 4440 Evoptium.
2564 4368 2720 4423 Tom.
2744 4369 2857 4433 VII,
2882 4385 2937 4439 p.
2966 4367 3070 4421 200
3096 4382 3248 4438 seqq.
3284 4368 3420 4423 Vide
3447 4385 3541 4424 su-

1964 4479 2086 4534 pra,
2116 4478 2273 4517 num.
2307 4461 2396 4527 19,
2436 4461 2493 4516 in
2515 4460 2836 4516 recensione
2862 4474 3091 4530 operum
3115 4475 3235 4530 qua:
3256 4467 3435 4516 tomus
3448 4461 3538 4516 VII

1967 4554 2195 4611 Auberti
2232 4553 2498 4609 continet.

2028 4668 2119 4723 25.
2169 4666 2451 4737 Ἑνέτυχον
2486 4664 2585 4735 μὲν
2608 4663 2687 4736 τῷ
2726 4663 3138 4737 ὐπομνηστικῷ.
3173 4665 3416 4736 Epistula
3445 4664 3534 4731 '58,

1959 4759 2114 4829 prior
2160 4757 2229 4813 de
2276 4755 2383 4812 ﬁde
2433 4756 2502 4810 ad
2549 4755 2887 4811 Succensum
2927 4754 3038 4826 (a),
3089 4754 3442 4810 Diocmsareae
3482 4756 3539 4810 in

1962 4851 2169 4906 Isauria
2213 4849 2552 4919 episcopum.
2598 4849 2754 4903 Tom.
2786 4849 2851 4912 V,
2885 4855 3041 4917 parte
3083 4862 3141 4911 ιι,
3181 4862 3237 4916 ρ.
3275 4847 3538 4913 155-141,

1963 4951 2021 4999 et
2044 4958 2112 4998 ex
2136 4942 2311 4998 veteri
2331 4942 2585 4998 versione
2617 4941 2761 5011 apud
2787 4938 3091 5004 Baluzium,
3123 4953 3179 5009 p.
3220 4938 3326 4993 9l8
3347 4954 3465 5008 seq.

2039 5032 2127 5089 9.6.
2168 5033 2263 5086 Ἐν
2299 5033 2399 5103 μὲν
2431 5033 2618 5103 ἔμοιγε
2646 5032 2740 5085 καὶ
2764 5030 2883 5084 λίαν
2904 5029 3165 5102 θυμῆρες.
3189 5029 3422 5086 Humilia
3451 5047 3539 5086 ιιι

1967 5124 2255 5194 paschalis.
2287 5123 2444 5179 Tom.
2473 5122 2538 5188 V,
2573 5131 2726 5192 parte
2753 5136 2812 5186 ιι,
2845 5135 2967 5191 pag.
2999 5120 3257 5177 265-269;

2036 5238 2126 5293 27.
2171 5238 2387 5309 Ἐπειδή
2421 5253 2511 5308 μοι
2541 5236 2818 5307 γέγραφεν
2856 5238 2890 5309 ἡ
2926 5235 3180 5292 εὐλάϐεια
3206 5237 3378 5309 ὑμῶν.
3410 5237 3542 5308 Epi-

1967 5333 2105 5389 stula
2132 5333 2186 5397 6,
2212 5332 2279 5386 ad
2308 5346 2403 5386 eos
2440 5328 2535 5399 qui
2557 5330 2704 5399 vulgi
2735 5330 3054 5386 rumoribus
3074 5346 3396 5401 persuasum
3430 5332 3543 5386 aie-

1966 5424 2101 5479 bant
2133 5422 2385 5478 Nestorio
2411 5421 2699 5477 restitisse.
2732 5421 2889 5477 Tum.
2921 5423 2985 5485 V,
3017 5430 3169 5492 parte
3212 5438 3272 5487 ιι,
3313 5438 3436 5493 pag.
3473 5423 3542 5477 50

1968 5532 2109 5586 seq.,
2167 5531 2234 5570 ex
2276 5522 2430 5584 parte
2480 5530 2497 5567 ι
2544 5513 2729 5570 Actor.
2769 5514 2989 5571 concilii
3020 5513 3302 5584 Ephesiui.
3331 5514 3487 5570 Tom.
3520 5515 3541 5570 l

1968 5607 2131 5667 Binii.
2170 5605 2379 5677 p.125.

2037 5697 2129 5753 28.
2199 5696 2415 5768 Ἐπειδὴ
2477 5694 2782 5769 πρώτιστον
2843 5695 2973 5766 ἡμῖν
3019 5697 3133 5759 τοῖς
3174 5694 3538 5767 Χριστιανοῖς.

356 5810 429 5883 (a)
458 5811 535 5866 Dc
566 5811 663 5865 illo
686 5809 961 5867 Succenso
999 5788 1383 5868 Tillemontius
1414 5821 1545 5867 tum.
1580 5811 1719 5877 XIV,
1749 5828 1871 5884 pag.
1897 5809 2018 5869 570.
