3998 6304
434 357 497 418 71
1660 320 1948 408 norma
1985 354 2016 409 Ii

2141 352 2453 411 τΑΒιιιειο.
3631 356 3704 414 72

436 477 574 537 Vide
608 487 982 546 supra,.num.
1015 470 1105 527 25.
1143 469 1200 528 in
1236 468 1558 527 recensione
1588 472 1720 526 tomi
1756 472 1848 529 VII
1873 469 2017 543 Opp.
2052 480 2092 534 Α
2123 473 2405 529 homiliam
2461 471 2773 543 paschalem
2831 485 2982 547 xvnl.
3051 470 3209 529 Tom.
3262 471 3306 528 V
3334 512 3351 538 ,
3398 485 3555 544 parte
3618 489 3657 532 ιι
3684 516 3703 543 ,

435 567 644 625 Cvrilli.

484 587 767 711 ,ἑξῖιίῈπὶ
792 651 984 724 καιροῦ
1015 651 1079 722 δὴ
1103 650 1265 705 πάλιν
1293 652 1354 706 τὸ
1383 652 1472 708 διὰ
1497 653 1618 723 τῆς.
1652 652 1895 708 Homilia
1926 667 2023 724 pa-

438 747 641 804 schalis
658 762 770 800 xix.
798 745 956 800 Tom.
990 744 1056 807 V,
1088 753 1246 815 parte
1297 760 1357 811 ιι,
1390 761 1514 815 pag.
1542 745 1804 800 247-257.

505 836 593 890 50.
639 834 1127 907 ἘπιΛαμϐάνονται
1166 852 1308 898 τινες
1360 835 1462 906 τῆς
1504 834 1796 898 ἐκθέσεως.
1852 834 2022 892 Com-

440 928 793 985 monitorium
820 928 889 983 ad
917 926 1209 998 Eulogium
1241 926 1430 997 presb.
1466 926 1624 981 Tom.
1664 926 1731 992 V,
1776 937 1934 997 parte
1960 943 2018 993 ιι,

440 1035 494 1089 p.
529 1018 651 1083 152,
692 1019 837 1073 inter
878 1018 1139 1089 epistolas
1169 1018 1259 1082 57,
1289 1032 1358 1071 ex
1385 1026 1539 1090 parte
1569 1033 1627 1073 ιιι
1666 1018 1855 1075 Actor.
1886 1034 2024 1075 θοι-

436 1110 549 1165 cilii
598 1108 881 1179 Ephesini.
926 1108 1083 1164 Tom.
1130 1109 1152 1164 I
1203 1109 1367 1174 Binii,
1399 1125 1453 1179 p.
1490 1110 1614 1166 444.
1645 1110 1817 1167 Vetus
1836 1111 2023 1167 versio

438 1207 619 1254 exstat
641 1199 784 1269 apud
813 1198 1115 1263 Baluzium,
1149 1215 1203 1269 p.
1236 1199 1337 1254 597
1375 1215 1531 1254 novae
1565 1199 1793 1259 Collect.
1836 1201 2026 1256 Memi-

440 1290 522 1344 nit
548 1290 712 1360 hujus
733 1290 979 1359 epistolae
1001 1289 1312 1355 Liberatus,
1336 1305 1456 1360 cap.
1481 1288 1544 1356 9;
1577 1288 1841 1360 Eulogius
1858 1297 2024 1361 atque

439 1382 769 1453 Ephraimus
825 1381 971 1452 apud
1020 1382 1278 1436 Photium
1304 1422 1320 1447 ,
1366 1389 1477 1436 etc.
1518 1381 1653 1438 Vide
1702 1381 2020 1439 Tillemont.

441 1484 574 1530 tom.
610 1473 751 1541 XIV,
799 1490 853 1544 p.
902 1473 1005 1529 568
1056 1488 1174 1546 seq.
1209 1472 1551 1539 Quibusdam
1601 1472 1657 1527 in
1694 1473 1831 1528 locis
1860 1473 2023 1533 falsa-

441 1573 580 1629 tum,
626 1563 803 1628 fuere,
837 1564 933 1634 qui
956 1571 1275 1634 arguerent.
1332 1563 1469 1618 Vide
1514 1562 1864 1619 collationem
1896 1578 2023 1621 cum

439 1655 755 1713 Severianis
805 1656 922 1713 sive
972 1654 1267 1725 Acephalis
1310 1652 1785 1724 Constantinopoli
1844 1657 1910 1709 A.
1957 1653 2019 1709 C.

437 1748 547 1803 552
576 1748 842 1813 habitam,
882 1755 1013 1801 tom.
1046 1740 1090 1801 II
1126 1735 1270 1800 Binii
1306 1761 1362 1815 ι).
1401 1746 1525 1800 661.
1555 1745 1614 1800 In
1650 1745 1757 1800 hoc
1778 1760 2022 1801 comme-

2123 580 2179 635 ρ.
2209 563 2333 619 255.

2191 650 2280 705 59.
2321 651 2386 704 Ἦ
2434 649 2729 722 Νεστορὶου
2761 651 2968 715 ’πίστις
3028 652 3231 724 μᾶλλον
3288 654 3347 708 δὲ
3389 654 3702 722 κακοδοξία.

2120 739 2634 808 Commonitorium,
2692 743 2988 798 Posidonio
3043 744 3267 811 datum,
3310 762 3439 805 cum
3476 756 3705 819 prepter

2120 830 2359 885 Nestorii
2386 848 2603 887 causam
2637 834 2950 889 mitteretur
2975 834 3042 889 ad
3069 835 3365 891 concilium
3393 838 3703 895 Romanum

2123 920 2187 977 A.
2215 921 2277 977 C.
2308 922 2430 977 450.
2463 923 2542 978 Ex
2571 923 2848 979 Sirmondi
2881 925 3099 981 schedis
3116 941 3242 981 cum
3261 928 3418 983 Joan.
3442 928 3703 985 Gamerii

2122 1013 2376 1069 versione
2420 1014 2598 1069 edidit
2639 1014 2830 1085 Steph.
2891 1016 3147 1072 Baluzius
3187 1018 3243 1073 in
3287 1019 3437 1075 Nova
3481 1019 3703 1075 Collet‘l.

2121 1103 2417 1171 conciliat,
2452 1121 2508 1177 p.
2539 1105 2662 1161 577.
2701 1107 2872 1162 Paris.
2914 1108 3071 1173 1685,
3107 1109 3201 1165 fol.
3238 1110 3451 1166 Prodiit
3481 1120 3539 1166 et
3575 1126 3705 1168 cum

2122 1196 2377 1255 Gamerii
2430 1199 2687 1255 versione
2739 1209 2796 1255 et
2841 1200 2990 1257 notis
3043 1200 3098 1258 in
3143 1202 3410 1258 Auctario
3459 1203 3704 1273 Operuin

2123 1291 2478 1359 Theodoreti,
2508 1308 2562 1365 p.
2590 1294 2679 1349 51.
2715 1295 2888 1350 Paris.
2923 1294 3083 1359 1684,
3116 1295 3174 1350 in
3202 1295 3299 1350 fol.
3336 1296 3498 1351 FABR.
3534 1327 3606 1338 —
3634 1298 3703 1353 V.

2124 1382 2390 1447 Harduin,
2432 1381 2569 1438 Coll.
2619 1383 2830 1449 concil.,
2883 1384 2926 1449 I,
2961 1401 3083 1456 pag.
3140 1386 3702 1445 1519.—Coustant.

2124 1471 2265 1544 Epp.
2292 1471 2560 1541 Pontilia,
2587 1480 2721 1529 tom.
2750 1474 2792 1536 I,
2814 1490 2870 1545 p.
2908 1475 3045 1530 1095
3072 1491 3262 1546 seqq.;
3290 1476 3465 1531 Μοιιεί
3498 1477 3702 1533 Concil.

2125 1572 2258 1617 tom.
2304 1564 2392 1629 IV,
2428 1580 2483 1634 p.
2531 1564 2669 1632 548;
2713 1565 2927 1620 Walcb.
2968 1566 3006 1620 I.
3048 1582 3125 1633 c.,
3173 1583 3228 1638 p.
3262 1568 3368 1623 595
3398 1583 3539 1638 seq.,
3568 1570 3707 1626 151—-

2122 1656 2246 1712 458.
2284 1655 2450 1710 Ηιιιι..
3306 1706 3311 1707 γ
3529 1729 3538 1738 ⁸

2191 1747 2280 1803 40.
2330 1748 2394 1803 Ἡ
2435 1750 2535 1819 τῆς
2583 1747 2735 1812 θείας
2775 1748 2998 1819 Γραφῆς
3034 1748 3300 1821 epam-cn
3333 1750 3530 1806 ἔννοια.
3569 1751 3704 1807 Vide

438 1840 642 1894 nitorio
681 1847 860 1895 exstat
898 1836 1135 1892 celebris
1190 1835 1283 1890 ille
1308 1814 1519 1899 locus,
1563 1848 1597 1887 ιι
1635 1834 2024 1890 collectorihus
2056 1814 2311 1909 l3supra,
2337 1814 2500 1893 num.
2531 1838 2584 1904 9,
2628 1839 2686 1893 in
2718 1814 3041 1895 recensione
3068 1814 3209 1897 utomi
3250 1814 3299 1897 Vi
3326 1840 3460 1914 (κιρ.
3488 1842 3701 1915 Cyrilli.

437 1938 758 1985 catenarum
791 1928 849 1982 in
883 1927 1056 1982 libros
1097 1925 1153 1981 S.
1200 1924 1500 1994 Scriptura:
1529 1923 1690 1978 toties
1724 1922 2018 1980 laudatus:

438 2020 513 2072 Οὐ
535 2021 730 2082 πάντα,
753 2018 853 2072 ὃσα
879 2017 1129 2083 λέγουσιν
1151 2017 1202 2070 οἱ
1225 2015 1513 2086 αἱρετικοὶ,
1536 2014 1757 2083 φεύγειν
1779 2016 1875 2068 καὶ
1892 2032 2025 2085 παρ-

437 2108 708 2163 αιτεῖσθαι
734 2109 840 2179 χρή
861 2123 876 2138 ⁸
918 2106 1039 2162 Non
1070 2107 1271 2171 omnia,
1308 2122 1424 2176 qua:
1455 2105 1634 2159 dicunt
1660 2105 1910 2169 haeretici,
1942 2105 2025 2174 fu-

436 2199 626 2271 gienda
669 2208 718 2252 et
754 2197 1083 2269 repudianda
1114 2203 1275 2261 sunt;
1314 2196 1484 2252 multa
1526 2198 1667 2252 enim
1704 2196 2024 2268 proﬁtentur

435 2305 554 2362 qua
578 2305 671 2343 nos
696 2289 857 2344 etiam
886 2285 1218 2358 proﬁtemur.
1263 2284 1423 2342 FABI.

502 2379 684 2434 Paris.
720 2378 776 2433 in
823 2377 961 2433 bibl.
998 2376 1150 2447 puhl.
1184 2374 1309 2430 cod.
1355 2374 1743 2443 DCCCLXXX,
1791 2378 1940 2442 n.7,
1967 2383 2023 2432 et

436 2470 562 2526 cod.
598 2467 916 2534 MCCCVIII,
938 2482 997 2521 ιι.
1038 2465 1094 2533 5,
1122 2473 1288 2535 atque
1327 2465 1434 2520 alia
1463 2464 1757 2537 Cyrilliana
1788 2482 1845 2521 ιι.
1877 2466 1932 2532 2,
1966 2468 2021 2533 4,

434 2559 491 2625 6,
527 2558 579 2612 7.
611 2557 780 2612 Ηιιιι..

514 2651 604 2704 51.
643 2650 771 2704 Ἐπὶ
801 2649 1016 2721 μικροῖς
1044 2647 1234 2709 σιτίοις
1258 2645 1505 2710 πολλοὺς.
1537 2645 1802 2718 Prologus
1830 2648 1895 2702 ad
1920 2648 2024 2704 ho-

436 2743 645 2803 miliam
677 2741 989 2812 paschalem
1020 2756 1131 2796 xix.
1158 2739 1315 2799 Tom.
1348 2739 1413 2804 V,
1462 2749 1618 2809 parte
1648 2756 1705 2805 ιι,
1738 2755 1793 2810 p.
1826 2740 1951 2794 247.

504 2835 592 2891 52.
612 2833 915 2904 Ἐταρᾶχθη
939 2832 1059 2889 λίαν
1106 2834 1139 2904 ή
1177 2833 1308 2901 ἁγία
1339 2831 1582 2901 σύνοδος.
1605 2826 1846 2901 Epistola
1864 2832 1933 2888 25
1953 2833 2022 2888 ad

436 2926 645 2981 clerum
715 2924 1090 2995 populumque
1162 2922 1640 2993 Constantinopol.
1707 2922 1864 2977 Tom.
1931 2923 1975 2979 V
2005 2965 2022 2989 ,

436 3028 591 3088 parte
618 3034 677 3083 ιι,
702 3033 758 3088 p.
786 3015 875 3081 90,
907 3031 973 3071 ex
1001 3022 1155 3087 parte
1187 3030 1227 3069 ιι
1268 3015 1457 3070 Actor.
1487 3012 1681 3086 synodi
1712 3013 2019 3084 Ephesinae.

439 3109 596 3167 Tom.
631 3108 653 3163 Ι
695 3108 860 3173 Binii,
902 3122 956 3177 p.
998 3106 1122 3162 293.
1162 3106 1322 3164 FABn.

507 3201 568 3259 In
596 3199 719 3256 cod.
742 3198 944 3257 Caesar.
978 3197 1216 3253 LXXVII
1244 3195 1390 3269 (cum
1416 3196 1607 3253 multis
1648 3195 1774 3253 aliis
1801 3194 2014 3269 Cyrill.)

434 3309 492 3348 ιι.
534 3293 624 3349 50.
658 3292 723 3347 V.
754 3291 1036 3356 Lambec.,
1076 3290 1167 3355 III,
1201 3305 1257 3360 p.
1294 3289 1419 3344 588.
1458 3288 1628 3344 Huc.

505 3385 594 3440 55.
626 3382 863 3446 Εὑσεϐὲς
905 3382 1188 3451 θέσπισμα
1234 3381 1292 3433 ὲν
1327 3380 1457 3451 τῇδε
1499 3382 1565 3450 τῇ
1609 3378 1873 3450 Ἐφεσίων
1896 3370 2017 3453 ’μη-

433 3475 712 3548 τροπόλει.
762 3474 1027 3538 Libellus,
1075 3487 1109 3527 a
1155 3470 1362 3542 Cyrillo
1408 3470 1563 3527 Alex.
1616 3478 1675 3526 et
1705 3471 2013 3537 Memnone,

435 3565 637 3637 Ephesi
668 3563 950 3639 episcopo,
974 3561 1194 3619 oblatus
1214 3559 1506 3629 Ephesium
1527 3556 1756 3629 synodo.
1791 3557 1851 3612 In
1886 3573 2015 3628 par-

436 3668 492 3714 te
517 3673 556 3712 ιι
595 3656 783 3713 Actor.
814 3652 1008 3728 synodi
1038 3650 1349 3722 Ephesium,
1385 3658 1518 3704 tom.
1546 3648 1569 3703 I
1607 3648 1771 3713 Binii,
1801 3664 1857 3719 p.
1887 3649 2012 3705 242.

437 3758 495 3805 et
526 3746 672 3819 apud
701 3745 888 3801 Baluz.
922 3759 976 3813 p.
1013 3741 1117 3798 408
1148 3755 1303 3796 novas
1335 3738 1563 3796 Collect.
1589 3740 1871 3796 concilior.

507 3840 596 3893 54.
643 3832 1138 3905 Εὑφραινέσῦωσαν
1164 3832 1212 3885 oI
1260 3829 1498 3903 οὐρανοὶ,
1543 3829 1635 3883 καὶ
1669 3828 2017 3900 ἀγαλλιάσθω

437 3934 471 4003 ἡ
502 3931 592 4000 γῆ.
627 3928 873 3999 Epistula
891 3926 981 3990 54,
1014 3924 1082 3979 ad
1109 3923 1266 3979 Joan.
1284 3922 1687 3981 Antiochenum
1710 3922 1895 3995 (missa
1914 3937 2015 3993 per

437 4023 689 4086 Paulum,
722 4020 1054 4075 Emesenum
1088 4015 1457 4090 episcopum),
1492 4025 1622 4071 tom.
1667 4015 1734 4081 V,
1760 4023 1916 4086 parte
1954 4030 2013 4080 ιι,

438 4131 493 4185 p.
536 4112 786 4176 101-109,
833 4127 903 4166 cx
938 4120 1094 4181 parte
1136 4125 1196 4164 ιιι
1232 4108 1419 4164 Actor.
1470 4108 1664 4181 synodi
1701 4107 2012 4183 Ephesium,

438 4222 492 4277 p.
527 4204 651 4260 428.
686 4204 878 4258 Exstat
925 4212 983 4257 et
1020 4202 1076 4256 in
1119 4200 1270 4255 Actis
1312 4200 1508 4272 synodi
1553 4198 2031 4255 Chalcedonensis

442 4302 574 4349 tom.
604 4294 650 4349 II
681 4291 844 4357 Binii,
881 4307 1003 4363 pag.
1052 4288 1141 4355 68,
1178 4298 1233 4347 et
1257 4305 1327 4345 ex
1351 4289 1527 4345 veteri
1571 4289 1825 4345 versione
1869 4285 2014 4357 apud

436 4386 619 4441 Baluz.
668 4401 722 4456 p.
760 4384 882 4440 591.
926 4382 1053 4438 Haec
1084 4391 1170 4439 est
1226 4382 1317 4437 iIIa
1357 4383 1645 4439 notissima
1678 4380 1865 4453 CyriIIi
1900 4379 2015 4450 epi-

2191 1927 2281 1982 41.
2316 1928 2576 2000 Ηὺχόμην
2600 1924 2698 2003 μὲν
2721 1932 2835 1993 τοῖς
2858 1929 2968 1983 τῶν
2990 1930 3467 2001 εὐδοκιμησάντων
3504 1933 3702 2004 ἴχνεσι.

2123 2018 2369 2090 Epistola
2395 2020 2466 2074 ad
2518 2020 2859 2088 Iuvenalem,
2900 2022 3308 2095 Hierosolymit.
3358 2025 3700 2095 cpiscOpum.

2125 2110 2282 2164 Tom.
2344 2110 2407 2176 V,
2450 2119 2607 2181 parte
2653 2129 2712 2176 ιι,
2747 2128 2804 2184 p.
2857 2114 3050 2179 65-67,
3089 2130 3157 2169 ex
3196 2124 3400 2186 partet
3439 2116 3701 2173 Actorum

2122 2198 2343 2255 concilii
2400 2199 2690 2269 Ephesini,
2730 2210 2866 2256 tom.
2918 2202 2939 2255 I
3000 2202 3177 2267 Binii,
3235 2202 3454 2272 ιι.147.
3507 2202 3703 2275 [Mansi

2125 2295 2259 2342 tom.
2290 2286 2380 2352 IV,
2416 2303 2471 2357 p.
2507 2287 2663 2354 1057,
2695 2297 2752 2343 et
2788 2288 2907 2343 Lat.
2940 2298 3075 2343 tom.
3100 2289 3168 2355 ιτ,
3194 2305 3249 2360 p.
3279 2290 3403 2345 521.
3438 2289 3633 2363 Hann]

2193 2378 2284 2435 42.
2326 2378 2458 2432 ’ἰδοὺ
2503 2378 2567 2451 δὴ
2613 2380 2774 2434 πάλιν
2819 2382 2848 2435 ὁ
2885 2382 2985 2452 τῆς
3027 2381 3190 2450 ἁγίας
3222 2381 3437 2451 ἑορτῆς.
3468 2382 3703 2437 Homilia

2122 2466 2396 2540 paschalis
2432 2483 2581 2523 xxix.
2615 2467 2771 2523 Tom.
2796 2468 2861 2534 V,
2894 2476 3050 2540 parte
3080 2484 3138 2534 ιι,
3172 2484 3226 2540 p.
3262 2467 3522 2523 555-542.

2191 2560 2281 2617 45.
2331 2560 2493 2631 ’ἱεροὶ
2545 2559 2646 2631 μὲν
2697 2560 2905 2615 ἄνωθεν
2954 2562 3231 2633 ὑμνήκασι
3274 2560 3441 2629 λόγοι.
3470 2562 3705 2619 Homilia

2124 2667 2211 2707 xiv
2240 2653 2532 2722 paschalis.
2565 2652 2723 2709 Tom.
2755 2653 2821 2718 V,
2851 2661 3008 2724 parte
3050 2667 3110 2717 ιι,
3144 2668 3268 2724 pag.
3300 2652 3560 2707 187-198.

2199 2741 2290 2796 44.
2321 2742 2432 2795 Καὶ
2464 2741 2639 2805 ἄλλως
2681 2742 2852 2812 ἡδέως
2890 2740 3033 2813 ὁρῶν
3062 2743 3187 2804 τοὺς
3220 2740 3698 2810 ἁγαθοὺςπαῖδας.

2105 2832 2364 2910 .Epistola
2408 2833 2476 2888 ad
2509 2832 2788 2903 Optimum
2836 2832 3175 2903 episcopum,
3216 2833 3273 2887 in
3314 2833 3450 2888 illud
3498 2833 3701 2892 Cenes.

2124 2940 2197 2990 Iv,
2234 2924 2302 2979 15
2334 2942 2348 2977 :
2380 2922 2561 2979 Omnis
2603 2926 2695 2995 qui
2721 2924 2963 2978 occiderit
2994 2923 3149 2989 Cain,
3182 2927 3241 2980 in
3273 2926 3572 2998 septuplum
3600 2944 3703 2997 pu-

2125 3017 2322 3071 nietur.
2372 3014 2504 3082 Qua:
2546 3015 2735 3071 Graece
2772 3023 2829 3070 et
2862 3015 3057 3071 Latine
3103 3025 3281 3072 exstat
3333 3018 3391 3072 in
3424 3017 3704 3076 Chronico

2124 3104 2517 3170 Alexandrino,
2549 3121 2673 3177 pag.
2723 3105 2962 3162 568-577
3018 3107 3152 3163 edit.
3207 3108 3444 3166 Matthaai
3500 3111 3703 3168 Radcri

2126 3193 2422 3266 (Monachii
2449 3195 2607 3261 1624,
2640 3194 2785 3267 ἰιι-4)
2818 3204 2874 3250 et
2902 3197 2958 3250 in
2982 3197 3174 3269 Cangii
3209 3198 3473 3266 editione,
3495 3217 3549 3272 p.
3573 3203 3698 3259 241.

2123 3286 2419 3342 Fam—In
2449 3287 2609 3342 codd.
2640 3287 2841 3342 Czesar.
2869 3287 3051 3352 LXIV,
3084 3305 3139 3345 ιι.
3165 3290 3263 3356 18;
3290 3291 3498 3359 LXVII,
3528 3309 3582 3349 ιι.
3608 3294 3698 3349 55.

2122 3376 2315 3443 LXIX,
2337 3394 2396 3432 ιι.
2425 3377 2515 3443 5.;
2551 3376 2760 3442 LXXV,
2796 3394 2853 3432 n.
2888 3378 2940 3443 1,
2968 3380 3084 3434 haec
3111 3381 3273 3451 epist.
3301 3382 3572 3462 tribuitur
3600 3384 3702 3440 Ba-

2123 3469 2247 3526 silio
2279 3469 2349 3524 Μ.
2382 3470 2446 3525 V.
2496 3468 2755 3524 Lambec.
2806 3468 2897 3537 III,
2934 3486 2990 3541 p.
3020 3470 3147 3536 298,
3178 3473 3453 3546 praecipue
3479 3476 3700 3532 Kollarii

2122 3567 2330 3625 notam,
2363 3575 2418 3629 p.
2454 3558 2579 3624 554,
2618 3558 2757 3625 545;
2797 3575 2986 3616 -ιιθθ
3018 3577 3129 3618 ιιοιι
3156 3562 3214 3617 in
3257 3564 3364 3619 vol.
3387 3566 3453 3631 ν,
3485 3582 3541 3636 p.
3571 3566 3700 3625 515.

2123 3650 2179 3706 in
2210 3649 2333 3705 θοὰ.
2361 3648 2514 3716 CCL,
2542 3666 2600 3704 n.
2634 3649 2687 3704 8.
2722 3650 2890 3707 Ilum.

2194 3742 2283 3797 45.
2315 3742 2523 3812 Καιρὸν
2565 3742 2730 3796 παντὶ
2772 3743 3080 3812 πράγματι.
3131 3744 3367 3801 Homilia
3398 3763 3432 3801 v
3467 3748 3704 3817 pascha-

2121 3832 2209 3889 Iis.
2236 3832 2394 3887 Tom.
2427 3832 2493 3898 V,
2529 3839 2682 3902 parte
2708 3848 2769 3896 ιι,
2805 3848 2929 3902 pag.
2959 3834 3146 3897 45:60.

2193 3924 2282 3983 46.
2319 3923 2515 3984 Καλὸν,
2543 3922 2620 3985 ὡς
2657 3921 2824 3985 ἔοικε,
2867 3923 3066 3993 μᾶλλον
3096 3925 3153 3977 δὲ
3197 3925 3296 3995 ἤδη
3330 3926 3538 3996 καιρός.
3587 3927 3704 3984 Ho—

2122 4015 2273 4071 niIia
2307 4029 2403 4067 xm
2429 4011 2722 4082 paschalis.
2766 4011 2923 4067 Tom.
2960 4013 3024 4077 V,
3056 4022 3213 4084 parte
3251 4031 3311 4079 ιι,
3345 4031 3401 4086 p.
3434 4016 3702 4075 177-186.

2192 4108 2280 4162 47.
2319 4103 2780 4174 Καταφλυαροῦσι
2812 4104 2932 4173 μὲν,
2956 4106 3031 4169 ὡς
3056 4106 3239 4160 ἀκούω
3270 4108 3362 4179 (a1.
3393 4110 3700 4181 μανθάνω).

2121 4198 2364 4268 Epistola
2383 4195 2436 4262 4,
2475 4195 2542 4250 ad
2586 4196 2900 4251 Nestorium
2949 4196 3027 4269 (a)
3077 4198 3283 4269 scripta
3340 4199 3405 4254 A.
3460 4199 3521 4257 C.
3570 4203 3699 4258 450.

2122 4290 2277 4344 Τοιιι.
2307 4288 2371 4351 V,
2402 4297 2556 4358 parte
2573 4304 2632 4351 ιι,
2656 4302 2709 4357 p.
2747 4288 2935 4354 22-25,
2971 4304 3037 4342 cx
3057 4298 3248 4360 parte:
3270 4290 3457 4347 Actor.
3476 4295 3699 4350 concilii

2121 4378 2406 4450 Ephesini,
2447 4386 2487 4433 t.
2524 4379 2729 4445 IBinii,
2761 4396 2882 4450 pag.
2902 4380 3018 4433 I20.
3044 4380 3374 4437 Exstatctin
3396 4383 3698 4442 Actiscon-

437 4476 575 4531 stola
624 4474 693 4529 de
737 4472 997 4528 Ecclesia
1044 4487 1200 4543 pace,
1238 4471 1443 4542 scripta
1481 4471 1545 4527 A.
1581 4469 1642 4525 C.
1683 4471 1806 4526 455.
1846 4469 2010 4535 Ibid.,
2043 4490 2088 4544 ι)
2124 4471 2243 4527 cilii
2272 4470 2760 4537 Chalcedonensis,
2798 4481 2929 4526 tom.
2951 4473 3018 4537 II,
3036 4487 3156 4544 pag.
3176 4473 3261 4539 60,
3290 4484 3347 4530 et
3385 4491 3510 4531 cum
3538 4476 3696 4531 Marii

435 4582 559 4638 pag.
583 4565 706 4620 786.
735 4565 1048 4619 Tillemont.
1080 4573 1213 4619 tom.
1238 4562 1379 4628 XIV,
1408 4579 1532 4633 pag.
1570 4561 1674 4615 545
1701 4575 1816 4629 seq.
1850 4559 2011 4614 FABR.

2112 4555 2433 4621 Mercatoris
2464 4562 2719 4619 versione
2775 4563 2832 4619 in
2887 4572 3018 4619 tom.
3068 4565 3113 4621 II
3174 4565 3519 4632 Mercatoris,
3557 4568 3695 4623 edit.

505 4657 701 4712 Venet.
756 4655 817 4710 in
859 4654 986 4710 cod.
1037 4654 1205 4711 Marc.
1268 4654 1411 4709 Bibl.
1446 4650 1734 4709 CCCCLX.
1779 4651 1845 4705 V.
1889 4650 2009 4707 Cat.
2112 4654 2469 4711 Carneriana:
2511 4670 2568 4724 p.
2599 4655 2689 4719 45,
2732 4665 2787 4710 et
2815 4656 2959 4727 apud
2989 4657 3271 4713 Baquium
3310 4675 3368 4730 p.
3401 4660 3505 4714 658
3536 4659 3699 4715 Nova:

434 4747 585 4802 codd.
623 4746 715 4804 Gr.
753 4745 941 4812 Nam,
964 4762 1019 4817 p.
1049 4747 1174 4802 274.
1207 4745 1376 4800 Haec.

2117 4745 2341 4803 Called.
2395 4744 2690 4810 concilian,
2722 4754 2779 4800 et
2822 4763 2891 4802 ex
2941 4749 3050 4804 alia
3105 4749 3364 4805 versione
3421 4750 3595 4805 veteri
3636 4750 3696 4806 in

504 4838 594 4893 55.
663 4837 892 4909 Ἦθικὴν
957 4838 1233 4908 ὑφήγησιν
1286 4836 1315 4887 ὁ
1359 4832 1516 4900 λόγος
1564 4831 2008 4905 ήμῖννεῐσφέρει.

2141 4836 2399 4893 oIIatione
2445 4846 2598 4892 sexta
2626 4838 2820 4909 synodi
2859 4855 2913 4903 ν,
2960 4846 3095 4895 tom.
3140 4839 3185 4894 II
3234 4840 3399 4908 Binii,
3431 4851 3587 4911 parte
3632 4858 3693 4907 ιι,

434 4929 701 5000 Prologus
733 4930 799 4984 ad
849 4929 1131 4985 homiliam
1161 4923 1476 4997 paschalem
1526 4937 1712 4978 xxvui.
1750 4922 1908 4978 Tom.
1940 4924 2008 4990 ν,

435 5032 593 5094 parte
627 5039 685 5088 ιι,
722 5038 776 5093 p.
810 5022 933 5078 526.

2111 4928 2299 5000 p.91.

2186 5020 2275 5074 48.
2318 5018 2693 5091 Κατηραμὲνη
2738 5018 2810 5090 γῆ
2850 5022 2907 5073 ἒν
2963 5023 3075 5084 τοῖς
3130 5020 3313 5093 ἔργοις
3353 5022 3447 5076 τοῦ
3501 5023 3692 5094 Ἄδαμ.

503 5114 591 5169 56.
641 5114 817 5186 Ἠμᾶς
854 5113 1042 5167 ἐνθάδε
1089 5107 1398 5177 συνήγαγεν
1434 5107 1463 5160 ὁ
1501 5106 1716 5177 καιρός.
1748 5105 2013 5176 Prologus

2141 5110 2250 5165 lidc
2282 5125 2471 5182 supra,
2498 5126 2651 5166 num.
2681 5110 2775 5177 24,
2813 5111 2872 5165 in
2906 5112 3228 5179 recensione
3264 5113 3398 5169 tomi
3430 5114 3522 5169 VII
3548 5112 3691 5186 Opp.

433 5206 502 5261 ad
535 5207 818 5262 homiliam
867 5200 1181 5276 paschalem
1240 5212 1356 5253 xvi.
1423 5198 1581 5256 Tom.
1638 5200 1702 5265 V,
1752 5208 1913 5271 parte
1951 5215 2009 5262 ιι,
2111 5204 2323 5275 0)νι·ὶ]ιὶ,

434 5315 490 5370 p.
530 5299 654 5354 210.

2182 5296 2274 5351 49.
2301 5296 2665 5367 Κεχρήσομαι
2692 5296 2856 5351 πάλιν
2882 5298 3003 5360 ⁴ταῖς
3029 5296 3124 5350 τοῦ
3158 5299 3448 5370 μακαρίου.
3502 5299 3694 5356 Homi-

503 5390 592 5445 57.
641 5392 705 5443 Ἡ
738 5388 836 5459 μὲν
872 5385 989 5439 θεία
1008 5382 1115 5438 -καὶ
1161 5383 1456 5456 ἀκήρατος.
1504 5382 1895 5454 Apologeticus
1940 5382 2009 5437 ad

2141 5386 2189 5441 ia
2219 5402 2345 5440 χχιιι
2370 5386 2662 5456 paschalis.
2690 5386 2846 5443 Tom.
2879 5386 2947 5453 V,
2983 5394 3141 5458 parte
3179 5404 3239 5454 ιι,
3271 5405 3329 5459 p.
3359 5388 3620 5444 286-295.

436 5482 569 5553 imp.
598 5477 964 5537 Theodosium
998 5477 1302 5533 Juniorem.
1334 5477 1471 5534 Vide
1503 5492 1690 5546 supra,
1725 5491 1879 5531 num.
1915 5475 2005 5539 20,

436 5572 492 5626 in
523 5572 844 5627 recensione
883 5569 1017 5624 tomi
1047 5570 1137 5625 VII
1170 5569 1309 5641 Opp.
1339 5569 1552 5641 CyriIIi.

503 5663 592 5717 53.
632 5662 696 5713 'H
747 5661 844 5732 μὲν
886 5661 1139 5725 ὑπόθεσις
1168 5662 1253 5730 ἐφ’
1292 5656 1325 5733 ᾗ
1365 5661 1458 5716 καὶ
1492 5659 1605 5715 νῦν.
1636 5659 1904 5733 Prologus
1937 5660 2005 5714 ad

509 5772 584 5835 (a)
623 5774 755 5830 Vide
790 5773 1102 5833 'I'iiicmont.
1133 5787 1263 5832 tom.
1291 5773 1434 5839 XIV,
1458 5789 1513 5841 p.
1539 5773 1641 5827 557
1668 5789 1785 5841 scq.

2188 5477 2277 5532 50.
2304 5478 2661 5549 Κεχρήσομαι
2691 5478 2852 5533 πάλιν
2879 5480 3000 5541 ταῖς
3026 5478 3121 5532 τοῦ
3159 5478 3435 5547 πανσόφου
3480 5478 3698 5535 Παύλου

2118 5571 2344 5638 φωναῖς.
2379 5568 2583 5624 ΗοιιιὶΙ.
2609 5586 2734 5625 xxv:
2766 5571 3059 5641 paschalis.
3093 5571 3230 5626 Ibid.
3268 5572 3321 5637 4,
3350 5586 3402 5642 p.
3430 5570 3693 5627 502-512.

2188 5661 2295 5717 50‘.
2328 5662 2573 5736 Λαμπρὰ
2625 5663 2724 5735 τῆς
2776 5663 3056 5738 παρούσης
3097 5666 3358 5736 ἐορτῆςὴ
3414 5666 3694 5732 ὑπόθεσις.
