3998 6304
576 254 647 319 75
1815 260 2096 320 NOTITIA
2135 265 2139 319 ἒ

2268 266 2599 324 FABRICIO.
3752 267 3817 321 76

572 380 809 449 φύσεως.
842 379 977 436 Vide
1010 393 1174 451 supra
1228 393 1381 433 num.
1413 378 1484 434 25
1516 379 1571 433 in
1624 378 1942 435 recensione
2005 379 2139 433 torni

2315 382 2401 438 89.
2431 384 2510 439 Τὰ
2539 384 2765 455 λαμπρὰ
2796 384 2888 438 καὶ
2933 384 3145 455 μεγάλα
3195 384 3302 438 τῶν
3351 383 3813 454 κατορθωμάτων.

575 474 662 529 VII
691 471 827 543 Opp.
856 472 1062 544 Cyrilli.

640 566 729 619 77.
770 565 967 618 Πολλαὶ
1000 563 1123 618 καθ’
1151 563 1310 634 ἡμῶν
1340 563 1626 633 γεγόνασιν
1663 563 1845 615 ἐκεῖσε
1873 560 2136 616 διαϐολαί.

572 657 810 730 Epistola
851 656 956 723 26,
1008 656 1075 711 ad
1113 656 1423 725 episcopos,
1471 653 1928 724 Theopemptum,
1982 652 2146 706 Pota-

572 765 787 807 monem
857 758 914 803 et
972 748 1285 812 Danielem,
1365 744 1838 816 Constantinopoli
1901 752 2142 814 agentes.

572 841 727 896 Tom.
776 841 840 904 γ,
888 847 1044 910 parte
1107 854 1168 903 ιι,
1220 854 1273 908 p.
1310 836 1400 904 91,
1442 852 1509 892 ex
1537 844 1692 907 parte
1721 852 1758 890 ιι
1786 837 1975 891 Actor.
2017 851 2145 890 con-

572 933 681 988 cilii
712 931 996 1002 Ephesini,
1032 929 1205 984 tom.I
1234 928 1398 993 Binii,
1422 944 1477 998 p.
1516 928 1641 982 297.

640 1022 924 1099 78-.11ολλὴ
965 1021 1062 1093 μὲν
1123 1020 1243 1073 λίαν
1291 1022 1324 1090 ἡ
1378 1019 1616 1082 σύνοδος.
1658 1017 1893 1073 Homilia
1930 1019 2009 1081 εἰς
2045 1016 2144 1089 τὴν

567 1116 831 1187 ὑπαντὴν,
891 1116 946 1167 in
985 1127 1258 1168 accursum
1313 1110 1544 1176 Domini,
1604 1108 1753 1164 edita
1799 1109 2039 1180 primum
2075 1108 2144 1163 ab

574 1206 814 1262 Aubcrto
844 1223 873 1260 e
892 1221 994 1260 ms.
1031 1204 1201 1275 regio.
1230 1203 1387 1257 Tom.
1420 1201 1487 1267 V,
1509 1209 1666 1271 parte
1691 1215 1751 1266 ιι,
1781 1215 1837 1270 p.
1874 1198 2138 1254 585-592.

573 1300 729 1354 Fann.

634 1389 885 1447 Venetiis
920 1387 975 1441 in
1008 1386 1130 1442 cod.
1179 1383 1429 1441 Naniano
1474 1383 1723 1450 LXIII,n.
1759 1384 1812 1449 7,
1849 1383 2011 1438 Hom.
2062 1383 2145 1445 εἰς

573 1481 664 1554 τὴν
686 1481 930 1550 ὑπάντην
949 1475 1042 1532 τοῦ
1075 1477 1300 1548 Κυρίου,
1334 1484 1444 1531 etc.
1467 1475 1688 1547 Incipit,
1714 1477 1887 1546 Χαῖρε
1911 1475 2137 1547 σφόδρα,

569 1574 808 1644 θύγατερ
864 1570 1028 1624 Σιών.
1055 1569 1147 1624 Sic
1173 1567 1367 1638 incipit
1396 1581 1614 1637 quoque
1644 1566 1699 1620 in
1727 1565 1851 1622 cod.
1877 1565 2137 1620 Laurent.

568 1663 729 1729 XVll,
761 1678 819 1717 ιι.
848 1660 936 1714 52.
966 1659 1107 1731 plut.
1129 1658 1199 1724 9;
1228 1656 1325 1712 sed
1348 1655 1425 1711 ibi
1462 1656 1725 1713 tribuitur
1770 1654 1970 1727 Cyrillo
2007 1656 2139 1710 Ilie-

2248 474 2490 544 Epi'stola
2518 474 2609 540 25,
2649 474 2717 528 ad
2759 474 2965 529 clerum
2995 475 3369 544 populumque
3409 472 3565 527 Alex.
3598 472 3820 539 Tom.V,

2247 572 2402 636 parte
2423 580 2482 631 ιι,
2513 580 2635 635 pag.
2661 564 2749 630 88,
2786 580 2853 619 ex
2883 575 3039 634 parte
3069 580 3107 618 ιι
3130 563 3392 618 Actorum
3418 562 3607 634 synodi
3640 562 3820 634 Ephe-

2246 659 2399 723 sinae,
2435 667 2568 711 tom.
2609 656 2819 722 lBinii,
2855 672 2909 727 p.
2933 655 3057 710 247.

2313 748 2402 804 90.
2432 747 2512 801 Τὰ
2540 748 2746 820 συνήθη
2777 748 2872 802 καὶ
2900 747 2996 801 νῦν
3022 744 3466 816 ἀναψωσὸμεθα.
3498 739 3821 802 Protlleoria

2244 840 2312 895 ad
2369 839 2653 894 homiliam
2689 854 2798 893 xvn
2834 838 3170 910 paschalem.
3238 838 3395 893 Tom.
3432 837 3499 903 V,
3557 848 3712 908 parte
3759 854 3818 905 ιι,

2243 948 2367 1003 pag.
2398 932 2524 986 222.

2314 1024 2403 1080 91.
2433 1025 2547 1095 Τῆς
2569 1025 2649 1087 εἰς
2699 1023 2832 1079 Θεὸν
2881 1023 2973 1097 (al.
3025 1021 3281 1097 Χριστὸν)
3326 1022 3549 1094 ἀγάπης
3601 1023 3702 1096 τὴν
3731 1022 3819 1076 δύο

2242 1132 2425 1187 ναμιν.
2458 1116 2520 1170 1ιι
2550 1115 2841 1180 Joannem,
2881 1114 3287 1170 Antiochenam
3310 1115 3557 1184 episcop.
3590 1115 3821 1184 ἀποσχί-

2243 1224 2433 1270 σαντα,
2464 1207 2581 1262 sive
2621 1205 3057 1271 schismaticum,
3081 1204 3330 1260 homilia.
3372 1204 3529 1259 Tom.
3559 1204 3624 1271 V,
3663 1212 3819 1275 parte

2243 1315 2300 1364 ιι,
2332 1315 2387 1369 p.
2417 1298 2673 1353 561-561.
2705 1297 2767 1353 In
2794 1296 3007 1352 Latinis
3036 1296 3381 1353 editionibus
3406 1304 3587 1351 exstat
3611 1312 3644 1351 e
3686 1313 3816 1351 vcr-

2240 1391 2395 1447 sione
2436 1390 2600 1447 Wolf.
2636 1389 2905 1456 Musculi;
2946 1388 3046 1443 sed
3086 1388 3367 1443 Aubertus
3420 1388 3643 1443 exhibet
3692 1404 3816 1444 cum

2241 1481 2694 1554 interpretatione
2735 1496 2856 1551 quae
2899 1479 3087 1535 addita
3107 1488 3193 1535 est
3226 1480 3282 1534 in
3319 1487 3476 1551 parte
3522 1496 3560 1534 ιι
3618 1479 3809 1535 Actor.

2240 1572 2459 1628 concilii
2490 1571 2776 1643 Ephesini,
2806 1578 2941 1625 tom.
2965 1570 2987 1625 I
3010 1570 3177 1635 Binii,
3199 1586 3254 1641 p.
3284 1569 3414 1625 254.

2310 1664 2398 1719 92.
2424 1665 2537 1734 Τῆς
2567 1661 2888 1727 Θεοσεϐείας
2911 1661 3065 1733 ὑμῶν
3106 1662 3199 1715 τὸν
3235 1662 3418 1733 ζῆλον.
3457 1658 3705 1733 Epistola
3726 1660 3817 1726 17,

568 1752 980 1825 rosolymitano,
1027 1758 1086 1805 et
1119 1758 1341 1819 recepta
1384 1756 1470 1802 est
1505 1747 1649 1801 inter
1691 1746 1877 1819 Cyrilli
1921 1747 2136 1803 IIieros.
2173 1748 2213 1802 Β
2240 1757 2464 1811 nomine
2498 1755 2691 1827 synodi
2720 1755 2873 1810 Alex.
2900 1754 2971 1809 ad
3007 1755 3307 1811 monachos
3343 1753 3815 1825 Constantinopol.

565 1863 695 1916 opp.
721 1845 855 1900 edit.
889 1843 1113 1896 Thoma:
1147 1840 1342 1904 Milles,
1365 1854 1420 1909 p.
1448 1837 1574 1893 518.
1598 1839 1662 1895 V.
1699 1838 1931 1893 Bandin.
1955 1838 2134 1895 Catal.
2182 1876 2201 1889 .

564 1939 715 1993 Codd.
747 1937 909 1991 Laur.
935 1936 977 2001 Ι,
1006 1951 1061 2005 p.
1093 1932 1216 1988 M9.
1248 1932 1309 1987 ιιι
1368 1930 1492 1986 cod.
1542 1940 1726 1986 autem
1755 1930 1952 1999 XXXI,
1985 1949 2042 1986 ιι.
2082 1932 2137 1997 8,

563 2034 703 2104 plut.
732 2029 818 2095 60,
865 2027 1166 2084 ascribitur
1197 2025 1403 2097 Cyrillo
1432 2024 1755 2092 Alexandr.;
1794 2032 1852 2080 et
1903 2025 2136 2081 Bandin.

562 2124 602 2178 I.
632 2138 705 2187 c.,
742 2137 797 2191 p-.
824 2119 948 2185 M2,
985 2118 1233 2183 adnotat,
1271 2117 1530 2173 eumdem
1563 2131 1686 2171 esse
1724 2130 2054 2183 sermonem,
2078 2133 2141 2172 ac

563 2215 657 2286 qui
693 2214 749 2268 in
782 2212 1077 2284 superiore
1119 2209 1244 2265 cod.
1283 2209 1507 2282 legitur.
1560 2207 1709 2264 Idem
1755 2222 1941 2263 sermo
1999 2208 2140 2263 assi—

561 2312 762 2377 gnatur
786 2302 989 2375 Cyrillo
1005 2301 1161 2357 Alex.
1195 2301 1251 2355 in
1282 2298 1419 2356 Cod.
1473 2299 1673 2355 Caesar.
1712 2297 1941 2365 CXLVI,
1966 2315 2024 2352 ιι.
2051 2300 2140 2363 17,

561 2405 756 2453 contra
775 2392 980 2466 Cyrillo
1008 2390 1370 2461 Ilicrosolym.
1398 2390 1455 2443 in
1481 2389 1606 2443 cod.
1640 2387 1733 2453 XI,
1767 2404 1826 2442 ιι.
1858 2389 1985 2453 7,et
2008 2387 2138 2450 CLI,

561 2508 623 2546 ιι.
651 2488 740 2543 56.
773 2487 836 2541 V.
869 2484 1127 2539 Lambec.
1159 2479 1362 2537 Comm.
1389 2481 1479 2546 IV,
1518 2480 1642 2546 260,
1673 2489 1731 2535 et
1773 2478 1911 2545 VIII,
1937 2495 1991 2550 p.
2020 2480 2140 2544 156,

564 2593 629 2633 ac
655 2593 711 2649 p.
743 2575 868 2631 507.
901 2576 1067 2632 Ηιιιιη

633 2668 721 2723 79.
775 2668 1106 2738 Πολυμερῶς
1170 2666 1265 2721 καὶ
1329 2661 1684 2736 πολυτρόπως
1736 2663 1764 2714 ὁ
1820 2659 1930 2714 τῶν
2002 2660 2141 2714 ὅλων

563 2761 715 2824 Θεὸς.
748 2759 984 2814 llomilia
1015 2776 1084 2814 xx
1132 2756 1425 2833 paschalis.
1460 2755 1617 2811 Tom.
1667 2753 1730 2821 V,
1788 2761 1943 2824 parte
1991 2769 2051 2819 ιι,
2084 2764 2139 2824 p.

561 2853 825 2908 257-261.

649 2945 737 2999 80.
777 2942 995 3015 Πρέπον
1019 2941 1171 3016 οἶμαι
1198 2942 1294 2997 καὶ
1321 2938 1416 2996 νῦν
1446 2941 1641 2995 εἰπεῖν.
1674 2938 1918 3009 Epistola
1949 2937 2039 3004 29,
2073 2936 2140 2992 ad

562 3032 973 3096 Maximianum,
1003 3032 1325 3102 episcopum
1349 3029 1823 3100 Constantinopol.
1868 3027 2024 3083 Tom.
2073 3028 2139 3093 V,

2240 1847 2398 1902 Tom.
2438 1846 2503 1910 V,
2529 1855 2684 1917 parte
2714 1862 2773 1911 ιι,
2811 1862 2868 1916 p.
2913 1845 2982 1901 80
3013 1860 3154 1915 seq.,
3188 1861 3256 1900 ex
3305 1854 3461 1915 parte
3501 1861 3520 1900 ι
3549 1845 3816 1901 Actorum

2240 1937 2459 1994 concilii
2491 1937 2782 2008 Ephesini,
2821 1945 2956 1992 tom.
2989 1937 3011 1991 I
3046 1936 3211 2001 Binii,
3252 1936 3461 2007 p.158.

2312 2030 2403 2085 95.
2430 2029 2544 2100 Τῆς
2581 2028 2681 2100 μὲν
2720 2027 2882 2097 ἁγίας
2941 2028 3097 2099 ἡμῶν
3133 2027 3557 2099 ἀναλαμπούοής
3597 2025 3817 2099 ἑορτῆς.

2240 2122 2476 2178 Homilia
2505 2137 2558 2176 v1
2587 2120 2879 2192 paschalis.
2950 2119 3111 2175 Tom.
3145 2120 3211 2185 V,
3242 2127 3398 2190 parte
3451 2134 3508 2185 ιι,
3532 2135 3587 2190 p.
3625 2117 3817 2176 60-81.

2308 2213 2396 2268 94.
2429 2213 2539 2283 Τῆς
2568 2212 2665 2282 μὲν
2703 2214 2762 2265 ὲν
2794 2210 3103 2283 ἀνθρώποις
3142 2209 3393 2273 εὐκλείας
3419 2210 3478 2262 τὸ
3522 2209 3819 2265 ἀνώτατον.

2239 2304 2377 2359 Vide
2408 2318 2574 2373 supra
2612 2318 2765 2357 num.
2792 2302 2879 2356 14.

2311 2395 2399 2450 95.
2431 2396 2542 2464 Τῆς
2567 2393 2667 2464 μὲν
2689 2393 2926 2464 εὐθύμου
2959 2392 3050 2464 (al.
3077 2392 3341 2464 εὐσήμου)
3377 2391 3469 2446 καὶ
3498 2391 3645 2454 Θείας
3663 2391 3821 2462 ἡμῶν

2241 2487 2455 2557 ἑορτῆς.
2482 2484 2717 2539 Homilia
2763 2500 2780 2538 ι
2834 2485 3127 2554 paschalis.
3191 2485 3347 2539 Tom.
3400 2485 3464 2550 V,
3533 2491 3690 2557 parte
3751 2499 3820 2549 ιι,

2240 2574 2450 2646 p.1-16

2310 2664 2398 2720 96.
2431 2665 2543 2735 Τῆς
2582 2664 2682 2737 μὲν
2710 2665 2817 2720 τῶν
2849 2665 3021 2733 ἁγίων
3066 2665 3314 2729 εὐκλείας
3364 2683 3422 2719 τε
3477 2666 3571 2720 καὶ
3613 2663 3804 2736 δόξης.

2241 2755 2496 2822 IIomilia,
2531 2756 2677 2812 dicta
2713 2756 2941 2828 Ephesi,
2984 2756 3068 2812 die
3096 2754 3155 2812 S.
3185 2755 3411 2812 Joannis
3457 2755 3823 2828 evangelium.

2242 2847 2398 2902 Tom.
2463 2847 2529 2912 V,
2562 2856 2717 2917 parte
2743 2863 2802 2913 ιι,
2848 2863 2903 2919 p.
2947 2847 3208 2903 552-551.
3260 2847 3342 2903 Ex
3360 2846 3665 2919 Wolfgangi
3693 2846 3823 2902 Mu-

2242 2938 2379 2993 sculi
2431 2938 2690 2993 versione
2746 2947 2926 2994 exstat
2970 2937 3027 2993 in
3056 2937 3266 2994 Latinis
3310 2938 3503 3010 Cyrilli
3552 2937 3825 2993 editioni-

2242 3028 2366 3084 bus.
2397 3028 2503 3085 Sed
2558 3028 2836 3088 Aubertus
2864 3029 3109 3100 praetulit
3149 3043 3292 3096 eam,
3328 3045 3563 3101 quacum
3615 3029 3827 3101 legitur

562 3134 718 3196 parte
745 3141 805 3191 ιι,
851 3141 907 3196 p.
954 3124 1139 3191 95-98,
1191 3139 1260 3180 ex
1313 3132 1470 3195 parte
1518 3138 1576 3178 ιιι
1620 3121 1879 3179 Actorum
1919 3121 2138 3177 concilii
2169 3120 2210 3146 υ
2246 3122 2301 3176 in
2326 3132 2479 3192 parte
2504 3137 2564 3175 ιιι
2591 3121 2853 3176 Actorum
2887 3121 3107 3177 concilii
3138 3121 3428 3193 Ephesini,
3471 3130 3602 3177 tom.
3637 3120 3660 3176 I
3718 3120 3821 3175 Bi—

562 3215 851 3286 Ephesini,
881 3222 1014 3269 tom.
1038 3213 1060 3269 I
1088 3212 1253 3278 Binii,
1275 3228 1330 3283 p.
1363 3211 1489 3267 411.

632 3308 722 3363 81.
760 3306 1187 3381 Προσεδοκῶμεν
1242 3305 1466 3360 ἐλθόντα
1488 3304 1581 3358 τὸν
1615 3304 1794 3375 τίμιον
1828 3302 2138 3374 Νεστὸριον.

562 3397 810 3469 Epistola
842 3397 936 3462 20,
965 3396 1032 3453 ad
1067 3395 1385 3453 Comarium
1420 3395 1497 3468 (a)
1534 3404 1591 3451 et
1617 3396 1993 3459 Potamonem,
2021 3393 2142 3464 epi-

564 3506 778 3560 scopos,
822 3498 879 3545 et
926 3489 1273 3555 Dalmatium,
1326 3487 1832 3552 archimandritam,
1874 3496 1931 3542 et
1956 3485 2143 3540 Timo-

562 3583 753 3637 theum
785 3591 949 3652 atque
972 3580 1284 3652 Eulogium,
1313 3580 1683 3650 presbyteros.
1715 3579 1871 3633 Tom.
1895 3580 1963 3645 V,
1990 3587 2144 3649 parte

564 3691 623 3739 ιι,
651 3691 707 3745 p.
741 3674 930 3735 81-80,
959 3689 1027 3727 ex
1048 3682 1203 3741 parte
1236 3687 1275 3726 ιι
1316 3671 1579 3726 Actorum
1620 3670 1810 3743 synodi
1833 3670 2140 3741 Ephesinm,

566 3774 700 3821 tom.
738 3765 758 3819 l
794 3764 955 3827 Binii,
987 3778 1042 3832 p.
1069 3763 1195 3817 211.

636 3856 724 3909 82.
757 3853 881 3919 Πῶς
914 3857 943 3907 ὁ
984 3853 1118 3917 Θεὸς
1172 3853 1458 3925 ἁχώρητος
1495 3850 1767 3923 ὲχωρήθη.
1798 3849 1935 3906 Vide
1975 3866 2140 3921 supra

562 3962 721 4002 num.
746 3945 812 4000 10
842 3945 899 4000 in
923 3944 1247 4000 recensione
1275 3941 1515 4013 Operum
1542 3941 1731 4015 Cyrilli
1760 3951 1908 3998 tomo
1940 3942 2139 3998 Vcon-

567 4046 870 4095 tentorum.

637 4126 726 4180 85.
768 4125 1077 4179 Σαλπῐσατε
1132 4123 1399 4192 σάλπιγγι
1446 4123 1504 4176 ἐν
1549 4120 1709 4176 Σιών.
1759 4119 1995 4175 Homilia
2047 4135 2138 4175 vm

563 4219 859 4290 paschalis.
895 4218 1052 4273 Tom.
1086 4216 1151 4283 V,
1179 4224 1335 4288 parte
1360 4231 1422 4281 ιι,
1452 4231 1577 4287 pag.
1611 4213 1837 4269 92-107.

634 4310 704 4365 81
757 4309 1148 4380 Σεμνολόγημα
1198 4307 1298 4380 μὲν
1352 4306 1749 4379 οἰκουμενικόν.
1788 4305 1929 4362 Vide
1973 4318 2137 4374 supra

562 4416 718 4456 num.
751 4401 839 4456 15.

633 4493 722 4547 85.
747 4491 913 4545 Σκιὰν
943 4493 1042 4557 μὲν
1064 4492 1093 4544 ὁ
1120 4490 1285 4562 νόμος
1316 4490 1428 4563 ἔχει
1454 4490 1566 4543 τῶν
1596 4487 1919 4560 μελλόντων.
1945 4485 2135 4541 11οωὶ-

560 4582 637 4636 lia
661 4596 735 4635 ιιι
757 4579 1049 4650 paschalis.
1068 4578 1225 4633 Tom.
1260 4578 1325 4645 V,
1355 4588 1509 4649 parte
1536 4593 1596 4642 ιι,
1628 4591 1682 4646 p.
1709 4575 1960 4629 161-177.

634 4671 722 4727 86.
767 4670 1059 4739 Συναλγεϊς
1113 4666 1261 4741 ἡμᾶς
1318 4669 1587 4739 ἀδελφοῖς.
1645 4664 1890 4735 Epistola
1935 4664 2036 4729 58,
2069 4662 2138 4718 ad

561 4764 853 4828 Domuum,
889 4763 1208 4833 episcopum
1233 4761 1560 4816 Antiochen.
1591 4757 1747 4813 Tom.
1784 4756 1849 4821 V,
1894 4763 2049 4826 parte
2079 4771 2136 4823 ιι,

561 4870 617 4925 p.
646 4852 750 4907 208
778 4868 892 4923 seq.
921 4853 1111 4909 Exstat
1133 4860 1188 4907 et
1212 4853 1356 4906 inter
1391 4849 1656 4919 epistolas
1700 4849 1994 4903 canonicas
2033 4849 2139 4902 Pa-

564 4955 711 5001 trum
740 4961 867 5000 cum
889 4943 1286 5001 commentario
1320 4939 1601 4996 Theodori
1643 4938 2003 4995 Balsamonis.
2039 4938 2131 5012 [ν.

564 5038 632 5094 ad
665 5056 723 5092 ιι.
764 5035 887 5110 21.]

632 5131 718 5186 87.
749 5130 1092 5184 Συντέθειται
1131 5125 1227 5181 καὶ
1262 5122 1356 5178 νῦν
1398 5123 1531 5193 ἡμῖν
1560 5123 1590 5175 ὁ
1624 5120 1801 5190 λόγος.
1856 5120 2124 5192 Prologus

561 5223 800 5280 liomilizc
822 5222 1097 5293 paschalis
1133 5231 1280 5272 ιιιιιχ.
1315 5213 1474 5270 Τοιιι.
1496 5214 1562 5280 V,
1604 5221 1763 5285 parte
1787 5229 1845 5280 ιι,
1874 5227 1929 5283 p.
1954 5213 2081 5268 555.

632 5314 721 5371 88.
750 5315 790 5366 Τ
798 5315 831 5366 ὰ
853 5311 1134 5383 γραφέντα
1158 5306 1311 5376 παρὰ
1332 5306 1432 5377 τῆς
1480 5305 1756 5377 ὑμετέρας
1801 5305 2136 5376 τιμιότητος.

562 5407 807 5477 Epistola
841 5419 946 5468 ωιι,
981 5401 1051 5456 ad
1092 5398 1381 5456 Aurelium
1422 5398 1838 5470 (Augustinum)
1870 5407 1928 5456 et
1972 5408 2138 5454 caete-

560 5513 655 5554 ros
682 5499 736 5552 in
781 5493 988 5567 synodo
1035 5489 1497 5562 Carthaginiensi.
1552 5488 1710 5545 Tom.
1746 5489 1813 5557 V,
1867 5499 2023 5562 parte
2076 5507 2136 5557 ιι,

562 5609 617 5663 p.
657 5591 763 5645 212
783 5606 902 5659 scq.

2241 3214 2343 3278 nii,
2376 3231 2432 3285 p.
2470 3215 2594 3269 591.
2646 3214 2893 3270 [labetur
2931 3222 2988 3269 et
3013 3213 3208 3269 Latine
3250 3228 3281 3270 e
3317 3212 3497 3268 veteri
3553 3212 3825 3268 versione

2242 3306 2385 3376 apud
2409 3306 2714 3373 Baluzium,
2768 3323 2824 3378 p.
2875 3307 2979 3362 515
3040 3307 3202 3363 Novae
3254 3304 3471 3362 Collect.
3507 3303 3712 3362 Confer
3751 3305 3829 3363 de

2243 3397 2345 3453 hac
2373 3398 2597 3453 homilia
2630 3398 3063 3464 Tillemontium,
3089 3407 3222 3452 tom.
3251 3397 3390 3462 XIV,
3426 3413 3482 3467 p.
3502 3396 3626 3451 455.

2313 3490 2401 3545 97.
2450 3492 2517 3544 Τί
2561 3493 2918 3563 τερπνότερον
2975 3491 3071 3546 καὶ
3125 3491 3179 3544 τί
3237 3489 3495 3562 ἡδύτερον
3529 3492 3642 3553 τοῖς
3672 3490 3831 3560 φιλο-

2244 3580 2407 3646 Θέοις.
2447 3583 2685 3639 Homilia
2713 3586 2769 3639 in
2809 3581 2866 3640 S.
2894 3601 3119 3639 caenam.
3143 3582 3301 3638 Tom.
3335 3581 3571 3654 V,parte
3596 3598 3659 3648 ιι,
3690 3597 3825 3654 pag.

2243 3674 2494 3730 560-579.
2517 3675 2676 3732 Edita
2706 3676 2945 3748 primum
2974 3675 3042 3730 ab
3061 3673 3305 3730 Auberto
3333 3688 3365 3730 e
3389 3688 3525 3730 mss.
3559 3671 3732 3745 regiis
3758 3682 3826 3730 et

2242 3763 2490 3821 Vatican.
2516 3765 2675 3821 Fara.

2310 3877 2547 3947 Mosqua:
2576 3877 2630 3931 in
2662 3878 2785 3932 cod.
2808 3879 2872 3935 V.
2899 3895 2956 3932 ιι.
2986 3877 3071 3931 17.
3094 3876 3159 3933 V.
3191 3875 3430 3931 Matthxi
3456 3874 3623 3928 Nom.
3652 3877 3819 3931 codd.

2240 3967 2432 4038 Mosq.,
2461 3982 2515 4037 p.
2543 3968 2594 4021 7.
2632 3967 2801 4022 ΗΑιιι..

2308 4076 2396 4132 98.
2437 4076 2560 4140 Τοῖς
2593 4077 2743 4149 παρὰ
2783 4078 2881 4150 τῆς
2921 4078 3021 4148 σῆς
3065 4075 3388 4147 θεοφιλείας.
3429 4074 3676 4147 Epistola
3726 4082 3830 4146 57,

2241 4167 2310 4224 ad
2350 4167 2586 4225 Atticum
2614 4169 2858 4240 episcop.
2898 4169 3055 4225 Tom.
3083 4171 3148 4236 V,
3180 4177 3335 4241 parte
3375 4185 3434 4235 ιι,
3468 4185 3526 4240 p.
3557 4170 3831 4239 201—208,

2238 4271 2306 4312 ex
2337 4253 2629 4325 Nicephori
2656 4273 2765 4324 xxv,
2793 4258 2883 4314 27.
2912 4259 3075 4315 Fara.

2305 4346 2551 4402 Floreat.
2585 4346 2644 4402 in
2689 4348 2813 4404 cod.
2868 4349 3131 4406 Laurent.
3178 4348 3295 4416 XII,
3342 4350 3481 4422 plut.
3525 4352 3578 4417 6,
3628 4367 3686 4405 ιι.
3724 4352 3829 4418 55,

2166 4439 2214 4499 D
2238 4435 2405 4493 Attici
2434 4438 2665 4508 epistola
2692 4440 2761 4495 ad
2790 4440 3057 4513 Cyrillum
3086 4443 3266 4508 Alex.,
3311 4453 3368 4498 et
3408 4460 3465 4498 ιι.
3503 4444 3593 4509 54,
3626 4443 3829 4516 Cyrilli

2241 4545 2332 4600 ep.
2359 4530 2428 4587 ad
2453 4532 2714 4587 Atticum.
2748 4535 2813 4590 V.
2867 4534 3099 4591 Bandin.
3139 4534 3410 4607 Calalog.,
3441 4536 3484 4602 I,
3517 4551 3572 4606 p.
3622 4536 3715 4590 121
3762 4548 3830 4593 et

2245 4623 2369 4678 122.
2400 4623 2569 4679 11ιιιιι..

2309 4739 2400 4794 99.
2439 4739 2563 4803 Τοῖς
2596 4739 2748 4812 παρὰ
2773 4742 2876 4812 τῆς
2899 4742 2998 4813 σῆς
3028 4741 3326 4814 ὁσιότητος.
3356 4740 3599 4811 Epistola
3623 4740 3711 4804 56,
3747 4743 3830 4796 ad

2238 4828 2501 4885 Acacium
2552 4829 2901 4900 episcopum,
2966 4833 3095 4903 περὶ
3143 4830 3237 4885 τοῦ
3292 4830 3701 4900 ὰποπομπαίου,
3754 4831 3832 4885 de
3888 4870 3896 4902 ι

2238 4922 2382 4974 hirco
2419 4921 2713 4986 emissario,
2738 4920 2895 4975 Tom.
2926 4921 2992 4987 V,
3021 4929 3179 4992 parte
3211 4937 3269 4987 ιι,
3291 4936 3412 4992 pag.
3449 4920 3706 4985 121-152,
3748 4935 3831 4976 ex
3879 4906 3895 5005 ᾗ

2238 5021 2392 5082 parte
2438 5028 2496 5067 ιιι
2540 5012 2729 5068 Actor.
2783 5012 2977 5084 synodi
3029 5012 3350 5083 Ephesium,
3398 5021 3534 5066 tom.
3581 5010 3829 5080 [Binii,
3878 5014 3885 5029 ’

2238 5118 2295 5172 p.
2341 5103 2477 5169 458,
2515 5104 2719 5162 citatur
2765 5117 2798 5157 a
2839 5103 3178 5159 Theodorito
3227 5112 3284 5159 et
3328 5102 3627 5170 Ephraimo
3670 5104 3831 5173 apud

2238 5194 2496 5251 Photium
2521 5196 2643 5252 cod.
2676 5211 2884 5261 ccxxrx,
2918 5210 2975 5266 p.
3005 5195 3132 5251 416.

2310 5309 2431 5366 100.
2470 5311 2597 5377 Τοῖς
2631 5313 2693 5367 τὸ
2730 5312 2870 5366 οεῖον
2905 5312 3000 5365 καὶ
3040 5310 3292 5380 οὐράνιον
3345 5310 3687 5383 ἱερουργοῦσι
3722 5311 3838 5381 κή-

2242 5419 2448 5474 ρυγμα.
2477 5403 2615 5458 Vide
2641 5419 2805 5474 supra
2822 5420 2881 5458 n.
2908 5403 2977 5458 15
3018 5403 3075 5456 in
3107 5403 3430 5457 recensione
3459 5416 3688 5472 operum
3712 5399 3840 5474 Cy-

2240 5494 2350 5549 rilli
2377 5494 2435 5547 in
2471 5502 2626 5564 parte
2659 5510 2695 5547 ιι
2725 5494 2858 5548 torni
2899 5495 2943 5549 V
2973 5501 3382 5549 contentorum.

2308 5584 2435 5639 101.
2475 5585 2599 5650 Τοῖς
2638 5584 2700 5638 τὸ
2729 5585 2924 5640 σεπτὸν
2963 5586 3058 5639 καὶ
3087 5585 3230 5638 θεῖον
3259 5582 3606 5655 ἱερουργοῦσι
3646 5582 3844 5655 κήρυς

634 5706 710 5774 (a)
760 5706 1124 5763 Comariomm
1162 5705 1217 5761 in
1263 5705 1437 5763 veteri
1480 5703 1733 5760 versione
1785 5702 1926 5773 apud
1971 5701 2274 5768 Balnzium,
2312 5717 2367 5771 p.
2402 5700 2506 5756 185
2528 5700 2688 5756 Nora:
2708 5699 2924 5757 ϐοηθεῖ.
2962 5699 3320 5757 conciliorum.
3348 5697 3465 5755 Vol.
3497 5695 3587 5752 IX.

2290 5796 2328 5819 ρ
