3998 6304
245 316 309 372 77
1472 314 1748 370 NOTITIA
1790 313 1880 368 I'ZX
1924 313 2256 368 FABRICIO.
3429 315 3497 368 78

244 447 378 502 γμα.
439 429 676 486 Homilia
732 445 836 484 xxx
877 422 1168 502 p-JSclialis.
1214 428 1369 484 Tom.
1414 429 1477 494 V,
1536 438 1688 501 parte
1745 447 1816 495 ιι,
1853 435 1896 491 Α
1993 427 2264 482 Monac-liii
2308 427 2362 481 in
2403 426 2536 481 bibl.
2579 428 2805 483 elector.
2836 428 2958 484 cod.
2986 429 3118 486 LIII.
3150 429 3494 487 Anathemat.

247 537 299 591 ι).
327 519 591 578 542-550.

315 611 436 666 102.
478 613 556 666 Τὸ
603 611 704 682 μὲν
733 611 947 666 εὔτονον
975 613 1055 675 εἰς
1097 610 1400 666 εὐλάϐειαν.
1439 611 1682 682 Epistola
1731 612 1818 676 48,

247 703 313 758 ad
369 701 716 758 Gennadium
776 703 958 774 presb.
1009 710 1066 757 et
1113 702 1629 768 archimandritam,
1683 703 1822 772 quod

249 794 628 850 connivendum
664 796 733 849 sit
779 797 834 849 in
869 793 1048 866 aliquo
1096 812 1130 849 α
1171 796 1312 866 juris
1358 797 1547 867 rigore,
1601 797 1822 867 majoris

248 883 584 940 emolumenti
603 903 786 940 causa.
818 885 973 940 Tom.
1003 887 1066 952 V,
1101 894 1253 957 parte
1281 903 1339 952 ιι,
1367 903 1421 958 p.
1454 887 1548 943 191
1578 903 1660 958 sq.

317 975 439 1030 105.
483 976 590 1030 Τοῦ
634 977 886 1048 Σωτῆρος
914 977 1070 1047 ήμῶν
1100 977 1350 1046 λέγοντος
1380 980 1648 1050 ἐναργῶς.
1686 980 1819 1052 Epi-

246 1065 382 1120 stola
425 1067 513 1132 15,
549 1067 619 1123 ad
658 1067 970 1124 Nestorium
1017 1069 1145 1142 περὶ
1176 1070 1278 1141 τῆς
1313 1071 1726 1142 ἀκοινωνησίας,
1758 1073 1822 1127 de

244 1161 796 1225 eacommunicatione,
828 1161 1030 1232 scripta
1062 1161 1282 1217 nomine
1304 1163 1496 1234 synodi
1516 1165 1570 1220 in
1593 1164 1822 1238 Egypto

243 1258 602 1321 congregatae.
633 1250 787 1305 Tom.
815 1252 877 1317 V,
910 1261 1063 1322 parte
1095 1269 1151 1318 ιι,
1187 1269 1306 1324 pag.
1344 1254 1528 1321 67-77,
1563 1257 1823 1328 subjectis

242 1337 540 1395 duodecim
585 1341 860 1413 capitulis,
926 1343 1002 1416 (a)
1058 1345 1173 1400 sive
1221 1347 1719 1415 anathematismis,
1790 1367 1821 1405 a

244 1429 523 1498 Nestorio,
573 1433 619 1490 si
676 1435 809 1490 velit
853 1437 1054 1507 recipi,
1103 1438 1424 1509 probandis.
1482 1441 1563 1496 Ex
1609 1449 1760 1512 parte
1803 1458 1820 1497 ι

241 1525 508 1582 Actorum
537 1527 760 1582 concilii
798 1528 1084 1598 Ephesini,
1120 1539 1250 1584 tom.
1280 1531 1300 1586 I
1335 1531 1499 1598 Binii,
1541 1549 1663 1605 pag.
1693 1534 1816 1591 151.

243 1618 303 1672 In
349 1617 547 1673 iisdem
594 1620 766 1684 Actis,
811 1636 866 1690 p.
917 1621 1040 1686 159,
1081 1630 1298 1678 exstant
1341 1623 1535 1680 Latine
1578 1626 1818 1684 Nestorii

243 1709 534 1767 duodecim
581 1714 1045 1780 anathematismi,
1072 1715 1296 1772 totidem
1315 1715 1628 1788 Cyrillianis
1651 1733 1822 1790 oppo-

1923 518 2129 590 Cyrilli,
2157 533 2280 573 cum
2298 517 2543 590 apologis
2564 527 2751 572 contra
2769 517 3101 586 Orientales;
3133 521 3284 578 deest
3315 531 3498 578 autem

1924 611 2158 679 primus,
2211 609 2506 676 secundus,
2565 610 2794 680 quintus
2842 619 2898 665 et
2943 621 3133 665 sextus
3179 614 3499 669 anathema-

1924 703 2140 758 tismus.
2166 703 2231 758 V.
2256 702 2375 759 Cat.
2402 703 2551 757 codd.
2582 701 2675 759 Gr.
2699 701 2899 756 Bavar.
2926 717 3046 772 pag.
3091 702 3177 757 16.
3205 704 3274 760 Et
3300 705 3354 759 in
3377 705 3500 760 aliis

1922 794 2082 849 codd.
2111 795 2240 850 hinc
2261 795 2390 851 inde
2409 797 2518 868 jam
2543 795 2875 851 memoratis.
2905 795 3071 850 Hanc.

1994 886 2114 941 104.
2156 886 2230 940 Τὸ
2258 887 2553 958 φιλομαθὲς
2575 887 2668 941 καὶ
2697 886 3000 956 φιλόπονον.
3036 886 3280 957 Epistola
3313 889 3402 953 47,
3431 891 3498 944 ad

1922 976 2291 1043 Anastasium,
2327 977 2716 1043 Alexandrum,
2764 977 3169 1044 Martinianum,
3210 977 3495 1044 Joannem,

1923 1069 2273 1139 Paregorium
2312 1069 2497 1140 presb.
2525 1077 2581 1125 et
2625 1068 2914 1124 Maximum
2965 1066 3071 1142 (αι.
3102 1069 3497 1141 Maximinum)

1922 1159 2233 1226 diaconum,
2257 1169 2313 1216 et
2345 1169 2574 1218 caeteros
2603 1162 2791 1218 Patres
2812 1163 3130 1218 monachos.
3165 1163 3232 1218 In
3257 1171 3500 1218 sanctum

1920 1253 2213 1323 symbolum
2249 1253 2542 1309 Nicaenum.
2581 1253 2736 1309 Tom.
2781 1254 2848 1320 V,
2883 1263 3038 1326 parte
3067 1270 3126 1320 ιι,
3154 1270 3207 1325 p.
3243 1254 3496 1320 175-191,

1921 1363 1989 1399 ex
2018 1356 2172 1416 parte
2207 1346 2362 1402 tertia
2391 1347 2650 1402 Actorum
2683 1347 2928 1418 ejusdem
2961 1348 3226 1418 Ephesini
3257 1350 3497 1415 concilii,

1921 1451 1976 1506 p.
2018 1438 2143 1493 457.
2185 1437 2244 1493 In
2274 1437 2485 1493 Latinis
2518 1437 2857 1495 editionibus
2901 1439 3102 1512 legitur
3140 1455 3210 1496 ex
3245 1443 3500 1498 versione

1918 1528 2145 1585 Joannis
2167 1529 2475 1600 TheOphili,
2494 1530 2786 1601 subiuncta
2809 1531 3075 1587 relatione
3091 1533 3284 1605 synodi
3303 1533 3500 1591 Orien-

1920 1623 2110 1676 talium
2148 1621 2216 1677 ad
2259 1622 2611 1679 Callimorem
2659 1639 2864 1694 regem,
2903 1624 2971 1680 de
3009 1625 3352 1696 depositione
3397 1627 3501 1700 Cy—

1921 1713 2029 1768 rilli
2058 1721 2114 1768 et
2146 1713 2468 1779 Memnonis,
2498 1714 2704 1784 Ephesi
2744 1714 2939 1786 episc.,
2964 1732 3032 1772 ex
3067 1716 3215 1772 Actis
3241 1718 3500 1774 concilia-

242 1802 329 1857 siti
360 1811 417 1857 et
455 1819 582 1859 cum
620 1805 777 1861 Marii
817 1805 1133 1862 Mercatoris
1155 1807 1550 1874 confutatione,
1589 1809 1644 1864 in
1678 1809 1819 1863 Μετ’-
1852 1793 1894 1848 Β
1922 1803 2039 1858 buli
2065 1803 2448 1859 Orientalium.
2483 1804 2604 1860 Alia
2638 1804 2824 1862 versio
2846 1816 3007 1862 vetus
3045 1806 3101 1862 in
3145 1807 3437 1864 collatione
3466 1811 3501 1864 5

241 1901 419 1950 catore
457 1896 739 1964 Garnerii,
771 1906 904 1954 tom.
942 1900 1010 1965 II,
1043 1900 1247 1970 p.116.
1282 1900 1554 1957 Caeterum
1592 1903 1823 1974 epistola

242 1985 331 2041 illa
364 1986 556 2059 Cyrilli
595 2004 722 2043 cum
755 1990 1007 2046 versione
1036 1990 1193 2046 Marii
1219 1992 1538 2048 Mercatoris
1581 1995 1824 2050 occurrit

241 2077 299 2132 in
321 2077 580 2134 Carnerii
609 2079 924 2146 Mercatore,
961 2089 1092 2137 tom.
1115 2083 1181 2148 I1,
1208 2098 1263 2155 p.
1294 2083 1383 2150 69,
1412 2092 1468 2141 et
1495 2101 1564 2141 ex
1586 2087 1694 2142 alia
1731 2103 1825 2142 ve-

240 2168 340 2226 teri
364 2170 624 2226 versione
646 2173 791 2242 apud
815 2173 1094 2228 Baluzium
1125 2190 1180 2245 p.
1208 2175 1331 2240 412,
1359 2184 1416 2231 et
1433 2191 1499 2231 ex
1515 2177 1623 2232 alia
1644 2194 1700 2249 p.
1720 2178 1822 2234 679

239 2260 396 2318 Novae
424 2261 749 2318 collectionis
783 2264 1076 2329 concilior.,
1115 2265 1210 2335 qui
1245 2265 1565 2322 Mercatoris
1604 2283 1822 2338 quoque

238 2354 553 2410 versionem
593 2354 817 2410 exhibet
864 2371 920 2426 p.
968 2356 1091 2412 644.
1146 2356 1372 2427 Legitur
1423 2365 1478 2412 et
1517 2358 1710 2415 Latine
1765 2361 1822 2416 in

235 2445 534 2501 collatione
569 2454 719 2502 sexta
751 2447 944 2518 synodi
990 2465 1044 2512 v,
1088 2456 1220 2503 tom.
1255 2448 1304 2503 II
1352 2449 1518 2513 Binii,
1563 2458 1716 2520 parte
1758 2467 1819 2517 ιι,

236 2551 361 2607 pag.
403 2535 494 2601 96,
533 2545 590 2592 et
623 2553 693 2592 ex
731 2537 974 2610 Dionysii
1017 2537 1211 2609 Exigui
1253 2539 1507 2594 versione
1543 2539 1824 2610 prodierat

237 2624 416 2683 Paris.
458 2627 616 2693 1628,
678 2627 817 2694 in—8,
857 2636 913 2684 et
941 2628 998 2683 in
1021 2629 1269 2684 Antidota
1303 2629 1549 2684 adversus
1583 2630 1819 2694 hereses,

236 2715 407 2775 Basil.
439 2720 600 2786 1528,
623 2720 744 2788 ιοι.,
779 2721 882 2778 sub
910 2721 1072 2779 titulo
1107 2721 1232 2778 libri
1265 2732 1450 2779 contra
1499 2722 1817 2778 Nestorium.

236 2812 406 2869 Fas.

312 2904 452 2960 Vide
500 2919 667 2975 supra
704 2920 856 2960 num.
895 2905 960 2959 I7
985 2905 1041 2959 in
1077 2903 1398 2960 recensione
1435 2920 1660 2976 operum
1701 2921 1823 2977 quae

237 3003 430 3050 tomus
473 2995 567 3050 VII
610 2994 743 3050 edit.
787 2994 1217 3051 Graeco-Latina:
1266 2996 1530 3051 continet.
1590 2995 1824 3069 Legitur

239 3085 626 3141 memorabilis
663 3086 752 3141 illa
798 3086 1028 3157 epistola
1051 3085 1106 3140 in
1141 3085 1312 3141 Μειηεί
1355 3085 1570 3142 σοιιεοι.
1606 3087 1818 3154 conciL,

1921 1893 2116 1965 synodi
2158 1895 2225 1959 V,
2267 1903 2400 1949 tom.
2439 1895 2487 1951 II
2531 1895 2674 1952 Binii
2712 1907 2867 1968 parte
2901 1915 2959 1964 ιι,
3013 1915 3067 1970 p.
3121 1900 3209 1954 70.
3264 1902 3408 1959 Vide
3441 1911 3499 1959 et

1923 1982 2260 2050 TillemonL,
2285 1992 2418 2040 tom.
2439 1984 2578 2052 XIV,
2608 2002 2665 2056 p.
2706 1986 2829 2042 640.
2858 1988 3018 2043 Fara.

1993 2076 2234 2132 Florent.
2279 2077 2336 2132 in
2364 2078 2487 2134 cod.
2534 2078 2794 2134 Laurent.
2837 2080 2981 2146 XXI,
3012 2098 3069 2137 ιι.
3093 2085 3146 2138 7.
3176 2085 3240 2140 V.
3264 2083 3496 2141 Bandin.

1923 2161 2194 2237 Catatog.,
2219 2165 2262 2230 I,
2288 2181 2412 2237 pag.
2446 2167 2570 2221 544.
2597 2166 2767 2221 ΗΑιιι..

1996 2256 2115 2311 105.
2156 2257 2229 2310 Τὸ
2271 2257 2510 2328 Χριστὸς
2549 2257 2722 2328 ὄνομα
2763 2257 2888 2312 οὔτε
2932 2260 3058 2332 ὅρου
3099 2261 3326 2335 δύναμιν
3363 2264 3495 2336 ἔχει.

1921 2345 2057 2403 Vide
2078 2363 2263 2418 supra,
2295 2365 2450 2403 num.
2490 2347 2524 2404 8
2556 2348 2613 2404 in
2649 2351 2970 2408 recensione
3001 2369 3230 2424 operum
3255 2373 3376 2428 quae
3417 2366 3500 2413 to-

1920 2453 2046 2494 mus
2068 2441 2111 2495 V
2133 2440 2268 2494 edit.
2293 2440 2522 2496 Auberti
2545 2441 2807 2497 continet.

1992 2530 2113 2586 106.
2155 2531 2384 2604 Φαιδρὸν
2415 2533 2524 2604 ὁρῶ
2547 2533 2610 2587 τὸ
2633 2535 2886 2607 σύστημα
2911 2537 3021 2592 τῶν
3051 2538 3241 2608 ἁγίων.
3265 2538 3499 2598 IIomilia

1919 2621 2124 2693 Ephesi
2158 2623 2422 2680 adirersus
2456 2623 2771 2680 Nestorium
2799 2626 3008 2692 habita,
3037 2629 3200 2699 ήνικα
3233 2631 3499 2701 κατῆλθον

1923 2715 1972 2768 οἱ
2015 2713 2158 2767 ἑπτὰ
2180 2713 2318 2785 πρὸς
2363 2714 2462 2786 τὴν
2487 2715 2650 2785 ἁγίαν
2673 2717 2910 2788 Μαρίαν.
2964 2718 3121 2774 Tom.
3153 2720 3219 2787 V,
3251 2730 3408 2793 parte
3435 2739 3495 2788 II,

1921 2818 1977 2874 p.
2015 2802 2268 2859 355-558.
2316 2805 2377 2860 In
2416 2801 2626 2862 Latinis
2661 2807 2999 2866 editionibus
3037 2819 3216 2867 exstat
3244 2827 3275 2867 e
3322 2812 3497 2868 Wolf-

1922 2894 2083 2966 gangi
2114 2894 2346 2950 Musculi
2395 2895 2882 2968 interpretatione;
2927 2901 3024 2958 sed
3059 2901 3334 2960 Aubertus
3361 2921 3500 2977 pras-

1923 2986 2049 3040 tulit
2085 2988 2392 3043 versionem
2431 2988 2615 3055 aliam,
2655 3006 2890 3060 quacum
2936 2991 3138 3064 legitur
3168 2995 3226 3050 in
3267 3006 3422 3067 parte
3459 3015 3496 3053 ιι

1921 3077 2184 3134 Actorum
2224 3080 2417 3152 synodi
2439 3081 2746 3152 Ephesinae,
2769 3092 2900 3139 tom.
2936 3085 2958 3140 Ι
2987 3085 3150 3153 Binii,
3173 3103 3228 3158 p.
3271 3087 3398 3143 221.

239 3139 378 3230 to...
403 3139 513 3240 iv,
558 3139 664 3247 pag
726 3139 1045 3246 iocis“,
1091 3139 1165 3230 eth
1191 3139 1574 3244 antiquissima
1611 3139 1818 3242 sas;

1994 3169 2117 3226 107.
2155 3139 2384 3243 thatbpb;
2411 3139 2541 3243 imi»;
2567 3174 2596 3226 ὁ
2622 3139 2780 3242 λόγος
2808 3176 2902 3229 καὶ
2930 3139 3151 3250 χάριτοέ
3173 3139 3500 3250 anguino-

240 3281 408 3338 quam
469 3267 741 3322 Mercator
770 3266 1082 3334 _cont'ecisse
1135 3266 1358 3330 dicitur,
1407 3265 1558 3321 ibid..
1582 3274 1716 3322 tom.
1750 3266 1818 3334 V,

238 3373 298 3430 ρ.
313 3358 448 3424 725ς
466 3358 647 3414 versio
663 3359 905 3431 Dionysii
921 3358 1137 3430 Exigui,
1160 3357 1317 3430 (saec.
1332 3358 1430 3430 VI.)
1444 3373 1607 3429 quam
1625 3373 1820 3429 parum

241 3446 472 3503 diﬂ‘erre
513 3463 546 3503 a
567 3447 886 3505 Mercatoris
908 3449 1174 3518 gversione
1214 3449 1535 3520 pronuntiat
1579 3449 1822 3506 Mansius

245 3548 383 3594 tom.
428 3540 519 3604 IV,
550 3556 605 3611 p.
645 3540 818 3610 .1085,
860 3541 956 3596 ubi
981 3541 1173 3597 Latine
1201 3541 1420 3608 editur;
1453 3541 1617 3596 tertia
1663 3549 1822 3597 vetus

243 3630 449 3695 versio,
476 3630 637 3695 ibid.,
671 3639 805 3685 tom.
835 3631 902 3696 V,
943 3647 1064 3703 pag.
1093 3631 1225 3697 502;
1256 3639 1471 3700 quarta,
1517 3631 1573 3685 in
1604 3631 1744 3700 Lupi
1765 3640 1822 3687 et

244 3721 455 3776 Baluzii
471 3721 745 3794 Synodico
760 3723 930 3790 edita;
951 3724 1142 3794 quinta
1161 3723 1220 3777 in
1238 3710 1392 3778 Actis
1411 3723 1591 3792 quinti
1616 3737 1818 3779 meum.

243 3812 468 3868 concilii
493 3813 550 3868 in
581 3814 750 3870 Mansi
796 3815 1013 3870 collect.
1054 3821 1186 3869 tom.
1211 3813 1306 3880 IX,
1329 3830 1383 3885 p.
1415 3814 1514 3870 311
1552 3829 1672 3886 sqq.

318 3903 658 3960 Vindobonaa
699 3904 758 3959 in
784 3903 912 3959 cod.
951 3903 1088 3960 Cas.
1130 3903 1344 3970 LXXV,
1395 3904 1450 3960 in
1487 3919 1598 3975 quo
1636 3905 1824 3964 multa

241 3997 494 4067 epistola:
527 3997 742 4066 aliaque
773 3997 1036 4067 cpuscula
1057 3997 1125 4052 de
1162 3998 1254 4052 illa
1291 3999 1664 4053 controversia
1695 4005 1824 4054 sunt

244 4088 499 4152 collecta,
544 4087 998 4143 Anathematismi
1044 4104 1100 4143 ιι.
1153 4087 1242 4144 49.
1289 4089 1354 4144 V.
1408 4089 1691 4154 Lambec.,
1729 4089 1820 4156 III,

243 4195 371 4251 pag.
411 4179 540 4244 595,
578 4179 764 4251 ibique
803 4179 1028 4235 Kollarii
1067 4187 1273 4235 notam.
1300 4181 1448 4236 —In
1483 4181 1606 4236 cod.
1636 4181 1820 4247 XLIV,

243 4290 299 4330 ιι.
346 4273 452 4339 40;
489 4272 651 4338 XLV,
711 4289 769 4327 ιι.
831 4272 932 4339 49ς
995 4273 1082 4338 LI,
1136 4289 1194 4328 ιι.
1230 4273 1335 4341 19;
1372 4273 1482 4338 LII,
1510 4290 1566 4328 ιι.
1602 4274 1656 4339 9,
1697 4288 1823 4329 cum

242 4363 508 4436 anonymi
534 4362 855 4434 _appendice
901 4364 969 4419 de
1025 4364 1379 4435 opinionibus
1433 4366 1824 4422 haeresiarcha-

243 4471 394 4510 rnm.
431 4454 499 4508 V.
534 4452 816 4519 Lambec.,
857 4453 994 4519 VIII,
1029 4470 1151 4527 pag.
1187 4453 1291 4511 896
1327 4470 1434 4526 sq.,
1477 4455 1599 4521 957,
1634 4455 1739 4511 995
1768 4462 1824 4511 et

243 4544 406 4600 1002.

316 4638 617 4692 Florentia
662 4637 719 4692 in
765 4637 887 4692 cod.
929 4635 1188 4690 Laurent.
1233 4635 1350 4701 XII,
1392 4652 1446 4690 ιι.
1491 4635 1545 4701 6,
1592 4636 1731 4706 plut.
1770 4637 1824 4704 6,

241 4727 439 4800 Cyr-illi
483 4726 925 4782 anathematismi
965 4727 1082 4793 XII,
1128 4728 1204 4782 ita
1235 4726 1458 4796 quidem
1498 4725 1718 4798 digesti,
1769 4736 1831 4783 ut

243 4834 446 4876 eorum
486 4819 720 4890 quilibet
767 4819 1069 4891 subjectam
1116 4819 1318 4874 habeat
1339 4817 1528 4890 Cyrilli
1571 4819 1831 4890 explana-

244 4912 484 4976 tionem,
517 4911 837 4966 Theodoriti
870 4911 1378 4982 reprehensionem,
1408 4925 1473 4965 ac
1497 4925 1691 4966 rursus
1721 4911 1829 4985 Cy-

244 5004 360 5058 riIIi
391 5002 793 5068 defensionem,
816 5018 913 5058 seu
934 5017 1292 5073 responsum;
1321 5001 1600 5072 praemissa
1620 5012 1704 5058 est
1721 5002 1829 5076 Cy-

244 5093 360 5148 rilli
409 5094 574 5163 epist.
627 5093 699 5150 ad
734 5091 1050 5164 Evoptium.
1094 5122 1166 5134 —-
1200 5092 1262 5147 In
1315 5091 1439 5146 cod.
1491 5092 1635 5158 XXI,
1682 5110 1734 5148 ιι.
1772 5095 1825 5160 8,

240 5185 388 5254 plut.
422 5184 514 5250 IV,
567 5184 753 5240 diﬁert
777 5192 960 5240 tamen
1001 5183 1071 5238 ab
1107 5182 1290 5238 editis.
1333 5183 1400 5239 V.
1436 5183 1664 5239 Bandin.
1706 5183 1822 5240 Cat.

239 5276 397 5329 codd.
434 5275 528 5331 Gr.
559 5274 750 5338 Laur.,
772 5275 815 5341 I,
843 5290 966 5346 pag.
995 5273 1100 5330 118
1119 5284 1176 5331 et
1198 5274 1321 5330 5M.

1849 4498 1902 4561 D

1922 3259 2102 3334 μένος.
2132 3261 2444 3316 Encomium
2465 3265 2519 3317 in
2553 3261 2610 3318 S.
2637 3263 2869 3319 Mariam
2909 3265 3217 3336 Dciparam.
3245 3268 3403 3323 Tom.
3433 3271 3495 3338 Υ,

1918 3361 2074 3424 parte
2119 3369 2177 3417 ιι,
2205 3369 2260 3423 p.
2295 3353 2551 3424 579—585,
2578 3353 2647 3407 ab
2667 3354 2911 3410 Auberto
2945 3357 3182 3425 primum
3217 3359 3498 3431 vulgatum

1916 3459 1950 3499 e
1971 3459 2073 3498 ms.
2101 3444 2270 3514 regio.
2299 3443 2398 3516 [V.
2433 3442 2712 3509 Lambec.,
2744 3452 2875 3499 tom.
2912 3446 3048 3512 VIII,
3081 3463 3136 3519 p.
3173 3449 3296 3506 820.
3322 3450 3341 3525 ]

1993 3534 2114 3589 108.
2153 3537 2290 3606 Φέρε
2331 3536 2396 3607 δὴ
2442 3535 2626 3601 πάλιν,
2663 3537 2855 3606 καιροῦ
2904 3539 3336 3612 παραθήγοντος.
3383 3544 3495 3600 IIo-

1903 3627 2074 3684 ‘milia
2101 3628 2374 3698 paschalis
2395 3645 2518 3684 xxv.
2549 3629 2704 3684 Tom.
2735 3629 2798 3697 V,
2821 3641 2976 3702 parte
3006 3649 3064 3698 ιι,
3089 3649 3143 3704 p.
3171 3634 3424 3691 296-502.

1991 3717 2113 3773 109.
2153 3717 2429 3790 Φοϐοῦμαι
2475 3719 2567 3774 τὸν
2607 3720 2838 3776 θάνατον
2884 3724 2965 3777 ὅτι
2995 3727 3190 3798 πικρός
3240 3729 3329 3800 μοί
3357 3732 3495 3786 ἐστι.

1921 3807 2156 3864 Ποιιιὶιίιι
2204 3810 2340 3882 Περὶ
2383 3811 2563 3875 ἐξόδου
2607 3811 2786 3883 ψυχῆς
2830 3823 2878 3866 et
2933 3814 2998 3868 de
3039 3819 3265 3874 secundo
3305 3817 3499 3877 Christi

1922 3902 2169 3956 adventu.
2218 3902 2375 3957 Tom.
2406 3903 2470 3967 V,
2504 3911 2659 3973 parte
2701 3921 2761 3970 ιι,
2798 3921 2852 3976 p.
2903 3907 3161 3964 404-416.
3211 3911 3498 3969 Prodierat

1921 3989 2109 4047 Graece
2128 3992 2304 4048 Paris.
2339 3993 2483 4064 apud
2508 3994 2852 4050 Wechelium
2875 3997 3033 4062 1558,
3055 3999 3228 4057 forma
3262 4004 3494 4071 minore.

1922 4092 2047 4134 cum
2075 4080 2229 4136 horis
2267 4090 2324 4136 et
2348 4081 2568 4152 liturgia
2610 4083 2812 4148 Mariae,
2841 4093 2901 4139 ut
2933 4085 3208 4146 Gesnerus
3237 4093 3402 4149 etiam
3442 4097 3497 4151 in

1921 4169 2244 4226 Bibliotheca
2283 4187 2382 4227 sua
2421 4173 2721 4230 adnotavit.
2755 4176 2944 4233 Exstat
2974 4186 3029 4232 et
3057 4179 3243 4237 Graece
3288 4186 3496 4241 editum

1923 4265 1991 4320 ad
2024 4265 2228 4320 calcem
2261 4265 2603 4337 Ὠρολογίου
2653 4267 2966 4324 Graecorum
3013 4272 3209 4329 Venet.
3246 4275 3404 4342 1555,
3441 4280 3494 4343 8,

1927 4355 2100 4422 1555,
2164 4354 2324 4421 1611,
2375 4356 2459 4410 12.
2518 4357 2581 4412 In
2639 4357 2850 4414 Latinis
2904 4359 3097 4430 Cyrilli
3156 4363 3499 4424 editionibus

1925 4453 2102 4500 exstat
2148 4460 2180 4501 e
2241 4447 2491 4503 versione
2559 4447 2865 4504 Sebastiani
2914 4450 3280 4523 Castelliouis,
3332 4474 3495 4529 quam

1926 4537 2200 4593 Aubertus
2259 4554 2477 4610 quoque
2533 4541 2791 4596 servavit.
2844 4541 3148 4602 Transtulit
3192 4556 3250 4604 et
3295 4549 3499 4623 Caspar

1929 4627 2169 4684 Ursinus
2201 4630 2406 4686 Velius.
2441 4631 2600 4687 Fusa.

1994 4720 2050 4776 S.
2101 4722 2289 4793 Cyrilli
2341 4723 2404 4777 de
2462 4726 2656 4781 animi:
2703 4727 2955 4795 decessu,
3007 4730 3171 4800 deque
3226 4732 3341 4802 ejus
3387 4736 3494 4789 vita

1926 4811 2098 4868 altera
2140 4829 2331 4880 sermo,
2375 4813 2436 4870 C.
2466 4815 2664 4872 Ursino
2689 4817 2846 4874 Velio
2880 4818 3199 4891 interprete.
3236 4820 3495 4893 Ejusdem

1923 4902 2107 4959 Ursini
2129 4913 2310 4961 tomus
2345 4905 2567 4976 quidam
2598 4907 2878 4980 Evangelii
2911 4909 3118 4966 Lucani
3155 4910 3316 4983 (Luc.
3344 4929 3493 4982 XVIII,

1926 4995 2051 5070 15.)
2117 4997 2175 5052 in
2224 5014 2419 5056 versus
2473 4999 2571 5072 (52
2620 5001 3002 5074 hexametros)
3056 5002 3332 5071 redactus,
3387 5016 3495 5064 etc.

1924 5089 2458 5148 Viennaa'Pannoniat
2485 5093 2542 5148 in
2562 5092 2664 5147 aed.
2689 5093 2772 5149 Io.
2799 5093 3075 5166 Singreni,
3100 5095 3255 5163 1521,
3285 5099 3417 5156 min.
3442 5102 3497 5157 4..

1925 5181 1988 5236 V.
2020 5181 2187 5238 Denis
2220 5179 2412 5238 Wisn’s
2433 5182 3145 5252 Buchdrucker—Geschichte,
3186 5203 3242 5260 p.
3273 5189 3376 5244 224
3413 5207 3494 5260 sq.

1924 5282 1980 5328 et
2003 5273 2358 5330 Lambacheri
2390 5273 2527 5330 Bibl.
2554 5275 2720 5346 antiq.
2747 5277 2913 5343 civic.,
2953 5294 3008 5349 p.
3045 5275 3134 5335 99.
3157 5310 3228 5320 —
3261 5280 3320 5335 In
3360 5281 3493 5338 bibl.

311 5367 493 5422 Paris.
537 5367 599 5423 in
639 5367 778 5424 bibl.
822 5367 978 5438 pubi.
1015 5368 1073 5422 in
1102 5366 1226 5423 eod.
1255 5365 1374 5421 Lat.
1418 5365 1693 5422 MCDLVII
1734 5365 1826 5438 (in
1923 5365 2131 5422 Bodlci.
2163 5365 2286 5421 cod.
2309 5366 2534 5421 Barocc.
2566 5364 2816 5422 CXLVII.
2845 5367 3015 5424 Hanc.

235 5472 354 5527 quo
387 5460 574 5516 multa;
603 5469 738 5516 sunt
765 5459 956 5533 Cyrilli
997 5459 1244 5529 epistola
1269 5465 1327 5513 et
1354 5457 1457 5514 alia
1497 5457 1824 5529 opuscula),

232 5567 292 5606 .
317 5553 377 5616 8,
399 5562 455 5608 et
479 5554 536 5608 in
561 5553 690 5610 cod.
720 5553 838 5608 Lat.
860 5552 1195 5615 ‘IIMCXXIII,
1227 5568 1284 5606 ιι.
1309 5551 1361 5604 1.
1385 5551 1448 5608 ν.
1471 5549 1646 5606 Catal.
1674 5550 1822 5605 codd.

233 5641 363 5696 bibl.
389 5644 589 5709 Paris,
624 5644 716 5702 III.
735 5660 858 5716 pag.
892 5645 993 5698 117
1021 5653 1076 5698 et
1097 5643 1218 5698 210.

1994 5456 2114 5511 110.
2157 5457 2386 5530 Χαίρετε
2412 5459 2469 5510 ὲν
2497 5457 2686 5530 Κυρίῳ
2731 5459 2980 5524 πάντοτε,
3014 5461 3176 5516 πάλιν
3206 5461 3340 5532 ἐρῶ,
3373 5463 3493 5532 χαί-

1927 5565 2066 5614 ρετε,
2119 5546 2316 5618 Τρέχει
2361 5546 2418 5602 δὲ
2468 5549 2561 5602 καὶ
2612 5550 2763 5620 ἡμῖν.
2811 5551 3046 5616 Bomilia
3095 5553 3141 5607 II
3197 5555 3490 5625 paschalis.

1925 5638 2079 5694 Tom.
2115 5639 2176 5705 V,
2207 5649 2359 5710 parte
2381 5655 2438 5706 ιι,
2467 5655 2520 5710 p.
2548 5638 2737 5698 16-51.

309 5760 392 5828 (a)
427 5764 568 5819 Vide
619 5762 936 5818 Tillemont.
987 5771 1116 5818 tom.
1159 5761 1295 5827 XIV,
1348 5776 1467 5828 pag.
1519 5759 1644 5827 358,
1693 5758 1816 5825 369,
1855 5757 1978 5816 572.
