3998 6304
242 342 301 398 81
1286 380 1291 385 -
1484 343 1769 403 NOTITIA
1798 347 1816 403 I

1930 343 2256 402 FABIUCIO.
3438 341 3511 397 82

240 459 449 512 rillum.
477 458 538 513 In
577 464 731 528 parte
760 474 775 511 ι
805 457 1067 514 Actorum
1096 457 1316 515 concilii
1352 456 1777 530 Ephesini,tom.
1809 463 1902 537 1οΑ
1935 472 2083 518 teros
2131 469 2189 516 ct
2235 452 2712 522 archimandritas,
2749 471 2871 528 pag.
2904 458 3031 512 914.
3082 456 3279 529 Incipit
3306 455 3510 527 :Egrc-

240 550 407 615 Binii,
455 566 582 622 pag.
637 550 760 606 162.
817 551 1019 622 Incipit
1064 569 1078 605 :
1126 553 1293 608 Μέλει
1339 553 1589 607 πλεῖστον
1640 559 1827 609 θεοσε-

240 645 391 707 σείεις
410 642 597 714 ἡμῶν.
621 641 823 716 [Μειιε.
845 644 935 711 tv,
964 660 1088 716 pag.
1124 645 1303 713 nos;
1331 645 1452 701 Lat.
1486 645 1551 712 ν,
1586 662 1644 716 p.
1676 632 1823 707 529.]

312 738 435 797 Alia
468 755 591 812 pag.
619 741 742 797 164.
799 742 1045 812 Ηρτηται
1077 739 1178 811 τῆς
1201 741 1280 804 εἰς
1307 740 1441 796 Θεὸν
1467 740 1767 806 εὐσεϐείας.

244 902 400 962 VIII.
449 900 703 979 Scripta
760 898 989 979 Cyrilli
1048 899 1246 979 edita,
1276 901 1507 979 quain
1552 901 1825 963 editione

419 977 628 1040 Paris.
663 977 1143 1041 Graeco-Latina
1179 977 1645 1041 desiderantur.

310 1124 436 1179 152.
468 1121 721 1195 Epistola
765 1123 836 1177 ad
885 1120 1178 1194 Optimum,
1242 1122 1547 1179 Antiochiae
1606 1124 1826 1180 Pisidiae

238 1215 582 1286 episcopum,
609 1230 732 1284 quae
774 1214 1009 1284 incipit:
1039 1215 1149 1269 Kal.
1201 1215 1379 1279 ἄλλως
1433 1216 1624 1286 ἡδέως.
1687 1217 1824 1273 Vide

242 1324 411 1379 supra
449 1309 507 1362 in
538 1307 745 1371 Indice,
777 1322 931 1361 num.
963 1307 1051 1361 44.

314 1399 440 1453 155.
474 1397 970 1462 Commonitorium,
995 1398 1292 1453 Posidonio
1319 1399 1532 1466 datum,
1558 1402 1705 1472 quod
1736 1401 1823 1455 in—

237 1488 413 1559 cipit:
459 1487 549 1540 'H'
573 1486 867 1557 Νεστορεου
902 1487 1083 1551 πίστις
1106 1528 1120 1553 ,
1155 1488 1357 1559 μᾶλλον
1404 1490 1461 1544 δὲ
1515 1490 1820 1556 κακοδοξία.

239 1578 326 1650 [ν.
356 1594 522 1649 supra
553 1579 610 1633 in
640 1577 846 1645 Indice,
868 1595 927 1633 ιι.
952 1578 1067 1650 59.]

304 1672 432 1726 154.
496 1670 745 1738 Libeilus,
784 1687 820 1726 a
860 1670 1072 1743 Cyrillo
1124 1683 1182 1727 et
1242 1673 1552 1739 Memnone,
1619 1676 1821 1747 Ephesi

235 1763 433 1833 episc.,
474 1763 694 1819 oblatus
730 1763 971 1819 concilio
1000 1764 1297 1835 Ephesino.
1344 1767 1482 1822 Vide
1530 1768 1587 1822 in
1624 1768 1822 1824 eodem

238 1851 421 1908 Indice
453 1870 467 1906 :
504 1853 740 1917 Εὖσεὸὲς
761 1852 1037 1924 θέσπισμα
1060 1857 1117 1907 ἐν
1147 1855 1293 1927 τῇδε.

308 1942 429 1998 155.
468 1942 847 2015 Fragmentum
900 1943 1149 2009 homiliw,
1217 1945 1365 2016 quod
1404 1946 1598 2017 incipit
1627 1965 1641 2000 :
1668 1947 1822 2002 Dives

236 2044 311 2089 est
347 2034 501 2089 hodie
528 2036 790 2090 Dominus
819 2044 1013 2101 noster,
1057 2036 1111 2090 in
1140 2044 1294 2107 parte
1323 2054 1381 2092 ιιι
1416 2038 1602 2093 Actor.
1630 2040 1823 2111 synodi

237 2126 547 2197 Ephesium,
578 2136 711 2181 tom.
738 2127 759 2181 Ι
796 2126 963 2191 Binii,
994 2142 1051 2197 p.
1074 2127 1200 2181 581.
1234 2127 1419 2193 Aliud,
1448 2144 1501 2200 p.
1546 2128 1670 2183 425.
1692 2128 1820 2195 Eos,

238 2222 324 2289 qui
350 2221 553 2290 pietate
585 2218 735 2286 ﬁrmi
762 2226 910 2284 sunt,
936 2225 1045 2272 etc.
1326 2218 1331 2225 ”

260 2368 279 2385 ς
310 2310 431 2365 156.
491 2308 735 2379 Epistula
787 2310 859 2364 ad
908 2308 1127 2364 clericos
1179 2308 1820 2381 Constantinopolitanos,

232 2402 452 2473 plenior
496 2418 565 2457 ex
622 2401 777 2456 Marii
828 2400 1146 2457 Mercatoris
1191 2402 1461 2458 versione.
1492 2403 1630 2458 Vide
1657 2419 1822 2475 supra

232 2497 293 2550 in
312 2496 501 2552 Indice
531 2512 546 2548 τ
589 2496 851 2563 Ἀνέγνων
878 2495 939 2547 τὺ
968 2495 1394 2565 ὑπομνηστικόν.

308 2585 433 2639 157.
466 2583 719 2640 Collectio
742 2585 954 2638 uberior
982 2584 1238 2639 dictorum
1264 2585 1515 2650 Nestorii,
1541 2600 1606 2641 ex
1629 2585 1823 2641 Latina

234 2677 396 2732 Marii
442 2677 765 2732 Mercatoris
810 2677 1105 2744 versione,
1140 2687 1275 2733 tom.
1338 2678 1383 2732 ll
1421 2677 1555 2733 edit.
1605 2678 1818 2735 Carne-

234 2768 425 2832 rianae,
463 2784 518 2838 p.
562 2767 824 2823 105-106.

306 2858 433 2913 158.
458 2859 638 2915 Locus
669 2859 925 2931 insignis,
958 2874 1069 2930 quo
1106 2858 1307 2916 scholia
1353 2861 1545 2934 Cyr-illi
1586 2862 1654 2917 de
1687 2863 1822 2919 Uni-

226 2950 423 3021 genito
452 2951 698 3006 auctiora
725 2967 793 3006 ex
820 2967 924 3008 ms.
953 2952 1107 3008 dedit
1146 2952 1291 3007 idem
1328 2953 1569 3009 Joannes
1610 2954 1821 3010 Game-

228 3045 373 3099 rius.
415 3045 552 3100 Vide
601 3060 787 3117 supra,
822 3061 977 3100 num.
1029 3046 1083 3111 8,
1123 3046 1177 3100 in
1216 3047 1536 3101 recensione
1590 3062 1819 3117 operum

228 3150 355 3204 quae
396 3144 582 3190 tomus
611 3136 656 3191 V
677 3136 906 3191 Auberti
937 3137 1200 3191 continet.

299 3222 434 3278 159.
474 3222 722 3294 Epistola
746 3224 816 3278 ad
844 3224 1096 3279 Acacium
1121 3225 1521 3281 Berrhoensem.
1554 3226 1614 3281 In
1645 3227 1816 3299 Syno-

232 3313 357 3368 dico
384 3314 652 3370 adversus
675 3316 995 3386 tragcediam
1020 3316 1236 3383 Irenaei,
1268 3334 1315 3371 c.
1355 3319 1443 3384 56,
1482 3335 1540 3389 p.
1570 3318 1667 3373 851
1707 3335 1813 3389 sq.,

232 3405 375 3477 apud
402 3405 691 3461 Bal‘uzium
712 3404 929 3462 Colleet.
960 3423 1107 3463 nova:
1127 3409 1422 3475 concilior.,
1444 3425 1501 3481 p.
1535 3411 1813 3479 758-762;

234 3498 446 3553 Latine.
478 3497 677 3569 Incipit
697 3517 711 3553 :
733 3498 1016 3553 Decen'tem
1048 3517 1102 3553 se
1132 3502 1294 3554 etiam
1334 3519 1475 3556 nunc
1508 3519 1692 3558 curam
1727 3505 1815 3557 in-

232 3592 358 3662 cipit
402 3593 659 3655 sanctitas
717 3600 829 3646 tua.
889 3586 1043 3647 Adde
1109 3592 1425 3648 Tillemont.
1486 3594 1641 3649 'I‘om.
1673 3595 1814 3663 XIV,

238 3698 355 3754 pag.
386 3682 512 3747 519,
549 3698 667 3753 seq.
725 3683 887 3738 Fssn.
930 3715 1003 3723 —
1028 3683 1088 3738 In
1127 3683 1402 3755 Synodico
1440 3686 1612 3742 multa
1658 3704 1816 3758 repe-

238 3773 453 3829 riuntur
485 3775 716 3831 collecta
746 3776 814 3831 de
845 3776 1028 3831 turbis
1068 3774 1433 3831 Orientalium
1468 3786 1589 3848 post
1627 3794 1815 3849 pacem

237 3863 456 3919 factam.
491 3862 659 3920 Ηιιιι.

302 3954 427 4008 140.
476 3953 558 4010 Ad
601 3955 855 4010 Acacium
887 3957 1284 4014 Melitinensem.
1327 3960 1513 4016 Baluz.
1541 4003 1555 4026 ,
1599 3978 1653 4033 p.
1689 3962 1811 4028 917,

238 4054 289 4099 et
315 4062 382 4101 ex
417 4048 527 4101 alia
553 4047 809 4103 versione
840 4049 895 4103 in
929 4050 1221 4108 collatione
1254 4053 1288 4108 5
1321 4054 1543 4108 concilii
1589 4071 1640 4118 ν,
1678 4063 1811 4109 tom.

238 4138 280 4193 II
313 4138 483 4206 Binii,
525 4149 684 4211 parte
722 4158 783 4207 ιι,
820 4157 875 4213 p.
905 4142 995 4208 70,
1037 4144 1131 4198 ubi
1157 4144 1397 4201 traditur
1424 4146 1616 4201 eadem
1636 4147 1814 4218 Cyril-

237 4227 319 4284 lus
344 4229 515 4285 etiam
547 4230 834 4302 scripsisse
863 4232 934 4287 ad
966 4233 1319 4290 Theodorum
1349 4235 1720 4308 Ancyranum,
1759 4246 1816 4293 et

237 4320 503 4388 Firmum,
539 4324 802 4383 Caesareae
841 4327 1203 4401 Cappadociae
1261 4331 1604 4402 episc0pum.
1663 4330 1730 4384 Et
1759 4329 1814 4384 in

236 4414 464 4482 epistola
495 4414 531 4469 5
560 4415 767 4490 Pelagii
798 4417 845 4474 II
880 4419 950 4474 ad
1002 4420 1292 4492 episcopos
1347 4421 1540 4476 lstriae.
1578 4418 1808 4490 Incipit:

238 4503 423 4560 Latere
450 4516 599 4563 tuam
633 4526 735 4564 non
758 4512 993 4582 oportuit
1013 4516 1372 4568 sanctitatem.

303 4596 425 4651 141.
451 4597 535 4652 Ad
575 4599 872 4657 Rabbulam
904 4603 1246 4671 Edessenum,
1297 4605 1353 4660 in
1390 4604 1582 4660 eodem
1637 4603 1812 4675 Syno-

237 4687 378 4754 dico,
432 4704 488 4760 p.
543 4690 667 4759 812,
720 4693 854 4750 edit.
906 4695 1136 4751 Baluzii.
1192 4695 1392 4767 Incipit
1423 4713 1435 4750 :
1465 4696 1710 4752 Piissimo
1766 4704 1815 4750 et

237 4787 477 4836 amatore
509 4781 705 4839 Christi
726 4786 1049 4857 imperatore
1075 4788 1353 4860 dirigente.
1394 4789 1559 4851 Face.

308 4873 428 4928 142.
461 4873 545 4929 Ad
564 4875 915 4945 Aristolaum,
941 4880 1225 4936 tribunum
1242 4890 1299 4936 et
1322 4882 1618 4939 notarium.
1647 4880 1809 4945 Πιίὠ,

235 4976 355 5033 pag.
413 4962 538 5019 889.
592 4965 835 5038 Incipit:
867 4968 1125 5026 Dominus
1187 4988 1332 5025 meus
1392 4971 1812 5043 religiosissimus

235 5053 636 5112 Beronicianus.
685 5058 755 5113 Et
782 5075 837 5130 p.
864 5060 990 5117 915.
1036 5062 1235 5134 Incipit
1272 5083 1284 5117 :
1317 5063 1541 5127 Piarum
1578 5065 1812 5119 sanctio-

235 5162 358 5201 num
386 5166 504 5219 quae
528 5167 716 5222 nuper.
742 5151 897 5207 Adde
921 5153 1239 5210 Tillemont.
1271 5163 1403 5210 tom.
1426 5155 1565 5220 XIV,
1594 5172 1649 5226 p.
1685 5155 1809 5211 619.

302 5241 425 5296 M5.
461 5242 539 5298 Ad
565 5243 909 5300 Theodosium
938 5247 1070 5317 imp.
1106 5247 1290 5301 Baluz.
1314 5288 1328 5313 ,
1356 5262 1410 5318 ιι.
1437 5247 1558 5303 894.
1577 5247 1805 5318 Incipit:

231 5332 510 5390 Eternam
537 5337 703 5391 vitam
729 5338 1005 5408 providere
1037 5358 1067 5394 a
1097 5348 1262 5394 terra.

216 5464 223 5469 -
302 5426 421 5481 144.
443 5427 523 5483 Ad
553 5428 819 5484 Joannem
845 5429 1249 5489 Antiochenam.
1280 5432 1444 5495 Ibid.,
1477 5448 1531 5502 ιι.
1566 5431 1689 5486 914.
1720 5431 1810 5485 ln-

232 5517 363 5586 cipit
402 5535 415 5571 :
463 5518 695 5574 Litteras
749 5537 783 5573 a
824 5528 918 5574 tua
975 5523 1294 5592 perfectione
1343 5524 1713 5585 transmissus;
1757 5528 1814 5575 ct

230 5623 285 5677 p.
318 5609 442 5666 916.
472 5612 709 5683 Incipit:
748 5610 862 5683 Ego
894 5599 1103 5684 quidem
1138 5616 1439 5671 abstersisse
1462 5634 1493 5671 a
1522 5632 1597 5670 se.
1626 5615 1812 5678 Graece

232 5708 287 5754 et
317 5701 508 5761 Latine
541 5705 596 5761 in
619 5704 877 5762 Garnerii
907 5707 1169 5764 Auctario
1193 5710 1536 5765 Theodoriti.
1582 5724 1588 5731 '

297 5794 410 5855 145.
434 5798 522 5856 Ad
544 5799 872 5866 Maximum,
898 5800 1178 5868 Joannem,
1210 5802 1561 5870 Thalassium,
1581 5805 1810 5874 presby-

1927 555 2047 626 qius
2063 551 2273 623 quidem
2310 549 2454 607 zelus
2480 548 2838 621 religiositatis
2865 557 3052 605 uestra
3072 558 3193 605 est...

2001 646 2123 700 146.
2157 645 2239 700 Ad
2276 643 2550 709 Horreum,
2584 641 2850 699 Antaradi
2904 642 3225 713 episcopum.
3251 642 3416 705 Ibid.,
3454 656 3512 711 μ

1928 735 2052 790 917.
2087 734 2286 805 Incipit
2316 754 2328 788 :
2352 734 2468 806 Ego
2492 733 2702 805 quidem
2732 748 2940 804 semper
2968 738 3074 787 tua:
3095 730 3450 802 religiositati.

1998 848 2122 903 147.
2165 838 2533 924 Ερὶειρῑαάά
2575 847 2900 910 Nestorium,
2930 860 3000 899 ex
3048 842 3286 898 Arabico
3332 858 3510 908 versa,

1926 940 2075 1010 apud
2109 940 2411 995 Eusebium
2453 939 2843 994 Renaudotum
2888 938 2946 992 in
2999 935 3238 991 Historia
3275 937 3514 1006 patriar-

1927 1030 2149 1085 charum
2188 1030 2366 1096 Alex.,
2413 1046 2468 1101 p.
2514 1030 2635 1085 109.
2672 1021 2870 1101 Incipit
2898 1046 2911 1083 :
2937 1028 3056 1084 Non
3099 1028 3299 1083 credidi
3328 1044 3513 1083 verum
3554 1070 3557 1073 .

1928 1138 2038 1176 esse
2071 1123 2215 1194 quod
2247 1124 2311 1177 de
2340 1131 2411 1177 te.

2000 1212 2121 1265 148.
2158 1211 2481 1282 Fragmenta
2508 1228 2571 1265 ex
2594 1227 2837 1265 sermone
2857 1210 2920 1264 de
2941 1209 3065 1279 ﬁde.
3100 1209 3267 1276 Ibid.,
3297 1225 3352 1280 p.
3383 1208 3510 1266 9‘27.

1927 1303 2100 1374 Incip.
2131 1322 2144 1357 :
2183 1303 2300 1376 Ego
2324 1313 2776 1375 contemperatum
2807 1320 2912 1357 non
2941 1304 3159 1374 recipio.

1998 1395 2119 1450 149.
2152 1394 2473 1467 Fragmenta
2518 1412 2580 1450 ea:
2613 1394 2834 1467 epistola
2866 1395 2936 1449 ad
2967 1396 3249 1449 monachos
3296 1393 3512 1449 Phaen-

1924 1508 2027 1555 ses,
2052 1502 2246 1545 contra
2267 1505 2489 1545 errores
2505 1488 2781 1561 Origenis.
2805 1486 3108 1543 Concilior.
3136 1495 3267 1542 tom.
3296 1487 3338 1542 V
3371 1486 3511 1542 edit.

1926 1583 2152 1647 Labbei,
2178 1599 2234 1653 p.
2271 1582 2532 1638 657-660.

1996 1675 2118 1731 150.
2158 1675 2416 1746 Praefatio
2430 1677 2488 1729 in
2506 1675 2711 1747 cyclum
2741 1672 3046 1747 paschalem
3078 1689 3349 1729 annorum
3372 1672 3513 1729 XCV

1929 1767 2234 1840 (conditum
2269 1768 2333 1822 A.
2368 1767 2432 1823 C.
2476 1767 2601 1824 456.
2643 1767 2783 1824 Vide
2835 1766 3153 1822 Tillemont.
3192 1773 3325 1821 tom.
3366 1763 3509 1827 XIV.

1926 1877 2048 1931 pag.
2082 1859 2186 1915 625
2209 1858 2374 1930 seq.),
2408 1859 2600 1917 Latine
2628 1859 2776 1915 edita
2806 1859 2875 1914 ab
2901 1858 3119 1931 Egidio
3150 1856 3426 1913 Bucherio
3456 1856 3513 1910 in

1924 1949 2182 2005 Doctrina
2214 1957 2527 2021 temporum,
2569 1966 2692 2021 pag.
2725 1949 2986 2004 481-484.
3030 1949 3311 2019 Antwerp.
3351 1947 3510 2009 1654.
3582 2024 3587 2029 ⁸

1925 2041 2017 2097 fol.
2050 2042 2184 2116 [Sed
2219 2042 2547 2112 locupletior
2580 2050 2667 2097 est
2716 2042 2774 2096 in
2828 2040 2950 2096 cod.
3008 2040 3071 2095 B.
3125 2040 3279 2111 publ.
3333 2039 3510 2095 Paris.

1924 2132 2182 2197 DCIX,n.
2211 2133 2264 2186 4.
2295 2132 2361 2187 V.
2389 2132 2510 2187 Cat.
2543 2131 2706 2187 codd.
2739 2131 2936 2197 Paris.,
2968 2130 3060 2197 III,
3092 2145 3217 2201 pag.
3249 2124 3365 2201 51.]
3396 2128 3510 2183 Me-

1925 2223 2089 2277 minit
2120 2222 2258 2295 cycli
2284 2222 2453 2286 illius,
2491 2236 2559 2277 ex
2608 2221 2853 2291 quinque
2883 2219 3050 2291 cyclis
3109 2214 3513 2273 decemnoven-

1923 2315 2144 2371 nalibus
2179 2315 2506 2379 constantis,
2538 2312 2859 2384 Sigebertus
2895 2311 3325 2378 Gemblacensis,
3366 2326 3418 2365 c.
3441 2309 3513 2364 24

1922 2405 2002 2461 De
2031 2406 2370 2478 scriptoribus
2406 2390 2789 2460 ecclesiasticis.

1991 2496 2113 2551 151.
2149 2496 2408 2567 Liturgia,
2444 2510 2509 2550 ex
2538 2494 2775 2549 Arabico
2796 2494 2991 2550 Latine
3025 2506 3184 2549 versa
3203 2510 3234 2549 a
3265 2493 3511 2549 Victorio

1923 2586 2195 2658 Scialagh.
2227 2586 2486 2657 Augustae
2511 2585 2781 2640 Vindelic.
2814 2583 2971 2651 1604,
3014 2585 3153 2649 ιιι-4,
3189 2592 3353 2654 atque
3381 2583 3511 2639 inde

1922 2678 1981 2732 in
2016 2677 2153 2733 Bibl.
2202 2677 2429 2733 Patrum
2466 2677 2645 2731 Paris.
2677 2692 2728 2731 a.
2756 2677 2911 2733 1654.
2946 2676 3104 2732 Tom.
3134 2676 3220 2731 VI.
3255 2672 3510 2731 ﬂeximus

1921 2771 2273 2836 auctoritatis,
2308 2769 2488 2840 inquit
2506 2768 2883 2840 Villalpandus
2907 2768 2963 2823 in
2980 2784 3100 2839 cap.
3127 2784 3164 2823 ιι
3179 2767 3507 2831 Ezechielis,
3566 2808 3583 2817 _

1920 2876 1976 2930 p.
2007 2860 2132 2925 512,
2158 2861 2320 2914 rideri
2351 2860 2499 2913 debet
2528 2858 2585 2915 S.
2619 2859 2850 2932 Cyrillus
2879 2861 2933 2913 in
2965 2876 3027 2915 ea
3064 2858 3310 2929 liturgia,
3348 2875 3511 2930 quam

1922 2968 2090 3023 nuper
2114 2968 2178 3006 ex
2197 2951 2516 3023 .Egyptiaca
2563 2951 2744 3023 lingua
2773 2953 2828 3006 in
2851 2952 3101 3007 Latinam
3126 2954 3380 3007 convertit
3419 2950 3509 3005 Vi-

1922 3045 2115 3098 ctorius
2175 3043 2515 3109 Hacurensis,
2551 3043 2843 3110 Maronita,
2880 3060 3146 3115 quamque
3179 3043 3390 3114 vulgari
3419 3057 3511 3095 cu-

1844 3155 1887 3213 c
1922 3140 2011 3187 rat
2045 3133 2306 3188 Velserus.
2332 3134 2578 3206 Liturgia
2609 3135 2744 3201 haec,
2778 3135 3012 3190 Arabice
3036 3144 3094 3191 et
3120 3134 3344 3205 Coptice
3366 3133 3507 3187 scri-

1919 3234 2032 3297 pta,
2060 3226 2118 3280 in
2154 3226 2490 3281 membranis
2519 3225 2625 3282 fuit
2652 3226 2798 3281 inter
2829 3242 2960 3281 mss.
2988 3225 3209 3281 codices
3234 3224 3507 3279 D.-~Abra—

1918 3316 2066 3371 hami
2124 3317 2562 3381 IIianelmanni.
2613 3318 2771 3371 Fusa.
2802 3318 2956 3371 --In
2989 3317 3112 3370 cod.
3165 3314 3395 3371 Coislin.
3451 3316 3508 3370 in

1917 3410 2209 3465 Montl‘uuc.
2235 3409 2353 3465 Cat.
2379 3409 2501 3462 bibl.
2543 3408 2727 3474 Coisl.,
2764 3426 2818 3479 p.
2863 3410 2987 3474 188;
3024 3409 3287 3464 tribuitur
3305 3408 3401 3464 illa
3435 3410 3505 3464 li-

1919 3503 2098 3572 turgia
2122 3501 2346 3567 Jacobo,
2387 3500 2544 3556 fratri
2574 3501 2812 3556 Domini.
2842 3531 2913 3541 —
2937 3502 2996 3556 In
3028 3502 3157 3559 Sch.
3191 3503 3505 3558 Renaudoti

1919 3580 2136 3647 Collect.
2164 3592 2432 3664 liturgiar.
2462 3591 2837 3659 Orientalium,
2874 3603 3007 3649 tom.
3049 3595 3091 3661 I,
3132 3594 3307 3650 Paris.
3346 3595 3506 3660 1716,

1918 3684 1971 3748 4,
2008 3700 2063 3755 p.
2095 3683 2184 3750 58,
2221 3690 2278 3739 et
2302 3682 2552 3740 Renaud.
2578 3693 2694 3740 not.
2728 3701 2782 3754 β.
2814 3685 2920 3740 515
2947 3701 3092 3756 sqq.,
3123 3684 3312 3758 Cyrilli
3346 3684 3503 3740 Alex.

1918 3776 2136 3848 liturgia
2167 3776 2311 3831 inter
2335 3783 2446 3833 tres
2465 3776 2717 3848 liturgias
2738 3777 3083 3847 Coptitarum
3107 3776 3504 3843 Jacobitarum,

1917 3884 1985 3924 ex
2010 3867 2240 3939 Coptico
2255 3883 2551 3924 conversas
2575 3885 2587 3922 :
2616 3869 2670 3923 in
2700 3870 2832 3924 toni.
2858 3869 2926 3933 11,
2952 3885 3011 3923 ιι.
3034 3869 3194 3941 20,ρ.
3213 3869 3340 3935 275,
3363 3878 3507 3924 noue

1915 3976 1970 4031 p.
2004 3960 2129 4026 285,
2160 3991 2232 4000 -—
2254 3960 2398 4015 inter
2429 3961 2704 4032 liturgias,
2736 3977 2806 4017 ex
2847 3961 3009 4016 codd.
3042 3961 3282 4033 Syriacis
3311 3961 3507 4017 Latiae

1916 4069 2118 4109 versas.
2147 4053 2286 4109 Add.
2316 4054 2523 4108 Abrah.
2570 4053 2986 4110 Ecchellensem
3027 4053 3081 4107 in
3118 4054 3267 4109 notis
3311 4052 3379 4108 ad
3417 4067 3512 4108 ca-

1917 4145 2079 4215 talog.
2136 4145 2405 4199 librorum
2441 4142 2724 4199 Chaldaic.
2755 4154 2811 4199 et
2837 4144 3102 4215 Syrorum
3146 4144 3302 4200 Ebed
3350 4144 3512 4217 Iesu,

1916 4254 2035 4309 cap.
2061 4237 2151 4293 29.
2175 4240 2235 4294 V.
2261 4238 2551 4294 Renandot
2575 4238 2720 4308 apud
2750 4238 3120 4294 Montfaucon.
3151 4239 3207 4291 in
3231 4236 3502 4308 Palmogr.

1916 4328 2121 4393 Crwca,
2156 4343 2213 4397 p.
2257 4328 2383 4392 514,
2411 4326 2482 4381 de
2522 4326 2777 4396 liturgia,
2816 4341 2941 4395 quae
2972 4326 3179 4380 dicitur
3204 4326 3270 4380 Β.
3307 4326 3500 4389 Marci,

1916 4419 2230 4473 charactere
2284 4416 2824 4489 Algyptico-Graeco,
2876 4431 3049 4486 quam
3093 4431 3225 4471 vero
3279 4416 3507 4471 adnotat

1847 4516 1891 4571 υ
1917 4509 2051 4564 ibid.
2112 4508 2415 4564 Renaudor
2457 4507 2708 4564 eamdem
2770 4522 2893 4563 esse
2965 4516 3131 4578 atque
3195 4523 3318 4563 cam
3383 4524 3507 4578 qua:

1917 4601 2142 4673 Coptice
2174 4608 2352 4656 exstet
2377 4600 2479 4655 sub
2500 4598 2721 4655 nomine
2744 4597 2952 4670 Cyrilli.
2975 4629 3044 4638 --
3074 4598 3247 4655 Paris.
3280 4598 3338 4653 in
3365 4598 3501 4654 bibl.

1916 4692 2069 4762 publ.
2098 4691 2242 4747 inter
2274 4691 2435 4747 codd.
2461 4688 2789 4755 Orientales,
2827 4689 3132 4745 secundum
3183 4697 3291 4744 cat.
3339 4688 3499 4744 codd.

1916 4785 2089 4840 Paris.
2120 4785 2230 4839 vol.
2264 4784 2308 4849 I,
2341 4801 2396 4854 p.
2415 4784 2503 4850 54,
2531 4784 2622 4850 57,
2649 4783 2740 4851 60,
2760 4784 2829 4838 72
2848 4794 2905 4839 et
2930 4784 3017 4849 75,
3045 4766 3500 4854 Ογιὶιιὶἶὶιιιτεὶίι,

1922 4876 2170 4948 Syriace,
2205 4876 2261 4931 in
2284 4876 2446 4931 codd.
2477 4874 2693 4939 XXXII,
2729 4892 2786 4928 ιι.
2815 4875 2870 4939 2,
2909 4873 3093 4939 LXVI,
3124 4873 3306 4938 XCIV,
3353 4889 3410 4927 ιι.
3446 4874 3499 4928 5.

1915 4999 1988 5009 --
2019 4968 2263 5039 COptiee,
2294 4969 2352 5023 in
2381 4968 2503 5024 cod.
2522 4967 2714 5031 XXVI,
2747 4983 2804 5021 ιι.
2829 4966 2882 5030 5,
2912 4980 3039 5020 cum
3073 4965 3307 5020 Arabica
3327 4965 3500 5021 inter-

1916 5059 2248 5130 pretatione,
2278 5069 2337 5115 et
2362 5059 2523 5115 codd.
2545 5058 2739 5123 XXXI,
2765 5073 2822 5111 ιι.
2862 5055 2916 5122 5,
2939 5064 3103 5126 atque
3128 5055 3267 5122 XLI,
3297 5046 3335 5111 ὁ
3348 5055 3500 5117 Grae-

1917 5168 1982 5207 ca
2030 5153 2219 5224 lingua
2263 5153 2321 5207 in
2374 5152 2654 5221 Copticam
2721 5164 3016 5218 conversa;
3047 5148 3330 5205 dimidiam
3369 5165 3503 5205 vero

1916 5252 2131 5314 partem
2179 5255 2414 5315 occupat
2457 5243 2640 5297 versio
2675 5240 2929 5296 Arabica.
2953 5240 3238 5297 ——Oxonii
3266 5242 3323 5297 in
3360 5241 3495 5297 bibl.

1915 5336 2121 5392 Bodlei.
2151 5355 2204 5391 ιι.
2226 5338 2358 5392 5291
2399 5336 2516 5391 Cat.
2536 5334 2679 5390 inter
2707 5333 2866 5400 codd,
2886 5334 3109 5401 Thoma:
3134 5333 3497 5398 Mareschalli,

1916 5440 2080 5500 atque
2108 5447 2162 5485 ιι.
2198 5430 2337 5485 5878
2353 5446 2418 5483 ac
2453 5428 2616 5495 5879,
2643 5428 2786 5492 inter
2809 5428 2968 5491 codd.
2993 5427 3354 5497 Huntington.
3388 5426 3498 5488 Co-

1914 5524 2064 5593 ptice
2096 5533 2153 5578 et
2179 5521 2343 5576 Arab.
2378 5521 2545 5577 ΗΑιιι..

1988 5616 2108 5671 152.
2133 5614 2453 5685 Fragmenta
2498 5630 2561 5669 ea:
2601 5614 2818 5679 hongilia
2853 5614 2989 5686 πρὸς
3022 5614 3149 5678 τοὺς
3183 5613 3496 5685 τολμῶντας

1911 5704 2113 5777 1λέγειν,
2151 5706 2225 5778 μὴ
2264 5690 2385 5760 δεῖν
2430 5706 2570 5779 ὑπὲρ
2620 5706 2726 5760 τῶν
2763 5707 2822 5760 ἐν
2871 5706 3052 5759 πίστει
3083 5706 3505 5775 κεκοιμημένων

1919 5799 2269 5874 προσφέρειν,
2295 5800 2565 5856 -advcrsus
2626 5816 2731 5867 cos,
2773 5797 2863 5870 qui
2910 5807 3123 5871 negant,
3179 5796 3501 5868 oﬁ'erendum
