3998 6304
471 339 544 394 83
1308 307 1316 312 ’
1721 347 2000 405 somn.
2036 346 2130 402 15x
2173 347 2506 406 FABRICIO.
3659 358 3730 405 us

477 474 573 526 pro
599 461 662 513 iis
701 462 792 531 qui
820 462 875 515 in
904 459 1010 530 ﬁde
1051 465 1467 530 obalormierunt,
1503 481 1628 535 quae
1658 477 1872 522 exstant
1909 466 2054 537 apud
2083 470 2128 526 Α
2159 466 2446 539 Episcopus
2477 471 2615 523 enim
2643 469 2858 540 quidam
2885 470 3162 540 provincia:
3189 449 3427 524 Cilicum.
3450 465 3565 520 Alia
3582 466 3730 521 Rab-

473 547 833 618 Eustratium,
876 556 1058 624 presb.
1109 555 1556 628 Constantinop.,
1602 557 1866 614 adversus
1922 559 2055 628 Psy-

474 640 962 716 chopannychitas,
1009 647 1078 701 ab
1120 647 1326 703 Allatio
1368 658 1511 717 post
1542 650 2055 705 commentationem

476 730 544 787 de
591 737 906 806 purgatorio
933 739 1166 806 editum,
1201 759 1256 813 p.
1282 741 1552 798 571-578.
1596 742 1794 813 Incipit
1823 743 1914 796 illa
1951 742 2054 797 ho-

476 823 628 878 milia
658 842 670 876 :
699 827 761 880 Oi
785 827 886 898 τῆς
915 829 1122 885 ἑαυτῶν
1148 833 1392 898 διανοίας
1418 832 1510 888 τὸν
1524 833 1799 904 ὀφθαλμὸν
1823 832 2059 886 ἀπευθύ-

478 930 678 978 νοντες.

415 1068 418 1071 _
551 1005 671 1061 155.
703 1007 888 1066 Sermo
926 1015 981 1066 in
1028 1016 1340 1086 parabolam
1381 1018 1570 1081 uinea,
1605 1016 1818 1082 Latine,
1848 1015 2058 1072 Achille

482 1091 656 1150 Statio
690 1099 1012 1170 interprete.
1039 1103 1197 1159 Rom.
1223 1107 1381 1170 1578,
1411 1106 1561 1160 in-8.

561 1189 684 1244 154.
717 1190 986 1248 Theodosii
1014 1196 1144 1266 imp.
1179 1197 1400 1267 epistola
1435 1196 1516 1270 (ai
1543 1198 1612 1251 ad
1637 1197 1914 1269 Cyrillum,
1937 1197 2061 1253 data

483 1285 551 1339 19
589 1283 726 1338 Nov.
758 1301 810 1340 a.
845 1285 969 1351 450,
1006 1286 1062 1340 in
1090 1297 1245 1357 parte
1271 1305 1288 1342 ι
1317 1290 1584 1344 Actorum
1626 1291 1843 1345 concilii
1877 1291 2060 1362 Ephe—

483 1374 612 1439 sini,
641 1385 775 1430 tom.
809 1377 1014 1444 IBinii,
1044 1394 1168 1449 pag.
1202 1379 1325 1435 162.
1355 1381 1594 1451 Incipit:
1626 1381 1794 1434 Μέλει
1814 1381 2063 1436 πλεῖστον

486 1468 798 1532 Θεοσεϐείας
854 1471 1003 1540 ἡμῖν.
1044 1471 1163 1527 Alia
1204 1488 1326 1544 pag.
1369 1473 1492 1539 164,
1525 1475 1801 1546 ’Ήρτηται
1829 1474 1927 1545 τῆς
1985 1476 2064 1540 είς

485 1560 618 1613 Θεὸν
645 1560 944 1627 εὐσεϐείας,
977 1561 1168 1618 Latine
1199 1579 1231 1618 e
1254 1566 1430 1619 veteri
1453 1565 1711 1620 versione
1737 1565 1883 1636 apud
1900 1565 2062 1620 Baiu-

487 1653 652 1717 zium,
684 1667 806 1723 pag.
856 1652 959 1707 708
996 1653 1156 1710 Nom
1199 1655 1420 1711 Collect.
1461 1657 1732 1712 concilior.
1765 1657 1928 1712 Aliud
1973 1671 2064 1711 re-

487 1743 751 1813 scriptum
787 1743 854 1798 de
912 1743 1098 1817 Cyrilli
1122 1755 1179 1801 et
1214 1747 1520 1803 Memnonis
1545 1747 1808 1818 Ephesini
1839 1747 2063 1802 restitu-

489 1836 660 1901 tione,
687 1835 833 1906 quod
865 1847 990 1907 post
1042 1838 1398 1906 Cotelerium,
1429 1849 1560 1894 tom.
1597 1841 1621 1896 I
1656 1840 2064 1906 Honumentor.,
2097 1821 2142 1881 Β

488 1943 610 1998 pag.
643 1929 732 1993 41,
770 1929 922 1984 dedit
951 1929 1225 1997 Balutius,
1270 1947 1398 2002 pag.
1428 1931 1550 1986 655.
1583 1930 1786 2001 Incipit
1817 1949 1831 1984 :
1876 1931 2067 2001 Ἡμεῖς

470 2019 589 2090 ,τὴν
621 2018 727 2072 τῶν
757 2021 1060 2090 ἐκκλησιῶν
1076 2024 1318 2094 εἰρήνην.
1340 2021 1532 2094 [Mansi
1555 2023 1795 2088 collect,
1823 2031 1955 2078 tom.
1976 2022 2065 2088 IV,

488 2125 612 2182 pag.
649 2111 806 2176 1109,
826 2121 884 2168 et
911 2113 1208 2178 Lat.,tom.
1243 2114 1309 2180 V,
1340 2130 1464 2186 pag.
1499 2114 1624 2169 529.
1661 2113 1857 2188 ΙΙΑιιι..]

465 2246 472 2252 .
562 2202 685 2257 155.
719 2203 912 2258 Isidori
937 2204 1218 2259 Pelusiotae
1247 2207 1317 2259 ad
1353 2204 1636 2277 Cyrillum,
1675 2205 1771 2274 qui
1800 2204 1972 2274 patris
1995 2203 2068 2275 (b)

491 2295 666 2351 instar
710 2312 837 2352 eum
874 2305 960 2352 est
1011 2306 1325 2363 veneratus,
1356 2297 1603 2367 epistolae
1643 2295 1920 2360 undecim,
1949 2309 2071 2364 quae

492 2388 638 2444 inter
662 2389 994 2444 Isidorianas
1026 2389 1225 2459 sepius
1254 2389 1530 2459 prodiere,
1567 2397 1624 2444 et
1650 2387 1839 2458 gravia
1863 2387 2072 2441 monita

493 2483 799 2536 continent.
833 2482 965 2536 Duae
1024 2481 1265 2535 citantur
1303 2479 1469 2534 etiam
1511 2495 1542 2534 a
1599 2477 1879 2543 Facundo,
1919 2494 1978 2544 ιι,
2014 2479 2068 2545 4,

494 2586 616 2641 quae
637 2578 765 2625 sunt
785 2570 913 2624 libri
941 2585 960 2624 ι
998 2569 1226 2639 epistola
1259 2567 1362 2622 510
1393 2577 1450 2624 et
1479 2567 1601 2622 570.

566 2661 688 2718 156.
732 2661 881 2733 Xysti
931 2660 994 2733 [f.
1037 2659 1196 2732 Sinni]
1229 2677 1381 2730 papa:
1409 2659 1607 2725 Romae,
1663 2660 1733 2714 ad
1790 2658 2069 2731 Cyrillum,

495 2769 622 2809 cum
643 2753 889 2822 ejusdem
910 2752 1167 2808 Cotelerii
1191 2751 1464 2818 versione,
1498 2751 1742 2822 epistola:
1776 2751 1899 2807 duae
1929 2751 2070 2822 apud

497 2846 707 2908 Baluz.,
735 2859 863 2915 pag.
895 2842 1016 2899 658.
1037 2843 1196 2898 Prior
1225 2843 1418 2914 incipit
1443 2859 1457 2896 :
1486 2842 1700 2914 Ἥσθην
1733 2843 1824 2896 ἐπὶ
1846 2844 1959 2907 τοῖς
1982 2843 2076 2913 δη·

499 2937 716 2991 λωθεῖσί
749 2955 838 3008 μοι
869 2937 935 2991 δι’
961 2937 1268 3008 ἐπιστολῆς.
1293 2937 1480 2992 Altera
1516 2953 1529 2989 :
1555 2936 1728 3008 Χάριν
1756 2934 2077 3007 ὁμολογοῦν-

469 3045 590 3091 τες
609 3029 685 3099 τῇ
716 3029 842 3098 περὶ
875 3027 1025 3099 ἡμᾶς
1075 3024 1169 3080 τοῦ
1203 3024 1338 3079 Θεοῦ
1375 3024 1777 3097 φιλανθρωπίᾳ.
1814 3024 2078 3080 Ediderat

499 3118 823 3185 Cotelerius,
860 3127 993 3173 tom.
1042 3117 1066 3174 I
1116 3117 1503 3173 Monumentor.
1559 3115 1806 3172 Ecclesiae
1861 3115 2076 3183 Crtecaz,

501 3227 556 3281 p.
610 3210 682 3266 42
733 3219 790 3266 et
835 3209 1106 3266 44.Adde
1137 3210 1568 3276 Tillemontium,
1594 3217 1725 3264 tom.
1767 3208 1906 3274 XIV,
1951 3223 2072 3280 pag.

501 3304 604 3359 509
619 3318 760 3375 seq.,
781 3303 905 3359 550.

575 3397 699 3452 157.
739 3397 1118 3469 Tranquil’lini,
1155 3397 1466 3452 Antiocheni
1504 3395 1738 3461 Pisidia),
1783 3393 2078 3450 Alexandri

503 3488 918 3560 Ilierapolitani,
957 3489 1189 3546 Helladii
1229 3490 1539 3555 Tarsensis,
1573 3497 1630 3544 et
1667 3488 1902 3543 aliorum
1953 3487 2077 3558 epi-

504 3596 794 3652 scoporum
823 3581 890 3636 ad
915 3580 1176 3652 Cyrillum
1206 3597 1307 3651 pro
1325 3581 1532 3636 Joanne
1551 3579 1914 3645 Antiocheno,
1934 3578 2078 3649 apud

504 3674 806 3738 Baluzium,
837 3690 962 3746 pag.
997 3675 1120 3738 696,
1149 3674 1361 3729 Latine.
1411 3673 1651 3744 Incipit:
1686 3673 1828 3728 Nota
1868 3674 2078 3744 quidem

506 3776 661 3822 rcctte
689 3766 1086 3838 gloriﬁcationis
1110 3775 1185 3822 est
1211 3765 1364 3835 ﬁdes.

582 3856 702 3912 158.
730 3857 908 3912 Acacii
929 3856 1270 3911 Berrhoensis
1301 3854 1532 3925 epistola
1560 3853 1746 3909 brevis
1775 3863 1964 3910 contra
1987 3869 2079 3910 ca-

507 3949 682 4018 pitula
707 3947 916 4020 Cyrilli.
943 3947 1108 4012 Ibid.,
1144 3962 1266 4018 pag.
1299 3945 1422 4011 756,
1454 3945 1669 4001 Latine.
1702 3945 2082 4017 IncipitzPer-

508 4057 787 4094 manemus
809 4041 862 4093 in
889 4038 994 4108 ﬁde
1025 4046 1331 4093 sanctorum
1376 4036 1623 4092 Patrum.
1668 4036 1821 4093 Hanc
1871 4037 2080 4108 episto-

507 4132 615 4187 lam
642 4147 673 4186 a
707 4129 1015 4187 Theodosio
1045 4130 1178 4200 imp.
1204 4129 1558 4200 approbatam
1593 4128 1760 4199 leges,
1793 4145 1915 4199 pag.
1955 4129 2076 4184 716.

579 4225 604 4277 1
615 4223 703 4279 59.
718 4223 896 4278 Acacii
907 4221 1247 4277 Melitinensis
1266 4221 1496 4295 epistola
1511 4220 1578 4275 ad
1592 4221 1852 4293 Cyrillum
1871 4221 1938 4275 de
1949 4237 2080 4291 pace

511 4315 583 4378 la.
618 4313 768 4385 455).
797 4313 995 4383 Incipit
1029 4330 1048 4367 ι
1080 4311 1342 4378 Quoniam
1370 4313 1546 4378 didici,
1567 4313 1706 4384 quod
1741 4330 1833 4384 per
1851 4315 2081 4385 gratiam

506 4405 623 4461 Dei.
652 4405 814 4468 Ibid.,
846 4420 973 4476 pag.
1000 4403 1123 4470 785,
1154 4412 1211 4459 ct
1238 4420 1303 4460 ex
1333 4405 1437 4460 alia
1465 4405 1934 4476 interpretatione,
1954 4420 2074 4474 pag.

2163 557 2306 613 bula:
2334 559 2403 612 ad
2427 557 2690 630 Cyrillum
2721 559 2974 628 epistola,
2993 567 3186 612 contra
3217 556 3567 611 Theodorum
3586 555 3751 626 Mop-

2162 658 2502 714 suestcnum,
2539 650 2596 703 in
2624 649 2913 705 collatione
2947 651 2980 705 5
3023 648 3212 720 synodi
3243 665 3295 702 v.
3335 647 3533 716 Incipit
3563 664 3580 699 :
3607 647 3733 701 1am

2164 757 2284 795 vero
2312 743 2526 812 quidam
2554 743 2832 806 unitatem,
2853 749 2984 796 tom.
3023 740 3070 794 Il
3096 740 3259 804 Binii,
3290 746 3443 808 parte
3477 753 3534 802 ιι,
3567 753 3621 807 p.
3641 736 3731 801 70,

2165 840 2222 887 et
2251 833 2307 887 in
2339 834 2539 905 Pelagii
2573 833 2618 888 ΙΙ
2650 833 2880 904 epistola
2907 831 2973 886 ad
3008 831 3182 886 Istriae
3210 831 3516 900 episcopos.
3564 828 3732 894 Ibid.,

2166 939 2287 996 pag.
2323 925 2444 980 128.

2239 1037 2359 1092 161.
2391 1037 2588 1092 Zosimi
2621 1053 2774 1108 papa:
2801 1036 3020 1108 epistola
3057 1033 3341 1104 encyclica,
3364 1033 3500 1096 sive,
3533 1040 3594 1085 ut
3624 1030 3738 1085 Ma-

2167 1129 2284 1184 rius
2329 1129 2596 1185 Mercator
2626 1137 2804 1195 vocat,
2849 1129 3104 1183 tractoria
3159 1135 3349 1182 contra
3395 1125 3734 1195 Pelagianos,

2167 1221 2236 1276 ad
2271 1220 2534 1292 Cyrillum
2573 1229 2630 1277 et
2670 1222 2805 1277 alios
2843 1221 3132 1291 episcopos
3174 1218 3340 1273 missa
3383 1216 3447 1270 A.
3490 1215 3550 1270 C.
3607 1216 3737 1282 418,

2168 1313 2327 1382 cujus
2376 1311 2677 1383 fragmenta
2725 1311 2867 1382 apud
2909 1309 3200 1380 Augustin.
3241 1307 3401 1378 epist.
3441 1306 3543 1360 190
3579 1306 3737 1378 (edit.

2169 1412 2280 1458 vet.
2319 1402 2502 1473 1574),
2543 1418 2596 1458 ο.
2638 1403 2692 1468 6,
2739 1411 2799 1458 et
2837 1403 3167 1471 Prosperum
3195 1401 3252 1454 in
3288 1397 3587 1470 appendice
3615 1397 3740 1468 epi-

2169 1493 2321 1550 stolae
2347 1493 2628 1549 Caelestini
2656 1492 2724 1547 ad
2747 1493 3034 1563 episcopos
3065 1490 3270 1546 Calliae.

2240 1584 2362 1639 162.
2399 1584 2644 1656 Hypatius
2681 1582 2864 1654 (falso,
2909 1590 2969 1637 ut
2991 1579 3236 1654 videtur)
3280 1580 3490 1635 nomine
3535 1595 3602 1633 aa
3631 1577 3742 1651 Cy-

2173 1674 2371 1729 rillum.
2397 1674 2562 1741 Ibid.,
2597 1689 2652 1745 p.
2686 1673 2809 1729 926.
2842 1673 3073 1744 Incipit:
3100 1671 3300 1743 Legem
3331 1667 3576 1726 historias
3605 1677 3742 1725 tem-

2172 1781 2379 1836 parum.

2168 1919 2272 1981 IX.
2321 1918 2572 1996 Scripta
2620 1933 2757 1996 quae
2805 1913 2916 1996 sub
2959 1911 3224 1996 Cyrilli
3252 1909 3434 1996 Alex.
3493 1909 3748 1996 nomine

2246 1987 2758 2075 ferunt-tinfsed
2811 1994 2878 2053 in
2934 1987 3412 2055 Graeco-Latina
3473 1987 3748 2050 editions

2247 2074 2460 2138 Paris.
2493 2074 2723 2134 omissa
2750 2079 2918 2132 sunt.

2241 2219 2362 2275 165.
2398 2218 2552 2273 Liber
2585 2217 2834 2272 adversus
2887 2215 3120 2280 Judtros,
3161 2229 3280 2267 cum
3318 2210 3707 2282 questionibus.

2243 2310 2365 2366 164.
2419 2308 2602 2364 Brevis
2653 2323 2892 2378 anagoge
2931 2306 2994 2360 de
3032 2306 3098 2360 iis
3147 2307 3236 2376 qui
3281 2305 3578 2376 ﬂoruerunt
3619 2310 3750 2378 ante

2173 2403 2358 2474 legem.
2401 2401 2528 2456 Haec
2566 2399 2676 2454 duo
2703 2369 2917 2453 exstant
2943 2397 2998 2450 in
3023 2369 3356 2450 editionibus
3392 2391 3605 2447 duabus
3640 2369 3748 2460 p3-

2171 2488 2394 2543 stremis
2446 2485 2660 2541 Latinis
2696 2499 2923 2554 operum
2957 2483 3144 2555 Cyrilli
3196 2483 3370 2539 Paris.
3422 2497 3473 2536 a.
3529 2479 3666 2536 1575
3688 2488 3750 2536 et

2174 2579 2332 2636 1605.
2391 2577 2553 2635 Haud
2603 2579 2728 2642 scio,
2777 2575 2956 2646 inquit
3008 2575 3392 2638 Bellarminus,
3441 2589 3509 2627 an
3557 2569 3749 2642 Cyrilli

2171 2673 2298 2727 sint.
2354 2667 2458 2724 Sed
2507 2685 2589 2722 res
2646 2667 2795 2739 parvi
2829 2668 3075 2721 momenti
3130 2675 3228 2732 est,
3268 2681 3387 2719 cum
3419 2665 3524 2718 sint
3581 2661 3750 2716 libelli

2174 2762 2463 2818 brevissimi
2485 2769 2535 2816 et
2572 2761 2728 2815 leues.

2245 2853 2367 2908 165.
2406 2850 2652 2906 Homilies
2698 2848 2816 2904 XVI
2843 2849 2900 2904 in
2941 2846 3248 2910 Leviticum,
3271 2858 3408 2914 quas
3447 2841 3505 2897 in
3536 2839 3753 2896 Latinis

2175 2944 2363 3017 Cyrilli
2408 2941 2749 2999 editionibus
2790 2955 2857 2995 ex
2886 2939 3062 2994 veteri
3105 2936 3357 2993 versione
3395 2934 3580 2989 Ruﬁni
3617 2932 3753 2989 licet

2177 3036 2442 3107 reperire,
2478 3043 2536 3090 et
2566 3049 2597 3090 e
2625 3031 2816 3088 codice
2892 3027 3080 3086 Jacobi
3124 3027 3286 3083 Fabri
3349 3024 3595 3096 vulgavit
3645 3024 3752 3080 sub

2178 3128 2364 3201 Cyrilli
2406 3127 2629 3182 nomine
2665 3124 2906 3181 Jodocus
2952 3120 3323 3177 Clichtoveus.
3367 3117 3543 3174 Paris.
3587 3117 3751 3183 1521,

2178 3220 2276 3274 fol.
2303 3218 2411 3275 Sed
2443 3219 2562 3273 illas
2593 3216 2814 3288 quidem
2846 3212 3070 3285 Origeni
3113 3227 3397 3268 asseruere
3441 3209 3546 3265 viri
3577 3208 3751 3275 docti,

2179 3311 2236 3366 in
2283 3310 2442 3382 cujus
2483 3309 2692 3364 Latinis
2735 3321 2967 3377 operum
3016 3305 3360 3373 συναγωγαῖς
3393 3302 3504 3373 jam
3553 3301 3755 3372 saepius

2178 3417 2392 3458 excusa:
2427 3401 2706 3473 leguntur.
2742 3398 2880 3454 Vide
2925 3397 3137 3453 Sixtum
3183 3394 3483 3452 Senensem
3514 3393 3656 3448 libro
3698 3407 3754 3447 tv

2179 3492 2314 3547 Bibl.
2346 3499 2560 3546 sanctis.
2588 3490 2748 3545 FABR.

2252 3581 2621 3639 166.Homilia:
2631 3579 2751 3636 XIX
2765 3581 2816 3635 in
2833 3579 3278 3648 Ieremiam,quas
3295 3575 3571 3646 Antwerp.
3592 3572 3751 3638 1618,

2181 3675 2326 3741 in-8,
2352 3674 2524 3730 edidit
2552 3673 2740 3729 Graece
2777 3678 2833 3727 et
2860 3670 3051 3726 Latine
3092 3667 3269 3723 Balth.
3307 3664 3621 3722 Corderiuis.
3646 3663 3756 3719 Sed

2181 3769 2287 3824 illae
2315 3784 2345 3823 a
2373 3768 2535 3822 Mich.
2568 3763 2842 3821 Ghislerio
2869 3767 3018 3818 recte
3046 3761 3335 3816 vindicata)
3354 3767 3485 3814 sunt
3508 3756 3754 3828 Origeni,

2179 3868 2406 3931 excepta
2447 3864 2743 3927 postrema,
2787 3867 2909 3922 quae
2949 3866 3052 3905 nec
3091 3850 3341 3920 Origenis
3371 3857 3475 3913 est,
3505 3862 3608 3902 nec
3647 3846 3758 3918 Cy-

2181 3952 2309 4016 rilli,
2348 3949 2442 4004 sed
2477 3945 2777 4004 Clementis
2805 3944 2962 3999 Alex.
2994 3941 3155 4005 liber,
3186 3938 3387 4009 saepius
3422 3937 3491 3992 ab
3519 3950 3587 3991 eo
3611 3945 3757 3992 tem-

2179 4057 2311 4112 pore
2344 4039 2448 4094 sub
2475 4039 2594 4092 veri
2624 4036 2865 4092 auctoris
2897 4035 2979 4090 sui
3014 4032 3196 4089 editus
3234 4028 3490 4086 nomine:
3511 4026 3639 4093 Quis
3670 4028 3759 4082 di-

2180 4147 2264 4186 ves
2289 4125 2595 4183 salvandus.

2251 4219 2373 4274 167.
2413 4214 2686 4271 Anastasii
2726 4211 3078 4277 Antiocheni,
3118 4218 3176 4265 et
3197 4206 3387 4281 Cyrilli
3418 4205 3598 4272 Alex.,
3630 4204 3763 4258 Ἔκ-

2183 4309 2330 4373 θεσις
2374 4307 2638 4378 σύντομος
2680 4307 2780 4375 τῆς
2831 4303 3112 4376 ὀρθοδὸξον
3167 4301 3424 4361 πίστεως.
3485 4296 3762 4368 Expositio

2182 4401 2574 4474 compendiaria
2603 4398 2902 4454 orthodoxa:
2927 4395 3052 4464 fidei
3091 4408 3190 4465 per
3219 4390 3554 4464 quaestiones
3580 4396 3636 4444 et
3667 4404 3762 4444 re-

507 4499 630 4555 918.
650 4498 730 4571 [In
752 4498 1041 4568 Synodieo,
1075 4497 1230 4563 c.8'5,
1257 4513 1316 4568 p.
1335 4499 1454 4563 860,
1473 4507 1528 4554 et
1559 4513 1678 4568 cap.
1706 4498 1830 4564 215,
1849 4513 1902 4568 p.
1933 4497 2075 4570 998.]

2187 4495 2530 4567 sponsiones.
2563 4491 2799 4562 Incipit:
2831 4489 2998 4552 Ποίας
3030 4486 3329 4559 Θρησκείας
3365 4481 3436 4550 εἷ,
3472 4483 3761 4554 ἄνθρωπε;

581 4588 701 4645 160.
760 4587 1016 4657 Epistolas
1067 4587 1347 4654 Rabbulte,
1397 4589 1640 4660 episcopi
1682 4587 1965 4652 Edesseni,
2012 4589 2081 4643 ad

508 4676 821 4748 Egyptium
852 4676 1178 4750 (Cyrillum).
1214 4678 1378 4745 Ibid.,
1407 4695 1529 4752 pag.
1565 4679 1668 4735 896
1699 4695 1815 4749 seq.
1849 4678 2076 4750 Incipit:

583 4813 661 4886 (Var)
688 4812 1240 4886 fileminitLeontius
1265 4814 1392 4886 Byz.
1419 4815 1497 4869 De
1517 4817 1690 4881 sectis,
1715 4831 1769 4886 p.
1803 4814 1926 4886 456.

583 4831 661 4884 ta)
705 4831 949 4868 meminit
977 4831 1240 4869 Leontius
1267 4831 1392 4886 nyz.
1419 4831 1497 4869 ue
1517 4831 1690 4881 secus,
1759 4858 1769 4868 .
1803 4831 1926 4870 seu.

583 4885 656 4954 (b)
686 4883 824 4938 Vide
861 4883 1056 4938 Isidori
1091 4885 1272 4939 Peius.
1303 4886 1400 4940 lib.
1441 4901 1480 4949 I,
1531 4887 1692 4954 epist.
1715 4831 1840 4941 570.
1877 4885 2088 4940 Facun-

474 4957 618 5037 .¢1us
664 4955 784 5037 loco
837 4954 1100 5036 laudato:
1135 4954 1392 5037 Isidorus,
1441 4954 1709 5037 presbyter
1781 4955 2083 5037 nguptius,

513 5025 805 5095 Pelusiola,
839 5026 926 5095 qui
944 5026 1217 5095 propitia
1248 5041 1308 5079 ac
1335 5025 1612 5095 sapientia:
1638 5041 1748 5080 sua:
1789 5025 1988 5080 meritis
2027 5035 2086 5079 ut

514 5104 666 5167 pater
688 5094 767 5167 _ab
794 5093 904 5167 ipso
925 5093 1126 5167 Cyrillo
1155 5104 1206 5150 et
1238 5093 1524 5148 honor—atus
1553 5103 1630 5167 est
1652 5104 1722 5167 et
1742 5104 1977 5167 uocatus.

588 5165 656 5235 (ε)
687 5165 747 5219 In
780 5164 984 5221 eadem'
1013 5165 1152 5220 bibl.
1193 5173 1412 5236 exstant
1449 5174 1508 5236 et
1539 5164 1724 5236 Cyrilli
1755 5165 2087 5234 qumstiones

515 5244 572 5321 et
601 5236 994 5321 responsiones
1018 5236 1147 5320 περὶ
1177 5235 1439 5321 «istaec,
1465 5234 1570 5317 bac
1589 5234 1813 5321 initio;
1839 5237 1962 5321 ’Izint
1987 5237 2088 5321 τῆς

517 5303 790 5374 θεολογῖας
818 5307 1008 5367 ὁποίας
1037 5303 1228 5374 φύσεις
1261 5305 1566 5374 ὁμολογεῖςς
1590 5303 1750 5358 Μίαν.
1769 5305 1932 5359 Ποίαν
1961 5303 2090 5358 ταύ-

516 5393 650 5445 την;
680 5376 941 5446 Θερτητα,
974 5374 1379 5446 ξΙῖίΑὲσζει-Θεός
1412 5374 1581 5446 Obuia.
1614 5375 1872 5438 ἀναίτιος.
1914 5375 2078 5430 Lam-

519 5443 664 5507 bec.,
695 5445 786 5508 ΙΙΙ,
819 5443 945 5516 pag.
971 5443 1090 5498 100.
1117 5443 1250 5516 Alia:
1269 5445 1605 5516 quaestiones
1621 5454 1679 5499 et
1705 5447 2092 5516 responsiones

517 5516 701 5586 Cyrilli
723 5523 778 5571 et
799 5513 1054 5586 aliorum,
1074 5529 1198 5584 quin
1218 5513 1492 5586 incipiunt
1514 5534 1525 5570 :
1555 5517 1620 5570 Τί
1637 5513 1934 5580 πιστεῦεις,
1958 5516 2091 5586 Χρι-

521 5584 749 5658 σέιανὲζ
778 5587 872 5658 καὶ
919 5585 1064 5658 πῶςς
1117 5584 1359 5658 "institit
1414 5586 1631 5658 Πατέρα.
1674 5587 1768 5658 καὶ
1818 5587 1949 5641 Υἱὸν.
1997 5584 2090 5640 ita!

521 5657 673 5727 iifrtov
707 5655 1101 5727 Ilvsﬁpa,_1p{a
1133 5655 1416 5727 πρόσωπα.
1449 5655 1658 5712 Νρδὲθι.
1685 5657 1752 5720 γ,
1793 5673 1911 5727 pag.
1966 5657 2084 5711 152.

519 5726 680 5779 Ι⁴Ἀιιιι.
725 5725 800 5778 De
847 5723 1244 5780 codd—Cmsar.
1274 5725 1410 5790 LIX,
1451 5744 1506 5782 ιι.
1552 5727 1636 5792 10,
1677 5736 1735 5781 et
1761 5723 1916 5789 CVII,
1947 5727 2085 5790 n.8,

524 5794 587 5848 γ.
613 5793 871 5850 Lambec.
905 5793 1050 5853 Com.
1084 5795 1178 5860 Ill.
1215 5797 1316 5853 col.
1345 5797 1463 5863 263,
1499 5805 1552 5853 et
1591 5807 1721 5854 tom.
1750 5798 1812 5862 V,
1848 5799 1950 5853 col.
1981 5798 2050 5852 25
2072 5837 2087 5861 ,

2185 4584 2508 4659 Χριστιανός
2539 4585 2676 4654 εἰμι.
2726 4582 2838 4636 Καὶ
2879 4581 2931 4635 τί
2976 4581 3092 4632 ἐστι
3129 4578 3482 4650 Χριστιανός;
3527 4574 3586 4628 'O
3619 4573 3766 4627 κατὰ

2187 4681 2321 4736 Θεὸν
2355 4679 2484 4745 ζῶν.
2519 4677 2620 4732 Ms.
2659 4676 2716 4732 in
2756 4673 2898 4731 Bibl.
2933 4673 3180 4729 Caesarea
3223 4668 3315 4742 (c).
3354 4669 3492 4724 Vide
3525 4666 3764 4722 Lambe-

2185 4814 2276 4870 ed.
2307 4812 2538 4892 Knollarp
2573 4809 2771 4892 (μή.θά
2803 4810 3044 4892 priorem
3067 4805 3517 4892 locumadnotat,
3546 4802 3766 4892 utrobi—
3833 4852 3837 4855 .

2187 4901 2295 4955 que
2327 4872 2769 4955 Cyrilli'nbmine
2805 4872 3099 4948 inscriptas
3121 4877 3488 4955 quaestiones,
3518 4872 3764 4955 etc.,_di-:

2185 4943 2302 5034 vidi
2328 4943 2389 5008 iri
2414 4953 2550 5034 d_ua_s
2592 4952 2897 5034 praecipuas
2944 4943 3768 5034 quaestionesnnimirumdlsf‘t

2188 5026 2422 5086 πίστεως
2445 5024 2536 5076 ἐπὶ
2563 5015 2660 5092 τῆς
2681 5015 2980 5088 θεολογίας,
3005 5025 3063 5073 et
3096 5019 3222 5092 step}
3254 5016 3490 5092 πίσῖεως
3517 5015 3636 5092 ⁸ὲπΙι
3663 5015 3768 5084 τῆς

2187 5083 2518 5163 οἰκονομίας,
2553 5083 2687 5157 etc},
2719 5083 2857 5163 tum,
2889 5089 3133 5163 quae,_si,
3168 5083 3264 5163 ait,
3289 5086 3457 5163 unius
3483 5083 3766 5163 ejusdem-

2192 5180 2300 5236 que
2328 5155 2573 5236 auctoris.
2599 5155 2748 5236 sunt,
2779 5162 2889 5216 duo
2908 5155 3134 5236 Cyrillo
3154 5155 3437 5236 tribuivix
3460 5162 3720 5236 poterunt.
3747 5170 3762 5206 ε

2192 5223 2336 5290 nam
2361 5233 2416 5287 in
2448 5233 2617 5288 altera
2648 5223 2744 5286 illa
2769 5223 3070 5300 quaestione
3103 5228 3172 5283 de
3211 5226 3426 5300 duabus
3459 5223 3766 5300 in_Christo

2195 5304 2450 5373 naturis,
2485 5311 2712 5373 propter
2757 5295 3142 5373 Monothelitas
3196 5296 3409 5366 utique,
3468 5295 3763 5373 diligenter

2185 5377 2394 5446 agitur.
2417 5364 2646 5446 Contuli
2677 5387 2802 5446 cum
2824 5442 2835 5446 _
2857 5371 2960 5446 hac
2998 5369 3173 5446 aliam
3206 5364 3764 5446 quoqueexpositio-

2187 5430 2314 5500 niam
2366 5443 2516 5508 ﬁdei,
2564 5458 2688 5512 quae
2730 5441 2966 5512 incipit:
2998 5440 3164 5512 Ποίας
3201 5430 3768 5512 -θρηᾶδςείας“ξῑ.ηᾶνο

2189 5515 2394 5584 θρωπε,
2424 5523 2483 5584 et
2503 5504 2613 5584 sub
2637 5504 3112 5584 Cyrilli'simul_et
3131 5504 3413 5584 Athanasii
3444 5504 3768 5584 nominibus

2188 5575 2300 5640 tam
2334 5575 2391 5639 in
2423 5575 2745 5639 Bibliotheca
2778 5581 3001 5636 Patrum
3030 5579 3246 5641 Latine,
3285 5591 3448 5641 quam
3491 5576 3545 5629 in
3585 5575 3768 5630 tribus

2187 5655 2475 5710 codicibus
2513 5653 2718 5709 nostris
2757 5651 2944 5707 Graece
2983 5650 3250 5713 habetur;
3304 5646 3392 5715 [ν.
3434 5646 3598 5715 paulo
3635 5653 3766 5699 ante

2187 5742 2245 5796 ιι.
2276 5723 2398 5796 167]
2439 5740 2503 5778 ac
2530 5733 2715 5796 certus
2730 5723 2844 5778 fere
2863 5735 3006 5781 sum,
3034 5715 3394 5796 posteriorem
3427 5717 3584 5796 istam
3617 5715 3768 5796 prio:

2186 5795 2263 5852 ris
2299 5784 2448 5850 illius
2497 5794 2859 5854 recentiorem
2908 5784 3281 5860 meta'phrasin
3313 5803 3454 5851 esse,
3493 5784 3766 5842 Anastasii
