3998 6304
569 329 602 382 8
609 329 638 379 7
1808 336 2089 394 NOTITIA
2126 341 2220 396 EX
2257 342 2594 399 FABRICIO.
3153 381 3158 386 -
3765 349 3835 406 88

575 473 646 482 —-
673 442 733 499 In
764 443 889 500 cod.
915 446 1136 517 quidem
1173 447 1370 502 Casar.
1399 450 1467 515 X,
1506 465 1560 504 η.
1597 451 1684 517 12,
1715 451 1918 524 Cyrillo
1947 455 2144 510 tribui-
2174 463 2217 520 Α
2246 460 2328 513 nit
2351 459 2586 530 Cyrillus
2617 459 2734 529 ipse
2757 456 3550 532 epistola'adEulogium,pag.
3575 462 3695 517 154.
3721 464 3836 519 Κύ-

579 543 687 589 tur.
705 536 770 592 V.
795 535 1050 592 Lambec.
1079 536 1370 607 Comment.
1401 541 1509 595 vol.
1537 541 1624 607 Vl,
1648 552 1790 612 part.
1822 560 1859 609 ι,
1883 561 1938 615 p.
1957 544 2025 599 82
2045 561 2151 616 sq.;

576 625 671 681 sed
705 627 980 683 Kollarius
1019 629 1078 683 in
1109 640 1259 697 nota,
1297 632 1391 686 ubi
1429 633 1639 689 multus
1673 645 1760 706 est
1802 637 1869 691 de
1905 637 2009 692 ista
2050 639 2154 693 h0-

576 718 745 782 milia,
767 717 1322 783 animadvertit.'eam
1355 739 1582 793 prorsus
1618 725 1891 782 diversam
1929 744 2049 784 esse
2084 730 2153 784 ab

575 806 667 860 illa
695 806 752 861 S.
778 806 1225 880 Cyrillihomilia,
1255 829 1377 883 qua:
1403 813 1516 870 fere
1545 816 1788 887 ejusdem
1822 820 2149 889 argumenti,

515 959 520 964 l
576 898 672 952 sed
711 899 903 956 Latine
938 909 1170 970 tantum,
1202 905 1472 962 habeatur
1499 908 1634 964 edit.
1671 909 1858 981 Cyrilli
1886 927 2012 982 opp.
2046 912 2152 967 Pa-

575 992 763 1048 risinae
793 1009 843 1048 a.
877 995 1033 1062 1658,
1069 1005 1202 1053 tom.
1231 999 1295 1064 V,
1333 1010 1476 1070 part.
1509 1017 1566 1066 ιι,
1597 1018 1719 1073 pag.
1750 1004 1873 1058 416.
1909 1005 2078 1059 Hanc.

648 1084 770 1140 176.
811 1085 871 1141 In
903 1085 1123 1145 Catenis
1174 1090 1398 1146 ineditis
1424 1094 1493 1146 ad
1519 1093 1652 1148 Acta
1691 1105 1748 1150 et
1776 1096 1846 1149 ad
1873 1096 2151 1168 epistolam

576 1175 758 1231 Jacobi
790 1185 846 1233 et
896 1182 1128 1251 primam
1175 1182 1322 1237 Petri
1370 1201 1432 1238 ac
1471 1185 1715 1253 Joannis,
1749 1187 1934 1259 Cyrilli
1991 1189 2147 1245 Alex.

580 1270 845 1341 symbolae
875 1271 1155 1344 leguntur.
1195 1274 1334 1330 Vide
1363 1275 1734 1334 Montfauconi
1783 1280 1920 1335 Bibl.
1957 1281 2150 1338 Coisli-

577 1362 820 1427 nianam,
858 1379 980 1435 pag.
1009 1365 1133 1420 265.
1163 1366 1322 1422 FABR.
1353 1368 1418 1422 V.
1451 1383 1616 1439 supra
1630 1371 1738 1425 vol.
1767 1372 1905 1437 VIII,
1936 1388 1991 1443 p.
2024 1373 2147 1440 695,

575 1452 679 1507 695
704 1463 760 1508 et
781 1453 904 1519 696,
944 1456 1011 1510 de
1041 1463 1231 1512 catena
1257 1459 1313 1512 in
1341 1459 1616 1530 Epistolas
1640 1462 1814 1516 Pauli.
1836 1463 1925 1518 Sic
1953 1479 2150 1519 occur-

576 1553 710 1598 runt
732 1544 1026 1616 Cyrilliana
1051 1547 1245 1619 fragm.
1270 1549 1326 1603 in
1372 1551 1580 1605 catenis
1601 1551 1658 1604 in
1677 1551 1946 1621 Epistolas
1973 1551 2148 1619 Pauli,

574 1635 630 1689 in
664 1636 936 1707 Epistolas
951 1639 1266 1704 catholicas,
1290 1640 1347 1694 in
1378 1640 1447 1696 IV
1471 1641 1781 1713 Evangelia,
1803 1642 1856 1698 in
1887 1643 2148 1709 Psalmos,

574 1727 630 1781 in
661 1728 858 1783 Jobum
882 1739 937 1784 et
965 1729 1258 1787 Parabolas
1287 1732 1594 1787 Salomonis
1627 1733 1916 1788 Florentiae
1957 1734 2014 1788 in
2055 1749 2150 1789 co-

2262 551 2439 622 ριὶςλον
2466 551 2522 603 ἐν
2547 552 2664 612 ταῖς
2703 550 3080 621 ’Δντιῤῥήσεσι
3113 549 3303 606 laudat
3329 550 3660 620 Ephraimus
3687 555 3833 624 apud

2259 642 2515 696 Photium
2573 642 2695 697 θοὰ.
2739 657 2955 707 ccxxtx,
2983 657 3105 713 pag.
3159 642 3284 696 414.
3335 641 3548 698 Walch.
3589 644 3628 699 l.
3668 661 3742 710 c.,
3774 663 3830 716 p.

2259 735 2384 799 682,
2415 736 2748 804 suspicatur,
2785 734 2888 788 sub
2921 749 2988 788 eo
3025 733 3441 804 intelligendum
3490 750 3613 790 esse
3641 735 3832 807 Cyrilli

2256 827 2673 898 Apologeticum
2710 842 2812 897 pro
2841 826 2938 882 XII
2978 827 3235 897 capitulis
3283 827 3342 881 in
3387 827 3557 882 Mansi
3589 826 3830 892 Collect.,

2259 927 2391 974 tom.
2415 919 2480 984 V,
2509 935 2630 990 pag.
2670 919 2757 973 19.
2783 917 2947 982 Add.,
2973 933 3126 971 num.
3152 917 3238 983 18,
3278 933 3444 988 supra
3470 959 3485 983 ,
3526 918 3582 972 in
3637 933 3834 973 recen-

2258 1011 2412 1066 sione
2450 1026 2680 1080 operum
2720 1025 2841 1080 quae
2877 1017 3058 1064 tomus
3100 1008 3192 1064 VII
3233 1008 3369 1064 edit.
3415 1009 3645 1070 Auberti
3683 1025 3833 1064 com-

2257 1103 2536 1173 plectitur.
2569 1101 2762 1175 Hann]

2330 1196 2452 1251 180.
2493 1196 2572 1250 De
2606 1212 2889 1268 synagoga:
2913 1196 3115 1267 delectu
3145 1192 3293 1249 liber.
3331 1193 3667 1260 Gennadius,
3706 1210 3828 1265 cap.

2257 1290 2324 1344 57
2357 1289 2434 1342 De
2468 1291 2808 1361 scriptoribus
2845 1289 3024 1342 eccles.
3801 1332 3812 1348 ._

2325 1379 2447 1433 181.
2488 1379 2686 1435 Contra
2721 1379 3088 1434 Messalianos.
3131 1377 3449 1432 Tillemont.
3506 1386 3638 1431 tom.
3685 1376 3827 1442 XIV,

2257 1485 2378 1538 pag.
2393 1470 2516 1533 645,
2549 1470 2670 1524 669.

2328 1561 2451 1614 182.
2491 1560 2664 1625 Liber,
2705 1569 2824 1614 acta
2859 1561 3046 1632 synodi
3082 1568 3266 1614 contra
3285 1558 3585 1614 Nestorium
3617 1559 3829 1629 ejusque

2258 1651 2484 1706 asseclas
2531 1652 2894 1723 complectens,
2945 1667 3131 1722 quem,
3171 1667 3278 1705 una
3305 1666 3429 1705 cum
3467 1650 3608 1704 libro
3645 1660 3829 1704 contra

2256 1743 2484 1797 Nestorii
2511 1743 2860 1815 blasphemias
2894 1743 3119 1812 scripto,
3156 1742 3370 1796 misisse
3400 1756 3458 1796 se
3503 1740 3570 1795 ad
3609 1756 3828 1811 praepo-

573 1817 792 1874 dicibus
820 1819 956 1874 bibl.
985 1819 1246 1876 Laurent.
1291 1823 1485 1878 Medic.
1517 1824 1580 1878 V.
1606 1823 1832 1878 Bandin.
1859 1823 1976 1878 Cat.
2005 1825 2154 1880 codd.
2189 1830 2231 1886 Β
2261 1834 2426 1889 situm
2458 1843 2690 1890 testatur
2718 1833 2956 1906 Cyrinus
2995 1832 3225 1904 epistola
3257 1832 3326 1886 ad
3358 1831 3670 1901 Eulogium,
3702 1847 3824 1901 pag.

573 1908 742 1965 Grec.
775 1909 962 1978 Laur.,
993 1911 1036 1977 I,
1072 1929 1194 1984 pag.
1219 1913 1341 1978 565,
1367 1914 1489 1979 102,
1525 1915 1625 1970 159
1650 1923 1705 1970 et
1739 1915 1874 1982 161;
1903 1931 2025 1987 pag.
2055 1915 2146 1981 91,

570 2016 628 2055 n.
660 2001 757 2069 24;
790 2019 912 2074 pag.
949 2004 1017 2060 52
1045 2015 1100 2059 et
1125 2005 1247 2059 297.
1273 2004 1441 2059 Hann.

642 2092 764 2147 177.
803 2094 1071 2166 Κυρελλου
1121 2097 1202 2159 εις
1249 2097 1347 2159 τὰς
1405 2097 1783 2167 ἀπορουμένας
1825 2097 2001 2162 λέξεις
2048 2099 2149 2170 τῆς

571 2185 734 2253 ἁγίας
777 2186 1018 2257 Γραφῆς.
1065 2186 1163 2242 Ms.
1207 2186 1262 2240 in
1297 2187 1465 2242 variis
1496 2187 1866 2255 bibliothecis,
1897 2189 1986 2244 cui
2012 2189 2148 2245 sub-

564 2278 814 2349 jungitur
859 2278 1154 2350 Ἐρμηνεία
1181 2280 1459 2351 ὀνομάτων
1489 2281 1582 2335 καὶ
1611 2281 1808 2347 λέξεων
1843 2281 2148 2355 Ἑϐραϊκῶν

567 2369 677 2421 τῶν
720 2369 780 2422 ἐν
819 2372 932 2434 τοῖς
993 2369 1164 2434 θείαις
1210 2371 1474 2442 Γραφαῖς.
1523 2371 1682 2435 Vide,
1724 2373 1769 2426 si
1798 2373 1995 2442 placet,
2026 2389 2148 2443 quas

569 2461 682 2515 dixi
716 2477 901 2532 supra,
941 2462 1041 2516 lib.
1072 2479 1144 2528 IV,
1182 2479 1302 2533 cap.
1345 2462 1456 2536 [56,
1492 2464 1600 2519 vol.
1634 2465 1724 2530 VI,
1758 2481 1881 2535 pag.
1908 2465 2009 2520 199
2036 2465 2144 2537 sq.]

571 2553 731 2606 FABR.
773 2583 844 2591 —
882 2553 1056 2607 Paris.
1101 2553 1157 2606 in
1190 2553 1329 2608 bibl.
1374 2555 1529 2624 publ.
1580 2555 1704 2611 cod.
1737 2555 2141 2623 DCCCXLVIII,

571 2659 628 2696 ιι.
658 2643 712 2696 2.
752 2641 944 2714 Cyrilli
988 2643 1144 2699 Alex.
1175 2659 1332 2700 voce.
1366 2645 1620 2700 Hebraic.
1669 2646 2014 2716 alphabetico
2050 2662 2142 2702 or-

570 2733 699 2789 dine
728 2734 1083 2806 digestarum,
1125 2735 1527 2806 interpretatio.
1564 2737 1736 2791 Hann.

643 2820 765 2876 178.
804 2821 1141 2878 Glossarium
1177 2824 1427 2880 Graecum
1475 2825 1576 2880 sub
1635 2825 1822 2898 Cyrilli
1857 2829 2011 2884 Alex.
2045 2845 2144 2884 no-

571 2911 722 2967 mine
757 2911 950 2968 itidem
985 2929 1090 2970 ms.
1146 2917 1295 2986 quod
1327 2917 1524 2987 incipit
1553 2935 1564 2970 :
1599 2919 1826 2985 Ἅπας,
1865 2920 2139 2990 ἔϐλαψας·

569 3007 848 3078 ἀασάμην,
904 3009 1178 3080 ἐϐλάόην-’
1243 3011 1471 3080 ἀάσατο,
1523 3014 1808 3085 ἠγνόησεν,
1858 3016 2138 3087 ἥμαρτενο

571 3097 888 3168 ἐφθόνησεν,
907 3100 1172 3164 ἀάπτους,
1194 3101 1695 3174 ἀπροσπελάστους.
1719 3106 1876 3161 Fann.
1897 3107 2144 3162 —Vene—

569 3165 661 3244 tiis
687 3190 744 3245 in
760 3165 908 3246 bibl.
940 3192 1106 3248 Marc.
1162 3165 1492 3264 DLXXVIII,
1551 3165 1728 3253 exstat
1758 3198 1953 3270 Cyrilli
1986 3199 2140 3253 Alex.
2170 3165 2212 3222 C

569 3281 831 3348 Lexicon,
864 3285 1022 3356 cujus
1051 3283 1272 3340 initium
1314 3297 1398 3342 est
1430 3306 1444 3341 :
1482 3290 1606 3348 Ἀα,
1653 3288 1903 3359 σύστημα
1933 3288 2142 3352 ὓδατος,

570 3375 848 3431 diversum
883 3378 952 3432 ab
992 3392 1060 3433 eo
1083 3379 1231 3449 quod
1272 3379 1328 3434 Il.
1359 3382 1395 3434 Ι.
1423 3381 1557 3435 citat
1579 3381 1882 3436 Fabricius.
1940 3382 2002 3436 V.
2023 3379 2139 3437 Cat.

568 3469 718 3522 codd.
761 3469 852 3526 Gr.
893 3469 1086 3538 Hora,
1129 3486 1252 3543 pag.
1290 3471 1413 3526 504.
1453 3471 1620 3526 ΒΑΜ..

642 3559 827 3634 [Falso
855 3564 1104 3634 quaedam
1136 3565 1366 3620 attribui
1397 3564 1621 3636 Cyrillo,
1658 3565 1769 3634 jam
1805 3565 2008 3634 passim
2045 3562 2144 3617 ad-

567 3655 901 3710 notavimus.
932 3655 1024 3710 Sic
1051 3656 1106 3710 in
1141 3655 1264 3710 eod.
1294 3654 1495 3710 Caesar.
1515 3653 1843 3719 CLXXXVI,
1878 3653 2143 3725 Spiritua-

570 3745 644 3800 les
683 3762 937 3818 anagoga:
971 3747 1027 3800 in
1065 3747 1416 3800 hexaemeron
1456 3744 1574 3798 libri
1610 3744 1734 3809 XII,
1776 3746 1834 3798 in
1874 3760 1984 3814 quo
2028 3745 2144 3814 ipse

567 3836 806 3908 Cyrillus
838 3837 1060 3903 citatur,
1086 3844 1143 3892 et
1171 3837 1320 3907 quod
1343 3836 1398 3890 in
1421 3835 1543 3891 cod.
1579 3835 1780 3891 Caesar.
1812 3835 2144 3906 prazcedenti

567 3927 859 3984 CXXXXV
882 3930 1148 3984 asseritur
1175 3928 1467 3985 Anastasio
1497 3927 1738 3985 Sinaitae.
1770 3929 1835 3984 V.
1861 3928 2143 3997 Lambec.,

568 4021 796 4092 lV,pag.
833 4021 1095 4086 457-459,
1127 4031 1184 4076 et
1209 4022 1427 4077 Fabric.
1463 4021 1626 4087 infra,
1659 4021 1716 4075 in
1749 4021 1858 4075 vol.
1889 4020 1982 4086 IX,
2017 4038 2139 4094 pag.

569 4112 674 4168 528
701 4129 783 4184 sq.
813 4113 904 4168 ed.
941 4122 1053 4169 vet.
1081 4145 1151 4154 —
1169 4113 1227 4169 In
1248 4113 1371 4168 θοὰ.
1401 4112 1717 4178 CCXLVIII,
1740 4128 1797 4166 n.
1833 4112 1867 4168 5
1889 4155 1903 4179 ,
1925 4111 2142 4168 Iudico-

569 4221 688 4258 rum
706 4205 992 4276 disputatio
1027 4222 1145 4260 cum
1165 4204 1222 4260 S.
1243 4206 1534 4261 Athanasio
1560 4215 1609 4259 et
1629 4204 1828 4278 Cyrillo
1850 4205 1912 4258 de
1945 4206 2142 4259 adora-

569 4295 710 4351 tione
738 4295 796 4352 S.
826 4299 996 4352 crucis
1025 4305 1073 4351 et
1109 4314 1391 4352 sacrarum
1435 4298 1754 4369 imaginum,
1796 4296 1853 4350 in
1883 4294 2138 4351 Lambec.

567 4389 882 4456 Comment.,
918 4389 984 4456 V,
1018 4391 1123 4445 col.
1153 4389 1279 4456 287,
1318 4390 1415 4445 ubi
1455 4404 1588 4445 vero
1623 4387 1896 4444 Kollarius
1925 4388 1982 4442 in
2013 4396 2144 4442 nota

2252 1928 2374 1982 154.
2410 1927 2611 1983 Confer
2636 1926 2983 1991 Garnerium,
3022 1934 3154 1980 tom.
3196 1925 3262 1990 II,
3305 1923 3372 1977 ad
3403 1923 3634 1978 Marium
3680 1924 3828 1979 Mer-

2251 2029 2512 2082 catorem,
2562 2032 2685 2088 pag.
2735 2017 2859 2081 545,
2913 2024 2970 2070 et
3025 2012 3458 2079 Tillemontium,
3496 2020 3634 2066 tom.
3683 2010 3828 2078 XIV,

2250 2126 2373 2180 pag.
2411 2109 2516 2164 405
2533 2125 2651 2179 seq.

2320 2197 2441 2252 185.
2463 2197 2528 2252 In
2565 2198 2835 2253 Psalmum
2862 2213 2975 2252 VIII.
3003 2196 3059 2252 S.
3085 2196 3341 2268 Ephraim
3373 2196 3515 2268 apud
3545 2195 3824 2250 Photium.

2248 2289 2372 2345 cod.
2407 2305 2627 2354 ccxxix,
2693 2305 2817 2360 pag.
2861 2288 2965 2344 420
3011 2289 3144 2344 edit.
3189 2288 3402 2358 primae.
3461 2287 3621 2343 Fann.
3653 2286 3826 2356 Frag-

2246 2390 2433 2435 menta
2494 2380 2551 2435 in
2614 2381 2957 2450 expositione
2997 2380 3193 2450 psalmi
3243 2395 3331 2434 cm
3362 2379 3418 2433 in
3460 2378 3580 2434 cod.
3619 2377 3824 2433 Caesar.

2245 2473 2481 2529 Vindob.
2525 2471 2902 2537 CLXXXVIII,
2945 2487 3002 2525 n.
3061 2470 3151 2526 22.
3192 2470 3256 2526 V.
3292 2469 3572 2534 Lambec.,
3599 2469 3688 2533 IV,
3711 2469 3823 2523 col.

2245 2565 2348 2619 457
2380 2579 2461 2634 sq.
2493 2563 2860 2619 —Incatenis
2896 2563 2953 2617 in
2986 2563 3338 2629 Psalterium,
3359 2563 3416 2616 in
3432 2561 3593 2618 codd.
3621 2560 3824 2617 Caesar.

2245 2655 2314 2720 X,
2337 2655 2456 2710 XIV
2478 2663 2536 2710 et
2563 2654 2657 2711 XV
2697 2654 2767 2709 de
2821 2653 3025 2724 quibus
3079 2670 3136 2708 ν.
3179 2653 3460 2718 Lambec.,
3489 2653 3600 2709 vol.
3631 2652 3722 2707 Ill.
3755 2681 3831 2692 —-

2243 2748 2439 2805 Oxonii
2464 2748 2520 2803 in
2553 2747 2690 2802 bibl.
2727 2747 2963 2812 Bodlei.,
3002 2763 3060 2801 n.
3112 2747 3236 2812 710,
3272 2747 3336 2813 2;
3374 2746 3532 2813 1982,
3579 2746 3646 2814 1;
3678 2745 3826 2800 2528

2245 2840 2420 2895 Catal.
2441 2871 2510 2880 —
2541 2838 2681 2894 Add.
2708 2839 2774 2894 ad
2805 2855 2862 2893 n.
2892 2838 3016 2905 176,
3051 2855 3235 2909 supra.
3267 2838 3436 2894 HABL.

2316 2931 2439 2986 184.
2483 2931 2848 2987 Commentum
2884 2930 3165 3002 Evangelii
3219 2932 3275 2985 in
3328 2930 3636 2985 Matt/tarum
3690 2928 3828 2982 libro

2243 3019 2488 3089 secando,
2527 3022 2716 3078 laudat
2744 3022 3042 3078 Facundus
3057 3039 3131 3087 ιι,
3166 3023 3220 3076 7.
3249 3022 3464 3076 Tomum
3490 3021 3830 3075 undecimum

2245 3123 2296 3168 et
2329 3115 2692 3169 duodecimum
2727 3115 2862 3169 Acta
2892 3114 3086 3186 synodi
3103 3131 3156 3168 vr
3182 3112 3826 3182 ConstantinOpolitanaa,

2245 3207 2458 3262 actione
2483 3223 2535 3272 x,
2554 3213 2612 3262 et
2640 3206 2894 3262 secundae
2923 3207 3174 3262 Nicaenae.
3202 3191 3680 3276 Frequentissimae
3706 3203 3824 3276 Cy-

2245 3297 2356 3351 rilli
2381 3297 2638 3369 symbolaa
2669 3298 2725 3352 in
2763 3296 2984 3353 Catenis
3015 3298 3080 3352 ad
3113 3297 3446 3353 Matthaeum.
3487 3296 3699 3352 Citatur
3764 3303 3828 3350 et

2243 3401 2276 3440 a
2307 3385 2536 3442 Leontio
2564 3386 2694 3457 Byz.
2722 3393 2906 3440 contra
2927 3387 3237 3457 Eutychem,
3261 3394 3318 3440 et
3350 3385 3550 3455 βιϐλίον
3582 3384 3824 3455 πρῶτον,

2245 3478 2314 3532 ab
2335 3478 2632 3548 Ephraimo
2656 3478 2802 3549 apud
2826 3479 3104 3544 Photium,
3135 3493 3257 3548 pag.
3298 3477 3423 3544 429,
3452 3476 3573 3532 θοὰ.
3607 3492 3826 3531 ccxxtx.

2246 3569 2402 3624 Alius
2432 3571 2608 3636 locus,
2645 3587 2768 3643 pag.
2811 3571 2933 3626 452.
3575 3596 3579 3601 ·

2317 3663 2438 3719 185.
2479 3667 2544 3719 In
2575 3663 2794 3731 Lucam,
2825 3680 2968 3736 smpe
2997 3665 3198 3721 citatur
3252 3663 3308 3718 in
3359 3662 3565 3718 Catena
3599 3661 3826 3718 Graeco-

2245 3771 2366 3809 rum
2412 3757 2633 3810 Patrum
2681 3755 3014 3811 Corderiana
3071 3766 3124 3811 et
3165 3755 3366 3810 Catena
3393 3770 3556 3810 aurea
3597 3754 3833 3810 Thomm
3903 3818 3918 3832 ν

2243 3845 2549 3916 Aquinatis.
2574 3845 2734 3899 Fann.
2765 3845 2841 3901 De
2863 3844 3144 3898 catenisin
3171 3843 3481 3897 Matthaeum
3510 3852 3566 3897 et
3589 3842 3829 3910 Lucam,

2244 3955 2297 3992 ν.
2339 3953 2523 4006 supra,
2551 3936 2659 3990 vol.
2693 3935 2830 3999 VIII,
2863 3950 2984 4004 pag.
3021 3934 3123 3987 669
3161 3949 3306 4002 sqq.,
3335 3939 3390 3985 et
3421 3933 3478 3986 in
3516 3934 3727 3986 catenis
3769 3935 3833 3989 in

2244 4027 2553 4083 Matthaeum
2591 4026 2836 4094 aliosque
2890 4027 2947 4080 in
2991 4025 3152 4080 codd.
3211 4024 3410 4082 Caesar.
3460 4023 3653 4090 XXIX,
3696 4023 3829 4093 XL,

2243 4118 2404 4180 XLII,
2436 4117 2596 4182 XLV,
2624 4117 2812 4183 XLVI,
2833 4117 3088 4183 LXXVII,
3119 4116 3223 4172 sub
3261 4115 3380 4182 ﬁn.,
3413 4116 3482 4172 de
3525 4117 3729 4188 quibus
3768 4136 3828 4174 v.

2244 4207 2502 4263 Lambec.
2536 4206 2764 4274 Comm.,
2803 4209 2914 4263 vol.
2948 4224 3026 4274 ιιι,
3057 4218 3164 4264 etc.
3184 4208 3352 4263 Hann.

2316 4300 2436 4356 186.
2478 4301 2543 4356 In
2571 4300 2846 4372 epistolam
2893 4301 2962 4354 ad
2993 4299 3238 4355 Hebrazos
3266 4299 3421 4354 Liber
3454 4299 3514 4355 II
3549 4300 3756 4355 citatur
3795 4317 3832 4357 a

2243 4391 2502 4447 Facundo
2524 4408 2599 4457 χι,
2633 4392 2686 4457 7,
2723 4391 3058 4448 Theodorito
3095 4389 3308 4461 Dialog.
3343 4398 3400 4445 et
3427 4391 3720 4446 Theodoro
3761 4393 3828 4448 in

567 4482 746 4546 docet,
783 4481 840 4537 id
881 4483 1209 4552 opusculum
1247 4496 1368 4536 esse
1412 4481 1668 4553 anonymi
1717 4479 2024 4551 cujusdam,
2072 4480 2141 4534 ad

2259 4487 2389 4540 libro
2422 4487 2542 4539 ’Ὁτι
2566 4486 2594 4538 ὁ
2623 4484 2812 4556 Πατὴρ
2841 4484 2929 4537 ἀεὶ
2966 4484 3148 4554 γεννᾷ.
3177 4483 3427 4539 Meminit
3446 4492 3504 4539 et
3532 4485 3820 4556 interpre-

567 4584 808 4629 mentem
839 4572 1126 4629 Athanasii
1155 4583 1212 4630 et
1243 4573 1453 4646 Cyrilli,
1484 4573 1704 4630 Iudaeos
1727 4571 2008 4627 confutare
2048 4585 2143 4626 co-

2241 4577 2464 4633 tationis
2489 4576 2678 4648 Cyrilli
2706 4577 2763 4630 in
2792 4575 3092 4646 Epistolam
3127 4574 3194 4629 ad
3224 4575 3502 4640 Hebraos,
3531 4576 3821 4646 Ephraim.

566 4663 770 4718 nantis.
799 4662 954 4718 Adde
994 4679 1160 4735 supra
1195 4663 1310 4735 ad§
1342 4663 1410 4719 Ill
1438 4663 1492 4719 in
1523 4663 1684 4719 notit.
1714 4661 1873 4718 codd.
1904 4663 2139 4728 vol-VII,
2238 4670 2636 4735 Antiochenus,
2657 4668 2799 4739 apud
2817 4667 3072 4722 Photium
3112 4665 3234 4720 cod.
3266 4680 3470 4720 ccxxrx.
3508 4663 3829 4720 Alexander

565 4771 691 4827 pag.
727 4756 833 4813 472
862 4771 982 4828 sqq.
1006 4765 1063 4812 et
1089 4773 1211 4830 pag.
1243 4758 1365 4814 614.

635 4849 718 4905 Ad
745 4850 931 4921 spuria
965 4865 1185 4920 quoque
1214 4849 1564 4904 referendum
1595 4851 1813 4906 videtur
1849 4863 2038 4920 opusc.
2075 4846 2143 4902 de

565 4943 843 4997 mensuris
869 4950 926 4999 et.
949 4941 1313 5012 ponderibus,
1328 4940 1476 5010 quod
1505 4940 1714 5011 Cyrillo
1759 4941 1911 4996 Alex.
1946 4939 2142 4996 tribui-

565 5044 658 5088 tur
686 5033 746 5088 in
782 5032 940 5088 codd.
973 5033 1146 5089 Paris.
1173 5032 1309 5087 bibl.
1338 5031 1492 5102 publ.
1517 5030 1936 5096 MCCCLXXIII,
1973 5031 2136 5095 n.15,

567 5136 624 5182 et
655 5124 1124 5191 MCCCLXXXIX,
1154 5141 1210 5180 n.
1235 5123 1322 5179 12.
1348 5121 1541 5197 Hann]

762 5267 868 5326 X1.
903 5264 1158 5342 Scripta
1193 5259 1420 5340 σε]νίΗί
1462 5257 1789 5337 deperdita
1833 5254 1940 5335 (al.

643 5409 764 5464 179.
832 5406 1176 5478 Ἀντίρῤησις
1233 5410 1420 5458 contra
1495 5399 1769 5457 Andream
1829 5401 2139 5457 Samosata-

567 5516 725 5563 num,
760 5499 852 5571 qui
889 5499 1155 5554 adversus
1185 5495 1287 5551 XII
1321 5494 1558 5564 capitula
1598 5495 1914 5566 scripserat.
1948 5494 2139 5550 Memi-

647 5653 722 5722 (α)
758 5653 914 5724 Conf.
945 5653 1281 5724 Tillemont.,
1325 5661 1456 5724 tom.
1488 5653 1627 5724 XIV,
1647 5669 1767 5724 pag.
1794 5652 1896 5708 666
1928 5669 2066 5723 seq.,
2092 5661 2148 5705 et

574 5722 815 5802 Ceillier,
842 5723 892 5802 _l.
927 5738 1004 5802 (λ,
1032 5737 1156 5802 pag.
1197 5723 1299 5778 554
1332 5735 1388 5778 et
1415 5723 1551 5802 569._
1575 5722 1739 5802 lla—nn.

646 5792 717 5865 (b)
744 5793 948 5852 Eodem
983 5792 1238 5854 Liberata
1263 5803 1420 5861 teste,
1463 5793 1682 5863 quidam
1730 5793 2012 5851 catholica:
2042 5809 2142 5849 no-

2240 4762 2697 4833 Hierapolitanus,
2716 4759 2947 4830 epistola
2967 4757 3034 4812 ad
3050 4755 3306 4811 Acacium
3327 4756 3746 4819 Berrhoensem,
3763 4755 3827 4810 in

2239 4856 2447 4911 Baluzii
2495 4855 2644 4910 Nova
2679 4852 2896 4908 Collect.
2935 4849 3234 4914 concilior.,
3272 4865 3395 4920 pag.
3427 4847 3551 4914 762,
3575 4856 3630 4902 et
3663 4863 3828 4917 quae-

2245 4945 2369 5000 dam
2405 4961 2471 5000 ex
2514 4945 2606 4999 illa
2657 4943 2815 4998 atl‘ert
2859 4949 3050 4996 auctor
3084 4939 3339 5011 Synodici
3388 4947 3580 4995 contra
3620 4946 3829 5008 tragce—

2247 5037 2392 5092 diam
2415 5037 2626 5101 Irenaai,
2646 5051 2763 5105 cap.
2780 5033 2916 5100 218;
2945 5033 3043 5099 id.,
3064 5048 3185 5103 pag.
3209 5031 3331 5097 928,
3357 5029 3829 5100 quemadmodum

2246 5139 2304 5184 et
2333 5130 2487 5200 plura
2518 5128 2781 5183 Leontius
2820 5127 2944 5198 Byz.
2977 5131 3159 5178 contra
3197 5122 3506 5194 Eutychem.
3545 5120 3624 5176 Ex
3665 5131 3832 5180 sexto

2250 5231 2418 5285 tomo,
2449 5218 2787 5283 Anastasius,
2816 5233 2938 5288 pag.
2977 5215 3079 5269 188
3112 5213 3328 5284 Hodegi.

2320 5311 2441 5366 187.
2478 5310 2622 5364 Libri
2659 5317 2763 5363 tres
2803 5308 3052 5362 adversus
3089 5306 3379 5360 Diodorum
3416 5303 3746 5365 Tarsensem,
3777 5310 3835 5356 et

2251 5401 2571 5475 Theodorum
2595 5400 3034 5469 Mopsuestenum
3060 5395 3155 5469 (ὁ),
3189 5397 3340 5468 quasi
3361 5394 3662 5450 Nestoriani
3688 5393 3834 5465 dog-

2250 5495 2411 5548 matis
2440 5501 2700 5557 auctores,
2723 5500 2772 5546 et
2803 5490 2938 5545 alius
2959 5491 3035 5546 De
3068 5487 3440 5546 incarnatione
3461 5485 3591 5540 liber
3611 5484 3832 5550 (diver-

2255 5650 2437 5704 ritatis
2475 5647 2811 5716 defensores,
2845 5645 3132 5716 Acephalis
3181 5643 3517 5715 responsuri,
3549 5655 3835 5714 negarunt

2254 5721 2424 5774 libros
2452 5719 2575 5774 illos
2605 5733 2723 5773 esse
2751 5713 2958 5788 Cyrilli.
