3998 6304
471 452 3725 508 W

1138 685 1694 845 CARD.
1815 681 2598 840 ANGELO
2711 677 3060 837 MAI

1575 972 2439 1089 PR/EFATION
2453 970 2618 1086 ES

984 1204 1100 1265 AD
1136 1202 1203 1266 S.
1257 1198 1601 1264 CYRILLI
1641 1195 2102 1260 ANECDOTA
2147 1197 2509 1260 SCRIPTA
2553 1197 2663 1258 AB
2708 1196 2906 1259 IPSO
2950 1197 3242 1260 EDITA.

1115 1385 1431 1451 (Bibliotheca
1452 1388 1592 1438 Nova
1612 1387 1836 1446 Patrum,
1859 1390 1976 1435 tom.
2000 1383 2062 1445 Il,
2089 1383 2258 1434 Romae
2287 1381 2432 1444 18H;
2456 1387 2574 1434 tom.
2601 1384 2688 1445 ιιι,

1471 1388 1592 1438 Voca
1612 1387 1836 1446 Patrum,
1859 1390 1976 1435 tom.
2000 1383 2062 1445 Il,
2089 1383 2258 1434 Romae
2287 1381 2432 1444 18H;
2456 1387 2574 1434 tom.
2601 1384 2688 1445 lll,
2715 1383 2853 1446 18ι5,
2898 1384 3050 1448 ὶη-ι.)

2051 1557 2124 1572 ῃ
2142 1577 2144 1580 ν

543 1749 591 1810 Ι.
625 1744 995 1808 Editionum
1021 1741 1087 1804 S.
1114 1739 1236 1818 Cyr
1247 1737 1340 1799 illi
1364 1733 1856 1814 imperfectio.—
1871 1733 2124 1805 Quoties
2147 1749 2266 1810 ego
2283 1729 2642 1809 generalem
2671 1728 2840 1792 illam
2863 1729 3062 1794 sancti
3087 1729 3300 1810 Cyrilli
3321 1728 3727 1792 Alexandrini

467 1863 731 1929 cperum
755 1843 1119 1915 editionem,
1142 1839 1219 1901 ab
1241 1836 1513 1898 Auberto
1534 1831 1710 1894 Gallo
1727 1836 1970 1912 septem
1988 1833 2175 1894 tomis
2195 1831 2530 1910 vulgatam,
2557 1847 2750 1892 manu
2770 1831 3114 1903 versabam,
3135 1831 3321 1893 toties
3356 1845 3455 1892 me
3487 1845 3729 1929 cupere

465 1927 749 2023 memini,
780 1952 847 2009 ut
881 1959 1042 2007 nova
1092 1940 1300 2019 aliqua
1333 1938 1677 2005 curaretur,
1707 1948 1848 2012 quae
1886 1939 2060 1995 tanto
2091 1931 2429 1994 Aubertina
2452 1929 2703 2010 plenior
2732 1935 2898 1992 esset
2932 1947 3004 1992 ac
3037 1929 3285 2004 melior,
3317 1935 3558 2010 quanto
3586 1927 3727 1990 haec

465 2051 744 2113 minores
779 2047 931 2112 alias
969 2052 1031 2110 et
1065 2043 1436 2106 vetustiores
1471 2053 1804 2118 superasse
1839 2035 2107 2099 videtur.
2149 2035 2399 2098 Etenim
2428 2033 2598 2096 haud
2633 2033 2928 2096 minimus
2964 2033 3150 2115 hujus
3185 2033 3481 2096 editionis
3509 2051 3728 2096 naevus

465 2161 580 2228 est,
613 2153 784 2235 quod
807 2154 1020 2215 Latina
1038 2149 1235 2213 Graaci
1261 2150 1469 2209 textus
1503 2139 1937 2222 interpretatio
1962 2138 2166 2201 varios
2188 2136 2378 2200 habet
2403 2143 2714 2212 auctores,
2738 2137 2848 2218 qui
2874 2139 3092 2217 viginti
3112 2137 3247 2201 fere
3271 2147 3720 2201 numerantur:

463 2271 592 2335 quo
619 2255 685 2317 fit
721 2261 790 2317 ut
825 2251 1030 2332 Cyrilli
1064 2247 1338 2312 elocutio
1367 2259 1575 2324 neque
1609 2256 1892 2306 consona
1929 2255 2138 2319 neque
2174 2235 2510 2301 uniformis
2538 2237 2772 2301 Latinis
2800 2239 3055 2302 auribus
3089 2237 3419 2320 oculisque
3444 2240 3720 2301 accidat:

463 2363 526 2420 et
559 2356 817 2436 quidem
845 2353 978 2416 veri
1017 2352 1206 2416 etiam
1237 2346 1561 2425 crassique
1601 2357 1847 2406 errores
1889 2339 2307 2418 interpretum
2347 2337 2595 2400 Latinas
2640 2339 2927 2419 plagulas
2955 2339 3294 2403 maculant.
3345 2340 3727 2402 Necessariis

462 2456 724 2534 insuper
750 2453 1006 2518 scholiis
1038 2454 1167 2515 sive
1205 2448 1438 2514 criticis
1489 2446 1618 2508 sive
1643 2440 1985 2521 exegeticis
2020 2445 2191 2504 caret
2225 2456 2395 2520 saepe
2422 2439 2708 2516 Cyrillus,
2745 2447 2808 2504 et
2830 2443 3089 2506 materia
3110 2443 3244 2522 ipsa
3275 2441 3727 2523 respirationes

463 2554 876 2634 capitulorum
907 2550 1370 2627 divisionesque
1402 2545 1664 2607 idoneas
1690 2540 1860 2604 haud
1889 2556 2029 2602 raro
2071 2538 2390 2602 desiderat
2419 2557 2433 2600 :
2469 2541 2728 2603 Graecus
2765 2559 2914 2604 vero
2953 2549 3284 2606 contextus
3311 2542 3496 2606 foedis
3517 2559 3722 2622 quan-

463 2655 676 2734 doque
722 2650 969 2714 mendis
1027 2650 1299 2722 laborat;
1345 2644 1748 2708 materiarum
1794 2641 2038 2704 indices
2073 2640 2170 2702 vel
2203 2639 2399 2702 exiles
2431 2647 2600 2715 sunt,
2631 2640 2728 2702 vel
2759 2641 2990 2703 alicubi
3019 2642 3209 2716 nulli;
3243 2643 3509 2722 quilibet
3537 2643 3724 2705 deni-

464 2777 589 2841 que
628 2757 885 2821 editoris
939 2760 1278 2836 apparatus
1323 2758 1384 2815 et
1419 2751 1697 2828 isagoge,
1738 2754 1799 2810 et
1821 2746 2214 2826 singulorum
2249 2762 2516 2826 cperum
2544 2747 2739 2808 veluti
2774 2746 3035 2810 historia
3063 2764 3131 2810 ac
3152 2747 3464 2828 judicium
3494 2747 3725 2811 frustra

463 2859 829 2940 requiritur.
877 2860 1246 2937 Quanquam
1286 2855 1477 2936 igitur
1505 2851 1674 2915 haud
1716 2851 1854 2914 leve
1893 2856 1987 2914 est
2012 2849 2272 2911 Auberti
2307 2850 2624 2925 meritum,
2665 2850 2938 2913 modesti
2975 2851 3318 2931 caeteroqui
3357 2849 3630 2912 hominis
3661 2857 3724 2913 et

459 2951 1018 3045 ingenui,pr0pte'r
1039 2962 1200 3026 hanc
1231 2967 1548 3024 tomorum
1569 2963 1663 3020 tot
1686 2973 1875 3038 quam
1898 2953 2066 3034 gravi
2087 2954 2303 3017 labore
2331 2972 2448 3018 suo
2477 2955 2714 3018 molem
2735 2953 3058 3030 instruxit;
3078 2961 3350 3020 attamen
3380 2955 3723 3035 Optandum

464 3075 627 3141 erat,
671 3075 743 3132 ut
777 3069 1100 3131 Maurinus
1145 3066 1371 3147 aliquis
1417 3061 1769 3126 monachus
1789 3059 2107 3141 -Cyrillum
2139 3075 2399 3140 quoque
2440 3066 2748 3123 consueto
2793 3059 3137 3122 sodalitatis
3178 3076 3309 3120 suae
3355 3057 3720 3138 splendore,

461 3170 748 3233 doctrina
765 3187 838 3233 ac
869 3169 1076 3232 studio
1113 3167 1233 3231 sibi
1255 3164 1694 3230 adornandum
1723 3160 2094 3241 susciperet,
2127 3159 2302 3240 quod
2334 3164 2403 3220 ut
2431 3158 2774 3240 aliquando
2804 3158 3070 3222 meliore
3112 3164 3470 3240 temporum
3505 3156 3725 3223 condio

459 3274 633 3336 tione
670 3274 796 3346 ﬁat,
823 3271 946 3352 piis
978 3271 1139 3333 votis
1171 3270 1475 3350 deposco.

539 3382 615 3441 II.
639 3379 1031 3457 Scriptorum
1054 3375 1280 3456 Cyrilli
1299 3391 1537 3454 nupera
1565 3367 2166 3452 conquisitio.—His
2195 3368 2274 3431 de
2297 3368 2554 3431 Auberti
2579 3368 2860 3433 editione
2886 3369 3158 3433 breviter
3172 3375 3385 3452 atque,
3415 3377 3483 3434 ut
3507 3388 3719 3452 spero,

460 3481 852 3562 eaquabiliter
894 3481 1097 3556 dictis,
1146 3481 1431 3544 nondum
1473 3485 1685 3540 tamen
1739 3476 1875 3556 ejus
1915 3475 2308 3556 praecipuum
2353 3475 2697 3537 memoravi
2735 3476 3239 3551 incommodum,
3287 3482 3381 3538 tot
3433 3477 3722 3538 videlicet

460 3583 670 3663 Cyrilli
716 3584 1170 3664 Opusculorum
1207 3582 1547 3653 defectum,
1579 3595 1722 3658 quae
1753 3578 1978 3658 partim
2000 3578 2240 3650 Graece,
2267 3577 2493 3656 partim
2527 3578 2742 3639 Latine
2774 3577 3054 3657 dispersa
3090 3577 3156 3638 in
3187 3577 3508 3658 impressis
3548 3577 3721 3639 libris

460 3685 804 3759 exstabant,
838 3689 898 3745 et
923 3684 1178 3745 Aoberti
1207 3684 1490 3744 notitiam
1517 3681 2028 3760 diligentiamque
2063 3678 2381 3756 fugerunt.
2413 3683 2562 3742 Haec
2597 3680 2837 3743 scilicet
2860 3686 3148 3743 accurate
3179 3686 3466 3744 recenset
3503 3679 3719 3742 Fabri-

460 3785 595 3852 Cius
624 3788 698 3846 B.
743 3787 818 3848 G.
850 3785 958 3848 lib.
995 3803 1061 3860 v,
1117 3804 1254 3865 cap.
1289 3784 1399 3860 22,
1434 3803 1498 3846 n.
1534 3783 1567 3844 8
1595 3787 1614 3864 (
1645 3785 1747 3845 ed.
1779 3800 1924 3844 nov.
1966 3788 2008 3843 t.
2039 3784 2142 3856 IX,
2186 3802 2250 3863 p.
2284 3783 2396 3844 487
2442 3783 2630 3863 seq.),
2667 3801 2808 3864 quae
2861 3786 3157 3846 nimirum
3196 3803 3232 3846 a
3259 3803 3425 3847 novo
3477 3785 3722 3847 editorc

461 3889 677 3952 sedule
699 3887 1050 3968 colligenda
1082 3894 1247 3950 sunt.
1281 3889 1502 3968 Neque
1531 3886 1634 3950 hic
1657 3886 2024 3962 sistendum,
2058 3887 2166 3950 sed
2187 3888 2249 3948 in
2272 3887 2686 3950 conciliorum
2707 3886 2983 3960 actibus,
3012 3889 3361 3966 praesertim
3387 3888 3717 3965 Ephesini,

457 3993 525 4054 in
572 3990 847 4069 antiquis
887 3988 1320 4069 apologeticis,
1359 3971 1696 4068 panOpliis,
1740 3988 2118 4068 scriptorum
2149 3988 2614 4052 enarratoribus
2634 4005 2749 4048 seu
2781 3987 3263 4068 bibliographis,
3297 3991 3720 4071 apprimeque

457 4093 525 4154 in
555 4091 804 4167 Photio,
839 4109 958 4155 nec
987 4109 1116 4154 non
1148 4090 1421 4171 antiquis
1450 4091 1809 4153 auctoribus
1845 4092 2037 4154 Mario
2065 4095 2428 4162 Mercatore,
2465 4095 2638 4168 puta,
2672 4090 2989 4165 Facundo,
3014 4091 3330 4168 Liberato,
3363 4095 3717 4171 Anastasio,

457 4196 744 4270 Leontio,
793 4201 854 4258 et
899 4195 1157 4276 reliquis
1184 4194 1503 4274 praecipue
1540 4194 1837 4256 adversus
1864 4194 2184 4270 Eutychis,
2226 4193 2520 4269 Nestorii,
2563 4193 2870 4269 Dioscori,
2913 4197 3149 4273 Severi,
3192 4198 3477 4280 aliasque
3507 4206 3714 4262 sectas

460 4300 819 4382 hujusmodi
869 4300 1336 4380 pugnatoribus,
1369 4298 1598 4378 scripta
1635 4299 1844 4378 Cyrilli
1891 4295 2171 4360 rimanda
2214 4303 2383 4358 sunt.
2426 4297 2585 4370 Quid
2623 4298 2702 4360 de
2739 4300 2971 4363 Graecis
3015 4300 3218 4364 dicam
3257 4302 3337 4364 ad
3372 4309 3718 4384 utrumque

456 4407 923 4469 Testamentum
952 4404 1210 4479 catenis,
1235 4420 1377 4483 quae
1409 4409 1498 4464 tot
1526 4403 1735 4483 Cyrilli
1760 4403 2002 4476 divitias
2020 4400 2376 4464 ostentant?
2405 4403 2501 4463 Me
2541 4408 2714 4464 certe
2744 4403 3159 4466 coacervandi
3201 4422 3344 4467 cum
3371 4407 3716 4488 majoribus

458 4508 708 4588 scriptis
737 4508 1016 4570 minores
1043 4507 1227 4568 etiam
1258 4507 1624 4569 minimasve
1651 4505 1860 4585 Cyrilli
1889 4505 1965 4568 ad
1995 4523 2195 4567 unum
2222 4522 2454 4587 corpus
2495 4506 2791 4588 reliquias
2815 4508 3047 4588 cupido
3077 4509 3444 4585 incesserat,
3479 4516 3718 4573 totum-

457 4629 582 4691 que
626 4611 921 4689 Cyrillum
958 4612 1179 4675 decem
1219 4612 1465 4675 circiter
1502 4610 1692 4674 tomis
1734 4609 2350 4689 comprehendendi:
2385 4629 2598 4692 neque
2635 4612 2691 4674 is
2742 4611 3126 4692 injucundus
3165 4613 3343 4677 labor
3387 4615 3630 4689 fuisset,
3664 4616 3721 4678 si

457 4716 570 4778 otii
599 4716 744 4778 satis
774 4722 1160 4796 suppeteret,
1196 4717 1294 4780 vel
1331 4717 1385 4780 si
1412 4723 1669 4781 caeteras
1698 4731 1880 4778 curas
1908 4731 2082 4778 meas
2103 4732 2418 4795 seponere
2439 4715 2891 4790 decrevissem;
2925 4717 3098 4796 quod
3121 4717 3269 4798 quia
3298 4734 3427 4779 non
3454 4717 3714 4797 placuit,

457 4815 635 4878 nolui
666 4823 876 4879 tamen
917 4818 1235 4897 Cyrillum,
1278 4837 1406 4900 quo
1429 4837 1594 4900 pene
1625 4835 1756 4898 pra)
1799 4817 2044 4881 caeteris
2090 4817 2392 4892 delector,
2425 4817 2753 4880 deserere:
2788 4818 2902 4881 sed
2941 4819 3171 4881 omissa
3201 4818 3373 4880 omni
3401 4819 3716 4882 editorum

458 4919 594 4998 ejus
621 4935 887 4998 operum
917 4921 1358 4997 sollicitudine,
1412 4923 1693 4985 converti
1746 4939 1848 4984 me
1898 4922 2111 5002 potius
2169 4921 2247 4984 ad
2298 4921 2728 5001 indagandum
2794 4921 3103 5002 quidquid
3155 4923 3308 4984 tanti
3348 4923 3465 4985 viri
3511 4921 3716 4985 adhuc

454 5020 765 5084 ineditum
789 5025 1101 5088 Vaticanis
1136 5026 1460 5090 codicibus
1489 5025 1799 5088 contineri
1837 5025 2002 5088 haud
2039 5024 2246 5087 fallaci
2289 5027 2648 5106 conjectura
2675 5025 2774 5089 vel
2801 5028 3175 5090 certitudine
3213 5029 3422 5109 potius
3450 5044 3717 5107 compe-

459 5139 685 5185 reram.
713 5127 892 5199 Quod
938 5147 1082 5192 cum
1109 5145 1412 5210 prospere
1449 5133 1519 5190 ut
1547 5132 1698 5207 puto
1727 5128 1987 5206 egerim,
2020 5134 2081 5190 et
2110 5145 2208 5190 res
2262 5129 2424 5191 ultra
2443 5137 2657 5193 votum
2713 5133 3003 5203 cesserit.
3034 5131 3219 5195 facile
3267 5132 3383 5194 erit
3413 5132 3718 5212 deinceps

457 5221 682 5288 futuris
715 5228 972 5292 eruditis
1017 5230 1312 5308 Cyrillum
1342 5227 1616 5307 denique
1639 5232 1771 5288 tum
1802 5245 1880 5290 ex
1911 5229 2345 5308 superioribus
2376 5231 2784 5308 editionibus,
2816 5238 2950 5295 tum
2981 5251 3059 5296 ex
3094 5232 3192 5295 his
3224 5233 3458 5296 nostris
3482 5233 3722 5296 addita-

458 5326 691 5389 mentis
742 5329 1125 5391 cumulatum
1177 5327 1462 5389 efﬁcere:
1513 5327 1692 5407 cujus
1754 5326 1912 5388 mihi
1964 5333 2134 5390 certe
2169 5333 2337 5391 tanta
2367 5329 2446 5392 ad
2479 5346 2704 5392 manus
2735 5332 2906 5392 venit
2939 5331 3144 5410 copia,
3185 5337 3256 5393 ut
3301 5331 3550 5394 duobus
3576 5349 3718 5394 eam

457 5429 906 5506 voluminibus,
923 5448 1053 5493 non
1085 5431 1221 5493 sine
1241 5447 1384 5493 mea
1404 5430 1922 5512 interpretatione
1946 5432 2374 5510 exposuerim,
2407 5449 2675 5510 quorum
2693 5435 2866 5514 prius
2887 5451 3056 5496 nunc
3085 5433 3567 5496 describendum
3598 5439 3716 5495 est.

539 5529 645 5589 IlI.
696 5529 972 5606 Cyrillus
1003 5529 1076 5590 de
1114 5531 1448 5592 Trinitate.
1480 5568 1555 5576 —
1607 5533 2056 5614 Episcopatum
2101 5531 2367 5612 Cyrillus
2406 5531 2841 5595 Alexandrinae
2892 5534 3158 5596 civitatis
3197 5551 3444 5611 gerens,
3483 5535 3547 5595 in
3593 5550 3721 5612 qua

459 5628 892 5704 snperioribus
915 5629 1094 5690 annis
1133 5629 1312 5692 Arius
1341 5631 1843 5694 scelestissimam
1895 5629 2185 5692 haeresim
2229 5639 2706 5711 propagaverat,
2741 5633 2891 5695 nihil
2921 5634 3270 5714 impensius
3300 5633 3363 5694 in
3396 5635 3524 5696 suis
3560 5633 3716 5694 scri-

462 5731 584 5806 ptis
603 5730 1140 5810 coneionibusque
1162 5735 1308 5815 egit,
1329 5753 1516 5813 quam
1536 5742 1601 5798 ut
1627 5735 1786 5798 illius
1809 5734 2261 5809 haeresiarchac,
2280 5740 2466 5812 atque
2491 5735 2890 5812 asseclarum,
2910 5737 3383 5817 prmsertimaue
3414 5735 3724 5800 recentio-
