3998 6304
199 341 261 394 95
1557 362 1778 419 mm

1854 364 2072 421 IONES.
3361 375 3433 431 96

197 467 274 569 ris
309 466 626 544 Eunomii,
668 479 971 536 venenata
1015 477 1242 556 scripta
1271 480 1693 560 redargueret,
1727 482 2108 564 plebemque
2130 502 2294 549 cum
2315 504 2444 551 sum
2476 490 2772 569 pastorali
2801 490 3098 555 creditam
3127 493 3190 555 in
3221 493 3435 556 ortho-

196 567 500 675 (loxa‘ﬁde
521 581 941 675 conservaret.
973 577 1272 660 Princeps
1299 588 1361 644 et
1389 585 1698 646 maximus
1729 583 1808 648 de
1835 583 1957 649 hoc
1979 594 2348 666 argumento
2371 567 2531 652 liber
2548 589 2756 670 Cyrilli
2779 596 2872 652 est
2893 591 3263 667 Thesaurus,
3299 613 3429 675 quo

197 669 374 732 veluti
401 672 706 753 ampliore
743 679 1220 742 armamentario
1254 699 1327 745 ea
1353 684 1756 747 continentur
1783 703 1976 761 arma,
2009 705 2152 768 quae
2193 689 2260 750 in
2291 689 2413 752 hoc
2449 698 2705 771 qquue
2737 690 2978 752 minore
3008 691 3081 752 de
3120 669 3432 755 Trinitatc

194 776 531 833 cernuntur
560 775 889 853 opusculo,
932 778 1103 857 quod
1126 779 1374 859 planius
1403 789 1591 864 atque
1621 786 2001 848 contractius
2019 793 2208 867 atque
2231 787 2311 850 ad
2344 787 2516 852 rudis
2537 789 2759 870 papuli
2777 807 2961 852 usum
2983 793 3428 854 accommoda-

193 876 307 933 tius
329 873 520 953 (sicut
540 877 722 940 etiam
747 878 810 940 in
829 888 1130 961 sequente
1163 886 1244 945 De
1269 887 1698 950 incarnatione
1715 890 1984 970 ipsemet
2012 891 2182 972 dicit)
2206 894 2561 973 composuit
2577 893 2860 972 Cyrillus.
2886 893 3161 956 Alterum
3183 893 3428 970 insigne
3480 916 3485 930 ·

197 976 572 1087 deTrinitate
594 983 892 1087 scriptum
908 987 1405 1071 Cyrilli,Dialogi
1427 1001 1654 1072 septem
1682 1002 1826 1058 sunt
1852 995 2328 1060 luculentissimi
2344 997 2426 1059 ad
2437 999 2780 1073 Hermiam,
2803 999 2912 1078 qui
2947 999 3178 1079 pariter
3200 996 3426 1060 fecun—

196 1075 512 1141 dissimum
536 1085 819 1147 Auctoris
847 1087 1190 1166 ingenium,
1212 1092 1651 1176 inﬁnitumque
1673 1097 2064 1160 orthodoxire
2096 1098 2297 1161 zelum
2328 1099 2778 1163 demonstrant.
2799 1075 3075 1163 Tertium
3097 1102 3182 1160 De
3226 1099 3434 1160 Trini—

194 1185 312 1283 (ατε
342 1183 661 1261 quoddam
706 1191 1076 1268 opusculum
1109 1194 1301 1258 edidit
1340 1198 1581 1277 primus
1609 1203 1726 1262 sub
1771 1202 1978 1280 Cyrilli
2005 1205 2262 1266 nomine
2290 1205 2686 1283 Wegelinus:
2716 1211 3146 1268 verumtamen
3176 1205 3236 1266 id
3275 1201 3428 1265 nihil

192 1277 320 1382 fere
345 1299 484 1382 esse
517 1285 682 1349 aliud
726 1306 915 1368 quam
951 1292 1500 1374 interpolationem
1538 1307 1726 1379 atque
1764 1277 2214 1381 compendium
2250 1277 2463 1382 operis
2513 1301 2772 1364 Joannis
2796 1301 3160 1365 Damasceni
3191 1301 3275 1360 De
3305 1299 3435 1376 ﬁde

193 1377 565 1490 orthodoara,
603 1384 925 1490 _ideoque
995 1392 1476 1472 abjudicandum
1519 1377 1768 1476 Cyrillo,
1806 1377 1937 1476 jam
1997 1399 2106 1462 diu
2159 1377 2359 1463 critici
2410 1401 2782 1464 docuerunt.
2825 1400 2948 1463 Sed
3009 1405 3244 1480 praeter
3282 1398 3421 1459 haec

191 1481 560 1582 nominatim
591 1484 679 1544 De
711 1487 1018 1551 Trinitate
1035 1491 1333 1573 inscripta
1363 1511 1577 1576 Opera,
1600 1499 1828 1576 passim
1851 1499 2111 1578 Cyrillus
2131 1500 2196 1562 in
2213 1501 2634 1564 voluminibus
2659 1501 2787 1564 suis
2804 1517 2920 1582 pro
2951 1500 3073 1563 hoc
3105 1499 3431 1580 praecipuo

189 1574 476 1680 dogmate
493 1591 756 1661 pugnat;
787 1592 848 1648 et
868 1588 1124 1668 quidem
1153 1593 1340 1656 etiam
1361 1574 1426 1656 in
1450 1574 1787 1675 praeclaris,
1815 1574 1976 1678 quos
2002 1598 2118 1662 nos
2139 1599 2260 1663 hoc
2289 1609 2576 1680 tempore
2607 1574 2940 1674 edidimus,
2964 1574 3430 1663 commentariis

188 1673 256 1779 ad
293 1679 473 1741 Pauli
500 1683 808 1763 Epistolas
837 1694 898 1750 et
927 1689 1006 1752 ad
1045 1691 1344 1756 Psalmos.
1385 1673 1561 1758 Nunc
1596 1713 1663 1759 se
1694 1673 1853 1758 mihi
1889 1697 2114 1761 obtulit
2149 1698 2358 1779 Cyrilli
2386 1673 2717 1773 ineditum,
2753 1705 2822 1762 ut
2853 1715 3018 1772 reor,
3053 1695 3431 1777 cpusculum

187 1775 267 1880 De
297 1780 614 1880 Trinitate
633 1785 696 1848 in
719 1787 1016 1853 Vaticano
1037 1809 1294 1872 perraro
1320 1796 1581 1872 codice;
1615 1815 1756 1878 qum
1775 1799 2123 1880 lucubratio
2154 1775 2339 1880 plane
2359 1801 2438 1863 ab
2466 1799 2574 1862 illa
2602 1800 2832 1875 diﬂ‘ert,
2864 1816 3054 1880 quam
3086 1775 3221 1878 pari
3246 1795 3431 1858 titulo

186 1875 290 1978 sub
333 1877 496 1964 falso
513 1883 716 1961 Cyrilli
738 1887 992 1950 nomine
1006 1889 1274 1968 vulgavit
1297 1875 1673 1972 Wegelinus.
1707 1895 1802 1956 Ait
1818 1877 2026 1958 autem
2055 1875 2315 1976 Cyrillus
2336 1914 2474 1977 cap.
2499 1895 2533 1958 3
2560 1915 2650 1972 se,
2667 1875 3000 1978 postquam
3017 1875 3232 1960 contra
3260 1894 3432 1957 blas-

186 1975 466 2055 phemias
487 1979 949 2060 haereticorum,
971 1987 1335 2051 Arianorum
1353 1991 1612 2067 scilicet,
1643 1992 1788 2054 satis
1809 1975 2231 2056 decertaverat
2255 1975 2429 2076 (puta
2444 1994 2512 2055 in
2540 1975 2879 2070 Theiauro,
2899 1994 2968 2056 in
2988 1993 3431 2057 commentario

185 2076 258 2138 ad
280 2080 624 2156 Joannem,
657 2090 718 2146 et
737 2084 930 2167 alibi),
962 2105 1130 2153 nunc
1161 2089 1282 2154 hoc
1314 2089 1684 2172 Opusculum
1708 2094 1811 2174 pie
1832 2095 2231 2158 credentibus
2260 2096 2554 2168 scribere,
2583 2103 2653 2157 ut
2688 2095 2889 2157 divina
2916 2095 3226 2173 dogmata,
3257 2100 3430 2154 extra

185 2192 433 2242 omnem
465 2187 910 2250 controversim
938 2188 1161 2267 aleam,
1193 2192 1502 2258 didactico
1535 2213 1710 2259 more
1733 2203 2028 2278 exponat.
2058 2199 2306 2277 Reapse
2326 2203 2530 2259 autem
2559 2197 2935 2278 promissum
2971 2195 3220 2258 abunde
3249 2193 3427 2257 facit:

185 2296 248 2344 ea
267 2282 515 2363 quippe
554 2287 1003 2366 perspicuitate
1032 2299 1094 2353 et
1138 2293 1474 2374 theologim
1510 2297 1732 2376 peritia
1760 2297 2127 2360 altissimum
2155 2297 2469 2359 Trinitatis
2484 2297 2851 2377 mysterium
2879 2295 3105 2358 evolvit
3135 2312 3205 2357 ac
3226 2293 3433 2368 tradit,

185 2402 309 2465 quae
325 2393 583 2449 tantum
620 2396 807 2471 atque
840 2410 876 2454 a
903 2393 1032 2456 Deo
1061 2397 1461 2476 peculiariter
1493 2400 1786 2464 edoctum
1815 2400 2178 2478 magistrum
2215 2400 2416 2462 decet.
2454 2401 2605 2460 Tres
2627 2397 2988 2476 singillatim
3017 2396 3256 2458 divinas
3285 2411 3432 2475 per-

183 2505 361 2553 sonas
407 2493 685 2574 pr0priis
725 2497 1029 2578 cujusque
1060 2503 1443 2578 argumentis
1478 2501 1745 2566 illustrat
1787 2509 1975 2582 atque
2013 2503 2374 2565 conﬁrmat:
2410 2501 2600 2582 idque
2641 2499 3040 2582 epusculum,
3079 2498 3268 2562 cedro
3297 2495 3432 2558 sine

187 2591 365 2656 dubio
391 2593 768 2673 liniendum,
797 2599 1018 2678 viginti
1051 2607 1112 2665 et
1141 2609 1284 2666 octo
1327 2603 1616 2684 capitulis
1640 2604 2033 2666 terminatur.

252 2747 336 2808 De
380 2750 842 2814 incarnatione.
865 2787 941 2798 —
975 2754 1288 2835 Sequitur,
1321 2757 1456 2837 pari
1486 2756 1818 2837 theologia:
1849 2759 2098 2832 merito,
2121 2763 2416 2820 tractatus
2442 2758 2600 2820 alter
2634 2774 2713 2820 ex
2743 2756 2968 2820 eodem
2999 2755 3219 2819 codice
3253 2770 3430 2816 sum-

187 2857 317 2930 ptus
348 2853 446 2912 De
487 2852 742 2915 Domini
773 2855 1234 2933 incarnatione,
1267 2858 1519 2936 triginta
1561 2857 1845 2940 quinque
1882 2857 2172 2940 capitulis
2209 2857 2729 2938 comprehensus,
2767 2864 2830 2919 et
2871 2875 2907 2919 a
2955 2855 3164 2936 Cyrilli
3193 2855 3436 2918 caeteris

188 2951 256 3014 de
285 2951 410 3015 hoc
430 2961 804 3031 argumento
848 2956 1098 3037 scriptis
1128 2974 1386 3037 prorsus
1411 2957 1714 3022 diversus.
1746 2961 1949 3040 Atque
1977 2958 2044 3020 in
2071 2957 2192 3021 hoc
2219 2956 2657 3020 refutationem
2685 2955 3122 3020 haereticorum
3158 2971 3288 3017 non
3317 2971 3435 3017 ne-

187 3051 369 3132 gligit,
405 3070 682 3132 quorum
722 3057 1040 3119 neminem
1078 3058 1496 3122 recentiorem
1543 3060 1854 3124 Eunomio
1892 3059 2194 3124 nominat.
2242 3059 2354 3123 Illa
2376 3074 2537 3133 vero
2575 3057 2884 3122 calumnia
2915 3074 2951 3120 a
2982 3054 3438 3138 posterioribus

187 3153 640 3234 MonOphysitis
693 3159 921 3238 Cyrillo
972 3160 1267 3240 imposita
1321 3160 1401 3224 de
1454 3162 1642 3225 unica
1702 3161 1922 3224 Christi
1961 3168 2181 3225 natura
2225 3163 2303 3225 ab
2351 3178 2428 3224 eo
2472 3168 2742 3238 asserta,
2785 3169 2909 3225 tam
2953 3160 3272 3223 evidenter
3312 3155 3436 3216 hoc

189 3255 409 3334 scripto
445 3265 834 3337 προληπτικῶς
863 3260 1244 3337 dissolvitur,
1274 3268 1344 3322 ut
1371 3277 1560 3325 nemo
1579 3262 1712 3342 jam
1738 3269 1955 3346 contra
1980 3260 2226 3326 hiscere
2252 3279 2518 3324 ausurus
2540 3261 2640 3322 sit.
2672 3263 3039 3340 Quanquam
3072 3274 3220 3320 vero
3251 3255 3432 3335 pole-

188 3355 398 3418 micam
428 3359 500 3420 in
555 3358 671 3424 hac
710 3361 1143 3427 lucubratione
1180 3371 1422 3444 partem
1462 3367 1700 3428 naviter
1735 3373 1953 3432 tractat
1983 3369 2275 3448 Cyrillus,
2307 3375 2578 3431 attamen
2614 3368 2682 3427 in
2728 3362 3102 3444 exponenda
3140 3359 3249 3420 Dei
3289 3373 3437 3433 erga

189 3450 470 3519 homines
498 3458 905 3538 benignitate,
947 3479 1136 3541 quam
1167 3452 1616 3526 incarnationis
1654 3481 1815 3544 Opus
1843 3465 2253 3538 demonstrat,
2276 3464 2585 3544 plurimus
2618 3467 2739 3536 est;
2771 3469 2840 3524 ut
2869 3459 3279 3522 Christianum
3313 3472 3435 3536 po-

188 3557 391 3637 pulum
425 3561 542 3622 Dei
573 3561 842 3623 vicissim
870 3579 1086 3626 amore
1116 3563 1485 3639 inﬂammet,
1510 3572 1699 3646 atque
1729 3567 1795 3628 in
1825 3566 1947 3627 ﬁde
1983 3564 2332 3638 conﬁrmet,
2361 3580 2548 3644 quam
2578 3562 2825 3640 egregie
2848 3560 3062 3623 deﬁnit
3095 3559 3266 3640 pium
3297 3573 3436 3620 esse

189 3674 320 3738 erga
339 3661 546 3724 Deum
575 3679 648 3723 ac
677 3662 1123 3725 revelationem
1155 3663 1555 3744 obsequium,
1589 3663 2011 3726 controversia
2040 3664 2211 3726 omni
2239 3665 2617 3747 curiosoque
2641 3663 2825 3726 etiam
2857 3661 3144 3724 examine
3171 3658 3430 3729 omisso,

189 3765 278 3828 cui
303 3773 481 3829 certe
516 3766 794 3846 indagini
813 3784 1026 3846 neque
1059 3767 1238 3848 plebs
1262 3784 1472 3847 neque
1493 3767 1764 3830 maxima
1791 3765 2118 3829 hominum
2145 3785 2290 3849 pars
2316 3767 2543 3832 idonea
2573 3772 2666 3828 est

256 3912 336 3971 De
353 3913 442 3972 De
453 3911 663 3989 ipara.
697 3946 771 3955 —
800 3911 1069 3973 Tertiam
1092 3911 1158 3973 in
1182 3910 1303 3975 hoc
1322 3917 1540 3975 nostro
1571 3911 1888 3976 volumine
1909 3911 2123 3975 sedem
2146 3919 2411 3993 occupat
2431 3911 2637 3993 Cyrilli
2659 3911 2914 3993 copiosa
2936 3927 3007 3974 ac
3027 3909 3221 3974 libelli
3242 3909 3436 3972 instar

190 4016 395 4092 oratio,
434 4033 565 4095 qua
616 4015 967 4078 ostenditur
1005 4016 1251 4078 beatam
1295 4017 1547 4080 Mariam
1598 4034 1665 4079 re
1710 4035 1855 4080 vera
1893 4033 2032 4079 esse
2070 4017 2543 4096 rectissimeque
2581 4017 2704 4078 dici
2740 4016 3093 4095 Deiparam.
3124 4013 3423 4076 Exstabat

185 4108 306 4176 hmo
328 4114 574 4177 inedita
604 4114 804 4177 oratio
833 4115 900 4176 in
929 4114 1228 4178 Vaticano
1255 4117 1473 4179 codice
1503 4119 1763 4197 antiquo
1797 4115 1946 4178 1434
1977 4133 2094 4179 nec
2127 4133 2254 4178 non
2281 4117 2348 4178 in
2378 4117 2728 4180 recentiore
2769 4115 2976 4179 Ottob.
3015 4113 3122 4188 30;
3155 4113 3434 4193 denique

188 4216 461 4278 eamdem
517 4217 827 4279 contineri
867 4217 997 4281 scio
1027 4217 1094 4279 in
1121 4217 1340 4281 codice
1378 4218 1564 4280 etiam
1606 4219 1952 4282 Barberino
1991 4217 2130 4281 253.
2171 4221 2329 4281 Rem
2376 4219 2536 4281 hanc
2580 4235 2710 4280 non
2750 4215 2944 4279 semel
2988 4213 3278 4293 Cyrillus,
3317 4213 3434 4274 etsi

189 4319 398 4395 obiter,
422 4328 562 4384 nOn
599 4326 806 4384 tamen
825 4322 1144 4385 incuriose
1173 4327 1544 4387 tractaverat
1563 4324 1749 4386 etiam
1778 4339 2072 4386 sermone
2113 4323 2142 4382 Ι
2177 4325 2394 4384 contra
2414 4320 3061 4391 Nestorium,necnon
3081 4316 3146 4376 in
3171 4312 3434 4392 epistola

188 4419 530 4501 dogmatica
560 4424 639 4485 ad
682 4425 1002 4505 Egyptios
1031 4410 1399 4502 monachos,
1432 4443 1574 4507 quae
1613 4432 1705 4488 est
1731 4425 1799 4488 in
1839 4423 2061 4488 ordine
2088 4422 2492 4504 epistolamm
2516 4419 2736 4500 prima.
2765 4415 3090 4493 Magniﬁce
3119 4430 3268 4476 vero
3292 4412 3432 4477 Vir-

189 4527 385 4605 ginem
423 4528 710 4592 celebrat
748 4533 810 4590 et
855 4525 1040 4586 tertio
1072 4545 1330 4608 quoque
1367 4527 1558 4590 verbo
1607 4526 1884 4607 appellat
1917 4526 2255 4604 Deiparam
2286 4523 2353 4584 in
2391 4520 2672 4584 oratione
2710 4516 2919 4580 habita
2948 4515 3182 4597 Ephesi
3223 4531 3433 4580 coram

187 4630 446 4708 synodo.
481 4629 891 4692 Addelocum
925 4630 1224 4693 orationis
1261 4629 1284 4690 1
1320 4632 1406 4690 De
1444 4629 1563 4708 ﬁde
1595 4629 1678 4691 ad
1715 4628 1985 4708 Reginas
2019 4626 2199 4707 (Opp.
2233 4633 2275 4687 t.
2305 4625 2378 4700 V,
2404 4629 2576 4705 parte
2612 4639 2677 4696 II,
2709 4639 2776 4703 p.
2806 4620 2875 4683 47
2908 4618 3073 4701 sqq.)
3098 4619 3218 4681 Sed
3265 4616 3434 4680 enim

188 4737 550 4815 praeclarum
602 4735 757 4797 mihi
789 4736 1064 4811 obvenit,
1095 4741 1165 4798 ut
1189 4735 1314 4797 dixi
1345 4735 1411 4796 in
1439 4740 1568 4798 not.
1599 4734 1674 4797 ad
1723 4750 1862 4814 cap.
1906 4733 2001 4806 13,
2035 4730 2364 4794 Iustiniani
2407 4730 2565 4809 imp.
2595 4728 2662 4790 in
2691 4729 2824 4809 ejus
2860 4743 3048 4807 quam
3101 4723 3267 4785 edidi
3305 4721 3435 4812 epi-

186 4838 333 4899 stola
377 4838 628 4920 duplex
682 4837 1114 4900 testimonium
1157 4837 1236 4900 de
1284 4836 1402 4900 hac
1431 4836 1642 4915 Cyrilli
1673 4835 1955 4898 oratione
1981 4881 1996 4908 ,
2025 4833 2108 4895 ita
2137 4838 2209 4894 ut
2244 4837 2472 4911 praeter
2499 4830 2727 4911 stylum
2757 4835 2818 4890 et
2845 4829 3208 4890 consuetam
3244 4828 3432 4901 atque

185 4942 531 5006 solemnem
586 4941 796 5021 Cyrilli
841 4941 1212 5017 doctrinam,
1257 4939 1592 5004 auctoritas
1641 4939 1828 5002 etiam
1876 4941 2153 5016 Augusta
2189 4936 2467 5011 accedat,
2517 4951 2660 5015 qua:
2709 4947 2960 4997 omnem
3027 4925 3434 4990 dubitationis

185 5047 551 5128 scrupulum
604 5044 840 5107 eximit.
901 5045 975 5106 Et
1001 5044 1257 5125 quidem
1287 5045 1426 5123 ipse
1464 5041 1726 5121 Cyrillus
1753 5039 1876 5103 hoc
1920 5057 1990 5101 se
2044 5045 2489 5118 argumentum
2527 5035 2756 5098 diserte
2804 5038 3099 5094 tractasse
3130 5034 3334 5090 narrat
3366 5025 3430 5092 in

186 5149 434 5228 epistola
465 5148 549 5212 ad
579 5148 913 5211 Maximum
941 5147 1106 5229 apud
1140 5146 1456 5210 Baluzium
1487 5146 1644 5209 Nov.
1675 5142 2071 5209 Coll.concil.
2103 5143 2226 5206 col.
2260 5141 2396 5216 915,
2428 5141 2526 5201 his
2545 5139 2748 5201 verbis
2774 5153 2785 5196 :
2813 5159 2840 5191 α
2874 5135 3151 5196 Primum
3185 5130 3426 5225 capituc

183 5245 301 5315 lum
341 5259 437 5313 est
470 5251 651 5330 quod
687 5256 897 5314 sancta
923 5251 1112 5329 Virgo
1141 5251 1217 5312 sit
1245 5249 1356 5312 Dei
1394 5249 1695 5312 Genitrix.
1732 5272 1760 5305 »
1818 5248 1949 5309 Nisi
1986 5247 2146 5309 forte
2176 5263 2252 5308 eo
2283 5245 2428 5307 loco
2471 5242 2549 5304 de
2589 5241 2795 5321 primo
2833 5255 2947 5300 suo
2977 5238 3044 5299 in
3077 5232 3428 5297 Nestorium

183 5365 466 5414 sermone
509 5352 774 5428 cogitat:
822 5353 1055 5418 etenim
1090 5353 1154 5414 id
1207 5351 1434 5430 dogma
1492 5357 1733 5431 postea,
1785 5357 1973 5430 prout
2023 5349 2289 5412 nuncin
2329 5347 2584 5407 invento
2643 5350 2859 5405 nostro
2922 5340 3174 5418 legitur,
3229 5331 3428 5397 multo

183 5454 429 5518 uberius
473 5456 803 5536 eXplicuit.
851 5457 1253 5520 Luculentam
1308 5456 1470 5517 hanc
1513 5455 1722 5535 Cyrilli
1765 5455 2113 5517 orationem
2168 5449 2618 5515 commendare
2665 5448 2872 5510 verbis
2902 5446 3205 5514 omittam,
3239 5435 3426 5501 nullis

182 5554 336 5618 enim
366 5535 670 5620 laudibus
701 5562 836 5635 eget
862 5574 876 5631 ;
909 5556 972 5618 in
1010 5557 1186 5635 cujus
1207 5555 1389 5617 etiam
1411 5554 1685 5617 clausula
1715 5553 2052 5614 vehemens
2080 5551 2157 5613 ad
2193 5547 2629 5611 orthodoxiam
2664 5545 3051 5608 retinendam
3076 5535 3427 5601 adhortatio

182 5653 257 5715 ﬁt.
287 5657 453 5719 Illud
512 5675 770 5738 nequeo
804 5659 1089 5731 reticere,
1125 5659 1293 5738 quod
1326 5668 1418 5720 est
1456 5658 1682 5736 Cyrillo
1711 5663 1922 5718 nostro
1953 5655 2129 5718 valde
2161 5653 2604 5726 honoriﬁcum,
2639 5649 2948 5729 simulque
2998 5659 3229 5707 novum
3280 5637 3425 5700 huic

192 5759 415 5838 scripto
451 5758 826 5838 suffragium
870 5759 1100 5838 adjicit.
1156 5758 1396 5820 Etenim
1462 5759 1586 5821 duo
1629 5741 2012 5837 pcrillustres
2057 5759 2286 5828 Patres,
2318 5754 2426 5831 qui
2479 5753 2819 5831 Eutychen]
2864 5742 3424 5827 reprehenderunt.
