3998 6304
193 319 260 373 9-7
1242 347 1244 350 ν
1567 331 2102 392 ΡΒΛΕΓΑΤΙΟΝΕΒ.
3391 343 3465 404 98

188 444 331 500 leua
356 437 466 520 (α).
493 441 550 502 7.
579 445 848 508 Homilia
876 448 963 506 De
980 447 1288 526 parabola
1319 450 1522 510 decem
1554 452 1872 530 virginum
1895 452 2262 518 inscribitur
2291 457 2520 535 Cyrillo
2549 457 2617 519 in
2647 457 2865 521 codice
2893 462 3150 540 Syriaco
3185 462 3320 526 Vat.
3345 462 3415 525 97
3443 476 3478 540 ;'

190 549 622 606 verumtamen
638 564 708 607 ea
723 546 952 624 legitur
964 551 1179 610 Graece
1203 550 1319 612 sub
1344 549 1770 629 Chrysostomi
1794 554 2051 616 nomine
2075 555 2140 617 in
2160 557 2379 619 Graeco
2394 559 2612 621 codice
2631 560 2765 621 Vat.
2779 608 2793 634 ,
2822 568 3149 642 exstatque
3174 565 3241 626 in
3254 567 3479 627 Mont~

191 644 464 708 fauconii
493 649 772 712 editione
803 653 968 713 inter
996 653 1240 732 spurias
1267 659 1312 714 t.
1345 655 1502 729 Vlli,
1541 673 1602 734 ρ.
1637 655 1712 715 45
1742 674 1949 737 seqq.,
1982 659 2099 720 etsi
2156 659 2353 724 multa
2398 679 2542 724 cum
2596 663 2914 726 varietate.
2971 662 3029 724 8.
3070 666 3342 728 Homilia
3389 665 3464 727 de

190 749 505 812 audienda
523 751 795 832 liturgia
832 756 1061 835 Cyrillo
1091 757 1243 818 item
1276 757 1638 820 inscribitur
1669 759 1731 821 in
1777 760 1900 823 alio
1949 763 2206 841 Syriaco
2250 764 2471 828 codice
2522 768 2653 828 Vat.
2703 765 2842 841 200,
2894 766 3002 827 sed
3047 773 3256 826 tamen
3303 767 3464 828 hanc

190 851 421 915 habere
453 855 750 934 Cyrillum
781 867 1100 922 auctorem
1135 858 1418 921 nondum
1441 860 1596 921 mihi
1633 863 1938 940 persuasi.
1974 862 2008 923 9
2039 872 2100 925 et
2132 865 2226 927 10.
2261 867 2562 930 Homilias
2591 870 2745 930 duas
2773 866 3001 946 Cyrillo
3026 867 3358 946 inscriptas
3388 867 3463 926 de

190 961 546 1021 ascensione
575 964 852 1037 Domini,
885 970 946 1026 et
976 966 1048 1026 de
1081 965 1284 1026 tribus
1298 966 1518 1044 pueris
1550 966 1952 1044 Babylonicis
1983 979 2166 1049 atque
2193 971 2474 1045 Daniele,
2505 972 2632 1034 dixi
2669 972 2818 1034 olim
2849 988 2949 1032 me
2979 969 3193 1031 Graece
3225 979 3286 1031 et
3315 987 3479 1055 par-1

187 1059 297 1119 tim
326 1061 515 1123 etiam
577 1062 833 1144 COptice
860 1067 926 1127 in
969 1066 1296 1129 codicibus
1339 1067 1746 1140 observasse;
1802 1084 2012 1146 neque
2067 1077 2279 1132 tamen
2333 1070 2434 1132 his
2484 1071 2668 1133 ﬁdem
2727 1071 2998 1151 adjicere
3051 1087 3240 1132 ausus
3297 1084 3458 1132 sum.

187 1157 410 1219 Postea
432 1166 640 1223 tamen
665 1162 785 1224 alia
817 1180 1076 1243 quoque
1113 1163 1191 1225 de
1213 1164 1437 1225 iisdem
1465 1165 1822 1226 testimonia
1861 1183 2001 1226 sum
2031 1173 2289 1229 nactus:
2322 1170 2534 1249 itaque
2567 1170 2702 1231 ﬁeri
2730 1175 2960 1250 potest,
2991 1175 3060 1230 ut
3085 1169 3306 1231 harum
3328 1169 3462 1231 for-

189 1261 347 1315 tasse
385 1255 509 1318 alio
546 1263 830 1338 tempore
872 1259 1178 1322 rationem
1210 1260 1500 1322 habeam.
1547 1260 1640 1322 11.
1673 1262 1944 1325 Homilia
1978 1265 2050 1325 de
2079 1265 2380 1343 paschate
2430 1268 2718 1348 quaedam
2763 1268 3057 1330 tribuitur
3107 1267 3334 1348 Cyrillo
3395 1269 3462 1332 in

191 1369 314 1414 uno
344 1355 564 1417 Graeco
594 1356 836 1431 codice,
868 1358 932 1419 in
969 1357 1092 1420 alio
1123 1365 1332 1421 autem
1359 1357 1826 1438 Chrysostomo.
1858 1359 1949 1422 12.
1980 1363 2191 1442 Cyrilli
2220 1364 2478 1428 homilia
2503 1367 2575 1428 de
2597 1368 2673 1428 B.
2704 1368 2931 1429 Marica
2981 1369 3050 1430 ν.
3085 1369 3462 1433 dormitione

182 1455 248 1515 in
278 1455 503 1518 codice
534 1458 667 1518 Vat.
701 1460 889 1522 Arab.
927 1458 1063 1532 170,
1093 1461 1330 1540 Script.
1361 1469 1482 1521 vet.
1516 1466 1561 1520 t.
1592 1460 1691 1533 IV,
1733 1478 1799 1539 p.
1840 1460 1975 1522 311.
2014 1463 2106 1523 13.
2138 1465 2430 1544 Ejusdem
2460 1467 2668 1545 Cyrilli
2695 1467 2965 1530 Homilia
2985 1468 3058 1529 de
3099 1470 3463 1548 paenitentia

183 1564 278 1621 est
301 1558 368 1619 in
399 1561 542 1622 cod.
571 1561 704 1622 Vat.
736 1561 994 1641 Coptico
1023 1559 1119 1636 59,
1152 1562 1389 1640 Seript.
1419 1569 1535 1621 vet.
1568 1567 1613 1622 t.
1644 1562 1718 1636 V,
1748 1571 1909 1641 part.
1940 1581 2010 1638 ιι,
2043 1582 2108 1644 p.
2149 1565 2281 1626 154.
2319 1565 2412 1626 14.
2445 1568 2885 1645 Fragmentum
2913 1568 3204 1630 Homilite
3223 1570 3295 1630 de
3316 1589 3459 1631 con-

185 1662 595 1722 summatione
625 1662 858 1723 swculi.
899 1661 1049 1723 Vide
1077 1663 1157 1724 ad
1185 1661 1398 1723 Matth.
1431 1679 1614 1735 xxxv,
1673 1660 1772 1721 29.
1822 1663 1918 1726 15.
1953 1663 2270 1728 Adversus
2300 1666 2664 1743 Eunuchos,
2721 1686 2799 1730 ex
2843 1668 3154 1731 Chronico
3209 1671 3462 1749 Georgii

186 1761 532 1825 Hamartoli
562 1769 619 1826 et
646 1763 907 1825 Joannis
939 1761 1152 1825 Siculi.
1182 1763 1476 1842 Denique
1497 1761 1857 1842 paschalem
1887 1765 2132 1825 tertiam
2154 1764 2499 1840 homiliam,
2540 1784 2654 1828 seu
2695 1769 3051 1847 epistolam,
3107 1786 3295 1848 quam
3344 1771 3458 1832 de-

186 1861 498 1939 perditam
537 1864 795 1943 quidam
826 1872 1070 1944 putant,
1101 1863 1291 1925 nullis
1316 1881 1434 1941 ego
1463 1864 1530 1925 in
1561 1864 1889 1926 codicibus
1932 1866 2177 1946 reperi;
2211 1884 2420 1946 neque
2465 1868 2593 1930 ulla
2645 1867 2911 1932 fortasse
2973 1870 3110 1931 fuit.
3169 1870 3460 1932 Feliciter

188 1978 392 2030 tamen
435 1963 595 2025 mihi
625 1965 868 2042 obtigit,
904 1971 969 2025 ut
1000 1963 1312 2043 paschalis
1337 1964 1598 2025 decimae
1629 1965 1912 2044 septimm
1936 1966 2239 2028 ineditam
2268 1974 2456 2046 atque
2497 1967 2844 2046 elegantem
2902 1971 3298 2032 nanciscerer
3343 1974 3457 2030 Ar-

191 2064 362 2126 nobii
387 2066 681 2128 Latinam
705 2066 1313 2145 interpretationem,
1345 2080 1533 2144 quam
1570 2064 1636 2124 in
1675 2067 1897 2144 quinto
1927 2065 2257 2146 Spicilegii
2284 2069 2460 2127 Rom.
2492 2067 2810 2131 volumine
2840 2070 3166 2132 collocavi.
3206 2072 3293 2130 De
3323 2069 3461 2131 aliis

186 2180 328 2226 vero
363 2166 656 2228 nondum
686 2168 834 2228 satis
865 2167 1019 2228 mihi
1048 2166 1382 2248 perpensis
1412 2171 1518 2227 aut
1549 2165 1909 2244 exploratis,
1935 2183 2092 2244 quas
2129 2167 2196 2227 in
2229 2168 2554 2229 codicibus
2605 2170 2868 2248 scriptas
2935 2178 3042 2231 aut
3085 2177 3460 2230 memoratas

185 2262 495 2328 interdum
529 2267 677 2340 vidi,
705 2266 915 2345 Cyrilli
941 2267 1241 2340 homiliis,
1274 2265 1486 2327 dicere
1524 2263 1938 2343 supersedeo.
1973 2264 2255 2343 Denique
2287 2271 2619 2327 tractatum
2641 2268 2728 2326 De
2747 2267 3068 2345 pasehate,
3104 2268 3209 2346 qui
3240 2269 3304 2328 in
3333 2266 3462 2328 edi-

184 2367 463 2429 tionibus
504 2368 799 2430 tribuitur
818 2369 1045 2430 Joanni
1084 2367 1460 2447 Philopono,
1503 2366 1626 2427 vidi
1655 2366 2029 2445 inscriptum
2058 2365 2286 2445 Cyrillo
2323 2367 2388 2426 in
2419 2385 2548 2429 uno
2588 2369 2727 2430 cod.
2772 2370 2934 2444 Vat.,
2977 2370 3043 2431 in
3086 2371 3209 2431 alio
3251 2376 3458 2431 tamen

184 2466 325 2528 eod.
351 2467 659 2548 prmdieto
683 2467 1065 2548 Philopono.
1992 2478 1993 2481 ‘

254 2569 358 2628 IV.
397 2570 893 2631 Commenta-rius
925 2571 992 2630 in
1020 2571 1352 2630 Lucam.——-
1373 2569 1494 2630 Sed
1533 2583 1681 2631 ecce
1714 2566 1882 2628 aliud
1909 2567 1974 2628 in
2004 2567 2324 2630 volumine
2355 2573 2573 2630 nostro
2601 2569 3006 2632 continuatur
3030 2569 3219 2647 longe
3250 2569 3452 2650 majo-

184 2666 263 2727 ris
294 2665 485 2727 molis
515 2666 725 2746 Cyrilli
751 2669 1080 2746 scriptum,
1113 2666 1284 2747 quod
1323 2667 1584 2746 paginas
1621 2664 1740 2725 332
1773 2671 2064 2746 occupat,
2099 2668 2588 2729 commentarius
2623 2685 2853 2749 nempe
2889 2668 2965 2730 ad
3019 2671 3202 2730 Lueaa
3253 2670 3456 2732 Evan-

183 2767 438 2844 gelium,
471 2784 661 2846 quem
684 2783 806 2830 nos
839 2768 1009 2845 gravi
1059 2784 1210 2829 sane
1242 2765 1456 2828 labore
1484 2765 1940 2846 impendioque
1961 2766 2266 2846 temporis
2295 2783 2372 2827 ex
2401 2767 2738 2830 duodecim
2767 2769 3075 2831 Vaticanis
3096 2777 3458 2831 catenarum

181 2872 512 2933 codicibus
539 2869 1022 2950 compilavimus
1059 2887 1072 2930 :
1113 2869 1199 2930 ita
1231 2873 1299 2930 ut
1327 2884 1484 2947 quas
1517 2866 2048 2948 Cyrillireliquias
2079 2884 2157 2929 ex
2179 2875 2450 2948 quatuor
2473 2870 2574 2931 vix
2623 2871 2947 2933 codicibus
2987 2878 3131 2933 ante
3179 2870 3296 2932 hos
3342 2889 3458 2934 an-

182 2992 302 3037 nos
324 2972 636 3035 delibatas
668 2973 891 3033 Graece
923 2970 1258 3045 edidimus,
1290 2988 1462 3033 nunc
1499 2972 1842 3051 plurimum
1889 2979 2101 3034 auctas
2136 2977 2195 3032 et
2224 2971 2586 3034 emendatas
2635 2989 2712 3035 ex
2746 2980 2838 3035 tot
2871 2973 3218 3047 codicibus,
3250 2972 3459 3038 addita

184 3074 365 3134 etiam
395 3072 802 3134 translatione
831 3078 1040 3135 nostra
1069 3071 1474 3153 scholiisque,
1513 3074 1666 3153 justi
1695 3073 1905 3154 operis
1931 3073 2126 3134 instar
2161 3081 2705 3154 repraesentemus.
2758 3074 2914 3135 Sunt
2938 3081 3145 3135 autem
3205 3073 3460 3133 codices

182 3175 264 3246 hi,
297 3193 464 3255 quos
495 3176 561 3236 in
591 3175 736 3240 libri
776 3175 1165 3254 marginibus
1199 3174 1417 3237 litteris
1445 3181 1514 3236 A.
1548 3177 1618 3236 B.
1659 3177 1722 3235 C.
1756 3177 1824 3236 D.
1875 3177 1943 3238 Ε.
1980 3177 2044 3235 F.
2079 3177 2150 3236 G.
2193 3176 2271 3236 H.
2303 3179 2352 3238 Ι.
2381 3179 2455 3237 Κ.
2503 3179 2568 3236 L.
2611 3177 2691 3235 M.
2716 3181 3026 3255 perpetuo
3064 3174 3436 3235 denotamus

180 3279 225 3338 Ι.
254 3278 469 3340 Codex
499 3283 579 3342 Α.
616 3278 751 3340 Vat.
783 3277 1250 3353 membraneus,
1286 3277 1621 3351 maximus,
1648 3277 1715 3339 in
1747 3276 1884 3350 fol.,
1910 3277 2126 3340 saeculi
2159 3277 2292 3339 fere
2320 3277 2490 3338 tertii
2534 3275 2788 3348 decimi,
2821 3276 3053 3336 Nicetae
3081 3280 3364 3335 catenam
3393 3273 3460 3335 in

180 3381 406 3440 Lucam
439 3380 778 3442 continens
801 3397 946 3443 cum
978 3370 1209 3459 Cyrillo
1248 3379 1547 3459 plurimo.
1589 3381 1665 3441 II.
1701 3379 1912 3441 Codex
1938 3381 2010 3440 B.
2035 3379 2228 3440 Palat.
2250 3380 2413 3450 Vat.,
2443 3377 2888 3454 bombycinus,
2912 3375 2980 3435 in
3008 3375 3146 3449 fol.,
3176 3375 3460 3454 ejusdem

179 3481 306 3544 fere
339 3499 415 3545 ac
444 3485 514 3543 B.
548 3483 769 3558 aetatis,
803 3483 1112 3546 diversam
1139 3492 1350 3546 tamen
1377 3489 1662 3544 catenam
1704 3483 2062 3544 continens.
2092 3480 2295 3558 Hujus
2333 3477 2591 3550 codicis,
2627 3477 2742 3538 sub
2766 3475 2945 3537 initio
2965 3476 3267 3554 corrupti,
3299 3491 3458 3555 apo-

181 3583 485 3664 graphum
518 3586 782 3665 insuper
811 3592 1069 3647 recente
1096 3603 1291 3648 manu
1319 3583 1681 3646 coniectum
1709 3583 2124 3662 inspeximus.
2148 3583 2253 3641 III.
2277 3580 2488 3641 Codex
2517 3581 2580 3640 C.
2605 3580 2770 3673 Vat.,
2805 3578 3192 3652 chartaceus,
3223 3579 3289 3638 in
3316 3575 3457 3653 fol.,

180 3690 281 3751 ubi
311 3690 463 3751 item
495 3690 698 3769 spissa
723 3689 790 3750 in
812 3691 1043 3751 Lucam
1074 3689 1329 3749 Patrum
1365 3693 1608 3748 eatena.
1636 3687 1740 3746 IV.
1772 3685 1983 3747 Codex
2011 3686 2080 3745 D.
2102 3686 2239 3745 Vat.
2272 3685 2740 3758 membraneus,
2779 3683 2846 3743 in
2874 3680 3012 3757 fol.,
3064 3681 3278 3744 saeculi
3325 3682 3456 3745 fer-

180 3808 274 3852 me
303 3789 692 3863 duodecimi,
724 3789 874 3852 item
907 3795 1152 3852 catena.
1193 3789 1266 3848 V.
1301 3787 1513 3849 Codex
1542 3787 1611 3847 E.
1639 3786 1802 3861 Vat.,
1835 3786 2229 3860 chartaceus,
2268 3785 2336 3847 in
2368 3785 2505 3858 fo|.,
2531 3785 2868 3848 continens
2897 3783 3148 3846 Macarii
3177 3783 3455 3866 Chryso-

182 3895 425 3975 cepbali
454 3913 587 3958 non
608 3902 734 3958 tam
767 3911 1093 3956 sermones
1120 3909 1307 3972 quam
1339 3894 1615 3967 Patrum,
1650 3892 1854 3955 citatis
1892 3898 2179 3954 accurate
2207 3879 2594 3967 nominibus,
2627 3900 2913 3954 catenam
2964 3891 3030 3952 in
3076 3893 3329 3955 Lucam.
3387 3891 3459 3955 Id

179 3998 424 4059 Macarii
461 4009 627 4077 opus
655 3996 885 4058 dicitur
914 3994 1102 4055 etiam
1134 3991 1575 4071 Alphabetum,
1617 3994 1766 4074 quia
1796 3993 2054 4055 totidem
2084 4001 2228 4055 sunt
2268 4011 2594 4055 sermones
2631 4001 2785 4073 quot
2837 3992 3155 4073 alphabeti
3195 3994 3455 4058 litterae:

179 4101 521 4182 creteroqui
577 4101 644 4164 in
674 4102 808 4162 Vat.
843 4098 1063 4162 codice
1092 4115 1222 4159 non
1252 4097 1370 4158 nisi
1403 4098 1720 4159 sexdecim
1749 4103 2014 4172 exstant,
2046 4097 2110 4158 id
2139 4104 2233 4159 est
2260 4115 2461 4177 usque
2489 4098 2566 4159 ad
2593 4097 2861 4160 litteram
2893 4124 2952 4159 π.
3001 4099 3102 4158 VI.
3137 4100 3346 4162 Codex
3387 4103 3453 4161 F.

177 4207 307 4268 Vat.
336 4207 523 4281 alius,
556 4206 945 4278 chartaceus,
977 4203 1044 4264 in
1077 4201 1136 4276 4,
1169 4201 1275 4281 qui
1305 4219 1434 4264 non
1469 4203 1589 4263 nisi
1619 4202 2003 4263 mediocrem
2035 4207 2276 4280 partem
2313 4202 2597 4281 praedicti
2631 4202 3118 4282 Chrysocephali
3149 4205 3450 4265 continet.

178 4309 301 4370 VII.
344 4306 558 4368 Codex
594 4307 668 4365 G.
703 4305 961 4382 Reginae
998 4304 1239 4376 Suecaa,
1280 4302 1639 4376 Vaticanus,
1679 4302 1894 4365 szeculi
1923 4302 2171 4363 circiter
2199 4301 2583 4374 duodecimi,
2617 4320 2760 4363 cum
2791 4309 3031 4363 eatena.
3064 4303 3220 4362 VIII.
3246 4304 3454 4366 Codex

177 4412 250 4470 H.
283 4411 424 4470 Vat.
467 4405 860 4487 praenobilis,
894 4401 1110 4465 saeculi
1137 4401 1337 4463 ferme
1375 4402 1718 4477 undecimi,
1752 4402 1863 4482 qui
1892 4408 2100 4464 tamen
2129 4400 2197 4461 in
2229 4401 2450 4479 grandi
2486 4400 2678 4476 mole,
2714 4401 2966 4463 nonnisi
3006 4408 3246 4481 partem
3276 4403 3455 4465 Nice-

177 4511 360 4572 tianae
401 4515 643 4571 catenae
674 4505 1138 4585 complectitur.
1170 4505 1276 4564 IX.
1310 4503 1520 4564 Codex
1546 4506 1575 4564 Ι
1604 4504 2062 4566 Ottobonianus
2092 4505 2257 4581 Vat.,
2281 4505 2724 4567 membraneus
2753 4504 3022 4585 priscus,
3051 4523 3192 4566 cum
3222 4507 3454 4587 insigni

176 4615 248 4672 ad
281 4608 626 4692 prephetas
653 4623 875 4669 omnes
908 4607 1164 4682 catena,|
1202 4605 1444 4668 habens
1481 4605 1666 4667 etiam
1704 4622 1938 4686 paucos
1971 4606 2182 4685 Cyrilli
2228 4607 2428 4682 locos,
2452 4607 2560 4685 qui
2591 4605 2820 4668 diserte
2859 4606 3150 4669 dicuntur
3197 4624 3272 4669 ex
3321 4611 3456 4689 ejus

88 4709 104 4728 “
175 4715 238 4778 in
279 4717 513 4777 Lucam
552 4710 1010 4775 commentario
1042 4710 1324 4773 detracti.
1359 4711 1434 4784 X,
1464 4710 1570 4770 XI.
1595 4711 1727 4784 XII,
1760 4709 1944 4772 nobis
1975 4713 2048 4772 K.
2082 4714 2150 4772 L.
2177 4714 2282 4784 M.,
2318 4712 2572 4788 exiguas
2606 4711 2943 4774 admodum
2980 4712 3189 4791 Cyrilli
3217 4712 3281 4772 in
3328 4715 3452 4773 Lu-

175 4836 314 4880 cam
345 4815 645 4896 reliquias
679 4814 861 4875 nobis
893 4813 1396 4894 suppeditarunt.
1433 4814 1596 4875 Duas
1626 4801 1882 4893 quoque
1914 4813 2158 4875 Latinas
2185 4813 2262 4874 ad
2291 4816 2472 4875 Lucae
2503 4813 2907 4892 Evangelium
2955 4820 3204 4874 catenas
3234 4812 3452 4890 inspe-

175 4929 412 4999 ximus,
459 4941 650 4984 unam
681 4921 805 4982 divi
832 4919 1090 4981 Thomte
1121 4917 1871 5000 Aquinatis,Balthasaris
1903 4918 2179 4981 Corderii
2211 4918 2470 4981 alteram
2515 4937 2527 4978 :
2569 4935 2710 4999 quae
2759 4912 2961 4977 sicubi
3028 4911 3168 4991 plus
3216 4909 3453 4990 aliquid

175 5027 587 5107 Cyrillianum
623 5023 1002 5098 habuerunt,
1035 5022 1156 5086 hoc
1185 5023 1400 5085 Latine
1430 5039 1548 5084 nos
1578 5021 1867 5083 dedimus
1897 5023 1960 5082 in
1992 5021 2525 5097 adnotationibus,
2557 5030 2627 5084 ut
2655 5019 2863 5099 Cyrilli
2883 5022 3109 5091 textus,
3155 5016 3272 5079 hac
3327 5017 3450 5079 sal-

175 5138 307 5191 tem
333 5129 570 5206 lingua,
601 5131 930 5204 utcunque
974 5124 1355 5204 expleretur.
1387 5123 1508 5185 Sed
1539 5122 1700 5198 haec,
1733 5123 2018 5202 inquam,
2059 5123 2216 5186 levia
2267 5125 2508 5206 oppido
2559 5123 2950 5184 incrementa
2996 5125 3162 5181 sunt.
3215 5120 3450 5181 Corde-

174 5232 338 5293 rium
365 5236 578 5294 autem
614 5227 1110 5306 fragmentorum
1139 5244 1399 5290 suorum
1424 5225 1786 5308 imperitum
1816 5225 1985 5289 haud
2018 5244 2160 5290 raro
2190 5227 2598 5307 interpretem
2629 5222 2844 5285 multis
2886 5222 3043 5286 locis
3080 5240 3246 5303 pene
3273 5220 3466 5303 inviti

173 5337 638 5414 redarguimus.

247 5434 432 5496 Idem
476 5436 961 5497 commentarius
1018 5435 1275 5513 Syriaco
1307 5435 2079 5497 incentus.—Graacorum
2107 5432 2467 5498 Patrumad
2493 5435 2724 5495 Lucam
2767 5440 3054 5496 catenam
3098 5447 3324 5511 nuper,
3387 5427 3454 5492 id

243 5629 324 5703 (α)
352 5629 435 5703 Cf.
479 5629 618 5703 L_uc.
656 5643 738 5703 ιιι,
770 5626 826 5703 _4‘,
849 5625 1075 5680 homilia
1103 5625 1166 5703 de
1190 5623 1245 5678 S.
1263 5622 1470 5677 Joanne
1486 5622 1730 5703 Baptista
1745 5641 1764 5688 ;
1875 5623 2137 5703 lentarum
2170 5624 2566 5691 distributione;
2589 5650 2657 5664 --
2674 5639 2823 5691 xxm,
2855 5623 2944 5690 55,
2981 5623 3057 5678 De
3075 5622 3320 5695 passione
3345 5619 3460 5700 De:

261 5693 333 5768 vi,
373 5701 456 5762 13,
504 5701 580 5755 De
629 5698 880 5751 electione
911 5698 1499 5768 apostolorum;—xtl,
1551 5693 1634 5768 l_9,
1687 5693 1766 5746 De
1875 5697 2025 5752 mini.

176 5762 330 5830 divite
357 5776 553 5829 horrea
585 5769 823 5825 dilatare
851 5762 1107 5834 roqimntc
1127 5784 1144 5832 ;
1167 5797 1233 5805 ——
1260 5780 1371 5832 xu,
1416 5764 1503 5832 15,
1549 5762 1634 5834 De
1680 5771 1763 5818 ta-
