3998 6304
1860 325 2064 380 CAN).

2199 328 2271 379 .U.
2327 328 2444 378 MAI
3677 337 3778 384 1υυ

436 465 440 468 ·
521 456 618 510 est
647 465 814 510 anno
851 445 1024 522 1841,
1066 446 1313 522 Oxonii,
1349 445 1518 509 curis
1545 447 1661 508 viri
1701 446 1780 508 ci.
1822 445 2097 507 Crameri
2121 461 2200 505 ex
2234 441 2558 504 Gallicano
2589 443 2809 506 codice
2844 445 3099 521 editam,
3131 465 3272 510 sero
3319 448 3560 528 accepi,
3597 456 3776 530 post-

524 568 713 628 quam
750 569 868 629 ego
891 567 1054 629 opus
1085 549 1298 630 Cyrilli
1350 566 1560 610 meum
1595 549 2070 628 proﬂigaveram
2097 564 2110 605 :
2142 544 2424 624 alioquin
2459 547 2593 624 ejus
2621 544 2862 625 aliquot
2896 546 3052 609 locis
3081 551 3449 628 tempestive
3479 567 3630 611 usus
3675 566 3776 610 es-

523 667 680 722 sem,
716 651 768 711 si
797 648 949 710 nihil
971 648 1166 722 aliud,
1190 654 1360 709 certe
1387 648 1466 709 ad
1494 647 1916 710 collationem.
1941 648 2074 706 Jam
2104 661 2253 707 vero
2275 644 2388 706 hac
2419 645 2724 723 inspecta,
2751 646 2814 707 in
2845 648 3054 726 Cyrilli
3083 666 3238 729 quas
3265 649 3454 712 refert
3475 651 3778 730 partibus,

516 752 730 816 statim
766 749 995 828 agnovi
1024 748 1276 810 nonnisi
1305 753 1562 809 tenuem
1592 747 1736 809 libri
1758 746 1881 807 mei
1908 751 2151 825 partem
2181 746 2308 807 illic
2330 744 2665 818 contineri,
2697 763 2839 806 cum
2872 745 2978 807 illa
3006 763 3083 807 ex
3113 747 3304 811 unico
3351 766 3470 812 nec
3520 753 3783 832 cepioso

522 851 767 923 codice,
808 866 986 910 meus
1013 855 1221 910 autem
1253 848 1412 910 liber
1441 865 1517 908 ex
1547 848 1877 909 duodecim
1916 865 2034 908 ms.
2069 849 2328 922 catenis,
2361 864 2626 926 quarum
2678 847 2918 928 aliquot
2959 849 3435 930 copiosissima),
3494 854 3778 933 prodeat.

521 954 769 1015 Etenim
799 952 910 1014 ubi
937 951 1385 1031 quaterniones
1407 951 1598 1012 nostri
1632 950 1805 1029 pleni
1837 951 2199 1022 decurrunt,
2222 950 2310 1010 ibi
2346 950 2660 1012 interdum
2689 950 2783 1011 vel
2815 951 2968 1012 nihil
3017 953 3218 1015 codex
3261 953 3615 1018 Gallicanus
3665 957 3780 1019 ha-

519 1050 680 1123 buit,
713 1055 861 1130 puta
889 1048 956 1110 in
993 1065 1177 1127 capp.
1229 1049 1280 1116 Ι,
1311 1049 1468 1119 XVI,
1493 1049 1717 1108 XXIV:
1748 1047 1843 1108 vel
1876 1047 2118 1125 singula
2146 1047 2248 1107 vix
2273 1045 2641 1125 fragmenta,
2671 1053 2822 1129 puta
2850 1049 2916 1110 in
2945 1067 3084 1130 cap.
3113 1052 3200 1112 ΠΙ
3223 1058 3284 1114 et
3308 1054 3436 1113 XV.
3494 1056 3629 1117 Huc
3673 1073 3782 1118 ac-

514 1151 690 1215 cedit
716 1150 886 1230 quod
915 1149 981 1210 in
1018 1149 1178 1210 libro
1209 1148 1378 1210 edito
1412 1147 1676 1226 Cyrillus
1706 1148 1948 1209 caeteris
1987 1147 2272 1210 Patribus
2308 1147 2722 1223 interseritur,
2777 1149 3078 1230 null-aque
3121 1151 3638 1232 interpretatione
3669 1158 3783 1219 La-

518 1253 652 1314 tina
681 1250 1010 1314 scholiisv-e
1042 1249 1406 1310 illustratur.
1437 1250 1584 1321 Quae
1613 1248 1764 1310 dum
1795 1246 2197 1310 historialiter
2225 1265 2432 1322 narro,
2458 1247 2625 1311 haud
2654 1247 2866 1312 hercle
2897 1251 3241 1332 quidquam
3271 1255 3592 1332 praestanti
3621 1256 3784 1318 Oxo-

516 1354 728 1416 niensi
757 1353 918 1414 libro
949 1351 1280 1414 detrahere
1313 1351 1478 1424 vol-0,
1513 1351 1614 1413 cui
1645 1351 1850 1413 omnis
1878 1369 1913 1412 a
1939 1367 2042 1411 me
2071 1351 2338 1413 debetur
2368 1350 2577 1412 honor
2599 1367 2671 1412 ac
2705 1366 2896 1429 porro
2928 1351 3230 1426 defertur,
3265 1359 3526 1432 propter
3555 1357 3646 1416 rei
3678 1373 3782 1417 sa-

515 1470 644 1516 (ξι-ω
675 1453 1028 1527 utilitatem,
1057 1458 1355 1531 typorum
1383 1451 1817 1530 splendorem,
1846 1450 2107 1512 editoris
2140 1458 2459 1514 strenuam
2489 1451 2883 1515 sedulitatem
2910 1459 3102 1532 atque
3131 1455 3444 1534 peritiam.
3478 1455 3602 1518 Sed
3631 1472 3784 1517 ecce

512 1555 684 1618 aliud
720 1572 819 1616 me
851 1553 1255 1615 vehementer
1283 1555 1642 1628 commovit,
1670 1553 2023 1632 gaudioque
2050 1553 2281 1629 affecit,
2311 1553 2482 1633 quod
2532 1554 2610 1616 ab
2655 1554 3163 1635 ephemeridibus
3213 1557 3482 1636 publicis
3532 1558 3786 1620 nuntia.

517 1664 654 1719 tum
692 1656 828 1730 fuit,
863 1655 1072 1735 Cyrilli
1104 1657 1383 1734 integros
1410 1656 1486 1718 ad
1516 1659 1744 1720 Lucam
1773 1658 2281 1733 commentarios,
2302 1658 2370 1719 in
2406 1658 2722 1737 Syriacam
2768 1657 3043 1734 linguam
3084 1675 3442 1734 conversos,
3476 1677 3680 1740 nuper
3704 1678 3782 1723 ex

522 1755 786 1834 lEgypto
810 1755 875 1816 in
904 1753 1187 1832 Angliam
1217 1770 1354 1815 esse
1384 1753 1694 1834 perlatos;
1753 1754 1924 1833 quod
1952 1772 2101 1817 sane
2139 1756 2459 1837 exemplar
2487 1757 2540 1818 si
2585 1755 2758 1818 nulla
2801 1755 3021 1818 laasum
3058 1755 3281 1820 lacuna
3313 1758 3413 1834 sit,
3454 1761 3784 1840 periteque

515 1861 602 1923 ab
632 1860 980 1940 interprete
1008 1861 1166 1939 Syro
1195 1860 1607 1933 elaboratum,
1638 1858 1851 1936 Cyrilli
1873 1857 2127 1921 demum
2157 1864 2360 1922 totum
2391 1861 2884 1941 ordinatumque
2921 1877 2992 1922 ac
3017 1879 3244 1941 purum
3276 1877 3457 1942 Opus,
3489 1862 3555 1924 in
3577 1863 3784 1929 alieno

485 1965 745 2027 saltem
774 1963 1072 2025 idioma'te
1107 1961 1602 2041 repraesentabit.
1635 1959 1792 2023 Nam
1821 1967 2178 2025 catenarum
2208 1963 2614 2026 incommoda
2644 1982 2787 2044 quae
2815 1964 2963 2040 sint,
2998 1981 3186 2028 nemo
3214 1967 3492 2030 eruditus
3536 1968 3788 2046 ignorat

527 2063 912 2148 (quanquam
945 2068 1005 2123 et
1032 2061 1137 2122 illa
1169 2060 1501 2140 peculiaris
1529 2059 1751 2121 harum
1778 2066 1840 2120 et
1858 2060 2177 2122 verissima
2205 2060 2340 2123 laus
2369 2069 2484 2137 est,
2513 2063 2686 2141 quod
2717 2062 3043 2126 meliorem
3064 2063 3368 2144 cujusque
3397 2065 3607 2145 Operis
3634 2086 3784 2131 suc-

515 2179 665 2223 cum
695 2160 972 2221 delibare
996 2157 1257 2236 solent).
1291 2156 1606 2235 Eclogarii
1641 2156 1880 2218 scilicet
1911 2161 2414 2234 partes‘operum
2449 2175 2566 2236 pro
2600 2157 2776 2221 libito
2806 2165 3321 2238 suoexcerpunt,
3355 2168 3418 2222 et
3452 2162 3561 2225 ubi
3611 2163 3789 2227 lubet

520 2261 862 2335 collocant,
894 2268 956 2323 et
986 2262 1374 2341 quandoque
1409 2261 1593 2323 etiam
1621 2257 2217 2337 interpolationibus
2247 2257 2502 2320 violant.
2543 2261 2693 2322 Cum
2722 2267 2934 2323 autem
2964 2261 3261 2324 volumen
3294 2268 3576 2326 nostrum
3614 2265 3785 2330 haud

521 2380 599 2424 ex
629 2379 781 2437 uno,
815 2361 924 2423 sed
945 2380 1030 2423 ex
1055 2361 1395 2424 duodecim
1425 2378 1571 2421 mss.
1607 2358 1929 2420 codicibus
1959 2359 2035 2418 sit
2065 2356 2586 2435 conglutinatum,
2617 2360 2715 2422 vix
2770 2360 2905 2422 fieri
2947 2366 3154 2440 potest
3193 2366 3261 2423 ut
3305 2367 3512 2441 partes
3558 2380 3790 2428 omnes

523 2460 739 2522 sedem
771 2457 1116 2537 propriam,
1147 2463 1289 2536 post
1324 2454 1780 2532 eclogariorum
1820 2452 2136 2514 licentiam
2181 2459 2246 2514 et
2295 2453 2777 2535 discrepantiam
2835 2458 3146 2532 codicum,
3193 2461 3537 2535 retineant;
3594 2481 3789 2543 quam

409 2615 416 2619 ,.
523 2577 660 2625 rem
683 2557 940 2620 nonnisi
967 2556 1284 2634 integrum
1316 2555 1527 2635 Operis
1556 2570 1787 2632 corpus
1826 2552 2167 2632 praestabit.
2200 2552 2264 2612 Si
2312 2553 2505 2632 igitur
2530 2557 2743 2618 Graeca
2764 2563 2975 2620 nostra
3003 2564 3146 2620 ante
3176 2559 3464 2638 Syriatici
3485 2559 3629 2622 libri
3657 2563 3794 2625 edi-

523 2662 767 2725 tionem
793 2657 859 2718 in
887 2654 1172 2733 Angliam
1197 2655 1506 2731 venerint,
1531 2654 1820 2730 multum,
1845 2651 2060 2729 credo,
2098 2653 2573 2735 interpretando
2615 2656 2842 2736 Cyrillo
2891 2658 3275 2737 proderunt;
3307 2662 3488 2724 sicuti
3514 2663 3789 2726 vicissim

522 2755 710 2820 nobis
736 2769 1122 2836 magnOpere
1151 2751 1372 2816 fuisset
1397 2754 1770 2817 commodus
1803 2751 2182 2830 Anglicanus
2219 2752 2379 2816 liber
2415 2754 2778 2818 ordinandis
2824 2756 3056 2820 Graecis
3107 2775 3180 2820 ac
3227 2760 3680 2840 perpoliendis,
3727 2763 3790 2825 si

527 2860 723 2943 (quod
757 2859 888 2921 ﬁeri
921 2875 1057 2920 non
1079 2857 1342 2938 poterat)
1376 2857 1454 2919 ad
1482 2873 1599 2918 nos
1625 2862 1868 2918 maturo
1905 2860 2192 2935 tempore
2229 2857 2638 2934 pervenisset.
2679 2859 2799 2920 Rei
2833 2858 3022 2940 hujus
3050 2861 3372 2940 persimile
3419 2864 3784 2944 exemplum

521 2967 621 3025 est
657 2960 911 3023 Eusebii
949 2959 1375 3038 Theophanis,
1407 2959 1474 3020 in
1503 2956 1760 3037 Syriaco
1791 2956 2025 3037 pariter
2064 2955 2283 3020 codice
2310 2957 2411 3020 his
2439 2959 2623 3021 annis
2651 2959 2926 3034 inventa,
2961 2962 3140 3041 cujus
3173 2963 3393 3026 Graaca
3426 2962 3789 3042 fragmenta

522 3078 562 3126 a
593 3078 693 3123 me
720 3067 903 3124 antea
938 3059 1205 3137 vulgata,
1235 3058 1316 3122 cl.
1346 3060 1508 3120 Leus
1536 3056 1850 3138 interpres
1881 3061 1944 3119 et
1981 3055 2185 3118 editor
2210 3072 2343 3119 non
2372 3055 2631 3134 habuit;
2663 3075 2782 3122 nos
2833 3066 3066 3135 autem,
3103 3061 3268 3125 libro
3324 3063 3459 3143 ejus
3496 3069 3788 3144 accepto.

519 3163 740 3224 Graeca
767 3167 976 3223 nostra
1007 3161 1286 3224 excussis
1325 3159 1537 3222 denuo
1566 3159 1706 3220 Vat.
1737 3157 2066 3220 codicibus
2090 3156 2354 3221 multum
2384 3159 2674 3224 auximus
2702 3167 2765 3224 et
2791 3163 3261 3239 recensuimus;
3311 3182 3435 3245 qua
3479 3182 3671 3244 super
3714 3182 3792 3228 re

521 3263 588 3323 in
621 3270 844 3342 quarto
868 3264 1268 3327 Bibliotheca
1294 3261 1482 3343 hujus
1509 3260 1827 3324 volumine
1853 3259 2000 3323 satis
2037 3259 2332 3324 diximus.
2361 3263 2496 3326 Iam
2527 3281 2718 3328 nemo
2752 3267 2937 3328 nobis
2972 3265 3247 3347 objiciat,
3273 3267 3440 3347 quod
3489 3265 3793 3346 Cyrillum

524 3382 602 3426 ex
631 3367 892 3444 catenis,
923 3385 1053 3431 non
1080 3375 1287 3431 autem
1309 3384 1388 3430 ex
1415 3365 1636 3429 codice
1665 3364 1926 3446 proprio
1953 3364 2356 3446 integroque,
2390 3367 2725 3447 Vulgemus
2753 3387 2766 3430 :
2799 3387 2944 3432 nam
2967 3376 3382 3450 praeterquam
3408 3369 3580 3450 quod
3611 3366 3796 3430 nulla

522 3462 647 3527 alia
670 3469 1043 3548 suppetebat
1068 3469 1159 3530 rei
1187 3469 1598 3533 conﬁciendae
1635 3470 1819 3546 ratio,
1849 3469 2010 3532 nihil
2046 3487 2164 3534 nos
2201 3471 2568 3535 inusitatum
2595 3475 2861 3552 egimus.
2900 3476 3064 3538 Ecce
3102 3476 3272 3538 enim
3330 3474 3659 3553 Origenem
3715 3473 3799 3536 in

522 3565 840 3642 Genesim,
869 3567 936 3630 in
975 3568 1334 3644 Proverbia,
1361 3574 1424 3630 et
1448 3569 1515 3630 in
1541 3568 1846 3644 Psalmos,
1887 3569 2142 3633 nonnisi
2169 3587 2246 3633 ex
2273 3573 2511 3635 catenis
2538 3573 2774 3636 Burnus
2799 3581 3121 3655 utcunque
3144 3573 3448 3636 restituit:
3479 3571 3799 3654 ejusdem-

526 3686 651 3750 que
680 3671 832 3732 item
867 3672 1158 3752 Hcarapla
1193 3670 1484 3752 magnam
1523 3679 1764 3752 partem
1803 3679 2039 3736 catenas
2076 3677 2581 3756 suppeditarunt.
2639 3678 3105 3742 Theodoretum
3157 3685 3219 3740 et
3265 3676 3667 3739 Athanasium
3718 3675 3790 3738 in

523 3771 806 3834 Psalmos
836 3778 1074 3835 catena;
1105 3773 1256 3836 solm
1285 3772 1620 3836 Sirmondo
1650 3778 1712 3834 et
1745 3771 2214 3835 Montfauconio
2264 3778 2650 3838 obtulerunt.
2699 3777 3125 3853 Chrysostomi
3179 3778 3327 3838 satis
3381 3776 3672 3855 copiosas
3727 3783 3796 3838 et

525 3873 811 3951 egregias
841 3873 904 3934 in
933 3873 1264 3950 Jeremiam
1293 3871 1766 3955 explanationes
1795 3887 2106 3950 nusquam
2144 3871 2266 3933 nisi
2291 3874 2460 3952 apud
2481 3872 2772 3933 Ghislerii
2785 3879 3070 3933 catenam
3092 3872 3420 3934 habemus.
3442 3873 3793 3936 Eusebium

524 3971 593 4034 in
621 3974 872 4048 Lucam,
906 3974 1401 4054 Polychronium
1427 3973 1493 4035 in
1513 3969 1854 4044 Danielem,
1891 3967 2228 4048 Didymum
2254 3969 2321 4030 in
2347 3968 2688 4031 secundam
2722 3969 2801 4030 ad
2832 3967 3182 4031 Corinthios
3214 3984 3331 4029 nos
3366 3967 3490 4047 ipsi
3528 3974 3790 4032 catena-

527 4091 665 4137 rum
693 4091 816 4155 Ope
844 4074 1039 4156 adjuti
1067 4077 1134 4137 in
1163 4074 1370 4137 lucem
1401 4072 1757 4136 extulimus.
1797 4070 2122 4129 Postremo
2150 4067 2354 4148 qualis
2387 4074 2789 4148 quantusque
2821 4069 3064 4149 percipi
3114 4085 3193 4130 ex
3227 4067 3344 4131 hac
3393 4067 3603 4146 Cyrilli
3649 4069 3791 4130 edi-

525 4175 698 4236 tione
730 4175 970 4238 fructus
1000 4175 1218 4258 possit,
1244 4174 1442 4238 lector
1475 4191 1589 4254 per
1613 4190 1681 4236 se
1709 4173 1976 4253 quisque
2003 4170 2248 4240 sentiet,
2274 4176 2336 4231 et
2367 4174 2581 4232 noster
2613 4170 2798 4232 etiam
2833 4185 3044 4232 rerum
3072 4169 3265 4232 index
3285 4170 3506 4250 partim
3529 4171 3795 4233 demon-

527 4278 772 4353 strabit,
801 4278 1150 4359 prmsertim
1178 4277 1246 4339 in
1273 4295 1341 4340 re
1375 4277 1746 4355 dogmatica,
1776 4276 1940 4338 circa
1983 4273 2207 4336 Christi
2282 4273 2690 4349 divinitatem,
2745 4273 3050 4352 originale
3104 4281 3456 4354 peccatum,
3514 4275 3790 4338 divinam

529 4381 819 4458 gratiam,
853 4386 1241 4444 sacramenta
1267 4379 1585 4461 baptismi,
1635 4377 2047 4459 poenitentiae,
2087 4381 2277 4457 atque
2315 4373 2726 4451 eucharistiae,
2784 4375 2862 4438 de
2913 4392 3041 4456 quo
3094 4383 3414 4456 postremo
3437 4375 3789 4457 praesertim

528 4481 821 4561 dogmate
859 4483 1106 4546 divinus
1129 4489 1221 4546 est
1251 4481 1458 4562 Cyrilli
1484 4481 1664 4544 locus
1697 4479 1798 4560 (ad
1821 4497 1959 4558 cap.
1996 4495 2158 4552 χχιι,
2196 4494 2358 4538 vers.
2394 4475 2489 4553 10,
2517 4476 2585 4538 in
2615 4477 2783 4557 ﬁne),
2812 4495 3000 4559 quem
3034 4477 3204 4540 nulla
3225 4495 3503 4558 unquam
3528 4477 3788 4542 hazrcsis

526 4601 737 4665 neque
763 4601 1042 4664 praesens
1069 4599 1277 4662 neque
1306 4582 1516 4643 futura
1538 4579 1955 4644 labefactahit.
1987 4579 2109 4640 Sed
2147 4578 2225 4641 de
2261 4578 2472 4658 Cyr-illi
2494 4578 2560 4639 in
2596 4580 2825 4642 Lucam
2853 4578 3307 4642 commentario
3336 4579 3479 4641 satis
3521 4578 3628 4663 (α).
3660 4580 3780 4642 Su-

530 4692 745 4768 perest
769 4691 839 4746 ut
869 4685 947 4746 de
977 4683 1218 4762 reliqua
1237 4681 1571 4743 voluminis
1599 4679 1987 4742 continentia
2009 4678 2313 4741 dicamus.
3309 4742 3311 4744 _

603 4791 678 4852 V.
713 4791 952 4853 Contra
987 4787 1390 4867 Synusiastas
1429 4794 1484 4847 et
1521 4785 1896 4846 alios.—Est
1931 4784 2094 4846 inter
2121 4783 2410 4863 Syriacos
2435 4782 2836 4845 bibliothecae
2862 4782 3177 4846 Vaticanaa
3208 4784 3457 4847 codices
3486 4791 3783 4864 pervetus

528 4892 809 4972 quidam.
843 4904 1109 4951 numero
1145 4885 1253 4948 140
1286 4892 1558 4961 notatus,
1585 4887 1818 4949 saiculo
1852 4894 2097 4963 octavo,
2126 4894 2196 4950 ut
2224 4890 2566 4948 Assemano
2599 4883 2862 4957 videtur,
2896 4886 3187 4966 scriptus,
3225 4885 3334 4965 qui
3357 4885 3616 4947 Joannis
3644 4887 3780 4947 Cae-

529 4991 823 5055 sariensis
858 4990 1024 5052 inter
1052 4988 1342 5067 quintum
1377 4993 1748 5068 sextumque
1773 4988 2072 5050 saeculum
2104 4986 2256 5050 clari
2281 4984 2640 5066 apologiam
2669 4985 2948 5048 continet
2979 4985 3228 5049 concilii
3257 4983 3782 5050 Chalcedonensis

456 5162 461 5167 .
593 5114 671 5185 (α)
703 5112 1041 5192 rl‘_estir_r_ionia
1063 5120 1248 5192 vetera
1273 5126 1372 5192 pro
1406 5106 1682 5192 Cy'rilli‘in
1706 5111 1914 5192 Lucam
1941 5127 2094 5192 com:
2195 5119 2350 5192 prete
2388 5108 2502 5192 ait:
2536 5106 2761 5192 Sanctus
2796 5107 3033 5192 Cyrinus!
3064 5109 3455 5192 Alexandrinas
3487 5106 3541 5160 in
3589 5109 3782 5192 expla-

522 5176 792 5240 mentario
831 5182 963 5237 olim
1002 5197 1105 5237 nos
1133 5176 1695 5245 citavimustatinas
1723 5189 1946 5237 catenas
1983 5181 2096 5236 divi
2195 5176 2492 5234 nationibus
2527 5178 2595 5231 ad
2615 5178 2813 5231 Lucam
2841 5176 2921 5232 'ait
2943 5195 2960 5232 :
2985 5177 3205 5232 Factam
3228 5192 3335 5230 esse
3357 5176 3572 5231 dicimus
3602 5176 3782 5232 trans-

523 5253 808 5324 Aquinatis
841 5261 1004 5323 atque
1041 5252 1324 5324 Corderii;
1364 5254 1494 5307 item
1538 5252 1753 5309 Graecas
1807 5251 2098 5308 Vaticanas
2194 5250 2571 5324 ﬁgurationem
2594 5247 2861 5324 (Domini)
2901 5264 3007 5324 non
3032 5250 3106 5324 sic
3133 5249 3342 5324 quidem
3368 5255 3430 5300 ut
3459 5264 3645 5324 corpus
3675 5250 3776 5324 hu-

523 5316 1020 5394 in'prophetas'ubi
1043 5339 1216 5393 pauca
1243 5316 1732 5394 fragmentaicitata
1755 5324 2095 5392 reperimus:
2195 5316 2417 5394 manum
2456 5316 2682 5394 ﬁguram
2714 5319 2966 5381 amiserit,
2996 5316 3392 5394 sed‘splendore
3423 5316 3651 5389 quodam
3687 5321 3777 5372 in-

521 5387 1069 5450 dei'nde'scholiastas
1100 5394 1309 5464 aliquot
1330 5387 1511 5448 Vatic.
1545 5393 1676 5448 Item
1710 5387 1932 5448 catenas
1972 5394 2095 5448 Vat.
2197 5391 2385 5464 datum
2420 5389 2598 5464 fuerit,
2641 5398 2773 5453 etc.,
2822 5403 2996 5457 usque
3047 5387 3114 5442 ad
3144 5387 3443 5464 '_su§tincr_e_'
3470 5397 3773 5458 potuerunt.

517 5465 576 5520 in
610 5465 766 5528 Luc.,
806 5480 1037 5534 quarum
1088 5458 1234 5520 nunc
1281 5479 1572 5534 numerum
1619 5464 1870 5518 auximus
1925 5479 2098 5533 usque
2197 5460 2301 5534 Qui
2334 5458 2702 5534 locus_Cra:ce
2746 5474 2893 5512 nunc
2935 5460 3187 5534 apparuit
3217 5459 3280 5534 in
3313 5458 3552 5534 editione
3587 5468 3776 5514 nostra

521 5536 587 5590 ad
613 5534 729 5589 XII.
754 5529 996 5605 Denique
1025 5535 1180 5590 adest
1219 5535 1390 5590 codex
1428 5533 1702 5605 Syriacus,
1745 5534 1813 5589 de
1848 5529 2096 5605 quosu-
2196 5530 2330 5605 Luc.
2371 5545 2444 5605 rx,
2475 5529 2554 5605 29Δ
2578 5543 2703 5605 cum
2750 5543 2814 5582 ea
2855 5537 3077 5605 tantum
3127 5529 3236 5605 levi
3283 5529 3566 5605 varietate,
3606 5544 3777 5605 quam

523 5621 618 5674 pra
655 5598 926 5660 diximus:
952 5605 1107 5660 Nunc
1143 5620 1273 5662 ecce
1304 5606 1420 5658 haec
1441 5598 1714 5667 scribens,
1752 5605 1805 5658 in
1842 5598 1991 5658 aliud
2022 5614 2100 5659 tc-
2196 5601 2312 5654 sive
2361 5598 2764 5674 Cyparissiota,
2798 5599 3240 5674 _s_ive_eclogarii
3269 5598 3486 5674 _nostr_i,
3543 5599 3778 5674 solemni

523 5659 838 5745 stimonium
874 5659 1072 5730 incido
1098 5659 1322 5731 Joannis
1357 5659 1739 5745 Cyparissiotie
1782 5674 1974 5728 decad.
2026 5692 2096 5737 vr,
2197 5683 2348 5745 more
2403 5659 2670 5745 iecerunt.
2733 5659 2886 5745 Adde
2938 5659 3203 5745 Joanrfém
3262 5659 3651 5745 Caesariensem
3716 5667 3773 5724 in

524 5743 781 5801 Bib.-PP,
809 5746 975 5819 Lugd.
1009 5755 1044 5800 ι,
1085 5746 1224 5814 xx],
1255 5763 1307 5817 ρ,
1342 5738 1463 5810 42⁷6,
1495 5745 1589 5814 qui
1617 5744 1888 5800 Turriano
1926 5745 2097 5800 inter-
2198 5739 2550 5795 adnotatione
2584 5747 2769 5796 nostra
2804 5738 2870 5793 ad
2908 5754 3050 5794 vers.
3089 5738 3160 5793 9.2
3194 5739 3391 5813 capitis
3419 5756 3454 5796 ιι
3485 5739 3667 5794 Lucae.
3770 5753 3792 5816 λ
