3998 6304
255 263 350 317 III!
1625 285 2150 352 PR/EFATIONES;
3404 315 3506 372 l0!

246 1004 307 1056 et
324 1001 902 1075 contraZDiodorum
923 1019 996 1065 ac
1023 1001 1426 1069 Theodorum
1455 1027 1563 1071 sex
1583 1013 1712 1091 jam
1744 1032 1861 1094 ego
1893 1019 2222 1097 originalia
2249 1039 2681 1106 compereram
2707 1031 2920 1093 Graeca
2951 1032 3319 1113 fragmenta,
3343 1057 3497 1120 quo-

244 1115 382 1159 rum
416 1108 633 1179 postea
658 1104 979 1168 veritatem
1007 1108 1281 1168 Joannes
1315 1110 1707 1176 Cmsariensis
1735 1117 2144 1182 confirmavit.

318 1201 542 1262 Partes
569 1207 999 1269 commentarii
1032 1209 1099 1268 in
1131 1209 1375 1272 Cantic.
1406 1214 2232 1289 Salomonis.—Notissima
2289 1235 2351 1292 et
2398 1229 2764 1295 universalis
2813 1238 2917 1298 SS.
2973 1239 3221 1302 Patrum
3280 1245 3493 1324 regula

242 1307 353 1374 est,
389 1304 701 1389 canticum
739 1307 1093 1372 Salomonis
1121 1313 1377 1376 nonnisi
1411 1317 1674 1396 spiritali
1709 1338 1893 1384 sensu
1926 1325 2004 1386 de
2054 1327 2296 1393 Christo
2341 1333 2600 1415 ejusque
2647 1335 2923 1399 Ecclesia
2953 1355 3089 1400 esse
3133 1342 3490 1422 intelligen-

238 1400 429 1464 dum:
463 1409 872 1486 quamobrem
903 1413 1072 1489 gravi
1100 1415 1603 1494 reprehensione
1647 1423 1820 1502 digni
1856 1435 2023 1504 sunt,
2057 1432 2420 1516 quicunque
2462 1439 2539 1500 ab
2582 1437 2700 1502 hac
2750 1440 3188 1508 decentissima
3237 1448 3490 1512 Patrum

239 1509 524 1572 omnium
556 1529 778 1576 norma
805 1517 1133 1582 discedere
1160 1523 1416 1588 audent.
1454 1528 1616 1591 Ecce
1649 1536 1860 1595 autem
1887 1541 1949 1596 et
1980 1537 2242 1614 Cyrillus
2270 1549 2485 1604 noster
2513 1543 2580 1606 in
2608 1561 2685 1608 eo
2717 1546 3114 1626 explanando
3164 1554 3414 1616 cantico
3455 1573 3490 1619 α

239 1610 384 1672 trito
410 1612 808 1696 solemnique
833 1620 1132 1688 Ecclesia;
1166 1644 1345 1693 more
1372 1649 1501 1694 non
1531 1634 1838 1700 declinat:
1870 1641 2048 1721 cuius
2071 1659 2188 1722 ego
2221 1645 2530 1727 deperditi
2559 1654 2992 1716 commentarii
3020 1673 3164 1718 cum
3192 1664 3336 1720 ante
3371 1658 3490 1722 hos

233 1728 434 1774 annos
461 1713 808 1794 fragmenta
835 1721 1050 1786 Graece
1077 1731 1319 1791 tantum
1349 1732 1653 1798 ediderim
1680 1737 1745 1798 in
1776 1713 2070 1820 Procopii
2103 1713 2323 1806 catena
2360 1742 2515 1825 (AA.
2546 1747 2728 1811 class.
3261 1758 3488 1823 collato

234 1829 450 1876 rursus
479 1816 616 1878 Vat.
650 1818 893 1895 codice,
927 1829 990 1885 et
1019 1825 1229 1892 addita
1264 1831 1622 1911 Latinitate,
1654 1837 1721 1898 in
1758 1835 1876 1900 hac
1907 1816 2118 1919 Cy—rilli
2151 1816 2603 1908 anecdotorum
2647 1816 3324 1930 congerieucommode
3372 1877 3485 1923 exe

232 1913 441 1978 hibeo.
496 1919 718 1999 Neque
756 1922 823 1983 in
861 1923 958 1986 his
991 1928 1219 1994 desunt
1269 1934 1618 2013 singulares
1659 1939 1903 2020 aliquot
1952 1946 2113 2008 sacri
2151 1952 2358 2009 textus
2392 1948 2732 2028 lectiones,
2782 1963 3012 2035 praeter
3058 1961 3350 2025 eximiam
3380 1982 3486 2027 θυι

235 2016 422 2076 ctoris
451 2018 779 2097 pietatem,
815 2028 874 2083 et
907 2023 984 2085 de
1019 2030 1218 2090 sancti
1249 2029 1603 2098 chrismatis
1630 2016 2031 2139 saeramento.
2049 2045 2479 2109 testimonium
2511 2050 2608 2128 (ad
2635 2016 2802 2113 vers:
2832 2053 2901 2114 12
2933 2057 3151 2136 capitis
3193 2059 3320 2140 IV).
3374 2063 3486 2123 His

232 2131 342 2191 ego
379 2120 825 2181 commentarii
855 2125 1137 2201 partibus
1171 2130 1502 2211 Cyrilliana
1538 2138 1820 2218 quinque
1871 2139 1991 2203 alia
2016 2123 2256 2206 °diversi
2301 2120 2650 2225 argumenti
2707 2120 3053 2230 fragmenta
3098 2120 3486 2226 subtclxenda

229 2233 301 2277 ου
309 2234 434 2278 ravi
443 2258 460 2276 ο

303 2322 546 2382 Contra
577 2322 924 2388 lulianum.
958 2326 1272 2391 Adversus
1292 2331 1653 2397 Eunuchos.
1685 2339 1773 2399 De
1801 2341 2156 2422 Synagoga:
2183 2345 2474 2424 repudio.
2509 2350 2889 2430 Fragmenta
2913 2351 3108 2414 multa
3133 2357 3482 2420 minora.—

226 2422 310 2483 Ne
343 2423 589 2487 minora
618 2429 875 2507 quidem
913 2434 1122 2513 Cyrilli
1149 2436 1522 2516 fragmenta,
1563 2450 1879 2524 quotquot
1909 2446 2074 2508 inter
2104 2422 2271 2512 edita
2294 2469 2329 2514 a
2360 2469 2460 2514 me
2490 2422 2744 2533 scripta,
2775 2457 2965 2518 vel‘in
2995 2460 3318 2524 codicibus
3367 2481 3480 2526 ex-

223 2528 532 2604 stiterunt,
568 2532 840 2610 neglexi.
867 2538 1083 2618 Itaque
1113 2542 1318 2621 primo
1339 2546 1728 2624 undeviginti
1755 2551 2089 2630 particulas
2108 2558 2346 2637 sumpsi
2369 2560 2592 2638 partim
2615 2528 2698 2622 ex
2723 2528 2939 2623 codice
2970 2562 3265 2626 Vaticano
3301 2563 3476 2641 1431,

222 2630 443 2705 partim
477 2647 554 2691 ex
592 2633 1014 2714 Columnensi,
1044 2648 1104 2703 et
1142 2659 1219 2704 ex
1253 2645 1413 2708 meis
1442 2649 1702 2711 Leontio
1731 2658 1920 2731 atque
1955 2630 2300 2720 Anastasio.
2333 2659 2570 2722 Deinde
2601 2659 2754 2722 alias
2799 2661 2958 2722 XXV
3010 2663 3348 2742 particulas
3401 2685 3478 2728 ex

224 2731 572 2812 deperditis
597 2737 897 2803 adversus
922 2744 1237 2808 Julianum
1263 2748 1461 2825 libris,
1494 2768 1529 2813 a
1554 2753 1795 2816 Joanne
1828 2755 2142 2835 eclogario
2179 2759 2417 2837 citatas,
2455 2769 2525 2825 ut
2553 2763 2619 2824 in
2649 2763 2894 2826 Manilo
2933 2731 3178 2828 dicitur.
3224 2768 3476 2845 Insigne

221 2846 440 2914 postea
468 2840 681 2919 magni
715 2842 924 2922 Cyrilli
950 2846 1120 2926 apud
1151 2865 1267 2912 nos
1297 2860 1694 2928 segmentum
1723 2859 1818 2915 est
1847 2856 2149 2919 adversus
2183 2863 2509 2936 eunuchos,
2541 2863 2619 2926 de
2649 2880 2778 2944 quo
2805 2864 2872 2926 in
2898 2862 3145 2927 Monito
3174 2840 3478 2929 verba'fa-

219 2937 459 3011 cimus;
494 2957 612 3002 nec
643 2958 774 3006 non
803 2943 882 3008 de
899 2945 1172 3025 junioris
1217 2951 1568 3030 specimine
1598 2953 1768 3034 quod
1798 2957 2102 3036 sequitur.
2132 2960 2459 3024 Postremo
2490 2962 2910 3041 fragmentum
2949 2982 3027 3028 ex
3052 2965 3212 3028 libro
3242 2966 3314 3026 de
3350 2967 3472 3044 Sy-

217 3053 472 3116 nagoga'
492 3041 781 3119 repudio,
811 3043 889 3106 de
919 3062 1046 3125 quo
1077 3049 1263 3112 etiam
1297 3052 1364 3114 in
1411 3053 1656 3123 Monito
1685 3071 1801 3119 suo
1849 3055 2018 3122 loco.
2070 3063 2272 3142 Atque
2324 3060 2458 3126 hare
2514 3065 2725 3128 omnia
2774 3067 3005 3128 Latinae
3052 3041 3472 3130 translationis

217 3138 663 3203 commoditate
700 3141 822 3205 frui
850 3144 1182 3212 voluimus.

669 3468 787 3556 Ε.)
815 3469 1206 3561 USDEM
1305 3474 1946 3570 ΡΒᾹΞΓΑΤΙΟ
2047 3478 2197 3565 AD

1428 3474 1946 3570 IIEFATIO
2047 3478 2197 3565 AD
2295 3477 2732 3570 TOMUM
2818 3481 3007 3571 ΙΙΙ.

282 3663 331 3724 Ι.
368 3662 647 3742 Cyrillus
683 3668 974 3746 quaesitus
1023 3668 1092 3728 in
1140 3670 1376 3730 catenis
1417 3672 1652 3732 Veteris
1703 3672 2490 3737 Tcstamenti.~—Alterum
2523 3673 2647 3738 hoc
2689 3677 2978 3756 procedit
3008 3681 3462 3747 anecdotorum

206 3765 264 3826 S.
287 3766 497 3846 Cyrilli
524 3765 923 3829 Alexandrini
953 3767 1327 3848 scriptorum
1365 3771 1684 3846 volumen,
1716 3771 1890 3851 cujus
1911 3774 2195 3836 Graecum
2219 3780 2456 3838 textum
2478 3792 2556 3838 ex
2579 3777 2904 3840 codicibus
2926 3777 3269 3858 hausimus,
3294 3786 3460 3848 Lati-

207 3882 346 3926 nam
378 3883 528 3928 vero
557 3867 1139 3946 interpretationem
1175 3867 1468 3932 festinato
1513 3870 1721 3933 studio
1765 3872 2004 3951 publici
2045 3891 2200 3936 usus
2235 3876 2431 3954 gratia
2465 3874 2762 3952 fecimus;
2799 3884 2861 3940 et
2903 3896 3095 3959 parco
3139 3881 3307 3958 licet,
3347 3888 3460 3950 sed

204 3971 410 4027 tamen
458 3967 549 4028 rei
588 3967 936 4045 praesertim
966 3965 1336 4045 dogmatij
1366 3968 1600 4032 idoneo
1640 3971 2119 4035 adnotationum
2155 3976 2454 4038 comitatu
2483 3977 2866 4056 stipavimus.
2893 3979 3133 4042 Nostrae
3162 3982 3351 4060 igitur
3377 3986 3459 4048 ob

202 4067 633 4145 vestigandum
677 4067 972 4147 Cyrillum
995 4085 1160 4130 curre
1189 4068 1267 4131 ad
1308 4069 1574 4132 ineditas
1598 4072 1848 4134 Patrum
1879 4079 2130 4136 catenas
2170 4075 2490 4156 praecipue
2518 4085 2953 4156 respexerunt.
2988 4079 3108 4140 Sed
3136 4080 3201 4142 in
3231 4100 3455 4145 manu-

199 4169 446 4250 scriptis
481 4171 741 4250 quidem
779 4171 856 4234 ad
905 4171 1357 4235 Octoteuchum
1405 4181 1467 4237 et
1511 4172 1846 4240 historicos
1891 4178 1998 4239 SS.
2033 4177 2375 4241 Bibliorum
2405 4179 2600 4242 libros
2634 4183 3122 4256 commentariis,
3159 4186 3456 4264 Cyrillum

199 4271 608 4348 quaerendum
643 4273 744 4333 vix
784 4272 1166 4352 putavimus;
1205 4273 1352 4353 quia
1400 4283 1816 4356 prmterquam
1849 4279 2021 4358 quod
2055 4279 2132 4340 ad
2161 4279 2657 4341 Pentateuchum
2696 4281 3020 4359 Glaphyra
3049 4284 3259 4360 Cyrilli
3288 4287 3454 4350 edita

199 4377 477 4446 exstant,
518 4375 776 4453 copiosa
825 4374 1088 4454 insuper
1128 4374 1375 4453 vulgata
1415 4375 1532 4437 fuit
1566 4378 1892 4456 superiore
1938 4378 2171 4441 saeculo
2216 4377 2647 4458 Lipsiensibus
2697 4379 2865 4458 typis
2903 4380 3152 4442 Palmm
3199 4391 3449 4461 catena,

197 4491 336 4555 qua:
361 4476 656 4555 Cyrillum
674 4494 953 4556 quoque,
975 4475 1238 4557 perinde
1268 4483 1337 4539 ut
1353 4485 1445 4540 est
1465 4478 1532 4539 in
1548 4480 1861 4543 Vaticanis
1890 4481 2146 4556 catenis,
2166 4481 2445 4544 continet
2461 4477 2570 4560 (a).
2603 4483 2887 4544 Attamen
2903 4483 2982 4545 ad
3000 4483 3193 4548 libros
3207 4487 3449 4566 Regum

195 4576 513 4654 egregiam
559 4577 873 4658 planeque
906 4577 1211 4640 diversam
1239 4579 1490 4641 Patrum
1520 4586 1802 4642 catenam
1828 4581 2106 4644 Venetiis
2152 4599 2270 4644 nos
2303 4581 2376 4642 in
2420 4581 2806 4644 Bessarionis
2855 4583 3186 4650 cardinalis
3230 4590 3448 4654 codice

191 4691 319 4738 non
352 4677 818 4740 observavimus
846 4677 1074 4754 solum,
1104 4695 1317 4740 verum
1357 4679 1542 4740 etiam
1573 4680 1881 4760 quidquid
1925 4687 2056 4743 erat
2090 4680 2300 4759 Cyrilli
2325 4679 2634 4742 ineditum
2674 4698 2864 4743 manu
2909 4689 3121 4745 nostra
3153 4685 3301 4748 inde
3333 4706 3445 4751 ex-

187 4777 580 4857 scripsimus,
607 4786 798 4859 atque
825 4777 948 4843 hoc
976 4779 1295 4842 volumine
1322 4781 1713 4844 inclusimus.
1746 4781 1834 4842 Ad
1864 4783 2092 4844 Jobum
2124 4781 2448 4862 scripsisse
2476 4781 2771 4861 Cyrillum
2800 4791 3074 4858 constat;
3104 4792 3447 4868 caateroqui

185 4872 250 4934 in
296 4876 612 4940 Vaticanis
648 4879 973 4942 codicibus
1025 4878 1179 4941 nihil
1228 4887 1458 4961 praeter
1501 4880 1696 4957 illam,
1743 4899 1926 4961 quam
1974 4883 2196 4945 Junius
2247 4881 2464 4998 edidit,
2511 4889 2794 4994 catenam
2839 4883 3068 4963 reperi.
3114 4884 3201 4996 De

183 4976 528 5057 peremptis
572 4977 640 5039 in
695 4977 976 5041 Psalmos
1021 4980 1486 5042 commentariis
1536 4979 1698 5042 infra
1745 4981 1972 5045 dicam.
2008 4983 2098 5044 Ad
2148 4982 2480 5046 Proverbia
2527 4983 2881 5096 vix‘unum~
2907 4985 3190 5096 comperi
3235 4987 3445 5066 Cgtrilli

180 5075 640 5156 fragmentum;
673 5078 824 5141 nihil
857 5086 1066 5142 autem
1095 5079 1172 5142 ad
1201 5080 1638 5144 Ecclesiasten.
1670 5082 1760 5144 Ad
1798 5082 2132 5148 duodecim
2161 5086 2440 5148 minores
2467 5083 2812 5165 prOphetas
2841 5083 3051 5164 Cyrilli
3094 5103 3262 5148 cura:
3290 5095 3443 5152 aeta-

180 5185 302 5242 tem
334 5181 645 5258 tulerunt;
679 5183 830 5246 item
865 5181 943 5246 ad
975 5183 1197 5246 Isaiam
1230 5202 1243 5244 :
1276 5183 1470 5247 multa
1500 5202 1648 5248 vero
1699 5185 1915 5266 Cyrilli
1961 5188 2040 5252 ad
2076 5189 2408 5252 Jeremiam
2446 5186 2792 5299 fragmenta
2834 5185 3103 5299 vulgavit
3127 5187 3194 5299 in
3223 5194 3443 5299 catena

177 5284 544 5347 Ghislerius.
595 5283 688 5346 Ad
740 5283 1131 5348 Ezechielem
1179 5284 1274 5348 vix
1315 5293 1458 5348 octo
1511 5287 1735 5366 exigua
1783 5288 1993 5368 Cyrilli
2024 5288 2374 5368 fragmenta
2419 5288 2714 5350 Vaticana
2759 5293 2999 5363 catena,
3055 5287 3441 5366 caeteroquin

175 5387 419 5467 ingens,
452 5390 644 5453 nobis
691 5389 946 5463 obtulit;
981 5395 1039 5452 et
1065 5388 1142 5451 ad
1175 5388 1494 5452 Danielem
1538 5393 1678 5455 tria.
1716 5393 2010 5472 Cyrillum
2055 5395 2121 5456 in
2157 5391 2552 5458 Ezechielem
2601 5393 2950 5474 scripsisse,
2982 5399 3150 5456 extra
3185 5409 3445 5468 omnem,

172 5490 634 5556 dubitationem
680 5499 774 5554 est
808 5511 821 5554 :
860 5511 1002 5555 nam
1035 5497 1262 5573 praeter
1307 5499 1556 5573 reperta
1603 5513 1638 5558 a
1685 5496 1868 5558 nobis
1914 5496 2261 5574 fragmenta
2291 5496 2354 5556 in
2399 5496 2660 5571 catenis,
2691 5494 3030 5557 Bandinius
3060 5491 3261 5557 Catal.
3295 5490 3438 5558 cod.

235 5638 312 5712 (α)
346 5638 553 5698 Catena
581 5637 912 5710 Lipsiensis,
947 5649 1069 5710 post
1098 5605 1412 5713 diligentem
1434 5658 1556 5701 cum
1588 5642 1747 5700 editis
1772 5642 2116 5701 collationem
2143 5641 2362 5709 fartam,
2397 5642 2533 5699 nihil
2576 5643 2732 5700 nobis
2757 5643 3024 5767 ἰηθάἓὲἶὲ
3044 5641 3454 5768 ῗᾘίεὰὶωνίι..
