3998 6304
495 288 598 346 ίῦὗ
1835 282 2038 338 CARD.

2185 281 2241 336 [Ζ.
2283 275 2402 334 MAI
3661 267 3764 322 HM

492 415 601 476 Gr.
647 412 972 484 Laurent,
1021 411 1066 468 t.
1115 407 1166 480 Ι,
1193 422 1260 484 p.
1313 401 1446 477 119,
1503 401 1632 463 duo
1674 399 1794 462 alia
1849 399 2174 481 perbrevia
2207 398 2273 459 in
2307 393 2526 458 codice
2567 387 2853 461 miscello
2893 386 3224 457 memorat,
3277 397 3422 462 quae
3458 397 3494 444 a
3536 381 3770 444 nostris

489 519 735 580 diversa
785 520 952 577 sunt.
1004 511 1164 585 Quid
1218 506 1438 590 plura?
1466 509 1594 568 Leo
1642 505 1900 568 Allatius
1925 506 1995 567 in
2024 501 2430 575 Enchiridio,
2461 517 2528 580 p.
2565 496 2663 570 38,
2708 498 2778 556 ut
2823 490 3112 590 ostendat
3146 489 3446 569 Spiritum
3483 493 3768 550 sanctum

492 635 632 680 esse
678 616 967 697 spiritum
1005 611 1166 687 Filii,
1199 588 1346 672 citat
1384 605 1593 687 Cyrilli
1635 605 2071 686 explanatione

2190 605 2255 665 in
2288 597 2682 664 Ezechielem
2706 593 2810 665 ’τὴν
2837 588 3106 666 ἐξήγησιν
3136 591 3233 645 τοῦ
3265 590 3538 662 Κυρὶλλου
3567 594 3648 656 εἰς
3677 593 3769 646 τὸν

504 719 783 792 Ἱεζεκιήλ.
815 717 966 779 Mihi
993 721 1207 777 tamen
1236 711 1584 793 pretiosum
1617 707 1740 770 hoc
1769 722 2143 786 summeque
2170 703 2519 785 optandum
2549 697 2761 781 Cyrilli
2791 697 3093 778 scriptum
3132 711 3444 775 nusquam
3473 711 3768 775 comper-

489 831 624 886 tum
656 828 772 884 est.
817 819 1087 882 Felicior
1112 818 1180 879 in
1211 815 1462 878 Cantico
1493 813 1849 875 Salomonis
1890 811 2006 886 fui,
2057 809 2134 872 ad
2167 825 2357 889 quem
2402 806 2635 867 librum
2682 819 2816 864 non
2843 799 2931 861 ita
2972 815 3206 879 paucas
3234 796 3446 876 Cyrilli
3475 795 3772 876 reliquias

490 925 820 1004 superiore
847 917 1170 983 volumine
1205 915 1574 997 complexus
1602 931 1765 976 sum.
1803 913 1979 974 Mitto
2007 911 2202 973 libros
2245 903 2856 971 deuterocanonicOs
2883 900 3121 976 Tobiae,
3153 899 3516 980 Sapientiae,
3545 895 3770 959 Eccle-

490 1003 724 1087 siastici
767 1029 830 1086 et
879 1020 1409 1092 Machabaeorum,
1448 1033 1611 1098 quos
1655 1015 1844 1094 prisci
1891 1016 2106 1076 Patres
2135 1011 2301 1074 curis
2333 1011 2462 1072 suis
2507 1024 2648 1071 raro
2695 1010 2804 1068 aut
2835 1004 2938 1066 vix
2962 1003 3302 1082 attigerunt
3350 1019 3363 1063 :
3409 1015 3772 1081 quanquam

491 1123 875 1205 Sapientiam
929 1123 1099 1183 certe
1155 1123 1346 1197 atque
1401 1113 1909 1177 Ecclesiasticum
1961 1110 2226 1191 Cyrillus
2263 1113 2480 1172 noster
2527 1123 2645 1168 ceu
2689 1103 2930 1165 divinas
2983 1100 3334 1180 Scripturas
3387 1116 3518 1162 non
3577 1100 3772 1161 semel

491 1199 705 1288 laudat
729 1243 742 1285 ;
765 1220 1102 1303 Sapientiae
1125 1224 1334 1281 autem
1358 1216 1521 1278 libro
1546 1215 1718 1294 regia
1747 1231 1970 1277 manus
1995 1211 2269 1275 Matthaai
2291 1206 2704 1272 Cantacuzeni
2729 1205 3018 1267 Graecum
3045 1201 3570 1266 commentarium
3598 1199 3776 1264 addi-

489 1326 606 1402 dit,
633 1325 813 1405 cujus
843 1302 962 1385 nos
990 1323 1286 1400 excerpta
1311 1318 1380 1379 in
1416 1316 1539 1380 alio
1572 1315 1890 1378 volumine
1919 1313 2088 1376 inter
2123 1311 2364 1375 scholia
2392 1309 2471 1371 ad
2500 1307 2930 1388 Nicephorum
2959 1303 3227 1386 sparsim
3261 1302 3574 1365 dedimus.

568 1428 648 1488 II.
687 1428 848 1487 Item
885 1424 955 1484 in
991 1421 1229 1483 catenis
1257 1419 1424 1483 Novi
1460 1417 2100 1480 Tcstamcnti.——Jam
2132 1415 2200 1476 in
2238 1415 2414 1475 Novo
2450 1414 2875 1485 Testamento,
2909 1407 2988 1470 ad
3015 1406 3373 1469 Matthzeum
3406 1405 3663 1485 quidem
3697 1420 3776 1467 ex

491 1528 720 1608 amplis
748 1527 858 1607 qui
892 1524 1219 1606 perierunt
1257 1521 1467 1603 Cyrilli
1492 1521 1879 1596 tractatibus,
1910 1518 2248 1582 mediocris
2296 1517 2789 1596 fragmentorum
2835 1529 3137 1575 numerus
3164 1510 3232 1572 in
3259 1509 3504 1573 Possini
3534 1515 3597 1572 et
3621 1511 3773 1571 Cor-

494 1631 654 1694 derii
682 1630 919 1694 catenis
945 1629 1175 1708 legitur
1204 1646 1217 1689 :
1251 1627 1365 1690 sed
1411 1630 1622 1688 tamen
1662 1642 1780 1705 ego
1831 1642 2088 1706 quoque
2138 1638 2649 1686 coacervaveram
2682 1635 2847 1682 nova
2881 1615 3087 1689 Cyrilli
3118 1615 3465 1695 fragmenta
3502 1632 3580 1677 ex
3602 1614 3774 1678 Vati-

494 1737 668 1800 canis
694 1734 1044 1810 codicibus,
1079 1752 1150 1798 ac
1195 1749 1361 1815 pene
1389 1733 1864 1812 impresseram;
1897 1730 2008 1792 sed
2034 1734 2294 1808 accepta
2323 1727 2578 1790 interim
2603 1725 2945 1788 Oxoniensi
2970 1723 3048 1786 cl.
3079 1724 3135 1783 Ι.
3163 1726 3231 1783 Α.
3267 1721 3536 1783 Crameri
3563 1719 3779 1780 Graeca

495 1844 736 1912 catena,
778 1837 1042 1899 multum
1076 1852 1154 1898 ex
1191 1833 1505 1896 Vaticanis
1534 1831 1850 1906 deminui;
1887 1832 1972 1894 ita
2018 1837 2230 1892 tamen
2262 1835 2332 1891 ut
2378 1829 2725 1908 fragmenta
2754 1845 2942 1908 supra
2970 1825 3188 1905 viginti
3216 1823 3371 1886 mihi
3399 1821 3605 1884 adhuc
3632 1820 3776 1881 ine-

496 1940 625 2001 dita
654 1938 1080 2020 superfuerint
1109 1933 1218 2016 (α).
1251 1933 1630 2015 Conquisitis
1663 1933 1844 1995 novis
1879 1932 1946 1994 in
1971 1931 2328 1994 Matthaeum
2359 1930 2570 2010 Cyrilli
2599 1929 2904 2009 reliquiis,
2942 1927 3020 1989 de
3051 1923 3501 1989 commentario
3534 1923 3670 2002 ejus
3697 1919 3780 1982 ad

495 2044 770 2104 Marcum
801 2039 1204 2118 cogitandum
1230 2056 1266 2101 a
1295 2055 1398 2100 me
1430 2055 1569 2100 esse
1598 2054 1728 2100 non
1749 2036 2058 2116 judicavi;
2090 2036 2239 2116 quia
2274 2037 2342 2098 in
2373 2051 2472 2109 eo,
2505 2051 2692 2116 quem
2725 2033 2877 2096 olim
2905 2031 3203 2095 Possinus
3231 2028 3399 2109 typis
3424 2023 3782 2090 Barberinis

495 2147 714 2208 Romae
745 2144 1028 2218 excudit,
1057 2143 1274 2206 Victor
1302 2141 1735 2206 Antiochenus
1766 2141 1858 2223 (ut
1885 2147 2052 2204 certe
2089 2139 2475 2223 inscribitur)
2508 2145 2728 2204 auctor
2759 2138 2845 2202 ait
2879 2135 3200 2201 neminem
3237 2137 3467 2215 praeter
3505 2148 3572 2194 se
3600 2146 3782 2192 com-

494 2249 837 2311 mentarios
870 2248 938 2309 in
967 2250 1242 2310 Marcum
1274 2247 1625 2328 scripsisse.
1662 2248 1904 2309 Revera
1935 2253 2145 2310 autem
2181 2264 2264 2309 ne
2290 2247 2355 2308 in
2393 2245 2707 2309 Vaticanis
2753 2243 3013 2324 quidem
3053 2239 3379 2305 codicibus
3412 2239 3624 2298 Graaca
3653 2235 3786 2298 ulla

494 2351 685 2413 Marci
719 2349 1076 2430 explanatio
1111 2349 1362 2427 legitur,
1396 2355 1626 2429 praeter
1664 2349 1837 2412 illam
1878 2367 2068 2430 quam
2108 2350 2225 2412 sub
2261 2349 2532 2412 Victoris
2558 2346 2817 2410 nomine
2847 2343 3079 2406 editam
3115 2340 3244 2404 dixi
3283 2357 3296 2399 :
3329 2353 3472 2418 quaa
3510 2342 3785 2400 caetero-

496 2452 605 2533 qui
630 2450 831 2513 multo
854 2449 1176 2530 c0piosior
1193 2449 1349 2510 mihi
1369 2451 1742 2530 variansque
1765 2452 2136 2514 occurrebat
2154 2452 2222 2513 in
2245 2451 2464 2514 codice
2478 2452 2616 2513 Vat.
2637 2448 2776 2523 756,
2804 2464 2922 2510 nec
2946 2463 3074 2508 non
3105 2445 3172 2506 in
3194 2441 3614 2506 Ottoboniano
3642 2439 3783 2514 113,

498 2571 626 2636 quo
663 2553 731 2615 in
765 2559 1040 2632 utroque
1088 2551 1438 2633 exemplari
1464 2571 1596 2616 non
1637 2555 1875 2617 Victori
1917 2555 1984 2617 id
2022 2572 2185 2636 opus
2213 2556 2531 2630 tribuitur,
2566 2554 2676 2618 sed
2705 2552 2977 2632 Origeni.
3008 2551 3130 2613 Sed
3178 2555 3391 2611 tamen
3415 2548 3482 2609 in
3514 2545 3784 2608 Ottobo-

496 2654 689 2716 niano
721 2653 879 2715 alius
909 2668 1168 2732 quoque
1200 2651 1560 2714 nominatur
1588 2653 1774 2734 hujus
1804 2653 2022 2734 scripti
2045 2663 2264 2719 auctor
2295 2656 2595 2720 Leontius
2621 2654 2879 2717 Etolus.
2908 2654 3156 2714 Etenim
3195 2651 3307 2715 fol.
3340 2651 3438 2726 49,
3475 2649 3586 2713 ubi
3617 2665 3788 2731 Opus

497 2755 742 2836 incipit,
774 2756 860 2818 ita
887 2771 956 2817 se
984 2753 1174 2817 habet
1200 2753 1418 2818 titulus
1449 2773 1463 2817 :
1508 2757 1818 2828 Ὠριγένους
1848 2758 2076 2832 πρόλογο

2203 2779 2208 2820 :
2233 2760 2333 2832 τὴν
2362 2759 2662 2834 ἑρμηνείαν
2683 2759 2780 2813 τοῦ
2805 2757 2946 2812 κατὰ
2976 2758 3199 2830 Μάρκον
3228 2756 3385 2826 ἁγίου
3416 2755 3782 2825 Εὐαγγελῐου.

498 2858 658 2918 Tum
693 2856 761 2918 in
795 2854 1078 2933 margine
1107 2854 1439 2918 ascribitur
1472 2874 1485 2916 :
1533 2857 1794 2931 Ἀλλαχοῠ
1824 2860 2077 2915 Λεοντίου

2206 2864 2222 2914 5
2249 2861 2348 2932 τῆς
2380 2860 2666 2923 Αἰτωλίας.
2697 2860 2861 2922 Ecce
2888 2862 3095 2920 autem
3129 2855 3209 2920 cl.
3256 2854 3499 2934 Anglus
3527 2856 3785 2916 Crame-

385 3041 387 3043 ι
499 2981 609 3025 rus
639 2963 707 3025 in
734 2962 982 3026 duobus
1007 2979 1214 3043 nuper
1238 2961 1566 3025 Parisiacis
1603 2965 1949 3041 codicibus,
1989 2984 2106 3032 nec
2135 2986 2266 3030 non
2295 2969 2363 3031 in
2388 2967 2759 3042 Bodleiano,
2789 2965 2960 3026 hunc
2986 2965 3052 3025 in
3081 2965 3360 3026 Marcum
3388 2967 3789 3025 commenta-

499 3064 664 3126 rium
709 3062 921 3143 Cyrilli
957 3061 1360 3125 Alexandrini
1396 3064 1656 3126 nomine
1690 3068 2135 3146 praetitulatum
2174 3069 2544 3143 observavit,
2584 3075 2647 3132 et
2692 3069 2758 3130 in
2805 3086 2917 3130 sua
2962 3071 3320 3130 catenarum
3369 3061 3530 3125 serie
3567 3063 3792 3126 Graece

500 3181 646 3227 cum
691 3162 1134 3225 additamentis
1179 3162 1465 3225 exhibuit
1498 3181 1511 3225 :
1545 3165 1754 3246 deque
1787 3185 1864 3230 eo
1895 3168 2076 3232 titulo
2105 3169 2236 3230 sive
2272 3177 2529 3233 auctore
2565 3169 2849 3233 modeste
2877 3187 2949 3232 ac
2979 3168 3163 3231 docte
3200 3166 3268 3228 in
3297 3181 3428 3227 suae
3459 3162 3793 3245 praefatio-

501 3263 600 3327 nis
627 3261 799 3325 calce
830 3261 1151 3324 disseruit.
1180 3262 1648 3325 Verumtamem
1678 3264 1814 3327 haec
1843 3283 1961 3327 nos
2000 3265 2298 3328 historice
2330 3275 2571 3330 tantum
2602 3285 2961 3343 narramus;
2993 3285 3206 3349 neque
3235 3267 3403 3330 enim
3431 3267 3595 3328 inter
3622 3283 3794 3346 qua-

501 3372 646 3428 tuor
687 3364 825 3427 haec
871 3363 1151 3438 nomina,
1201 3362 1517 3441 Origenis,
1553 3364 1787 3445 Cyrilli,
1834 3366 2103 3429 Victoris
2129 3373 2321 3446 atque
2377 3369 2644 3446 Leontii,
2692 3369 3101 3450 interponere
3149 3375 3435 3431 nostrum
3474 3367 3798 3447 judicium

500 3467 813 3531 volumus.
855 3469 1226 3546 Quanquam
1258 3467 1310 3528 si
1343 3483 1414 3529 ea
1451 3469 1661 3547 potius
1697 3485 1774 3531 ex
1820 3469 2081 3533 diversis
2125 3472 2413 3536 Patribus
2443 3478 2666 3536 catena
2712 3479 2838 3547 est,
2874 3479 2944 3534 ut
2989 3473 3137 3535 satis
3181 3478 3468 3536 constare
3503 3474 3798 3548 videtur,

503 3591 694 3655 quam
739 3573 930 3635 unius
977 3572 1253 3634 hominis
1298 3572 1674 3649 lucubratio,
1709 3593 1900 3638 nemo
1937 3577 2070 3657 jam
2121 3579 2451 3642 mirabitur
2485 3583 2726 3644 variare
2776 3582 2844 3643 in
2876 3581 3072 3643 titulis
3120 3582 3379 3644 nomina
3431 3587 3798 3644 auctorum.

502 3678 670 3741 Nihil
721 3695 839 3740 nos
882 3678 1074 3756 igitur
1109 3678 1319 3758 Cyrilli
1367 3679 1445 3741 ad
1482 3681 1673 3741 Marci
1703 3682 2115 3758 Evangelium
2162 3687 2574 3766 proferimus;
2610 3687 3130 3769 quandoquidem
3168 3703 3311 3767 qute
3357 3686 3424 3748 in
3461 3683 3802 3750 codicibus

501 3777 819 3841 Vaticanis
868 3778 1253 3841 incrementa
1293 3787 1504 3855 erant,
1538 3795 1612 3842 ea
1654 3797 1863 3861 neque
1893 3783 2104 3860 Cyrilli
2155 3802 2391 3848 nomen
2438 3796 2696 3866 gerunt,
2745 3805 2955 3866 neque
2999 3789 3130 3866 jam
3173 3795 3316 3864 post
3363 3786 3803 3851 Oxoniensem

503 3881 735 3992 librum
773 3881 1090 3992 incognita
1127 3890 1295 3992 sunt.
1327 3884 1449 3946 Sed
1480 3902 1627 3947 ecce
1673 3883 1930 3946 demum
1959 3887 2170 3967 Cyrilli
2200 3892 2470 3966 grandes
2505 3898 2564 3952 et
2593 3891 2885 3952 indubias
2912 3889 2991 3949 ad
3021 3892 3247 3950 Lucam
3288 3889 3803 3970 lucubrationes,

502 3981 570 4091 in
601 3980 928 4091 superiore
963 3983 1285 4046 volumine
1331 4003 1449 4091 nos
1478 3987 1599 4067 ipsi
1632 3989 1967 4052 edidimus.
2014 3994 2104 4055 Ad
2133 3994 2391 4055 Joannis
2419 3993 2821 4070 Evangelium
2854 3998 3052 4054 exstat
3073 4004 3347 4071 magnus
3383 3995 3592 4074 Cyrilli
3620 3998 3806 4064 duo-

504 4081 708 4143 decim
742 4080 916 4143 libris
945 4085 1468 4160 commentarius;
1503 4087 1615 4148 sed
1645 4086 1791 4167 quia
1821 4089 2074 4168 septimi
2104 4096 2165 4152 et
2203 4090 2406 4152 octavi
2434 4089 2577 4152 libri
2603 4088 2850 4164 lacuna,
2893 4091 3145 4153 nonnisi
3176 4109 3300 4172 ope
3325 4100 3562 4158 catenae
3591 4099 3803 4163 Galli-

506 4202 680 4248 canae
729 4186 980 4267 expleta
1022 4193 1347 4270 utcunque
1375 4189 1604 4267 fuerat,
1651 4193 1770 4254 alia
1823 4195 1980 4256 mihi
2032 4194 2472 4276 supplementa
2516 4195 2771 4257 inventa
2828 4201 2992 4271 sunt,
3036 4214 3179 4277 qua;
3218 4215 3429 4280 neque
3475 4203 3806 4269 Auberlus

505 4306 718 4370 neque
754 4289 1087 4352 Corderius
1130 4291 1199 4353 in
1239 4295 1551 4375 excerptis
1583 4294 1963 4371 habuerunt,
1995 4302 2057 4358 et
2094 4296 2467 4377 praedictum
2499 4296 2946 4359 detrimentum
2992 4295 3308 4359 minuunt.
3340 4299 3429 4360 Ad
3458 4302 3804 4380 apostolo-

505 4409 646 4454 rum
675 4394 862 4454 Actus
897 4391 1250 4470 fragmenta
1293 4395 1504 4474 Cyrilli
1537 4412 1899 4475 paraveram
1945 4397 2314 4460 (Ecumenio
2345 4398 2697 4476 incognita;
2740 4399 2850 4461 sed
2894 4416 2968 4461 ea
3005 4398 3263 4462 demum
3310 4402 3516 4479 omisi,
3558 4411 3808 4485 praeter

505 4513 726 4571 unum,
755 4503 1092 4577 postquam
1125 4499 1394 4574 cognovi
1424 4516 1696 4579 nuperas
1716 4501 1799 4562 ad
1829 4517 1974 4563 eum
2005 4501 2233 4564 librum
2261 4521 2339 4566 ex
2366 4504 2600 4567 catenis
2625 4505 3042 4570 accessiones.
3073 4507 3400 4570 Postremo
3432 4508 3510 4571 ad
3538 4512 3804 4590 Apoca-

506 4599 719 4680 lypsin
757 4599 912 4661 nihil
955 4598 1161 4660 habeo
1197 4596 1408 4676 Cyrilli
1446 4597 1616 4677 quod
1660 4599 1938 4662 afferam.

586 4701 690 4760 IlI.
743 4695 971 4777 Cyrilli
1003 4696 1362 4774 fragmenta
1399 4694 1481 4754 ad
1530 4695 1656 4773 Ep.
1707 4697 2274 4780 cath.—Cyrillum
2306 4702 2642 4767 catholicas
2673 4723 2930 4787 quoque
2966 4709 3274 4790 Epistolas
3321 4714 3809 4781 commentariis

508 4800 637 4862 suis
668 4797 1007 4872 ornavisse,
1039 4794 1186 4857 satis
1223 4793 1553 4854 constabat
1594 4795 1761 4875 apud
1792 4799 2334 4863 Montfauconium
2364 4804 2668 4866 Biblioth.
2703 4808 2991 4885 Coislin.,
3024 4829 3087 4892 p.
3129 4812 3261 4889 163,
3293 4813 3404 4875 ubi
3435 4813 3488 4875 is
3524 4813 3590 4876 in
3619 4817 3805 4879 anti-

509 4899 814 4980 quissimo
839 4898 1129 4976 miroque
1164 4892 1384 4956 codice
1414 4895 1578 4970 CCII,
1610 4899 1825 4960 saeculi
1853 4918 1889 4959 v
1908 4899 2007 4962 vel
2035 4917 2124 4980 v1,
2159 4909 2370 4965 narrat
2411 4910 2653 4967 exstare
2680 4912 2815 4969 tum
2846 4907 3112 4973 aliorum
3135 4913 3411 4988 Patrum,
3439 4918 3570 4975 tum
3600 4915 3806 4979 etiam

511 4998 720 5079 Cyrilli
749 4995 1009 5070 scholia,
1043 5010 1185 5073 quat
1229 4999 1440 5057 tamen
1488 4997 1625 5077 ipse
1662 5015 1792 5060 non
1831 5002 2072 5064 recitat.
2107 5002 2232 5065 Sed
2269 5005 2439 5066 enim
2470 5007 2802 5088 complura
2848 5009 2951 5072 dat
2997 5012 3320 5074 Cramerus
3358 5013 3422 5073 in
3455 5019 3670 5075 catena
3711 5019 3811 5080 ad

424 5119 442 5155 .'
511 5099 850 5165 catholicas
887 5115 1093 5178 nuper
1139 5100 1364 5162 Oxonii
1410 5103 1597 5166 edita.
1651 5106 1783 5185 Ego
1821 5125 1970 5171 vero
2009 5126 2155 5171 cum
2202 5110 2416 5191 Cyrilli
2463 5129 2701 5176 nomen
2746 5114 2813 5175 in
2847 5115 3160 5178 Vaticanis
3213 5115 3292 5178 ad
3327 5131 3432 5177 eas
3476 5117 3812 5197 Epistolas

512 5202 986 5310 commentariis
1007 5200 1236 5310 frustra
1266 5207 1657 5310 quaesissem,
1689 5211 1943 5273 tandem
1983 5212 2082 5275 his
2111 5214 2334 5287 diebus
2363 5217 2614 5295 gemina
2645 5219 2853 5298 reperi
2882 5219 3090 5298 Cyrilli
3126 5221 3202 5282 ad
3233 5221 3502 5301 primam
3529 5225 3814 5292 Joannis

511 5296 854 5378 Epistolam
901 5297 1161 5376 scholia,
1201 5319 1344 5382 qua
1381 5303 1587 5368 fausto
1639 5325 1788 5370 casu
1836 5313 2224 5375 conservavit
2267 5317 2393 5378 Leo
2442 5296 2740 5397 patricius
2777 5326 2838 5380 et
2888 5296 3156 5380 Caniclei
3193 5296 3529 5400 praefectus
3577 5323 3640 5384 in
3676 5341 3815 5392 sua

512 5402 748 5465 inedita
794 5405 1123 5486 utriusque
1153 5409 1538 5473 Testamenti
1577 5417 1916 5477 summaria
1955 5418 2378 5499 expositione,
2431 5422 2611 5502 cujus
2658 5421 2809 5484 olim
2857 5425 2982 5484 Leo
3027 5423 3284 5487 Allatius
3324 5427 3412 5486 De
3442 5427 3814 5507 Engastri-

590 5564 912 5659 ςιξλοξιίὶζιξῇ
942 5574 1213 5659 accedunt
1240 5591 1303 5659 ea
1329 5593 1458 5659 quae
1481 5578 1608 5659 jam
1628 5578 1815 5635 Graece
1850 5580 2100 5659 ediderat
2208 5587 2369 5640 thecae
2385 5585 2544 5659 Nova:
2558 5585 2694 5659 PR,
2718 5604 2771 5658 p.
2791 5589 2914 5643 476.
2941 5590 3094 5647 Adde
3119 5591 3482 5659 fragmentum
3504 5597 3571 5652 ad
3594 5598 3814 5659 Matth.

569 5639 684 5666 σιξ-η-
750 5647 768 5666 ο
826 5639 912 5666 \Tll
945 5651 995 5666 ..ι
1023 5643 1136 5666 11111
1172 5645 1281 5666 ονηρ
1325 5639 1418 5666 .T,,,
1466 5639 1501 5666 ,'
1597 5657 1634 5666 .,
1850 5661 1861 5666 ,
1900 5654 1912 5664 .

515 5635 716 5716 Maius,
750 5647 789 5691 t.
826 5639 998 5722 Vll.et
1023 5643 1138 5700 VIII
1167 5635 1501 5718 Scriptorum.
1529 5657 1784 5716 veterum,
1813 5635 1870 5707 et

516 5707 746 5776 protulit
770 5723 893 5764 cum
924 5720 1377 5789 interpretatione
1419 5719 1609 5776 Latina
1653 5721 1706 5776 in
1746 5732 1783 5778 t.
1822 5724 1866 5778 II
1897 5723 2094 5781 Biblio-

2385 5635 2537 5642 -.η-
2558 5635 2581 5640 -
2607 5635 2694 5668 τ,
2720 5635 2771 5658 ν-
2800 5635 2914 5670 -_.-.
2941 5635 3099 5673 .-ηψπ
3119 5635 3482 5679 .....,...ν...τ....
3504 5635 3571 5652 αι.
3595 5635 3814 5659 sunt...

2376 5656 2482 5783 ᾗῇ
2510 5668 3132 5791 ἱῖἲάῗιυεῐοηε
3177 5656 3440 5738 Panopha
3489 5669 3816 5741 dogmaﬁca
