3998 6304
199 235 294 291 105
1572 236 2087 293 ΡΒᾹΞΡΑΤΙΟΝΕΞ.
3349 234 3449 290 106

198 325 423 406 mytho,
457 344 642 407 capp.
676 325 709 386 9
751 331 811 388 et
862 325 958 402 20,
1007 328 1182 392 locos
1210 332 1336 390 tres
1375 328 1675 403 recitavit,
1727 331 1835 410 qui
1880 329 1957 392 ad
2000 329 2379 391 Tcstamenti
2425 328 2665 390 Veteris
2709 327 2900 389 libros
2936 332 3240 408 spectant.
3292 328 3450 400 Quin

198 429 347 491 adeo
376 429 442 491 in
484 430 810 492 codicibus
862 449 1121 512 quoque
1170 432 1771 496 Vindobonensibus
1825 433 1928 494 157
2002 439 2063 494 et
2103 431 2256 507 230,
2315 431 2483 512 apud
2527 431 2947 503 Lambecium,
2999 430 3172 493 idem
3227 431 3455 493 Leonis

201 531 436 610 patricii
460 548 625 610 opus
653 537 952 594 servatur.
983 531 1132 594 Mihi
1164 531 1419 612 quidem
1451 532 1578 594 duo
1609 531 1893 612 praedicti
1925 531 2136 610 operis
2165 529 2415 592 codices
2446 528 2722 590 Vaticani
2751 527 3058 607 comperti
3087 532 3256 601 sunt,
3289 544 3452 607 quo-

201 650 328 694 rum
366 631 526 694 alter
566 631 872 710 integrior
918 630 1167 708 gemina
1214 648 1355 710 quas
1404 631 1533 692 dixi
1563 630 1772 710 Cyrilli
1820 629 2057 693 scholia
2111 629 2547 712 suppeditavit.
2585 628 2883 709 (Alterum
2924 643 3180 706 quoque
3228 624 3454 689 diversi

199 735 441 814 generis
469 733 625 796 mihi
652 735 716 796 in
748 734 1037 798 manibus
1067 739 1160 796 est
1184 734 1411 796 Leonis
1442 736 1752 815 κειμήλιονἶ
1783 734 1892 796 sed
1924 735 2057 814 ejus
2083 733 2422 814 descriptio
2452 741 2700 815 tempus
2727 731 2897 795 aliud
2929 728 3458 811 occasionemquc

199 835 514 917 postulat.)
550 838 751 911 Nunc,
786 844 905 900 etc.
951 838 1073 898 Hic
1117 836 1322 897 editor
1355 839 1669 899 Romanus
1715 813 2073 916 fragmenta
2122 837 2242 898 duo
2273 837 2541 915 profert,
2581 813 2724 916 qua:
2765 833 2895 895 loco
2929 852 3038 894 suo
3076 831 3455 893 exhibemus.

208 936 342 998 l’id.
382 936 466 996 ad
500 937 537 997 1
567 938 753 997 Joan.
785 955 828 1010 Ι,
867 937 922 1012 5,
958 946 1014 997 et
1051 953 1117 1011 II,
1157 932 1250 995 13.

275 1040 332 1101 4.
366 1041 592 1119 Cyrilli
621 1061 834 1102 comm.
871 1043 938 1102 in
968 1042 1065 1104 Ιγ
1107 1039 1290 1104 Pauli
1319 1041 1488 1119 Epp.
1525 1074 1598 1083 —
1637 1037 1886 1118 Reliqui
1923 1055 2073 1118 ergo
2105 1038 2261 1100 mihi
2297 1037 2550 1100 fuerunt
2583 1039 2649 1100 in
2675 1041 2900 1102 Vetere
2956 1038 3213 1120 quidem
3241 1038 3456 1098 Testa-

200 1149 435 1218 mento,
469 1143 628 1205 liber
659 1142 1081 1218 Psalmorum;
1117 1143 1183 1204 in
1212 1141 1413 1216 Novo,
1447 1139 1622 1203 Pauli
1661 1138 1980 1218 Epistolw,
2019 1139 2096 1200 ad
2135 1156 2292 1218 quas
2327 1139 2551 1200 divinae
2584 1141 2918 1220 Scripturae
2951 1145 3160 1221 partes
3195 1135 3458 1218 praecla-

201 1264 327 1307 ram
349 1243 600 1324 aedepol
619 1243 828 1324 Cyrilli
851 1243 1357 1323 explanationem
1390 1241 1624 1304 inveni.
1657 1243 1857 1318 Atque
1882 1244 1951 1300 ut
1981 1238 2058 1300 de
2096 1239 2268 1300 Pauli
2291 1238 2584 1316 Epistolis
2613 1239 2885 1320 primum
2904 1241 3133 1314 dicam,
3152 1241 3217 1301 in
3247 1239 3352 1302 illa
3381 1236 3461 1301 ad

200 1350 540 1423 Romanos,
581 1347 645 1408 in
675 1352 940 1425 utraque
990 1344 1068 1406 ad
1098 1342 1475 1418 Corinthios,
1529 1342 1807 1420 itemque
1839 1340 1914 1402 ad
1945 1339 2248 1401 Hebraeos
2304 1339 2450 1401 satis
2488 1357 2793 1420 prospera
2823 1341 3075 1403 fortuna
3102 1359 3251 1404 usus
3278 1359 3416 1403 sum
3444 1358 3457 1400 :

200 1450 260 1512 in
290 1449 552 1529 reliquis
593 1463 952 1528 quanquam
991 1461 1096 1506 eas
1117 1442 1412 1524 Cyrillum
1444 1441 1668 1522 partim
1702 1439 1920 1501 saltem
1976 1439 2314 1500 illustrasse
2338 1448 2733 1520 compertum
2755 1447 2867 1516 est,
2901 1441 3055 1504 nihil
3083 1460 3200 1522 ego
3227 1444 3458 1524 reperi,

201 1562 427 1636 praeter
481 1550 726 1630 singula
766 1549 1117 1628 fragmenta
1180 1547 1255 1608 ad
1297 1546 1540 1608 Galatas
1578 1549 1640 1607 et
1675 1543 1752 1606 ad
1779 1543 2202 1607 Colossenses.
2235 1547 2430 1623 Igitur
2457 1552 2524 1608 ut
2551 1546 2617 1607 in
2636 1553 2904 1626 quatuor
2931 1547 3247 1627 Epistolis,
3306 1567 3464 1629 quas

203 1658 347 1732 dixi,
397 1656 650 1730 sistam,
704 1653 905 1716 codex
965 1652 1301 1713 Vaticanus
1357 1648 1534 1710 valde
1574 1647 1915 1728 pretiosus,
1949 1647 2162 1711 saeculi
2222 1647 2419 1710 ferme
2470 1665 2582 1722 x11,
2617 1649 2900 1727 egregias
2962 1650 3459 1729 mihiCyrilliani

203 1758 634 1825 commentarii
663 1762 872 1837 partes
897 1759 973 1818 ad
1030 1757 1214 1816 Rom.
1275 1758 1336 1814 et
1369 1751 1447 1813 ad
1507 1749 1786 1812 Corinth.
1819 1751 1849 1810 Ι
1878 1756 1938 1811 et
1958 1752 2015 1810 II
2043 1753 2498 1831 suppeditavit;
2530 1770 2684 1832 quas
2712 1769 2829 1831 ego
2861 1753 3194 1831 diligenter
3225 1753 3462 1816 exscri-

203 1871 357 1945 ptas,
399 1859 910 1923 adnotationibus
969 1859 1156 1920 etiam
1211 1860 1400 1936 prout
1430 1871 1592 1934 opus
1636 1852 1755 1913 fuit
1796 1853 2132 1915 instructas
2156 1902 2170 1928 ,
2205 1861 2265 1916 et
2294 1857 2509 1918 Latina
2541 1857 3059 1936 interpretatione
3091 1858 3372 1934 donatas,
3396 1859 3464 1922 in

202 1967 409 2047 priore
437 1963 780 2027 voluminis
808 1969 984 2042 parte
1012 1961 1180 2040 typis
1209 1958 1510 2039 expressi.
1540 1958 1628 2019 De
1656 1957 1957 2019 doctrinis
1986 1975 2133 2051 verp
2162 1959 2372 2039 Cyrilli
2418 1963 2778 2042 praecipuis,
2807 1969 2940 2027 tum
2961 1963 3028 2025 in
3051 1965 3467 2027 adnotationi-

204 2073 309 2135 bus
378 2076 522 2131 tum
578 2070 645 2130 in
698 2067 909 2129 indice
974 2066 1246 2128 lectores
1307 2062 1629 2126 admonui.
1689 2063 1913 2140 Magna
1965 2063 2260 2142 equidem
2335 2063 2651 2146 voluptate
2713 2065 2993 2140 fruebar,
3027 2067 3176 2128 dum
3229 2075 3467 2129 tantam

207 2171 705 2251 praestantissimi
764 2169 978 2248 Cyrilli
1042 2174 1286 2250 partem
1363 2184 1443 2229 ex
1506 2183 1584 2229 eo
1650 2166 1874 2229 codice
1934 2184 2279 2243 eruerem;
2350 2169 2544 2248 idque
2601 2187 2717 2248 ego
2783 2171 2974 2250 paulo
3027 2177 3175 2251 post
3229 2189 3466 2233 annum

209 2270 336 2336 1841
405 2273 754 2336 etIiciebam
805 2291 821 2334 :
887 2272 1122 2334 etenim
1180 2272 1343 2333 intra
1403 2269 1528 2334 hoc
1599 2271 2001 2346 octennium,
2067 2289 2268 2351 usque
2328 2273 2404 2334 ad
2487 2272 2673 2348 1849,
2737 2275 3020 2355 quinque
3083 2275 3220 2338 haec
3277 2276 3468 2339 Nova:

201 2379 465 2439 Patrum
521 2374 910 2438 bibliothecae
962 2372 1283 2435 volumina
1338 2371 1748 2446 adornabam,
1787 2372 2141 2451 interrupto
2171 2371 2515 2435 identidem
2555 2381 2815 2454 propter
2842 2377 2994 2438 alias
3016 2379 3466 2459 occupationes

202 2483 438 2546 labore.
469 2481 732 2544 Interim
760 2497 910 2542 vero
941 2498 1018 2541 ex
1046 2478 1264 2557 Anglia
1294 2482 1545 2540 catenas
1573 2479 1824 2539 Patrum
1853 2477 2092 2558 accepi,
2126 2495 2266 2558 quae
2294 2479 2509 2543 Graece
2536 2485 2777 2543 tantum
2807 2499 2843 2544 a
2869 2483 2947 2546 cl.
2979 2485 3033 2546 J.
3071 2489 3142 2546 A.
3175 2487 3465 2558 Cramcro

201 2584 376 2646 annis
419 2583 563 2644 1841
608 2589 669 2644 et
709 2580 860 2643 1844
908 2580 1433 2660 imprimebantur
1465 2595 1478 2637 :
1511 2576 1620 2639 ubi
1662 2575 1834 2656 quod
1867 2577 2086 2638 attinet
2115 2577 2194 2638 ad
2246 2578 2590 2657 Epistolam
2620 2581 2796 2644 Pauli
2822 2585 2900 2645 ad
2922 2585 3264 2662 Romanos,
3299 2593 3361 2649 et
3387 2587 3468 2650 ad

201 2681 555 2744 Corinthios
583 2680 873 2761 primam,
903 2687 1112 2759 partes
1146 2694 1317 2740 meas
1355 2675 1564 2756 Cyrilli
1595 2676 1948 2750 Vaticanas,
1979 2693 2132 2756 quas
2148 2676 2278 2756 jam
2294 2678 2757 2758 impresseram,
2818 2684 2945 2746 vidi
2975 2703 3115 2748 cum
3145 2687 3268 2750 illis
3307 2707 3463 2752 con-

198 2789 570 2873 temporalis
600 2789 666 2849 in
698 2786 918 2866 Anglia
946 2784 1204 2847 editoris
1247 2783 1479 2865 passim
1518 2797 1868 2860 congruere
1892 2784 2276 2862 (quanquam
2318 2785 2502 2846 etiam
2559 2787 2796 2850 catenis
2838 2789 3227 2870 incognitum
3257 2794 3469 2875 Cyrilli

201 2901 469 2958 tractum
491 2890 886 2971 Nicephorus
909 2887 1094 2949 nobis
1117 2884 1536 2968 suppeditavit
1565 2884 1644 2946 ad
1671 2902 1812 2963 cap.
1831 2882 1924 2962 Χ),
1946 2900 2077 2945 non
2094 2884 2180 2945 ita
2206 2890 2416 2946 tamen
2449 2885 2516 2947 in
2544 2889 2820 2952 secunda
2849 2891 2927 2953 ad
2953 2893 3328 2965 Corinthios,
3359 2897 3469 2958 ubi

201 2998 406 3079 Cyrilli
441 3002 650 3077 partes
691 2994 1006 3056 Vaticana
1049 2990 1207 3053 nihil
1253 2989 1488 3052 habent
1531 2989 1790 3068 Anglico
1841 2989 2002 3051 libro
2060 2989 2264 3052 simile
2298 3008 2312 3051 :
2342 2990 2574 3054 etenim
2626 2992 2898 3054 Crameri
2927 2994 3129 3057 codex
3157 2996 3367 3076 Cyrilli
3391 2997 3470 3058 ad

201 3103 358 3166 hanc
385 3097 735 3180 Epistolam
768 3112 946 3157 curas
971 3110 1230 3175 prorsus
1260 3091 1677 3154 desiderabat.
1717 3091 1838 3153 Sed
1863 3093 2030 3154 enim
2061 3093 2127 3155 in
2160 3095 2477 3174 prioribus
2498 3113 2755 3177 quoque
2783 3098 2958 3160 Pauli
2984 3101 3278 3180 Epistolis
3331 3104 3470 3165 edi-

201 3208 282 3268 tio
303 3220 456 3267 mea
482 3202 631 3264 satis
658 3201 724 3262 in
757 3199 880 3261 hoc
909 3198 1139 3271 differt,
1168 3196 1339 3278 quod
1371 3195 1668 3276 Cyrillum
1698 3213 1734 3258 a
1760 3196 2151 3277 reliquorum
2196 3200 2611 3281 interpretum
2640 3204 2821 3265 turba
2873 3221 3158 3268 seorsum
3191 3209 3467 3287 exhibet,

202 3317 257 3372 et
287 3327 438 3374 cum
465 3305 986 3386 interpretatione
1012 3302 1251 3376 Latina,
1290 3318 1481 3381 quam
1510 3301 1805 3379 Anglicus
1840 3300 2000 3363 liber
2029 3303 2268 3363 nullam
2297 3303 2505 3364 habet.
2544 3306 2869 3367 Postremo
2899 3323 3094 3385 super
3129 3310 3471 3389 Epistolam

201 3413 274 3474 ad
303 3411 615 3474 Hebraeos
644 3407 801 3470 nihil
823 3406 1029 3486 Cyrilli
1050 3405 1697 3485 mihisuppeditab'ant
1718 3404 1970 3467 codices
1989 3404 2382 3484 Vaticani(a);
2412 3407 2822 3468 memineram
2851 3414 3084 3486 tamen,
3107 3430 3208 3475 me
3228 3415 3470 3478 Medio-

199 3512 321 3575 lani
340 3515 406 3575 in
443 3497 826 3574 bibliotheca
854 3507 1261 3569 Ambrosiana
1310 3507 1461 3568 olim
1493 3507 1720 3567 vidisse
1765 3505 2049 3567 codicem
2101 3505 2249 3567 satis
2278 3505 2558 3587 amplum
2603 3506 2692 3589 (E.
2723 3507 2820 3584 63,
2859 3524 3018 3589 part.
3049 3511 3215 3592 inf),
3247 3514 3313 3576 in
3344 3535 3471 3597 quo

201 3618 459 3680 Patrum
484 3619 848 3679 Graecorum
879 3619 1097 3675 catena
1124 3612 1191 3673 in
1220 3610 1561 3690 Epistolam
1587 3610 1663 3672 ad
1691 3609 1992 3672 Hebraeos
2029 3610 2489 3673 continebatur.
2529 3615 2746 3694 Itaque
2770 3632 2914 3677 cum
2963 3615 3112 3679 inde
3163 3619 3472 3700 quidquid

202 3723 325 3777 erat
359 3714 603 3796 Cyrilli,
638 3712 909 3789 benigne
938 3708 1358 3771 annuentibus
1389 3705 1510 3768 loci
1539 3706 1932 3785 praesidibus,
1965 3707 2116 3768 mihi
2167 3725 2416 3772 sumere
2464 3710 2904 3791 decrevissem,
2947 3721 3228 3780 catenam
3257 3736 3293 3782 a
3325 3722 3471 3783 Cra-

200 3829 369 3874 mero
397 3813 638 3874 editam
661 3829 805 3873 cum
833 3809 938 3870 illa
968 3806 1420 3869 Mediolanensi
1449 3805 1713 3868 fortasse
1752 3824 2102 3886 congruere
2136 3810 2486 3890 suspicatus
2519 3830 2682 3890 sum,
2716 3822 2780 3878 et
2834 3817 3123 3897 inspecto
3165 3819 3326 3885 libro
3357 3840 3471 3886 co-

200 3913 439 3988 gnitum
485 3918 600 3986 est,
631 3929 708 3973 ex
746 3911 988 3972 duabus
1043 3927 1078 3971 a
1109 3908 1296 3971 docto
1313 3907 1510 3985 Anglo
1538 3907 1615 3969 ad
1655 3908 2022 3988 praedictam
2067 3910 2409 3992 Epistolam
2450 3915 2684 3978 catenis
2717 3917 2925 3993 editis,
2962 3922 3173 4000 priore
3203 3922 3469 4003 integra,

196 4015 381 4079 altera
412 4022 666 4077 tantum
697 4014 953 4077 dimidia
993 4018 1256 4094 prOpter
1293 4011 1530 4074 codicis
1591 4011 1905 4087 Parisiaci,
1953 4013 2124 4074 unde
2163 4025 2414 4095 sumpta
2437 4017 2574 4087 fuit,
2602 4019 2951 4096 defectum;
3003 4026 3348 4102 cognitum,
3380 4029 3474 4088 in-

197 4132 406 4194 quam,
443 4123 543 4178 est
582 4116 744 4178 hanc
777 4115 1034 4178 alteram
1054 4115 1360 4191 integram
1391 4129 1528 4174 esse
1562 4113 1624 4173 in
1672 4112 1890 4175 codice
1925 4114 2399 4191 Mediolancnsi,
2432 4123 2611 4198 cujus
2641 4137 2765 4198 cpe
2822 4130 3106 4202 optatum
3131 4127 3236 4188 diu
3260 4129 3473 4206 Cyrilli

196 4217 718 4297 supplementum
742 4215 1045 4294 consequi
1082 4221 1388 4295 poteram.
1412 4213 1829 4286 Quamobrem
1865 4214 2172 4292 postulavi
2208 4233 2243 4276 a
2273 4218 2350 4276 Β.
2377 4219 2445 4277 D.
2479 4222 2788 4282 canonico
2827 4221 3108 4300 Josepho
3130 4226 3468 4301 Robbiato,

195 4315 425 4396 linguze
449 4319 693 4380 Graecae
725 4316 974 4396 egregie
1004 4315 1232 4396 perito,
1268 4321 1329 4376 et
1356 4313 1640 4392 legendis
1665 4314 1990 4376 codicibus
2012 4316 2298 4393 apprime
2320 4317 2576 4392 idoneo,
2601 4325 2671 4379 ut
2693 4318 2846 4380 mihi
2875 4333 3244 4402 excerperet
3263 4327 3474 4405 Cyrilli

195 4428 400 4498 partes
436 4422 511 4482 in
543 4420 882 4482 Parisiensi
913 4418 1130 4482 codice
1169 4417 1552 4479 desideratas
1587 4434 1600 4476 :
1643 4416 1816 4497 quod
1848 4417 1998 4480 dum
2049 4419 2156 4480 ille
2209 4419 2665 4485 studiosissime
2717 4421 2973 4499 faceret,
3008 4431 3179 4489 recte
3221 4429 3473 4506 agnovit

193 4522 517 4597 permulta
549 4538 629 4582 ex
655 4538 732 4582 eo
762 4520 971 4600 Cyrilli
992 4517 1446 4582 commentario
1480 4524 1802 4595 segmenta
1829 4520 1909 4582 ad
1942 4519 2112 4581 illius
2134 4521 2299 4583 edita
2334 4538 2528 4602 Opera
2577 4525 2918 4603 pertinere,
2966 4527 3080 4588 etsi
3115 4528 3473 4608 insignibus

191 4639 330 4686 cum
373 4621 815 4692 varietatibus.
847 4621 1138 4683 detractis
1164 4621 1461 4682 nimirum
1489 4628 1594 4682 aut
1624 4623 1916 4684 breviatis
1945 4624 2180 4700 multis,
2213 4625 2467 4686 mutatis
2523 4628 2868 4701 nonnullis,
2903 4636 2971 4692 ut
2998 4631 3063 4692 in
3105 4631 3474 4713 hujusmodi

192 4727 520 4808 excerptis
585 4724 917 4786 usuvenire
974 4724 1155 4783 solet.
1193 4721 1315 4783 Sed
1363 4729 1570 4784 tamen
1623 4727 1854 4784 tractus
1881 4740 2138 4803 quoque
2169 4725 2531 4804 complures
2582 4727 2649 4789 in
2698 4730 2916 4793 codice
2953 4731 3226 4808 inerant,
3267 4735 3378 4812 qui
3410 4735 3476 4796 in

190 4827 378 4890 nullis
413 4824 642 4906 Cyrilli
668 4823 1052 4885 editionibus
1080 4822 1370 4885 videntur
1406 4841 1760 4886 occurrere.
2513 4896 2515 4899 ι

263 4931 502 4991 Utrum
524 4943 680 4988 vero
708 4926 846 5006 ipse
874 4924 1136 5005 Cyrillus
1171 4927 1403 5006 scripta
1427 4944 1538 4988 sua
1568 4927 1634 4988 in
1668 4927 1927 4989 diversis
1954 4930 2353 5008 propriorum
2385 4948 2649 5013 Operum
2679 4933 2834 4996 locis
2863 4933 3371 5013 repetiverit,"an
3404 4955 3472 5002 ea

189 5047 282 5092 res
310 5030 548 5112 potius
579 5035 941 5090 catenarum
979 5029 1336 5092 auctoribus
1363 5029 1695 5093 tribuenda
1725 5032 1824 5105 sit,
1857 5032 2082 5094 merito
2116 5036 2472 5115 ambigitur.
2505 5040 2684 5100 Certe
2729 5038 2834 5115 qui
2861 5037 3070 5118 ampla
3114 5041 3324 5120 Cyrilli
3360 5060 3476 5104 vo-

187 5125 430 5191 lumina
469 5126 926 5210 pervolutabit,
952 5127 1119 5190 haud
1147 5145 1288 5190 raro
1325 5130 1671 5209 comperiet
1691 5149 1824 5193 rem
1856 5133 2164 5208 eamdem,
2195 5137 2543 5214 praesertim
2582 5137 3020 5214 dogmaticam,
3053 5141 3266 5205 multis
3294 5143 3473 5218 locis,

187 5229 411 5292 iisdem
436 5229 923 5311 propemodum
945 5228 1151 5290 verbis
1179 5227 1276 5289 vel
1309 5236 1476 5292 certe
1505 5233 1828 5294 sententiis
1857 5232 1934 5295 ab
1963 5241 2216 5296 auctore
2237 5235 2630 5309 inculcatam,
2653 5243 2802 5316 puta
2830 5237 2895 5300 in
2939 5239 3277 5318 Thesauro,
3299 5245 3365 5306 in
3399 5245 3472 5308 li-

185 5331 309 5394 br-is
336 5333 435 5393 De
468 5328 854 5390 adoratione
882 5329 949 5389 in
983 5348 1079 5409 sp.
1131 5347 1202 5389 ac
1258 5347 1415 5403 ven,
1446 5329 1512 5390 in
1547 5330 1920 5411 Glaphyris,
1959 5333 2027 5394 in
2062 5332 2430 5411 dogmaticis
2466 5335 2545 5398 ad
2574 5335 2996 5401 Theodosium
3029 5348 3090 5402 et
3122 5342 3199 5404 ad
3231 5344 3477 5422 reginas

183 5431 596 5502 tractatibus,
626 5428 712 5490 ad
733 5425 1080 5504 Hermiam,
1105 5437 1325 5490 contra
1344 5430 1725 5507 Nestorium,
1753 5438 1814 5496 et
1841 5433 2119 5515 denique
2149 5435 2214 5496 in
2243 5435 2555 5498 Homiliis.
2602 5439 2823 5519 Itaque
2852 5441 2986 5503 ﬁeri
3019 5452 3225 5523 pctest
3255 5451 3326 5508 ut
3356 5448 3476 5528 Cy-

183 5532 356 5598 rillus
373 5534 550 5596 dum
577 5531 643 5592 in
663 5530 826 5594 hanc
854 5531 1028 5594 Pauli
1066 5533 1406 5613 Epistolam
1441 5540 1762 5613 postremo
1786 5535 2050 5600 fortasse
2079 5544 2369 5619 tempore
2407 5545 2971 5616 commentaretur,
3002 5542 3082 5606 iis
3108 5543 3474 5626 aliquando.

244 5639 324 5710 fa)
365 5635 674 5710 Nonnulla
711 5637 1232 5710 tamenul'ragmenta
1273 5639 1327 5693 in
1370 5638 1541 5710 Epist.
1574 5640 1640 5696 ad
1680 5640 1848 5697 Hebr.
1905 5659 1971 5698 ex
2035 5643 2320 5701 codicibus
2366 5644 2645 5703 Vaticanis
2702 5647 2949 5703 ediderat
3004 5649 3176 5704 Maius
3232 5658 3373 5704 tonio
3433 5649 3478 5710 ll

182 5705 536 5767 Bibliotheca:
573 5705 755 5771 Novae,
785 5723 838 5778 p.
872 5707 994 5761 484.

430 5809 740 5872 PA'mOL.
786 5805 900 5866 Gn.
942 5806 1199 5866 LXVIII.
3011 5814 3046 5865 4
