3998 6304
505 226 599 282 I07
1831 221 2032 276 CARD.
2075 245 2084 272 λ

2172 220 2226 274 G.
2276 219 2393 272 MAI
3654 213 3751 271 108

499 352 640 415 qua)
662 333 812 396 olim
852 333 1207 411 scripserat,
1232 331 1462 392 abusus
1502 337 1579 392 srt
1614 349 1626 390 :
1662 330 1754 392 vel
1789 337 2004 392 contra
2034 330 2204 391 idem
2241 327 2529 408 Cyrillus,
2555 345 2605 389 51
2637 332 2818 390 antea
2856 327 3119 390 fortasse
3155 327 3218 391 in
3245 346 3381 392 eam
3414 332 3758 411 Epistolam

497 437 856 516 scripserat,
883 432 1204 496 nonnullis
1237 433 1384 494 inde
1422 432 1634 494 rivulis
1665 450 1774 494 eos
1800 450 1960 512 quos
1989 431 2258 494 habebat
2279 431 2344 492 in
2381 431 2672 493 manibus
2700 431 2892 492 libros
2921 431 3292 508 irrigaverit.
3324 435 3413 494 Ex
3441 451 3568 512 quo
3601 453 3754 498 con-

493 539 707 618 tigisse
738 537 982 598 videtur
1007 541 1077 597 ut
1103 535 1297 598 iidem
1325 535 1644 596 interdum
1673 539 1907 595 tractus
1937 533 2052 594 sub
2089 532 2479 594 diversorum
2506 531 2813 594 librorum
2851 531 3045 593 titulis
3077 533 3358 594 redeant.
3397 535 3517 595 Sed
3550 541 3759 599 tamen
3877 559 3881 563 ’

495 646 855 702 catenarum
889 653 1147 716 quoque
1191 636 1602 698 sarcinatores
1649 633 1899 696 easdem
1947 631 2084 694 sine
2130 633 2324 694 dubio
2374 631 2589 711 Cyrilli
2641 632 3043 694 auctoritates
3065 631 3140 692 ad
3165 631 3404 710 plures,
3436 644 3624 713 prout
3662 656 3760 702 res

491 741 753 813 ferebat,
814 739 1322 801 lucubrationum
1365 755 1618 800 suarum
1655 738 1832 800 locos
1855 737 2302 799 adhibuerunt.
2335 739 2426 799 Ne
2456 737 2572 798 sim
2609 735 2934 796 verbosior
2967 735 3032 796 in
3063 753 3131 796 re
3153 737 3522 813 certissima,
3563 759 3759 804 unum

493 839 762 900 narrabo
801 837 975 918 quod
1004 837 1128 899 hoc
1167 837 1306 916 ipso
1331 838 1396 898 in
1425 843 1713 916 tempore
1745 836 2106 916 exemplum
2139 837 2442 915 comperi.
2478 835 2724 897 Etenim
2750 841 2881 896 tum
2928 840 3212 897 catenam
3241 835 3307 897 in
3338 839 3565 900 Lucam
3597 857 3632 901 a
3661 858 3760 902 me

492 944 748 1017 editam,
786 950 918 1004 tum
941 943 1126 1004 etiam
1170 941 1334 1003 hanc
1364 941 1430 1002 in
1486 942 1680 1020 Epist.
1715 943 1789 1002 ad
1839 941 2058 1015 Hebr.,
2104 958 2303 1002 unum
2344 941 2767 1020 eumdemque
2825 938 3063 1000 habere
3096 946 3420 1002 auctorem
3451 943 3755 1019 Nicetam,

492 1045 744 1109 codices
769 1046 1105 1108 Vaticanus
1133 1051 1193 1107 et
1222 1043 1708 1106 Mediolanensis
1749 1045 2019 1106 solemni
2077 1045 2259 1106 titulo
2292 1044 2359 1105 in
2399 1043 2712 1105 frontibus
2747 1041 3081 1104 afﬁrmant.
3112 1044 3249 1108 Jam
3287 1063 3436 1108 vero
3465 1065 3610 1110 cum
3642 1067 3759 1127 ego

483 1146 1031 1210 imoommentario
1063 1146 1274 1226 Cyrilli
1317 1147 1393 1208 ad
1454 1149 1682 1210 Lucam
1707 1165 1847 1227 cap.
1879 1164 1968 1221 v1,
2005 1145 2097 1221 13,
2155 1146 2366 1208 locum
2392 1163 2468 1208 ex
2491 1145 2701 1225 Cyrilli
2733 1143 2991 1206 homilia
3041 1143 3369 1221 ediderim,
3405 1149 3514 1226 qui
3538 1150 3761 1230 incipit

493 1262 728 1327 Τούτους
780 1264 1178 1334 προανετύπου,
1211 1272 1410 1334 usque
1441 1254 1520 1315 ad
1549 1265 1645 1335 τὴν
1675 1264 1765 1316 ὑπ’
1795 1263 2043 1334 οὐρανόν,

2177 1271 2225 1314 :e
2255 1270 2424 1314 nunc
2453 1253 2704 1316 Nicetas
2724 1253 2790 1313 in
2816 1257 3036 1317 catena
3064 1255 3258 1335 Epist.
3290 1254 3368 1314 ad
3399 1253 3590 1315 Hebr.
3617 1271 3756 1333 cap.

490 1373 583 1431 IX,
622 1355 680 1431 2,
716 1357 1010 1420 eumdem
1037 1357 1248 1436 Cyrilli
1271 1363 1540 1419 tractum
1568 1375 1646 1419 ex
1675 1358 1895 1419 eadem
1936 1355 2306 1418 nominatim
2365 1353 2625 1418 homilia
2657 1356 2883 1436 repetit
2935 1357 3001 1417 in
3032 1356 3248 1418 codice
3278 1355 3758 1416 Mediolanensi:

481 1460 743 1522 nonnisi
773 1467 986 1523 tamen
1018 1460 1369 1537 dimidium,
1405 1479 1605 1541 usque
1633 1462 1711 1524 ad
1739 1462 1998 1524 verbum
2031 1471 2371 1525 πανσύνετοι.
2420 1463 2640 1541 Itaque
2674 1461 2856 1523 etiam
2895 1460 3064 1523 hunc
3104 1461 3376 1541 primum
3410 1458 3626 1538 Cyrilli
3662 1459 3758 1520 lo-

491 1578 633 1622 cum
671 1579 754 1624 ex
788 1569 960 1642 parte
1007 1563 1244 1626 codicis
1308 1565 1544 1628 inedita
1573 1567 1651 1628 ad
1694 1584 1795 1629 me
1849 1565 2204 1629 Mediolano
2254 1565 2540 1641 missum,
2572 1565 2769 1629 nihilo
2797 1573 3007 1628 tamen
3038 1565 3244 1626 minus
3272 1579 3390 1641 ego
3435 1563 3640 1640 omisi,
3679 1581 3760 1626 ne

490 1665 832 1730 lectoribus
861 1668 1018 1730 meis
1063 1677 1408 1748 βι6λ;ολάθας
1433 1669 1699 1733 viderer.

567 1795 935 1872 Quanquam
972 1812 1119 1857 vero
1153 1796 1281 1857 dixi
1304 1795 1536 1858 multos
1573 1813 1649 1858 ex
1681 1795 1893 1874 Cyrilli
1924 1798 2077 1858 locis
2104 1797 2171 1858 in
2202 1797 2421 1860 codice
2446 1797 2699 1860 Mediol.
2733 1799 2936 1861 citatis
2974 1802 3295 1880 pertinere
3325 1799 3403 1862 ad
3436 1796 3601 1859 edita
3625 1795 3761 1874 ejus

490 1909 708 1976 Opera,
741 1906 807 1958 ut
858 1897 1139 1958 eruditus
1172 1897 1608 1961 animadvertit
1657 1899 2030 1971 Robbiatus,
2082 1900 2430 1980 praisertim
2467 1901 2546 1962 ad
2586 1901 2909 1982 Glaphyro
2951 1903 3136 1985 (quos
3157 1905 3336 1966 locos
3365 1902 3600 1964 idcirco
3637 1915 3760 1960 nos

489 1998 1053 2077 praetermisimus),
1085 2014 1273 2060 nemo
1302 2008 1515 2063 tamen
1536 2000 1888 2079 suspicetur
1907 1999 2342 2078 imaginarium
2371 2018 2507 2062 esse
2532 2002 2742 2081 Cyrill‘i
2767 2003 2832 2064 in
2863 2003 3059 2084 Epist.
3095 2003 3172 2065 ad
3201 2004 3392 2066 Hebr.
3427 2015 3759 2065 commen-

484 2102 737 2177 tarium,
775 2101 955 2182 quasi
991 2102 1162 2164 hunc
1193 2109 1556 2164 catenarum
1578 2111 1868 2166 auctores
1891 2121 1966 2166 ex
1997 2104 2135 2166 aliis
2157 2105 2368 2183 Cyrilli
2397 2106 2646 2186 scriptis
2686 2111 2889 2168 totum
2921 2091 3323 2170 corraserint.
3398 2106 3550 2166 Nam
3591 2118 3760 2182 pra)-

486 2209 774 2282 terquam
799 2201 970 2281 quod
1003 2201 1067 2263 in
1101 2202 1256 2282 ipsis
1285 2203 1414 2264 sive
1471 2204 1663 2264 Paris.
1701 2205 1831 2266 sive
1876 2205 2126 2267 Mediol.
2160 2206 2484 2269 codicibus
2542 2206 2738 2269 multa
2774 2213 2920 2270 sunt
2964 2213 3306 2285 segmenta,
3343 2222 3484 2285 quae
3518 2204 3584 2264 in
3619 2201 3766 2264 aliis

488 2307 698 2387 Cyr-illi
756 2306 1364 2387 Operibus‘prorsus
1403 2323 1535 2369 non
1588 2314 1920 2387 apparent,
1970 2309 2288 2387 Cyrilliani
2316 2310 2574 2390 quidem
2623 2309 2702 2372 ad
2746 2308 2908 2371 hanc
2952 2307 3295 2390 Epistolam
3324 2304 3762 2369 commentarii

487 2413 714 2475 veritas
743 2412 1008 2474 testibus
1034 2411 1257 2492 priscis
1279 2411 1772 2491 certissimisque
1803 2415 2121 2490 asset-itur,
2182 2433 2346 2495 quos
2385 2414 2703 2479 Fabricius
2733 2413 2830 2492 (B.
2864 2416 2938 2478 G.
2973 2414 3073 2476 ed.
3107 2430 3254 2475 nov.
3295 2418 3341 2473 t.
3374 2413 3478 2486 IX,
3520 2430 3585 2492 p.
3615 2409 3760 2484 495)

489 2511 818 2593 produxit;
853 2518 999 2574 sunt
1025 2518 1236 2575 autem
1272 2513 1601 2576 Facundus
1639 2515 2132 2592 Hermianensis,
2194 2517 2651 2594 Thcodoretus,
2703 2516 3073 2580 Theodorus
3137 2514 3474 2588 Abucaras,
3505 2511 3768 2592 Ephrac-

487 2617 651 2680 mius
681 2616 1130 2693 Antiochenus,
1167 2619 1520 2681 Alexander
1556 2620 2087 2700 Hierapolitanus,
2136 2630 2357 2688 auctor
2411 2625 2712 2704 Synodici
2759 2628 2978 2686 contra
3015 2621 3280 2699 tragced.
3338 2622 3530 2694 Iren.,
3589 2621 3763 2680 Ana—

486 2724 714 2786 stasius
746 2724 978 2787 Sinaita
999 2725 1064 2786 in
1084 2725 1369 2806 Hodego.
1402 2727 1830 2806 Praeterquam
1862 2729 2035 2808 quod
2065 2747 2183 2792 nos
2210 2731 2328 2811 ipsi
2362 2731 2675 2793 edidimus
2729 2728 3162 2793 commentarii
3192 2727 3328 2806 ejus
3383 2722 3767 2787 nominatim

491 2831 665 2891 locos
682 2836 976 2910 quatuor,
1004 2845 1083 2891 ex
1107 2829 1433 2892 Anastasio
1451 2832 1824 2911 presbytero
1851 2832 2109 2914 (Script.
2132 2844 2252 2896 cet.
2277 2841 2325 2897 t.
2354 2837 2481 2910 VII,
2505 2853 2614 2916 pp.
2643 2833 2816 2906 8-10,
2855 2832 3042 2895 18-24
3067 2832 3176 2913 (α).
3202 2832 3574 2911 Ibidemque
3593 2829 3769 2907 alios

489 2934 674 3002 duos,
707 2944 786 2988 ex
821 2926 1109 2996 Leontio,
1143 2944 1254 3007 pp.
1286 2926 1417 3002 130,
1447 2927 1579 2990 140.
1608 2929 1778 2992 Alios
1805 2931 2080 3011 denique
2107 2933 2340 3013 Script.
2366 2943 2487 2994 υρι.
2505 2939 2550 2994 t.
2572 2935 2711 2995 VIII.
2731 2939 2792 2995 et
2811 2935 2915 3007 IX,
2940 2937 3009 2994 ut
3029 2933 3094 2994 in
3119 2932 3622 3012 praecedentibus
3640 2946 3768 3008 pa-

489 3026 652 3103 ginis
686 3026 979 3088 diximus.
1010 3028 1167 3088 Item
1191 3025 1540 3104 fragmenta
1567 3027 1808 3107 aliquot
1837 3030 1970 3109 ejus
2006 3031 2216 3111 operis
2241 3039 2384 3094 sunt
2415 3034 2483 3094 in
2512 3033 2836 3096 codicibus
2856 3032 3126 3112 Syriacis
3151 3033 3289 3094 Vat.
3337 3034 3558 3112 Neque
3618 3050 3768 3096 me-

489 3127 703 3192 diocre
731 3129 922 3192 fuisse
954 3128 1017 3191 id
1049 3145 1209 3209 Opus
1235 3130 1554 3208 arguimus
1583 3137 1715 3193 tum
1739 3149 1816 3193 ex
1843 3139 1988 3196 nota
2019 3133 2224 3213 Cyrilli
2257 3135 2542 3198 ubertate
2594 3141 2726 3197 tum
2758 3137 2906 3215 quia
2955 3135 3254 3196 Leontius
3285 3133 3433 3196 citat
3476 3133 3770 3213 ejusdem

485 3233 733 3290 tomum
763 3227 1140 3303 secundum,
1180 3230 1538 3292 Anastasius
1561 3231 1793 3294 Sinaita
1840 3235 2396 3314 sextum.Jamque
2445 3246 2728 3316 apparet,
2777 3235 2915 3297 fore
2969 3251 3180 3314 Operaa
3240 3233 3534 3313 pretium,
3566 3237 3636 3293 ut
3665 3231 3772 3294 fu-

488 3341 666 3394 turus
694 3332 920 3412 aliquis
950 3333 1164 3413 Cyrilli
1193 3349 1458 3413 Operum
1478 3334 1704 3411 editor,
1738 3353 1984 3416 sparsas
2011 3336 2197 3417 hujus
2226 3339 2662 3401 commentarii
2685 3337 3009 3418 reliquias,
3058 3336 3306 3416 Absyrti
3334 3335 3524 3397 veluti
3553 3350 3769 3396 mem-

490 3439 624 3511 bra,
651 3437 755 3518 pie
776 3437 1065 3515 colligat;
1131 3455 1205 3499 ea
1236 3437 1454 3500 saltem
1517 3440 1777 3519 vestigia
1835 3459 2224 3522 persequens
2247 3460 2389 3523 qua:
2435 3461 2554 3506 nos
2582 3443 2823 3506 intento
2854 3442 3049 3520 digito
3075 3441 3495 3512 ostendimus;
3526 3454 3774 3518 nempe

492 3537 768 3611 codices,
797 3543 1043 3598 veteres
1070 3541 1282 3610 testes,
1317 3543 1567 3600 catenas
1603 3538 1822 3615 editas,
1855 3557 1936 3601 ne
1967 3542 2334 3604 (Ecumenio
2355 3542 2614 3622 quidem
2645 3541 2901 3613 omisso,
2923 3545 3376 3620 postremoque
3407 3534 3776 3616 symbolam

493 3639 660 3701 curis
695 3638 929 3700 nostris
960 3638 1285 3700 conlatam.

571 3765 755 3825 Nunc
789 3763 942 3843 quid
987 3764 1235 3828 consilii
1283 3766 1583 3846 ceperim,
1663 3767 1940 3847 pressius
1987 3769 2327 3832 dicendum
2391 3777 2504 3832 est.
2565 3769 2807 3830 Codicis
2832 3767 3125 3828 Parisiaci
3147 3769 3452 3835 catenam,
3493 3777 3659 3841 quae,
3696 3767 3778 3824 ut

495 3867 647 3941 dixi,
681 3866 934 3928 nonnisi
963 3866 1041 3928 ad
1066 3867 1337 3930 mediam
1378 3869 1907 3949 PauliEpistolam
1945 3870 2239 3949 pertinet,
2281 3869 2619 3931 lectitando
2656 3865 2840 3928 facile
2863 3864 3168 3937 comperi,
3201 3861 3317 3921 etsi
3369 3858 3570 3921 editor
3598 3860 3778 3923 nihil

497 3972 576 4034 de
598 3971 782 4034 editis
802 3970 898 4032 vel
920 3971 1172 4036 ineditis
1193 3973 1366 4050 dicit,
1384 3989 1668 4051 magnam
1691 3979 1956 4053 partem,
1986 3973 2063 4034 ad
2085 3971 2376 4052 Cyrillum
2409 3969 2580 4049 quod
2613 3968 2856 4043 attinet,
2883 3967 3278 4044 vulgatorum
3303 3981 3568 4044 operum
3599 3962 3779 4027 locis

495 4078 982 4140 constare.Pars
1020 4076 1432 4139 nihilominus
1460 4075 1786 4138 videbatur
1806 4091 1994 4149 nova,
2035 4092 2148 4136 seu
2176 4089 2340 4134 nunc
2377 4071 2648 4151 primum
2709 4069 2894 4130 edita.
2943 4069 3204 4129 Prorsus
3249 4065 3462 4145 itaque
3517 4063 3778 4128 codicis

496 4179 788 4268 Parisiaci
815 4179 1166 4243 institutum
1201 4181 1268 4241 in
1294 4177 1745 4242 Mediolanensi
1766 4177 1983 4240 codice
2022 4175 2442 4248 continuatur,
2477 4172 2586 4251 qui
2614 4171 2764 4233 item
2793 4167 3074 4251 partibus
3108 4168 3299 4231 modo
3329 4166 3532 4237 editis,
3562 4165 3775 4229 modo

499 4267 760 4346 ineditis
790 4279 1124 4363 (quatenus
1151 4281 1490 4345 scrutando
1506 4296 1891 4358 cognoscere
1919 4275 2114 4353 licuit)
2136 4273 2623 4338 consarcinatur.
2652 4273 2801 4345 Qum
2823 4289 2966 4334 cum
2991 4269 3075 4331 ita
3097 4285 3165 4330 se
3201 4267 3527 4340 haberent,
3554 4267 3774 4330 visum

499 4383 651 4446 mihi
679 4389 770 4446 est
799 4389 1008 4462 partes
1035 4382 1241 4463 Cy-rilli
1277 4398 1470 4444 novas
1503 4382 1828 4459 (quantum
1851 4377 2110 4440 credere
2132 4375 2323 4456 licet),
2360 4380 2492 4436 tum
2524 4373 2760 4436 codicis
2791 4369 3104 4445 Parisiaci,
3133 4375 3264 4431 tum
3317 4366 3768 4430 Mediolanen—

487 4487 604 4560 sis,
639 4502 765 4548 una
795 4485 956 4548 serie
981 4490 1341 4556 contexere,
1378 4481 1623 4542 Latinas
1641 4480 1824 4541 etiam
1854 4477 2088 4552 facere,
2113 4484 2175 4540 et
2204 4476 2326 4540 hoc
2363 4493 2506 4538 meo
2545 4474 2886 4548 volumine,
2918 4471 3089 4552 quod
3135 4476 3335 4532 totum
3363 4485 3439 4530 ex
3470 4467 3772 4546 Cyrillia-

497 4585 596 4648 nis
625 4585 874 4666 scriptis
902 4583 1328 4663 componitur,
1362 4585 1508 4660 apte
1537 4577 2104 4659 comprehendere.
2139 4578 2488 4640 Praesertim
2521 4575 2666 4655 quia
2701 4574 2780 4636 cl.
2817 4573 3186 4646 Robbiatus,
3219 4570 3442 4634 collata
3461 4569 3779 4632 Parisiaci

495 4704 754 4769 quoque
787 4687 1021 4751 codicis
1049 4690 1224 4765 parte
1253 4699 1399 4745 cum
1426 4682 1673 4761 integro
1710 4681 1931 4744 codice
1977 4678 2450 4752 Mediolanensi,
2506 4676 2732 4739 multas
2779 4675 2934 4736 mihi
2997 4681 3058 4736 et
3097 4670 3570 4752 pulcherrimas,
3607 4686 3777 4749 quae

497 4794 812 4857 Parisiaco
844 4791 1008 4852 libro
1040 4787 1175 4851 fieri
1217 4787 1473 4860 debent,
1507 4786 1985 4848 emendationes
2013 4783 2452 4864 suppeditavit.

576 4896 802 4957 Catena
842 4891 1000 4964 haec,
1030 4887 1202 4952 unde
1224 4886 1518 4966 Cyrillum
1553 4886 2007 4965 excerpsimus,
2076 4883 2319 4946 videtur
2383 4899 2699 4961 anonyma
2727 4881 2794 4942 in
2833 4879 3049 4942 codice
3081 4874 3452 4948 Parisiensi;
3495 4891 3638 4935 nam
3677 4876 3775 4938 cl.

499 4997 826 5057 Cramerus
859 4991 1094 5054 nullius
1123 4985 1396 5052 auctoris
1426 5001 1661 5048 nomen
1683 4985 1888 5065 ponit.
1916 4989 1990 5046 At
2027 4983 2511 5047 Mediolanensis
2539 4999 2679 5045 eam
2700 4980 2932 5043 diserte
2969 4977 3251 5042 inscribi‘
3312 4976 3542 5037 Nicetae
3601 4976 3776 5036 Ser-

500 5109 707 5153 rarum
733 5090 1035 5169 episcopo
1066 5085 1164 5148 his
1182 5084 1389 5147 verbis
1414 5102 1426 5146 :
1450 5092 1752 5165 Συναγωγὴ
1782 5093 2079 5164 ὲξηγήσεωη

2200 5093 2262 5146 πό
2286 5109 2348 5146 τε
2384 5091 2551 5146 θείων
2585 5089 2848 5161 Πατέρων
2879 5087 2974 5143 καὶ
3000 5081 3297 5139 τῶν-ἄλλων
3311 5080 3642 5138 διδασκάλων
3679 5083 3779 5148 εἰς

496 5200 596 5272 τὴν
619 5198 759 5272 πρδς
790 5196 1072 5268 Ἑϐραίους
1122 5193 1442 5264 Ἐπιστολὴν
1471 5191 1566 5245 τοῦ
1591 5192 1747 5260 ἁγίου
1771 5193 2069 5246 ἀποστόλου
2097 5190 2338 5258 Παύλου,
2377 5191 2696 5260 συλλεγεῖσα
2743 5187 2893 5260 παρὰ
2932 5185 3025 5241 τοῦ
3073 5187 3365 5258 ἱερωτάτου
3423 5184 3778 5256 μητροπολί-

497 5298 934 5371 τουἮρακλεῑας
956 5303 1148 5368 κυρίου
1172 5295 1388 5364 Νικήτα
1412 5295 1507 5350 τοῦ
1530 5296 1640 5350 τῶν
1665 5295 1908 5368 Σερῤὦν.
1945 5287 2016 5346 El
2034 5286 2076 5348 al

2201 5286 2262 5348 ia
2290 5302 2480 5347 manu
2505 5283 2572 5344 in
2611 5282 2856 5360 paginae
2901 5279 3070 5343 calce
3116 5278 3204 5341 sic
3245 5295 3258 5339 :
3302 5285 3431 5338 Ἀπὸ
3454 5285 3778 5357 ἑρμηνείας

498 5398 644 5471 παρὰ
681 5397 777 5452 τοῦ
805 5396 1041 5468 Σερῥῶν.
1087 5389 1382 5468 Sequitur
1434 5403 1580 5450 mox
1608 5387 1934 5468 prologus,
1962 5385 2038 5447 de
2077 5403 2204 5466 quo
2258 5385 2408 5448 item
2443 5384 2598 5446 nihil
2629 5382 2779 5445 dicit
2832 5385 3188 5455 Cramerus;
3218 5378 3327 5441 sed
3359 5393 3502 5441 cum
3548 5383 3776 5444 totum

575 5578 649 5652 (ul
683 5577 812 5652 Qum
844 5586 1046 5652 _tomu_s
1106 5577 1196 5652 ΥΠ
1259 5577 1520 5644 continet,
1557 5576 1748 5632 eadem
1785 5586 1961 5631 tomus
1993 5575 2135 5640 VIII,
2181 5583 2380 5644 praeter
2414 5572 2776 5644 fragmentum
2816 5569 3016 5636 breve;
3067 5578 3244 5623 tomus
3286 5564 3358 5620 IX
3404 5579 3572 5620 unum
3602 5561 3801 5634 trag.“

501 5647 744 5704 mentum
774 5649 953 5714 habet,
997 5647 1150 5703 Prwl‘.
1190 5663 1225 5717 p
1279 5664 1402 5704 xun
