3998 6304
209 340 302 397 109
1583 346 1983 402 PREFATION
1991 347 2092 402 ES.
2753 387 2756 390 .
3341 351 3443 406 HO

209 475 278 521 ex
303 457 701 522 Theodoreto
733 465 921 540 atque
947 461 1388 543 Chrysostomo
1422 472 1732 540 constare,
1765 466 1908 528 libri
1930 467 2079 529 editi
2105 466 2554 529 demonstrant.
2579 465 3002 536 Quamobrem
3031 467 3181 532 hinc
3203 469 3445 534 lacunae

207 561 438 640 aliquot
465 561 531 623 in
552 563 890 626 Oxoniensi
922 567 1199 630 editione
1236 569 1471 632 relicta;
1515 571 1754 650 expleri
1789 571 2162 650 potuissent,
2225 577 2287 634 et
2348 569 2577 632 menda
2627 567 2815 630 etiam
2872 569 3108 634 codicis
3127 574 3442 648 Parisiaci,

207 661 295 723 vel
337 662 774 741 quorumlibet
828 665 1251 744 librariorum,
1301 670 1462 732 tolli.

276 765 436 826 Satis
465 770 710 827 constat
739 766 1035 845 Cyrillum
1063 788 1212 833 suos
1241 773 1726 836 commentarios
1769 776 1836 836 in
1883 792 2206 838 sermones
2247 772 2480 856 (λόγους)
2549 769 2961 843 distribuisse,
2996 769 3089 830 uti
3119 785 3340 849 reapse
3378 788 3444 832 se

208 867 387 930 habet
411 871 898 932 commentarius
927 871 1060 950 ejus
1088 872 1157 931 in
1190 873 1447 947 Isaiam,
1508 889 1627 936 nec
1664 890 1794 936 non
1832 875 2181 937 Thesaurus
2204 897 2224 935 :
2253 891 2614 956 quanquam
2658 872 2704 934 ii
2753 885 3101 943 sermones,
3134 868 3446 932 sectiones

209 968 410 1047 potius
436 972 1028 1033 commentariorum
1059 972 1310 1034 dicendi
1331 982 1496 1034 sunt.
1529 975 1709 1037 Certe
1741 976 2010 1040 Severus
2046 976 2472 1040 Antiochenus
2499 976 2667 1056 apud
2698 991 2817 1038 nos
2852 973 3084 1036 citabat
3125 972 3334 1052 Cyrilli
3380 973 3446 1034 in

207 1069 319 1146 Ep.
363 1069 442 1129 II.
465 1069 545 1130 ad
575 1071 712 1130 Cor.
744 1069 996 1130 tertium
1022 1075 1085 1131 et
1133 1071 1473 1149 septimum
1498 1087 1854 1134 sermonem
1882 1072 2097 1152 (λόγον)
2136 1072 2243 1154 (α).
2275 1076 2578 1138 Caeterum
2606 1075 2914 1153 generalis
2963 1073 3190 1137 horum
3238 1075 3444 1154 Cyrilli

205 1180 463 1243 Operum
491 1171 958 1247 exegeticorum
1011 1170 1228 1233 titulus
1246 1171 1439 1233 modo
1495 1171 1613 1234 fuit
1641 1183 1784 1254 ὲρμη

1867 1183 1928 1249 ἴα,
1973 1175 2434 1252 interpretatio,
2488 1177 2680 1240 modo
2708 1187 3026 1257 ὑπόμνημα,
3057 1182 3446 1238 commenta-

205 1287 329 1331 I'lllS
338 1317 352 1330 .
2761 1328 2763 1330 ·

276 1369 332 1430 5.
368 1372 596 1451 Cyrilli
625 1379 1103 1438 commentarius
1132 1380 1199 1439 in
1234 1378 1621 1456 Psalmos.—
1646 1383 1795 1444 Post
1839 1381 2046 1462 Cyrilli
2073 1382 2150 1444 ad
2201 1386 2470 1460 quatuor
2497 1383 2673 1446 Pauli
2703 1385 3012 1465 Epistolas
3067 1392 3448 1449 commenta-

204 1470 346 1547 rios,
370 1475 449 1536 de
481 1479 759 1558 ejusdem
787 1479 866 1541 ad
893 1481 1263 1543 Psalterium
1283 1479 1819 1544 lucubrationibus
1853 1483 2128 1561 cogitare
2175 1485 2366 1562 ccepi.
2399 1485 2646 1546 Etenim
2675 1501 2792 1562 ego
2813 1485 3189 1548 Balthasaris
3213 1485 3447 1548 Corde-

203 1577 273 1638 rii
297 1578 364 1639 in
383 1580 663 1641 Psalmos
699 1585 982 1642 catenam
1011 1599 1155 1644 cum
1181 1581 1394 1661 aliquo
1424 1582 1720 1644 Vaticano
1749 1583 1969 1649 codice
2007 1582 2168 1644 forte
2208 1600 2603 1662 comparans,
2624 1587 2829 1648 statim
2861 1602 3238 1664 agnoveram
3268 1602 3446 1648 com-

202 1680 411 1760 plures
427 1683 857 1763 Cyrillipartes
871 1685 1264 1748 Corderianaa
1295 1685 1555 1748 editioni
1579 1687 2057 1766 deesse.Itaque
2084 1687 2378 1748 constitui
2406 1704 2481 1749 ea
2509 1693 2754 1750 tantum
2776 1689 2990 1767 Cyrilli
3019 1693 3347 1766 segmenta
3369 1703 3448 1748 ex

201 1781 507 1844 Vaticanis
538 1785 860 1849 codicibus
893 1805 1165 1862 sumere,
1201 1806 1342 1868 quae
1368 1789 1435 1850 in
1467 1789 1666 1851 tribus
1701 1791 2093 1852 Corderianas
2129 1797 2364 1852 catena)
2422 1790 2846 1854 voluminibus
2871 1809 2998 1854 non
3036 1790 3444 1871 apparebant.

198 1881 323 1942 Hoc
354 1889 654 1962 suscepto
683 1885 1033 1964 proposito,
1067 1887 1231 1965 cmpi
1257 1888 1584 1949 Vaticanas
1616 1889 1695 1950 ad
1736 1889 2017 1951 Psalmos
2045 1894 2298 1950 catenas
2339 1895 2530 1968 prout
2569 1907 2638 1952 se
2690 1892 2922 1954 dabant
2977 1897 3296 1966 excutere,
3327 1897 3447 1953 tot-

200 1994 314 2056 que
348 1979 600 2043 illarum
643 1982 856 2043 inveni
900 1985 1171 2059 codices,
1203 1989 1274 2046 ut
1301 1984 1747 2046 duodecimum
1785 2003 2120 2049 numerum
2151 1985 2306 2048 mihi
2350 1986 2771 2066 expleverint;
2829 2007 2990 2069 quos
3051 2007 3170 2068 ego
3195 1990 3447 2052 codices

197 2077 257 2139 in
286 2078 428 2139 libri
458 2082 590 2144 mei
621 2083 1009 2161 marginibus
1052 2083 1287 2146 denoto
1325 2083 1545 2146 litteris
1594 2089 1663 2144 A.
1693 2087 1763 2144 Β.
1802 2087 1864 2146 C.
1907 2087 1976 2145 D.
2001 2085 2072 2146 E.
2104 2087 2171 2146 F.
2215 2087 2287 2147 G.
2319 2087 2397 2148 Η.
2431 2089 2479 2147 Ι.
2521 2089 2594 2148 Κ.
2638 2089 2706 2148 L.
2738 2090 2818 2149 M.
2857 2091 2930 2150 Et
2949 2090 3204 2168 quidem
3237 2090 3447 2168 Cyrilli

197 2194 424 2241 nomen
461 2180 527 2240 in
563 2182 828 2260 singulis
848 2184 1314 2247 codicumlocis
1341 2193 1650 2266 perpetuo
1680 2186 1994 2260 scribitur,
2025 2191 2096 2248 ut
2125 2185 2255 2248 dixi
2305 2187 2373 2248 in
2399 2188 2613 2250 adnot.
2645 2189 2724 2250 ad
2779 2206 2938 2251 vers.
2964 2191 2998 2250 9
3029 2190 3256 2269 psalmi
3311 2208 3440 2252 xm.

195 2282 296 2345 His
326 2285 573 2348 accedit
605 2287 864 2350 unicum
884 2287 1105 2349 folium
1133 2289 1520 2364 Veronense,
1558 2289 1636 2352 de
1665 2307 1792 2370 quo
1824 2307 1973 2354 mox
2029 2289 2274 2370 loquar.
2308 2291 2402 2352 Ibi
2430 2292 2750 2354 enimvero
2779 2299 2986 2373 cmpto
3011 2298 3072 2355 et
3100 2292 3289 2373 paulo
3311 2293 3446 2354 lon-

193 2388 324 2466 gius
362 2405 705 2469 progresso
739 2404 956 2468 Opere,
989 2405 1133 2450 cum
1170 2388 1411 2451 inedita
1444 2391 1652 2469 Cyrilli
1679 2393 1937 2454 materia
1975 2390 2210 2453 affatim
2248 2395 2309 2452 et
2341 2407 2531 2471 supra
2566 2408 2820 2453 omnem
2859 2410 3038 2472 spem
3068 2393 3440 2470 abundaret,

192 2491 558 2570 poenitentia
587 2507 688 2552 me
716 2490 906 2570 cepit,
935 2491 1106 2571 quod
1135 2490 1576 2571 supplementa
1596 2492 1806 2569 Cyrilli
1840 2508 2125 2554 seorsum
2164 2508 2200 2552 a
2226 2497 2445 2553 catena
2474 2493 2752 2555 Corderii
2779 2493 2950 2572 typis
2979 2494 3293 2556 excudere
3349 2496 3439 2558 in-

190 2595 550 2669 stituissem,
585 2611 729 2656 cum
761 2603 980 2657 contra
1036 2596 1419 2675 oportuisset
1465 2594 1874 2657 Corderianas
1927 2595 2139 2675 potius
2177 2593 2384 2674 Cyrilli
2436 2599 2647 2674 partes
2699 2595 2864 2657 inter
2893 2595 3038 2656 libri
3080 2595 3205 2656 mei
3239 2596 3438 2660 multo

188 2694 514 2756 uberiores
552 2711 623 2756 ac
651 2696 1116 2775 praestantiores
1170 2696 1414 2758 divitias
1443 2712 1777 2758 conserere
1815 2713 1829 2756 :
1868 2713 1995 2776 quo
2023 2696 2213 2770 facto,
2246 2695 2562 2773 integrum
2589 2713 2792 2776 prOpe
2821 2697 3026 2776 Cyrilli
3050 2698 3130 2760 ad
3159 2699 3438 2763 Psalmos

190 2797 710 2858 commentarium
734 2797 801 2859 in
830 2799 1053 2861 seriem
1092 2799 1525 2863 restituissem.
1559 2801 1752 2862 Tanta
1783 2799 1952 2861 enim
1987 2804 2080 2861 est
2115 2799 2465 2878 Cyrillianaa
2507 2800 2600 2862 rei
2652 2801 2720 2862 in
2758 2801 3072 2864 Vaticanis
3112 2803 3436 2873 codicibus

189 2895 392 2974 cOpia,
435 2902 504 2958 ut
544 2895 890 2974 fragmenta
927 2899 1192 2963 antehac
1255 2899 1420 2962 edita
1452 2898 1642 2977 longe
1679 2906 1936 2981 superet
1975 2900 2344 2979 obruatque.
2398 2902 2578 2963 Nunc
2624 2900 2772 2981 quia
2816 2901 3148 2965 consilium
3190 2909 3434 2967 mutare

151 3055 154 3058 .
191 3002 394 3074 empto
429 2995 499 3057 in
529 3013 722 3076 Opere
765 3016 895 3060 non
926 2999 1176 3076 licebat,
1211 3006 1499 3080 superest
1527 3007 1594 3063 ut
1628 3008 1762 3064 tum
1791 3002 2045 3065 demum
2082 3008 2251 3064 totus
2287 3002 2497 3082 Cyrilli
2518 3003 2584 3064 in
2617 3003 2897 3066 Psalmos
2945 3005 3434 3067 commentarius

190 3113 307 3158 una
338 3096 505 3158 serie
539 3105 945 3161 connectatur
979 3097 1089 3180 (ὁ),
1125 3117 1265 3163 cum
1295 3099 1504 3163 omnia
1541 3100 1914 3162 sanctissimi
1940 3099 2053 3161 viri
2081 3117 2297 3180 Opera,
2338 3100 2568 3180 partim
2591 3100 2798 3162 adhuc
2833 3099 3117 3180 dispersa
3148 3107 3257 3162 aut
3279 3118 3430 3181 per-

190 3197 431 3260 turbata
459 3247 473 3270 ,
516 3215 682 3261 novo
717 3217 787 3263 ac
820 3199 1083 3265 meliore
1126 3209 1436 3282 apparatu
1473 3201 1771 3276 edentur;
1811 3203 1985 3282 quod
2030 3201 2168 3264 fore
2200 3218 2495 3282 auguror,
2529 3207 2590 3265 et
2613 3202 2680 3266 in
2725 3201 3068 3290 superioris
3098 3201 3435 3265 voluminis

189 3299 460 3378 prologo
489 3301 638 3363 satis
667 3303 854 3364 suasi.

261 3401 320 3464 6.
351 3403 615 3465 Codices
645 3405 808 3467 unde
837 3414 1115 3487 sumptus
1147 3405 1444 3485 Cyr-illus.
1474 3442 1549 3453 —
1578 3407 1735 3470 Sunt
1764 3410 1972 3468 autem
2011 3409 2369 3468 catenarum
2406 3403 2473 3464 in
2512 3400 2790 3464 Psalmos
2819 3402 3103 3464 Vaticani
3157 3403 3430 3482 codices,

188 3504 354 3566 unde
384 3522 503 3568 nos
533 3507 828 3586 Cyrillum
856 3508 1202 3584 hausimus,
1232 3509 1322 3570 hi.
1353 3512 1404 3570 Ι.
1441 3509 1651 3573 Codex
1692 3524 1882 3587 quem
1907 3511 1975 3567 A.
2007 3504 2283 3584 appello,
2324 3504 2488 3565 inter
2543 3507 2805 3565 caeteros
2855 3507 3183 3583 praestans,
3225 3521 3428 3567 mem-

191 3601 488 3681 braneus,
524 3609 739 3671 saeculi
782 3627 918 3684 xm,
957 3610 1023 3671 in
1053 3609 1164 3672 fol.
1196 3609 1487 3671 Continet
1524 3609 1578 3669 is
1627 3607 1862 3669 Nicetaa
1889 3606 1957 3668 in
1987 3604 2274 3684 Psalmos
2295 3606 2547 3667 Patrum
2595 3610 2904 3680 catenam,
2958 3606 3221 3686 praefixo
3275 3625 3428 3688 pro-

188 3705 357 3785 logo,
410 3728 604 3790 quem
651 3729 768 3774 nos
821 3718 964 3775 ante
1013 3713 1308 3792 Cyrillum
1360 3717 1643 3774 nostrum
1686 3715 1929 3772 exstare
1978 3708 2311 3771 voluimus.
2358 3709 2465 3768 Est
2499 3707 2601 3770 hic
2637 3706 2807 3768 idem
2837 3707 3040 3770 codex
3075 3708 3247 3772 unde
3279 3709 3430 3772 Olim

187 3805 653 3871 Felckmannus
679 3827 841 3872 nova
875 3811 1088 3889 magni
1125 3809 1444 3872 Athanasii
1475 3809 1553 3870 ad
1580 3806 1862 3870 Psalmos
1889 3807 2236 3885 fragmenta
2265 3807 2504 3881 extulit,
2531 3822 2673 3887 qum
2701 3806 2769 3868 in
2789 3807 3244 3873 Montfauconii
3285 3811 3426 3874 edi-

187 3905 356 3968 tione
414 3907 629 3970 videre
670 3917 782 3971 est.
832 3909 986 3982 Quia
1034 3926 1180 3970 vero
1223 3907 1325 3969 hic
1380 3906 1581 3970 codex
1631 3906 1888 3968 nonnisi
1933 3922 2134 3986 usque
2164 3905 2240 3967 ad
2281 3905 2590 3985 psalmum
2633 3922 2830 3966 Lxxv1
2874 3907 3238 3986 porrigitur,
3281 3913 3429 3974 satis

187 4013 434 4070 constat
468 4007 690 4071 deesse
737 4009 1001 4072 alterum
1045 4009 1213 4089 paris
1262 4007 1447 4070 molis
1476 4005 1794 4075 volumen,
1825 4006 1997 4086 quod
2027 4023 2179 4067 num
2216 4004 2445 4067 alicubi
2476 4004 2681 4067 adhuc
2717 4011 2938 4081 exstet,
2974 4007 3153 4071 valde
3185 4010 3424 4075 dubito.

185 4112 259 4170 II.
285 4112 499 4174 Codex
522 4114 620 4188 B.,
654 4112 1041 4187 chartaceus,
1066 4112 1280 4175 saeculi
1299 4129 1412 4186 xv,
1442 4109 1582 4185 fol.,
1620 4110 1688 4171 in
1717 4109 1844 4172 duo
1868 4127 2093 4188 magna
2111 4108 2430 4171 volumina
2458 4108 2844 4188 dispertitus,
2872 4127 3017 4170 cum
3054 4116 3273 4174 catena
3306 4115 3423 4176 Pa-

186 4217 348 4273 trum
388 4213 468 4274 ad
503 4214 868 4276 Psalterium
908 4220 1108 4277 totum
1149 4212 1601 4293 copiosissima.
1636 4213 1834 4285 Quare
1865 4216 1926 4272 et
1957 4210 2059 4273 hic
2107 4210 2272 4272 inter
2303 4209 2435 4272 fere
2473 4209 2898 4272 nobilissimos
2941 4209 3269 4272 habendus
3309 4218 3422 4274 est.

182 4312 285 4372 III.
311 4313 524 4374 Codex
544 4314 633 4387 C.,
666 4314 1107 4394 bombycinus,
1129 4314 1196 4375 in
1215 4313 1273 4388 4,
1301 4330 1446 4375 saec.
1481 4331 1617 4387 XIV,
1652 4311 1763 4391 qui
1804 4317 2035 4391 praeter
2072 4316 2358 4372 catenam
2386 4308 2576 4370 habet
2607 4309 2794 4370 etiam
2822 4308 3177 4386 adjunctam
3208 4328 3424 4388 quam-

184 4412 325 4473 dam
373 4411 838 4492 paraphrasim;
883 4413 969 4474 ita
1013 4420 1225 4475 tamen
1252 4417 1322 4473 ut
1357 4429 1393 4472 a
1431 4410 1591 4492 psal.
1631 4428 1841 4472 XXXVI
1875 4411 1953 4472 ad
1983 4426 2044 4470 LI
2070 4415 2132 4471 et
2153 4407 2472 4470 interdum
2513 4406 2665 4468 alibi
2702 4404 3089 4467 scholiorum
3126 4408 3426 4472 comitatu

185 4511 583 4574 destituatur.
612 4513 714 4574 IV.
749 4513 958 4575 Codex
998 4515 1096 4590 D.,
1134 4514 1424 4586 membr.,
1458 4512 1527 4572 in
1573 4511 1713 4586 fol.,
1752 4529 1898 4574 saec.
1946 4528 2037 4586 x1,
2094 4509 2272 4573 valde
2325 4507 2575 4584 nobilis,
2626 4524 2768 4571 cum
2814 4513 3121 4588 perpetua
3182 4516 3421 4587 catena,

184 4627 328 4672 cum
353 4611 801 4692 hexaplaribus
839 4614 904 4674 in
965 4613 1242 4691 margine
1294 4609 1723 4683 varietatibus,
1771 4615 1833 4670 et
1862 4625 2006 4671 cum
2036 4608 2256 4687 grandi
2311 4609 2588 4686 isagoge,
2629 4623 2708 4668 ex
2754 4623 2878 4686 qua
2919 4607 3423 4674 Montfauconius

179 4711 243 4774 in
288 4714 432 4776 aliis
475 4715 635 4778 lecta
677 4716 1001 4779 codicibus
1046 4716 1161 4776 tria
1205 4714 1489 4793 Origenis
1535 4710 1839 4792 Opuscula
1890 4712 2084 4773 edidit
2139 4720 2285 4774 ante
2312 4710 2812 4790 ,celeberrimam
2867 4728 3042 4774 suam
3096 4714 3420 4794 Hexaplo-

175 4831 317 4872 rum
351 4814 836 4880 restitutionem.
885 4816 958 4876 V.
1010 4814 1219 4877 Codex
1245 4815 1342 4888 Ε.,
1391 4812 1856 4886 membraneus,
1904 4811 2043 4886 fol.,
2077 4828 2220 4874 saec.
2267 4829 2405 4892 xlv,
2439 4817 2658 4873 catena
2687 4810 2754 4872 in
2791 4815 2992 4871 totum
3026 4811 3415 4874 Psalterium.

176 4913 277 4972 VI.
326 4915 540 4975 Codex
568 4917 660 4989 F.,
698 4916 764 4976 in
809 4915 893 4991 4.,
926 4915 1393 4989 membraneus,
1427 4912 1640 4975 saeculi
1681 4929 1750 4973 x1
1778 4913 1877 4974 vel
1905 4931 2022 4987 χιι,
2058 4911 2329 4991 eleganti
2369 4912 2735 4992 scriptione,
2764 4910 2831 4970 in
2873 4909 3153 4972 Psalmos
3196 4929 3419 4975 omnes

175 5020 423 5076 catena.
472 5017 602 5076 VII.
647 5017 856 5079 Codex
908 5019 1006 5093 C.,
1056 5016 1194 5093 fol.,
1236 5018 1458 5089 chart.,
1518 5035 1762 5094 recens,
1819 5027 2040 5081 catena
2086 5033 2122 5079 a
2157 5016 2398 5098 psalmo
2435 5032 2495 5076 LI
2530 5030 2734 5094 usque
2757 5011 2835 5074 ad
2883 5012 3072 5074 ﬁnem
3109 5014 3413 5078 Psalterii.

178 5117 340 5177 VIII.
365 5118 574 5180 Codex
605 5120 708 5192 Η.,
729 5118 868 5193 fol.,
902 5119 1125 5195 chart.,
1155 5119 1223 5181 in
1255 5119 1381 5180 duo
1404 5118 1721 5181 volumina
1741 5124 1969 5195 sectus,
2003 5118 2110 5199 qui
2131 5117 2248 5180 fuit
2279 5117 2429 5180 Olim
2459 5113 3414 5194 Gibertiepiscoineronensis,

177 5223 402 5280 catena
425 5218 619 5280 densa
647 5234 684 5280 a
718 5216 958 5297 psalmo
980 5235 1060 5279 Lv
1085 5217 1153 5278 in
1184 5234 1403 5279 omnes
1432 5217 1732 5298 reliquos,
1764 5235 1905 5298 quas
1934 5235 2076 5280 cum
2096 5216 2202 5278 illa
2222 5221 2559 5296 praestante
2581 5209 2817 5274 codicis
2844 5211 2912 5270 B.
2945 5211 3123 5276 valde
3156 5218 3415 5296 conspi-

173 5323 290 5378 rat.
331 5320 434 5379 IX.
459 5319 670 5381 Codex
704 5320 752 5391 Ι,
786 5319 1078 5391 membr.,
1111 5316 1248 5392 fol.,
1299 5335 1446 5379 saec.
1488 5335 1601 5394 xu,
1651 5323 1870 5381 catena
1909 5335 1944 5380 a
1984 5317 2141 5399 psal.
2175 5317 2381 5396 primo
2423 5312 2504 5375 ad
2542 5310 3169 5391 quinquagesimum;
3222 5335 3416 5396 quare

174 5419 267 5478 vix
313 5425 404 5480 est
442 5419 884 5493 dubitandum,
913 5420 1064 5500 quin
1103 5418 1223 5481 alia
1255 5419 1379 5481 duo
1419 5420 1587 5502 paris
1615 5419 1803 5498 molis,
1839 5419 2156 5502 volumina
2203 5415 2555 5478 interierint
2586 5413 2683 5477 vel
2726 5415 2957 5477 alicubi
3018 5415 3272 5478 lateant.
3311 5419 3416 5480 Est

171 5535 321 5580 vero
357 5517 460 5582 hic
505 5519 712 5583 codex
745 5519 943 5582 multo
977 5520 1366 5595 utilissimus,
1403 5519 1549 5600 quia
1577 5519 1852 5600 spatiosa
1871 5501 2060 5598 'pene
2110 5532 2243 5596 prce
2292 5513 2536 5576 caeteris
2575 5512 2856 5576 continet
2892 5513 3143 5575 Patrum
3191 5530 3417 5578 excer-

240 5681 316 5752 ια)
343 5685 474 5741 Vide
507 5695 628 5741 not.
671 5685 742 5740 ad
768 5683 1380 5757 CyrilliExpositionem
1422 5685 1478 5742 in
1509 5685 1553 5740 ll
1582 5684 1730 5750 Cor.,
1827 5679 1986 5757 r_(b)
2031 5679 2187 5757 Quod
2244 5679 2300 5735 in
2347 5679 2449 5735 hac
2500 5679 2793 5735 novissima
2851 5677 3092 5735 editione
3155 5677 3406 5735 iecimus.

166 5766 288 5826 cap.
322 5772 429 5824 xm,
461 5773 613 5813 vers.
649 5757 704 5810 5.
815 5751 829 5757 ⁷
1058 5751 1077 5757 “
1492 5762 1498 5770 “
1563 5759 1569 5766 ’
1653 5761 1659 5765 '
1841 5752 2003 5807 .Enn'.
2039 5751 2198 5805 Pun.
