3998 6304
581 321 613 378 Ί
630 322 686 376 Η
1949 320 2154 378 Ολῐω.

2260 323 2346 380 ω.
2386 322 2509 378 MAI
3735 323 3839 380 112

593 445 734 519 pta:
767 451 909 515 quaa
930 450 1031 495 res
1068 447 1169 494 me
1200 431 1539 494 commovit
1564 438 1656 508 ut,
1695 436 1929 512 praeter
1957 433 2278 514 Cyrillum,
2311 435 2466 498 alios
2496 452 2752 514 quoque
2784 436 3024 516 aliquot
3060 452 3466 516 exc-erperem
3507 435 3722 498 Patres
3748 437 3839 498 in-

592 540 816 614 editos,
858 555 1018 618 quos
1055 544 1342 616 tempore
1384 535 1718 598 commodo
1766 536 1833 598 in
1870 535 2074 600 lucem
2117 538 2455 618 proferam.
2510 541 2582 599 X.
2630 540 2840 603 Codex
2879 543 2980 616 K.,
3021 541 3313 613 membr.,
3348 540 3485 614 fol.,
3528 558 3676 604 saec.
3721 559 3833 610 xu,

589 647 810 704 catena
842 639 1083 715 integra
1123 636 1190 698 in
1221 634 1526 711 Psalmos,
1559 653 1699 698 cum
1749 635 1856 698 illa
1885 654 2140 717 quoque
2160 639 2421 717 isagoge
2453 639 2530 700 de
2554 657 2678 718 qua
2709 639 2838 701 dixi
2861 641 2939 702 ad
2989 642 3130 703 cod.
3194 641 3264 700 D.
3289 643 3358 702 In
3410 640 3526 703 hac
3583 641 3834 722 isagoge

587 752 740 806 sunt
761 739 950 803 etiam
978 736 1362 799 Theodoreti
1398 743 1770 814 argumenta
1815 738 2228 816 Psalmorum,
2271 743 2469 805 multo
2501 743 2684 804 editis
2733 741 3042 822 pleniora,
3090 759 3453 822 quanquam
3495 743 3836 806 identidem

583 852 754 909 certe
781 840 1161 923 interpolata
1197 845 1365 902 sunt.
1394 841 1498 901 XI.
1531 839 1740 902 Codex
1775 843 1870 916 L.,
1897 843 2192 918 membr.,
2226 843 2292 903 in
2329 843 2385 918 4,
2421 843 2636 906 εωουιὶ
2674 844 2871 905 ferme
2913 861 3004 904 xn
3039 852 3146 907 aut
3173 864 3310 922 xm,
3338 855 3556 910 catena
3585 849 3650 910 in
3691 850 3834 912 uni-

581 965 832 1012 versum
862 945 1258 1018 Psalterium,
1299 957 1445 1004 cum
1475 940 1777 1021 praedicta
1821 939 2106 1020 isagoge.
2139 943 2493 1022 Cmteroqui
2529 942 2630 1004 hic
2663 941 2866 1004 codex
2915 943 3162 1004 mendis
3199 944 3494 1007 abundat.
3551 947 3682 1007 XII.
3721 949 3836 1010 Co-

579 1056 827 1129 dexM.,
861 1055 1086 1127 chart.,
1125 1049 1265 1124 fol.,
1297 1064 1443 1109 saec.
1481 1065 1595 1121 xv,
1647 1045 1715 1106 in
1746 1046 2108 1108 universum
2143 1045 2514 1108 Psalterium
2567 1052 2809 1108 catena.
2861 1047 3074 1107 Patres
3105 1053 3315 1108 autem
3355 1045 3422 1108 in
3459 1047 3558 1109 his
3600 1048 3838 1110 catenis

579 1155 812 1218 laudati
843 1171 1034 1235 supra
1063 1148 1520 1231 quinquaginta
1548 1153 1716 1222 sunt,
1752 1163 1986 1227 nempe
2023 1147 2402 1220 Anastasius,
2428 1147 2706 1210 Andreas
2743 1147 3122 1228 (Cretensis),
3157 1151 3526 1228 Anonymus
3557 1149 3834 1229 quidam,

579 1259 950 1334 Antiochus,
981 1254 1383 1338 Apollinaris,
1412 1252 1698 1328 Arethas,
1729 1252 2049 1327 Arsenius,
2093 1253 2390 1327 Asterius,
2424 1270 2596 1316 nunc
2625 1252 2760 1314 sine
2786 1252 3101 1331 adjuncto,
3133 1266 3302 1312 nunc
3338 1251 3623 1326 Arianus,
3657 1250 3838 1313 Atha-

580 1361 817 1435 nasius,
860 1358 1149 1430 Basilius,
1191 1357 1545 1433 Cassianus,
1576 1357 1884 1431 Clemens,
1929 1355 2195 1436 Cyrillus
2230 1357 2434 1431 Alex.,
2470 1355 2739 1436 cyrillus
2782 1354 3125 1430 Hierosol.,
3163 1353 3426 1434 Cyrillus
3482 1355 3832 1434 presbyter,

574 1459 906 1539 Didymus,
967 1456 1305 1530 Diodorus,
1364 1456 1727 1535 Dionysius,
1792 1456 2169 1531 Dorotheus,
2218 1455 2639 1536 Ephrmmius,
2685 1456 3108 1536 Epiphanius,
3162 1455 3482 1531 Evagrius,
3534 1452 3835 1531 Eulogius

577 1559 783 1632 Alex.,
815 1557 1125 1619 Ensebius
1154 1558 1408 1632 Cmsar.,
1450 1556 1836 1631 Gennadius,
1869 1557 2196 1634 Georgius,
2246 1557 2617 1631 Germanus,
2671 1556 3010 1634 Gregorius
3046 1556 3222 1628 Naz.,
3253 1552 3592 1630 Gregorius
3622 1554 3833 1632 Nyss.,

568 1659 958 1733 Hadrianus,
989 1655 1366 1738 Hesychius,
1405 1659 1852 1737 Hieronymus,
1885 1657 2217 1738 Hypatius,
2252 1659 2528 1720 Joannes
2557 1657 3058 1737 Chrysostomus,
3091 1657 3367 1718 Joannes
3398 1655 3834 1726 Damascenus,

566 1761 879 1834 Isidorus,
925 1759 1257 1834 Maximus,
1289 1760 1762 1839 Metaphrastes,
1808 1758 2187 1836 Methodius,
2219 1760 2686 1840 MetrOphanes,
2731 1760 2976 1821 Nicetas
3016 1757 3230 1832 David,
3256 1757 3452 1833 Nilus,
3505 1755 3833 1835 Olympio-

580 1865 798 1938 dorus,
851 1861 1182 1940 Origenes,
1235 1859 1417 1922 Philo
1469 1863 1690 1936 Hebr.,
1744 1861 2032 1938 Photius,
2073 1863 2363 1936 Severus,
2409 1860 2684 1936 Scholia,
2722 1859 3182 1937 Theodoretus,
3215 1862 3608 1934 Theodorus,
3635 1856 3826 1920 modo

577 1968 715 2029 sine
747 1966 1043 2045 adjuncto
1077 1964 1365 2044 (fortasse
1399 1964 1855 2046 Heracleotes),
1889 1966 2084 2030 modo
2112 1965 2541 2030 Antiochenus
2571 1965 2672 2028 vel
2703 1968 3126 2047 Mopsuestia),
3183 1965 3581 2028 Theodosius
3633 1961 3836 2043 (cujus

579 2081 699 2126 nos
754 2064 906 2126 olim
940 2063 1255 2126 edidimus
1285 2063 1529 2127 scholia
1559 2064 1849 2144 quaedam
1880 2066 1959 2128 ad
1987 2065 2358 2145 Danielem),
2394 2065 2782 2140 Theodotus,
2817 2063 3230 2144 Theophilus,
3271 2071 3333 2128 et
3361 2064 3624 2126 fortasse
3668 2076 3834 2120 non-

576 2168 736 2230 nulli
763 2167 892 2231 alii.
921 2168 1198 2230 Citantur
1234 2173 1541 2249 praeterea
1577 2168 1918 2248 aliquando
1947 2175 2156 2232 textus
2173 2170 2500 2245 Hebrmus,
2525 2169 2932 2250 Septuaginta
2959 2171 3362 2248 Interpretes,
3394 2161 3638 2242 Aquila,
3663 2159 3838 2238 Sym-

557 2264 860 2341 machus,
896 2265 1272 2340 Theodotio,
1311 2271 1374 2326 et
1399 2264 1622 2338 Quinta
1667 2282 1740 2329 ac
1775 2267 1961 2330 Sexta
1984 2267 2333 2331 Editiones.
2362 2269 2454 2329 Ex
2478 2267 2578 2330 his
2613 2269 2885 2348 quisque
2917 2268 3198 2331 eruditus
3246 2267 3436 2340 videt,
3473 2260 3693 2342 quanti
3739 2257 3836 2319 la-

557 2381 754 2438 -teant
788 2375 856 2437 in
881 2373 980 2436 his
1012 2373 1340 2437 codicibus
1369 2373 1673 2436 doctrinm
1701 2373 2007 2448 thesauri,
2047 2376 2158 2455 qui
2193 2375 2587 2455 singulorum
2634 2377 2885 2437 Patrum
2931 2373 3238 2437 editiones
3272 2366 3594 2432 cumulare
3646 2369 3836 2443 pote-

565 2483 745 2550 runt,
779 2476 878 2539 vel
909 2475 1096 2538 etiam
1126 2473 1417 2555 primitus
1451 2473 1518 2536 in
1559 2474 1883 2554 publicam
1919 2475 2127 2539 lucem
2168 2477 2494 2541 vindicari.
2554 2478 2680 2538 Nos
2722 2476 2965 2538 interea
3015 2492 3216 2538 unum
3265 2492 3344 2537 ex
3389 2476 3484 2534 tot
3537 2468 3837 2549 Cyrillum

579 2577 1070 2659 Alexandrinum
1091 2576 1554 2657 excerpsimus,
1585 2583 1648 2640 et
1683 2579 2078 2658 singulorum
2122 2581 2416 2644 codicum
2454 2559 2820 2645 indicativas
2845 2581 3082 2642 litteras
3107 2577 3174 2638 in
3205 2575 3346 2636 libri
3375 2570 3573 2634 nostri
3601 2567 3833 2646 margi-

559 2681 766 2743 nibus
791 2677 871 2741 ad
913 2683 1286 2760 perpetuam
1314 2679 1590 2743 veritatis
1611 2680 2213 2746 demonstrationem
2243 2684 2556 2748 laboriosa
2591 2684 2919 2747 sedulitate
2953 2681 3381 2762 ascripsimus.

657 2781 717 2841 7.
762 2780 988 2858 Cyrilli
1023 2782 1446 2862 fragmentum
1489 2787 1836 2849 Veronense
1868 2797 1926 2849 et
1964 2789 2114 2850 alia.
2144 2825 2218 2834 ——
2249 2791 2386 2852 Dixi
2435 2797 2640 2866 antea,
2680 2808 2782 2852 me
2810 2790 2890 2852 de
2933 2788 3283 2851 Veronensi
3320 2799 3577 2866 quoque
3624 2779 3839 2860 Cyrilli

577 2887 931 2965 fragmento
959 2886 1342 2951 locuturum.
1360 2891 1459 2952 Ea
1486 2908 1586 2952 res
1616 2891 1700 2954 ita
1725 2909 1793 2954 se
1824 2891 2016 2955 habet
2043 2912 2056 2954 :
2083 2898 2261 2957 Anno
2292 2893 2463 2970 18M,
2486 2901 2818 2975 postquam
2847 2895 3065 2955 Romae
3086 2896 3216 2970 jam
3244 2886 3540 2967 Cyrillum
3569 2884 3634 2945 in
3657 2880 3836 2944 Pauli

561 2989 887 3069 'Epistolas
909 2990 1081 3070 typis
1102 2987 1565 3072 impressei‘am,
1601 2991 2012 3072 ejusdemque
2042 2993 2108 3055 in
2128 2994 2408 3056 Psalmos
2439 2993 2959 3057 commentarium
2997 2991 3222 3072 partim
3257 3005 3438 3068 aeque
3468 2985 3647 3068 prelo
3675 3001 3832 3062 sup-

578 3107 939 3171 posueram,
969 3088 1136 3152 facto
1165 3090 1232 3152 in
1262 3088 1728 3154 autumnalibus
1763 3091 1938 3155 feriis
1976 3110 2092 3172 per
2124 3095 2519 3175 superiorem
2550 3093 2793 3156 Italiam
2825 3111 3116 3166 excursu,
3153 3090 3434 3152 Venetiis
3468 3086 3676 3168 primo
3708 3084 3830 3163 Cy-

577 3196 702 3259 rilli
722 3196 1072 3275 fragmenta
1092 3195 1172 3258 ad
1198 3198 1444 3274 Regum
1463 3195 1660 3259 libros
1682 3211 1760 3258 ex
1789 3196 1989 3259 nobili
2017 3197 2334 3260 Marciano
2363 3196 2582 3261 codice
2615 3195 2866 3275 collegi.
2907 3194 3146 3257 Deinde
3175 3193 3490 3255 Veronam
3540 3186 3830 3257 veniens,

583 3298 752 3361 adita
801 3300 936 3360 RR.
966 3298 1428 3361 Canonicorum
1461 3298 1698 3378 insigni
1745 3297 2036 3362 codicum
2098 3299 2506 3376 bibliotheca,
2553 3300 2814 3380 quaesivi
2850 3316 2887 3362 a
2937 3295 3417 3362 bibliothecario
3469 3307 3628 3353 num
3676 3286 3830 3369 quid

560 3402 902 3483 'fbi'Cyrilli
937 3411 1446 3478 conservaretur;
1479 3405 1589 3484 qui
1635 3403 1792 3466 mihi
1851 3404 2059 3466 statim
2111 3403 2336 3467 folium
2376 3406 2627 3480 obtulit,
2675 3404 2844 3467 inter
2894 3402 3146 3465 codices
3183 3399 3312 3460 illic
3366 3397 3830 3462 conservatum,

578 3504 750 3584 quod
781 3503 1006 3584 cupide
1040 3504 1406 3585 inspiciens,
1429 3511 1639 3590 ipsam
1667 3527 1806 3573 esse
1842 3509 2114 3588 cognovi
2133 3509 2347 3590 Cyrilli
2377 3510 2813 3591 praefationem
2850 3506 3016 3587 (quae
3059 3505 3127 3565 in
3154 3500 3468 3567 Vaticanis
3501 3493 3832 3559 codicibus

577 3609 812 3689 deerat)
854 3612 934 3672 ad
989 3630 1172 3674 suum
1224 3614 1291 3674 in
1327 3614 1612 3678 Psalmos
1644 3617 2193 3692 commentarium,
2222 3633 2414 3696 quem
2443 3633 2589 3695 ego,
2620 3622 2691 3677 ut
2722 3613 2874 3689 dixi,
2899 3613 3030 3693 jam
3057 3605 3423 3686 imprimere
3451 3590 3831 3675 acephalum

578 3711 804 3770 Romen
837 3727 1178 3792 coeperam.
1202 3715 1368 3794 Ergo
1416 3716 1559 3778 data
1585 3734 1619 3779 a
1644 3717 1777 3778 RR.
1819 3719 2149 3784 Canonicis
2187 3721 2464 3799 benigne
2493 3721 2671 3783 venia
2717 3717 3049 3797 gemmulae
3096 3713 3284 3796 hujus
3315 3700 3634 3783 exemplar
3660 3698 3830 3799 ΡΨῨ·

575 3813 697 3876 bus
739 3811 1084 3877 litterarum
1122 3815 1341 3881 formis
1369 3819 1674 3897 faciendi,
1737 3829 1927 3904 prout
1987 3841 2156 3886 nunc
2211 3823 2280 3884 in
2331 3797 2541 3885 tabula
2595 3828 2809 3883 nostra
2855 3817 3245 3897 conspicitur
3307 3808 3432 3888 (a);
3501 3815 3650 3862 mox
3703 3797 3830 3860 ibi'

579 3907 726 3972 dem
770 3911 894 3991 legi
951 3914 1140 3977 etiam
1194 3919 1694 4002 manuscriptum
1746 3921 2191 4003 capitularium
2221 3921 2512 3983 codicum
2547 3918 2896 3981 indiculum
2931 3934 2967 3978 a
3005 3914 3302 3993 Scipione
3359 3904 3625 3968 Matfaeio
3680 3917 3835 3964 con-

580 4011 930 4086 fectum,in
971 4033 1100 4096 quo
1129 4019 1246 4081 sub
1295 4038 1562 4086 numero
1611 4021 1719 4085 119
1752 4021 1845 4082 vir
1885 4022 1992 4086 ille
2044 4020 2466 4094 doctissimus,
2511 4017 2830 4100 Cyrilliani
2899 4016 3036 4080 folii
3091 4018 3270 4076 antea
3327 4021 3684 4090 possessor,
3749 4005 3833 4066 ita

580 4111 802 4176 scribit
837 4132 851 4176 2
890 4139 918 4172 ‹‹
945 4117 1156 4181 Codex
1186 4136 1314 4182 non
1348 4127 1464 4198 est,
1499 4140 1690 4202 quem
1727 4123 1829 4186 hic
1857 4121 1996 4194 tibi,
2027 4121 2248 4192 lector,
2279 4135 2490 4193 narro,
2540 4119 2652 4181 sed
2687 4118 2933 4198 pagella
2964 4133 3090 4179 una
3125 4107 3518 4176 membranei
3562 4105 3830 4177 codicis,

562 4216 642 4272 Εἰ
669 4215 925 4294 quidem
955 4218 1138 4282 exilis
1154 4221 1516 4286 admodum.
1539 4225 1821 4288 Abscissa
1850 4222 2072 4304 procul
2093 4221 2288 4284 dubio
2313 4221 2454 4296 fuit,
2487 4221 2866 4284 detrimento
2889 4236 3144 4298 magno,
3165 4214 3596 4279 emolumento
3619 4207 3827 4280 nullo,

580 4314 659 4376 ab
691 4315 921 4380 eximio
950 4325 1012 4380 et
1039 4320 1220 4383 multi
1249 4321 1539 4386 faciendo
1576 4324 1816 4387 libello.
1850 4323 1963 4397 Qui
2000 4339 2136 4386 eam
2167 4321 2246 4384 ad
2277 4340 2378 4385 me
2415 4321 2606 4396 misit,
2644 4320 2935 4382 daturum
2971 4337 3039 4381 se
3079 4315 3254 4380 brevi
3290 4309 3641 4396 persimiles
3673 4309 3831 4370 alias

560 4414 826 4491 multas,
861 4420 1318 4502 subsequen‘tes
1343 4431 1519 4504 puto,
1563 4426 1936 4505 spopondit;
1967 4425 2079 4488 sed
2132 4425 2210 4487 ab
2237 4424 2421 4486 annis
2477 4422 2765 4503 pluribus
2811 4421 3247 4503 nequidquam
3291 4419 3613 4496 exspecto.
3655 4410 3828 4474 Scri-

561 4520 755 4594 ptum
807 4515 1032 4580 litteris
1087 4523 1430 4602 majoribus
1488 4529 1765 4596 constat,
1807 4523 2174 4586 accentibus
2229 4541 2264 4586 a
2311 4522 2516 4602 prima
2573 4539 2763 4585 manu
2829 4521 3275 4603 superpositis;
3327 4517 3662 4596 septimum
3723 4516 3831 4574 aut

577 4621 866 4679 octavum
895 4621 1198 4684 saeculum
1235 4623 1496 4684 redolet.
1529 4623 1620 4684 Ne
1653 4622 1858 4685 avolet
1894 4622 2144 4703 pagella
2205 4628 2266 4684 et
2297 4623 2616 4702 depereat,
2648 4628 2718 4684 ut
2757 4623 2937 4685 initio
2967 4640 3173 4703 nuper
3203 4620 3382 4682 relati
3417 4614 3653 4679 codicis
3681 4610 3828 4674 dili-

575 4725 796 4796 genter
829 4730 1210 4799 assueretur,
1241 4725 1474 4786 curavi.
1508 4727 1667 4800 Quid
1697 4732 1906 4789 autem
1948 4727 2294 4800 contineat,
2321 4726 2562 4805 accipe.
2603 4726 2740 4806 (Hic
2775 4727 3079 4788 Maﬁ‘mius
3124 4724 3542 4801 fragmentum
3586 4716 3829 4779 exscri-

572 4821 686 4898 bit,
717 4829 853 4885 tum
882 4826 1089 4904 pergit
1123 4825 1332 4888 dicere
1363 4825 1402 4908 :)
1439 4828 1649 4906 Cyrilli
1680 4828 2025 4908 genuinum
2060 4845 2197 4890 esse
2226 4828 2446 4903 fetum,
2488 4845 2565 4889 ex
2593 4827 2811 4907 paucis
2849 4827 2945 4888 his
2976 4826 3181 4888 verbis
3219 4823 3455 4903 optime
3493 4820 3833 4898 dignoscet

575 4923 945 5004 quicunque
993 4925 1161 5020 illius
1211 4943 1406 5006 opera
1453 4927 1796 5007 aliquando
1844 4929 2131 4992 triverit:
2178 4928 2615 5009 deprehendet
2671 4928 2840 4990 enim
2887 4927 3093 4989 statim
3150 4924 3485 5006 proprium
3529 4919 3687 4981 illud
3731 4918 3833 4980 di-

575 5026 762 5089 cendi
793 5044 1014 5107 genus,
1047 5045 1120 5091 ac
1155 5027 1345 5090 veluti
1371 5029 1710 5109 specialem
1742 5032 2044 5112 linguam,
2096 5051 2286 5114 quam
2331 5034 2473 5114 jure
2502 5033 2858 5114 meritoque
2897 5033 3160 5094 Pholius
3192 5027 3356 5112 (cod.
3405 5041 3582 5097 xmx,
3622 5041 3690 5102 p.
3733 5022 3831 5102 38)

558 5129 805 5210 ‘Cyrillo
846 5128 1097 5191 tribuit:
1162 5136 1334 5205 Λόγος
1377 5138 1774 5210 πεπονημένος,
1823 5141 1917 5194 καὶ
1958 5143 2038 5204 εἰς
2090 5140 2400 5206 ἰδιάζουσαν
2450 5143 2592 5197 ἰδέαν
2631 5143 3080 5214 ἐκϐεϐιασμένος,
3118 5140 3212 5194 καὶ
3262 5133 3372 5191 οἷον
3423 5133 3696 5207 λελυμένη
3739 5133 3834 5187 καὶ

577 5239 638 5293 τὸ
684 5244 886 5311 μέτρον
934 5235 1259 5308 ὑπερορῶσα
1298 5237 1536 5310 ποίησις.
1589 5233 1753 5313 Ejus
1798 5235 2002 5295 oratio
2045 5233 2156 5294 οιαὶ

2250 5245 2402 5311 'ata,
2439 5245 2498 5298 et
2547 5239 2617 5299 in
2664 5236 3040 5318 peculiarem
3086 5235 3355 5313 formam
3393 5238 3716 5304 contorta,
3757 5247 3829 5288 ac

571 5333 741 5396 velut
777 5331 977 5392 libera
1013 5341 1327 5412 metroque
1372 5333 1578 5395 sol-uta
1625 5337 1857 5415 poesis.
1914 5337 2181 5400 Phrases
2227 5339 2402 5402 vides
2459 5358 2494 5405 a
2552 5340 2874 5404 communi
2914 5357 3036 5402 usu
3083 5335 3391 5418 loquendi
3434 5339 3734 5408 remotas,
3769 5338 3831 5394 et

573 5436 827 5516 poetica
870 5433 1062 5496 verba
1100 5451 1242 5516 qua;
1291 5436 1360 5498 in
1397 5434 1536 5500 aliis
1566 5437 1777 5503 Cvrilli
1823 5439 2124 5520 Operibus
2168 5458 2300 5506 non
2355 5460 2482 5505 una
2525 5442 2662 5506 vice
2727 5442 3031 5524 reperias,
3082 5460 3141 5503 v.
3201 5458 3319 5519 gr.,
3356 5449 3559 5502 εὐκλεᾶ
3618 5463 3682 5500 τε
3733 5448 3830 5500 καὶ

633 5577 720 5657 ,(α)
757 5578 1006 5661 \Vides‘in
1033 5581 1258 5661 tabula_(
1280 5583 1619 5661 Expositioni
1643 5585 1699 5640 in
1713 5585 1968 5661 Psalmos
1993 5599 2140 5661 prm-
2250 5604 2470 5661 quoque
2500 5590 2705 5646 celebri
2750 5591 3058 5647 Bibliorum
3114 5589 3286 5645 Vatic.
3317 5588 3506 5644 Matth.
3535 5601 3683 5656 nu,
3730 5585 3825 5658 55,

563 5649 884 5732 missa)pro
909 5653 1136 5724 δύνομαι
1167 5649 1424 5736 Silvarum.
1471 5655 1526 5709 Id
1585 5655 1865 5736 pertinere
1918 5649 2139 5712 videtur
2248 5649 2638 5733 legitursequc
2679 5661 2931 5734 δύναμαι.

574 5717 644 5772 ad
681 5719 975 5780 dialectum
1013 5724 1437 5781 Alexandrinam
1462 5765 1476 5790 ,
1519 5740 1779 5795 quoniam
1835 5727 1889 5780 in
1949 5726 2138 5781 codice
