3998 6304
212 327 303 387 H3
1592 332 2106 391 PREFATIONES.
3344 335 3450 391 ιη

213 452 532 520 ἀξιάγαστον
601 453 760 525 χορόν
825 445 986 508 libro
1039 446 1306 526 septimo
1340 448 1406 507 in
1457 447 1792 526 Genesim(

1906 447 2247 527 Glaphyris
2280 449 2379 511 ed.
2418 449 2672 511 Aubert.
2728 467 2793 528 p.
2831 447 2994 530 238.)
3045 451 3223 529 Opus
3243 455 3451 513 autem

213 561 330 606 non
356 544 670 607 ineditum
702 547 918 620 modo,
957 547 1067 608 sed
1111 547 1190 610 ab
1228 548 1489 610 eruditis
1539 548 1919 627 scriptorum
1960 550 2432 612 enarratoribus
2464 550 2974 611 immemoratum
3011 555 3167 629 puto
3221 551 3454 631 (inedi-

212 653 333 709 tum
380 654 552 710 recte
603 648 751 710 dicit
790 651 1112 724 Maﬂ‘aeius,
1166 669 1294 713 non
1338 651 1491 712 item
1540 653 1712 730 quod
1760 651 1957 713 fuerit
1993 651 2550 730 immemoratum).
2599 651 2896 731 Cyrillum
2950 653 3341 730 casteroquin
3391 655 3457 716 in

213 746 487 812 Psalmos
521 752 871 831 scripsisse,
904 769 938 814 e
981 771 1184 834 nuper
1212 753 1529 835 descripto
1563 756 1781 818 codice
1820 754 1955 836 (seu
1983 755 2184 835 folio),
2222 772 2300 818 ex
2337 762 2556 818 catena
2587 773 2623 818 a
2644 754 2900 818 Daniele
2942 754 3220 817 Barbaro
3253 773 3458 828 versa,

216 858 274 912 et
327 868 405 912 ex
442 853 823 916 Corderiana
862 856 1214 934 praesertim
1255 863 1520 932 constat,
1565 857 1632 920 in
1694 875 1820 937 qua
1859 858 2022 920 ultra
2085 858 2329 920 centies
2379 857 2708 920 laudatur:
2755 857 2891 936 ejus
2928 860 3140 918 autem
3199 854 3463 934 exposi-

211 949 410 1012 tiones
445 968 481 1012 a
519 953 778 1030 speciali
807 954 872 1014 in
903 955 1182 1017 Psalmos
1207 961 1471 1018 tractatu
1501 956 1832 1036 decerptas
1861 973 2022 1030 esse,
2051 957 2293 1036 primus
2329 956 2520 1036 (apud
2550 952 2940 1035 Corderium)
2988 953 3200 1034 quarti
3237 949 3468 1032 psalmi

213 1060 640 1130 argumentum
673 1057 1008 1119 continens
1036 1058 1236 1133 locus,
1267 1059 1414 1120 satis
1445 1059 1676 1139 prodit.
1716 1083 1744 1116 »
1775 1061 1865 1120 Ita
1890 1059 2215 1134 Maﬂ‘aeius,
2263 1059 2376 1139 qui
2407 1059 2475 1119 in
2506 1055 2947 1118 dissertatione
2969 1055 3158 1117 etiam
3186 1050 3466 1115 secunda

213 1157 285 1219 de
319 1157 686 1235 fragmentis
704 1161 929 1222 Irenaei
963 1161 1112 1223 edit.
1138 1163 1358 1224 Venet.
1379 1169 1426 1223 t.
1459 1164 1535 1238 ΙΙ,
1569 1182 1633 1242 p.
1662 1161 1717 1236 4,
1751 1163 1882 1242 jam
1906 1163 2281 1242 scripserat:
2316 1184 2344 1218 «
2370 1162 2570 1222 Nemo
2601 1159 2757 1221 dixit
2787 1161 2848 1221 S.
2870 1156 3170 1238 Cyrillum
3201 1155 3468 1218 Alexan-

212 1259 459 1323 drinum
490 1263 558 1324 in
593 1263 874 1327 Psalmos
927 1265 1286 1346 scripsisse,
1340 1271 1403 1327 et
1454 1273 1664 1330 tamen
1697 1265 1806 1328 abs
1852 1265 2205 1344 fragmento
2244 1263 2508 1344 alicujus
2548 1280 2666 1324 ms.
2721 1259 3011 1335 celebris,
3053 1276 3181 1339 quo
3231 1258 3464 1338 potior,

213 1359 518 1438 colligitur
551 1363 615 1424 id
654 1364 750 1426 vel
793 1366 1215 1430 certissime.»
1260 1371 1436 1430 Patet
1481 1375 1687 1430 autem
1728 1367 2084 1442 Maﬂ‘aaium,
2127 1365 2294 1428 dum
2322 1367 2459 1429 hmo
2509 1373 2827 1448 postrema
2880 1364 3208 1437 scriberet,
3257 1376 3466 1440 neque

213 1469 458 1525 catenas
501 1465 707 1528 adhuc
741 1469 1156 1546 consuluisse,
1207 1488 1413 1551 neque
1463 1470 1816 1533 Fabricium
1843 1476 1905 1531 et
1934 1469 2277 1532 nonnullos
2326 1469 2507 1544 alios,
2559 1468 2670 1549 qui
2709 1466 2920 1548 Cyrilli
2964 1463 3364 1546 deperditum
3400 1460 3484 1522 in.

213 1564 490 1629 Psalmos
543 1572 1069 1634 commentarium
1117 1580 1640 1637 memoraverant.
1687 1576 2006 1636 Hactenus
2047 1573 2127 1635 de
2163 1574 2464 1636 litterario
2513 1591 2660 1636 U180
2712 1571 2878 1653 apud
2929 1571 3246 1633 Veronam
3292 1581 3464 1628 casu.

213 1669 422 1731 Statim
454 1688 605 1750 ergo
636 1675 912 1736 Romam
946 1676 1170 1752 redux,
1208 1677 1482 1757 primum
1517 1677 1836 1757 Cyrilliani
1871 1677 1936 1738 in
1960 1675 2242 1738 Psalmos
2273 1677 2484 1756 operis
2524 1677 2746 1741 folium
2781 1679 2865 1739 ita
2896 1675 3113 1750 refeci,
3153 1681 3222 1739 ut
3258 1674 3465 1735 Vero-

217 1789 476 1836 nensem
516 1777 853 1857 prologum
900 1779 967 1840 in
1009 1781 1235 1860 capite,
1278 1788 1464 1861 prout
1501 1781 1608 1861 jus
1663 1781 1886 1860 fasque
1934 1785 2087 1854 erat,
2130 1779 2530 1843 collocarem.
2578 1784 2782 1861 Atque
2826 1780 2930 1842 hic
2969 1779 3091 1842 fuit
3134 1775 3360 1840 Veneti
3402 1779 3466 1837 et

211 1878 590 1943 Veronensis
637 1883 882 1946 itineris
929 1884 1193 1947 fructus.
1244 1885 1368 1946 Sed
1417 1901 1628 1966 neque
1695 1884 1925 1948 frustra
1969 1885 2393 1948 Mediolanum
2438 1903 2510 1948 ac
2567 1885 2946 1950 Florentiam
3000 1885 3173 1949 adii:
3234 1881 3467 1945 etenim

215 1981 402 2058 illinc,
455 1983 511 2044 si
581 1986 791 2047 minus
841 2003 1036 2049 manu
1103 1987 1385 2068 pr0pria,
1425 1994 1689 2068 prOpter
1741 1990 2046 2069 temporis
2098 1989 2701 2065 incommoditatem,
2765 1989 2979 2052 favore
3033 1993 3204 2052 certe
3256 1986 3465 2050 homi-

215 2099 360 2145 num
405 2086 762 2150 amicorum
808 2106 1001 2152 novas
1055 2091 1267 2170 Cyrilli
1324 2091 1720 2154 accessiones
1775 2097 2006 2161 nactus.
2045 2109 2206 2154 sum.

292 2185 347 2246 8.
381 2189 658 2250 Lexicon
694 2192 806 2251 sub
841 2192 1068 2269 Cyrilli
1122 2195 1392 2255 nomine.
1430 2229 1500 2238 —-
1534 2196 1713 2256 Nunc
1745 2194 1893 2274 quia
1932 2194 2000 2255 in
2059 2192 2409 2273 specimine
2467 2209 2620 2256 cuso
2671 2191 2930 2254 titulum
2979 2186 3301 2269 Cyrilliani
3363 2204 3472 2250 cu-

207 2284 448 2364 jusdam
502 2289 711 2352 Lexici
765 2293 1195 2372 exposuimus,
1238 2301 1525 2374 superest
1574 2300 1643 2357 ut
1681 2296 1760 2358 de
1814 2312 1891 2358 eo
1946 2295 2246 2357 Vaticano
2312 2293 2563 2369 codice,
2616 2295 2766 2357 satis
2840 2292 3052 2372 prisco
3103 2308 3176 2353 ac
3236 2287 3466 2361 nobili,

217 2407 411 2468 pauca
456 2392 643 2455 verba
687 2393 1011 2458 faciamus.
1063 2398 1430 2477 Quanquam
1474 2397 1666 2475 igitur
1710 2396 1940 2476 Cyrillo
1993 2396 2386 2458 Alexandriae
2446 2395 2928 2475 archiepiscopo
2966 2392 3031 2454 id
3086 2392 3471 2455 Glossarium

212 2487 597 2565 inscribitur,
644 2499 921 2556 attamen
983 2495 1245 2574 alicujus
1291 2495 1504 2575 potius
1550 2494 1762 2574 Cyrilli
1813 2495 2201 2574 grammatici
2258 2493 2610 2557 credendus
2668 2491 3000 2564 videbitur,
3061 2507 3250 2570 quam
3303 2487 3471 2550 iliius

213 2592 587 2656 sanctissimi
639 2597 927 2674 praesulis
975 2617 988 2659 :
1043 2616 1317 2678 cumque
1365 2599 1418 2662 is
1480 2599 1642 2662 liber
1683 2617 1816 2662 non
1869 2598 2098 2674 semel,
2176 2605 2366 2679 prout
2421 2616 2488 2660 se
2550 2598 2720 2660 varie
2772 2596 2839 2658 in
2897 2595 3084 2658 variis
3149 2593 3473 2656 codicibus

215 2689 470 2768 obtulit,
527 2695 728 2758 editus
807 2698 1018 2775 fuerit,
1063 2700 1225 2762 mihi
1290 2701 1460 2763 nuda
1554 2701 1689 2781 ejus
1750 2701 2272 2763 commemoratio
2333 2700 2481 2762 satis
2547 2700 2655 2761 sit.
2715 2697 3022 2776 Pertingit
3075 2695 3140 2757 id
3194 2693 3471 2756 Lexicon

189 2793 390 2882 valde
439 2798 786 2876 spatiosum
836 2800 902 2861 in
957 2802 1176 2864 codice
1231 2819 1358 2864 non
1419 2803 1594 2883 parvi
1644 2803 1887 2865 moduli
1931 2820 1967 2864 a
2018 2801 2130 2864 fol.
2193 2800 2219 2863 1
2267 2801 2343 2864 ad
2386 2800 2520 2863 154.
2579 2801 2654 2862 Et
2708 2799 2830 2862 hoc
2891 2799 3262 2860 Vaticanum
3320 2791 3466 2873 qui-

215 2894 355 2958 dem
419 2899 625 2978 Cyrilli
684 2902 956 2964 Lexicon
1011 2904 1363 2966 communis
1401 2904 1650 2983 generis
1719 2909 1851 2965 est:
1883 2889 2252 2982 I'caiteroqui
2297 2903 2616 2965 Fabricius
2659 2902 2732 2962 B.
2776 2902 2850 2965 G.
2897 2900 2996 2963 ed.
3058 2917 3203 2962 nov.
3255 2903 3301 2960 t.
3364 2896 3471 2971 IX,

214 3016 276 3078 p.
330 2997 468 3074 493,
518 3002 602 3064 ait
647 3009 894 3066 exstare
947 3023 1064 3067 ms.
1111 3005 1179 3067 in
1216 3005 1400 3068 variis
1455 3003 1793 3068 bibliothec

1917 3005 2109 3066 etiam.
2166 3012 2436 3082 Κυρίλλου
2481 3013 2561 3076 εἰς
2595 3011 2694 3076 τὰς
2742 3008 3123 3082 ἀπορουμένας
3167 3007 3340 3074 λέξεις
3372 3004 3473 3076 τῆς

216 3113 375 3181 ἁγίας
425 3116 673 3187 Γραφῆς,
707 3108 934 3187 Cyrilli
974 3109 1045 3170 de
1075 3110 1389 3189 ambiguis.
1413 3111 1760 3190 Scriptum
1787 3118 2014 3171 sanctw
2061 3107 2421 3177 vocabulis;
2479 3106 2582 3169 cui
2630 3105 2924 3186 subjungi
2981 3103 3154 3166 solet‘
3192 3099 3473 3182 ejusdem

227 3211 523 3286 Ἐρμηνεία
556 3217 833 3288 ὀνομάτων
869 3219 962 3272 καὶ
989 3218 1184 3284 λέξεων
1223 3219 1528 3292 Ἐϐραῖκῶν
1569 3222 1626 3274 ὲν
1652 3221 1772 3282 ταῖς

1890 3219 1990 3282 tau;
2034 3219 2296 3290 Ρραφαῖς,
2330 3207 2807 3286 lntenpretatio-
2830 3205 3152 3266 nominum
3192 3219 3264 3261 ac
3293 3217 3469 3258 voea-

223 3301 513 3366 bulorum
541 3307 947 3370 Hebrworum
980 3310 1208 3371 divinae
1245 3312 1621 3392 Scripturoc,
1674 3309 2072 3389 alphabetico
2112 3308 2334 3369 ordine
2385 3306 2794 3382 digestorum.
2855 3305 3096 3363 Revera
3140 3300 3208 3360 in
3264 3296 3473 3377 Cyrilli

217 3405 382 3486 apud
444 3424 562 3470 nos
597 3409 1046 3472 commentario
1101 3409 1485 3473 Psalmorum
1536 3410 1859 3473 nonnullae
1889 3407 2249 3488 hujusmodi
2295 3423 2374 3467 ex
2428 3403 2736 3467 Hebraico
2777 3401 3328 3482 interpretationes
3357 3415 3471 3461 oc-

219 3517 511 3585 currunt,
560 3530 810 3577 necnon
863 3516 1045 3578 etiam
1112 3533 1193 3578 ex.
1271 3515 1526 3594 Syriaco
1571 3516 1638 3576 in
1683 3514 1962 3595 ejusdem
2018 3509 2228 3588 Cyrilli
2277 3509 2632 3586 fragmento
2668 3507 2741 3568 de
2783 3505 3131 3569 Abrahami
3184 3510 3474 3565 transno-

220 3617 608 3693 minatione,
679 3619 852 3698 quod
908 3637 986 3682 ex
1035 3620 1397 3682 Florentino
1475 3619 1692 3682 codice
1767 3635 1882 3680 nos
1955 3614 2447 3696 impetravimus.
2503 3613 2630 3674 Suo
2682 3610 2874 3690 igitur
2926 3607 3192 3670 fortasse
3243 3601 3475 3665 Lexico

220 3723 511 3784 utebatur
555 3723 835 3804 Cyrillus,
875 3743 1006 3788 non
1044 3726 1325 3788 Philonis
1368 3731 1474 3788 aut
1522 3723 1826 3803 Origenis,
1856 3728 1926 3784 ut
1953 3739 2068 3784 nos
2105 3720 2418 3782 interdum
2466 3716 2844 3799 putavimus.
2889 3714 3017 3775 Nec
3074 3725 3241 3789 aegre
3297 3705 3472 3788 quis-

222 3843 408 3906 quam
452 3827 570 3888 sibi
607 3830 1004 3908 persuaserit,
1057 3830 1374 3910 Cyrillum,
1427 3830 1536 3910 qui
1566 3835 1768 3891 totum
1794 3828 1936 3890 vitae
1980 3843 2109 3890 suae
2140 3831 2390 3906 tempus
2432 3824 2499 3886 in
2541 3839 2864 3887 sacrorum
2895 3819 3236 3882 Bibliorum
3267 3813 3474 3878 studio

228 3935 287 3989 et
317 3927 763 4007 explanatione
795 3933 1206 4013 consumpsit,
1254 3930 1452 3994 lexica
1481 3929 1667 3992 etiam
1708 3933 1905 3991 marte
1943 3927 2203 4008 preprio
2236 3925 2354 3988 sibi
2400 3924 2838 3993 concinnasse,
2889 3921 3118 4001 quibus
3181 3918 3246 3979 in
3297 3931 3475 3977 sacro

225 4031 446 4094 codice
506 4033 888 4098 declarando
945 4035 1279 4098 commode
1328 4037 1422 4096 uti
1471 4039 1716 4116 posset;
1772 4030 1870 4094 vel
1902 4022 2334 4111 quae'sponte,
2371 4033 2445 4090 ut
2504 4027 2592 4102 fit,
2631 4023 2987 4089 lucubranti
3039 4019 3161 4102 ipsi
3214 4019 3476 4080 subnata

222 4131 512 4193 fuissent.
552 4133 662 4195 His
711 4133 789 4196 de
818 4135 1027 4214 Cyrilli
1062 4135 1290 4198 Lex-ico
1343 4135 1547 4210 dictis,
1587 4133 1863 4212 reliquas
1911 4129 2146 4194 codicis
2174 4127 2480 4202 Vaticani,
2525 4143 2715 4206 quem
2772 4137 3168 4204 coeperamus
3235 4118 3476 4179 descri-

223 4232 399 4307 bere,
432 4239 645 4312 partes
697 4251 1183 4315 prosequamur.
1231 4234 1478 4298 Scilicet
1533 4251 1570 4296 a
1621 4251 1686 4314 p.
1739 4231 1802 4292 15

1901 4245 2105 4308 usque
2157 4227 2237 4289 ad
2299 4225 2408 4287 163
2467 4230 2559 4287 est
2614 4233 2862 4288 Ἰωάννου
2889 4227 3182 4282 Φιλοπόνου
3215 4223 3341 4293 περὶ
3369 4220 3477 4274 τῶν

223 4341 501 4414 διαφόρων
533 4347 818 4415 σημασιῶν
845 4347 1120 4418 διαφόρως
1157 4347 1495 4418 τονουμένων
1518 4363 1532 4378 ·
1589 4339 1800 4398 Joann

1898 4332 2232 4412 Philoponi
2293 4329 2367 4390 de
2411 4326 2730 4388 vocabulis
2783 4325 3025 4386 diverse
3067 4338 3184 4400 pro
3218 4315 3477 4428 dicer-si:

227 4449 350 4501 tate
395 4449 758 4504 accentuum
796 4445 1325 4524 signiﬁcantibus.
1365 4441 1663 4505 Posthinc
1714 4438 2024 4502 rhetorica
2065 4434 2353 4517 quaedam
2402 4431 2603 4494 lexica
2650 4446 2854 4511 usque
2899 4425 2978 4490 ad
3044 4423 3155 4487 fol.
3212 4420 3346 4483 177.
3385 4417 3480 4479 Ibi

223 4558 374 4604 vero
411 4543 668 4626 incipit:
700 4549 924 4616 Λεξικδν
955 4551 1270 4606 ὲνδιαθέτων
1298 4550 1532 4623 Γραφῶν
1562 4549 1781 4603 ἐκτεθὲν
1812 4547 1963 4620 παρὰ
1991 4547 2264 4619 Στεφάνου
2298 4546 2393 4601 καὶ
2419 4545 2719 4615 Θεοδώρου,
2761 4539 2858 4595 καί⁸
2894 4535 3116 4609 ἐτέρωνΔ⁴
3135 4528 3480 4602 λεξιγράφων

225 4651 504 4704 Κασιανοῦ
536 4654 630 4706 καὶ
657 4653 921 4722 Λογγῖνου
958 4637 1277 4724 φιλοσόφου·
1343 4645 1614 4706 Lexicon
1634 4645 1804 4723 Sari;

1900 4663 1980 4705 rw
1997 4644 2321 4723 utriusque
2359 4638 2732 4702 Testamenti
2751 4635 3100 4716 (ὲνδιαθέτων
3128 4629 3479 4708 positarum

225 4743 294 4801 in
323 4742 582 4822 canone)
613 4743 1232 4824 editumaStephano
1264 4752 1322 4805 et
1365 4743 1687 4805 Theodoro
1717 4741 1978 4824 aliisque
2009 4739 2472 4820 lexicographis
2502 4738 2804 4802 Cassiano
2837 4743 2895 4797 et
2922 4732 3228 4809 Longino,
3265 4743 3476 4805 usque

223 4841 304 4904 ad
339 4841 452 4904 fol.
495 4840 630 4903 212.
691 4842 997 4922 (Cassiani
1040 4849 1101 4906 et
1135 4843 1401 4922 Longini
1431 4851 1802 4922 ἀποσπασμάτ

1933 4840 2118 4904 lexici
2164 4857 2281 4919 ego
2318 4840 2445 4903 vidi
2484 4840 2552 4902 in
2595 4840 2718 4902 alio
2768 4838 2960 4900 etiam
2995 4833 3133 4894 Vat.
3192 4827 3475 4909 codice.)

226 4944 471 5008 Deinde
516 4953 689 5018 λέξεις
722 4955 965 5028 ἰατρικοῦ
1000 4956 1204 5026 βιϐλίου
1224 4975 1238 4987 ο
1268 4957 1396 5028 περὶ
1427 4955 1666 5026 βοτανῶν
1695 4957 1805 5027 ὲρμ

1895 4956 1986 5018 εισι,
2038 4961 2269 5026 nempe
2333 4945 2640 5007 medicum
2690 4954 2749 5004 et
2806 4937 3166 5001 herbarium
3206 4932 3474 5002 lexicon,

230 5063 435 5125 usque
489 5048 567 5108 ad
612 5048 723 5112 fol.
779 5047 914 5110 215.
967 5051 1115 5111 Mox
1161 5056 1304 5129 post
1349 5050 1594 5112 minora
1650 5048 1769 5112 alia

1945 5048 2211 5111 fortasse
2249 5046 2593 5110 levidensia
2643 5043 2764 5107 fol.
2792 5039 2907 5102 255
2933 5059 2946 5101 ε
2995 5043 3279 5101 Θεοδοσίου
3301 5055 3481 5111 γραμ-

231 5147 470 5214 ματικοῦ
513 5150 732 5224 Ἰωάννῃ
753 5150 831 5221 τῷ
869 5152 1267 5222 θεοφιλεστάτῳ
1309 5153 1667 5223 πρεσϐυτέρῳ
1705 5152 1802 5205 καὶ
1835 5154 1892 5206 ὲν
1943 5150 2168 5223 Χριστῷ
2201 5149 2439 5219 ἀδελφῷ,
2477 5148 2606 5219 ’περῖ⁹
2650 5145 2760 5200 τῶν
2810 5144 2869 5197 ὲν
2927 5143 3040 5204 τοῖς
3073 5137 3322 5193 κανόνεσι
3363 5132 3478 5187 τῶν

227 5246 407 5312 ἁγίων
451 5247 655 5319 ἑορτῶν
685 5267 698 5279 ο
749 5242 1081 5304 Theodosii
1138 5244 1532 5321 grammatici
1579 5243 1663 5305 ad
1708 5245 2017 5305 Joannem
2080 5245 2208 5304 Deo
2279 5240 2750 5304 dilectissimum
2795 5233 3231 5316 presbyterum
3296 5234 3353 5288 et
3401 5226 3480 5286 in-

229 5336 487 5399 Christo
533 5340 822 5417 fratrem,
863 5343 936 5404 de
981 5341 1322 5404 canonibus
1371 5360 1481 5402 seu
1519 5341 1736 5402 metris
1791 5349 2150 5401 sanctarum
2213 5339 2698 5400 solemnitatum.
2753 5337 3078 5398 Postremo
3138 5334 3283 5392 sunt
3351 5325 3484 5386 C0--

227 5453 385 5499 smae
437 5440 736 5503 monachi
774 5440 1056 5521 itemque
1113 5441 1373 5503 Ioannis
1435 5438 1868 5520 (Damasceni)
1923 5455 2202 5501 canones
2253 5437 2492 5515 aliquot
2538 5450 2653 5496 seu
2712 5439 2911 5496 metra
2945 5447 3091 5494 cum
3142 5425 3300 5488 odis.
3354 5424 3475 5483 Co-

229 5553 399 5599 smas
452 5538 714 5618 quidem
768 5543 862 5600 est
897 5538 1004 5600 ille
1054 5537 1581 5618 philogregorius,
1629 5541 1692 5597 et
1736 5535 2024 5598 melodus
2082 5532 2370 5605 celebris,
2409 5530 2588 5610 cujus
2655 5546 2772 5592 nos
2843 5525 3090 5607 amplos
3147 5535 3474 5586 commen-

232 5643 430 5707 tarios
497 5644 579 5706 ad
637 5643 1015 5706 Nazianzeni
1069 5623 1490 5707 carmina'his
1556 5639 1738 5703 annis
1805 5638 2118 5702 edidimus
2173 5637 2238 5701 in
2295 5634 2629 5715 Spicitegio
2690 5634 2889 5708 Rom.,
2935 5621 3481 5705 t.ll(a).Profecto

305 5791 383 5864 (α)
436 5793 648 5851 Rccusi
683 5791 740 5848 in
773 5799 918 5850 tomo
948 5790 1210 5849 XXXVIII
1248 5781 1564 5868 Patrologia'
1587 5789 1797 5848 Gra'ccc.
1826 5787 1976 5843 Em.
