3998 6304
476 379 626 453 ~Hs'
1385 395 1882 454 PREFATIONES
1918 398 2055 453 non

2169 399 2260 456 HS
2295 401 2864 461 GRAECO-LATINIE.
3644 400 3748 456 H6

503 518 558 580 si
611 512 860 577 occasio
903 511 1095 576 ferret
1124 512 1201 575 de
1265 512 1497 575 Graecis
1535 511 1768 576 ‘lexicis
1822 513 2024 595 loqui,
2080 534 2223 597 quas
2281 519 2592 599 permulta
2645 521 2711 583 in
2776 517 3089 582 Vaticanis
3142 515 3470 579 codicibus
3517 512 3748 593 latent,

503 616 821 680 dilatando
876 615 1156 678 sermoni
1216 620 1435 677 nostro
1485 630 1745 695 campus
1795 621 2073 695 pateret:
2119 624 2308 699 atque
2362 618 2497 681 haec
2545 636 2675 683 non
2724 616 3081 702 spernenda
3115 614 3382 678 fortasse
3443 613 3747 677 mantissa

390 763 394 767 ς
500 721 666 784 foret
719 717 1067 781 lexicorum
1114 715 1368 778 illorum
1422 730 1566 794 quas
1620 713 1881 777 Photius
1933 714 1999 777 in
2068 733 2180 777 sua
2228 716 2617 780 Bibliotheca
2654 723 2944 782 numerat
2983 735 3018 778 a
3051 715 3385 778 cod.cx1.v
3413 712 3493 775 ad
3527 730 3743 775 CLvm.

500 823 793 887 Profecto
839 823 909 884 in
960 820 1059 883 his
1116 813 1430 881 Vaticanis
1483 816 1786 879 nonnulla
1832 822 2003 879 certe
2039 818 2393 894 excellunt,
2442 836 2715 898 quorum
2758 827 2967 882 tamen
3022 815 3283 879 materia
3337 830 3483 877 cum
3542 814 3734 877 Suida

503 932 566 986 et
628 941 773 988 cum
819 918 1254 1001 etymologicis
1306 934 1477 998 saepe
1518 918 1849 997 congruit;
1906 918 2019 981 sed
2065 936 2195 982 non
2238 921 2375 982 sine
2430 921 2726 983 varietate
2758 921 2952 983 multa
3007 937 3125 981 seu
3158 914 3611 979 vocabulorum
3635 932 3751 977 seu

503 1024 694 1086 etiam
752 1020 1242 1102 exemplorum:
1298 1035 1431 1098 quo
1495 1018 1562 1080 ﬁt
1606 1024 1677 1080 ut
1745 1019 1996 1098 egregia
2053 1020 2241 1082 etiam
2296 1021 2771 1101 deperditorum
2823 1038 3094 1102 Operam
3149 1018 3523 1097 fragmenta,
3565 1016 3751 1095 quasi

500 1122 639 1186 auri
692 1120 1118 1204 probatissimi
1169 1119 1466 1194 scobem,
1518 1119 1801 1182 nancisci
1853 1120 2192 1200 possimus.
2257 1122 2379 1184 Sed
2426 1123 2515 1202 |de
2538 1122 2637 1185 his
2692 1122 2814 1185 alio
2844 1121 3108 1184 fortasse
3144 1126 3433 1200 tempore
3463 1135 3748 1198 agemus.

1000 1338 1738 1467 PBEFATMNES
1808 1318 2342 1467 EDITIONIS
2434 1338 3254 1470 (illiillo-LATle

2892 1546 2917 1576 Ο

521 1233 3727 1268 W

1594 1569 1738 1630 QL‘JE
1774 1568 2016 1620 JOANNE
2050 1568 2351 1620 ΑΗΒΕῆΤο
2384 1569 2680 1622 CUBANTE

898 1717 1110 1779 Tomis
1137 1722 1377 1796 septem
1411 1716 1643 1795 prodiit
1669 1716 1926 1777 Lutetiae
1959 1714 2337 1777 Parisiorum
2364 1733 2533 1778 anno
2577 1714 2748 1790 1638,
2778 1714 2991 1792 Regiis
3021 1714 3209 1795 typis,
3248 1712 3359 1776 fol.

1244 2000 1724 2046 EMINENTISSIMO
1763 2002 2014 2046 SANCTE
2057 2003 2330 2048 ΒΟΜΑΝΛΕ
2373 2003 2675 2047 ECCLESLE
2711 2002 3041 2048 CARDINALI

1852 2105 2156 2150 ARMANDO
2189 2105 2436 2162 somni,

1536 2204 1684 2249 DUCI
1723 2204 1805 2248 DE
1843 2204 2198 2263 RICIIELIEU,
2247 2205 2393 2248 PAR]
2435 2203 2739 2249 FRANCIE.

585 2352 813 2431 Magni
859 2351 1085 2431 Cyrilli
1125 2358 1522 2414 monumenta
1558 2349 1752 2431 offero
1792 2350 1934 2427 tibi,
1972 2350 2317 2413 cardinalis
2367 2351 2878 2425 eminentissime,
2910 2350 3560 2433 tardumque'nomen,
3591 2354 3765 2433 quod

511 2452 802 2531 expedire
821 2452 1066 2531 pridem
1106 2453 1294 2532 gestit
1342 2451 1610 2527 animus,
1654 2451 1990 2532 aliquando
2021 2451 2330 2532 persolvo.
2370 2452 2641 2514 Vixdum
2670 2451 2814 2513 huic
2857 2453 3035 2532 operi
3081 2462 3343 2513 mentem
3377 2453 3761 2533 adjeceram,

511 2568 651 2612 cum
676 2570 769 2613 me
797 2554 967 2631 regis
997 2548 1443 2629 interpretibus
1470 2551 1817 2630 ascriptum
1843 2553 2027 2633 gravi
2056 2560 2161 2615 tuo
2201 2552 2274 2614 de
2300 2571 2394 2613 me
2402 2552 2651 2633 judicio
2683 2558 2742 2611 et
2772 2551 2973 2630 ofﬁcii
2997 2554 3359 2615 necessitate
3385 2555 3655 2635 quadam
3690 2558 3767 2620 in

510 2651 684 2713 istud
711 2650 948 2714 laboris
969 2651 1293 2732 impulisti.
1313 2650 1483 2729 Quid
1504 2649 1813 2731 reliquum
1840 2662 1995 2727 erat,
2025 2653 2155 2714 nisi
2171 2662 2242 2714 ut
2269 2673 2335 2715 eo
2362 2654 2730 2733 perfunctus
2766 2651 3021 2731 publica
3046 2654 3334 2715 memoris
3356 2656 3553 2717 animi
3583 2658 3728 2718 testi
3735 2692 3765 2703 -

512 2754 802 2833 ficatione
834 2754 1104 2818 debitam
1127 2754 1211 2816 E.
1250 2754 1322 2815 Τ.
1352 2752 1623 2832 gratiam
1652 2753 2040 2832 insignirem,
2068 2763 2125 2814 et
2148 2755 2558 2834 inscriptione
2591 2754 2687 2814 tui
2714 2753 2985 2815 nominis
3017 2754 3282 2816 editioni
3313 2753 3454 2816 huic
3481 2758 3765 2817 auctori-

515 2860 705 2914 tatem
732 2872 804 2914 ac
844 2852 1029 2915 decus
1058 2851 1459 2932 adjungerem
1483 2851 1512 2909 ?
1536 2849 1699 2913 Nam
1749 2853 1970 2930 quanti
2015 2852 2097 2911 sit
2132 2852 2429 2913 invictum
2458 2850 2634 2912 illum
2679 2850 2974 2913 heeresum
3018 2854 3384 2915 domitorem
3424 2874 3496 2916 ac
3544 2857 3775 2916 trium-

511 2952 838 3032 phatorem
872 2954 957 3014 E.
995 2954 1065 3014 Τ.
1100 2953 1341 3026 sistere,
1367 2969 1540 3013 nemo
1556 2960 1769 3030 potest
1796 2970 1924 3014 non
1954 2953 2365 3032 interpretari
2389 3001 2403 3028 ,
2434 2954 2563 3015 nisi
2591 2954 2699 3033 qui
2734 2969 3002 3035 quantus
3028 2957 3147 3031 sis,
3180 2965 3237 3019 et
3279 2957 3520 3041 qualem
3550 2959 3617 3020 in
3648 2957 3773 3021 hoc

517 3074 709 3135 regno
735 3064 792 3117 et
824 3054 1111 3117 Ecclesia
1144 3056 1261 3116 Dei
1290 3073 1622 3135 personam
1657 3056 1988 3131 sustineas,
2020 3072 2148 3115 non
2173 3053 2493 3134 intelligit.
2527 3056 2745 3118 Annus
2772 3058 3119 3120 tricesimus
3152 3079 3347 3140 supra
3370 3060 3774 3123 centesimum

519 3159 756 3237 agitur,
781 3176 861 3218 ea:
884 3176 1001 3238 quo
1038 3156 1310 3218 Jodocus
1343 3156 1767 3233 Chlictoveus,
1799 3154 2142 3235 theologus,
2170 3157 2303 3236 ejus
2332 3158 2400 3218 in
2415 3159 2681 3218 Joannis
2717 3157 3133 3238 Evangelium
3168 3162 3691 3225 Commentarium
3729 3179 3776 3220 α

524 3260 603 3324 G.
632 3261 1047 3341 Trapezuntio
1075 3260 1294 3322 Latine
1348 3275 1591 3320 versum
1644 3259 1719 3321 G.
1749 3257 2032 3318 Ambasii
2063 3255 2407 3318 eardinalis
2426 3256 2796 3336 amplissimi
2809 3260 3162 3337 patrocinio
3184 3262 3431 3339 primus
3458 3279 3773 3322 commen-

521 3362 718 3425 davit.
748 3362 930 3425 Felix
952 3361 1056 3425 ille
1089 3361 1315 3424 oblatis
1350 3361 1475 3424 sibi
1496 3370 1641 3423 tunc
1661 3360 1787 3421 viri
1820 3361 1983 3422 tanti
2011 3362 2349 3439 auspiciis:
2372 3359 2624 3440 felicior
2650 3369 2856 3422 tamen
2881 3380 3045 3424 nunc
3076 3381 3184 3442 ego
3219 3366 3365 3426 tuis.
3400 3367 3777 3446 Quanquam

526 3464 687 3525 enim
728 3471 907 3525 erant
936 3464 1007 3525 in
1032 3461 1325 3524 Ambasio
1377 3462 1552 3524 card.
1586 3478 1824 3523 summa
1855 3459 2340 3540 quamplurima,
2365 3460 2669 3521 altissima
2709 3462 3082 3541 prudentia,
3117 3482 3325 3526 rerum
3351 3467 3776 3527 maximarum

523 3585 705 3642 usus,
736 3565 1079 3627 auctoritas
1122 3572 1181 3625 et
1210 3560 1555 3641 amplitudo
1581 3578 1776 3641 prope
1804 3557 2149 3638 singularis
2172 3578 2193 3619 :
2230 3577 2302 3619 ea
2326 3566 2545 3619 tamen
2580 3558 2650 3619 in
2688 3567 2745 3619 te
2777 3560 2867 3621 sic
2904 3561 3170 3621 eminent
3203 3562 3520 3635 universa,
3551 3570 3620 3622 ut
3655 3581 3774 3623 eac-

522 3668 817 3746 pressisse
843 3665 1115 3744 perfecte
1155 3662 1396 3724 demum
1434 3660 1685 3722 videare
1707 3658 1872 3740 quod
1904 3657 2007 3720 ille
2037 3665 2221 3719 antea
2249 3657 2523 3737 feliciter
2566 3656 2984 3721 adumbravit.
3026 3661 3205 3723 Istud
3243 3670 3406 3723 certe
3449 3662 3775 3738 eximium,

528 3768 695 3849 quod
717 3785 855 3828 cum
882 3760 1238 3827 incredibili
1277 3778 1486 3823 rerum
1535 3759 1892 3821 divinarum
1919 3767 1978 3820 et
2019 3758 2434 3819 humanarum
2463 3759 2727 3819 scientia
2751 3778 3049 3820 summam
3086 3760 3158 3820 de
3192 3760 3419 3821 litteris
3457 3760 3604 3824 bene
3640 3781 3778 3823 me-

528 3867 710 3932 rendi
735 3864 1099 3947 facultatem
1129 3859 1388 3933 obtines,
1408 3857 1844 3939 prwsidiisque
1875 3854 2157 3920 omnibus
2184 3852 2467 3914 abundas
2505 3871 2637 3932 qua:
2652 3861 2799 3914 sunt
2820 3854 2906 3914 ad
2926 3872 3028 3913 eas
3051 3855 3312 3916 tuendas
3336 3857 3783 3939 amandasque

531 3971 901 4035 necessaria.
935 3968 1083 4045 Qua:
1110 3982 1245 4027 cum
1284 3965 1350 4026 in
1379 3971 1434 4025 te
1456 3961 1696 4042 largius
1729 3977 1912 4041 quam
1942 3961 2010 4021 in
2046 3972 2409 4038 quemquam
2440 3961 2797 4014 nostrorum
2842 3954 3153 4016 hominum
3175 3957 3335 4017 Deus
3371 3956 3515 4036 0pt.
3549 3968 3781 4021 contu-

532 4078 701 4152 lerit,
736 4072 923 4137 simul
953 4073 1137 4134 etiam
1161 4070 1429 4133 edixisse
1452 4067 1725 4140 videtur,
1752 4083 1790 4125 a
1818 4062 1989 4123 nullo
2009 4060 2473 4141 praesentiorem
2498 4064 2569 4116 ut
2601 4053 2723 4116 illis
2768 4073 2944 4135 opem
2969 4076 3151 4137 quam
3184 4077 3223 4118 a
3257 4066 3314 4119 te
3353 4067 3635 4140 quaerant
3665 4072 3784 4125 aut

531 4185 800 4257 sperent.
851 4174 1019 4239 Unde
1040 4173 1266 4237 mirum
1291 4169 1526 4231 nemini
1564 4165 1768 4228 videri
1802 4162 2000 4235 debet,
2032 4161 2198 4222 inter
2218 4162 2308 4257 tot
2325 4153 2724 4257 publicaerei
2752 4173 2933 4257 curas
2964 4162 3135 4257 tuum
3177 4156 3354 4218 illum
3382 4159 3695 4239 ingentem
3720 4170 3783 4222 et

531 4252 762 4357 magna
794 4274 1131 4336 volventem
1159 4271 1433 4332 animum
1467 4266 1550 4329 ad
1570 4265 1833 4345 optimas
1866 4260 1939 4322 de
1958 4256 2262 4341 juvandis
2295 4264 2351 4316 et
2383 4252 2837 4333 ampliﬁcandis
2858 4252 2937 4315 iis
2957 4255 3363 4333 cogitationes
3390 4256 3650 4320 subinde
3670 4276 3780 4319 re-

532 4354 770 4454 vocari,
800 4396 985 4458 eaque
1016 4391 1262 4436 versare
1289 4392 1360 4434 ac
1392 4369 1628 4443 moliri,
1656 4382 1810 4447 qua,
1840 4364 1897 4425 si
1921 4364 2081 4424 Deus
2109 4357 2439 4438 aspirarit,
2457 4356 2738 4435 profecto
2764 4354 3035 4434 efﬁcient
3071 4363 3142 4416 ut
3171 4375 3255 4418 ea:
3279 4357 3786 4439 disciplinaeque:

534 4490 591 4540 te
620 4479 805 4540 talem
841 4454 1196 4556 tantumque
1219 4473 1525 4551 fecerunt,
1555 4464 1821 4543 receptis
1866 4479 1981 4542 per
2032 4466 2090 4521 te
2133 4456 2538 4528 ornamentis,
2566 4454 2777 4535 quales
2808 4465 2866 4518 et
2908 4466 3153 4536 quantae
3181 4459 3310 4520 sint
3342 4478 3548 4521 omnes
3585 4459 3781 4521 intel-

535 4583 757 4661 ligant.
783 4580 998 4659 Itaque
1033 4596 1170 4639 cum
1195 4584 1251 4638 te
1276 4566 1719 4652 propemodum
1738 4580 1930 4625 unum
1950 4561 2062 4622 hoc
2083 4569 2351 4639 tempore
2373 4557 2673 4618 doctrina:
2706 4575 2913 4619 omnes
2956 4556 3287 4638 appellent,
3313 4568 3555 4641 tamque
3585 4579 3784 4639 supra

534 4708 596 4755 se
615 4687 888 4768 positum
917 4694 996 4761 te,
1016 4699 1198 4765 quam
1224 4697 1339 4758 pro
1361 4694 1447 4749 se,
1488 4690 1614 4734 esse
1642 4668 1880 4743 norint,
1914 4663 2226 4744 theologia
2256 4661 2568 4744 peculiari
2589 4662 2737 4743 jure
2774 4669 2978 4724 tamen
3007 4664 3290 4743 agnoscit
3330 4683 3506 4725 suum
3535 4685 3555 4724 :
3591 4666 3695 4725 cui
3721 4668 3787 4729 si

536 4765 637 4855 ad
661 4791 1022 4872 magniﬁcas
1063 4786 1203 4849 illas
1241 4776 1730 4844 substructiones
1774 4769 2329 4835 armamentarium
2356 4767 2654 4829 adversus
2709 4765 2963 4828 haereses
3016 4767 3163 4828 olim
3208 4767 3561 4845 addideris,
3590 4768 3784 4848 plura

517 4916 683 4977 pane
709 4871 780 4960 ac
807 4897 1078 4960 certiora
1108 4889 1229 4954 tela
1247 4904 1430 4970 quam
1448 4882 1723 4962 Cyrillus
1747 4898 1872 4943 non
1885 4880 2024 4961 jam
2050 4883 2285 4950 noster,
2303 4873 2412 4937 sed
2431 4881 2596 4935 totus
2618 4871 3183 4949 tuus,ministrabit
3209 4891 3417 4943 nemo;
3449 4892 3557 4934 seu
3578 4873 3780 4934 disse-

525 4982 719 5068 rendi
747 5002 841 5064 vis
887 5011 945 5063 et
986 5011 1243 5061 acumen
1275 4995 1612 5072 quaeratur,
1642 5004 1749 5047 seu
1776 4979 2257 5064 argumentandi
2283 4978 2554 5040 varietas
2587 4985 2645 5038 et
2668 4979 2868 5057 copia,
2894 4978 3021 5039 sive
3059 4977 3425 5057 disputandi
3464 4977 3788 5040 vehemens

541 5112 600 5164 et
644 5109 941 5167 accurata
989 5097 1155 5160 ratio
1213 5090 1588 5155 Christiana:
1625 5080 2095 5147 mansuetudini
2150 5098 2224 5140 ac
2260 5078 2574 5149 mdestia:
2616 5076 2992 5157 conjuncta:
3047 5074 3269 5157 quibus
3300 5072 3637 5136 virtutibus
3688 5076 3789 5136 ita

539 5205 753 5285 pollet,
794 5214 863 5266 ut
894 5202 1052 5263 hanc
1087 5198 1145 5259 ei
1177 5194 1421 5257 laudem
1460 5190 1666 5252 centeri
1693 5185 1946 5252 ercia:
1971 5184 2196 5246 Patres
2231 5198 2358 5241 non
2391 5178 2735 5242 invideant.
2769 5177 2924 5255 Quis
2961 5177 3427 5285 enim-unquam
3464 5172 3790 5285 haaretic‘o-s

543 5274 600 5374 et
631 5274 842 5374 eorum
890 5301 1174 5375 asseclas,
1225 5302 1282 5363 si
1320 5300 1389 5361 in
1426 5294 1734 5358 sententia
1790 5295 2250 5371 permanerent,
2282 5286 2492 5346 acrius
2522 5282 2898 5361 confutavit,
2925 5287 3057 5354 aut,
3088 5280 3145 5341 si
3156 5278 3430 5360 quando
3468 5297 3531 5339 se
3572 5274 3788 5337 studio

537 5414 714 5494 pacis
744 5407 1151 5487 inﬂecterent,
1176 5401 1261 5463 ad
1301 5416 1511 5462 veram
1539 5414 1611 5458 ac
1643 5396 1950 5457 sinceram
1976 5388 2125 5469 ﬁdei
2168 5385 2618 5461 confessionem
2650 5382 2867 5443 mitius
2892 5380 3243 5461 perduxit?
3272 5381 3352 5442 In
3379 5377 3790 5494 pravfractum

544 5480 903 5584 .Nestorium
934 5519 1233 5592 quantum
1254 5515 1313 5570 et
1332 5523 1515 5590 quam
1546 5503 1843 5566 invictum
1878 5496 2075 5559 animi
2103 5492 2300 5555 robur
2329 5491 2592 5573 jactatis
2629 5487 2925 5592 Ecclesiae
2952 5485 3136 5592 rebus
3165 5482 3496 5547 adhibuit!
3520 5480 3603 5592 At
3636 5497 3789 5592 vero

641 5579 1447 5683 Joannem‘Antiochenum,
1478 5600 1948 5674 Theodoretum,
1972 5605 2028 5658 et
2049 5593 2209 5656 alios
2239 5593 2643 5653 adversarum
2662 5588 2941 5667 partium
2970 5586 3306 5665 episcopos,
3334 5596 3470 5641 cum
3503 5579 3588 5640 ad
3607 5579 3787 5640 sani-

548 5722 738 5780 tatem
775 5713 1104 5787 redissent,
1135 5720 1262 5773 tam
1297 5725 1533 5792 (equum
1569 5713 1625 5765 et
1653 5701 1969 5782 placatum
2003 5715 2065 5758 se
2102 5692 2390 5774 prwbuit,
2415 5697 2485 5750 ut
2518 5688 2748 5792 librum
2785 5687 2858 5749 de
2892 5683 3233 5792 emissario,
3269 5687 3530 5792 etquos

549 5816 871 5883 lulianum
915 5780 1287 5880 desertorem
1334 5780 1670 5889 scripserat
1701 5797 2146 5867 examinandos
2187 5796 2273 5857 eis
2333 5792 2595 5856 miserit.
2632 5790 2750 5854 His
2783 5787 3088 5852 machinis
3136 5783 3510 5850 Christianos
3542 5780 3793 5845 militivz
