3998 6304
255 362 277 419 ί
284 364 305 418 i
316 361 353 419 7
1134 363 1289 418 Pﬂrli
1298 364 1539 420 FATION
1547 365 1629 422 ES
1667 365 1834 462 Εριτ]

1973 366 2006 422 S
2042 367 2614 426 GRIECO-LATINE.
3392 376 3495 434 “8

254 481 382 544 dux
409 482 796 561 fortissimus
820 479 1149 560 gentilium
1182 489 1236 543 et
1263 481 1694 545 luereticorum
1728 502 1902 545 arces
1931 484 2080 546 olim
2110 486 2351 548 evertit.
2388 487 2502 560 Et,
2540 487 2597 548 si
2622 486 2746 548 tuis
2774 489 3075 566 auspiciis
3098 538 3116 567 ,
3151 490 3497 556 cardinalis

256 585 754 660 eminentissime,
792 586 859 646 in
882 592 1129 648 exteras
1164 586 1333 649 orbis
1368 591 1655 668 regiones
1687 590 2025 670 aliquando
2056 592 2498 671 transferetur,
2530 591 2649 655 ibit
2672 610 2866 671 porro
2890 593 3019 656 illis
3046 597 3202 675 ipsis
3230 598 3499 678 insignis

253 686 445 747 armis
474 688 540 747 in
564 687 978 749 Nestorianas
1009 688 1334 769 reliquias,
1368 690 1615 772 aliaque
1643 693 2001 755 istiusmodi
2027 702 2329 770 monstra,
2364 713 2496 775 quis
2520 694 2765 774 pridem
2798 695 3024 757 Oriens
3061 695 3209 773 alit,
3241 708 3351 759 aut
3369 717 3501 778 quis

253 809 379 852 non
405 790 618 854 multis
653 792 878 854 abhinc
911 793 1096 854 annis
1134 793 1434 857 Occidens
1470 797 1750 874 infausto
1768 805 1961 876 partu
1988 800 2276 878 suscepit.
2304 798 2544 875 Quibus
2562 799 2955 878 propositum
2984 816 3119 861 cum
3141 799 3224 860 sit
3249 800 3316 861 S.
3349 800 3498 877 Spi-

254 894 416 953 ritus
447 901 506 953 et
535 892 773 957 Christi
799 895 1047 956 Domini
1073 895 1486 970 divinitatem,
1517 897 1665 975 ﬁdei
1685 907 1912 958 nostra:
1929 906 2136 977 caput,
2165 908 2457 973 evertere,
2479 899 2771 959 acerrimi
2789 896 3024 977 pugilis
3052 898 3176 959 vim
3197 906 3252 959 et
3282 900 3499 959 incur-

254 1009 387 1051 sum
409 1010 536 1051 non
571 994 817 1071 frustra
851 995 1142 1070 sentient,
1181 1013 1285 1075 qui
1316 1002 1406 1056 tot
1438 994 1585 1057 olim
1616 995 1857 1059 Christi
1892 998 2007 1058 Dei
2051 996 2253 1058 hostes
2289 996 2645 1061 incredibili
2685 998 2917 1059 virtute
2953 999 3324 1077 prostravit.
3374 997 3500 1060 Nec

253 1095 455 1171 magis
486 1093 562 1154 ab
588 1094 695 1155 illo
728 1096 851 1155 tuti
875 1096 1014 1174 fore
1036 1096 1326 1158 censendi
1352 1106 1497 1158 sunt
1526 1106 2173 1178 novatores:quorum
2200 1106 2446 1159 strenue
2476 1096 3000 1176 confutandorum
3021 1116 3157 1158 cum
3194 1097 3313 1159 tibi
3338 1099 3502 1161 Deus

255 1198 532 1257 animum
577 1214 649 1256 ac
691 1203 953 1256 mentem
996 1196 1320 1270 indiderit,
1360 1215 1468 1258 nec
1512 1206 1568 1259 te
1614 1199 1825 1277 pigeat
1872 1199 2383 1277 gravissimorum
2427 1199 2823 1278 negotiorum
2852 1196 3184 1259 intervalla
3222 1198 3336 1258 hoc
3372 1201 3501 1258 otio

255 1306 470 1358 sancto
500 1296 906 1377 distinguere,
935 1317 1064 1360 rem
1093 1298 1449 1361 decidendis
1480 1302 1557 1361 iis
1586 1320 1719 1381 qua:
1748 1301 1813 1361 in
1840 1300 2140 1380 religione
2173 1308 2318 1361 sunt
2347 1310 2745 1362 controversa
2779 1299 3088 1380 capitibus
3110 1299 3505 1361 utilissimam

255 1406 419 1458 certe
456 1398 703 1475 feceris,
730 1399 787 1460 si
816 1406 919 1461 tuo
955 1398 1270 1480 beneﬁcio,
1304 1418 1436 1481 qua
1463 1401 1580 1463 tibi
1601 1401 1943 1479 amplitudo
1967 1408 2056 1462 est
2074 1401 2295 1477 animi,
2316 1410 2524 1463 vetera
2553 1401 2621 1462 id
2639 1419 2831 1480 genus
2855 1410 3214 1461 sanctorum
3239 1402 3505 1462 Patrum

255 1507 650 1561 monumenta
680 1501 953 1562 studiose
983 1502 1459 1582 conquirantur,
1483 1513 1538 1571 et
1561 1521 1675 1583 per
1709 1503 1964 1565 idoneos
1991 1502 2268 1564 homines
2299 1504 2361 1564 in
2392 1502 2588 1565 lucem
2618 1502 2907 1564 edantur.
2932 1502 3041 1563 Ex
3060 1500 3158 1562 his
3189 1500 3351 1561 enim
3372 1519 3505 1580 qua:

252 1600 453 1676 fuerit
474 1600 773 1678 primaeva
800 1601 976 1682 ﬁdes,
1002 1620 1135 1684 qua
1165 1603 1511 1682 disciplinae
1540 1605 1773 1683 forma,
1807 1612 1865 1666 et
1900 1606 2009 1685 qui
2044 1605 2208 1666 ritus
2236 1606 2482 1683 antiqui
2513 1606 2788 1667 omnium
2825 1605 3052 1683 optime
3086 1603 3503 1683 dignoscitur.

256 1707 316 1759 et
343 1699 454 1760 via:
483 1698 615 1761 ulla
641 1701 922 1764 suboriri
946 1710 1151 1782 potest
1186 1705 1253 1767 in
1273 1704 1395 1784 ﬁde
1419 1707 1674 1767 novatio
1710 1722 1845 1787 qua
1876 1724 2025 1787 non‘
2042 1706 2242 1784 possit
2290 1723 2501 1766 eorum
2534 1705 2905 1786 prcejudicio
2946 1703 3142 1766 deleri
3150 1752 3163 1765 .
3194 1704 3329 1764 Hoc
3356 1721 3504 1765 vero

253 1811 316 1861 te
350 1812 558 1864 manet
586 1805 837 1883 facinus
858 1804 1367 1886 pulcherrimum,
1390 1808 1736 1871 cardinalis
1771 1776 2246 1871 eminentissime
2271 1857 2285 1883 ,
2326 1808 2447 1869 hac
2479 1828 2507 1869 e
2548 1810 2842 1869 maximis
2873 1808 2997 1867 tuis
3043 1805 3507 1885 innumerisque

252 1905 549 1971 laudibus
585 1927 713 1970 una
744 1928 813 1971 eo
842 1929 1019 1992 quem
1072 1912 1142 1973 in
1167 1928 1359 1990 regno
1404 1914 1789 1973 Francorum
1827 1920 1885 1973 et
1916 1910 2200 1974 Ecclesia
2229 1911 2343 1972 Dei
2380 1909 2618 1971 obtines
2651 1910 2857 1989 gradu
2892 1908 3070 1988 longe
3107 1907 3502 1987 dignissima.

251 2005 384 2089 Alii
403 2007 569 2072 alios
598 2009 718 2072 tibi
736 2011 1078 2091 triumphos
1109 2020 1321 2092 optent
1348 2031 1370 2073 :
1392 2030 1596 2074 omnes
1621 2031 1728 2092 ego
1759 2012 1898 2087 tibi,
1920 2012 2029 2075 sed
2058 2015 2125 2075 in
2138 2011 2364 2093 primis
2394 2029 2493 2071 eos
2521 2027 2740 2071 vovere
2762 2028 2889 2071 non
2915 2009 3218 2081 desinam,
3245 2020 3505 2088 quorum

254 2128 373 2172 non
401 2111 475 2172 in
509 2114 701 2175 terris
733 2113 938 2182 modo.
960 2114 1070 2176 sed
1090 2120 1146 2176 et
1179 2114 1247 2175 in
1276 2112 1437 2176 caelis
1471 2115 1838 2196 consignata
1857 2115 2159 2177 memoria
2188 2113 2595 2176 immortalem
2626 2121 2682 2174 te
2729 2130 2806 2172 ex
2835 2108 3091 2171 mortali
3118 2108 3386 2187 faciant.

1723 2278 1794 2339 E'
1844 2279 1915 2340 T'
1961 2279 2036 2339 θ’
2585 2357 2866 2418 Joannes
2914 2352 3329 2414 ALBERTUS.

1553 2723 2219 2840 LECTORI.

330 3096 432 3166 Qui
451 3096 770 3155 Graecorum
794 3095 1051 3153 Ecclesiae
1075 3095 1299 3155 Patrum
1313 3096 1724 3153 lucubrationes
1758 3096 1950 3155 Latine
1983 3104 2195 3155 tantum
2227 3098 2285 3155 in
2303 3099 2482 3156 lucem
2516 3099 2738 3167 dedere,
2774 3096 2990 3153 tametsi
3049 3094 3235 3150 labore
3263 3108 3361 3148 suo
3396 3108 3505 3146 non

264 3204 465 3264 parum
491 3190 755 3251 Ecclesia
788 3191 1135 3263 profuerunt,
1166 3189 1421 3247 nonnihil
1447 3199 1628 3248 tamen
1658 3194 1895 3264 posteris
1921 3194 2174 3249 intulisse
2204 3193 2465 3250 videntur
2493 3193 2847 3260 incommodi,
2876 3191 3022 3264 quod
3056 3188 3234 3247 Graeci
3280 3184 3501 3242 codices

274 3297 389 3336 non
418 3283 585 3353 pauci
633 3283 838 3355 quibus
864 3285 950 3340 usi
1003 3290 1183 3350 erant,
1213 3283 1499 3340 hominum
1529 3284 1751 3342 tandem
1773 3285 2010 3353 incuria,
2039 3301 2165 3342 cum
2198 3286 2404 3341 Latinas
2433 3285 2706 3341 versionis
2749 3281 3136 3352 opportunitas
3185 3278 3423 3342 adesset,
3448 3276 3507 3334 in

267 3372 376 3429 situ
396 3391 461 3431 ac
500 3376 747 3433 tenebris
765 3377 1071 3448 perierunt.
1130 3376 1248 3434 Hoc
1274 3378 1535 3434 damnum
1585 3386 1882 3435 senserunt
1910 3380 2041 3435 olim
2084 3379 2346 3450 permulti
2378 3376 2640 3433 Ecclesiae
2684 3376 2913 3432 Patres:
2940 3388 3046 3428 nec
3075 3373 3196 3443 ejus
3247 3367 3510 3424 immunis

269 3462 505 3537 Cyrinus
544 3469 868 3535 exstitisset,
892 3471 1000 3525 nisi
1030 3470 1261 3526 studiosi
1289 3471 1543 3527 homines
1589 3473 1698 3543 jam
1750 3472 2081 3542 periclitanti
2134 3471 2427 3525 salutarem
2477 3482 2700 3522 manum
2756 3466 3142 3522 intendissent.
3180 3463 3330 3520 inter
3374 3476 3514 3533 quos

271 3559 481 3613 utinam
509 3560 711 3617 Anton.
740 3561 1341 3634 Agellius,Acernensis
1352 3563 1662 3633 episcopus,
1690 3570 1786 3616 aut
1801 3562 2183 3617 Bonaventura
2204 3560 2525 3624 Vulcanius,
2550 3558 2755 3615 eruditi
2778 3558 3129 3628 interpretes,
3150 3564 3246 3611 aut
3267 3553 3513 3610 Andreas

274 3647 498 3706 Scottus
524 3658 581 3705 et
611 3650 848 3706 Iacobus
875 3652 1156 3706 Pontanus
1185 3666 1218 3705 e
1263 3650 1529 3706 societate
1556 3650 1708 3716 Jesu,
1749 3657 1845 3705 aut
1877 3648 2081 3704 Anton.
2107 3649 2356 3714 Salmat.,
2380 3664 2447 3704 ex
2467 3648 2829 3704 Ambrosiano
2854 3646 3085 3717 collegio
3118 3645 3312 3701 doctor
3350 3643 3510 3698 theo—

271 3741 452 3815 logus,
492 3751 589 3798 aut
623 3743 798 3800 Nico].
828 3743 1092 3809 Borbon.,
1123 3743 1325 3799 Graecae
1355 3743 1555 3813 linguae
1581 3741 1861 3812 professor
1880 3744 2166 3810 emeritus,
2200 3744 2294 3815 qui
2319 3743 2377 3798 in
2404 3744 2511 3800 hoc
2558 3744 2828 3814 scriptore
2871 3738 3141 3796 vertendo
3165 3735 3400 3791 feliciter
3426 3749 3521 3791 su-

274 3840 496 3900 darunt,
530 3851 670 3906 opus
695 3852 725 3891 a
746 3852 804 3891 se
839 3837 1157 3892 inchoatum
1173 3835 1244 3891 ad
1276 3836 1486 3892 exitum
1514 3836 1931 3907 perduxissent!
1961 3838 2164 3910 Dignos
2184 3845 2334 3895 certe
2372 3844 2557 3893 tantus
2590 3834 2850 3893 Ecclesia:
2898 3832 3090 3888 doctor
3121 3840 3317 3886 nactus
3343 3828 3522 3885 inter-

272 3933 459 3993 pretes
488 3923 650 3996 longe
684 3925 911 3980 nitidior
940 3932 999 3979 et
1014 3924 1260 3980 ornatior
1281 3931 1588 3996 appareret.
1619 3926 1820 3981 Verum
1862 3926 1977 3981 sive
2038 3928 2156 3982 otio
2183 3943 2295 3982 non
2330 3926 2664 3984 abundat-int
2695 3924 2844 3997 quod
2887 3925 3041 3997 operi
3074 3932 3185 3979 tam
3214 3921 3393 3993 spisso
3419 3934 3518 3974 nc-

276 4017 576 4071 cessarium
606 4024 773 4084 esset,
806 4018 922 4073 sive
956 4018 1080 4074 aliis
1119 4018 1319 4074 studiis
1346 4026 1443 4074 aut
1467 4021 1704 4090 negotiis
1730 4020 1994 4076 abstracti
2025 4020 2170 4077 istud
2198 4022 2383 4078 oneris
2431 4022 2756 4094 abjecerint,
2812 4020 2870 4075 in
2914 4020 3114 4092 capite,
3150 4016 3297 4088 quod
3341 4014 3519 4076 aiunt,

274 4113 454 4167 solum
492 4112 836 4181 laborarunt,
866 4123 1090 4170 caeteras
1111 4113 1358 4185 corporis
1380 4124 1566 4185 partes
1602 4116 1950 4187 imperfectas
1996 4119 2363 4189 reliquerunt.
2403 4118 2559 4185 Quod
2595 4133 2722 4173 cum
2750 4118 2808 4173 in
2838 4116 3032 4187 primis
3072 4114 3344 4177 dolerem,
3373 4117 3431 4166 et
3465 4110 3522 4165 in

271 4222 392 4262 eam
423 4209 555 4263 vita
582 4208 853 4265 rationem
891 4209 1170 4279 ingressus
1191 4224 1372 4264 essem
1406 4209 1462 4264 in
1492 4194 1609 4279 qua
1634 4212 1809 4266 otium
1859 4220 2194 4284 suppeteret,
2233 4213 2376 4283 cepi,
2406 4213 2758 4283 quantumvis
2788 4210 3184 4266 mediocritatis
3220 4222 3355 4262 mea:
3384 4219 3523 4260 con-

285 4303 454 4367 scius,
495 4302 759 4359 editionis
782 4303 948 4375 hujus
969 4302 1284 4368 consilium,
1310 4312 1484 4369 ratus,
1526 4314 1586 4359 ut
1612 4305 1667 4358 in
1706 4305 1979 4376 locuplete
2018 4306 2202 4372 domo,
2239 4306 2396 4361 sicin
2433 4305 2678 4360 Ecclesia
2710 4304 2809 4358 Dei
2836 4316 2958 4357 esse
3011 4314 3230 4369 quoque
3264 4295 3525 4353 ﬁctilibus

269 4402 325 4449 et
345 4394 547 4466 ligneis
564 4395 709 4450 vasis
731 4395 911 4451 locum
935 4395 1193 4465 aliquem,
1223 4396 1269 4450 si
1293 4395 1456 4453 modo
1492 4396 1602 4453 sint
1638 4396 1782 4452 usui.
1806 4397 2179 4467 lntelligebam
2212 4396 2360 4450 enim
2390 4411 2553 4465 quam
2592 4395 2732 4449 male
2760 4408 2791 4447 a
2816 4391 3099 4447 nonnullis
3124 4387 3524 4459 interpretibus

268 4485 493 4542 habitus
513 4493 659 4542 esset
680 4484 932 4558 plurimis
963 4485 1020 4539 in
1050 4484 1209 4540 libris
1257 4484 1514 4557 Cyrillus,
1568 4486 1624 4540 in
1663 4484 1866 4556 quibus
1910 4484 2281 4556 repurgandis
2314 4499 2535 4555 operam
2566 4497 2772 4554 ponere
2822 4497 2933 4537 non
2972 4480 3138 4537 modo
3176 4478 3371 4535 inutile
3411 4490 3524 4533 non

270 4586 433 4643 esset,
463 4579 559 4635 sed
600 4593 866 4650 perquam
909 4575 1303 4633 necessarium.
1359 4577 1476 4634 Dici
1522 4578 1725 4649 quippe
1767 4592 1878 4633 non
1922 4584 2105 4649 potest
2124 4584 2392 4647 quantum
2417 4577 2524 4633 sibi
2543 4576 2687 4649 juris
2713 4574 2768 4630 in
2794 4589 2921 4631 eum
2965 4572 3262 4643 sumpserit
3286 4569 3350 4628 G.
3385 4570 3525 4626 Tra-

268 4672 581 4741 pezuntius,
606 4672 793 4727 multis
826 4671 883 4727 in
921 4671 1199 4742 epitomen
1220 4669 1478 4735 redactis,
1501 4680 1559 4725 et
1581 4686 1871 4741 perperam
1898 4685 2041 4741 saepe
2066 4670 2363 4727 translatis.
2408 4668 2566 4737 Quod
2612 4670 2669 4725 in
2708 4669 2971 4725 Thesauro
2997 4667 3219 4738 quidem
3267 4671 3526 4735 expertus

266 4764 509 4835 primum
552 4764 754 4819 Bonav.
803 4763 1116 4829 Vulcanius,
1153 4778 1254 4835 ego
1277 4761 1478 4818 deinde
1532 4762 1705 4817 nihilo
1755 4764 2152 4835 religiosiorem
2178 4764 2346 4820 fuisse
2380 4764 2437 4819 in
2479 4762 2785 4820 Comment.
2815 4765 2925 4821 illis
2959 4763 3016 4817 in
3053 4760 3318 4815 Joannem
3344 4757 3526 4827 reipsa

269 4857 533 4926 comperi.
550 4856 663 4912 Nec
682 4856 843 4928 longe
868 4856 1080 4912 felicior
1112 4856 1385 4927 interpres
1410 4854 1889 4925 (Ecolampadius,
1922 4865 1986 4912 ut
2002 4857 2174 4912 libros
2192 4856 2270 4911 Dc
2288 4855 2545 4910 Trinitate
2566 4862 2624 4911 et
2647 4864 2832 4911 contra
2856 4852 3135 4909 Iulianum
3154 4846 3358 4919 legenti
3371 4846 3532 4903 facile

270 4948 503 5016 patebit.
536 4948 726 5019 Neque
759 4957 940 5005 tamen
964 4962 1059 5005 eos
1081 4963 1181 5003 sua
1212 4948 1373 5003 laude
1406 4962 1594 5003 carere
1617 4947 1807 5015 velim,
1826 4956 1921 5003 aut
1944 4964 2046 5020 ego
2078 4957 2189 5003 tam
2212 4956 2505 5005 accuratus
2528 4948 2743 5014 haberi,
2775 4953 2836 5001 ut
2867 4960 2978 5000 non
3000 4940 3405 5013 quamplurima
3431 4954 3531 4993 su-

268 5054 494 5108 peresse
526 5055 747 5110 quoque
769 5039 963 5095 fatear.
998 5055 1121 5110 quae
1144 5036 1558 5110 diligentiorum
1583 5053 1805 5109 operam
1839 5054 1904 5094 ac
1943 5038 2212 5111 judicium
2247 5039 2549 5109 requirant.
2584 5039 2770 5107 Itaque
2803 5035 2850 5089 si
2871 5031 3002 5102 quid
3042 5048 3076 5087 a
3122 5045 3210 5086 me
3242 5035 3527 5100 peccatum

272 5129 702 5195 animadvertes,
732 5130 1089 5187 humanitatis
1114 5140 1197 5187 est
1221 5130 1535 5202 ignoscere;
1566 5145 1743 5202 eoque
1759 5131 1964 5204 justius
1987 5133 2148 5188 venia
2173 5132 2385 5203 sperari
2409 5132 2595 5196 debet,
2623 5128 2771 5200 quod
2803 5124 3024 5181 diﬂicile
3064 5123 3363 5180 admodum
3409 5131 3535 5175 erat

271 5238 332 5295 in
354 5230 463 5278 tam
489 5226 653 5296 longo
682 5224 857 5295 spatio
877 5240 986 5280 non
1006 5224 1292 5295 cespitare.
1311 5223 1462 5279 Adde
1479 5225 1625 5296 quod
1643 5240 1770 5280 cum
1791 5240 1939 5296 opus
1954 5233 2335 5291 retractarem,
2361 5233 2419 5280 et
2433 5222 2680 5293 quaedam
2704 5228 2897 5275 notare
2917 5220 3209 5291 cmpissen,
3237 5228 3529 5272 excussum

271 5329 341 5370 ac
372 5314 772 5385 propemodum
829 5321 1104 5395 extortum
1136 5313 1273 5369 mihi
1325 5323 1408 5370 est
1445 5315 1625 5385 ipsum
1656 5314 1724 5370 de
1770 5315 2047 5383 manibus,
2076 5316 2499 5388 bibliopolarum
2523 5312 2745 5368 assidua
2785 5310 3122 5384 ﬂagitatione
3142 5350 3157 5375 ,
3194 5321 3320 5364 suas
3344 5304 3530 5375 perire

271 5407 381 5463 sibi
406 5408 650 5464 rationes
671 5406 1073 5479 objicientium,
1095 5415 1152 5462 et
1188 5421 1255 5461 eo
1276 5407 1499 5463 nomine
1533 5407 1589 5462 in
1622 5408 1712 5477 jus
1727 5409 1826 5465 [me
1862 5408 2267 5479 quodammodo
2308 5407 2661 5479 rapientium.

344 5499 418 5555 Ut
466 5516 601 5555 vero
646 5515 748 5571 per
810 5517 951 5571 quos
970 5500 1321 5572 profecerim,
1376 5508 1434 5556 et
1476 5500 1677 5571 quibus
1719 5501 2065 5572 adjutoribus
2093 5502 2394 5558 editionem
2433 5500 2576 5556 hanc
2619 5499 2957 5564 adornarim;
2996 5513 3067 5553 ne
3094 5506 3146 5552 te
3177 5496 3364 5561 lateat,
3395 5494 3540 5550 scito

272 5592 505 5663 gratiam
530 5595 587 5648 in
612 5592 808 5665 primis
829 5594 1020 5649 deberi
1041 5596 1379 5666 amplissimo
1409 5594 1530 5649 viro
1544 5594 1611 5649 N.
1632 5594 1891 5667 Rigallio,
1932 5596 2026 5666 qui
2056 5596 2191 5651 mihi
2218 5601 2489 5666 quotquot
2526 5594 2582 5649 in
2625 5593 2788 5665 Regis
2829 5589 3123 5647 lectissima
3155 5587 3246 5643 illa
3280 5601 3412 5658 gaza
3448 5601 3555 5639 rc-

271 5684 438 5757 positi
463 5692 627 5740 erant
653 5684 844 5757 Cyrilli
878 5686 1097 5741 codices
1121 5686 1355 5758 benigne
1378 5687 1806 5742 communicavit
1840 5706 1853 5742 :
1891 5688 2192 5759 itidemque
2238 5688 2344 5744 ιιι).
2381 5687 2530 5745 card.
2571 5684 2871 5741 Barberino
2898 5692 2957 5739 et
2986 5680 3042 5737 S.
3078 5679 3383 5749 Onupbrio,
3414 5690 3533 5729 om—

271 5778 366 5835 nis
386 5778 653 5838 doctrina:
678 5786 733 5835 et
760 5778 1115 5835 humanitatis
1137 5779 1297 5836 laude
1324 5776 1792 5843 eminentissimis,
1819 5794 2052 5849 quorum
2068 5780 2387 5837 auctoritate
2422 5778 2783 5835 reverendiss.
2813 5775 2972 5830 Pater
2990 5771 3175 5826 uorat.
3196 5765 3541 5824 Iustinianum
