3998 6304
457 391 557 449 “9
1403 426 1405 429 -
1549 387 1828 443 ANTONII
1864 387 2136 443 AGELLll
2160 383 2553 456 ,PRIEFATIO.
3610 387 3713 444 1Ξο

458 510 632 565 libros
666 525 703 564 ll
727 510 1058 580 posteriores
1073 508 1382 563 Comment.
1409 510 1462 562 in
1488 509 1691 564 Isaiam
1716 513 2027 582 prophetam
2053 520 2108 565 et
2148 511 2351 566 librum
2395 527 2488 566 vui
2520 513 2575 566 in
2601 510 2824 566 Joannis
2863 509 3215 582 Evangelium
3239 506 3307 564 ad
3337 521 3440 562 nos
3474 519 3542 559 ex
3563 505 3712 561 Vati.

453 617 590 656 cana
621 600 942 654 transmisit.
967 600 1102 654 Nam
1135 603 1391 671 quintum
1415 622 1479 660 ac
1513 617 1729 663 sextum
1765 608 1821 662 in
1850 608 2116 663 Joannem
2166 610 2383 664 nescire
2413 618 2465 664 te
2493 625 2605 663 non
2631 618 2848 680 oportet
2897 609 3178 664 illustriss.
3234 621 3298 660 ac
3341 603 3709 659 reverendiss.

449 692 516 747 D.
552 691 746 746 Carolo
770 690 836 744 de
857 691 1127 759 Monehal,
1173 696 1588 768 archiepiscopo
1611 698 1902 764 Tolosano,
1935 699 2004 753 de
2037 699 2240 754 litteris
2267 715 2432 770 supra
2480 716 2644 770 quam
2689 701 2796 756 dici
2838 709 3018 770 potest
3048 700 3188 755 bene
3221 697 3442 763 merito,
3494 695 3708 761 deberi,

404 781 432 804 "
453 788 542 853 qui
579 782 740 836 nobis
770 797 866 836 eos
899 798 967 836 ex
995 783 1058 836 L.
1085 784 1333 841 Hostenii
1367 787 1732 842 eruditissimi
1772 790 1876 843 viri
1906 789 2212 860 κειμηλίοις
2247 790 2609 860 deprompsit,
2643 790 2698 844 id
2735 791 2961 860 insuper
2990 789 3237 844 studiose
3293 787 3712 842 commendante

452 876 519 930 Ν.
565 873 824 928 Fabricio
855 874 1137 930 Peirescio
1177 878 1236 932 in
1266 888 1460 934 senatu
1493 879 1737 950 Aquensi
1767 881 2084 935 consiliario
2109 881 2254 952 regis
2283 881 2642 952 amplissimo,
2676 883 2834 952 cujus
2875 890 3052 936 morte
3087 880 3454 936 clarissimum
3498 879 3713 933 littera-

445 983 568 1022 rum
603 967 790 1022 lumen
821 968 1157 1024 exstinctum
1189 969 1320 1023 boni
1353 985 1548 1026 omnes
1592 970 1870 1026 desiderio
1904 987 2005 1026 suo
2035 987 2100 1026 ac
2154 972 2344 1028 dolore
2396 981 2685 1027 testantur.
2723 972 2932 1027 Exinde
2984 972 3076 1026 alii
3120 972 3372 1026 certatim
3403 971 3533 1024 huic
3555 976 3710 1038 operi

395 1096 401 1110 .
454 1075 686 1114 manum
723 1061 1111 1117 admoverunt.
1139 1062 1275 1116 Nam
1304 1061 1628 1117 Thesaurum
1664 1079 1772 1117 una
1793 1079 1918 1117 cum
1945 1065 2068 1134 ejus
2094 1064 2570 1134 interpretatione,
2602 1072 2659 1120 et
2678 1064 2755 1119 De
2784 1064 3095 1118 adoratione
3123 1065 3180 1116 in
3230 1063 3421 1133 spiritu
3469 1079 3531 1115 ac
3574 1061 3713 1116 veri-

451 1163 559 1208 tate
584 1155 758 1210 libros
783 1172 911 1222 xvn,
947 1173 1087 1227 quos
1115 1157 1422 1213 Academiae
1449 1159 1960 1230 Lugduno—Batava:
1988 1159 2370 1215 Bonaventura
2399 1161 2699 1216 Vulcanius
2734 1161 3012 1232 quondam
3046 1161 3339 1230 legaverat,
3373 1157 3570 1212 advehi
3611 1172 3712 1210 cu-

451 1247 596 1300 ravit
620 1247 691 1301 cl.
718 1264 772 1302 v.
806 1248 866 1302 Ρ.
900 1249 1456 1324 Puteanusjuvandis
1486 1255 1684 1310 litteris
1705 1263 1887 1309 natus.
1911 1255 1990 1309 Ex
2016 1271 2113 1310 sua
2165 1271 2296 1310 vero
2342 1255 2678 1311 bibliotheca
2722 1255 3128 1311 illustrissimus
3160 1254 3224 1307 D.
3255 1252 3321 1307 de
3345 1251 3560 1322 Harlay,
3596 1251 3712 1304 Ma-

451 1336 744 1392 cloviensis
778 1340 1091 1411 episcopus,
1149 1344 1370 1399 codices
1408 1345 1548 1400 duos
1586 1344 1823 1415 benigne
1855 1345 2252 1414 suppeditavit,
2282 1361 2518 1415 quorum
2545 1345 2969 1418 unusCatenam
2995 1345 3051 1399 in
3074 1343 3301 1400 Joannis
3330 1341 3710 1412 Evangelium,

448 1444 514 1485 ex
542 1431 731 1502 Cyrilli
759 1435 1103 1506 aliorumque
1132 1438 1353 1492 Patrum
1387 1421 1800 1490 commentariis
1826 1435 2231 1501 concinnatam,
2261 1436 2401 1490 alter
2420 1419 2700 1507 Glaphyro.
2715 1439 2770 1491 in
2791 1437 3230 1500 Pentateuchum,
3251 1451 3360 1489 una
3391 1450 3518 1488 cum
3554 1433 3714 1488 libris

448 1523 527 1576 De
561 1525 872 1580 adoratione
905 1530 961 1582 in
1011 1530 1200 1599 spiritu
1243 1536 1291 1580 et
1329 1529 1568 1593 veritate,
1617 1541 1680 1580 ac
1711 1526 1976 1580 Thesauro
2020 1527 2422 1595 complectitur.
2459 1526 2539 1580 Ex
2568 1526 2900 1598 Augustana,
2931 1527 3160 1582 Mathias
3202 1526 3533 1596 Eliingerus,
3591 1524 3714 1595 ejus

450 1619 568 1670 tum
600 1626 789 1673 custos
826 1619 1298 1690 diligentissimus,
1325 1621 1402 1675 De
1423 1627 1765 1676 sacrosancta
1815 1620 2072 1674 Trinitate
2104 1620 2276 1675 libros
2313 1636 2411 1675 sua
2445 1635 2612 1674 manu
2645 1619 2851 1674 dilIieili
2899 1629 3144 1690 tempore
3187 1619 3491 1689 descriptos
3524 1617 3709 1682 jmisit.

450 1707 741 1763 Postremo
769 1708 1120 1766 Collectanea
1153 1728 1222 1767 ex
1251 1713 1459 1785 Cyrillo
1494 1713 1724 1783 aliisque
1748 1713 2004 1768 Patribus
2028 1722 2287 1782 excerpta
2316 1713 2688 1782 suppeditavit
2710 1712 2870 1766 nobis
2907 1712 3188 1766 illustriss.
3217 1711 3303 1766 vir
3329 1713 3393 1766 D.
3427 1711 3710 1776 Biberius,

451 1799 594 1853 sacri
630 1800 958 1858 Consistorii
982 1819 1188 1870 comes,
1229 1805 1563 1876 integritatis
1582 1812 1638 1858 et
1666 1785 1998 1857 eruditionis
2015 1801 2191 1871 gloria
2226 1803 2588 1856 clarissimus.
2621 1801 2832 1868 Quibus
2857 1800 3115 1856 omnibus
3161 1809 3370 1855 tantum
3413 1800 3713 1870 gratiarum

449 1906 551 1962 ego
578 1891 754 1949 debeo
788 1905 1055 1966 quantum
1085 1897 1329 1950 Ecclesia
1361 1894 1634 1950 commodi
1665 1909 1733 1948 ex
1765 1893 1988 1963 scriptis
2040 1893 2374 1948 sanctissimi
2429 1892 2677 1946 doctoris
2719 1892 2919 1961 capiet.
2958 1893 3204 1961 Longum
3257 1899 3405 1947 esset
3463 1891 3714 1959 reliquos

451 1997 787 2052 percensere
817 1987 912 2056 qui
940 1988 1075 2042 mihi
1111 1989 1168 2042 in
1199 1988 1305 2043 hoc
1335 1986 1613 2042 curriculo
1645 1984 1865 2040 sudanti
1894 1999 2049 2038 suam
2079 1999 2240 2054 opem
2272 1993 2368 2040 aut
2394 1983 2718 2038 obtulerunt
2738 1990 2832 2037 aut
2862 1983 3258 2052 praastiterunt.
3289 1980 3452 2036 Certe
3477 1989 3712 2050 praeter-

449 2075 593 2129 mitti
619 2092 728 2132 non
753 2078 918 2133 debet
948 2080 1213 2135 eximium
1242 2096 1331 2134 vv.
1363 2081 1433 2134 cl.
1462 2080 1522 2134 P.
1541 2077 1765 2133 Juniiet
1788 2077 1852 2131 D.
1890 2077 2043 2131 Rous
2064 2076 2119 2129 in
2148 2075 2393 2130 editione
2423 2085 2609 2130 nostra
2639 2075 2878 2147 juvanda
2917 2074 3272 2142 ornandaque
3307 2071 3573 2134 studium,
3616 2087 3689 2139 qu

448 2167 702 2221 homilias
738 2169 946 2238 aliquot
1000 2178 1057 2225 et
1099 2170 1280 2225 varias
1322 2170 1377 2223 in
1415 2183 1508 2223 eas
1561 2168 1829 2222 lectiones
1878 2180 1947 2219 ex
1991 2164 2418 2220 instructissima
2460 2163 2634 2219 Oxon.
2669 2162 2976 2218 Academiae
3004 2162 3339 2217 bibliotheca
3387 2169 3534 2214 tanta
3575 2161 3710 2217 mihi

448 2275 573 2314 cum
603 2260 884 2316 celeritate
908 2262 1200 2329 miserunt,
1232 2270 1294 2317 ut
1323 2262 1664 2332 praevertisse
1697 2257 2104 2332 quodammodo
2132 2257 2458 2312 viderentur
2491 2257 2813 2326 petitionem
2837 2271 3035 2309 meam.
3069 2255 3180 2309 Nec
3212 2251 3411 2306 tacitus
3439 2252 3616 2306 abibit
3642 2253 3687 2308 N

447 2345 773 2414 Borbonius,
796 2350 1052 2406 candoris
1067 2359 1121 2406 et
1152 2351 1358 2421 ingenii
1388 2349 1614 2404 dotibus
1645 2346 2054 2413 ornatissimus,
2081 2345 2172 2416 qui
2201 2346 2482 2401 luculenta
2522 2345 2684 2400 nobis
2719 2344 3023 2416 fragmenta
3063 2345 3521 2400 intermediorum
3556 2360 3611 2398 1v
3643 2343 3714 2396 li-

447 2443 674 2499 brorum
699 2445 756 2498 in
785 2445 1049 2501 Joannem
1079 2463 1147 2502 ex
1174 2446 1379 2502 Catena
1434 2444 1715 2500 illustriss.
1746 2445 1810 2498 D.
1847 2443 2091 2514 episcopi
2149 2442 2530 2498 Maeloviensis
2556 2442 2850 2511 desumpta
2905 2441 3139 2511 benigne
3193 2441 3440 2506 tradidit,
3473 2457 3712 2511 quorum

445 2553 550 2607 ope
576 2539 747 2593 multa
776 2539 834 2594 in
881 2557 915 2594 v
967 2551 1024 2594 et
1055 2557 1106 2594 vi
1143 2541 1263 2595 loca
1311 2540 1746 2605 emendavimus,
1811 2554 1938 2594 cum
1983 2537 2210 2592 unicum
2241 2537 2484 2607 alioquin
2533 2537 2812 2607 exemplar
2857 2545 3197 2607 suppeteret,
3246 2536 3500 2602 inﬁnitis,
3547 2546 3713 2592 utne

448 2635 580 2704 quid
610 2636 977 2702 dissimulem,
1010 2637 1226 2692 mendis
1256 2637 1626 2706 inquinatum.

519 2728 594 2783 De
629 2727 824 2782 ordine
852 2729 1160 2802 librorum,
1204 2729 1309 2783 hoc
1338 2729 1560 2793 habeto,
1605 2744 1706 2782 nos
1732 2742 1859 2781 eum
1897 2741 2007 2782 non
2046 2739 2437 2795 usquequaque
2499 2733 2718 2779 secutos
2755 2738 2896 2788 esse,
2941 2740 3105 2795 quem
3142 2725 3481 2795 exemplaria
3513 2724 3713 2778 Latina

448 2817 832 2890 praeferebant,
853 2818 949 2873 sed
971 2818 1494 2884 commodissimum,
1526 2827 1792 2889 quantum
1825 2818 2138 2888 patiebatur
2166 2818 2305 2872 ratio
2358 2826 2651 2884 tomorum,
2699 2817 3026 2873 instituisse.
3064 2819 3311 2873 Primum
3345 2819 3525 2874 locum
3549 2819 3714 2873 libris

447 2910 526 2964 De
556 2909 866 2962 adoratione
895 2909 950 2961 in
975 2909 1166 2978 spiritu
1199 2917 1246 2960 et
1269 2909 1490 2962 veritate
1519 2924 1626 2962 una
1665 2923 1791 2962 cum
1826 2906 2110 2978 Glaphyris
2137 2905 2409 2971 dedimus,
2448 2899 2617 2976 quod,
2660 2908 2940 2978 proposita
2990 2908 3247 2979 legalium
3301 2919 3552 2980 typorum
3581 2925 3713 2966 cum

450 2999 767 3071 evangeliea
787 3001 1021 3055 veritate
1066 2999 1470 3066 convenientia,
1496 3001 1720 3070 planum
1748 3001 1856 3055 iter
1877 2998 1947 3054 ad
1973 2999 2261 3068 utriusque
2295 2997 2632 3054 Testamenti
2664 3001 3035 3070 cognitionem
3081 3002 3352 3072 aperiunt,
3389 3003 3712 3073 animosque.

449 3093 517 3149 ad
541 3093 963 3163 ejuslectionem
993 3090 1198 3145 utiliter
1229 3097 1556 3160 praeparant.
1584 3091 1754 3145 Porro
1778 3090 1958 3144 varias
1990 3090 2256 3144 lectiones
2275 3104 2385 3143 non
2419 3104 2612 3144 omnes
2643 3089 2742 3144 tibi
2773 3099 3248 3159 repraasentamus,
3289 3092 3369 3146 uti
3394 3108 3497 3148 nec
3517 3109 3710 3148 emen-

449 3189 701 3244 dationes
744 3186 1324 3242 etanimadversioues
1348 3186 1404 3239 in
1449 3201 1512 3240 ea
1537 3183 1839 3254 Scriptura:
1868 3182 1986 3238 loca
2021 3199 2259 3253 quorum
2294 3184 2478 3238 versio
2533 3198 2658 3237 cum
2685 3182 2880 3238 Latina
2937 3186 3157 3256 vulgata
3206 3185 3388 3242 minus
3433 3188 3708 3254 congruit,

449 3283 858 3354 exemplaribus
884 3299 1119 3354 quorum
1142 3283 1209 3338 ad
1251 3283 1553 3354 marginem
1596 3298 1690 3338 eas
1714 3281 2036 3336 adnotaram
2063 3297 2162 3352 per
2199 3295 2470 3337 summam
2527 3281 2800 3336 incuriam
2832 3297 3126 3350 operarum
3175 3283 3412 3338 amissis.
3467 3284 3594 3340 Haec
3653 3293 3711 3340 te

451 3379 661 3447 paucis,
684 3379 882 3446 lector,
914 3380 1182 3435 monitum
1211 3379 1382 3434 volui.
1419 3378 1575 3444 Quod
1606 3387 1878 3450 superest,
1911 3378 2179 3442 studium,
2205 3394 2415 3447 quaeso,
2442 3393 2628 3433 meum
2660 3378 2791 3433 boni
2811 3379 3058 3443 consule,
3082 3388 3138 3434 et
3162 3380 3305 3434 bene
3337 3380 3437 3435 tibi
3483 3381 3716 3452 cupien-

454 3484 563 3525 tem
587 3472 777 3528 eodem
806 3473 990 3529 animo
1025 3489 1382 3545 prosequere.

461 3665 714 3682 m—

1165 3859 1872 3956 ADMONITIO
1945 3859 2400 3955 ANTON.
2485 3861 2965 3951 AGELLII

815 4054 1139 4119 Prtemissa
1173 4056 1433 4120 editioni
1464 4056 1696 4118 Latinae
1742 4055 2044 4117 librorum
2075 4055 2162 4115 De
2207 4051 2578 4112 adoratione
2614 4051 2679 4111 in.
2721 4051 2953 4130 spiritu
3002 4061 3057 4113 et
3095 4052 3372 4117 veritate.

1784 4225 1800 4285 ς
1829 4222 1995 4271 Romze
2046 4217 2185 4278 1588,
2213 4216 2296 4265 fol.
2326 4217 2340 4278 )

525 4508 679 4563 Beati
718 4506 908 4580 Cyrilli
938 4509 1014 4562 De
1061 4509 1382 4566 adoratione
1428 4509 1486 4564 in
1519 4509 1719 4579 spiritu
1751 4515 1808 4560 et
1851 4505 2084 4559 veritate
2129 4503 2288 4557 libros
2337 4521 2456 4558 eum
2493 4505 2813 4577 Lugdunum
2856 4510 3233 4580 imprimendos
3269 4516 3546 4580 misissem,
3582 4519 3712 4572 adeo

459 4601 620 4667 male,
648 4618 752 4655 non
780 4602 932 4656 modo
963 4603 1312 4673 imprimentis
1340 4601 1680 4672 negligentia,
1698 4613 1880 4650 verum
1903 4598 2064 4650 etiam
2089 4597 2399 4667 corrigentis
2431 4597 2828 4672 culpa,,accepti
2859 4601 3094 4672 fuerunt,
3114 4613 3172 4657 ut
3202 4605 3494 4662 innumeris
3512 4609 3712 4664 mendis

459 4694 622 4766 pleni,
659 4705 706 4750 et
741 4696 880 4766 quod
903 4698 1029 4751 mihi
1051 4697 1318 4752 molestius
1335 4697 1454 4766 fuit,
1481 4690 1924 4746 adnotatiunculis
1956 4691 2282 4762 marginibus
2303 4691 2497 4745 additis
2516 4695 2739 4764 respersi
2767 4705 2961 4762 essent,
2981 4713 3113 4767 quas
3131 4715 3296 4768 neque
3313 4716 3404 4771 ego
3427 4704 3674 4756 miseram
3695 4743 3713 4766 ρ

460 4804 626 4860 neque
670 4787 936 4857 feceram:
971 4797 1022 4842 et
1048 4790 1122 4842 ita
1147 4790 1338 4859 ineptae
1369 4794 1418 4838 et
1445 4783 1687 4838 absurdae
1709 4792 1885 4848 erant,
1913 4791 1970 4835 ut
1994 4783 2190 4837 alicubi
2223 4799 2288 4837 ne
2321 4783 2554 4838 auctoris
2582 4785 2793 4854 quidem
2817 4789 3147 4842 sanctissimi
3166 4797 3216 4841 et
3247 4791 3598 4848 eruditissimi
3615 4793 3725 4848 viri

418 4873 437 4910 ’δ
460 4885 660 4937 nomini
676 4891 971 4954 parcerent.
995 4882 1146 4948 Quod
1163 4885 1249 4937 ubi
1269 4880 1531 4950 conspexi,
1561 4887 1727 4934 totam
1745 4878 1899 4933 illaut
1923 4878 2288 4949 Lugdunensis
2319 4878 2680 4949 impressionis
2703 4882 3070 4950 cogitationem
3097 4879 3279 4950 abjeci.
3315 4879 3419 4936 Sed
3453 4885 3713 4944 hortanti-

461 4977 555 5029 bus
597 4985 777 5046 postea
811 4977 1033 5031 eruditis
1057 4977 1206 5038 viris,
1239 4987 1542 5041 mecumque
1575 4969 1933 5025 benevolentia
1962 4970 2346 5040 conjunctis,et
2371 4971 2635 5041 praecipue
2664 4969 2883 5026 illorum
2910 4973 3331 5029 adhortationem
3363 4975 3716 5036 illustrissimc

462 5069 891 5140 amplissimaque
921 5070 1069 5126 card.
1089 5066 1308 5136 Carafa,
1345 5065 1495 5131 cuius
1518 5063 1675 5135 jussu
1703 5081 1764 5117 ac
1799 5062 2070 5117 voluntate
2099 5062 2220 5116 illos
2244 5071 2628 5129 converteram,
2659 5065 3006 5135 approbante,
3036 5075 3092 5120 ut
3122 5067 3253 5120 vitia
3279 5069 3572 5136 superioris
3611 5071 3715 5125 im-

464 5166 746 5234 pressionis
778 5167 1132 5229 emendarem,
1176 5161 1404 5216 alteram
1434 5168 1490 5213 ut
1515 5161 1708 5215 dicitur
1728 5160 2116 5230 navigationem
2138 5159 2360 5228 suscepi,
2391 5167 2441 5212 et
2479 5159 2549 5212 ad
2569 5159 2812 5213 incudem
2837 5159 2992 5213 illam
3038 5161 3438 5230 impressionem
3458 5169 3719 5232 revocavi,

465 5255 750 5325 curavique
778 5264 834 5308 ut
856 5255 1026 5307 denuo
1064 5251 1182 5303 libri
1210 5248 1589 5302 emendatiores
1609 5249 2062 5319 imprimerentur.
2113 5246 2307 5312 Habes,
2363 5245 2524 5301 lector
2545 5289 2558 5313 ,
2586 5248 2840 5304 Romana:
2873 5250 3032 5320 hujus
3082 5251 3445 5320 impressionis
3479 5271 3719 5310 causam.

463 5347 616 5402 Nunc
651 5347 785 5401 mihi
817 5347 955 5398 ratio
980 5340 1290 5412 exponenda
1314 5350 1389 5394 est
1415 5357 1575 5410 quam
1611 5341 1665 5394 in
1687 5338 2088 5410 interpretando
2110 5355 2228 5392 sum
2266 5349 2492 5394 secutus.

537 5439 651 5511 Ego
676 5454 795 5492 cum
821 5435 1051 5490 viderem
1081 5435 1137 5487 in
1168 5442 1506 5488 externorum
1537 5434 1745 5505 scriptis
1788 5433 2169 5502 transferendis
2195 5431 2354 5500 ﬁdem
2400 5431 2703 5502 interpretis
2767 5431 2986 5502 requiri,
3011 5440 3168 5504 atque
3188 5449 3315 5490 eam
3338 5431 3543 5485 abunde
3567 5451 3714 5503 pra:-

462 5536 618 5600 stari,
649 5536 695 5587 si
723 5532 861 5602 quod
886 5533 941 5584 in
974 5533 1334 5604 permutandis
1365 5533 1590 5588 nummis
1620 5533 1896 5586 usuvenire
1924 5529 2056 5584 sole:
2082 5571 2096 5595 ,
2133 5531 2418 5584 testimatio
2441 5531 2716 5584 sententia:
2746 5529 3079 5583 tantumdem
3105 5531 3288 5584 valens
3313 5529 3584 5598 reddatur,
3610 5548 3717 5586 non

464 5622 769 5698 scrupulose
807 5621 966 5676 verba
1004 5633 1381 5692 numerentur;
1421 5626 1645 5680 mediam
1685 5622 1972 5696 quamdam
2011 5621 2151 5675 viam
2193 5623 2320 5675 mihi
2356 5622 2753 5692 ingrediendum
2785 5623 2985 5692 putavi,
3023 5630 3080 5675 ut
3105 5623 3422 5677 sententiam
3478 5627 3718 5682 auctoris

468 5723 546 5774 ita
569 5714 857 5778 redderem,
892 5724 948 5770 ut
977 5735 1142 5791 neque
1175 5720 1329 5776 illam
1348 5721 1522 5776 solum
1547 5730 1788 5792 spectans
1825 5717 1982 5773 verba
2005 5723 2410 5781 contemnerem,
2448 5733 2614 5787 neque
2664 5734 2845 5770 rursus
2887 5717 3054 5771 verbis
3081 5716 3362 5788 plusquam
3396 5729 3524 5783 opus
3580 5720 3720 5767 esset

458 5813 850 5885 adharrescens,
879 5813 1126 5873 obscurus
1157 5834 1338 5873 essem.
1372 5816 1549 5878 Neque
1599 5831 1717 5872 vero
1746 5813 1938 5869 Latina
1967 5811 2124 5867 verba
2168 5809 2260 5865 illa
2305 5818 2512 5867 tantum
2541 5811 2740 5878 vutavi,
2768 5827 2882 5883 qua:
2931 5811 3073 5882 apud
3121 5810 3316 5880 lingua:
3350 5815 3580 5894 fttnmws
3607 5816 3713 5856 αα*
