3998 6304
200 360 291 418 ίῖί
1319 369 1603 463 'ANTONII
1634 371 1779 428 AGEE

1870 373 1907 429 ll
1946 367 2342 431 PREFATIO.
3344 369 3449 426 129

190 486 354 532 ctores
393 476 766 547 reperiuntur;
817 495 943 534 nam
972 480 1070 536 illa
1097 482 1354 537 scribendi
1401 486 1565 540 anxia
1604 488 1775 541 nimis:
1793 494 1845 539 et
1882 486 2196 559 scrupulosa
2262 486 2402 541 ratio
2432 487 2487 540 in
2519 486 2584 539 iis
2618 486 2826 555 scriptis
2853 498 2971 554 qua:
3023 485 3094 538 ad
3140 483 3445 555 religionem

193 570 474 642 pertinent,
508 585 615 624 non
642 586 1020 643 usquequaque
1073 575 1275 629 servari
1320 583 1523 646 potest;
1568 576 1825 648 religione
1879 580 2018 633 enim
2057 578 2289 651 quadam
2332 577 2612 633 verborum
2644 577 2894 630 astrictus
2932 583 3138 628 tenetur
3162 577 3444 646 interpres,

195 663 321 716 aa‘eo
344 668 401 715 ut
432 662 478 715 si
506 660 804 732 elegantius
829 665 1124 736 transferre
1155 666 1302 731 uelit,
1343 683 1508 738 neque
1553 670 1709 722 certis
1736 669 2050 740 quibusdam
2088 670 2168 723 uti
2207 669 2377 724 verbis
2430 676 2591 740 atque
2617 666 2957 730 solemnibus,
2993 664 3303 735 plerumque
3321 681 3446 719 sen--

194 755 411 808 tentiam
439 755 696 819 obscuret,
724 755 849 809 dum
880 754 1196 812 Christianis
1216 758 1430 830 objectis
1461 758 1688 814 cultiora
1713 759 1937 830 fortasse
1961 764 2184 833 quierit;
2212 779 2351 833 sepe
2375 760 2774 832 simplicitatem
2806 756 2963 811 illam
2985 754 3280 811 Christiani
3306 757 3447 810 scri-

190 846 356 915 ptoris
383 863 416 900 a
445 846 578 917 fucis
608 846 842 901 alienam
863 864 1052 919 parum
1086 851 1317 920 referat;
1341 868 1723 923 nonnunquam
1744 854 1937 921 etiam,
1964 855 2102 926 quod
2124 863 2284 926 caput
2308 862 2404 918 est,
2437 854 2645 908 decreta
2677 851 2921 922 quwdam
2950 856 3147 903 nostm
3174 845 3300 913 ﬁdei
3330 848 3446 901 vio-

192 934 281 988 let.
318 934 676 1000 Quamobrem
703 940 934 994 auctoris
962 957 1173 996 sensum
1198 943 1277 996 ita
1316 950 1537 998 conatus
1568 961 1687 1000 sum
1728 947 2042 1017 transferre,
2074 955 2135 1001 ut
2161 946 2485 1018 simplicibus
2508 945 2707 1011 verbis,
2743 951 2793 998 et
2829 960 2863 997 a
2884 940 3269 996 consuetudine
3291 937 3448 994 Chri-

192 1026 340 1080 tiana
364 1028 584 1082 minime
603 1027 795 1084 alienis
829 1037 1049 1098 uterer;
1072 1032 1390 1105 feuravique,
1419 1045 1682 1106 quantum
1730 1040 1897 1108 potui,
1930 1054 1995 1092 ne
2034 1040 2091 1093 in
2113 1054 2173 1092 eo
2233 1039 2456 1109 legendo
2496 1032 2829 1093 Christianus
2891 1036 3056 1089 lector
3086 1034 3144 1087 in
3209 1031 3445 1087 auctoris

190 1121 449 1175 sententia
472 1135 643 1174 mores
664 1122 893 1177 auctoris
923 1121 1261 1179 desideraret.
1295 1125 1560 1182 Hactenus
1592 1128 1655 1183 de
1676 1144 1811 1184 mea:
1826 1131 2278 1202 interpretationis
2301 1132 2525 1184 ratione.
2556 1128 2713 1184 Nunc
2739 1128 2802 1183 de
2834 1131 3008 1198 operis
3034 1134 3248 1180 auctore
3273 1139 3446 1195 pauca

189 1214 410 1269 dicenda
442 1221 583 1269 sunt.

144 1358 156 1375 κ
258 1303 452 1376 Cyrilli
476 1307 571 1360 hoc
596 1321 726 1377 apus
752 1322 881 1372 esse,
913 1310 1002 1377 qui
1024 1309 1082 1361 in
1106 1308 1219 1379 ejus
1258 1310 1469 1380 scriptis
1500 1310 1826 1384 perlegendis
1849 1316 1917 1368 sit
1940 1322 2200 1380 versatus,
2243 1321 2372 1386 puto
2403 1315 2769 1370 dubitaturum
2824 1317 3123 1381 neminem;
3154 1316 3313 1386 idque
3337 1332 3444 1372 non

189 1397 608 1468 eminscriptione
633 1397 807 1453 solum
844 1401 1081 1470 cognosci
1100 1407 1287 1470 potest,
1317 1416 1434 1471 quae
1466 1405 1522 1457 in
1552 1404 1789 1458 omnibus
1805 1421 1933 1476 quos
1971 1405 2144 1460 videre
2192 1410 2341 1477 potui
2393 1408 2771 1478 manuscriptis
2797 1407 2943 1461 libris
2993 1415 3296 1477 pmnotata
3340 1416 3440 1469 est,

187 1509 372 1547 verum
408 1494 570 1548 etiam
598 1510 662 1548 ea:
694 1494 1003 1550 elocutionis
1031 1510 1221 1566 genere
1245 1513 1365 1551 eum
1393 1500 1594 1554 caeteris
1623 1500 1737 1567 eius
1770 1500 1917 1555 libris
1942 1501 2394 1572 quamsimillimo.
2428 1502 2597 1557 Habet
2622 1504 2763 1557 enim
2799 1501 3057 1573 Cyrillus,
3085 1504 3443 1574 utscriptores

187 1603 392 1653 omnes,
426 1605 580 1643 suam
601 1589 892 1660 quamdam
923 1591 1179 1645 orationis
1205 1591 1434 1661 formam
1462 1611 1525 1647 ac
1543 1593 1770 1663 faciem;
1798 1611 1981 1666 quam,
2015 1603 2075 1650 ut
2105 1597 2161 1650 in
2188 1598 2304 1667 ipsa
2330 1594 2507 1651 vultus
2534 1597 2756 1650 humani
2781 1598 2952 1667 specie
2997 1598 3263 1663 usuvenit,
3300 1597 3444 1651 haud

188 1678 342 1751 facile
360 1681 417 1734 in
440 1681 548 1736 alio
579 1682 937 1754 deprehendas
964 1700 982 1737 :
1021 1698 1184 1754 eaque
1210 1684 1264 1737 in
1284 1683 1474 1739 Latino
1495 1694 1716 1762 quoque,
1733 1688 1825 1742 sed
1849 1689 2062 1759 facilius
2092 1707 2155 1744 ac
2188 1691 2381 1744 certius
2420 1691 2479 1743 in
2527 1687 2710 1745 Gmco
2752 1689 3089 1760 perspicitur.
3116 1688 3330 1744 Accedit
3358 1690 3443 1744 al-

187 1782 357 1826 terum
388 1786 782 1844 argumentum,
818 1776 956 1847 quod
989 1776 1183 1831 ewdem
1216 1780 1488 1834 sententia:
1520 1797 1584 1835 ac
1616 1781 1868 1852 dogmata
1894 1783 2081 1854 quibus
2116 1785 2174 1837 in
2210 1784 2289 1838 his
2324 1783 2471 1838 libris
2508 1784 2698 1848 utitur,
2723 1784 2780 1836 in
2818 1782 2940 1837 aliis
2973 1784 3101 1837 item
3134 1784 3250 1850 ejus
3273 1782 3441 1850 libris,

187 1864 248 1917 de
277 1864 468 1935 quibus
502 1866 655 1922 nulla
688 1875 767 1922 est
803 1871 1180 1934 controversia,
1207 1868 1455 1941 leguntur
1487 1870 1586 1943 (a).
1618 1872 1858 1944 Longum
1886 1891 2008 1930 vero
2039 1882 2198 1940 esset,
2235 1890 2401 1945 neque
2420 1876 2793 1940 necessarium,
2821 1877 2866 1929 si
2891 1891 2979 1930 eas
3012 1891 3198 1929 omnes
3222 1884 3442 1929 senten-

186 1958 286 2011 tias
316 1960 565 2030 persequi
592 1959 747 2014 velim
766 1977 784 2014 :
813 1961 943 2015 satis
972 1962 1072 2014 erit
1105 1961 1175 2014 ad
1192 1977 1311 2016 eam
1344 1979 1455 2016 rem
1475 1961 1945 2021 demonstrandam
1981 1983 2149 2021 unum
2193 1974 2285 2020 aut
2327 1964 2559 2020 alterum
2584 1966 2881 2038 exemplum
2912 1983 3344 2021 commemorare.
3363 1965 3442 2020 Ne

192 2050 394 2121 longius
415 2051 632 2117 abeam,
657 2051 796 2122 quod
825 2053 880 2106 in
911 2054 1083 2124 primo
1105 2052 1238 2108 libro
1273 2056 1468 2124 posuit,
1508 2055 1939 2113 substantialiter
1983 2075 2047 2114 ea:
2096 2059 2261 2114 Patre
2297 2069 2347 2113 et
2402 2059 2537 2114 Filio
2581 2059 2858 2130 procedere
2884 2058 3143 2130 Spiritum
3179 2068 3444 2124 sanctum,

188 2157 356 2197 nonne
388 2140 662 2213 Cyrillum
690 2152 960 2198 auctorem
991 2145 1273 2217 coarguit?
1324 2161 1426 2216 quo
1469 2161 1536 2200 ea;
1577 2146 1772 2204 Graecis
1802 2150 2099 2204 doctoribus
2144 2166 2295 2205 nemo
2321 2151 2511 2222 dogma
2557 2152 2650 2204 hoc
2709 2151 2943 2220 apertius
2991 2149 3256 2221 protulit;
3316 2165 3448 2204 nam

187 2237 422 2291 eamdem
446 2238 771 2291 sententiam
803 2253 922 2291 cum
946 2237 1096 2305 alibi,
1132 2246 1244 2295 tum
1259 2242 1318 2295 in
1347 2239 1617 2296 Thesauri
1645 2242 1778 2297 libro
1793 2259 1889 2298 ιιιι
1923 2242 2162 2314 legimus,
2194 2244 2364 2315 capite
2391 2244 2427 2298 2
2452 2254 2502 2299 et
2521 2245 2588 2312 '5;
2619 2247 2848 2315 itemque
2872 2244 2960 2298 lib.
3004 2258 3113 2309 11v,
3145 2259 3263 2314 cap.
3301 2243 3355 2310 1,
3381 2252 3433 2298 et

194 2331 242 2385 in
263 2330 539 2387 Joannem
574 2329 663 2384 lib.
695 2347 749 2395 ι,
774 2348 894 2402 cap.
921 2330 1457 2403 25.1nsufﬂationem
1490 2335 1680 2391 deinde
1708 2336 1940 2410 Spiritus
1975 2339 2148 2391 sancti
2195 2338 2252 2391 in
2287 2338 2518 2392 hominis
2573 2354 2763 2408 corpus
2797 2353 2825 2390 e
2868 2336 2994 2391 limo
3034 2336 3352 2405 formatum,
3385 2342 3446 2389 ut

187 2424 438 2482 Geneseos
467 2423 692 2478 secundo
719 2422 957 2494 legimus,
998 2424 1054 2479 id
1078 2425 1302 2495 effecisse
1339 2424 1582 2498 ;Cyrillus
1615 2435 1787 2498 putat,
1836 2436 1896 2482 ut
1944 2426 2175 2499 Spiritus
2197 2430 2369 2483 sancti
2403 2445 2618 2482 munere
2654 2430 2894 2483 animam
2943 2427 3237 2482 decoraret.
3282 2428 3439 2483 Hanc

186 2519 505 2572 sententiam
540 2516 598 2570 in
625 2513 759 2569 libro
792 2532 997 2588 quoque
1014 2518 1072 2572 in
1097 2517 1308 2590 Evang.
1332 2517 1397 2573 B.
1431 2518 1593 2574 Joan.
1618 2536 1679 2586 ιι,
1712 2538 1758 2575 c.
1777 2521 1830 2587 ὅ,
1848 2529 1897 2575 et
1921 2520 2011 2576 lib.
2050 2536 2146 2586 ιιι,
2169 2537 2215 2575 c.
2245 2521 2334 2587 56,
2362 2522 2554 2592 posuit.
2605 2519 2793 2593 Cyrilli
2832 2520 3135 2591 opinionem
3184 2537 3291 2575 non
3316 2523 3450 2577 satis

183 2608 373 2682 probat
388 2607 454 2662 Β.
482 2605 705 2662 Thomas
728 2607 783 2662 in
809 2625 828 2663 ι
858 2626 1002 2679 par.,
1031 2626 1086 2680 q.
1129 2610 1220 2677 91,
1253 2620 1360 2666 art.
1391 2613 1444 2680 4,
1469 2620 1519 2667 et
1542 2614 1599 2667 in
1622 2611 1797 2669 libello
1836 2631 1993 2685 quem
2026 2615 2277 2670 adversus
2309 2630 2516 2669 errores
2545 2613 2851 2671 Gmcorum
2898 2615 3130 2685 scripsit,
3192 2620 3450 2683 tanquam

189 2698 375 2772 Cyrilli
410 2698 689 2770 prapriam
721 2701 976 2770 agnoscit.
1005 2698 1110 2755 Sed
1139 2708 1201 2755 ut
1220 2701 1353 2757 solet
1388 2703 1618 2759 Patrum
1652 2706 1942 2759 sententias
1988 2704 2364 2759 modestissime
2401 2704 2458 2757 in
2499 2709 2702 2757 rectum
2735 2719 2949 2757 sensum
2989 2702 3357 2772 interpretari,
3390 2708 3450 2754 ut

190 2798 354 2866 magis
388 2811 477 2850 eos
509 2795 785 2866 defendere
819 2810 980 2865 quam
1004 2796 1381 2867 reprehendere
1416 2799 1678 2863 videatur,
1727 2814 1846 2852 eam
1879 2799 2170 2853 reverentia
2221 2799 2357 2852 tanti
2384 2796 2564 2851 Patris
2596 2803 2863 2866 permotus
2884 2801 3118 2859 excusat,
3169 2791 3453 2863 allegorice

191 2889 251 2943 ab
280 2887 381 2943 illo
420 2887 693 2959 prolatum
723 2888 920 2941 dicens.
941 2883 1203 2939 Excusari
1250 2898 1312 2936 ac
1342 2884 1551 2954 defendi
1583 2884 1740 2939 aliter
1778 2901 1981 2956 quoque
2018 2894 2204 2955 potest,
2234 2902 2354 2939 cum
2380 2883 2613 2957 Cyrillus
2644 2884 2701 2937 in
2741 2900 2860 2938 eam
2892 2885 3212 2937 sententiam
3254 2883 3452 2937 venisse

189 2979 451 3044 rideatur,
470 2988 528 3033 ut
554 2978 840 3033 Marcionis
867 2975 1205 3032 etManichcei
1231 2974 1581 3048 blasphemiae
1598 2977 1955 3049 propulsaret,
1977 2980 2066 3049 qui
2093 2979 2336 3033 dicebant
2370 2995 2464 3050 per
2485 2978 2899 3051 insufﬂationem
2918 2974 3072 3030 illam
3099 2975 3326 3028 inditum
3343 2987 3452 3026 esse

192 3076 389 3130 homini
409 3073 511 3131 Dei
523 3073 790 3146 spiritum,
809 3086 1032 3142 eumque
1045 3072 1099 3125 in
1114 3072 1352 3126 animam
1372 3072 1594 3126 hominis
1611 3088 1935 3127 conversum.
1955 3071 2065 3127 Hoc
2087 3070 2319 3143 Cyrillus
2340 3070 2646 3137 detestatus,
2676 3078 2832 3142 negat
2858 3067 3117 3140 Spiritum
3136 3069 3190 3120 in
3215 3069 3454 3120 animam

191 3188 496 3228 conversum
515 3171 835 3241 ;asseritque
854 3166 1432 3240 insufflationemillam
1464 3169 1534 3222 ad
1549 3168 1786 3223 decorem
1806 3169 2019 3234 animat,
2038 3185 2143 3223 non
2161 3168 2231 3222 ad
2257 3184 2445 3239 corpus
2473 3166 2822 3222 animandum
2839 3162 3261 3237 profecisse.Non
3277 3170 3455 3215 tamen

194 3264 590 3337 negatSpiritus
618 3266 809 3320 virtute
822 3270 981 3335 atque
1001 3267 1227 3336 efﬁcacia
1252 3283 1440 3337 corpus
1466 3266 1604 3321 illud
1632 3269 1816 3322 anima
1840 3269 2041 3321 vivente
2070 3273 2401 3338 vegetatum;
2431 3266 2523 3320 sed
2550 3264 2713 3319 simul
2742 3265 2852 3333 fere
2898 3265 3137 3317 animam
3158 3262 3209 3314 vi
3226 3258 3455 3331 Spiritus

192 3360 447 3430 infusam,
486 3366 537 3413 et
570 3358 812 3430 euestigio
834 3359 1005 3412 sancti
1030 3355 1260 3429 Spiritus
1284 3373 1500 3412 munere
1532 3358 1857 3413 decoratum.
1883 3357 2034 3424 Quod
2066 3359 2337 3428 perspicue
2361 3357 2494 3409 dixit
2523 3357 2580 3408 in
2609 3354 2964 3424 Evangelium
3000 3353 3064 3407 Β.
3096 3353 3321 3407 Joannis
3361 3352 3452 3408 lib.

194 3469 252 3519 ιι,
284 3471 403 3525 cap.
425 3453 480 3508 ’5.
521 3451 624 3508 Sed
649 3451 838 3523 Cyrilli
864 3454 1125 3522 opinionis
1160 3455 1428 3509 excusatio
1452 3454 1676 3509 alterius
1703 3454 1877 3524 operis
1907 3462 2006 3517 est;
2031 3467 2169 3505 nunc
2193 3451 2326 3504 satis
2364 3456 2443 3502 est
2479 3448 2769 3502 ostendisse
2802 3446 2994 3517 Cyrilli
3020 3447 3157 3501 hanc
3200 3462 3310 3501 esse
3330 3464 3457 3502 sen-

199 3546 438 3599 tentiam.
467 3544 631 3615 Atqui
653 3546 710 3600 in
751 3546 923 3615 primo
960 3543 1117 3616 hujus
1158 3546 1332 3617 operis
1372 3544 1505 3600 libro
1529 3546 1638 3601 hcec
1661 3545 1926 3600 sententia
1956 3542 2131 3615 posita
2159 3548 2275 3607 est;
2303 3554 2406 3611 quo
2442 3554 2625 3594 verum
2672 3553 2780 3593 esse
2802 3535 2992 3609 Cyrilli
3021 3538 3115 3593 hoc
3146 3554 3273 3610 opus
3314 3538 3457 3595 indi-

197 3647 367 3691 catur.

263 3729 634 3804 Expositiones
654 3744 785 3787 pero
813 3715 1004 3788 divinte
1036 3731 1344 3805 Scriptum,
1366 3748 1484 3804 qua:
1505 3733 1562 3787 in
1584 3733 1706 3789 aliis
1734 3733 1848 3804 ejus
1888 3731 2032 3786 libris
2063 3730 2381 3801 afferuntur,
2401 3726 2565 3782 sicubi
2589 3727 2646 3780 in
2665 3725 2745 3779 his
2778 3724 2926 3779 libris
2948 3739 3074 3778 usus
3109 3722 3316 3787 incidit,
3353 3736 3459 3776 ete-

199 3824 311 3880 dem
324 3828 511 3896 posita:
522 3832 667 3890 sunt;
691 3824 826 3895 quod
836 3824 1009 3896 ipsum
1024 3824 1263 3879 eumdem
1280 3840 1390 3879 esse
1409 3822 1854 3895 prodit.Singuias
1867 3837 2131 3877 recensere
2147 3836 2313 3892 neque
2327 3819 2549 3873 breviter
2561 3832 2794 3890 possum,
2809 3825 2857 3869 et
2878 3817 3028 3871 otiosi
3046 3815 3268 3869 hominis
3288 3821 3423 3867 esset
3441 3828 3460 3866 :

204 3917 446 3989 idquecui
477 3915 870 3986 libitumfuerit
886 3915 1042 3986 facile
1072 3925 1148 3969 est
1164 3931 1228 3969 ea:
1253 3915 1423 3969 indice
1439 3912 1731 3986 Scriptum
1754 3930 1943 3981 sacm,
1975 3913 2066 3985 qui
2089 3913 2161 3967 ad
2180 3911 2344 3982 ﬁnem
2367 3912 2540 3984 operis
2575 3916 2653 3963 est
2677 3908 2895 3981 positus,
2913 3907 3209 3970 desumere,
3242 3914 3292 3958 et
3336 3904 3462 3959 illas

199 4017 334 4067 inter
343 4027 401 4067 se
415 4009 825 4082 conferre.Quin
841 4013 1001 4067 etiam
1011 4013 1152 4067 inter
1164 4009 1351 4082 Cyrilli
1363 4028 1525 4083 opera
1538 4010 1745 4068 libellus
1761 4012 1977 4083 quidam
1992 4013 2279 4077 invenitur,
2296 4011 2384 4082 qui
2407 4009 2754 4066 Collectanea
2774 4004 3106 4069 inscribitur;
3138 4005 3196 4057 in
3210 4019 3269 4057 eo
3292 4000 3464 4057 multa

201 4110 319 4155 sunt
345 4099 637 4172 Scriptum
687 4100 802 4156 loca
828 4101 1125 4157 sublimiori
1167 4117 1326 4156 sensu
1349 4109 1399 4155 et
1419 4103 1708 4173 anagogico
1747 4099 2032 4171 explicata,
2065 4099 2319 4171 pleraque
2345 4113 2409 4152 ea:
2439 4096 2586 4152 libris
2602 4111 2731 4167 pene
2752 4096 2821 4151 ad
2857 4095 3069 4151 verbum
3091 4094 3387 4165 desumpta,
3404 4103 3463 4147 ut

201 4192 334 4247 illud
355 4193 422 4247 de
452 4192 631 4266 Moyse
655 4192 848 4266 lingua:
871 4197 1180 4253 tarditatem
1229 4206 1536 4263 excusante,
1566 4198 1631 4251 de
1660 4204 1817 4268 aetate
1837 4196 2043 4260 Aaron,
2062 4194 2125 4248 de
2146 4196 2296 4264 virga
2325 4194 2381 4247 in
2418 4198 2714 4264 serpentem
2730 4206 2903 4256 versa,
2932 4190 2995 4243 de
3024 4205 3178 4259 aqua:
3204 4187 3426 4257 penuria
3445 4226 3460 4250 ,

205 4305 310 4359 qua
338 4288 602 4344 Israelita:
625 4288 786 4360 paulo
808 4300 931 4345 ante
957 4308 1022 4347 ea;
1042 4291 1273 4365 £ggpto
1299 4291 1528 4359 liberati,
1571 4292 1803 4363 primum
1842 4290 2021 4346 vexati
2056 4287 2367 4359 probatique
2389 4294 2533 4351 sunt,
2583 4284 2647 4339 de
2671 4299 2850 4360 pugna
2881 4282 3133 4337 adversus
3156 4278 3461 4334 Amalechi-

205 4387 284 4436 tas
304 4383 463 4446 inita,
480 4381 640 4438 Iosue
666 4385 815 4451 duce,
845 4383 1023 4458 Moyse
1042 4393 1356 4457 spectatore.

270 4472 338 4528 In
359 4472 554 4530 Gmcis
583 4477 784 4530 catenis
813 4484 1095 4547 pmterea,
1127 4476 1184 4529 in
1220 4475 1635 4530 Pentateuchum
1666 4473 1947 4545 pmcipue,
1973 4485 2091 4541 quae
2116 4469 2173 4523 in
2210 4467 2470 4523 Vaticana
2495 4461 2808 4519 bibliotheca
2829 4470 2974 4529 sunt,
2996 4479 3159 4533 quam
3191 4460 3365 4516 multa
3397 4477 3462 4515 ac

206 4580 367 4635 prope
390 4564 619 4620 dixerim
645 4566 825 4621 omnia
858 4581 921 4620 ea:
940 4567 1019 4620 his
1043 4565 1191 4621 libris
1222 4571 1438 4637 accepta
1465 4562 1629 4619 sunt?
1663 4563 1743 4617 ita
1772 4570 1831 4617 ut
1853 4577 1985 4634 pene
2010 4568 2143 4616 totos
2185 4559 2259 4615 ibi
2282 4558 2507 4613 insertos
2532 4552 2733 4626 “uideas
2758 4555 2848 4610 hos
2878 4553 3056 4621 libros,
3089 4562 3247 4625 atque
3277 4550 3464 4625 Cyrilli

209 4658 421 4711 nomine
451 4658 665 4714 citatos.
2878 4672 2881 4675 ’

274 4748 551 4804 Postremo
577 4751 849 4806 Anastasii
872 4752 1189 4822 patriarchae
1239 4747 1909 4815 Antiocheni,sanctissimi
1941 4754 1991 4800 et
2015 4743 2355 4799 eruditissimi
2381 4744 2501 4809 viri,
2534 4758 2688 4814 quem
2716 4757 2819 4795 non
2870 4746 3076 4794 moveat
3129 4737 3464 4792 auctoritas?

208 4856 260 4913 ιε
284 4846 425 4899 enim
450 4847 505 4901 in
532 4862 629 4900 suo
680 4846 1015 4903 Deductorio
1053 4846 1199 4901 libro
1247 4846 1311 4899 de
1338 4846 1419 4899 his
1462 4842 1608 4898 libris
1661 4842 2019 4896 testimonium
2063 4838 2288 4910 profert,
2323 4838 2741 4909 interrogatione
2794 4835 3060 4889 vicesima.
3089 4830 3256 4885 Locus
3286 4840 3464 4885 autem

210 4947 362 5001 quem
384 4938 513 4993 citat
562 4938 812 4992 adversus
855 4941 1145 4993 vanitatem
1193 4937 1561 5009 auguriorum,
1587 4934 1651 4988 de
1688 4932 1820 4987 libro
1847 4948 1901 4986 γι
1924 4937 2163 5001 sumptus
2200 4938 2295 4983 est.
2326 4928 2411 4983 Ea:
2446 4930 2526 4984 his
2568 4927 2806 4983 omnibus
2849 4923 2987 4979 illud
3020 4922 3249 4994 profecto
3280 4920 3464 4994 liquet,

212 5031 484 5098 proprium
510 5046 622 5085 esse
651 5028 838 5102 Cyrilli
859 5047 1010 5103 opus,
1038 5046 1203 5103 neque
1227 5029 1368 5101 apud
1389 5042 1706 5099 quemquam
1724 5033 1851 5097 puto
1899 5024 2036 5079 hanc
2062 5040 2175 5078 rem
2212 5023 2270 5077 in
2288 5021 2503 5076 dubium
2535 5016 2904 5074 revocandam.

280 5144 359 5199 Ne
384 5161 506 5200 vero
531 5148 814 5218 quisquam
859 5147 1173 5220 offendatur,
1200 5163 1318 5201 cum
1352 5144 1676 5209 testimonia,
1719 5159 1838 5214 qua:
1865 5143 1930 5197 de
1981 5140 2262 5212 Scriptura
2321 5138 2688 5210 proferuntur,
2730 5131 2994 5203 aliquibus
3022 5131 3149 5187 locis
3190 5148 3296 5187 non
3338 5146 3471 5185 con-

212 5254 403 5307 gruere
420 5256 543 5294 cum
568 5240 763 5296 Latina
788 5242 1010 5296 editione
1032 5240 1243 5308 viderit,
1274 5239 1633 5295 admonendus
1660 5241 1703 5293 is
1731 5240 1860 5294 mihi
1877 5246 1973 5305 est,
1998 5238 2054 5293 id
2074 5253 2179 5292 non
2208 5237 2264 5290 in
2284 5249 2391 5288 uno
2413 5229 2636 5303 Cyrillo,
2658 5228 2748 5282 sed
2766 5229 2823 5282 in
2843 5229 3078 5283 omnium
3099 5227 3326 5283 Patrum
3355 5237 3466 5281 tam

215 5332 523 5391 Graecorum
578 5353 742 5408 quam
779 5346 1011 5391 veterum
1069 5320 1383 5391 Latinorum
1428 5335 1573 5390 libris
1621 5336 1916 5412 usuvenire.
1964 5333 2034 5389 Hi
2072 5344 2301 5401 namque
2338 5341 2518 5382 omnes
2579 5323 2775 5379 Veteris
2822 5322 3143 5379 Testamenti
3176 5320 3464 5391 Scripturis

288 5507 383 5595 te).
429 5508 863 5595 Ατβιιξηειιειξω.
900 5512 1039 5567 nulli
1068 5510 1370 5595 εεςειιηέιιιω
1390 5510 1651 5595 Praebet.
1669 5509 1789 5595 ipse
1895 5498 3473 5595 εορίὶιιιιξίζφὲξξὶἒζιὲξιδίὲθρὶιέἓὲἓξειῑετίέἓξεέζξθηοὲξιτ

216 5567 673 5656 ϐγὶηὶὶιιιεζῗιιὶιίρ
703 5580 1096 5656 Glaphyrorum
1122 5583 1177 5636 in
1217 5567 1440 5656 _Genesin
1484 5581 1564 5656 _(p.
1600 5567 1791 5656 2),'d_i-
1897 5567 2062 5656 suile
2097 5567 2645 5656 prmtérmisimuset
2672 5567 3477 5656 inexgmipfla‘fﬂiguilflyii-

218 5642 382 5722 cens:
421 5642 771 5722 «Sciendum
803 5642 941 5707 itero
997 5652 1161 5707 etiam
1217 5652 1322 5707 hoc
1355 5642 1530 5722 quod:
1553 5642 1677 5705 cum
1715 5649 1792 5703 De
1900 5642 2116 5722 tametsi
2148 5644 2426 5700 interdum
2455 5643 2653 5722 accidit
2680 5650 2740 5697 ut
2770 5642 3004 5722 alicujus
3051 5652 3244 5722 eorum
3276 5648 3477 5715 neces:

223 5706 535 5793 adoratione
578 5706 632 5775 et
679 5706 827 5793 cultu
852 5706 909 5775 in
935 5706 1125 5793 spiritu
1142 5706 1451 5793 etveritdte
1474 5721 1647 5793 libros
1684 5734 1794 5773 xvu
1856 5726 1857 5729 “
1902 5717 2045 5775 saria
2075 5714 2142 5773 de
2170 5729 2333 5772 causa
2367 5713 2799 5772 meminerimus.
2830 5728 2848 5764 ι
2885 5706 3035 5766 Enrr.
3056 5706 3217 5763 Pun.

223 5790 633 5864 scripserimus,
670 5789 1010 5861 multamque
1044 5793 1100 5848 in
1136 5792 1244 5849 illis
1271 5789 1796 5858 contemplationum
