3998 6304
532 384 637 441 ηε»
1650 375 1926 433 ΔΝΤΟΝΙΙ
1964 376 2111 432 AGEJ

2200 378 2235 432 ll
2275 377 2651 435 PILEFATIO.
3675 376 3779 432 494

524 499 685 567 juxta
714 492 849 548 LXX
868 491 1227 562 Interpretum
1267 485 1674 542 translationem
1698 494 1941 541 utuntur.
1971 485 2073 541 Sed
2099 489 2227 558 quia
2256 497 2401 543 vetus
2425 490 2613 543 horum
2644 489 2995 560 interpretum
3020 488 3181 542 editio
3210 489 3332 558 jam
3358 488 3451 543 diu
3501 487 3644 558 apud
3667 488 3778 542 La—

530 585 887 641 tinos-amissa
915 590 1014 649 est,
1055 582 1176 635 dedi
1219 595 1438 650 cperam
1472 587 1531 632 ut
1577 594 1696 649 qua
1750 580 1807 632 in
1834 580 1912 633 his
1968 578 2115 634 libris
2154 595 2218 634 ex
2262 579 2434 635 Veteri
2472 580 2832 635 Instrumenta
2851 582 3106 644 citantur,
3172 594 3235 632 ea
3274 596 3394 635 cum
3431 580 3776 651 antiquorum

533 677 731 732 Latina
776 674 1020 731 Ecclesia
1065 674 1292 728 Patrum
1327 671 1548 727 lectione
1565 681 1955 741 congruerent:
1991 673 2047 726 in
2069 688 2233 743 eaque
2270 687 2328 726 re
2353 672 2631 743 Augustini
2650 674 2912 744 pracipue
2943 672 3089 726 libris
3116 671 3334 742 adjutus
3355 688 3497 738 sum,
3520 673 3577 726 in
3617 672 3774 743 cujus

525 767 930 837 Quaestionibus
964 782 1070 820 non
1104 781 1275 836 pauca
1302 779 1366 818 ex
1393 761 1492 816 illa
1525 764 1685 817 veteri
1714 762 1853 817 LXX
1888 764 2329 833 interpretatione
2363 763 2629 834 leguntur.

572 860 662 915 -In
692 858 837 914 Novo
866 867 1043 912 autem
1073 856 1398 911 Testamento
1425 854 1675 909 Latinam
1711 853 1983 924 vulgatam
2012 854 2292 910 editionem
2314 855 2501 925 ubique
2529 857 2751 923 retinui;
2784 856 2883 910 nisi
2912 855 2995 909 ubi
3024 863 3119 909 aut
3147 853 3303 909 aliter
3334 853 3538 926 legisset
3568 864 3775 925 auctor,
3812 864 3819 875 '

527 960 620 1007 aut
644 966 762 1004 eam
791 950 1163 1019 expositionem
1195 944 1478 1010 attulisset,
1511 960 1631 1016 qua
1655 961 1773 998 cum
1801 944 1995 999 Latina
2019 944 2242 998 editione
2268 961 2552 1016 congruere
2585 962 2687 999 non
2714 954 2903 1016 posset.
2946 944 3140 1010 Quibus
3170 946 3224 999 in
3251 945 3375 1000 locis
3405 962 3468 999 ne
3495 945 3559 999 ab
3590 954 3774 999 aucto-

528 1043 599 1095 ris
624 1042 882 1094 sententia
911 1040 1259 1103 dissentirem,
1287 1052 1413 1091 neve
1443 1035 1597 1090 illam
1625 1035 1975 1089 obscuriorem
2012 1034 2300 1101 redderem,
2333 1043 2541 1090 coactus
2574 1052 2690 1090 sum
2720 1034 3112 1107 aliquantulum
3146 1054 3180 1090 a
3213 1035 3438 1107 Vulgata
3476 1036 3774 1102 discedere;

525 1132 614 1184 sed
645 1132 754 1186 hac
783 1131 897 1186 loca
916 1147 1035 1184 'non
1063 1127 1232 1184 multa
1254 1135 1397 1182 sunt.
1442 1124 1594 1191 Quod
1621 1126 1949 1181 admonitum
1975 1134 2047 1192 te,
2099 1124 2280 1192 lector,
2308 1125 2470 1193 volui,
2498 1142 2562 1181 ne
2596 1126 2756 1181 sicubi
2786 1126 2944 1181 aliter
2972 1143 3133 1197 quam
3159 1126 3258 1183 illa
3286 1128 3476 1183 habeat
3505 1127 3770 1193 transtuli,

529 1228 800 1298 vulgatam
828 1228 1106 1281 editionem
1150 1224 1525 1296 reprehendere
1554 1240 1637 1277 me
1673 1221 1898 1277 voluisse
1926 1230 2092 1294 putes.
2125 1221 2311 1277 Altera
2346 1223 2505 1276 etiam
2539 1223 2752 1276 accessit
2789 1239 2950 1275 causa
2981 1237 3075 1275 cur
3115 1220 3169 1274 id
3204 1221 3329 1275 mihi
3365 1220 3536 1290 facere
3573 1237 3776 1277 necesse

528 1316 647 1385 fuit,
676 1334 742 1371 ne
769 1320 815 1371 si
847 1317 1005 1372 aliter
1029 1333 1191 1388 quam
1217 1326 1401 1373 auctor
1432 1319 1488 1371 in
1522 1316 1702 1374 Graco
1734 1324 2005 1389 posuerat,
2039 1314 2327 1387 Scriptum
2361 1332 2528 1371 sacra
2560 1317 2855 1371 testimonia
2890 1305 3297 1381 transtulissem,
3326 1318 3681 1371 characterem
3712 1335 3776 1372 ac

528 1416 706 1461 notam
733 1409 875 1463 haud
895 1410 1138 1481 exiguam
1164 1410 1471 1475 adimerem,
1498 1426 1605 1479 qua
1633 1407 1821 1480 Cyrilli
1843 1409 1938 1463 hoc
1966 1424 2096 1480 opus
2120 1424 2227 1465 esse
2254 1407 2466 1479 probari
2492 1416 2680 1479 posset.
2704 1406 2917 1462 Etenim
2943 1425 3064 1462 cum
3090 1408 3146 1463 in
3167 1409 3230 1463 iis
3256 1406 3422 1473 libris,
3450 1410 3541 1479 qui
3571 1408 3773 1463 tamdiu

528 1504 651 1557 editi
677 1512 819 1570 sunt,
838 1512 888 1557 et
907 1506 1021 1560 sine
1041 1504 1192 1559 dubio
1209 1502 1396 1574 Cyrilli
1417 1520 1526 1559 esse
1547 1504 1853 1569 creduntur,
1874 1502 2135 1558 nonnulla
2155 1501 2443 1574 Scriptura
2474 1510 2672 1558 sancta
2694 1501 2807 1557 loca
2830 1502 3090 1574 singulari
3107 1519 3171 1557 ac
3188 1504 3400 1574 proprio
3422 1505 3652 1571 quodam
3675 1521 3777 1559 au-

523 1599 680 1651 ctoris
706 1599 855 1653 modo
880 1598 1144 1670 legantur,
1166 1597 1450 1670 eodemque
1474 1598 1624 1653 modo
1645 1599 1703 1654 in
1723 1599 1801 1654 his
1823 1597 1988 1663 libris,
2009 1614 2136 1669 quos
2157 1598 2376 1664 edimus,
2404 1598 2776 1667 reperiantur;
2806 1596 2861 1650 id
2887 1604 3026 1650 certe
3047 1612 3151 1651 non
3182 1593 3292 1651 leve
3311 1596 3563 1650 indicium
3588 1605 3661 1650 est
3683 1597 3774 1651 hos

525 1688 682 1745 libros
709 1692 943 1762 ejusdem
976 1691 1205 1746 auctoris
1233 1707 1364 1757 esse,
1399 1692 1547 1762 eique
1583 1698 1836 1761 tanquam
1865 1691 2165 1771 certissimis
2198 1690 2332 1744 notis
2359 1690 2635 1771 insignitos
2665 1689 2792 1759 jure
2834 1689 3028 1759 optimo
3053 1688 3376 1743 asserendos.
3407 1688 3661 1761 Exemplo
3691 1707 3776 1746 res

521 1778 718 1835 clarior
740 1780 851 1849 ﬁet.
884 1780 1028 1837 Solet
1055 1780 1287 1854 Cyrillus
1314 1783 1369 1837 in
1398 1782 1507 1836 suis
1537 1779 1682 1834 libris
1713 1779 1868 1834 illum
1892 1779 2086 1851 psalmi
2117 1766 2237 1835 im
2270 1764 2476 1835 versum
2510 1780 2605 1834 hoc
2635 1779 2787 1833 modo
2816 1779 3002 1845 citare,
3027 1778 3127 1834 Dei
3153 1778 3341 1846 fortes,
3376 1796 3406 1835 a
3437 1788 3583 1836 terra
3610 1782 3779 1838 vehe-

522 1886 736 1934 menter
753 1877 952 1933 elevali
977 1886 1137 1944 sunt;
1158 1893 1325 1949 neque
1345 1876 1518 1933 solum
1540 1878 1725 1942 citare,
1752 1875 1844 1931 sed
1857 1876 2019 1930 etiam
2036 1877 2409 1948 expositionem
2423 1877 2543 1930 huic
2562 1875 2770 1930 lectioni
2787 1882 3157 1947 congruentem
3178 1892 3461 1948 apponere.
3490 1877 3600 1934 Hoc
3621 1864 3777 1936 modo

526 1978 670 2025 certe
701 1972 759 2025 in
784 1972 897 2042 ejus
916 1971 1306 2026 commentariis
1329 1971 1387 2026 in
1407 1971 1672 2027 Joannem
1699 1968 1790 2025 lib.
1819 1985 1897 2038 ιι,
1919 1987 2037 2041 cap.
2069 1970 2159 2037 29,
2186 1971 2268 2025 hic
2283 1986 2465 2025 versus
2487 1968 2697 2041 legitur.
2725 1969 2889 2040 Atqui
2918 1969 3100 2024 eodem
3125 1970 3277 2025 modo
3305 1972 3501 2026 citatur
3526 1972 3690 2027 etiam
3715 1975 3776 2028 in

519 2070 615 2122 hoc
639 2084 792 2139 opere
807 2068 895 2123 lib.
919 2086 960 2135 ι,
978 2067 1108 2122 libro
1133 2069 1294 2122 etiam
1319 2083 1397 2123 ιιι.
1421 2066 1477 2123 Si
1499 2069 1662 2139 igitur
1683 2068 1823 2139 quod
1847 2075 1965 2123 erat
1994 2069 2050 2123 in
2078 2067 2305 2122 editione
2328 2066 2523 2123 Latina
2552 2068 2837 2138 posuissem
2854 2082 2873 2121 :
2893 2065 2992 2121 Dei
3017 2064 3188 2119 fortes
3216 2070 3401 2129 teme,
3418 2062 3778 2120 vehementer

517 2158 715 2215 elevati
744 2152 891 2227 sunt,
932 2177 1037 2216 non
1065 2159 1216 2215 modo
1246 2178 1441 2233 magna
1468 2177 1532 2215 ex
1554 2171 1707 2233 parte
1734 2163 1962 2217 auctoris
1987 2164 2304 2217 sententiam
2326 2163 2705 2229 obscurassem,
2735 2161 3144 2233 expositionique
3168 2159 3469 2231 oﬁ'ecissem,
3497 2159 3590 2214 sed
3616 2161 3780 2216 etiam

518 2251 661 2305 haud
690 2251 800 2306 leve
832 2252 1082 2308 indicium
1118 2268 1220 2324 quo
1254 2260 1462 2322 poterat
1506 2263 1692 2308 auctor
1719 2254 1878 2324 hujus
1917 2254 2091 2325 operis
2132 2254 2367 2325 dignosci
2397 2253 2748 2310 sustulissem.
2791 2253 2963 2309 Plura
3002 2254 3115 2323 ejus
3145 2253 3223 2304 rei
3255 2249 3498 2321 exempla
3535 2252 3630 2306 hoc
3663 2251 3767 2309 loci

518 2341 705 2410 afferre
729 2358 835 2396 non
860 2351 936 2398 est
956 2360 1105 2416 opus,
1132 2361 1249 2402 cum
1274 2348 1331 2401 in
1362 2347 1505 2402 calce
1524 2350 1695 2419 aperis
1722 2348 2005 2419 adjecerim
2026 2348 2285 2404 nonnulla
2309 2348 2599 2422 Scriptura
2629 2349 2742 2407 loca
2774 2347 3132 2403 observatione
3154 2343 3410 2411 collecta;
3435 2344 3574 2398 unde
3600 2352 3782 2416 petere

516 2440 703 2501 potest,
727 2436 774 2489 si
805 2438 920 2507 quis
948 2436 1108 2508 plura
1132 2439 1409 2495 desideret.
1445 2440 1512 2495 In
1537 2442 1618 2495 his
1645 2450 1824 2496 autem
1858 2441 2004 2498 libris
2038 2449 2205 2498 totam
2231 2443 2344 2511 fere
2374 2443 2666 2498 secretioris
2698 2438 3057 2510 intelligentia
3088 2433 3468 2505 mgstagogiam
3503 2433 3686 2499 tradit,
3720 2435 3781 2489 in

516 2537 623 2590 qua
650 2527 878 2580 maxime
903 2528 1110 2585 videtur
1136 2532 1421 2602 excellere;
1451 2536 1582 2592 adeo
1609 2544 1670 2591 ut
1696 2538 1753 2592 in
1780 2538 1948 2610 Moysi
1981 2537 2127 2594 libris
2155 2539 2288 2595 nihil
2319 2540 2428 2611 fere
2463 2540 2531 2594 sit
2558 2537 2628 2593 ad
2654 2536 2897 2591 umbram
2925 2542 2973 2589 et
3002 2534 3305 2604 futurorum
3337 2532 3623 2603 imaginem
3649 2544 3778 2600 per-

518 2615 708 2679 tinens,
742 2616 880 2685 quod
918 2618 1000 2674 hic
1035 2637 1141 2676 non
1174 2623 1492 2695 explicetur;
1523 2635 1582 2682 ut
1610 2631 1746 2683 sicut
1774 2628 1896 2683 illos
1924 2629 2082 2685 libros
2121 2631 2401 2702 inquibus
2438 2631 2501 2684 de
2532 2628 2792 2700 theologia
2822 2628 3088 2693 disseruit,
3115 2622 3456 2679 Thesaurum
3486 2621 3777 2693 inscripsit,

516 2704 593 2759 ita
619 2706 712 2760 hos
746 2704 925 2775 libros,
956 2711 1185 2769 alterum
1212 2718 1353 2772 velut
1386 2738 1646 2794 anagoges
1671 2733 1720 2779 et
1744 2725 2048 2797 trapologia
2079 2726 2385 2781 thesaurum
2413 2727 2577 2797 possis
2605 2724 2898 2797 appellare.

588 2812 837 2879 Quamvis
865 2827 1040 2875 autem
1071 2826 1304 2881 omnium
1328 2828 1438 2898 fere
1463 2829 1628 2902 Moysi
1662 2830 1918 2887 librorum
1949 2834 2201 2905 mysteria
2229 2835 2288 2887 in
2315 2833 2394 2889 his
2427 2833 2572 2888 libris
2603 2833 2935 2904 aperiantur,
2958 2846 3063 2886 non
3094 2839 3270 2887 tamen
3298 2831 3535 2886 eamdem
3559 2834 3777 2901 seriem,

517 2924 677 2978 quam
703 2910 796 2964 ille
815 2913 871 2966 in
898 2916 1167 2972 scribendo
1197 2924 1385 2988 tenuit,
1412 2925 1491 2978 hic
1513 2925 1568 2979 in
1597 2926 1905 2998 explicando
1932 2937 2137 2983 secutus
2168 2937 2264 2995 est,
2298 2929 2389 2983 sed
2416 2946 2569 2984 suum
2596 2927 2875 3001 quemdam
2904 2926 3143 2983 ordinem
3167 2929 3413 2995 servavit,
3436 2929 3512 2983 ita
3539 2936 3596 2983 ut
3624 2929 3777 2999 prius

518 3014 830 3101 argumenta
861 3012 1101 3101 quadam
1138 3024 1280 3072 certa
1317 3019 1414 3073 sibi
1442 3022 1766 3091 prascribat,
1799 3032 1911 3079 tum
1942 3023 2056 3079 loca
2085 3023 2375 3097 Scriptura
2404 3027 2557 3081 varia
2589 3041 2710 3080 cum
2740 3023 2847 3080 illis
2881 3023 3207 3095 argumentis
3239 3023 3595 3077 convenientia
3627 3037 3656 3076 e
3685 3023 3776 3078 di-

515 3101 674 3154 versis
702 3100 992 3175 Scriptura
1022 3106 1163 3164 libris
1189 3110 1403 3185 colligat
1432 3122 1479 3168 et
1505 3115 1744 3188 explicet.
1784 3118 1974 3190 Itaque
2002 3122 2054 3174 in
2091 3122 2260 3191 primo
2301 3120 2430 3176 libro
2455 3138 2571 3175 cum
2599 3120 2662 3174 de
2689 3119 2840 3191 lapsu
2876 3119 3100 3173 hominis
3132 3118 3187 3171 in
3226 3125 3495 3189 peccatum
3528 3117 3774 3184 disserat,

516 3198 567 3244 et
606 3192 788 3249 doceat
820 3211 924 3267 qua
963 3200 1169 3254 ratione
1203 3220 1236 3257 a
1273 3209 1496 3274 peccatis
1531 3225 1594 3261 ac
1630 3208 1774 3264 vitiis
1813 3210 1883 3265 ad
1927 3212 2196 3267 meliorem
2239 3214 2445 3284 frugem
2489 3211 2662 3265 redire
2706 3211 2889 3283 possit,
2929 3209 3183 3280 decerptis
3218 3207 3450 3280 undique
3484 3205 3780 3280 Scriptura

512 3292 710 3375 sancta
744 3288 1068 3357 testimoniis,
1102 3291 1311 3364 illisque
1354 3296 1424 3349 ad
1467 3297 1736 3369 allegoria
1782 3303 2041 3356 rationem
2080 3305 2370 3369 enarratis,
2403 3304 2458 3358 id
2487 3303 2625 3375 quod
2668 3309 3016 3375 proposuerat
3053 3297 3273 3370 planum
3315 3299 3488 3370 facere
3523 3307 3779 3354 conatur.

515 3372 772 3431 Eamdem
825 3381 1084 3436 rationem
1126 3391 1263 3438 tenet
1314 3386 1371 3439 in
1421 3389 1679 3454 secundo,
1730 3406 1847 3443 cum
1891 3389 2057 3463 legem
2117 3394 2187 3447 ad
2239 3372 2509 3447 hominem
2544 3372 2953 3463 justiﬁcandum
2998 3409 3104 3448 non
3150 3395 3278 3449 satis
3334 3393 3525 3448 habere
3577 3394 3778 3448 virium

516 3467 759 3523 ostendit.
821 3470 1082 3528 Eamdem
1140 3475 1199 3530 in
1256 3478 1442 3543 tertio,
1491 3479 1547 3533 in
1584 3496 1687 3551 quo
1745 3481 1978 3537 homines
2029 3483 2085 3536 in
2139 3482 2348 3540 Christo
2399 3482 2730 3555 justificari,
2783 3491 2832 3538 et
2894 3485 2950 3537 in
3012 3485 3127 3554 ejus
3190 3485 3450 3555 pracipue
3514 3484 3779 3555 baptismo

517 3556 633 3610 tolli
690 3570 961 3630 peccatum
1016 3564 1183 3619 docet.
1239 3567 1350 3621 Nec
1408 3568 1670 3625 diversam
1714 3574 1973 3627 rationem
2035 3574 2092 3628 in
2148 3584 2339 3644 quarto
2398 3584 2447 3629 et
2507 3577 2689 3646 quinto
2748 3575 3007 3646 sequitur,
3044 3577 3101 3629 in
3163 3576 3349 3647 quibus
3409 3576 3778 3647 fortitudinem

517 3666 625 3705 esse
658 3658 1009 3710 necessariam
1036 3674 1141 3711 non
1175 3661 1329 3714 modo
1361 3663 1432 3716 ad
1460 3664 1789 3721 incommoda
1827 3668 2157 3739 perferenda,
2192 3687 2373 3725 verum
2400 3672 2561 3725 etiam
2601 3671 2669 3725 ad
2704 3679 2936 3725 terrenos
2973 3671 3187 3742 aﬂ'ectus
3220 3670 3612 3743 voluptatesque
3642 3688 3778 3727 con-

516 3744 823 3812 culcandas,
858 3748 1115 3804 declarat.
1160 3750 1309 3806 Idem
1346 3764 1523 3810 servat
1563 3758 1620 3812 in
1647 3769 1814 3826 sexto,
1846 3762 1902 3815 in
1946 3779 2049 3833 quo
2078 3764 2143 3817 de
2181 3766 2438 3819 charitate
2476 3766 2532 3818 in
2563 3763 2753 3827 Deum,
2789 3772 2839 3817 et
2866 3763 2930 3817 de
2958 3764 3022 3817 iis
3059 3763 3331 3833 praceptis
3361 3778 3478 3833 qua
3513 3763 3584 3816 ad
3625 3759 3781 3818 illius

516 3832 843 3890 dilectionem
871 3841 1152 3908 pertinent,
1183 3842 1457 3914 disputat;
1498 3845 1563 3899 de
1605 3847 1670 3903 iis
1714 3850 1873 3904 etiam
1907 3832 2057 3906 rebus
2099 3853 2283 3924 quibus
2316 3855 2430 3924 ejus
2466 3852 2672 3907 dilectio
2698 3852 2929 3906 violatur
2957 3868 2977 3905 :
3006 3866 3080 3905 ea
3110 3832 3234 3904 sunt
3268 3832 3526 3920 perversa
3561 3852 3627 3905 de
3658 3852 3777 3908 Deo

516 3926 767 3999 falsaque
794 3932 1080 4001 opiniones,
1112 3942 1161 3987 et
1189 3952 1306 4006 qua
1336 3937 1400 3991 de
1434 3939 1690 4009 ejusmodi
1726 3943 1874 4015 falsis
1909 3947 2238 4017 Opinionibus
2275 3947 2710 4019 proﬁciscuntur;
2740 3946 3034 4016 cujusmodi
3059 3953 3185 4000 sunt
3215 3946 3550 4016 prastigiosa
3591 3954 3775 4004 astro:

515 4034 653 4085 rum,
698 4022 953 4088 ominum,
999 4029 1341 4097 auguriorum
1364 4032 1770 4104 observationes,
1810 4042 2048 4095 manium
2087 4044 2428 4105 evocationes,
2473 4039 2840 4105 divinationes,
2888 4040 3132 4106 oracula,
3174 4039 3605 4109 superstitiones;
3649 4059 3775 4110 qua

516 4112 694 4166 omnia
723 4113 1044 4170 idololatria
1070 4129 1294 4188 cognata
1324 4131 1469 4189 sunt,
1501 4135 1550 4181 et
1586 4142 1651 4182 ex
1683 4128 1781 4184 illa
1806 4132 2078 4203 ﬂuxerunt
2116 4149 2135 4187 :
2161 4132 2239 4187 'ad
2263 4132 2371 4185 hac
2394 4131 2450 4184 in
2476 4129 2633 4202 culpa
2661 4130 2760 4200 fati
2788 4130 3114 4202 fortunaque
3140 4137 3443 4203 pratextus,
3472 4132 3770 4201 genethlia-

515 4217 697 4257 corum
729 4207 957 4271 vanitas,
992 4215 1283 4279 temporum
1325 4216 1544 4271 notatio.
1589 4217 1847 4274 Eamdem
1872 4223 2011 4275 viam
2040 4229 2175 4274 tenet
2201 4221 2256 4274 in
2286 4221 2505 4290 septimo
2540 4226 2590 4272 et
2615 4226 2826 4284 octavo,
2867 4234 2985 4272 cum
3013 4219 3077 4274 de
3108 4217 3227 4273 aliis
3256 4220 3528 4290 praceptis
3557 4218 3770 4276 disserit

514 4313 633 4368 qua
668 4302 894 4370 proximi
925 4301 1254 4360 dilectionem
1293 4309 1596 4379 attingunt;
1636 4325 1835 4365 necnon
1877 4313 1934 4366 in
1972 4326 2110 4366 nono
2139 4326 2201 4365 ac
2229 4309 2449 4375 decimo,
2479 4325 2600 4363 cum
2636 4308 2701 4362 de
2735 4306 3076 4362 tabernaculo
3120 4308 3338 4379 ejusque
3376 4306 3766 4375 instrumentis,

512 4394 736 4465 opificio,
764 4413 881 4462 usu,
913 4396 1128 4469 legibus,
1160 4400 1504 4471 dedicatione,
1538 4405 1887 4462 oblationibus
1922 4409 2049 4479 agit.
2100 4405 2379 4462 Undecimo
2413 4420 2534 4460 vero
2568 4421 2632 4459 ac
2662 4403 2965 4458 duodecimo
3001 4402 3217 4457 diversis
3249 4417 3277 4455 e
3311 4399 3597 4473 Scriptura
3637 4400 3769 4459 locis

511 4504 573 4542 ea
605 4490 803 4561 colligit
826 4508 945 4562 qua
978 4494 1047 4547 ad
1082 4480 1431 4551 sacerdotium
1459 4498 1677 4569 ejusque
1720 4499 1878 4569 leges,
1911 4498 1981 4552 ad
2022 4498 2355 4552 sacerdotum
2387 4504 2572 4562 vestes,
2602 4495 3064 4559 consecrationem,
3085 4493 3351 4562 sacriﬁcia
3376 4494 3655 4565 pertinent.
3699 4493 3766 4548 In

512 4578 862 4632 tertiodecimo
911 4581 1155 4651 expendit
1197 4600 1314 4654 qua
1353 4584 1417 4639 de
1460 4584 1647 4651 levitis,
1686 4602 1970 4657 eorumque
2016 4587 2334 4653 recensione,
2374 4587 2699 4652 ministeriis,
2747 4584 2942 4658 legibus
2984 4574 3183 4658 Mog'ses
3232 4585 3481 4658 prodidit.
3524 4583 3766 4649 Quartus

512 4670 739 4726 decimus
778 4676 1036 4744 sequitur,
1062 4678 1119 4731 in
1157 4695 1260 4747 quo
1281 4681 1404 4751 jam
1433 4688 1695 4737 exstructo
1725 4678 2082 4746 tabernaculo,
2114 4681 2334 4735 mundos
2365 4697 2476 4736 esse
2504 4689 2742 4754 oportere
2781 4681 2871 4752 qui
2916 4686 3041 4734 ante
3066 4685 3397 4748 conspectum
3432 4674 3647 4730 Domini
3676 4692 3767 4730 ve-

511 4767 681 4832 niant,
716 4769 1025 4842 vitiatosque
1055 4775 1289 4830 homines
1333 4792 1365 4828 a
1402 4777 1603 4830 sanctis
1647 4775 1817 4830 arceri
1861 4775 2114 4846 prafatus
2135 4815 2150 4841 ,
2203 4790 2292 4830 eas
2333 4774 2469 4846 leges
2506 4784 2878 4830 commemorat
2913 4789 3031 4845 qua
3061 4773 3125 4826 de
3154 4772 3390 4844 leprosis,
3419 4755 3804 4845 seminiﬁuisJ

508 4859 792 4915 immundis
840 4863 895 4916 in
938 4865 1139 4930 anima,
1180 4866 1243 4919 de
1279 4867 1494 4933 collisis,
1535 4869 1769 4933 exsectis,
1807 4867 2023 4938 spuriis,
2064 4867 2279 4921 diversis
2328 4865 2451 4922 locis
2491 4865 2767 4939 Scriptura
2820 4867 3057 4920 tradidit.
3108 4862 3203 4918 His
3256 4861 3437 4932 adjicit
3476 4856 3798 4927 Hoabitas,‘

508 4955 857 5024 Ammonitas,
889 4959 1186 5015 immundos
1231 4961 1357 5015 item
1396 4975 1459 5013 ex
1494 4959 1800 5029 impuritate
1844 4958 2143 5013 studiorum
2175 4975 2237 5012 ac
2263 4960 2382 5014 vita
2408 4974 2597 5031 genere
2630 4975 2823 5031 parum
2866 4966 3030 5023 casto,
3070 4954 3253 5027 quales
3285 4961 3407 5009 sunt
3439 4953 3761 5018 meretrices,

511 5050 872 5118 fornicatores,
898 5053 1146 5119 adulteri,
1172 5052 1453 5125 prostituti,
1480 5066 1608 5121 quos
1629 5053 2100 5120 τελισχομένους
2128 5049 2401 5122 Scriptura
2426 5058 2591 5107 vocat.
2618 5051 2748 5106 Tum
2770 5051 2836 5104 de
2861 5049 3067 5105 mundis
3093 5047 3479 5118 immundisque
3503 5045 3764 5101 animali-

510 5138 603 5194 bus
635 5140 866 5209 disserit,
895 5144 1082 5216 quidve
1121 5159 1215 5216 per
1240 5142 1552 5213 allegoriam
1581 5141 1769 5195 horum
1805 5140 2016 5211 singula
2043 5141 2338 5213 signiﬁcent
2367 5143 2599 5215 exponit.
2639 5142 2765 5198 Iam
2791 5143 2846 5196 in
2874 5142 3056 5213 quinto
3086 5144 3303 5210 decimo,
3330 5143 3454 5213 quia
3486 5157 3589 5207 non
3624 5144 3761 5199 satis

510 5243 625 5290 erat
650 5239 908 5294 immundi
937 5241 1154 5311 quinam
1184 5246 1352 5292 essent
1380 5236 1593 5299 dixisse,
1625 5235 1728 5288 nisi
1767 5234 2050 5289 adderetur
2083 5253 2189 5307 qua
2218 5238 2423 5291 ratione
2452 5238 2698 5293 mundari
2730 5238 2949 5309 possint,
2980 5254 3043 5292 ea
3076 5238 3254 5293 omnia
3299 5236 3495 5310 colligit
3533 5254 3649 5308 qua
3684 5238 3761 5291 ad

510 5342 693 5383 eorum
720 5330 1083 5401 purgationem
1112 5336 1270 5398 atque
1300 5324 1690 5379 mundationem
1717 5325 1878 5378 veteri
1910 5322 2019 5396 lege
2045 5327 2377 5381 constitutum
2407 5333 2503 5381 est.
2537 5324 2664 5393 Qua
2697 5327 2966 5382 mundatio
2992 5330 3115 5399 quia
3139 5327 3410 5398 sacriﬁciis
3442 5328 3599 5398 ﬁebat
3617 5330 3758 5383 inte-

510 5419 637 5488 gris,
671 5421 734 5474 de
761 5420 1002 5491 perfectis
1028 5417 1344 5473 animalibus
1370 5418 1439 5472 ad
1469 5416 1788 5487 sacriﬁcium
1816 5420 1955 5490 aptis
1990 5419 2216 5475 disserit.
2253 5419 2423 5476 Porro
2447 5419 2782 5490 sacriﬁcandi
2820 5422 2952 5476 ritus
2985 5424 3112 5493 quia
3152 5440 3248 5495 pro
3284 5422 3629 5478 immunditia
3667 5422 3757 5477 di-

510 5510 758 5563 versitate
790 5510 1130 5575 variabatur,
1172 5525 1375 5565 necesse
1414 5511 1514 5581 fuit
1548 5519 1606 5565 ut
1647 5511 1898 5583 quidquid
1943 5511 2031 5567 lex
2076 5513 2140 5566 de
2184 5513 2344 5585 lepra
2385 5514 2700 5585 differentia,
2739 5514 2903 5585 deque
2945 5514 3065 5571 aliis
3107 5515 3451 5571 immunditia
3480 5514 3757 5585 generibus

511 5604 793 5665 statuerat,
832 5610 1280 5657 commemoraret.
1326 5601 1429 5659 Sed
1464 5604 1588 5676 quia
1635 5620 1828 5675 parum
1865 5613 1941 5659 est
1983 5603 2220 5661 maculas
2266 5605 2543 5676 culparum
2581 5605 2815 5673 abluere,
2852 5608 2954 5661 nisi
2981 5608 3279 5679 purgationi
3315 5608 3473 5660 etiam
3497 5605 3756 5661 sanctitas

514 5689 818 5754 adiiciatur,
842 5708 934 5762 per
961 5709 1117 5762 quam
1151 5711 1241 5752 nos
1273 5695 1411 5766 ipsos
1434 5694 1543 5748 Deo
1572 5710 1957 5759 consecramus,
1985 5696 2040 5750 in
2063 5705 2209 5751 sexto
2235 5696 2432 5751 decimo
2460 5695 2589 5750 libro
2614 5694 2711 5751 illa
2749 5699 2926 5753 omnia
2955 5699 3142 5770 digerit
3169 5712 3285 5765 qua
3312 5695 3397 5750 lex
3431 5695 3495 5749 de
3521 5694 3668 5748 donis
3700 5705 3756 5749 et

516 5777 861 5838 oblationibus
897 5785 1195 5843 instituerat
1218 5829 1231 5850 ,
1265 5807 1382 5861 qna:
1407 5793 1525 5846 item
1557 5789 1618 5846 de
1646 5808 1797 5847 censu
1831 5790 1921 5846 illo
1945 5811 2094 5847 sacro
2122 5794 2208 5852 aui
2239 5810 2332 5849 oro
2367 5795 2534 5850 atatis
2567 5794 2768 5850 ratione
2796 5791 3109 5863 solvebatur,
3148 5811 3264 5861 qua:
3290 5806 3353 5849 ac
3380 5809 3570 5865 magno
3608 5780 3750 5864 voto,
