3998 6304
228 334 324 394 res
1466 347 1798 405 veranum
1837 346 2272 405 TESTIMONIA.
3108 358 3111 359 ί
3370 320 3497 414 ἰεό

225 477 325 535 quo
421 480 455 517 a
500 462 771 519 Nazara‘is
828 467 1252 542 nuncupabatur,
1304 466 1368 519 de
1430 466 1874 523 observationibus
1921 468 1992 522 ad
2035 470 2129 523 hoc
2174 469 2279 522 voti
2322 484 2486 540 genus
2534 471 2941 541 pertinentibus,
2986 474 3202 529 diversis
3249 475 3304 529 in
3363 474 3488 530 locis

225 553 381 607 veteri
421 553 533 625 lege
574 557 839 609 sancitum
873 567 1009 612 erat.
1039 558 1312 613 Postremo
1353 555 1485 635 libro
1519 558 1772 628 festorum
1811 559 2018 613 dierum
2052 557 2451 614 celebrationem
2480 562 2634 631 quasi
2662 561 2947 615 mercedem
2980 566 3265 633 quamdam
3293 568 3488 620 sancti—

222 641 387 709 ﬁcatis
413 644 711 701 hominibus
737 649 999 719 proponit.
1034 646 1386 714 Quamobrem
1423 664 1743 720 quaecunque
1785 650 1849 704 de
1887 651 2049 704 variis
2078 651 2469 720 festivitatibus,
2497 652 2560 707 de
2589 654 2652 708 iis
2678 656 2861 722 etiam,
2894 672 3010 726 qua:
3046 657 3189 726 {estis
3220 659 3397 714 diebus
3428 669 3486 714 ut

222 733 622 790 observarentur
648 738 893 794 instituta
931 747 1106 804 erant,
1135 739 1190 793 in
1223 740 1358 793 hunc
1385 738 1575 794 librum
1603 739 1845 795 contulit.

288 822 413 878 Haec
450 828 630 881 omnia
656 844 774 882 cum
803 830 859 883 in
892 829 1089 885 Veteris
1121 828 1439 884 Testamenti
1474 829 1618 886 libris
1649 838 1905 904 tanquam
1941 833 2322 888 obscurioribus
2351 834 2533 905 [armis
2564 835 2880 891 adumbrata
2918 845 3107 903 essent,
3139 844 3188 891 et
3223 839 3287 891 ab
3315 838 3489 895 Israel

218 916 500 971 secundum
526 936 739 975 carnem
765 922 1055 977 carnaliter
1083 924 1506 990 observarentur,
1533 924 1588 978 id
1613 926 1669 981 in
1696 927 1772 981 his
1801 925 1945 981 libris
1971 928 2120 998 e/ﬁcit
2146 928 2228 981 hic
2249 926 2436 996 Pater,
2464 938 2523 984 ut
2549 949 2582 985 a
2611 931 2757 986 nobis
2786 930 2876 1000 qui
2906 928 3190 983 secundum
3217 929 3482 1000 spiritum,

217 1004 387 1059 Israel
405 1025 611 1077 sumus,
644 1012 996 1083 spiritualiter
1030 1015 1294 1070 observari
1327 1014 1606 1082 doceat,-et
1628 1019 1841 1073 umbras
1858 1018 1983 1073 illas
2006 1017 2251 1090 penicillo
2280 1022 2509 1093 quodam
2531 1024 2787 1078 orationis
2810 1022 2880 1076 ad
2906 1023 3180 1076 veritatem
3207 1022 3482 1093 efformat;

220 1105 269 1149 et
297 1100 570 1157 carnalem
597 1102 751 1159 illum
774 1103 1159 1178 ﬁguralemque
1182 1106 1385 1163 cultum
1407 1126 1442 1164 a
1461 1111 1597 1165 veris
1618 1109 1717 1166 Dei
1740 1111 2107 1167 adoratoribus
2129 1112 2184 1167 in
2210 1114 2402 1183 spiritu
2428 1131 2491 1169 ac
2515 1116 2738 1171 veritate
2760 1114 2941 1187 perﬁci
2964 1131 3113 1187 posse
3138 1114 3478 1169 demonstrat.

220 1190 546 1286 Quwcausa
579 1198 699 1268 fuit,
728 1209 788 1255 ut
829 1204 950 1258 huic
981 1207 1127 1277 Operi
1165 1209 1303 1263 hanc
1342 1210 1739 1282 inscriptionem
1781 1220 2123 1283 praenotaret,
2162 1214 2239 1269 De
2288 1215 2609 1271 adoratione
2644 1215 2700 1269 in
2741 1214 2937 1286 spiritu
2976 1221 3033 1268 et
3061 1211 3313 1267 veritate.
3360 1207 3486 1264 Haec

216 1282 374 1379 Ιιαιξιιξ
408 1302 529 1356 quia
562 1289 626 1343 de
661 1293 740 1346 his
785 1292 929 1349 libris
955 1303 1025 1379 te,
1053 1295 1236 1364 lector,
1263 1316 1662 1371 prwmonerem.
1699 1282 1847 1358 Tusi
1871 1304 1997 1375 quid
2021 1306 2115 1359 hoc
2141 1321 2255 1359 meo
2283 1305 2462 1361 labore
2487 1306 2703 1377 adjutus
2719 1282 2900 1377 fueris,
2925 1305 3051 1360 mihi
3075 1300 3486 1357 cumulatissime

215 1374 546 1445 satisfactum
569 1381 782 1451 putabo,
802 1385 849 1438 si
872 1374 1107 1457 precibus
1136 1390 1208 1444 ad
1236 1388 1408 1446 Deum
1435 1408 1532 1463 pro
1556 1408 1639 1447 me
1664 1395 1766 1449 tuis
1784 1374 1947 1450 vicem
1972 1394 2235 1452 retuleris.
2278 1396 2426 1453 Vale.

225 1572 3468 1612 _.____________________________________________

1134 1724 1735 1845 'VETERUM
1819 1757 2569 1852 TESTIMONIA

999 1943 1108 2006 DE
1171 1945 1514 2010 SANCTO
1571 1948 1955 2012 CYRILLO
2003 1951 2675 2017 ALEXANDRINO.

1551 2246 1753 2308 Idatii
1798 2244 2178 2308 Chronicou.

277 2362 495 2440 Olymp.
540 2380 710 2440 eccm.
739 2365 874 2440 _Uno
900 2366 1205 2440 eodemque
1237 2379 1485 2440 tempore
1521 2366 1868 2440 Alexandriae
1923 2366 2189 2440 Cyrillum
2218 2367 2549 2440 episcopum
2576 2366 2896 2440 praesidere,
2929 2375 2987 2422 et
3009 2362 3488 2440 Constantinopoli

213 2431 526 2512 gestauit—rm
565 2436 883 2512 haereticum
921 2431 1299 2512 Hebionreum,
1335 2431 1524 2512 Cyrilli
1556 2440 1733 2509 ipsius
1758 2437 1826 2493 ad
1850 2431 2108 2494 eum'dem
2135 2431 2428 2508 Epiétola,’
2455 2447 2512 2494 et
2535 2431 2790 2494 haeresim
2829 2431 3167 2494 destruentis
3187 2477 3203 2504 ,
3233 2446 3291 2492 et
3320 2431 3486 2508 regu-

212 2501 318 2558 ιω
338 2504 471 2561 ﬁdei
504 2507 833 2577 exponentis
857 2509 1119 2565 ostendit.

1299 2624 1598 2704 Prosperi
1654 2621 1961 2702 Aquitani
2004 2620 2384 2685 Chronicon.

1477 2747 1671 2803 Feucs
1718 2762 1785 2801 ετ
1843 2744 2028 2800 Tauno
2085 2759 2232 2801 coss.

280 2856 595 2939 Nestorius,
632 2858 1273 2939 gonstantinopolitanus
1317 2863 1634 2939 episcopus,
1691 2878 1897 2939 nogum
1943 2862 2206 2921 Ecclesiis
2246 2863 2474 2939 molitur
2498 2878 2761 2939 errorem
2824 2860 3089 2939 inducere
3114 2900 3131 2927 ,
3178 2859 3488 2931 praedicans

212 2927 496 3004 Christum
535 2944 611 3004 ex
635 2929 804 3004 Maria
839 2927 1119 3004 hominem
1149 2927 1384 3004 tantum,
1416 2927 1528 2988 non
1554 2935 1719 2989 etiam
1765 2935 1939 2989 Deum
1968 2943 2183 2998 natum,
2210 2935 2373 3004 eique
2401 2933 3052 3004 divinitatemicollatam
3084 2927 3205 2987 esse
3233 2946 3337 3002 pro
3374 2947 3489 2986 me-

214 3000 500 3124 ειξιιί
532 2999 805 3071 impietati
850 3003 1131 3073 praecipua
1177 3002 1369 3076 Cyrilli
1415 3003 1775 3061 Alexandrini
1819 3004 2066 3076 episcopi
2117 2999 2425 3070 industria,
2459 3013 2515 3060 et
2554 3020 2709 3076 papa:
2744 2999 3031 3060 Ooelestini
3076 2999 3345 3073 repugnat
3393 3016 3490 3056 au-

1015 3185 1299 3249 Geunad.
1346 3187 1434 3247 De
1474 3185 1708 3248 illustr.
1769 3185 1942 3248 Eccl.
1989 3187 2283 3266 scriptor.
2332 3185 2493 3267 (cap.
2542 3183 2668 3267 57).

280 3308 550 3383 Cyrinus,
585 3307 983 3383 _Alexandrina3
1014 3309 1275 3383 Ecclesiae
1334 3308 1857 3383 episcopus,_edid_it
1905 3309 2185 3383 variarum
2233 3307 2617 3383 hypotheseon
2667 3313 2953 3383 tractatus.
3010 3303 3276 3383 Hgmilias
3322 3306 3489 3383 etiam

217 3374 521 3451 composuit
547 3378 835 3451 plurimas,
882 3394 1004 3448 quae
1028 3379 1105 3451 ad
1132 3374 1553 3451 declamandum
1581 3395 1614 3451 a
1642 3378 1867 3451 Graecia}
1905 3379 2178 3451 epise0pis
2218 3374 2498 3451 memoriae
2536 3374 3021 3451 commendantur:
3056 3374 3337 3451 Praeterea
3361 3376 3490 3432 libri

215 3443 354 3520 eius-
378 3458 511 3505 sunt
548 3443 640 3502 'De
676 3443 969 3520 Synagogaa
1003 3448 1227 3520 defectu,
1276 3449 1353 3503 De
1388 3448 1494 3517 ﬁde
1527 3449 1805 3502 adversum
1840 3443 2132 3520 haereticos,
2194 3454 2274 3520 et_
2295 3445 2563 3520 peculiari
2590 3444 2922 3520 _i_ntent_ione
2956 3443 3246 3520 adversum
3289 3445 3490 3502 Nesto-

216 3514 355 3575 rium
415 3521 624 3575 librum
666 3514 976 3590 composuit
1019 3514 1115 3589 qui
1154 3514 1465 3574 attitulatur
1506 3519 1825 3589 Ἔλεγχος,
1867 3516 1926 3571 in
1973 3531 2083 3587 quo
2128 3514 2315 3570 omnia
2342 3514 2561 3570 occulta
2590 3514 2840 3570 Nestoris
2879 3514 3219 3586 panduntur,
3254 3523 3313 3571 et
3356 3532 3496 3587 pro-

220 3590 327 3646 dita
358 3591 738 3647 confutantur.

1007 3726 1321 3806 Sigebert.
1380 3726 1454 3788 de
1495 3726 1730 3789 illustr.
1784 3725 2025 3787 Eccles.
2076 3727 2298 3806 script.
2344 3724 2506 3807 (cap.
2566 3723 2664 3806 24)

283 3847 540 3919 Cyr-illus,
589 3847 880 3928 episcopus
923 3845 1347 3928 Alexandrinus,
1390 3846 1572 3928 cyclos
1610 3844 1855 3928 quinque
1888 3842 2078 3928 decem
2106 3844 2497 3928 novennalium
2532 3843 2813 3928 cyclorum
2852 3844 3103 3928 scripsit,
3147 3844 3241 3928 qui
3288 3846 3495 3928 faciunt

221 3914 384 3975 annos
430 3914 732 3987 nonaginta
761 3914 1026 3987 quinque,
1060 3917 1119 3970 in
1162 3915 1367 3986 quibus
1392 3914 1608 3987 primus
1628 3914 1692 3971 et
1729 3914 1958 3970 ultimus
1997 3914 2219 3971 Paschae
2262 3914 2534 3971 terminus
2568 3914 2884 3984 invenitur;
2934 3914 3032 3974 sed
3084 3914 3190 3972 nec
3228 3925 3406 3973 tamen
3436 3919 3494 3972 in

220 4005 282 4045 eo
311 3998 424 4045 tota
457 3987 685 4044 Paschae
714 3987 950 4043 varietas
979 3987 1332 4042 terminatur.
1897 3987 1903 3994 ’

1239 4125 1508 4190 Photius
1551 4127 1620 4189 in
1648 4127 2040 4190 Bibliotheca
2093 4126 2264 4209 (pag.
2320 4126 2483 4207 311).

293 4250 740 4320 Ἀνεγνώσθησαν
765 4251 1037 4322 Κυρίλλου
1056 4250 1107 4303 οἱ
1129 4251 1460 4319 Θησαυροί.
1480 4251 1800 4322 Ἐπιχειρη-
1836 4256 1888 4319 Δ

1985 4250 2269 4321 Leguntur
2315 4250 2504 4321 Cyrilli
2550 4249 2823 4305 Thesauri.
2854 4248 3295 4320 Epicherematis
3324 4246 3499 4302 refer-

224 4342 465 4410 ματικδν-
494 4342 553 4394 δέ
600 4343 718 4395 ἐστι
763 4341 988 4413 βιϐλίον,
1022 4343 1115 4396 καὶ
1143 4343 1283 4396 κατὰ
1320 4342 1417 4413 τῆς
1470 4341 1682 4414 Ἀρείου
1710 4344 1805 4397 καὶ
1912 4350 1952 4396 ιι

1912 4350 2001 4396 tus
2033 4348 2119 4395 est
2151 4341 2294 4394 liber
2314 4381 2329 4405 ,
2365 4347 2682 4410 pugnatque
2715 4338 2894 4394 valide
2933 4354 2996 4392 ac
3032 4339 3185 4393 varie
3226 4352 3351 4392 cum
3380 4337 3495 4392 Arii

221 4431 489 4502 Εὐνομίου
549 4430 755 4502 λύσσης
791 4430 1055 4500 γενναίως
1076 4433 1172 4487 καὶ
1213 4429 1568 4503 πολυτρόπως
1604 4432 1808 4501 ἀγωνι-

222 4523 468 4592 ζόμενον.
498 4522 610 4576 Καὶ
637 4522 747 4592 γὰρ
791 4523 884 4576 καὶ
908 4522 1155 4591 λογικαῖς
1179 4523 1391 4593 ἐφόδοις
1424 4522 1806 4595 ἐπιστημόνως

222 4612 397 4667 αὐτῶν
437 4611 734 4684 ἀπελέγχει
759 4613 857 4683 τὴν
906 4613 1110 4683 ἄνοιαν,
1141 4616 1236 4670 καὶ⁸
1275 4614 1562 4686 Γραφικὰς
1617 4616 1808 4680 αὐταῖς

228 4703 555 4776 συμπλέκων
586 4705 682 4758 καὶ
724 4705 1064 4775 συνυφαίνων
1091 4706 1335 4777 χρήσεις,
1371 4705 1709 4776 πανταχόθεν
1747 4706 1807 4761 τὸ

225 4798 418 4870 σαθρὸν
473 4796 657 4852 αὐτῶν
694 4796 997 4869 στηλιτεύει
1052 4796 1148 4850 τοῦ
1181 4796 1475 4868 δόγματος.
1523 4796 1718 4868 Τίθησι
1746 4798 1804 4852 δὲ

222 4892 314 4944 καὶ
344 4890 654 4963 μαρτυρίας
683 4888 883 4952 ’ἁπλῶς
910 4888 1009 4959 τῆς
1037 4889 1265 4961 Γραφῆς
1305 4890 1333 4941 ὁ
1363 4888 1654 4952 θεσπέσιος
1688 4887 1805 4942 Κύ-

225 4982 421 5054 ριλλος,
456 4984 538 5047 εἰς
577 4981 889 5054 ἀμηχανίαν
932 4980 1120 5035 αὐτῶν
1143 4980 1231 5034 διὰ
1257 4972 1474 5036 πάντων
1503 4980 1803 5051 συγκλείων

223 5075 280 5128 τὸ
328 5075 620 5147 φρύαγμα.
653 5075 811 5127 Ἔστι
837 5072 896 5126 δὲ
951 5072 1063 5126 τῶν
1096 5072 1290 5127 ἑαυτοῦ
1322 5072 1495 5142 λόγων
1547 5070 1801 5136 ἐνταῦθα,

222 5169 313 5221 καὶ
350 5168 588 5239 μάλιστα
625 5169 739 5231 τοῖς
782 5165 993 5221 ἔννοιαν
1033 5164 1258 5221 λαϐοῦσι
1289 5165 1401 5221 τῶν
1434 5164 1669 5237 λογικῶν
1707 5166 1805 5236 εφ-

222 5259 375 5326 όδων,
397 5260 762 5331 σαφέστατος.

1912 4440 1969 4488 et
1998 4432 2254 4487 Eunomii
2287 4430 2585 4487 furibunda
2619 4430 2794 4485 rabie.
2830 4429 3051 4484 Etenim
3092 4436 3149 4483 et
3188 4427 3384 4500 logicis
3411 4444 3498 4482 ar-

1913 4524 2189 4597 gumentis
2209 4523 2486 4595 sapienter
2513 4522 2736 4579 illorum
2761 4521 2995 4578 destruit
3023 4516 3342 4586 amentiam,
3369 4520 3496 4591 qui-

1912 4616 2020 4671 bus
2054 4614 2184 4669 dum
2212 4613 2270 4669 S.
2304 4612 2605 4684 Scriptum
2640 4611 2885 4668 adnectit
2921 4611 3226 4682 attexitque
3249 4610 3499 4666 testimo-

1911 4707 2026 4773 nia,
2063 4721 2229 4777 quam
2269 4706 2341 4760 sit
2398 4704 2493 4760 illa
2537 4704 2789 4760 doctrina
2829 4703 3006 4758 futilis
3047 4702 3197 4758 omni
3244 4716 3310 4755 ex
3342 4707 3498 4769 parte

1912 4800 2183 4871 divulgat.
2217 4798 2461 4854 Adhibet
2489 4798 2635 4854 idem
2662 4797 2811 4852 nuda
2849 4809 3070 4867 quoque
3109 4792 3167 4847 S.
3196 4790 3499 4860 Scriptum

1913 4891 2248 4959 testimonia,
2274 4900 2335 4947 ut
2364 4907 2474 4963 quo
2514 4905 2572 4947 se
2613 4888 2843 4946 fastuosi
2869 4891 3109 4949 vertant,
3143 4880 3360 4951 obsepti
3386 4896 3495 4934 un-

1909 4985 2076 5057 dique
2109 4994 2274 5057 atque
2305 4984 2550 5041 conclusi
2575 5000 2685 5039 non
2719 4981 2977 5036 habeant.
3020 4975 3117 5031 Est
3141 4982 3324 5030 autem
3354 4972 3499 5026 inter

1909 5076 2093 5133 omnia
2143 5078 2263 5149 ejus
2305 5077 2510 5147 scripta
2557 5075 2700 5129 liber
2743 5072 2835 5125 hic
2878 5067 3113 5123 maxime
3143 5063 3493 5137 perspicuus,

1910 5169 1980 5224 iis
2018 5170 2367 5240 potissimum
2411 5167 2507 5239 qui
2545 5165 2849 5236 logicorum
2875 5168 3329 5232 argumentorum
3366 5170 3495 5211 sen-

1910 5274 2033 5314 sum
2064 5276 2263 5332 capere
2292 5264 2540 5331 possunt.

1590 5372 1766 5436 Idem
1805 5391 1954 5455 pag.
2007 5373 2105 5437 38.

306 5494 651 5567 ’Δνεγνώσθη
683 5493 780 5549 τοῦ
815 5495 873 5549 ὲν
897 5494 1073 5565 ἁγίοις
1109 5494 1381 5566 Κυρίλλου
1407 5493 1503 5594 to?)
1559 5493 1811 5560 ’Δλεξαν-
1841 5535 1883 5594 Β

1982 5496 2137 5552 Lecti
2173 5501 2301 5550 sunt
2340 5493 2403 5548 B.
2433 5490 2621 5565 Cyrilli
2652 5488 3007 5546 Alexandrini
3037 5486 3306 5594 advprsus
3337 5481 3489 5538 blas-

224 5587 423 5660 ὀρείας,
471 5586 619 5641 κατὰ
660 5585 771 5640 τῶν
797 5586 1093 5659 Νεπορίου
1124 5583 1503 5657 βλασφημιῶν,
1537 5586 1596 5639 ὲν
1627 5584 1809 5654 λόγοις
1841 5573 1883 5594 υ
1917 5603 1951 5659 p

1917 5586 2164 5659 phemias
2216 5582 2457 5640 Nestorii
2499 5581 2629 5636 libri
2673 5597 2728 5636 ν.
2787 5580 2981 5636 Servat
3034 5576 3093 5630 in
3136 5573 3225 5629 his
3275 5586 3496 5643 quoque

229 5677 406 5734 πέντε.
434 5677 704 5732 autem;
750 5676 809 5730 δὲ
841 5677 944 5732 κάν
976 5675 1188 5742 τούτοις
1226 5677 1337 5730 τῶν
1380 5674 1597 5730 οἰκείων
1630 5675 1808 5741 λόγων
1922 5696 1952 5734 s

1922 5692 2081 5734 suum
2125 5673 2344 5731 dicendi
2377 5673 2749 5730 characterem
2784 5679 2841 5726 et
2883 5665 3153 5725 sermonis
3179 5661 3495 5734 proprieta-

233 5771 318 5826 τῦν
345 5768 677 5844 χαρακτῆρα
712 5769 806 5825 καὶ
857 5769 916 5825 τὸ
958 5769 1173 5842 ἰδίωμα.
1211 5770 1548 5842 Σαφέστερος
1593 5769 1649 5824 δέ
1700 5770 1815 5824 ἐστι
1924 5779 1952 5825 ι‹

1924 5779 2053 5825 tem.
2084 5767 2295 5826 Clarior
2332 5782 2463 5823 vero
2501 5772 2584 5821 est
2617 5778 2780 5835 quam
2819 5760 2886 5817 ad
2918 5757 3194 5816 Hermiam
3226 5755 3519 5833 scribens,'_
