3998 6304
440 388 545 445 127

1636 379 1968 436 VETERUM
2009 373 2445 432 TESTIMONIA.

3611 359 3714 418 128

441 509 536 554 aut
565 498 620 551 in
679 496 839 551 libris
900 494 976 548 De
1013 494 1326 548 adoratioue
1362 494 1419 545 in
1453 493 1662 562 spiritu.
1706 490 1899 544 Sermo
1941 487 2019 541 illi
2050 501 2068 553 Α

2149 485 2214 538 οὗ
2253 485 2388 555 πρὸς
2430 482 2712 553 Ἑρμείαν,
2746 483 2840 536 καὶ
2874 481 2966 534 τοῦ
3006 481 3145 550 Περὶ
3174 480 3283 548 τῆς
3303 480 3373 534 ἐν
3421 479 3714 547 πνεύματι

442 586 738 651 conﬁctus,
772 596 828 640 et
864 585 932 638 ad
966 584 1246 654 prepriam
1275 581 1495 637 dicendi
1541 581 1771 636 formam
1801 588 2023 634 contor-

443 690 552 743 tus,
587 694 652 733 ac
696 677 870 732 veluti
917 676 1160 730 solutum
1194 689 1563 744 numerosque
1601 673 1883 744 negligens
1913 686 2028 725 me-

445 780 617 824 trum.

2130 576 2430 642 λατρείας.
2480 573 2537 626 Ὁ
2585 572 2640 626 δὲ
2671 571 2827 639 λόγος
2861 571 3009 643 αύτῷ
3044 571 3415 642 πεποιημένος
3437 610 3452 633 ,
3490 569 3585 623 καὶ
3632 572 3712 626 ei:

2141 668 2449 732 ἰδιάζουσαν
2497 665 2641 720 ἰδέαν
2688 664 3135 735 ἐκϐεϐιασμένος,
3166 664 3258 716 καὶ
3292 659 3404 718 οἷον
3433 662 3711 732 λελυμένη

2127 761 2221 812 καὶ
2248 759 2309 811 τὸ
2341 759 2540 828 μέτρον
2562 758 2890 829 ύπερορῶσα
2916 757 3156 826 ποίησις.

518 860 642 914 Vide
672 859 911 912 eumdem
947 875 1070 929 pag.
1093 858 1197 912 578
1225 867 1273 911 et
1306 855 1408 911 579
1427 855 1490 908 de
1512 854 1656 908 libris
1683 862 1880 920 contra.
1901 853 2222 916 Nestorium,
2259 851 2320 903 de
2342 850 2614 921 Epistolis,
2639 858 2688 903 et
2706 849 2901 904 scholio
2933 851 2999 902 de
3015 848 3390 902 Incarnatione
3424 846 3710 918 Unigeniti.

1417 971 1861 1043 Martyrologium
1904 969 2205 1023 Romanum
2241 967 2324 1021 die
2363 968 2432 1021 27
2472 966 2744 1021 Januarii.

520 1087 704 1144 Sancti
743 1087 950 1159 Cyrilli,
985 1089 1365 1144 Alexandrinae
1403 1089 1563 1144 urbis
1608 1089 1874 1159 episcOpi,
1904 1088 2000 1158 qui
2035 1085 2319 1142 catholicae
2345 1083 2473 1139 ﬁdei
2505 1081 2956 1154 praeclarissimus
3007 1086 3418 1150 propugnator,
3457 1074 3719 1132 doctrina

449 1168 504 1213 et
541 1159 827 1214 sanctitate
865 1159 1117 1225 illustris,
1141 1160 1353 1230 quievit
1383 1160 1440 1214 in
1477 1174 1633 1231 pace.

1629 1250 1797 1307 Graeci
1841 1252 1898 1303 in
1939 1249 2252 1320 Mcnologio,
2307 1248 2340 1303 9
2376 1247 2542 1302 Iunii.

519 1364 678 1434 Apud
717 1365 1121 1436 Alexandriam
1147 1365 1347 1419 natalis
1404 1364 1460 1420 S.
1501 1365 1713 1436 Cyrilli,
1747 1365 1994 1436 ejusdem
2035 1362 2274 1436 civitatis
2313 1361 2577 1436 episcopi,
2612 1360 2716 1436 viri
2752 1359 3140 1436 eruditissimi,
3185 1365 3241 1413 et
3273 1357 3569 1436 catholica
3586 1357 3720 1436 fidei

448 1427 875 1506 propugnatoris
919 1433 1126 1506 egregii
1171 1451 1182 1486 :
1215 1451 1379 1504 quem
1432 1427 1680 1490 sum'mus
1701 1427 1708 1431 ⁷
1731 1427 1979 1506 pontifex
2021 1427 2363 1490 Caelestinus
2384 1427 2642 1487 idoneum
2671 1431 2936 1502 judicavit
2981 1431 3070 1485 cui
3101 1444 3227 1485 suas
3262 1428 3410 1483 vices
3445 1428 3501 1482 in
3529 1427 3714 1498 Ephe-

449 1505 570 1560 Sino
624 1505 860 1559 concilio
911 1505 1205 1575 delegaret.

1462 1575 1631 1630 Iidem
1673 1575 1840 1631 (ἓνωεὶ
1886 1576 1941 1629 in
1987 1574 2230 1638 Mentiris,
2263 1571 2442 1625 eodem
2488 1569 2521 1625 9
2559 1569 2727 1624 Junii.

422 1648 428 1702 ἶ
521 1664 783 1720 Flammis
835 1667 1010 1722 sancti
1062 1665 1302 1736 Spiritus
1342 1676 1526 1722 mente
1571 1668 1894 1732 illustratus,
1925 1668 2028 1722 ‘sol

452 1756 748 1822 irradians,
783 1758 936 1812 velut
980 1758 1184 1823 radios,
1233 1759 1455 1813 oracula
1496 1757 1750 1824 edidisti;
1809 1765 1900 1810 tua
1935 1757 2032 1812 do-

454 1855 634 1916 gmata
677 1847 735 1901 in
783 1863 975 1904 omnes
1010 1849 1169 1904 orbis.
1204 1849 1558 1918 ﬁdeliumque
1595 1847 1745 1903 ﬁnes‘
1771 1847 2024 1913 emisisti,

2206 1662 2583 1734 Φρυκτωρίαις
2614 1660 2708 1715 τοῦ
2737 1661 3056 1731 Πνεύματος
3097 1657 3428 1730 ἐλλαμφθεὶς
3457 1657 3556 1729 τὴν
3599 1660 3716 1714 διά-

2138 1772 2320 1821 νοιαν,
2360 1753 2664 1824 φωτοϐόλος
2707 1753 2860 1823 ἥλιος
2900 1751 3305 1823 ἐχρημάτισας,
3345 1749 3534 1821 ὥσπερ
3572 1751 3720 1805 ἀκτῖ-

2137 1866 2254 1912 νας,
2297 1846 2366 1900 τὰ
2399 1847 2646 1918 δόγματα
2688 1846 2768 1910 είς
2814 1846 2990 1899 πάντα
3041 1843 3108 1898 τὰ
3153 1843 3364 1916 πέρατα
3398 1843 3718 1908 ἐξαπέστει-

455 1945 632 1992 coetus
683 1953 871 1994 omnes
904 1939 1240 2006 illuminans,
1287 1955 1320 1994 ο
1358 1938 1695 2003 beatissime,
1730 1953 1795 1994 ac
1823 1939 2029 2005 divine,
2067 1973 2068 1976 η

2149 1943 2234 2002 la;
2250 1938 2477 2003 πιστῶν,
2500 1937 2863 2005 καταυγάζων
2884 1935 3246 2009 πληρώματα,
3262 1934 3716 2007 παμμακάριστε,

457 2028 824 2098 tenebrasque
867 2030 1150 2085 haereseon
1204 2046 1572 2100 persequens,
1625 2031 1680 2084 vi
1711 2031 2034 2100 viribusque

2149 2031 2231 2084 καὶ
2262 2029 2471 2084 διώκων
2502 2031 2562 2084 τὸ
2597 2029 2818 2094 σκότος,
2856 2028 3102 2098 θεοφόρε,
3137 2029 3246 2082 τῶν
3288 2030 3578 2100 αἱρέσεων,
3615 2027 3714 2081 δυ-

457 2116 606 2171 illius
636 2118 730 2187 qui
759 2133 788 2172 e
812 2119 1036 2190 Virgine
1060 2129 1226 2175 natus
1247 2121 1440 2175 eluxit.

529 2207 853 2279 Eloquentia
920 2220 977 2265 et
1027 2211 1280 2266 facundia
1326 2212 1592 2268 orationis
1651 2220 1789 2278 tuae,
1840 2229 1873 2268 ο
1915 2229 2039 2268 san-

456 2299 696 2355 ctissime
721 2300 942 2372 Cyrille,
977 2303 1221 2358 Ecclesia
1274 2312 1386 2359 tota
1438 2315 1756 2368 exornatur,
1807 2311 1861 2359 et
1909 2321 2037 2374 spe-

457 2389 606 2445 ciosa
651 2401 940 2448 venustate
982 2403 1074 2449 tua
1113 2395 1201 2464 pie
1248 2395 1582 2462 decoratur;
1615 2405 1873 2465 tuamque
1908 2411 2035 2450 san-

457 2491 602 2538 ctam
668 2485 1079 2540 translationem
1133 2501 1290 2540 sacro
1337 2487 1448 2541 ritu
1504 2487 1758 2549 honorat,
1800 2503 1834 2541 ο
1897 2488 2040 2542 cele-

459 2570 720 2636 berrime,
739 2574 1199 2643 sacerdotumque
1226 2575 1471 2629 omnium
1495 2575 1684 2641 decus,
1705 2576 1929 2630 Patrum
1948 2591 2038 2632 co-

458 2663 697 2733 ryphaee,
718 2664 910 2734 synodi
946 2665 1304 2720 sanctissima
1340 2675 1715 2737 propugnator
1748 2667 2033 2722 acerrime.

529 2753 662 2808 Tuis
693 2754 866 2824 igneis
891 2756 1256 2826 dogmatibus,
1293 2774 1326 2812 ο
1357 2759 1556 2828 praesul
1613 2760 2033 2829 sapientissime,

456 2858 677 2899 omnem
732 2856 1126 2904 sarmentosam
1179 2849 1499 2919 aridamque
1545 2851 1825 2906 haereseon
1868 2862 2040 2906 mate-

457 2935 597 2988 riam
646 2940 1048 3007 concremasti;
1106 2943 1503 2997 sententiarum
1557 2952 1773 2997 tuarum
1806 2943 2036 3014 profun-

457 3024 664 3093 ditate,
702 3044 734 3082 ο
777 3031 1142 3087 sacratissime
1178 3031 1412 3105 Cyrille,
1467 3033 1764 3103 impiorum
1798 3033 2039 3104 perﬁdo-

459 3133 690 3189 rumque
712 3121 1093 3180 hzereticorum
1113 3125 1449 3197 demergitur
1477 3127 1788 3193 exercitus;
1821 3135 1914 3181 tua
1936 3127 2038 3181 d0-

457 3211 652 3276 ctrina,
685 3229 717 3266 o
747 3214 926 3280 beate,
950 3216 1147 3273 diebus
1164 3220 1394 3290 singulis
1425 3230 1727 3274 exornatur
1753 3227 1866 3274 tota
1898 3218 2037 3273 ﬁde-

457 3301 591 3356 lium
615 3304 878 3373 Ecclesia,
899 3326 1020 3378 quae
1039 3312 1238 3369 eximie
1278 3322 1332 3368 te
1352 3314 1607 3377 honorat,
1642 3313 1923 3383 praedicat.

529 3395 788 3466 chletus
816 3416 876 3456 es
905 3401 1274 3459 illustratione
1328 3404 1501 3460 sancti
1555 3403 1813 3474 Spiritus,
1854 3417 1887 3457 ο
1933 3401 2036 3473 Cy-

458 3484 600 3550 rille,
641 3501 1042 3561 praeceptorum
1070 3495 1275 3551 Christi
1329 3506 1533 3563 custos,
1586 3506 1750 3566 atque
1791 3496 1859 3550 ab
1898 3494 2032 3550 alie-

2140 2124 2301 2194 νάμει
2331 2123 2424 2178 τοῦ
2461 2126 2524 2176 ἐκ
2561 2122 2840 2190 Παρθένου
2871 2122 3267 2192 ἐκλάμψαντος.

2205 2215 2486 2287 Εὑφραδίᾳ
2514 2215 2620 2268 τῶν
2643 2215 2818 2284 λόγων
2851 2232 2963 2278 σου,
3004 2213 3260 2284 ἱερώτατε
3292 2212 3550 2281 Κύριλλε,
3588 2213 3714 2268 Ἐκ-

2137 2308 2334 2377 κλησία
2362 2307 2550 2362 ἅπασα
2589 2306 2902 2378 ώραῖζεται,
2932 2305 3025 2359 καὶ
3051 2302 3290 2365 εὐσεϐῶς
3313 2301 3722 2366 καλλωπίζεται

2137 2396 2361 2468 ὡραίοις
2419 2398 2476 2450 ἐν
2526 2395 2766 2460 κάλλεσι,
2801 2395 2894 2448 καὶ
2934 2395 3066 2464 τιμᾷ
3100 2410 3192 2446 σου
3224 2389 3385 2463 ἱερῶς
3415 2392 3516 2463 τὴν
3555 2391 3723 2459 ἁγίαν

2141 2489 2487 2560 μετάστασιν,
2515 2487 2856 2558 παναοίδιμε,
2885 2484 3071 2555 ἱερέων
3113 2484 3174 2538 τὸ
3203 2483 3379 2550 κλέος,
3405 2483 3514 2538 τῶν
3543 2482 3719 2536 πατέ-

2142 2600 2248 2654 ρων
2300 2583 2594 2652 κορυφαῖε,
2656 2581 2754 2652 τῆς
2810 2580 3024 2634 συνόδου
3080 2577 3182 2648 τῆς
3222 2576 3495 2645 παναγίας
3547 2574 3720 2647 ὑπέρ-

2142 2689 2303 2742 μαχε.

2209 2762 2334 2823 Τοῖς
2365 2760 2612 2832 πυρίνοις
2648 2778 2740 2814 σου
2772 2762 3004 2832 δόγμασι
3039 2758 3147 2813 τῶν
3195 2758 3460 2829 αἱρέσεων
3494 2757 3718 2811 ἃπασαν

2139 2851 2462 2922 φρυγανώδη
2480 2851 2706 2920 ἐφλεξας
2731 2850 2883 2922 ὓλην,
2907 2849 3278 2920 πάνσοφε,τῶν
3297 2849 3581 2922 νοημάτων
3603 2851 3720 2914 τοῖς

2140 2943 2326 3014 βάθεσι
2367 2942 2640 3013 βυθίζεται
2667 2944 2987 3015 στράτευμα
3014 2940 3385 2996 ἀπειθούντων
3409 2939 3715 3008 δυσσεϐὦν,

2139 3035 2402 3107 ἱερώτατε
2427 3035 2685 3105 Κύριλλε,
2713 3037 2824 3100 τοῖς
2838 3035 3127 3104 διδάγμασι
3156 3032 3572 3098 καλλωπίζεται,
3611 3031 3719 3102 μά-

2141 3143 2268 3196 καρ⁹
2301 3125 2422 3178 καθ’
2455 3126 2690 3197 ἐκάστην
2721 3127 2827 3181 τῶν
2857 3125 3119 3198 πιστῶνή
3153 3125 3448 3198 Ἐκκλησία
3475 3124 3712 3197 μεγαλο-

2143 3217 2353 3289 φρόνως
2374 3217 2591 3288 τιμῶσά
2615 3234 2696 3273 σε.

2223 3392 2534 3464 Ἐπλήσθης
2588 3394 2690 3464 τῆς
2746 3393 3028 3465 δᾳδουχίας
3055 3433 3069 3458 ,
3116 3393 3388 3464 Κύριλλε,
3426 3389 3520 3444 τοῦ
3567 3391 3716 3445 θείου

2149 3484 2490 3554 Πνεύματος,
2546 3485 2651 3538 τῶν
2699 3485 2926 3539 ἐντολῶν
2968 3485 3043 3549 ὡς
3078 3485 3252 3552 φύλαξ
3303 3483 3395 3538 τοῦ
3452 3482 3715 3550 Χριστοῦ,

457 3576 640 3633 ctibus
667 3590 721 3635 et
749 3585 1096 3651 passionibus
1119 3598 1504 3656 perpurgatus,
1532 3588 1889 3642 divinissimae
1909 3587 2034 3641 Tri-
2064 3638 2068 3668 ε

2149 3577 2248 3630 τῶν
2299 3576 2488 3630 παθῶν
2536 3577 2953 3648 καθηράμενος,
3014 3577 3112 3648 τῆς
3173 3575 3438 3648 ὑπερθέου
3483 3575 3716 3644 γέγονας

459 3667 648 3722 uitatis
684 3686 813 3726 vere
848 3671 1025 3727 factus
1059 3690 1120 3728 es
1157 3675 1556 3730 habitaculum.

529 3759 619 3814 Uti
677 3762 815 3826 zelo,
869 3763 945 3817 ita
980 3765 1235 3820 libertate
1296 3767 1560 3835 loquendi
1609 3768 1825 3836 plenus,
1857 3784 1890 3823 ο
1922 3768 2037 3838 glo-

2137 3668 2306 3732 ὅντως
2336 3669 2565 3740 Τριάδος
2601 3669 2940 3739 ἐνδιαίτημα.

2215 3763 2302 3825 Ὡς
2331 3760 2516 3834 ζήλου,
2547 3763 2642 3814 καὶ¹
2673 3762 2984 3831 παρρησίας
3027 3759 3299 3830 ἔμπλεως,
3345 3757 3599 3829 Κύριλλε“
3627 3755 3714 3810 ἐν·

462 3849 607 3903 riose
635 3849 836 3922 Cyrille
858 3895 872 3917 ,
911 3855 1231 3910 orthodoxae
1271 3855 1535 3912 doctrinas
1582 3857 1899 3928 praesidens,
1927 3859 2038 3913 bte-

2149 3846 2251 3918 ξοξε
2279 3893 2292 3917 ,
2341 3853 2439 3916 τὰς
2479 3852 2780 3922 θεομάχους
2817 3851 2996 3913 πάσας
3050 3850 3297 3919 ἀψευδῶς
3335 3849 3717 3916 γλωσσαλγίας

461 3941 661 3996 reticas
707 3945 1108 4017 mendacesque
1163 3947 1454 4017 impiarum
1503 3949 1773 4002 haeresum
1820 3949 2035 4019 linguas

2149 3945 2378 4007 ῑιέλυσας
2421 3944 2528 3996 τῶν
2579 3942 2853 3995 δυσσεϐῶν
2896 3941 3179 4013 αἱρέσεων,
3231 3939 3538 4012 ὀρθοδοξίας
3580 3957 3714 4010 προ-

464 4028 785 4089 dissolvisti.

2129 4037 2254 4107 ἲσετά
2261 4052 2438 4106 μενος.

535 4124 678 4197 Haec,
712 4134 762 4179 et
808 4128 1080 4197 complura
1129 4129 1238 4184 alia
1276 4130 1464 4184 ibidem
1509 4131 1675 4187 (ἔπειθὶ
1713 4132 1768 4184 in
1803 4130 2036 4192 Menmis,
2077 4130 2267 4182 mensis
2302 4126 2452 4197 Junii
2497 4126 2592 4197 die
2626 4141 2713 4189 rx,
2761 4133 2810 4178 et
2847 4127 2903 4197 ia
2945 4124 3132 4180 concil.
3173 4125 3424 4197 Ephesini
3464 4137 3514 4183 et
3548 4128 3714 4186 Chal-

464 4193 785 4272 cedonensis
805 4193 954 4250 actis.
997 4198 1120 4252 Vide
1149 4209 1406 4272 praeterea
1445 4201 1912 4272 EvagriumilibJ
1953 4200 2180 4272 Histor_.,
2212 4213 2331 4267 cap.
2377 4195 2430 4257 5,
2469 4204 2532 4272 et_
2554 4193 2825 4250 Socratem
2869 4194 2956 4251 lib.
2994 4213 3090 4262 vn,
3145 4213 3192 4250 c.
3224 4193 3301 4252 ’52
3331 4207 3380 4253 et
3415 4198 3517 4268 '53;
3555 4199 3712 4256 Nice-

463 4263 684 4332 phorum
728 4264 814 4319 lib.
847 4283 953 4334 xrv,
992 4285 1108 4339 cap.
1148 4263 1216 4324 '35
1248 4287 1263 4338 ;
1302 4263 1606 4324 Liberatum
1641 4272 1697 4325 in
1736 4270 2034 4334 Breviario,
2074 4263 2311 4338 aliosque
2347 4281 2478 4337 pene
2513 4267 2840 4320 innumeros.

1315 4381 1378 4440 S.
1425 4381 1781 4442 Anastasius
1827 4379 2060 4440 Sinaita
2113 4377 2179 4438 in
2231 4376 2491 4455 Hodego
2543 4375 2702 4456 (cap.
2756 4375 2837 4457 5).

532 4473 730 4530 Sancta
772 4477 890 4532 haec
927 4479 1168 4550 synodus
1213 4479 1530 4555 (Ephesina)
1582 4481 1729 4551 quod
1778 4480 2030 4535 Christus

2223 4477 2286 4530 Ἡ
2317 4478 2373 4531 δὲ
2400 4478 2529 4547 ἁγία
2560 4477 2775 4542 σύνοδος
2797 4478 2885 4533 διὰ
2910 4480 2972 4532 τὸ
2992 4480 3195 4534 τέλειον
3223 4477 3371 4535 εἶναι’
3407 4482 3465 4536 ἐν
3495 4483 3710 4556 θεότητι

463 4576 573 4623 tam
612 4565 899 4623 divinitate
956 4585 1118 4639 quam
1163 4571 1505 4628 humanitate
1567 4587 1720 4641 aeque
1757 4571 2034 4639 perfectus

2149 4567 2234 4620 καὶ
2277 4567 2480 4620 τέλειον
2537 4567 2736 4637 ὁμοίως
2785 4570 2841 4622 ἐν
2911 4570 3287 4641 ἁνθρωπότητι
3334 4573 3423 4625 τὸν
3452 4575 3708 4646 Χριστὸν,

460 4663 628 4721 esset,
667 4657 725 4711 in
754 4657 969 4714 duabus
994 4661 1278 4719 inconfuse
1313 4673 1369 4719 et
1397 4661 1838 4733 inseparabiliter
1862 4660 2034 4714 unitis
2067 4701 2068 4706 η

2149 4657 2197 4708 ἐν
2226 4655 2317 4708 δύο
2353 4657 2515 4709 αὐτὸν
2561 4658 2871 4726 ήνωμέναις
2919 4659 3147 4728 φύσεσιν
3180 4661 3274 4714 ἐνα
3299 4661 3501 4731 Κύριον
3533 4665 3704 4733 ἀσυγ-

459 4747 692 4812 naturis,
727 4764 898 4803 unum
928 4751 1218 4808 Dominum
1261 4763 1346 4810 est
1384 4755 1629 4824 professa
1661 4770 1672 4805 :
1712 4750 2032 4807 conﬁrmata
2065 4745 2068 4754 ’

2149 4742 2311 4811 (ύτως
2349 4746 2443 4798 καὶ
2481 4744 2799 4817 ἁδιαιρέτως
2836 4747 3104 4818 ἐκήρυξεν
3128 4787 3142 4812 ,
3189 4749 3576 4819 ἐπικυρώσασα
3607 4751 3710 4822 τὴν

457 4833 718 4901 Nestorii,
771 4838 826 4892 in
859 4841 1040 4910 priore
1089 4843 1364 4913 Ephesino
1392 4843 1646 4905 concilio,
1677 4847 1897 4895 auctore
1926 4838 2032 4910 Cy-

2133 4833 2452 4905 καθαίρεσιν
2478 4834 2775 4906 Νεστορίου
2806 4836 2872 4906 ἢν
2922 4838 3176 4900 ἐποίησεν
3213 4841 3241 4892 ὁ
3293 4840 3562 4910 μακάριος
3594 4840 3710 4894 Κύ-

459 4925 604 4992 rillo,
643 4929 1029 5000 damnatione;
1055 4950 1164 5003 quo
1205 4934 1427 5004 quidem
1472 4933 1530 4985 B.
1585 4931 1789 5002 Cyrillo
1822 4931 2034 4985 collau-

2149 4924 2335 4991 αιλλος,
2367 4928 2432 4997 τῇ
2477 4926 2533 4979 ἐν
2583 4927 2794 4998 Ἐφέσῳ
2832 4928 2894 4981 τὸ
2917 4929 3181 5000 πρότερον
3207 4930 3338 5001 ἁγίᾳ
3370 4932 3591 5002 συνόδῳ,
3617 4933 3709 4985 εύ-

461 5014 608 5083 dato,
645 5019 823 5074 eidem
863 5021 968 5077 hoc
1016 5022 1191 5077 edidit
1238 5021 1476 5092 elogium
1511 5038 1523 5072 :
1564 5019 1787 5089 Cyrillo,
1825 5027 2034 5072 aeterna

2149 5015 2426 5082 ρημίσασα
2484 5015 2577 5068 καὶ
2639 5016 2733 5069 τὸν
2782 5018 2944 5070 αὐτὸν
2984 5019 3253 5088 μακάριον
3301 5019 3567 5090 Κύριλλον
3610 5021 3710 5076 καὶ

459 5109 743 5164 memoria.

2135 5105 2383 5159 εἱποῦσα·
2414 5106 2682 5178 Κυρίλλου
2716 5109 2909 5162 αἱωνία
2941 5111 2974 5181 ή
3005 5111 3213 5181 μνήμη.

1653 5197 1800 5252 Idem
1827 5239 1840 5263 ,
1879 5197 2056 5251 eodem
2103 5195 2257 5262 libro,
2291 5214 2408 5267 cap.
2459 5196 2510 5250 8.

531 5311 880 5369 Adducamus
916 5328 1043 5367 eum
1091 5314 1271 5382 ipsum
1321 5309 1604 5381 Cyrillum,
1666 5311 1850 5365 lumen
1891 5310 2027 5366 illud

2206 5310 2657 5382 Παραστήσωμεν
2702 5312 2863 5366 αὑτὸν
2895 5311 2986 5366 τὸν
3017 5314 3295 5384 φωστῆρα,
3348 5314 3442 5367 καὶ
3486 5313 3578 5367 τοῦ
3611 5331 3703 5384 χο-

462 5399 685 5455 Patrum
716 5400 1160 5465 celeberrimum,
1202 5407 1258 5454 et
1301 5399 1700 5467 beatissimum,
1740 5402 2028 5458 docentem

2149 5402 2232 5456 σοῦ
2259 5402 2366 5456 τῶν
2396 5403 2655 5474 Πατέρων
2697 5404 2937 5474 ἀοίδιμον
2990 5404 3082 5457 τὸν
3115 5405 3380 5475 μακάριον
3412 5404 3701 5476 Κύριλλον,

463 5492 759 5562 apostolice
808 5491 1094 5544 veritatem
1149 5499 1357 5548 natura:
1393 5493 1644 5549 humanae
1689 5495 1745 5549 in
1785 5493 2025 5550 Christo.

2135 5495 2237 5566 τὴν
2264 5495 2425 5564 φύσιν
2462 5495 2718 5566 ἀλήθειαν
2767 5491 2906 5550 εἶναι
2932 5496 3274 5560 διδάσκοντος
3296 5496 3700 5561 ἁποστολικῶς.

1751 5605 1919 5671 Idem,
1955 5606 2164 5675 ibidem,
2198 5625 2315 5680 cap.
2352 5607 2438 5662 10.

535 5687 740 5758 Cyrillo
805 5696 1007 5746 aeterna
1066 5693 1367 5759 memoria,
1435 5694 1578 5750 sicut
1626 5704 1680 5750 et
1726 5694 2028 5751 Chalcedo—

2207 5698 2471 5768 Κυρίλλου
2528 5698 2719 5752 αίωνία
2773 5699 2806 5768 ή
2864 5700 3052 5770 μνήμη
3097 5697 3237 5752 καθὰ
3287 5699 3442 5770 καὶὴ
3484 5699 3701 5764 σύνοδος

467 5781 654 5837 ncnsis
711 5781 950 5858 synodus
994 5784 1147 5843 dixit.
1199 5787 1414 5845 Etenim
1469 5789 1653 5846 nullus
1716 5799 2027 5845 sanctorum

2149 5787 2481 5866 Χαλκηδόνος
2507 5789 2711 5859 εἴρηκε.
2754 5789 2863 5845 Καὶ
2903 5789 3010 5860 γὰρ
3037 5789 3210 5854 οὐδεὶς
3249 5789 3357 5846 τῶν
3387 5791 3553 5862 ἁγίων
3590 5792 3702 5847 Πα-
