3998 6304
283 277 381 332 129
1759 289 2092 347 ΜΟΝΙΤΙΙΜ.
3426 307 3529 364 150

280 393 451 464 τέρων
509 393 571 446 τὸ
605 395 887 464 πανάγιον,
920 395 1014 450 καὶ
1045 396 1337 467 ἀμείωτον,
1372 399 1462 454 καὶ
1495 400 1730 469 αἰώνιον,
1762 405 1854 456 καὶ

1956 405 2179 460 Patrum
2211 407 2615 463 sanctissimum
2649 410 2782 467 illud
2814 423 2871 468 et
2903 414 3247 484 indeﬁciens,
3283 428 3341 475 et
3364 430 3526 477 atter-

283 483 660 548 ὰνεξάλειπτον
698 486 808 539 τῶν
851 486 1089 557 Χριστοῦ
1117 489 1330 558 φύσεων
1365 491 1607 562 εἴρηκεν,
1637 493 1710 555 ὼς
1740 492 1855 546 θεο-

1952 508 2084 546 num
2131 500 2187 547 et
2224 493 2516 549 indelebile
2565 505 2775 555 naturae
2825 500 3029 558 Christi
3081 483 3412 565 beneﬁcium
3453 511 3527 568 ita

285 577 503 648 φάντωρ
545 577 832 649 Κύριλλος.
882 580 945 634 Οἱ
998 581 1097 650 μὲν
1150 581 1259 653 γὰρ
1307 583 1570 654 μακάριοι
1615 584 1856 656 Πατέρες

1950 583 2286 650 praedicavit,
2319 585 2463 640 sicut
2494 586 2711 643 divinus
2759 589 3012 662 Cyrillus.
3063 595 3198 651 Nam
3245 599 3390 654 beati
3424 602 3527 656 Pa-

280 673 367 721 τὺν
408 667 640 738 ἀριθμὸν
670 669 983 739 εἰρήκασιν·
1018 671 1046 722 ὁ
1083 671 1140 724 δὲ
1169 673 1564 746 τρισμακάριος
1591 675 1854 745 Κύριλλος

1953 683 2063 728 tres
2090 691 2382 730 numerum
2411 677 2791 748 assignarunt;
2818 698 2882 738 ac
2913 682 3268 742 beatissimus
3289 689 3530 761 Cyrillus

284 757 418 828 μετὰ
451 758 544 811 τοῦ
576 758 810 830 ἀριθμοῦ
842 761 935 814 καὶ
958 758 1054 832 τὴν
1084 763 1497 831 ἀνεξάλειπτον,
1534 765 1626 818 καὶ
1655 783 1853 837 τηρου-

1951 764 2117 820 simul
2147 781 2272 820 eum
2304 783 2536 821 numero
2553 769 2922 827 indelebiliter
2945 789 3271 846 semperque
3303 757 3529 837 naturas

285 850 448 920 μένην
477 853 564 904 ἀεὶ
608 851 714 904 τῶν
749 851 965 922 φύσεων
1024 854 1119 907 τοῦ
1169 857 1377 928 Κυρίου
1421 859 1683 931 διαμονὴν
1716 861 1856 930 μετά

1951 866 2302 912 conservatas
2358 874 2477 914 esse
2502 901 2516 926 ,
2577 863 2740 916 etiam
2789 875 2912 934 post
2950 868 3208 923 unionem
3238 872 3528 943 perspicue

279 942 374 1012 τὴν
405 941 618 1008 ἕνωσιν,
637 943 731 996 καὶ
762 943 831 996 τὰ
860 944 1004 1018 ἑξῆς.
1028 941 1099 1000 Εὖ
1120 963 1202 999 σοι
1227 947 1456 1016 γένοιτο,
1478 950 1724 1023 φωστὴρ,
1759 949 1855 1003 καὶ

1952 947 2159 1010 docuit,
2189 955 2295 1001 etc.
2339 947 2484 1004 Bene
2529 951 2599 1004 sit
2633 954 2753 1019 tibi,
2790 955 2998 1022 lumen,
3029 957 3118 1012 fax
3142 1000 3156 1024 ,
3188 969 3245 1015 et
3273 941 3525 1015 columna

281 1033 454 1106 πυρσὲ
480 1075 495 1096 ,
530 1037 622 1088 καὶ
659 1035 816 1088 στύλε
860 1037 958 1108 τῆς
998 1037 1279 1110 ἀληθείας,
1316 1040 1574 1110 Κύριλλε.
1645 1044 1852 1106 Ὄντως

1952 1038 2222 1102 veritatis,
2255 1037 2478 1109 Cyrille.
2514 1040 2712 1098 lterato
2753 1044 2952 1112 dicam,
2991 1047 3180 1120 Cyrilli
3213 1065 3342 1106 vere
3371 1060 3528 1106 teter-

279 1123 573 1194 Κυρίλλου,
609 1124 771 1177 πάλιν
811 1123 977 1194 λέγω,
1011 1125 1201 1180 αἰωνία
1229 1128 1262 1197 ἡ
1300 1130 1508 1198 μνήμη,
1541 1127 1616 1196 μὴ
1648 1145 1856 1198 συγχω-

1838 1157 1856 1168 -
1952 1146 2023 1184 na
2053 1131 2338 1197 memoria,
2371 1133 2464 1201 qui
2488 1149 2598 1187 non
2631 1135 2762 1190 sinit
2787 1153 2888 1192 nos
2921 1155 2952 1194 a
2980 1155 3114 1196 vero
3139 1141 3417 1198 deerrare.

281 1213 496 1284 ροῦντος
522 1216 665 1285 ἡμᾶς
689 1216 753 1268 ὲκ
775 1216 877 1285 τῆς
905 1215 1162 1286 ἀληθείας
1191 1216 1552 1290 πλανηθῆναι.

277 1328 349 1388 Β.
390 1327 702 1407 Eulogius
746 1328 1248 1415 archiepiscopus
1294 1329 1730 1415 Alexandriae,
1779 1332 1846 1415 in
1883 1332 2165 1415 oratione
2206 1329 2512 1415 adversus
2559 1331 3005 1415 calumniantes
3039 1338 3153 1399 SS.
3175 1340 3420 1415 Patres,
3475 1348 3530 1402 et

712 1407 1041 1468 concilium
1084 1407 1598 1471 Chalcedonense.
1649 1411 1836 1490 Apud
1883 1409 2179 1470 Photium
2233 1410 2299 1468 in
2342 1409 2772 1487 Bibliotheca,
2850 1431 3084 1475 ccxxx.

343 1535 560 1590 Ardens
593 1534 683 1589 ille
721 1535 973 1590 veritatis
994 1535 1276 1591 studiosus
1306 1536 1562 1604 Cyrillus,
1586 1538 1702 1592 haec
1739 1546 1795 1592 et
1823 1535 1911 1590 his
1945 1535 2251 1590 consimilia
2286 1533 2585 1604 Scripturis
2620 1553 2890 1604 asserens,
2922 1556 3032 1594 non
3068 1543 3232 1598 modo
3264 1543 3526 1601 libenter.

273 1614 333 1660 et
385 1605 783 1676 iucundissime
822 1606 1091 1679 accessit,
1135 1607 1229 1679 sed
1269 1604 1579 1679 etPaulum
1620 1608 1961 1679 Emisenum,
2003 1608 2096 1679 qui
2131 1605 2204 1679 ab
2247 1604 2365 1679 ipso
2411 1607 2611 1662 missus
2639 1617 2760 1662 erat
2792 1610 2847 1662 in
2875 1610 3095 1679 publico
3121 1622 3264 1666 metu
3300 1615 3528 1670 concio-

273 1685 804 1798 naturqsatquaret
848 1676 954 1730 sibi
1005 1686 1062 1730 et
1106 1676 1344 1732 mittenti
1382 1677 1587 1748 Cyrillo
1637 1678 1805 1733 fuerit
1844 1675 2148 1740 sententia,
2191 1675 2445 1730 laudibus
2481 1679 2731 1748 excepit,
2764 1688 2820 1734 et
2855 1675 2916 1734 ut
2951 1680 3141 1736 eadem
3176 1684 3524 1748 sentientem,

273 1760 452 1798 maam
477 1760 559 1798 eei
593 1787 606 1798 .

273 1760 606 1816 magnuecu.

1690 1818 1859 1885 Idem,
1904 1817 2112 1872 ibidem.

336 1905 567 1988 Doctus,
609 1914 665 1991 _e_t
697 1907 850 1991 pius,
883 1907 1237 1991 minimeque.
1254 1909 1515 1991 vacillans
1543 1909 1779 1991 Cyrillus
1810 1927 1974 1965 unam
2007 1911 2395 1991 docetHYerbi
2420 1919 2694 1976 naturam,
2735 1924 2791 1991 et
2831 1913 2978 1967 illam
3021 1913 3377 1991 incarnatam,
3415 1926 3525 1975 etc.

267 1974 486 2116 Ειιὲιιίιη
510 1978 684 2032 multa
698 1974 935 2100 eaigitat,
967 1992 1078 2032 ιιοιι
1124 1974 1330 2042 verbis,
1372 1988 1427 2033 et
1460 1974 1778 2035 nominibus
1805 1996 2029 2035 sensum
2068 1980 2263 2046 credit,
2302 1981 2398 2036 sed
2427 1991 2610 2036 mente
2647 1974 2815 2036 verba
2867 1991 2923 2038 et
2959 1984 3180 2038 nomina
3214 1974 3526 2056 conferens,

268 2061 297 2099 a
359 2061 426 2100 ne
450 2061 738 2101 accommo
779 2062 896 2102 ans.

268 2061 426 2102 atque
450 2061 896 2102 accommouans.

1471 2158 3495 2184 Μ

1606 2251 2189 2343 MONITUM

1065 2411 1137 2469 In
1164 2407 1358 2471 libros
1390 2409 1475 2469 De
1507 2407 1877 2504 adoratione
1915 2411 1980 2469 in
2008 2411 2242 2488 spiritu
2284 2421 2343 2474 et
2383 2415 2642 2476 veritate
2669 2414 2777 2496 (l).

330 2533 487 2589 Libri
519 2541 813 2604 sequentes
843 2531 970 2588 inde
1001 2547 1202 2586 nomen
1244 2531 1422 2587 sortiti
1464 2540 1592 2586 sunt
1621 2531 1767 2602 quod
1797 2529 2031 2602 Cyrillus
2073 2533 2130 2588 in
2174 2534 2347 2590 forma
2387 2537 2586 2609 dialogi
2627 2552 2746 2592 eam
2784 2538 3154 2596 difﬁcultatem
3195 2543 3405 2598 solvere
3436 2559 3528 2615 ag-

263 2640 486 2695 gressus
514 2626 606 2690 sit,
641 2625 1000 2695 qua'tandem
1021 2621 1254 2688 ratione,
1279 2623 1397 2692 lege
1420 2622 1593 2676 veteri
1621 2637 1718 2691 per
1742 2622 1954 2677 Novum
1985 2623 2401 2680 Testamentum
2428 2627 2708 2697 abrogata,
2740 2628 2994 2684 Christus
3025 2631 3224 2685 dixerit
3247 2631 3526 2703 (Matt/m1,

267 2716 352 2788 i7)
385 2735 398 2770 :
431 2737 450 2768 ‹
486 2717 608 2772 Non
634 2717 760 2772 veni
786 2717 996 2772 solvere
1028 2717 1224 2785 legem,
1256 2714 1350 2768 sed
1383 2713 1712 2782 adimplere;
1747 2732 1767 2764 ›
1803 2722 1860 2768 et
1889 2713 2066 2783 (Joan.
2102 2731 2174 2780 1v,
2212 2716 2302 2788 24)
2337 2736 2350 2770 :
2401 2737 2419 2768 ‹
2455 2719 2514 2772 ln
2542 2721 2737 2790 spiritu
2767 2729 2822 2776 et
2849 2723 3079 2777 veritate
3108 2724 3280 2778 Deum
3313 2725 3529 2781 Patrem

263 2820 481 2884 oportet
513 2812 762 2867 adorare.
798 2831 816 2864 ι
855 2812 995 2866 Ειιω
1031 2812 1086 2865 in
1127 2809 1289 2864 ﬁnem
1317 2809 1520 2880 optime
1552 2809 1731 2875 docet,
1770 2820 2040 2881 praecepta
2071 2812 2207 2884 legis
2240 2813 2507 2882 Mosaicae,
2539 2832 2659 2886 qua:
2688 2817 2755 2872 ab
2787 2818 2948 2873 Israel
2979 2821 3280 2876 secundum
3309 2837 3530 2877 carnem

263 2905 556 2960 observata
595 2913 725 2959 sunt
762 2904 1074 2968 carnaliter,
1103 2919 1134 2958 a
1167 2902 1346 2969 nobis,
1377 2901 1470 2972 qui
1506 2901 1807 2956 secundum
1849 2903 2103 2972 spiritum
2136 2905 2304 2961 Israel
2339 2923 2530 2963 sumus
2556 2907 2726 2980 (Rom.
2754 2907 2851 2981 ιιι),
2885 2911 3245 2982 spiritualiter
3276 2930 3398 2970 esse
3428 2915 3529 2970 ob-

260 2996 530 3052 servanda
549 2995 726 3062 ;-hinc
757 2995 982 3050 umbras
1014 2994 1136 3049 illas
1165 2993 1402 3062 antiquae
1436 2992 1571 3062 legis
1604 2991 1863 3062 penicillo
1891 2993 2128 3062 quodam
2157 2995 2423 3049 orationis
2450 2995 2514 3050 ad
2550 2997 2836 3052 veritatem
2867 2999 3139 3066 efformat,
3170 3011 3224 3058 et
3260 3003 3531 3058 carnalem

261 3087 412 3143 illum
436 3087 842 3159 figuratumque
871 3087 1078 3140 cultum
1109 3101 1139 3140 a
1162 3085 1309 3140 veris
1331 3083 1427 3139 Dei
1454 3083 1838 3138 adoratoribus
1855 3083 1910 3138 in
1933 3084 2130 3155 spiritu
2154 3095 2208 3141 et
2235 3087 2464 3142 veritate
2482 3089 2671 3159 perﬁci
2698 3107 2856 3160 posse
2882 3092 3238 3148 demonstrat.
3273 3095 3532 3161 Quamvis

259 3193 439 3241 autem
471 3181 724 3237 omnium
758 3181 870 3237 fere
899 3182 1064 3236 Mosis
1105 3181 1374 3236 librorum
1415 3180 1673 3251 mysteria
1708 3180 1765 3233 in
1793 3179 1881 3234 his
1909 3180 2068 3237 libris
2105 3183 2442 3252 aperiantur,
2470 3199 2581 3238 non
2622 3193 2802 3239 tamen
2833 3187 3080 3242 eamdem
3116 3188 3335 3253 seriem,
3369 3205 3533 3258 quam

261 3279 316 3332 in
349 3277 652 3334 scribendo
679 3277 858 3332 tenuit
893 3275 1089 3340 Moses,
1125 3275 1181 3328 in
1214 3274 1540 3345 explicando
1576 3282 1799 3328 secutus
1832 3281 1918 3328 est
1941 3273 2196 3346 Cyrillus,
2229 3277 2324 3331 sed
2363 3291 2524 3330 suum
2559 3278 2849 3346 quemdam
2886 3279 3133 3333 ordinem
3167 3280 3424 3347 servavit,
3458 3281 3532 3336 ita

263 3377 321 3424 ut
346 3372 506 3442 prius
535 3378 856 3442 argumenta
889 3368 1136 3439 quaedam
1167 3375 1314 3422 certa
1352 3374 1642 3436 proponat,
1680 3374 1793 3420 tum
1827 3365 1946 3420 loca
1976 3367 2268 3436 Scriptura:
2297 3367 2447 3421 varia
2478 3383 2600 3420 eum
2636 3367 2744 3420 illis
2780 3368 3115 3437 argumentis
3151 3370 3534 3427 convenientia

262 3478 292 3519 e
319 3462 559 3517 diversis
595 3461 892 3531 Scriptura
923 3460 1081 3514 libris
1115 3458 1332 3528 colligat
1361 3472 1424 3511 ac
1452 3457 1704 3528 explicet.
1736 3456 1908 3527 lgitur
1926 3466 2216 3526 postquam
2256 3457 2324 3511 de
2361 3458 2517 3527 lapsu
2562 3458 2803 3513 hominis
2843 3459 2897 3512 in
2933 3469 3215 3530 peceatum
3251 3462 3532 3528 disseruit,

260 3554 564 3626 subjungit,
605 3553 808 3608 debere
844 3553 1144 3616 hominem,
1185 3551 1332 3620 quod
1377 3567 1532 3622 aeque
1564 3551 1863 3622 gloriosum
1910 3565 1976 3603 ac
2019 3549 2153 3604 utile
2195 3549 2287 3614 sit,
2330 3549 2566 3619 peccatis
2611 3550 2916 3605 valedicere
2973 3559 3029 3604 et
3079 3551 3146 3605 ad
3192 3553 3532 3611 honestatem

263 3647 517 3712 transire,
559 3646 763 3701 diaboli
802 3647 993 3716 jugum
1029 3653 1292 3699 excutere
1330 3655 1387 3699 et
1423 3645 1599 3715 legem
1635 3643 1877 3698 divinam
1919 3641 2096 3711 sequi,
2137 3650 2327 3712 utpote
2373 3657 2494 3712 qua:
2532 3643 2599 3698 ad
2644 3657 2828 3696 veram
2879 3641 3191 3699 libertatem
3235 3661 3336 3700 nos
3376 3655 3538 3702 vocat

262 3735 376 3806 (lib.
409 3737 484 3810 1);
534 3737 682 3792 istud
730 3745 912 3790 autem
966 3735 1346 3789 tantummodo
1389 3750 1488 3804 per
1538 3736 1769 3804 gratiam
1806 3734 2032 3798 Christi,
2064 3741 2120 3787 et
2170 3749 2280 3787 non
2326 3749 2426 3802 per
2465 3733 2640 3803 legem
2679 3733 2968 3788 Mosaicam
3019 3734 3228 3788 homini
3277 3736 3535 3804 possibile

261 3829 412 3883 reddi
451 3829 574 3900 (lib.
602 3844 637 3882 ιι
665 3836 720 3882 et
746 3825 848 3898 ιιι),
877 3825 1042 3881 simul
1080 3833 1260 3879 tamen
1301 3824 1510 3877 ﬁrmam
1545 3823 1785 3878 hominis
1815 3823 2138 3877 voluntatem
2173 3823 2450 3892 animique
2490 3821 2868 3877 fortitudinem
2903 3823 3110 3894 requiri
3135 3823 3252 3897 (lib.
3286 3842 3338 3879 ιγ
3373 3835 3428 3880 et
3457 3824 3531 3897 v).

262 3917 482 3974 Initium
526 3935 660 3973 vero
705 3927 761 3973 et
807 3918 1226 3972 fundamentum
1269 3917 1461 3971 salutis
1499 3916 1754 3971 humanae
1795 3915 1957 3971 docet
1989 3931 2108 3971 esse
2151 3915 2310 3984 [idem
2350 3915 2406 3969 in
2447 3931 2617 3970 unum
2649 3933 2842 3971 verum
2881 3919 3053 3973 Deum
3103 3934 3212 3973 una
3252 3934 3377 3973 cum
3415 3919 3537 3990 ejus

263 4011 537 4066 dilectione
564 4012 682 4080 (lib.
713 4009 810 4080 v1),
847 4011 935 4064 eui
969 4019 1116 4065 recte
1153 4009 1400 4080 adjungit
1437 4009 1787 4064 dilectionem
1823 4010 2078 4080 proximi,
2115 4025 2346 4078 eamque
2376 4009 2673 4078 plurimum
2697 4011 3042 4066 commendat
3073 4010 3170 4082 (lib
3217 4029 3288 4066 vn
3317 4021 3373 4066 et
3394 4011 3532 4083 vni).

261 4102 352 4158 His
384 4103 642 4158 decursis
676 4105 824 4174 leges
859 4104 926 4159 de
962 4103 1334 4167 tabernaculo,
1367 4103 1434 4156 de
1479 4102 1856 4156 sacerdotibus
1894 4110 2058 4172 atque
2099 4103 2281 4156 levitis
2326 4085 2670 4166 considerat;
2713 4117 2778 4155 ae
2821 4101 2997 4171 primo
3045 4102 3268 4170 quidem
3311 4109 3536 4156 cunctas

261 4193 402 4267 leges
439 4194 510 4249 ad
559 4195 974 4250 tabernaculum
1010 4195 1239 4264 ejusque
1276 4193 1456 4248 varias
1495 4202 1699 4263 partes,
1735 4209 1950 4258 necnon
1998 4194 2066 4248 ad
2121 4194 2588 4248 constructionem
2637 4202 2694 4248 et
2760 4194 3246 4248 sanetifieationem
3288 4193 3533 4262 ejusdem

259 4294 623 4362 pertinentes,
659 4292 726 4347 ad
767 4291 1062 4346 Ecclesium
1112 4289 1470 4345 Christianam
1516 4292 1744 4361 ejusque
1789 4289 2162 4344 institutiones
2205 4288 2371 4342 refert
2415 4289 2532 4359 (lib.
2574 4304 2627 4340 rx
2676 4300 2732 4342 et
2771 4286 2862 4357 x);
2910 4288 3036 4341 dein
3087 4302 3426 4356 quaecunque
3464 4287 3533 4342 de

264 4387 643 4442 sacerdotibus
677 4395 733 4442 et
765 4385 1051 4441 sacriﬁciis
1085 4385 1322 4455 antiqua:
1352 4385 1488 4455 legis
1525 4386 1819 4440 constituta
1856 4384 2092 4449 fuerant,
2128 4383 2183 4437 in
2225 4382 2530 4437 sacerdotio
2568 4382 2702 4436 Novi
2741 4381 2984 4435 Fmderis
3011 4381 3288 4450 implenda
3317 4381 3534 4452 egregie

263 4485 531 4532 monstrat
564 4477 684 4548 (lib.
713 4492 765 4529 xu
795 4484 851 4530 et
879 4473 996 4544 xu),
1028 4491 1149 4544 qua:
1182 4483 1364 4528 autem
1405 4473 1472 4528 de
1516 4473 1696 4528 levitis
1735 4473 1790 4527 in
1828 4474 1946 4543 lege
1981 4471 2154 4526 veteri
2191 4471 2578 4536 continentur,
2613 4471 2928 4542 singillatim
2968 4471 3202 4541 explicat
3236 4473 3304 4527 de
3343 4473 3410 4526 iis
3439 4474 3534 4542 qui

262 4568 448 4623 divino
487 4567 800 4622 ministerio
835 4567 891 4620 in
931 4567 1084 4620 Novo
1114 4565 1466 4618 Testamento
1497 4579 1554 4618 se
1593 4565 1974 4633 manciparunt
2017 4566 2137 4636 (lib.
2172 4563 2307 4635 xm).
2337 4563 2476 4617 Hinc
2507 4563 2572 4618 ad
2597 4573 2812 4617 emtum
2842 4561 3083 4618 ﬁdelium
3123 4580 3439 4633 conversus,
3468 4583 3536 4623 ex

261 4658 531 4712 munditia
579 4659 635 4711 in
681 4658 800 4728 lege
839 4657 968 4710 olim
1014 4656 1332 4725 praescripta
1375 4654 1558 4708 cordis
1606 4655 1840 4724 vitisque
1881 4657 2177 4725 puritatem
2217 4653 2474 4708 omnibus
2509 4653 2603 4723 qui
2647 4653 2703 4707 in
2744 4653 2976 4708 ecclesia
3015 4663 3141 4708 ante
3179 4669 3534 4726 conspectum

259 4749 474 4804 Domini
511 4749 762 4813 veniunt,
801 4747 1167 4801 necessariam
1209 4761 1329 4800 esse
1372 4745 1612 4800 ostendit
1646 4745 1762 4818 (lib.
1801 4744 1934 4817 xlv),
1974 4746 2247 4815 simulque
2288 4760 2355 4798 ex
2391 4745 2499 4798 ritu
2535 4744 2926 4800 sacrificiorum
2957 4746 3170 4800 Veteris
3204 4747 3534 4805 Testamenti

260 4841 503 4895 declarat
535 4857 645 4910 qua
677 4839 890 4893 ratione
923 4838 1086 4891 homo
1121 4841 1233 4906 per;
1262 4836 1544 4890 Christum
1585 4836 1640 4889 in
1674 4836 1792 4890 dies
1842 4836 2014 4906 magis
2053 4835 2374 4905 puriﬁcetur
2411 4843 2467 4890 et
2509 4834 2881 4889 sanctiﬁeetur
2919 4833 3038 4904 (lib.
3076 4833 3184 4904 xv).
3227 4835 3363 4891 Cum
3406 4857 3538 4896 vero

255 4935 484 5026 iustitiae
516 4933 785 5003 perfectio
823 4932 880 4984 in
922 4945 989 4986 eo
1031 4929 1316 4994 consistat,
1348 4938 1412 4983 ut
1452 4928 1616 4982 homo
1663 4929 2015 4998 semetipsum
2079 4928 2190 4983 Deo
2234 4928 2289 4982 in
2327 4929 2583 4982 omnibus
2624 4927 2857 4982 hostiam
2899 4926 3096 4991 vivam,
3129 4937 3392 4997 sanctam,
3424 4933 3538 4988 Deo

261 5016 570 5096 placentem
602 5023 817 5086 oﬂerat,
849 5022 995 5076 istud
1025 5036 1244 5091 quoque
1273 5036 1341 5074 ex
1367 5019 1741 5074 oblationibus
1785 5021 1922 5092 legis
1954 5020 2201 5075 Mosaicae,
2237 5036 2339 5076 nos
2375 5032 2522 5076 recte
2552 5021 2838 5074 instituere
2870 5016 3032 5070 docet
3061 5018 3180 5089 (lib.
3219 5022 3347 5095 xvi).
3378 5022 3535 5090 Quod

262 5119 306 5173 si
339 5119 506 5173 homo
544 5132 611 5172 ea
644 5115 858 5170 ratione
884 5115 1187 5169 Ecclesiam
1209 5113 1414 5168 Christi
1447 5113 1722 5185 ingressus
1755 5114 1922 5168 vitam
1954 5114 2074 5168 labe
2104 5130 2297 5184 puram
2324 5123 2486 5184 atque
2516 5111 2810 5182 perfectam
2836 5111 2948 5165 Deo
2971 5110 3256 5181 dicaverit,
3283 5118 3535 5172 mercede

262 5229 476 5269 summa
516 5215 762 5284 potietur
795 5211 851 5264 in
878 5218 1081 5265 aeterna
1110 5207 1470 5274 beatitudine,
1499 5225 1660 5279 quam
1689 5209 2001 5264 Judzeorum
2031 5211 2304 5265 solemnes
2329 5209 2653 5281 festivitates
2685 5222 2752 5260 ex
2780 5206 2874 5262 Dei
2909 5208 3190 5264 voluntate
3220 5209 3535 5282 praeﬁgura-

260 5307 398 5363 bant
429 5309 550 5379 (lib.
589 5307 742 5375 xvu).
771 5337 840 5345 —
873 5303 1286 5374 Amplissimum
1327 5303 1430 5356 hoc
1474 5318 1631 5372 opus,
1678 5303 1877 5375 insigni
1923 5304 2157 5375 quadam
2202 5312 2318 5358 arte
2363 5301 2709 5372 dispositum,
2742 5302 2941 5358 merito
2973 5314 3202 5360 vocatur
3242 5304 3534 5359 thesaurus

262 5398 674 5466 expositionum
709 5395 1122 5466 allegoriearum
1164 5400 1219 5447 et
1257 5393 1549 5447 veritatum
1593 5395 1884 5448 moralium
1928 5394 2029 5467 (Ξ),
2071 5411 2182 5464 quo
2223 5393 2479 5448 universa
2522 5393 2607 5446 lex
2651 5392 2882 5448 Mosaiea
2927 5410 3089 5450 sensu
3127 5397 3353 5468 mystico
3393 5396 3530 5450 scite

259 5493 593 5558 explicatur,
621 5501 678 5547 et
702 5491 828 5545 vita:
857 5486 1158 5558 spiritualis
1190 5501 1288 5556 per
1319 5487 1547 5556 gratiam
1574 5487 1778 5543 Christi
1813 5495 1947 5543 actae
1975 5487 2214 5552 initium,
2246 5485 2525 5556 profectus
2555 5500 2619 5540 ac
2650 5484 2774 5540 ﬁnis
2799 5486 3148 5543 describitur.

338 5629 413 5701 (l)
454 5630 536 5685 Ex
565 5627 1480 5701 [nstitrttionibuafatrologiafjos.
1513 5627 1744 5701 Fessler.
1780 5627 2091 5700 OEniponte
2121 5627 2278 5695 1851,
2313 5627 2368 5682 in
2399 5626 2472 5695 8“,
2511 5635 2642 5682 tom.
2676 5627 2740 5693 ll,
2773 5643 2826 5696 p.
2858 5626 2978 5682 558.

333 5697 412 5767 (2)
454 5701 532 5755 lta
567 5699 884 5763 Tillemont,
915 5712 966 5765 p.
993 5697 1114 5762 67l,
1148 5707 1202 5753 et
1227 5698 1466 5758 Ceillier,
1500 5714 1552 5770 p.
1583 5698 1706 5752 254.
1925 5697 1944 5700 ’
2105 5741 2108 5744 .
