3998 6304
1447 406 1622 413 ..__._

963 273 1050 328 DE
1091 272 1530 331 ADORATIONE
1572 277 1636 331 IN
1677 278 1946 337 SPIRITU
1986 281 2076 336 ET
2118 283 2466 340 VERITATE
2505 287 2632 341 LIB.
2676 287 2716 340 l.
3357 291 3460 344 1M

420 401 1434 430 MM
1441 406 2236 418 ...ῳ-,Ἠ

937 587 1163 672 ΤΟΥ
1237 591 1381 674 ΕΝ
1455 589 1820 676 ΛΓΙΟΙΣ
1893 592 2328 680 ΠΛΤΡΟΣ
2403 593 2733 684 ΗΜΩΝ

1121 1100 1836 1158 ΔΡΧῘΕΠῘΣΚΟΠΟΥ
1897 1101 2567 1172 ΑΛΕΞΑΝΔΡΕῙΑΣ,

1719 1293 1828 1330 ΠΕΡΙ
1873 1295 1960 1330 ’[1ιῖ

538 1453 688 1541 ΕΝ
761 1450 1347 1545 ΠΝΕΥΜΑΤΙ
1420 1449 1616 1542 ΚΑΙ
1690 1447 2186 1576 ΑΛΗΘΕΙᾼ
2260 1458 3152 1548 ΠΡΟΣΚΥΝΗΣΕΩΣ

1538 1745 1541 1747 _
1579 1680 1702 1733 ΚΑΙ
1739 1680 2102 1734 ΛΑΤΡΕΙΛΣ.

1101 1867 1707 1990 ΛΟΓΟΣ

1843 1877 2551 1993 ΠΡΩΤΟΣ

927 2265 1086 2422 S.
1219 2273 1392 2420 P.
1529 2241 1728 2422 Ν.
1877 2264 2750 2458 CYRILLI

1313 2579 1779 2642 ALEXANDRLE
1814 2577 2353 2648 ARCHIEPISCOPI,

208 2757 353 2848 DE
411 2752 1194 2850 ADORATIONE
1254 2751 1408 2844 ET
1481 2753 1871 2844 CULTU
1927 2754 2052 2843 IN
2100 2755 2590 2846 SPIRITU
2635 2738 2788 2846 ET
2842 2722 3468 2851 VERITATE'

1289 2990 1704 3105 LIBER
1785 2988 2360 3108 PRIMUS.

203 3383 352 3464 Περὶ
362 3382 474 3452 τῆς
503 3383 590 3464 είς
623 3382 972 3464 φαυλιξτηζα
999 3379 1106 3434 τοῦ
1123 3377 1456 3464 ρνθρώεξου
1495 3394 1784 3464 πᾳρατροτ

1905 3385 1934 3454 ι
1967 3384 2045 3439 De
2100 3385 2252 3464 lapsu
2289 3385 2510 3464 nominis
2603 3385 2748 3448 vitia,
2773 3389 2821 3464 et
2841 3384 2901 3436 de
2919 3385 3218 3464 captivitate
3239 3391 3459 3456 peccati,

271 3448 562 3521 ὲιῆςζοιαὶ
597 3448 1042 3521 αἰχμαλωσίας,
1075 3448 1186 3521 τῆς
1218 3452 1305 3516 εἰς
1334 3448 1646 3521 ἁμαρτίὰν,
1681 3448 1779 3506 kal

265 3519 414 3593 ὁμὸῦ
451 3523 588 3591 περὶ
623 3519 898 3593 κλήσεως
935 3520 1033 3593 καὶ
1072 3519 1460 3593 ἐπιστροφῆς,
1490 3521 1599 3593 τῆς
1632 3521 1783 3593 κατὰ

266 3588 668 3663 μετάγνώσιν,
701 3589 928 3659 καὶτῆς
947 3591 1034 3654 είς
1059 3590 1125 3643 τὸ
1150 3588 1397 3658 ἄμεινον
1415 3590 1778 3660 ἀναδρομῆς.

271 3707 370 3758 Ποῖ
414 3704 481 3775 δὴ
515 3704 610 3758 καὶ
650 3700 814 3755 πόθεν
843 3700 1062 3772 ἔρεσθαι
1097 3699 1196 3770 μὲν
1220 3699 1313 3770 δὴ,
1354 3701 1604 3771 περιττὸν
1632 3697 1782 3770 οἶμαί

204 3812 326 3849 που.
353 3794 526 3865 Φαίης
559 3793 668 3865 γὰρ
705 3792 790 3858 ἂν,
825 3786 883 3845 εὖ
924 3789 1020 3845 οἷδ’
1051 3791 1134 3844 ὅτι
1157 3831 1173 3859 ,
1206 3790 1478 3862 μελλήσας
1507 3792 1679 3859 οὐδὲν,
1707 3793 1782 3856 ὡς

204 3888 410 3942 οἴκοθέν
439 3904 502 3941 τε
533 3889 625 3942 καὶ
649 3886 724 3950 ὡς
756 3886 926 3956 ἡμᾶς.
1480 3899 1488 3906 '

275 3977 685 4034 ΠΑΛΛΑΔΙΟΣ.
738 3976 981 4047 Ἀληθές.

271 4069 642 4125 ΚΥΡΙΛΛΟΣ.
678 4068 892 4123 Δέλτιον
920 4067 978 4120 δὲ
1009 4064 1072 4136 δή
1106 4082 1188 4119 σοι
1216 4065 1369 4119 τουτὶ
1399 4065 1461 4120 τὸ
1490 4067 1548 4120 ὲν
1582 4067 1778 4137 χεροῖν,

205 4162 342 4229 ὃτι;

273 4257 486 4311 ΠΑΛΛ.
545 4255 736 4317 Βίϐλος
785 4251 1164 4324 Εὐαγγελικὴ,
1223 4251 1503 4308 Ματθαίου
1569 4268 1630 4305 τε
1689 4251 1783 4305 καὶ

217 4349 461 4403 Ἰωάννου
490 4347 801 4418 συγγραφή.

274 4443 440 4496 ΚΥΡ.
473 4441 589 4494 Οἴει
616 4441 671 4493 δὲ
701 4440 870 4509 αὐτὴν
895 4439 1018 4492 ὅποι
1038 4437 1215 4491 τεκαὶ
1237 4436 1344 4506 ὅτῳ
1372 4433 1783 4505 διακομίζεσθαι

205 4538 348 4602 δεῖνς
380 4536 458 4588 Οὐ
491 4534 600 4604 γάρ
631 4551 733 4586 που
776 4531 995 4603 θυραῖός
1021 4548 1086 4599 γε
1122 4529 1214 4583 ἰὼν
1245 4528 1590 4598 ὲκμελετῴης
1623 4527 1710 4590 ἂν,
1737 4519 1782 4580 ὦ

205 4629 491 4684 ΙΙειλλάδιε.
522 4627 681 4681 Πόνοι
708 4643 769 4679 τε
795 4625 993 4697 μᾶλλον
1018 4625 1066 4676 οἱ
1094 4623 1188 4675 ἐπὶ
1219 4620 1356 4691 τῷδε
1385 4620 1622 4689 γλυκεῖς,
1645 4618 1782 4672 οἴκοι

201 4737 256 4772 τε
285 4719 384 4772 καὶ
415 4719 473 4771 ὲν
512 4717 698 4788 σχολῇ.
951 4721 960 4730 ’

275 4893 488 4946 HAAA.
528 4887 601 4946 Εὖ
631 4891 830 4960 λέγεις.
874 4886 1284 4957 Ἐντευξόμενος
1319 4884 1376 4938 δὲ
1411 4883 1650 4954 ἀφῖγμαι
1685 4900 1786 4937 σοι.

206 4988 317 5041 Καὶ
347 4988 535 5041 δέλτον
575 4986 694 5054 ἄγω
726 4983 824 5055 τὴν
860 4981 1029 5053 ἱεράνο
1080 4979 1247 5050 μυρία
1278 4977 1387 5048 γὰρ
1415 4978 1514 5031 ὅσα
1551 4994 1789 5048 πεπονη-

208 5079 340 5144 κὼς,
373 5078 526 5132 οὐδὲν
559 5079 588 5132 ὃ
620 5095 672 5130 τι
710 5076 910 5147 μᾶλλον
939 5073 1048 5145 ἔχω
1075 5074 1213 5126 νοεῖν
1245 5070 1297 5123 τί
1327 5071 1393 5123 ἂν
1423 5070 1633 5138 γένοιτο
1654 5072 1671 5092 ¹
1692 5069 1789 5139 δη-

206 5173 332 5228 λοῦν
371 5175 400 5226 ὁ
453 5170 660 5243 Κύριος
697 5169 854 5241 ἡμῶν
907 5165 1110 5239 Ἰησοῦς
1151 5161 1422 5235 Χριστὸς,
1457 5161 1549 5213 ἐπὶ
1585 5161 1683 5231 μὲν
1711 5160 1789 5233 τῷ

206 5264 490 5335 Ματθαίῳ,
510 5263 707 5332 λέγων’
743 5281 764 5314 ‹
793 5261 886 5332 Μὴ
902 5259 1162 5331 νομίσητε
1191 5259 1272 5311 ὅτι
1295 5251 1458 5327 ἦλθον
1485 5254 1788 5310 καταλῦσαι

204 5359 296 5413 τὸν
325 5359 507 5429 νόμον,
541 5356 574 5427 ἢ
609 5357 738 5419 τοὺς
778 5357 1081 5428 προφήτας.
1113 5353 1228 5405 Οὐκ
1259 5347 1422 5421 ἦλθον
1455 5347 1787 5417 καταλῦσαι,

208 5451 343 5504 ἀλλὰ
371 5451 679 5524 πληρῶσαι.
726 5449 896 5520 Ἀμὴν
926 5447 1036 5519 γὰρ
1065 5445 1208 5513 λέγω
1241 5444 1388 5514 ὑμῖνο
1418 5443 1522 5506 ἕως
1556 5442 1622 5496 ἂν
1647 5459 1790 5516 παρ-

208 5541 336 5614 έλθῃ
367 5545 394 5597 ὁ
419 5541 653 5615 οὐρανὸς
687 5539 781 5593 καὶ
811 5541 844 5610 ἡ
877 5539 972 5610 γῆ,
1001 5537 1134 5592 ιῶτα
1175 5535 1254 5604 ἓν,
1293 5534 1327 5605 ἦ
1366 5533 1465 5604 μία
1502 5532 1701 5604 κεραία
1725 5533 1786 5588 οὐ

277 5658 296 5680 ⁹
313 5659 452 5734 Lege
483 5657 752 5731 βούλοιτο.
779 5655 932 5712 Enn.

1956 3472 2020 3507 ac
2070 3453 2233 3526 simul
2287 3454 2356 3526 de,
2398 3455 2688 3526 vocqtione,
2745 3460 2903 3522 atque
2957 3453 3291 3526 conversione
3342 3453 3458 3526 qua}

1953 3540 2048 3593 per
2083 3524 2450 3593 paenitentiam
2487 3522 2571 3592 ﬁt,
2614 3530 2664 3576 et
2704 3538 2924 3576 recursu
2962 3525 3032 3578 ad
3067 3522 3457 3582 meliorem'vi-

1955 3600 2088 3646 tam.

1953 3703 2200 3770 Quonam
2261 3711 2356 3759 aut
2410 3704 2554 3760 unde
2607 3707 2942 3775 percontari,
2990 3720 3455 3778 supervacaneum

1883 3796 2082 3866 Opinor
2126 3796 2314 3852 fuerit.
2355 3797 2516 3852 Dices
2543 3798 2713 3865 enim,
2755 3807 2840 3853 sat
2867 3800 3003 3867 scio,
3038 3800 3179 3855 nihil
3233 3810 3456 3857 cuncta-

1883 3896 1993 3952 tus,
2029 3896 2082 3942 te
2111 3888 2296 3954 domo,
2323 3896 2378 3942 et
2407 3889 2474 3943 ad
2502 3905 2623 3945 nos.

1953 3976 2357 4033 PALLADIUS.
2388 3979 2468 4033 Ita
2495 3987 2598 4034 est.

1952 4066 2312 4124 CYRILLUS.
2357 4067 2492 4134 Quis
2530 4085 2662 4125 vero
2709 4070 2854 4125 liber
2900 4069 3007 4124 iste
3051 4075 3156 4134 est,
3187 4085 3352 4140 quem
3396 4070 3454 4126 in

1885 4161 2140 4214 manibus
2171 4160 2340 4214 habes
2365 4160 2388 4212 ?

1955 4251 2151 4306 PALL.
2208 4252 2376 4305 Liber
2404 4253 2754 4321 evangelicus
2777 4292 2791 4318 ,
2825 4267 2858 4305 a
2889 4252 3144 4306 Matthaao
3170 4267 3368 4323 nempe
3400 4261 3455 4308 et

1885 4342 2096 4398 Joanne
2135 4343 2503 4411 conscriptus.

1957 4435 2008 4503 2
2038 4433 2196 4490 CYR.
2234 4434 2471 4489 Putasne
2498 4447 2632 4487 vero
2680 4437 2826 4488 hunc
2859 4445 3186 4505 quocunque
3216 4436 3453 4491 circum-

1888 4526 2178 4582 ferendum
2203 4541 2344 4592 esse,
2377 4533 2435 4582 et
2465 4526 2776 4596 cuicunque
2799 4527 2821 4580 ?
2844 4527 3032 4598 Neque
3061 4528 3207 4582 enim
3238 4543 3268 4584 e
3319 4527 3454 4583 fori-

1883 4621 1989 4675 bus
2013 4636 2268 4692 egressus
2309 4619 2366 4674 in
2422 4619 2619 4673 itinere
2665 4619 3009 4673 meditationi
3048 4621 3333 4677 commode
3359 4638 3455 4676 va-

1817 4741 1859 4795 B
1886 4728 2010 4768 care
2036 4721 2214 4783 potes,
2239 4711 2468 4768 Palladi.
2503 4709 2642 4765 Sunt
2691 4727 2820 4766 vero
2858 4710 3173 4782 hujusmodi
3238 4713 3456 4768 labores

1887 4803 2035 4859 domi
2061 4813 2116 4858 et
2147 4804 2203 4858 in
2233 4803 2348 4857 otio
2375 4817 2590 4858 suaves.

1956 4893 2154 4949 PALL.
2186 4894 2355 4948 Recte
2383 4893 2484 4948 ais.
2528 4892 2823 4960 Caeterum,
2857 4901 2916 4946 ut
2947 4900 3124 4946 tecum
3180 4891 3458 4961 colloque-

1885 4999 1995 5049 rer,
2022 4984 2167 5038 veni.
2203 4983 2426 5039 Librum
2446 5000 2610 5055 porro
2635 4986 2783 5039 hunc
2809 4997 3022 5038 sacrum
3047 4982 3248 5049 affero;
3284 4983 3452 5053 quod,

1886 5092 2012 5131 cum
2049 5076 2144 5130 diu
2175 5077 2522 5147 multumque
2558 5076 2874 5140 laborarim,
2926 5075 3079 5129 nulla
3133 5083 3314 5131 tamen
3363 5093 3454 5130 ra—

1888 5168 2034 5223 tione
2068 5170 2286 5239 assequi
2321 5169 2478 5239 potui
2536 5168 2670 5238 quid
2717 5166 2956 5221 voluerit
2992 5165 3300 5237 signiﬁcare
3343 5167 3454 5222 Do-

1886 5261 2069 5316 minus
2101 5271 2288 5316 noster
2307 5262 2468 5317 Jesus
2493 5260 2750 5316 Christus
2781 5259 2926 5329 apud
2954 5258 3294 5325 Matthaaum,
3327 5275 3453 5313 cum

1886 5351 2022 5406 dicit
2067 5369 2080 5404 :
2150 5375 2166 5402 ι
2193 5353 2372 5406 Nolite
2427 5359 2622 5422 putare
2660 5350 2923 5421 quoniam
2963 5352 3089 5407 veni
3124 5351 3337 5405 solvere
3371 5350 3454 5403 le-

1886 5457 2007 5513 gem
2033 5451 2130 5498 aut
2177 5445 2490 5514 prephetas.
2531 5443 2652 5500 Non
2695 5445 2819 5500 veni
2861 5445 3114 5510 solvere,
3152 5442 3246 5498 sed
3276 5441 3454 5495 adim-

1887 5535 2057 5605 plere.
2092 5536 2265 5592 Ameu
2288 5537 2491 5608 quippe
2519 5537 2644 5594 dico
2671 5538 2852 5607 vobis,
2878 5537 3056 5594 donec
3085 5542 3327 5591 transeat
3343 5549 3453 5591 caa-
