3998 6304
523 275 625 333 135

1474 341 1479 347 1
1553 269 1610 326 S.
1651 267 1926 327 CYRILLI
1963 267 2434 324 ALEXANDBINI
2473 266 2793 324 ARCHIEP.

3688 268 3790 327 156

521 394 637 450 lum
668 400 723 446 et
743 400 911 452 terra,
968 390 1060 444 ota
1090 401 1263 442 unum
1303 395 1398 442 aut
1421 403 1566 444 unus
1615 405 1755 460 apex
1810 405 1921 444 non
1955 404 2093 460 pra:-

2208 389 2282 460 μὴ
2304 387 2549 461 παρέλθῃ
2573 385 2682 440 ἀπὸ
2708 384 2803 440 τοῦ
2843 384 3030 456 νόμου,
3058 383 3164 450 ἕως
3193 384 3260 439 ἂν
3282 383 3460 440 πάντα
3483 383 3730 453 γένηται.
3762 406 3784 439 ο

521 482 712 540 teribit
744 482 940 553 alege,
978 481 1156 535 donec
1210 481 1398 534 omnia
1440 480 1574 535 ﬁant
1610 483 1650 534 ¹.
1693 501 1711 532 ›
1761 481 1823 535 In
1880 480 2105 536 Joannis

520 582 785 645 praeterea
806 556 1088 628 volumine
1115 572 1182 626 ad
1199 573 1486 627 mulierem
1505 571 1929 627 Samaritanam:
1957 572 2104 625 «Mu-

517 666 640 730 lier,
679 664 846 719 crede
874 663 1032 729 mihi,
1073 662 1203 732 quia
1257 663 1412 717 venit
1465 661 1620 726 hora,
1669 661 1888 731 quando
1925 675 2104 729 neque

516 756 574 809 in
608 763 794 810 monte
821 756 946 819 hoc,
1005 768 1185 824 neque
1221 753 1615 824 Hierosolymis
1655 752 1959 806 adorabitis
2004 752 2106 805 Pa-

520 855 678 902 trem.
716 847 827 902 Vos
856 845 1099 900 adoratis
1151 845 1299 915 quod
1353 845 1763 909 nescitisynos
1813 843 2104 897 adoramus

517 939 665 1009 quod
701 939 936 1004 scimus;
978 937 1109 1007 quia
1143 937 1292 991 salus
1319 951 1389 992 ex
1425 935 1632 992 Judaeis
1679 943 1784 989 est.
1819 935 1926 989 Sed
1952 935 2104 989 venit

517 1029 674 1094 hora,
711 1040 767 1085 et
793 1044 941 1084 nunc
968 1037 1072 1094 est,
1111 1028 1332 1098 quando
1363 1028 1482 1082 veri
1530 1027 1854 1082 adoratores
1903 1025 2101 1081 adora-

518 1123 657 1178 bunt
682 1124 898 1178 Patrem
943 1123 1000 1176 in
1050 1121 1250 1191 spiritu
1279 1129 1336 1176 et
1373 1119 1632 1176 veritate.
1665 1119 1802 1174 Nam
1846 1126 1902 1172 et
1943 1119 2103 1172 Pater

521 1214 656 1268 tales
675 1214 902 1283 quaerit,
931 1212 1027 1280 qui
1062 1212 1302 1266 adorent
1345 1226 1493 1265 eum.
1534 1208 1774 1278 Spiritus
1800 1217 1885 1262 est
1931 1209 2096 1273 Deus,

517 1307 574 1353 et
613 1313 711 1354 eos
769 1299 864 1368 qui
923 1298 1160 1352 adorant
1219 1314 1367 1364 eum,
1402 1298 1460 1352 in
1522 1297 1720 1367 spiritu
1783 1304 1839 1352 et
1869 1297 2099 1351 veritate

517 1399 737 1459 oportet
765 1389 996 1444 adorare
1027 1391 1070 1442 ¹.
1102 1408 1120 1441 ι

585 1481 744 1536 CYR.
770 1480 912 1547 Quid
944 1495 1078 1535 vero
1120 1479 1221 1534 tibi
1259 1479 1316 1533 in
1366 1480 1454 1535 his
1497 1479 1682 1535 verbis
1709 1494 1830 1534 esse
1865 1477 2099 1532 arduum

515 1570 760 1638 videtur,
802 1571 936 1640 quid
968 1571 1266 1625 obscurum
1295 1578 1352 1625 et
1389 1571 1670 1626 intellectu
1701 1569 1957 1624 difﬁcile?
1985 1568 2094 1635 dic,

515 1676 650 1732 rogo
677 1671 749 1716 te.

2219 481 2310 534 Ἐν
2337 479 2394 533 δέ
2422 497 2485 549 γε
2511 481 2578 550 τῇ
2607 477 2747 532 κατὰ
2770 477 2860 532 τὸν
2901 476 3154 546 Ἰωάννην
3184 479 3500 549 συγγραφῇ,
3529 479 3665 550 πρὸς
3689 480 3792 552 τὴν

2207 572 2272 624 ἐκ
2295 571 2396 641 τῆς
2431 569 2745 641 Σαμαρείας
2769 570 3020 638 γυναῖκαο
3053 586 3071 619 ι
3101 569 3330 622 Πίστευέ
3357 587 3467 640 μοι,
3498 570 3676 639 γύναι,
3707 574 3792 628 61.

2207 663 2424 733 ἔρχεται
2476 661 2616 734 ὥρα,
2666 664 2754 716 ὅτε
2793 661 2915 714 οὔτε
2953 663 3010 715 ἐν
3055 661 3134 732 τῷ
3165 661 3284 732 ὄρει
3324 662 3498 733 τούτῳ
3521 703 3536 728 ,
3575 663 3700 718 οὒτε
3731 667 3794 720 ἐν

2217 753 2606 825 Ἰεροσολύμοις
2629 754 3033 826 προσκυνήσετε
3059 754 3136 825 τῷ
3165 755 3365 825 Πατρί.
3403 754 3592 825 Ὑμεῖς
3622 773 3792 828 προσ-

2205 846 2419 898 κυνεῖτε
2462 844 2490 897 ὃ
2520 844 2619 897 οὐκ
2643 843 2842 896 οἴδατε·
2862 845 3024 914 ἡμεῖς
3051 844 3463 916 προσκυνοῦμεν
3487 846 3516 898 ὃ
3541 846 3786 918 οἴδαμεν,

2205 935 2286 987 ὅτι
2310 936 2342 1005 ή
2369 935 2611 1006 σωτηρία
2640 935 2705 988 ἐκ
2733 935 2839 987 τῶν
2878 934 3149 991 Ἰουδαίων
3175 937 3342 990 ἐστίν.
3378 937 3539 991 Ἀλλὰ
3567 938 3788 1010 ἔρχεται

2203 1025 2354 1096 ώρα,
2391 1027 2485 1080 καὶ
2530 1027 2626 1080 νῦν
2668 1028 2837 1094 ἐστιν,
2884 1029 2978 1081 ὅτε
3013 1030 3060 1081 οί
3113 1029 3358 1099 ἀληθινοὶ
3413 1032 3791 1103 προσκυνηταὶ

2204 1119 2636 1190 προσκυνήσουσι
2667 1119 2745 1190 τῷ
2788 1121 2964 1192 Πατρὶ
3009 1122 3067 1175 ἐν
3104 1121 3375 1193 πνεύματι
3407 1125 3502 1178 καὶ
3532 1125 3786 1197 ἀληθείᾳ.

2203 1210 2315 1262 Καὶ
2339 1211 2447 1280 γάρ
2473 1212 2501 1263 6
2533 1210 2722 1282 Πατὴρ
2742 1211 3016 1276 τοιούτους
3037 1212 3188 1284 ζητεῖ
3201 1216 3329 1280 τοὺς
3349 1218 3789 1288 προσκυνοῦντας

2202 1301 2384 1355 αὐτόν.
2411 1302 2636 1374 Πνεῦμα
2655 1307 2682 1357 6
2703 1303 2854 1369 Θεὸς,
2882 1306 2977 1358 καὶ
2999 1308 3126 1371 τοὺς
3146 1307 3582 1379 προσκυνοῦντας
3600 1311 3784 1379 αὐτὸν,

2200 1393 2257 1446 ἐν
2284 1393 2553 1464 πνεύματι
2587 1395 2681 1447 καὶ
2707 1398 2773 1467 τῇ
2805 1396 3032 1468 ἀληθείᾳ
3055 1397 3134 1450 δεῖ
3159 1402 3504 1471 προσκυνεῖν.
3547 1421 3565 1454 ι

2269 1483 2433 1538 ΚΥΡ.
2467 1481 2599 1538 Εἶτα
2634 1486 2687 1539 τί
2721 1486 2780 1539 τὸ
2810 1487 3038 1551 ἄναντες
3082 1485 3222 1543 εἷναί
3253 1508 3334 1545 σοι
3366 1492 3574 1559 δοκοῦν,
3615 1495 3692 1558 ὡς
3725 1493 3784 1550 ἔν

2199 1592 2262 1644 γε
2294 1575 2356 1648 δὴ
2399 1576 2652 1644 τούτοις;
2688 1579 2753 1633 Τί
2784 1579 2840 1633 δὲ
2883 1581 2948 1651 δὴ
2991 1581 3052 1636 τὸ
3099 1581 3235 1652 βαθὺ
3278 1584 3373 1638 καὶ
3421 1585 3780 1655 δυσέφικτον;

2201 1668 2444 1739 ἐρομένῳ
2470 1669 2698 1740 φράσον.
3505 1656 3524 1686 κ

586 1755 787 1810 PALL.
850 1755 896 1810 A
944 1757 1230 1813 veteribus
1279 1757 1502 1828 quidem
1553 1757 1753 1812 ritibus
1791 1755 2093 1822 discedere,

2275 1758 2481 1811 ΠΑΛΛ.
2533 1758 2702 1812 Ὲθῶν
2744 1760 2843 1830 μὲν
2880 1762 2990 1816 τῶν
3036 1762 3406 1836 ἀρχαιοτέρων
3456 1766 3785 1840 ἀποφοιτᾷν,

513 1855 570 1902 et
604 1847 674 1902 ab
709 1864 773 1902 ea
813 1865 934 1918 quae
979 1849 1282 1904 secundum
1325 1850 1526 1919 Legem
1579 1858 1665 1902 est
1710 1849 1927 1919 justitia
1977 1863 2098 1902 ces-

514 1953 658 2005 sare,
699 1955 868 1994 sacrae
894 1940 1057 1994 nobis
1088 1940 1314 1995 Litterae
1347 1939 1696 2010 praecipiunt.
1729 1939 1801 1994 lis
1826 1939 1973 1993 enim
2003 1938 2097 2008 qui

513 2035 571 2090 in
600 2050 721 2090 eam
756 2036 922 2090 etiam
976 2047 1101 2106 post
1133 2047 1453 2107 perceptam
1513 2036 1676 2091 fidem
1734 2036 2094 2101 inclinabant,

513 2125 718 2180 Paulus
751 2125 976 2180 dicebat
1003 2143 1014 2178 :
1059 2144 1076 2177 ι
1103 2127 1369 2182 Evacuati
1408 2127 1546 2182 estis
1575 2142 1607 2180 a
1635 2125 1882 2192 Christo,
1915 2127 2009 2196 qui
2040 2126 2096 2180 in

512 2213 653 2286 Lege
702 2215 1106 2286 justificamini,
1138 2232 1168 2271 a
1214 2217 1390 2288 gratia
1442 2218 1743 2274 excidistis.
1784 2218 1896 2272 Nos
1947 2218 2096 2273 enim

509 2306 710 2375 spiritu
740 2323 806 2362 ex
847 2306 954 2362 ﬁde
984 2323 1137 2377 spem
1164 2309 1392 2378 justitia}
1419 2317 1803 2380 exspectamus
1842 2309 1881 2362 ³.
1911 2327 1928 2359 ι
1958 2307 2096 2364 Cum

509 2413 640 2452 vero
667 2399 738 2454 ob
771 2398 938 2452 vitam
970 2402 1274 2454 secundum
1305 2400 1509 2469 Legem
1545 2401 1852 2455 institutam
1875 2417 2098 2471 magnas

511 2489 675 2543 licere
730 2504 933 2559 easque
972 2491 1266 2560 praeclaras
1319 2491 1526 2546 habere
1579 2491 1853 2562 gloriandi
1903 2507 2097 2547 causas

509 2580 786 2646 ostendat,
848 2583 925 2634 ait
958 2599 1190 2637 rursus:
1237 2583 1407 2650 «Quae
1446 2583 1584 2637 mihi
1639 2583 1868 2640 fuerunt
1917 2585 2090 2651 lucra,

509 2673 627 2730 haec
656 2673 962 2730 arbitratus
994 2691 1116 2730 sum
1147 2683 1377 2746 prOptcr
1416 2676 1697 2732 Christum
1740 2678 2090 2735 detrimenta.

513 2768 714 2825 Verum
759 2767 925 2822 etiam
974 2769 1229 2824 existimo
1270 2769 1453 2823 omnia
1511 2769 1904 2825 detrimentum
1971 2787 2093 2826 esse

509 2866 733 2927 propter
785 2859 1123 2914 eminentem
1178 2859 1466 2915 scientiam
1517 2860 1737 2914 Domini
1804 2861 1912 2916 mei
1961 2861 2092 2917 Jesu

507 2947 735 3012 Christi,
781 2958 1010 3020 pr0pter
1030 2966 1194 3020 quem
1225 2951 1473 3004 omnium
1520 2950 1916 3006 detrimentum
1961 2953 2088 3018 feci,

507 3052 564 3095 et
594 3042 836 3096 arbitror
866 3051 1132 3109 stercora,
1174 3051 1235 3098 ut
1293 3041 1575 3098 Christum
1616 3043 1982 3111 lucrifaciam,
2037 3053 2092 3100 et

2201 1850 2295 1902 καὶ
2325 1851 2422 1920 τῆς
2469 1851 2527 1904 ἐν
2567 1850 2736 1920 Νόμῳ
2759 1852 3105 1923 δικαιοσύνης
3151 1855 3453 1927 καταλῆξαι
3495 1858 3606 1913 δεῖν
3638 1860 3788 1932 ἱερὸς

2200 1940 2331 2008 ἡμῖν
2360 1939 2638 1994 ἐπιτάττει
2666 1941 2841 2010 λόγος.
2887 1945 3030 2015 Ἔφη
3065 1944 3122 1997 δὲ
3140 1947 3167 2000 6
3196 1947 3406 2010 Παῦλος
3438 1949 3550 2012 τοῖς
3577 1949 3787 2022 ταύτης

2199 2027 2507 2098 ἐφιεμένοις
2538 2029 2633 2082 καὶ
2666 2030 2806 2100 μετὰ
2824 2030 2921 2102 τὴν
2947 2033 3149 2086 πίστινο
3189 2054 3207 2086 ι
3243 2036 3642 2109 Κατηργήθητε
3674 2041 3786 2094 ἀπὸ

2198 2118 2289 2172 τοῦ
2324 2119 2584 2191 Χριστοῦ,
2615 2121 2809 2183 οἵτινες
2839 2122 2897 2176 ὲν
2929 2123 3098 2194 Νόμῳ
3130 2123 3439 2180 δικαιοῦσθε
3459 2167 3474 2192 ,
3504 2129 3604 2199 τῆς
3627 2131 3787 2202 χάρι-

2195 2227 2288 2274 τος
2335 2211 2650 2278 ἐξεπέσατε.
2711 2213 2899 2283 Ἡμεῖς
2946 2213 3055 2284 γὰρ
3105 2215 3378 2286 πνεύματι
3423 2218 3489 2270 ἐκ
3544 2220 3788 2286 πίστεως

2197 2299 2386 2354 ἐλπίδα
2415 2301 2760 2375 δικαιοσύνης
2783 2303 3211 2374 ἀπεκδεχόμεθα.
3243 2324 3261 2356 ι
3296 2306 3575 2371 Πολιτείας
3600 2309 3658 2362 δὲ
3682 2308 3790 2379 τῆς

2197 2392 2338 2445 κατὰ
2365 2393 2456 2446 τὸν
2482 2394 2685 2464 Νόμον,
2709 2393 2802 2446 καί
2817 2411 2894 2446 τοι
2919 2393 3145 2465 λαμπρὰ
3169 2396 3264 2449 καὶ
3289 2397 3497 2467 μεγάλα
3517 2400 3786 2455 δεικνύων

2197 2486 2326 2556 ἡμῖν
2364 2487 2448 2554 ἐφ’
2479 2485 2653 2556 ἑαυτῷ
2675 2485 2744 2539 τὰ
2771 2486 3085 2558 αὐχήματα,
3114 2487 3274 2543 πάλιν
3296 2491 3480 2560 φησίν
3527 2511 3547 2544 ‹
3586 2494 3788 2548 ’Δτινα

2193 2571 2262 2648 ἦν
2295 2595 2382 2648 μοι
2407 2577 2593 2649 κέρδη,
2619 2577 2793 2632 ταῦτα
2816 2578 3031 2650 ἥγημαι
3059 2579 3148 2634 διὰ
3175 2581 3266 2633 τὸν
3293 2583 3528 2652 Χριστὸν
3552 2583 3782 2656 ζημίαν.

2208 2669 2366 2722 Ἀλλά
2398 2669 2661 2741 μενοῦνγε
2694 2672 2786 2725 καὶ
2816 2672 3057 2741 ήγοῦμαι
3105 2672 3172 2725 τὰ
3219 2673 3397 2727 πάντα
3431 2675 3652 2746 ζημίαν,
3688 2678 3786 2734 διὰ

2192 2761 2252 2816 τὸ
2290 2762 2553 2834 ὑπερέχον
2583 2763 2684 2833 τῆς
2729 2763 2982 2832 γνώσεως
3013 2767 3106 2819 τοῦ
3139 2767 3345 2839 Κυρίου
3385 2770 3541 2840 ήμῶν
3603 2770 3786 2843 Ἰησοῦ

2192 2852 2451 2924 Χριστοῦ,
2496 2853 2562 2906 δι’
2602 2853 2662 2908 δν
2703 2855 2772 2909 τὰ
2820 2855 2998 2909 πάντα
3035 2855 3372 2929 ἐζημιώθην,
3404 2860 3496 2913 καὶ
3535 2861 3781 2931 ἠγοῦμαι

2195 2943 2437 2998 σκύϐαλα
2467 2941 2628 3013 εἶναι,
2661 2945 2750 3001 ἴνα
2780 2947 3015 3017 Χριστὸν
3054 2948 3326 3020 κερδήσω,
3357 2951 3449 3004 καὶ
3479 2952 3685 3023 εὑρεθῶ
3713 2956 3777 3006 ἐν

2193 3036 2341 3108 αὐτῷ
2366 3037 2440 3108 μὴ
2457 3036 2595 3108 ἔχων
2617 3037 2756 3110 ἐμὴν
2780 3038 3148 3113 δικαιοσύνην,
3180 3040 3280 3112 τὴν
3307 3043 3372 3096 ἐκ
3398 3043 3606 3112 Νόμου,
3638 3045 3783 3100 ἀλλὰ

507 3130 758 3186 inveniar
785 3133 844 3186 in
867 3133 988 3203 ipso
1028 3150 1138 3189 non
1192 3135 1404 3191 habens
1447 3138 1933 3210 meamjustitiam,
1969 3153 2091 3208 quae

2200 3130 2294 3201 τὴν
2318 3131 2381 3183 ἐκ
2406 3131 2642 3194 πίστεως
2689 3131 2949 3203 Χριστοῦ,
2973 3134 3072 3205 τὴν
3101 3136 3165 3188 ἐκ
3194 3133 3330 3188 Θεοῦ
3357 3135 3722 3210 δικαιοσύνην.
3757 3158 3779 3193 ι

508 3238 577 3278 ex
603 3224 724 3294 lege
760 3232 870 3290 est,
895 3225 990 3279 sed
1028 3225 1198 3293 illam,
1228 3243 1350 3297 quae
1377 3243 1446 3282 ex
1473 3228 1580 3284 fide
1606 3243 1692 3284 est
1717 3229 1944 3295 Christi,
1969 3245 2091 3299 quae

505 3329 572 3368 ex
611 3315 723 3370 Deo
780 3318 1113 3388 est_justitia
1148 3319 1188 3372 ‘.
1217 3338 1235 3370 ι
1298 3319 1468 3374 Vetus
1524 3328 1706 3375 autem
1757 3321 1894 3374 illud
1930 3336 2089 3374 man-

505 3406 693 3461 datum
725 3424 834 3462 non
851 3409 1078 3464 omnino
1107 3411 1266 3479 culpa
1301 3427 1520 3478 vacare,
1562 3412 1852 3468 manifeste
1885 3412 2089 3466 conﬁr-

506 3501 692 3555 mavit.
722 3502 961 3572 Ideoque
993 3503 1174 3573 inquit
1201 3503 1348 3558 illius
1370 3505 1420 3574 3
1446 3505 1808 3561 loco‘novum
1835 3507 1942 3560 hoc
1989 3521 2090 3575 per

504 3591 812 3658 Christum,
857 3594 913 3648 id
959 3601 1065 3658 est,
1099 3596 1483 3664 evangelicum
1524 3597 1739 3652 utiliter
1774 3597 2085 3652 inductum.

507 3683 600 3739 Sic
629 3685 778 3738 enim
821 3684 1062 3738 scribit:
1095 3704 1114 3735 ι
1143 3685 1486 3754 Reprobatio
1520 3687 1745 3754 quidem
1781 3686 1843 3739 ﬁt
1883 3702 2089 3756 praece-

505 3777 692 3832 dentis
725 3777 966 3830 mandati
995 3817 1009 3840 ,
1056 3785 1284 3846 propter
1319 3775 1696 3832 infirmitatem
1743 3780 1863 3849 ejus
1914 3787 1970 3832 et
1999 3779 2088 3832 in-

508 3869 830 3923 utilitatem.
888 3869 1040 3923 Nihil
1071 3869 1220 3924 enim
1248 3870 1312 3924 ad
1350 3869 1656 3940 perfectum
1695 3872 1922 3926 adduxit
1951 3872 2085 3938 Lex,

507 3960 604 4016 sed
631 3959 976 4017 introductio
1007 3961 1254 4015 melioris
1296 3962 1434 4032 spei,
1467 3978 1566 4032 per
1609 3979 1770 4032 quam
1808 3963 2084 4033 proxima-

505 4069 632 4108 mus
653 4053 722 4106 ad
754 4053 932 4107 Deum
965 4054 1038 4106 ⁸.»
1072 4054 1140 4108 Εῑ
1174 4053 1376 4108 iterum
1404 4073 1415 4107 :
1454 4074 1470 4105 ι
1500 4054 1556 4109 Si
1586 4054 1731 4109 enim
1757 4055 1908 4125 prius
1948 4055 2085 4110 illud

505 4145 666 4214 culpa
703 4154 973 4209 vacasset,
1002 4160 1112 4198 non
1147 4146 1339 4215 utique
1375 4145 1604 4201 secundi
1649 4146 1803 4200 locus
1835 4147 2084 4217 inquire-

505 4247 680 4291 retur.
725 4237 1056 4308 Vituperans
1081 4238 1229 4292 enim
1282 4252 1378 4294 eos
1423 4239 1602 4294 dicit:
1646 4239 1786 4294 Ecce
1837 4239 1956 4294 dies
1987 4255 2084 4294 ve-

504 4329 685 4396 niunt,
728 4329 866 4384 dicit
917 4330 1206 4396 Dominus,
1261 4339 1319 4386 et
1361 4331 1753 4386 consummabo
1779 4347 1946 4401 super
1983 4331 2083 4385 do-

2199 3219 2313 3272 Ούκ
2348 3218 2648 3291 ἀμώμητον
2685 3220 2741 3274 δέ
2770 3217 2907 3277 εἶναι
2935 3221 3034 3295 τὴν
3075 3224 3310 3295 ἀρχαίαν
3343 3227 3559 3300 ἐντολὴν
3600 3229 3786 3285 διεσε-

2198 3310 2416 3364 6αιοῦτο
2439 3312 2644 3380 σαφῶς.
2669 3313 2940 3387 Ταύτῃτοί
2985 3334 3115 3388 φησι
3146 3319 3238 3371 καὶ
3266 3319 3380 3373 ἀντ’
3411 3321 3626 3394 ἐκείνης
3645 3325 3788 3394 ήμῖν

2197 3403 2612 3473 είσκεκομίσθαι
2647 3408 2938 3478 χρησίμως
2970 3409 3068 3479 τὴν
3108 3409 3196 3462 διὰ
3221 3411 3457 3480 Χριστοῦ
3494 3414 3588 3466 καὶ
3626 3415 3786 3482 νέαν,

2194 3496 2491 3564 τοῦτ’έστι,
2509 3499 2608 3570 τὴν
2637 3500 3018 3570 εὐαγγελικήν.
3036 3501 3240 3571 Γράφει
3267 3503 3323 3556 δὲ
3343 3503 3534 3568 οὕτως·
3565 3525 3583 3558 ι
3625 3506 3790 3560 Ἀθέ-

2193 3604 2350 3658 τησις
2385 3589 2482 3660 μὲν
2511 3590 2621 3662 γὰρ
2653 3591 2863 3660 γίνεται
2898 3592 3278 3662 προσαγούσης
3317 3595 3556 3667 ἐντολῆς,
3585 3597 3671 3651 διὰ
3717 3599 3792 3653 τδ

2195 3679 2368 3750 αὐτῆς
2405 3680 2629 3746 ἀσθενὲς
2659 3683 2753 3736 καὶ
2784 3683 3079 3752 ἀνωφελές.
3111 3682 3281 3740 Οὐδὲν
3311 3686 3420 3758 γὰρ
3465 3687 3790 3744 ἐτελείωσεν

2194 3774 2223 3826 6
2248 3774 2450 3844 Νόμος,
2481 3776 2829 3844 ἐπεισαγωγὴ
2873 3777 2930 3828 δὲ
2981 3777 3285 3848 κρείττονος
3322 3781 3555 3850 ἐλπίδος,
3597 3782 3664 3836 δι’
3709 3779 3792 3856 ἦς

2195 3865 2486 3936 ἐγγίζομεν
2510 3866 2590 3936 τῷ
2614 3866 2753 3937 Θεῷ.
2790 3886 2809 3918 ι
2846 3869 2955 3922 Καὶ
2997 3871 3181 3925 πάλινο
3219 3891 3239 3924 ι
3285 3875 3347 3926 EE
3378 3874 3486 3946 γὰρ
3517 3880 3548 3946 ή
3583 3878 3792 3951 πρώτη

2193 3957 2374 4028 ἐκείνη
2417 3954 2485 4028 ἦν
2525 3959 2815 4028 ἄμεμπτος
2841 4003 2854 4025 ,
2889 3960 2987 4013 οὐκ
3020 3961 3085 4014 ἂν
3114 3963 3373 4035 δευτέρας
3402 3965 3650 4038 ἐζητεῖτο
3689 3973 3792 4025 τό-

2192 4064 2313 4110 πος.
2348 4065 2365 4098 ι
2399 4047 2762 4117 Μεμφόμενος
2783 4047 2891 4120 γὰρ
2915 4051 3111 4113 αὐτοὺς
3129 4050 3312 4121 λέγει’
3349 4072 3368 4106 ι
3414 4055 3545 4111 Ἰδοὺ
3568 4059 3788 4132 ἡμέραι

2191 4137 2465 4206 ἔρχονται,
2497 4135 2644 4205 λέγει
2676 4139 2902 4211 Κύριος,
2928 4141 3024 4196 καὶ
3049 4143 3352 4199 συντελέσω
3381 4147 3475 4202 ἐπὶ
3505 4149 3597 4204 τὸν
3626 4147 3790 4207 οἷκον

2206 4226 2438 4298 Ἰσραὴλ,
2467 4229 2559 4282 κα)⁵
2585 4229 2678 4283 ἐπὶ
2703 4229 2792 4283 τὸν
2813 4227 2960 4286 οἷκον
2989 4233 3160 4287 Ἰούδα
3182 4235 3448 4310 διαθήκην
3478 4241 3690 4312 καινὴν,
3711 4245 3787 4297 οὐ

2191 4317 2334 4372 κατὰ
2364 4318 2464 4391 τὴν
2493 4319 2778 4393 διαθήκην,
2805 4323 2872 4396 ἢν
2900 4325 3130 4395 ἐποίησα
3163 4329 3274 4392 τοῖς
3302 4330 3572 4402 πατράσιν
3597 4333 3792 4390 αὐτῶν

503 4434 651 4472 mum
706 4418 898 4485 Israel,
931 4428 988 4474 et
1035 4426 1204 4490 super
1243 4419 1465 4475 domum
1504 4421 1642 4476 Juda
1695 4430 2084 4476 testamentum

2200 4411 2249 4464 ἐν
2281 4412 2466 4483 ἡμέρᾳ
2491 4413 2902 4485 ἐπιλαϐομένου
2934 4433 3036 4486 μου
3079 4419 3176 4489 τῆς
3218 4421 3402 4491 χειρὸς
3443 4424 3641 4487 αὐτῶν,
3689 4426 3788 4491 ἐξ-

503 4525 725 4572 novum,
765 4526 876 4564 non
916 4512 1221 4566 secundum
1254 4521 1642 4568 testamentum
1673 4513 1819 4582 quod
1849 4513 1953 4567 feci
1986 4527 2084 4582 pa-

2200 4507 2416 4573 ιγαγεῖν
2446 4505 2642 4569 αὐτοὺς
2676 4507 2741 4558 ἐκ
2768 4507 2869 4578 γῆς
2896 4508 3194 4577 Αἰγύπτου,
3225 4512 3308 4565 ὅτι
3345 4514 3502 4568 αὐτοὶ
3547 4515 3648 4569 ούκ
3686 4518 3789 4570 ἐν-

502 4601 682 4655 tribus
711 4614 906 4654 eorum
945 4601 1002 4654 in
1067 4602 1158 4657 die
1200 4618 1306 4672 qua
1338 4603 1676 4674 apprehendi
1722 4618 1942 4656 manum
1994 4618 2088 4658 eo-

2200 4597 2414 4668 έμειναν
2443 4600 2502 4651 ἐν
2541 4601 2606 4670 τῇ
2636 4599 2870 4671 διαθήκῃ
2906 4617 3008 4671 μου
3031 4642 3046 4669 ,
3091 4603 3248 4671 κάγὼ
3283 4605 3534 4676 ἠμέλησα
3570 4607 3784 4678 αὐτῶν,

503 4699 623 4737 rum
680 4691 740 4768 ut
779 4684 1070 4739 educerem
1105 4687 1230 4741 illos
1258 4687 1326 4741 de
1375 4696 1521 4742 terra
1557 4685 1796 4758 Egypti,
1825 4685 2086 4756 quoniam

2200 4690 2335 4759 λέγει
2361 4691 2588 4763 Κύριος.
2631 4691 2753 4745 Ὅτι
2787 4693 2926 4764 αῦτη
2962 4695 2995 4765 ἡ
3039 4695 3293 4769 διαθήκη,
3342 4699 3409 4768 ἢν
3444 4700 3789 4773 διαθήσομαι

500 4774 606 4844 ipsi
640 4789 753 4829 non
780 4786 1212 4846 permanserunt
1247 4777 1301 4830 in
1345 4786 1674 4832 testamento
1715 4793 1859 4842 meo,
1891 4786 1948 4831 et
1984 4792 2086 4848 ego

2200 4780 2267 4851 τῷ
2319 4783 2452 4852 οἴκῳ
2493 4782 2710 4853 Ἰσραὴλ
2761 4784 2902 4853 μετὰ
2945 4785 3044 4848 τὰς
3090 4787 3302 4858 ἡμέρας
3342 4789 3575 4856 ταύτας,
3625 4793 3790 4864 λέγει

499 4864 712 4935 neglexi
733 4881 850 4931 eos,
884 4867 1019 4922 dicit
1044 4868 1330 4922 Dominus.
1361 4867 1501 4932 Quia
1526 4869 1632 4922 hoc
1657 4879 1742 4923 est
1784 4875 2080 4924 testamen-

2200 4873 2415 4944 Κύριος,
2444 4874 2620 4935 διδοὺς
2662 4877 2861 4946 νόμους
2896 4895 2996 4949 μου
3042 4880 3122 4942 είς
3149 4879 3244 4951 τὴν
3281 4879 3520 4935 διάνοιαν
3570 4884 3787 4952 αὐτῶν,

499 4965 613 5010 tum
663 4957 812 5026 quod
857 4958 1144 5029 disponam
1173 4959 1362 5014 domui
1420 4959 1585 5014 lsrael
1616 4970 1739 5030 post
1782 4963 1900 5017 dies
1933 4963 2076 5028 illos,

2200 4967 2281 5020 καὶ
2314 4968 2393 5030 είς
2424 4967 2522 5038 τὴν
2550 4969 2776 5038 καρδίαν
2805 4971 2985 5024 αὐτῶν
3021 4971 3312 5042 ἐπιγράψω
3341 4975 3557 5038 αὐτούς.
3592 4995 3609 5027 ι
3657 4978 3792 5046 Ἐξ-

497 5047 634 5101 dicit
657 5047 945 5116 Dominus,
971 5050 1109 5106 dans
1148 5050 1295 5120 leges
1327 5065 1478 5104 meas
1497 5051 1552 5104 in
1578 5062 1818 5105 mentem
1858 5068 2075 5119 eorum,

2200 5054 2323 5125 ixw;
2345 5056 2402 5110 δὲ
2429 5057 2492 5110 τὸ
2509 5061 2606 5130 τῆς
2632 5059 2949 5131 καινότητος
2969 5061 3137 5132 ὕνομα
3161 5063 3362 5126 συνιείς
3386 5081 3446 5117 τε
3479 5065 3572 5118 καὶ
3597 5068 3789 5140 ἑρμη-

492 5137 623 5194 etin
655 5141 822 5197 corde
847 5157 1037 5197 eorum
1057 5141 1357 5196 inscribam
1382 5157 1476 5196 cas
1499 5143 1538 5195 ⁸.
1571 5161 1588 5192 ι
1625 5143 1910 5212 Praecipue
1940 5158 2074 5198 vero

2200 5147 2375 5202 νεύων·
2404 5167 2423 5201 ι
2464 5149 2550 5206 Ἐν
2571 5150 2648 5222 τῷ
2673 5151 2875 5220 λέγειν,
2902 5171 2922 5204 ι
2949 5155 3102 5223 φησὶ,
3137 5173 3154 5206 ι
3184 5155 3394 5226 καινὴν,
3417 5158 3790 5216 πεπαλαίωκε

494 5232 756 5288 novitatis
785 5249 988 5288 nomen
1035 5231 1351 5301 intelligens
1391 5243 1553 5303 atque
1593 5234 1898 5301 declarans,
1934 5255 1952 5286 ‹
1975 5235 2072 5290 Di-

2200 5237 2282 5308 τὴν
2332 5238 2576 5312 πρώτην·
2625 5241 2688 5295 τὸ
2721 5242 2831 5314 γὰρ
2876 5242 3276 5315 παλαιούμενον
3325 5246 3420 5300 καὶ
3465 5250 3787 5321 γηράσκον,

492 5324 734 5390 cendo,»
787 5323 990 5392 inquit,
1059 5341 1076 5372 ι
1105 5338 1331 5388 novum,
1371 5327 1638 5382 veteravit
1689 5327 1877 5398 prius:
1925 5327 2073 5399 quod

2200 5330 2353 5399 ἐγγὺς
2376 5333 2702 5404 ἀφανισμοῦ.
2729 5353 2747 5383 ι
2779 5335 2843 5388 Ei
2871 5335 3047 5389 τοίνυν
3077 5337 3393 5394 τετελείωκε
3422 5342 3520 5411 μὲν
3542 5344 3570 5395 ὁ
3591 5343 3792 5414 Νόμος

493 5424 678 5469 autem
730 5414 1049 5482 antiquatur
1118 5423 1175 5468 et
1226 5417 1502 5484 senescit,
1563 5435 1732 5490 prope
1793 5420 2077 5477 interitum

2200 5422 2360 5487 ›ὕδὲν,
2387 5423 2644 5495 ἀθέτησις
2671 5423 2727 5478 δὲ
2759 5426 2862 5497 τῆς
2891 5428 3126 5499 ἀρχαίας
3154 5429 3376 5498 γέγονεν
3420 5433 3642 5505 ἐντολῆς
3677 5440 3794 5493 καὶ

493 5513 577 5558 est
612 5506 652 5558 ⁷.
698 5523 716 5555 ι
775 5503 831 5557 Si
865 5503 1032 5574 igitur
1067 5503 1203 5560 nihil
1237 5507 1465 5577 perfecit
1502 5509 1632 5577 Lex,
1657 5520 1713 5567 et
1765 5513 2080 5584 reprobatio

2200 5514 2287 5585 τῆς
2325 5515 2580 5588 δευτέρας
2629 5518 2933 5590 ὲπεισφορά
2957 5561 2970 5586 ,
3013 5522 3462 5596 προσοικειούσης
3511 5503 3660 5598 ἡμᾶς
3694 5533 3794 5604 τῷ

567 5637 796 5714 {Matth
823 5657 876 5704 v,
910 5641 996 5714 17,
1032 5643 1114 5714 18.
1193 5645 1391 5702 ’Joan.
1440 5663 1511 5714 IV,
1557 5651 1748 5706 21-24.

503 5707 710 5767 ‘Hebr.
767 5727 877 5781 vm,
927 5713 1070 5769 7—10.
1147 5715 1352 5786 ’lhid.,
1392 5717 1478 5773 15.

2117 4470 2160 4524 Ι)

1829 5655 1874 5727 ,³
1894 5653 2070 5710 Galat.

2200 5655 2326 5722 ιδ.
2405 5656 2680 5727 ‘Philipp.
2757 5673 2838 5724 ιιι,
2907 5662 3024 5718 7-9.
3105 5660 3312 5716 l‘Hebr.
3371 5679 3464 5731 vn,
3527 5664 3615 5732 18,
3683 5667 3794 5730 19,
